1951 3074
70 119 138 145 i003

594 120 732 149 CONTRA
754 122 955 157 EUNOMIUM,
984 125 1047 153 LIB.
1070 125 1126 152 XII.

1617 128 1628 153 1
1635 129 1686 154 1⁷)Ἇῦ

69 185 127 208 τους
138 176 262 212 ὠνόμασε
275 197 281 209 ,
298 177 343 204 καὶ
359 178 407 214 τὴν
424 179 466 205 ἀεὶ
482 181 626 217 γινομένην
649 182 712 218 περὶ
728 182 758 208 τὸ
772 183 848 218 περί-

902 187 929 211 et
946 189 1050 212 noctem
1072 185 1226 220 appellavit.
1250 186 1339 218 Quare
1369 192 1421 212 non
1446 193 1505 220 qua:
1519 185 1574 221 jam
1593 191 1686 214 vocata

69 228 139 254 γειον
152 220 238 255 χῶρον
254 221 301 247 τοῦ
313 222 400 255 φωτὸς
417 222 484 257 πρὸς
497 223 526 250 τὸ
540 225 632 257 σκότος
645 226 781 263 ἔμμετρον
794 228 850 254 δια-

69 263 155 299 δοχὴν,
168 263 271 299 ἡμέραν
285 265 331 291 καὶ
342 265 427 292 νύκτα
444 269 600 302 προσεῖπεν.
617 269 698 297 Ὥστε
715 271 775 306 οὐχὶ
788 271 847 298 ἐπί-

70 309 164 345 κλητον
185 309 214 336 τὸ
232 309 289 344 φῶς
312 311 402 346 ἡμέρα
428 314 652 351 προσηγορεύθη,
675 316 732 342 ἀλλ’
755 317 849 353 ὥσπερ

69 355 173 388 ἐγένετο
189 355 255 389 φῶς,
265 356 312 383 καὶ¹
326 357 385 393 οὐχὶ
397 357 461 394 ψιλὴ
472 360 641 396 προσηγορία
653 362 752 396 φωτὸς,
764 363 849 394 οὕτως

68 401 112 427 καὶ
127 400 233 434 ἐγένετο
247 401 293 428 τοῦ
309 403 405 438 χρόνου
421 404 451 430 τὸ
474 405 588 441 μέτρον·
606 408 808 444 ἐπηκολούθησε
820 409 848 435 δὲ

69 445 103 480 τῷ
117 446 207 482 μέτρῳ
219 447 248 473 τὸ
257 446 342 483 ὄνομα
351 469 357 480 ,
369 449 419 476 οὐκ
434 449 464 476 ἐν
479 451 608 486 ῥημάτων
619 452 697 489 ψόφῳ
711 455 785 490 παρὰ
801 455 848 481 τοῦ

69 493 244 527 πεποιηκότος
262 494 407 529 γενόμενον
421 515 428 527 ,
445 496 501 522 ἀλλ’
517 497 601 533 αὐτῆς
617 498 666 525 τοῦ
687 501 848 535 πράγματος

69 537 172 571 φύσεως
187 538 414 576 ἐπισπασαμένης
424 542 473 576 τὴν
481 542 525 568 διὰ
537 543 587 578 τῆς
599 545 690 580 φωνῆς
701 546 846 582 σημασίαν.

69 583 121 610 Καὶ
137 583 230 620 ὥσπερ
243 586 266 611 ει
281 586 360 613 τοῦτο
376 588 470 622 σαφῶς
485 589 577 624 εἴρητο
589 591 664 626 παρὰ
679 592 724 618 τοῦ
742 595 849 629 νομοθέ-

69 637 125 662 του,
144 630 185 657 ὅτι
209 632 263 657 πᾶν
279 631 310 658 τδ
331 633 491 669 φαινόμενον
508 636 554 662 καὶ
571 635 778 672 ὀνομαζόμενον,
799 640 848 666 οὐκ

68 673 199 708 αὐτοφυές
223 676 296 702 ἐστιν
319 677 379 703 οὐδὲ
407 679 547 714 ἀποίητον,
574 680 632 707 ἀλλ’
654 683 687 708 ἐκ
711 683 777 710 Θεοῦ
798 685 848 721 τὴν

69 719 213 747 ὑπόστασιν
240 721 305 757 ἔχει,
327 723 374 758 ἀφ’
401 724 506 751 ἑαυτῶν
536 725 569 752 ἂν
596 727 793 763 συνεϐήκαμεν,
819 719 849 757 τὸ

68 764 151 790 πάντα
167 764 213 790 τὸν
226 765 326 800 κόσμον
341 767 387 794 καὶ
408 766 441 795 τὰ
454 769 483 796 ὲν
499 770 572 805 αὐτῷ
585 770 665 807 μέρη,
681 773 728 799 καὶ
743 773 792 808 τὴν
807 775 849 801 ὲν-

69 809 254 845 οεωρουμένην
274 810 350 844 τάξιν
368 813 414 842 καὶ
428 814 478 849 τὴν
498 817 678 852 γνωριστικὴν
694 818 747 845 τῶν
765 819 848 847 ὄντων

67 853 177 889 δύναμιν
186 855 232 881 τὸν
247 855 313 883 Θεὸν
328 859 520 891 πεποιηκέναι’
537 860 623 893 οὕτως
635 863 681 889 καὶ
694 863 727 889 δι’
739 862 776 891 ὧν
789 862 849 892 εἷπε

69 899 133 934 προς
147 900 250 936 ταύτην
269 903 360 936 ἐνάγει
377 904 451 938 ἡμᾶς
470 905 519 940 τὴν
541 905 661 934 διάνοιαν
678 909 718 940 είς
736 909 766 935 τὸ
789 919 850 937 πισ-

68 946 151 972 τεύειν
163 946 194 973 τὸ
211 947 293 982 μηδὲν
309 948 363 976 τῶν
379 949 464 976 ὄντων
484 951 601 987 ἄναρχον
615 951 695 981 εἶναι.
711 955 766 981 Καὶ
783 957 850 991 πρὸς

69 990 142 1019 τοῦτο
158 991 276 1026 βλέπων,
288 993 339 1029 ὁδῷ
352 994 398 1021 καὶ
408 995 482 1028 τάξει
497 997 531 1023 τὰ
540 997 658 1034 καθεξῆς
671 990 848 1036 διεξέρχεται,

69 1036 112 1072 τὴν
145 1038 200 1064 τῶν
227 1040 376 1074 γεγονότων
405 1041 565 1069 ἀκολουθίαν
598 1044 848 1081 ἀπαριθμούμενος.

68 1082 154 1110 Ταῦτα
167 1083 197 1110 δὲ
214 1085 263 1111 οὐκ
280 1083 314 1121 ἦν
325 1086 412 1118 ἄλλως
426 1089 652 1124 παραστήσασθαι
666 1090 704 1126 τῷ
716 1091 797 1128 λόγῳ,
812 1093 849 1129 μὴ

68 1128 108 1154 διὰ
118 1128 170 1155 τῶν
181 1131 368 1166 γνωριπικῶν
382 1132 522 1168 ὀνομάτων
535 1135 585 1170 τὴν
603 1136 741 1171 σημασίαν
758 1138 849 1164 ποιού-

70 1183 152 1209 μενον.
173 1176 250 1203 Ἐπεὶ
268 1175 315 1203 οἷν
333 1177 485 1213 γέγραπται
505 1179 546 1206 ὃτι
565 1180 694 1208 ἐκάλεσεν
709 1183 723 1209 ὁ
738 1182 803 1215 Θεὸς
819 1184 849 1210 τὸ

69 1221 122 1255 φῶς
144 1222 261 1258 ἡμέραν.
283 1223 403 1258 νοητέον,
424 1225 464 1251 ὃτι
484 1225 610 1261 ἐποίησεν
631 1228 645 1253 ὁ
664 1227 730 1260 Θεδς
750 1230 782 1255 ἐκ
801 1229 847 1256 τοῦ

69 1267 151 1300 φωτὸς
166 1268 284 1304 ἡμέραν,
299 1269 391 1305 ἕτερόν
402 1279 428 1297 τι
439 1269 520 1298 οὖσαν
533 1273 604 1299 κατᾶ
615 1273 659 1300 τὸν
675 1273 739 1301 ἴδιον
754 1274 846 1309 λόγον·

69 1313 95 1338 ού
109 1313 160 1348 γὰρ
181 1315 214 1340 ἂν
237 1315 283 1341 τὸν
305 1316 385 1343 αὐτον
402 1317 531 1353 ἀποδοίης
555 1319 644 1352 φωτὸς
665 1319 713 1346 καὶ
737 1320 844 1356 ἡμέρας

69 1358 150 1393 λόγον,
165 1359 234 1387 ἀλλὰ
246 1360 303 1395 φῶς
318 1362 367 1396 μὲν
378 1362 409 1389 τὸ
421 1363 452 1389 ὲκ
468 1363 513 1390 τοῦ
529 1365 649 1392 ἐναντίου
663 1366 731 1401 πρὸς
741 1366 772 1393 τὸ
786 1367 848 1394 σκό-

69 1412 110 1436 ‘no;
125 1405 267 1441 νοούμενον
279 1414 286 1421 ·
302 1407 392 1443 ἡμέρα
403 1408 445 1440 δὲ,
461 1408 490 1436 τὸ
505 1409 611 1436 τοσόνδε
622 1410 669 1437 τοῦ
684 1411 713 1437 ὲν
726 1411 765 1446 τῷ
779 1412 848 1446 φωτὶ

69 1450 244 1487 διαστήματος
259 1453 367 1489 μέτρον.
387 1455 522 1487 Ὡσαύτως
535 1456 581 1482 καὶ
595 1456 679 1483 νύκτα
691 1457 738 1484 καὶ
753 1457 848 1490 σκότος

69 1496 135 1523 κατὰ
158 1497 207 1532 τὴν
224 1498 309 1534 αὐτὴν
330 1499 377 1526 τοῦ
396 1499 476 1534 λόγου
498 1501 632 1538 διαίρεσιν
651 1503 845 1539 κατανοήσεις,

71 1542 158 1574 σκότος
176 1544 225 1579 μὲν
248 1543 277 1570 τὺ
301 1544 330 1578 ἐξ
346 1544 467 1573 ἐναντίου
490 1547 558 1583 πρὸς
576 1548 607 1574 τδ
625 1548 682 1582 φῶς
704 1549 848 1584 νοούμενον

70 1587 236 1623 ὁριζόμενος·
253 1588 338 1616 νύκτα
352 1589 380 1617 δὲ
395 1591 445 1626 τὴν
457 1592 566 1627 τοσήνδε
581 1593 627 1620 τοῦ
645 1594 757 1626 σκότους
769 1603 848 1630 περι-

70 1633 170 1668 γραφὴν
183 1633 333 1670 ὀνομάζων.
353 1636 458 1663 Οὐκοῦν
469 1637 586 1673 ἔρρωται
603 1639 646 1666 διὰ
660 1639 769 1667 πάντων
782 1641 848 1676 ἡμῖν

70 1678 83 1704 ό
96 1677 189 1712 λόγος,
206 1681 231 1706 εὶ
247 1680 293 1707 καὶ
313 1681 350 1717 μὴ
364 1683 496 1718 τεχνικῶς
512 1684 583 1710 κατὰ
602 1684 636 1711 τὰ
652 1687 781 1721 σχήματα
799 1687 848 1721 τῆς

71 1723 237 1761 διαλεκτικῆς
253 1728 450 1763 συγκροτῆται·
464 1728 571 1761 δεικνὺς
584 1730 625 1756 ὅτι
641 1730 707 1762 Θεὸς
719 1732 848 1767 πραγμά-

70 1778 120 1797 των
140 1771 198 1798 ἐστὶ
217 1771 400 1808 δημιουργὸς,
422 1773 452 1800 οὐ
476 1774 605 1809 ῥημάτων
622 1775 724 1810 ψιλῶν·
745 1777 776 1803 οὐ
795 1777 848 1812 γὰρ

70 1815 167 1842 ἐκείνου
179 1816 270 1852 χάριν,
282 1817 338 1844 ἀλλ’
352 1818 430 1854 ἡμῶν
437 1818 529 1845 ἕνεκεν
544 1819 678 1846 ἐπίκειται
691 1821 748 1852 τοῖς
760 1821 848 1856 πράγ-

71 1870 132 1896 μασι
146 1862 179 1889 τὰ
193 1863 324 1898 ὀνόματα.

101 1908 148 1935 Διὰ
162 1909 214 1945 γὰρ
233 1909 263 1936 τὸ
279 1909 316 1945 μὴ
336 1910 450 1937 πάντοτε
463 1910 573 1937 δυνατὸν
590 1911 655 1947 ἡμῖν
672 1909 742 1938 εἶναι
761 1912 849 1939 πάντα

69 1953 96 1979 ιν
112 1953 259 1990 ὀφθαλμοῖς
275 1955 347 1990 ἔχειν
361 1955 395 1982 τὰ
407 1956 471 1983 ὂντα
483 1976 490 1985 .
512 1957 542 1982 τὸ
563 1956 612 1991 μέν
626 1965 651 1982 τι
667 1956 720 1983 τῶν
739 1957 781 1983 ἀεὶ
800 1966 850 1984 πα-

69 2000 164 2035 ρόντων
177 2000 356 2036 γινώσκομεν,
368 2002 402 2029 τὰ
413 2002 442 2028 δὲ
456 2003 489 2038 τῇ
502 2002 595 2038 μνήμῃ
612 2003 847 2038 ὲναπογρᾰιφομεν.

72 2045 169 2078 ’Ἄλλως
181 2046 209 2073 δὲ
223 2047 273 2073 οὐκ
283 2047 355 2073 ἔστιν
368 2047 519 2082 ἀσύγχυτον
531 2048 700 2083 φυλαχθῆναι
716 2049 782 2083 ἡμῖν
800 2049 849 2083 τὴν

71 2091 186 2126 μνήμην.
202 2091 240 2127 μὴ
253 2092 302 2126 τῆς
314 2092 368 2119 τῶν
384 2093 523 2128 ὀνομάτων
536 2093 672 2128 σημασίας
683 2093 851 2120 διαστελλού-

70 2145 115 2172 σης
123 2138 169 2164 ἀπ’
175 2137 296 2172 ἀλλήλων
302 2138 575 2173 τὰὲναποκείμενατῇ
582 2139 684 2174 διανοίᾳ
690 2139 849 2174 πράγματα.

861 1529 882 1558 C

866 855 887 884 Β

902 229 985 257 fueral
1018 231 1074 261 lux,
1090 231 1148 258 dies
1168 231 1301 266 appellata
1319 235 1372 263 cst,
1393 231 1440 259 sed
1454 232 1524 259 sicut
1549 232 1617 259 facta
1643 237 1686 260 est
1710 232 1713 235 “

902 275 958 305 lux.
971 283 1057 310 neque
1072 275 1144 302 nuda
1162 276 1232 304 lucis
1244 277 1400 312 appellatio,
1417 277 1456 305 sic
1467 277 1548 305 etiam
1562 277 1633 305 facta
1644 283 1686 306 est

896 320 1031 355 temporis
1054 328 1182 348 mensura
1200 329 1376 349 :mensuram
1394 326 1484 350 autem
1503 327 1627 350 secutum
1644 327 1686 351 est

900 371 1009 396 nomen,
1025 372 1079 391 non
1095 372 1127 392 ex
1144 365 1286 392 verborum
1304 374 1371 394 sono
1387 374 1401 393 a
1416 367 1557 395 conditore
1571 372 1684 399 tactum,

900 409 947 436 sed
960 410 1018 445 ipsa
1036 411 1073 438 rei
1086 414 1181 438 natura
1196 411 1321 439 trahente
1331 412 1380 439 sibi
1397 420 1456 440 eam
1470 421 1529 448 quae
1542 414 1613 442 inest
1626 415 1685 441 voci

900 455 1135 490 signiﬁcationem.
1152 457 1190 484 Ac
1206 457 1279 484 velut
1291 457 1339 484 sia
1351 457 1506 493 legislature
1521 460 1572 487 hoc
1595 463 1687 495 aperte

899 501 1092 535 dictumessct,
1104 503 1176 538 quod
1192 511 1271 530 omne
1278 503 1349 538 quod
1361 509 1472 539 apparet
1483 510 1508 532 et
1519 506 1685 536 nominatur.

899 555 953 574 non
968 552 1065 584 sponte
1088 554 1180 576 natum
1195 557 1283 584 neque
1303 557 1357 577 non
1372 550 1472 577 factum
1500 555 1552 582 est.
1583 552 1630 579 sed
1653 561 1685 580 cx

900 593 954 621 Deo
969 594 1173 622 subsistentiam
1193 595 1283 624 habet.
1299 603 1330 622 ex
1351 596 1429 623 nobis
1440 596 1507 630 ipsis
1517 605 1681 632 componere

899 639 979 668 facile
993 641 1188 676 potuissemus,
1206 649 1301 676 nempe
1325 642 1483 669 universum
1512 643 1642 670 mundum
1661 649 1687 671 et

899 693 995 714 omnes
1011 694 1072 721 qua;
1084 687 1111 713 in
1127 695 1161 714 eo
1176 691 1239 715 sunt
1254 691 1355 721 partes,
1376 692 1402 715 et
1417 688 1462 723 qui
1479 689 1505 715 in
1522 689 1581 723 ipso
1598 691 1689 716 cerni-

899 734 944 755 tur
960 730 1083 757 ordinem
1109 735 1136 757 ct
1156 731 1219 764 vim,
1239 739 1298 766 quae
1325 732 1446 759 notiﬁcat
1474 741 1505 760 ea
1536 741 1596 768 quae
1615 739 1688 768 sunt,

900 775 983 802 Deum
995 776 1091 804 fecisse
1107 786 1113 804 :
1133 777 1173 804 sic
1187 785 1294 812 quoque
1309 786 1355 812 per
1367 785 1397 804 ea
1411 786 1472 812 quae
1488 778 1556 805 dixit
1571 779 1604 805 ad
1619 779 1688 806 hanc

901 829 949 847 nos
968 821 1071 849 inducit
1086 823 1301 858 intelligentiam,
1315 830 1340 850 ut
1351 823 1495 851 credamus
1513 825 1580 851 nihil
1593 832 1687 852 eorum

901 874 961 900 qua:
991 872 1054 894 sunt
1077 867 1213 903 principio
1241 875 1345 896 carere.
1370 868 1401 894 Et
1419 869 1450 895 ad
1469 869 1520 897 hoc
1538 869 1688 905 respiciens

902 913 943 939 via
955 916 983 940 et.
995 914 1090 940 ordine
1103 921 1133 941 ea
1150 922 1210 948 qua:
1237 914 1365 949 deinceps
1388 919 1540 950 sequuntur
1565 922 1687 947 enarrat,

901 957 1096 992 productorum
1129 959 1226 987 seriem
1246 967 1421 987 enumerans.
1451 960 1512 988 ilzec
1530 965 1619 988 autem
1633 970 1685 989 non

900 1002 979 1029 aliter
999 1002 1061 1037 quis
1079 1010 1204 1030 sermone
1234 1004 1386 1038 exprimere
1417 1009 1532 1039 poterat,
1560 1007 1611 1034 nisi
1631 1007 1688 1034 [nec

900 1055 948 1082 per
961 1048 1071 1075 nomina
1080 1056 1139 1083 quae
1152 1056 1208 1076 rem
1225 1049 1348 1076 indicant
1364 1049 1541 1085 signiﬁcaret.
1551 1050 1686 1083 Quoniam

900 1093 983 1128 igitur
1000 1094 1131 1129 scriptum
1147 1099 1188 1122 est
1203 1094 1276 1130 quod
1301 1094 1373 1122 Deus
1384 1097 1490 1123 vocavit
1506 1096 1592 1123 lucem
1605 1097 1686 1127 diem,

900 1137 1104 1173 intelligendum
1122 1145 1164 1167 est
1179 1139 1263 1167 Deum
1280 1147 1312 1167 ex
1329 1140 1390 1167 luce
1405 1140 1475 1168 diem
1504 1141 1612 1172 fecisse.
1628 1149 1689 1177 qua:

899 1187 941 1210 est
956 1183 1021 1218 quid
1036 1184 1150 1212 alterum
1180 1185 1330 1212 secundum
1362 1186 1500 1221 propriam
1523 1188 1662 1214 rationem
1680 1196 1688 1216 ι

900 1236 953 1255 non
968 1230 1039 1257 enim
1057 1230 1177 1258 eamdem
1196 1230 1347 1258 reddideris
1358 1230 1427 1259 lucis
1441 1235 1468 1259 et
1482 1232 1534 1259 diei
1552 1232 1687 1260 deﬁnitio-

898 1282 971 1308 nem,
984 1275 1032 1303 sed
1043 1275 1088 1302 lux
1105 1276 1213 1310 quidem
1227 1280 1267 1303 est
1279 1276 1350 1311 quod
1367 1284 1401 1304 ex
1415 1278 1551 1304 contrario
1571 1279 1688 1306 tenebris

898 1321 1053 1355 oppositum
1079 1321 1262 1356 intelligitur;
1290 1322 1349 1349 dies
1369 1330 1434 1350 vero
1461 1331 1589 1351 mensura
1612 1327 1687 1351 tanta

899 1365 1034 1392 intervalli
1047 1366 1119 1401 quod
1133 1366 1214 1394 estin
1232 1367 1302 1394 luce.
1320 1367 1451 1395 Similiter
1464 1372 1571 1395 noctem
1598 1373 1625 1396 et
1645 1374 1688 1396 te-

898 1410 996 1438 nebras
1013 1418 1060 1445 per
1087 1411 1210 1439 eamdem
1242 1412 1407 1441 deﬁnitionis
1447 1413 1607 1442 divisionem
1643 1422 1687 1442 co-

898 1463 1023 1491 gnosces,
1039 1457 1062 1484 si
1073 1457 1201 1485 tenebras
1215 1457 1323 1492 quidem
1336 1458 1474 1487 deﬁnieris
1484 1460 1556 1495 quod
1567 1468 1599 1488 ex
1619 1468 1685 1487 con-

899 1503 984 1530 trario
999 1503 1051 1530 luci
1067 1504 1222 1539 oppositum
1239 1504 1410 1540 intelligitur,
1425 1510 1533 1534 noctem
1547 1514 1611 1534 vero
1629 1511 1689 1534 tan-

899 1553 953 1574 tam
983 1548 1156 1576 tenebrarum
1184 1550 1465 1586 circumscriptionem
1492 1552 1686 1580 nominaveris.

899 1593 990 1626 Quare
1004 1601 1053 1629 per
1073 1595 1165 1622 omnia
1182 1596 1263 1623 nobis
1279 1596 1439 1624 conﬁrmata
1460 1601 1501 1625 est
1513 1598 1611 1630 oratio,
1626 1599 1688 1626 licet

899 1646 953 1666 non
971 1639 1119 1668 artiﬁciose
1156 1648 1203 1675 per
1218 1641 1318 1676 ﬁguras
1347 1642 1415 1670 artis
1439 1642 1592 1670 disserendi
1619 1651 1687 1670 con-

899 1688 1004 1712 structa
1013 1689 1066 1715 est.
1083 1685 1276 1714 demonstrans
1295 1687 1369 1722 quod
1393 1687 1466 1716 Deus
1481 1696 1570 1715 rerum
1589 1692 1616 1716 et
1627 1689 1687 1723 opi-

899 1731 943 1759 fex
959 1736 987 1759 et
999 1732 1135 1765 conditor,
1156 1741 1210 1761 non
1226 1735 1368 1762 verborum
1381 1735 1531 1766 nudorum;
1545 1743 1598 1762 non
1615 1735 1686 1761 enim

900 1776 974 1805 illius
989 1778 1086 1812 gratia,
1103 1778 1150 1805 sed
1176 1780 1262 1807 nostri
1280 1787 1361 1808 causa
1382 1780 1462 1808 rebus
1484 1786 1544 1807 sunt
1561 1780 1687 1814 imposita

899 1829 1019 1849 nomina.

934 1908 1068 1941 Quoniam
1082 1909 1154 1936 enim
1172 1917 1227 1937 non
1244 1917 1350 1945 semper
1365 1917 1508 1944 possumus
1518 1910 1608 1936 omnia
1626 1917 1685 1944 quae

900 1957 963 1980 sunt
989 1962 1045 1989 pra:
1069 1954 1156 1982 oculis
1187 1955 1298 1987 habere,
1326 1962 1432 1989 semper
1463 1955 1570 1989 quidem
1591 1962 1684 1981 eorum

900 2006 961 2033 qua:
989 1998 1089 2026 adsunt
1118 2000 1219 2035 aliquid
1248 2000 1449 2035 cognoscimus,
1477 2000 1529 2026 alia
1557 2007 1619 2027 vero
1657 2000 1684 2026 in

901 2044 1031 2072 memoria
1058 2045 1245 2073 inscribimus.
1275 2045 1401 2080 Alioquin
1430 2045 1559 2072 memoria
1591 2045 1686 2072 incon<

902 2088 962 2116 fusa
989 2089 1067 2117 aliter
1100 2090 1257 2117 conservari
1290 2097 1345 2117 non
1381 2094 1482 2124 posset,
1516 2089 1569 2117 hisi
1599 2090 1685 2117 nomi-

901 2141 965 2160 num
979 2133 1141 2168 signiﬁcatio
1156 2142 1200 2161 res
1212 2142 1272 2169 quae
1289 2135 1315 2161 in
1331 2138 1421 2162 mente
1434 2134 1601 2169 consignata
1610 2138 1683 2164 sunt.

69 2181 124 2216 Θεῷ
134 2182 160 2209 δὲ
173 2182 262 2209 πάντα
273 2182 397 2218 πάρεστι,
406 2184 451 2210 καὶ
459 2184 532 2210 οὐδὲν
539 2184 579 2210 δεῖ
588 2185 697 2220 μνήμης
706 2185 779 2219 αὐτῷ
788 2185 848 2212 πάν-

904 2184 919 2204 a
936 2177 1087 2205 seinvicem
1099 2178 1286 2214 distingueret.
1306 2179 1362 2207 Deo
1373 2185 1460 2207 autem
1473 2179 1572 2206 adsunt
1583 2180 1683 2212 omnia,

69 2235 118 2254 των
136 2230 168 2263 τῇ
182 2228 321 2264 διορατικῇ
341 2229 453 2264 δυνάμει
475 2230 732 2265 περικρατουμένων
752 2238 782 2255 τε
802 2230 849 2257 καὶ

69 2272 316 2308 οεωρουμένων.Τίς
324 2271 369 2301 οὖν
376 2274 418 2300 ἐπ’
427 2274 508 2301 αὐτοῦ
516 2274 594 2310 χρεία
602 2275 744 2310 ῥήματοςῆ
752 2275 850 2310 ὀνόμα-

69 2326 119 2350 τος,
127 2319 210 2350 αὐτῆς
220 2319 271 2354 τῆς
284 2320 312 2346 ἐν
320 2319 393 2355 αὑτῷ
407 2320 501 2355 σοφίας
513 2329 542 2346 τε
551 2320 754 2355 καὶδυνάμεως,
764 2320 849 2354 ἀσύγ-

69 2364 143 2398 χυτόν
155 2374 185 2391 τε
197 2365 245 2392 καὶ
257 2365 465 2401 διακεκριμένην
474 2366 522 2401 τὴν
536 2365 589 2392 τῶν
602 2365 686 2391 ὄντων
701 2365 782 2399 φύσιν
798 2373 845 2390 πε-

70 2410 217 2446 ριεχούσης;
224 2410 327 2438 Οὐκοῦν
335 2410 409 2445 παρὰ
415 2411 481 2438 Θεοῦ
491 2411 538 2446 μὲν
547 2411 579 2437 τὰ
586 2411 649 2437 ὄντα
656 2410 702 2437 καὶ
708 2410 849 2444 ὑφεστῶτα

69 2454 168 2487 πάντα,
186 2455 236 2490 τῆς
249 2455 278 2482 δὲ
294 2455 433 2490 ἡμετέρας
444 2455 536 2481 ’ἐνεκεν
549 2455 670 2490 ὁδηγίας,
689 2454 783 2481 ἔπεστι
794 2455 849 2485 τοῖς

68 2497 124 2527 οὖσι
134 2500 167 2526 τὰ
182 2500 352 2536 σημειωτικὰ
367 2501 421 2527 τῶν
432 2501 601 2537 πραγμάτων
610 2500 738 2535 ὀνόματα.
753 2498 847 2526 Ταῦτα

68 2545 106 2578 δὲ,
119 2547 189 2574 κατὰ
203 2547 235 2573 τὸ
250 2547 365 2583 ἀρέσκον
380 2548 439 2579 ταῖς
452 2546 506 2573 τῶν
521 2546 672 2582 ἀνθρώπων
693 2545 847 2581 συνηθείαις

69 2591 190 2625 γίνεσθαί
207 2601 248 2623 τις
259 2592 354 2623 εἰπὼν,
370 2592 446 2618 οὐδὲν
460 2592 499 2623 εἰς
508 2591 553 2618 τὸν
565 2592 613 2627 τῆς
627 2591 752 2627 προνοίας
764 2591 815 2626 πλη
821 2599 850 2626 μ-

71 2636 178 2672 μελήσει
190 2636 278 2671 λόγον.
291 2638 328 2664 οὐ
345 2637 398 2673 γὰρ
410 2637 459 2672 τὴν
470 2636 550 2671 φύσιν
565 2637 619 2663 τῶν
631 2636 715 2663 ὄντων
726 2636 849 2671 γίνεσθαι

73 2679 134 2715 παρ’
147 2680 237 2715 ήμῶν,
251 2680 318 2707 ἀλλὰ
330 2681 363 2707 τὰ
378 2680 494 2716 ὀνόματα
505 2679 737 2715 λέγομεν.¹¹Αλλως
751 2680 848 2715 ὀνομά-

71 2724 109 2756 ζει
123 2724 168 2751 τὸν
179 2725 291 2759 οὐρανὸν
303 2726 317 2752 ὁ
331 2725 463 2760 Ἐϐραῖος,
478 2725 524 2752 καὶ
539 2725 638 2760 ὲτέρως
651 2726 665 2751 ὁ
680 2725 830 2755 Χαναναῖος
839 2733 846 2739 ·

68 2769 119 2794 νοεῖ
129 2769 156 2795 δὲ
163 2769 292 2802 ὡσαύτως
301 2770 438 2805 ἑκάτερος,
449 2770 524 2796 οὐδὲν
536 2770 569 2805 τῇ
577 2769 693 2805 διαφορᾷ
703 2769 756 2795 τῶν
767 2769 848 2803 φθόγ-

70 2821 122 2846 γων
131 2814 193 2851 περὶ
206 2815 254 2850 τὴν
269 2815 430 2849 κατανόησιν
440 2814 485 2842 τοῦ
499 2815 676 2850 ὑποκειμένου
685 2814 846 2849 διασφαλλό-

902 2231 990 2258 neque
1010 2223 1035 2251 ei
1059 2231 1127 2258 opus
1142 2228 1184 2251 est
1200 2225 1340 2255 memoria,
1358 2231 1419 2252 cum
1443 2225 1502 2259 ejus
1528 2226 1685 2260 perspicace

900 2268 1019 2303 potentia
1030 2269 1121 2296 omnia
1130 2269 1354 2297 contiueanturet
1362 2273 1520 2297 cernantur.
1529 2270 1595 2302 Quis
1604 2270 1686 2305 igitur

899 2315 926 2341 in
940 2314 972 2341 eo
984 2314 1059 2341 verbi
1075 2315 1246 2349 velnominis
1265 2323 1343 2347 usus,
1358 2323 1420 2342 cum
1437 2316 1494 2350 ipsa
1516 2323 1577 2350 qum
1601 2315 1627 2342 in
1653 2323 1685 2342 eo

899 2363 941 2386 est
968 2359 1100 2393 sapientia
1127 2363 1154 2386 et
1184 2360 1305 2394 potentia
1330 2360 1501 2388 inconfusam
1534 2364 1561 2387 ct
1588 2360 1684 2387 distin-

898 2409 971 2433 ctam
988 2412 1081 2432 eorum
1097 2412 1159 2439 qua:
1181 2409 1245 2432 sunt
1260 2409 1386 2432 naturam
1404 2406 1564 2433 contineat?
1582 2406 1683 2439 Quam-

898 2450 991 2477 obrem
1017 2457 1032 2477 a
1053 2449 1106 2477 Deo
1131 2450 1239 2485 quidem
1269 2454 1332 2478 sunt
1361 2459 1391 2478 ea
1416 2459 1476 2486 qum
1515 2455 1579 2479 sunt
1609 2459 1682 2487 quae-

898 2503 951 2531 que
979 2495 1135 2523 suhsistunt
1159 2496 1268 2528 omnia.
1298 2496 1344 2524 sed
1376 2500 1476 2524 nostrae
1511 2496 1682 2524 deductionis

898 2548 980 2568 causa
991 2541 1033 2568 his
1049 2548 1108 2575 qua:
1119 2546 1183 2568 sunt
1202 2541 1383 2576 signiﬁcativa
1399 2548 1490 2568 rerum
1505 2535 1683 2576 imponuntur

898 2587 1017 2614 nomina.
1035 2586 1096 2614 Hac
1110 2592 1210 2618 autem,
1234 2591 1262 2614 ut
1278 2587 1415 2614 hominum
1437 2587 1497 2614 usui
1514 2590 1540 2613 et
1566 2594 1681 2613 consue-

897 2631 987 2658 tudini
1014 2631 1113 2668 placet,
1129 2633 1152 2658 si
1168 2632 1231 2666 quis
1247 2631 1346 2659 dixerit
1367 2632 1436 2662 ﬁeri,
1464 2631 1531 2658 nihil
1548 2631 1574 2657 in
1593 2632 1682 2665 provi-

899 2676 994 2704 dentia:
1016 2677 1145 2705 rationem
1159 2678 1323 2712 peccaverit.
1349 2677 1408 2704 Non
1430 2677 1500 2704 enim
1515 2684 1608 2704 eorum
1622 2684 1681 2711 qua:

898 2726 963 2749 sunt
981 2723 1175 2753 naturam..sed
1188 2723 1296 2750 nomina
1313 2723 1371 2750 ﬁeri
1389 2730 1403 2749 a
1423 2723 1501 2749 nobis
1516 2723 1678 2750 asscrimus.

898 2769 984 2796 Aliter
997 2768 1125 2796 Hebraeus
1144 2768 1242 2795 cmlum
1257 2767 1389 2799 nominat,
1402 2768 1480 2795 aliter
1495 2767 1679 2800 Chananaans;

900 2814 947 2842 sed
975 2814 1067 2842 eodem
1095 2813 1174 2842 modo
1199 2812 1322 2847 intelligit
1338 2817 1462 2848 uterque,
1480 2813 1546 2840 nihil
1572 2817 1679 2847 propter
