1951 3074
75 146 133 172 Ιοῦῡ

574 143 711 171 CONTRA
733 142 919 170 EUNOMIUM
934 163 942 173 ,
970 142 1034 170 LlB.
1057 143 1112 170 ΧΗ.

1608 144 1674 174 1010

73 204 203 241 σχολάζειν.
222 205 258 231 Τὸ
274 205 326 241 γᾷρ
345 205 372 230 ὲν
389 204 465 238 τύπῳ
487 203 612 238 φθόγγων
635 205 716 231 τινῶν
739 205 839 230 οἴεσθαι

895 208 952 230 tror
965 203 991 230 in
1010 204 1110 231 talibus
1126 203 1244 231 studium
1268 205 1294 232 et
1309 209 1419 240 operam
1446 211 1546 238 ponere
1563 213 1595 232 ac
1618 206 1676 232 ani.

71 252 100 285 τῇ
115 249 168 285 θείξϋ
181 249 257 284 φύσει
274 250 304 276 τὸ
322 251 371 284 τῆς
387 249 473 285 ἀρχῆς
489 250 534 276 καὶ
556 251 714 285 κυριότητος
733 250 841 285 ἀξίωμα.

71 295 254 330 διαφυλάσσειν,
272 296 318 322 καὶ
332 296 381 330 τὴν
402 296 523 330 μεγάλην
537 296 584 322 τοῦ
599 296 665 322 Θεοῦ
679 297 791 331 δύναμιν
813 298 842 323 ἐν

70 341 146 377 τούτῳ
159 341 297 374 δεικνύειν⁷
315 341 425 375 ἀμελεῖν
442 351 471 368 τε
487 342 567 368 πάλιν
584 342 627 368 τὸν
644 342 709 368 Θεὸν
732 342 778 368 καὶ
791 341 841 368 ὀλι-

71 387 158 421 γωρεῖν
180 387 228 422 τῆς
251 387 441 422 προσηκούσης
462 387 537 422 αὐτῷ
561 387 703 422 προνοίας,
723 387 795 422 ἡμᾶς
812 396 841 413 τε

69 433 223 465 διαϐάλλειν,
237 434 278 460 ὅτι
294 434 344 468 τὴν
363 433 475 468 λογικὴν
492 433 604 468 δύναμιν
620 433 696 468 παρὰ
713 433 760 460 τοῦ
773 433 840 459 Θεοῦ

70 477 182 509 λαῦόντες
195 480 219 505 οἱ
240 478 388 514 ἄνθρωποι,
407 479 501 505 ἔπειτα
517 479 577 505 κατ’
593 478 716 511 ἐξουσίαν
729 480 783 509 τοῖς
797 478 840 504 λό-

69 532 122 557 γοις
137 524 200 559 πρὸς
218 532 266 559 την
285 524 338 550 τῶν
357 525 526 559 πραγμάτων
540 524 655 560 δήλωσιν
677 525 839 559 κέχρηνται,

67 570 90 594 τί
113 569 169 595 ἄλλο
188 569 203 604 ἢ
225 570 284 605 οὐχ).
309 569 433 605 γραώδης
471 569 555 604 μῦὒος
584 570 600 604 ἢ
625 569 840 604 κραιπαλώντων

66 616 161 650 ὄνειρος
175 615 203 642 τὺ
225 615 343 642 τοιοῦτόν
358 616 430 642 ἐστιν
444 624 451 647 ;
473 615 504 642 'll
519 615 572 650 γὰρ
587 615 689 650 ἀληθὴς
710 614 759 641 τοῦ
772 614 839 641 Θεοῦ

65 660 169 695 δύναμίς
183 670 211 688 τε
227 661 274 688 καὶ
289 661 406 693 ἐξουσία,
418 661 464 688 καὶ
483 661 553 696 ἀρχὴ
572 661 618 687 καὶ
631 661 758 696 κυριότης
770 652 855 688 κατά.

66 717 94 742 γε
109 710 150 736 τὸν
159 710 289 745 ἡμέτερον
300 709 380 743 λόγον
392 710 440 736 οὐκ
452 710 480 736 ἐν
494 710 636 741 συλλαϐαῖς
647 710 676 736 τὸ
692 708 760 736 εἶναι
774 709 838 744 ἔχει,

64 755 79 788 ἣ
96 755 174 787 οὕτως
187 755 219 782 ἂν
231 756 271 786 εἰς
280 755 412 791 ὁμότιμον
430 755 501 782 ἔλθοι
521 755 561 790 τῷ
574 755 633 790 Θεῷ
645 756 699 787 πᾶς
715 754 839 782 ὁστισοῦν

64 801 169 836 εὖρέτης
191 801 320 836 ῥημάτων
339 801 479 836 γινόμενος
494 821 501 832 ,
518 801 575 827 ἀλλ’
597 801 694 832 αἰῶνες
714 801 838 836 ἄπειροι,

63 847 108 873 καὶ
123 847 220 882 κόσμου
233 847 318 882 κάλλη
332 868 339 879 ,
354 847 399 873 καὶ
411 848 561 882 φωστήρων
573 848 665 881 αὐγαὶ,
686 847 733 873 καὶ
745 847 780 873 τὰ
793 847 838 873 ἐπὶ

62 893 111 927 γῆς
124 893 166 918 καὶ
187 893 318 927 Θαλάττης
340 892 483 928 θαύματα,
506 893 628 926 ἀγγέλων
647 901 676 919 τε
693 893 834 927 στρατιαὶ,

61 940 107 966 καὶ
124 939 300 974 ὑπερκὸσμιοι
321 939 457 974 δυνάμεις,
472 936 519 965 καὶ
535 939 561 965 εἴ
577 948 603 965 τι
622 938 686 966 ἄλλο
703 939 772 965 κατὰ
787 939 836 974 τὴν

61 984 115 1012 ἄνω
134 984 206 1020 λῆξιν
227 985 301 1020 παρὰ
318 985 368 1019 τῆς
391 985 502 1020 Γραφῆς
525 981 593 1011 εἶναι
612 984 645 1011 δι’
669 985 836 1020 αἰνιγμάτων

63 1029 198 1064 ἀκούομεν,
222 1029 309 1057 ταῦτὰ
327 1031 385 1056 ἐστι
399 1030 433 1056 τὰ.
455 1030 645 1065 μαρτυροῦντα
663 1031 702 1066 τῷ
715 1030 774 1065 Θεῷ
788 1029 836 1065 τὴν

63 1075 127 1111 ὑπὲρ
147 1076 234 1102 πάντα
255 1076 380 1111 δύναμιν.
397 1077 491 1111 Φωνῆς
509 1076 536 1102 δὲ
552 1074 618 1112 ἦχον
633 1078 688 1108 τοῖς
703 1076 836 1111 πεφυκόσι

63 1121 219 1155 φθέγγεσθαι
234 1122 377 1157 μαρτυρῶν
387 1131 438 1155 τις,
450 1122 525 1158 οὐδὲν
538 1123 577 1154 εἰς
587 1123 632 1149 τὸν
645 1122 778 1149 δεδωκότα
788 1123 837 1158 τὴν

61 1167 147 1202 φωνὴν
166 1167 308 1203 ἁσεὸήσει·
327 1168 386 1194 οὐδὲ
406 1168 459 1204 γὰρ
481 1157 552 1204 μέγα
569 1178 595 1195 τι
613 1169 690 1195 τοῦτο
706 1157 835 1204 οἰόμεθα,

58 1212 87 1238 τὸ
104 1213 268 1247 σημαντικὰς
286 1213 340 1240 τῶν
361 1214 528 1249 πραγμάτων
552 1214 718 1249 ἐξευρίσκειν
734 1215 836 1249 φωνάς.

57 1254 91 1293 ’ῼ
108 1259 160 1293 γὰρ
177 1259 192 1293 ἡ
212 1259 305 1295 Γραφὴ
320 1259 390 1286 κατὰ
409 1260 457 1294 τὴν
472 1260 610 1295 ἱστορικὴν
631 1261 835 1295 κοσμογένειαν,

56 1304 197 1340 ἀνθρώπου
212 1305 295 1340 ὄνομα
311 1306 349 1341 τῷ
360 1306 419 1332 καθ’
437 1307 511 1341 ἡμᾶς
526 1306 600 1333 ἔθετο
615 1307 765 1342 πλάσματι,
779 1307 838 1333 τοῦ-

55 1359 102 1377 τον
119 1352 133 1377 ὁ
158 1351 216 1377 Ἰὼϐ
238 1351 331 1387 βροτὸν
352 1352 493 1388 ὀνομάζει,
510 1353 556 1380 καί
573 1362 644 1385 τινες
667 1353 720 1379 τῶν
739 1352 837 1384 ἔξωθεν

56 1395 144 1429 φῶτα,
161 1397 205 1423 καὶ
221 1397 326 1431 μέροπα
344 1397 448 1433 ἕτεροι.
467 1398 510 1425 ἵνα
527 1399 599 1426 ἐάσω
610 1399 659 1430 τὰς
675 1399 746 1426 κατὰ
762 1399 838 1431 ἕονος

54 1441 150 1466 τούτου
164 1441 303 1477 διαφοράς.
326 1440 388 1478 7Ap‘
408 1440 453 1469 οὖν
475 1444 515 1474 εἰς
532 1443 589 1470 ἴσον
608 1444 710 1478 ἄγομεν
723 1443 762 1479 τῷ
779 1444 838 1479 Θεῷ

54 1486 102 1512 καὶ
120 1486 170 1517 τὰς
185 1487 294 1513 ἐκείνων
313 1487 395 1522 τιμὰς
407 1509 414 1520 ,
427 1489 468 1514 ὅτι
485 1487 542 1515 ἴσον
555 1489 726 1524 δυναμούσας
741 1491 774 1525 τῇ
791 1489 838 1516 τοῦ

893 250 1016 277 cularum
1029 250 1142 277 sutttuiis
1157 250 1293 285 occupari.
1310 251 1375 277 Nam
1389 251 1415 278 in
1442 251 1528 278 forma
1547 259 1675 279 sonorum

892 295 1071 330 quorumdam
1091 299 1186 330 putare
1201 296 1299 323 divina:
1322 301 1426 324 natura;
1458 297 1626 332 principatus
1649 301 1676 324 et

893 341 1089 368 dominationis
1104 341 1274 376 majestatcm
1297 349 1469 375 conservare,
1496 347 1523 370 et
1551 351 1676 379 magnam

893 384 939 413 Dei
956 385 1103 419 potentiam
1129 385 1157 412 in
1180 385 1232 412 ltoe
1259 393 1318 413 essu:
1336 387 1451 420 positam
1476 387 1674 419 demonstrare,

893 439 1043 466 rursusque
1060 439 1110 458 nos
1129 431 1213 458 Deum
1228 432 1363 466 negligere
1374 439 1405 459 ac
1422 440 1469 466 pro
1479 433 1564 460 nihilo
1576 433 1676 460 habere

893 477 944 511 ipsi
963 477 1166 504 convenientem
1193 477 1402 512 providentiam.
1429 479 1546 513 itemque
1573 480 1671 506 calum-

893 525 971 556 niari,
989 523 1063 558 quod
1080 523 1258 550 ratiocinandi
1275 523 1430 551 facultatem
1447 532 1461 550 a
1478 525 1531 552 Deo
1551 525 1674 554 homines

893 569 983 604 adepti
1002 569 1099 597 exinde
1118 577 1167 604 pro
1192 569 1307 596 arbitrio
1328 570 1501 598 sermonibus
1524 571 1556 598 ad
1586 580 1675 599 rerum

891 614 1104 642 declarationem
1129 615 1171 642 usi
1196 619 1270 648 sunt,
1296 615 1360 650 quid
1385 615 1457 642 aliud
1477 616 1529 643 ltoc
1554 621 1596 644 est
1623 618 1677 645 nisi

892 660 973 687 anilis
991 660 1081 688 fabula
1099 661 1139 687 vel
1154 660 1324 687 ebriosorum
1343 661 1501 688 somnium?
1517 661 1586 689 Vera
1603 663 1675 690 enim

890 706 939 733 Dei
954 706 1041 734 virtus
1058 711 1084 734 et
1101 711 1232 741 potestas,
1246 711 1272 734 el
1287 707 1458 742 priucipattts
1476 713 1502 734 et
1528 708 1677 734 dominatio

891 753 1041 779 secundum
1060 756 1183 780 nostrum
1204 760 1355 780 sermonem
1373 761 1425 780 non
1444 753 1470 780 itt
1487 753 1598 788 syllabis
1617 761 1678 781 esse

892 798 983 829 habet,
1003 798 1043 825 vel
1063 798 1099 824 ita
1113 803 1186 825 certe
1203 798 1236 825 ad
1264 806 1355 833 parcnt
1382 798 1511 826 honorem
1535 802 1598 825 cum
1623 799 1678 826 Deo

891 843 996 870 venerit
1026 843 1182 878 quicunque
1199 844 1341 871 verborum
1365 843 1447 871 fuerit
1463 845 1608 878 inventor;
1630 845 1677 872 sed

890 888 998 916 inﬁnita
1027 890 1137 921 saecula,
1156 893 1183 916 et
1203 886 1304 916 mundi.
1317 890 1504 924 pttlcltritudo,
1523 897 1549 918 et
1563 891 1679 918 Iuntina-

888 935 959 962 rium
978 935 1149 969 splendores,
1173 939 1199 962 ct
1227 943 1287 970 qua:
1320 941 1384 963 sunt
1411 937 1436 963 in
1462 937 1529 963 mari
1553 941 1580 964 et
1605 941 1678 964 terra

889 981 1030 1013 miracula,
1044 982 1256 1016 angelorumque
1275 982 1387 1013 ntilitiat,
1412 987 1438 1010 et
1465 985 1677 1018 supermundia-

891 1027 930 1054 les
946 1027 1070 1059 virtutes,
1087 1032 1113 1055 et
1129 1028 1152 1055 si
1168 1028 1233 1062 quid
1259 1032 1302 1055 est
1317 1028 1391 1055 aliud
1410 1029 1482 1063 quod
1504 1030 1531 1056 in
1560 1038 1677 1065 superna

891 1074 954 1101 sede
969 1081 983 1100 a
996 1073 1137 1108 Scriptura
1156 1082 1205 1109 per
1217 1075 1359 1109 aenigmata
1380 1075 1516 1107 audimus,
1533 1076 1589 1103 haec
1615 1081 1678 1104 sunt

891 1127 952 1154 qua:
967 1120 1149 1147 testiﬁcantur
1159 1120 1213 1147 Deo
1228 1128 1288 1155 qua:
1309 1124 1351 1147 est
1378 1129 1460 1155 supra
1478 1122 1568 1149 omnia
1595 1123 1678 1150 virtu-

893 1170 955 1193 tem.
973 1165 1054 1193 Vocis
1069 1169 1265 1193 autemsonum
1278 1166 1320 1194 his
1333 1167 1378 1202 qui
1392 1167 1552 1195 naturaliter
1562 1169 1678 1202 loquun-

893 1216 937 1239 tur
962 1211 1008 1246 qui
1031 1211 1165 1242 attribuit.
1194 1210 1261 1238 nihil
1279 1211 1305 1238 iu
1334 1219 1395 1239 ettm
1415 1212 1460 1246 qui
1484 1220 1576 1239 vocem
1604 1212 1678 1239 dedit

895 1259 974 1292 impie
996 1258 1088 1291 dicet;
1110 1265 1197 1289 neque
1226 1257 1297 1284 enim
1319 1265 1445 1293 magnum
1473 1258 1575 1293 aliquid
1596 1265 1676 1293 puta-

894 1311 966 1335 mus,
989 1310 1084 1337 nempe
1096 1302 1290 1337 signiﬁcativas
1312 1311 1401 1330 rerum
1416 1311 1497 1330 voces
1514 1305 1676 1340 excogitare.

893 1348 942 1376 Cui
966 1348 1038 1375 enim
1067 1348 1208 1382 Scriptura
1232 1349 1381 1376 secundum
1405 1349 1561 1377 ltistoricam
1584 1351 1675 1377 tnund'

894 1395 1059 1422 creationem
1074 1394 1193 1421 humano
1211 1394 1274 1422 huic
1291 1395 1419 1430 tigntento
1430 1395 1573 1431 ἀνθρώπου
1590 1397 1676 1423 Itami-

893 1440 933 1468 nis
963 1447 1062 1467 nomen
1079 1440 1176 1467 indidit
1196 1440 1319 1473 ",‘hune
1339 1440 1389 1468 Job
1416 1440 1521 1476 βροτόν,
1540 1443 1676 1469 mortalem

894 1485 1067 1518 nominat“,
1089 1490 1115 1512 et
1128 1485 1237 1520 quidam
1262 1486 1366 1513 externi
1389 1486 1476 1520 φῶτα,
1503 1487 1580 1522 quasi
1602 1488 1677 1515 dicas

52 1530 197 1565 ἀνθρώπου
210 1531 378 1567 προσηγορίᾳ.
389 1533 508 1560 κάκεῖνοί
520 1542 595 1566 τινας
610 1534 720 1570 ἐξεῦρον
737 1535 838 1570 φωνὰς,

895 1532 1024 1559 hominem
1044 1532 1189 1566 loquentem
1207 1537 1234 1559 et
1249 1532 1293 1559 alii
1315 1533 1420 1568 μέροπα
1439 1533 1466 1560 id
1488 1537 1539 1567 est,
1568 1533 1678 1562 diversi-

50 1577 85 1603 δι’
103 1574 142 1604 ὧν
155 1577 254 1613 ὁμοίως
265 1578 390 1613 δηλοῦται
404 1578 435 1605 τὸ
448 1579 638 1615 ὑποκεί·μενον;
658 1580 725 1607 ἀλλὰ
737 1580 839 1616 ταύτην

53 1621 106 1655 μὲν
115 1621 166 1656 τὴν
185 1622 375 1656 ματαιολογίαν
389 1623 481 1650 ἐατέον
497 1625 572 1658 ἡμῖν,
591 1624 680 1657 καθὼς
698 1627 838 1660 προεῖπον,

51 1669 101 1693 καὶ
115 1666 165 1698 τὰς
176 1666 274 1702 ἑφεξῆς
284 1667 415 1703 λοιδορίας
425 1670 453 1695 ἐν
468 1669 573 1700 οὐδενὸς
585 1670 662 1706 μέρει
674 1670 774 1697 θετέον.
797 1671 841 1697 Ἐν

51 1710 98 1743 αἷς
111 1713 328 1747 καταψεύδεσθαι
344 1715 397 1740 τῶν
413 1713 492 1741 θείων
507 1715 581 1750 ἡμᾶς
596 1716 692 1750 λογίων
703 1716 781 1752 φησὶ,
795 1717 842 1744 καὶ

51 1758 125 1785 κατὰ
141 1759 230 1785 πᾶσαν
247 1759 336 1785 ἄδειαν
360 1762 548 1795 συκοφαντεῖν,
561 1761 596 1788 τά
610 1770 640 1788 τε
654 1761 721 1788 ἄλλα
740 1762 841 1794 πάντα,

49 1806 101 1831 καὶ
114 1805 197 1831 αὐτὸν
208 1805 253 1832 τὸν
267 1806 341 1833 Θεόν.
355 1806 534 1843 Μετέλθωμεν
549 1807 576 1833 δὲ
589 1807 627 1842 τῷ
644 1807 715 1843 λόγῳ
730 1809 797 1844 πρὸς
808 1809 842 1836 τὰ

48 1848 214 1884 λειπόμενα.

893 1579 1016 1613 linguem,
1033 1578 1073 1605 vel
1089 1578 1223 1606 diversam
1238 1581 1265 1605 et
1278 1578 1448 1605 articulatam
1465 1587 1558 1606 vocem
1579 1580 1680 1607 [taben-

894 1626 960 1655 tcm,
977 1626 1006 1650 ut
1022 1623 1146 1649 omittam
1162 1622 1312 1650 secundum
1332 1623 1456 1658 singulas
1479 1629 1574 1660 gentes
1600 1625 1680 1660 hujus

896 1669 1016 1696 nominis
1034 1669 1213 1696 dill'erentias.
1235 1668 1303 1696 Num
1330 1669 1412 1704 igitur
1429 1671 1603 1706 adaequamus
1627 1672 1681 1700 Deo

893 1715 976 1743 etiam
994 1716 1103 1742 illorunt
1121 1716 1252 1747 honores,
1266 1716 1328 1751 quia
1347 1717 1540 1751 aequivalentes
1564 1719 1681 1748 hominis

897 1761 1166 1795 appellationietiam
1186 1761 1225 1787 illi
1238 1769 1319 1789 voces
1331 1761 1503 1794 invetterunt,
1518 1764 1618 1798 quibus
1644 1765 1681 1791 si-

896 1807 997 1833 ntililer
1011 1806 1170 1833 declaratur
1183 1806 1353 1841 subjectum?
1367 1806 1420 1834 Sed
1438 1808 1495 1835 htee
1507 1810 1679 1844 vaniloquen-

895 1854 933 1879 tia
960 1852 1111 1879 ontittenda
1129 1856 1173 1879 est
1192 1852 1283 1885 nobis,
1315 1853 1387 1880 sicut
1413 1854 1538 1888 praedixi,
1566 1860 1593 1882 et
1620 1864 1680 1890 quc

52 1896 193 1930 deincops
206 1900 358 1930 sequttntur
372 1896 492 1924 convitia
507 1905 556 1932 pro
585 1897 670 1924 uiltilo
686 1903 750 1925 sunt
788 1899 954 1935 reputanda,
975 1898 1076 1933 quibus
1109 1906 1160 1925 nos
1199 1902 1294 1926 contra
1316 1899 1407 1926 divina
1431 1901 1542 1927 oracula
1572 1903 1680 1929 mentiri

47 1946 192 1975 autumat,
210 1946 290 1978 atque
316 1943 388 1970 omni
424 1948 497 1971 ntctu
530 1945 638 1972 sublato
662 1946 838 1981 calumniari,
859 1948 966 1982 aliaque
983 1945 1074 1973 omnia
1087 1949 1114 1972 et
1131 1945 1221 1980 ipsum
1235 1945 1329 1973 Deu-m.
1351 1945 1404 1974 Sed
1424 1947 1458 1974 ad
1491 1947 1594 1983 reliqua
1619 1956 1678 1983 pcr-

45 1996 163 2024 gamus.

85 2035 240 2071 Προτίθησι
263 2035 343 2063 πάλιν
366 2036 412 2064 τοῦ
436 2037 593 2065 διδασκάλου
623 2041 701 2076 ῥῆσιν
727 2043 842 2079 ἔχουσαν

43 2083 157 2115 οὕτως·
172 2084 391 2118 Παραπλησίως
412 2084 446 2110 δὲ
463 2086 512 2113 καὶ
535 2086 625 2114 οὐδὲν
649 2089 843 2126 ἀλλοιότερον

44 2129 110 2162 τὴν
135 2128 193 2163 τῆς
214 2129 347 2163 ἐπινοίας
372 2130 482 2164 χρῆσιν
498 2132 577 2165 παρὰ
599 2133 652 2160 τοῦ
670 2135 752 2163 θείου
767 2137 844 2164 δεδι-

42 2176 190 2210 δάκμεθα
203 2176 340 2211 ,ιόγου.”0
355 2177 462 2210 Κύριος
475 2177 557 2211 ήμῶν
576 2178 691 2212 Ἰησοῦς
707 2182 841 2217 Χριστὸς,

930 2047 1062 2082 Proponit
1089 2053 1186 2073 rursus
1208 2043 1331 2079 magistri
1359 2043 1441 2070 verba
1459 2050 1518 2078 quae
1535 2042 1571 2069 ita
1585 2050 1615 2070 se
1631 2042 1681 2069 ha-

895 2094 977 2122 bent:
988 2092 1025 2128 (α)
1040 2091 1216 2120 Persimiliter
1231 2095 1317 2117 autent
1340 2094 1364 2116 et
1379 2097 1430 2116 non
1449 2088 1586 2115 diversioti
1603 2088 1680 2115 modo

897 2138 1123 2165 cammentationis
1142 2144 1219 2163 usum
1230 2142 1262 2163 ea:
1287 2134 1363 2162 verba
1380 2134 1467 2161 divino
1491 2134 1562 2160 docti
1577 2142 1678 2160 sumus.

898 2183 1027 2210 Dominus
1054 2188 1142 2209 noster
1170 2181 1248 2208 Iesus
1274 2179 1395 2207 Christus
1425 2183 1548 2206 naturam
1575 2179 1681 2206 deitatis

40 2222 108 2255 τὴν
126 2222 226 2256 φύσιν
249 2221 303 2255 τῆς
323 2222 460 2256 θεότητος
481 2222 543 2255 τοῖς
565 2224 729 2259 ἀνθρώποις
751 2236 839 2262 παρα-

896 2229 1044 2256 hominibus
1064 2228 1215 2259 declarans,
1230 2226 1434 2261 proprietatibus
1453 2225 1610 2261 quibusdam
1624 2233 1682 2260 qua:

39 2267 180 2301 δηλῶν,
210 2267 347 2302 ἰδιώμαονί
372 2276 432 2295 τισι
458 2268 520 2301 τοῖς
546 2271 758 2306 θεωρουμένοις
779 2275 846 2309 περὶ

38 2313 149 2340 αὐτὸν
164 2313 366 2347 ἀποσημαίνει
393 2315 522 2349 ταύτην·
548 2317 643 2351 θύραν
666 2318 775 2345 ἑαυτὸν
796 2319 846 2346 λέ-

37 2366 110 2393 γων
126 2357 182 2384 καὶ
198 2357 304 2391 ἄρτον,
322 2358 371 2385 καὶ
390 2358 477 2392 ὁδὸν,
492 2360 541 2386 καὶ
553 2360 701 2395 ἄμπελον,
717 2362 766 2389 καὶ
782 2370 845 2390 ποι-

32 2403 139 2438 μένα,
160 2403 212 2430 καὶ
225 2402 298 2437 φῶς.
317 2403 356 2430 Τὰ
374 2404 422 2439 μὲν
434 2403 480 2431 οὗν
500 2406 542 2440 ἐφ’
560 2405 641 2441 ὕϐρει
654 2406 769 2442 ρηθέντα
787 2408 845 2435 καθ’

34 2450 131 2485 ἡμῶν
161 2450 228 2484 παρ’
252 2449 333 2475 αὐτοῦ
350 2450 396 2476 ἐπὶ
418 2450 521 2482 τούτοις
538 2450 629 2486 (οὕτω
651 2452 704 2488 γὰρ
725 2453 805 2480 αὐτὸν
828 2455 844 2490 ὴ

31 2495 213 2530 διαλεκτικὴ
230 2495 362 2529 μάχεσθαι
383 2497 438 2526 τοῖς
459 2496 642 2530 ἀντιλέγουσιν
668 2498 845 2534 ἐδιδάξατο),

32 2541 181 2576 παριδεῖν
198 2539 275 2575 οἶμαι
290 2541 405 2576 πρέπειν
417 2561 423 2571 ,
442 2542 489 2568 καὶ
504 2542 586 2577 μηδὲν
601 2543 669 2578 πρὸς
682 2544 731 2575 τὰς
748 2554 844 2580 μειρα-

30 2586 162 2618 κιώδεις
192 2586 284 2617 ἀνοίας
311 2586 557 2621 ὑποταράσσεσοαι.
592 2588 670 2615 Ἀλλὰ
701 2590 732 2616 τὸ
762 2590 843 2626 δριμὺ

28 2635 129 2662 τοῦτο
157 2634 207 2661 καὶ
224 2634 342 2668 ἄφυκτον
365 2634 440 2668 ῥῆμα
457 2633 679 2669 κατεξετάσωμεν
692 2656 699 2666 ,
723 2636 790 2671 ὅπερ
805 2637 845 2668 εἰς

27 2680 213 2716 ἀνατροπὴν
236 2679 284 2705 τοῦ
307 2679 369 2705 καθ’
392 2680 464 2714 ἡμᾶς
489 2680 656 2716 προτείνεται
679 2681 767 2715 λόγου.
785 2683 842 2714 Τίς,

26 2727 124 2762 φησὶ,
141 2726 201 2753 τῶν
219 2726 303 2760 ἁγίων
317 2725 399 2757 ἐστὶν,
412 2725 441 2757 ὃς
458 2727 516 2752 κατ’
534 2725 654 2753 ἐπίνοιαν
667 2726 791 2762 λέγεσθαι
806 2729 844 2764 τῷ

70 2795 99 2811 ⁵³
113 2794 194 2822 Gen.
214 2802 233 2826 ι,
248 2794 292 2821 26.
347 2793 371 2810 ”
384 2793 434 2821 Job
451 2802 506 2826 xiv,
523 2794 548 2821 l.

69 2868 117 2901 (η)
138 2865 175 2892 D.
194 2865 310 2894 Basilius
328 2872 419 2892 contra
437 2865 605 2898 Eunomium,
623 2866 670 2894 lib.

895 2275 921 2301 in
933 2275 989 2309 ipso
997 2274 1167 2308 peculiariter
1178 2268 1421 2307 spectantum-Itane
1433 2272 1570 2307 designat:
1584 2272 1682 2301 ostium

895 2320 1008 2354 seipsum
1025 2319 1124 2349 dicens.
1137 2324 1162 2344 et
1176 2326 1279 2353 partem,
1296 2323 1320 2345 et
1332 2318 1412 2350 viam,
1423 2323 1446 2345 et
1459 2320 1578 2349 νίκημα
1593 2323 1682 2352 pasto-

895 2373 959 2398 rem,
980 2370 1005 2391 et
1025 2365 1117 2391 lucem.
1135 2363 1202 2397 Quae
1223 2365 1306 2399 igitur
1324 2372 1374 2399 per
1386 2365 1576 2391 contumeliam
1588 2367 1682 2391 contra
1725 2387 1728 2389 .

895 2419 946 2438 nos
963 2411 996 2438 ab
1009 2411 1067 2445 ipso
1084 2410 1118 2437 ob
1131 2410 1188 2437 lucc
1205 2410 1278 2437 dicta
1295 2414 1358 2438 sunt
1368 2409 1419 2445 (sic
1438 2410 1510 2437 enim
1525 2410 1613 2444 ipsum
1628 2409 1684 2436 dia-

896 2456 993 2483 lectica
1009 2455 1258 2483 contradicentibus
1271 2456 1412 2484 decertare
1427 2456 1529 2490 docuit)
1542 2455 1682 2490 despicere

896 2501 1017 2528 arbitror
1031 2491 1128 2528 decere
1139 2520 1146 2533 ,
1158 2505 1185 2528 et
1196 2501 1263 2528 nihil
1277 2501 1310 2528 ad
1325 2501 1460 2536 iuveniles
1474 2501 1607 2527 amentiae
1619 2500 1683 2527 sub-

895 2546 1010 2573 turbari.
1029 2546 1081 2573 Sed
1098 2547 1150 2574 hoc
1165 2554 1228 2574 acre
1243 2546 1354 2574 verbum
1370 2550 1396 2574 et
1412 2546 1567 2573 inevitabile
1581 2545 1682 2571 exami-

897 2599 1002 2624 nemus,
1027 2592 1100 2627 quod
1122 2592 1156 2619 ad
1174 2593 1342 2620 eversionem
1359 2592 1446 2619 nostri
1471 2590 1605 2618 sermonis
1619 2596 1682 2622 pro-

895 2638 991 2665 tendit.
1009 2637 1076 2671 Quis
1093 2642 1263 2670 sanctorum,
1281 2638 1379 2672 inquit,
1398 2642 1448 2670 est,
1464 2637 1508 2671 qui
1533 2643 1581 2670 per
1606 2642 1684 2661 como

897 2683 1088 2710 mentationcm
1103 2683 1158 2711 hzec
1169 2684 1278 2711 nomina
1295 2683 1408 2710 Domino
1420 2681 1530 2708 attribui
1549 2679 1683 2708 testetur?

897 2729 963 2762 Quis
979 2734 1068 2758 autem
1093 2730 1232 2766 prohibet,
1260 2730 1293 2758 ad
1322 2730 1411 2765 ipsum
1440 2727 1531 2756 hercle
1553 2726 1681 2758 dixerint,
