1951 3074
267 151 328 177 lOil

879 153 906 180 S.
927 151 1089 182 GREGORII
1110 153 1255 182 NYSSENI

1826 152 1891 176 aut:

264 208 450 243 biasphemum
465 216 525 236 esse
546 208 673 243 judicans
688 209 716 236 in
746 213 975 240 commentatione
987 221 1050 248 spe-

1113 212 1194 247 ἱυρίῳ
1211 211 1297 238 ταῦτα
1317 211 1452 246 μαρτυρεῖ
1468 210 1502 237 τὰ
1517 210 1653 245 (Si/dium;
1673 209 1722 242 Τίς
1743 209 1772 236 ἃ
1786 209 1891 242 ἀπαγο-

265 260 339 283 t‘tut‘c
356 255 497 282 nominum
523 255 619 282 usum?
635 255 663 283 Si
687 257 759 284 enim
785 258 850 292 quia
870 258 972 286 dictum
998 266 1053 286 non

265 305 317 333 est,
336 300 362 327 id
377 305 565 336 argumentum
579 310 639 330 esse
663 303 773 336 asserit,
789 304 863 339 quod
881 305 917 332 sit
930 305 1052 340 prohibi-

265 353 334 378 tum,
352 347 434 374 ctiam
453 347 516 381 quia
532 348 646 375 vetitum
672 356 728 376 non
739 353 791 380 est,
808 350 835 377 id
859 350 966 386 signum
989 358 1054 378 con-

265 399 372 418 cessum
382 398 444 418 esse
455 392 548 426 procul
557 392 640 420 dubio
653 394 826 421 asseutietur.
840 394 887 422 llis
898 395 1055 422 nominibus

268 436 398 464 Dominus
420 438 587 471 nominatur,
603 447 636 466 an
651 440 732 467 etiatn
755 440 813 468 haec
837 441 946 476 negabit
964 441 1055 469 Euno-

268 483 357 510 tnius?
366 482 419 510 Sed
434 484 456 511 si
469 489 548 519 neget
564 485 612 513 has
626 485 660 513 de
673 486 784 514 Christo
791 494 870 514 vaces
881 495 943 515 esse
956 487 1055 518 dictas,

268 529 327 555 sine
356 537 445 564 pugna
472 530 597 558 vicimus.
622 530 751 563 Quaenam
771 532 843 558 enitn
865 532 998 561 illustrior
1011 533 1057 561 ﬁat

269 574 380 601 victoria
392 582 472 609 quam
489 583 547 610 qum
560 576 728 603 demonstret
743 577 930 605 adversariutn
943 577 998 606 Deo
1013 587 1056 607 re-

268 620 379 652 bellare,
398 621 459 656 quia
481 621 588 649 divinas
603 621 744 657 Evangelii
771 631 853 650 voces
874 624 966 652 irritas
992 624 1058 653 facit

268 670 295 692 et
310 667 460 701 pervertit?
475 666 552 700 Quod
569 668 592 695 si
615 675 676 696 vere
691 668 837 696 conﬁtetur
851 669 990 697 Christum
1014 671 1058 699 his

271 712 429 740 nominibus
445 713 586 748 appellari,
601 713 676 741 dicat
687 714 796 742 modum
809 722 863 750 quo
876 716 919 750 pie
933 715 1058 751 Uuigeui-

271 764 298 783 to
323 759 566 787 accommodantur
582 759 640 788 haec
656 761 777 788 nomina.
793 760 863 788 Num
882 767 986 790 natura:
999 763 1059 797 ejus

273 803 388 838 lapidem
399 811 460 832 esse
471 805 586 833 iudicem
601 805 714 834 delinit?
729 814 793 834 num
809 807 958 835 essentiam
970 809 1058 843 ipsius

273 857 320 883 per
337 850 438 878 asciam
456 851 513 878 sive
531 852 649 879 securim
665 853 890 881 iutellexi‘t?num
901 862 949 889 per
957 855 1057 882 ostium

1105 259 1189 294 ρεύει,
1207 257 1275 292 πρδς
1286 258 1367 284 αὑτὸν
1381 256 1483 292 εἴποιμ’
1499 256 1532 283 ἂν
1542 275 1550 288 ,
1566 255 1728 291 βλάσφημον
1743 253 1817 282 εἶναι
1834 255 1895 290 κρί-

1104 312 1157 330 νων
1168 303 1198 329 τδ
1212 304 1241 330 ὲν
1256 303 1363 339 ἐπινοίᾳ
1378 303 1488 338 θεωρεῖν
1500 301 1555 328 τῶν
1567 301 1708 336 ὀνομάτων
1718 300 1768 336 τὴν
1778 300 1894 336 χρῆσινς

1105 349 1137 376 Εἰ
1156 349 1212 385 γὰρ
1233 349 1263 376 τὸ
1288 349 1318 376 οὐ
1341 349 1379 384 μὴ
1401 348 1525 384 εἰρῆσθαι
1547 347 1595 374 τοῦ
1622 346 1793 374 διεκωλύσθαι
1821 346 1896 380 λέγει

1106 396 1255 431 τεκμήριον
1271 393 1351 426 εἶναι,
1372 394 1418 421 καὶ
1434 393 1465 421 τὸ
1487 394 1524 429 μὴ
1545 392 1717 420 κεκωλῦσθαι
1730 392 1777 418 τοῦ
1797 400 1895 425 συγκε-

1106 439 1245 475 χωρῆσθαι
1262 440 1374 475 σημεῖον
1401 437 1471 465 εἶναι
1497 438 1605 470 πάντως
1628 437 1800 472 συνθήσεται.
1824 436 1896 462 Ὀνο·

1109 484 1223 519 μάζεται
1239 485 1295 516 τοῖς
1308 484 1421 519 ὀνόμασι
1437 483 1543 515 τούτοις
1557 484 1572 509 ὁ
1586 483 1705 518 Κύριος,
1725 481 1742 517 ἦ
1763 482 1812 508 καὶ
1833 481 1896 516 περὶ

1107 531 1210 557 τούτων
1235 530 1348 565 ἔξαρνος
1370 531 1384 556 ὁ
1412 529 1543 564 Εὐνόμιος
1569 529 1692 564 γίνεται;
1715 528 1785 555 Ἀλλ’
1805 528 1896 562 εἰμὲν

1108 576 1230 612 ἀρνεῖται
1245 576 1277 603 τὸ
1288 576 1415 610 λέγεσθαι
1427 575 1528 607 ταύτας
1541 575 1588 601 ἐπὶ
1601 574 1719 610 Χριστοῦ
1731 574 1782 606 τὰς
1794 573 1895 608 φωνὰς,

1108 622 1230 657 ἀμαχητὶ
1251 621 1469 657 κεκρατήκαμεν.
1487 621 1535 653 Τίς
1558 620 1613 657 γὰρ
1626 620 1660 647 ἂν
1677 619 1898 655 περιφανεστέρα

1108 666 1221 702 γένηται
1246 667 1307 702 νίκη
1335 666 1383 693 τοῦ
1397 666 1480 698 δεῖξαι
1495 665 1620 701 φανερῶς
1650 664 1838 701 θεομαχοῦντα
1853 665 1898 690 τὶν

1108 713 1304 749 ἀντικείμενον,
1322 713 1366 739 διὰ
1380 713 1426 740 τοῦ
1440 713 1489 744 τὰς
1504 712 1578 744 θείας
1595 711 1641 739 τοῦ
1657 711 1826 746 Εὑαγγελίου
1843 720 1898 746 φω-

1109 759 1157 791 νὰς
1169 758 1412 794 παραγράφεσθαη
1434 759 1464 784 Εἰ
1483 757 1510 784 δὲ
1530 757 1638 792 ἀληθῶς
1660 757 1787 792 ὁμολογεῖ
1812 756 1898 783 ταῦτα

1109 805 1156 831 τὸν
1182 805 1298 840 Χριστὸν
1314 804 1509 840 ὀνομάζεσθαι,
1527 804 1630 838 λεγέτω
1646 803 1692 830 τὸν
1708 803 1811 838 τρόπον
1839 802 1897 828 καθ’

1109 850 1139 877 ὃν
1155 850 1273 882 εὐσεϐῶς
1287 850 1471 886 ὲφαρμὸζεται
1487 849 1525 885 τῷ
1544 849 1692 884 Μονογενεῖ
1706 848 1767 884 Θεῷ
1787 848 1823 875 τὰ
1841 847 1897 873 ὀνό-

273 894 409 930 Unigeniti
424 897 533 925 deitatis
557 898 708 933 proprietas
730 883 915 934 signiﬁcatur,
942 901 983 928 vel
1007 909 1056 935 per

1113 904 1193 931 ματα.
1209 895 1255 931 Μὴ
1273 883 1323 930 τῆς
1339 883 1446 929 ξρύσεως
1469 883 1552 921 αὐτοῦ
1572 894 1617 920 τὸν
1636 893 1710 920 λίθον
1733 883 1899 920 ἐνδεικτικδν

274 942 485 977 unumquodque
496 943 610 970 aliorum
627 945 673 978 (ne
687 945 799 972 multam
814 945 922 973 turbam
935 947 1054 974 sermoni

273 987 423 1015 inferamus
438 990 528 1015 omnia
555 994 728 1018 recensentes
753 991 874 1026 nomina)
890 1000 944 1019 non
961 997 1057 1019 natura

273 1033 412 1069 Uuigeniti
429 1035 639 1070 unumquodque
657 1037 753 1064 horum
778 1038 917 1065 nominum
931 1042 984 1071 est,
1004 1047 1056 1066 non

273 1080 372 1113 deitas,
394 1089 449 1108 non
472 1083 598 1110 essentia;
620 1084 998 1118 proprietas?Verumlamen
1015 1086 1058 1114 bis

274 1125 431 1153 nominibus
447 1130 570 1159 vocatur,
587 1131 613 1155 et
631 1128 776 1164 appellatio
798 1129 899 1164 aliquid
918 1131 1058 1165 proprium

275 1170 300 1196 in
313 1178 342 1198 se
354 1172 485 1199 continet.
497 1171 569 1200 Nihil
582 1173 654 1201 enim
672 1175 800 1206 otiosum,
816 1176 885 1202 nihil
908 1176 981 1211 quod
1003 1184 1059 1204 non

273 1217 415 1251 signiﬁcet,
444 1218 470 1245 in
487 1218 587 1247 divinis
602 1220 714 1248 vocibus
727 1221 800 1255 pium
821 1226 863 1250 est
880 1226 908 1250 et
933 1227 1059 1250 sanctum

273 1263 442 1291 existimare.
470 1264 540 1300 Ergo
577 1265 709 1293 rationem
737 1266 810 1294 dicat
838 1267 860 1295 si
884 1272 1058 1302 aspernatur,

274 1316 370 1343 nempe
387 1310 535 1337 secundum
556 1313 816 1340 commentationem
834 1314 900 1346 dici,
915 1315 987 1342 unde
1003 1315 1060 1342 haec

273 1353 384 1381 nomina
407 1354 516 1383 Christo
539 1362 702 1393 congruunt.
729 1358 783 1386 Nos
806 1359 915 1394 quidem
942 1360 1059 1388 dicimus

273 1400 356 1434 quod,
381 1408 442 1428 cum
467 1401 670 1430 multiformiter
694 1403 825 1432 Dominus
853 1405 977 1433 humanae
998 1406 1060 1433 vitae

274 1446 425 1480 provideat,
441 1455 556 1482 quaeque
571 1448 694 1476 beneﬁcii
710 1450 816 1484 species
830 1457 877 1484 per
889 1451 1061 1486 unumquod-

274 1499 328 1526 que
343 1493 436 1520 talium
448 1494 587 1520 nominum
603 1500 783 1530 congruenter
799 1495 979 1530 dignoscitur,
998 1504 1061 1532 pro-

276 1538 393 1564 videntia
421 1544 449 1566 et
472 1540 630 1574 operatione
658 1548 718 1576 qua:
747 1541 774 1568 in
790 1541 849 1576 ipso
868 1546 1018 1576 spectatur,
1032 1542 1060 1570 in

276 1584 394 1612 nominis
418 1584 532 1612 formam
548 1589 717 1616 transeunte.
731 1586 834 1615 Nomen
860 1593 949 1615 autem
965 1588 1062 1623 hujus—

276 1630 347 1658 modi
362 1631 471 1658 dicitur'
489 1633 588 1665 mentis
604 1634 804 1668 excogitatione
820 1635 876 1662 sive
895 1640 1063 1663 commenta-

277 1677 351 1704 tione
379 1676 618 1710 uominari.‘Quod
635 1678 658 1705 si
676 1678 726 1705 hoc
750 1678 915 1707 adversariis
932 1688 985 1707 non
1004 1682 1062 1716 pla—

277 1727 329 1755 ret,
347 1722 483 1757 quomodo
510 1724 608 1759 cuique
625 1725 760 1758 videatur,
777 1726 816 1753 sic
836 1733 865 1753 se
879 1726 985 1754 haheat.
1010 1727 1063 1755 Sed

271 1770 320 1799 _Izis
334 1777 394 1804 qua:
415 1770 544 1798 dicuntur
558 1771 728 1806 adversatur,
741 1773 786 1807 qui
809 1773 949 1800 nominum
964 1782 1024 1809 qua:
1036 1775 1062 1801 in

278 1815 427 1850 Scripturis
439 1815 495 1844 Deo
507 1817 702 1850 attribuuntur,
720 1818 796 1845 rudis
810 1824 851 1846 est
863 1819 1019 1854 ctignarus.
1035 1819 1062 1847 Si

277 1862 350 1889 enim
375 1863 481 1891 divinas
497 1871 578 1902 voces
599 1864 749 1897 didicisset,
765 1865 858 1900 utique
887 1872 978 1897 nosset
990 1867 1062 1902 quod

277 1909 358 1937 etiam
381 1909 553 1936 maledictum
569 1900 602 1937 et
618 1914 776 1945 peccatum,
798 1916 825 1938 et
839 1911 955 1946 juvenca
979 1918 1064 1942 (nstro

278 1955 391 1989 percita,
407 1960 433 1982 et
447 1955 554 1983 catulus
579 1955 698 1989 leonum,
713 1960 740 1984 et
756 1964 819 1984 ursa
848 1958 940 1991 dubia,
956 1964 983 1986 et
999 1967 1064 1994 par-

277 2001 357 2033 dalis,
385 2006 409 2028 et
431 2009 492 2036 quae
517 2000 649 2035 ejusmodi
668 2002 818 2030 secundum
842 2003 963 2032 diversas
989 2013 1065 2032 com-

279 2047 458 2074 mentationes
475 2055 489 2073 a
506 2046 646 2081 Scriptura
662 2047 793 2076 Dominus
806 2048 909 2076 dicitur
924 2058 932 2076 ε
947 2058 994 2085 per
1005 2059 1064 2086 quae

278 2093 388 2120 nomina
406 2093 493 2120 sancti
507 2096 534 2120 et
555 2097 714 2127 praestantes
730 2094 782 2122 viri
804 2103 916 2130 scopum
931 2097 1063 2129 notionis.

279 2140 304 2166 iu
316 2147 395 2174 quem
406 2140 510 2166 directo
520 2138 698 2172 aspiciebant,
707 2139 779 2167 clare
788 2141 942 2174 explanant.
953 2142 1063 2170 Etiamsi

279 2186 380 2219 passim
406 2188 538 2219 usurpata
555 2184 699 2211 videantur
718 2186 919 2219 quodammodo
938 2188 995 2216 haec
1015 2197 1064 2216 no-

1109 942 1272 977 διορίζεται;
1297 941 1343 977 Μὴ
1367 941 1417 976 τὴν
1439 940 1533 966 οὐσίαν
1557 939 1639 966 αὑτοῦ
1659 939 1703 965 διὰ
1727 938 1779 974 τῆς
1805 937 1899 972 ὀξίνης

1111 987 1238 1023 ὲνόησεν;
1253 986 1297 1022 Μὴ
1312 986 1355 1013 διά
1368 986 1419 1020 τῆς
1440 985 1524 1021 θύρας
1537 986 1553 1020 ἡ
1571 985 1621 1019 τῆς
1637 984 1765 1019 θεότητος
1778 983 1828 1009 τοῦ
1843 981 1899 1010 Πο-

1111 1032 1234 1067 νογενοῦς
1248 1032 1347 1067 ἰδιότης
1363 1031 1541 1067 σημαίνεται,
1563 1030 1580 1066 ἦ
1599 1030 1632 1057 δι’
1649 1029 1765 1056 ἑκάστου
1787 1028 1843 1054 τῶν
1856 1028 1900 1054 ά).-

1110 1081 1163 1107 λων
1176 1080 1231 1115 (ἵνα
1246 1079 1284 1115 μὴ
1304 1079 1386 1105 πολὺν
1408 1078 1555 1113 ἐπάγωμεν
1570 1077 1647 1113 ὄχλον
1662 1076 1701 1112 τῷ
1715 1075 1790 1111 λόγῳ
1813 1074 1899 1101 πάντα

1111 1126 1307 1161 καταλέγοντες
1332 1126 1367 1153 τὰ
1387 1125 1543 1161 ὀνόματα),
1559 1124 1589 1150 οὺ
1609 1123 1689 1158 φύσις
1712 1122 1762 1149 τοῦ
1781 1123 1900 1155 Μονογε-

1111 1171 1173 1203 νοῦς
1183 1171 1296 1198 ἕκαστον
1310 1170 1412 1197 τούτων
1427 1169 1482 1196 τῶν
1492 1169 1632 1204 ὀνομάτων
1642 1168 1715 1194 ἐστὶν
1725 1187 1732 1199 ,
1748 1166 1780 1193 οὗ
1793 1166 1899 1200 θεότης,

1112 1218 1161 1245 οὐκ
1181 1218 1274 1249 οὐσίας
1299 1217 1413 1252 ίδίωμας
1439 1215 1520 1242 Ἀλλὰ
1541 1215 1593 1251 μὴν
1615 1213 1778 1249 ὀνομάζεται
1803 1212 1899 1243 ταῦτα,

1113 1264 1159 1291 καὶ
1172 1265 1189 1299 ἡ
1205 1263 1300 1298 κλῆσις
1317 1263 1348 1290 τὸ
1368 1264 1463 1298 κύριον
1485 1262 1551 1297 ἔχει.
1574 1260 1657 1287 Οὐδὲν
1678 1259 1733 1294 γὰρ
1751 1259 1836 1294 ἀργὸν
1856 1258 1899 1284 καὶ

1112 1311 1267 1346 ἀσήμαντον
1283 1309 1313 1335 ὲν
1328 1309 1387 1340 ταῖς
1412 1307 1500 1339 θείαις
1521 1307 1624 1341 φωναῖς
1641 1305 1740 1339 εὐαγές
1755 1305 1832 1331 ἐςτιν
1847 1304 1898 1330 oi:-

1113 1355 1186 1383 σθαι,
1215 1354 1320 1382 Οὐκοῦν
1342 1353 1447 1380 είπάτω
1468 1353 1515 1379 τὸν
1529 1352 1608 1386 λόγον
1627 1352 1653 1378 ει
1677 1350 1770 1378 ἀθετεῖ
1785 1350 1817 1377 τὸ
1841 1351 1899 1377 κατ’

1113 1401 1234 1428 ἐπίνοιαν
1259 1399 1407 1433 λέγεσθαι,
1431 1398 1514 1424 πόθεν
1537 1395 1721 1432 ὲφαρμόζεται
1752 1395 1841 1422 ταῦτα
1865 1395 1901 1429 τῷ

1112 1446 1223 1482 Χριστῷ
1242 1447 1277 1473 τὰ
1297 1446 1425 1481 ὀνόματα.
1448 1445 1543 1480 Ἡμεῖς
1565 1444 1615 1479 μὲν
1632 1444 1687 1479 γὰρ
1706 1442 1789 1469 τοῦτό
1803 1450 1900 1476 φαμεν,

1112 1493 1164 1524 ὅτι,
1178 1491 1323 1523 πολυειδῶς
1334 1491 1380 1518 τοῦ
1395 1490 1496 1526 Κυρίου
1508 1492 1558 1526 τῆς
1568 1489 1741 1524 ἀνθρωπίνης
1758 1487 1900 1523 προνοοῦν-

1113 1546 1159 1570 τος
1175 1537 1247 1573 ζωῆς
1257 1558 1264 1568 ,
1277 1537 1392 1564 ἕκαστον
1409 1536 1568 1572 εὐεργεσίας
1583 1534 1651 1567 εἶδος
1662 1535 1696 1562 δι’
1716 1535 1835 1561 ἑκάστου
1851 1534 1901 1560 τῶν

1112 1583 1241 1610 τοιούτων
1262 1583 1401 1618 ὀνομάτων
1429 1582 1604 1618 καταλλήλως
1634 1581 1801 1616 γνωρίζεται
1818 1600 1826 1610 ,
1855 1579 1901 1613 τῆς

1113 1629 1302 1664 Θεωρουμένης
1316 1628 1391 1663 αὺτῷ
1414 1628 1542 1664 προνοίας
1559 1627 1606 1654 καὶ
1630 1627 1771 1662 ἐνεργείας
1789 1627 1830 1657 είς
1845 1625 1900 1652 ὀνό-

1115 1682 1200 1709 ματος
1219 1673 1304 1700 τύπον
1332 1673 1556 1708 μεταϐαινούσης.
1579 1672 1617 1698 Τὸ
1636 1672 1665 1698 δὲ
1680 1671 1802 1698 τοιοῦτον
1820 1672 1902 1706 δνομα

1114 1721 1180 1756 παρ’
1198 1719 1277 1755 ήμῶν
1303 1720 1409 1747 ἐπίνοια
1428 1719 1536 1753 λέγεται
1559 1717 1750 1754 ὀνομάζεσθαι.
1771 1717 1805 1744 Εἰ
1818 1717 1847 1743 δὲ
1867 1716 1902 1752 μὴ

1113 1766 1192 1793 τοῦτο
1208 1766 1282 1801 φίλον
1306 1767 1363 1798 τοῖς
1392 1765 1584 1800 ἀντιλέγουσιν,
1612 1765 1686 1796 ὅπως
1712 1763 1746 1790 ἄν
1765 1772 1806 1798 τῳ
1827 1763 1900 1796 δοκῇ,

1115 1811 1208 1846 ἐχέτω.
1232 1810 1301 1837 Ἀλλ’
1319 1810 1455 1845 ἀντιλέγει
1471 1811 1528 1841 τοῖς
1550 1809 1707 1845 λεγομένοις
1723 1809 1738 1835 ὁ
1757 1808 1814 1835 τῶν
1836 1817 1901 1842 γρα-

1114 1858 1202 1893 φικῶν
1228 1858 1367 1893 ὀνομάτων
1392 1858 1516 1893 ἀνήκοος.
1540 1857 1571 1884 Εἰ
1597 1857 1652 1892 γὰρ
1674 1856 1841 1882 πεπαίδευτο
1856 1855 1901 1886 τὰς

1114 1904 1188 1936 θείας
1204 1903 1312 1938 φωνὰς.
1330 1903 1403 1938 ἔγνω
1423 1904 1531 1935 πάντως
1552 1903 1584 1930 ἃν
1601 1903 1642 1929 ὅτι
1665 1902 1712 1929 καὶ
1735 1902 1845 1935 κατάρα
1859 1902 1902 1927 καὶ

1115 1948 1234 1984 ἁμαρτία
1248 1968 1256 1980 ,
1270 1949 1317 1975 καὶ
1340 1947 1535 1983 παροιστρῶσα
1555 1947 1690 1982 δάμαλις.
1711 1947 1760 1973 καὶ
1786 1946 1902 1981 σκύμνος

1113 1997 1239 2028 λεόντων,
1254 1995 1301 2022 καὶ
1313 1994 1412 2029 ἄρκτος
1426 1993 1611 2029 ἀπορουμένη,
1630 1993 1676 2020 καὶ
1691 1992 1843 2028 πάρδαλις,
1858 1993 1902 2018 καὶ

1114 2042 1147 2068 τὰ
1166 2041 1277 2068 τοιαῦτα
1293 2039 1363 2067 κατὰ
1375 2039 1521 2074 διαφόρους
1535 2039 1656 2070 ἐπινοίας
1669 2039 1747 2075 παρά
1764 2038 1816 2073 τῆς
1835 2038 1902 2073 [κρα-

1115 2089 1166 2123 φῆς
1186 2089 1201 2114 ὁ
1220 2087 1321 2123 Κύριος
1335 2087 1443 2121 λέγεται
1454 2094 1461 2100 ·
1475 2086 1530 2113 τῶν
1544 2086 1630 2120 ἁγίων
1648 2094 1678 2112 τε
1701 2085 1750 2112 καὶ
1766 2085 1900 2120 διαφόρων

1114 2135 1217 2171 ἀνδρῶν
1240 2134 1285 2161 τὸν
1302 2135 1402 2161 σκοπὸν
1426 2135 1472 2161 τοῦ
1494 2134 1644 2169 νοήματος,
1664 2133 1733 2169 πρὸς
1759 2133 1789 2160 ὃν
1815 2133 1901 2167 ἀφεώ-

1117 2190 1183 2216 ρων,
1199 2180 1349 2212 εύθυϐόλως
1362 2181 1417 2212 τοῖς
1430 2180 1543 2215 ὀνόμασι
1555 2179 1660 2212 τούτοις
1673 2180 1897 2215 διατρανούντων.

279 2232 362 2263 mina,
371 2231 519 2259 secundum
529 2234 682 2265 promptam
695 2234 721 2258 et
729 2231 820 2258 tritam
829 2232 1060 2267 signiﬁcationem,

1120 2226 1150 2253 Et
1165 2226 1194 2253 δὲ
1222 2226 1268 2252 καὶ
1289 2225 1481 2261 διαϐεϐλῆσθαι
1496 2225 1583 2252 ταῦτα
1599 2225 1673 2252 δοκεῖ
1687 2233 1747 2257 πως
1758 2225 1829 2252 κατά
1856 2225 1902 2260 τὴν

279 2285 340 2311 quae
355 2277 465 2312 quidem
482 2275 589 2311 singula
607 2276 658 2304 nisi
668 2277 730 2310 quis
744 2284 792 2312 per
809 2280 1065 2307 commentationem

281 2325 307 2351 in
320 2324 372 2350 Deo
384 2324 427 2358 pie
448 2322 501 2350 dici
523 2323 703 2356 concesserit,
717 2330 770 2350 non
789 2330 855 2358 pura
866 2324 918 2351 erit
933 2324 1016 2352 dictio
1032 2325 1067 2353 ab

281 2369 363 2403 impia
373 2368 538 2402 suspicione.
548 2367 586 2395 Ac
600 2368 853 2411 prolixum‘quidcm
862 2374 934 2397 esset
944 2371 1065 2398 omnium

281 2420 476 2451 repraesentare
490 2420 517 2442 et
528 2415 666 2443 denttdare
676 2415 734 2442 sive
748 2415 855 2450 aperire
867 2423 989 2449 sensum,
998 2425 1066 2451 quo-

280 2460 361 2489 modo
389 2462 446 2489 ha‘c
468 2461 550 2488 etiam
567 2461 647 2496 vulgo
666 2466 795 2496 usurpata
824 2467 889 2490 sunt
915 2463 1065 2490 secundum

280 2515 451 2535 communem
478 2507 707 2535 existimationem
723 2514 755 2534 ex
778 2512 904 2543 prompta
927 2508 1065 2543 signiﬁca-

280 2554 369 2586 tione,
388 2554 517 2589 quoniam
541 2553 612 2580 ratio
638 2554 875 2582 commentationis
898 2554 991 2589 pietati
1015 2553 1065 2582 Dei

279 2601 387 2628 nomina
405 2599 545 2627 conciliat.
559 2598 612 2626 Sed
632 2599 667 2626 ad
681 2607 714 2627 ea
724 2607 785 2635 qua
804 2599 933 2634 deinceps
945 2607 1065 2635 sequun-

279 2650 332 2678 tur,
350 2645 565 2681 progrediamur.

317 2691 425 2718 liursus
445 2690 560 2725 repetito
588 2697 724 2723 sermone,
746 2690 880 2726 ejusmodi
909 2691 1019 2718 nomina
1039 2690 1066 2717 in

281 2737 396 2763 Domino
412 2736 550 2768 dicuntur,
570 2744 619 2764 nec
634 2744 728 2764 eorum
754 2737 899 2772 quisquam
917 2737 962 2771 qui
981 2737 1007 2764 in
1022 2737 1066 2764 di-

282 2781 384 2808 vinitus
403 2781 542 2816 iuspiratis
565 2780 713 2816 Scripturis
722 2785 846 2809 versatus
858 2780 950 2812 fuerit,
961 2781 1066 2808 inﬁcias

283 2828 343 2858 ibit,
360 2828 416 2855 inec
437 2829 502 2856 dici.
516 2828 586 2861 Quid
608 2829 701 2863 igitur,
717 2836 781 2855 num
799 2828 886 2863 ipsius
908 2831 1014 2854 natura:
1029 2827 1067 2854 si-

283 2873 450 2908 gniﬁcativas
477 2883 557 2903 voces
580 2874 731 2902 deﬁniunt?
748 2873 828 2909 Ergo,
849 2873 947 2908 inquit,
974 2872 1066 2899 multi-

1118 2271 1261 2307 πρόχειρον
1275 2270 1386 2303 ἔνδειξιν
1400 2270 1433 2296 τὰ
1446 2270 1566 2305 ὀνόματα
1577 2289 1585 2301 ,
1603 2269 1676 2306 ἆπερ
1692 2270 1809 2297 ἕκαστον
1828 2271 1851 2296 εί
1867 2271 1901 2305 μὴ

1119 2317 1190 2344 κατά
1202 2315 1264 2342 τινά
1277 2323 1319 2346 τις
1338 2315 1461 2342 ἐπίνοιαν
1474 2315 1582 2349 εὐαγῶς
1602 2314 1780 2349 ἐπιλέγεσθαι
1794 2315 1833 2350 τῷ
1848 2315 1902 2349 Θεῷ

1117 2362 1328 2397 συγχωρήσειεν,
1346 2360 1375 2386 οὐ
1393 2359 1558 2395 καθαρεύσει
1576 2360 1626 2395 τῆς
1639 2361 1826 2396 ἀοεϐεστέρας
1840 2361 1901 2387 ὐπο-

1117 2408 1189 2438 νοίας
1204 2408 1220 2442 ἡ
1234 2406 1315 2440 λέξις.
1333 2406 1388 2432 Καὶ
1404 2405 1508 2441 μακρὸν
1527 2405 1560 2432 ἂν
1580 2405 1623 2440 εἴη
1638 2405 1703 2442 περὶ
1726 2407 1838 2433 πάντων
1853 2414 1903 2432 πα-

1117 2454 1211 2489 ριστᾷν
1227 2461 1257 2478 τε
1271 2453 1317 2478 καὶ
1335 2450 1512 2486 ἀπογυμνοῦν
1528 2451 1576 2486 τὴν
1589 2451 1708 2478 διάνοιαν
1722 2471 1729 2483 ,
1747 2452 1808 2483 πῶς
1823 2451 1903 2478 ταῦτα

1117 2500 1164 2527 καὶ
1184 2499 1360 2534 διαϐέϐληται
1381 2497 1453 2525 κατά
1469 2497 1518 2532 τὴν
1541 2497 1634 2533 κοινὴν
1654 2497 1792 2534 ὑπόληψιν
1813 2499 1845 2524 ἐκ
1858 2498 1903 2533 τῆς

1117 2546 1262 2582 προχείρου
1276 2546 1432 2580 ἐμφάσεως,
1443 2544 1490 2571 καὶ
1499 2544 1514 2570 ὁ
1524 2544 1573 2578 τῆς
1585 2543 1707 2574 ὲπινοίας
1720 2543 1802 2578 λόγος
1815 2544 1903 2571 οἰκεωί

1116 2594 1149 2628 τῇ
1175 2591 1300 2627 εὐσεϐείᾳ
1316 2591 1363 2617 τοῦ
1387 2590 1454 2617 Θεοῦ
1474 2590 1507 2616 τὰ
1523 2589 1652 2624 ὀνόματα.
1680 2590 1764 2616 Ἀλλὰ
1787 2591 1856 2626 πρὸς
1877 2590 1906 2615 τὺ

1118 2639 1227 2674 συνεχὲς
1239 2639 1289 2674 τῆς
1304 2637 1465 2669 ἀκολουθίας
1479 2635 1664 2672 προέλθωμεν.

1152 2686 1237 2712 Πάλιν
1251 2684 1466 2716 ἐπαναλαϐόντες
1475 2684 1519 2710 τὸν
1532 2683 1620 2718 λόγον,
1630 2683 1740 2717 λέγεται
1752 2683 1788 2710 τὰ
1799 2683 1902 2710 τοιαῦτα

1116 2732 1170 2758 τῶν
1185 2731 1325 2766 ὀνομάτων
1339 2731 1385 2756 ἐπὶ
1399 2730 1446 2756 τοῦ
1462 2730 1576 2766 Κυρίου.
1592 2729 1639 2756 καὶ
1652 2729 1703 2755 οὐκ
1718 2728 1752 2755 ἄν
1766 2737 1810 2760 τις
1825 2728 1902 2755 ἀντεί-

1118 2786 1163 2804 ποι
1179 2777 1232 2803 τῶν
1248 2775 1476 2811 καθωμιληκότων
1492 2776 1553 2806 ταῖς
1575 2773 1766 2805 θεοπνεύστοις
1787 2774 1901 2808 Γραςαὴ

1116 2823 1201 2850 ταῦτα
1226 2822 1263 2858 μὴ
1282 2821 1419 2856 λέγεσθαι.
1445 2821 1478 2847 Τί
1498 2819 1543 2848 οὗν
1561 2818 1615 2855 ἄρα
1629 2820 1716 2854 αὐτῆς
1731 2820 1782 2854 τῆς
1803 2819 1901 2853 φύσεως

1120 2869 1287 2906 σημαντικὰς
1300 2868 1389 2904 φωνὰς
1404 2867 1548 2900 διορίζεται
1559 2875 1565 2895 :
1578 2866 1682 2894 Οὐκοῦν
1698 2865 1824 2893 πολυειδῆ
1835 2873 1899 2895 τινα,
