1951 3074
92 106 164 133 Mli

626 105 766 133 CONTRA
782 105 985 139 EUNOMIUM,
1008 106 1071 133 LII}.
1094 106 1151 133 ΧΠ.

1649 101 1716 127 ιυιι

91 165 161 200 φησὶ
173 184 181 196 ,
197 165 245 200 τὴν
259 163 335 191 θείαν
357 164 452 199 φύσιν,
469 165 515 192 καὶ
535 165 729 192 πολυσύνθετον
746 165 815 192 κατὰ
830 166 878 196 τὰς

940 164 1045 192 'ormem
1061 164 1207 200 quamdam
1226 163 1345 190 divinam
1363 165 1501 192 naturam,
1523 158 1716 194 multiplicem-

89 210 224 245 διαφορὰς
237 209 290 236 τῶν
304 210 333 235 ὲν
349 212 405 241 τοῖς
418 210 530 245 ὀνόμασι
545 211 759 247 σημαινομένων,
775 212 805 238 τὸ
820 220 880 238 ποι-

92 256 169 282 κίλον
184 255 400 290 ἐνδεικνυμένην.
420 255 456 282 Οὐ
477 255 531 291 γὰρ
548 257 564 291 ἡ
582 256 650 292 αὐτὴ
670 256 717 283 τοῦ
737 257 818 292 ἄρτου
836 257 882 283 καὶ

90 302 141 328 τοῦ
156 301 261 332 λέοντος
275 301 397 336 σημασία
409 321 417 334 ,
436 301 496 328 οὐδὲ
512 302 596 337 θύρας
618 311 647 329 τε
668 303 714 329 καὶ
729 302 880 337 δαμάλεως,

91 346 155 372 οὐδὲ
172 346 266 380 ἀξίνης
283 347 330 372 καὶ
344 346 455 380 ὓδατος,
474 347 530 374 ἀλλ’
542 347 657 374 ἑκάστου
673 347 727 375 τῶν
743 344 882 383 ὀνομὰτών

91 392 160 418 ἴδιόν
175 394 248 419 ἐστιν
266 393 378 428 ὁρισμὸν
393 393 551 423 ἀποδοῦναι.
572 394 631 420 κατ’
647 394 722 421 οὐδὲν
742 394 881 420 ἐπικοινω-

91 438 191 464 νοῦντα
204 440 260 470 τοῖς
273 438 371 470 ἄλλοις.
392 439 496 465 υὺκοῦν
515 439 594 474 φύσιν
617 440 666 475 μὲν
685 440 715 466 οὐ
734 440 881 474 σημαίνου-

93 492 152 509 σιν·
167 484 268 519 ἄκυρον
279 484 308 510 δέ
322 493 364 515 τις
384 485 429 511 καὶ
444 485 601 520 ἀσήμαντον
615 486 702 512 εἰπεῖν
723 485 773 520 τὴν
787 485 883 520 κλῆσιν

91 529 148 556 τῶν
164 530 312 566 ὀνομάτων,
327 530 378 557 οὐκ
394 531 427 558 ἂν
439 531 609 566 τολμήσειεν.
626 532 656 558 Εἰ
669 531 758 558 τοίνυν
775 531 882 565 λέγεται

95 576 158 610 μὲν,
175 577 206 602 οὐ
226 577 295 603 κατὰ
311 576 391 610 φύσιν
403 576 442 607 δὲ,
458 578 512 604 πᾶν
527 577 553 604 δὲ
573 577 603 604 τδ
617 577 692 612 παρὰ
711 577 762 612 τῆς
775 577 884 612 Γραφῆς

95 622 239 657 λεγόμενον
257 623 350 657 κύριον
372 623 480 654 πάντως
495 623 554 649 ἐστὶ
569 624 616 649 καὶ
631 622 778 659 προσφυῶς
794 623 883 649 ἐπιλέ-

95 677 185 702 γεται,
204 670 247 701 τίς
267 668 359 704 ἕτερος
373 668 545 695 ὑπολείπεται
559 669 636 703 λόγος
653 669 698 695 τοῦ
712 669 883 704 ἁρμοζόντως

93 715 135 750 τῷ
156 715 303 749 Μονογενεῖ
328 714 387 749 Θεῷ
406 715 454 746 τὰς
474 714 599 747 τοιαύτας
628 714 757 749 τετάχθαι
781 715 882 749 φωνὰς,

95 763 167 797 πλὴν
180 760 225 788 τοῦ
243 762 302 788 κατ’
317 761 437 788 ἐπίνοιαν
450 761 570 796 τρόπου;
590 761 672 796 Δῆλον
688 761 742 796 γὰρ
757 762 797 788 ὅτι
815 762 882 797 πρὸς

93 808 126 833 τὸ
142 807 262 833 ποικίλον
279 807 332 833 τῶν
348 806 492 842 ἐνεργειῶν
503 807 573 833 κατὰ
586 806 729 842 διαφόρους
747 807 883 842 σημασίας

93 854 328 888 ὁνοματοποιεῖται
360 853 388 879 τὺ
405 853 486 884 θεῖον,
506 853 579 885 ὃπως
597 853 630 879 ἂν
645 853 785 887 νοήσωμεν
798 851 883 883 οὕτως

93 899 304 934 ὀνομαζόμενον.
325 899 356 925 Τί
375 897 420 925 οὖν
440 899 599 934 λυμαίνεται
612 900 667 930 τοῖς
682 898 883 933 εὐσεϐεστέροις

94 947 112 980 ὴ
129 946 176 972 τοῦ
191 945 237 972 νοῦ
254 945 331 980 ἡμῶν
351 945 415 980 πρὸς
427 945 477 981 τὴν
492 945 653 980 κατανόησιν
666 944 719 970 τῶν
734 944 883 979 γινομένων

94 991 222 1026 ἐνέργεια
233 1011 241 1023 ,
258 991 291 1026 ἢν
305 991 384 1025 ἡμεῖς
405 991 452 1025 μὲν
469 990 590 1016 ἐπίνοιαν
607 990 731 1025 λέγομεν.
751 990 781 1016 Εἰ
798 989 826 1015 δέ
843 998 884 1020 τις

94 1037 191 1072 ἕτερόν
210 1045 236 1062 τι
251 1036 342 1063 καλεῖν
357 1036 452 1067 ἐθέλοι,
469 1036 499 1062 οὐ
516 1035 681 1071 διοισόμεθα,
703 1035 770 1061 Ἀλλ’
786 1035 816 1061 οὑ
836 1044 884 1070 με-

94 1084 182 1118 θίησι,
194 1083 317 1118 καθάπερ
327 1083 351 1108 oi
366 1082 446 1108 δεινοὶ
460 1081 513 1107 τῶν
524 1081 692 1115 ἀγωνιστῶν,
705 1080 754 1116 τὴν
766 1081 884 1114 ἄφυκτον

93 1130 199 1165 ταύτην
215 1129 274 1156 καθ’
289 1129 367 1163 ἡμῶν
386 1128 479 1163 λαϐὴν,
496 1128 542 1154 καί
559 1134 640 1161 φησιν
655 1126 740 1157 οὕτως
755 1126 824 1152 κατὰ
841 1125 886 1152 λέα

95 1177 139 1208 ξιν
151 1196 159 1206 .
176 1177 216 1202 ὅτι
234 1175 328 1202 Ταῦτα
351 1175 390 1202 δι’
406 1174 541 1207 ἐπινοίας
557 1173 746 1207 ἀνθρωπίνης
770 1171 835 1199 ἐστὶ
849 1171 885 1198 τὰ

96 1223 244 1257 (rogata,
257 1222 305 1249 καί
322 1221 383 1248 κατ’
397 1221 533 1247 ἐπίνοιαν
547 1219 666 1253 λέγεται
682 1227 782 1251 τινων,
799 1217 818 1245 ἆ
833 1219 884 1245 οὺ-

95 1269 161 1301 εείς
177 1269 356 1295 ἀποστόλων
370 1267 439 1293 οὔτε
453 1266 511 1293 τῶν
523 1264 745 1300 εὐαγγευίιστῶν
756 1264 884 1295 ἐδίδαξε,

97 1317 155 1342 Καὶ
173 1315 241 1350 μετὰ
257 1314 305 1349 τὴν
323 1314 428 1349 ἄμαχον
445 1312 546 1347 ταύτην
561 1310 741 1346 ἐπιχείρησιν,
761 1310 885 1345 ἐπιφέρει

96 1363 148 1397 τὴν
160 1361 235 1396 ἱερὰν
248 1360 353 1394 ἐκείνην
366 1359 466 1394 φωνὴν,
476 1360 509 1393 τῇ
521 1356 721 1392 πεπαιδευμένη
732 1357 765 1382 τὰ
776 1355 886 1382 τοιαῦτα

98 1409 176 1442 φωνῇ
201 1408 250 1442 τὴν
273 1405 377 1440 δυσώδη
405 1405 485 1431 πάλιν
508 1404 568 1430 καθ’
593 1402 671 1438 ἡμῶν
691 1401 824 1438 λοιδορίαν
838 1402 886 1428 ἐκέ

99 1454 203 1481 πτύων.
227 1453 368 1487 Τοιγάρτοι
382 1451 448 1486 (ρησῖ¹
461 1451 510 1485 τὴν
530 1450 558 1483 ἐξ
574 1449 716 1482 ἀναλογίας
729 1448 887 1483 ὁμωνυμίαν

99 1500 249 1536 προφέρειν
264 1499 304 1530 είς
319 1497 490 1532 ἀνθρωπίνην
505 1496 636 1528 ἐπίνοιαν,
650 1495 737 1530 ψυχῆς
751 1495 830 1530 ἔργον
843 1495 887 1520 τὸν

101 1548 152 1583 μὲν
167 1545 325 1582 ἐρρωμένον
339 1543 402 1570 νοῦν
421 1543 492 1569 κατὰ
505 1542 583 1577 δίκην
605 1541 803 1576 παρῃρημένης
816 1559 823 1572 ,
839 1540 888 1575 ἁρ-

102 1593 199 1629 ρώστῳ
215 1592 243 1618 δὲ
266 1591 370 1626 διανοίᾳ
396 1590 444 1616 καὶ
471 1588 656 1624 πεφωρημένῃ
678 1587 731 1613 τινὶ
761 1586 889 1621 συνηθείᾳ.

100 1640 165 1670 τοὺς
185 1637 229 1664 τοῦ
254 1635 356 1671 Κυρίου
381 1634 476 1668 λόγους
502 1633 712 1666 ἐπισκοπούσης.
732 1631 816 1657 Βαϐαῖ
840 1630 889 1665 τῆς

100 1684 274 1719 διαλεκτικῆς
288 1681 450 1714 ἀποδείξεως
462 1700 469 1712 ,
494 1679 531 1711 ὡς
545 1678 675 1714 τεχνικῶς
691 1678 705 1703 ὁ
720 1677 798 1711 λόγος
816 1676 889 1711 αὐτῷ

102 1731 172 1767 πῴς
187 1730 232 1756 τὸν
248 1728 347 1755 σκοπὸν
363 1725 593 1761 συμπεραίνεται;
607 1724 655 1755 Τίς
671 1724 704 1750 ἂν
721 1723 762 1749 ἔτι
776 1723 889 1757 συσταίη

101 1779 142 1813 τῷ
169 1777 228 1804 κατ’
246 1776 366 1802 ἐπίνοιαν
389 1773 481 1807 λόγῳ;
509 1770 649 1804 Τοσαύτης
671 1769 759 1804 ὀσμῆς
786 1770 818 1795 ὲκ
843 1769 889 1794 τοῦ

103 1824 239 1858 στόματος
251 1819 332 1847 αὑτοῦ
344 1820 400 1850 τοῖς
412 1816 579 1852 ἐπιχειροῦσί
596 1823 624 1841 τι
635 1815 724 1849 λέγειν
744 1814 891 1850 προχεομὲ-

103 1877 170 1903 νη;;
197 1866 259 1902 'Ap‘
283 1863 328 1892 οὖν
357 1863 488 1898 ἀφεκτέον
514 1861 561 1888 καὶ
581 1862 645 1896 ἡμῖν
669 1860 713 1886 διὰ
739 1859 817 1886 τοῦτο
835 1860 892 1891 τοῖς

104 1911 273 1950 ἐπιχειροῦσί
283 1920 309 1937 τι
318 1910 408 1944 λέγειν
423 1909 472 1943 τῆς
489 1908 556 1943 πρὸς
574 1907 654 1933 αὐτὸν
673 1905 719 1932 τοῦ
736 1905 815 1939 λόγου
829 1913 892 1931 συν-

105 1960 255 1993 εξετάσεως
266 1978 272 1990 ,
286 1957 322 1988 ὡς
339 1957 371 1983 ἂν
390 1955 427 1990 μὴ
440 1954 499 1980 καθ’
515 1952 593 1988 ἡμῶν
608 1952 657 1986 τὴν
670 1951 779 1986 ἀμάραν
791 1950 892 1985 ταύτην

104 2007 156 2041 τῆς
168 2003 300 2039 λοιδορίας
317 2000 522 2036 ὑποκινήσειεν,
542 1997 558 2032 ἢ
586 1996 759 2032 μικροψύχων
781 1996 838 2022 ἐστὶ
862 1995 892 2021 τὸ

106 2053 175 2086 προς
193 2050 243 2081 τὰς
258 2047 401 2084 νηπιώδεις
418 2043 630 2080 παραφροσύνας
642 2040 891 2077 ὰντιτραχύνεσθαι.

105 2097 212 2125 οὐκοῦν
229 2093 417 2130 συγχωρητέον
429 2091 468 2142 τῦ)
484 2091 597 2125 ὑϐριστῇ
613 2088 763 2123 κεχρῆσθαι
783 2087 850 2123 πρὸς
863 2087 894 2113 τὺ

105 2142 201 2170 δοκοῦν
223 2141 263 2176 τῷ
288 2139 390 2175 τρόπῳ.
417 2133 635 2171 Ἐὂιαναληπτέον
662 2134 691 2159 δὲ
717 2134 762 2160 τὸν
789 2133 892 2160 ἐκείνου

932 218 985 246 que
998 211 1146 238 secundum
1162 209 1329 238 ditl‘erentias
1348 208 1566 244 signiﬁcatorum
1583 212 1643 239 qua:
1655 209 1718 231 sunt

932 258 959 285 in
975 257 1018 284 his
1039 256 1196 284 nominibus
1207 255 1279 291 quod
1294 255 1399 282 varium
1416 258 1457 282 est
1472 253 1715 280 demonstrantem.

931 300 990 328 Non
1004 301 1076 328 enim
1091 300 1184 328 cadent
1202 299 1279 334 panis
1301 301 1328 326 et
1349 299 1436 326 leonis
1458 295 1650 333 signiﬁcantia,
1669 301 1718 321 ne-

932 355 984 382 qtte
1004 347 1067 374 ostii
1089 349 1116 373 et
1132 346 1232 376 vitulae,
1252 352 1340 379 neque
1353 344 1433 371 ascia:
1454 347 1480 371 et
1502 350 1589 378 aquae,
1605 340 1652 369 sed
1667 348 1717 367 eu-

930 394 1031 428 jusque
1042 392 1161 419 nominis
1176 391 1286 426 propria
1301 390 1421 418 deﬁnitio
1440 388 1576 416 reddenda
1589 391 1642 420 est,
1658 393 1718 421 qua:

934 439 1008 466 nulla
1030 439 1056 465 in
1069 445 1097 465 re
1120 437 1181 464 aliis
1206 436 1351 464 convenire
1373 435 1468 470 possit.
1495 434 1565 469 Ergo
1588 436 1714 460 naturam

932 484 1040 519 quidem
1057 490 1109 510 non
1128 481 1292 517 signiﬁcant,
1307 480 1484 515 improprium
1498 484 1587 506 autent
1599 482 1627 505 et.
1647 477 1715 504 nihil

933 530 1130 565 signiﬁcantem
1154 527 1294 555 nominum
1317 525 1523 560 appellationem
1539 524 1628 551 dicere
1656 530 1711 549 non

934 584 1019 603 ausus
1037 574 1127 602 fuerit.
1149 573 1176 600 Si
1196 573 1288 607 itaque
1312 572 1442 599 dicuntur
1461 570 1580 605 quidem,
1601 576 1655 595 non
1669 575 1718 594 au-

934 626 987 650 tem
999 621 1149 649 secundum
1159 624 1294 652 naturam,
1306 617 1437 653 quidquid
1452 619 1541 643 autem
1555 622 1569 640 a
1578 614 1718 648 Scriptura

934 669 1051 700 dicitur,
1073 667 1212 702 proprium
1235 672 1277 694 est
1302 664 1413 692 omnino
1437 668 1464 690 et
1491 665 1594 688 natura:
1620 668 1718 687 conve-

934 715 1041 742 ttienler
1067 713 1192 741 dicitur:
1219 717 1341 747 quienam
1367 710 1447 745 igitur
1474 708 1527 734 alia
1556 706 1718 739 relinquitur

933 762 1002 788 ratio
1010 768 1059 788 cur
1072 758 1206 794 ejusmodi
1221 764 1300 784 vaces
1318 755 1370 781 Deo
1382 753 1525 788 Unigenito
1539 754 1718 786 congruenter

933 807 1070 834 attributa:
1085 806 1150 836 sint,
1179 807 1274 838 praeter
1299 801 1408 828 tnodttm
1433 799 1480 834 qtti
1500 798 1600 825 dicitur
1622 804 1719 824 secun-

935 853 999 880 dum
1013 848 1288 879 commentationem?
1306 845 1483 880 Perspicuum
1500 843 1571 870 enim
1586 846 1627 869 est
1646 841 1719 875 quod

936 906 984 934 pro
1010 897 1141 925 varietate
1167 894 1356 930 operationmn
1384 890 1533 919 scentulum
1566 888 1720 915 diﬁ‘et‘entt’s

936 943 1132 978 signiﬁcantius
1146 941 1218 968 Deus
1233 939 1399 970 nominatur,
1419 940 1449 964 ut
1466 935 1647 970 intelligamus
1658 941 1720 960 eum

936 990 975 1017 sic
1002 989 1183 1016 nominatum.
1208 985 1278 1018 Quid
1308 984 1391 1019 igitur
1414 983 1466 1018 piis
1480 981 1617 1008 tuentibus
1641 982 1721 1006 nocet

935 1035 1022 1063 nostri
1041 1034 1194 1061 intellectus
1219 1031 1342 1067 operatio
1362 1030 1395 1056 ad
1421 1027 1603 1063 cognitionem
1626 1032 1721 1052 eorum

935 1089 996 1116 qua:
1011 1083 1086 1111 sunt,
1105 1086 1186 1114 quant
1213 1086 1264 1105 nos
1284 1076 1394 1111 quidem
1411 1074 1529 1100 ἐπίνοιαν
1549 1064 1721 1101 (Ιίρὶιιιιιείὶιι

935 1131 976 1155 est
991 1124 1257 1154 commentationem?
1282 1121 1359 1155 Quod
1375 1121 1397 1148 si
1420 1119 1481 1154 quis
1505 1118 1584 1145 aliter
1599 1116 1664 1143 velit
1678 1122 1722 1141 vo—

937 1181 1010 1205 care,
1029 1180 1084 1200 non
1107 1169 1317 1205 rel‘ragabimur.
1339 1166 1391 1194 Sed
1409 1173 1462 1192 non
1481 1163 1606 1194 remittit,
1629 1167 1723 1196 quem-

936 1219 1082 1247 admodum
1122 1217 1298 1244 vehementer
1332 1216 1481 1241 certatores
1518 1207 1722 1237 ineluctabilem

936 1266 1007 1292 hanc
1034 1268 1129 1292 contra
1147 1270 1198 1290 nos
1216 1269 1310 1289 ansam
1338 1264 1364 1287 ct
1387 1257 1594 1293 prehensionem
1617 1256 1644 1280 et
1658 1251 1724 1279 dicit

936 1311 976 1338 sic
988 1310 1020 1336 ad
1038 1308 1161 1339 verbum,
1180 1308 1252 1341 quod
1268 1305 1331 1332 Πανί
1347 1311 1393 1339 per
1408 1299 1650 1329 commentationem
1675 1297 1725 1322 hu-

936 1365 1016 1383 mana
1031 1360 1091 1382 sunt
1111 1354 1218 1381 nomina
1231 1358 1255 1380 et
1281 1359 1326 1386 per
1342 1347 1585 1377 commentationem
1600 1351 1724 1380 quorum-

936 1403 998 1429 dam
1015 1392 1149 1433 dicuntitr,
1163 1407 1220 1435 qua:
1237 1397 1325 1426 nullus
1348 1394 1525 1430 apostoloran
1545 1397 1625 1426 neque
1647 1397 1726 1416 erim—

937 1447 1090 1482 getislarum
1114 1445 1213 1472 docuit.
1242 1443 1274 1470 Et
1308 1446 1369 1477 post
1394 1441 1464 1468 hanc
1489 1435 1723 1472 inexpugnabilem

902 1504 922 1533 ο
939 1493 1155 1528 aggressionem,
1174 1497 1281 1517 sacram
1301 1488 1375 1514 illam
1391 1486 1473 1514 infert
1496 1489 1602 1513 vocem.
1620 1480 1724 1508 erudita

939 1539 972 1565 ad
985 1539 1041 1565 haec
1048 1544 1113 1564 voce
1129 1535 1241 1563 fetidum
1253 1538 1348 1560 contra
1359 1539 1408 1559 nos
1420 1528 1569 1558 eonvitium
1578 1532 1724 1560 exspuens.

938 1583 1024 1615 Nam,
1053 1581 1154 1616 inquit,
1188 1578 1392 1614 homonymiam
1424 1584 1457 1603 ex
1488 1575 1578 1609 aliqua
1603 1571 1726 1605 analogia

939 1630 1109 1664 desutnptam
1136 1627 1164 1654 in
1188 1625 1307 1653 medium
1334 1623 1456 1658 proferre
1480 1621 1513 1648 ad
1537 1617 1727 1647 stabiliendum

940 1676 1086 1702 humanam
1103 1673 1174 1700 hane
1195 1669 1465 1700 commentationem,
1487 1665 1570 1692 animi
1592 1669 1661 1698 opus
1674 1664 1726 1691 est.

941 1727 1029 1748 tuente
1048 1718 1158 1755 quidem
1188 1717 1277 1744 valida
1302 1718 1329 1743 in
1343 1714 1448 1749 judicio
1476 1710 1599 1747 spoliati,
1621 1707 1728 1736 inﬁrma

940 1775 1005 1794 vero
1032 1763 1211 1799 intelligentia
1235 1767 1262 1789 et
1285 1761 1454 1796 deprehensa
1479 1757 1594 1792 quadam
1614 1761 1729 1782 consue-

941 1811 1038 1838 tudine
1056 1809 1162 1838 Domini
1183 1814 1324 1836 sermones
1351 1804 1531 1840 explorantis.
1545 1801 1637 1836 Papini
1656 1806 1727 1834 qum—

942 1865 1004 1885 nam
1023 1857 1080 1883 haec
1108 1854 1251 1882 dialectica
1278 1849 1496 1880 demonstratio?
1516 1847 1619 1875 siceine
1644 1844 1730 1872 artiﬁ—

941 1904 1016 1930 tziose
1038 1902 1062 1929 ei
1086 1901 1156 1928 ratio
1181 1899 1216 1926 ad
1237 1901 1359 1932 scopum
1378 1893 1572 1923 concluditur?
1596 1891 1728 1925 Quisnam

941 1948 1059 1983 amplius
1071 1947 1187 1982 probare
1207 1944 1323 1972 voluerit
1345 1948 1499 1970 sermonem
1520 1937 1729 1967 commentatio-

942 1997 995 2026 nis,
1010 1997 1065 2020 tam
1080 1992 1155 2028 gravi
1176 1991 1260 2018 odore
1283 1997 1317 2017 ex
1341 1995 1389 2015 ore
1414 1987 1474 2021 ejus
1497 1985 1525 2012 in
1542 1992 1589 2011 eos
1614 1983 1661 2018 qui
1680 1981 1730 2008 ali-

942 2040 1008 2075 quid
1023 2039 1114 2066 dicere
1143 2036 1348 2072 aggrediuntur,
1375 2031 1546 2068 proﬂuente?
1563 2029 1633 2062 Quin
1648 2028 1732 2055 etiam

943 2073 1024 2116 nobis
1046 2088 1189 2121 propterea
1201 2082 1302 2117 aliquid
1321 2081 1412 2108 dicere
1437 2075 1669 2114 aggredientibus,
1685 2073 1733 2100 ab-

944 2119 1105 2161 stinendum
1119 2135 1161 2158 est
1187 2129 1220 2155 ab
1236 2126 1417 2155 examinando
1439 2129 1466 2152 et
1478 2120 1651 2150 discutiendo
1671 2119 1731 2154 ejus

105 2166 206 2223 λόγον,
275 2166 313 2213 ἂνι
331 2166 455 2211 κάκεῖθεν
471 2166 575 2217 γένοιτο
590 2180 731 2215 συμμαχία
754 2179 822 2215 προς
842 2179 888 2215 τὴν

945 2186 1080 2209 sermone,
1099 2184 1134 2204 ne
1158 2179 1254 2202 contra
1278 2180 1328 2200 nos
1342 2172 1464 2199 cloacam
1485 2166 1596 2196 eonvitii
1614 2171 1732 2193 commo-

1195 2222 1199 2223 ⁷
1214 2220 1230 2223 “⁴
1283 2219 1289 2223 ⁸
1322 2219 1328 2223 ⁵
1450 2217 1455 2222 “
1468 2216 1474 2223 ¹
1512 2220 1517 2223 -
1574 2221 1582 2223 λ
1597 2213 1603 2223 Ι
1617 2210 1731 2223 -μι-..ἒιέη

106 2235 190 2270 ἁλήθε
195 2242 247 2260 ιαν.

106 2279 205 2308 deliria
221 2280 316 2305 contra
339 2274 506 2310 exasperari.
543 2270 614 2307 Ergo
647 2271 847 2299 contumelioso
878 2269 1053 2298 convitiatori
1081 2265 1286 2296 concedendum
1311 2267 1373 2296 est,

949 2229 1018 2258 veat,
1033 2224 1076 2252 vel
1090 2231 1125 2250 ne
1140 2220 1232 2256 pusilli
1247 2219 1329 2246 animi
1353 2225 1415 2245 esse
1432 2216 1555 2244 videatur
1571 2213 1604 2240 ad
1617 2210 1732 2247 puerilia

1397 2270 1447 2297 pro
1481 2260 1592 2288 libidine
1619 2257 1658 2285 uti
1684 2263 1734 2284 suo

107 2323 202 2352 modo.
219 2321 409 2349 Resumendus
442 2323 483 2347 est
511 2322 602 2345 autem
630 2317 703 2344 illius
739 2324 846 2349 sermo,
874 2318 995 2345 utetiam
1012 2315 1088 2343 illine
1101 2312 1210 2341 veritati
1231 2311 1334 2338 feratur
1351 2309 1493 2336 auxilium.
1535 2327 1541 2333 .

150 2371 309 2405 ’Δναλογίας
326 2369 446 2404 ἐμνήσθη
457 2387 465 2399 ,
484 2367 532 2393 καὶ
550 2366 600 2401 τὴν
621 2366 654 2392 ὲκ
669 2364 771 2399 ταύτης
790 2366 894 2399 ὁμωνυ-

110 2418 176 2453 μίαν
190 2416 296 2452 ὲνόησε.
312 2414 396 2442 Πόθεν
411 2413 498 2440 ταῦτα
516 2411 618 2447 μαθὼν,
632 2411 678 2437 καὶ
691 2410 766 2445 παρὰ
781 2411 852 2442 τίνος
862 2410 896 2437 τὰ

109 2465 239 2499 ῥήματα;
258 2460 376 2495 Μωΰσῆς
391 2460 440 2486 οὐκ
454 2457 514 2484 εἷπε
525 2479 531 2490 ,
555 2455 701 2492 προφητῶν
716 2456 763 2482 καὶ
783 2456 896 2482 ἀποστό-

108 2509 163 2535 λων
180 2508 230 2535 οὐκ
251 2508 377 2543 ἡκουσεν,
394 2503 584 2539 εὐαγγελισταὶ
600 2502 649 2535 τὰς
662 2502 788 2533 τοιαύτας
805 2501 897 2536 φωνὰς

108 2555 305 2589 σεσιγήκασιν,
320 2551 446 2586 οὐδεμιᾶς
461 2549 518 2576 ἐστι
534 2549 645 2584 Γραφῆς
656 2548 743 2575 ταῦτα
755 2547 895 2574 διδασκού-

108 2609 162 2635 σης
178 2600 282 2635 μαθεῖν.
298 2598 384 2625 Πόθεν
404 2595 451 2624 οὖν
464 2595 537 2631 αὐτῷ
560 2595 590 2622 τὸ
612 2594 698 2626 οὕτως
716 2595 820 2626 εἰπεῖν;
834 2591 897 2629 Ἆρ’

107 2647 172 2681 οὐχὶ
186 2645 235 2680 τῆς
257 2644 304 2671 τοῦ
326 2643 448 2674 εἰπόντος
463 2641 582 2672 διανοίας
600 2639 709 2676 εὕρημα
721 2659 728 2671 ,
750 2640 764 2666 ὁ
780 2639 899 2670 τοιοῦτος

109 2692 191 2726 λόγος
216 2691 308 2722 ἐστὶν,
327 2691 342 2717 ὁ
362 2689 412 2725 τὴν
438 2688 517 2715 ποιὰν
533 2687 580 2713 τοῦ
606 2687 741 2721 νοήματος
763 2685 898 2721 σημασίαν

109 2738 260 2772 ἀναλογίαν
275 2735 494 2772 προσαγορεύων.
511 2734 574 2765 Πῶς
595 2731 641 2760 οὖν
665 2733 694 2758 οὺ
717 2732 838 2767 συνίησιν
859 2729 900 2762 οἷς

111 2785 248 2820 πολεμεῖ,
266 2782 371 2814 τούτοις
390 2781 541 2816 συμμάχοις
558 2780 625 2815 προς
639 2779 682 2805 τὴν
699 2778 813 2812 πόλεμον
830 2777 900 2813 χρώς

117 2838 210 2868 pavos;
231 2829 347 2862 Πολεμεῖ
363 2827 391 2854 δὲ
416 2826 474 2854 κατ’
498 2825 618 2852 ἐπίνοιαν
645 2824 715 2859 λόγῳ
740 2823 834 2855 αὐτος,
857 2821 900 2849 διὰ

984 2363 1122 2398 Analogia:
1134 2360 1302 2391 meminit,et
1313 2366 1345 2385 ex
1354 2365 1386 2384 ea
1395 2354 1607 2390 homonymiam,
1615 2351 1673 2379 sive
1680 2357 1731 2377 no-

950 2410 1033 2437 minis
1056 2407 1276 2435 communionem
1298 2404 1382 2431 novit.
1399 2401 1478 2430 Unde
1495 2399 1590 2428 didicit
1605 2402 1631 2426 et
1647 2405 1662 2424 a
1681 2403 1736 2431 quo

950 2455 1031 2482 verba
1046 2452 1218 2488 hieciMoses
1232 2458 1287 2478 non
1298 2449 1380 2479 dixit,
1395 2447 1540 2482 prophetas
1551 2449 1578 2473 et
1594 2443 1732 2478 apostolos

951 2501 994 2527 his
1009 2499 1121 2527 vocibus
1138 2501 1247 2525 utentes
1271 2502 1325 2522 non
1345 2493 1458 2525 audivit,
1479 2490 1651 2524 evangelista:
1668 2487 1735 2514 tales

950 2553 1032 2573 voces
1059 2545 1168 2573 silentio
1183 2543 1336 2573 involvunt,
1360 2547 1447 2574 neque
1466 2546 1499 2564 ex
1523 2537 1576 2563 ulla
1593 2535 1734 2568 Scriptura

952 2592 1009 2619 btet:
1025 2591 1141 2618 docente
1158 2590 1222 2617 licet
1246 2588 1393 2624 percipere.
1413 2585 1490 2612 Unde
1503 2583 1584 2617 igitur
1599 2580 1697 2608 accidit
1711 2580 1735 2606 ei

951 2638 992 2665 sic
1005 2636 1116 2664 dicere?
1129 2636 1170 2662 An
1191 2642 1245 2662 non
1264 2635 1402 2662 inventum
1420 2627 1603 2664 intelligentia:
1618 2626 1677 2661 ejus
1689 2625 1736 2660 qui

951 2691 1012 2711 eum
1031 2681 1152 2715 protulit,
1169 2680 1230 2707 talis
1243 2684 1292 2707 est
1310 2685 1410 2709 sermo,
1428 2675 1474 2711 qui
1495 2674 1573 2702 talem
1591 2670 1736 2707 quamdam

952 2727 1072 2755 notiouis
1097 2724 1304 2761 signiﬁcandam
1333 2720 1486 2756 analogiam
1510 2717 1636 2752 appellat.
1657 2713 1731 2746 Quo-

955 2775 1035 2802 modo
1063 2773 1144 2808 igitur
1173 2779 1225 2799 non
1264 2769 1389 2804 intelligit
1418 2773 1487 2801 quos
1515 2765 1652 2799 oppugnat
1693 2759 1735 2786 his

955 2805 1160 2848 auxiliatoribus
1171 2817 1203 2844 ad
1212 2816 1310 2844 bellum
1323 2812 1486 2842 uti?Bellum
1499 2814 1587 2838 autem
1598 2807 1664 2843 gerit
1678 2805 1735 2840 ipse
