1951 3074
265 104 333 132 1015

900 105 928 132 S.
949 104 1117 132 CREGOBII
1137 104 1281 133 NYSSENI

1825 104 1889 131 10m

263 168 359 190 contra
379 170 542 194 sermonem,
563 163 608 198 qui
634 168 675 190 es:
704 163 854 190 secundum
880 169 1035 191 commenta

1086 189 1088 193 ,
1101 163 1154 190 τῶν
1168 164 1218 199 τῆς
1232 163 1352 194 ὲπινοίας
1365 162 1450 196 λόγων
1463 182 1469 190 .
1486 161 1516 188 τὸ
1531 161 1568 196 μὴ
1581 161 1635 188 δεῖν
1649 162 1710 188 κατ⁸
1724 162 1850 188 ἐπίνοιάν
1867 171 1891 188 τι

263 210 383 240 tionem,
403 216 450 243 per
476 216 616 237 sermones
639 209 685 243 qui
707 213 773 236 sunt
799 210 1048 241 commentationis.

262 261 316 280 non
343 258 467 288 oportere
488 261 535 288 per
557 256 814 282 Commentationem
842 256 944 291 aliquid
958 257 1050 284 dicere

261 299 324 326 dum
338 299 446 326 astruit.
464 299 516 326 Sed
533 300 632 333 nullus,
646 301 744 336 inquit.
757 305 915 328 sanctorum
935 302 986 329 hoc
1000 301 1049 328 d0-

262 347 328 372 cuit.
355 345 394 371 'l‘u
431 353 494 372 vero
524 345 551 372 in
584 354 664 381 quem
690 351 811 374 veterum
840 348 943 375 referre
973 352 1049 382 potes

260 391 421 426 ἀγεννησὶας
435 398 538 422 vocem.
554 395 581 418 ct
596 392 667 427 quod
681 393 734 420 tale
743 400 841 420 nomen
855 393 888 420 de
899 392 945 420 Dei
955 400 1048 420 esseu-

260 436 476 470 tiapt'wdicatur,
488 436 543 464 imo
559 444 622 464 vero
638 437 726 472 ipsum
737 437 886 472 ingenitum
896 441 938 465 est
952 446 1047 466 essen-

259 481 369 507 tia?An
383 481 430 508 tibi
450 481 558 516 quidem
576 482 649 516 licet,
669 483 806 517 inquibus
819 483 920 517 aliquid
935 483 1046 518 impium

258 526 478 554 concludendqu
507 532 566 560 est,
591 528 728 563 placentes
754 536 832 556 voces
863 529 994 556 innovare
1020 535 1047 556 ct

257 572 434 607 excogitare?
458 573 480 600 si
505 577 595 600 autent
618 574 719 609 aliquid
745 574 777 601 ad
803 575 950 609 impietatis
969 583 1046 603 ever-

257 619 361 646 sionem
376 619 410 646 ab
427 619 481 646 alio
503 619 618 652 dicatur,
634 620 830 647 contradiccnli
846 620 916 648 banc
930 625 1046 656 potesta-

256 669 309 691 tem
328 664 445 696 aul'crre,
473 672 550 691 sarvae
578 665 730 700 tyrannidis
763 673 826 693 reus
859 665 1045 700 deprehensus

255 710 351 743 fueris,
367 711 391 737 si
415 711 485 737 hanc
511 711 558 737 tibi
585 711 636 746 ipsi
661 716 824 746 potestatem
853 713 991 744 vindicas,
1017 717 1045 739 ut

255 763 316 790 quae
339 756 368 782 iu
393 756 453 783 aliis
478 756 622 790 prohibes,
641 757 697 784 haec
724 757 812 786 facere
830 759 882 786 soli
901 759 948 788 tibi
964 759 1045 786 licere

254 802 406 834 existimes,
425 807 451 829 ct
467 810 527 836 quze
546 802 603 837 ipse
624 811 672 838 pro
700 803 807 831 licentia
829 804 925 837 audes,
941 805 976 832 ab
1000 805 1043 832 his

1102 209 1191 243 λέγειν
1205 208 1425 240 κατασκευάζων.
1441 207 1510 234 Ἀλλ’
1525 207 1612 239 οὐδεὶς
1624 227 1631 238 ,
1650 208 1728 242 φησι,
1741 206 1824 233 τοῦτο
1838 208 1890 234 τῶν

1099 254 1185 288 ἁγίων
1212 254 1341 286 ἐδίδαξεν.
1368 254 1404 281 Συ
1425 254 1453 281 δὲ
1468 255 1508 285 είς
1523 253 1583 280 τίνα
1603 253 1657 280 τῶν
1679 253 1805 288 ἀρχαίων
1826 253 1889 279 ἁνα-

1100 302 1192 337 ιρέρειν
1202 301 1273 337 ἔχεις
1287 301 1336 337 τὴν
1350 300 1400 336 τῆς
1407 301 1569 335 ἁγεννησίας
1578 299 1678 336 φωνὴν,
1693 300 1741 326 καὶ
1753 300 1796 326 ὅτι
1807 299 1889 335 αὐτῆς

1100 348 1290 382 κατηγορεῖται
1302 346 1332 373 τὸ
1345 347 1430 381 δνομα
1444 345 1491 372 τοῦ
1504 345 1572 372 Θεοῦ
1594 345 1643 380 τῆς
1656 344 1752 376 οὐσίας
1766 366 1773 377 ,
1790 345 1888 379 μᾶλλον

1098 394 1125 420 δὲ
1143 393 1207 420 αὑτό
1230 393 1303 420 ἐστιν
1327 392 1474 427 ἀγέννητον
1489 393 1511 427 ἡ
1534 391 1632 423 οὐσία;
1653 392 1691 418 Ἦ
1707 400 1750 418 σοι
1782 391 1833 426 μὲν
1849 391 1888 423 ἓξ-

1098 447 1171 465 εςτιν
1181 439 1210 464 ἐν
1220 436 1260 470 οἷς
1274 439 1308 465 ἆν
1322 438 1406 474 μέλλῃ
1417 446 1444 464 τι
1457 437 1510 464 τῶν
1525 436 1630 463 ἀσεϐῶν
1642 436 1886 471 συμπεραὶνεοθαι,

1098 485 1268 520 καινοτομεῖν
1296 493 1325 511 τε
1345 484 1392 511 καὶ
1419 483 1613 519 παρευρίσκειν
1641 482 1691 514 τὰς
1716 481 1887 517 ἀρεσκούσας

1098 529 1188 563 φωνάς
1202 537 1208 561 ;
1235 530 1258 555 εί
1273 529 1301 556 δέ
1316 538 1342 555 τι
1359 529 1426 564 πρὸς
1451 528 1501 563 τὴν
1513 529 1562 562 τῆς
1584 527 1712 559 ἁτεὸεεας
1727 526 1887 560 καθαίρεσιν

1100 575 1162 609 παρ’
1176 574 1270 610 ἑτέρου
1284 574 1388 606 λέγοιτο
1399 595 1407 606 ,
1424 573 1618 608 παραιρεῖσθαι
1639 573 1689 607 τῆς
1703 573 1830 606 ἐξουσίας
1843 573 1886 598 τὸν

1096 620 1268 655 ἀντιλέγοντα
1280 641 1288 652 ,
1313 620 1434 656 μεγάλης
1465 619 1489 646 τ’
1506 620 1539 646 ἃν
1556 620 1615 654 εἴης
1638 619 1796 654 τυραννίδος
1813 619 1883 644 ἐπει-

1096 665 1248 701 λημμένος.
1265 666 1289 692 εξ
1312 666 1413 700 ταύτην
1438 664 1542 700 σεαυτῷ
1563 665 1612 700 τὴν
1634 664 1761 696 ἐξουσίαν
1783 663 1886 697 κρατύ-

1096 720 1169 743 veta;
1180 731 1188 743 ,
1205 711 1243 743 ὠς
1264 711 1336 747 ειπερ
1360 711 1407 737 ἐπὶ
1425 711 1479 738 τῶν
1494 711 1581 737 ἄλλων
1595 710 1710 742 κωλύεις
1720 730 1728 741 ,
1746 709 1788 736 σοὶ
1801 709 1884 735 ταῦτα

1096 759 1180 783 ποιεῖν
1194 757 1295 789 ἐξεῖναι
1317 757 1408 792 μόνῳ,
1429 756 1475 783 καὶ
1494 757 1564 791 ἆπερ
1581 756 1661 788 αὐτὸς
1681 757 1741 783 κατ’
1761 755 1885 789 ἐξουσίαν

1095 802 1196 837 τολμᾷς
1207 822 1214 833 ,
1226 801 1327 828 τούτων
1342 802 1483 837 ἀπείργειν
1500 801 1562 833 τοὺς
1575 802 1682 832 ἄλλους.
1698 801 1747 828 Διὰ
1763 802 1883 837 προστά-

1143 828 1149 836 ι

254 847 323 874 alios
346 854 448 875 arcere.
469 847 551 880 Quasi
569 856 617 883 per
640 848 757 876 edictum
785 850 901 886 abrogas
923 851 979 878 hzec
995 859 1035 886 per

1093 856 1195 881 γματος
1213 847 1319 879 ἀθετεῖς
1332 847 1363 874 τὸ
1377 848 1436 874 κατ’
1457 847 1576 875 ἐπίνοιαν
1593 848 1720 882 λέγεσθαι
1737 848 1827 875 ταῦτα
1846 848 1884 883 τῷ

252 892 480 928 excogitationem
516 894 569 920 dici
609 894 642 921 de
676 895 787 922 Christo
817 897 946 928 nomina,
977 898 1041 932 quia

252 940 343 967 nullus
360 944 515 967 sanctorum
538 945 665 975 oportere
683 941 725 969 sic
740 941 796 969 dici
827 942 952 971 edixerit.
968 943 1040 976 Quo-

251 985 332 1011 modo
348 985 432 1020 igitur
458 994 505 1020 per
530 987 643 1022 ingeniti
667 996 758 1015 vocem
785 989 857 1017 velut
875 991 960 1024 legem
977 999 1040 1026 pro-

251 1031 359 1065 mulgas
376 1030 409 1058 dc
430 1031 575 1058 verborum
592 1034 766 1067 rectitudine,
785 1039 856 1062 utea
876 1036 933 1063 sola
951 1037 1041 1071 profe-

250 1079 347 1103 rantur
360 1085 419 1111 qu:e
437 1085 451 1103 a
467 1077 521 1104 Dco
549 1078 698 1113 inspiratus
720 1088 809 1108 sermo
824 1081 972 1117 Scriptura:
991 1091 1040 1110 ex-

251 1123 394 1156 posuerit?
411 1123 447 1150 Ex
463 1123 518 1150 tuis
533 1124 614 1158 igitur
627 1126 737 1160 scriptis
753 1127 864 1162 ingeniti
880 1136 976 1156 nomen
992 1129 1040 1157 de~

249 1167 359 1194 lendum
384 1172 436 1201 est,
455 1169 517 1203 quia
546 1170 638 1198 nullus
667 1176 824 1199 sanctorum
851 1181 943 1201 vocem
968 1175 1038 1202 hanc

249 1213 416 1240 auctoritate
438 1221 487 1240 sua
511 1215 652 1248 probavit:
671 1216 718 1243 sed
739 1223 848 1252 propter
871 1219 1037 1247 intellectum

248 1260 294 1294 qui
314 1260 377 1286 huic
393 1260 526 1288 vocabulo
543 1262 648 1291 subest.
665 1262 811 1290 dictionem
828 1265 973 1300 approbas.
983 1265 1038 1294 Nos

248 1306 332 1332 simili
347 1305 427 1333 modo
439 1310 550 1340 propter
566 1315 676 1334 sensum
693 1308 719 1335 in
733 1316 763 1336 ea
778 1309 923 1343 inclusum,
944 1319 1036 1340 vocem

246 1350 317 1377 hanc
333 1351 462 1385 ἐπινοίας,
477 1351 502 1378 id
515 1357 555 1379 est
569 1354 798 1381 commentatiouis
811 1356 982 1390 admisimus,
995 1358 1037 1386 vel

247 1395 302 1422 duo
318 1404 349 1424 ex
367 1404 418 1425 usu
443 1399 604 1430 eximemtls.
621 1400 662 1426 vel
690 1404 816 1427 neutrum
838 1402 945 1435 borum,
961 1403 1035 1438 quia,

245 1441 334 1474 sitiat,
348 1450 395 1477 per
406 1447 520 1478 utraque
536 1444 686 1472 Vincentius.
705 1445 771 1472 Nam
788 1446 810 1473 si
829 1447 936 1481 penitus
950 1447 1035 1475 dictio

245 1486 407 1522 ἀγεννησίας
425 1488 534 1515 silentio
550 1489 693 1521 obruatur,
711 1491 801 1518 amitis
813 1492 1033 1521 adversariorum

244 1536 339 1559 contra
356 1534 494 1561 veritatem
521 1543 569 1562 vox
589 1536 722 1563 exstincta
745 1542 797 1564 est.
818 1537 905 1573 Atque
932 1538 1034 1574 Unige-

245 1577 303 1604 nito
321 1577 374 1606 Deo
391 1579 475 1612 gloria
490 1581 525 1607 ab
538 1581 665 1608 omnibus
686 1581 834 1617 elfulgebit,
848 1584 910 1619 quia
928 1586 1033 1612 nullum

243 1623 295 1649 erit
311 1631 408 1650 nomen
429 1633 462 1651 ex
479 1626 615 1653 contraria
635 1628 816 1662 oppositione,
834 1630 906 1664 quod
924 1629 1031 1659 Domini

246 1669 417 1702 majestatcm
439 1670 592 1698 imminuat.
619 1671 647 1698 Si
673 1673 754 1699 ambo
777 1678 915 1706 maneant,
945 1680 971 1703 et
993 1677 1034 1704 sic

243 1714 387 1741 nobiscum
412 1715 502 1742 vincet
517 1717 629 1747 veritas.
646 1717 679 1744 ad
703 1718 836 1751 ἐπίνοιαν,
853 1719 879 1746 id
894 1724 946 1753 est,
962 1729 1034 1748 com-

244 1761 437 1793 mentalionem,
454 1770 486 1789 ex
510 1764 630 1791 essentia
652 1765 785 1792 translato
810 1767 972 1801 ἀγεννησίας
986 1776 1034 1795 no-

244 1805 326 1832 mine.
348 1805 399 1832 Sed
420 1807 538 1841 quandiu
562 1815 594 1835 ex
616 1809 674 1836 suis
688 1809 797 1845 scriptis
813 1810 926 1846 ingeniti
939 1821 1032 1840 vocem

242 1857 295 1876 non
313 1851 419 1883 eximit,
443 1852 563 1886 seipsnm
587 1854 748 1882 abhortetnr
773 1855 818 1890 qui
846 1864 897 1884 nos
924 1857 1033 1887 lacessit

240 1893 405 1926 Phariszeus.
419 1905 452 1924 ne
465 1898 540 1932 prius
550 1898 583 1926 ad
597 1903 717 1926 nostram
729 1900 862 1928 festucam
874 1904 1029 1942 persiiiciat'

239 1947 320 1974 quam
345 1942 447 1968 trabem
465 1939 517 1970 sibi
547 1943 748 1972 incumbentem
775 1950 802 1974 et
828 1947 970 1975 molestam
995 1939 1030 1975 ei

240 1987 330 2014 oculis
349 1988 442 2022 cjiciat
451 1989 485 2017 ".
501 1988 554 2016 Sed
572 1989 654 2022 Deus,
672 1991 772 2026 inquit,
790 1996 816 2019 et
832 1993 1028 2022 infirmissimis

239 2039 333 2059 eorum
358 2041 419 2068 quae
447 2034 560 2062 interra
588 2037 735 2069 exsistunt.
761 2039 959 2072 pretiosissima
982 2041 1030 2067 tri-

241 2079 300 2106 bait
315 2080 437 2112 nomina,
458 2089 512 2108 non
532 2082 694 2117 dignitatum
709 2085 890 2118 aequalitatem
908 2086 1029 2122 imperti-

239 2129 293 2156 tus,
317 2129 344 2152 et
369 2125 607 2161 principalissimis
631 2128 783 2161 vilissima,
807 2138 859 2158 non
885 2136 974 2159 tamen
995 2140 1028 2159 ex

1092 893 1201 928 Χριστῷ
1217 893 1250 919 τὰ
1265 893 1403 928 ὀνόματα,
1423 894 1464 920 ὄτι
1482 894 1576 929 μηδεὶς
1598 894 1651 920 τῶν
1668 893 1755 928 ἁγίων
1774 893 1805 921 τὺ
1830 894 1883 920 δεῖν

1091 938 1162 965 οὕτω
1175 938 1301 972 λέγεσθαι
1315 939 1465 972 διετάξατο.
1484 938 1546 971 Πῶς
1559 937 1605 966 οὖν
1619 941 1652 974 τῇ
1666 938 1714 965 τοῦ
1732 939 1881 974 ἀγεννήτου

1091 985 1166 1018 φωνῇ
1179 983 1334 1018 νομοθετεῖς
1350 983 1402 1010 τῶν
1425 983 1554 1019 ῥημάτων
1568 983 1718 1019 ὀρθότητας
1730 1004 1738 1015 .
1754 985 1785 1011 τὸ
1803 985 1881 1019 μόνον

1090 1030 1182 1056 ἐκεῖνα
1196 1029 1363 1064 φθέγγεσθαι
1379 1031 1450 1065 ἅπερ
1463 1030 1496 1057 ἃν
1510 1031 1524 1057 ὁ
1541 1030 1719 1063 θεόπνευστος
1741 1031 1822 1064 λόγος
1833 1031 1881 1065 τῆς

1090 1075 1109 1101 Γ
1112 1075 1201 1110 ραφῆς
1217 1076 1410 1111 ὑφηγήσηταις
1431 1076 1618 1109 Ἑξαλειπτέον
1638 1076 1671 1103 ἂν
1687 1076 1731 1111 εἴη
1745 1073 1802 1103 τῶν
1818 1085 1880 1110 συγ-

1089 1121 1260 1156 γραμμάτων
1280 1129 1326 1148 σου
1338 1141 1345 1154 ,
1357 1122 1388 1148 τὸ
1405 1121 1550 1157 ἀγέννητον
1563 1122 1647 1158 ὗνομα
1659 1143 1666 1155 ,
1686 1122 1804 1158 μηδενὸς
1827 1122 1880 1148 τῶν

1089 1167 1174 1201 ἁγίων
1182 1167 1231 1203 τὴν
1246 1167 1338 1203 φωνὴν
1351 1167 1451 1202 ταύτην
1467 1167 1715 1204 θεσμοθετήσαντος
1726 1176 1734 1183 ⁸
1751 1167 1823 1195 ἀλλὰ
1837 1167 1881 1193 διὰ

1088 1213 1134 1239 τὸν
1149 1214 1224 1247 ὲγκεί
1228 1222 1307 1249 μενον
1319 1213 1357 1249 τῷ
1372 1214 1547 1249 προσρήματι
1559 1214 1646 1249 τούτῳ
1659 1213 1721 1241 νοῦν
1738 1213 1880 1249 παραδέχῃ

1088 1258 1225 1294 τὴνλέξιν.
1242 1259 1295 1285 Καὶ
1312 1260 1392 1294 ἡμεῖς
1411 1259 1541 1290 ὡσαύτως
1565 1259 1609 1286 διὰ
1634 1259 1685 1294 τὴν
1712 1260 1878 1294 ἐγκειμένην

1088 1303 1200 1336 ἔννοιαν,
1213 1304 1261 1340 τὴν
1276 1305 1366 1340 ςωνὴν
1378 1305 1426 1339 τῆς
1441 1305 1561 1336 ἐπινοίας
1576 1304 1796 1341 παρεδεξάμεθα.
1809 1305 1878 1331 οὐκ·

1087 1349 1134 1376 οῦν
1148 1349 1164 1385 ἢ
1178 1349 1212 1376 τὰ
1225 1349 1271 1376 δύο
1284 1349 1334 1385 τῆς
1358 1350 1482 1385 χρήσεως
1495 1349 1689 1386 ἐξαιρήσομεν,
1705 1350 1722 1385 ἢ
1742 1349 1800 1376 οὗθ’
1818 1350 1875 1376 ἓτε-

1087 1403 1149 1430 ρον·
1161 1396 1211 1422 ὅτι
1222 1395 1245 1421 δ’
1265 1394 1298 1421 ἂν
1315 1394 1426 1429 γένηται
1450 1395 1552 1422 τούτων
1565 1415 1572 1427 ,
1589 1395 1623 1421 δι’
1637 1395 1779 1430 ἑκατέρων
1799 1395 1875 1429 νική-

1087 1449 1178 1475 σομεν.
1195 1440 1383 1475 Σιωπηθείσης
1411 1440 1461 1475 μὲν
1483 1441 1536 1476 γὰρ
1560 1440 1675 1468 καθόλου
1689 1442 1740 1476 τῆς
1762 1441 1876 1475 ἁγεννη-

1087 1486 1164 1518 σίας,
1181 1486 1255 1512 πᾶσα
1269 1485 1489 1521 συγκατεσϐέσθη
1504 1485 1557 1512 τῶν
1568 1486 1696 1513 ἐναντίων
1711 1486 1729 1520 ή
1744 1486 1816 1512 κατὰ
1828 1487 1876 1520 τῆς

1085 1532 1212 1568 ἀληθείας
1222 1532 1307 1568 φωνὴ.
1322 1532 1368 1559 καὶ
1379 1532 1519 1569 πρέπουσα
1530 1533 1569 1568 τῷ
1581 1533 1730 1567 Μονογενεῑ
1739 1532 1801 1568 Θεῷ
1808 1533 1870 1566 δόξα

1085 1577 1159 1613 παρὰ
1176 1577 1285 1604 πάντων
1299 1578 1433 1613 ἐκλάμψει
1443 1599 1450 1611 ,
1465 1578 1578 1613 μηδενὸς
1592 1578 1668 1610 ὄντος
1683 1579 1817 1613 ὀνόματος
1829 1578 1874 1604 τοῦ

1085 1623 1114 1655 ἐξ
1130 1623 1348 1659 ἀντιδιαιρέσεως
1360 1624 1390 1651 τὸ
1407 1625 1550 1660 μεγαλεῖον
1563 1624 1610 1652 τοῦ
1620 1624 1724 1660 Κυρίου
1738 1633 1874 1660 κατασμι-

1084 1669 1240 1705 κρύνοντος.
1259 1670 1288 1695 Εἰ
1301 1669 1328 1696 δὲ
1345 1670 1419 1704 μένοι
1437 1669 1588 1705 ἀμφότερα,
1602 1671 1649 1697 καὶ
1661 1670 1749 1702 οὕτως
1763 1671 1874 1706 ἐπικρα-

1082 1716 1159 1750 τήσει
1176 1715 1236 1750 μεθ’
1251 1715 1330 1750 ἡμῶν
1344 1716 1360 1750 ἡ
1379 1715 1510 1750 ἀληθεία,
1527 1717 1567 1747 εἰς
1579 1716 1627 1750 τὴν
1640 1716 1764 1743 ἐπίνοιαν
1777 1717 1809 1742 ὲκ
1825 1716 1873 1751 τῆς

1082 1761 1176 1793 οὐσίας
1205 1761 1396 1796 μετατεθέντος
1419 1760 1466 1787 τοῦ
1481 1761 1530 1797 τῆς
1546 1761 1709 1796 ἀγεννησίας
1729 1762 1870 1796 ὀνόματος.

1088 1806 1158 1833 Ἀλλ’
1180 1806 1232 1838 ἕως
1255 1807 1305 1833 οὐκ
1325 1806 1427 1842 ἐξαιρεί
1452 1806 1506 1833 τῶν
1538 1806 1610 1834 ίδίων
1632 1807 1721 1840 λόγων
1745 1807 1795 1843 τὴν
1825 1807 1870 1834 τοῦ

1082 1852 1228 1887 ἀγεννήτου
1255 1852 1362 1887 φωνὴν,
1391 1852 1577 1888 νουθετησάτω
1600 1853 1696 1879 ἑαυτὸν
1719 1853 1783 1879 καθ’
1799 1854 1871 1888 ἡμᾶς

1080 1898 1225 1933 Φαρισαῖος
1234 1917 1240 1929 ,
1255 1897 1291 1932 μὴ
1306 1897 1436 1932 πρότερον
1447 1898 1515 1933 πρὺς
1529 1897 1560 1924 τὸ
1573 1898 1704 1934 ἡμέτερον
1717 1898 1871 1926 summ;

1081 1943 1202 1978 κάρφος,
1228 1942 1296 1978 πρὸς
1311 1943 1360 1977 τὴν
1381 1943 1544 1978 ἑγκειμένην
1562 1943 1636 1978 αὐτῷ
1661 1943 1740 1970 δοκὸν
1768 1944 1871 1971 ἀποϐα-

1080 1988 1136 2015 λεῖν
1160 1988 1213 2014 τῶν
1242 1987 1382 2023 ὀμμάτων.
1405 1988 1474 2014 Ἀλλ’
1497 1989 1512 2015 ὁ
1527 1988 1613 2020 Θεὸς,
1642 1990 1728 2024 φησὶ,
1743 1991 1791 2016 καὶ
1815 1992 1870 2022 τοῖς

1079 2034 1283 2066 ἀσθενεστάτοις
1308 2033 1361 2060 τῶν
1379 2034 1441 2070 περὶ
1463 2034 1514 2068 γῆν
1529 2035 1700 2069 τιμιωτάτων
1719 2035 1868 2070 μεταδεδω-

1080 2089 1126 2106 κεν
1140 2079 1298 2114 ὀνομάτων,
1315 2079 1352 2115 μὴ
1369 2079 1557 2115 συμμεταὸοὺς
1573 2081 1622 2114 τῆς
1637 2080 1691 2107 τῶν
1705 2081 1869 2116 ἀξιωμάτων

1080 2125 1247 2160 ἰσομοιρίας,
1273 2124 1320 2151 καὶ
1343 2126 1399 2156 τοῖς
1425 2124 1619 2160 κυριωτάτοις,
1641 2125 1695 2152 τῶν
1708 2126 1868 2154 εὐτελεστά-

237 2171 393 2199 nominibus
404 2173 512 2199 coillala
523 2174 640 2200 naturali
658 2174 770 2202 vilitate.
787 2175 849 2203 Haec
863 2176 896 2204 ad
911 2178 1022 2204 verbum

1086 2179 1147 2203 των,
1163 2169 1200 2206 μὴ
1218 2170 1427 2205 συμφερομένης
1441 2170 1492 2196 ὑπὸ
1505 2170 1559 2196 τῶν
1581 2171 1722 2206 ὀνομάτων
1742 2172 1792 2207 τῆς
1818 2181 1866 2206 φυ-

236 2216 308 2242 dicla
331 2221 405 2248 sunt,
422 2217 493 2244 sicut
518 2217 553 2245 ab
577 2218 653 2252 ipsis,
678 2219 719 2246 sic
742 2227 756 2246 a
781 2221 861 2249 nobis
884 2221 1022 2257 descripta

237 2265 310 2288 sunt.
326 2260 353 2288 Si
370 2262 488 2296 aliquam
505 2262 532 2288 in
561 2263 696 2296 profundo
711 2265 864 2292 abstrusam
886 2266 966 2294 habet
983 2268 1025 2294 in.

236 2307 413 2341 telligentiam
431 2315 492 2342 qua:
508 2315 557 2335 nos
571 2308 666 2343 fugiat,
681 2309 826 2346 dicantqui
844 2313 1024 2347 comprehen-

235 2352 334 2378 dI-runt
347 2360 377 2379 ea
393 2360 452 2386 quae
474 2353 581 2388 longius
605 2354 706 2381 absunt
723 2363 737 2382 a
756 2362 850 2384 nostro
864 2362 1023 2392 conspectu,

235 2398 280 2432 qui
297 2398 394 2424 initiati
409 2403 473 2425 sunt
487 2403 514 2426 et
527 2399 615 2426 edocti
641 2401 764 2428 intimam
784 2403 874 2434 istam,
885 2408 912 2430 et
927 2403 1023 2431 inetia-

234 2444 315 2470 bilem
333 2445 523 2472 initiationem.
545 2446 621 2478 Quod
638 2446 661 2474 si
686 2447 752 2474 nihil
771 2449 886 2482 amplius
907 2449 949 2476 his
963 2457 1023 2484 qua:

234 2490 260 2516 in
275 2494 402 2524 promptu
427 2491 615 2526 intelliguntur
635 2493 861 2528 interpretantur,
878 2494 949 2522 haud
964 2496 1022 2523 scio

233 2538 310 2561 utros
334 2534 428 2562 alteris
454 2535 666 2564 miserabiliores
691 2539 889 2572 reputaverim,
916 2548 950 2567 an
973 2548 1020 2568 eos

233 2580 278 2613 qui
291 2579 354 2606 talia
367 2579 472 2611 dicunt.
492 2588 526 2608 an
547 2589 594 2610 eos
609 2583 656 2617 qui
673 2590 754 2611 aures
769 2584 869 2612 talibus
886 2586 1017 2620 praebent.

233 2625 439 2658 lnﬁrmissimis.
457 2627 505 2659 ait,
520 2629 692 2655 terrestrium
710 2629 907 2664 pretiosissima
922 2632 1019 2659 tribuit

233 2671 355 2704 numina,
383 2680 436 2699 non
461 2672 542 2700 simul
569 2674 732 2708 dignitatum
756 2676 936 2698 ωηιιηηοηθινα
963 2678 1017 2704 lar—

232 2716 315 2751 gitus.

263 2819 285 2835 ⁵⁸
304 2818 396 2845 Matth.
414 2827 463 2851 vti,
481 2818 505 2846 ’5.
522 2825 579 2854 sqq.

1076 2217 1154 2251 σικῆς
1182 2215 1326 2247 εὐτελείας.
1356 2215 1449 2242 Ταῦτα
1473 2217 1532 2242 κατ’
1562 2216 1647 2251 αὐτὴν
1676 2217 1786 2253 εἴρηται
1819 2217 1868 2253 τὴν

1076 2261 1158 2293 λέξιν,
1169 2260 1241 2288 οὕτω
1255 2262 1317 2296 παρ’
1327 2261 1417 2288 αὐτῶν
1431 2262 1468 2293 ὠς
1481 2263 1544 2296 παρ’
1556 2262 1635 2297 ἡμῶν
1647 2261 1866 2299 ἀναγέγραπται.

1077 2306 1110 2333 Εί
1128 2307 1178 2342 μέν
1191 2315 1252 2334 τινα
1268 2307 1338 2333 κατὰ
1354 2307 1385 2333 τὸ
1400 2307 1481 2341 βάθος
1493 2308 1723 2344 ὲγκεκρυμμένην
1737 2310 1795 2344 ἔχει
1812 2311 1867 2338 διά-

1076 2362 1151 2380 νοιαν
1167 2353 1216 2388 τὴν
1229 2353 1302 2388 ἡμᾶς
1316 2352 1531 2387 διαφεύγουσαν,
1552 2353 1708 2387 λεγέτωσαν
1725 2356 1751 2381 οί
1776 2364 1869 2383 κατει-

1076 2399 1193 2435 ληφότες
1216 2400 1250 2426 τὰ
1265 2399 1360 2435 πόρρω
1378 2399 1428 2434 τῆς
1451 2401 1584 2436 ἡμετέρας
1604 2401 1746 2435 ἐπόψεως,
1769 2402 1796 2428 οἱ
1822 2411 1868 2437 με-

1078 2446 1212 2481 μυημένοι
1229 2446 1293 2481 παρ’
1306 2445 1388 2472 αὑτοῦ
1404 2445 1452 2481 τὴν
1472 2447 1637 2482 ὲσωτερικήν
1655 2455 1685 2473 τε
1709 2447 1758 2474 καὶ
1780 2448 1867 2484 ἀπύρ-

1076 2494 1157 2528 ρητην
1170 2491 1279 2527 μύησιν.
1287 2492 1318 2518 Εἰ
1332 2492 1360 2518 δὲ
1370 2491 1451 2518 πλέον
1464 2492 1539 2518 οὐδὲν
1549 2491 1602 2518 τῶν
1612 2493 1645 2519 ἐκ
1655 2492 1702 2519 τοῦ
1719 2495 1867 2529 προχείρου

1075 2537 1227 2572 νοουμένων
1241 2536 1474 2572 διερμηνεύουσιν,
1488 2537 1537 2563 οὐκ
1554 2535 1612 2564 οἶδα
1628 2538 1762 2573 ποτέρους
1778 2539 1812 2565 ἄν
1827 2547 1866 2570 τις

1074 2582 1270 2618 ἐλεεινοτέρους
1284 2582 1337 2608 τῶν
1355 2582 1455 2617 ἐτέρων
1468 2582 1618 2616 λογίσαιτο,
1642 2583 1706 2615 τοὺς
1729 2584 1766 2610 τά
1778 2583 1866 2611 τοιαῦη

1071 2637 1104 2655 τα
1118 2628 1261 2662 λέγοντας,
1284 2627 1378 2662 ἢτοὺς
1397 2627 1446 2659 τὰς
1467 2628 1551 2660 ἀκοὰς
1573 2629 1630 2660 τοῖς
1653 2629 1787 2661 τοιούτοις
1802 2629 1864 2656 ῠπέ-

1069 2683 1177 2710 κοντας.
1197 2674 1259 2705 Τοῖς
1283 2673 1507 2705 ἀσθενεστάτοις,
1533 2674 1615 2710 φησὶ,
1637 2674 1693 2701 τῶν
1718 2674 1786 2709 περὶ
1801 2673 1862 2709 γῆν,

1070 2720 1123 2747 τῶν
1135 2720 1306 2755 τιμιωτάτων
1327 2719 1512 2754 μεταδέδωκεν
1530 2720 1686 2756 ὀνομάτων,
1715 2721 1754 2757 μὴ
1779 2728 1861 2757 μεταο

1070 2765 1131 2797 δοὺς
1145 2767 1194 2801 τῆς
1211 2765 1264 2792 τῶν
1283 2765 1445 2801 ἀξιωμάτων
1464 2767 1624 2802 ἰσομοιρίας.
