1951 3074
96 122 165 150 1017

637 122 774 150 CONTRA
796 122 989 155 l-LUNODIIUM,
1010 123 1075 152 LIB.
1098 123 1153 152 ΧΠ.

1656 123 1722 152 1018

134 181 239 209 Οὐκοῦν
256 183 435 218 σκοπήσωμεν
449 183 496 218 τὴν
513 183 566 210 τῶν
582 183 732 218 εἰρημένων
746 182 865 210 διάνοιαν
876 191 882 198 ·

972 182 1043 218 Ergo
1059 183 1195 210 dictorum
1217 189 1329 210 sensum
1345 181 1564 210 consideremus.
1582 181 1718 216 Iit/innis-

99 229 138 254 Τὰ
149 227 364 259 ἀσθενέστατα,
383 229 459 263 φησὶ,
477 228 573 263 ψιλῆς
585 229 737 260 ἀξιοῦνται
752 228 805 263 τῆς
825 228 884 255 τῶν

96 275 202 308 τιμίων
221 275 423 309 προσηγορίας
434 295 442 306 ,
459 276 515 302 οὐκ
531 275 603 302 ὄντα
617 274 674 309 τὴν
697 275 791 310 φύσιν
809 275 884 308 ἅπερ

95 320 335 355 κατονομάζεται.
354 320 408 347 Καὶ
430 321 507 347 τοῦτο
527 321 607 356 ἔργον
623 319 692 348 εἶναι
714 321 786 356 λέγει
805 321 882 354 Θεοῦ,

95 365 126 391 τὺ
141 366 328 401 διαᾷεύὸεσθαι
351 367 384 402 τῇ
408 367 559 402 τιμιωτέρᾳ
582 367 675 403 κλήσει
703 367 751 403 τὴν
776 367 884 402 χείρονα

95 411 179 445 φύσιν
189 432 195 444 ,
209 412 255 439 καὶ
270 412 300 439 τὺ
321 411 438 448 ἔμπαλιν
463 412 513 445 τὰς
524 413 699 449 ’ἀτιμοτέρας
722 413 813 448 φωνὰς
828 414 884 445 τοῖς

95 457 167 483 κατὰ
191 457 270 491 φύσιν
295 457 442 493 προέχουσι
460 458 506 485 τὸν
523 458 588 485 Θεὸν
612 459 776 494 ἐφαρμόζειν
797 459 882 493 λέγει,

96 503 136 538 μὴ
156 503 428 538 συμμετατιθεμένης
453 504 485 538 τῇ
509 503 604 539 κλήσει
629 504 680 540 τῆς
700 504 816 539 φύσεως.
840 504 883 536 Ὡς

93 548 117 575 δ’
135 549 167 576 ἃν
184 549 299 584 μάλιστα
313 549 467 584 καταφανὲς
484 549 549 585 ἡμῖν
564 549 593 576 τὸ
607 549 750 584 λεγόμενον
767 550 882 585 γένοιτο,

95 596 141 622 ἐπ’
157 594 246 633 αὐτῶν
269 594 438 630 δειχθήσεται
462 595 517 622 τῶν
539 595 709 631 πραγμάτων
732 596 749 631 ἠ
772 596 881 633 ἀτοπία.

94 639 131 666 Εἴ
142 648 184 672 τις
198 631 242 666 τον
258 639 302 674 διὰ
326 640 416 676 πάσης
437 639 536 676 ἀρετῆς
560 640 700 676 εὐδόκιμον
711 662 717 673 ,
735 631 883 668 ἀκόλαστον

93 686 187 720 λέγοι·
202 686 218 722 ἦ
234 686 405 722 ἀναστρέψας
419 706 426 718 ,
440 686 485 713 τὸν
504 686 548 722 ἴσῃ
563 687 647 723 κακίᾳ
663 687 882 722 διαϐεϐλημένον,

94 732 197 767 ἀγαθὸν
210 734 281 759 εῐποι
293 733 341 759 καὶ
357 733 469 768 κόσμιον
479 741 485 748 ·
498 731 551 769 ἄρα
564 735 712 769 σωφρονεῖν
723 734 737 760 ὁ
751 733 881 766 τοιοῦτος,

94 779 112 814 ἡ
133 788 192 806 τινα
212 779 260 814 τῆς
274 778 401 814 ἀληθείας
423 778 494 814 ἔχειν
510 779 636 814 φροντίδα
660 779 806 815 παρὰλτοῖς
820 779 882 806 νοῦν

95 826 186 860 ἔχουσι
205 825 414 861 νομισθήσεται,
430 825 632 861 ἐνηλλαγμένας
646 825 714 861 πρὸς
728 826 882 853 τούναντίον

935 229 1014 261 sima,
1040 229 1140 263 inquit,
1169 228 1251 263 digna
1272 233 1411 255 censentur
1437 228 1501 255 exili
1527 228 1722 255 Itonoralzilium

935 274 1119 309 appellatione,
1133 283 1192 301 cum
1203 282 1254 301 non
1269 275 1323 301 sint
1339 280 1437 301 natura
1458 275 1525 302 sicut
1538 275 1719 302 nominantur.

934 321 973 348 Ac
989 320 1035 348 Dei
1050 328 1119 356 opus
1130 321 1180 348 hoc
1192 328 1252 348 esse
1262 321 1310 351 ait.
1325 321 1506 356 appellatione
1517 321 1720 349 honorabiliore

934 372 1060 394 naturam
1088 366 1251 393 deteriorem
1279 367 1425 398 ementiri,
1449 374 1480 394 ac
1515 375 1612 395 rursus
1640 375 1720 396 vaces

935 414 1026 440 minus
1051 412 1236 444 honorabiles,
1255 417 1352 439 natura
1377 414 1612 447 prmstanlioribus
1635 414 1719 441 Deum

934 458 1084 486 attribuere
1100 458 1178 490 dicit,
1195 462 1291 485 natura
1309 466 1356 493 per
1374 460 1582 494 appellationem
1607 460 1720 488 minime

934 505 1086 532 immutata.
1109 504 1144 532 Ut
1171 508 1262 532 autem
1281 505 1353 540 quod
1371 505 1483 538 dit-itur,
1512 507 1630 534 maxime
1656 515 1719 541 per-

935 552 1059 586 spicuum
1075 551 1155 578 nobis
1170 550 1226 582 ﬂat,
1248 551 1275 577 in
1303 552 1372 586 ipsis
1389 551 1470 579 rebus
1488 552 1721 580 denionstrabitnr

934 596 1100 624 absurditas.
1116 595 1144 622 Si
1158 596 1220 631 quis
1231 595 1304 622 omni
1321 596 1430 623 virtutis
1445 596 1523 624 laude
1537 597 1717 631 cumulatum,

934 641 1158 676 intemperantem
1178 640 1271 672 dicat;
1293 640 1334 668 vel
1348 647 1363 667 e
1379 642 1517 668 contrario
1542 642 1637 676 aequali
1654 643 1719 670 vitio

933 688 1207 718 damnatum.bonum
1217 691 1245 715 et
1259 687 1412 714 modestum
1424 686 1534 717 dixerit,
1547 692 1637 714 utrum
1648 695 1720 716 sana:

934 735 1034 761 mentis
1051 734 1133 761 homo
1143 734 1206 760 talis
1217 741 1289 765 esse,
1304 733 1344 760 vel
1357 732 1476 767 aliquam
1493 733 1615 760 veritatis
1627 741 1719 760 curam

934 780 1037 807 habere
1058 779 1129 814 apud
1147 778 1246 807 mentis
1264 783 1403 813 compotes
1423 778 1593 811 censebitur,
1613 779 1639 805 in
1656 787 1721 806 con-

934 825 1048 852 trarium
1080 825 1288 860 appellationem
1325 828 1508 856 commutans,
1539 824 1720 859 signiﬁcantia

94 871 145 902 τὰς
161 870 345 906 προσηγορίας
371 869 546 905 ποιούμενος,
573 870 610 906 μὴ
634 870 881 906 συμμαρτυρούοης

934 872 1074 899 nominum
1093 879 1147 898 non
1177 870 1357 898 conveniente
1375 870 1500 897 naturae?
1515 869 1570 905 Ego
1594 871 1720 906 equidem

95 917 129 951 τῇ
149 916 271 952 σημασίᾳ
293 916 347 942 τῶν
364 916 503 951 ὀνομάτων
527 916 577 950 τῆς
598 916 721 950 φύσεως;
742 916 812 951 Ἐγὼ
833 917 882 952 μὲν

94 963 146 989 οὐκ
164 959 250 997 οἶμαι.
265 962 356 988 Ταῦτα
370 962 459 989 τοίνυν
476 961 539 997 περὶ
558 962 604 989 τοῦ
617 962 685 989 Θεοῦ
699 962 820 997 γίνεσθαί
831 972 883 998 φη-

96 1016 140 1034 σιν
164 1004 240 1039 οὗτος
253 1027 260 1038 ,
276 1006 293 1034 ἂ
314 1007 375 1034 οὔτε
399 1008 458 1040 ταῖς
479 1009 581 1039 κοιναῖς
604 1008 658 1034 τῶν
681 1009 805 1041 ἐννοιῶν,
821 1008 882 1035 οὔτε

94 1055 155 1084 ταῖς
181 1055 328 1089 γραφικαῖς
346 1053 509 1089 μαρτυρίαις
527 1054 680 1089 συμϐαίνει.
701 1054 746 1081 Ἐν
766 1055 814 1090 μὲν
828 1055 882 1091 γὰρ

94 1100 128 1134 τῇ
147 1099 217 1125 κατὰ
235 1099 280 1126 τὸν
296 1098 352 1134 βίον
365 1099 443 1135 ἡμῶν
456 1099 594 1135 συνηθείᾳ,
611 1100 698 1136 μόνων
716 1100 770 1126 τῶν
785 1101 817 1127 ἐκ
833 1101 882 1136 μέγ

97 1146 147 1180 οης
166 1145 183 1181 ἢ
201 1145 352 1181 φρενίτιδος
373 1146 584 1181 παραπαιόντων
598 1146 655 1173 ἐστὶ
668 1166 676 1178 ,
693 1146 723 1173 τὺ
739 1146 883 1174 διαπλανᾶ-

97 1192 159 1218 σθαι
175 1192 243 1228 πρὸς
254 1191 288 1218 τὰ
299 1192 427 1227 ὀνόματα,
442 1193 487 1219 καὶ
501 1192 539 1228 μὴ
554 1192 623 1219 κατὰ
637 1192 668 1219 τὺ
685 1193 882 1229 σημαινόμενον

95 1239 155 1269 ταῖς
173 1237 219 1264 ἐπὶ
245 1237 298 1264 τῶν
315 1238 485 1274 πραγμάτων
507 1238 657 1274 κεχρῆσθαι
677 1240 794 1274 φωναῖς,
814 1239 883 1267 ἀλλὰ

96 1283 165 1309 κύνα
183 1283 231 1318 μὲν
247 1283 346 1318 λέγειν,
364 1285 397 1311 ἃν
411 1283 497 1316 οὕτως
509 1284 567 1320 ἔχῃ,
584 1284 629 1311 τδν
648 1279 805 1320 ἄνθρωποί·
821 1285 883 1312 κυνὶ

95 1328 124 1355 δὲ
143 1329 223 1355 πάλιν
240 1329 405 1364 ἐφαρμόζειν
428 1329 570 1365 ἀνθρώπου
590 1329 783 1366 προσηγορίαν.
806 1329 838 1356 Ἦ
854 1329 882 1357 δὲ

96 1374 156 1401 θεία
169 1373 263 1410 Γραφὴ
280 1374 405 1402 τοσοῦτον
428 1375 524 1410 ἀπέχει
539 1375 585 1402 τοῦ
601 1376 634 1410 τῇ
653 1375 782 1411 συγχύσει
796 1375 882 1412 ταύτῃ

97 1419 277 1452 συντίθεσθαι,
293 1420 363 1446 ὥστε
381 1420 428 1446 καὶ
444 1420 566 1457 φανερῶς
579 1419 636 1446 ἔστι
653 1421 702 1456 τῆς
714 1417 882 1456 προφητείας

95 1465 143 1491 ἐπὶ
167 1464 271 1496 τούτοις
286 1464 495 1500 σχετλιαζούσης
515 1464 633 1491 ἀκούειν.
657 1464 731 1491 Οὐαὶ
745 1466 761 1491 ὁ
774 1465 881 1499 λέγων,

95 1510 173 1545 φησὶ,
192 1509 225 1536 τὸ
244 1509 306 1544 φῶς
322 1510 448 1543 σκότος,
466 1509 560 1537 καὶτὸ
575 1510 685 1544 σκότος
706 1510 768 1545 φῶς
779 1531 787 1544 ,
809 1511 825 1538 d
839 1519 881 1537 τι·
896 1531 919 1563 c

94 1556 158 1589 θείς
173 1556 206 1583 τὸ
222 1556 329 1591 πικρὸν
341 1556 450 1591 γλυκὺ,
466 1556 559 1583 καὶτὸ
573 1555 669 1591 γλυκὺ
680 1557 796 1591 πικρόν.
810 1556 883 1593 Πρὸς

93 1601 122 1628 τί
138 1601 228 1628 τοίνυν
243 1601 348 1636 βλέπων
358 1601 409 1637 τὴν
422 1601 536 1628 ἀτοπίαν
546 1600 648 1636 ταύτην
662 1602 883 1637 προσμαρτυρεῖν

94 1647 180 1674 οἴεται
195 1647 250 1674 δεῖν
267 1646 306 1682 τῷ
324 1647 379 1682 ἰδίῳ
393 1646 469 1681 Θεῷ;
485 1647 648 1674 Είπάτωσαν
664 1648 688 1673 οἱ
704 1655 884 1683 μυσταγωγη-

96 1693 190 1724 θέντες
208 1692 272 1728 παρ’
287 1692 361 1728 αὐτῷ
382 1692 417 1718 τὰ
432 1692 574 1729 ἀπόρρητα
588 1711 595 1724 ,
622 1692 650 1719 τί
664 1692 718 1719 τῶν
741 1693 805 1728 περὶ
830 1692 883 1728 γῆν

95 1738 291 1766 ἀσθενέστατον
320 1739 476 1774 κρίνουσιν,
507 1738 521 1764 ὃ
546 1738 606 1769 ταῖς
633 1737 813 1773 τιμιωτάταις
828 1737 883 1764 τῶν

96 1784 259 1820 ὲπωνυμιῶν
272 1784 348 1820 παρὰ.
361 1783 407 1810 τοῦ
419 1783 486 1810 Θεοῦ
502 1783 672 1818 σεμνύνεται.
689 1783 884 1811 ’Δσθενέστατα

95 1830 151 1857 τῶν
166 1830 250 1857 ὄντων
266 1830 300 1856 τὰ
312 1829 422 1856 τοιαῦτα
432 1829 485 1856 τῶν
498 1828 574 1862 ζώων
590 1829 663 1857 ἐστὶν
674 1849 681 1863 ,
694 1826 735 1862 οἷς
747 1831 763 1865 ή
777 1829 884 1864 γένεσις

96 1876 153 1904 ἀπὺ
168 1876 274 1912 σήψεως
287 1876 378 1912 ὑγρῶν
395 1875 445 1912 τὴν
459 1875 588 1903 σύστασιν
608 1876 674 1911 ἔχει.
686 1875 844 1911 Τιμιώτατα
856 1877 884 1904 δὲ

96 1922 153 1949 τῶν
170 1922 254 1950 ὄντων
267 1922 350 1958 ἀρετή
360 1930 390 1949 τε
407 1921 453 1948 καὶ
472 1922 598 1958 ἅγιότης,
614 1922 661 1949 καὶ
674 1923 701 1949 εἴ
716 1930 742 1948 τι
756 1922 832 1957 φίλον
845 1922 899 1958 τῷ“

96 1967 169 2003 Θεῷ.
185 1965 250 2003 'Ap'
264 1965 311 1994 οὖν
327 1968 413 2003 μυῖαι,
430 1968 477 1994 καὶ
491 1967 602 1999 κνίπες,
620 1967 667 1994 καὶ
682 1967 822 2004 βάτραχοι,
837 1970 885 1996 καὶ

96 2011 138 2045 οἷς
151 2013 182 2039 ὲκ
195 2013 298 2048 κόπρου
311 2013 328 2048 ή
344 2012 450 2046 γένεσις
460 2032 467 2045 ,
478 2012 564 2039 ταῦτα
574 2013 606 2048 τῇ
619 2011 668 2040 τοῦ
679 2013 758 2048 ἁγίου
769 2034 776 2045 ,
790 2015 836 2041 καὶ
850 2015 883 2050 τῇ

96 2058 148 2093 τῆς
163 2058 262 2093 ἀρετῆς
279 2058 420 2094 ἐπωνυμία
439 2058 597 2094 τετίμηται,
613 2058 684 2085 ὥστε
707 2059 884 2095 σεμνύνεσθαι

99 2104 150 2138 μὲν
164 2105 220 2133 τοῖς
233 2103 333 2139 τιμίοις
353 2103 407 2130 τῶν
422 2103 562 2139 ὀνομάτων
572 2124 579 2138 ,
592 2104 630 2139 μὴ
658 2106 839 2141 συμμετέχειν
856 2106 884 2132 δὲ

97 2149 149 2184 ’τῆς
173 2148 228 2175 τῶν
245 2148 571 2184 ἀξιωμάτων-ἰσομοιρίας
581 2170 588 2182 ,
605 2148 696 2180 καθώς
710 2158 791 2184 φησιν
805 2150 819 2176 ό
833 2150 885 2176 Εὑ-

933 924 988 945 non
1015 917 1145 944 arbitror.
1176 916 1239 944 Haec
1266 917 1347 951 igitur
1366 916 1400 943 de
1419 915 1473 943 Deo
1491 916 1548 943 ﬁeri
1574 916 1619 943 hic
1642 917 1719 948 dicit.

932 972 993 1000 qua:
1010 972 1099 998 neque
1110 963 1302 991 communibus
1319 963 1440 995 notitiis,
1460 970 1547 997 neque
1573 962 1720 997 Scriptum

933 1010 1272 1044 testimoniiscongruunt.
1285 1007 1350 1034 Nam
1369 1008 1395 1034 in
1405 1008 1603 1035 consuetudine
1621 1013 1720 1036 nostra:

933 1056 994 1083 vitae
1009 1055 1131 1083 solorum
1152 1058 1194 1082 est
1214 1055 1346 1081 ebrietate
1361 1054 1402 1081 vel
1419 1054 1572 1089 phrenitide
1584 1055 1720 1090 desipien-

933 1102 1048 1135 tium,in
1064 1101 1220 1128 nominibus
1234 1107 1343 1132 errare;
1362 1103 1388 1127 et
1403 1108 1456 1127 nou
1474 1101 1625 1127 secundum
1639 1101 1721 1136 signi-

933 1146 1042 1174 ﬁcatum
1064 1146 1092 1173 iu
1112 1145 1192 1173 rebus
1210 1145 1248 1172 uti
1266 1145 1396 1179 vocibus;
1419 1144 1467 1172 sed
1489 1151 1584 1172 canem
1609 1145 1719 1180 quidem

933 1192 1024 1220 dicere
1037 1192 1190 1226 hominem;
1217 1192 1279 1218 cani
1296 1198 1359 1218 vero
1375 1195 1470 1218 contra
1484 1190 1603 1218 hominis
1627 1192 1719 1226 appel-

933 1237 1061 1265 lationem
1085 1236 1304 1263 accommodare.
1332 1234 1448 1262 Tantum
1472 1239 1562 1262 autem
1588 1235 1666 1262 abest
1690 1241 1720 1262 ιιι

925 1282 1024 1310 ‘divina
1048 1282 1188 1317 Scriptura
1210 1277 1278 1309 huic
1305 1280 1460 1308 confusioni
1486 1281 1663 1313 assentiatur,
1689 1285 1720 1308 ut

932 1329 1013 1356 etiam
1029 1327 1172 1355 manifeste
1184 1327 1278 1354 audire
1288 1326 1368 1354 liccat
1384 1325 1542 1361 prophetam
1555 1326 1590 1353 ob
1602 1326 1657 1353 haec
1668 1326 1718 1353 du-

933 1374 1042 1402 lentcm.
1060 1373 1115 1405 Vm,
1128 1373 1226 1408 inquit,
1234 1373 1279 1408 qui
1289 1373 1352 1399 dicit
1365 1372 1448 1399 lucem
1464 1372 1593 1404 tenebras,
1606 1377 1630 1399 et
1648 1378 1719 1399 tene-

933 1420 993 1446 bras
1019 1419 1112 1451 Iuram,
1128 1422 1152 1446 et
1180 1419 1225 1454 qui
1243 1418 1316 1452 ponit
1343 1426 1466 1444 amarum
1491 1418 1577 1450 dulce,
1597 1423 1622 1445 et
1643 1418 1720 1446 dulce

933 1465 1098 1492 amarunt“.
1116 1464 1187 1498 Quid
1207 1464 1287 1499 igitur
1311 1468 1438 1498 spectans
1459 1463 1529 1491 hanc
1550 1467 1653 1490 tantam
1670 1465 1719 1491 ab-

934 1511 1093 1539 surditatem
1123 1513 1200 1545 putat
1216 1514 1343 1545 oportere
1361 1509 1415 1536 Deo
1436 1509 1604 1536 attribuere?
1624 1509 1719 1536 Dicant

934 1556 980 1591 qui
1014 1556 1075 1591 ejus
1097 1555 1207 1582 arcanis
1229 1555 1327 1582 initiati
1346 1559 1421 1588 sunt,
1446 1555 1575 1590 quidnam
1600 1556 1627 1582 in
1648 1560 1719 1583 terra

933 1601 1149 1628 inﬁrmissimum
1161 1599 1287 1635 judicant
1307 1600 1380 1634 quod
1409 1600 1658 1628 honorabilissimis
1671 1609 1720 1636 ap-

934 1646 1127 1683 pellationibus
1141 1653 1155 1673 a
1170 1645 1226 1673 Deo
1237 1645 1409 1673 nobilitatur.
1424 1644 1612 1673 inﬁrmissima
1623 1637 1720 1673 eorum

933 1700 994 1728 quae
1014 1695 1078 1720 sunt
1104 1699 1136 1719 ea
1161 1695 1226 1719 sunt
1252 1690 1390 1723 animalia,
1418 1691 1519 1726 quibus
1541 1692 1680 1727 generatio
1704 1700 1720 1720 a

934 1738 1078 1774 putredine
1106 1737 1280 1764 humidnrnm
1308 1736 1449 1764 consistit:
1482 1737 1720 1765 honorabilissima

934 1792 998 1813 vero
1010 1791 1104 1812 eorum
1133 1791 1194 1818 qua:
1217 1786 1291 1815 sunt,
1310 1782 1398 1810 virtus
1417 1786 1445 1810 et
1469 1784 1612 1816 sanctitas,
1640 1789 1667 1810 et
1694 1783 1717 1811 si

933 1830 998 1867 quid
1016 1829 1071 1857 Deo
1086 1829 1210 1857 charum.
1226 1827 1267 1854 Au
1287 1827 1379 1863 igitur,
1405 1835 1509 1859 musca,
1522 1828 1636 1861 culices,
1648 1837 1721 1856 rana:

933 1879 960 1904 et
974 1875 1072 1911 quibus
1085 1881 1100 1901 e
1112 1877 1234 1900 stercore
1246 1876 1334 1904 ortus,
1352 1872 1408 1899 hmc
1425 1880 1459 1899 ne
1472 1873 1560 1900 sancti
1575 1876 1602 1900 et
1611 1873 1719 1901 virtutis

934 1919 1115 1956 appellatione
1126 1918 1259 1945 honorata
1271 1921 1345 1950 sunt,
1360 1917 1397 1944 ita
1411 1922 1440 1944 ut
1455 1917 1660 1946 honorabilibus
1669 1927 1720 1946 no-

934 1968 1054 1996 minibus
1083 1965 1275 1997 illustrentur,
1305 1964 1417 1992 minime
1445 1972 1509 1992 vero
1536 1965 1718 2000 a‘qualitatem

935 2014 1098 2049 dignitatum
1112 2011 1287 2047 participent,
1307 2010 1536 2046 quemadmodum
1562 2011 1599 2038 ait
1622 2010 1718 2039 Euno-

935 2059 1023 2088 mius?
1042 2058 1094 2086 Sed
1115 2056 1237 2085 nondum
1253 2057 1307 2084 tale
1331 2057 1395 2092 quid
1421 2056 1585 2089 audivimus,
1600 2058 1672 2093 quod
1688 2065 1719 2086 ea

935 2114 995 2142 qua:
1011 2109 1075 2133 sunt
1089 2104 1196 2131 infirma
1209 2102 1486 2138 magniﬁcentioribus
1499 2104 1654 2132 nominibus
1670 2112 1718 2140 ap-

935 2153 1034 2188 pellata
1051 2151 1115 2184 sinl,
1130 2150 1171 2178 vel
1183 2149 1256 2185 quod
1280 2157 1406 2185 magnum
1432 2153 1459 2177 et
1484 2150 1643 2178 honorabile
1668 2159 1720 2178 na-

98 2193 202 2228 νόμιος.
224 2193 293 2229 Ἀλλ’
309 2192 385 2220 οὔπω
408 2192 439 2219 τὸ
463 2192 582 2219 τοιοῦτον
604 2193 777 2230 ἠκούσαμεν,
791 2194 832 2221 ὅτι
851 2195 884 2222 τὰ

938 2203 1008 2230 tura,
1021 2198 1118 2225 horum
1134 2196 1216 2224 unius
1230 2195 1411 2230 appellatione
1426 2196 1622 2223 contumeliosa
1638 2195 1721 2224 fuerit

97 2238 201 2273 ἀσθενῆ
217 2238 304 2266 ταῦτα
318 2239 377 2270 ταῖς
394 2237 658 2274 μεγαλοφυεστέραις
679 2238 733 2266 τῶν
749 2248 886 2276 προσηγο-

101 2284 167 2320 ριῶν
184 2284 400 2318 κατωνόμασται,
421 2283 438 2318 ἢ
452 2284 493 2311 ὅτι
506 2283 536 2310 τδ
553 2283 624 2319 μέγα
640 2285 673 2320 τῇ
688 2284 767 2319 φύσει
781 2286 828 2312 καὶ
844 2286 886 2312 τί-

101 2339 182 2366 μιον,
206 2331 239 2365 τῇ
255 2329 314 2361 ἑνὸς
329 2329 430 2356 τούτων
451 2329 823 2367 καθυϐρίσθαιπροσηγορίᾳ.
842 2332 887 2358 Δί-

101 2383 180 2407 καιος
193 2372 227 2411 ἦν
241 2376 255 2402 ὁ
275 2375 336 2402 Νῶε
346 2395 354 2407 ,
375 2376 457 2410 φησὶν
473 2376 489 2410 ἡ
505 2375 598 2412 Γραφὴ
611 2395 618 2408 ,
636 2376 731 2408 πιστὸς
751 2377 886 2414 Ἀϐραὰμ,

101 2420 151 2447 καὶ
163 2420 253 2456 πραῢς
267 2420 386 2455 Μωῠσῆς
397 2441 404 2453 ,
421 2419 468 2446 καὶ
483 2419 564 2454 σοφὸς
580 2420 694 2456 Δανιὴλ,
712 2421 759 2448 καὶ
772 2421 887 2458 σώφρων

100 2467 115 2493 ὸ
139 2465 257 2501 Ἰωσὴφ,
283 2465 331 2492 καὶ
358 2466 502 2500 ἄμεμπτος
522 2465 598 2498 Ίὼὸ,
621 2466 668 2492 καὶ
697 2467 888 2502 μακροθυμίαν

101 2510 295 2548 κατωρθωκὼς
312 2512 327 2538 ὁ
340 2511 430 2538 Δαὸίδ.
445 2511 607 2539 Εἰπάτωσαν
619 2512 721 2544 τοίνυν,
740 2514 766 2540 ετ
777 2522 814 2548 πη
828 2513 889 2541 τού-

100 2566 156 2585 των
169 2557 283 2588 ἒκαστος
297 2558 329 2584 ὲκ
342 2556 397 2583 τῶν
415 2557 545 2584 ἐναντίων
558 2557 608 2590 τὰς
625 2558 781 2594 ἐπωνυμίας
799 2559 888 2595 ἔσχεν,

101 2605 118 2639 ἦ
133 2605 181 2631 καὶ
201 2605 247 2630 ἐπὶ
262 2603 317 2630 τῶν
337 2603 406 2639 πρὸς
423 2603 452 2630 τὸ
465 2605 555 2639 χεῖρον
572 2605 801 2640 μαρτυρουμένων
811 2627 819 2640 ,
833 2603 890 2633 οἷον

102 2648 198 2675 Νάϐαλ
220 2649 235 2675 ὀ
251 2649 424 2684 Καρμήλιος,
440 2649 486 2675 καὶ
500 2649 599 2685 Φαραὼ
615 2651 629 2677 ό
653 2651 799 2686 Αἰγύπτιος
811 2672 819 2684 ,
840 2652 888 2679 καὶ

108 2693 255 2729 Ἀσιμέλεχ
269 2695 283 2721 ὁ
304 2694 470 2729 ἀλλόφυλος,
497 2695 543 2722 καὶ
565 2696 665 2728 πάντες
684 2698 709 2724 οξ
734 2698 780 2724 ἐπὶ
804 2699 889 2735 κακίᾳ

104 2739 346 2776 μνημονευόμενοι,
363 2741 386 2767 εί
401 2741 460 2772 ταῖς
475 2740 646 2777 δεξιωτέραις
659 2742 713 2771 τῶν
728 2743 889 2780 ὲπωνυμιῶν

138 2829 160 2845 ¹⁶
179 2829 231 2857 lsa.
246 2836 272 2862 ν,
288 2828 331 2855 20.

937 2243 1076 2271 allectum.
1091 2242 1185 2270 Justus
1202 2245 1261 2269 erat
1274 2240 1342 2274 Noe,
1355 2240 1444 2276 inquit
1463 2240 1613 2275 Scriptura,
1635 2241 1722 2270 ﬁdelis

937 2291 1086 2322 Abraham,
1104 2292 1131 2316 et
1146 2291 1305 2315 mansuetus
1320 2286 1418 2319 Moses,
1433 2291 1460 2314 ct
1476 2287 1586 2322 sapiens
1610 2286 1719 2321 Daniel,

937 2341 964 2364 et
989 2339 1146 2370 temperans
1164 2333 1276 2368 Joseph,
1297 2336 1324 2361 et
1359 2333 1514 2368 inculpatus
1533 2332 1595 2365 Job,
1622 2338 1649 2361 et
1675 2335 1722 2369 qui

938 2385 1030 2416 partes
1061 2386 1156 2406 omnes
1181 2377 1393 2413 aaquanimitatis
1423 2378 1479 2405 sive
1502 2379 1723 2407 mansuetudinis

939 2425 1070 2461 implevit,
1103 2423 1198 2451 David.
1226 2423 1324 2451 Dicant
1347 2424 1439 2459 igitur,
1457 2423 1480 2452 si
1495 2423 1596 2451 alicubi
1623 2424 1720 2452 horum

939 2471 1043 2506 quique
1061 2477 1094 2497 ex
1108 2468 1255 2496 contrariis
1270 2469 1381 2496 nomina
1395 2469 1484 2498 sortiti
1498 2470 1563 2502 sint,
1586 2477 1620 2497 an
1640 2470 1723 2498 etiam

941 2517 969 2544 hi
983 2523 1100 2552 quorum
1116 2515 1210 2542 vitium
1229 2514 1371 2550 Scriptura
1391 2519 1517 2549 testatur,
1538 2516 1611 2543 velut
1637 2515 1723 2544 Nabal

941 2561 1104 2593 Carmelius,
1133 2564 1161 2588 et
1192 2559 1299 2587 Pharao
1327 2559 1483 2596 Egyptius,
1512 2564 1539 2589 et
1566 2553 1723 2588 Abimelech

942 2608 1106 2642 alienigena,
1120 2611 1202 2642 atque
1216 2613 1312 2634 omnes
1324 2606 1370 2641 qui
1387 2606 1422 2633 ob
1440 2606 1504 2633 vitia
1518 2605 1724 2633 commemorati

941 2659 1015 2686 sunt,
1031 2661 1077 2686 an,
1095 2653 1218 2688 inquam,
1240 2651 1476 2680 favorabilioribus
1486 2656 1513 2680 et
1529 2652 1725 2680 faventioribus

941 2699 1099 2727 nominibus
1109 2704 1125 2725 a
1143 2698 1235 2727 divina
1251 2705 1318 2725 voce
1336 2697 1471 2724 honestati
1496 2697 1579 2725 sunt?
1592 2698 1653 2725 Non
1668 2697 1725 2724 haec

942 2745 980 2774 ita
995 2747 1070 2778 sunt,
1090 2744 1138 2774 sed
1153 2747 1183 2773 ut
1199 2751 1229 2773 se
1241 2744 1321 2772 habet
1337 2747 1433 2771 natura
1444 2747 1471 2771 et
1485 2743 1598 2777 veritas,
1624 2743 1664 2771 sic
1682 2750 1725 2771 res
