1951 3074
236 109 304 138 Ιὰίθ

861 103 890 131 S.
909 99 1074 130 CREGURII
1090 100 1238 128 NYSSENI

1795 96 1863 126 l0”

235 178 251 197 a
271 168 326 197 Deo
348 167 507 202 iudicantur
521 169 548 193 ct
572 164 712 197 dicuntur,
743 171 799 190 non
826 166 856 190 ut
879 160 1020 189 contrario

1079 159 1146 196 παρὰ
1161 160 1211 195 τῆς
1223 158 1297 191 θείας
1311 158 1402 193 φωνῆς
1416 156 1602 193 ἐτιμήθησαν,
1616 156 1674 183 Οὐκ
1689 156 1748 182 ἐστι
1763 154 1862 184 ταῦτα.

236 214 316 242 modo
329 221 358 241 se
371 213 471 240 habent
483 211 639 243 nominatae,
651 211 697 238 sed
711 214 740 237 ut
750 217 810 244 quae
830 208 1021 244 signiﬁcantur

237 259 381 286 manifesta
398 258 474 289 ﬁant,
495 256 613 293 propriis
636 255 688 283 sibi
705 258 733 282 et
746 253 961 289 congruentibus
974 259 1021 287 ap-

236 305 430 338 pellationibus
443 303 633 331 enuntiantur.

273 437 394 465 lslcvero
403 436 448 472 qui
462 440 552 464 mente
561 436 639 463 ﬁrma
649 435 778 471 praeditus
787 438 839 468 cst,
853 433 899 469 qui
914 433 1023 461 usitata:

236 483 445 511 consuetudinis
459 487 603 511 accusator
609 487 659 515 cst,
670 482 716 519 qui
728 483 755 510 in
763 481 867 517 judicio
876 480 1024 508 ratiocina-

237 532 311 558 tione
327 530 457 565 spoliatos
479 530 657 561 eonvitiatur,
680 530 739 556 haec
755 529 789 556 de
804 528 897 556 divina
924 531 1023 554 natura

204 574 207 577 ί
238 584 403 611 cognoscere
417 576 554 611 supponit,
567 575 615 602 has
625 575 659 602 de
674 574 728 602 Deo
738 574 883 610 opiniones
900 574 1023 609 exponit,

239 623 317 654 quasi
334 630 378 650 res
393 622 466 656 ipsas
480 621 697 649 falsiuominibus
721 621 834 648 vocibus
849 620 981 652 derideat,
997 625 1024 648 et

240 667 435 694 inlirmissimis
461 666 716 693 bonorabilissimas
748 665 945 700 appellationes
969 665 1023 693 lar-

239 714 340 748 giatur,
357 717 383 740 et
397 712 567 740 honorabilia
584 712 684 747 probro
701 711 800 738 alliciat
821 720 911 738 rerum
929 712 1021 739 vilium

239 759 350 786 nomina
375 759 441 793 ipsis
456 758 676 786 communicatis.
703 757 774 786 Fieri
799 757 908 793 quidem
935 761 1024 793 potest

240 809 270 832 ut
285 805 377 837 homo,
400 805 508 832 etiamsi
527 804 608 831 fuerit
623 812 654 831 ex
673 811 767 831 eorum
783 811 898 831 numero
921 803 968 839 qui
996 804 1021 830 in

231 853 381 880 veritatem
407 852 558 883 intuentur,
584 855 661 878 extra
692 850 834 878 veritatem
861 850 1023 885 plerumque

240 899 374 927 abductus
389 906 443 933 pra:
462 898 565 933 pudore
585 897 773 924 absorbeatur.
791 896 820 923 AI
832 897 882 924 iste
907 896 962 924 Deo
977 895 1025 923 de<

240 953 333 972 eorum
352 945 482 972 honorem
496 943 634 971 existimat.
644 942 728 970 rideri
743 950 785 970 res
796 941 1024 977 appellationibus

241 991 318 1019 falsis
336 990 471 1019 ementiri.
495 989 553 1017 Non
579 989 637 1016 haec
660 988 760 1015 divinae
780 993 885 1014 naturae
913 987 1024 1014 oracula

242 1036 374 1062 tribuunt.
387 1034 558 1069 Longanimis
573 1038 596 1060 et
610 1032 722 1060 multant
736 1032 886 1059 misericors
898 1037 922 1058 et
949 1040 1025 1059 verus

244 1082 325 1114 Deus,
341 1082 377 1108 ait
391 1080 475 1107 David
490 1081 511 1096 "
528 1089 534 1106 :
550 1079 688 1115 quomodo
703 1079 785 1114 igitur
800 1086 893 1110 verus,
909 1079 956 1114 qui
981 1087 1025 1107 res

241 1127 398 1157 ementitur.
418 1127 519 1161 quique
540 1125 681 1152 nominum
709 1123 955 1160 signiﬁcationibus
973 1123 1026 1150 im-

242 1177 329 1201 mutat
345 1172 505 1200 veritatem?
520 1171 621 1198 Rectus
639 1171 770 1198 Dominus
790 1169 862 1197 Deus
879 1170 914 1198 ab
930 1170 1025 1198 eodem

246 1227 342 1247 rursus
361 1218 514 1253 appellatur
528 1218 559 1244 ’⁸.
576 1217 673 1244 Utrum
703 1216 786 1252 igitur
796 1216 968 1244 rectitudinis
986 1220 1028 1244 cst

243 1263 491 1292 honorabilissimis
516 1263 673 1290 nominibus
710 1262 856 1290 honestare
883 1261 1033 1296 ignobilia,

242 1311 396 1345 esilemque
411 1310 625 1337 nominationem
652 1308 774 1336 tribuere
799 1312 826 1335 et
848 1311 1026 1343 apparentem

243 1358 271 1384 in
289 1357 371 1384 verbo
388 1355 545 1391 dignitatem
571 1353 693 1382 invidere
712 1354 736 1382 ei
753 1353 799 1389 qui
817 1353 1027 1389 appellationem

244 1401 370 1437 accepit?
386 1401 443 1429 lloc
463 1401 649 1436 theologorum
678 1401 793 1427 istorum
809 1399 844 1427 de
868 1407 938 1426 novo
971 1399 1027 1426 Deo

244 1447 451 1480 testimonium;
479 1447 524 1474 hic
550 1447 715 1482 pervulgata:
732 1445 884 1473 dialecticae
909 1445 1029 1473 solertia

1072 206 1128 232 ἀλλ’
1148 207 1186 238 ὡς
1206 204 1262 241 ἔχει
1281 204 1362 239 φύσις
1375 213 1404 231 τε
1427 204 1474 230 καὶ
1489 203 1601 238 ἀλήθεια
1613 223 1621 236 ,
1643 201 1715 228 οὕτω
1738 200 1774 227 τά
1798 201 1865 226 ὄντα

1071 252 1148 288 παρὰ
1160 251 1206 279 τοῦ
1219 251 1285 278 Θεοῦ
1297 250 1420 286 κρίνεται
1431 258 1460 276 τε
1479 249 1526 276 καὶ
1539 248 1655 281 λέγεται,
1665 247 1716 273 οὐκ
1731 245 1865 275 ἐναντίως

1071 300 1126 330 τοῖς
1142 296 1215 325 οὖσιν
1230 296 1430 332 ὀνομαζόμενα,
1451 294 1508 321 ἀλλ’
1525 294 1561 326 ὡς
1583 292 1617 319 ἂν
1633 292 1753 328 μάλιστα
1779 298 1864 317 κατα-

1072 344 1144 379 φανῆ
1165 344 1270 378 γένοιτο
1292 341 1327 369 τὰ
1352 341 1536 377 σημαινόμενα
1559 341 1619 371 ταῖς
1638 339 1755 369 οἰκείαις
1777 344 1864 371 προσ-

1072 389 1197 425 ηγορίαις
1211 387 1437 422 ἐξαγγελλόμενα.

1108 434 1200 462 Ταῦτα
1213 435 1228 461 ὁ
1246 433 1376 469 εὐσθενὴς
1389 432 1438 469 τὴν
1454 431 1583 463 διάνοιαν,
1599 431 1613 457 ὁ
1629 430 1680 464 τῆς
1694 428 1866 464 πεφωρημέ-

1072 491 1121 517 νης
1141 480 1283 517 συνηθείας
1306 480 1469 514 κατήγορος,
1485 478 1499 504 ὁ
1517 477 1580 508 τοὺς
1596 475 1813 513 παρῃρημένους
1836 474 1867 500 ὲν

1073 528 1134 563 δίκῃ
1148 528 1194 554 τὸν
1214 525 1342 561 λογισμὸν
1358 523 1504 559 διασύρων,
1526 522 1612 549 ταῦτα
1631 522 1779 556 γινώσκειν
1799 520 1866 555 περὶ

1073 574 1122 609 τῆς
1139 573 1213 604 θείας
1227 570 1383 599 ὑποτίθεται
1399 569 1516 604 φύσεως,
1528 568 1630 599 ταύτας
1647 567 1712 601 περὶ
1734 566 1802 593 Θεοῦ
1816 566 1866 597 τὰς

1073 620 1152 654 δόξας
1165 618 1310 650 ἐκτίθεται,
1327 617 1365 648 ὡς
1386 613 1651 651 κατειρωνευομένου
1668 612 1724 638 τῶν
1738 612 1868 647 πραγμά-

1073 676 1128 694 των
1137 667 1197 697 ταῖς
1207 663 1394 700 ψευδωνύμοις
1407 662 1519 697 φωναῖς,
1531 660 1577 687 καὶ
1589 660 1644 691 τοῖς
1656 658 1867 688 ἀσθενεστάτοις

1073 714 1123 745 τὰς
1146 711 1313 748 τιμιωτάτας
1339 707 1518 745 χαριζομένου
1541 704 1737 741 προσηγορίας,
1759 704 1806 730 καὶ
1833 703 1869 729 τὰ

1073 759 1151 794 τίμια
1173 756 1383 792 καθυὸρίζοντες
1401 755 1434 790 τῇ
1460 753 1528 788 πρὸς
1549 751 1583 778 τὰ
1599 751 1689 786 φαῦλα
1710 750 1766 776 τῶν
1783 750 1868 776 ὖντων

1074 802 1228 840 ὁμωνυμίᾳ.
1247 802 1300 828 Καὶ
1319 801 1461 836 ἄνθρωπος
1480 798 1529 834 μέν
1545 806 1586 829 τις
1604 797 1657 822 τῶν
1682 795 1751 830 πρὸς
1765 794 1867 829 ἀρετὴν

1077 849 1228 885 βλεπόντων
1243 847 1295 880 ἔξω
1312 847 1362 882 τῆς
1378 846 1506 881 ἀληθείας
1518 845 1564 871 καὶ
1581 843 1718 874 ἀκουσίως
1736 842 1869 872 πολλάκις

1076 894 1263 931 παρενεχθεὶς,
1281 894 1325 920 ὑπ’
1346 892 1436 924 αἰδοῦς
1448 891 1622 918 καταδύεται.
1634 889 1694 924 Θεῴ
1707 889 1736 916 δὲ
1750 889 1869 924 πρέπου-

1077 951 1126 969 σαν
1143 943 1250 977 ἡγεῖται
1273 940 1355 974 τιμὴν
1378 939 1408 965 τὸ
1428 938 1548 972 φανῆναι
1572 936 1784 971 διαψευδόμενον
1807 935 1869 964 ταῖς

1076 987 1243 1022 ἐπωνυμίαις
1254 986 1288 1013 τά
1303 986 1462 1021 πράγματα.
1479 984 1515 1010 Οὐ
1530 982 1616 1010 ταῦτα
1639 980 1825 1018 μαρτυροῦσιν
1840 980 1870 1005 αἱ

1077 1034 1241 1069 προφητεῖαι
1254 1033 1287 1068 τῇ
1307 1031 1366 1066 Θείᾳ
1379 1031 1468 1065 φύσει,
1486 1030 1680 1064 Μακρόσυμος
1695 1027 1746 1054 καί
1763 1025 1871 1053 πολυέ-

1076 1081 1146 1113 λεος
1167 1079 1215 1106 καί
1233 1079 1378 1113 ἀληθινὸς
1395 1077 1478 1110 Θεὸς,
1494 1077 1576 1112 φησιν
1595 1076 1609 1102 ὁ
1625 1075 1717 1102 Δαϐἰό.
1741 1073 1805 1105 Πῶς
1824 1071 1872 1099 οὖν

1077 1125 1202 1162 ἀληθινὸς
1227 1126 1242 1152 ὁ
1270 1123 1325 1151 τῶν
1349 1123 1519 1160 πραγμάτων
1546 1121 1794 1157 καταψευδόμενος,
1823 1120 1869 1147 καὶ

1075 1172 1253 1199 ὲπαλλάσσων
1282 1172 1311 1197 ὲν
1335 1171 1394 1201 ταῖς
1418 1170 1472 1196 τῶν
1498 1169 1638 1204 ὀνομάτων
1660 1168 1800 1204 ἐμφάσεσι
1819 1168 1869 1202 τὴν

1078 1217 1223 1252 ἀλήθειανς
1241 1215 1327 1248 Εὐθὺς
1343 1215 1446 1251 Κύριος
1459 1215 1474 1242 ὁ
1487 1214 1552 1246 Θεὸς
1569 1213 1643 1249 παρὰ
1657 1213 1704 1240 τοῦ
1721 1213 1806 1240 αὑτοῦ
1819 1213 1869 1239 πά-

1077 1263 1119 1289 λιν
1135 1262 1377 1298 προσαγορεύεται·
1390 1259 1490 1297 ἆρόὗν
1499 1260 1645 1295 εὖθύτητός
1661 1261 1720 1286 ἐστι
1733 1260 1764 1286 τὸ
1776 1260 1872 1294 σεμνίιη

1078 1317 1133 1336 νειν
1148 1310 1205 1340 τοῖς
1223 1308 1395 1342 τιμιωτάτοις
1418 1307 1472 1333 τῶν
1497 1306 1638 1341 ὀνομάτων
1655 1305 1689 1332 τὰ
1707 1305 1806 1340 ἄτιμα,
1823 1306 1870 1330 καὶ

1078 1354 1127 1389 τὴν
1141 1353 1298 1388 ἐπωνυμίαν
1310 1353 1414 1380 διδόντα
1424 1352 1503 1388 ψιλὴν
1514 1352 1563 1387 τῆς
1576 1351 1781 1387 ἐμφαινομένης
1792 1351 1872 1383 ἀξίας

1078 1399 1116 1435 τῷ
1131 1400 1232 1435 ῥήματι
1250 1398 1407 1433 βασκαίνειν
1419 1398 1458 1433 τῷ
1474 1397 1647 1433 μετειληφότι
1667 1397 1720 1432 τῆς
1737 1397 1870 1432 κ).ήσεω;;

1079 1445 1154 1480 Δῦτη
1176 1444 1229 1471 τῶν
1248 1443 1380 1478 θεολόγων
1403 1442 1506 1470 τούτων
1530 1443 1546 1478 ἡ
1564 1443 1627 1477 περὶ
1650 1441 1698 1468 τοῦ
1725 1441 1787 1469 νέου
1803 1442 1870 1467 Θεοῦ

244 1493 389 1526 terminus,
419 1492 607 1519 demonstrare
625 1491 708 1519 Deum
734 1491 855 1526 ipsorum
885 1490 1027 1518 fraudibus

1081 1491 1236 1528 μαρτυρία·
1265 1490 1344 1517 τοῦτο
1373 1491 1422 1525 τῆς
1450 1489 1667 1525 πολυθρυλλήτου
1695 1488 1871 1523 διαλεκτικῆς

244 1538 385 1571 delectari,
403 1545 453 1565 nec
481 1537 588 1565 invidiae
604 1537 670 1565 vitio
684 1545 783 1573 purum
810 1545 881 1565 esse.
912 1537 1028 1564 Fraudis

245 1585 332 1617 enim,
350 1591 403 1610 non
417 1588 447 1610 ut
462 1591 492 1610 se
507 1583 588 1610 habet
605 1586 705 1610 natura
719 1587 746 1610 et
755 1583 876 1618 dignitas
892 1590 936 1610 res
951 1583 1028 1610 inllr-

247 1636 306 1656 mas
330 1628 489 1659 nominare,
505 1627 552 1655 sed
577 1635 609 1655 ex
627 1628 843 1663 pmoellentibus
873 1628 1030 1664 desumptas

246 1673 443 1708 appellationes
457 1673 524 1708 ipsis
543 1673 644 1702 frustra
659 1673 751 1709 largiri
765 1693 772 1706 ,
790 1681 844 1701 non
860 1681 922 1701 cum
936 1675 1030 1709 appel-

246 1719 348 1746 latione
373 1727 464 1746 rerum
490 1726 550 1754 qua:
578 1719 754 1746 nominantur
781 1719 881 1746 virtute
906 1718 1028 1747 collata:

246 1761 354 1792 invidia:
371 1769 473 1797 autem,
490 1769 518 1792 ut
545 1766 592 1801 qui
614 1764 700 1800 possit
717 1764 905 1792 bonorabilius
931 1773 1029 1792 nomen

246 1810 340 1842 rebus,
355 1810 504 1837 secundum
514 1809 539 1837 id
553 1812 624 1844 quod
639 1809 858 1845 prmslantiusest
870 1810 1028 1842 nominatis.

246 1855 405 1891 gratiﬁcari,
427 1855 516 1891 ipsum
532 1856 647 1890 gratiam
661 1855 725 1884 dare
744 1856 845 1891 pigeat,
860 1864 893 1884 ac
917 1857 941 1885 si
966 1865 1030 1892 pro-

248 1902 337 1936 prium
353 1901 482 1928 damnum
502 1901 639 1936 iudicaret
653 1901 835 1929 intln’niorum
860 1901 1029 1930 felicitatem.

248 1946 299 1975 Sed
314 1954 364 1982 ego
388 1946 567 1982 prudentibus
582 1947 777 1978 consuluerim.
791 1949 900 1977 tametsi
933 1950 1030 1977 horum

247 1992 432 2026 gnosticorum
463 1991 534 2018 Deus
557 1991 620 2019 talis
649 1999 711 2019 esse
738 1993 874 2020 rationum
900 1994 1031 2022 violentia

247 2037 364 2071 cogitur,
392 2044 445 2064 non
466 2036 506 2064 sic
522 2044 615 2063 verum
636 2035 720 2064 Deum
748 2037 921 2073 Unigenitum
947 2040 1031 2068 Deum

248 2086 354 2115 putare,
373 2081 420 2111 sed
441 2083 531 2117 ipsum
548 2083 581 2110 ad
605 2083 792 2118 subjectorum
810 2085 951 2114 veritatem
969 2094 1031 2114 cer-

247 2135 323 2159 nere,
338 2133 364 2154 et
379 2129 477 2163 cuique
492 2137 540 2163 pro
556 2129 652 2156 merito
663 2129 796 2162 tribuere,
812 2136 893 2166 atque
903 2141 934 2160 ex
949 2134 1031 2163 rebus

246 2175 450 2209 cognominare.
485 2174 583 2208 Venite,
599 2175 697 2210 inquit,
714 2175 842 2204 benedicti
859 2178 880 2194 ⁵⁹
894 2187 901 2205 :
916 2184 951 2211 et,
977 2179 1028 2213 lle,
1048 2167 1069 2195 ί)

249 2220 384 2247 maledicti
399 2221 439 2248 “z
459 2228 545 2255 neque
567 2229 629 2249 eum
645 2221 692 2257 qui
715 2223 906 2254 maledictione
930 2225 1030 2262 dignus

246 2271 299 2298 est,
312 2266 510 2294 benedictionis
530 2267 640 2295 nomine
659 2267 808 2302 honorans,
824 2278 913 2306 neque
932 2277 1028 2301 contra

245 2319 308 2339 eum
323 2312 368 2346 qui
381 2311 594 2340 benedictionem
606 2313 658 2341 sibi
674 2313 878 2351 thesaurizavit,
894 2326 956 2346 cum
970 2328 1031 2348 sce-

246 2357 341 2385 leratis
355 2357 496 2392 abjieiens.

1080 1537 1219 1572 ἀγχινοίας
1239 1536 1269 1564 τὸ
1284 1537 1378 1572 πέρας,
1403 1536 1434 1562 τὸ
1452 1535 1537 1568 δεῖξαι
1553 1535 1599 1561 τὸν
1623 1534 1690 1561 Θεὸν
1715 1534 1806 1563 αὐτῶν
1824 1535 1870 1560 καὶ

1079 1584 1138 1615 ταῖς
1153 1583 1271 1614 ἀπάταις
1286 1582 1528 1618 περιτερπόμενον,
1545 1581 1648 1608 καὶτοῦ
1665 1581 1738 1608 κατὰ
1753 1581 1799 1607 τὸν
1809 1581 1871 1615 φθό-

1080 1638 1125 1656 νον
1139 1629 1241 1660 πάθους
1263 1628 1294 1654 οὗ
1319 1627 1515 1663 καθαρεύοντα.
1536 1627 1656 1662 Ἀπάτης
1676 1627 1727 1662 μὲν
1741 1628 1796 1662 γάρ
1813 1627 1871 1653 ἐστι

1081 1675 1110 1702 τὸ
1127 1675 1164 1711 μὴ
1179 1675 1217 1707 ὡς
1234 1675 1290 1710 ἔχει
1309 1673 1416 1709 φύσεώς
1432 1682 1461 1700 τε
1485 1674 1531 1700 καὶ
1547 1673 1625 1706 ἀξίας
1645 1672 1680 1700 τὰ
1693 1673 1797 1708 ἀσθενῆ
1817 1673 1871 1699 τῶν

1083 1721 1252 1756 πραγμάτων
1274 1721 1478 1756 κατονομάζειν,
1493 1720 1549 1747 ἀλλ’
1564 1721 1596 1746 ἐκ
1610 1719 1666 1746 τῶν
1679 1719 1869 1754 ὑπερεχόντων

1081 1767 1130 1798 τὰς
1144 1766 1301 1802 ἐπωνυμίας
1320 1767 1411 1798 αὐτοῖς
1437 1766 1525 1802 μάτην
1541 1765 1713 1802 χαρίζεσθαι,
1737 1766 1776 1802 μὴ
1799 1775 1868 1800 συμ-

1083 1812 1260 1846 μετατιθέντα
1284 1814 1317 1848 τῇ
1343 1812 1435 1848 κλήσει
1453 1812 1506 1839 τῶν
1532 1812 1796 1847 κατονομαζομένων
1821 1812 1870 1847 τὴν

1082 1858 1213 1893 δύναμιν
1239 1858 1336 1893 φθόνου
1360 1858 1388 1884 δὲ
1415 1858 1445 1884 τὸ
1467 1858 1615 1893 δυνάμενον
1629 1857 1679 1894 τὴν
1703 1859 1870 1893 τιμιωτέραν

1081 1904 1153 1938 λέξιν
1171 1905 1227 1936 τοῖς
1242 1905 1310 1940 πρὸς
1322 1904 1352 1931 τὸ
1370 1905 1492 1940 κρεῖττον
1505 1904 1678 1939 ὁνομασθεῖσι
1695 1904 1867 1939 χαρίζεσθαι,

1082 1955 1170 1981 ὀκνεῖν
1190 1954 1237 1990 τὴν
1258 1954 1348 1989 χάριν,
1362 1954 1444 1980 οἱονεὶ
1464 1954 1565 1988 ζημίαν
1589 1952 1657 1979 ἰδίαν
1679 1953 1809 1987 κρίνοντα
1821 1951 1869 1987 τὴν

1082 2002 1136 2028 τῶν
1147 2001 1268 2028 ἀσθενῶν
1282 2000 1445 2035 εὐπραγίαν.
1470 1999 1540 2026 Ἀλλ’
1559 1999 1615 2034 ἐγὼ
1637 1997 1870 2034 συμϐουλεύσαιμ’

1083 2048 1116 2074 ἂν
1132 2049 1188 2079 τοῖς
1202 2056 1234 2081 γε
1245 2047 1306 2073 νοῦν
1318 2046 1420 2081 ἔχουσι,
1436 2046 1487 2073 κᾶν
1503 2046 1516 2072 ὁ
1532 2045 1586 2072 τῶν
1606 2045 1797 2081 γνωριστιχιῖψ
1811 2045 1868 2070 τοὺ-

1083 2102 1136 2120 των
1146 2094 1213 2125 Θεὸς
1228 2093 1347 2125 τοιοῦτος
1365 2090 1434 2120 εἶναι
1451 2093 1503 2119 ὑπὸ
1517 2092 1566 2128 τῆς
1580 2091 1635 2118 τῶν
1654 2091 1794 2126 λογισμῶν
1810 2091 1867 2125 βίας

1084 2140 1333 2175 καταναγκάζηται,
1348 2139 1385 2175 μὴ
1399 2138 1470 2166 οὕτω
1483 2139 1530 2165 καὶ
1540 2139 1585 2165 τὸν
1598 2137 1724 2172 ἀληθινὸν
1738 2138 1814 2168 Θεὸν,
1825 2137 1868 2164 τὸν

1081 2186 1219 2221 Μονογενῆ
1234 2185 1299 2212 Θεὸν
1313 2185 1426 2217 οἴεσθαι,
1443 2184 1511 2211 ἀλλὰ
1523 2183 1591 2219 πρὸς
1604 2183 1654 2219 τὴν
1668 2183 1800 2218 ἀλήθειαν
1817 2182 1868 2208 τῶν

1083 2233 1269 2268 ὑποκειμένων
1282 2233 1359 2267 ὁρᾷν,
1373 2231 1420 2258 καὶ
1434 2231 1465 2258 τὸ
1485 2231 1545 2258 κατ’
1567 2230 1646 2264 ἀξίαν
1663 2230 1773 2264 ἑκάστῳ
1788 2238 1869 2265 προσ-

1084 2279 1241 2314 μαρτυρεῖν,
1264 2278 1311 2305 καὶ
1339 2277 1372 2304 ὲκ
1392 2277 1446 2303 τῶν
1469 2276 1639 2312 πραγμάτων
1662 2276 1868 2311 κατονομάζειν.

1081 2327 1180 2358 Δεῦτε,
1205 2325 1297 2360 φησιν,
1312 2326 1339 2351 οι
1359 2323 1564 2358 εὐλογημένοι,
1576 2323 1634 2356 καὶ,
1651 2323 1830 2356 Πορεύεσθε,
1844 2324 1869 2348 οι

1082 2370 1279 2405 κατηραμένοι
1295 2389 1302 2401 ,
1330 2367 1390 2395 οὔτε
1415 2367 1461 2394 τὸν
1490 2367 1611 2403 κατάρας
1642 2367 1719 2401 ἄξιον
1752 2367 1793 2403 τῷ
1823 2368 1869 2402 τῆς

246 2403 371 2438 εὐλογίας
390 2405 508 2440 τιμήσας
523 2403 650 2441 “diu?”
669 2406 731 2434 οὔτε
749 2407 779 2434 τδ
801 2409 918 2445 ἔμπαλιν
936 2413 982 2441 τὸν
998 2416 1048 2452 τὴν
1071 2403 1200 2452 εὐλογίαν
1220 2415 1309 2451 ἑαυτῷ
1326 2415 1529 2450 Θησαυρίσαντα
1555 2415 1623 2450 μετὰ
1641 2415 1696 2442 τῶν
1718 2413 1868 2450 ἐξαγίστων

246 2452 334 2478 ἀποπε
338 2452 487 2487 μψάμενος.
720 2471 726 2477 .

281 2498 334 2525 Sed
348 2498 412 2533 quid
427 2497 500 2525 dicta
509 2498 634 2534 scriptori
651 2500 765 2529 volunt?
780 2503 812 2530 Et
825 2505 858 2532 ad
869 2513 950 2541 quem
966 2516 1028 2537 sco-

244 2550 310 2578 pum
343 2547 447 2578 spectat
469 2544 529 2579 ejus
550 2545 642 2572 ratio?
659 2545 698 2574 Ne
720 2555 785 2575 vero
803 2550 948 2587 quisquam
977 2557 1030 2583 hoc

247 2590 411 2625 suspicetur.
442 2591 515 2626 quod
544 2593 688 2621 verborum
712 2594 803 2630 inopia
834 2597 973 2632 laborans,
1002 2606 1031 2629 ut

245 2644 326 2671 quam
345 2638 461 2666 maxime
491 2638 614 2666 videatur
639 2640 667 2666 in
689 2640 860 2670 latitudinem
885 2646 1031 2674 extendere

245 2683 408 2715 orationem,
421 2683 446 2710 in
464 2684 627 2718 quibusdam
650 2692 732 2713 sensu
759 2689 917 2717 carentibus
935 2691 1029 2718 debla-

245 2730 336 2756 terans
380 2730 567 2764 garrulitatem
587 2731 719 2759 extendit.
747 2733 799 2761 Sed
820 2735 902 2762 etiam
929 2737 1029 2772 aliquid

281 2809 303 2824 "
322 2808 392 2837 Psal.
408 2818 505 2845 Lxxxv,
524 2811 549 2845 Ei,
566 2812 615 2847 {5;
628 2820 717 2848 cxuv,
731 2814 757 2843 8.
796 2817 817 2833 ⁵⁸
837 2817 908 2845 Psal.
927 2827 981 2854 xor,

1120 2512 1200 2539 Ἀλλὰ
1211 2512 1236 2538 τί
1252 2511 1375 2547 βούλεται
1386 2510 1425 2546 τῷ
1440 2511 1602 2547 λογογράφῳ
1614 2511 1648 2538 τὰ
1658 2512 1805 2547 εἰρημένῃ
1820 2514 1870 2540 Καὶ

1079 2558 1148 2594 πρὸς
1169 2558 1230 2585 τίνα
1244 2558 1336 2593 βλέπει
1358 2557 1459 2584 σκοπὸν
1472 2558 1486 2584 ὁ
1499 2558 1577 2591 λόγος
1590 2557 1673 2584 αὐτοῦ
1685 2567 1692 2591 ;
1710 2558 1758 2593 Μὴ
1773 2560 1827 2594 γὰρ
1840 2559 1870 2594 δή

1077 2603 1156 2630 τοῦτό
1166 2611 1209 2635 τις
1228 2603 1386 2635 ὑπονοείτω,
1403 2603 1443 2630 ὅτι
1459 2604 1492 2630 δι’
1504 2603 1621 2639 ἀπορίαν
1638 2604 1774 2639 ῥημάτων
1789 2605 1825 2637 ὡς
1841 2605 1870 2632 ἂν

1081 2650 1198 2685 μάλιστα
1209 2649 1310 2682 δόξειεν
1320 2651 1359 2681 εἰς
1374 2650 1474 2682 πλάτος
1490 2650 1620 2677 ἐκτείνειν
1635 2651 1682 2678 τὸν
1695 2651 1787 2686 λόγον,
1801 2652 1870 2679 ἀδια-

1082 2695 1187 2729 νοήτοις
1202 2695 1272 2720 τισὶν
1284 2694 1501 2730 ὲμϐατταρίζων,
1516 2695 1566 2731 τὴν
1580 2695 1717 2731 φλυαρίαν
1730 2696 1870 2729 ἐξέτεινεν.

1090 2739 1157 2765 Ἀλλ’
1173 2739 1229 2774 ἔχει
1242 2748 1268 2766 τι
1283 2740 1330 2766 καὶ
1343 2740 1373 2766 τδ
1388 2740 1500 2775 ἀνόητον
1513 2741 1568 2768 τῶν
1584 2742 1740 2778 εἰρημένων
1757 2743 1796 2776 ὼς
1808 2744 1870 2778 πρὶς

1081 2821 1101 2837 ‘9
1117 2819 1211 2848 Matth.
1229 2828 1292 2855 xxv,
1307 2821 1350 2849 55.
1390 2821 1412 2837 ⁸⁸
1427 2819 1492 2850 t'btd.
1510 2822 1552 2849 Η.
