1951 3074
114 113 181 141 {Ml

114 217 170 244 τῶν
192 217 332 253 ὀνομάτων
355 218 402 244 καὶ
420 219 476 250 τοῖς
493 218 699 251 ἀσθενεστάτοις
720 218 904 253 ἐπιλέγεσθαι,

115 263 169 290 κᾶν
183 264 220 300 μὴ
238 264 426 301 ίσομοιροῦντα
441 264 510 302 τύχῃ
528 265 597 292 κατὰ
609 265 657 301 τὴν
672 265 753 300 φύσιν
767 264 815 292 τοῦ
829 265 907 298 ἀξιώ-

117 317 214 344 ματος,
229 311 384 345 κατασκευή
398 310 439 342 τίς
452 310 527 337 ἔστιν
539 311 613 346 αὐτῷ
625 311 696 338 κατὰ
707 311 737 338 τὸ
751 311 862 347 λεληθὸς
873 313 905 347 τῇ

116 354 277 391 βλασφημίᾳ
300 356 349 392 τὴν
368 356 526 383 ἀκολουθίαν
547 358 794 395 ὑπευτρεπίζουσα,
814 358 851 390 ὡς
874 358 907 385 ἂν

114 400 195 427 τοῦτο
214 401 278 437 παρ’
295 401 378 428 αὑτοῦ
400 402 511 438 μάθοιεν
533 404 558 430 οἱ
577 403 611 430 τὰ
633 403 737 430 ἐκείνου
758 404 906 439 μανθάνον-

116 455 182 479 τες,
210 447 249 474 ὅτι
275 447 325 474 κᾶν
348 447 414 480 Θεὸς
438 449 452 476 ὁ
476 449 630 486 Μονογενὴς
657 450 839 486 ὀνομάζηται,
860 451 907 477 καὶ

116 493 214 528 σοφία,
241 493 287 520 καὶ
311 493 443 529 δύναμις.
469 495 516 521 καὶ
542 495 615 530 φῶς,
641 496 688 522 καὶ
711 496 838 532 ἀλήθεια,
858 496 907 523 καὶ

115 539 233 575 κριτὴς,
252 540 299 566 καὶ
323 539 450 576 βασιλεὺς
462 561 470 572 ,
498 541 545 567 καὶ
562 542 608 568 ἐπὶ
625 541 734 568 πάντων
759 542 840 574 Θεὸς,
859 542 906 569 καὶ

117 585 207 619 μέγας
235 585 301 617 Θεὸς
330 585 377 612 καὶ
404 585 495 621 ἄρχων
523 587 649 622 εἰρήνης,
673 587 720 614 καὶ
739 587 833 623 Πατὴρ
859 586 905 614 τοῦ

117 630 261 664 μέλλοντος
279 631 387 664 αίῶνος,
404 631 451 658 καὶ
466 631 555 658 πάντα
567 632 602 659 τὰ
612 632 734 665 τοιαῦτα,
754 634 834 669 μέχρι
852 633 907 660 ὀνό-

117 685 204 710 ματος
221 676 295 712 αὑτῷ
312 677 391 712 μόνον
408 677 510 714 ἐστὶνή
526 678 604 714 τιμή.
617 678 654 705 Οὐ
671 679 724 715 γὰρ
741 680 906 715 συμμετέχει

116 722 166 747 καὶ
177 722 227 756 τῆς
239 720 317 754 ἀξίας
331 723 365 758 ἣν
381 723 508 759 ἐμφαίνει
528 722 582 749 τῶν
594 722 733 759 ὀνομάτων
747 725 763 760 ἡ
780 724 903 760 δύναμις.

117 767 174 793 Καὶ
189 768 256 803 ὅπερ
271 768 356 794 ἐποίει
373 770 430 801 τοῖς
453 768 635 801 Βαϐυλωνίοις
659 770 673 795 ὁ
690 769 771 804 σοφὸς
794 770 903 806 Δανιὴλ,

114 812 305 848 διορθούμενος
321 814 412 842 αὑτῶν
429 814 477 851 τὴν
494 815 605 851 περὶτὰ
621 816 718 843 εἴδωλα
738 817 852 853 πλάνην,
867 818 905 850 ὠς

114 855 149 882 ἂν
163 857 202 893 μὴ
219 857 264 884 τὸν
278 859 387 894 χαλκὸν,
403 859 419 895 ἢ
437 860 484 887 τὸν
499 860 633 896 δράκοντα
651 861 765 895 σέϐοιεν,
780 863 810 889 τὸ
820 851 905 898 ονομα
919 851 942 880 Β

115 902 164 929 τοῦ
180 903 258 936 Θεοῦ,
274 905 304 931 τὺ
319 905 394 941 παρὰ
410 905 464 932 τῶν
485 906 607 941 ματαίων
627 907 718 940 αὑτοῖς
737 909 906 944 ἐπιπεφημι-

117 948 218 983 σμένον
231 949 393 985 αἰδούμενοι,
409 951 455 977 καὶ
476 951 569 986 σαφῶς
583 952 617 978 δι’
636 948 673 978 ὧν
686 952 814 988 εποίησεν
837 952 906 979 ἐδει-

116 993 173 1026 ξεν,
187 994 227 1021 ὅτι
243 995 273 1021 οὑ
288 995 430 1031 συμϐαίνει
449 996 479 1023 τὸ
494 996 594 1033 ὑψηλὸν
608 998 656 1033 τῆς
675 997 800 1034 θεότητος
820 998 905 1034 ὄνομα

115 1039 186 1075 πρός
204 1048 233 1067 τε
255 1041 285 1067 τὸ
310 1041 423 1077 ἑρπετὸν
438 1042 543 1079 θηρίου,
560 1044 607 1071 καὶ
632 1044 700 1079 πρὸς
724 1044 754 1071 τὸ
778 1045 869 1081 σχῆμα
883 1042 906 1080 ᾧ

113 1086 216 1120 χαλκὸς
241 1087 404 1116 ἐτετύπωτο.
429 1089 522 1117 Ταῦτα
545 1089 612 1126 πρὸς
630 1090 660 1116 τὸ
686 1089 806 1117 ἐναντίον
830 1091 876 1118 καὶ
892 1091 906 1117 ὁ

113 1131 214 1168 ἐχθρὸς
227 1133 274 1161 τοῦ
285 1134 352 1161 Θεοῦ
365 1135 412 1161 ἐπὶ
422 1135 469 1162 τοῦ
482 1135 650 1170 Μονογενοῢς
661 1135 727 1163 Θεοῦ
740 1138 907 1165 κατασκευά-

113 1178 173 1210 ζειν
187 1179 231 1206 διὰ
255 1179 310 1208 τῶν
328 1180 470 1216 δογμάτων
487 1181 644 1217 φιλονεικεῖ,
669 1183 747 1210 τοῦτο
770 1183 840 1219 βοῶν
861 1184 904 1212 διὰ

112 1224 217 1261 ταύτης
232 1226 282 1262 τῆς
293 1227 476 1263 προκειμένης
500 1228 574 1264 αὐτῷ
588 1229 709 1265 ρήσεως,
725 1230 766 1257 ὄτι
777 1229 823 1266 Μὴ
836 1230 905 1266 πρὸς

112 1270 148 1297 τὰ
163 1271 284 1307 ὀνόματα
297 1272 343 1299 τοῦ
357 1273 460 1309 Κυρίου
482 1273 596 1309 βλέπετε
618 1271 655 1302 ὧν
675 1275 846 1311 μετείληφεν,
867 1276 905 1308 ὡς

113 1317 147 1343 ὲκ
158 1317 260 1345 τούτων
272 1318 303 1345 τὸ
321 1319 459 1353 ἄφραστον
474 1319 557 1347 αὑτοῦ
574 1319 619 1347 καὶ
636 1320 736 1356 ὑψηλὸν
749 1320 799 1357 τῆς
812 1321 905 1354 οὐσίας

112 1362 278 1397 λογίζεσθαι.
294 1364 383 1392 Πολλὰ
397 1365 451 1400 γὰρ
471 1365 518 1392 καὶ
534 1365 600 1393 ἄλλα
623 1366 678 1394 τῶν
701 1366 904 1395 ἀσθενεστάτων

113 1410 175 1440 ταῖς
191 1409 387 1445 ὑπερεχούσαις
404 1411 573 1447 ἐπωνυμίαις
593 1412 746 1449 τετίμηται,
767 1410 804 1441 ὦν
822 1415 839 1449 ἡ
856 1414 904 1449 μὲν

113 1455 213 1490 κλῆσις
227 1456 257 1482 τὸ
269 1456 370 1492 ὑψηλὸν
385 1456 452 1493 ἔχει,
466 1459 482 1492 ὴ
499 1457 527 1484 δὲ
543 1458 623 1492 φύσις
638 1459 706 1495 πρὸς
717 1460 747 1486 τὸ
762 1460 904 1496 μεγαλεῖον

654 112 791 141 CONTRA
811 111 1009 148 EUNOMIUM,‘
1022 113 1084 141 LIB.
1103 114 1162 143 XII.

114 172 166 206 τὴν
188 171 296 207 αἳρεσιν
319 171 448 201 ὕποπτον.
466 171 503 199 Τδ
524 172 578 209 γὰρ
594 172 680 200 εἰπεῖν
705 173 740 199 τὰ
754 171 901 208 τιμιώτατα

957 171 1038 200 habet
1062 173 1134 208 quod
1158 173 1240 201 etiam
1265 172 1403 201 dictorum
1421 177 1568 201 amentiam
1591 172 1696 201 redolet
1716 176 1744 201 et
1789 196 1793 200 τ

1676 116 1745 144 N'Z‘!

956 218 989 246 ad
1015 218 1140 247 haeresim
1156 223 1313 254 suspectum
1341 224 1393 248 est.
1415 219 1482 247 Nam
1512 220 1610 248 afferre
1634 220 1744 247 nomina

955 265 1195 293 honorabilissima
1225 265 1280 293 dici
1310 265 1345 294 de
1372 266 1584 299 inﬁrmissimis,
1619 266 1745 301 quamvis

955 309 1088 344 aequalem
1107 309 1257 336 secundum
1281 309 1439 345 dignitatem
1457 315 1583 338 naturam
1613 319 1667 338 non
1693 311 1743 338 lia-

956 356 1047 386 heant,
1064 354 1188 389 quaedam
1216 358 1258 382 est
1281 356 1413 383 astructio
1434 356 1548 384 latenter
1568 356 1744 391 blasphemiae

956 401 1179 428 consecutionem
1195 408 1364 436 praeparans,
1380 406 1410 429 ut
1434 402 1486 429 hoc
1508 403 1542 429 ab
1561 402 1620 438 ipso
1634 403 1742 430 discant

955 447 1003 481 qui
1017 446 1092 474 illius
1120 446 1245 482 dogmata
1262 447 1433 482 percipiunt,
1451 448 1580 482 quoniam
1605 449 1657 476 etsi
1671 448 1741 475 Deus

958 491 1122 527 Unigenitus
1136 492 1306 524 nominatur,
1331 496 1359 520 et
1382 493 1523 527 sapientia,
1545 499 1572 521 et
1593 495 1690 526 virtus,
1715 497 1742 521 ct

955 537 1012 570 lux,
1032 542 1059 565 et
1082 537 1192 569 veritas,
1216 541 1243 565 et
1268 537 1363 572 judex,
1378 542 1405 565 et
1432 545 1490 570 rex,
1514 542 1541 566 et
1568 538 1595 565 in
1612 539 1741 566 omnibus

957 582 1038 615 Deus,
1055 587 1082 611 et
1101 574 1215 619 magnus
1231 582 1314 615 Deus,
1327 586 1354 610 ct
1368 583 1498 618 princeps
1516 583 1603 618 pacis,
1620 588 1647 611 et
1662 580 1741 611 Pater

956 629 1041 656 futuri
1055 629 1157 662 saeculi,
1173 633 1200 656 et
1210 629 1300 656 omnia
1309 636 1369 664 qum
1384 631 1447 656 sunt
1460 628 1623 660 istiusmodi,
1634 629 1741 656 nomine

956 677 1035 701 tenus
1051 673 1103 709 ipsi
1118 673 1205 701 solum
1223 677 1265 701 est
1279 673 1376 700 honor.
1393 672 1452 700 Non
1466 674 1539 699 enim
1552 676 1593 699 est
1607 673 1741 707 particeps

956 719 1094 754 dignitatis
1122 727 1202 754 quam
1229 719 1350 746 ostendit
1379 719 1519 745 nominum
1546 717 1597 744 vis.
1625 717 1657 744 Et
1669 719 1741 752 quod

957 767 1114 805 Babyloniis
1136 766 1253 794 faciebat
1278 766 1386 802 sapiens
1408 765 1512 798 Daniel,
1531 765 1652 800 ipsorum
1668 766 1742 792 circa

956 813 1028 841 idola
1046 821 1166 841 errorem
1181 813 1336 845 emendans,
1354 820 1388 840 ne
1399 820 1436 840 tes
1451 812 1493 839 vel
1504 812 1650 839 draconem
1668 812 1742 838 colt-.-

957 863 1027 893 rent,
1038 867 1136 887 nomen
1153 858 1211 892 Dei,
1229 859 1301 894 quod
1327 866 1342 886 a
1363 858 1441 886 vanis
1457 858 1523 885 istis‘
1537 858 1694 885 hominibus
1708 858 1741 885 de

957 904 1024 939 ipsis
1049 904 1253 937 celebrabatur,
1277 908 1444 937 rcrerentes,
1471 909 1498 931 et
1516 908 1608 938 aperte
1636 911 1683 938 per
1708 911 1740 930 ea

956 959 1016 986 qua:
1028 949 1092 978 fecit
1117 950 1245 982 ostendit,
1269 949 1341 985 quod
1364 949 1504 977 excelsum
1525 948 1675 976 divluitatis
1692 956 1742 975 no-

956 1002 1018 1022 men
1035 998 1062 1021 et
1077 994 1104 1021 in
1125 994 1249 1029 reptilem
1265 994 1350 1021 feram
1373 1000 1429 1021 non
1445 993 1529 1025 cadit,
1543 998 1571 1020 et
1584 993 1610 1019 in
1626 993 1739 1028 ﬁguram

956 1048 1010 1076 qua
1023 1048 1060 1068 aes
1073 1039 1245 1068 ellormatnm
1270 1043 1340 1075 erat.
1357 1039 1420 1067 Haec
1431 1040 1459 1067 in
1473 1038 1640 1066 contrarium
1657 1038 1740 1065 etiam

956 1086 1003 1114 Dei
1018 1086 1146 1114 inimicus
1162 1085 1189 1113 in
1205 1084 1350 1121 Uuigenito
1363 1085 1418 1113 Deo
1436 1090 1598 1120 praestruere
1618 1091 1666 1118 per
1675 1082 1742 1118 dog-

955 1136 1028 1160 mata
1044 1139 1208 1168 magnopere
1223 1130 1374 1163 contendit,
1387 1131 1439 1158 hoc
1454 1130 1597 1158 clamitans
1611 1137 1658 1164 per
1671 1129 1741 1155 haue

955 1179 1006 1214 ipsi
1027 1178 1198 1214 propositam
1215 1177 1362 1205 dictionem
1380 1185 1386 1203 :
1407 1176 1446 1203 Ne
1468 1175 1622 1211 respiciatis
1644 1174 1678 1201 ad
1692 1181 1743 1201 no-

955 1225 1028 1252 mina
1048 1223 1154 1252 Domini
1172 1231 1288 1259 quorum
1303 1226 1345 1251 est
1367 1223 1513 1258 particeps,
1537 1222 1573 1248 ita
1593 1224 1623 1248 ut
1647 1228 1678 1248 ex
1697 1219 1741 1248 his

955 1269 1117 1298 iueﬁ‘abilem
1133 1270 1194 1305 ejus
1218 1273 1245 1297 et
1257 1269 1394 1297 excelsam
1408 1268 1556 1297 essentiam
1575 1266 1741 1303 cogitatione

955 1315 1095 1350 percipere
1118 1314 1209 1341 liceat.
1228 1312 1316 1341 Multa
1338 1313 1410 1340 enim
1430 1313 1510 1341 etiam
1534 1313 1586 1339 alia
1601 1319 1661 1347 quae
1677 1315 1743 1338 sunt

955 1360 1143 1387 inﬁrmissima
1164 1359 1430 1394 supereminentilius
1449 1357 1676 1394 appellationibus
1692 1357 1742 1383 ho-

955 1410 1050 1434 norata
1060 1410 1134 1439 sunt,
1145 1412 1262 1441 quorum
1276 1405 1420 1440 appellatio
1428 1404 1535 1440 quidem
1547 1403 1740 1431 sublimita'em

955 1453 983 1481 in
1008 1460 1039 1480 se
1067 1453 1201 1485 continet,
1224 1456 1322 1479 natura
1350 1456 1440 1479 autem
1463 1451 1490 1477 in
1514 1450 1673 1485 dignitatem
1693 1457 1741 1483 ap-

112 1502 165 1537 τῆς
179 1502 365 1537 προσηγορίας
381 1503 431 1529 οὐκ
445 1502 648 1536 ὲξαλλάσσεται.
664 1505 713 1532 Διὰ
728 1505 806 1532 τοῦτο
829 1505 901 1540 λέγει

956 1498 1110 1534 pellationis
1124 1506 1179 1526 non
1198 1499 1368 1526 immutatur.
1393 1497 1539 1533 Propterea
1562 1496 1629 1523 dicit
1649 1495 1739 1522 nomi~

114 1547 213 1583 μέχρις
226 1548 364 1583 ὀνομάτων
378 1548 464 1584 ψιλῶν
479 1549 602 1583 γίνεσθαι
617 1550 692 1587 παρὰ
703 1550 749 1577 τοῦ
764 1551 831 1578 Θεοῦ
846 1553 902 1584 τοῖς

113 1594 298 1630 ὑποϐεϐηκὸσι
309 1595 358 1630 τὴν
367 1595 415 1630 τῆς
430 1595 510 1631 τιμῆς
521 1596 675 1631 μετουσίαν,
689 1596 726 1632 μὴ
739 1596 901 1623 συνακολου-

113 1640 215 1675 θούσης
228 1642 260 1676 τῇ
275 1640 367 1676 κλήσει
380 1640 429 1674 τῆς
439 1640 510 1668 κατὰ
522 1641 571 1677 τὴν
585 1641 662 1673 ἀξίαν
675 1642 805 1678 ἰσότητος.
821 1642 900 1668 Ὥστε

113 1687 204 1714 πάντα
221 1688 284 1722 περὶ
297 1686 345 1713 τοῦ
356 1686 423 1713 Υἱοῦ
439 1686 584 1722 μαθόντας,
597 1687 647 1714 ὅσα
661 1686 711 1722 τῆς
722 1687 826 1722 ὑψηλῆς
842 1688 900 1714 ἐστι

112 1734 263 1768 σημασίας,
290 1733 386 1770 μέχρις
399 1733 532 1769 ὀνόματος
543 1734 645 1761 οἴεσθαι
658 1734 707 1770 τὴν
726 1736 753 1761 ἐν
767 1735 827 1767 ταῖς
849 1744 901 1770 φω-

112 1779 173 1810 ναῖς
183 1778 265 1814 τιμὴν
282 1777 551 1814 προσμαρτυρεῖσθαι
563 1778 651 1814 αὐτῷ’
662 1779 713 1813 τῆς
729 1779 757 1805 δὲ
771 1779 841 1805 κατὰ
851 1779 900 1815 τὴν

111 1824 192 1856 ἀξίαν
210 1824 360 1859 ἰσομοιρίας
377 1823 510 1859 ἀμέτοχον
524 1824 594 1851 κατὰ
609 1824 658 1860 τὴν
671 1825 700 1851 ὲν
716 1825 771 1856 τοῖς
788 1825 899 1861 εἰρημέ-

111 1878 168 1903 νοις
184 1869 365 1905 τεχνολογίαν.

154 2001 234 2042 Ἀλλὰ
258 2001 313 2038 γὰρ
339 2001 508 2037 ὲνσχολὰξων
534 2003 591 2035 τοῖς
614 2003 745 2039 ἀνοήτοις,
772 2003 848 2031 eam
871 2012 898 2030 τι

109 2047 184 2074 κατὰ
202 2047 232 2074 τδ
249 2047 360 2082 λεληθὸς
375 2048 432 2080 τοῖς
449 2048 477 2075 ἐν
492 2048 622 2080 ἐναντίοις
643 2048 811 2084 χαρίζεσθαι.
827 2049 899 2085 Πρὸς

109 2093 167 2129 γὰρ
182 2093 216 2120 τὰ
240 2093 341 2128 μάταια
360 2093 413 2120 τῶν
432 2094 584 2130 εἰρημένων
605 2093 749 2127 ἀντιτιθεὶς
761 2095 810 2131 τὴν
833 2095 899 2131 ἀλή-

109 2139 199 2171 θειαν,
222 2140 379 2167 ἀποκναίειν
397 2148 442 2175 μοι
463 2139 533 2167 δοκῶ
546 2140 610 2172 τοὺς
630 2139 843 2176 καθομιλοῦντας
859 2141 897 2176 τῷ

955 1545 1037 1573 nibus
1051 1545 1169 1573 exilibus
1192 1548 1273 1573 tenus
1294 1551 1309 1571 a
1336 1543 1390 1572 Deo
1403 1543 1579 1571 inferioribus
1604 1541 1739 1569 creaturis

954 1591 1069 1619 honorls
1089 1591 1324 1626 participationem
1349 1590 1424 1622 ﬁeri,
1446 1589 1572 1625 quamvis
1598 1588 1740 1623 aequalitas

954 1639 1097 1674 dignitatis
1114 1637 1323 1673 appellationem
1339 1644 1394 1664 non
1410 1640 1550 1671 sequatur.
1567 1635 1657 1668 Quare
1677 1635 1740 1661 licet

953 1683 987 1711 de
1014 1682 1082 1710 Filio
1110 1683 1287 1710 didicerimus
1314 1682 1405 1710 omnia
1434 1688 1603 1717 qmecuuque
1626 1680 1741 1708 excelse

953 1734 1018 1757 sunt
1044 1729 1263 1764 significationis,
1281 1734 1372 1756 tamen
1398 1729 1509 1756 nomine
1530 1733 1609 1756 tenus
1632 1732 1740 1763 opontet

952 1780 1049 1810 putare
1063 1775 1194 1802 honorem
1218 1773 1332 1801 vocibus
1352 1773 1580 1809 comprehensum
1598 1773 1650 1808 ipsi
1669 1773 1741 1801 assi-

952 1820 1042 1856 gnari,
1061 1819 1225 1855 mqualitatis
1243 1826 1308 1847 vero
1336 1818 1487 1847 secundum
1509 1818 1669 1854 dignitatem
1689 1826 1738 1846 ex-

953 1870 1056 1902 pertem
1072 1873 1134 1894 esse
1146 1865 1298 1894 secundum
1314 1865 1460 1893 artiﬁcium
1491 1865 1564 1901 quod
1600 1864 1627 1892 in
1657 1865 1738 1893 dictis

953 1911 1061 1940 illorum
1081 1916 1203 1947 apparet.

988 2000 1040 2029 Sed
1071 2002 1143 2029 enim
1172 2001 1200 2028 in
1224 2001 1348 2029 futilibus
1368 2005 1395 2030 et
1414 2001 1549 2030 sententia
1578 2003 1738 2031 carentibus

953 2048 1114 2081 immorans,
1137 2048 1231 2075 videor
1252 2048 1354 2083 aliquid
1373 2048 1443 2076 clam
1457 2048 1620 2077 adversariis
1635 2049 1737 2085 gratiﬁ-

951 2095 1019 2123 cari.
1035 2094 1102 2122 Nam
1116 2095 1195 2123 vanis
1211 2097 1238 2123 et
1251 2094 1379 2123 inanibus
1394 2095 1476 2123 dictis
1489 2095 1631 2123 veritatem
1648 2103 1735 2131 oppo-

951 2149 1030 2175 nens,
1042 2141 1151 2169 taedium
1168 2141 1236 2169 mihi
1254 2141 1349 2169 videor
1365 2141 1462 2170 all‘erre
1475 2141 1510 2170 iis
1523 2142 1569 2177 qui
1589 2148 1736 2177 praesentes

108 2184 184 2220 λόγῳ
207 2185 260 2221 πρὸ
285 2185 333 2221 τῆς
358 2185 412 2212 τῶν
435 2185 648 2221 καρτερωτέρων
674 2186 773 2221 μάχης.
793 2186 898 2213 Οὐκοῦν

953 2188 1050 2217 adsunt
1069 2188 1133 2216 huic
1157 2187 1346 2223 disputationi,
1370 2191 1514 2223 antequam
1532 2188 1565 2215 ad
1592 2187 1734 2215 fortiornm

108 2228 198 2255 ταῦτα
207 2229 280 2261 ὅπως
289 2229 321 2256 ἂν
333 2228 394 2265 ἔχῃ,
404 2230 460 2262 τοῖς
472 2230 728 2265 ὲπιστατικωτέροις
735 2230 789 2257 τῶν
800 2231 899 2266 ἀκροα-

106 2273 166 2300 τῶν
177 2274 279 2307 ἐατέον,
291 2275 358 2310 ἡμῖν
369 2274 398 2301 δὲ
412 2275 481 2311 πρὸς
491 2275 525 2302 τὰ
541 2275 707 2312 προκείμενα
725 2277 899 2311 μετενεκτέον

106 2320 156 2347 τὸν
171 2320 262 2355 λόγον’
280 2320 400 2355 σιγάσθω
415 2321 443 2348 δὲ
456 2322 502 2348 καὶ
520 2321 552 2348 τὸ
571 2321 710 2358 προπχῶς
726 2323 782 2355 τοῖς
803 2323 900 2359 ἐξητα-

109 2367 220 2402 σμένοις
239 2367 428 2403 προκείμενον,
454 2367 495 2394 ὅτι
517 2368 601 2394 ταῦτα
618 2367 709 2403 μέντοι
725 2368 818 2395 τοῦτον
838 2369 898 2396 δια-

107 2413 237 2440 τέτακται
253 2414 299 2440 τὺν
313 2414 422 2449 τρόπον,
440 2414 470 2440 οὗ
487 2413 537 2449 τῆς
550 2414 670 2446 ὲπινοίας
685 2414 898 2451 τῶνάνθρώπων

107 2460 244 2496 λαχούσης
258 2460 306 2495 τὴν
321 2460 444 2493 ἐξουσίαν
459 2459 513 2486 τῶν
527 2460 676 2495 ὀνομάτων.
691 2461 739 2493 Τίς
751 2461 806 2497 γὰρ
818 2462 897 2489 τοῦτό

107 2515 188 2542 φησι,
212 2506 241 2533 τὸ
258 2506 295 2542 μὴ
318 2506 377 2533 κατ’
396 2506 463 2534 ίδίαν
484 2506 631 2534 ὑπόστασιν
657 2507 851 2543 θεωρούμενον,
868 2509 898 2536 ἐν

107 2552 219 2588 ἐξουσίᾳ
240 2553 401 2588 πράγματος
416 2551 485 2580 εἷναί
506 2562 593 2587 τινος;
610 2553 706 2581 Μόνων
720 2554 774 2590 γὰρ
791 2554 845 2583 τῶν
858 2556 897 2582 ol-

108 2597 172 2633 κείᾳ
185 2598 237 2625 τινὶ
251 2598 408 2634 προαιρέσει
430 2599 632 2634 διοικουμένων,
651 2598 682 2626 ab
696 2601 756 2626 κατ’
772 2599 896 2633 ἐξουσίαν

107 2652 134 2670 τι
151 2643 280 2680 πράττειν
303 2645 386 2671 ἐστίν.
406 2644 437 2671 Ἦ
452 2644 480 2672 δὲ
499 2644 604 2672 ἐπίνοια
622 2645 671 2680 τῆς
692 2646 829 2682 ἡμετέρας
841 2647 897 2674 δια-

109 2689 182 2721 νοίας
194 2690 266 2716 ἐστὶν
282 2690 415 2725 ἐνέργεια,
428 2691 475 2717 καὶ
485 2691 533 2726 τῆς
544 2691 597 2717 τῶν
610 2690 804 2727 φθεγγομένων
817 2694 884 2730 ῆρτη

108 2744 152 2762 ται
168 2736 362 2772 προαιρέσεως,
377 2736 408 2769 οὑ
430 2735 489 2762 καθ’
504 2736 602 2771 ἑαυτὴν
624 2737 775 2771 ὑφεστῶσα,
791 2739 847 2766 ἀλλ’
867 2741 895 2767 ὲν

109 2783 139 2816 τῇ
168 2781 224 2808 τῶν
249 2781 401 2817 λεγομένων
428 2781 499 2818 ὁρμῇ
525 2783 577 2818 ’τὴν
604 2782 752 2810 ὑπόστασιν
785 2784 893 2820 ἔχουσα.

113 2827 191 2856 Ἀλλ’
207 2826 312 2862 αὐτοῦ,
331 2827 406 2864 φησι,
422 2827 514 2855 ταῦτα
536 2827 632 2855 πάντα
656 2828 892 2866 δημιοιψγήσαν-

950 2239 1068 2268 pugnam
1086 2232 1274 2260 deveniamus.
1299 2231 1362 2260 llaec
1387 2232 1470 2268 igitur
1490 2231 1737 2268 quamodocunque

949 2286 979 2306 se
1003 2277 1133 2311 habeant,
1158 2278 1328 2307 doctioribus
1356 2279 1528 2307 auditoribus
1556 2279 1735 2316 relinquenda

949 2329 1024 2357 sunt,
1045 2325 1126 2353 nobis
1143 2331 1234 2353 autem
1265 2325 1297 2352 ad
1314 2326 1454 2361 proposita
1476 2325 1666 2354 transferenda
1692 2329 1736 2354 cst

948 2370 1047 2399 oratio.
1073 2371 1204 2404 Quocirca
1222 2370 1331 2399 silentio
1350 2376 1554 2407 praetereamus,
1583 2372 1654 2408 quod
1670 2379 1734 2408 pro-

948 2415 1020 2443 xime
1031 2419 1073 2444 est
1092 2415 1259 2451 coniunctim
1275 2424 1336 2444 cum
1351 2416 1393 2444 his
1406 2424 1466 2452 qum
1477 2417 1534 2452 jam
1551 2422 1615 2445 sunt
1630 2417 1734 2445 exami-

948 2466 1011 2488 nata
1029 2461 1200 2497 proponitur,
1212 2461 1285 2497 quod
1301 2462 1358 2490 haec
1370 2462 1479 2498 quidem
1493 2462 1526 2489 ad
1538 2462 1611 2490 hunc
1622 2462 1733 2490 modum

947 2508 1071 2535 ordinata
1087 2511 1194 2540 sunt,ut
1211 2515 1265 2535 non
1280 2508 1403 2537 dicamus
1413 2508 1669 2536 commentationem
1683 2508 1733 2536 bo-

946 2554 1050 2582 minum
1071 2554 1194 2582 sortitam
1222 2562 1283 2584 esse
1297 2556 1438 2583 nominum
1465 2558 1636 2590 potestatem.
1664 2554 1734 2588 Quis

946 2600 1019 2629 enim
1033 2600 1085 2628 hoc
1100 2601 1177 2634 dicit,
1194 2605 1224 2629 ut
1238 2601 1264 2629 id
1282 2602 1354 2637 quod
1365 2609 1419 2629 non
1438 2601 1465 2629 in
1482 2601 1591 2636 propria
1603 2600 1732 2629 substan-

947 2648 984 2674 tia
998 2647 1198 2681 consideratur,
1224 2649 1264 2676 rei
1289 2648 1405 2683 alieujus
1424 2648 1522 2675 habeat
1549 2645 1734 2682 potestatem?

947 2692 1046 2721 Eorum
1057 2693 1129 2721 enim
1145 2697 1186 2721 est
1197 2694 1284 2722 solum
1296 2695 1341 2729 qui
1353 2693 1462 2729 propria
1472 2692 1587 2729 quadam
1601 2692 1733 2720 electione

946 2745 972 2767 et
986 2740 1126 2767 voluntate
1149 2745 1292 2776 reguntur,
1313 2748 1362 2775 pro
1387 2739 1501 2767 arbitrio
1515 2739 1617 2774 aliquid
1640 2746 1730 2774 agere.

952 2786 1074 2814 Ἐπίνοια
1105 2791 1209 2819 autem,
1226 2786 1252 2814 id
1268 2791 1319 2821 est,
1343 2786 1538 2818 commentatio,
1563 2785 1662 2813 mcnlis
1689 2789 1731 2813 est

946 2833 1077 2867 operatio,
1100 2836 1181 2868 atquc
1198 2841 1230 2861 cx
1249 2833 1381 2862 electione
1408 2832 1465 2861 sive
1481 2831 1597 2861 consilio
1619 2831 1730 2868 loquen-
