1900 3073
35 148 108 176 ιντο

581 143 721 172 CONTRA
735 141 929 174 EENOMIIZM,
946 142 1008 169 LIB.
1026 141 1078 169 ΧΗ.

1597 143 1664 171 1030

32 207 72 238 δὲ,
82 207 161 242 φησὶ,
180 205 226 232 καὶ
238 206 252 232 ὀ
266 205 376 241 Κύριος·
391 205 446 232 ἔστι
465 205 512 241 μὲν
526 204 586 231 καθ’
597 203 691 230 ἑαυτὸν
703 203 716 230 ὃ
727 203 752 228 τί
765 209 828 228 ποτε

882 201 1016 233 similiter,
1045 201 1141 236 iuqttit,
1163 201 1244 228 etiam
1271 201 1422 236 Dominus;
1451 206 1494 230 est
1519 203 1591 230 enim
1621 213 1665 231 se-

34 253 107 279 χατὰ
119 253 168 287 τὴν
178 252 258 287 φύσιν
271 252 342 279 ἐστί’
355 253 414 283 ταῖς
424 251 452 278 δὲ
465 251 517 277 τῶν
530 249 673 286 ἐνεργειῶν
686 249 827 283 διαφοραῖς

34 298 293 333 συνονομαζόμενος,
308 297 338 323 οὐ
361 297 424 332 μίαν
447 296 494 323 ἐπὶ
519 296 626 323 πάντων
651 290 721 330 (siet.
745 302 828 330 προσ-

32 343 151 379 ηγορίαν
161 352 167 358 ·
184 343 251 370 ἀλλὰ
264 343 324 370 καθ’
337 342 454 378 ἑκάστην
469 342 571 369 ἔννοιαν
583 342 631 377 τὴν
646 341 676 374 ἐξ
689 340 827 376 ἐνεργείας

33 389 214 425 ἐγγινομένην
239 390 306 424 ἡμῖν
331 389 531 424 μεταλαμϐάνει
554 387 584 414 τὸ
610 386 703 422 ὄνομα.
726 386 759 414 Τί
781 384 828 412 οὖν

33 436 47 461 ὁ
63 435 142 469 λόγος
157 435 234 470 ἡμῶν
256 435 299 462 διὰ
323 435 376 461 τῶν
400 435 551 470 εἰρημένων
567 434 721 469 ἐλέγχεται;
745 433 774 459 '0
790 433 828 459 εί-

34 481 92 506 πὼν
106 480 218 507 δυνατὸν
233 478 302 507 εἶναι
313 480 412 512 πολλὰς
426 480 627 516 ἐφαρμόζεσοαι
645 479 828 516 προσηγορίας

33 526 103 552 κατὰ
122 526 171 557 τὰς
184 526 237 552 τῶν
252 527 396 561 ἐνεργειῶν
417 526 558 562 διαφορὰς,
575 527 622 553 καὶ
643 526 692 561 τὴν
709 525 776 561 πρὸς
794 525 828 552 τὰ

33 572 217 607 ἐνεργούμενα
240 571 341 607 σχέσιν,
364 573 404 599 ἐνὶ¹
431 573 500 599 κατὰ
522 572 552 599 τὺ
576 572 753 607 ὑποκείμενον
771 571 827 598 ὃντι

32 617 70 652 τῷ
86 617 146 652 Υξῷ
158 617 204 644 τοῦ
221 617 288 644 Θεοῦ
298 625 304 632 ·
320 617 356 649 ὡς
370 618 415 644 καὶ
431 619 445 644 ὁ
459 619 531 650 σῖτος
549 615 588 649 εἷς
601 616 638 644 ὢν
655 619 687 644 ἐκ
703 617 757 644 τῶν
774 625 829 643 ποι.

34 663 116 689 κίλων
143 663 206 697 περὶ
229 663 311 689 αὑτοῦ
333 663 486 698 νοημάτων,
505 663 643 699 διατόροις
662 663 828 698 ἐπωνυμίαις

35 708 235 743 ἐπιμερίζεται.
258 708 320 740 Πῶς
345 707 391 735 οὖν
417 709 562 744 ἀνατρέπει
589 709 623 736 τὰ
650 709 793 744 εἰρημένα,
814 710 829 735 ὁ

34 753 120 787 λέγων
139 755 203 789 περὶ
228 754 324 781 ἐαυτοῦ
347 755 433 781 ταῦτα
456 755 500 781 τὸν
517 754 633 790 Χριστὸν
656 755 690 781 τὰ
710 755 829 790 ὀνόματα

34 799 138 833 λέγεινς
152 800 189 826 Οὐ
205 800 259 835 γὰρ
276 801 350 832 ὅστις
368 801 382 827 ὁ
399 801 595 837 κατονομάσας,
618 800 649 827 τὸ
665 800 829 836 ζητούμενον

35 842 78 879 ἦν,
91 845 161 871 ἀλλὰ
179 845 243 881 περὶ
266 845 315 878 τῆς
338 846 391 872 τῶν
411 846 550 881 ὀνομάτων
568 846 669 878 ἐννοίας
689 847 705 881 ή
729 846 829 881 θεωρία

37 891 194 926 προέκειτο·
209 892 322 926 πότερον
339 892 419 927 φύσιν
435 893 610 923 ἐνδείκνυται,
623 893 639 928 ἢ
652 892 828 929 ἐπινοητικῶς

37 937 67 963 ἐκ
83 937 139 964 τῶν
165 938 309 973 ἐνεργειῶν
327 939 498 974 ὀνομάζεται.
521 939 590 965 Ἀλλ’
607 941 621 966 ὁ
636 939 734 975 δριμὺς
755 937 830 972 οὗτος

38 983 84 1009 καὶ
104 982 266 1018 ἀμφιλαφὴς
290 984 339 1019 τὴν
367 984 495 1016 διάνοιαν,
511 985 672 1020 ἀνατρέπων
692 984 739 1011 τὸν
762 985 830 1012 ἀπο-

37 1028 148 1055 δοθέντα
164 1030 227 1064 περὶ
241 1029 291 1064 τῆς
306 1030 425 1062 ἐπινοίας
445 1029 533 1065 λόγον,
549 1030 595 1057 τὸν
618 1031 738 1062 εἰπόντα,
753 1031 832 1058 δυνα-

37 1075 80 1101 τὸν
96 1072 166 1101 εἶναι
181 1075 221 1102 ἐνί
236 1075 275 1111 τῷ
289 1076 459 1111 ὑποκειμένῳ
483 1076 582 1108 πολλὰς
605 1077 723 1113 ἐξευρεῖν
747 1086 832 1113 προσ-

38 1121 161 1157 ηγορίας,
187 1122 257 1149 κατὰ
277 1122 327 1154 τὰς
350 1123 404 1149 τῶν
423 1123 566 1158 ἐνεργειῶν
593 1124 739 1159 σημασίας,
759 1125 831 1159 ἰσχυ-

41 1166 93 1201 ρῶς
112 1167 246 1202 κέχρηται
268 1167 328 1194 καθ’
342 1167 420 1202 ἡμῶν
445 1169 477 1203 τῇ
503 1168 589 1205 μάχῃ,
612 1168 698 1202 λέγων
714 1169 751 1204 μὴ
766 1169 831 1205 παρ’

41 1213 132 1248 ἐτέρου
151 1213 222 1245 τινὸς
239 1213 375 1240 τεθεῖσθαι
389 1213 428 1249 τῷ
445 1213 540 1250 Κυρίῳ
559 1214 608 1246 τὰς
630 1214 756 1246 τοιαύτας
774 1223 831 1249 φω-

40 1259 95 1290 νάς.
113 1259 146 1285 Τί
166 1256 213 1285 οὖν
228 1259 314 1286 ταῦτα
331 1259 409 1296 πρὺς
420 1260 471 1295 τὴν
492 1260 675 1295 προκειμένην
698 1260 830 1297 σπουδήν;

41 1305 83 1340 Μὴ
105 1304 200 1340 ἐπειδὴ
227 1305 301 1341 παρὰ
324 1305 372 1332 τοῦ
396 1306 498 1342 Κυρίου
517 1306 552 1333 τὰ
572 1306 690 1342 ὀνόματα
712 1307 831 1341 λέγεται,

41 1351 98 1377 οὐδὲ
114 1351 236 1386 ὀνόματα
252 1351 330 1378 δώσει
344 1351 431 1379 ταῦτα
454 1352 535 1384 εἶναι,
553 1352 614 1379 οὗτε
634 1353 831 1389 προσηγορίας,

41 1397 98 1424 οὐδὲ
112 1398 205 1431 φωνὰς
228 1399 370 1433 νοημάτων
396 1399 582 1434 σημαντικάς;
599 1399 629 1425 Ei
654 1399 701 1434 μέν
724 1399 778 1435 γὰρ
801 1389 832 1426 oi)

41 1443 143 1478 δέχεται
160 1443 190 1470 τὸ
202 1441 272 1470 εἶναι
286 1443 371 1470 ταῦτα
381 1444 511 1479 ὀνόματα,
525 1446 558 1480 τῇ
578 1445 631 1471 τῶν
644 1444 832 1480 προσηγοριῶν

43 1489 180 1524 ἀναιρέσει
191 1489 265 1525 καὶὴ
279 1490 384 1517 ἐπίνοια
402 1489 591 1526 συνανῄρηται.
609 1489 639 1517 Εἰ
655 1490 682 1517 δὲ
694 1490 743 1517 οὐκ
759 1491 832 1517 ἀντι-

43 1535 114 1568 λέγει
132 1535 163 1562 τὸ
178 1535 228 1567 τὰς
241 1535 332 1570 φωνὰς
344 1535 444 1568 ταύτας
459 1536 578 1572 ὀνόματα
591 1536 667 1569 εἶναι,
681 1537 707 1563 τί
719 1536 831 1571 βλάπτει
845 1545 869 1575 c

44 1580 87 1607 τὸν
100 1581 161 1608 κατ’
175 1581 296 1607 ἐπίνοιαν
311 1582 398 1615 λόγον,
414 1581 457 1608 διὰ
477 1583 522 1609 τοῦ
538 1582 621 1615 δεῖξαι
638 1582 674 1618 μὴ
695 1585 760 1619 παρ’
779 1584 832 1611 ἐτέ-

46 1634 90 1660 ρου
102 1626 183 1657 τινος,
197 1625 264 1652 ἀλλὰ
280 1626 344 1661 παρ’
356 1625 438 1653 αὐτοῦ
455 1626 500 1653 τοῦ
521 1627 623 1662 Κυρίου
638 1628 687 1659 τὰς
707 1628 833 1660 τοιαύτας

44 1671 177 1697 τεθεῖσθαι
197 1671 325 1706 κλήσεις;
345 1671 381 1698 Τδ
397 1672 451 1708 γὰρ
468 1672 612 1707 λεγόμενον
626 1671 669 1708 ἦν,
684 1674 724 1700 ὅτι
742 1682 830 1709 παρα-

46 1716 164 1751 πλησίως
187 1716 226 1752 τῷ
246 1717 318 1744 κατὰ
338 1717 384 1744 τὸν
408 1719 479 1744 σῖτον
503 1718 689 1753 ὑποδείγματι,
710 1719 739 1746 ἓν
763 1719 833 1746 κατὰ

47 1760 75 1787 τὸ
88 1761 294 1796 ὑποκείμενονὸ
313 1762 413 1798 Κύριος
437 1762 484 1792 ὢν.
508 1763 651 1799 πρόσφορα
675 1765 735 1795 ταῖς
760 1762 834 1799 ἐνερ-

46 1807 129 1841 γείαις
147 1808 204 1843 ἔχει
220 1809 267 1835 καὶ
285 1809 318 1835 τὰ
333 1809 461 1844 ὀνόματα.
482 1808 534 1835 Τοῦ
557 1808 586 1834 δὲ
605 1809 677 1835 σίτου
696 1809 766 1836 κατὰ
784 1809 833 1845 τὴν

46 1852 97 1879 τῶν
112 1854 177 1889 περὶ
191 1854 270 1881 αὐτὸν
284 1854 475 1890 θεωρουμένων
490 1854 608 1881 ἐπίνοιαν
622 1854 672 1886 τὰς
686 1855 833 1890 ὀνομασίας

48 1898 115 1933 ἔχειν
129 1899 354 1935 ὁμολογουμένου,
378 1900 643 1935 συγκατεσκευάζετο
669 1900 716 1927 καὶ
741 1901 771 1927 τὸ
796 1901 832 1936 μὴ

49 1944 150 1978 φύσεως
161 1943 231 1972 εἶναι
244 1945 345 1978 ταύτας
363 1946 409 1972 ἐπὶ
421 1946 469 1972 τοῦ
487 1947 589 1982 Κυρίου
603 1946 770 1982 σημαντικὰς
784 1946 833 1978 τὰς

49 1990 146 2023 φωνὰς,
160 1990 230 2017 ἀλλὰ
240 1991 279 2026 τῷ
293 1991 363 2026 λόγῳ
376 1991 426 2026 τῆς
443 1991 564 2023 ἐπινοίας
582 1991 611 2018 ἐν
629 1993 685 2023 τοῖς
705 1992 767 2026 περὶ
783 1992 833 2018 αὺ-

48 2035 91 2061 τὸν
113 2037 266 2072 νοουμένοις
288 2037 469 2065 συνίστασθαι.
496 2038 524 2064 '0
550 2037 578 2064 δὲ
608 2038 753 2072 ἀντιλέγων
782 2038 834 2064 ὑπὸ

49 2081 145 2116 πολλῆς
167 2083 313 2118 προσοχῆς,
330 2083 360 2109 οὑ
376 2083 442 2118 πρὸς
463 2083 498 2109 τὰ
519 2083 629 2110 τεθέντα
650 2085 765 2110 ποιεῖται
785 2084 832 2119 τὴν

52 2126 144 2162 μάχην.
175 2128 254 2155 Ἀλλά
273 2137 354 2164 φησιν
374 2129 454 2156 αὑτὸν
476 2129 521 2164 ὑφ’
546 2129 642 2156 ἑαυτοῦ
659 2128 746 2156 ταῦτα
769 2138 833 2156 κατ-

49 2173 234 2208 ονομαζεσθαι,
251 2174 341 2208 ὅμοιον
359 2173 452 2210 ὥσπερ
472 2173 505 2200 ἃν
521 2173 548 2200 ετ
563 2182 605 2205 τις
629 2173 675 2200 τοῦ
698 2173 767 2200 κατὰ
787 2173 832 2200 τὶν

879 248 998 275 cundum
1023 248 1143 283 seipsum
1167 248 1350 284 quodcunque
1366 248 1475 275 tandem
1497 254 1539 276 est
1567 257 1667 277 secun-

878 294 943 322 dum
968 298 1110 326 naturam;
1127 296 1316 330 operationunt
1333 303 1399 322 vero
1425 295 1587 323 dill‘ereutiis
1603 304 1664 324 cum

879 341 1047 372 nominatur,
1066 348 1121 368 non
1139 348 1219 367 unam
1244 341 1270 367 in
1284 341 1412 368 omnibus
1427 341 1526 368 retinet
1544 343 1666 377 appella-

879 386 990 414 tionem.
1018 386 1064 413 sed
1081 386 1232 413 secundum
1257 394 1392 421 quamque
1411 387 1534 414 notitiam
1550 395 1611 422 qua:
1633 396 1665 414 ex

878 431 1040 467 operatione
1059 431 1140 459 nobis
1156 431 1341 466 ingcneratur,
1368 439 1466 459 nomen
1485 433 1611 460 assumit.
1636 431 1665 459 lu

878 485 933 512 quo
949 477 1035 513 igitur
1059 477 1129 504 ratio
1146 481 1239 505 nostra
1256 486 1304 512 per
1330 485 1361 505 ea
1390 486 1449 513 qua:
1464 479 1498 506 ab
1518 479 1578 513 ipso
1592 479 1628 506 ιΙίι
1639 483 1665 505 ta

878 524 953 553 sunt,
979 521 1173 557 redarguitur?
1186 522 1238 555 ,ριιί
1258 522 1327 549 dixit
1350 522 1406 549 neri
1430 530 1509 557 posse
1527 527 1555 550 ut
1575 524 1666 550 multa:

878 567 1076 602 appellationes
1100 569 1251 595 secundum
1274 568 1464 604 operationutn
1485 568 1664 602 differentias,

879 618 905 641 et
923 614 1083 641 relationem
1100 614 1133 641 ad
1147 622 1178 641 ea
1193 622 1253 649 qua:
1275 622 1308 641 ex
1324 608 1483 649 operatione
1501 614 1578 648 tium,
1597 623 1666 641 con-

879 665 980 694 gruant
997 661 1043 688 uni
1059 661 1209 689 secundum
1225 661 1380 696 subjectum
1397 661 1538 688 cxsistcnti
1562 661 1607 688 Dei
1623 661 1667 688 Fi-

880 707 926 737 lio.
953 707 1024 734 sicut
1051 715 1150 734 nomen
1167 709 1240 739 σῖτος
1261 714 1324 734 eum
1349 708 1385 734 sit
1409 716 1504 740 unum,
1533 716 1564 734 cx
1585 708 1667 734 \ariis

880 753 1038 779 notionibus
1069 760 1129 787 qua:
1153 753 1187 780 de
1217 753 1276 787 ipso
1302 753 1474 784 formantur,
1508 753 1533 779 in
1560 753 1667 780 tlin-tsa

880 799 990 825 nomina
1010 798 1150 825 dividitur.
1170 798 1314 831 Quomodo
1339 798 1423 833 igitur
1439 807 1498 833 qurc
1514 799 1586 826 dit-ta
1604 804 1668 826 sunt

881 845 987 876 evertit,
1007 845 1053 879 qui
1076 845 1114 871 ait
1136 844 1170 872 dc
1192 845 1282 879 seipso
1310 844 1366 871 hzec
1390 844 1528 872 Christum
1557 846 1668 872 nomina

880 890 991 917 dicere?
1004 889 1064 918 Non
1076 891 1148 918 enim
1163 891 1225 926 quis
1240 891 1286 918 ille
1301 896 1342 918 est
1353 891 1399 925 qui
1415 890 1575 921 nominavit,
1591 899 1667 926 qutu-

880 935 1001 969 rebatur,
1018 936 1065 964 sed
1081 936 1114 964 de
1130 937 1227 963 notitia
1248 936 1390 964 nominum
1406 936 1591 963 consideratio
1604 945 1668 971 pro-

881 983 1033 1017 ponebatur
1053 991 1059 1009 :
1081 988 1169 1009 tttrum
1198 987 1294 1009 natura
1318 982 1539 1014 demonstratur,
1558 989 1591 1008 an
1620 989 1668 1017 per

881 1027 1141 1055 commentationem
1160 1035 1191 1055 ex
1207 1027 1414 1063 operationibus
1429 1027 1597 1054 nominatur.
1613 1027 1666 1053 Sed

881 1075 926 1102 hic
947 1082 1010 1102 acer
1035 1078 1062 1101 ct
1084 1082 1200 1109 magnus
1224 1078 1251 1101 et
1274 1074 1362 1102 solers
1385 1073 1419 1101 ad
1445 1073 1665 1108 excogitandum.

881 1123 1007 1147 evertens
1035 1119 1202 1154 assignatam
1230 1119 1351 1151 ἐπινοίας
1384 1119 1581 1151 deﬁnitionem,
1608 1127 1668 1154 quae

882 1165 961 1198 dixit,
981 1165 1111 1200 possibile
1133 1172 1195 1193 esse
1212 1166 1258 1192 uni
1279 1166 1406 1200 subjecto
1428 1165 1529 1193 tuultas
1550 1166 1667 1193 commi-

882 1212 951 1239 nisei
977 1212 1183 1248 appellationes,
1200 1211 1351 1239 secundum
1372 1212 1561 1246 operationum
1583 1211 1668 1246 signi<

882 1257 1036 1290 ﬁcationes,
1059 1261 1155 1285 contra
1174 1265 1224 1285 ttos
1238 1265 1328 1293 pugna
1351 1258 1458 1284 fortiter
1473 1265 1539 1284 usus
1555 1261 1608 1288 est.
1625 1257 1668 1283 di—

883 1310 948 1330 cens
976 1310 1030 1329 non
1062 1302 1097 1330 ab
1124 1302 1219 1337 aliquo
1245 1302 1345 1329 inditas
1364 1309 1425 1329 esse
1452 1300 1568 1328 Domino
1599 1302 1668 1328 tales

883 1356 974 1376 voces.
992 1348 1061 1382 Quid
1081 1348 1165 1383 igitur
1188 1347 1222 1374 ad
1249 1348 1417 1383 propositum
1439 1347 1579 1375 studium?
1592 1347 1668 1380 Quo-

884 1393 955 1420 niam
973 1401 987 1420 a
1005 1393 1120 1421 Domino
1139 1394 1195 1420 lucc
1211 1394 1322 1420 nomina
1347 1401 1402 1420 non
1419 1393 1559 1424 dicuntur,
1581 1401 1669 1427 neque

885 1439 994 1466 nomina
1016 1439 1091 1466 dabit
1110 1438 1167 1465 haec
1192 1446 1264 1469 esse,
1281 1445 1370 1473 neque
1393 1438 1600 1473 appellationes.
1619 1447 1668 1465 Ite~

884 1491 937 1518 qtte
959 1491 1041 1511 voces
1071 1484 1212 1511 uotionum
1232 1483 1438 1519 signiticativas.
1463 1483 1490 1510 Si
1517 1483 1588 1511 enim
1614 1491 1668 1510 non

885 1530 1003 1557 admittit
1019 1537 1080 1557 esse
1104 1529 1161 1556 inec
1186 1531 1316 1561 nomina,
1333 1529 1546 1564 appellationum
1575 1528 1668 1556 subla—

884 1577 959 1604 tione
981 1577 1063 1603 etiatn
1078 1577 1094 1612 ἡ
1111 1575 1217 1602 ἐπίνοια
1234 1575 1315 1603 simul
1343 1575 1450 1602 sublata
1475 1580 1526 1602 est.
1548 1574 1625 1607 Quod
1645 1575 1669 1602 si

884 1631 937 1650 tton
968 1623 1133 1650 contradicit
1155 1629 1237 1649 voces
1264 1622 1315 1649 has
1338 1622 1448 1648 nomina
1472 1629 1544 1653 esse,
1566 1621 1592 1648 in
1615 1629 1670 1656 quo

885 1669 957 1696 lmdit
984 1669 1009 1695 id
1028 1668 1101 1703 quod
1128 1668 1161 1695 de
1186 1668 1418 1695 commentatione
1442 1667 1554 1699 dieitur,
1578 1675 1611 1694 ex
1637 1675 1671 1695 eo

883 1714 958 1749 quod
980 1714 1151 1742 demonstrat
1171 1722 1224 1741 non
1240 1714 1275 1740 ab
1292 1714 1345 1741 alio
1360 1714 1463 1748 aliquo.
1489 1713 1536 1741 sed
1555 1714 1589 1741 ah
1610 1714 1671 1749 ipso

885 1759 1001 1786 Domino
1015 1760 1084 1787 tales
1100 1759 1243 1795 impositas
1257 1767 1319 1787 esse
1330 1760 1670 1793 nomenelationesiQuod

884 1805 956 1831 enim
975 1805 1127 1836 dicebatur,
1153 1805 1179 1832 id
1204 1809 1273 1836 erat,
1290 1805 1365 1839 quod
1389 1806 1618 1840 quemadmodum
1642 1806 1670 1832 in

884 1848 1008 1882 etemplo
1039 1848 1120 1882 hujus
1142 1848 1262 1875 nominis
1290 1850 1371 1881 σῖτος,
1405 1856 1489 1875 unum
1517 1849 1669 1877 secundum

884 1893 1036 1926 subjectum
1059 1901 1120 1919 eum
1147 1893 1183 1920 sit
1205 1893 1346 1925 Dominus,
1372 1895 1579 1929 operationibus
1602 1902 1670 1922 con-

883 1945 950 1972 grua
967 1938 1048 1965 habet
1061 1939 1142 1965 etiam
1165 1938 1284 1965 nomina.
1303 1939 1370 1966 Cum
1393 1943 1483 1966 autem
1506 1940 1542 1967 sit
1562 1940 1671 1967 confes-

884 1992 944 2012 stttn
961 1985 1033 2015 σῖτος
1055 1983 1205 2010 secundum
1224 1984 1482 2012 commentationem
1492 1993 1594 2018 _eorum
1609 1993 1671 2020 qua:

884 2031 911 2058 in
936 2031 996 2065 ipso
1023 2034 1192 2065 spectantur.
1220 2030 1417 2065 appellationes
1447 2031 1556 2063 habere,
1588 2031 1670 2058 simul

883 2077 964 2103 etiam
981 2075 1194 2103 construebatur
1210 2075 1258 2103 has
1271 2075 1298 2102 in
1318 2075 1432 2102 Domino
1445 2083 1526 2103 voces
1542 2083 1594 2102 non
1610 2084 1671 2104 esse

883 2126 989 2149 natum
1006 2121 1212 2156 signiﬁcatiras,
1230 2121 1277 2148 sed
1301 2122 1407 2149 ratione
1430 2122 1670 2150 commentationis

884 2169 912 2195 in
932 2167 975 2194 his
995 2175 1056 2200 qua:
1079 2167 1113 2195 de
1136 2167 1196 2202 ipso
1219 2168 1412 2203 intelliguntur
1438 2170 1600 2196 consistere.
1617 2169 1669 2202 Qui

56 2217 142 2245 Ἰσαὰκ
162 2218 292 2254 ὀνόματος
314 2219 362 2255 τὴν
386 2219 532 2255 ἑρμηνείαν
547 2218 645 2255 ζητῶν,
663 2219 775 2255 πότερον
788 2219 833 2254 γέ-

885 2218 974 2240 autent
990 2213 1154 2241 contradicit
1177 2221 1232 2249 pra:
1255 2215 1340 2241 multa
1362 2216 1525 2246 attentione.
1548 2224 1602 2243 non
1623 2217 1672 2244 ad-

49 2263 107 2295 λως,
125 2263 162 2296 ὣς
177 2264 241 2299 φασί
255 2273 336 2297 τινες,
354 2265 542 2300 ἑρμηνεύεται,
563 2264 579 2300 ἢ
599 2265 661 2292 ἄλλο
685 2274 711 2291 τι
733 2266 834 2301 σημαί-

49 2318 86 2335 νει
95 2309 124 2336 τὸ
135 2310 232 2345 ινομα,
241 2311 256 2336 ὁ
267 2310 295 2337 δέ
307 2319 348 2341 τις
361 2311 415 2337 τῶν
425 2310 497 2337 κατὰ
511 2310 641 2345 Εὐνόμιον
654 2311 835 2343 ἐπιστατικῶς

50 2355 219 2389 ἀποκρίνοιτο
230 2356 304 2392 παρὰ
319 2356 367 2391 τῆς
381 2355 481 2391 μητρὸς
496 2355 630 2382 τεθεῖσθαι
644 2355 684 2391 τῷ
699 2356 774 2383 παιδὶ
786 2357 835 2391 τὴν

49 2398 151 2435 κλῆσιν·
166 2401 222 2428 ἀλλ’
234 2402 263 2428 οὐ
275 2401 362 2434 τοῦτο,
376 2401 442 2437 φαίη
458 2410 499 2433 τις
508 2401 550 2434 ἂν,
564 2401 594 2428 τὸ
610 2401 773 2437 ζητούμενον
789 2399 833 2436 ἦν,

50 2448 124 2483 παρὰ
139 2449 211 2481 τίνος
227 2450 244 2484 ἡ
259 2448 401 2483 ἐπωνυμία
417 2448 589 2483 πεπόρισται,
604 2447 671 2475 ἀλλὰ
690 2448 716 2474 τί
736 2448 835 2484 σημαίι

50 2501 87 2520 νει
107 2494 308 2530 μεταληφθεῖσα
334 2493 402 2529 πρὸς
430 2494 479 2529 τὴν
506 2494 642 2529 ἡμετέραν
666 2493 791 2528 γλῶσσαν
817 2495 834 2529 ὴ

50 2539 94 2565 τοῦ
108 2539 238 2575 ὀνόματος
254 2539 350 2567 ἐννοια.
368 2539 423 2566 Καὶ
442 2538 557 2565 ἐνταῦθα
576 2539 665 2565 τοίνυν
687 2538 736 2574 τῆς
753 2538 836 2574 ζητή-

51 2592 117 2616 σεως
137 2583 231 2619 οὔσης,
247 2585 272 2611 εἱ
290 2584 325 2611 τὰ
341 2583 468 2615 ποικίλως
493 2584 671 2619 ἐπιλεγόμενα
689 2583 727 2618 τῷ
742 2584 835 2619 Κυρίῳ

51 2629 107 2654 κατ’
124 2630 244 2656 ἐπίνοιαν
262 2629 380 2664 λέγεται,
397 2630 443 2656 καὶ
457 2629 516 2664 οὐχὶ
531 2629 580 2664 τῆς
604 2629 710 2663 φύσεως
724 2629 773 2665 τὴν
790 2629 832 2656 ἐν-

50 2673 129 2706 δειξιν
144 2675 200 2710 ἔχει
212 2684 219 2690 ·
240 2676 254 2701 ὁ
278 2675 404 2710 τοιαύτην
423 2675 533 2708 ἐπάγων
547 2675 597 2710 τὴν
619 2675 765 2707 ἀπόδειξιν,
784 2675 831 2702 τοῦ

52 2719 87 2755 μὴ
103 2720 207 2756 ἐπινοίᾳ
230 2720 389 2756 θεωρεῖσθαι
411 2721 460 2752 τὰς
485 2720 680 2756 προσηγορίας,
704 2720 743 2756 τῷ
767 2721 831 2756 παρ’

50 2763 129 2792 αὑτοῦ
150 2766 196 2793 τοῦ
213 2767 315 2803 Κυρίου
338 2766 462 2801 λέγεσθαι
482 2766 593 2801 ταύτας,
611 2766 669 2799 πῶς
688 2767 757 2802 μετὰ
778 2767 832 2795 τῶν

87 2854 111 2872 ⁷⁸
131 2854 198 2883 Gen.
218 2863 297 2890 xvnt,
315 2856 414 2891 1245;
429 2863 486 2889 ut,
499 2856 527 2883 ‘2.

885 2267 982 2287 versus
995 2260 1083 2295 posita
1100 2268 1216 2296 pugnam
1232 2261 1389 2288 committit.
1407 2261 1459 2289 Sed
1476 2263 1564 2297 inquit
1580 2263 1670 2298 ipsmu

884 2314 897 2332 a
916 2306 1011 2341 seipso
1027 2306 1070 2333 his
1087 2306 1244 2334 nominibus
1260 2307 1403 2342 appellari,
1417 2308 1507 2335 simile
1523 2316 1555 2336 ac
1567 2309 1589 2336 si
1608 2310 1670 2343 quis

883 2352 1002 2379 nominis
1027 2351 1102 2379 lsaac
1128 2352 1381 2386 interpretationem
1410 2361 1554 2388 quwrens,
1578 2358 1669 2390 utrum

883 2398 957 2426 risus
967 2398 1003 2431 7°,
1021 2403 1049 2424 ut
1064 2398 1141 2425 aiunt
1152 2397 1276 2433 quidam,
1293 2398 1450 2434 exponitur,
1466 2406 1500 2426 an
1519 2399 1592 2426 aliud
1605 2399 1669 2434 quid

884 2445 1020 2479 signiﬁcat
1038 2445 1090 2472 hoc
1120 2452 1234 2477 nomen;
1264 2443 1363 2479 aliquis
1390 2448 1481 2471 autem
1505 2452 1599 2471 eorum
1624 2444 1669 2478 qui

884 2495 959 2518 stant
981 2498 995 2518 ο
1024 2494 1102 2526 parte
1128 2489 1268 2520 Eunomii,
1298 2490 1433 2518 instanter
1455 2489 1632 2524 responderet
1654 2496 1669 2515 a

884 2541 972 2564 matre
988 2545 1072 2572 puero
1090 2537 1247 2571 impositum
1271 2543 1333 2564 esse
1348 2537 1400 2563 ltoc
1420 2543 1518 2563 nomen
1532 2543 1540 2569 ;
1556 2536 1602 2562 sed
1619 2535 1670 2561 ali-

885 2584 948 2618 quis
963 2583 1072 2615 dixerit,
1090 2591 1144 2610 non
1161 2583 1213 2609 hoc
1227 2586 1285 2610 erat
1298 2581 1371 2617 quod
1387 2581 1572 2616 quzcrebatur,
1587 2587 1600 2606 a
1615 2587 1670 2614 quo

887 2629 944 2656 lucc
971 2628 1122 2656 nominatio
1141 2628 1242 2654 tributa
1268 2631 1320 2657 est.
1337 2626 1384 2654 sed
1410 2625 1473 2660 quid
1490 2624 1624 2660 signiﬁcet
1642 2624 1669 2651 in

885 2679 1010 2703 nostram
1027 2675 1146 2709 linguam
1162 2672 1286 2700 traducta
1312 2671 1432 2699 nominis
1451 2670 1559 2697 notitia.
1582 2669 1670 2705 Atque

884 2721 930 2749 hic
953 2721 1036 2756 igitur
1049 2728 1111 2747 eum
1135 2715 1251 2755 qumstio
1276 2718 1418 2750 consistat,
1443 2721 1533 2744 utrum
1558 2723 1619 2751 qua:
1643 2716 1670 2744 in

886 2767 1002 2795 Domino
1023 2766 1098 2794 varie
1120 2765 1258 2797 dicuntur.
1276 2771 1325 2799 per
1345 2760 1604 2790 commentationem
1626 2761 1670 2788 di-
