1900 3073
31 156 44 183 l
53 156 108 184 (ιδ-1

599 154 742 184 CONTRA
758 155 1025 191 EUNOMIUM,LIB.
1044 158 1099 187 Xll.

1597 160 1666 188 l0'58

29 211 130 246 γοῦντι
143 212 302 247 γενήσεται,
319 211 492 247 κωλυομένης
507 212 534 238 δὲ
547 212 595 246 τῆς
610 212 762 247 ἐνεργείας,
777 213 820 239 οὗ)

880 213 958 248 plane
971 213 1159 249 impatibilitas
1179 214 1304 250 operanti
1320 213 1406 247 foret;
1431 215 1559 250 impedita
1574 222 1665 244 autem

28 259 114 285 ἔσται
128 258 236 290 πάντως
251 259 282 286 τὸ
295 258 501 294 ὲνεργοὺμενον.
525 258 568 290 Ὡς
583 259 654 285 δυοῖν
674 259 797 294 θάτερον,
811 259 827 294 ἢ

30 304 162 340 παθητὴν
186 304 230 331 διὰ
257 304 358 331 τούτων
385 305 431 332 τοῦ
459 305 628 339 Μονογενοῦς
655 305 705 340 τὴν
733 305 828 331 οὐσίαν

30 351 205 386 ποιήσουσιν,
227 351 270 377 ἵνα
287 351 336 386 τὴν
355 351 494 387 ἐνέργειαν
507 351 625 387 δέξηται,
644 351 660 386 ἦ
683 351 761 378 τοῦτο
784 351 828 377 διὰ

30 397 66 423 τὸ
83 397 221 432 προφανὲς
238 397 286 432 τῆς
304 397 429 427 ἀσεϐείας
453 397 610 429 ὀκνοῦντες.
628 397 658 423 τὺ
675 397 740 432 μηδὲ
760 397 828 428 ὅλως

29 443 123 478 αὐτὴν
138 441 205 470 εἷναι
219 443 476 475 κατασκευάζουσιν.
497 444 529 469 Ὅ
542 443 596 477 γὰρ
612 443 706 470 παθεῖν
724 442 828 469 ἀποπέ-

31 498 134 523 φυκεν,
148 489 208 516 οὐδὲ
222 489 272 524 τὴν
283 489 424 525 ποιητικὴν
438 489 578 525 ἐνέργειαν
592 489 634 523 ἐφ’
649 489 745 515 ἑαυτοῦ
758 488 826 515 πάν-

28 543 90 566 τως
105 535 255 569 προσίεται.
277 535 305 562 Ὀ
318 536 406 562 τοίνυν
420 535 557 570 ἐνεργείας
570 535 641 566 τινὸς
655 533 827 569 ἀποτέλεσμα

28 580 82 606 τὸν
99 581 163 607 Υίδν
182 580 318 616 διορίζων,
338 580 371 607 -ἓν
392 589 418 607 τι
435 581 482 608 καὶ
500 580 594 607 τοῦτον
622 579 676 606 τῶν
698 579 827 616 παθητῶν

18 623 193 661 ’διορίζεται,
216 627 266 653 ὅσα
288 626 320 653 δι’
344 625 482 661 ἐνεργείας
504 626 566 661 ἔσχε
587 626 636 661 τὴν
664 624 825 661 πρόοδοΨῆ

30 673 116 707 εἴπερ
141 673 248 708 ἁρνοϊτο
267 672 298 698 τὸ
315 672 410 704 πάθος,
427 672 473 698 καὶ
496 672 545 706 τὴν
569 671 717 698 ὑπόστασιν
743 670 825 698 αὑτοῦ

32 717 107 752 μετὰ
129 718 175 745 τοῦ
192 719 293 750 πάθους
316 719 471 754 ἀρνήσεται.
494 718 562 744 Ἀλλ’
577 717 670 753 ἐπειδὴ
686 717 746 744 καθ’
760 717 825 743 ἑκά-

29 772 114 799 τερον
141 764 195 791 τῶν
219 765 288 792 κατὰ
315 765 344 792 τὸ
370 764 538 800 διλήμματον
561 763 785 800 προφαινομένι››ν
809 764 825 799 ἡ

30 809 157 841 ἀσέϐεια,
175 810 222 837 καὶ
238 809 266 837 τὸ
282 810 318 845 μὴ
333 808 400 837 εἶναι
417 810 515 844 λέγειν,
534 810 580 836 καὶ
597 809 626 836 τὸ
643 809 763 843 παθητὸν
778 809 826 835 αὺ-

30 854 79 881 τον
91 855 204 887 οἴεσθαι,
221 856 352 892 πρόδηλος
365 857 380 890 ἡ
396 855 520 891 ἀλήθεια.
532 855 575 882 διὰ
587 856 637 890 τῆς
651 855 705 882 τῶν
717 855 824 882 ἀτόπων

29 899 201 934 ἀναιρέσεως
217 900 430 935 ἀναφαινομένη.
452 900 483 927 Et
499 899 553 936 γὰρ
570 900 616 927 καὶ
631 900 738 933 ἀληθῶς
755 899 823 932 ἔστι,

29 945 81 971 καὶ
96 945 218 980 παθητὸς
236 946 286 972 οὐκ
309 946 391 977 ἔστιν,
409 945 488 981 δῆλον
502 945 544 973 ὅτι
566 945 614 972 οὐκ
635 946 663 980 ἐξ
686 946 825 981 ἐνεργείας

30 991 120 1022 ὲοτὶν.
136 991 193 1017 ἀλλ’
205 992 242 1023 ὡς
259 991 331 1023 etab;
347 991 472 1026 ἀληθινὸν
486 988 554 1018 εῖναι
567 991 632 1018 Θεὸν
648 992 680 1018 ἐκ
696 991 743 1018 τοῦ
759 992 825 1027 ἀλη-

29 1035 110 1062 ὓινοῦ
124 1035 192 1062 Θεοῦ
214 1036 260 1063 τοῦ
281 1036 397 1072 Πατρὺς,
418 1036 530 1068 ἀπαθῶς
547 1036 576 1068 ἐξ
591 1036 676 1063 ἀϊδίου
700 1037 826 1072 ἀπαυγα-

31 1080 136 1107 σθέντα
152 1089 180 1107 τε
206 1082 252 1108 καὶ
274 1081 460 1116 ἑκλάμψανταζ
488 1081 568 1107 Ἀλλὰ
594 1080 653 1107 κατ’
673 1081 757 1116 αὐτὴν
775 1081 825 1117 τὴν

30 1125 147 1158 οὐσίαν,
165 1127 263 1161 φησὶν,
282 1126 418 1163 ἄφθαρτός
439 1128 511 1154 ἐστιν
531 1127 544 1153 ὁ
565 1124 646 1158 Θεὸς³
670 1126 697 1153 τί
713 1126 741 1153 δὲ
762 1127 826 1154 ἄλλο

29 1171 88 1197 τῶν
104 1171 262 1207 θεοπρεπῶν
274 1172 416 1207 νοημάτων
428 1172 478 1199 οὐκ
491 1172 577 1207 αὐτῆς
591 1172 681 1207 ἔχετειι
697 1172 744 1199 τοῦ
760 1172 825 1199 Υίοῦ

29 1217 84 1252 τῆς
98 1217 211 1249 abduc;
227 1218 264 1244 Τὸ
277 1218 389 1251 δίκαιον,
406 1217 436 1244 τὸ
450 1218 562 1252 ἀγαθὸν,
578 1217 609 1244 τὸ
623 1218 717 1250 ἀΐδιον,
735 1217 765 1244 τὺ
778 1218 824 1245 τοῦ

31 1262 122 1289 κεικοῦ
138 1263 237 1294 παντὸς
250 1263 439 1295 ἀνεπίδεκτον,
453 1264 483 1290 τὸ
502 1265 531 1290 ὲν
547 1264 628 1290 παντὶ
651 1263 689 1299 τῷ
712 1263 782 1291 κατὰ
795 1264 826 1291 τὸ

31 1308 138 1342 ἀγαθὸν
158 1309 294 1344 νοουμένῳ
307 1309 508 1345 ἀπεριόριστον.
528 1302 596 1343 Ἀρα
610 1308 652 1340 τίς
666 1309 738 1336 ἐστιν
754 1310 768 1336 ὀ
782 1309 826 1336 λέ-

30 1362 99 1387 γων,
124 1354 268 1389 ὲπίκτητόν
290 1363 316 1381 τι
334 1354 390 1381 τῶν
410 1354 500 1381 καλῶν
516 1353 584 1380 εῑναι
601 1356 633 1390 τῇ
654 1354 713 1390 θείᾳ
735 1354 825 1390 φύσει,

31 1400 79 1426 καὶ
93 1400 125 1427 οὐ
136 1401 189 1427 πᾶν
201 1401 215 1427 ὃ
225 1400 250 1427 τί
262 1400 315 1436 πέρ
328 1401 385 1426 ἐστι
396 1399 476 1426 καλὸν
486 1400 589 1426 ἐκεῖθέν
598 1409 628 1426 τε
640 1400 824 1436 ἀςορμᾶσθαι,

31 1445 79 1472 καὶ
93 1446 123 1472 ἐν
141 1446 208 1481 αὐτῇ
226 1445 402 1481 θεωρεῖσθαι;
421 1445 498 1472 Οὕτω
513 1445 560 1472 τοῦ
577 1446 716 1482 προφήτου
731 1446 825 1481 λέγον-

31 1498 88 1523 τος,
104 1492 146 1518 ὅτι
168 1491 194 1517 εἴ
204 1500 230 1518 τι
251 1491 350 1523 καλὸν,
369 1491 460 1524 αὑτοῦ,
480 1492 526 1518 καὶ
542 1492 569 1518 ετ
585 1500 612 1518 τι
634 1492 746 1526 ἀγαθὸν,
760 1493 826 1528 παρ’

32 1535 119 1563 αὐτοῦ
133 1537 197 1563 ἐστι.
215 1537 347 1564 Συνάπτει
359 1536 387 1564 δὲ
401 1536 497 1572 τούτῳ,
509 1535 539 1563 τὸ
550 1538 596 1565 καὶ
606 1537 751 1574 ἀγέννητον
766 1539 825 1565 κατ’
840 1555 861 1583 c

31 1581 130 1608 οὐσίαν
142 1580 221 1610 εἶναι.
246 1583 316 1616 Ἐγὼ
329 1583 358 1609 δὲ
375 1582 399 1608 εί
416 1583 464 1618 μὲν
479 1582 548 1609 οὕτω
562 1583 630 1609 νοῶν
645 1583 724 1610 τοῦτο
740 1584 822 1618 λέγει,

32 1629 73 1655 ὅτι
90 1628 238 1662 ἀγέννητὸς
255 1629 312 1654 ἐστι
327 1628 373 1654 τοῦ
395 1628 502 1663 Πατρὺς
517 1628 533 1662 ἡ
549 1628 645 1660 οὐσία,
669 1629 824 1665 συντίθεμαι

31 1673 70 1709 τῷ
91 1673 242 1708 λεγομένῳ,
259 1674 306 1700 καὶ
324 1674 373 1706 ορκ
395 1674 540 1701 ἀντιδαίνω
560 1674 599 1710 τῷ
615 1675 739 1710 δόγματι.
758 1675 824 1702 Οὐδὲ

32 1720 87 1755 γάρ
107 1728 149 1751 τις
169 1719 236 1751 ὅλως
260 1719 314 1747 τῶν
335 1719 516 1751 εὐσεϐούντων
539 1721 666 1754 γεννητὸν
689 1719 757 1748 εἶναι
779 1722 824 1748 τὸν

35 1766 144 1800 Πατέρα
158 1765 204 1791 τοῦ
218 1766 384 1800 Μονογενοῦς
404 1765 569 1793 ὑποτίθεται.
587 1767 618 1792 Et
635 1766 664 1792 δὲ
682 1766 760 1793 τοῦτο
776 1767 825 1802 μὲν

34 1812 201 1838 ἐνδείκνυται
221 1812 292 1838 κατὰ
305 1811 336 1838 τὸ
351 1813 443 1847 σχῆμα
459 1811 506 1838 τοῦ
522 1811 611 1846 λόγου,
628 1813 824 1844 κατασκευάζει

33 1857 60 1884 δὲ
74 1857 106 1884 τὸ
122 1858 207 1892 αὐτὴν
222 1858 271 1893 τὴν
285 1857 448 1893 ἀγεννησίαν
461 1857 553 1884 οὐσίαν
568 1855 647 1889 εἶναι,
662 1857 740 1884 τοῦτό
754 1866 825 1893 φημι

33 1903 88 1930 δεῖν
107 1903 146 1939 μὴ
169 1903 358 1939 παραδραμεῖν
374 1903 559 1937 ἀνεξέταστον,
578 1903 615 1935 ὡς
637 1903 670 1930 ἂν
696 1904 732 1939 μὴ
749 1904 824 1931 λάθοι

33 1951 94 1982 ’τοὺς
107 1949 322 1984 εὖεξαπατήτους
333 1949 399 1984 πρὸς
410 1949 460 1984 τὴν
475 1948 672 1983 συγκατάθεσιν
681 1949 729 1984 τῆς
742 1949 823 1984 βλασ-

34 1995 140 2030 φημίας
157 1994 378 2029 ὑποποιούμενος.
399 1995 460 2021 Ὀτι
473 1995 560 2021 τοίνυν
571 1994 634 2021 ἄλλο
645 2003 670 2020 τι
688 1995 736 2027 τῆς
747 1995 825 2028 ἀγεν-

26 2039 123 2075 vncla;
148 2039 207 2065 ἐστὶ
223 2038 270 2065 καὶ
285 2038 443 2074 ἀγέννητος,
465 2037 554 2073 ἀμιγῆ
572 2038 620 2064 καὶ
640 2037 764 2073 καθαρὰν
780 2035 826 2065 οὗ.

28 2093 77 2113 σαν
99 2085 192 2120 πάσης
208 2083 366 2120 ἑτερότητος
381 2083 429 2110 καὶ
444 2083 586 2119 διαφορᾶς.
610 2083 679 2120 Περὶ
688 2083 737 2110 τοῦ
755 2082 824 2110 Θεοῦ

28 2131 113 2159 ταῦτα
127 2131 214 2165 λέγει,
239 2127 268 2158 οὗ
291 2130 341 2166 τὴν
366 2129 461 2157 οὐσίαν
486 2129 524 2165 (ιι)
552 2130 709 2165 ἀφθαρσίαν
733 2136 763 2157 τε
778 2129 827 2157 καὶ

28 2178 193 2214 ἁγεννησίαν
210 2175 278 2204 εἷναί
300 2185 376 2212 φησι.
399 2175 468 2211 Τρία
485 2175 574 2202 τοίνυν
594 2176 640 2203 ἐπὶ
656 2175 724 2203 Θεοῦ
749 2174 827 2203 εἶπεν

28 2225 161 2260 ὀνόματα,
179 2223 230 2259 τὴν
243 2223 348 2254 οὐσίαν,
364 2222 395 2248 τὸ
411 2222 560 2257 ἄφθαρτον,
575 2220 605 2249 τὺ
621 2223 778 2258 ἀγέννητον.
794 2222 826 2249 Et

31 2272 78 2306 μία
100 2271 155 2298 τῶν
177 2270 262 2306 τριῶν
277 2269 379 2296 τούτων
398 2269 540 2305 ὀνομάτων
562 2269 608 2295 ἐπὶ
633 2268 702 2296 Θεοῦ
718 2271 790 2295 ἐστιν
808 2269 824 2304 ἡ

31 2317 128 2349 ἔννοια,
151 2317 168 2352 ἡ
184 2315 279 2351 θεότης
302 2314 388 2341 ταῦτα
409 2315 443 2341 τὰ
465 2314 528 2349 τρία
553 2314 661 2345 πάντως
676 2314 758 2340 ἐστίν.
783 2313 826 2346 Ὡς

30 2363 55 2389 εἴ
74 2371 116 2394 τις
136 2362 210 2396 λέγοι
233 2360 279 2388 τὸν
302 2360 445 2396 ἄνθρωπον
471 2361 672 2397 χαρακτηρϊσαι
696 2359 825 2395 βουλόμε-

30 2417 73 2440 νος
101 2408 212 2442 λογικὸν
233 2407 314 2434 αὑτὸν
339 2405 420 2438 εἶναι,
446 2405 608 2440 γελαστικόν
629 2414 659 2432 τε
684 2406 731 2432 καὶ
757 2406 826 2432 πλα-

30 2453 179 2489 τυώνυχον.
200 2454 260 2488 Ἐφ’
274 2450 296 2487 ᾧ
318 2452 362 2480 διὰ
381 2452 411 2479 τὸ
434 2452 571 2488 μηδεμίαν
593 2451 664 2478 κατὰ
680 2451 729 2486 τὴν
745 2451 826 2485 φύσιν

31 2500 59 2525 ὲν
76 2500 186 2535 ἑκάστῳ
207 2498 339 2535 διαφορὰν
361 2495 433 2525 εἶναι
460 2498 631 2533 ισοδυναμεῐν
654 2505 683 2524 τε
701 2497 826 2532 ἀλλήλοις

29 2545 63 2572 τὰ
85 2546 206 2580 ὀνόματα
231 2545 358 2580 λέγομεν,
380 2544 427 2571 καὶ
450 2544 480 2571 ἓν
501 2541 572 2570 εἶναι
595 2543 634 2579 τῷ
654 2542 827 2578 ὑποκειμένῳ

30 2592 64 2618 τὰ
80 2592 155 2627 τρία,
177 2592 227 2627 τὴν
253 2591 464 2628 ἀνθρωπότητα,
484 2591 533 2626 τὴν
552 2590 597 2617 διὰ
612 2591 667 2617 τῶν
686 2589 826 2625 ὀνομάτων

32 2638 249 2674 ὕπογραψεῖσαν.
272 2639 305 2665 Et
327 2638 418 2665 τοίνυν
439 2637 520 2664 τοῦτο
543 2638 617 2664 ἐστιν
637 2638 654 2672 ἡ
680 2637 785 2672 θεότης,
808 2637 825 2673 ή

31 2683 181 2720 ἅγεννησία
197 2693 227 2711 τε
243 2684 290 2711 καὶ
301 2685 318 2720 ἠ
330 2684 472 2720 ἀφθαρσία
487 2684 535 2711 καὶ
549 2684 566 2720 ἡ
583 2683 672 2715 οὐσία,
688 2683 761 2709 κατὰ
773 2683 826 2710 πᾶ-

41 2737 88 2755 σαν
100 2730 224 2765 ἀνάγκην
238 2731 266 2756 ὲν
283 2732 317 2766 τῇ
334 2730 381 2756 τοῦ
400 2729 458 2762 ἐνὸς
475 2729 577 2757 τούτων
593 2727 746 2764 ἀφαιρέσει,
765 2737 826 2755 συν-

65 2790 104 2824 ia)
126 2791 207 2819 Deest
224 2791 324 2826 aliquid
340 2790 412 2824 quod
423 2790 517 2825 supple
529 2797 560 2816 ex
574 2789 666 2826 Boico.
677 2789 817 2826 §7ttoivgv

34 2824 94 2861 ᾄλλο
109 2835 134 2852 τι
148 2827 198 2861 τῆς
214 2824 376 2860 ἀγεννησίας
392 2827 438 2852 ἐπὶ
453 2826 484 2852 τὸ
496 2825 595 2861 νᾷημα,
612 2825 660 2851 καὶ
674 2824 818 2861 ἄλλος-τῆς

34 2859 106 2891 θείας
132 2858 244 2891 οὺέίαςξ
259 2862 273 2886 ὁ
297 2858 375 2894 ὶξόγος
396 2861 425 2893 ἐξ
449 2858 616 2887 αὐτῶντῶν
640 2859 704 2895 παρ’
736 2858 819 2895 αὑτοῦ

35 2897 186 2931 λεγομένων
202 2897 273 2922 ἐστὶν
287 2898 300 2923 ὁ
316 2893 435 2931 ἔλεγχος.
450 2896 526 2922 Κατὰ
539 2895 623 2930 αὐτὴν
639 2893 705 2930 φηοι
719 2893 768 2930 τὴν
779 2894 821 2920 οὗ·

879 259 1036 293 opcratione
1057 266 1112 286 non
1136 260 1188 287 erit
1214 259 1327 287 omnino
1350 260 1423 295 quod
1439 260 1564 288 efﬁcitur.
1580 260 1618 288 Ita
1636 265 1666 289 ut

879 304 995 332 duorum
1017 305 1143 339 alterum,
1167 305 1209 333 vel
1225 305 1365 341 patibilem
1391 314 1438 341 per
1452 307 1509 334 bmc
1525 306 1664 342 Unigeniti

878 350 1025 378 essentiam
1049 350 1160 383 l'acient,
1179 355 1208 378 ut
1224 352 1409 386 operationem
1429 353 1534 387 capiat;
1554 353 1597 380 vel
1613 353 1664 380 lioe

878 398 989 429 propter
1005 394 1157 423 evidentem
1173 395 1340 430 impietatem
1354 401 1490 430 verentes,
1507 405 1595 432 neque
1617 406 1663 433 pe-

878 442 952 469 nitus
967 442 1053 477 ipsam
1070 450 1132 471 esse
1150 447 1328 478 praestruunt.
1347 443 1424 476 Quod
1448 443 1520 471 enim
1541 445 1594 478 pali
1613 453 1663 471 na-

877 491 937 514 tura
955 488 1094 522 abhorret,
1121 497 1210 524 neque
1222 489 1386 516 ell‘ectricem
1403 489 1550 516 cmcaeiam
1574 490 1600 517 in
1619 498 1663 518 se-

877 533 966 568 ipsum
987 533 1098 561 omnino
1115 534 1244 562 admittit.
1261 534 1312 568 Qui
1329 535 1411 570 igitur
1435 535 1550 569 alicujus
1565 543 1665 570 opera-

877 579 960 607 tionis
985 579 1110 607 eﬂ’ectum
1133 580 1232 608 Filium
1254 580 1359 612 definit,
1387 581 1459 608 hunc
1479 581 1559 608 etiam
1578 589 1662 609 unum

877 627 942 662 quid
956 635 1050 654 eorum
1068 634 1128 662 qum
1141 627 1196 662 pati
1211 632 1275 654 nata
1291 631 1356 654 sunt
1370 626 1473 658 deﬁnit,
1495 634 1664 662 quaecunque

877 678 925 708 per
950 673 1133 707 operationem
1156 679 1315 707 processum
1335 672 1446 703 habent,
1463 672 1505 699 vel
1528 672 1663 707 siquidem

877 720 1078 754 perpessionem
1090 723 1179 754 neget,
1192 719 1274 746 etiam
1289 719 1376 753 ipsius
1385 717 1591 745 subsistentiam
1601 726 1663 745 cum

877 764 1052 798 perpessione
1062 763 1179 799 negabit.
1192 763 1245 792 Sed
1258 763 1387 799 qu0niam
1398 763 1548 791 secundum
1561 769 1664 790 utrum-

876 816 930 844 que
941 816 1036 836 eorum
1053 816 1114 844 qua)
1136 816 1184 844 per
1204 809 1332 836 dilemma
1352 809 1585 841 demonstrantur,
1612 809 1664 836 im-

876 856 963 891 pietas
977 860 1029 887 est,
1053 860 1079 883 et
1097 863 1151 883 non
1171 863 1233 884 esse
1246 855 1347 886 dicere,
1365 859 1392 883 et
1417 855 1507 890 ipsum
1524 855 1663 889 patibilem

875 909 936 929 esse
961 906 1066 936 putare,
1089 898 1234 929 manifesta
1252 902 1354 929 veritas
1377 909 1438 936 qua:
1456 909 1503 936 per
1530 900 1661 928 falsorum

875 947 1049 975 abolitionem
1067 948 1167 975 elucet.
1185 946 1213 974 Si
1227 947 1298 974 enim
1315 947 1397 975 etiam
1417 955 1479 974 vere
1501 951 1554 978 cst,
1572 950 1598 974 et
1616 953 1664 981 pa-

875 992 960 1019 tibilis
975 1000 1028 1019 non
1041 995 1093 1024 est,
1105 992 1282 1027 perspicuum
1295 999 1328 1019 ex
1339 991 1498 1026 operatione
1509 991 1594 1026 ipsum
1608 998 1662 1018 non

874 1045 945 1070 esse,
963 1038 1009 1066 sed
1023 1039 1093 1066 sicut
1104 1042 1319 1065 consentaneum
1333 1041 1385 1069 est,
1402 1044 1495 1064 verum
1507 1044 1568 1064 esse
1579 1035 1662 1062 Deum

874 1092 907 1112 ex
922 1092 986 1112 vero
997 1085 1051 1112 Deo
1063 1084 1153 1117 Patre,
1168 1084 1356 1119 impatibiliter
1371 1091 1402 1110 ex
1419 1087 1520 1110 aeterno
1536 1082 1664 1117 splende-

875 1134 996 1159 scentem
1024 1134 1050 1158 et
1078 1130 1265 1157 irradiantem.
1292 1129 1356 1161 Sed,
1386 1129 1483 1163 inquit,
1513 1127 1662 1156 secundum

875 1176 1022 1203 essentiam
1045 1175 1263 1210 incorruptibilis
1277 1180 1317 1202 est
1333 1174 1414 1202 Deus.
1433 1174 1502 1207 Quid
1518 1173 1591 1200 aliud
1614 1181 1663 1200 eo-

875 1228 936 1248 rum
963 1229 1022 1256 quaa
1047 1220 1129 1248 Deum
1155 1221 1251 1248 decere
1278 1220 1466 1255 intelliguntur
1494 1227 1547 1245 non
1576 1218 1663 1253 ipsam

876 1266 937 1294 Filii
953 1268 1099 1295 essentiam
1118 1266 1280 1301 possident?
1303 1264 1423 1296 Justum,
1447 1265 1558 1295 bonum,
1584 1268 1664 1291 teter-

875 1321 952 1344 num.
974 1313 1073 1340 nullius
1090 1312 1152 1339 mali
1167 1319 1262 1347 capax,
1285 1311 1312 1338 in
1332 1311 1406 1338 omni
1423 1318 1455 1338 eo
1474 1302 1548 1345 quod
1563 1317 1664 1337 secun-

875 1359 940 1386 dum
962 1359 1061 1386 bonum
1088 1358 1248 1393 intelligitur
1263 1357 1409 1384 inﬁnitum.
1428 1354 1528 1384 Verum
1544 1356 1606 1391 quis
1621 1360 1664 1384 est

876 1404 922 1439 qui
938 1404 1012 1430 dicat
1032 1403 1133 1438 aliquid
1149 1410 1243 1431 eorum
1261 1410 1321 1438 quge
1334 1406 1398 1430 sunt
1421 1402 1535 1437 pulcbra
1555 1406 1581 1429 et
1595 1408 1665 1436 praes

876 1449 961 1481 clara.
973 1449 1072 1476 divina:
1085 1452 1190 1475 natura1
1202 1456 1264 1476 esse
1275 1447 1465 1478 adventitium,
1480 1452 1506 1475 et
1518 1455 1571 1474 non
1583 1447 1664 1482 quid—

876 1495 941 1530 quid
961 1499 1003 1522 est
1016 1494 1159 1530 pulchrum
1180 1494 1254 1521 illinc
1270 1493 1419 1529 proﬁcisci,
1434 1497 1461 1521 et
1479 1493 1505 1520 in
1520 1501 1551 1521 ea
1567 1493 1661 1520 consi-

878 1539 978 1571 derari,
991 1539 1031 1567 sic
1042 1540 1149 1567 dicente
1159 1539 1300 1574 propheta,
1316 1539 1389 1572 quod
1404 1539 1427 1567 si
1437 1539 1503 1574 quid
1519 1538 1662 1574 pulchrum

877 1589 929 1617 est,
949 1585 1045 1620 ipsius,
1074 1590 1100 1613 et
1125 1586 1148 1613 si
1166 1585 1238 1620 quod
1253 1585 1365 1617 bonum,
1390 1585 1424 1612 ab
1448 1585 1508 1620 ipso
1522 1584 1581 1611 est?
1596 1585 1663 1611 Cum

877 1630 929 1657 hoc
944 1634 1034 1657 autem
1051 1630 1160 1664 copulat
1182 1631 1332 1665 ingenitum
1347 1630 1428 1657 etiam
1448 1629 1599 1657 secundum
1622 1636 1665 1656 es-

878 1675 994 1703 sentiam
1007 1683 1078 1703 esse.
1095 1675 1148 1710 Ego
1161 1675 1286 1710 equidem
1304 1675 1326 1702 si
1339 1675 1374 1702 ita
1391 1675 1513 1703 sentiens
1524 1675 1576 1702 hoc
1586 1674 1663 1707 dicit,

877 1721 949 1757 quod
965 1721 1085 1756 ingenita
1109 1725 1151 1748 est
1166 1720 1256 1748 Patris
1278 1721 1406 1753 essentia,
1424 1721 1496 1748 dicto
1516 1721 1663 1752 assentior,

877 1775 966 1802 neque
992 1767 1112 1803 dogmati
1142 1768 1250 1806 resisto.
1275 1768 1369 1795 Nullus
1394 1767 1467 1795 enim
1491 1775 1604 1802 prorsus
1621 1768 1664 1803 pie

877 1811 1025 1838 viventium
1052 1811 1160 1838 Patrem
1181 1811 1318 1846 Unigeniti
1344 1819 1405 1840 esse
1430 1812 1550 1847 genitum
1577 1812 1663 1847 ponit.

878 1858 955 1891 Quod
970 1857 992 1885 si
1009 1857 1060 1884 hoc
1083 1857 1192 1892 quidem
1209 1857 1414 1885 domoastralur
1430 1857 1579 1885 secundum
1601 1858 1666 1892 ligus

878 1910 936 1929 ram
954 1903 1097 1934 sermonis,
1117 1903 1215 1930 astruit
1233 1906 1322 1930 autem
1342 1903 1513 1938 ἀγεννησίαν,
1530 1907 1556 1930 et
1571 1909 1664 1930 essen—

878 1948 942 1974 tiam
962 1947 1030 1975 idetn
1051 1955 1122 1979 esse,
1141 1948 1192 1975 ltoc
1209 1956 1262 1975 non
1281 1948 1498 1983 praetereundum
1513 1956 1574 1975 esse
1588 1948 1664 1975 inex—

878 1994 1070 2025 cussumdiro,
1083 1997 1113 2020 ut
1126 2001 1180 2021 non
1196 1994 1277 2021 lateat
1291 1994 1404 2028 deceptu
1419 1994 1512 2022 faciles
1522 1994 1555 2021 ad
1570 2002 1664 2021 assen-

878 2039 982 2066 sionem
996 2039 1171 2074 blasphemiae
1182 2039 1316 2074 pellicere.
1327 2039 1403 2072 Quod
1417 2040 1500 2075 igitur
1511 2040 1583 2067 aliud
1597 2039 1663 2075 quid

878 2083 912 2110 ab
925 2083 1038 2119 ingeniti
1049 2084 1156 2112 actione
1169 2087 1212 2112 est
1225 2083 1305 2111 etiam
1320 2083 1467 2119 ingenitus,
1479 2084 1627 2112 immistam
1640 2089 1667 2113 et

878 2137 974 2164 puram
986 2130 1021 2157 ab
1031 2130 1105 2157 omni
1116 2130 1277 2158 diversitate
1284 2133 1310 2157 et
1321 2129 1485 2158 ditl‘erentia.
1494 2129 1532 2159 De
1548 2130 1603 2160 Deo
1613 2131 1669 2159 haec

877 2174 1041 2210 dicit,eujus
1052 2176 1200 2204 essentiam
1213 2175 1512 2210 incorruptibilitatem,
1525 2176 1665 2212 etingene'

876 2221 1040 2249 rabilitatcm
1052 2229 1113 2249 esse
1125 2222 1234 2249 asserit.
1246 2222 1310 2248 Tria
1326 2221 1408 2257 igitur
1420 2222 1447 2248 in
1462 2221 1516 2249 Deo
1532 2222 1601 2248 dixit
1616 2230 1666 2249 no-

877 2267 1125 2300 mina,essentiam,
1135 2268 1352 2303 incorruptibile,
1362 2267 1524 2302 ingenitum.
1534 2267 1669 2297 Siborum

877 2313 960 2340 trium
973 2314 1115 2341 nominum
1130 2314 1157 2341 in
1170 2313 1275 2341 Dcoest
1285 2321 1338 2340 una
1352 2313 1503 2349 eademque
1515 2314 1602 2346 notio,
1612 2314 1671 2341 dei-

877 2362 919 2386 tas
933 2358 990 2385 hmc
1001 2359 1052 2386 tria
1064 2367 1177 2394 prorsus
1189 2363 1241 2387 est.
1253 2359 1288 2387 Ut
1300 2360 1322 2387 si
1335 2361 1396 2395 quis
1405 2360 1520 2391 diceret,
1531 2359 1670 2387 hominem

876 2405 1034 2440 exprimere
1048 2405 1154 2439 volens,
1171 2406 1331 2434 rationalem
1347 2407 1436 2442 ipsum
1452 2415 1524 2438 esse.
1537 2407 1670 2434 risibilem

876 2454 903 2478 et
914 2450 1093 2485 latiunguem.
1104 2450 1132 2477 In
1140 2458 1194 2486 quo
1205 2455 1349 2486 propterea
1358 2452 1429 2487 quod
1440 2453 1514 2479 nulla
1522 2456 1562 2479 est
1573 2459 1672 2478 secun-

876 2497 941 2524 dttm
956 2501 1083 2524 naturam
1096 2498 1123 2524 in
1135 2505 1303 2534 unoquoque
1313 2498 1477 2530 dilrerentia,
1491 2500 1547 2526 haec
1559 2498 1670 2525 nomina

876 2544 949 2572 inter
955 2551 985 2572 se
994 2544 1047 2572 vim
1054 2544 1186 2579 mqualem
1195 2545 1296 2572 habere
1307 2545 1436 2576 dicimus,
1445 2549 1471 2572 et
1482 2551 1564 2571 unum
1573 2550 1635 2570 esse
1645 2544 1661 2568 it

876 2589 1002 2625 subjecto
1016 2590 1074 2617 haec
1086 2590 1150 2622 tria,
1168 2597 1266 2625 nempe
1281 2590 1480 2617 immanitatem
1493 2596 1540 2624 per
1553 2588 1664 2614 nomint

877 2634 1087 2671 descriptam.Si
1096 2643 1161 2671 ergo
1171 2636 1223 2664 hoe
1232 2641 1272 2664 est
1280 2636 1481 2670 deitas,nempe
1487 2634 1637 2669 ἀγεννησια
1646 2637 1672 2660 et

877 2682 1122 2717 incorruptibilitas
1131 2686 1156 2710 et
1166 2683 1295 2715 essentia,
1306 2683 1379 2710 omni
1392 2682 1556 2709 necessitate
1567 2681 1665 2708 horum

878 2736 933 2757 uno
944 2729 1053 2757 sublato
1068 2729 1150 2757 simul
1163 2730 1246 2757 etiam
1263 2729 1350 2757 deitas
1367 2728 1480 2755 tollitur.
1496 2726 1531 2756 Ut
1546 2727 1621 2754 enim
1641 2727 1665 2754 si

874 2790 934 2817 σίαν
950 2789 1088 2825 ἄφθαρτός
1108 2790 1167 2816 ὲστι
1183 2790 1230 2816 καὶ
1247 2789 1405 2823 ἁγέννητος,
1420 2787 1510 2825 ἀμιγῆ
1523 2787 1673 2825 2511722900.:-

873 2826 922 2860 ρᾶς
935 2823 1018 2860 om;
1027 2823 1122 2858 ’πάσης
1134 2825 1292 2860 ἑτερότητος
1305 2825 1353 2851 καὶ
1364 2824 1506 2859 διαφορᾶς,
1519 2824 1583 2860 περὶ
1599 2823 1669 2851 Θεοῦ

871 2861 956 2889 ταῦτα
974 2861 1058 2895 λέγει,
1074 2860 1104 2889 οὗ
1119 2861 1168 2896 τὴν
1182 2860 1286 2887 οὐσίαν.
