1900 3073
54 142 126 172 ξοεε

617 150 754 179 CONTRA
773 149 969 186 EUNOMIUM,
990 153 1053 181 LIB.
1076 154 1134 182 XII.

1611 157 1685 187 1046

53 201 164 239 πλάσμα
176 204 396 243 ζωοπλαστήσας,
408 209 480 245 μόνῳ
494 210 531 246 τῷ
546 210 648 246 ἐφεῖναι
662 213 694 247 τῇ
707 212 785 247 φύσει
795 213 838 238 τὸν

893 213 934 241 his
955 215 1139 249 cognitionem
1153 221 1245 244 essent
1263 216 1363 252 adepti.
1380 217 1436 245 Nos
1456 220 1546 245 autem
1561 216 1680 246 dicimus

53 247 144 282 λόγον,
155 250 244 277 πᾶσαν
258 251 307 286 τὴν
318 253 430 289 δύναμιν
442 255 490 290 τὴν
499 256 610 292 λογικὴν
622 258 774 285 ἐναπέθετο.
787 259 841 285 Καὶ

53 292 150 328 ὥσπερ
165 295 212 330 τὴν
234 297 262 322 ὲν
281 299 336 330 τοῖς
359 300 545 337 αἰσθητηρίοις
568 302 682 337 δύναμιν
698 303 771 339 παρὰ
796 303 841 330 τοῦ

54 339 207 373 πλάσαντος
226 342 271 368 τὸν
288 344 424 379 ὀφθαλμὸν
440 346 485 372 καὶ
504 347 684 383 φυτεύσαντος
697 349 745 384 τὴν
758 349 842 384 ἀκοὴν

53 387 83 413 ἐν
103 389 135 422 τῇ
152 388 356 424 φύσειὲχοντες.
373 392 437 427 παρ’
448 393 537 420 αὐτῶν
553 394 621 429 πρὸς
639 394 652 421 ὃ
666 395 771 429 πέφυκε
788 395 842 421 τῶν

53 432 238 468 αἰσθητηρίων
257 435 287 461 ἓν
298 435 412 464 ἕκαστον
421 457 428 469 ,
441 438 508 473 πρὸς
522 438 599 466 τοῦτο
613 440 785 476 κεχρήμεθα,
795 440 842 466 καὶ

51 477 84 520 οὐ
112 477 236 512 δεύμεοα,
254 479 315 506 οὔτε
331 481 378 507 τοῦ
401 482 434 509 τὰ
452 482 583 517 χρώματα
597 485 841 520 κατονομάσαντος,

51 518 91 547 ὧν
103 522 118 557 ἡ
132 522 224 558 ὅρασις
234 524 282 553 τὴν
295 525 434 560 ἀντίληψιν
450 527 505 562 ἔχει
519 528 609 564 (ἀρκεῖ
620 529 673 564 γὰρ
683 518 842 564 ό-ὁφθαλμὸς

49 568 141 603 ἑαυτῷ
155 570 277 602 γενέσθαι
293 571 346 597 τῶν
362 572 486 600 τοιούτων
496 573 744 607 διδάσκαλος),οὖτε
753 571 789 602 ὧν
797 575 840 602 διὰ

48 613 100 647 τῆς
114 614 229 650 ὰκοῆς,ἢ
239 615 282 641 διὰ
295 617 344 651 τῆς
357 617 510 654 γεύσεως,ἢ
524 619 567 645 διὰ
578 620 627 655 τῆς
636 620 707 655 ἁφῆς
715 620 794 656 αἱσοη
800 621 842 647 σό-

47 659 284 696 μεθα,ἀλλοτρίων
297 662 364 697 πρὸς
375 663 423 698 τὴν
430 664 528 698 γνῶσιν
538 664 704 692 διδασκάλων
715 665 839 701 δεόμεθα,

44 705 154 732 οἴκοθεν
172 706 276 741 ἔχοντες
291 708 405 735 ἑκάστου
419 709 473 736 τῶν
487 711 546 737 κατ’
562 711 685 746 αἴσθησιν
701 711 841 746 ἐγγινομέ-

45 760 102 777 νων
111 751 174 786 ἡμῖν
184 752 214 778 τὺ
222 753 371 789 κριτήριον,
379 754 455 782 Οὕτω
464 755 551 791 φαμὲν
559 757 605 783 καὶ
614 757 663 792 τὴν
670 757 840 793 διανοητικὴν

43 795 99 830 τῆς
111 795 200 831 ψυχῆς
213 797 327 833 δύναμιν
341 799 467 835 τοιαύτην
481 801 556 836 παρὰ
572 801 618 828 τοῦ
639 801 706 828 Θεοῦ
729 802 840 838 γενομέ-

43 850 107 876 νην,
126 843 172 876 ἀφ’
195 844 292 879 ἑαυτῆς
317 845 348 871 τδ
368 845 461 873 λοιπὸν
478 847 622 879 κινεῖσθαι,
649 848 695 874 καὶ
722 847 789 884 πρὸς
805 847 839 875 τὰ

44 888 201 923 πράγματα
216 890 324 924 βλέπειν
337 899 343 905 ·
359 892 406 918 καὶ
425 892 462 924 ὡς
482 893 516 920 ἂν
530 893 665 929 μηδεμίαν
678 893 807 929 σύγχυσιν
820 894 836 929 ὴ
852 891 873 919 Β

44 933 149 967 γνῶσις
169 935 266 968 πάθοι,
290 937 414 974 καθάπερ
432 939 576 975 σήμαντρά
594 949 653 967 τινα
666 940 716 972 τὰς
730 940 772 967 διὰ
784 940 838 968 τῶν

44 980 145 1014 φωνῶν
157 982 368 1016 ὲπισημειὼσεις
386 984 494 1020 ἑκάστῳ
514 985 567 1012 τῶν
592 987 762 1022 πραγμάτων
778 987 838 1014 ἑπι-

44 1026 164 1054 ϐάλλειν.
183 1028 327 1055 Πιστοῦται
343 1029 413 1057 δὲτὸ
430 1031 547 1058 τοιοῦτον
557 1032 645 1067 δόγμα
661 1034 707 1060 καὶ
721 1034 735 1059 ό
751 1033 836 1068 μέγας

42 1071 178 1107 Μωῡσῆς,
195 1073 278 1100 εἰπὼν
306 1075 380 1110 παρὰ
398 1076 445 1102 τοῦ
467 1076 550 1112 Ἀδὰμ
576 1078 757 1105 ὲπιτεθείσθαι
781 1080 836 1111 τοῖς

45 1117 157 1150 ἀλόγοις
182 1119 236 1146 τῶν
261 1119 336 1151 ζώων
352 1121 400 1152 τὰς
417 1122 590 1157 ἐπωνυμίας,
603 1123 702 1150 οὑτωσὶ
729 1125 836 1160 γράψας

43 1161 86 1196 τῷ
102 1163 203 1197 ῥήματι
219 1171 226 1179 ·
241 1165 295 1191 Kal
311 1165 446 1193 ἔπλασεν
460 1168 476 1194 ὁ
500 1168 571 1201 Θεὸς
587 1168 632 1195 ἔτι
648 1169 682 1195 ἐκ
699 1169 755 1204 τῆς
779 1169 836 1205 γῆς

40 1206 144 1234 πάντα
161 1209 196 1235 τὰ
210 1210 296 1244 θηρία
308 1211 362 1238 τοῦ
377 1212 481 1246 ἀγροῦ,
495 1213 543 1240 καὶ
562 1213 660 1242 πάντα
670 1216 706 1242 τὰ
715 1217 836 1244 πετεινὰ

39 1252 97 1279 τοῦ
121 1255 258 1288 οὐρανοῦ,
276 1256 324 1283 καὶ
347 1257 458 1292 ἤγαγεν
477 1260 553 1286 αὐτὰ
577 1260 651 1295 πρὸς
675 1261 728 1288 τὸν
749 1262 835 1296 Ἀδὰμ

41 1298 120 1325 ἰδεῖν
132 1300 160 1326 τί
173 1302 295 1328 καιέσει
306 1303 390 1330 αὑτά.
409 1305 463 1331 Καὶ
478 1305 539 1332 πᾶν
560 1305 575 1332 ὂ
591 1306 738 1333 ἐκάλεσεν
761 1307 833 1334 αὐτὸ

48 1345 138 1380 Ἀδὰμ
165 1347 271 1381 ψυχὴν
295 1347 409 1380 ζῶσαν,
426 1350 513 1377 τοῦτο
539 1351 631 1386 ὄνομα
660 1352 748 1385 αὐτῷ.
777 1353 832 1380 Kal

38 1391 190 1418 ἐκάλεσεν
214 1392 298 1427 Ἀδὰμ
325 1394 454 1429 ἐνίψατίι
474 1396 548 1423 πᾶσι
566 1397 627 1429 τοῖς
642 1398 756 1432 θηρίοις
779 1397 833 1431 τῆς

37 1435 100 1470 γῆς
125 1436 172 1463 καὶ
203 1437 345 1471 κτήνεσι,
370 1440 416 1466 καὶ
445 1440 520 1468 πᾶσι
546 1442 608 1474 τοῖς
633 1442 746 1476 θηρίοις
780 1441 833 1469 τοῦ

39 1481 148 1516 (ig-potu

84 1527 153 1553 Ἀλλ’
173 1528 244 1556 ἔοικε
267 1530 390 1567 καοάπερ
404 1541 445 1564 τις
458 1532 587 1569 γλοιώόης
605 1534 697 1569 πηλὸς,
707 1536 753 1562 καὶ
773 1536 836 1571 ἐχέ-ι

37 1572 151 1607 κολλος,
164 1574 177 1600 ὁ
192 1575 261 1601 κατὰ
285 1577 332 1611 τῆς
353 1577 474 1610 ἐπινοίας
498 1579 571 1614 αὐτῴ
598 1581 733 1612 συντεθεὶς
749 1581 830 1616 λῆρος

37 1619 242 1654 παρακατέχειν
263 1621 346 1656 ἡμᾶς,
362 1623 409 1649 καὶ
426 1624 463 1659 μὴ
484 1624 532 1658 ὲᾷν
543 1624 597 1651 τῶν
616 1627 830 1662 χρησιμωτέρων

36 1664 241 1699 προσάψασθαι.
253 1667 314 1698 Πῶς
330 1668 384 1703 γὰρ
398 1669 430 1695 ἄν
442 1678 483 1700 τις
496 1670 669 1706 παραδράμοι
686 1672 733 1708 τὴν
745 1681 829 1700 σπου-

35 1710 120 1737 δαίαν
135 1711 242 1747 ἐκείνην
260 1714 307 1739 καὶ
322 1715 555 1751 πεφροντισμένην
569 1717 736 1751 φιλοσοφίαν,
749 1718 777 1744 ὲν
789 1716 829 1751 οἷς

36 1763 119 1789 φησι,
137 1756 172 1792 μὴ
195 1757 274 1791 μόνον
292 1759 348 1789 τοῖς
367 1759 514 1794 ποιήμασιν
530 1761 708 1795 ἐμφαίνεσθαι
721 1763 768 1799 τὴν
781 1764 828 1790 τοῦ

34 1800 108 1827 Θεοῦ
138 1802 383 1838 μεγαλοπρέπειαν,
399 1804 465 1831 ἀλλὰ
489 1806 540 1831 κάν
562 1808 617 1838 τοῖς
640 1807 751 1842 ὀνόμασι
774 1809 830 1836 δια-

33 1846 191 1874 δείκνυσϐαι
209 1848 257 1884 τὴν
276 1849 323 1876 τοῦ
340 1850 406 1876 Θεοῦ
426 1850 531 1885 σοφίαν,
551 1852 657 1885 οἰκείως
682 1854 727 1879 καὶ
743 1863 827 1890 προσ-

35 1893 114 1927 φυῶς
128 1893 234 1929 ἑκάστῳ
247 1894 300 1921 τῶν
325 1896 476 1930 γενομένων
499 1897 549 1928 τὰς
575 1899 759 1935 προσηγορίας
777 1901 828 1936 ἁρ-

34 1939 171 1975 μόσαντος
182 1948 190 1973 ;
205 1940 297 1968 Ταῦτα
308 1943 450 1976 Κρατύλῳ
463 1943 533 1978 τάχα
545 1943 581 1979 τῷ
594 1944 758 1981 Πλατωνικῷ
769 1946 828 1972 δια-

31 1985 119 2020 λόγῳ,
136 1985 151 2020 ἢ
167 1986 248 2018 αὐτὸς
263 1987 394 2022 ἐντυχὼν,
407 1989 423 2022 ἦ
443 1997 514 2020 τινος
539 1988 593 2015 τῶν
610 1990 827 2026 ἐντετυχηκότων

31 2030 167 2072 ἀκούσας’,
181 2031 224 2058 διὰ
235 2031 284 2067 τὴν
307 2033 405 2068 πολλὴν
421 2032 495 2069 οἶμαι
510 2035 645 2070 πτωχείαν
660 2036 713 2062 τῶν
724 2038 827 2073 νοημά-

31 2085 89 2102 των
106 2076 235 2112 ὲρῤάπτει
253 2079 309 2110 τοῖς
329 2078 402 2110 ἰδίοις
417 2079 508 2116 λήροις
533 2080 581 2112 τὰς
599 2081 657 2108 ἐκεῖ
682 2081 825 2118 φλυαρίας,

31 2122 129 2156 ὅμοιον
140 2122 223 2149 ποιῶν
239 2124 297 2155 τοῖς
310 2123 358 2160 τὴν
378 2125 480 2161 τροφὴν
494 2126 526 2152 ἑκ
546 2127 749 2162 προσαιτήσεως
764 2129 827 2156 ἐαυ-

31 2168 90 2198 τοῖς
120 2168 336 2203 συναγείρουσιν.
355 2169 398 2201 Ὠς
413 2170 466 2207 γὰρ
482 2171 580 2198 ἐκεῖνοι
605 2172 691 2208 βραχύ
706 2183 732 2200 τι
759 2177 825 2212 παρ’

893 260 965 294 quod
980 260 1025 288 ille
1047 261 1093 296 qui
1111 262 1203 289 omnia
1217 262 1244 289 iu
1261 263 1393 297 sapientia
1407 263 1472 291 fecit
1483 264 1516 296 ⁷⁵,
1531 269 1558 291 et
1574 263 1621 298 qui
1636 271 1680 290 ra-

893 305 1021 332 tionalem
1041 306 1110 334 hanc
1125 310 1280 334 creaturam
1295 306 1408 341 eﬁinxit,
1424 308 1475 335 hoc
1490 308 1549 335 solo
1562 308 1635 343 quod
1651 308 1679 335 in

893 349 953 384 ejus
969 353 1063 377 natura
1079 351 1148 378 ratio
1165 351 1246 385 inest,
1260 359 1369 380 omnem
1384 352 1547 380 rationalem
1563 352 1680 380 faculta-

893 399 946 422 tem
965 395 1072 423 indidit.
1092 396 1366 432 thuemadmodum
1381 397 1409 424 in
1425 398 1561 426 sentiendi
1574 398 1679 426 instru-

893 443 992 470 mentis
1010 443 1167 470 facultatem
1188 443 1223 471 ab
1237 451 1270 471 co
1285 444 1333 480 qui
1355 444 1433 471 ﬁnxit
1456 444 1578 477 oculum,
1598 449 1626 472 et
1644 445 1679 472 ab

891 495 924 514 eo
939 488 985 522 qui
1002 488 1135 523 plantavit
1150 496 1243 516 aurem
1256 489 1285 516 in
1300 493 1400 516 natura
1414 489 1558 523 habentes,
1571 490 1678 524 abipsis

892 534 926 561 ad
944 534 1018 569 quod
1035 535 1282 563 instrumentorum
1303 535 1440 564 sentiendi
1462 535 1681 571 unumquodque

892 585 988 607 natura
1006 583 1194 616 comparatum
1207 584 1260 614 est,
1278 581 1312 608 ad
1330 581 1382 609 hoc
1396 581 1439 610 usi
1460 589 1566 615 sumus,
1589 589 1678 616 neque

891 633 1002 660 egemus
1032 633 1065 653 eo
1092 627 1137 662 qui
1157 627 1265 655 colores
1296 627 1430 661 nominet,
1455 634 1572 662 quorum
1601 627 1677 654 visus

891 672 1094 707 perceptionem
1107 672 1190 700 habet
1202 683 1208 700 :
1225 672 1325 701 sumcit
1339 673 1411 701 enim
1427 673 1499 709 quod
1513 673 1611 709 oculus
1623 673 1678 700 sibi

891 718 926 745 sit
940 718 1034 745 talium
1054 718 1204 754 magister:
1221 726 1310 754 neque
1328 726 1422 747 eorum
1435 707 1505 754 qua:
1528 726 1576 754 per
1598 707 1678 745 audi-

889 768 964 797 tum,
984 764 1027 791 vel
1052 772 1101 799 per
1116 768 1244 800 gustum,
1267 765 1310 793 vel
1332 772 1382 801 per
1403 769 1507 792 tactum
1530 764 1675 796 sentimus,

889 809 985 837 alienis
997 809 1029 836 ad
1040 809 1220 844 cognitionem
1229 809 1386 837 doctoribus
1397 809 1560 845 indigemus,
1572 816 1586 836 e
1595 809 1676 836 domo

891 853 1022 881 habentes
1041 855 1175 889 cujusque
1192 861 1285 882 eorum
1303 861 1363 889 quae
1379 862 1427 889 per
1441 861 1551 882 sensum
1565 853 1676 888 ingene-

890 902 986 926 rantur
1002 898 1082 926 nobis
1095 898 1237 933 judicandi
1258 898 1480 926 instrumentum.
1496 898 1543 925 Sic
1558 897 1676 925 dicimus

888 943 970 972 etiam
987 943 1197 972 intellectualem
1214 944 1298 971 animi
1319 943 1476 971 facultatem
1490 943 1571 971 talem
1589 951 1604 970 a
1620 943 1677 971 Deo

888 990 999 1023 factam,
1016 998 1031 1017 a
1047 990 1136 1026 seipsa
1158 995 1286 1018 caeterum
1307 990 1421 1023 moveri,
1447 993 1474 1017 et
1494 989 1528 1017 ad
1544 997 1588 1017 res
1607 996 1674 1016 con-

888 1036 975 1064 tueri:
991 1040 1072 1071 atque
1090 1040 1119 1063 ut
1135 1036 1238 1063 nullam
1253 1035 1444 1064 confusionem
1461 1035 1582 1071 cognitio
1596 1039 1674 1070 pate-

887 1081 1058 1116 retur,veluti
1069 1082 1209 1117 signacula
1219 1082 1354 1117 quaedam,
1369 1085 1448 1109 notas
1460 1088 1521 1116 quae
1530 1088 1578 1115 per
1591 1087 1674 1108 voces

888 1127 963 1160 ﬁunt,
981 1127 1125 1163 cuiquerei
1137 1127 1239 1155 indere.
1252 1127 1310 1155 lloc
1325 1127 1421 1162 dogma
1436 1127 1581 1154 conﬁrmat
1590 1125 1672 1153 eliam

886 1181 1002 1210 magnus
1015 1173 1114 1206 Moses,
1130 1181 1190 1201 cum
1210 1173 1277 1200 dixit
1288 1173 1322 1200 ab
1332 1173 1435 1200 Adamo
1451 1172 1540 1200 brutis
1552 1172 1673 1198 animan-

885 1219 959 1248 tibus
970 1220 1081 1248 nomina
1100 1219 1187 1247 fuisse
1205 1220 1343 1254 imposita,
1359 1219 1399 1246 sic
1420 1218 1543 1246 scribens
1563 1218 1596 1245 ad
1611 1225 1672 1246 ver-

884 1265 949 1292 bum
968 1275 974 1292 :
1003 1265 1034 1292 Et
1059 1265 1184 1300 formavit
1209 1265 1280 1292 Deus
1300 1265 1414 1299 amplius
1439 1271 1471 1291 ea;
1488 1269 1559 1291 terra
1580 1271 1670 1291 omnes

885 1310 981 1336 bestias
999 1310 1067 1344 agri,
1083 1315 1107 1337 et
1124 1310 1213 1336 omnia
1229 1309 1351 1337 volatilia
1365 1309 1433 1342 caeli,
1451 1314 1476 1336 et
1499 1309 1613 1336 adduxit
1633 1309 1670 1335 ad

883 1354 1015 1382 Adamum
1044 1360 1072 1382 ut
1099 1355 1194 1383 videret
1213 1356 1342 1391 quomodo
1372 1365 1402 1383 ea
1430 1360 1593 1390 nuncuparet
1619 1360 1670 1383 εει

883 1408 957 1427 omne
977 1400 1046 1435 quod
1062 1405 1179 1427 uocasset
1194 1400 1313 1428 Adamn:
1334 1402 1452 1428 animam
1463 1401 1600 1433 viventem,
1622 1400 1670 1427 hoc

883 1455 976 1473 nomen
988 1446 1049 1479 ipsi.
1063 1445 1098 1473 Et
1113 1445 1211 1473 indidit
1225 1447 1344 1473 Adamn;
1358 1447 1466 1474 nomina
1477 1446 1667 1478 bestiis-(errat,

881 1497 906 1518 et
917 1491 1045 1526 jumeutis
1058 1496 1082 1518 et
1095 1492 1216 1519 omnibus
1234 1491 1328 1518 belluis
1347 1492 1406 1527 agri
1422 1492 1456 1518 ⁷⁵.

919 1537 972 1566 Sed
993 1537 1099 1565 videtur
1111 1538 1184 1565 velut
1200 1537 1333 1572 quoddam
1354 1538 1491 1565 viscosum
1513 1537 1618 1569 lutum,
1641 1540 1669 1564 et

881 1585 974 1621 gluten
994 1584 1115 1615 habens,
1138 1583 1172 1611 ab
1184 1591 1215 1611 eo
1228 1587 1322 1610 contra
1337 1583 1595 1610 commentationem
1615 1581 1668 1609 elli-

881 1636 955 1658 ctum
967 1634 1150 1658 commentum
1166 1629 1224 1657 sive
1239 1629 1446 1657 deliramentum
1464 1636 1514 1656 nos
1532 1628 1667 1660 detinere,

881 1684 932 1704 nec
955 1677 1044 1703 sinere
1065 1683 1115 1703 nos
1133 1676 1166 1703 ad
1183 1683 1214 1702 ea
1232 1683 1292 1710 qua:
1309 1676 1371 1709 p'us
1397 1675 1524 1702 utilitatis
1541 1674 1668 1701 habitura

881 1723 955 1751 sunt,
969 1719 1132 1755 pertingere.
1144 1719 1285 1752 Quomodo
1304 1719 1376 1747 enim
1391 1719 1454 1754 quis
1478 1719 1552 1746 illam
1567 1719 1666 1746 bonam

880 1769 907 1792 et
926 1769 1082 1792 accuratam
1105 1765 1304 1800 philosophiam
1330 1765 1493 1800 praeteriret,
1520 1765 1547 1791 in
1564 1764 1666 1800 quibus

882 1811 929 1843 ait,
946 1819 999 1838 non
1016 1811 1104 1838 solum
1122 1811 1149 1838 in
1160 1811 1295 1838 creaturis
1312 1809 1358 1837 Del
1372 1809 1600 1845 magniﬁcentiam
1615 1817 1665 1844 ap-

880 1864 987 1892 parere,
1016 1857 1062 1884 sed
1086 1857 1168 1884 etiam
1199 1857 1226 1883 in
1253 1856 1409 1884 nominibus
1432 1855 1479 1883 Dei
1504 1854 1665 1890 sapientiam

879 1901 1073 1934 demonstrari,
1092 1901 1138 1936 qui
1161 1901 1271 1935 proprie
1295 1904 1322 1928 et
1354 1900 1387 1927 ad
1410 1903 1535 1926 naturam
1556 1906 1665 1926 accom-

878 1947 987 1974 modate
1006 1947 1121 1982 singulis
1136 1946 1218 1974 rebus
1234 1946 1268 1973 ab
1281 1947 1341 1980 ipso
1357 1945 1457 1972 creatis
1469 1944 1666 1979 appellationes

879 1992 1002 2028 aptavit?
1020 1992 1083 2020 Haec
1109 1991 1226 2019 fortasse
1242 1999 1303 2018 cum
1328 1991 1355 2018 iu
1377 1990 1518 2026 Cratylum
1543 1989 1671 2017 Platonis.

879 2037 1019 2073 Dialogum
1035 2038 1078 2065 vel
1097 2038 1155 2073 ipse
1178 2037 1329 2069 incidisset,
1347 2036 1388 2064 vel
1412 2044 1444 2064 ex
1464 2036 1555 2070 aliquo
1569 2042 1664 2062 eorum

878 2085 924 2120 qui
939 2085 1064 2120 legerunt
1080 2091 1141 2111 cum
1157 2083 1315 2115 audivisset,
1329 2083 1365 2110 ob
1375 2082 1499 2113 multam,
1515 2085 1544 2109 ut
1556 2081 1664 2115 opinor,

878 2130 1019 2157 notionum
1039 2129 1242 2156 mendicitatem
1260 2128 1318 2155 suis
1335 2127 1414 2162 nugis
1429 2127 1517 2155 assuit
1531 2134 1591 2161 quae
1607 2126 1664 2153 illic

878 2180 941 2204 sunt
957 2179 1131 2211 nugamenta,
1159 2175 1247 2202 simile
1273 2174 1336 2208 quid
1360 2174 1461 2200 facietis
1483 2173 1525 2200 his
1547 2172 1594 2207 qui
1612 2172 1663 2199 ali-

31 2213 152 2239 ὲκάστου
171 2213 224 2240 τῶν
246 2214 395 2249 ὀρεγόντων
422 2215 570 2251 δεχόμενοι,
585 2219 618 2244 ἐκ
645 2220 774 2247 ποικίλων
791 2229 821 2247 τε

883 2225 998 2249 mentum
1022 2229 1055 2248 ex
1083 2220 1258 2247 mendicitate
1282 2220 1333 2246 sibi
1351 2219 1417 2253 ipsis
1443 2221 1605 2253 congerunt.
1628 2217 1664 2245 Ut

31 2258 79 2284 καὶ
97 2258 242 2285 πολυειδῶν
258 2259 307 2294 τὴν
317 2261 420 2295 τροφὴν
432 2262 537 2294 ἑαυτοῖς
547 2263 727 2298 ἐρανίζουσιν·
740 2265 824 2299 οὕτως

30 2306 77 2331 καὶ
92 2305 107 2331 ὁ
130 2304 175 2330 τοῦ
196 2305 326 2340 Εὑνομίου
349 2306 425 2340 λόγος
446 2307 488 2334 διὰ
503 2308 555 2343 τὴν
569 2309 615 2335 τοῦ
632 2309 758 2345 ἀληθινοῦ
776 2312 824 2347 ἆρ-

29 2360 77 2376 του
97 2350 210 2382 πενίαν,
223 2351 272 2383 τὰς
296 2353 462 2388 πανταχόθεν
481 2354 565 2389 ψίχας
580 2356 710 2390 ῥημάτων
730 2366 759 2383 τε
777 2360 824 2385 καὶ

29 2395 176 2430 νοημάτων
193 2396 233 2431 τῷ
261 2396 317 2432 ἰδίῳ
343 2399 509 2434 συνερανίζει
535 2401 618 2436 πόνῳ.
647 2402 702 2428 Καὶ
727 2403 822 2430 τούτου

30 2444 112 2477 χάριν
132 2443 345 2478 περικτυπηοεὶς
359 2446 391 2480 τῇ
403 2445 569 2482 καλλιφωνία
583 2447 632 2481 τῆς
649 2448 821 2485 Πλατωνικῆς

30 2488 146 2520 λέξεως,
169 2488 272 2523 πρέπον
295 2490 380 2517 οἴεται
406 2491 493 2526 δόγμα
519 2493 566 2527 τῆς
589 2494 750 2529 Ἐκκλησίας
772 2496 821 2531 τὴν

28 2534 135 2560 ἐκείνου
152 2533 309 2569 φιλοσοφίαν
323 2537 495 2571 ποιήσασθαι.
509 2538 607 2571 Πόσαις
620 2539 682 2573 γὰρ,
692 2540 751 2566 εἰπέ
763 2549 819 2575 μοι,

29 2581 133 2614 φωναῖς
146 2581 216 2607 κατὰ
232 2580 282 2612 τὰς
299 2582 352 2608 τῶν
369 2582 452 2609 ἐθνῶν
471 2583 600 2620 διαφορὰς
615 2587 630 2620 ἡ
644 2587 689 2612 τοῦ
706 2587 820 2621 στερεώ-

30 2634 116 2658 ματος
131 2626 343 2661 κατονομάζεται
359 2628 446 2660 κτίσις
465 2637 471 2660 ;
494 2629 587 2664 Ἡμεῖς
605 2631 718 2666 οὐρανὸν
742 2633 820 2659 τοῦτο

28 2668 157 2704 λέγομεν,
167 2671 279 2706 Σαμαὶμ
290 2672 304 2698 ὁ
321 2672 456 2708 Ἐϐραῖος,
469 2675 483 2699 ὁ
499 2674 631 2709 Ῥωμαῖος
645 2676 764 2711 Κελοὺμ,
774 2679 819 2704 καὶ

27 2714 117 2746 ἄλλως
130 2716 145 2742 ὁ
160 2715 256 2751 Σύρος.
275 2717 289 2742 ὁ
307 2718 406 2752 Μῆδος,
423 2720 437 2744 ὁ
456 2721 651 2755 Καππαδόκης,
663 2722 677 2747 ὀ
693 2723 819 2757 Μαυρούο

28 2769 97 2794 στος,
109 2762 122 2787 ὁ
138 2762 254 2797 Σκύθης,
267 2764 280 2789 ὁ
296 2763 379 2799 Θρᾲξ,
395 2765 409 2790 ὁ
424 2765 579 2799 Αἰγύπτιος
594 2768 653 2794 οὐδὲ
668 2769 818 2804 ἀριθμῆσαι

65 2850 91 2867 ⁷⁸
108 2850 180 2879 Psal.
195 2861 253 2886 ctu,
269 2853 314 2881 Ἡ.
352 2855 375 2871 ⁷⁸⁵
392 2855 459 2883 Gen.
478 2864 516 2889 In,
536 2857 576 2888 l9,
593 2858 637 2885 ‘20.

873 2269 945 2296 enim
969 2268 1008 2294 illi
1032 2268 1168 2294 modicum
1194 2266 1260 2301 quid
1281 2274 1296 2292 a
1321 2265 1437 2300 singulis
1458 2264 1662 2300 porrigentibus

873 2314 1049 2348 accipientes,
1075 2321 1107 2340 cx
1129 2313 1211 2339 variis
1224 2315 1251 2339 et
1271 2311 1485 2339 multiformibus
1502 2311 1661 2338 alimentum

873 2358 925 2385 sibi
948 2358 1015 2392 ipsis
1038 2360 1195 2391 corrogaut,
1215 2357 1256 2384 sic
1277 2356 1405 2383 Eunomii
1434 2363 1525 2383 sermo
1551 2359 1662 2390 propter

873 2404 927 2431 veri
945 2403 1024 2438 panis
1044 2403 1163 2438 inopiam
1183 2402 1304 2437 undique
1320 2401 1465 2429 verborum
1481 2405 1507 2428 et
1519 2401 1661 2428 notionum

873 2450 959 2476 micas
979 2449 1088 2483 proprio
1106 2448 1190 2475 labori
1210 2452 1347 2483 corrogat,
1366 2447 1505 2482 hujusque
1521 2454 1604 2475 causa
1625 2447 1661 2473 ob

873 2495 1018 2522 Platonica:
1045 2495 1173 2522 dit-tionis
1200 2495 1361 2529 elegantiam
1389 2493 1532 2525 attonitus,
1561 2493 1660 2520 decere

872 2541 999 2576 opinatur
1036 2541 1147 2568 decreta
1172 2540 1303 2568 Ecclesiae
1331 2540 1531 2576 philosophiam
1557 2539 1657 2566 facere.

872 2587 944 2620 Quot
959 2587 1047 2619 enim,
1065 2586 1108 2613 die
1129 2586 1206 2617 mihi,
1226 2587 1339 2614 vocibus
1362 2586 1513 2614 secundum
1538 2584 1659 2620 gentium

872 2632 1039 2659 differentias
1074 2632 1236 2659 ﬁrmamenti
1270 2637 1367 2660 natura
1404 2630 1578 2659 nominatur?
1602 2629 1658 2658 Nos

874 2677 970 2711 (Graeci
979 2677 1115 2712 videlicet)
1125 2677 1238 2713 οὐρανόν
1248 2678 1376 2708 dicimus,
1388 2676 1506 2703 Samaim
1515 2675 1657 2709 Hebraeus,

872 2723 1012 2751 Romanus
1020 2724 1129 2756 cmlum,
1140 2728 1166 2751 et
1177 2725 1254 2751 aliter
1273 2723 1367 2760 Syrus,
1377 2723 1480 2756 Medus,
1499 2722 1656 2758 Cappadox,

875 2770 1037 2804 Maurusios,
1057 2770 1169 2805 Scytha,
1188 2770 1289 2802 Thrax,
1314 2769 1470 2806 Egyptius.
1492 2768 1586 2805 Neque
1602 2777 1656 2797 nuc
