1951 3074
107 113 179 143 1055

671 111 810 141 CONTRA
828 110 1024 147 EUNOMIUM,
1043 114 1109 144 LIB.
1128 115 1185 144 xli.

1662 120 1729 148 1054

103 170 306 206 ἐκλυτωτέρους
332 170 349 206 ἠ
372 170 421 206 τῆς
444 169 527 207 ὀργῆς
556 170 667 204 ἔνδειξις
695 169 831 197 συστέλλει
857 168 897 205 τῷ

953 171 1020 199 modi
1047 178 1255 206 commemorat,
1271 181 1333 209 qua:
1348 177 1444 201 natura
1466 174 1574 210 quidem
1596 183 1648 203 non
1667 181 1732 205 sunt

103 216 194 252 φόσῳ,
213 217 258 244 καὶ
273 217 329 248 τοῖς
344 216 480 252 δεομένοις
501 216 548 243 τοῦ
564 216 614 252 τῆς
632 216 773 252 μετανοίας
783 216 894 251 φαρμά-

103 269 168 294 κου,
186 262 382 297 συμμετανοεῖν
405 261 452 288 ἐπὶ
468 263 499 297 τῇ
521 261 604 297 κακίᾳ
618 261 691 296 λέγει
706 261 751 288 τὸν
774 261 892 297 Κύριον⁶

103 308 161 339 vi;
180 308 203 334 δ’
217 305 249 334 αὖ
264 308 292 333 ὲν
310 306 472 342 εὐπραγίαις
494 307 548 333 τισὶ
569 307 637 342 πρὸς
655 307 733 342 ὕϐριν
746 306 895 341 ἐκφερομέ-

104 361 173 384 νοις,
191 353 222 379 τὸ
240 353 276 388 μὴ
297 352 465 387 παραμένειν
481 353 571 384 αὐτοῖς
589 353 638 389 τὴν
659 353 818 389 εὐημερίαν,
843 352 895 379 κᾶν

104 399 139 425 ἐκ
163 397 231 424 Θεοῦ
254 397 284 424 τὸ
306 397 425 425 τοιοῦτον
449 395 518 425 εἶναι
542 398 618 433 δοκῇ,
643 398 688 424 διὰ
708 398 756 433 τῆς
779 397 825 424 ἐπὶ
848 396 894 424 τοῦ

105 442 195 470 Σαοὺλ
208 442 389 477 μεταμελείας
405 442 586 477 προδείκνυσι.
604 442 667 473 Τοῖς
680 450 710 468 τε
726 442 762 477 μὴ
776 441 896 476 ἐμϐαθύ-

104 496 183 514 νουσι
204 487 243 523 τῷ
258 487 384 523 πώματι
403 489 453 523 τῆς
469 488 616 524 ἁμαρτίας,
637 487 706 514 ἀλλὰ
729 487 852 522 καθάπερ
866 486 895 519 ἐξ

106 533 194 559 ὕπνου
212 533 283 565 τινος
297 533 344 560 τοῦ
366 534 480 568 ματαίου
502 533 670 566 διαναστᾶσι,
688 532 895 559 συνανίστασθαι

104 579 154 606 τὸν
180 579 245 606 Θεὸν
272 579 318 606 καὶ
344 579 588 613 συναφυπνίζεσθαι
613 578 704 613 λέγει·
735 578 845 605 ἑστάναι
866 578 895 607 δὲ

104 626 165 657 τοῖς
180 625 295 656 ἀκλινῶς
312 625 358 651 ἐπὶ
371 624 418 651 τοῦ
432 625 514 652 καλοῦ
526 625 663 660 βεϐηκόσι,
679 625 726 652 καὶ
735 624 896 656 καθέζεσθαι

104 673 165 703 τοῖς
190 673 218 698 ἐν
242 671 281 706 τῷ
309 671 383 706 καλῷ
408 671 631 707 καθιδρυμένοις·
657 670 790 698 κινεῖσθαι
816 670 839 697 δ’
861 667 895 697 αὖ

106 718 190 745 πάλιν
211 718 257 744 καὶ
273 719 434 753 περιπατεῖν
455 717 500 743 ἐπὶ
516 717 570 744 τῶν
595 716 828 753 μετακινηθέντων
843 717 896 744 ἀπὸ

105 763 160 799 τῆς
181 765 211 790 ὲν
233 763 272 799 τῷ
290 763 364 799 καλῷ
379 763 552 799 παγιότητος.
580 763 623 795 Ὠς
645 764 691 790 ἐπὶ
706 763 753 790 τοῦ
778 764 862 799 Ἀδὰμ
878 764 895 798 ἡ

108 810 217 845 ἱστορία
242 809 351 843 διέξεισι
382 810 584 845 περιπατοῦντα
610 811 641 837 τὸ
665 811 777 837 δειλινὸν
801 811 830 837 ἐν
858 810 896 845 τῷ

107 855 267 890 παραδείσῳ
288 855 333 881 τὸν
351 855 416 881 Θεὸν
440 855 638 890 διαγράφουσα,
657 856 696 890 τῷ
722 856 771 891 μὲν
791 855 897 891 δειλινῷ

108 901 180 936 πρὸς
196 901 231 927 τὰ
246 901 370 927 σκοτεινὰ
393 901 439 928 τοῦ
470 901 682 936 πρωτοπλάστου
698 901 783 938 ῥοπὴν
803 902 898 937 διαση-

109 944 255 979 μαίνουσα,
279 945 312 980 τῇ
333 944 361 971 δὲ
387 946 491 979 κινήσει
515 945 545 972 τὸ
560 946 664 980 ἀπαγὲς
683 945 730 973 τοῦ
755 946 898 982 ἀνθρώπου

108 990 176 1025 περὶ
190 989 220 1016 τὸ
238 989 319 1016 καλὸν
335 990 382 1016 καὶ
400 990 430 1017 τὸ
445 991 571 1018 ἄστατον.

153 1035 232 1074 ’ᾼλλὰ
255 1035 341 1062 ταῦτα
360 1035 409 1070 μὲν
423 1037 479 1068 τοῖς
494 1036 600 1069 πολλοῖς
623 1037 764 1073 πόρῤωοεν
785 1038 849 1070 ἴσως
861 1038 899 1072 ὡς

107 1081 180 1116 πρὸς
204 1081 253 1116 τὴν
283 1081 459 1117 προτεθεῖσαν
490 1083 555 1117 ήμῖν
581 1082 697 1118 θεωρίαν
721 1082 790 1110 εἶναι
817 1084 897 1118 δόξει.

115 1127 221 1153 Ἐκεῖνο
234 1126 262 1152 δὲ
278 1127 327 1152 οὐκ
343 1126 375 1153 ἄν
392 1135 434 1158 τις
458 1127 572 1162 ἀπᾴδειν
596 1127 666 1154 εἴποι
680 1127 727 1154 τοῦ
754 1129 900 1164 προκειμέ-

107 1181 170 1203 νου,
193 1173 235 1199 ὅτι
256 1171 346 1199 πολλοὶ
371 1172 402 1198 τὸ
419 1173 524 1204 ἑαυτοῖς
539 1173 668 1208 ἄληπτον,
691 1173 750 1200 οὐδὲ
772 1174 831 1209 Θεῷ
853 1174 900 1211 λη-

108 1218 180 1246 πτὸν
205 1216 274 1245 εἶναι
298 1218 471 1254 νομίζουσιν,
498 1219 545 1246 καὶ
570 1220 637 1255 ὅπερ
659 1219 693 1247 ἂν
718 1220 824 1256 ἐκφύγῃ
851 1221 900 1256 τὴν

110 1263 220 1291 ἑαυτῶν
242 1263 414 1298 κατανόησιν,
444 1265 634 1300 περισσότερον
658 1263 727 1292 εἶναι
750 1266 829 1293 ’τοῦτο
853 1267 900 1294 καὶ

109 1310 165 1344 τῆς
192 1311 265 1342 θείας
292 1310 433 1345 δυνάμεως
459 1310 568 1338 οἴονται.
602 1311 710 1347 Ἐπειδὴ
740 1312 828 1339 τοίνυν
853 1313 900 1339 καὶ

112 1356 202 1383 ποσοῦ
242 1356 339 1393 μέτρον
377 1358 456 1391 ἡμεῖς
484 1356 529 1382 τὸν
561 1356 676 1392 ἀριθμὸν
711 1358 898 1393 πεποιήμεθω

107 1402 124 1428 ὁ
150 1402 179 1428 δὲ
201 1401 316 1437 ἀριθμὸς
351 1402 426 1428 οὐδὲν
454 1401 547 1437 ἕτερον
574 1402 590 1437 ἢ
623 1402 747 1435 σύνθεσις
780 1404 900 1439 μονάδων

108 1447 182 1479 ἐστὶ,
201 1447 328 1478 ποικίλως
357 1448 404 1482 τῆς
429 1447 539 1482 μονάδος
564 1448 604 1479 είς
627 1448 728 1483 πλῆθος
752 1448 902 1484 ὲπαυξομέ-

108 1502 180 1528 γης·
214 1493 296 1528 μονὰς
321 1493 372 1528 γὰρ
402 1493 481 1528 καὶὴ
502 1493 582 1524 δεκὰς
608 1493 679 1520 κατὰ
704 1493 827 1520 σύνθεσιν
851 1502 899 1529 μο-

108 1540 199 1567 νάδων
225 1540 293 1575 πρδς
321 1539 398 1565 τοῦτο
422 1539 624 1573 περαιουμένη,
655 1539 739 1574 μονὰς
772 1539 852 1566 πάλιν
882 1541 898 1574 ἠ
917 1539 948 1548 ”

110 1585 261 1617 ἑκατοντὰς
283 1586 315 1611 ὲκ
339 1585 458 1611 δεκάδων
483 1584 669 1620 συντιθεμένη.
694 1585 830 1616 Ὡσαύτως
854 1585 901 1612 καὶ

109 1633 129 1667 ἡ
148 1631 236 1667 χιλιὰς
250 1631 316 1666 ἄλλη
338 1630 431 1665 μονὰς.
464 1630 512 1657 καὶ
532 1631 549 1665 ἡ
579 1629 678 1665 μυριὰς
703 1630 812 1665 ὁμοίως,
834 1631 901 1657 ἀνα-

108 1677 200 1711 λόγως
224 1677 255 1703 ὲκ
282 1675 548 1711 πολλαπλασιασμοῇ
578 1676 595 1710 ἡ
630 1675 680 1710 μὲν
699 1676 732 1701 ἐκ
764 1675 900 1710 χιλιάδων,

109 1724 130 1758 ἡ
153 1723 182 1748 δὲ
202 1723 232 1754 ἐξ
259 1722 443 1749 ἐκατοντάδων
470 1721 539 1757 πρὸς
566 1720 644 1747 τοῦτο
673 1721 901 1757 κεφαλαιουμένη,

110 1768 186 1804 ὑπὲρ
210 1768 316 1795 ἅπαντα
341 1769 395 1799 τοῖς
418 1767 604 1802 ὑποκειμένοις
626 1766 835 1802 περιορίζοντες,
854 1776 903 1802 ση-

112 1815 180 1850 μεῖα
193 1813 243 1848 τῆς
260 1812 407 1848 ποσότητος
422 1812 475 1839 τῶν
499 1811 706 1847 ἀριθμουμένων
732 1812 904 1847 πραγμάτων

112 1851 275 1896 ποιούμεθα.
312 1860 355 1891 Ὡς
381 1859 413 1886 ἂν
443 1857 489 1886 οὖν
515 1859 723 1894 παιδευθείημεν
753 1859 829 1894 παρὰ
855 1859 905 1893 τῆς

112 1907 191 1938 Θείας
215 1906 327 1941 Γραφῆς
347 1905 377 1932 τὸ
403 1905 485 1941 μηδὲν
511 1905 648 1939 ἄγνωστον
673 1903 742 1931 εῖναι
770 1905 808 1940 τῷ
834 1904 904 1939 Θεῷ,

113 1951 323 1989 ἐξαριθμεῖσθαι
347 1953 410 1988 παρ’
435 1951 516 1979 αὑτοῦ
531 1952 604 1986 λέγει
616 1951 662 1978 τοῦ
679 1951 746 1978 Θεοῦ
760 1951 790 1978 τὸ
805 1950 906 1985 πλῆθος

111 1998 170 2025 τῶν
194 1999 311 2033 ἄστρων,
333 1998 363 2024 οὺ
383 1998 427 2024 τὸν
447 1998 545 2033 τρόπον
569 1997 662 2024 τοῦτον
689 1997 834 2032 γινομένης
857 1997 907 2032 τῆς

113 2045 304 2080 ἀριθμήσεως.
323 2045 370 2075 Τίς
385 2043 439 2080 γὰρ
461 2044 546 2074 οὕτως
561 2043 661 2079 εὐήθης
674 2043 712 2075 ὡς
735 2043 774 2079 τῷ
787 2043 907 2079 περιττῷ

113 2091 164 2118 καὶ
180 2091 267 2125 ἀρτίῳ
288 2089 334 2116 τὸν
352 2089 419 2116 Θεὸν
441 2089 544 2116 οἴεσθαι
567 2089 760 2124 διαλαμϐάνειν
781 2089 815 2115 τὰ
832 2089 905 2121 ὅντα,

946 217 972 244 in
1000 217 1066 252 Deo,
1095 219 1128 246 ad
1146 219 1379 254 dispensationem
1396 225 1487 248 autem
1502 229 1596 249 eorum
1612 225 1657 257 qui
1672 231 1732 251 ein-

945 263 1057 290 diuntur
1078 271 1132 291 non
1155 269 1220 292 sunt
1246 265 1363 293 inutilia.
1391 266 1458 294 Nam
1477 267 1669 296 dissolutiores
1685 269 1732 296 ira

945 309 1076 336 iudicatio
1096 314 1169 338 metu
1195 308 1342 344 contrahit,
1358 317 1384 339 et
1403 312 1570 348 paenitentiae
1584 313 1731 348 pharmaco

947 355 1133 390 indigentibus
1161 355 1228 384 dicit
1254 356 1396 385 Dominum
1420 359 1455 386 ob
1483 363 1625 394 peccatum
1649 360 1731 387 etiam

946 400 1026 428 simul
1041 401 1192 436 pmnitere;
1210 401 1256 436 qui
1278 408 1367 429 autem
1379 404 1518 438 prosperis
1530 405 1611 432 rebus
1629 405 1732 432 insole—

947 451 1026 474 scunt
1050 451 1077 474 et
1095 447 1262 479 elferuntur,
1279 449 1486 482 prosperitatem
1501 457 1555 476 non
1572 449 1611 477 eis
1626 458 1732 485 perma-

946 500 1021 525 nere,
1035 493 1141 520 tametsi
1154 501 1186 520 ex
1202 493 1256 520 Deo
1268 501 1329 521 esse
1340 494 1476 527 videatur,
1487 503 1535 530 per
1545 498 1732 530 paenitentiam

947 545 1029 572 super
1048 538 1128 565 Saule
1148 538 1278 566 ostendit.
1297 537 1330 564 Et
1343 538 1385 566 eis
1404 539 1449 573 qui
1466 546 1520 565 non
1536 539 1651 567 demersi
1669 545 1732 567 sunt

947 584 974 610 in
991 583 1129 618 profundo
1145 583 1221 618 lapsu
1238 585 1353 618 peccati,
1380 583 1428 611 sed
1445 587 1574 618 tanquam
1588 592 1619 611 ex
1636 593 1732 612 somno

947 630 1064 664 quodam
1091 637 1166 657 vanae
1191 631 1254 657 vitae
1277 636 1441 664 exsurgunt,
1468 629 1551 656 Deum
1579 630 1645 657 dicit
1667 637 1732 656 con-

947 683 1060 712 surgere
1089 680 1115 703 et
1144 676 1224 703 simul
1249 676 1425 711 expergisci:
1452 680 1526 702 stare
1554 676 1588 704 iis
1620 677 1665 711 qui
1697 676 1731 703 ad

947 721 1048 749 bonum
1069 722 1208 749 stabiliter
1224 722 1419 754 ascenderunt,
1439 726 1466 748 et
1486 721 1579 748 sedere
1594 722 1627 749 iis
1645 722 1691 755 qui
1707 722 1733 748 in

948 767 1020 795 bono
1048 768 1174 794 collocati
1200 772 1284 798 sunt;
1312 768 1415 795 moveri
1445 772 1540 795 contra
1555 771 1581 794 et
1596 767 1735 794 ambulare

948 812 976 840 in
1004 813 1047 840 his
1074 814 1121 847 qui
1147 821 1161 839 a
1190 813 1318 840 firmitate
1345 821 1405 847 quae
1427 816 1469 839 est
1497 812 1524 838 in
1550 811 1622 838 bono
1639 811 1734 838 dimoti

950 863 1025 887 sunt.
1045 857 1081 885 Ut
1107 859 1133 886 in
1157 858 1263 885 Adamo
1278 858 1394 885 historia
1420 861 1530 885 enarrat
1552 857 1573 872 ⁸¹
1594 856 1676 884 Deum
1689 856 1735 884 de-

949 905 1073 932 scribens
1086 904 1305 931 deambulantem
1320 904 1352 930 ad
1365 911 1493 931 occasum
1508 908 1569 938 post
1582 903 1733 934 meridiem,

948 958 998 986 per
1023 958 1152 978 occasum
1187 951 1220 978 ad
1252 951 1397 978 tenebrOSa
1425 950 1585 985 ptoloplasli
1618 949 1735 976 hominis

950 995 1055 1030 lapsum
1084 997 1256 1031 significans,
1282 1004 1331 1032 per
1355 1001 1457 1023 motum
1488 1003 1552 1022 vero
1572 995 1690 1022 hominis
1707 995 1735 1022 in

949 1041 1021 1069 liono
1047 1042 1230 1070 infirmitatem
1248 1047 1274 1070 et
1291 1043 1508 1070 inslabilitatem.

987 1087 1039 1115 Sed
1053 1088 1109 1116 haec
1123 1089 1217 1116 multis
1232 1089 1340 1124 longius
1363 1089 1479 1116 fortasse
1496 1089 1663 1116 videbuntur
1674 1097 1736 1117 esse

950 1134 1082 1168 producta
1094 1142 1175 1169 quam
1190 1136 1328 1170 proposita
1342 1135 1535 1169 contemplatio
1552 1135 1652 1170 exigat.
1667 1135 1735 1164 Illud

950 1183 1040 1206 autem
1070 1180 1162 1207 nullus
1188 1187 1203 1206 a
1227 1187 1256 1206 re
1281 1179 1422 1215 proposita
1446 1180 1601 1214 discrepare
1626 1180 1734 1212 dixerit,

951 1226 1024 1261 quod
1051 1226 1173 1262 plerique
1191 1226 1349 1254 existiment
1374 1226 1445 1259 quod
1464 1225 1515 1252 silvi
1540 1226 1607 1260 ipsis
1633 1231 1675 1253 est
1695 1227 1736 1253 in-

950 1271 1196 1306 compreliensibile
1217 1279 1304 1306 neque
1325 1278 1338 1297 ιι
1363 1270 1418 1298 Deo
1434 1271 1626 1305 comprehendi
1646 1279 1736 1306 posse,

950 1321 977 1344 et
1001 1317 1075 1352 quod
1096 1317 1207 1350 quidem
1222 1316 1347 1351 etiugerit
1369 1323 1445 1343 suam
1467 1317 1588 1350 ipsorum
1605 1317 1738 1351 cognitio.

950 1371 1025 1394 nem,
1050 1363 1102 1390 hoc
1124 1363 1336 1397 exsuperantius
1354 1362 1445 1389 divina
1468 1363 1586 1397 potentia
1610 1371 1671 1390 esse
1688 1371 1738 1398 pu-

951 1410 1019 1434 tent.
1044 1407 1178 1439 Quoniam
1206 1406 1290 1441 igitur
1318 1414 1369 1434 nos
1389 1407 1484 1441 quanti
1515 1415 1670 1434 mensuram
1691 1416 1739 1435 nu-

952 1457 1057 1475 merum
1078 1449 1211 1483 fecimus;
1228 1457 1360 1477 numerus
1375 1455 1464 1477 autem
1483 1451 1549 1477 nihil
1565 1451 1637 1478 aliud
1656 1459 1737 1486 quam

952 1497 1086 1522 unitatum
1101 1496 1264 1530 compositio
1279 1499 1331 1528 est,
1349 1503 1411 1522 cum
1427 1497 1500 1523 varie
1514 1497 1604 1524 unitas
1622 1497 1648 1524 in
1669 1497 1738 1524 mul-

952 1540 1095 1568 titudinem
1124 1545 1266 1569 excrescat
1289 1551 1295 1568 ε
1321 1542 1411 1568 unitas
1439 1543 1511 1569 enim
1537 1547 1563 1569 et
1586 1542 1668 1570 (ιρι-οδ
1692 1550 1739 1577 per

952 1588 1176 1621 compositionem
1201 1588 1334 1614 imitatum
1352 1587 1385 1614 ad
1403 1588 1453 1614 hoc
1466 1588 1651 1622 progrediens,
1669 1589 1732 1615 uni-

953 1637 994 1659 tas
1020 1640 1116 1659 rursus
1129 1633 1252 1659 centuria
1265 1639 1326 1667 qua:
1343 1640 1375 1659 ex
1391 1632 1510 1659 denariis
1524 1633 1645 1660 numeris
1659 1641 1735 1659 com-

952 1677 1072 1711 ponitur.
1098 1677 1230 1704 Similiter
1249 1683 1275 1705 et
1290 1678 1386 1704 chilias
1402 1677 1453 1704 alia
1472 1677 1574 1709 unitas,
1593 1681 1619 1704 et
1639 1678 1739 1713 myrias

953 1723 1065 1757 pariter,
1085 1723 1262 1758 proportione
1287 1723 1379 1749 habita
1393 1730 1426 1750 ex
1454 1723 1739 1757 multiplicationibus,

955 1767 999 1793 illa
1012 1767 1122 1801 quidem
1138 1775 1171 1794 ex
1190 1767 1366 1800 chiliadibus,
1381 1767 1439 1793 hinc
1458 1774 1520 1794 vero
1538 1775 1597 1802 qua:
1610 1768 1741 1795 centuriis

955 1813 1111 1839 summatim
1141 1813 1287 1846 colligitur,
1323 1820 1405 1847 super
1431 1813 1522 1839 omnia
1549 1813 1582 1840 de
1608 1813 1739 1847 subjectis

955 1858 1127 1890 definientes,
1157 1858 1233 1893 signa
1258 1858 1419 1892 quantitatis
1448 1866 1538 1885 rerum
1559 1866 1618 1893 quae
1642 1867 1740 1886 nume-

955 1909 1052 1931 rantur
1067 1904 1191 1931 faciinus.
1215 1903 1249 1930 Ut
1266 1904 1347 1938 igitur
1364 1912 1377 1930 a
1391 1903 1481 1930 divina
1504 1903 1644 1938 Scriptura
1661 1905 1741 1931 insli-

956 1951 1006 1979 tuti
1025 1957 1158 1982 essemus,
1180 1949 1246 1976 nihil
1272 1949 1324 1976 Deo
1341 1949 1507 1983 incognitum
1529 1956 1599 1979 esse,
1627 1949 1661 1975 ab
1682 1949 1741 1983 ipso

957 1996 1022 2024 dicit
1045 1996 1187 2023 stellarum
1215 1995 1415 2023 multitudinem
1449 1995 1599 2026 numerari,
1626 2002 1679 2021 non
1709 1995 1743 2023 all

958 2042 1030 2069 hunc
1059 2042 1170 2069 modum
1188 2041 1388 2068 numerationis
1407 2048 1467 2075 qum
1482 2040 1509 2066 fit
1535 2048 1548 2066 a
1567 2040 1657 2068 nobis.
1676 2041 1743 2073 Quis

956 2089 1030 2116 enim
1057 2089 1093 2114 ita
1119 2087 1235 2115 stolidus
1253 2091 1280 2113 et
1305 2087 1417 2121 simplex
1443 2086 1489 2120 qui
1517 2085 1600 2112 Deum
1628 2093 1743 2113 numero

115 2136 164 2163 καὶ
179 2136 224 2162 διὰ
237 2135 288 2170 τῆς
308 2135 362 2161 τῶν
383 2135 502 2170 μονάδων
516 2134 674 2166 συνθέσεως,
691 2135 758 2169 πρὸς
777 2135 808 2160 τὸ
824 2134 901 2168 κεφά-

960 2133 1056 2168 impari
1075 2136 1102 2160 et
1115 2132 1174 2167 pari
1191 2139 1223 2158 ea
1238 2139 1298 2166 quae
1320 2135 1383 2158 sunt
1400 2130 1629 2165 comprehendere
1657 2134 1744 2165 putet,

115 2182 192 2208 λαιον
209 2182 259 2216 τῆς
275 2180 470 2216 ἁθροιζομένης
490 2180 636 2216 ποσότητος
648 2180 693 2206 τὸν
709 2180 824 2216 ἀριθμὸν
839 2189 908 2215 συμ-

115 2226 278 2261 περαίνειν;
300 2226 369 2252 Ἀλλ’
393 2225 485 2260 ἐπειδὴ
507 2226 535 2251 ὲν
549 2226 612 2260 ἡμῖν
627 2226 644 2260 ὴ
667 2225 782 2261 ἀκριϐὴς
798 2225 846 2252 τοῦ
860 2235 909 2252 πο-

117 2272 168 2298 σοῦ
189 2271 291 2306 γνῶσις
307 2273 339 2297 ὲκ
358 2270 405 2297 τοῦ
421 2270 534 2306 ἀριθμοῦ
550 2270 665 2304 γίνεται,
681 2270 718 2302 ὡς
732 2271 764 2297 ἂν
783 2271 830 2297 καὶ
845 2271 909 2305 περὶ

115 2318 165 2345 τοῦ
186 2318 254 2345 θεοῦ
281 2317 500 2353 παιδευθείημεν,
525 2318 567 2344 ὅτι
588 2317 676 2343 πάντα
696 2318 728 2352 τῇ
745 2317 843 2351 γνώσει
859 2318 909 2352 τῆς

117 2365 217 2399 σοφίας
241 2365 323 2391 αὐτοῦ
337 2365 528 2400 περιείληπται
552 2365 599 2391 καὶ
621 2364 695 2390 οὐδὲν
710 2364 838 2398 ἐκφεύγει
861 2363 910 2399 τὴν

118 2411 223 2446 ἀκριϐῆ
238 2411 411 2446 κατανόησιν,
432 2410 526 2436 τούτου
541 2410 619 2445 χάριν
633 2410 758 2445 ἀριθμεῖν
774 2409 808 2435 τὰ
821 2410 909 2444 ἄστρα

117 2457 165 2483 τὸν
181 2456 247 2482 Θεὸν
265 2456 421 2491 διωρίσατο,
452 2455 540 2487 τοῦτο,
552 2455 584 2481 δι’
599 2452 635 2482 ὧν
650 2456 733 2489 λέγει,
754 2456 823 2481 νοεῖν
845 2463 909 2489 συμ-

119 2501 267 2533 ϐουλεύων,
286 2501 322 2536 μὴ
338 2501 407 2528 κατὰ
424 2501 453 2528 τὸ
466 2501 564 2537 μέτρον
583 2501 613 2528 τὸ
626 2502 676 2536 τῆς
694 2501 831 2536 ἡμετέρας
843 2501 912 2535 γνώ-

120 2555 192 2578 σεως
217 2545 309 2572 καὶτὸ
325 2546 400 2572 Θείον
424 2546 526 2573 οἴεσθαι
552 2545 605 2572 τῶν
627 2546 711 2572 ὄντων
732 2545 910 2580 ἐφάπτεσθαι,

119 2592 191 2620 ἀλλὰ
207 2592 241 2618 τὰ
256 2594 322 2627 ἡμῖν
337 2592 444 2627 ἆληπτα
459 2593 505 2619 καὶ
521 2593 682 2627 ἀνεπινόητα
695 2592 782 2619 πάντα
797 2593 829 2628 τῇ
842 2591 911 2626 γνώ-

121 2647 165 2665 σει
187 2639 237 2674 τῆς
262 2638 337 2670 θείας
367 2638 462 2673 σοφίας
486 2639 738 2674 ἐμπεριείργεσθαι.
769 2639 829 2666 Τῶν
858 2639 911 2674 γὰρ

121 2684 232 2719 ἄστρων
259 2684 303 2710 διὰ
327 2686 357 2711 τὸ
380 2684 481 2720 πλῆθος
502 2685 688 2719 ὲκφευγὸντων
714 2685 758 2711 τὸν
785 2685 910 2720 ἀριθμὸν,

130 2729 137 2741 1*

122 2730 161 2761 ὡς
182 2730 250 2765 πρὸς
267 2730 440 2766 ἀνθρωπίνην
462 2731 592 2764 ἐπίνοιαν,
610 2731 663 2758 ἀπὸ
690 2730 789 2766 μέρους
813 2731 843 2757 τὺ
860 2731 912 2757 πᾶν

166 2824 186 2837 π’
205 2817 273 2847 Gen.
290 2826 335 2852 ιιι,
353 2819 377 2846 8.

960 2184 987 2207 et
1004 2188 1050 2214 per
1066 2179 1201 2206 unitatum
1217 2177 1441 2212 compositionem
1459 2177 1491 2204 ad
1510 2184 1642 2204 summam
1659 2185 1743 2211 quan—

961 2226 1047 2252 titatis
1063 2229 1195 2251 acervata!
1210 2231 1354 2251 numerum
1368 2223 1538 2257 complecti?
1551 2222 1603 2249 Sed
1615 2223 1743 2256 quoniam

961 2271 987 2297 in
1009 2271 1088 2298 nobis
1110 2274 1206 2297 exacta
1224 2270 1317 2304 quanti
1335 2269 1454 2304 cognitio
1473 2276 1505 2295 ex
1528 2276 1640 2295 numero
1655 2269 1693 2300 lii,
1716 2272 1744 2294 ιιι

959 2318 993 2345 de
1018 2318 1071 2344 Deo
1089 2317 1215 2344 instructi
1235 2324 1370 2347 essemus,
1397 2315 1468 2350 quod
1484 2315 1575 2342 omnia
1592 2315 1747 2350 cognitione

961 2364 1049 2399 ipsius
1074 2363 1215 2397 sapientiae
1240 2362 1436 2396 comprehensa
1455 2365 1519 2388 sunt
1544 2361 1668 2395 nihilque
1688 2361 1747 2395 ejus

962 2412 1116 2436 accuratam
1140 2408 1231 2442 effugit
1250 2407 1442 2442 cognitionem,
1463 2406 1544 2440 hujus
1561 2407 1648 2441 gratia
1664 2406 1747 2433 Deum

961 2459 1036 2482 astra
1057 2461 1201 2481 munerare
1221 2452 1343 2479 delinivit
1362 2459 1410 2486 per
1427 2458 1457 2477 ea
1474 2458 1533 2485 qua:
1548 2451 1615 2477 dicit
1639 2451 1689 2477 hoc
1706 2451 1747 2476 iii-

962 2501 1085 2536 telligere
1106 2500 1265 2530 consulens,
1281 2506 1335 2525 non
1356 2498 1390 2525 ad
1412 2504 1568 2524 mensuram
1590 2500 1689 2523 nostra
1701 2504 1749 2523 (ἷοΊ

963 2546 1094 2582 gnitionis
1111 2546 1194 2572 Deum
1212 2543 1318 2579 opinari
1338 2551 1369 2570 ea
1385 2550 1445 2577 qua:
1460 2547 1524 2569 sunt
1545 2541 1688 2576 attingere,
1701 2541 1749 2568 sed

965 2600 1026 2627 quae
1052 2591 1131 2618 nobis
1157 2590 1394 2625 incomprehensa,
1417 2596 1466 2615 nec
1493 2587 1640 2618 intellecta,
1659 2586 1750 2613 omnia

965 2639 1065 2666 divinae
1084 2637 1225 2672 sapientia:
1252 2635 1405 2670 cognitione
1430 2633 1565 2661 concludi.
1586 2632 1654 2659 Cum
1678 2632 1750 2662 enim

966 2686 1052 2713 stellae
1087 2687 1197 2719 propter
1223 2681 1423 2709 multitudinem
1453 2679 1558 2714 fugiant
1585 2685 1750 2710 numerum,

966 2736 1096 2767 quantum
1125 2730 1156 2758 ad
1180 2730 1324 2756 humanam
1353 2726 1619 2759 commentationem,
1643 2732 1658 2752 a
1675 2728 1752 2761 parto
