1900 3073
22 120 79 150 θοι

578 113 715 141 CONTRA
736 110 935 143 ΕΙΞΝΟΜΞΙΪΜ,
956 110 1019 138 LIB.
1041 110 1095 138 XII.

1565 112 1636 141 {06:2

22 178 58 212 ὴν
74 175 172 212 φύσιν;
197 175 228 202 Εἰ
245 174 293 210 μὲν
310 170 355 200 οὖν
367 171 611 207 ἓπιγεννηματικὴν
627 170 665 205 τῷ
679 169 737 204 Θεῷ
750 169 798 204 τὴν

855 168 909 195 sine
928 168 1026 202 quibus
1045 175 1108 194 vero
1129 166 1281 202 subjectum
1297 171 1387 195 mente
1408 167 1512 204 percipi
1536 173 1634 196 natura

21 222 166 258 ηφθαρσίαν
183 222 198 248 ὁ
220 220 352 255 ἡμέτερος
380 219 454 252 λόγος
476 216 650 252 ἐπρέσϐευεν,
677 215 713 246 ὦς
734 223 798 240 ποτε

21 269 74 304 περὶ
91 267 171 295 αὑτὸν
187 266 223 303 μὴ
237 265 330 296 οὖσαν,
351 265 366 300 ἢ
383 264 420 296 ὼς
435 265 484 290 οὐκ
501 263 632 298 ἐσομένην
651 263 725 293 ποτὲ,
739 270 799 288 και-

21 316 54 341 ηὶν
68 315 104 341 ἂν
120 312 175 348 εἶχε
192 312 277 339 ταῦτα
291 312 336 338 ἐπὶ
348 310 456 344 διαϐολῇ
476 309 535 336 καθ’
554 310 569 343 ἡ
575 309 631 344 μῶν
653 308 751 341 λέγειν.
769 307 799 332 Et

22 362 34 387 ὲ
49 362 98 387 ἀεὶ.
112 359 241 389 ὡσαύτως
253 358 319 393 ἔχει,
335 357 382 383 καὶ
397 357 411 382 ὃ
428 356 473 382 νῦν
489 357 546 382 ἐστι
563 355 675 382 πάντοτε
690 352 758 380 εἶναι
770 353 801 379 τὸ

21 409 89 433 νεῖον
114 407 128 432 ὁ
153 406 286 440 ἡμέτερος
308 403 452 438 διορίζεται
476 402 566 435 λόγος,
596 401 643 427 καὶ
669 399 744 426 οὐδὲν
769 399 801 425 ὲκ

21 451 210 487 παραυξήσεως
235 449 308 483 αὐτῷ
331 456 403 479 τινος
426 448 473 474 καὶ
498 446 655 482 προσθήκης
682 445 735 471 τῶν
762 444 800 479 μὴ

20 498 168 532 τροσόντων
192 494 395 531 προσγίνεσθαι,
413 493 468 520 ἀλλ’
485 493 514 518 ὲν
535 493 614 518 παντὶ
633 490 672 526 τῷ
685 490 756 517 κατὰ
771 489 801 516 τὺ

20 543 114 578 ,γαΘὺν
130 541 265 577 νοουμένῳ
285 540 332 567 καὶ
346 539 485 574 λεγομένῳ
501 538 615 565 πάντοτε
640 536 720 568 εἶναι,
743 536 801 567 πῶς

20 589 44 624 ιὴ
62 587 138 615 κατὰ
155 587 235 621 φύσιν
252 585 326 620 αὐτῷ
341 585 562 620 προσμαρτυρεῖν
584 583 633 619 τὴν
647 581 800 617 ἀφθαρσίαν

22 632 211 668 ιαῆαλλόμεθα
222 641 230 665 ς
253 631 321 658 Ἀλλ’
335 632 367 658 ὲκ
380 631 428 664 τῆς
439 629 699 663 ὑπαναγνωσθείσης
710 626 749 662 τῷ
761 626 801 652 δι-

21 678 138 712 ασκὰλῳ
161 678 265 712 ρήσεως
289 676 338 711 τῆς
360 675 486 710 τοιαύτης
502 675 549 701 τοῦ
573 675 652 708 λόγου
675 673 802 708 διαὸολῆς

21 723 151 758 ῐληφέναι
173 722 222 754 τὰς
248 721 375 757 ἀφορμὰς
400 720 611 756 σχηματίζεται,
636 719 673 751 ὡς
697 721 728 746 ὲκ
752 719 802 755 τῆς

20 769 191 803 ταραθέσεως
216 767 270 795 τῶν
296 767 412 798 αἰώνων,
434 767 473 802 τῷ
497 766 556 801 Θεῷ
578 766 627 802 τὴν
647 765 801 800 ἀφθαρσίαν

19 815 90 850 me)»
104 814 278 850 ποριζόντων.
296 813 328 840 Εἰ
340 813 389 848 μὲν
400 811 446 840 οὖν
459 813 522 848 παρ’
536 812 612 848 ὴμῶν
628 812 658 838 τὸ
669 812 801 847 ἡμέτερον

19 861 94 896 mth
109 860 285 896 προεφέρετο,
303 858 422 890 ὕποπτος
439 858 472 885 ἂν
483 856 516 894 ἦν
527 858 591 890 ἴσως
603 859 642 889 εἰς
654 857 802 891 ἀπολογίαν

19 920 21 929 ι
37 907 132 941 λόγος,
146 906 183 938 ὡς
196 905 244 932 νῦν
258 905 337 940 ἡμῶν
354 904 609 939 ὲπιδιορθουμένων,
627 903 673 930 καὶ
691 902 758 937 πρὸς
772 902 802 928 τὸ

19 953 158 979 meeum
172 951 368 987 μετατιθέντων
378 950 428 982 τὰς
440 949 580 981 ὑπαιτίους
597 949 698 983 φωνάς.
726 948 802 974 Ἐπεὶ

19 999 35 1024 ξε
61 998 141 1033 παρὰ
161 997 207 1024 τοῦ
233 996 331 1032 ἐχθροῦ
354 996 390 1023 τὰ
410 996 532 1031 ἡμέτερα
556 994 663 1029 λέγεται
677 1015 684 1026 ,
707 995 748 1026 τίς
770 993 803 1020 ἂν

20 1044 176 1079 σχυροτέρα
185 1043 289 1078 γένοιτο
299 1043 348 1077 τῆς
361 1042 488 1078 ἀληθείας
503 1041 649 1074 ἀπόδειξις,
661 1040 744 1075 αὐτῆς
754 1040 804 1074 τῆς

19 1089 63 1115 τῶν
91 1089 298 1116 ἀντιδικούντων
317 1089 381 1124 ἡμῖν
408 1087 579 1124 μαρτυρίας;
607 1086 668 1118 Πῶς
688 1086 776 1113 τοίνυν
790 1087 804 1113 ὀ

19 1135 77 1169 παρ’
93 1134 174 1170 ἡμῶν
188 1133 243 1169 ἔχει
263 1133 341 1168 λόγος
356 1133 386 1160 ὃν
400 1133 446 1160 ἐπὶ
470 1133 582 1168 διαϐολῇ
600 1132 802 1168 προχειρίζεται

18 1181 70 1206 ιαθ¹
83 1179 163 1214 ἡμῶν
184 1180 198 1205 ὁ
211 1179 339 1214 Εὑνόμιος
353 1187 360 1211 ;
385 1179 487 1209 Ὅταν,
510 1179 586 1213 φησὶ,
605 1177 665 1210 τοῖς
681 1178 803 1212 ἐπερχο-

19 1226 115 1257 ιένοις
129 1223 215 1250 αἱῶσι
231 1223 284 1250 τὸν
298 1223 375 1249 νοῦν
385 1223 601 1256 ἐπιϐάλλωμεγ,
619 1221 652 1248 τὸ
663 1221 805 1254 ἀόριστον

19 1272 57 1297 Διιι
68 1270 195 1304 ἀπειρον
201 1269 249 1296 καὶ
256 1268 356 1296 οὐδενὶ
363 1268 441 1295 τέλει
449 1267 652 1300 καταληπτὸν,
661 1274 804 1301 προσηγθ

26 1317 164 1350 seraper
173 1312 370 1349 ἄφθαρτον-,Ἃ
375 1322 407 1349 ρα
414 1314 452 1349 τῷ
461 1314 569 1349 πορίσαι
580 1313 610 1339 τδ
622 1312 806 1348 προσαγορεῦ-

18 1371 58 1388 rat
73 1361 172 1388 ταύτὸν
185 1362 199 1388 ὁ
217 1361 346 1396 Εὑνόμιος
357 1360 455 1392 οῖεται;
472 1360 527 1386 Καὶ
538 1360 579 1391 τίς
593 1359 678 1391 οὕτως
690 1359 742 1391 ἔξω
757 1359 804 1385 τοῦ

18 1407 213 1442 ιαθεστηκότος
227 1406 344 1437 ὲστὶνὼς
354 1405 402 1437 τὰς
413 1405 562 1437 ἰδιαζούσας
569 1405 671 1431 τούτων
687 1405 742 1431 τῶν
755 1406 803 1440 ρη-

18 1453 112 1479 ιάτων
127 1453 232 1486 ἀγνοεῖν
248 1451 400 1486 ἑμφάσειςς
428 1451 535 1486 Πορίζει
561 1450 610 1485 μὲν
621 1451 675 1481 γὰρ
690 1451 703 1476 ὁ
720 1450 749 1476 τὸ
768 1450 804 1485 μὴ

852 222 905 240 ιιοιι
922 217 1020 248 potest,
1038 213 1175 248 quomodo
1191 213 1252 248 quis
1269 213 1373 248 culpari
1389 213 1485 248 possit,
1501 218 1530 241 ut
1546 214 1634 249 ipsum

851 267 865 286 a
881 260 970 294 scipsa
986 264 1110 286 naturam
1132 259 1282 293 separatis?
1298 258 1326 286 Si
1343 259 1426 295 igitur
1444 259 1499 288 Deo
1513 261 1636 288 incorru«

852 306 1022 341 ptibilitateut
1039 309 1164 340 agitatam
1181 311 1207 333 et
1223 306 1367 333 ascititiam
1384 310 1477 334 noster
1501 312 1636 335 assereret

852 360 952 385 sermo,
970 357 998 378 ut
1011 359 1071 386 quin
1085 352 1111 378 in
1129 352 1187 386 ipso
1200 360 1252 379 non
1267 353 1413 387 aliquando
1431 352 1538 386 fuisset,
1552 354 1593 380 vel
1608 359 1636 380 nt

853 405 906 425 non
924 398 1071 432 aliquando
1093 397 1184 424 futura
1212 402 1296 430 esset,
1319 398 1375 425 haec
1397 403 1491 426 contra
1515 407 1565 426 nos
1588 407 1637 434 per

852 444 1017 471 calumniam
1039 443 1146 470 dicendi
1164 444 1336 470 Occasionem
1361 443 1482 471 haberet.
1508 444 1586 477 Quod
1612 445 1636 471 si

853 489 947 517 eodem
968 489 1047 516 modo
1065 497 1172 524 semper
1187 497 1217 517 se
1237 489 1328 521 habet,
1343 493 1370 516 et
1400 490 1464 524 quid
1490 497 1563 516 nunc
1594 494 1637 518 est

853 541 960 568 semper
975 541 1034 561 esse
1052 533 1146 565 Deum,
1168 539 1260 561 noster
1275 534 1368 560 deliuit
1392 542 1492 567 sermo,
1515 535 1637 570 nihilque

852 586 884 606 ex
905 579 1075 606 incremento
1089 579 1181 613 aliquo
1196 583 1223 606 et
1236 579 1389 613 adjectione
1404 587 1497 607 eorum
1510 588 1570 614 quae
1582 588 1637 607 non

852 625 946 653 insunt
960 625 982 651 ei
996 625 1132 657 advenire,
1143 625 1189 652 sed
1205 625 1231 652 in
1248 626 1322 652 omni
1338 625 1410 660 quod
1424 626 1571 653 secundum
1590 627 1638 654 bo-

853 679 918 697 nutn
933 671 1095 706 intelligitur
1110 678 1135 699 et
1149 671 1250 698 dicitur
1273 680 1382 707 semper
1406 680 1477 704 esse,
1499 674 1638 708 quomodo

853 724 908 744 non
936 717 1086 744 secundum
1115 722 1242 744 naturam
1269 718 1320 753 ipsi
1351 718 1634 753 incorruptibilitatetn

853 761 1000 789 attribuere
1016 769 1062 796 per
1075 762 1240 790 calumniam
1256 763 1438 790 accusantur?
1456 763 1504 791 sed
1517 772 1550 791 ex
1561 764 1637 799 prius

854 809 967 835 recitata
984 808 1102 836 dictione
1126 809 1247 836 doctoris
1262 817 1416 837 sermonem
1441 811 1478 837 ila
1502 810 1639 838 calumni-

854 854 916 880 andi
936 855 1095 881 occasiones
1107 855 1212 889 cepisse
1226 855 1313 891 lingit,
1326 855 1405 890 quasi
1421 864 1453 883 ex
1469 856 1640 891 appositione

853 900 1027 931 steculurum,
1052 907 1101 927 nos
1122 900 1178 927 Deo
1196 901 1482 936 incorruptibilitatein
1503 903 1638 931 tribucre-

854 953 926 973 mus.
946 946 973 972 Si
991 946 1073 980 igitur
1087 954 1101 973 a
1125 947 1203 974 nobis
1228 952 1352 975 nostrum
1370 948 1472 976 dictum
1501 949 1640 984 proferre-

853 995 907 1024 tur,
926 991 1042 1018 fortasse
1057 991 1089 1018 ad
1102 992 1286 1020 defensionem
1301 998 1445 1028 suspectus
1459 999 1638 1027 essetscrtuo,

854 1040 883 1063 ut
898 1036 943 1071 qui
957 1037 1111 1064 videremur
1123 1038 1278 1070 emendare,
1291 1039 1365 1074 quod
1384 1047 1437 1066 non
1450 1044 1524 1068 recte
1534 1039 1638 1067 dictum

855 1081 960 1113 fuiSset,
976 1086 1002 1109 et
1017 1090 1098 1110 voces
1111 1083 1219 1110 crimini
1243 1083 1378 1112 obnoxias
1402 1084 1572 1112 immutando
1599 1086 1640 1112 in-

854 1128 1003 1162 enlpabiles
1033 1127 1148 1156 edicere.
1179 1129 1232 1156 Sed
1259 1130 1388 1164 quoniam
1420 1131 1455 1158 ab
1482 1131 1640 1158 adversario

855 1178 948 1201 nostra
983 1173 1168 1208 proferuntur,
1195 1183 1319 1209 quamam
1348 1176 1451 1203 ﬁrmior
1473 1185 1534 1204 esse
1558 1181 1640 1212 queat

855 1220 978 1246 veritatis
999 1215 1208 1251 demonstratio,
1225 1227 1307 1255 quam
1323 1216 1541 1248 adversariorum
1563 1223 1640 1249 testi-

855 1266 977 1293 monium
989 1266 1151 1299 ?Quomodo
1166 1266 1248 1301 igitur
1255 1271 1347 1294 noster
1357 1267 1437 1295 habet
1449 1276 1551 1299 sermo,
1560 1276 1640 1303 quem

855 1317 950 1340 contra
970 1321 1020 1340 nos
1046 1313 1072 1340 in
1099 1313 1262 1339 calumniam
1292 1318 1441 1348 pertractat
1466 1315 1641 1343 Eunomius?

855 1358 932 1391 Cum,
959 1359 1063 1393 inquit,
1088 1360 1123 1386 ad
1150 1361 1369 1393 supercminenlia
1401 1361 1499 1388 secula
1529 1367 1641 1389 mentem

855 1404 1026 1436 intendimus,
1047 1404 1115 1440 quod
1135 1410 1174 1431 est
1194 1406 1424 1433 imlelerminatum
1447 1411 1472 1434 et
1493 1407 1639 1442 inﬁnitum,

855 1455 879 1477 ct
904 1451 977 1477 nullo
1001 1451 1051 1485 ﬁne
1079 1451 1302 1485 comprehensum,
1337 1453 1526 1487 appellavimus
1553 1454 1641 1481 incor-

17 1498 117 1533 τροσὺν
139 1497 212 1533 αὑτῷ
237 1497 416 1531 κτησάμενος,
444 1497 639 1532 προσαγορεύε;
661 1496 689 1522 δὲ
706 1495 760 1526 ξεί-ξ

856 1496 987 1531 ruptibile.
1004 1497 1044 1523 An
1058 1497 1180 1524 tribuere
1198 1501 1224 1524 et
1243 1498 1380 1532 appellare
1397 1498 1465 1525 idetn
1488 1504 1563 1533 putat
1584 1499 1640 1526 Eu-

17 1544 192 1580 τημαντικῶς
215 1543 364 1578 ὀνομάζων.
390 1543 451 1575 Πῶς
468 1541 513 1569 οὖν
537 1543 582 1570 ἐπὶ
608 1544 711 1573 τούτοις
726 1542 801 1576 ὁτῆς

17 1589 144 1624 ιληθείας
168 1589 303 1624 φωτιστὴς
325 1589 375 1615 οὐκ
392 1588 556 1623 αἰσχύνεται,
581 1589 609 1614 ὲν
631 1588 755 1623 προδήλῳ
769 1587 802 1622 τῇ

17 1635 181 1670 ῖυκοφαντᾏ
193 1635 241 1670 τὴν
251 1634 375 1670 διαϐολὴν
387 1634 595 1669 συμπεραίνωνς
610 1634 665 1660 Καὶ
679 1634 803 1669 καθάπερ

17 1682 33 1707 ii
52 1681 86 1707 ἐκ
103 1689 175 1712 τινος
192 1680 293 1712 πάθους
316 1680 352 1715 μὴ
371 1680 524 1715 βλέποντες,
539 1681 568 1707 ἐν
584 1680 660 1714 ὕψεσι
674 1680 728 1707 τῶν
744 1681 804 1715 βλε-

17 1727 122 1752 πόντων
138 1726 329 1761 ἀσχημονοῦσι,
347 1726 377 1752 τὸ
400 1727 463 1761 παρ’
488 1725 578 1752 αὐτῶν
602 1727 640 1761 μὴ
654 1725 802 1762 ὁρώμενον,

17 1773 60 1798 (αἱ
86 1772 161 1806 παρὰ
185 1771 239 1797 τῶν
257 1771 432 1805 ὑγιαινόντων
457 1771 610 1805 ἀγνοεῖσθαι
629 1772 782 1806 νομίζοντες
795 1780 802 1788 ⁶

17 1816 135 1846 τοιοῦτόν
147 1829 172 1846 τι
187 1819 318 1846 πέπονθεν
330 1821 343 1846 ὀ
357 1819 502 1856 ὀξυδερκὴς
516 1817 591 1852 οὗτος
605 1822 650 1848 καὶ
662 1822 745 1856 ταχὺς
754 1822 804 1856 τὴν

17 1864 145 1893 ῖεάνοιαν.
160 1864 209 1899 τὴν
226 1864 292 1891 ἰξίαν
315 1865 382 1898 πρὸς
402 1865 451 1897 τὴν
467 1865 594 1899 ἀλήθειαν
610 1865 740 1900 πήρωσιν,
757 1867 803 1893 καὶ

17 1918 40 1934 ;ν
59 1909 120 1938 τοῖς
134 1908 276 1936 ἀκούουσιν
300 1910 394 1936 οἴεται.
413 1909 466 1935 Καὶ
483 1909 523 1941 τίς
535 1909 621 1941 οὕτως
637 1910 748 1944 ἠλίθιος,
766 1910 804 1943 ὡς

17 1952 51 1988 ,ιὴ
78 1953 243 1988 παραθεῖναι
264 1955 298 1989 τῇ
320 1954 427 1990 διαϐολῇ
444 1954 477 1981 τὰ
500 1955 739 1990 συκοφαντούμενα
756 1957 804 1992 ῥή-

17 2008 102 2032 ιατα,
118 1999 164 2026 καὶ
179 2000 211 2026 ὲκ
224 2000 273 2034 τῆς
289 2001 427 2035 ἑκατέρων
440 2001 669 2034 ἀνταναγνώσεως
689 2001 738 2036 τὴν
753 2011 803 2029 κα-

17 2043 148 2078 ιονργίαν
172 2044 219 2070 τοῦ
245 2044 414 2080 λογογράῳου
429 2043 593 2081 ’φωρᾶσθαι;
621 2047 650 2072 '0
672 2047 804 2082 ἡμέτερος

17 2089 94 2123 ιόγος
110 2089 304 2125 προσαγορεύει
321 2090 350 2116 τδ
366 2090 518 2126 ἄφθαρτον,
539 2091 642 2123 ἐκεῖνος
657 2093 804 2128 κατηγορεῖ

17 2135 61 2160 τοῦ
80 2134 131 2169 τὴν
152 2134 305 2170 ἀφθαρσίαν
329 2134 494 2171 πορίζοντος.
521 2136 553 2162 Τί
570 2136 659 2163 κοινὸν
675 2138 757 2172 ἔχειν
766 2138 803 2174 τῷ

858 1542 988 1569 nomius?
1002 1542 1033 1568 Et
1047 1543 1108 1577 quis
1125 1543 1161 1569 ita
1182 1545 1279 1570 mentis
1296 1544 1384 1578 impos
1408 1548 1450 1571 est
1468 1549 1495 1572 ct
1512 1549 1588 1572 extra
1611 1554 1642 1574 se

857 1587 996 1622 depulsus,
1024 1591 1053 1614 ut
1081 1588 1170 1615 claras
1199 1589 1353 1623 peculiares
1372 1589 1468 1616 borum
1495 1591 1641 1619 verborum

857 1634 1072 1669 signiﬁcationes
1087 1634 1324 1669 ignoret?Tribuit
1340 1635 1410 1662 enim
1426 1636 1471 1671 qui
1490 1637 1562 1671 quod
1586 1645 1640 1665 non

857 1681 934 1707 adest
951 1680 1000 1715 ipsi
1027 1680 1188 1714 acquisivit;
1204 1681 1319 1714 appellat
1346 1685 1435 1710 autem
1449 1683 1496 1717 qui
1519 1683 1545 1710 id
1568 1683 1642 1718 quod

856 1730 898 1753 est
917 1726 1103 1761 signiﬁcanter
1125 1726 1258 1752 nominat.
1279 1726 1422 1759 Quomodo
1447 1729 1531 1763 igitur
1546 1729 1572 1756 in
1599 1730 1642 1757 bis

856 1772 980 1799 veritatis
996 1771 1163 1798 illuminator
1185 1779 1238 1798 non
1254 1773 1403 1804 erubeseit,
1421 1773 1448 1800 in
1475 1779 1568 1809 aperta
1593 1775 1643 1802 ob-

858 1817 1020 1843 trectatione
1044 1816 1206 1843 calumniam
1230 1817 1414 1845 concludere?
1437 1818 1476 1845 Ac
1502 1819 1574 1846 velut
1593 1820 1641 1854 qui

857 1870 888 1889 ex
907 1862 999 1897 aliquo
1010 1862 1104 1889 morbo
1122 1869 1176 1888 non
1207 1862 1309 1894 vident,
1331 1863 1358 1890 in
1383 1864 1472 1892 oculis
1492 1865 1641 1892 videntium

857 1907 985 1934 indecere
1014 1914 1043 1934 se
1068 1911 1185 1941 gerunt,
1208 1908 1281 1942 quod
1307 1908 1342 1935 ab
1366 1908 1434 1943 ipsis
1459 1917 1512 1936 non
1537 1909 1641 1936 videtur

856 1952 938 1979 etiam
952 1959 966 1979 a
975 1952 1043 1979 bene
1058 1952 1212 1980 valentibus
1225 1953 1344 1988 ignorari
1357 1958 1501 1988 putantes:
1512 1955 1565 1982 tale
1575 1955 1641 1989 quid

857 2007 908 2026 usu
920 1999 993 2026 venit
1015 1998 1078 2025 huic
1093 2002 1171 2026 acute
1196 2000 1330 2032 cernenti,
1358 1999 1493 2034 celerique
1526 2001 1638 2036 ingenio

858 2043 982 2079 praedito,
1010 2044 1056 2078 qui
1074 2044 1106 2071 ad
1123 2044 1264 2072 veritatem
1292 2046 1448 2077 caecutiens.
1476 2045 1541 2072 illud
1559 2046 1641 2073 etiam

857 2090 953 2116 vitium
982 2089 1157 2117 audientibus
1173 2090 1264 2118 inesse
1292 2090 1439 2118 existimat.
1458 2091 1491 2117 At
1517 2091 1578 2126 quis
1603 2092 1642 2118 ita

857 2134 941 2162 hebes
955 2138 982 2162 et
999 2135 1125 2167 stolidus,
1140 2138 1169 2162 ut
1182 2142 1238 2162 non
1253 2135 1397 2162 calumnia
1408 2140 1524 2170 apponat
1546 2136 1642 2168 verba.

17 2181 129 2216 1ἐγειν;
150 2180 215 2207 Ἀπὸ
227 2180 281 2207 τῶν
304 2181 375 2207 ἰδίων
390 2181 503 2208 ἕκαστον
519 2182 677 2209 εὐθύνεσθαι
690 2183 802 2215 δίκαιον,

856 2189 916 2216 qua:
928 2189 975 2215 per
993 2181 1122 2208 invidiam
1137 2185 1163 2208 et
1172 2181 1397 2208 obtrectationem
1407 2181 1592 2216 proteruntur,
1601 2186 1643 2209 at-

17 2227 64 2252 25x
79 2227 113 2252 ἐκ
133 2226 187 2252 τῶν
200 2226 347 2261 ἀλλοτρίων
363 2227 473 2261 ὑπέχειν
485 2227 533 2258 τὰς
548 2228 673 2263 μέμψεις.
693 2228 760 2255 Νυνὶ
779 2230 806 2256 δὲ

17 2273 167 2307 ιατηγορεί
182 2272 230 2307 μὲν
253 2272 341 2307 ἡμῶν,
358 2266 405 2299 καὶ
427 2274 444 2307 ὴ
467 2273 563 2309 πικρία
578 2275 645 2309 πρὸς
659 2275 732 2309 ἡμᾶς
748 2274 807 2309 βλέ-

17 2325 73 2350 πει,
93 2316 252 2352 κατακρίνει
271 2318 298 2344 δὲ
315 2318 409 2344 οὐδένα
426 2319 496 2345 κατά
512 2327 542 2352 γε
558 2319 603 2345 τὸν
620 2319 707 2355 ἀληθῆ
728 2320 807 2354 λόγον

17 2363 28 2398 ἣ
46 2363 156 2390 ἑαυτόν.
171 2364 200 2390 Εἰ
215 2363 269 2399 γὰρ
281 2363 311 2390 τὸ
327 2364 446 2399 πορίζειν
461 2363 500 2399 τῷ
515 2364 574 2399 Θεῷ
586 2365 635 2400 τὴν
652 2365 806 2400 ἀφθαρσίαν

17 2409 160 2439 Staium,
187 2408 265 2435 τοῦτο
281 2408 308 2435 δὲ
332 2409 396 2444 παρ’
417 2409 522 2440 οὐδενὸς
544 2409 624 2436 ἄλλου
645 2409 714 2446 πλὴν
741 2411 804 2446 παρ’

17 2453 101 2480 ιύτοῦ
123 2453 230 2487 λέγεται
254 2453 350 2489 μόνον·
375 2454 428 2489 ἄρα
448 2453 529 2485 αὐτὸς
550 2453 646 2481 ἑαυτοῦ
667 2455 769 2489 γίνεται
791 2456 806 2482 ὁ

17 2499 191 2533 συκοφάντης
214 2500 373 2535 κατήγορος,
394 2499 423 2526 τὸ
443 2499 540 2527 ἑαυτοῦ
554 2499 713 2531 διαὸάλλων,
731 2501 761 2527 οὐ
776 2501 806 2526 τὸ

17 2545 162 2580 Ιγμιέτερον.
184 2544 237 2570 Καὶ
250 2545 313 2580 περὶ
327 2544 373 2571 τοῦ
388 2545 457 2571 κατὰ
474 2545 522 2580 τὴν
534 2545 695 2579 ἀγεννησίαν
709 2545 806 2580 ὀνόμα-

17 2598 61 2622 τος
77 2591 158 2625 ἡμεῖς
177 2590 224 2624 μέν
241 2598 328 2624 φαμεν
342 2591 393 2620 ὅτι.
408 2590 501 2626 ὥσπερ
516 2590 547 2616 τὸ
563 2590 739 2626 ἀτελεύτητον
757 2591 806 2626 τῆς

17 2639 90 2674 ζωῆς
110 2639 257 2674 ἄφθαρτον,
278 2638 364 2670 οὕτως
378 2638 409 2664 τὸ
425 2639 540 2674 ἄναρχον
562 2638 646 2673 αὐτῆς
661 2639 808 2674 ἀγέννητον

17 2684 166 2720 ὢνομάσθη
181 2693 187 2698 ·
212 2685 303 2711 οὑτοσὶ
316 2685 344 2711 δὲ
358 2684 433 2719 παρὰ
449 2684 502 2710 τῶν
526 2684 630 2711 αἰώνων
649 2686 723 2719 ἡμᾶς
735 2685 808 2719 λέγει.

17 2730 90 2756 κατὰ
119 2730 226 2757 πάντων
258 2729 311 2756 τῶν
345 2729 480 2764 γεννητῶν
510 2730 648 2765 προξενεῖν
676 2730 748 2765 αὐτῷ
777 2731 810 2757 τὰ

17 2775 164 2810 πρεσϐεῖα.

856 2235 909 2262 que
932 2235 965 2255 ex
994 2232 1172 2263 utrorumque
1195 2228 1321 2263 opposita
1347 2228 1644 2263 lectione,.scriptoris

857 2273 986 2300 malitiam
1002 2281 1055 2299 non
1077 2272 1283 2308 deprehendat?
1299 2272 1397 2300 Noster
1411 2281 1503 2301 sermo
1525 2275 1642 2309 appellat

857 2319 1074 2354 incorruptibile,
1096 2319 1141 2346 ille
1165 2318 1306 2345 insimulat
1330 2326 1392 2346 eum
1409 2319 1456 2354 qui
1477 2319 1644 2355 incorrupti-

856 2364 991 2392 bilitatem
1005 2364 1110 2392 tribuit.
1128 2364 1199 2397 Quid
1220 2372 1364 2392 commune
1383 2365 1477 2393 habere
1494 2369 1522 2393 et
1542 2364 1642 2395 dicere?

858 2410 892 2438 de
906 2410 964 2438 suis
982 2410 1169 2445 unusquisque
1181 2410 1242 2445 jure
1256 2410 1379 2445 arguitur
1389 2415 1415 2437 et
1427 2410 1577 2445 iudicatur,
1590 2419 1643 2438 non

859 2464 890 2483 ex
907 2456 1004 2483 alienis
1016 2455 1140 2482 accusari
1156 2455 1233 2483 solet.
1272 2455 1350 2483 Nunc
1360 2460 1450 2483 autem
1467 2464 1517 2484 nos
1532 2456 1642 2491 quidem

860 2505 982 2532 accusat,
999 2506 1025 2528 et
1038 2501 1066 2528 in
1082 2508 1131 2528 nos
1142 2501 1278 2528 acerbitas
1291 2505 1413 2536 spectat;
1428 2502 1562 2529 neminem
1579 2509 1643 2528 vero

860 2547 1024 2575 condemnat
1039 2547 1186 2574 secundum
1206 2555 1296 2575 veram
1323 2548 1471 2580 rationem,
1492 2555 1574 2582 quam
1603 2555 1643 2574 se~

861 2594 960 2628 ipsum.
980 2592 1008 2619 Si
1031 2593 1102 2620 enim
1128 2591 1181 2620 Deo
1209 2593 1492 2628 incorruptibilitatem
1524 2592 1643 2619 tribuere

857 2639 960 2665 crimen
975 2642 1027 2670 est,
1039 2638 1090 2665 hoc
1104 2643 1192 2665 autem
1210 2645 1225 2665 a
1242 2639 1318 2665 nullo
1340 2638 1394 2665 alio
1408 2641 1587 2673 praeterquam
1607 2637 1642 2664 ab

858 2684 918 2719 ipso
932 2684 992 2712 solo
1006 2683 1117 2710 dicitur.
1132 2682 1204 2718 Ergo
1219 2683 1277 2718 ipse
1304 2683 1471 2717 sycophanta
1495 2683 1537 2710 sui
1554 2682 1642 2716 ipsius

858 2734 1001 2758 accusator
1014 2733 1066 2761 est,
1085 2729 1155 2764 quod
1165 2736 1245 2756 suum
1258 2733 1299 2756 est
1312 2728 1490 2760 calmnnians,
1502 2735 1557 2754 non
1569 2728 1640 2763 quod

860 2783 993 2802 nostrum.
1017 2774 1048 2801 [Ct
1071 2775 1104 2802 de
1129 2775 1238 2802 nomine
1261 2773 1423 2808 ἀγεννησίας
1451 2781 1500 2801 nos
1524 2774 1642 2802 dicimus

17 2821 103 2857 quod,
121 2821 348 2856 quemadmodum
371 2821 442 2857 quod
464 2822 567 2850 nullum
588 2824 648 2852 vitae
682 2824 760 2851 balet
798 2824 942 2851 terminum
971 2823 1172 2858 incorruptibile
1201 2826 1253 2855 est,
1282 2822 1321 2850 Sic
1354 2821 1425 2856 ‘l"”d
1451 2822 1510 2858 eius
1534 2822 1640 2856 οτίὲίηθ
