1900 3073
37 92 105 120 1οῦ5

598 91 734 119 CONTRA
754 92 945 126 EUNOMIUM,
965 93 1028 122 LIB.
1045 94 1100 121 ΧΠ.

1578 92 1646 120 ίθϐδ

34 147 137 175 αἰώνων
161 146 361 182 ὶπιθρνλλείται
382 146 467 182 τομής
489 146 520 173 Εἰ
545 146 583 182 μὴ
601 148 647 174 καὶ
666 147 714 182 τὴν
736 148 814 182 ἁγίαν

868 149 927 176 vita:
949 149 1100 177 denuntiat.
1129 149 1156 176 Si
1182 149 1238 177 hac
1265 152 1292 176 et
1318 152 1407 176 mente
1434 148 1602 184 concipimus
1620 154 1646 176 et

34 193 142 229 Γραφὴν
154 193 304 228 διχοτομεῖν
316 193 377 224 τοὺς
392 193 492 224 αἰῶνας
504 193 519 219 ὁ
536 193 667 228 Εύνόμιος
681 194 764 228 λέγοι,
781 195 813 229 τῇ

33 240 100 275 αὐτῇ
112 239 214 273 διανοίᾳ
225 239 275 273 τῆς
289 238 363 269 θείας
379 238 450 273 ζωῆς
465 238 514 273 τὴν
531 239 657 274 ἀπειρίαν
672 239 815 274 διασημαί-

33 293 143 318 νουσαν,
154 283 201 311 τοῦ
214 284 262 319 μὲν
273 284 354 311 Δαεὶδ
368 284 417 319 τὴν
432 284 485 319 πρὸ
496 284 549 310 τῶν
563 284 667 312 αίώνων
680 285 814 319 βασιλείαν

32 331 246 366 ὑπομνήσαντος.
262 329 308 356 τοῦ
332 330 359 356 δὲ
371 330 508 362 Μωῦσέως
518 330 567 365 τὴν
588 331 658 367 ὑπὲρ
673 331 735 362 τοὺς
750 331 815 358 αἰῶ-

31 385 80 408 νας
104 376 293 411 ἐκτεινομένην
318 375 365 402 τοῦ
381 375 447 402 Θεοῦ
465 376 600 411 βασιλείαν
614 376 757 408 δείξαντος,
778 377 815 409 ὡς

31 423 60 455 ἐξ
75 421 236 456 ἀμφοτέρων
253 422 326 456 ἡμᾶς
347 421 502 456 διδαχθῆναι
519 421 559 447 ὅτι
573 421 627 448 πᾶν
641 421 816 456 διαστηματι-

30 468 78 494 κον
94 468 227 502 διανόημα
251 467 324 497 me;
337 467 385 501 τῆς
405 465 480 497 θείας
493 466 599 500 φύσεως
613 466 814 502 περιείληπται,

29 514 62 547 τῇ
80 512 191 547 ἀπειρίᾳ
212 511 259 537 τοῦ
282 512 335 538 πᾶν
363 511 533 546 περιέχοντος
555 511 741 546 ἁπανταχόθεν
767 512 816 546 ἐμ-

29 557 248 593 περατούμενον;
272 557 300 584 '0
317 557 365 592 μὲν
380 556 434 591 γὰρ
445 556 565 591 Μωῦοῆς
578 557 619 588 είς
632 557 662 583 τὸ
679 556 742 592 ἑξῆς
756 557 815 592 βλέ-

29 613 99 637 πων,
115 602 265 638 βασιλεύειν
279 602 358 629 αὐτόν
375 611 440 637 φησι
454 602 499 628 τὸν
515 602 601 629 αἰῶνα
615 604 661 630 καὶ
678 603 721 629 ἐπ’
731 604 815 630 αἰῶνα

28 650 75 676 καὶ
88 650 137 676 ἔτι.
163 649 191 676 ὐ
211 649 240 675 δὲ
257 648 342 684 μέγας
355 648 436 675 Δαῦἱδ
450 648 518 683 πρὸς
533 648 564 675 τὸ
576 649 690 676 κατόπιν
704 650 814 684 ἀγαγὼν

27 694 79 730 τὴν
103 693 232 725 διάνοιαν,
256 691 346 719 εἶπεν·
379 693 405 719 ’0
422 693 455 720 δὲ
472 694 544 726 Θεὸς
563 693 713 727 ,βασιλεὺς
731 694 815 728 ἡμῶν

27 738 204 773 προαιώνισς
217 747 224 754 ·
254 738 301 765 καὶ
324 737 421 764 πάλιν·
443 738 659 764 Εἰσακούσεται
679 739 694 765 ό
713 739 783 773 Θεὸς
798 740 815 766 ὁ

27 785 171 818 ὑπάρχων
184 784 240 818 πρὸ
255 783 313 810 τῶν
324 783 448 810 αἰώνων.
473 783 541 810 Ἀλλ’
554 785 567 811 ὁ
585 785 664 819 σοφὸς
686 784 815 820 Εὐνόμιος

27 829 166 866 ἐρρῶσθαι
180 830 287 865 φράσας
301 830 356 861 τοῖς
366 829 533 864 τηλικούτοις
545 830 721 866 καθηγηταῖς,
733 831 814 867 ἄλλην

27 876 111 911 φησιν
125 877 198 911 ἡμᾶς
212 875 299 910 λέγειν
314 876 362 911 τὴν
383 875 499 910 ἄναρχον
513 876 594 912 ζωὴν,
611 877 706 912 ἑτέραν
721 877 749 904 δὲ
765 878 814 914 τὴν

868 193 996 226 dicimus,
1018 195 1152 228 quomodo
1177 194 1256 221 nobis
1273 193 1457 229 pervulgatam
1475 193 1574 221 asserit
1597 202 1648 221 sae-

867 239 989 265 culorum
1004 239 1219 266 dissectionem?
1233 239 1284 266 nisi
1297 239 1378 266 etiam
1395 245 1502 265 sacram
1523 238 1648 274 Scriptu-

867 292 924 311 ram
940 285 1039 312 saecula
1063 284 1184 312 dividere
1199 284 1350 311 Eunomius
1374 284 1454 316 dicat,
1473 292 1533 319 qua:
1553 285 1646 312 eadem

865 329 1042 365 intelligentia
1055 330 1154 357 divina:
1171 329 1233 357 vitae
1247 329 1407 356 inﬁnitatem
1423 330 1569 365 signiﬁcat,
1583 337 1646 357 cum

865 375 949 403 David
977 384 1089 411 regnum
1105 379 1168 403 ante
1183 376 1283 403 saecula
1311 375 1385 411 quod
1404 375 1456 403 fuit
1484 383 1648 402 commemo-

864 423 981 454 raverit,
996 427 1023 448 et
1039 421 1127 450 Moses
1149 430 1228 457 super
1248 422 1346 450 saecula
1361 422 1406 449 Dei
1422 430 1535 457 regnum
1553 428 1646 450 ostcn-

865 467 890 495 di
903 468 1105 500 demonstrarit,
1119 469 1155 495 ita
1170 473 1198 495 ut
1219 476 1251 495 cx
1273 469 1405 495 ambobus
1425 476 1475 496 nos
1487 469 1573 496 simus
1586 468 1648 496 edo-

865 513 901 540 cti
916 513 987 548 quod
1002 521 1082 540 omne
1097 513 1169 548 quod
1198 514 1349 541 intervallis
1377 513 1534 540 distinctum
1557 513 1648 541 animo

864 559 1029 594 concipitur,
1049 559 1120 586 intra
1141 559 1259 590 divinam
1282 564 1405 586 naturam
1421 559 1646 594 comprehensum

864 607 906 631 est.
922 604 1054 631 inﬁnitate
1070 605 1127 639 ejus
1142 604 1187 638 qui
1205 605 1361 631 universum
1377 604 1508 635 continet,
1527 604 1600 631 omni
1615 612 1647 631 ex

865 654 940 684 parte
952 650 1142 677 terminatum?
1161 649 1247 678 Moses
1262 650 1334 677 enim
1351 650 1377 676 in
1396 649 1422 676 id
1437 649 1508 684 quod
1521 650 1649 683 deinceps

865 695 1116 730 sequiturintuens,
1129 696 1217 731 ipsum
1234 703 1348 730 regnare
1359 696 1561 723 dicilsazculum
1578 699 1605 723 et
1622 696 1649 722 in

867 740 1008 772 saeculum,
1024 744 1050 767 et
1065 740 1144 767 ultra.
1162 740 1275 774 Magnus
1292 744 1381 766 autem
1397 740 1520 767 Davidad
1539 740 1564 767 id
1578 739 1650 774 quod

865 789 938 813 retro
949 789 993 813 est
1006 783 1171 820 c'ogitationc
1183 785 1311 818 adducta,
1324 785 1402 816 dixit,
1427 785 1495 812 Deus
1507 792 1552 811 rex
1563 790 1652 812 nosler

865 837 926 860 ante
937 833 1035 860 sarcula
1049 833 1082 866 '7;
1098 837 1125 860 et
1139 840 1253 860 rursus:
1269 832 1367 859 Audiet
1383 832 1450 859 Deus
1466 832 1511 866 qui
1529 835 1567 858 est
1592 835 1652 858 ante

866 878 964 906 tacula
978 879 1011 904 ⁸⁵.
1027 878 1080 906 Sed
1103 879 1213 913 sapiens
1230 878 1381 906 Eunomius
1398 878 1481 905 tantis
1510 877 1651 912 magistris

26 922 223 957 ἀτελεύτητονο
252 921 333 948 πάλιν
358 921 404 948 καὶ
425 921 530 948 αἰώνων
552 922 631 949 τινῶν
655 923 814 958 ἑτερότητας

867 924 956 951 valere
969 924 1073 956 dicens,
1089 924 1172 950 aliam
1195 925 1233 951 ait
1248 931 1298 951 nos
1324 931 1447 951 asserere
1472 923 1555 950 vitam
1577 923 1651 958 prin-

26 969 78 995 καὶ
98 967 238 1003 διαφορὰς,
257 967 494 1002 συνδιασχιζούσας
508 969 539 1003 τῇ
557 969 694 1004 ἑτερότητι
710 969 814 995 ἑαυτῶν

25 1015 77 1042 καὶ
96 1012 147 1049 ’τὴν
169 1014 233 1048 περὶ
255 1013 321 1040 Θεοῦ
337 1013 493 1047 φαντασίαν.
520 1013 589 1040 Ἀλλ’
605 1013 642 1045 ὡς
659 1014 692 1040 ἂν
715 1014 751 1050 μὴ
770 1014 813 1041 διὰ

26 1060 135 1096 μακροῦ
148 1059 252 1094 γένοιτο
266 1061 331 1095 ἡμῖν
345 1061 361 1095 ή
376 1061 444 1096 πρὸς
466 1059 499 1086 τὰ
514 1059 646 1095 εἰρημένα
661 1060 744 1095 μάχη,
766 1061 814 1088 αὐ-

22 1106 77 1141 τὴν
95 1105 284 1140 προσθήσομεν
307 1105 485 1132 ἀὸασάνιστον
510 1104 555 1131 καὶ
577 1103 750 1137 ἀνεξέταστον
763 1105 813 1140 τὴν

23 1151 54 1177 ἐν
71 1151 175 1181 τούτοις
186 1150 232 1177 τοῦ
247 1149 378 1186 Εύνομίον
394 1149 558 1184 φιλοπονίαν,
575 1148 670 1189 ἱκανὴν
683 1147 764 1175 οὖσαν
780 1149 812 1175 δι’

23 1195 64 1225 ὧν
82 1197 226 1228 σπουδάζει
249 1198 312 1231 περὶ
337 1196 366 1222 τὸ
382 1195 478 1231 ψεῦδος
503 1195 681 1231 ἐκδηλοτέραν
704 1196 814 1230 ποιῆσαι

26 1245 88 1275 τοῖς
105 1244 223 1274 συνετοῖς
237 1242 286 1278 τὴν
299 1242 434 1278 ἀλήθειαν.

865 970 938 1005 cipio
957 968 1106 1002 carentem,
1121 970 1202 996 aliam
1217 977 1281 997 vero
1307 969 1358 996 ﬁne
1376 972 1525 996 carentem.
1544 968 1651 995 Rursus

866 1018 893 1042 et
909 1014 1070 1041 smculorum
1093 1013 1277 1047 quorumdam
1301 1014 1457 1045 varietates,
1480 1017 1506 1040 et
1527 1013 1653 1040 differen-

865 1059 919 1086 tias
931 1067 991 1093 quae
1010 1067 1059 1086 sua
1071 1059 1231 1087 diversitate
1257 1059 1338 1086 simul
1351 1059 1433 1086 etiam
1450 1058 1484 1086 de
1504 1058 1558 1085 Deo
1583 1058 1654 1085 ima:

859 1095 1032 1140 iginationem
1044 1105 1213 1132 discindunt.
1237 1104 1289 1132 Sed
1304 1112 1339 1132 ne
1361 1105 1470 1140 longius
1486 1108 1579 1131 nostra
1603 1103 1653 1130 ad-

866 1158 962 1178 versus
979 1150 1051 1177 dicta
1067 1151 1243 1185 protrahatur
1267 1158 1369 1185 pugna,
1386 1150 1473 1186 ipsam
1490 1150 1652 1185 adjicicmus

866 1196 986 1223 nondum
1013 1197 1188 1232 exagitatam,
1219 1204 1307 1230 neque
1340 1197 1520 1223 examinatum
1551 1196 1577 1223 in
1609 1196 1651 1223 his

867 1240 993 1269 Eunomii
1014 1242 1175 1269 industriam
1189 1263 1195 1275 ,
1218 1250 1279 1277 quae.
1296 1242 1364 1269 satis
1390 1245 1433 1270 est
1456 1241 1573 1274 idonea,
1603 1249 1652 1277 per

22 1299 90 1326 quae
104 1291 227 1318 studiose
244 1293 394 1324 occupatur
411 1289 437 1316 in
464 1288 618 1320 mendacio,
639 1287 672 1315 ad
696 1287 872 1316 illustriorem
890 1288 1103 1325 intelligentibus
1119 1289 1272 1316 faciendam
1292 1289 1443 1316 veritatem.

69 1338 174 1373 Ἔρωτᾷ
189 1337 243 1371 γὰρ
255 1337 329 1372 ἡμᾶς
352 1337 453 1371 προῖὼν
467 1336 504 1371 τῷ
524 1336 612 1370 λόγῳ,
631 1336 656 1362 τί
671 1344 735 1362 ποτε
753 1335 815 1366 τοὺς

21 1383 130 1414 αἰῶνας
153 1382 273 1418 οίόμεθα.
307 1381 360 1408 Καί
387 1382 425 1408 τοί
450 1390 481 1416 γε
503 1381 668 1416 δικαιότερον
694 1379 728 1417 ἦν
750 1381 816 1416 παρ’

21 1428 108 1463 ἡμῶν
127 1427 201 1462 αὐτῷ
219 1426 253 1453 τὰ
270 1425 381 1453 τοιαῦτα
401 1425 588 1461 προτείνεσθαι
604 1424 658 1451 τῶν
674 1424 818 1460 ἐρωτημά-

21 1483 93 1501 των.
119 1473 204 1504 Αὐτὸς
226 1472 281 1507 γάρ
295 1473 368 1498 ἐστιν
389 1472 402 1497 ὁ
425 1471 472 1497 τοῦ
488 1470 555 1498 Θεοῦ
578 1471 627 1506 τὴν
652 1470 745 1497 οὐσίαν
770 1470 818 1496 ὲπ-

901 1337 956 1364 Nos
972 1337 1044 1364 enim
1061 1337 1240 1372 progrediens
1257 1344 1383 1365 sermone
1397 1334 1652 1373 interrogat.quid~

865 1390 926 1408 nam
940 1383 1048 1410 tandem
1061 1383 1160 1410 saecula
1174 1387 1311 1418 putamus.
1337 1383 1418 1417 Atqui
1432 1388 1490 1410 erat
1513 1383 1612 1417 justius
1635 1390 1650 1409 a

865 1427 943 1455 nobis
960 1427 1010 1462 ipsi
1032 1428 1100 1455 tales
1127 1429 1292 1462 quaestiones
1325 1427 1450 1463 proponi.
1487 1427 1548 1463 lpse
1570 1428 1651 1455 etiam

866 1477 908 1500 est
936 1473 981 1507 qui
1005 1472 1051 1499 Dei
1071 1473 1218 1500 essentiam
1244 1480 1273 1500 se
1306 1474 1468 1506 cognovisse
1499 1473 1651 1508 proﬁtetur,

20 1519 180 1555 εγνωκέναι
196 1518 294 1552 λέγων,
308 1518 322 1544 ὁ
338 1517 371 1544 τὰ
383 1518 449 1552 ἡμῖν
461 1516 593 1551 ἀνέφικτα
607 1515 767 1551 καταληπτὰ
781 1516 813 1551 τῇ

867 1519 967 1552 quique
983 1526 1015 1545 ca
1031 1526 1091 1552 quae
1105 1518 1185 1545 nobis
1199 1519 1334 1552 attingere
1349 1526 1401 1544 non
1415 1518 1489 1550 licet,
1511 1519 1652 1546 intellectu

21 1567 84 1600 ἰδίᾳ.
105 1565 212 1592 συνέσει
227 1562 418 1599 διοριζόμενος.
437 1561 539 1589 Οὐκοῦν
552 1561 633 1593 αὐτὸς
647 1563 713 1596 ἡμῖν
727 1569 817 1595 φυσιο-

19 1611 142 1645 λογείτω
153 1610 201 1645 τὴν
215 1609 268 1635 τῶν
282 1608 387 1635 αἰώνων
401 1607 430 1634 οὐ
436 1607 503 1639 σίαν,
517 1609 531 1634 ὁ
542 1607 576 1633 τὰ
592 1607 719 1633 ἐπέκεινα
730 1615 794 1632 κατε
800 1615 817 1632 ι-

18 1656 144 1692 ληφέναι
167 1649 325 1689 κομπάζωνξ
344 1652 399 1679 Kal.
417 1653 447 1678 τὸ
461 1652 654 1688 ἀμφίκρημνον
677 1651 756 1678 τοῦτο
771 1651 817 1677 καὶ

18 1704 198 1738 διλήμματον
214 1701 263 1735 τῆς
277 1699 458 1735 ἀποκρίσεως,
480 1698 517 1734 μὴ
533 1699 593 1725 λίαν
614 1698 736 1733 φοόερῶς
757 1699 816 1723 ἑπι-

19 1748 126 1775 σειέτω
148 1747 202 1778 τοῖς
219 1745 335 1776 ίδιώταις
352 1745 426 1779 ἡμῖν,
449 1745 496 1776 ὡς,
520 1745 543 1770 ει
567 1744 625 1771 τόδε
639 1744 701 1775 τοὺς
715 1743 817 1774 αίῶνας

18 1792 96 1820 εἶναι
114 1792 284 1827 νομίσαιμεν,
307 1791 386 1826 τῆσδε
416 1790 464 1825 τῆς
478 1790 591 1821 ἀτοπίας
605 1790 815 1824 ὑπαπαντώσης,

18 1840 74 1866 καὶ
90 1839 116 1865 εἰ
130 1838 161 1865 τὸ
175 1838 278 1872 ἕτερον,
294 1837 343 1870 τῆς
362 1836 467 1872 ἐτέρας.
493 1836 526 1861 El
543 1835 602 1869 μὲν
620 1834 674 1869 γὰρ
691 1834 815 1866 ἀϊδίους,

18 1886 106 1921 φησὶ,
125 1883 249 1917 λέγοιτε,
269 1883 422 1915 Ἕλληνες
435 1881 544 1908 ἔσεσθε
563 1880 611 1906 καὶ
624 1880 816 1907 Οὺαλεντῖνοι

18 1930 75 1958 καὶ
98 1929 262 1963 βάρϐαροι·
287 1929 314 1954 εὶ
335 1927 369 1954 δὲ
388 1925 560 1961 γεννητοὺς,
585 1925 700 1958 οὐκέτι,
723 1925 815 1960 φησιν,

18 1974 232 2010 ὁμολογήσετε
249 1973 288 2004 τῷ
309 1971 369 2004 Θεῷ
383 1971 414 1998 τὸ
432 1970 605 2006 ἀγέννητον.
630 1972 661 1997 Ὢ
674 1971 723 2006 τῆς
743 1971 815 2007 ἁμά-

18 2020 192 2056 χου,ταύτης
210 2020 255 2046 καὶ
268 2017 500 2051 ἁνανταγωνίστου
523 2017 733 2052 ἐπιχειρήσεωςί
755 2017 816 2043 Ἐάν

18 2077 45 2094 τι
62 2065 195 2101 γεννητὺν
212 2065 375 2100 ὁμολογηθῇ,
390 2061 412 2091 ὧ
432 2064 558 2098 Εύνὸμιε,
576 2065 591 2098 ἡ
607 2063 652 2090 τοῦ
670 2064 816 2098 ἀγεννήτου

18 2112 161 2148 Εμολογία
175 2111 420 2146 περιγραφήσεται.
435 2111 489 2136 Καὶ
506 2109 556 2136 ποῦ
573 2118 612 2135 σοι
625 2109 816 2144 διερῤνήκασιν

18 2160 47 2186 xl
74 2157 128 2184 τοῦ
144 2156 272 2191 γεννητοῦ
295 2156 362 2192 πρὸς
385 2156 416 2182 τὸ
433 2155 578 2189 ἀγέννητον
593 2154 768 2190 τεχνολογίαι,
783 2155 815 2182 δι’

868 1569 918 1590 suo
948 1563 1141 1597 comprehendi
1171 1563 1343 1589 determinat.
1377 1561 1461 1597 Igitur
1486 1562 1544 1598 ipse
1575 1564 1653 1591 nobis

867 1607 1002 1635 edisserat
1027 1608 1190 1636 smculorum
1223 1609 1382 1639 essentiam,
1398 1608 1445 1642 qui
1471 1609 1516 1636 illa
1536 1616 1653 1644 superna

871 1660 900 1680 sc
922 1653 1164 1687 comprehendisse
1189 1653 1306 1687 iactitat.
1333 1654 1420 1688 Atque
1444 1653 1496 1680 hoc
1528 1655 1654 1688 utrinque

867 1706 987 1732 praeceps
1005 1702 1031 1725 et
1053 1699 1265 1726 dilemmaticum
1282 1698 1470 1733 responsionis
1487 1699 1512 1724 in
1534 1706 1583 1726 nos
1601 1699 1653 1725 im-

867 1744 981 1778 peritos,
1006 1750 1040 1770 ne
1069 1743 1152 1770 nimis
1171 1744 1329 1771 terribiliter
1358 1735 1473 1778 quatiat,
1492 1748 1522 1771 ut
1547 1745 1570 1771 si
1603 1744 1654 1771 hoc

867 1788 967 1816 saecula
990 1796 1053 1815 esse
1079 1788 1257 1821 arbitremur,
1288 1789 1346 1816 haec
1370 1789 1527 1817 ahsurditas
1555 1789 1654 1817 suhoc-

867 1837 972 1866 currat,
1008 1837 1035 1861 et
1073 1834 1095 1861 si
1122 1833 1174 1861 hoc
1214 1835 1340 1866 alterum,
1375 1835 1470 1862 altera.
1510 1835 1541 1862 Si
1572 1837 1652 1865 enim,

867 1878 965 1912 inquit,
990 1879 1148 1912 sempiterna
1168 1879 1280 1910 dicatis,
1300 1878 1386 1906 Gra'ci
1407 1880 1481 1906 eritis
1506 1884 1530 1906 et
1556 1879 1651 1906 Valen-

868 1925 916 1951 tini
947 1929 972 1952 et
1012 1925 1130 1952 barbari.
1164 1925 1241 1958 Quod
1266 1925 1289 1952 si
1322 1926 1420 1960 genita,
1449 1934 1499 1952 non
1529 1926 1652 1960 amplius,

867 1970 965 2004 inquit,
989 1970 1180 2004 con/itebimini
1197 1970 1224 1996 in
1243 1969 1298 1996 Dea
1318 1971 1387 2005 quod
1403 1975 1442 1997 est
1465 1971 1617 2006 ingenitum.
1630 1970 1653 1998 Ο

867 2015 1104 2051 inexpugnabilem
1124 2020 1150 2043 et
1164 2016 1364 2043 ineluctabilem
1377 2018 1578 2051 aggressionem
1593 2018 1599 2044 l
1624 2017 1651 2044 Si

867 2062 932 2096 quid
951 2062 1084 2096 genitum,
1107 2069 1123 2088 ο
1139 2061 1264 2094 Eunomi,
1285 2069 1445 2089 concessum
1462 2062 1554 2095 fuerit,
1578 2062 1653 2098 inge-

867 2106 916 2134 niti
930 2106 1068 2134 confessio
1082 2107 1243 2134 abolebitur.
1277 2106 1308 2133 Et
1325 2115 1380 2142 quo
1410 2108 1457 2134 tibi
1486 2107 1653 2134 eﬁluxerunt

866 2153 948 2188 geniti
963 2160 1025 2180 cum
1045 2153 1166 2187 ingenito
1179 2156 1255 2178 tanto
1273 2153 1389 2179 artiﬁcio
1404 2153 1590 2187 pronuntiata,
1604 2161 1654 2188 per

18 2203 59 2232 ἓν
77 2204 112 2231 τὸ
134 2203 258 2237 ἀνόμοιον
281 2202 332 2237 τῆς
350 2202 397 2228 τοῦ
411 2201 477 2229 Υἱοῦ
493 2201 559 2236 πρὸς
575 2201 619 2227 τὺν
633 2202 814 2236 γεγεννηκότα

867 2206 927 2234 quae
941 2198 1074 2227 dissimile
1093 2199 1219 2226 essentia:
1248 2198 1309 2225 Filii
1337 2206 1400 2225 cum
1428 2206 1460 2226 eo
1482 2199 1529 2234 qui
1559 2199 1654 2233 genuit

18 2250 121 2282 iacta;
133 2248 382 2281 κατασκευάζεται;
401 2248 493 2274 Ἐοικε
508 2247 560 2282 γὰρ
575 2247 620 2281 ἀφ’
637 2244 674 2274 ὧν
686 2248 733 2274 νῦν
747 2248 817 2274 διδα-

18 2295 161 2332 τκὸμεθα,
180 2294 216 2329 μὴ
231 2294 363 2329 ἀνομοίως
382 2293 453 2328 ἔχειν
471 2294 485 2320 ὁ
503 2293 598 2328 Πατὴρ
617 2293 687 2319 κατὰ
707 2293 754 2328 τὴν
771 2293 816 2319 οὑ-

18 2343 97 2373 ῖίαν,
114 2341 153 2372 ὠς
177 2340 243 2374 πρὸς
263 2340 292 2366 τὺ
306 2339 434 2373 γεννητὸν
453 2338 646 2374 θεωρούμενος,
668 2337 735 2364 ἀλλὰ
751 2338 818 2364 καθ-

18 2391 84 2415 ιλου
101 2388 137 2422 τῇ
151 2386 198 2413 τοῦ
212 2386 358 2421 ἀγεννήτου
372 2385 501 2421 ὁμολογίᾳ
512 2385 550 2416 εἰς
564 2384 594 2411 τὸ
609 2384 645 2420 μὴ
660 2384 689 2411 ὂν
703 2384 818 2412 ἀναλύε-

18 2436 87 2462 iam.
97 2442 104 2448 ⁸
126 2433 206 2468 εἴπερ
220 2431 254 2460 ἂν
267 2432 412 2466 γεννητοὺς
427 2431 548 2466 εἴπωμεν
563 2431 626 2462 τοὺς
647 2431 757 2462 αἰῶνας,
773 2432 814 2462 είς

18 2483 44 2508 τὸ
68 2478 172 2515 μηκέτι
189 2478 234 2504 τὸν
248 2478 394 2512 ἀγέννητον
410 2477 549 2511 ὁμολογεῖν
564 2477 724 2512 ἐναγόμεθα.
745 2477 814 2503 Ἀλλ’

18 2529 128 2560 δωμεν
140 2523 188 2559 τὴν
204 2524 325 2558 ἀνάγκην
339 2523 373 2550 δι’
393 2521 426 2559 ἧς
439 2524 512 2559 ἡμᾶς
529 2524 596 2559 πρὸς
608 2524 657 2559 τὴν
677 2523 815 2557 συγκατά-

18 2580 100 2600 ιεσιν
114 2570 164 2605 τῆς
181 2569 295 2601 ἀτοπίας
310 2568 413 2603 ταύτης
427 2569 634 2604 συναναγκάζει.
653 2567 703 2596 Ὧν
716 2569 770 2605 γὰρ
781 2570 814 2606 τῇ

18 2616 189 2651 παραθέσει,
204 2616 281 2650 φησὶ,
302 2616 474 2651 προσγίνεται
497 2615 534 2650 τῷ
558 2616 616 2651 Θεῷ
637 2616 667 2642 τὸ
687 2616 813 2651 ἄναρχον,

21 2662 130 2690 ούτων
146 2660 195 2688 οὐκ
217 2659 312 2692 ὄντων,
333 2660 384 2687 οὐκ
406 2660 480 2687 ἔσται
493 2660 523 2687 τὸ
539 2661 757 2696 προστιθέμενον.
783 2662 814 2688 Ὢ

22 2709 71 2743 ἧς
89 2706 205 2741 ἰσχυρᾶς
219 2705 320 2740 ταύτης
343 2705 391 2732 καὶ
406 2705 526 2739 ἀφύκτου
547 2705 641 2741 λαΰῆς,
663 2705 700 2738 ὡς
715 2707 746 2732 ἐκ
759 2706 813 2732 τῶν

18 2755 119 2781 ιέσων
127 2751 203 2786 ἡμᾶς
215 2751 271 2782 τοῖς
281 2751 386 2782 ἀλύτοις
397 2750 519 2786 ἆμμασιν
528 2751 678 2786 ἀθλητικῶς
688 2752 814 2787 διασφίγ-

53 2809 84 2828 ‘1
110 2808 284 2838 Psal.xr.vtt,
316 2808 358 2835 15.
397 2808 419 2824 ⁸⁸
433 2808 503 2835 Psal.
523 2817 615 2842 vant,
640 2809 680 2836 l2.

190 2843 328 2874 PA'ruOL.
351 2843 410 2874 Gn.
427 2844 521 2875 XLV.

867 2245 1046 2280 prmstruitiS?
1063 2244 1178 2272 Videtur
1191 2245 1264 2272 enim
1289 2252 1321 2285 ex
1340 2244 1440 2279 quibus
1473 2252 1546 2271 nunc
1573 2245 1655 2272 doce-

866 2300 937 2325 mur,
956 2301 1010 2319 non
1025 2292 1152 2320 dissimili
1176 2291 1256 2319 modo
1277 2291 1378 2318 habere
1398 2291 1478 2319 Pater
1502 2293 1654 2320 secundum

866 2338 1024 2370 essentiam,
1046 2341 1077 2364 ut
1101 2345 1162 2364 cum
1193 2337 1295 2372 genito-
1312 2337 1523 2371 consideratur;
1549 2338 1596 2365 sed
1627 2338 1653 2364 in

867 2385 1026 2412 universum
1053 2384 1167 2420 ingeniti
1187 2383 1363 2412 confessione
1388 2384 1421 2411 ad
1450 2384 1475 2412 id
1501 2384 1572 2419 quod
1601 2392 1653 2412 non

866 2433 918 2461 est,
934 2430 1033 2458 resolvi
1046 2440 1053 2458 :
1072 2430 1206 2465 siquidem
1223 2430 1314 2466 genita
1328 2431 1428 2458 saecula
1440 2430 1604 2461 dixerimus,
1618 2430 1652 2456 ad

867 2476 1050 2504 conﬁtendum
1075 2485 1129 2504 non
1147 2477 1265 2512 amplius
1278 2484 1339 2505 esse
1363 2477 1513 2512 ingenitum
1532 2476 1653 2511 impelle-

868 2531 939 2549 mur.
965 2523 1019 2550 Sed
1047 2523 1188 2550 videamus
1214 2524 1407 2551 necessitatem
1433 2531 1482 2558 per
1496 2531 1576 2558 quam
1602 2529 1652 2549 nos

869 2568 902 2595 ad
918 2569 1106 2596 assensionem
1124 2569 1304 2598 absurditatis
1327 2569 1410 2604 hujus
1427 2569 1582 2596 necessario
1605 2576 1652 2594 co-

868 2615 916 2649 git.
933 2614 1053 2648 Quorum
1068 2616 1141 2643 enim
1154 2616 1336 2650 appusitionc,
1351 2615 1448 2650 inquit,
1465 2613 1520 2641 Deo
1532 2614 1651 2645 advenit,

867 2659 894 2686 id
906 2660 977 2694 quod
994 2660 1241 2695 principiomarct,
1266 2660 1288 2687 si
1312 2661 1369 2686 haec
1391 2667 1444 2686 non
1464 2658 1577 2690 fuerint,
1595 2667 1651 2686 non

868 2706 919 2733 erit
933 2707 1004 2741 quod
1024 2707 1162 2742 adjicitur.
1186 2706 1208 2734 Ο
1224 2706 1340 2732 validam
1362 2705 1432 2732 hanc
1458 2709 1486 2732 et
1508 2705 1652 2732 inevitabi-

869 2753 921 2780 lem
939 2753 1049 2787 luctam,
1070 2757 1099 2781 ut
1116 2761 1148 2781 ex
1166 2752 1263 2780 mediis
1290 2759 1339 2778 nos
1355 2751 1548 2778 insolubilibus
1577 2757 1652 2778 next-

1394 2861 1403 2869 ιη
1448 2841 1485 2871 οι
