1951 3074
120 97 195 126 1069

635 79 639 82 ’
668 99 805 128 coxrna
823 101 1005 132 EUNOMIUM
1023 124 1029 137 ,
1047 103 1110 132 LIB.
1131 103 1186 132 xu.

1680 106 1749 134 H70

114 158 221 187 δουναι,
236 155 266 182 τὸ
281 155 424 190 ἀσώματόν
439 164 481 183 σοι
495 157 638 193 πρόχειρον
652 159 692 190 εἰς
704 159 751 194 τὴν
765 159 899 195 ἁπόκρισυ

963 162 1068 196 νησίας,
1083 163 1108 190 id
1125 166 1179 195 est,
1199 161 1311 197 ingeniti
1329 161 1454 194 rationis,
1468 162 1612 197 responde.
1628 161 1659 189 Et
1673 164 1694 190 si
1705 163 1750 198 ju-

115 201 198 228 ἔστω.
212 201 244 227 Τί
260 201 288 228 δὲ
300 202 425 236 σημαίνει
438 203 454 237 ἡ
475 202 624 238 ἀφθαρσία,
637 204 705 239 ὅπερ
719 205 735 240 ἠ
755 205 801 231 τοῦ
816 205 907 237 ἐλέους

115 248 226 278 πάντως
243 248 323 282 ἐρεῖς,
336 247 352 281 ἢ
367 248 382 282 ἡ
396 248 444 283 τῆς
456 248 572 283 κρίσεως
589 250 710 285 σημασία
728 251 905 287 παρίστησιν·

114 292 188 320 οὕτω
208 293 300 319 καὶτὰ
322 293 382 319 καθ’
397 293 510 320 ἕκαστον
534 295 622 322 πάντα
637 296 808 332 προσάλληλα
826 306 907 332 μετα-

114 339 250 374 χωρείτω,
278 340 413 375 μηδεμιᾶς
437 338 589 376 ίδιαζούσης
604 342 747 376 ἐμφάσεως
765 342 795 368 τὸ
815 343 907 377 ἓτερον

113 383 164 410 τοῦ
177 384 270 420 ἐτέρου
284 384 501 420 διαστελλούσης.
519 385 570 412 Καὶ
589 387 612 412 εἰ
637 387 722 413 ταῦτα
739 387 878 422 νομοθετεῖ
893 389 907 414 ὁ

115 429 257 464 Εὑνόμιος,
273 429 298 456 τί
314 430 402 464 μάτην
414 430 441 457 αἱ
456 431 475 456 Γ
478 431 562 466 ραφαὶ
578 431 761 468 πολυωνύμως
771 433 818 468 τὴν
832 433 907 461 Θείαν

115 475 198 509 φύσιν
221 475 398 502 ἀνακαλοῦσιν
422 476 504 508 Θεὸν,
528 477 635 513 κριτὴν,
654 478 767 510 δίκαιον,
786 480 905 515 ἰσχυρὸν,

116 522 302 557 μακρόθυμον,
326 522 461 558 ἀληθινὸν,
486 523 630 559 ἐλεήμονα,
654 526 700 551 καὶ
729 525 796 552 ἄλλα
822 526 906 554 πολλὰ

113 568 226 594 τοιαῦτα
249 568 498 603 κατονομάζουσαι;
517 570 547 596 Ei
571 570 625 606 γὰρ
641 571 715 597 οὐδὲν
737 571 791 598 τῶν
810 572 906 607 ὀνομά-

112 622 170 640 των
191 614 236 640 ὲπί
258 622 330 645 τινος
354 614 507 650 ἱδιαζούσης
531 616 634 648 ἐννοίας
657 617 905 652 καταλαμϐάνεται,

113 658 203 684 πάντα
214 659 242 685 δὲ
253 659 376 694 ἀλλήλοις
385 659 429 685 διὰ
441 659 490 694 τῆς
505 660 575 688 κατὰ
588 661 619 687 τὸ
631 663 827 697 σημαινόμενον
842 672 906 697 συγ-

111 703 220 738 χύσεως
238 705 437 740 ἀναπέφυρται,
463 707 575 741 μάταιον
597 707 629 734 ἂν
655 707 697 743 εἴη
726 708 835 740 πολλαῖς
860 709 906 736 ἐπὶ

111 749 161 775 τοῦ
174 749 254 777 αὑτοῦ
269 752 328 782 ταῖς
347 751 514 786 ἐπωνυμίαις
530 753 691 788 κεχρῆσθαι,
710 754 843 789 μηδεμιᾶς
856 754 906 790 τῆς

111 796 184 822 κατὰ
204 797 234 822 τὸ
262 797 458 832 σημαινόμενον
489 798 620 833 διαφορᾶς
650 800 698 826 ἀπ’
725 799 846 834 ἀλλήλων
871 801 905 827 τὰ

110 840 234 876 ὀνόματα
258 842 474 880 διαστελλούσης,
491 845 538 877 Τίς
561 845 733 881 ἀπόπληκτος
759 847 846 879 οὕτως
863 848 900 879 ὼς

110 886 230 920 ἀγνοεῖν,
241 888 281 914 ὃτι
295 889 310 923 ἡ
330 890 378 924 μὲν
399 890 459 918 θεία
479 892 569 925 φύσις,
580 892 594 918 ὅ
604 892 630 918 τί
645 901 709 918 ποτε
731 892 791 919 κατ’
806 893 899 920 οὐσίαν

110 931 180 962 ἐστὶ,
201 933 247 967 μία
261 935 344 968 ἐστὶν,
360 935 433 971 ἁπλῆ
448 945 489 968 τις
506 937 551 963 καὶ
569 937 706 972 μονοειδὴς
727 938 774 964 καὶ
789 938 900 965 ἀσύνθε-

109 986 168 1009 τος,
183 979 229 1005 καὶ
243 982 302 1006 κατ’
318 982 412 1008 οὐδένα
431 983 540 1017 τρόπον,
554 984 582 1009 ὲν
594 984 701 1019 ποικίλῃ
713 984 764 1010 τινὶ
776 985 898 1011 συνθέσει

110 1022 330 1061 θεωρουμένη·ή
350 1026 378 1053 δὲ
397 1027 552 1063 ἀνθρωπίνη
576 1028 647 1064 ψυχὴ
668 1029 753 1064 χαμαὶ
774 1030 898 1065 κειμένη,

109 1069 158 1094 καὶ
172 1071 199 1095 ἐν
213 1070 250 1105 τῷ
265 1071 350 1107 γηΐνῳ
361 1072 447 1108 τούτῳ
468 1073 518 1108 βίῳ
541 1074 769 1110 κατορωρυγμένη
779 1094 787 1106 ,
807 1075 844 1109 τῷ
862 1075 898 1110 μὴ

108 1113 240 1142 δύνασθαι
254 1117 395 1151 τηλαυγῶς
411 1119 528 1145 κατιδεῖν
542 1119 572 1145 τὸ
594 1119 767 1154 ζητούμενον,
789 1120 899 1152 πολλαῖς

109 1159 226 1192 ἐννοίαις
239 1161 287 1196 τῆς
298 1162 435 1197 (iaspis-sou
451 1164 555 1197 φύσεως
568 1164 743 1200 πολυτρόπως
762 1165 807 1191 καὶ
821 1166 900 1192 πολυ-

110 1205 204 1240 μερῶς
223 1206 391 1242 ἐπορέγεται,
409 1209 439 1235 οὐ
457 1210 527 1236 κατὰ
545 1209 593 1246 τὴν
615 1209 677 1245 μίαν
702 1210 762 1237 τινὰ
782 1211 900 1238 διάνοιαν

108 1249 141 1275 τὺ
154 1252 342 1286 κεκρυμμένον
357 1253 519 1289 θηρεύουσα.
535 1252 574 1280 Ἦ
587 1255 640 1290 γὰρ
654 1255 685 1281 ἂν
702 1254 810 1287 εὔκολος
829 1254 862 1291 ἦν
883 1257 899 1292 ή

109 1297 272 1332 κατάληψις,
287 1299 311 1324 εί
329 1299 377 1333 μία
401 1308 442 1331 τις
463 1301 527 1335 ἡμῖν
550 1300 642 1334 ἔφοδος
661 1301 729 1336 πρὸς
751 1301 800 1336 τὴν
826 1301 899 1328 θείαν

107 1341 276 1379 ἀπεκέκριτο
290 1344 398 1378 γνῶσιν.
420 1345 488 1371 Νυνὶ
500 1346 528 1372 δὲ
546 1346 590 1373 διὰ
609 1346 658 1380 μὲν
672 1346 721 1381 τῆς
735 1347 899 1383 ἐμφαινομέ-

108 1395 160 1421 νης
177 1387 215 1422 τῷ
235 1389 315 1415 παντὶ
336 1390 439 1424 σοφίας,
463 1389 636 1425 σοφὸν¹εἶναι
657 1392 701 1418 τδν
728 1393 774 1419 τοῦ
801 1394 900 1426 παντὸς

107 1431 306 1460 ἐπιστατοῦντα
323 1435 481 1471 ὲνοήσαμεν.
504 1436 553 1463 Διὰ
571 1436 599 1463 δὲ
619 1437 668 1471 τῆς
684 1437 738 1463 τῶν
753 1437 899 1473 θαυμάτων

108 1479 320 1515 μεγαλουργίας,
335 1481 475 1516 δυνάμεως
499 1482 616 1517 ἔμφασιν
637 1483 794 1518 ἐδεξάμεθα.
815 1485 850 1510 Τὸ
872 1485 899 1511 δὲ

106 1524 139 1556 ἐξ
157 1526 260 1553 ἐκείνου
285 1527 315 1553 τὸ
338 1529 392 1554 πᾶν
408 1528 521 1563 ὲξῆφθαι
540 1529 685 1561 πιστεύειν,
702 1529 748 1556 τοῦ
766 1530 899 1566 μηδεμίαν

107 1571 192 1598 αὐτοῦ
220 1573 268 1608 τῆς
297 1573 439 1609 ὑπάρξεως
472 1574 560 1602 αἰτίαν
588 1572 656 1602 εἶναι
681 1576 828 1611 τεκμήριον
856 1576 899 1611 γί-

107 1626 182 1645 νεται
187 1638 193 1645 .

914 1515 935 1543 C

959 209 1039 236 stitiae
1062 208 1246 235 definitionem
1276 213 1301 235 te
1314 207 1427 235 reddere
1450 211 1586 242 oporteat,
1612 207 1687 242 quod
1705 213 1749 236 est

958 255 1148 289 incorporeum
1182 253 1230 280 tibi
1247 252 1283 280 sit
1304 253 1331 279 in
1346 257 1469 288 promptu
1482 253 1515 279 ad
1530 253 1747 287 responsionem.

958 299 1028 332 Quid
1043 302 1133 326 autem
1145 298 1278 333 signiﬁcet
1291 298 1544 333 incorruptibilitas,
1567 299 1639 333 quod
1664 299 1747 326 mise-

957 345 1082 373 ricordiae
1094 345 1203 372 omnino
1217 344 1301 376 dices,
1314 345 1454 378 veljudicii
1466 339 1630 380 significatio
1642 352 1742 380 reprze-

958 394 1048 419 senlat
1066 400 1072 417 :
1105 390 1145 418 sic
1164 393 1190 417 et
1203 390 1309 424 singula
1335 390 1423 416 omnia
1455 390 1524 417 inter
1553 397 1582 417 se
1598 398 1738 424 percurre,

957 436 1032 462 nulla
1055 435 1164 470 propria
1179 438 1205 462 et
1218 434 1349 470 peculiari
1373 435 1570 469 significatione
1586 435 1697 462 alteram
1714 435 1748 462 ab

957 482 1043 509 altero
1073 481 1268 515 distinguente.
1302 480 1333 507 Et
1350 480 1372 507 si
1391 480 1447 507 limo
1475 481 1571 508 statuit
1585 480 1747 511 Eunomius.

957 527 1022 562 quid
1035 518 1146 554 frustra.
1166 525 1314 560 Scriptune
1338 526 1432 552 multis
1460 527 1616 553 nominibus
1629 527 1747 553 divinam

957 577 1084 600 naturam
1098 575 1206 605 vocant,
1224 571 1319 603 Deum,
1334 571 1465 606 judicem,
1492 571 1607 606 justum,
1637 571 1746 603 fortem,

957 618 1150 653 longanimem,
1169 625 1272 648 verum,
1289 617 1505 648 misericordem,
1522 617 1638 651 aliiSque
1655 618 1748 644 multis

956 663 1090 699 ejusmodi
1113 663 1272 690 nominibus
1290 662 1478 697 appellantes?
1504 662 1533 689 Si
1549 663 1621 689 enim
1640 663 1746 690 nullum

956 710 1053 738 horum
1068 710 1207 737 nominum
1218 709 1244 736 in
1256 709 1345 743 aliqua
1356 708 1476 743 propria,
1489 712 1516 735 et
1528 707 1562 734 ab
1572 708 1633 735 aliis
1643 706 1748 735 Secreta

956 755 1053 783 notitia
1083 754 1335 789 comprehenditur,
1361 754 1409 782 sed
1427 753 1517 781 omnia
1545 753 1617 781 inter
1651 761 1680 781 se
1699 761 1746 788 per

956 801 1170 837 significatorum
1182 800 1368 827 confusionem
1382 800 1511 834 permista
1526 803 1590 827 sunt
1601 803 1627 826 et
1638 802 1748 826 contur-

954 851 1026 882 bata,
1040 855 1138 875 vanum
1152 846 1234 874 fuerit
1246 845 1341 873 multis
1353 846 1379 872 in
1391 845 1487 873 eodem
1501 845 1539 872 uti
1558 845 1748 880 appellationi-

952 895 1014 926 bus,
1031 895 1053 922 si
1071 894 1144 921 trulla
1178 892 1328 920 secundum
1355 891 1536 927 significatum
1561 890 1711 918 differentia
1732 898 1747 917 a

953 948 982 968 se
996 940 1146 974 distinguat
1164 938 1287 965 nomina.
1304 937 1371 970 Quis
1390 937 1425 963 ita
1452 937 1579 972 stupidus
1602 939 1629 963 ct
1645 936 1746 963 attoni-

953 989 1008 1017 tus,
1029 989 1060 1012 ut
1078 985 1195 1020 ignoret,
1219 983 1291 1019 quod
1312 982 1402 1010 divina
1415 982 1522 1017 quidem
1539 986 1633 1009 natura
1649 990 1747 1009 secun-

953 1031 1017 1058 dum
1032 1030 1181 1058 essentiam
1196 1029 1327 1064 quidquid
1344 1032 1395 1059 est,
1410 1035 1462 1055 una
1479 1032 1531 1059 est,
1547 1027 1661 1062 simplex
1672 1035 1746 1062 quze-

953 1077 1015 1104 dam
1043 1080 1070 1104 et
1085 1075 1239 1106 uniformis,
1270 1078 1295 1101 et
1317 1073 1509 1109 incomposita.
1543 1077 1569 1100 et
1596 1080 1656 1107 qum
1671 1073 1744 1099 nullo

953 1122 1033 1150 modo
1047 1123 1075 1149 in
1089 1122 1179 1156 aliqua
1190 1120 1265 1148 varia
1277 1119 1451 1147 concretione
1464 1122 1607 1151 cernatur,
1621 1118 1745 1144 humana

952 1173 1043 1199 autem
1060 1167 1150 1194 anima
1176 1165 1252 1193 ltumi
1278 1166 1415 1200 jaccnset
1431 1165 1481 1191 hac
1497 1169 1605 1191 terrena
1624 1164 1678 1190 vita
1696 1164 1745 1190 ob—

953 1217 1026 1245 ruta,
1042 1213 1105 1248 quia
1119 1221 1173 1240 non
1187 1213 1274 1248 possit
1288 1211 1361 1247 quod
1375 1210 1505 1245 quaeritur
1532 1211 1605 1237 clare
1632 1214 1658 1237 et
1675 1209 1745 1236 dilu-

953 1259 1013 1287 cide
1033 1259 1197 1294 perspicere,
1214 1258 1309 1285 multis
1327 1257 1431 1284 notitiis
1444 1256 1605 1284 ineffabilem
1620 1259 1744 1282 naturam

954 1304 1046 1331 multis
1061 1303 1149 1330 modis
1169 1307 1195 1331 et
1212 1302 1391 1330 multifariam
1417 1302 1528 1336 expetit,
1553 1309 1607 1328 non
1626 1308 1680 1328 una
1695 1300 1746 1327 ali-

953 1357 1005 1385 qua
1036 1349 1227 1383 intelligentia.
1258 1349 1330 1384 quod
1363 1348 1521 1375 abstrusum
1552 1352 1604 1379 est,
1630 1354 1742 1374 venans.

952 1395 1019 1422 Nam
1035 1402 1101 1422 sane
1115 1394 1203 1422 facilis
1223 1398 1296 1422 esset
1312 1393 1537 1429 comprehensio,
1561 1394 1670 1421 si-unus
1682 1392 1744 1427 qui-

953 1439 1014 1467 dam
1031 1439 1109 1467 nobis
1125 1439 1158 1467 ad
1176 1439 1296 1467 divinam
1310 1438 1503 1473 cogitationem
1520 1438 1609 1465 aditus
1620 1443 1744 1465 seoretus
1785 1432 1787 1434 ’

952 1489 1036 1512 esset.
1067 1485 1146 1512 Nunc
1175 1488 1265 1512 autem
1296 1491 1343 1518 per
1360 1487 1535 1518 apparentem
1561 1483 1588 1510 in
1616 1483 1745 1510 universo

952 1530 1016 1557 orbe
1030 1529 1204 1564 sapientiam,
1222 1529 1248 1555 id
1263 1529 1374 1563 sapiens
1384 1528 1524 1563 essequod
1534 1529 1662 1555 universo
1676 1536 1745 1563 prae-

951 1576 1031 1606 sidet,
1042 1575 1236 1602 intelleximus.
1248 1574 1300 1601 Sed
1311 1582 1358 1610 per
1367 1574 1532 1601 mirabilium
1542 1573 1744 1601 mirificcntiam

951 1621 1080 1656 potentia:
1097 1620 1329 1655 significationem
1341 1620 1510 1655 accepimus.
1539 1619 1576 1647 Ex
1587 1620 1634 1647 illo
1652 1624 1743 1647 autem

107 1663 266 1691 universum
280 1665 396 1699 pendere
410 1665 482 1700 quod
495 1665 650 1698 credamus,
666 1666 849 1694 certissimum
863 1667 892 1694 fit
908 1670 1111 1702 argumentum,
1131 1666 1234 1693 nullan
1266 1673 1328 1694 esse
1358 1666 1419 1700 ejus
1433 1666 1602 1694 exsistentiaa
1617 1673 1742 1694 causam.

143 1709 227 1735 Πάλιν
240 1709 271 1736 τὸ
281 1710 421 1745 βδελυκτὸν
434 1711 483 1744 τῆς
499 1711 597 1743 κακίας
611 1712 766 1747 νοήσαντες,
776 1713 806 1739 τὸ
817 1713 899 1740 ἀναλ-

106 1754 217 1781 λοίωτον
237 1756 318 1782 αὐτοῦ
341 1756 389 1782 καὶ
410 1756 509 1791 ἀμιγὲς
525 1757 593 1792 πρὸς
608 1758 705 1784 κακίαν
724 1758 899 1794 καταλαμὸά-

105 1808 200 1835 νομεν,
213 1802 262 1837 τήν
276 1810 305 1828 τε
319 1801 364 1828 τοῦ
382 1802 495 1829 θανάτου
516 1803 664 1839 διαφθορὰν
679 1803 772 1831 κακῶν
786 1804 899 1839 ἔσχατον

106 1844 177 1872 εἶναι
199 1847 375 1882 νομίσαντες,
400 1848 533 1875 ἀθάνατόν
561 1857 591 1875 τε
618 1849 664 1876 καὶ
692 1849 831 1884 ἄφθαρτον
854 1850 899 1876 τὸν

104 1891 245 1926 ἀλλότριον
258 1892 356 1924 παντὸς
377 1892 496 1919 τοιούτου
517 1893 652 1928 νοήματος
666 1894 856 1929 ὠνομάσαμεν,
868 1895 899 1921 οὐ

104 1936 137 1963 τὺ
152 1937 329 1973 ὑποκείμενον
348 1941 408 1971 ταῖς
428 1939 543 1971 ἐννοίαις
561 1939 672 1971 ταύταις
698 1939 899 1975 συνδιασχίζον-

103 1992 161 2015 τες,
174 1984 231 2010 ἀλλ’
243 1985 256 2011 ὅ
266 1985 291 2011 τί
307 1993 370 2012 ποτε
389 1986 448 2012 κατ’
464 1986 556 2013 οὐσίαν
572 1986 656 2018 ἐστὶν,
678 1986 709 2013 ἓν
731 1985 798 2014 εἶναι
817 1996 899 2014 πεπι-

105 2028 260 2061 στευκότες,
282 2029 348 2065 πρὸς
368 2029 458 2061 πάσας
481 2029 530 2062 τὰς
551 2030 676 2062 τοιαύτας
698 2031 846 2066 ὑπολήψεις
869 2033 899 2058 τὸ

103 2073 200 2108 νοηθὲν
216 2074 320 2106 οἰκείως
339 2074 410 2110 ἔχειν
433 2076 631 2111 ὑπειλήφαμεν.
649 2077 686 2103 Οὐ
707 2077 762 2112 γὰρ
783 2077 898 2112 μάχεται

103 2119 175 2154 πρὸς
195 2120 294 2155 ἄλληλα
321 2120 355 2147 τὰ
375 2121 494 2156 ὀνόματα
518 2122 587 2148 κατὰ
605 2122 654 2158 τὴν
676 2123 730 2148 τῶν
751 2123 896 2150 ἀντιθέτων

984 1712 1090 1739 Rursus
1102 1711 1335 1739 abominationem
1350 1714 1376 1738 et
1391 1712 1608 1739 exsecrationem
1637 1712 1743 1746 peccati

949 1766 1012 1785 cum
1032 1759 1289 1789 animadvertimus,
1316 1757 1567 1784 incommutabilem
1586 1756 1645 1791 ejus
1658 1761 1739 1784 natu-

948 1812 1006 1831 ram
1026 1809 1052 1831 et
1066 1804 1100 1831 ab
1120 1803 1194 1830 omni
1208 1803 1269 1830 labe
1280 1803 1386 1837 peccati
1401 1807 1552 1837 separatam
1566 1802 1744 1837 comprehen-

948 1849 1050 1881 dimus,
1070 1853 1096 1876 et
1127 1848 1226 1876 mortis
1255 1848 1405 1883 perniciem
1431 1848 1564 1874 malorum
1589 1852 1742 1875 extremum

951 1895 1087 1927 arbitrati,
1114 1894 1296 1922 immortalem
1314 1898 1341 1921 et
1362 1893 1609 1928 incorruptibilem,
1623 1893 1741 1920 alienum

950 1940 985 1967 ab
996 1940 1069 1967 omni
1085 1940 1150 1967 mali
1164 1939 1276 1966 notione
1291 1939 1504 1971 nominavimus,
1520 1945 1575 1965 non
1589 1937 1743 1972 subjectum

951 1985 993 2013 his
1005 1985 1109 2013 notitiis
1123 1984 1323 2018 discindentes,
1334 1984 1381 2012 sed
1394 1984 1467 2019 quod
1483 1983 1633 2011 secundum
1644 1990 1742 2010 esseu-

949 2031 1014 2058 tiam
1030 2035 1082 2062 est.
1102 2039 1186 2058 unum
1202 2038 1263 2059 esse
1277 2031 1433 2064 credentes,
1447 2030 1472 2057 id
1485 2030 1556 2064 quod
1572 2030 1741 2057 intellectum

949 2081 1002 2110 est,
1022 2076 1125 2111 aliquid
1140 2076 1244 2112 proprii
1268 2076 1368 2104 habere
1384 2084 1445 2103 cum
1459 2075 1584 2103 omnibus
1602 2075 1676 2103 hisce
1691 2083 1742 2103 no-

950 2123 1072 2150 tionibus
1090 2123 1320 2151 existimavimus.
1336 2122 1396 2149 Non
1415 2122 1487 2149 enim
1502 2122 1573 2150 inter
1589 2130 1618 2149 se
1631 2122 1741 2149 nomina

103 2165 195 2199 φύσιν,
208 2165 245 2197 ὡς
263 2167 286 2192 εί
306 2166 336 2192 τὸ
356 2167 384 2194 ἓν
399 2168 525 2202 ὑπάρχει,
545 2167 581 2203 μὴ
595 2168 628 2195 ἂν
641 2168 679 2203 τῷ
695 2168 769 2204 αὐτῷ
781 2169 897 2196 συνθεω-

952 2173 1082 2204 pugnant,
1112 2168 1265 2196 secundum
1289 2167 1477 2202 oppositorum
1503 2172 1641 2199 naturam,
1671 2166 1700 2194 ut
1717 2168 1741 2196 si

104 2211 221 2247 ρηθῆναι
242 2213 272 2239 τὸ
290 2213 399 2249 ἕτερον·
417 2214 454 2246 ὡς
467 2215 517 2241 οὐκ
538 2214 673 2249 ἐνδέχεται
686 2214 758 2250 ζωὴν
771 2215 829 2250 ἅμα
850 2216 896 2242 καὶ

103 2257 218 2284 θάνατον
231 2259 293 2293 περὶ
308 2259 352 2286 τὸν
366 2260 446 2291 αὺτὸν
465 2261 601 2295 νοηθῆναι,
616 2260 684 2287 ἀλλὰ
697 2260 807 2296 τοιαύτη
823 2262 895 2288 ἐστὶν

102 2304 219 2330 ἑκάστου
241 2304 293 2331 τῶν
315 2305 361 2331 ἐπὶ
386 2306 436 2340 τῆς
464 2306 538 2338 θείας
564 2306 670 2341 φύσεως
698 2306 851 2342 λεγομένων
878 2309 894 2343 ἡ

102 2349 230 2384 ἔμφασις,
243 2350 312 2377 ὥστε
325 2351 376 2378 κᾶν
392 2351 480 2387 ίδιάζῃ
493 2351 531 2387 τῷ
546 2352 746 2388 σημαινομένῳ,
762 2353 895 2389 μηδεμίαν

103 2396 189 2431 [σχειν
205 2396 273 2431 πρὸς
286 2397 316 2423 τὸ
339 2397 584 2434 συνονομαζόμενον
603 2399 768 2426 ἐναντίωσιν,
790 2400 822 2425 Τί
841 2399 895 2435 γὰρ

102 2441 270 2468 ἐναντιοῦται
286 2442 325 2477 τῷ
345 2443 485 2478 ἀσωμάτῳ
508 2444 539 2469 τὸ
561 2444 675 2476 δίκαιον,
700 2444 750 2472 κᾶν
772 2445 808 2480 μὴ
827 2454 894 2480 συμ-

100 2487 182 2524 ϐαίνῃ
204 2488 273 2528 κατὰ
294 2489 342 2524 τὴν
362 2488 464 2515 ἔννοιαν
484 2489 607 2525 ἀλλήλοις
623 2490 656 2516 τὰ
674 2491 798 2526 ῥήματας
813 2491 894 2517 Ποίαν

98 2532 127 2558 ὀὲ
145 2533 235 2568 μάχην
257 2533 271 2567 ἡ
293 2533 429 2568 ἀγαθότης
443 2533 499 2568 ἔχει
521 2534 589 2569 πρὸς
610 2534 640 2560 τὸ
657 2534 785 2568 ἁόρατον;
801 2534 894 2566 Οὕτως

98 2576 160 2603 οὐδὲ
177 2577 207 2603 τὸ
221 2577 305 2603 ἀΐδιον
322 2578 370 2612 τῆς
388 2578 461 2610 θείας
477 2578 549 2613 ζωῆς
564 2578 666 2610 διπλοῖς
680 2579 791 2616 ὀνόμασί
804 2588 832 2606 τε
848 2579 894 2605 καὶ

97 2624 217 2657 νοήμασι
230 2623 439 2659 γνωριζόμενον,
460 2623 499 2659 τῷ
521 2624 691 2660 ἀτελευτήτῳ
716 2625 762 2651 καὶ
786 2624 824 2660 τῷ
847 2626 893 2651 ἀν-

97 2669 195 2703 άρχῳ.
218 2671 251 2705 τῇ
273 2669 388 2704 διαφορᾷ
408 2669 462 2695 τῶν
489 2670 626 2704 ὀνομάτων
654 2670 890 2705 συνδιατέμνεται“

96 2715 145 2741 καὶ
164 2715 228 2741 οὐδὲ
242 2715 339 2741 ταύτόν
360 2715 418 2741 ἐστι
439 2715 478 2750 τῷ
494 2715 579 2750 ἑτέρῳ
595 2715 663 2743 κατὰ
683 2716 732 2751 τὴν
756 2716 891 2751 σημασίαν

94 2761 123 2785 τὸ
139 2760 234 2795 ἕτερον
252 2756 346 2795 ὄνομα.
363 2760 399 2786 Τὺ
419 2760 468 2795 μὲν
492 2760 545 2796 γὰρ
567 2761 617 2796 τὴν
637 2761 686 2796 τῆς
710 2761 804 2796 ἀρχῆς,
822 2761 851 2787 τὸ
863 2760 890 2787 δὲ

94 2805 144 2842 τὴν
157 2806 205 2833 τοῦ
221 2806 315 2838 τέλους
338 2806 513 2842 ἀλλοτρίωσιν
537 2806 648 2838 ἕδειξενν
672 2806 732 2833 οὗτε
758 2807 889 2843 μερισμῶι

949 2221 1033 2241 υιιυιη
1060 2215 1150 2245 adest,
1175 2220 1230 2240 non
1245 2214 1272 2240 in
1289 2213 1385 2240 eodem
1412 2212 1580 2247 intelligatur
1597 2212 1713 2239 alterum
1732 2222 1738 2240 :

948 2261 1020 2287 sicut
1032 2260 1059 2286 in
1072 2259 1167 2287 eodem
1182 2259 1266 2286 vitam
1284 2258 1366 2285 simul
1385 2261 1412 2284 et
1426 2261 1540 2285 mortem
1556 2257 1670 2292 intelligi
1682 2264 1737 2284 non

947 2305 1090 2340 contingit,
1104 2305 1152 2333 sed
1171 2305 1236 2333 talis
1249 2309 1292 2332 est
1306 2304 1526 2339 uniuscujusque
1540 2311 1634 2331 eorum
1652 2303 1740 2330 nomi-

947 2358 1011 2377 num
1029 2358 1089 2384 quae
1115 2350 1147 2377 de
1170 2350 1261 2377 divina
1287 2355 1384 2377 natura
1402 2349 1533 2376 dicuntur
1561 2349 1738 2384 significalio.

950 2401 980 2423 ut
1001 2397 1108 2424 tametsi
1121 2396 1276 2432 significatu
1293 2399 1449 2431 separatum
1462 2396 1508 2428 sit,
1527 2396 1631 2422 nullam
1647 2399 1738 2422 tamen

946 2443 1077 2470 adversus
1094 2441 1168 2469 aliud
1183 2442 1255 2477 quod
1272 2441 1354 2469 simul
1367 2449 1430 2468 cum
1445 2448 1478 2468 co
1503 2442 1672 2473 neminatur,
1691 2441 1739 2467 lia-

945 2488 1008 2516 beat
1025 2487 1258 2515 contrarietatem.
1271 2487 1341 2520 Quid
1358 2487 1430 2515 enim
1456 2486 1618 2521 incorporeo
1642 2486 1739 2513 adver-

945 2538 1021 2561 satur
1030 2533 1147 2568 justtim.
1159 2533 1210 2561 etsi
1228 2533 1300 2560 inter
1312 2541 1341 2560 se
1352 2532 1504 2559 secundum
1520 2532 1644 2559 notitiam
1657 2532 1737 2559 verba

944 2587 997 2607 non
1012 2579 1196 2607 conveniant?
1214 2578 1300 2612 Quam
1319 2583 1409 2606 autem
1427 2577 1507 2604 habet
1521 2585 1583 2604 cum
1602 2577 1736 2605 invisibili

944 2626 1150 2662 repugnantiam
1164 2625 1292 2652 bonitas?
1309 2625 1355 2652 Sic
1369 2632 1458 2659 neque
1469 2623 1568 2651 divinae
1582 2622 1643 2650 vitae
1657 2628 1739 2650 teter-

943 2671 1070 2702 ternitas,
1087 2670 1150 2698 licet
1166 2670 1273 2697 duobus
1291 2669 1449 2697 nominibus
1461 2673 1488 2696 et
1513 2669 1673 2697 nationibus
1691 2670 1735 2696 di-

944 2720 1101 2752 gnoscatur,
1115 2717 1149 2743 ab
1162 2724 1195 2744 eo
1219 2716 1292 2752 quod
1325 2715 1471 2743 terminum
1498 2723 1552 2743 non
1579 2715 1679 2746 habet,
1707 2719 1735 2742 et

944 2762 1079 2796 principio
1108 2767 1194 2794 caret,
1217 2761 1357 2788 nominum
1386 2759 1537 2788 differentia
1553 2760 1733 2794 discinditur;

942 2803 1029 2843 neque
1043 2807 1112 2835 idem
1128 2811 1169 2835 est
1184 2815 1245 2835 cum
1258 2807 1343 2834 altero
1356 2805 1506 2834 secundum
1524 2805 1732 2842 signiﬁcantiam
