1900 3073
79 138 148 165 ωῚῚ

622 138 761 167 CONTRA
779 136 982 173 EUNOHIUM,
996 139 1068 167 ΗΒ..
1082 140 1138 168 XII.

1634 135 1703 165 1678

76 195 164 227 οὕτως
180 194 419 232 ὀμολογηθήσεται,
445 198 511 234 μηδὲ
531 197 569 233 τῷ
580 198 725 232 Μονογενεῖ
735 197 795 233 Θεῷ
807 198 861 224 δεῖν

924 205 963 224 iro
987 199 1113 226 confesso
1127 198 1281 231 habebitur,
1305 205 1393 233 neque
1413 199 1541 232 oportere
1558 193 1704 230 Unigenito

81 243 300 277 προσμαρτυρεῖν
315 243 363 278 τὴν
383 243 506 278 θεότητα,
524 244 587 278 μιᾶς
600 244 645 270 καὶ
660 244 709 278 τῆς
722 244 806 278 αὐτῆς
815 243 866 277 τῆς

76 287 148 314 κατὰ
164 288 212 322 τὴν
224 288 362 323 ἐνέργειαν
375 290 510 324 σημαίας
525 290 680 325 ἀμφοτέρας
691 289 729 324 τῷ
741 289 800 324 Θεῷ
817 289 866 321 τὰς

77 333 190 367 κλήσεις
206 334 275 360 κατὰ
285 335 329 361 τὸν
349 335 481 370 Εὐνομίου
498 336 576 370 λόγον
592 335 864 371 προσμαρτυρούσης,

77 377 139 403 καθ’
150 377 182 412 ἣν
194 377 240 404 καὶ
252 378 355 414 Πατὴρ,
367 380 412 405 καὶ
421 380 590 416 Δημιουργὺς
601 380 772 415 ὀνομάζεται.
788 380 868 406 Ἀλλὰ

76 422 134 449 τῶν
154 424 343 459 προκειμένων
358 425 494 460 ἐχώμεθα.

114 469 269 496 Διαὸάλλων
283 470 336 505 γὰρ
355 471 400 497 τὸν
417 471 550 506 ἡμέτερον
564 472 642 505 λόγον
658 472 704 498 τὸν
719 472 789 499 κατὰ
809 472 867 499 δια-

78 515 181 550 φόρους
197 515 324 548 ἐπιϐολὰς
336 516 448 551 λέγοντα
464 517 512 552 τὴν
530 518 594 553 περὶ
606 518 673 544 Θεοῦ
689 518 789 552 γνῶσιν
804 518 868 554 ἡμῖν

78 559 300 595 συναγείρεσθαι,
312 561 376 597 φησί
393 561 488 597 μηκέτ’
506 562 586 589 αὐτὸν
600 562 665 597 παρ’
678 562 756 597 ἡμῶν
768 562 870 589 ἁπλοῦν

77 601 150 630 εἶναι
162 605 424 639 κατασκευάζεσθαι,
434 606 471 637 ὡς
488 606 731 641 μεταλαμϐάνοντα
743 607 796 632 τῶν
808 615 870 642 νοη-

79 651 176 686 μάτων
190 651 244 677 τῶν
258 651 291 678 δι’
310 652 429 687 ἑκάστης
448 652 632 688 προσηγορίας
652 651 868 687 σημαινομένων,

78 697 129 723 καὶ
138 696 181 722 διὰ
194 696 243 731 τῆς
261 696 372 724 ἐκείνων
394 697 538 732 μετουσίας
560 696 770 733 συμπληροῦντα
783 696 871 732 ἐαυτῷ

77 740 129 775 τὴν
143 741 212 767 κατὰ
228 741 257 767 τὺ
268 739 336 768 εἶναι
350 741 499 768 τελείωσιν.
517 741 611 767 Ταῦτα
624 741 667 767 διὰ
685 740 735 775 τῆς
751 739 870 774 ἐμαυτοῦ

77 786 182 819 λέξεως
209 787 363 822 συντέμνων
386 788 466 814 αὑτοῦ
494 787 542 823 τὴν
572 786 682 822 μακρὰν
703 785 870 820 ἀδολεσχίαν,

86 832 168 858 Ἀλλὰ
196 833 263 868 πρὸς
285 832 332 868 τὴν
355 833 470 868 ματαίαν
490 832 591 866 ταύτην
609 832 683 867 οἶμαι
711 832 758 858 καὶ
780 831 872 858 ἄτονον

79 878 298 914 περιττολογίαν,
316 879 376 905 οὐδὲ,
391 878 439 914 τὴν
463 879 623 914 ἀντίρρησιν
642 877 672 904 ἄν
693 886 755 904 τινα
769 877 822 903 τῶν
842 875 871 903 εὖ
889 869 909 896 Β

79 925 251 960 φρονούντων
274 924 326 957 ἔξω
346 925 395 960 τῆς
422 924 492 950 κατὰ
519 925 569 958 τὴν
595 923 686 950 ἄνοιαν
707 923 873 959 κατηγορίας

79 968 258 1003 ποιήσασθαι.
275 969 305 995 Εἰ
318 969 366 1004 μὲν
381 969 433 1004 γάρ
442 977 468 995 τι
482 967 599 995 τοιοῦτον
609 970 637 995 ὲν
650 969 704 999 τοῖς
713 960 781 1004 mp"
790 968 868 1004 ἡμῶν

79 1015 237 1050 εἰρημένοις
256 1012 300 1050 ἦν,
325 1014 378 1041 ἔδει
396 1015 504 1046 πάντως
524 1015 597 1050 ἡμᾶς
619 1013 635 1049 ἦ
654 1013 826 1041 ἀνατίθεσθαι
839 1013 872 1040 τὰ

79 1061 176 1092 κακῶς
193 1061 334 1096 εἰρημένα,
351 1060 368 1095 ἢ
385 1061 414 1086 τὸ
430 1060 579 1095 ἀμφίϐολον
594 1060 643 1095 τῆς
663 1059 782 1090 διανοίας
804 1058 871 1094 πρὸς

78 1107 113 1134 τὸ
135 1106 280 1133 ἀνεύθυνον
306 1108 355 1141 τῆς
380 1106 527 1142 ἑρμηνείας
548 1107 634 1140 ἄγειν.
664 1106 740 1132 Ἑπεί
763 1105 791 1131 δὲ
811 1105 872 1132 οὔτε

79 1152 190 1188 εἴρηται
216 1153 281 1188 παρ’
306 1152 384 1188 ήμῶν
413 1152 532 1179 τοιοῦτον
559 1152 653 1184 οὐδὲν,
684 1151 746 1178 οὒτε
775 1152 792 1187 ἡ
819 1151 871 1178 τῶν

79 1199 235 1234 εἰρημένων
263 1198 407 1225 ἀκολουθία
437 1198 506 1234 πρὸς
528 1198 577 1233 τὴν
598 1197 725 1233 τοιαύτην
750 1198 871 1233 ἀνάγκην

81 1243 179 1275 ἐξωθεῖ
197 1242 245 1278 τὴν
265 1243 390 1275 διάνοιαν,
404 1243 429 1269 τί
448 1243 487 1269 δεῖ
508 1244 565 1274 τοῖς
582 1243 806 1278 ὁμολογουμένοις
830 1245 870 1269 εν-

80 1286 251 1323 διατρίόοντα
261 1287 417 1314 ἀποκναίειν
431 1288 491 1319 τοὺς
503 1287 715 1323 ἐντυγχάνοντας
729 1289 762 1323 τῇ
778 1296 869 1323 παρα-

80 1331 160 1358 τάσει
173 1331 218 1358 τοῦ
232 1331 310 1368 λόγον
325 1341 333 1364 ;
350 1332 398 1363 Τίς
410 1332 463 1367 γὰρ
479 1332 563 1364 οὕτως
580 1332 632 1364 ἔξω
650 1333 767 1364 διανοίας
783 1333 868 1364 ἐστὶν,

80 1378 121 1409 ὡς
135 1378 255 1410 ἀκούσας
271 1378 314 1404 διὰ
332 1377 436 1405 πολλῶν
451 1379 594 1414 νοημάτων
607 1378 656 1409 τὰς
675 1379 796 1411 εὐσεϐεῖς
808 1380 871 1415 περί

81 1424 152 1451 θεοῦ
168 1425 315 1459 ὑπολήψεις
335 1423 518 1460 ἁθροίζεσθαι,
536 1425 662 1452 σύνθετον
679 1426 711 1452 ὲκ
735 1425 870 1461 διαφόρων

83 1470 117 1497 τὸ
132 1471 209 1497 Θεῖον
221 1470 336 1503 οἴεσθαι,
347 1471 364 1506 ἢ
380 1471 410 1496 ὲκ
422 1470 598 1506 μεταλήψεώς
612 1480 692 1498 τινων
706 1472 794 1507 ἐαυτῷ
811 1481 872 1498 συν-

918 243 1047 271 deitatem
1062 245 1220 276 attribuerc,
1236 251 1298 271 cum
1315 251 1370 270 una
1387 243 1538 277 eademque
1553 240 1703 269 secundum

917 289 1101 324 operationem
1112 288 1274 323 signiﬁcatio
1284 292 1414 323 utrasque
1427 287 1481 314 Deo
1496 286 1704 321 appellationes,

919 339 947 360 ut
962 334 1089 369 opinatur
1109 334 1269 367 Eunomius,
1288 334 1429 365 attribuat,
1449 332 1599 360 secundum
1622 339 1705 366 quam

917 383 943 406 et
956 379 1035 407 Pater
1049 384 1076 407 et
1091 379 1182 414 opifex
1197 380 1361 407 nominatur.
1380 378 1434 406 Sed
1450 378 1590 412 proposita
1606 381 1702 405 tenea-

919 433 990 452 mus.

955 470 1084 498 Nostrum
1097 471 1169 499 enim
1179 479 1332 498 sermonem
1347 471 1530 502 calumniam,
1543 469 1589 505 qui
1603 477 1704 497 secun-

920 516 983 544 dum
1009 516 1166 544 ditl'nrentes
1196 517 1351 545 intellectus
1382 517 1578 552 applicationcs
1607 515 1704 543 asserit

921 562 968 590 Dei
984 562 1166 597 cognitionem
1184 563 1210 590 in
1232 564 1316 591 nobis
1324 564 1448 595 excitari,
1466 563 1504 590 ait
1520 571 1572 589 non
1588 562 1705 597 amplius

921 608 1010 643 ipsum
1029 617 1043 636 a
1061 609 1139 636 nobis
1154 609 1305 643 simplicem
1320 618 1380 636 esse
1399 609 1535 644 praestrui,
1553 609 1616 643 quia
1631 608 1705 635 vide;

921 652 984 680 licet
1004 654 1131 681 notiones
1143 661 1203 688 qua:
1218 661 1266 688 per
1284 661 1419 688 quamque
1443 652 1650 687 appellationem
1668 651 1706 678 si-

921 698 1094 734 gniﬁcantur,
1111 699 1179 727 alias
1192 703 1252 734 post
1268 699 1335 727 alias
1352 702 1484 730 assumat,
1498 702 1525 726 et
1542 705 1587 732 per
1599 698 1705 724 illarum

923 744 1153 780 participationem
1184 745 1235 772 sibi
1272 744 1325 780 ipsi
1351 744 1547 779 perfectionem
1580 743 1707 771 essentia:

922 791 1065 825 compleat.
1081 790 1143 817 Haac
1164 790 1282 825 propriis
1303 791 1394 818 verbis
1415 789 1538 821 recitavi,
1555 789 1704 816 roncidens

923 834 982 869 ejus
996 835 1130 869 prolixam
1150 834 1324 869 nugationem
1354 834 1411 861 sive
1437 832 1633 868 garrulitatem.
1654 832 1706 860 Sed

924 881 957 907 ad
983 881 1054 908 hanc
1080 888 1177 908 vanam
1199 884 1226 908 et
1252 879 1398 907 invalidam
1423 885 1708 914 superracaneamque

925 926 1104 961 loquentiam,
1123 933 1211 961 neque
1225 933 1387 960 quemquam
1402 925 1446 959 qui
1464 928 1537 951 recte
1551 924 1639 958 sapiat
1659 924 1708 950 de-

924 973 986 999 bere
1010 971 1224 999 contradicendo
1253 971 1417 1006 respondere
1450 970 1509 997 sine
1532 969 1708 996 accusatione

923 1018 1048 1045 amentiae
1074 1017 1204 1044 arbitror.
1232 1016 1261 1043 Si
1288 1016 1359 1044 enim
1382 1015 1447 1050 quid
1472 1015 1526 1042 tale
1554 1015 1581 1041 in
1607 1014 1709 1041 nostris

922 1062 1002 1090 dictis
1013 1066 1095 1095 esset,
1114 1066 1252 1097 oporteret
1266 1069 1316 1088 nos
1333 1061 1475 1088 maledicta
1489 1063 1650 1090 retractare,
1667 1059 1709 1085 vel

923 1107 993 1142 quod
1016 1107 1171 1142 ambiguam
1192 1106 1355 1135 sententiam
1375 1106 1466 1136 habet.
1489 1105 1523 1132 ad
1545 1104 1709 1138 interpreta-

923 1153 1005 1181 tionis
1017 1160 1163 1180 censuram
1184 1157 1210 1180 et
1222 1159 1336 1180 examen
1350 1157 1488 1178 revocare.
1510 1149 1563 1178 Sed
1578 1148 1707 1184 quoniam

923 1199 989 1226 nihil
1008 1199 1158 1234 quidquam
1175 1198 1228 1225 tale
1245 1205 1260 1224 a
1276 1197 1355 1225 nobis
1367 1196 1469 1223 dictum
1484 1199 1525 1223 est
1539 1216 1546 1226 ,
1570 1202 1658 1229 neque
1672 1194 1710 1220 di-

921 1249 1026 1273 ctorum
1043 1243 1201 1271 consecutio
1219 1243 1251 1270 ad
1268 1243 1350 1270 talem
1369 1241 1560 1270 necessitatem
1573 1240 1710 1274 compellit

921 1290 1127 1325 cogitationem,
1144 1289 1210 1324 quid
1232 1296 1302 1324 opus
1323 1292 1365 1316 est
1381 1288 1408 1315 in
1427 1287 1581 1315 manifestis
1596 1290 1624 1314 et
1642 1294 1716 1313 con-.

922 1336 1001 1364 fessis
1020 1336 1212 1362 immorantem
1227 1335 1346 1362 lectores
1361 1333 1441 1360 taedio
1453 1333 1558 1360 afﬁcere
1575 1333 1709 1359 sermonis

921 1382 1121 1418 protractione?
1134 1381 1201 1414 Quis
1220 1381 1292 1408 enim
1310 1371 1441 1408 ita‘extra
1464 1383 1584 1407 mentem
1603 1382 1657 1411 est,
1677 1382 1710 1405 ut

922 1436 983 1455 cum
999 1427 1114 1455 audierit
1130 1435 1178 1462 per
1195 1426 1295 1454 multas
1310 1426 1437 1453 notiones
1459 1425 1493 1453 de
1507 1425 1562 1452 Deo
1578 1425 1635 1459 pias
1651 1424 1710 1460 opi-

922 1475 1020 1502 niones
1037 1474 1172 1507 accrvari,
1187 1481 1221 1501 ex
1238 1473 1354 1500 diversis
1372 1480 1472 1499 numen
1488 1471 1634 1499 conﬂatum
1648 1478 1710 1498 esse

81 1516 207 1551 αγείρειν
224 1516 272 1551 τὴν
293 1516 448 1551 τελειότητα
461 1525 467 1550 ;
482 1515 587 1552 Εὕρατο
606 1525 647 1548 τις
663 1516 722 1544 καθ’
743 1518 870 1544 ὑπόθεσιν

924 1524 1009 1556 putet,
1026 1521 1067 1548 vel
1083 1528 1114 1548 ex
1130 1519 1365 1555 transsumptione
1387 1518 1566 1554 quorumdam
1587 1517 1638 1544 sibi
1657 1516 1707 1551 ipsi

82 1562 264 1598 γεωμετρίαν,
277 1563 291 1589 ὁ
307 1562 334 1588 δὲ
350 1562 430 1594 αὐτὸς
448 1559 523 1594 οὗτος
541 1563 698 1598 ὑπειλήφοω
715 1564 761 1590 καὶ
774 1564 871 1599 ἀστρο-

82 1608 180 1643 νομίας
193 1608 303 1644 εὑρετὴς
317 1606 396 1640 εἶναι,
408 1609 531 1644 ἰατρικῆς
545 1617 572 1635 τε
588 1609 667 1635 πάλιν
681 1609 727 1635 καὶ
744 1618 873 1645 γραμμα-

82 1655 174 1689 τικῆς,
193 1655 239 1680 καὶ
256 1654 402 1689 γεωργίας,
423 1654 469 1680 καὶ
487 1654 573 1681 ἄλλων
587 1655 713 1682 τοιούτων
731 1656 872 1691 ἐπιτηδεο-

85 1701 180 1736 μάτων
206 1701 295 1728 τινῶν.
326 1698 389 1736 *Δρ*
409 1701 503 1736 ἐπειδὴ
525 1700 610 1727 πολλὰ
633 1702 680 1728 καὶ
704 1702 819 1738 διάφορα
839 1703 872 1730 τὰ

82 1746 205 1780 ὀνόματα
219 1746 272 1772 τῶν
285 1746 506 1780 ἐπιτηδευμάτων
520 1746 584 1780 περὶ
594 1747 644 1782 τὴν
660 1747 723 1781 μίαν
731 1747 871 1783 θεωρεῖται

83 1793 190 1827 ψυχὴν,
215 1792 338 1823 σύνθετος
361 1791 404 1818 διὰ
429 1792 506 1818 τοῦτο
528 1793 544 1827 ὴ
569 1792 641 1827 ψυχὴ
664 1793 870 1828 νομισθήσεται;

84 1839 183 1866 Καίτοι
197 1847 228 1872 γε
248 1838 372 1864 πλεῖστον
393 1838 514 1873 διαφέρει
530 1838 560 1864 τὸ
582 1838 653 1864 κατὰ
671 1838 719 1873 τὴν
750 1839 872 1875 ἰατρικὴν

85 1884 285 1920 σημαινόμενον
305 1884 355 1918 τῆς
381 1883 579 1919 ἀστρονομικῆς
607 1884 772 1920 ἐπιστήμης,
792 1885 838 1912 καὶ
855 1887 871 1921 ὴ

83 1929 267 1966 γραμματικὴ
283 1930 350 1966 πρὸς
370 1929 419 1966 τὴν
433 1929 603 1964 γεωμετρίαν
617 1930 745 1965 οὐδεμίαν
758 1931 828 1957 κατὰ
841 1931 872 1958 τὸ

87 1976 285 2011 σημαινόμενον
306 1976 354 2010 τὴν
373 1974 512 2002 κοινωνίαν
529 1975 585 2010 ἔχει
597 1982 603 1989 ·
630 1976 683 2002 οὐδ’
708 1974 740 2003 αὖ
762 1977 871 2013 πάλινή

84 2022 220 2053 ναυτιλία,
233 2022 278 2048 καὶ
295 2022 311 2056 ἡ
324 2021 465 2056 γεοπονία·
482 2021 549 2048 ἀλλὰ
565 2022 618 2057 μὴν
631 2023 695 2058 περί
709 2023 757 2058 τὴν
773 2024 870 2060 ψυχὴν,

83 2067 189 2094 τούτων
206 2067 323 2102 ἑκάστης
338 2067 383 2092 τὸν
396 2067 473 2100 λόγον
495 2067 613 2094 δυνατδνι
627 2067 812 2103 ἀθροισθῆναι,
827 2070 872 2096 καὶ

85 2113 118 2139 οὐ
145 2112 188 2139 διὰ
206 2111 284 2139 τοῦτο
307 2111 500 2143 πολυσὺνθετος
527 2113 550 2147 ἡ,
571 2111 643 2148 ψυχὴ
664 2113 783 2147 γίνεται,
812 2115 872 2142 οὐδὲ

87 2159 177 2184 πάντα
187 2158 222 2184 τὰ
232 2157 349 2193 ὀνόματα
359 2157 411 2183 τῶν
423 2156 643 2192 ἐπιτηδευμάτων
654 2158 722 2193 πρὸς
733 2159 762 2185 ἓν
774 2168 872 2195 σημαι-

927 1566 1119 1602 perfectionem
1145 1565 1312 1601 congerere?
1334 1564 1471 1592 Ponamus
1490 1565 1607 1599 aliquem
1632 1563 1709 1591 inve-

926 1613 1000 1639 nisse
1013 1610 1201 1648 geometriam,
1218 1611 1262 1638 hic
1273 1610 1343 1638 idem
1357 1609 1711 1638 existimaui-astronomia:

926 1659 1051 1685 inventor
1066 1664 1137 1689 esse,
1154 1655 1298 1684 medicinae
1311 1663 1409 1684 rursus
1432 1660 1459 1684 et
1476 1655 1671 1690 grammatical,
1683 1660 1711 1682 et

926 1702 1148 1738 agriculturae,et
1161 1701 1275 1728 aliorum
1293 1700 1472 1736 quorumdam
1493 1699 1587 1727 talium
1605 1698 1711 1727 studio-

926 1757 997 1776 rum.
1017 1748 1058 1775 An
1074 1755 1135 1774 cum
1157 1747 1241 1774 multa
1257 1751 1283 1775 et
1300 1746 1458 1774 differentia
1473 1746 1583 1774 nomina
1604 1745 1711 1773 studio-

925 1802 997 1826 rum,
1014 1793 1041 1820 in
1059 1801 1112 1821 una
1122 1792 1330 1820 considerantur
1345 1791 1447 1824 anima,
1464 1795 1573 1826 propter
1588 1791 1639 1818 hoc
1649 1791 1710 1818 ani-

926 1847 968 1866 ma
979 1838 1130 1873 composita
1139 1837 1359 1865 existimabitur?
1368 1837 1449 1871 Atqui
1461 1837 1607 1871 plurimum
1620 1835 1711 1863 differt

925 1885 1069 1912 medicina
1084 1882 1266 1918 signiﬁcatum
1282 1881 1317 1909 ab
1331 1882 1517 1909 astronomica
1537 1881 1663 1914 scientia,
1683 1885 1710 1908 et

926 1930 1104 1966 grammatica
1115 1936 1177 1956 cum
1187 1928 1334 1963 geometria
1350 1927 1451 1955 nullam
1464 1928 1614 1955 secundum
1625 1928 1710 1962 signi-

926 1977 1034 2004 ﬁcatum
1051 1971 1271 2003 communionem
1296 1974 1388 2007 habet,
1411 1981 1500 2009 neque
1510 1981 1616 2002 .rnrsus
1631 1974 1709 2000 navi-

925 2023 998 2057 gatio
1018 2026 1044 2049 et
1060 2021 1228 2057 agricultura
1241 2030 1248 2048 :
1263 2025 1451 2048 verumtamen
1464 2020 1520 2047 ﬁeri
1532 2023 1621 2054 potest
1635 2024 1664 2047 ut
1681 2020 1707 2047 in

926 2076 979 2096 una
994 2068 1143 2102 eademque
1160 2067 1252 2094 anima
1273 2066 1370 2093 harum
1394 2065 1516 2093 omnium
1532 2065 1708 2093 scientiarum

926 2115 997 2142 ratio
1011 2118 1185 2148 congeratur,
1204 2119 1292 2146 neque
1309 2115 1452 2146 propterea
1474 2110 1564 2137 anima
1580 2110 1615 2138 sit
1631 2117 1709 2137 com-

926 2160 1024 2195 posita,
1053 2166 1140 2194 neque
1168 2157 1258 2185 omnia
1274 2157 1485 2190 disciplinarum
1508 2159 1535 2183 et
1555 2155 1707 2182 studiorum

87 2202 199 2237 νόμενον
220 2203 409 2238 ἀνακιρνᾶται.
440 2202 472 2228 Εἰ
489 2201 578 2228 τοίνυν
597 2203 611 2228 ὁ
629 2203 796 2239 ἀνθρώπινος
811 2205 871 2237 νοῦς

925 2206 1035 2233 nomina
1053 2205 1079 2231 in
1101 2212 1155 2232 uno
1178 2203 1331 2239 significatu
1345 2202 1567 2230 commiscentur.
1584 2201 1613 2228 Si
1626 2201 1709 2236 igitur

87 2248 132 2275 διὰ
145 2247 277 2274 τοσούτων
300 2248 364 2283 περὶ
386 2247 467 2274 αὐτοῦ
490 2247 654 2283 λεγομένων,
680 2249 755 2276 οὐδὲν
773 2251 812 2282 εἰς
823 2250 872 2286 τὴν

88 2294 228 2328 ἁπλότητα
252 2293 410 2328 βλάπτεται,
429 2292 488 2324 πῶς
508 2293 540 2319 ἄν
555 2301 597 2324 τις
618 2293 722 2329 οἰηθείη
737 2294 782 2321 τὸν
796 2295 872 2329 θεὸν,

89 2341 113 2366 εἱ
127 2339 217 2373 σοφὸς,
240 2339 286 2365 καὶ
308 2339 421 2369 δίκαιος,
440 2339 487 2364 καὶ
510 2337 621 2371 ἀγαθὸς,
637 2339 684 2365 καὶ
706 2339 800 2372 ἀΐδιος,
827 2341 873 2368 καὶ

89 2385 178 2413 πάντα
193 2384 226 2411 τὰ
236 2385 373 2420 θεοπρεπῆ
385 2384 491 2411 καλοῖτο
503 2383 632 2418 ὀνόματα,
652 2385 676 2410 εἰ
689 2385 725 2420 μὴ
740 2385 790 2420 μία
807 2387 874 2413 πᾶσι

87 2430 230 2466 νομισθείη
237 2432 292 2461 τοῖς
301 2430 413 2465 ὀνόμασι
423 2428 578 2464 σημασία,ἧ
588 2429 730 2465 πολυμερῆ
739 2430 871 2465 γίνεσθαι,

88 2477 105 2511 ἦ
125 2477 157 2503 ἐκ
173 2476 316 2511 μετουσίας
331 2474 432 2502 τούτων
443 2474 472 2500 τὺ
484 2474 585 2500 τέλειον
597 2474 687 2510 ἐαυτῷ
702 2476 873 2511 συναγείρειν

88 2523 138 2558 τῆς
150 2522 257 2557 φύσεως
268 2532 274 2555 ,'

132 2610 200 2637 Ἀλλ’
215 2609 385 2645 ἐξετάσωμεν
400 2610 481 2636 αὑτοῦ
498 2610 544 2636 καὶ
557 2611 605 2647 τὴν
620 2612 799 2648 σφοδροτέραν
811 2613 873 2640 καθ’

89 2655 167 2691 ἡμῶν
185 2655 350 2690 κατηγορίαν
370 2655 484 2690 ἔχουσαν
498 2655 599 2688 οὕτως·
617 2658 653 2683 El
666 2657 700 2683 δὲ
710 2657 764 2690 δεῖ,
780 2659 872 2693 φησὶν,

89 2703 138 2729 ἐπὶ
148 2702 200 2729 τὸν
218 2701 442 2736 ἀποτομώτερον
460 2703 595 2737 χωρῆσαι
611 2704 713 2738 λόγον,
734 2704 805 2731 οὐδὲ
817 2705 874 2738 τὴν

91 2746 200 2773 οὐσίαν
209 2746 306 2779 αὐτὴν
314 2746 507 2780 ἀνεπίμικτον
517 2747 565 2774 καὶ
577 2748 709 2782 καθαρὰν
721 2749 873 2783 φυλάσσει

91 2792 150 2818 τῶν
164 2791 305 2825 χειρόνων
319 2791 367 2817 καὶ
385 2791 444 2817 τῶν
456 2791 609 2819 ἐναντίων.
635 2793 666 2819 Ἦ
685 2793 733 2828 μὲν
748 2792 793 2821 οὖν
807 2804 872 2822 κατ-

91 2837 191 2873 ηγορία
204 2834 335 2870 τοσαύτη·
355 2838 369 2864 ὁ
383 2837 410 2864 δὲ
433 2837 486 2864 τῶν
500 2838 678 2874 ἐγκλημάτων
692 2839 799 2874 ἔλεγχος
814 2842 871 2875 τί;;

925 2252 1043 2279 humana
1059 2258 1135 2278 mens
1153 2257 1201 2285 per
1220 2249 1332 2276 totidem
1351 2255 1411 2283 quae
1432 2249 1466 2276 de
1488 2249 1546 2282 ipsa
1566 2247 1707 2279 dicuntur,

923 2297 990 2324 nihil
1018 2297 1045 2323 in
1066 2303 1115 2324 sua
1139 2295 1314 2329 simplicitate
1343 2294 1461 2325 laeditur,
1486 2294 1623 2329 quomodo
1647 2293 1709 2328 quis

925 2341 1008 2369 Deum
1031 2340 1177 2376 putaverit,
1195 2339 1218 2367 si
1232 2339 1351 2373 sapiens,
1368 2338 1507 2372 etjustus,
1523 2341 1549 2365 et
1564 2338 1663 2369 bonus,
1680 2343 1706 2364 et

924 2387 1118 2421 sempiternus,
1137 2389 1164 2412 et
1182 2385 1311 2412 omnibus
1334 2384 1388 2412 Deo
1404 2384 1512 2412 decoris
1527 2388 1640 2412 vocetur
1656 2391 1706 2410 no-

924 2432 1054 2464 minibus,
1067 2431 1088 2459 si
1104 2438 1158 2458 non
1170 2430 1297 2457 omnibus
1310 2429 1385 2457 hisce
1403 2430 1559 2458 nominibus
1579 2437 1631 2456 una
1645 2430 1705 2456 exi-

924 2479 1034 2506 stimata
1064 2477 1146 2504 fuerit
1171 2483 1233 2504 esse
1256 2476 1438 2510 signiﬁcatio,
1467 2476 1559 2503 multis
1582 2474 1706 2510 partibus

923 2527 1063 2556 constare,
1082 2522 1124 2550 vel
1138 2530 1170 2550 ex
1186 2523 1282 2549 horum
1299 2522 1507 2557 participatione
1522 2525 1626 2547 natura:
1643 2526 1706 2553 per-

923 2570 1070 2597 fectionem
1087 2569 1138 2596 sibi
1153 2568 1345 2596 accumulare?

960 2616 1013 2643 Sed
1030 2616 1090 2650 ejus
1105 2615 1334 2642 vehementiorem
1359 2619 1453 2641 contra
1480 2620 1530 2639 nos
1549 2612 1702 2639 accusatio-

923 2669 985 2689 nem
997 2661 1197 2692 examinemus,
1214 2668 1275 2694 quae
1289 2660 1329 2687 sic
1347 2659 1437 2686 habet.
1454 2658 1531 2690 Quod
1549 2659 1583 2689 si,
1605 2657 1705 2692 inquit,

924 2707 957 2734 ad
976 2707 1127 2734 severiorem
1143 2711 1242 2740 oportet
1255 2705 1400 2732 orationem
1414 2704 1511 2736 venire,
1525 2711 1605 2738 neque
1623 2711 1707 2731 essen-

925 2753 988 2779 tiam
1001 2753 1085 2786 ipsam
1100 2752 1291 2786 impermistam
1306 2755 1330 2777 et
1343 2759 1359 2776 ιι
1374 2749 1549 2776 deterioribus
1561 2755 1586 2776 et
1600 2756 1708 2776 contra-

924 2799 971 2825 riis
984 2805 1077 2832 parum
1090 2802 1184 2824 seruat.
1201 2796 1263 2823 Harc
1281 2796 1363 2830 igitur
1380 2795 1520 2823 accusatio
1534 2800 1631 2822 contra
1643 2803 1703 2826 nos,

924 2843 1068 2871 criminum
1100 2846 1189 2870 autem
1218 2841 1447 2877 probatio,.qua:?
1474 2840 1627 2869 Videamus.
1647 2842 1706 2875 eius
