1900 3073
13 173 54 201 ’81
539 175 679 205 CONTRA
698 175 894 210 EUNOMIUM,
913 176 976 204 LIB.
995 177 1055 205 ΧΠ.

1546 182 1615 211 1082

13 234 124 265 ἰωκεν,
142 229 165 259 ὦ
179 233 306 270 Εὑνόμιε,
321 235 359 266 ὡς
378 235 416 271 μὴ
433 235 506 271 πάσῃ
522 235 731 272 συνθεωρεϊσοαι
746 238 780 272 τῇ

834 237 861 263 in
880 237 953 264 omni
970 237 1026 264 vita
1050 236 1097 264 Dei
1117 235 1403 272 incorruptibilitatem
1425 237 1616 268 considerari?

13 281 42 314 »ᾗ
63 280 114 306 τοῦ
129 280 196 306 Θεοῦ
211 281 259 315 τὴν
273 281 427 316 ἀφθαρσίαν
440 290 446 314 ;
457 281 504 314 Τίς
517 282 611 309 διελὼν
629 283 658 309 ὲν
671 282 717 309 δύο
733 282 782 318 τὴν

17 326 66 351 ξαν
86 326 160 361 ζωὴν
171 326 332 358 ἰδιαζούσαις
349 329 451 362 φωναῖς
470 328 634 363 ἐπονομάζει
649 328 702 354 τῶν
717 329 782 363 ἡμι-

16 380 83 405 μων
94 372 233 407 ἑκάτερον,
244 371 313 398 ὥστε
326 369 401 407 ᾧπερ
411 373 443 400 ἂν
451 374 576 409 τμήματι
591 374 669 401 τοῦτο
679 375 782 410 προσῆν

31 416 136 451 ὄνομα,
159 418 196 453 μὴ
218 419 359 453 προσεῖναι
376 419 465 453 λέγειν
481 419 555 455 αὐτῷ
567 420 613 447 καὶ
635 420 665 447 τὸ
678 420 780 456 ἕτερον,

13 471 34 497 ις
53 463 108 497 σῆς
123 462 192 498 αὕτη
212 463 388 499 διαλεκτικῆς
403 465 574 501 ήδριμύτης,
591 466 621 492 τὸ
634 466 682 502 τὴν
699 467 783 503 ἀνάρ-

13 518 41 541 ος
54 507 144 536 οὖσαν
159 509 241 545 ζωὴν,
254 509 377 546 φθαρτὴν
388 512 474 537 εἰπεῖν
488 509 567 544 εἶναι,
579 513 625 539 καὶ
638 514 669 548 τῇ
680 513 782 548 ἀφθάρ-

13 564 21 580 ›
46 555 89 590 μὴ
112 555 324 591 συνθεωρεῖσθαι
346 557 375 583 τὸ
399 557 516 592 ἄναρχον
530 565 537 573 ·
558 558 666 592 ὅμοιον,
688 558 782 594 ὥσπερ

13 611 15 621 ι
31 601 61 627 εἴ
75 610 120 633 τις
135 602 240 636 Λογικόν
256 611 285 628 τε
302 603 348 629 καὶ
365 603 411 629 νοῦ
428 604 475 630 καὶ⁷
490 604 646 639 ἐπιστήμης
660 603 781 631 δεκτικὸν

14 655 30 671 ν
50 646 198 680 ἄνθρωπον
214 644 283 673 εἶναι
297 647 381 681 λέγοι,
400 648 531 683 ἑκάτερον
546 649 707 684 ὲφαρμόζων
722 649 782 675 τού-

13 701 39 718 ›ν
67 691 126 718 τῶν
142 692 281 728 ὀνομάτων
299 693 338 728 τῷ
351 693 535 729 ὑποκειμένῳ,
562 695 632 722 κατὰ
655 694 782 729 διάφορον

13 737 125 773 ῑιῦο).ήν
142 746 170 764 τε
186 739 233 764 καὶ
247 738 361 770 ἔννοιαν,
373 739 467 766 ἔπειτα
484 739 559 775 παρά
572 748 642 771 τινος
661 740 780 766 τοιούτου

13 784 233 818 ιταχλευὰζοιτο,
250 784 392 817 διεξιόντος
406 786 439 812 τὰ
454 786 544 820 ὅμοια.
575 786 634 813 Ὀτι
653 787 677 812 εί
694 787 780 812 δεκτι-

13 838 33 860 ις
50 826 102 855 νοῦ
128 830 174 856 καὶ
198 831 350 865 ἐπιστήμης
371 832 384 856 ὁ
408 831 560 866 ἄνθρωπος,
586 831 693 864 λογικὸς
710 833 780 858 κατὰ

15 875 68 900 ζετο
82 872 154 902 εἶναι
168 876 199 902 οὐ
211 875 332 907 δύναται,
341 876 408 903 ἀλλὰ
421 876 488 902 καθὸ
500 876 622 908 δεκτικός
639 877 713 903 ἐστιν
725 877 780 903 ὲπι-

833 281 900 315 Quis
916 282 943 309 in
957 281 1011 309 duo
1026 282 1143 317 partitus
1161 281 1280 309 divinam
1300 283 1383 310 vitam
1400 284 1516 312 vocibus
1533 292 1614 320 sepa-

833 328 912 354 ratim
931 327 1150 363 signiﬁcantibus
1166 329 1375 356 semisectorum
1398 334 1543 365 utrumque
1564 338 1615 357 no-

833 375 929 408 tninat,
948 375 985 402 ita
1004 379 1032 402 ut
1051 374 1279 410 quemadmodum
1303 376 1324 403 si
1340 376 1386 403 uni
1409 382 1549 412 segmento
1564 378 1616 406 hoc

833 420 934 447 inesset
954 427 1064 454 nomen,
1080 420 1167 447 eidem
1184 421 1300 447 alterum
1314 428 1368 448 non
1381 428 1441 449 esse
1456 421 1545 450 dicat:
1558 423 1615 450 lucc

832 469 885 491 tua:
904 464 1053 493 dialecticae
1075 465 1224 498 subtilitas,
1250 465 1332 492 vitam
1359 474 1420 505 qua:
1443 470 1484 494 est
1511 467 1615 502 absque

832 511 967 546 principio
983 511 1188 546 corruptibilem
1206 519 1267 539 esse
1279 511 1379 543 dicere,
1393 517 1420 539 et
1441 519 1503 540 cum
1521 513 1615 540 incor-

833 556 954 590 ruptibili
967 556 1038 591 quod
1054 557 1182 591 principii
1198 561 1240 584 est
1254 565 1351 591 expers
1365 565 1418 584 non
1430 558 1612 586 considerari.

833 600 964 629 Similiter
983 610 1015 629 ac
1035 603 1057 629 si
1078 602 1140 636 quis
1166 602 1239 636 quod
1257 602 1373 630 rationis
1398 607 1439 630 est
1465 604 1613 638 particeps,

832 647 932 674 mentis
948 651 974 674 et
997 648 1118 675 scientia:
1134 655 1231 682 capax,
1252 647 1391 675 hominem
1415 656 1487 687 esse.
1500 649 1613 682 diceret,

833 696 981 726 utrumque
996 700 1094 720 nomen
1110 693 1232 727 subjecto
1242 693 1453 721 accommodans
1464 695 1614 722 secundum

832 737 1000 764 dilTereutcm
1019 738 1119 765 mentis
1141 742 1304 773 cnnceptum
1324 743 1351 766 et
1375 740 1614 774 excogitationem,

833 783 929 810 deinde
944 792 957 810 a
973 785 1067 811 nescio
1087 793 1141 818 quo
1162 785 1378 812 subsannaretur
1395 785 1452 812 haec
1470 789 1497 813 ct
1516 786 1615 813 similia

831 833 994 862 exponente.
1011 828 1088 861 Quod
1103 830 1126 856 si
1144 829 1242 856 mentis
1253 833 1280 856 et
1293 829 1413 857 scientia:
1426 831 1612 865 capaxhomo,

833 872 948 899 rationis
964 873 1099 908 particeps
1116 873 1266 901 serundum
1284 873 1400 908 idipsutn
1416 882 1477 902 esse
1499 883 1553 902 non
1571 883 1616 910 po-

13 923 113 956 ;ἠμης,
128 921 207 947 τοῦτο
223 922 300 956 μόνον
317 921 403 952 ἐσται,
420 923 450 948 τὸ
465 921 492 948 δὲ
508 921 600 957 ἕτερον
613 922 643 948 οὺ
660 923 780 958 χωρήσει

834 922 896 951 test,
914 918 961 946 sed
980 924 1114 953 quatenus
1130 919 1252 946 scientia:
1273 923 1314 946 est
1336 920 1473 955 particeps
1499 921 1551 948 hoc
1571 929 1615 948 so-

18 967 122 1000 φύσις·
140 967 186 993 καὶ
201 966 292 999 πάλιν,
313 967 454 1001 εὶλογικθιν
474 967 551 1003 ὁρίζῃ
568 967 612 993 τὸν
628 967 779 1003 ἄνθρωπον,

13 1013 83 1038 ικὲτι
117 1012 189 1046 αὐτῷ
221 1012 252 1038 τὸ
274 1012 396 1038 δεκτικὸν
430 1012 479 1038 τοῦ
511 1012 556 1039 νοῦ
582 1014 778 1048 συγχωρήσεις.

13 1058 66 1083 αοὸ
86 1057 141 1093 γὰρ
157 1057 263 1092 λογικός
290 1059 373 1089 ἐστιν,
391 1057 523 1092 ἀμέτοχος
540 1058 658 1090 διανοίας
675 1059 781 1086 ἀναδει-

13 1106 134 1138 Ιήσεται.
163 1104 193 1130 Et
216 1103 244 1130 δὲ
270 1103 400 1139 πρόδηλον
417 1104 446 1130 ὲν
464 1103 568 1135 τούτοις
582 1105 639 1131 ἐστι
658 1106 737 1132 παντὶ
752 1106 781 1133 τὸ

13 1148 98 1174 ’λοῐόν
109 1157 138 1175 τε
153 1149 201 1180 καὶ
216 1149 338 1184 ἀνόητον,
350 1149 410 1175 οὐδὲ
429 1150 472 1175 ἐπ’
490 1149 594 1176 ἐκείνου
611 1150 718 1181 πάντως
729 1152 781 1186 ἀμ-

13 1195 114 1220 ἰῆολον.
149 1194 292 1228 Ἀναγνοὺς
314 1194 367 1229 γὰρ
386 1194 432 1221 τοῦ
448 1195 606 1221 διδασκάλου
627 1195 675 1230 τὴν
690 1197 779 1231 ῥῆσιν,

13 1240 72 1266 ιιὰν
82 1240 210 1275 εὑρήσεις
222 1240 270 1275 τὴν
283 1239 391 1266 παιδιὰν
400 1239 446 1267 τοῦ
459 1240 633 1275 σοφίσματος.
648 1240 714 1267 Οὔτε
727 1242 780 1275 γὰρ

13 1297 15 1307 ι
33 1287 76 1321 τῷ
102 1286 172 1313 κατὰ
193 1287 238 1313 τὸν
258 1287 399 1322 ἄνθρωπον
413 1287 591 1325 ὑποδείγματι
608 1287 637 1314 τὸ
659 1287 780 1314 δεκτικὸν

13 1334 39 1367 '1;
54 1333 213 1367 ἐπιστήμης
226 1332 278 1358 ὑπὸ
297 1332 343 1358 τοῦ
364 1332 442 1366 λόγου
466 1333 607 1363 κωλύεται,
632 1333 648 1368 ἢ
668 1332 719 1359 ὑπὸ
734 1333 780 1359 τοῦ

18 1377 121 1404 κτικοῦ
143 1379 191 1413 τῆς
207 1378 324 1408 διανοίας
344 1378 358 1403 ὁ
377 1378 454 1411 λόγος
468 1386 474 1391 ε
498 1377 559 1404 οὔτε
580 1378 611 1404 τὸ
626 1378 710 1404 ἀΐδιον
732 1378 780 1413 τῆς

13 1424 68 1455 ιίςις
84 1422 166 1457 ζωῆς,
181 1422 197 1458 ἢ
214 1423 244 1449 τὸ
263 1423 398 1458 ἄφθαρτον
411 1423 460 1449 οὐκ
477 1423 542 1458 ἔχει,
558 1423 606 1449 ἐὰν
624 1423 741 1458 ἄναρχον
751 1422 779 1460 ᾖ,

25 1469 112 1503 εἴπερ
135 1468 183 1503 τὴν
204 1467 358 1503 ἀφθαρσίαν
379 1476 419 1498 τις
441 1468 508 1503 αὐτῇ
535 1468 735 1503 μαρτυρήσειε,
750 1468 780 1495 τὸ

13 1516 123 1551 ιὰρχως
138 1511 207 1541 εἶναι
226 1513 450 1549 ἀφαιρεθήσεται.
479 1513 547 1540 Ἀλλ’
559 1514 573 1540 ὁ
587 1514 620 1548 τῇ
637 1514 720 1550 τέχνῃ
731 1513 780 1548 τῆς

832 965 886 991 lum
914 965 976 996 erit,
1000 965 1116 991 alterum
1142 972 1205 992 vero
1222 972 1276 992 non
1301 965 1425 992 admittet
1450 970 1568 1000 natura;
1588 971 1615 994 et

832 1017 939 1042 rursus,
963 1010 985 1037 si
1009 1010 1125 1038 rationis
1142 1010 1301 1045 participem
1328 1010 1444 1040 deﬁnias
1464 1012 1613 1046 hominem,

831 1063 886 1082 non
904 1057 1119 1092 ampliusipsum
1136 1058 1234 1084 mentis
1251 1065 1311 1085 esse
1325 1065 1452 1093 capacem
1469 1059 1613 1087 concedis:

831 1106 884 1137 q'ua
897 1105 969 1130 enim
985 1104 1100 1131 rationis
1108 1107 1150 1131 est
1163 1104 1310 1139 particeps,
1323 1104 1505 1140 intelligentia:
1517 1113 1615 1141 expers

831 1147 1076 1175 demonstrabitur.
1096 1148 1174 1181 Quod
1197 1148 1219 1175 si
1244 1149 1353 1184 planutn
1375 1153 1415 1176 est
1436 1150 1524 1177 cuivis
1541 1151 1614 1185 quod

832 1194 859 1220 in
875 1193 917 1220 hi's
929 1197 971 1221 est
987 1194 1132 1222 ridiculum
1145 1199 1285 1226 etamcns,
1301 1202 1390 1229 nequc
1401 1194 1428 1222 in
1444 1195 1490 1223 illo
1503 1203 1616 1230 prorsus

831 1239 883 1266 erit
895 1239 1063 1275 ambiguum.
1080 1240 1146 1267 Nam
1163 1240 1187 1268 si
1201 1240 1321 1267 doctoris
1338 1240 1485 1268 dictionem
1505 1242 1614 1277 legeris,

833 1286 956 1313 umbram
986 1286 1108 1314 invenies
1135 1286 1224 1313 cavilli
1246 1287 1348 1320 jocum.
1372 1286 1465 1321 Neque
1489 1287 1562 1314 enim
1586 1288 1613 1314 in

832 1333 954 1366 exemplo
968 1333 1000 1359 de
1021 1333 1130 1359 homine
1151 1332 1273 1359 scientiae
1288 1340 1374 1367 capax
1398 1340 1412 1359 a
1427 1333 1533 1360 ratione
1555 1341 1615 1368 pro-

832 1377 951 1408 hibetur,
979 1377 1020 1404 vel
1042 1385 1056 1404 a
1077 1378 1176 1405 mentis
1192 1377 1284 1411 capaci
1301 1378 1383 1405 ratio.
1405 1377 1498 1413 Neque
1515 1379 1615 1407 divinae

832 1422 893 1449 vita:
921 1423 1060 1450 zcteruitas
1083 1423 1125 1450 vel
1157 1423 1364 1457 incorruptibile
1389 1431 1445 1451 non
1470 1424 1562 1456 habet,
1590 1425 1612 1452 si

832 1468 959 1503 principii
984 1476 1081 1503 expers
1102 1468 1194 1500 fuerit,
1217 1469 1260 1496 vel
1285 1469 1308 1496 si
1329 1470 1614 1505 incorruptibilitatem

832 1513 893 1548 quis
906 1513 956 1548 ipsi
976 1513 1140 1545 attribuerit,
1163 1517 1260 1540 natura
1279 1514 1414 1550 principio
1428 1520 1538 1543 carenle
1551 1523 1614 1551 spo-

14 1560 168 1595 αλεκτικῆς
193 1559 329 1594 ἀγχινοίας
353 1559 493 1594 ἀναζητῶν
516 1558 564 1594 τὴν
588 1558 726 1594 ἀλήθειαν,
749 1559 780 1585 ὲκ

834 1559 953 1586 liabitur.
974 1559 1026 1586 Sed
1046 1559 1110 1586 dum
1128 1559 1276 1586 dialectica:
1300 1560 1418 1587 solertia:
1440 1564 1498 1588 arte
1517 1561 1615 1588 verita-

14 1606 45 1633 ὗν
64 1605 139 1632 ἰδίων
159 1605 197 1640 τῷ
214 1604 340 1640 ἡμετέρῳ
357 1604 428 1639 λόγῳ
451 1603 595 1639 παρενθεὶς
610 1603 628 1630 ἃ
647 1603 781 1636 ἐϐούλετο,

14 1650 85 1686 ιυτῷ
106 1650 220 1685 μάχεται
234 1650 281 1676 καὶ
296 1649 390 1675 ἑαυτὸν
401 1649 557 1683 ἀνατρέπει,
570 1649 624 1675 τῶν
639 1649 781 1684 ἡμετέρων

14 1698 21 1722 )
39 1694 277 1731 προσαπτόμενος.
294 1694 330 1720 Τὸ
347 1694 401 1729 γὰρ
417 1694 482 1729 παρ’
494 1694 571 1729 ἡμῶν
582 1694 656 1720 οὐδὲν
673 1692 707 1729 ἦν
721 1695 780 1722 ἓτε-

15 1751 40 1767 >ν
51 1762 58 1772 ,
84 1740 102 1776 ἢ
125 1741 154 1766 τὸ
179 1740 228 1775 τὴν
245 1739 371 1774 ἁνάρχως
389 1737 470 1765 οὖσαν
493 1739 574 1774 ζωὴν,
590 1739 736 1774 ἀγέννητον
747 1739 780 1765 δι’

15 1786 119 1817 τινοίας
132 1784 318 1820 ὀνομάζεσθαι,
342 1784 400 1819 οὐχὶ
419 1784 552 1818 γίνεσθαι,
567 1785 613 1811 καὶ
635 1784 683 1819 τὴν
700 1785 738 1815 εἰς
750 1784 782 1810 τὸ

15 1833 124 1868 5ριστον
149 1830 311 1866 προϊοῦσαν,
344 1831 378 1865 τῇ
400 1829 446 1856 τοῦ
471 1829 610 1865 ἀφθάρτου
639 1830 781 1865 σημαίνειν

16 1876 181 1912 ροσηγορίᾳ,
193 1877 222 1902 οὺ
241 1878 326 1902 ποιεῖν
337 1876 484 1914 ἄφθαρτον,
500 1876 568 1902 ἀλλὰ
585 1876 727 1911 σημαίνειν
738 1874 782 1902 οὗ-

15 1933 45 1949 ιν
61 1922 190 1957 τοιαύτην
204 1931 210 1937 ·
235 1921 304 1948 ὥστε
324 1922 353 1948 τὺ
372 1922 420 1956 μὲν
442 1922 566 1956 ἀόριστον
579 1922 638 1948 καθ’
653 1921 780 1956 ἑκάτερον

18 1978 65 1995 ναι
80 1968 129 2004 τὴν
149 1967 223 1994 θείαν
238 1967 320 2002 ζωὴν,
341 1967 388 1994 τυῦ
411 1967 589 2002 ὑποκειμένου
617 1966 681 1994 ι’διον
695 1965 778 1993 εἶναι·

16 2025 22 2041 ι
38 2015 70 2041 δὲ
85 2014 170 2045 οὕτως
191 2013 208 2049 ἢ
223 2013 309 2044 οὕτως
329 2013 361 2039 τὰ
375 2013 597 2048 ὲπιθεωρούμενα
617 2013 656 2048 τῷ
673 2013 782 2039 ὑποκει-

16 2062 71 2095 ένῳ
87 2060 207 2095 νοήματα
219 2058 355 2093 λέγεσθαι,
373 2058 437 2094 περ).
455 2059 504 2093 τὴν
522 2059 614 2094 φωνήν
627 2059 685 2085 ἐστι
698 2058 781 2093 μόνην

16 2116 43 2142 Ἰν
71 2106 237 2141 ὲνδεικτικὴν
264 2104 309 2131 τοῦ
336 2104 533 2140 σημαινομένου
560 2105 704 2139 νοήματος.
734 2105 781 2130 Ἐν

17 2154 89 2188 ιημα
106 2152 168 2184 περὶ
185 2152 234 2187 τὴν
252 2151 326 2178 θείαν
347 2150 430 2185 ζωὴν,
445 2150 476 2176 τὸ
496 2150 532 2186 μὴ
548 2149 577 2182 ἐξ
593 2150 681 2182 αἰτίας
696 2150 782 2183 αὐτὴν

18 2205 79 2228 ναι,
96 2195 172 2222 τοῦτο
188 2196 205 2231 ἡ
222 2195 268 2222 τοῦ
281 2195 427 2229 ἅγεννήτου
442 2194 512 2226 λέξις
526 2194 689 2220 ἐνδείκνυται
700 2203 706 2209 ·
724 2194 782 2220 ἓτε-

832 1609 886 1632 tem
902 1605 1031 1640 exquirit,
1056 1613 1089 1632 ex
1115 1605 1172 1632 suis
1198 1609 1292 1633 nostro
1316 1606 1435 1634 sermoni
1454 1614 1515 1641 qua).
1529 1607 1616 1635 voluit

833 1651 1011 1686 interpositis,
1033 1659 1124 1679 secum
1142 1651 1200 1686 ipse
1212 1656 1324 1686 pugnat,
1337 1659 1421 1686 seque
1432 1652 1520 1687 ipsum
1539 1657 1615 1677 ever.

833 1696 876 1728 tit,
892 1700 985 1722 nostra
1001 1703 1055 1722 non
1070 1695 1217 1730 attingens.
1234 1696 1311 1729 Quod
1326 1696 1399 1723 enim
1416 1697 1612 1729 asserebamus;

831 1749 887 1768 non
913 1741 989 1768 aliud
1014 1745 1082 1773 erat,
1100 1749 1181 1776 quam
1205 1742 1287 1768 vitam
1312 1742 1445 1777 principio
1466 1747 1614 1776 carentem,

832 1786 979 1821 ingenitam
998 1794 1046 1821 per
1063 1787 1318 1814 commentationem
1338 1788 1484 1820 nominari,
1504 1795 1557 1815 non
1575 1788 1617 1823 gi-

832 1832 889 1866 gni.
907 1834 933 1858 et
948 1839 1008 1865 qua:
1030 1832 1057 1858 in
1079 1831 1215 1858 inﬁnitqu
1239 1832 1372 1866 procedit.
1397 1832 1616 1867 incorruptibilis

833 1877 1012 1911 appellatione
1025 1877 1179 1911 signiﬁcare
1193 1884 1247 1904 nun
1262 1877 1498 1912 incorruptibilem
1513 1878 1615 1910 facere,

833 1921 878 1948 scd
894 1929 953 1948 eam
969 1922 1050 1949 talem
1061 1929 1122 1949 esse
1135 1922 1290 1956 signiﬁcare
1302 1931 1309 1949 :
1326 1930 1411 1957 quare
1421 1923 1493 1958 quod
1505 1923 1615 1958 quidem

833 1968 937 1994 iuﬂnita
949 1973 1032 1995 estex
1045 1972 1160 2003 utraque
1171 1973 1247 2003 parte
1257 1969 1349 1995 divina
1360 1968 1426 2001 vita,
1438 1969 1489 1996 hoc
1500 1969 1616 2004 subjecti

832 2018 873 2040 est
891 2014 1044 2048 proprium;
1060 2014 1132 2048 quod
1153 2018 1243 2040 autem
1260 2014 1301 2041 sic
1316 2014 1358 2041 vel
1369 2015 1419 2047 sic,
1434 2022 1494 2049 qua:
1508 2015 1535 2041 in
1551 2015 1617 2042 sub-

829 2060 902 2095 jecto
918 2060 1137 2094 conspiciuntur,
1156 2059 1280 2087 notiones
1299 2059 1435 2092 dicantur,
1449 2061 1500 2087 hoc
1517 2060 1543 2087 in
1560 2060 1617 2088 sola

832 2112 898 2132 voce
914 2104 1040 2132 consistit
1061 2113 1121 2139 quae
1142 2105 1280 2132 notionem
1298 2105 1478 2139 signiﬁcatam
1503 2105 1615 2132 indicat.

833 2150 892 2178 Una
909 2150 935 2177 in
947 2150 1038 2177 divina
1059 2151 1113 2177 vita
1133 2151 1209 2178 notio
1228 2154 1280 2181 est.
1299 2151 1370 2185 quod
1388 2151 1446 2186 ipsa
1462 2159 1516 2178 non
1531 2152 1567 2178 sit
1583 2159 1617 2179 ex

833 2201 929 2225 causa,
965 2193 1037 2221 hanc
1062 2200 1152 2221 autem
1177 2194 1289 2230 ingeniti
1315 2194 1398 2222 dictio
1424 2195 1616 2229 demonstrat;

17 2253 42 2270 λν
59 2242 149 2277 νόημα
167 2229 231 2277 περὶ
250 2241 298 2276 τὴν
316 2240 399 2276 αὐτὴν
421 2239 494 2275 ζωὴν
509 2239 540 2266 τὸ
559 2240 683 2274 ἀόριστον
698 2239 780 2274 αὐτὴν

834 2239 918 2266 altera
936 2239 1010 2266 notio
1022 2238 1056 2266 de
1068 2240 1161 2267 eadem
1173 2229 1239 2272 vita,
1259 2240 1332 2275 quod
1346 2241 1404 2275 ipsa
1419 2242 1454 2268 sit
1469 2241 1574 2268 inﬁnita
1589 2246 1619 2270 et

19 2298 68 2315 ναι
90 2288 136 2314 καὶ
151 2287 335 2322 ἀτελεύτητον,
356 2286 433 2313 τοῦτο
449 2287 465 2321 ἠ
481 2285 526 2312 τοῦ
543 2285 681 2321 ἀφθάρτου
699 2294 783 2320 προσ-

18 2334 98 2368 γορία
112 2333 286 2367 παρίστησιν,
301 2331 370 2358 ὥστε
381 2331 412 2357 τὸ
425 2331 472 2366 μὲν
480 2331 656 2365 ὑποκείμενον
667 2330 782 2365 ἄναρχον

18 2387 66 2405 ναι
80 2377 126 2403 καὶ
138 2376 326 2411 ἀτελεύτητον,
336 2376 404 2411 ὅπερ
416 2376 488 2401 ἐστιν
502 2375 571 2409 ὑπὲρ
590 2376 642 2402 πᾶν
657 2375 741 2410 ὄνομά
753 2383 782 2401 τε

18 2426 42 2451 ιὶ
58 2424 158 2457 νόημα.
186 2422 222 2448 Τὸ
238 2422 266 2448 δὲ
283 2423 350 2456 μήτε
378 2421 406 2454 ἐξ
424 2421 512 2452 αἰτίας
531 2421 596 2447 αὐτὸ
617 2418 695 2452 εἶναι,
715 2421 782 2456 μήτε

18 2480 33 2502 ς
50 2470 82 2496 τὸ
94 2468 264 2503 ἀνύπαρκτόν
279 2475 343 2494 ποτε
354 2466 536 2502 παρίστασθαι
545 2486 553 2498 ,
579 2466 664 2493 ταῦτα
678 2465 723 2492 διὰ
732 2466 782 2501 τῆς

19 2516 49 2541 ὒν
63 2514 203 2549 ὀνομάτων
217 2512 318 2540 τούτων
331 2512 449 2544 ἐπινοίας
465 2512 634 2547 σημαίνεται.

27 2561 64 2587 Τί
77 2559 166 2585 τοίνυν
180 2560 212 2584 ἐκ
222 2558 274 2584 τῶν
288 2557 427 2593 ἡμετέρων
440 2557 519 2584 αὑτὸν
533 2557 601 2592 πρὸς
613 2557 661 2593 τὴν
670 2558 780 2592 ἀνόητον

19 2605 98 2638 ιύτην
114 2603 222 2629 παιδιὰν
238 2602 428 2637 παρεκίνησεν,
444 2601 514 2628 ὥστε
531 2601 610 2628 πάλιν
626 2601 783 2637 ἐπαναλαμ-

19 2650 112 2675 ἱνοντα
130 2647 160 2674 τὸ
177 2646 235 2674 ἴσον
250 2648 335 2673 εἰπεῖν
350 2646 455 2678 τούτοις
468 2647 524 2678 τοῖς
547 2648 664 2682 ῥήμασιν
683 2655 689 2679 ;
705 2648 784 2674 Ἔστι

19 2697 60 2731 ip,
71 2693 142 2720 κατὰ
153 2693 202 2729 μὲν
210 2693 240 2720 τὸ
252 2693 380 2729 ἄναρχον,
390 2692 535 2728 ἀγέννητος
544 2692 610 2727 ὀμοῦ
622 2693 669 2719 καὶ
682 2693 784 2728 ἄφθαρ-

20 2746 57 2770 ›ς”
83 2737 155 2764 κατὰ
171 2736 199 2763 δὲ
220 2736 251 2763 τδ
274 2736 466 2771 ἀτελεύτητον,
493 2736 628 2772 ἄφθαρτος
652 2737 719 2772 ὁμοῦ
736 2738 782 2764 καὶ

20 2783 136 2819 ίννητός.
160 2782 245 2810 Τοῦτο
262 2783 289 2810 δὲ
309 2782 360 2810 κᾶν
376 2783 413 2818 μὴ
434 2783 498 2818 παρ’
515 2783 592 2818 ἡμῶν
607 2781 778 2818 διευκρινηθῇ

20 2830 33 2864 ᾖ
49 2829 132 2865 Mm),
149 2829 230 2855 παντὶ
249 2828 379 2864 πρόδηλόν
396 2828 451 2854 ἐστι
474 2828 512 2863 τῷ
528 2829 573 2854 καὶ
586 2828 708 2855 ὁπωσοῦν
723 2831 779 2855 διας

20 2875 70 2908 νίας
83 2874 234 2911 μετέχοντι,
245 2874 315 2906 ὅπως
327 2874 383 2901 ἐστὶ
394 2866 591 2908 καταγέλαστόν
605 2883 632 2901 τε
649 2875 694 2901 καὶ
708 2875 780 2909 ἀνόη-

833 2283 886 2311 ﬁne
902 2288 1006 2316 careat,
1028 2284 1098 2311 hanc
1110 2289 1200 2312 autem
1228 2285 1444 2320 incorruptibilis
1470 2287 1618 2321 appellatio

833 2333 1008 2364 rcprmsentat
1024 2338 1031 2356 :
1048 2330 1084 2356 ita
1106 2334 1135 2356 ut
1149 2329 1301 2365 subjectum
1319 2330 1428 2365 quidem
1442 2331 1577 2366 principio
1590 2336 1618 2359 et

833 2375 886 2402 ﬁne
906 2378 1011 2406 careat,
1028 2374 1101 2409 quod
1117 2379 1158 2402 est
1177 2383 1260 2410 super
1276 2383 1357 2403 omne
1371 2384 1469 2404 nomen
1487 2382 1514 2404 et
1527 2378 1618 2404 ιιοιίο-

833 2427 904 2451 nem,
921 2419 993 2455 quod
1008 2424 1096 2447 autem
1112 2420 1202 2455 ipsum
1217 2428 1304 2456 neque
1314 2428 1348 2448 ex
1362 2428 1445 2449 causa
1461 2426 1513 2453 est,
1529 2430 1618 2458 neque

832 2465 866 2493 ad
892 2465 918 2493 id
942 2466 1014 2501 quod
1033 2473 1087 2493 non
1112 2471 1166 2499 est,
1183 2475 1303 2502 unquam
1330 2468 1465 2501 deveniet,
1497 2469 1555 2496 haec
1570 2476 1618 2504 per

833 2512 972 2539 nominum
986 2513 1083 2540 horum
1101 2513 1359 2541 commentationem
1381 2513 1580 2548 signiﬁcantur.

867 2556 937 2589 Quid
960 2557 1043 2592 igitur
1057 2565 1089 2584 ex
1105 2557 1210 2585 nostris
1231 2558 1319 2592 ipsum
1341 2557 1374 2584 ad
1391 2557 1463 2584 hunc
1481 2561 1616 2584 amentem

831 2607 858 2630 et
878 2603 990 2630 stulttun
1011 2603 1104 2637 jocum
1118 2604 1276 2636 commovit,
1299 2606 1329 2630 ut
1345 2610 1442 2631 rursus
1461 2609 1611 2634 resumens,

833 2648 903 2675 idem
928 2647 1009 2674 etiam
1033 2648 1106 2675 dicat
1123 2648 1166 2675 his
1182 2648 1294 2675 verbis?
1310 2647 1358 2675 Est
1371 2648 1442 2675 enim
1466 2647 1616 2674 secundum

833 2693 904 2728 quod
935 2696 1009 2720 caret
1035 2693 1171 2728 principio
1197 2693 1334 2728 ingenitus
1361 2692 1442 2719 simul
1469 2695 1497 2718 et
1525 2691 1616 2718 incor-

836 2738 987 2774 ruptibilis;
1010 2739 1159 2767 secundum
1181 2747 1246 2767 vero
1265 2738 1336 2773 quod
1353 2738 1433 2765 ﬁnem
1454 2745 1507 2764 non
1524 2737 1616 2769 habet,

836 2783 1053 2818 incorruptibilis
1075 2784 1156 2811 simul
1183 2788 1209 2811 et
1225 2783 1341 2818 genituS.
1367 2782 1423 2809 Hoc
1449 2786 1550 2813 autent,
1564 2782 1616 2809 etsi

836 2838 890 2857 non
905 2837 920 2856 a
934 2829 1013 2857 nobis
1028 2837 1155 2858 sermone
1171 2828 1347 2862 dljlldit‘illllln
1361 2832 1412 2860 est,
1427 2826 1512 2854 cuivis
1528 2830 1615 2854 tamen

836 2876 877 2903 vel
896 2883 1057 2910 quocunque
1083 2874 1162 2902 modo
1186 2873 1284 2902 utentis
1309 2873 1427 2909 compoti
1443 2873 1615 2908 perspicuum
