1900 3073
26 67 92 95 089

598 65 741 93 CONTRA
762 64 955 98 EUNOMIUM,
976 65 1041 93 LIB.
1063 66 1126 94 Xlla

1595 69 1663 98 1090

27 129 70 148 uo
107 122 171 150 haec
205 122 276 150 inter
309 130 339 150 se
377 123 479 149 mutuis
499 123 673 161 [nationibus
711 131 765 151 non
797 123 1013 159 permiscentur,
1047 130 1136 157 neque
1163 124 1327 160 principium
1358 133 1420 153 cum
1452 125 1505 154 ﬁne
1539 127 1661 155 eamdem

26 168 161 195 ationem
194 169 285 204 habet,
325 176 414 208 neque
436 176 497 204 qua:
529 170 586 197 haec
611 170 669 197 vim
704 169 845 197 auferendi
880 169 982 196 habent
1020 170 1141 202 nomina,
1172 170 1244 198 inter
1274 178 1304 199 se
1335 171 1527 207 signiﬁcantiis
1550 180 1663 208 compo-

29 218 142 241 untur.

52 259 106 290 Ὠς
132 259 155 285 δ’
172 259 204 285 ἂν
222 259 270 285 xui.
291 259 373 291 αὐτὸς
389 259 512 294 ἐπιγνοίη
528 259 573 285 τὸν
590 259 655 286 ἴδιον
671 259 763 295 λῆρον,
788 260 820 286 ὲκ

907 258 943 287 Ut
961 263 1051 287 autem
1080 267 1146 288 suas
1173 261 1231 296 ipse
1255 269 1340 297 nugas
1363 265 1504 297 agnoscat.
1527 270 1559 290 ex
1589 264 1663 292 illius

26 303 68 329 ὧν
91 304 166 339 παρ’
187 304 291 331 ἐκείνου
309 304 444 340 ῥηθέντων
466 304 542 330 ἔσται
564 305 578 331 ὁ
602 305 720 340 ἔλεγχος.
738 304 818 338 Λέγει

30 349 71 382 ἀρ
90 350 154 380 τοῖς
173 350 318 385 ἡμετέροις
336 350 497 385 μαχόμενος,
517 350 557 376 ὅτι
573 350 587 376 ὁ
603 349 669 381 Θεὸς
686 351 731 377 xui
749 350 820 377 κατὰ

28 394 42 419 ὸ
59 394 251 430 ἀτελεύτητόν
267 396 340 421 ἐστιν
355 395 501 430 ἁγέννητος
512 415 520 427 ,
538 395 584 421 xui.
603 395 673 422 κατὰ
692 395 721 422 τὸ
738 396 818 429 ἀγέν-

29 448 102 474 ητον
117 440 308 476 ἀτελεύτητος,
325 441 363 473 ὡς
379 442 442 476 μιᾶς
456 442 509 468 τῶν
524 442 662 477 ὀνομάτων
680 443 708 468 ἐν
723 442 820 468 ἑκατέ-

26 493 77 517 μοις
93 485 185 521 οὔσης
200 487 356 521 ἐμφάσεως.
377 487 408 513 Εἰ
423 487 510 514 τοίνυν
524 488 570 514 xui.
585 488 656 514 κατὰ
669 488 699 514 τὸ
711 487 821 514 ἀτελεύ-

26 531 104 565 πητόν
126 532 202 559 ἐστιν
215 532 370 567 ἀγέννητος,
385 534 433 559 xui.
451 534 547 560 ταύτόν
567 535 624 560 ἐστι
639 535 709 560 κατὰ
723 534 752 560 τὸ
771 543 820 569 ση-

26 577 193 612 ιαινὸμενον
207 577 237 604 τὸ
247 578 422 614 ἀτελεύτητον
435 588 464 606 τε
479 580 525 606 καὶ
540 579 694 615 ἀγέννητον.
712 580 821 607 ἀτελεύ-

26 630 103 657 τητον
121 622 153 649 δὲ
168 623 216 649 καὶ
230 622 274 649 τὸν
289 623 353 650 Υἰὸν
367 622 435 651 εἶναι
454 624 614 658 συντίθεται,
630 626 777 661 ἀγέννητον
789 626 821 652 ἐκ

26 667 69 702 τῆς
94 668 260 701 ἀκολουθίας
280 670 381 705 ταύτης
403 671 449 697 καὶ
470 670 516 698 τὸν
540 671 603 698 Υἱδν
624 673 684 698 κατ’
700 672 821 707 ἀνάγκην

26 713 203 748 ςυνθήσεται,
224 716 301 750 εἴπερ
321 716 419 743 ταύτόν
442 717 509 749 ἐστι,
534 717 625 749 καθὼς
653 718 756 753 εἴρηκε,
783 719 821 754 τῷ

26 758 139 794 ὶνςὶιρχῳ
152 759 182 785 τὸ
192 760 377 796 ἀτελεύτητον.
402 761 444 793 Ὠς
456 762 509 797 γὰρ
520 763 547 788 ὲν
561 761 600 797 τῷ
610 762 749 798 ἀγεννήτῳ
760 762 822 797 βλέ-

26 814 67 832 πει
89 806 122 832 τὸ
141 806 331 842 ἀτελεύτητον,
351 808 435 840 οὕτως
459 809 584 844 ὁμολογεῖ
604 809 759 844 νενοηκέναι
776 809 823 836 xui.

26 853 50 876 tv
65 852 107 886 τῷ
125 852 299 888 ἀτελευτήτῳ
317 854 348 880 τὸ
362 853 488 890 ἄναρχον.
506 855 542 880 Ob
559 853 613 889 γὰρ
628 853 660 880 ἂν
675 855 703 879 ἐν
719 853 757 889 τῷ
774 853 822 889 ἴσῳ

26 897 71 932 τὴν
83 897 142 924 τῶν
158 898 296 933 ὀνομάτων
308 899 478 935 ἀναστροφὴν
494 900 650 934 ἐποιήσατο.
674 899 754 926 ’Λλλὰ
769 899 821 934 φύ-

26 951 64 969 σει
85 944 136 970 καὶ
159 945 189 970 οὐ
215 945 364 980 παραθέσει
388 945 441 972 τῶν
463 945 578 977 αἰώνων,
602 946 695 981 φησὶν,
719 947 733 972 ό
757 946 823 978 Θεός

26 989 99 1015 ἐστιν
117 989 279 1025 ἀγέννητος.
300 991 348 1023 Τίς
364 992 391 1018 δὲ
409 993 422 1018 ὁ
446 991 510 1026 περὶ
531 991 633 1018 τούτων
657 992 822 1027 μαχόμενος,

26 1034 54 1060 τὸ
67 1034 106 1069 μὴ
126 1034 208 1068 φύσει
229 1036 273 1062 τὸν
288 1036 353 1062 Θεὸν
377 1037 430 1062 πᾶν
450 1034 519 1063 εἶναι
542 1037 556 1063 ὃ
592 1045 617 1063 τι
634 1037 682 1063 xui.
698 1036 822 1070 λέγεταις

26 1079 81 1105 Καὶ
99 1079 158 1115 γὰρ
181 1080 227 1106 xui.
239 1080 353 1112 δίκαιον,
375 1080 422 1107 xui.
438 1081 559 1112 δυνατὸν,
581 1080 628 1107 καὶ
644 1080 762 1115 Πατέρα,
778 1081 824 1107 xui.

26 1124 179 1159 ἄφθαρτον,
194 1124 256 1152 οὔτε
267 1127 300 1161 τῇ
314 1126 380 1162 πρὸς
394 1126 456 1158 τοὺς
471 1126 572 1157 αἰῶνας
586 1126 734 1161 παραθέσει
748 1126 824 1160 λέγο-

28 1178 77 1204 μεν
93 1170 141 1196 τὺν
153 1170 221 1207 Θεὸν
231 1170 311 1204 εἶναι,
325 1171 385 1198 οὔτε
401 1173 434 1207 τῇ
446 1171 513 1206 πρὸς
527 1171 619 1206 ἕτερον
633 1180 658 1198 τι
671 1171 724 1198 τῶν
738 1171 824 1198 ὄντων

26 1205 247 1252 ἁναφορᾷίάλλὰ
268 1218 332 1253 περὶ
344 1217 410 1244 αὐτὸ
422 1205 454 1243 τὸ
470 1205 664 1252 ὗποκείμενον,
680 1217 694 1243 ὅ
718 1216 744 1243 τί
760 1224 824 1243 ποτε

27 1262 98 1288 κατὰ
113 1262 165 1298 τὴν
182 1262 261 1297 φύσιν
276 1263 359 1295 ἐστιν,
374 1263 463 1289 πᾶσαν
475 1263 574 1297 εὐσεόῆ
585 1262 739 1298 θεωροῦμεν
756 1263 823 1289 ὑπό-

27 1307 126 1342 ληψιν·
159 1308 198 1340 ὼς
219 1309 275 1343 εἴγε
305 1309 366 1336 καθ’
387 1308 515 1335 ὑπόθεσιν
534 1309 602 1343 μήτε
615 1308 690 1341 αίὼν,
715 1309 781 1343 μήτε
798 1317 824 1334 τι

28 1352 92 1380 ἄλλο
107 1352 164 1380 τῶν
180 1353 251 1380 κατὰ
264 1353 313 1390 τὴν
330 1354 417 1381 κτίσιν
432 1353 583 1386 νοουμένων
596 1353 822 1388 δεδημιούργητο,

29 1399 104 1426 οὐδὲν
120 1396 204 1434 ἦττον
217 1397 252 1435 ἦν
265 1400 298 1426 ἂν
314 1401 328 1426 ὁ
345 1399 420 1431 Θεὸς,
440 1399 508 1434 ὅπερ
527 1399 574 1426 νῦν
593 1397 663 1425 εἶναι
678 1399 824 1425 πεπίστευ-

29 1452 83 1475 ται,
98 1444 178 1471 οὺδὲν
198 1444 251 1471 τῶν
266 1444 370 1471 αἰώνων
387 1445 426 1476 εἰς
437 1444 468 1471 τὸ
482 1444 607 1478 γενέσθαι
624 1445 638 1470 ὅ
654 1445 724 1478 ἐστι,
740 1453 824 1479 προσ-

31 1490 165 1525 δεόμενος.
189 1491 258 1518 Ἀλλ’
271 1492 321 1518 οὐκ
338 1492 516 1524 ἐπείσακτον,
533 1492 629 1527 φησιν,
647 1492 707 1519 οὐδὲ
732 1491 825 1518 σύνθε-

30 1543 84 1566 τον,
95 1535 157 1561 οὐδὲ
167 1536 295 1573 διάφορον
307 1536 362 1572 ἕχει
374 1537 455 1573 ζωήν.
471 1537 556 1569 Αὐτὸς
565 1538 618 1572 γάρ
627 1539 699 1564 ἐστιν
712 1538 728 1573 ὴ
742 1537 824 1569 ἀΐδιος

33 1579 97 1616 ζωὴ,
111 1582 174 1608 κατ’
188 1582 272 1618 αὐτὴν
289 1583 337 1618 τὴν
353 1582 424 1618 ζωὴν
439 1583 581 1615 ἀθάνατος,
597 1584 656 1610 κατ’
676 1582 760 1618 αὐτὴν
774 1582 823 1618 τὴν

33 1626 181 1654 ἀθανασίαν
203 1628 348 1664 ἄφθαρτος.
369 1629 460 1656 Ταῦτα
477 1630 523 1656 καὶ
546 1630 609 1664 περὶ
634 1628 679 1655 τοῦ
703 1630 823 1663 Μονογε-
837 1615 858 1644 c

33 1671 92 1703 νοῦς
117 1672 328 1708 μεμαθήκαμεν,
351 1674 398 1700 xui.
418 1674 431 1699 ὁ
447 1674 595 1707 ἀντιλέγων
612 1674 661 1700 οὐκ
684 1673 774 1705 ἔστιν,
799 1673 823 1699 εί

36 1717 69 1750 μή
90 1725 132 1748 τις
147 1717 202 1753 ἄρα
222 1719 281 1750 ταῖς
305 1718 427 1745 Ἰωάννου
444 1720 546 1754 φωναῖς
561 1720 592 1746 ὲκ
607 1719 652 1745 τοῦ
670 1718 822 1754 προφανοῦς

34 1760 200 1797 διαμάχοιτο.
227 1763 295 1790 Οὗτε
323 1764 377 1799 γὰρ
400 1764 549 1799 ὲπεισήχθη
575 1764 613 1799 τῷ
637 1764 728 1799 Υίῷἠ
755 1763 821 1799 ζωή.

40 1806 110 1842 Ἐγὼ
125 1809 180 1845 γὰρ
194 1809 261 1843 είμι,
275 1810 366 1844 φησὶν,
381 1809 399 1843 ἡ
412 1809 476 1843 ζωή.
492 1809 560 1837 Οὔτε
573 1809 698 1841 σύνθετος
709 1809 790 1835 αὐτοῦ
806 1809 821 1844 ἡ

35 1853 100 1888 ζωὴ,
127 1853 190 1881 οὔτε
213 1854 350 1890 διάφορος,
368 1855 436 1882 ἀλλὰ
460 1855 530 1883 κατὰ
554 1855 655 1891 ταύτην
676 1855 725 1890 τὴν
750 1854 822 1889 ζωήν

35 1897 103 1924 ἔστιν
120 1900 263 1932 ἀθάνατος.
287 1901 343 1927 Τίνι
366 1901 420 1936 γὰρ
442 1901 474 1928 ἄν
493 1910 532 1933 τις
549 1901 621 1936 ἄλλῳ
635 1901 665 1927 τὸ
689 1901 822 1928 ἀθάνατον

37 1943 101 1978 πλὴν
115 1945 144 1970 ἐν
162 1944 217 1980 ζωῇ
235 1945 399 1981 θεωρήσειε;
421 1947 475 1973 Καὶ
489 1947 548 1974 κατ’
562 1946 645 1982 αὐτὴν
660 1946 709 1982 τὴν
722 1946 822 1973 ἀθανα-

36 1986 103 2019 σίαν,
119 1989 263 2026 ἄφθαρτος.
286 1991 322 2017 Τὸ
338 1992 391 2028 γὰρ
407 1992 521 2019 θανάτου
539 1994 672 2029 κρεῖττον,
694 1993 741 2020 xu‘t
756 1993 823 2026 φθο-

37 2034 83 2066 ρᾶς
99 2035 207 2068 πάντως
221 2037 293 2063 ἐστὶν
315 2037 498 2066 ἀνεπίδεκτον.
519 2039 607 2074 Μέχρι
630 2038 724 2065 τούτου
742 2038 789 2065 xui.
807 2039 823 2065 ὁ

37 2076 164 2114 ἡμέτερος
184 2081 279 2108 ἕπεται
295 2082 383 2116 λόγος.

872 304 952 331 dictis
968 305 1019 331 erit
1046 305 1191 338 refutatio;
1218 305 1284 333 dicit
1307 306 1379 334 enim
1408 308 1510 336 nostris
1524 316 1661 344 pugnans,

873 350 945 385 quod
962 350 1033 378 Deus
1043 355 1070 377 et
1092 351 1241 378 secundum
1264 352 1289 379 id
1311 352 1384 387 quod
1407 353 1460 380 ﬁne
1475 358 1550 380 caret
1562 358 1604 381 est
1618 354 1662 381 iu-

872 395 989 430 genitus,
1010 395 1194 422 etsecundnm
1220 395 1291 429 quod
1305 396 1454 431 ingenitum
1469 401 1522 430 est,
1541 402 1583 425 est
1600 398 1662 431 linis

872 447 981 474 expers,
999 446 1031 466 ac
1047 439 1068 466 si
1093 439 1235 474 utriusque
1262 440 1380 468 nominis
1397 445 1469 468 esset
1488 449 1541 468 una
1557 442 1663 477 signiﬁ-

874 485 955 511 catio.
972 484 1001 511 Si
1025 485 1109 519 igitur
1134 490 1160 512 et
1185 485 1335 512 secundum
1356 485 1383 512 id
1408 486 1480 520 quod
1501 487 1580 515 ﬁnem
1607 496 1662 516 non

874 528 955 556 habet
970 534 1011 557 est
1029 529 1174 565 ingenitus,
1190 534 1216 557 et
1233 529 1302 557 idem
1315 530 1464 558 secundum
1481 532 1662 567 signiﬁcatum

874 575 903 601 τὺ
911 575 1084 610 ἀτελεύτητον
1093 575 1175 611 (quod
1186 575 1263 603 ﬁnem
1281 584 1334 603 non
1351 577 1431 604 habet
1439 577 1460 613 ,)
1477 582 1503 605 et
1518 579 1664 615 ἀγέννητον

875 620 958 656 (quod
973 625 1015 648 est
1028 621 1202 656 ingenitum.)
1215 621 1313 648 Filium
1327 628 1415 650 autem
1430 624 1510 650 etiam
1520 625 1664 660 ἀτελεύτη-

874 675 919 692 τον
928 667 1008 693 ﬁnem
1027 674 1081 694 non
1092 666 1190 694 habere
1201 668 1361 699 asseutitur,
1373 676 1404 695 ex
1415 668 1466 695 hac
1477 671 1663 705 consequendi

875 713 1040 740 necessitate
1052 713 1134 740 etiam
1150 713 1248 740 Filium
1263 714 1415 748 ingenitum
1432 722 1493 742 esse
1507 717 1664 744 necessario

875 758 1060 791 conﬁtebitur,
1077 759 1211 794 siquidem
1231 759 1301 786 idem
1318 764 1373 792 est,
1390 760 1461 788 sicut
1479 760 1565 795 dixit,
1583 762 1662 789 linem

876 812 930 832 non
946 804 1064 838 habere,
1084 813 1145 832 cum
1166 813 1197 832 eo
1211 805 1285 840 quod
1301 809 1342 833 est
1356 806 1492 841 principio
1508 815 1613 835 carere.
1629 807 1664 835 Ut

876 852 948 878 enim
968 851 994 877 in
1011 852 1134 886 ingenito
1150 851 1224 879 videt
1241 852 1313 886 quod
1332 851 1411 879 ﬁnem
1431 861 1486 880 non
1504 854 1604 887 habet,
1624 856 1664 882 sic

876 896 1022 923 conﬁtetur
1040 897 1066 923 in
1082 904 1113 924 eo
1127 897 1198 932 quod
1222 896 1300 924 ﬁnem
1322 897 1405 924 habet
1429 898 1617 931 intellexisse,
1635 900 1663 927 id

839 939 860 969 Β
876 942 948 976 quod
964 942 1090 977 principii
1107 947 1149 970 est
1162 950 1279 978 expers,
1296 951 1349 970 non
1365 944 1437 971 enim
1454 944 1481 971 in
1498 945 1596 980 aequali
1611 953 1663 972 no-

875 988 979 1015 minum
995 990 1200 1016 conversionem
1216 989 1336 1017 fecisset.
1352 989 1405 1017 Sed
1421 994 1519 1018 natura
1531 1012 1538 1024 ,
1555 991 1662 1027 inquit,

855 1035 857 1037 ’
875 1037 900 1060 et
918 1040 970 1060 non
988 1034 1152 1061 saeculorum
1171 1033 1344 1069 appositione
1362 1034 1434 1062 Deus
1451 1039 1493 1063 est
1512 1036 1661 1071 ingenitus.

875 1076 942 1110 Quis
958 1078 992 1105 de
1006 1086 1037 1106 eo
1053 1079 1219 1111 contendat,
1238 1079 1321 1106 Deum
1339 1088 1393 1107 non
1409 1085 1509 1108 natura
1530 1081 1558 1108 id
1581 1090 1663 1110 omne

875 1130 937 1150 esse
950 1122 1021 1157 quod
1039 1123 1118 1150 etiam
1133 1123 1235 1151 dicitur
1247 1124 1258 1150 ?
1272 1124 1377 1151 Etenim
1394 1129 1420 1152 et
1434 1126 1538 1160 justum
1549 1146 1557 1158 ,
1573 1131 1599 1154 et
1613 1135 1663 1162 po-

875 1172 976 1196 tentem
987 1189 994 1201 ,
1012 1173 1038 1196 et
1055 1169 1161 1197 Patrem
1171 1190 1179 1203 ,
1194 1176 1221 1197 et
1235 1171 1471 1206 incorruptiliilem
1486 1181 1494 1206 ;
1511 1181 1598 1208 neque
1612 1181 1663 1201 sae-

874 1215 999 1249 culorum
1025 1216 1199 1250 appositione
1223 1216 1308 1244 Deum
1335 1225 1397 1245 esse
1421 1217 1558 1251 dicimus,
1575 1227 1663 1255 neque

874 1268 935 1287 eum
952 1261 1038 1288 altero
1054 1269 1149 1288 eorum
1165 1269 1226 1296 quae
1243 1266 1308 1289 sunt
1322 1262 1476 1296 relatione;
1495 1263 1542 1291 sed
1558 1265 1586 1292 in
1603 1265 1663 1300 ipso

875 1305 998 1340 subjeclo
1009 1327 1015 1339 ,
1030 1306 1164 1341 quidquid
1177 1307 1286 1334 tandem
1300 1308 1450 1335 secundum
1465 1312 1590 1336 naturam
1602 1316 1661 1344 est,

875 1359 982 1379 omnem
1003 1353 1076 1388 piam
1094 1353 1251 1388 opinionem
1267 1355 1505 1389 contemplamur:
1529 1361 1558 1384 ut
1581 1357 1604 1384 si
1629 1365 1661 1385 ex

874 1399 1062 1433 suppositione
1085 1407 1174 1434 neque
1196 1400 1347 1433 saeculum,
1371 1408 1461 1436 neque
1483 1402 1559 1429 aliud
1583 1404 1663 1438 quid-

873 1452 954 1478 quam
970 1452 1080 1478 eorum,
1106 1454 1168 1481 quae
1196 1446 1346 1474 secundum
1372 1449 1538 1476 creationem
1561 1450 1662 1477 intelli-

874 1494 986 1524 guntur,
1011 1494 1084 1517 esset
1108 1491 1267 1525 conditum,
1289 1492 1470 1521 nihilominus
1495 1499 1568 1522 esset
1590 1495 1663 1524 Deus

860 1530 946 1570 ~quod
964 1543 1037 1562 nunc
1052 1543 1114 1564 esse
1129 1537 1265 1563 creditum
1284 1541 1342 1569 est,
1358 1538 1426 1565 nihil
1443 1543 1471 1565 nt
1485 1540 1520 1566 sit
1536 1541 1608 1575 quod
1622 1545 1664 1569 est

875 1580 983 1607 sreculis
998 1581 1135 1615 indigens.
1159 1581 1211 1609 Sed
1234 1583 1272 1609 ait
1293 1590 1384 1618 neque
1405 1584 1599 1618 adventitiam,
1615 1594 1664 1615 ne-

877 1635 930 1660 que
945 1628 1127 1661 compositam
1139 1648 1146 1661 ,
1163 1635 1251 1663 neque
1267 1628 1436 1656 dill'erentem
1451 1629 1554 1659 habere
1567 1632 1662 1660 vitam.

877 1673 937 1707 ipse
951 1673 1023 1699 enim
1040 1677 1083 1700 est
1097 1677 1197 1700 a-terna
1215 1674 1268 1700 vita
1280 1694 1287 1705 ,
1305 1674 1457 1702 secundum
1475 1676 1563 1710 ipsam
1577 1677 1662 1705 vitam

876 1718 1054 1749 immortalis,
1073 1719 1224 1746 secundum
1247 1719 1480 1748 immOrtalitatcm
1497 1721 1664 1758 incorrupti-

876 1763 949 1790 hilis.
969 1762 1030 1790 llaec
1045 1764 1126 1790 etiam
1143 1763 1177 1791 de
1202 1763 1347 1798 Unigenito
1370 1765 1527 1794 didicimus.
1543 1766 1598 1795 Nec
1621 1773 1664 1796 est

876 1809 921 1843 qui
938 1809 1126 1840 contradicat,
1144 1809 1196 1836 nisi
1211 1808 1325 1837 Joannis
1339 1811 1454 1838 vocibus
1469 1819 1501 1839 ex
1518 1815 1663 1848 propatulo

875 1858 1018 1888 repugnet.
1035 1853 1130 1888 Neque
1144 1854 1217 1880 enim
1231 1853 1301 1881 Filio
1315 1855 1369 1882 vita
1385 1856 1496 1883 aliunde
1509 1857 1594 1885 ascita
1608 1863 1660 1887 est.

876 1898 932 1934 Ego
961 1899 1032 1926 enim
1055 1907 1130 1930 sum,
1145 1898 1251 1933 inquit,
1274 1899 1327 1926 vita
1344 1899 1379 1927 ⁸⁸.
1407 1899 1500 1935 Neque
1522 1902 1582 1936 ejus
1608 1903 1662 1931 vita

876 1946 1047 1980 composita,
1065 1953 1153 1979 neque
1176 1944 1322 1977 (litierens,
1341 1946 1387 1972 sed
1413 1947 1564 1974 secundum
1591 1948 1662 1976 hanc

874 1991 957 2018 vitam
972 1995 1014 2018 est
1030 1991 1203 2018 immortalis.
1223 1990 1250 2017 In
1267 1999 1322 2026 quo
1343 1991 1414 2018 enim
1438 1992 1491 2019 alio
1515 1993 1588 2028 quod
1612 1994 1662 2021 im-

875 2036 990 2062 mortale
999 2040 1051 2068 est,
1062 2040 1241 2071 prarterquam
1254 2037 1281 2063 in
1294 2037 1358 2068 vita,
1368 2038 1620 2073 contemplaretur?
1631 2040 1663 2067 Et

877 2082 1030 2110 secundum
1047 2081 1133 2116 ipsam
1152 2082 1382 2109 immortalitatem
1404 2083 1620 2118 incorruptibilis
1636 2091 1663 2113 et

37 2127 120 2150 morte
138 2127 284 2159 potentior,
300 2131 380 2161 atque
402 2135 516 2163 prorsus
539 2129 666 2156 interitus
681 2128 769 2155 omnis
785 2133 825 2155 est
842 2135 949 2162 expers.
969 2126 1107 2154 llaelenns
1122 2133 1212 2153 sermo
1228 2130 1322 2154 noster
1335 2127 1416 2154 dictis
1431 2128 1591 2157 assentltur.

70 2168 119 2195 Ἰὸν
137 2170 166 2196 δὲ
193 2174 435 2208 συγγεγραμμένον
462 2175 518 2206 τοῖς
543 2175 696 2210 εἰρημένοις
720 2174 824 2209 γρίφον,

38 2212 228 2249 ἑρμηνεύοντες
241 2218 264 2244 οἱ
279 2219 311 2254 τῇ
328 2219 477 2254 Προυνίκου
490 2219 570 2255 σοφίᾳ
582 2219 825 2254 ὲγγυμνασθὲντες·

38 2258 64 2291 ἐξ
81 2260 185 2297 ἐκείνης
199 2264 253 2299 γὰρ
267 2264 340 2290 δοκεῖ
355 2274 400 2300 μοι
426 2266 474 2300 τῆς
501 2266 678 2301 παρασκευῆς
699 2265 733 2291 τὰ
751 2265 827 2300 είρη-

41 2303 103 2336 μένα
127 2309 346 2343 προενηνοχὲναι.
370 2310 402 2335 Τί
426 2310 480 2344 γάρ
504 2318 603 2345 (pne-tv;
620 2310 764 2343 Ἀναρχος
785 2307 828 2335 ὢν

40 2348 183 2385 ἀνάρχως.
199 2353 362 2387 ἀγέννητός
376 2355 459 2382 ἐστιν
469 2354 648 2389 ἀγεννήτως,
666 2354 825 2387 ἀτελεύτη-

912 2173 1070 2207 Aseriptum
1087 2177 1177 2200 autem
1195 2174 1221 2200 in
1240 2173 1418 2208 sequentibus
1432 2174 1559 2209 griphum
1578 2175 1663 2203 inter-

876 2222 1030 2254 pretentur,
1045 2219 1091 2254 qui
1108 2219 1134 2246 in
1148 2219 1260 2246 Prunici
1274 2219 1406 2254 sapientia
1421 2225 1485 2247 sunt
1497 2221 1661 2250 exercitati:

875 2273 909 2292 ex
926 2265 972 2291 illo
987 2266 1059 2292 enim
1078 2262 1212 2300 apparatu
1229 2266 1293 2292 mihi
1311 2265 1418 2293 videtur
1433 2274 1493 2300 quae
1508 2267 1579 2294 dicta
1596 2272 1662 2294 sunt

879 2310 1038 2345 protulisse.
1057 2309 1128 2342 Quid
1144 2311 1215 2337 enim
1232 2310 1293 2338 ait?
1305 2310 1370 2337 Cum
1386 2311 1419 2337 sit
1432 2311 1556 2346 principii
1570 2319 1662 2346 expers

877 2357 933 2382 sine
951 2356 1096 2390 principio,
1115 2356 1247 2390 ingenitus
1264 2361 1305 2383 est
1321 2357 1451 2391 ingenite,
1474 2358 1661 2385 interminatus

40 2394 86 2426 τός
109 2396 193 2424 ἐστιν
210 2399 427 2434 ἀτελευτήτως,
450 2400 519 2427 οὔτε
535 2399 599 2426 καθ’
618 2399 730 2433 ἕτερον,
755 2399 823 2425 οὔτε

876 2401 1059 2432 interminate,
1077 2399 1147 2435 quod
1164 2408 1244 2434 neque
1261 2401 1404 2427 secundiori
1428 2401 1559 2435 alterum,
1581 2410 1662 2437 neque

40 2439 74 2466 δι’
93 2442 202 2478 ἕτερον.
227 2447 295 2473 οὕτε
313 2447 387 2482 πρὸς
408 2447 511 2482 ἕτερον
529 2447 702 2482 λεγόμενον.
725 2447 754 2473 '0
770 2447 824 2482 γὰρ

43 2488 240 2530 κεκαθαρμένος
250 2491 298 2527 τὴν
308 2492 402 2528 ἀκοὴν,
415 2493 461 2519 καὶ
475 2493 624 2530 διορατικὺς
637 2493 685 2528 τὴν
695 2493 823 2525 διάνοιαν,

41 2528 89 2557 οἶδε
104 2535 149 2561 xui.
163 2537 215 2572 πρὸ
229 2537 283 2563 τῶν
298 2539 309 2564 ὲ
314 2538 372 2573 μῶν
390 2539 486 2573 λόγων,
503 2528 543 2566 ὅτι
554 2539 624 2574 πλὴν
641 2538 687 2565 τοῦ
701 2539 823 2573 πατάγου

42 2576 90 2603 τῶν
103 2579 249 2616 ὀνομάτων,
260 2583 277 2610 ἃ
290 2586 322 2620 τῇ
335 2584 468 2620 ἀλλοκότῳ
481 2584 571 2612 αὐτῶν
586 2585 728 2620 συμπλοκῇ
745 2593 825 2611 κατε-

43 2625 176 2660 κράτησεν,
191 2629 266 2656 οὐδὲν
280 2631 351 2665 τινος
364 2631 580 2666 ὲπιστημονικῆς
594 2631 713 2662 διανοίας
725 2632 752 2656 ὲν
768 2631 823 2662 τοῖς

43 2669 188 2705 εἰρημένοις
201 2674 365 2710 εὑρίσκεται.
377 2676 407 2702 Εἰ
420 2676 447 2702 δὲ
461 2676 517 2712 ἄρα
528 2685 569 2707 τις
586 2676 632 2703 καὶ
647 2675 710 2702 σκιὰ
722 2676 823 2711 νοήμα-

44 2721 93 2746 τῦςι
109 2716 145 2752 τῷ
158 2719 234 2755 ψόψῳ
249 2720 302 2747 τῶν
319 2721 448 2757 ῥημάτων
465 2722 630 2758 ὲνευρεθείη,
646 2722 663 2757 ἢ
680 2721 776 2754 ἀσεϐὲς
793 2721 824 2748 τὸ

76 2783 97 2800 δ’
113 2784 186 2815 Joan.
200 2798 238 2823 ιι,
251 2788 296 2818 25.

874 2451 981 2481 propter
1006 2447 1137 2477 alterum,
1163 2453 1250 2480 neque.
1270 2445 1304 2472 ad
1333 2445 1447 2473 alterum
1473 2445 1582 2474 dicitur.
1609 2445 1663 2479 Qui

876 2499 969 2519 aurem
986 2496 1128 2527 purgatam
1145 2491 1245 2524 habet,
1269 2496 1296 2518 et
1318 2491 1497 2526 intelligentia
1516 2496 1558 2519 est
1573 2491 1661 2519 solers

876 2545 908 2565 ac
925 2537 1068 2573 perspicax
1081 2557 1088 2569 ,
1106 2541 1255 2572 antequam
1272 2538 1420 2573 quidquam
1438 2537 1568 2569 dixerim,
1584 2537 1675 2564 novit'

876 2588 976 2620 praeter
990 2583 1136 2610 verborum
1155 2583 1316 2618 strepitum,
1340 2590 1400 2618 quae
1414 2587 1569 2609 monstroso
1586 2582 1660 2617 ipso-

875 2638 937 2658 rum
953 2630 1099 2664 complexu
1113 2629 1221 2664 crepuit
1231 2649 1238 2661 ,
1251 2630 1356 2657 nullum
1371 2628 1511 2655 scientiam
1524 2627 1661 2663 gignenlis

877 2674 1070 2710 intelligentia:
1085 2674 1230 2709 vestigium
1245 2675 1271 2701 in
1289 2674 1331 2701 his
1346 2672 1426 2700 dictis
1441 2672 1567 2699 inveniri.
1583 2671 1662 2705 Quod

877 2721 899 2750 si
915 2721 1006 2756 aliqua
1022 2719 1143 2749 notionis
1161 2720 1256 2748 umbra
1273 2719 1302 2747 in
1317 2719 1369 2746 hoc
1385 2717 1529 2746 verborum
1544 2717 1661 2753 strepitu
