1900 3073
19 100 104 127 ΙΟΞῦ

577 95 719 123 CONTRA
743 94 938 128 EUNOMIUM,
956 95 1021 123 LIB.
1038 96 1096 124 XII.

1597 99 1664 128 ιθοι

19 159 122 196 ἑαυτῷ
141 158 228 190 διδοός
249 158 287 190 ὡς
307 158 338 184 ἐκ
356 156 402 184 τοῦ
420 156 556 192 ἡμετέρου
571 156 650 191 λόγου
675 155 756 190 δῆθεν
775 156 824 187 τὰς

889 155 911 183 is
917 163 976 191 qua:
987 164 1001 183 a
1013 156 1090 183 nobis
1101 155 1231 182 dicuntur
1246 163 1355 183 manum
1369 163 1529 188 conserens.
1540 157 1588 185 sed
1599 165 1668 187 sane

19 205 99 242 πρὸς
113 204 248 232 ἀντίθεσιν
265 203 401 239 ἀφορμὰς,
417 200 457 234 οἷς
471 202 501 229 τὸ
515 203 547 228 δι’
560 202 703 238 ὰκριὸείας
718 202 825 235 imite-

19 260 83 281 ναι,
100 250 214 286 μάταιον
230 249 262 276 ἄν
275 258 316 280 τις
331 248 402 274 εἴποι
414 248 468 275 τῶν
483 247 585 284 κρίνειν
600 249 822 283 ὲπεσκεμμένων.

18 297 147 324 ἑκάστου
165 295 218 322 τῶν
234 295 303 330 μετὰ
324 294 441 325 διανοίας
461 293 677 329 ἐντυγχανόντων
691 294 772 321 αὑτοῦ
786 294 824 329 τῷ

18 342 239 376 συγγράμματι,
254 340 282 373 ἐξ
294 339 383 366 αὐτῶν
396 339 448 366 τῶν
463 339 615 374 λεγομένων
626 340 674 375 τὴν
689 348 824 374 συκοφαν-

18 388 90 414 τίαν
108 386 370 421 καταλαμβάνοντος.
391 385 581 420 Πρεσϐυτέραν
595 386 669 419 λέγει
689 385 735 412 τοῦ
758 386 824 412 Θεοῦ

18 433 78 468 τὴν
103 433 182 466 ἀξίαν
216 431 266 466 τῆς
288 430 335 457 τοῦ
356 431 491 466 ἡμετέρου
515 430 670 466 καθηγητοῦ
693 431 823 463 ἐπινοίας.

18 479 99 505 Οὐδὲ
118 479 195 514 ἡμεῖς
211 477 402 511 ἀντιλέγομεν·
421 477 436 511 ἠ
463 476 516 511 γὰρ
533 476 579 503 τοῦ
602 476 668 503 Θεοῦ
685 477 757 509 ἀξία,
778 477 824 512 ἦν-

17 532 93 550 τινα
109 524 161 559 χρὴ
177 523 223 549 καὶ
234 522 334 556 ταύτην
345 521 466 556 νομίζειν
478 520 557 551 εἶναι.
572 522 602 548 οὺ
615 522 665 556 τῆς
679 522 737 548 καθ’
752 522 825 557 ἡμᾶς

22 570 116 604 μόνον
130 569 225 603 γενεᾶς
242 567 402 603 προτερεύει
415 587 421 599 ,
438 567 506 594 ἀλλὰ
528 568 574 594 καὶ
592 568 683 602 πάσης
697 568 746 602 τῆς
768 568 825 594 κτί-

22 625 103 647 σεως
120 615 165 642 καὶ
189 614 277 641 αὐτῶν
302 614 459 648 ὑπέρκειται
478 613 534 640 τῶν
551 615 665 641 αἰώνων.
681 613 713 640 Τί
733 611 778 640 οὖν
793 614 825 641 ἐκ

20 662 138 689 τούτων
155 661 192 696 τῷ
208 662 278 697 λόγῳ
293 661 477 696 προσγίνεται,
493 661 517 686 εἰ
532 660 569 696 μὴ
581 660 720 687 Βασιλείου
735 661 824 696 μόνον,

21 708 105 736 ἀλλὰ
127 708 172 735 καὶ
193 707 302 734 πάντων
317 707 370 732 τῶν
398 706 482 733 ὅντων
507 706 630 741 ἁνωτέρα
654 706 825 741 ὁμολογεῖται

19 754 79 780 τοῦ
99 753 192 788 Θεοῦὴ
210 753 291 785 diu;
309 753 373 784 Ναὶ,
392 752 483 787 φησὶν,
498 751 566 777 ἀλλὰ
586 751 616 777 τὸ
631 751 715 787 ὄνομα
731 753 746 787 ἡ
763 752 826 784 ἀξία

22 800 121 826 ἐστίν.
146 799 200 825 Καὶ
224 798 264 830 τίς
281 797 419 830 ἀπέδειξε,
434 796 531 823 ταύτὸν
555 794 622 823 εῐναι
639 799 673 833 τῇ
696 797 760 832 ἀξία
777 798 825 833 τὴν

23 844 231 880 προσηγορίαν,
243 844 288 870 ἴνα
299 843 347 870 καὶ
361 844 442 878 ἡμεῖς
452 843 490 878 τῷ
502 843 641 878 λεγομένῳ
653 843 828 878 συνοιῦμεοα;
845 841 866 868 Β

23 892 145 923 Φύσεως
156 891 244 926 ἡμῶν,
261 891 337 926 φησι,
354 890 473 917 διδάσκει
489 890 598 924 θεσμὸς.
614 891 643 916 ἐν
660 892 715 922 τοῖς
729 891 830 926 ὀνομα-

24 938 161 972 ζομένοις
188 936 358 971 πράγμασιν,
382 935 432 961 οὐκ
457 936 485 961 ἐν
510 935 542 970 τῇ
567 934 620 961 τῶν
644 934 831 970 ὀνομαζόντων

24 982 144 1017 ἐξουσίᾳ
160 981 265 1008 κεῖσθαι
280 982 330 1017 τὴν
342 981 395 1008 τῶν
409 981 548 1016 ὀνομάτων
562 980 650 1013 ἀξίαν.
665 981 711 1013 Τίς
724 977 801 1013 οὗτος
817 982 831 1008 ὁ

23 1031 84 1065 τῆς
108 1029 213 1063 φύσεως
227 1029 326 1064 νόμοςς
345 1029 399 1054 Καὶ
420 1028 478 1060 πῶς
493 1028 522 1054 οὐ
536 1028 606 1054 κατὰ
624 1028 733 1055 πάντων
747 1037 830 1055 κεκυ-

28 1075 179 1111 ρωμένος;
208 1075 239 1100 Εἰ
260 1074 313 1109 γὰρ
340 1074 419 1108 φύσις
444 1075 474 1101 τὸ
491 1074 609 1101 τοιοῦτον
633 1074 830 1110 ἐνομοθέτησε,

24 1120 108 1146 κατὰ
121 1120 228 1146 πάντων
243 1119 446 1155 κεκυρωμένος.
463 1119 494 1145 Εἰ
509 1119 564 1154 γὰρ
576 1119 656 1153 φύσις
671 1120 701 1146 τὸ
713 1119 832 1146 τοιοῦτον

25 1165 225 1202 ἐνομοθέτησε,
237 1164 307 1192 κατὰ
318 1165 426 1191 πάντων
440 1165 524 1200 αὐτὴν
536 1165 588 1192 ἔδει
603 1166 633 1192 τὸ
647 1166 747 1202 κράτος
759 1165 829 1201 ἔχειν

24 1209 89 1239 τῶν
105 1211 303 1238 κοινωνούντων
326 1211 374 1246 τῆς
396 1210 503 1244 φύσεως
514 1231 520 1242 ,
535 1210 630 1246 ὥσπερ
649 1211 695 1238 καὶ
715 1211 749 1238 τὰ
764 1211 832 1238 ἄλλα

25 1259 128 1285 πάντα
141 1258 190 1284 ὅσα
202 1258 252 1292 τῆς
266 1257 373 1292 φύσεως
383 1257 446 1284 ἴδια.
460 1258 490 1284 EI
502 1255 549 1284 οὖν
562 1258 642 1293 νόμος
657 1258 707 1293 τῆς
724 1258 832 1294 φύσεως

25 1308 68 1332 ἐκ
87 1306 141 1331 τῷν
159 1304 328 1340 πραγμάτων
345 1304 411 1339 ἡμῖν
430 1303 599 1337 ἀναφύεσθαι
623 1304 672 1336 τὰς
692 1313 830 1340 προσηγο‹

27 1352 99 1387 ρίας
117 1350 211 1379 ἐποίει,
228 1349 321 1384 ὥσπερ
335 1350 368 1376 ὲκ
389 1349 443 1376 τῶν
462 1350 627 1385 σπερμάτων
643 1350 659 1385 ἢ
676 1350 830 1386 τῶννριζῶν

25 1397 70 1423 τὰ
85 1396 274 1431 βλαστήματα,
286 1396 331 1422 καὶ
348 1397 384 1431 μὴ
395 1398 427 1432 τῇ
441 1397 600 1432 προαιρέσει
613 1396 830 1430 τῶνιδηλοὺντων

25 1444 69 1470 τὰ
83 1444 232 1478 πράγματα
242 1443 291 1474 τὰς
306 1442 477 1477 σημαντικὰς
489 1442 543 1468 τῶν
559 1442 746 1477 ὑποκειμένων
758 1443 830 1468 ἐπω-

26 1489 135 1524 νυμίας
152 1487 297 1523 ἐπέτρεπε,
314 1487 415 1519 πάντες
425 1487 459 1514 ἂν
473 1485 544 1523 ἦμεν
557 1488 581 1514 οἱ
594 1486 740 1522 ἄνθρωποι,
761 1487 830 1522 πρὸς

28 1534 169 1570 ἀλλήλους
182 1533 360 1569 ὁμόγλωσσοι.
380 1533 424 1568 Μὴ
446 1532 500 1568 γὰρ
525 1532 760 1568 παρηλλαγμένων
774 1533 828 1559 τῶν

29 1580 218 1615 ἐπικειμένων
237 1581 293 1611 τοῖς
309 1579 468 1615 πράγμασιν
481 1579 631 1614 ὀνομάτων,
649 1579 699 1604 οὐκ
715 1578 747 1605 ἂν
763 1579 830 1614 πρὸς

28 1626 170 1661 ἀλλήλους
199 1625 269 1652 κατὰ
301 1625 333 1651 τὸ
355 1623 425 1656 εἶδος
450 1624 637 1660 διεφωνοῦμεν
662 1624 709 1651 τοῦ
737 1625 828 1659 λόγου.

31 1671 134 1698 ’Ὀσιόν
153 1679 234 1705 φησιν
258 1667 338 1702 εἶναι,
348 1671 395 1696 καὶ
408 1670 446 1705 τῷ
455 1670 503 1705 τῆς
519 1671 647 1706 προνοίας
662 1670 736 1705 νόμῳ
747 1678 831 1704 προσ-

30 1716 204 1752 φυέπατον,
224 1715 326 1742 ἄνωθεν
351 1714 506 1742 ἐπικεῖσθαι
530 1717 586 1747 τοῖς
616 1715 761 1751 πράγμασι
779 1715 828 1747 τὰς

32 1761 140 1797 φωνάς.
158 1761 219 1792 Πῶς
234 1759 279 1788 οὖν
296 1761 431 1796 ἠγνόησαν
448 1762 476 1791 οἱς
488 1761 626 1797 προφῆται
639 1761 669 1787 τὸ
684 1761 768 1792 ὅσιον,
785 1761 832 1788 καὶ

29 1810 84 1836 τόν
103 1807 152 1843 τῆς
173 1806 298 1843 προνοίας
321 1806 402 1842 νόμον
423 1807 474 1833 οὐκ
495 1806 704 1842 ὲπαιδεύθησαν,
727 1809 752 1834 οἱ
778 1815 831 1841 μη-

31 1854 144 1890 δαμῶς,
158 1854 229 1880 κατὰ
245 1853 290 1880 τὸν
308 1852 353 1880 σὸν
368 1853 456 1887 λόγον,
473 1853 522 1888 τὴν
538 1852 700 1887 ἀγεννησίαν
709 1851 834 1887 οεοποιήσ

33 1909 152 1934 σαντες;
163 1899 225 1931 Πῶς
239 1899 268 1926 δὲ
284 1898 331 1925 καὶ
345 1898 426 1930 αὐτὸς
440 1899 455 1925 ὁ
477 1898 542 1929 Θεὸς
556 1898 649 1932 ἀγνοεῖ
667 1898 698 1923 τὸ
713 1896 832 1923 τοιοῦτον

32 1945 111 1978 εἶδος
125 1946 173 1981 τῆς
188 1945 337 1980 ὁσιότητος.
354 1945 384 1976 ὃς
396 1952 428 1978 γε
444 1944 494 1970 οὐκ
507 1943 610 1970 ἄνωθεν
625 1943 764 1977 ἐπιτίθησι
777 1944 833 1974 τοῖς

33 1993 106 2028 παρ’
124 1991 205 2018 αὐτοῦ
226 1991 368 2018 πλασοεῖσι
388 1990 468 2022 ζώοις
483 1990 533 2022 τὰς
553 1985 747 2026 προσηγορίας·
766 1989 834 2016 ἀλλὰ

33 2038 78 2074 τῷ
105 2037 190 2072 Ἀδὰμ
201 2037 249 2072 τὴν
260 2036 383 2068 ἐξουσίαν
395 2035 445 2071 τῆς
458 2035 665 2071 ὀνοματοποιῖας
681 2034 834 2071 χαρίζεται;

36 2085 71 2111 Εἰ
83 2084 138 2120 γὰρ
149 2083 286 2119 προσφυὲς
301 2082 340 2117 τῷ
349 2082 398 2117 τῆς
413 2082 540 2117 προνοίας
550 2082 635 2117 νόμῳ,
647 2080 736 2112 καθώς
752 2088 834 2115 φησιν

34 2132 51 2157 ὁ
68 2130 212 2165 Εὑνόμιος.
225 2130 271 2156 καὶ
285 2129 357 2155 ὅσιόν
370 2129 428 2154 ἐστι
448 2127 478 2154 τὸ
489 2127 591 2154 ἄνωθεν
613 2125 765 2153 ἐπικεῖσθαι
777 2127 833 2156 τοῖς

35 2176 186 2211 πράγμασι
196 2175 244 2206 τὰς
256 2175 356 2210 φωνὰς,
367 2173 472 2200 ἀνόσιον
487 2174 595 2204 πάντως
607 2173 653 2199 καὶ
663 2173 834 2207 ἀνάρμοστον

36 2222 119 2257 παρὰ
129 2222 181 2248 τῶν
193 2221 269 2248 κάτω
278 2222 333 2252 τοῖς
344 2218 420 2247 οὖσιν
435 2218 642 2254 ὲφαρμοσθῆναι
654 2217 703 2249 τὰς
714 2217 833 2252 κλήσεις.

83 2310 160 2336 Ἀλλ’
187 2311 203 2336 ό
230 2308 350 2335 πάντων
373 2308 520 2342 κηδεμὼν,
542 2306 618 2341 φησι,
642 2304 836 2340 δημιουργίας

36 2355 124 2390 νόμῳ
140 2355 202 2388 (αῖς
223 2354 379 2388 ἡμετέραις
401 2352 632 2388 ἐγκατωπεῇῑαι
656 2350 771 2386 ψυχαῖς
784 2351 837 2377 eo»

36 2401 162 2428 καίωσε,
181 2400 237 2426 Καὶ
264 2399 288 2426 εί
311 2399 396 2425 ταῦτα
418 2400 479 2430 ταῖς
495 2398 549 2424 τῶν
566 2396 717 2432 ἀνθρώπων
737 2395 838 2430 ψυχαῖς

36 2447 214 2482 κατεσπάφη,
233 2445 291 2476 πῶς
303 2446 357 2472 ἀπὺ
375 2446 459 2480 Ἀδὰμ
481 2445 562 2480 μέχρι
579 2443 628 2479 τῆς
644 2444 693 2478 σῆς
710 2441 837 2478 παραδά-

37 2503 112 2526 σεως
121 2495 135 2520 ὁ
145 2494 195 2529 τῆς
208 2492 386 2527 ματαιότητος
398 2492 498 2526 ταύτης
510 2490 616 2526 καρπὸς
626 2490 676 2516 οὐκ
688 2489 837 2523 ἐϐλάστησε

34 2542 100 2572 ταῖς
116 2540 225 2575 ψυχαῖς,
236 2539 272 2570 ὡς
283 2539 345 2574 φῂς,
356 2537 410 2565 τῶν
424 2537 576 2573 ἀνθρώπων
587 2536 663 2570 ὲγκεί
667 2544 756 2571 μενος,
767 2535 838 2562 ὥστε

34 2587 127 2620 ονομα
151 2586 201 2620 τῆς
223 2584 270 2611 τοῦ
292 2584 397 2619 lla-cpe;
413 2583 507 2615 οὐσίας
521 2583 571 2618 τὴν
588 2582 751 2616 ἁγεννησίαν
770 2581 837 2616 κλη-

35 2631 133 2666 θῆναι.
150 2629 220 2657 Eine
237 2629 291 2665 γὰρ
307 2630 339 2656 ἂν
353 2629 431 2656 τοῦτο
445 2629 492 2656 καὶ
506 2630 519 2656 ὁ
542 2628 638 2664 Ἀδὰμ.
654 2629 702 2654 καὶ
723 2628 748 2654 οἱ
771 2627 838 2654 καθ-

37 2676 106 2712 εξῆς
121 2677 168 2703 ἀπ’
194 2676 298 2702 ἐκείνου
321 2676 421 2707 πάντες
435 2696 442 2707 τ
467 2675 546 2709 εἴπερ
563 2675 639 2710 ἰτίῖιρὰ
653 2674 700 2700 τοῦ
722 2674 788 2700 Θεοῦ
806 2675 838 2709 τῇ

37 2721 123 2750 φύσει
137 2720 168 2748 τὸ
179 2721 297 2748 τοιοῦτον
313 2721 495 2756 κατέσπαρτο.
512 2721 617 2756 ’Ὠσπερ
630 2720 684 2756 γὰρ
695 2720 729 2747 τὰ
744 2720 790 2746 νῦν
807 2722 838 2746 ὲκ

37 2767 93 2801 τῆς
103 2766 156 2801 γῆς
180 2767 302 2802 φυόμενα
316 2768 348 2794 ὲκ
364 2767 414 2802 τῆς
432 2768 620 2803 σπερματικῆς
638 2767 761 2802 διαδοχῆς
784 2767 839 2794 ἀπὸ

37 2813 92 2847 τῆς
108 2812 221 2849 πρώτης
235 2813 348 2845 κτίσεως
358 2814 397 2845 είς
407 2814 450 2840 ἀεὶ
460 2809 581 2848 διαμένει
591 2833 599 2845 ,
614 2813 659 2840 καὶ
669 2813 743 2840 οὐδὲν
757 2813 785 2840 ὲν
801 2813 839 2848 τῷ

878 202 931 229 sibi
948 202 997 236 ipsi
1016 202 1084 229 dans
1097 202 1170 229 velut
1181 209 1214 229 ex
1232 206 1326 229 nostro
1340 210 1468 230 sertnone
1481 202 1515 229 ad
1527 210 1669 238 opponen-

876 248 943 276 dum
970 255 999 276 se
1030 248 1200 279 occasiones,
1220 247 1333 282 ,qnibus
1357 248 1493 276 subtiliter
1516 250 1669 279 tractandis

878 301 988 329 operam
1014 302 1116 329 ponere
1149 294 1283 329 quispiam
1309 301 1403 322 eorum
1423 296 1469 330 qui
1496 295 1670 323 considerate

879 344 1014 367 noverunt
1024 340 1158 375 judicare.
1177 347 1276 367 vanum
1293 345 1319 368 ct
1339 341 1506 376 superﬂuum
1524 350 1586 370 esse
1596 342 1670 370 dixe-

879 387 925 419 rit,
945 395 1007 414 cum
1026 387 1218 422 unusquisque
1244 395 1339 414 eorum
1367 388 1414 422 qui
1440 388 1466 415 in
1491 389 1552 423 ejus
1567 390 1669 425 scripta

880 433 1037 465 inciderint,
1057 441 1089 461 ex
1105 433 1172 468 ipsis
1185 433 1267 460 dictis
1276 434 1439 462 calumniam
1450 435 1667 470 possitarguere.

881 479 929 506 llic
947 478 993 506 Dei
1010 479 1167 514 dignltatem
1182 479 1304 506 ductoris
1323 480 1411 506 nostri
1439 482 1670 508 commentatione

880 523 1062 559 antiquiorem
1092 528 1226 551 autumat.
1243 524 1336 560 Neque
1363 532 1414 552 nos
1432 526 1668 555 eoutradicimus:

879 570 1015 605 siquidem
1035 569 1081 597 Dei
1097 570 1224 605 dignitas,
1252 578 1334 604 quam
1353 570 1462 605 quidem
1489 571 1571 598 etiam
1600 572 1670 599 hanc

879 617 1040 644 existimare
1055 621 1173 651 oportet,
1191 624 1245 644 non
1261 617 1349 644 solum
1367 621 1448 644 atlate
1478 622 1572 645 nostra
1596 618 1671 653 prior

879 668 932 696 est,
946 663 994 691 sed
1008 663 1088 690 etiam
1113 663 1186 690 omni
1218 667 1354 695 creatura,
1369 667 1396 689 et
1412 663 1478 698 ipsis
1493 665 1601 692 saeculis
1618 673 1668 692 sn-

880 710 972 745 perior
989 709 1102 737 eminet.
1115 708 1186 742 Quid
1203 709 1285 744 igitur
1298 717 1330 736 ex
1355 709 1398 737 his
1423 710 1542 736 sermoni
1559 711 1670 742 accidit,

880 757 902 784 si
916 765 970 784 non
983 756 1083 783 Basilio
1098 756 1186 783 solum
1214 756 1260 783 sed
1289 755 1370 782 etiam
1387 757 1515 783 omnibus
1528 756 1610 784 rebus
1623 764 1672 784 sn-

880 803 1005 838 perioret
1016 802 1155 837 antiquior
1165 801 1210 829 Dei
1220 801 1473 836 censeturdignitas
1480 802 1492 818 ⁸⁸
1502 802 1559 835 Nae,
1569 803 1670 838 inquit,

882 849 929 877 sed
944 849 995 876 hoc
1007 856 1104 875 nomen
1117 848 1236 883 dignitas
1258 851 1311 875 cst.
1337 846 1370 874 Et
1384 848 1446 883 quis
1473 848 1672 876 demonstravit

883 895 954 922 idem
981 901 1044 921 esse
1067 900 1130 920 cum
1162 892 1294 927 dignitate
1307 892 1528 927 appellationem,
1545 897 1573 919 ut
1588 893 1671 920 etiam

882 948 933 967 nos
957 939 1030 967 dicto
1057 937 1266 966 assentiamur?
1290 937 1396 965 Nostrae
1420 942 1534 970 naturae,
1556 940 1604 970 a’t,
1627 939 1672 966 lex

882 985 961 1013 docet
976 985 1004 1012 in
1022 985 1103 1012 rebus
1118 992 1179 1019 quae
1193 983 1382 1015 nominantur,
1413 992 1466 1011 non
1481 984 1508 1011 in
1525 985 1673 1012 nominan-

883 1030 951 1057 tium
972 1033 1106 1064 potestate
1124 1029 1264 1056 nominum
1289 1029 1448 1064 dignitatem
1467 1037 1528 1057 esse
1540 1030 1671 1064 positam.

883 1076 1011 1110 Quaenam
1026 1076 1082 1103 haec
1096 1079 1201 1102 natura:
1215 1075 1276 1102 lex?
1299 1079 1326 1102 et
1348 1075 1485 1110 quomodo
1501 1083 1554 1102 non
1573 1076 1599 1103 in
1614 1084 1673 1103 om-

884 1122 965 1149 nibus
987 1126 1082 1149 sancta
1094 1125 1122 1148 et
1145 1125 1204 1148 rata
1223 1125 1265 1148 est
1289 1120 1381 1148 habita
1396 1121 1408 1148 ?
1424 1121 1452 1148 Si
1477 1122 1550 1149 enim
1575 1126 1673 1150 natura

883 1168 949 1203 quid
977 1168 1032 1195 tale
1057 1168 1114 1202 lege
1140 1167 1239 1198 sanxit,
1270 1166 1303 1194 de
1319 1166 1446 1194 omnibus
1465 1171 1553 1194 ratum
1577 1173 1628 1196 est.
1644 1167 1673 1195 Si

883 1215 955 1242 enim
972 1218 1069 1242 natura
1098 1214 1152 1241 tale
1169 1214 1232 1248 quid
1252 1213 1346 1245 edixit,
1377 1213 1404 1240 in
1422 1214 1512 1240 omnia
1528 1214 1613 1248 ipsam
1629 1215 1675 1241 lia-

884 1261 948 1288 bere
963 1261 1109 1296 imperium
1134 1263 1252 1294 oportet,
1275 1267 1334 1293 qua:
1358 1262 1484 1285 naturam
1498 1259 1672 1294 participant,

883 1306 1112 1341 quemadmodum
1120 1306 1171 1332 alia
1179 1305 1271 1332 omnia
1284 1312 1345 1339 qua:
1357 1308 1421 1332 sunt
1434 1308 1539 1331 natura:
1552 1304 1672 1340 propria.

884 1350 912 1377 Si
926 1350 1010 1385 igitur
1026 1355 1131 1377 natura}
1147 1349 1190 1376 lex
1215 1356 1246 1376 ex
1264 1349 1346 1376 rebus
1371 1349 1565 1383 appellationes
1581 1349 1674 1377 enasci

883 1395 994 1428 faceret,
1008 1396 1079 1423 sicut
1091 1403 1122 1422 ex
1147 1395 1298 1422 seminibus
1317 1395 1358 1422 vel
1376 1394 1515 1423 radicibus
1538 1396 1672 1431 germina,

883 1449 933 1470 nec
943 1442 1086 1469 hominum
1102 1441 1229 1469 instituto
1243 1445 1270 1469 et
1286 1441 1400 1468 arbitrio
1417 1441 1463 1475 qui
1475 1449 1518 1469 res
1534 1441 1610 1476 ipsas
1625 1443 1675 1470 de-

883 1487 1001 1520 clarant,
1022 1486 1217 1521 signitlcativas
1233 1493 1323 1513 rerutn
1338 1486 1539 1514 nominationes
1563 1487 1676 1522 permit-

882 1536 962 1565 teret,
987 1539 1082 1560 omnes
1099 1532 1223 1560 homines
1237 1539 1361 1559 essemus
1389 1532 1461 1559 inter
1475 1539 1526 1560 nos
1549 1533 1632 1560 unius
1648 1537 1676 1560 et

880 1577 1004 1612 ejusdem
1026 1577 1135 1612 lingum.
1153 1577 1182 1604 Si
1196 1577 1268 1604 enim
1297 1578 1408 1604 nomina
1437 1577 1520 1605 rebus
1547 1577 1675 1612 imposita

881 1632 937 1652 non
962 1624 1161 1659 discreparent,
1187 1631 1276 1658 neque
1298 1631 1349 1650 nos
1366 1623 1393 1650 in
1426 1624 1562 1651 sermonis
1585 1624 1677 1658 specie

881 1669 1241 1699 dissonaremns.Sanctum
1267 1670 1356 1705 inquit
1381 1669 1676 1705 esse,etprovidenti:e

882 1717 935 1752 legi
952 1716 1191 1751 cugnatissimnm,
1212 1723 1294 1743 voces
1313 1715 1432 1750 desuper
1457 1716 1539 1744 rebus
1555 1716 1672 1751 imponi.

882 1762 1024 1796 Quomodo
1039 1761 1120 1797 igitur
1135 1761 1274 1796 propheta:
1288 1760 1340 1788 hoc
1351 1762 1439 1796 ipsum
1455 1765 1580 1788 sanctum
1598 1761 1676 1797 igno-

882 1815 990 1840 rarunt,
1007 1815 1057 1835 nec
1077 1808 1255 1842 providentia:
1278 1807 1363 1842 legem
1388 1807 1544 1835 didicerunt
1569 1808 1607 1835 illi
1627 1808 1675 1843 qui

883 1860 1021 1887 nunquam
1033 1852 1184 1880 secundum
1196 1856 1271 1879 tuum
1289 1859 1442 1880 sermonem
1456 1851 1506 1888 τὴν
1514 1853 1676 1888 ἀγεννησίαν

883 1896 1216 1930 deiﬁcarunt?Quomodo
1234 1901 1260 1924 et
1279 1897 1336 1931 ipse
1349 1897 1418 1924 Deus
1430 1897 1509 1924 talem
1523 1898 1676 1926 sanctitatis

883 1943 1002 1978 speciem
1019 1941 1140 1977 ignorat,
1156 1943 1203 1977 qui
1221 1950 1274 1969 non
1291 1942 1408 1977 desuper
1435 1943 1599 1970 animalibus
1614 1950 1629 1970 a
1647 1950 1676 1970 se

883 1990 982 2018 creatis
1013 1989 1209 2024 appellationes
1244 1988 1378 2022 imponit,
1405 1988 1452 2016 sed
1493 1987 1596 2015 Adamn
1630 1988 1677 2016 Iin-

883 2035 963 2071 gendi
978 2034 1091 2062 nomina
1105 2037 1265 2069 potestatein
1279 2033 1467 2068 gratiﬁcatur?
1482 2033 1510 2060 Si
1526 2033 1597 2060 enim
1613 2041 1677 2069 pro-

884 2080 1011 2108 videntia
1021 2080 1073 2116 legi
1085 2084 1243 2115 cognatum,
1259 2080 1330 2106 sicut
1342 2079 1463 2114 loquitur
1478 2079 1637 2112 Eunomius,
1649 2083 1677 2107 et

885 2131 1010 2154 sanctum
1025 2129 1068 2152 est
1087 2125 1207 2159 desuper
1224 2124 1308 2151 rebus
1333 2131 1414 2152 voces
1443 2124 1587 2159 impositas
1603 2131 1676 2156 esse,

851 2187 874 2215 ι)
888 2171 1032 2207 profanum
1050 2178 1176 2206 prorsus.
1202 2174 1230 2197 et
1246 2169 1360 2206 itnpium
1387 2175 1468 2205 atque
1496 2170 1675 2206 incongruum

887 2217 922 2245 ab
946 2217 990 2245 bis
1021 2217 1067 2252 qui
1081 2221 1144 2244 sunt
1176 2215 1248 2243 infra
1271 2215 1405 2243 vocabula
1418 2215 1500 2243 rebus
1522 2222 1678 2243 accommo-

888 2265 957 2292 dari.

926 2309 989 2340 Sed,
1016 2308 1116 2343 inquit,
1136 2307 1253 2334 omnium
1267 2311 1385 2337 curator,
1402 2306 1501 2341 api/icti
1515 2305 1568 2341 lege
1581 2306 1678 2333 nostris

889 2356 987 2384 animis
1001 2363 1046 2382 eas
1069 2354 1184 2381 inserere
1199 2361 1302 2388 wquum
1317 2353 1429 2380 cenauit.
1448 2352 1481 2379 Ει
1497 2353 1520 2380 si
1542 2353 1600 2380 haec
1620 2354 1679 2380 ani-

889 2401 941 2428 mis
957 2399 1098 2427 hominum
1119 2402 1183 2426 sunt
1208 2398 1344 2432 inspersa.
1361 2395 1501 2431 quomodo
1520 2395 1555 2423 ab
1573 2395 1678 2422 Adamn

890 2453 976 2481 usque
1002 2444 1034 2471 ad
1060 2447 1134 2470 tuam
1162 2442 1408 2476 transgressionem
1438 2441 1520 2476 hujus
1548 2440 1678 2468 vanitatis

890 2492 996 2520 fructus
1016 2498 1069 2518 non
1085 2490 1195 2526 prodiit,
1212 2489 1310 2516 animis
1326 2488 1479 2519 hominum,
1494 2492 1523 2515 ut
1536 2491 1565 2514 tu
1584 2487 1678 2522 loque-

889 2539 939 2570 ris,
965 2538 1073 2568 insitus.
1100 2540 1130 2563 ut
1154 2543 1253 2563 nomen
1277 2534 1403 2563 essentiae
1426 2537 1572 2562 vocaretur
1597 2533 1678 2567 ἀγεν-

890 2584 980 2621 νησία,
1002 2582 1067 2611 illud
1081 2582 1181 2617 quippe
1196 2581 1310 2608 dixisset
1326 2580 1408 2608 etiam
1423 2579 1554 2610 Adamns,
1578 2583 1606 2606 et
1631 2578 1677 2613 qui

890 2631 1019 2664 deinceps
1032 2629 1067 2656 ab
1086 2628 1132 2655 illo
1147 2627 1234 2655 exorti
1249 2630 1313 2654 sunt
1326 2633 1432 2656 omnes,
1447 2623 1580 2659 siquidem
1596 2631 1611 2651 a
1623 2623 1677 2651 Deo

891 2676 944 2703 tale
957 2679 1062 2702 natura:
1077 2673 1189 2700 insitum
1204 2675 1271 2700 erat.
1288 2668 1520 2704 Quemadmodum
1532 2668 1605 2696 enim
1617 2676 1678 2704 qua:

890 2727 922 2747 ex
936 2722 1009 2746 terra
1022 2717 1184 2748 funduntur,
1196 2723 1230 2743 ex
1242 2714 1366 2742 seminali
1379 2713 1554 2741 successione
1567 2721 1581 2740 a
1591 2713 1678 2749 prima

891 2765 1028 2793 creatione
1044 2771 1151 2799 semper
1170 2764 1339 2798 permanent,
1367 2759 1526 2794 nullumque
1545 2766 1638 2788 semen
1662 2767 1678 2787 a

891 2816 989 2840 natura
1010 2810 1038 2839 in
1059 2808 1202 2846 prasentia
1222 2807 1380 2841 innovatur,
1407 2806 1447 2834 sic
1470 2810 1498 2834 et
1522 2805 1566 2835 hic
1587 2812 1678 2835 sermo
