1900 3073
218 68 296 97 ’1095

863 62 892 90 S.
912 61 1075 91 GREGORII
1095 63 1239 92 NYSSENI

1815 62 1874 90 ita-‘26

226 127 361 164 siquidem
376 128 460 158 esset,
488 127 518 151 ut
542 126 571 150 tu
592 121 645 153 ais,
668 126 773 148 natura:
791 127 805 147 a
829 119 884 148 Deo
901 119 1011 152 insitus,

1077 121 1176 156 παρόντι
1201 122 1312 157 σπέρμα
1330 122 1530 156 καινοτομεῖται
1554 117 1633 154 παρὰ
1656 118 1710 152 τῆς
1750 117 1873 152 spicas,

227 181 290 202 cum
312 172 398 208 prima
411 173 553 206 parentum
569 167 781 203 primigcnarum
802 173 867 193 voce
883 165 1014 201 pullulas-

228 224 282 252 set,
297 223 324 246 et
339 225 400 246 cum
417 219 589 252 posterorum
605 213 781 241 successione
791 211 948 247 prodiisset.
963 210 1016 238 Sed

228 264 357 300 quoniam
375 263 427 289 hoc
444 261 478 289 ab
502 260 581 288 initio
597 267 651 286 non
666 262 736 290 erat,
762 258 854 285 nullus
872 257 945 284 enim
961 256 1018 291 pri-

228 317 335 338 morum
362 308 413 336 fuit
435 314 523 342 usque
546 306 579 333 ad
601 305 727 332 homines
752 304 836 338 hujus
860 303 958 334 aetatis,
984 302 1018 329 ad

227 363 300 392 quos
316 355 371 382 tale
388 354 496 382 locutus
521 358 572 384 est,
598 351 772 386 perspicuum
791 350 870 384 plane
885 353 927 377 est
946 347 1019 384 quod

229 402 415 430 adulterinum
442 400 507 436 quid
532 403 559 427 et
583 405 723 434 perperam
750 397 889 424 inventum
913 403 945 423 ex
968 395 1020 422 hoc

229 449 356 476 loliorum
384 450 445 475 satu
472 449 583 473 enatum
609 449 662 476 est,
689 450 744 470 non
766 450 798 470 ex
820 441 942 477 pulchris
965 441 1020 468 illis

234 493 386 522 seminibus
413 499 473 527 quae
500 494 606 518 naturae
629 496 704 525 agro,
732 492 761 515 ut
784 495 847 514 cum
873 486 1020 522 Evangelio

232 540 332 574 loquar
343 538 377 570 '°,
395 537 474 564 Deus‘
484 535 639 563 mandavit:
662 542 723 569 quae
734 534 806 561 enim
821 533 901 568 plane
916 535 980 559 sunt
992 532 1019 559 in

231 584 370 612 communi
385 588 490 615 natura,
505 589 558 608 non
579 588 652 608 nunc
667 585 696 607 ut
712 580 769 608 sint
790 579 955 614 principium
971 578 1020 605 ha-

230 630 305 662 bent,
319 628 366 656 sed
381 636 413 655 ex
425 627 512 662 prima
533 626 729 654 constitutione
743 632 804 651 cum
821 627 918 651 natura
935 631 1019 658 appa-

230 679 363 702 ruerunt:
386 674 458 701 sicut
482 671 617 700 sentiendi
642 671 888 698 instrumentorum
904 669 1018 700 functio,

231 721 258 745 et
282 724 344 744 cum
362 715 395 743 ad
420 715 524 751 aliquid
546 715 627 742 homo
640 714 790 750 cupiditate
813 714 953 746 incitatur,
978 713 1019 741 vel

232 763 377 794 alienatur,
392 766 418 789 et
432 762 455 789 si
472 761 537 796 quid
550 761 621 788 aliud
638 761 691 788 tale
702 760 862 788 conceditur
874 767 1019 787 commune

1068 167 1154 199 οὕτως
1170 168 1216 194 καὶ
1238 169 1252 194 ὁ
1273 167 1350 202 λόγος
1371 163 1447 198 οὗτος
1469 166 1547 201 εἴπερ
1563 163 1609 201 ἦν,
1627 163 1728 195 καθὼς
1758 163 1795 190 σὺ
1813 165 1872 199 ςῇς,

1068 213 1159 240 θεόθεν
1180 213 1403 249 κατεσπαρμένος
1423 213 1456 248 τῇ
1480 212 1576 246 φύσει,
1593 212 1628 246 τῇ
1647 209 1759 245 1cm
1780 209 1871 236 5.712.

1069 259 1288 295 πρωτοπλάστων
1313 261 1387 295 φωνῇ
1406 258 1606 293 συνεὸλάστησε
1618 277 1625 288 ,
1641 256 1693 283 καὶ
1706 257 1750 291 τῇ
1772 255 1870 289 δαῦτιῆ

1069 307 1122 332 τῶν
1135 305 1329 341 ἐπιγινομένων
1348 305 1562 340 συνδιεξήρχετο.
1588 303 1662 329 Ἀλλ’
1681 301 1790 336 ἐπειδὴ
1806 302 1870 327 τοῦτ

1073 351 1148 387 παρὰ
1173 352 1223 387 τὴν
1248 352 1358 387 πρώτην
1386 351 1435 377 οὒκ
1455 348 1498 385 ἦν,
1521 349 1610 380 οὐδεὶς
1631 348 1692 383 γὰρ
1718 347 1786 373 τῶν
1810 356 1870 381 πρ)

1070 405 1123 423 των
1140 397 1219 432 μέχρι
1235 397 1288 423 τῶν
1310 396 1356 423 νῦν
1371 396 1519 431 ἀνθρώπων
1538 395 1608 430 πρὸς
1624 394 1675 425 οὓς
1697 394 1732 420 τὸ

1058 442 1234 478 ¹ἐφθέγξατο,
1254 443 1332 478 δῆλον
1346 442 1386 468 ὅτι
1404 442 1479 468 νόθον
1492 449 1518 467 τι
1533 441 1580 467 καὶ
1608 437 1835 475 παρευρσς
1847 439 1871 463 ἐι

1070 490 1118 525 τῆς
1134 488 1309 521 ζιζανιιὲλίους
1323 488 1425 523 ἀνεφύη
1451 488 1553 522 σπορᾶς
1563 507 1570 519 ,
1583 487 1635 513 οὐκ
1657 487 1693 512 ἐκ
1708 486 1773 511 τῶν
1791 485 1870 510 καὶέν

1071 535 1181 562 ἐκείνων
1195 535 1369 570 σπερμάτων.
1384 534 1402 561 ἃ
1413 533 1450 568 τῷ
1470 533 1546 568 ἀγρῷ
1561 533 1611 567 τῆς
1632 531 1753 566 φύσεως
1765 551 1773 562 ,
1798 531 1870 562 εἱστ-

1071 580 1187 615 γελικῶς
1199 581 1296 611 εἰπεῖν.
1319 581 1333 606 ὁ
1352 579 1418 611 Θεὸς
1432 578 1607 606 κατεϐάλετο.
1622 577 1699 604 Ὅσα
1713 576 1778 610 γὰρ
1797 576 1824 601 ἐν

1070 628 1145 663 κοινῇ
1164 626 1242 662 φύσει
1253 626 1361 657 πάντως
1372 627 1454 656 ἐστὶν,
1465 625 1496 651 οὗ
1510 624 1557 650 νῦν
1571 624 1619 650 τοῦ
1631 621 1707 650 εἶναι
1720 623 1779 657 τὴν

1071 673 1138 708 ἔχει.
1163 672 1222 699 ἀλλ’
1243 673 1275 698 ὲκ
1302 672 1352 706 τῆς
1383 671 1492 706 πρώτης
1516 669 1677 700 συστάσεως
1699 670 1868 701 cavatur-.57.

1069 718 1102 752 τῇ
1119 716 1209 750 φύσει·
1225 716 1264 748 ὡς
1278 716 1295 750 ἥ
1311 725 1340 743 τε
1353 716 1406 742 τῶν
1424 714 1609 750 αἰσθητηρίων
1625 714 1777 748 ἐνέργεια,
1794 713 1836 739 u‘:
1849 715 1869 738 τι

1074 762 1142 798 πρός
1155 771 1181 789 τι
1198 762 1243 789 τὸν
1266 761 1407 797 ἄνθρωπον
1434 759 1660 795 ἐπιθυμητικῶς,
1681 759 1700 793 ἢ
1726 758 1869 793 ὧλστρὲες

232 811 348 840 naturae,
362 814 478 842 quorum
491 805 558 832 nihil
575 805 600 832 in
613 805 727 840 posteris
739 805 793 832 vita
809 804 958 837 innovavit,
975 805 1021 832 sed

1077 808 1157 843 ἔχειν,
1172 808 1219 835 καὶ
1234 808 1261 834 εἴ
1274 817 1300 834 τι
1314 807 1378 834 ἄλλο
1392 807 1510 834 τοιοῦτον
1523 806 1703 842 ὁμολογεῖται
1718 805 1815 831 κοινὸν
1828 805 1867 838 τῆς

232 855 261 882 in
280 854 348 889 ipsis
363 852 577 888 proprietatibus
598 859 613 878 a
636 851 732 886 primis
754 858 841 886 usque
863 850 896 878 ad
913 850 1024 878 ultimos

232 904 411 928 conservatur
424 906 533 934 semper
553 897 626 932 quod
641 897 793 924 humanum
813 900 865 929 est,
880 897 957 927 ,nihil
975 905 1025 924 na-

232 950 294 974 tura
303 953 391 979 neque
401 951 497 971 eorum
513 951 574 979 quae
587 950 602 969 a
617 942 752 977 principio
763 943 857 970 insunt
870 942 1024 977 abjicienle,

233 999 321 1026 neque
340 997 434 1018 eorum
461 996 522 1024 quae
545 996 598 1016 non
626 988 722 1016 insunt
749 992 917 1016 assumente.
948 988 1026 1015 Sicut

233 1037 336 1069 videre,
352 1040 457 1063 naturae
470 1034 579 1070 quidem
593 1042 693 1062 munus
712 1041 774 1062 esse
788 1041 870 1061 nemo
883 1028 937 1061 nan
955 1040 1022 1060 cou-

235 1081 336 1114 ﬁtetur,
358 1080 405 1108 sed
423 1080 571 1108 artiticiose
585 1079 676 1107 videre
692 1087 725 1106 ex
748 1079 883 1107 industria
897 1082 924 1106 et
939 1077 1025 1106 artiﬁ-

234 1126 279 1153 cio
295 1125 329 1152 iis
345 1125 390 1159 qui
405 1123 530 1152 scientiis
542 1127 568 1151 et
588 1123 741 1158 disciplinis
757 1131 868 1157 operam
889 1122 1026 1158 impendio

234 1170 368 1199 dederunt
378 1169 497 1197 advenit.
515 1169 574 1196 Non
588 1169 659 1196 enim
672 1169 794 1195 omnium
814 1169 928 1203 dioptrae
938 1168 1027 1196 scien-

239 1216 310 1243 tiﬁca
324 1215 455 1251 cognitio,
473 1215 514 1242 vel
529 1214 754 1250 geometricarum
771 1214 904 1241 linearum
917 1213 1028 1240 demou-

234 1260 347 1288 strativa
364 1259 571 1294 contemplatio,
588 1259 631 1286 vel
645 1259 668 1287 si
684 1258 749 1293 quid
771 1258 825 1286 tale
841 1257 916 1285 aliud
934 1265 948 1284 ιι
962 1257 1024 1292 qui-

232 1300 286 1333 bus
304 1313 357 1332 non
378 1305 482 1336 videte,
507 1304 555 1332 sed
572 1303 604 1331 ad
630 1304 732 1339 aliquid
753 1304 792 1331 uti
813 1303 924 1332 videndi
951 1307 1026 1336 actu,

234 1351 269 1378 ab
285 1353 343 1378 arte
364 1350 506 1377 inventum
529 1353 589 1377 est:
621 1349 662 1377 sic
686 1349 793 1377 ratione
814 1349 908 1376 utendi
929 1356 1027 1376 munus

234 1403 381 1423 commune
399 1395 509 1431 quidem
531 1402 593 1430 esse
613 1395 740 1423 humanm
757 1398 863 1422 naturae
884 1394 984 1422 dixerit
999 1398 1028 1422 et

235 1441 388 1477 proprium,
411 1441 529 1475 desuper
541 1447 604 1467 cum
628 1445 725 1467 natura
739 1444 766 1467 et
784 1439 937 1467 substantia
958 1446 1024 1466 con-

235 1487 328 1514 situm.
345 1486 397 1514 Sed
412 1486 494 1513 rebus
505 1493 565 1521 qua:
581 1489 644 1513 sunt
659 1493 739 1513 voces
757 1485 878 1512 invenire
893 1489 920 1512 ct
934 1484 1023 1520 appel-

236 1532 349 1559 lationes
375 1539 467 1559 rerum
495 1531 690 1566 signiticativas
721 1531 862 1558 hominum
887 1539 950 1559 esse
974 1531 1020 1566 qui

236 1577 417 1605 ratiocinandi
438 1577 594 1604 facultatem
619 1585 634 1604 a
660 1577 715 1604 Deo
742 1577 768 1604 in
794 1577 891 1612 seipsis
909 1577 1022 1610 habent,

236 1622 283 1660 qui
307 1630 423 1658 semper,
441 1626 471 1649 ut
491 1622 559 1657 ipsis
572 1623 671 1658 placet,
688 1622 721 1649 ad
741 1629 836 1649 eorum
857 1630 917 1657 quae
932 1622 1024 1650 decla-

237 1672 332 1695 rantur
347 1668 566 1702 explanationem
580 1667 714 1694 dictiones
728 1668 833 1702 aliquas
845 1675 936 1695 rerum
951 1668 1024 1703 ipsa-

238 1721 297 1742 rum
316 1713 419 1741 indices
433 1718 460 1741 et
474 1718 553 1741 notas
569 1714 735 1748 excogitant.
752 1713 805 1741 Sed
823 1714 845 1741 si
867 1713 924 1741 haec
938 1713 1024 1741 robur

239 1759 365 1791 habeant,
379 1759 496 1786 duorum
511 1758 600 1793 inquit
617 1759 732 1786 alterum
748 1758 846 1789 astrui,
862 1759 903 1786 vel
918 1758 960 1785 his
977 1758 1023 1793 qui

237 1804 483 1832 comminiscuntur
499 1804 755 1832 commentationem
772 1803 965 1838 antiquiorem,
982 1804 1024 1832 vel

238 1852 294 1879 Deo
312 1850 461 1879 secundum
479 1853 604 1877 naturam
620 1850 816 1878 convenientes
829 1851 1024 1886 appellationes

237 1902 265 1924 ct
291 1897 419 1924 omnibus
440 1896 660 1931 prwexsistentes
683 1896 823 1923 hominum
850 1897 1024 1931 generatione

238 1943 415 1977 posteriores.
440 1941 510 1977 Ergo
533 1941 633 1969 talibus
647 1942 853 1977 repugnandum
873 1945 915 1969 est
932 1947 959 1969 et
974 1942 1024 1970 ob—

239 1991 378 2022 standum,
394 1991 421 2015 et
438 1987 471 2014 ad
486 1991 541 2014 tam
560 1987 701 2014 molestam
717 1988 862 2015 amentiam
878 1995 926 2022 per
940 1988 1024 2014 ratio-

242 2043 303 2063 nem
319 2033 529 2062 conserendum.
546 2032 645 2068 Ecquis
668 2032 704 2059 ita
718 2033 831 2068 simplex
849 2038 878 2060 ut
897 2041 945 2068 per
961 2034 1024 2061 talia

239 2081 299 2110 laedi
317 2085 392 2116 putet
408 2084 435 2108 et
450 2079 596 2110 existimet,
613 2078 635 2106 si
648 2079 731 2106 verba
744 2079 954 2106 ratiocinalricis
964 2087 1026 2107 esse

1074 854 1191 890 φύσεως,
1206 852 1243 881 ὧν
1259 854 1334 880 οὐδὲν
1351 854 1379 880 ὲν
1400 855 1454 884 τοῖς
1472 852 1677 887 ἐπιγινομένοις
1690 852 1705 876 ὁ
1721 850 1786 885 ﬂio;
1803 851 1867 876 hm-

1074 899 1240 934 νοτόμησεν,
1260 899 1318 926 ἀλλ’
1344 899 1372 925 ἐν
1391 900 1447 929 τοῖς
1466 899 1556 930 αὐτοῖς
1575 897 1728 932 ἶδιώμασιν
1751 896 1808 924 ἀπὸ
1823 896 1866 922 τίν

1075 944 1190 978 πρώτων
1209 944 1288 979 μέχρι
1305 944 1359 970 τῶν
1376 945 1496 978 ἐσχάτων
1515 945 1694 978 συντηρείται
1709 942 1759 968 διὰ
1781 942 1867 971 mi;

1074 989 1104 1015 τὸ
1116 989 1294 1025 ἀνθρώπινον·
1315 989 1390 1017 οὐδὲν
1402 990 1451 1025 τῆς
1468 990 1574 1024 φύσεως
1588 988 1650 1015 οὔτε
1669 988 1729 1015 τῶν
1744 987 1777 1019 ἐξ
1792 987 1866 1021 ἀρχῆς

1076 1035 1230 1070 προσόντων
1252 1035 1457 1070 ἁποὸαλλούσης
1469 1055 1476 1067 ,
1500 1034 1562 1062 οὔτε
1576 1034 1632 1060 τῶν
1649 1034 1691 1069 μὴ
1717 1033 1866 1068 προσόττιπ

1076 1079 1347 1115 προσλαμϐανούσης.
1360 1080 1464 1114 Ὥσπερ
1475 1079 1503 1105 δὲ
1515 1079 1545 1105 τὸ
1561 1078 1611 1113 μὲν
1624 1078 1696 1113 ὁρᾷν
1708 1077 1802 1103 κοινὸν
1816 1075 1865 1110 ἐμίν

1076 1125 1193 1159 λογεῖται
1204 1125 1254 1160 τῆς
1267 1125 1389 1159 φύσεως,
1404 1125 1434 1151 τὸ
1447 1125 1475 1151 δὲ
1488 1124 1619 1159 τεχνικῶς
1641 1124 1714 1159 ὁρᾷν
1731 1123 1766 1155 ἐξ
1782 1124 1864 1157 ἐκτῖη

1076 1170 1192 1202 δεύσεως
1201 1172 1258 1203 τοῖς
1267 1170 1444 1198 ἐσπουδακόσι
1456 1170 1575 1206 περὶτὰς
1588 1170 1755 1204 ἐπιστήμας
1765 1169 1864 1203 πριστᾷ

1076 1225 1159 1243 νεται.
1175 1217 1211 1243 Οὺ
1222 1217 1276 1252 γὰρ
1289 1216 1397 1242 πάντων
1418 1216 1491 1242 ἐστὶν
1505 1216 1521 1250 ἡ
1537 1215 1581 1242 διὰ
1596 1216 1647 1250 τῆς
1664 1215 1803 1249 διάπτρςις
1815 1215 1864 1240 ἐτι·

1077 1263 1226 1298 στημονικὴ
1244 1262 1415 1297 κατανόησις,
1428 1262 1444 1298 ἢ
1456 1261 1511 1288 τῶν
1521 1261 1724 1296 γεωμετρικῶν
1737 1260 1863 1296 τριμμιζπ

1076 1311 1093 1344 ἡ
1108 1309 1286 1344 ἀποδεικτικὴ
1299 1308 1409 1344 θεωρία,
1420 1308 1436 1343 ἢ
1449 1308 1475 1334 εἴ
1495 1316 1520 1333 τι
1534 1306 1640 1339 τοιοῦτρ
1654 1307 1769 1343 ἕτερον,
1783 1304 1863 1341 ἀτῖἔιν

1077 1355 1107 1381 οὐ
1122 1355 1152 1381 τὸ
1167 1354 1285 1390 βλέπειν,
1298 1354 1365 1381 ἀλλὰ
1379 1354 1409 1380 τὸ
1423 1353 1491 1389 πρός
1501 1361 1527 1379 τι
1538 1353 1694 1388 κεχρῆσθαι
1712 1353 1754 1388 τῷ
1769 1353 1862 1387 βλέπει

1079 1400 1154 1436 παρὰ
1167 1400 1218 1435 τῆς
1233 1400 1330 1435 τέχνης
1355 1399 1522 1434 ὲφεύρηται·
1541 1398 1613 1425 οὓτω
1636 1399 1688 1425 καὶ
1711 1399 1744 1425 τὸ
1770 1398 1861 1432 λογπὲι

1080 1445 1128 1480 μὲν
1141 1442 1219 1476 εῖναι,
1233 1444 1320 1471 κοινὸν
1337 1444 1369 1471 ἄν
1383 1453 1424 1476 τις
1437 1444 1510 1470 εἴποι
1522 1444 1572 1479 τῆς
1583 1443 1768 1478 ἀνθρωπίνης
1783 1444 1862 1475 αὐτὲις

1074 1491 1121 1518 καὶ
1138 1491 1204 1518 ῐδισν
1220 1490 1324 1518 ἄνωθεν
1340 1489 1612 1524 συγκατουσιωμένον
1630 1490 1663 1524 τῇ
1684 1489 1779 1523 φύσει.
1797 1490 1829 1515 ΤΞ
1840 1489 1861 1515 Ξ

1073 1538 1127 1568 τοῖς
1138 1534 1197 1563 οὖσι
1212 1536 1381 1572 σημαντικὰς
1389 1535 1479 1570 φωνὰς
1487 1536 1661 1571 ὲφευρίσκειν
1675 1537 1725 1562 καὶ
1738 1545 1860 1571 προσηγο-

1074 1582 1133 1618 ρίας
1149 1581 1204 1608 τῶν
1224 1581 1374 1616 ἀνθρώπων
1392 1578 1462 1607 εἶναι
1482 1580 1536 1607 τῶν
1554 1580 1603 1616 τὴν
1620 1579 1741 1614 λογικὴν
1761 1581 1859 1615 δῦναμτθ

1073 1626 1165 1654 θεόθεν
1187 1627 1216 1653 ὲν
1236 1627 1343 1657 ἑαυτοῖς
1366 1626 1551 1661 κεκτημένων,
1575 1625 1631 1651 τῶν
1653 1627 1712 1657 ἀεὶ,
1738 1627 1808 1654 κατὰ
1838 1627 1859 1651 τι

1072 1672 1199 1707 ἀρέσκον,
1214 1673 1304 1704 αὐτοῖς
1317 1672 1383 1707 πρὸς
1396 1672 1445 1707 τὴν
1458 1671 1512 1697 τῶν
1527 1671 1706 1706 δηλουμένων
1725 1673 1859 1707 σατήνεετε

1073 1718 1159 1752 λέξεις
1171 1720 1246 1750 τινας
1258 1719 1311 1745 τῶν
1325 1718 1494 1754 πραγμάτων
1506 1717 1680 1752 ὲμφαντικὰς
1694 1718 1859 1753 spumae-.-

1073 1774 1137 1792 των.
1157 1765 1226 1791 Ἀλλ’
1244 1764 1291 1791 ἐὰν
1306 1765 1392 1791 ταῦτα
1410 1766 1514 1800 κρατῇ,
1529 1764 1602 1791 δυοῖν
1614 1772 1683 1799 φησι
1703 1765 1859 1791 καταπτῇ-δὲ.

1074 1809 1166 1841 ζεσθαι
1179 1809 1300 1844 Θάτερον,
1309 1809 1326 1844 ἢ
1340 1809 1393 1835 τῶν
1406 1809 1583 1836 ἐπινοούντων
1594 1808 1644 1843 τὴν
1659 1808 1787 1834 ἐπίνοιαν
1804 1815 1858 1842 τερε-

1074 1854 1205 1891 σὸυτέραν
1218 1855 1234 1890 ἢ
1245 1855 1295 1885 τὰς
1302 1855 1340 1890 τῷ
1349 1855 1408 1891 Θεῷ
1415 1855 1484 1882 κατὰ
1495 1855 1574 1890 φύσιν
1582 1854 1780 1890 προσηκούσας
1788 1862 1858 1889 προσ-

1073 1902 1186 1938 ηγορίας
1198 1901 1246 1928 καὶ
1261 1902 1368 1928 πάντων
1384 1901 1627 1937 προϋπαρχούσας,
1642 1902 1695 1936 τῆς
1707 1901 1764 1927 τῶν
1774 1900 1858 1934 ἀνορέα-

1074 1956 1132 1974 πων
1147 1947 1280 1980 γενέσεως
1292 1946 1418 1982 ὑστέρας.
1435 1947 1467 1972 Ἀ
1473 1955 1506 1982 ρα
1519 1954 1551 1980 γε
1560 1946 1630 1980 πρὸς
1641 1945 1676 1972 τὰ
1689 1945 1801 1972 τοιαῦτα
1813 1945 1858 1970 δισ-

1076 1992 1207 2027 μὰχεσθαι
1220 1993 1284 2028 χρὴ.
1297 1993 1343 2019 καὶ
1356 1992 1422 2027 πρὸς
1433 1991 1481 2027 τὴν
1495 1991 1581 2022 οὓτως
1594 1990 1709 2026 ἔκδηλον
1721 1991 1811 2018 ἄνοιαν
1823 1990 1857 2015 εει

1073 2037 1119 2064 τοῦ
1131 2038 1208 2072 λόγου
1218 2046 1248 2064 συ
1252 2038 1429 2073 μπλέκεσθαι.
1441 2038 1496 2065 Καὶ
1509 2038 1550 2068 τίς
1558 2037 1642 2068 οὕτως
1655 2037 1772 2072 εὐτελὴς
1780 2037 1813 2067 ὡς
1822 2037 1857 2062 ἔα

1076 2083 1130 2109 τῶν
1144 2083 1271 2110 τοιούτων
1288 2083 1418 2119 βλαϐῆναι
1437 2084 1485 2110 κού⁵
1501 2083 1627 2118 νομίσαι,
1645 2082 1670 2108 ει
1694 2082 1744 2116 τῆς
1761 2082 1856 2115 legari;

240 2127 377 2154 facultatis
389 2125 547 2157 credantur,
565 2124 627 2151 ideo
647 2124 728 2151 etiam
745 2124 909 2151 conﬁteatur
929 2125 1023 2152 verbo-

1077 2130 1218 2164 δυνάμεως
1231 2127 1301 2156 εἶναι
1317 2129 1473 2165 πιστευθείη
1487 2129 1522 2155 τὰ
1537 2129 1657 2164 ῥήματα,
1673 2129 1725 2154 καὶ
1739 2128 1856 2164 πρεσίευ-

241 2180 301 2199 rum
324 2178 407 2198 voces
433 2169 607 2204 loquentibus
631 2177 692 2197 esse
723 2169 903 2204 antiquiores,
928 2171 971 2197 vel
999 2171 1026 2198 in

241 2217 326 2245 Deum
341 2225 371 2245 se
385 2223 498 2251 peccare
512 2216 662 2247 existimet,
681 2216 704 2242 si
724 2216 858 2249 homines,
882 2221 1026 2252 postquam

241 2262 326 2298 geniti
342 2266 415 2295 sunt,
441 2269 491 2297 pro
504 2265 584 2297 captu
602 2269 653 2290 suo
668 2260 750 2289 Deum
770 2262 930 2290 nominant?
948 2263 1027 2296 Quod

242 2308 315 2336 enim
328 2307 533 2343 supereminens
544 2311 641 2335 natura
658 2315 711 2335 non
723 2307 841 2342 indigeat
854 2308 955 2341 verbis,
966 2317 1027 2344 quae

242 2361 310 2381 voce
325 2357 352 2381 et
364 2353 456 2389 lingua
470 2353 670 2388 exprimuntur,
685 2353 741 2388 jam
755 2353 859 2380 dictum
872 2358 928 2387 est;
944 2359 1027 2390 atque

242 2399 411 2434 superﬂuum
432 2397 513 2426 fuerit
532 2405 581 2432 per
599 2397 656 2426 haec
678 2398 827 2426 molestiam
847 2403 875 2426 et
889 2399 1028 2428 fastidium

242 2444 361 2472 orationi
377 2444 508 2472 inserere.
526 2443 591 2470 Nam
607 2444 679 2478 quod
703 2448 801 2472 natura
814 2445 917 2473 nullius
931 2446 970 2474 rei
986 2446 1028 2473 in-

242 2491 353 2527 dignum
367 2494 421 2523 est,
435 2494 462 2518 et
478 2488 626 2525 perfectum
646 2497 697 2517 nec
711 2490 879 2523 redundans,
891 2491 959 2520 nihil
974 2500 1028 2520 non

243 2538 325 2566 habet
337 2545 431 2566 eorum
442 2544 503 2572 quae
518 2540 582 2564 sunt
595 2538 762 2570 necessaria,
778 2546 867 2573 neque
879 2539 1028 2574 quidquam

242 2583 324 2611 habet
346 2591 440 2611 eorum
456 2590 519 2618 quae
542 2590 597 2610 non
616 2587 680 2609 sunt
704 2584 872 2611 necessaria.
895 2583 1028 2617 Quoniam

243 2626 328 2661 igitur
339 2634 395 2654 non
415 2627 439 2655 ei
453 2633 522 2661 opus
538 2629 582 2654 est
595 2627 762 2655 nominativa
785 2629 978 2663 appellatione,
997 2637 1046 2666 ex_

245 2672 460 2706 prwdentibus
471 2672 645 2701 sermonibus
657 2673 871 2702 demonstratum
883 2679 934 2707 est,
950 2679 1031 2710 atque

280 2756 302 2773 ³⁸
316 2757 409 2786 Matth.
426 2767 475 2791 vt.,
493 2760 539 2793 28,
556 2768 618 2795 sqq.

1079 2175 1162 2209 τέρας
1172 2175 1226 2202 τῶν
1243 2175 1393 2202 λαλούντων
1406 2175 1544 2210 ὁμολογεῖν
1563 2172 1631 2201 εἶναι
1644 2174 1696 2206 τὰς
1714 2174 1770 2200 τῶν

1080 2229 1134 2247 των
1150 2221 1250 2256 φωνὰς,
1263 2221 1279 2256 ἢ
1297 2221 1467 2256 πλημμελεῖν
1488 2222 1527 2252 εἰς
1539 2221 1569 2247 τὸ
1584 2219 1660 2247 Θείον
1676 2220 1798 2252 οἴεσθαι,

1081 2266 1241 2301 ἀνθρώπων,
1257 2265 1347 2298 καθὼς
1363 2266 1481 2301 χωροῦσι
1495 2265 1564 2300 μετὰ
1582 2265 1611 2292 τὸ
1622 2266 1752 2299 γενέσθαι
1769 2265 1855 2300 ἂνθρω-

1082 2321 1138 2344 ποι,
1160 2312 1190 2339 τὸ
1206 2311 1282 2338 Θεῖον
1297 2311 1501 2347 ὀνομαζόντων;
1515 2311 1551 2337 To
1568 2310 1621 2345 γὰρ
1645 2310 1684 2345 μὴ
1704 2310 1807 2337 δεῖσθαι
1818 2310 1854 2345 τὴ»

1081 2358 1266 2394 ὑπερέχουσαν
1282 2358 1362 2392 φύσιν
1377 2357 1506 2393 ῥημάτων
1519 2356 1562 2383 διὰ
1577 2356 1669 2390 φωνῆς
1689 2357 1738 2383 καὶ
1752 2357 1855 2391 γλώττης

1080 2405 1281 2439 ὲκπτυομένων,
1297 2404 1347 2439 ἤδη
1365 2412 1395 2430 τε
1410 2404 1532 2439 εἴρηται,
1557 2403 1604 2429 καὶ
1621 2403 1756 2437 στεριττδν
1773 2403 1803 2430 ἂν
1822 2403 1853 2434 εἴη

1079 2448 1124 2475 διὰ
1140 2448 1194 2474 τῶν
1218 2448 1306 2475 αὐτῶν
1327 2448 1404 2483 δχλον
1427 2448 1561 2474 ἐντιθέναι
1587 2447 1627 2483 τῷ
1649 2448 1734 2484 λόγῳ.
1759 2449 1794 2475 To
1814 2448 1853 2482 Ti;

1079 2493 1226 2528 ἀπροσδεὲς
1241 2495 1274 2529 τῇ
1297 2493 1376 2528 φύσει
1390 2494 1437 2519 καὶ
1450 2493 1552 2519 τέλειον
1570 2493 1616 2519 καὶ
1631 2493 1788 2529 ἀπέριττον,
1806 2493 1851 2519 σῢξ

1079 2547 1105 2564 τι
1118 2537 1173 2564 τῶν
1188 2537 1301 2564 δεόντων
1315 2538 1364 2564 οὐκ
1375 2537 1441 2573 ἔχει,
1453 2537 1514 2564 οὕτε
1527 2537 1580 2564 τῶν
1593 2537 1630 2573 μὴ
1640 2537 1755 2565 δεόντων
1768 2547 1790 2564 τι
1801 2539 1851 2572 ἔχει.

1088 2584 1164 2610 Ἐπεὶ
1178 2582 1224 2610 οὖν
1239 2584 1269 2610 τὸ
1287 2584 1324 2620 μὴ
1337 2584 1392 2610 δεῖν
1403 2583 1477 2619 αὐτῷ
1489 2583 1537 2619 τῆς
1551 2583 1736 2619 ὸνομαστικῆς
1751 2585 1850 2619 κλήσεως

1082 2630 1114 2656 ἐκ
1128 2630 1182 2656 τῶν
1198 2630 1357 2665 φθασάντων
1379 2629 1564 2656 ἀποδέδεικται
1583 2629 1685 2663 λόγων,
1710 2631 1755 2657 καὶ
1772 2630 1801 2656 ἐκ
1814 2630 1851 2662 τῆς

1083 2677 1175 2712 κοινῆς
1187 2676 1241 2704 τῶν
1252 2676 1313 2703 νοῦν
1327 2675 1442 2711 ἐχόντων
1455 2675 1684 2710 συγκαταθέσεως
1695 2676 1848 2712 ὁμολογεῖται,
