1900 3073
48 104 115 135 i037

564 104 703 133 CONTRA
723 104 918 138 EUAOMIL'M,
937 105 998 134 LIB.
1017 107 1072 133 ΧΗ.

1604 103 1670 131 1093

45 164 130 198 οὐδεὶς
151 165 182 191 iv
208 166 327 192 ἀντείποι.
349 166 398 201 τῆς
421 167 538 204 ἐσχάτης
559 168 687 200 ἀσεϐείας
711 165 780 194 εἶναι
803 165 828 193 τὲ

883 173 917 193 ex
940 167 1077 194 communi
1100 166 1263 201 sapientium
1286 173 1422 192 consensu
1447 170 1472 192 et
1497 163 1671 191 confessione

46 213 263 247 προσμαρτυρεῖν
279 211 318 246 τῷ
334 211 393 247 Θεῷ
406 213 439 239 τὰ
454 214 491 248 μὴ
505 214 608 241 δέοντα.

87 342 151 369 Ἀλλ’
166 343 241 369 οὐδὲν
257 341 332 379 οἶμαι
344 345 448 378 τούτοις
459 347 556 384 χρῆναι
573 348 618 374 καὶ
631 350 686 379 τοῖς
701 349 830 380 τοιούτοις

42 388 226 424 ἐνδιατρίϐειν·
244 390 349 417 οὐδὲτὸ.
361 392 478 427 καθεξῆς
492 393 624 428 εἰρημένα
637 394 671 420 δι’
688 394 830 430 ἀκριϐείας

41 434 172 468 ἐλέγχειν.
205 434 316 467 Ἰκανῶς
339 437 393 472 γὰρ
420 438 476 469 τοῖς
498 438 755 473 ὲπιστατικωτὲροις
780 439 830 465 αὐ-

41 479 90 506 τὸς
104 480 117 505 ὁ
129 480 254 515 ἀντιδίκῳ
272 481 397 516 πονηθεὶς
419 482 513 516 λόγος,
539 484 690 519 συνήγορος
706 484 760 510 τῶν
780 485 830 520 τῆς

42 524 181 557 εὐσεϐείας
203 526 345 561 δογμάτων
366 528 579 564 ἀναφανήσεται.
609 531 679 565 Φησὶ
707 531 762 567 γὰρ
781 531 830 566 τὴν

40 569 136 596 οὐσίαν
153 570 237 606 αὐτὴν
257 571 410 607 ἀφθαρσίαν
423 571 491 600 εἶναι
507 574 552 600 καὶ
566 575 715 602 ἀθανασίαν
736 575 828 603 ὡσαύ-

40 624 108 647 τως.
127 615 194 650 Ἐγὼ
206 617 245 648 δὲ,
260 617 289 643 ετ
309 627 339 644 τε
360 618 488 654 πρόσεστι
508 620 594 648 ταῦτα
617 622 649 656 τῇ
665 621 725 657 θείᾳ
738 622 827 656 φύσει,

39 660 72 687 εἴ
80 670 109 688 τε
121 662 187 688 αὐτὰ
196 662 282 690 ταῦτα
297 663 366 690 κατά
381 665 410 691 τὸ
420 666 618 702 σημαινόμενον
627 668 644 702 ἡ
655 667 734 694 οὐσία
743 668 828 700 ἐστὶν,

37 707 118 734 οὐδὲν
133 705 208 742 οἶμαι
219 710 315 744 χρῆναι
329 710 396 745 πρὸς
408 711 488 738 αὐτὸν
500 712 681 747 διαμάχεσθαι
692 723 698 728 ·
708 714 722 740 ὃ
741 714 829 749 τιγὰρ

38 753 78 779 ἂν
87 753 181 789 νικήσῃ
201 753 255 781 τῶν
274 755 437 790 εἰρημένων.
451 756 496 782 τὸν
513 756 644 793 ἡμέτερον
659 758 767 791 πάντως
782 768 828 785 συ-

39 799 134 834 στήσει
159 800 246 835 λόγον.
272 801 303 827 Ei
321 801 436 836 μὲνγὰρ
451 803 564 838 προσείη
581 805 614 839 τῇ
639 805 719 840 οὐσίᾳ
742 805 772 831 τὸ
790 805 827 841 μὴ

882 213 1087 246 comprobatur,
1115 213 1207 239 nullus
1228 210 1436 241 contradixerit,
1465 214 1593 236 extrema:
1619 209 1668 235 im-

883 257 992 292 pietatis
1014 264 1076 284 csse
1106 257 1161 284 Deo
1190 257 1339 283 attribucre
1370 263 1401 283 ea
1426 263 1487 290 qua:
1519 262 1572 282 non
1601 261 1670 280 con-

882 302 1004 329 veniunt.

919 347 972 374 Sed
996 348 1024 374 in
1049 347 1091 374 his
1106 355 1208 374 moram
1226 346 1315 374 facere
1339 350 1365 373 et
1381 351 1488 381 tempus
1510 350 1598 372 terere
1614 353 1668 371 non

880 397 1006 428 oportere
1023 393 1152 424 arbitror,
1182 400 1269 427 neque
1284 391 1413 426 deinceps
1429 399 1489 426 quae
1511 396 1575 417 sunt
1591 389 1665 416 dicta

882 439 1018 466 subtiliter
1040 438 1222 474 redarguere:
1250 437 1357 464 abunde
1380 437 1451 464 enim
1475 435 1668 463 attentioribus

880 493 970 513 sermo
990 485 1024 512 ab
1037 484 1194 512 adversario
1211 484 1368 511 elaboratus
1381 482 1553 509 decretorum
1572 481 1669 515 impie-

880 531 944 558 tatis
968 534 1100 565 patronus
1117 537 1178 557 esse
1204 528 1437 564 manifestabitur.
1463 527 1569 554 Asserit
1595 526 1668 553 enim

880 576 966 611 ipsam
986 576 1132 603 essentiam
1160 574 1446 609 incorruptibilitatem
1475 581 1536 600 esse
1560 576 1586 598 et
1615 572 1667 598 im-

880 622 1073 649 mortalitatem
1090 621 1225 649 similiter.
1250 620 1307 655 Ego
1329 627 1405 651 vero,
1424 620 1481 647 sive
1497 619 1553 645 llaec
1570 618 1669 644 divinze

879 670 984 693 natura:
999 667 1104 699 insunt,
1131 666 1188 693 sive
1203 666 1260 693 haec
1279 665 1338 700 ipsa
1364 664 1514 692 secundum
1531 663 1668 697 signiﬁca-

879 718 935 739 tum
951 717 1015 740 sunt
1037 713 1153 747 ipsamet
1169 711 1289 739 essentia
1302 731 1309 742 ,
1326 710 1394 737 nihil
1410 709 1527 747 arbitror
1544 712 1670 743 oportere

877 766 940 785 cum
970 759 1028 794 ipso
1052 766 1191 794 pugnare:
1221 757 1406 792 quodcunque
1435 756 1508 783 enim
1534 755 1669 782 dictorum

879 804 986 835 vicerit,
1009 807 1133 831 nostrum
1161 803 1274 830 omnino
1300 809 1454 829 sermonem
1485 798 1669 827 conﬁrmabit.

38 845 208 881 φθείρεσθαι,
229 846 377 882 προσέσται
397 836 478 883 αὐτῇ.
495 836 665 881 πάντως-καὶ
679 836 711 876 τό
733 851 769 885 μὴ

880 849 908 876 Si
934 850 1007 877 enim
1027 849 1154 877 essentia),
1176 848 1307 880 adfuerit,
1334 855 1388 874 non
1414 854 1494 882 posse
1518 844 1668 878 corrumpi,

37 891 191 926 γεννήσεως
207 889 285 919 εἶναι.
311 893 364 919 Καὶ
383 892 467 926 οὕτως
480 894 494 919 ό
509 894 559 929 τῆς
573 895 735 930 ἀγεννησίας
751 896 828 930 λόγος

36 936 95 969 ἔξω
113 937 159 972 τῆς
175 937 245 964 κατά
255 938 304 972 τὴν
315 938 408 965 οὐσίαν
422 939 559 974 σημασίας
577 940 780 975 ἁπωσθήσεται.
797 942 828 968 Et

35 981 79 1013 δὲ,
98 982 136 1008 ὅτι
150 982 180 1009 οὐ
196 982 336 1018 φθείρεται
355 985 369 1010 ὁ
383 984 458 1016 Θεὸς,
472 985 626 1020 ἀφθαρσίαν
642 995 683 1018 τις
696 987 769 1021 λέγει
779 987 828 1023 τὴν

35 1027 133 1054 οὐσίαν
160 1026 241 1060 εἶναι,
269 1029 316 1055 καὶ
345 1029 385 1055 ὅτι
417 1029 532 1056 θανάτου
550 1031 682 1066 κρείττων
702 1032 770 1064 ἐστὶ,
784 1032 829 1058 διὰ

34 1073 118 1099 τοῦτο
141 1073 226 1109 αὐτὴν
251 1074 301 1109 τὴν
328 1075 409 1108 φύσιν
438 1075 586 1103 ἀθανασίαν
612 1074 682 1103 εἶναι
696 1077 826 1113 ὁρίζοιτο·

33 1119 176 1154 ἄφθαρτος
187 1119 215 1145 δὲ
241 1121 254 1146 ὁ
273 1119 336 1151 Υἱὸς
357 1121 404 1146 καὶ
418 1120 560 1153 ἀθάνατος,
578 1122 717 1157 ἀφθαρσία
735 1123 768 1150 ἃν
786 1124 828 1158 εἴη

34 1166 88 1191 καὶ
116 1165 249 1192 ἀθανασία
273 1165 319 1192 καὶ
342 1166 388 1192 τοῦ
413 1167 580 1202 Μονογενοῦς
602 1169 721 1204 ἡούσία.
736 1170 768 1196 Εἰ
783 1168 829 1196 οὖν

32 1210 176 1245 ἀιρθαρσία
190 1211 239 1245 μὲν
258 1211 272 1237 ὁ
294 1211 398 1247 Πατὴρ,
421 1213 559 1248 ἀφθαρσία
575 1214 603 1240 δὲ
625 1215 640 1239 ὁ
664 1214 737 1246 Υἱὸς,
751 1215 830 1242 οὐσία

31 1257 65 1282 δὲ
79 1257 179 1283 τούτων
200 1257 339 1294 ἑκάτερον,
351 1259 463 1293 οὐδεμία
476 1259 505 1285 δὲ
519 1260 588 1286 κατὰ
597 1260 646 1295 τὴν
661 1261 711 1296 τῆς
725 1261 830 1298 ἀφθαρ-

34 1302 101 1333 σίας
122 1302 225 1329 ἔννοιαν
246 1304 391 1331 ἐπινοεῖται
404 1305 529 1340 διαφορὰ,
552 1307 610 1332 κατ’
627 1306 703 1333 οὐδὲν
720 1307 830 1339 πάντως

32 1351 51 1383 ἡ
70 1349 148 1375 οὐσία
167 1349 216 1384 τῆς
239 1350 332 1381 οὐσίας
351 1351 561 1387 διενεχθήσεται,
582 1353 660 1387 εἴπερ
674 1353 772 1389 ἐπίσης
786 1353 829 1379 ἐπ’

31 1394 201 1430 ἀμφοτέρων
213 1395 229 1430 ή
245 1395 324 1430 φύσις
334 1396 521 1433 ἠλλοτρίωται.
544 1398 603 1424 Κᾶν
616 1398 650 1424 τὰ
660 1398 730 1425 αὐτὰ
749 1398 830 1425 πάλιν

32 1441 272 1475 ἐπαναλαμϐάνων
285 1444 345 1474 ταῖς
363 1444 494 1478 ἀφύκτοις
507 1446 590 1479 ἡμᾶς,
606 1444 643 1476 ὡς
662 1446 759 1476 οἴεται,
775 1445 829 1471 τῶν

879 896 929 930 ipsi
950 895 1046 930 procul
1058 895 1141 922 dubio
1158 895 1257 927 aderit,
1281 897 1308 921 et
1330 901 1384 920 non
1401 901 1448 928 per
1463 892 1668 927 generationem

877 950 949 970 esse.
971 942 1002 969 Et
1017 942 1057 969 sic
1071 940 1233 977 ἀγεννησίας
1244 947 1334 968 sermo
1351 943 1427 967 extra
1444 937 1667 973 signiﬁcantium.

877 997 939 1024 qua:
953 993 995 1016 est
1019 987 1170 1016 secundum
1193 987 1352 1017 essentiam,
1375 985 1573 1020 repudiabitur.
1589 983 1669 1016 Quod

879 1034 912 1066 si,
930 1035 1058 1069 quoniam
1082 1041 1135 1061 non
1147 1031 1332 1068 corrumpitur
1346 1031 1429 1063 Deus,
1453 1028 1670 1065 incorruptibili-

878 1084 962 1108 tatem
977 1081 1040 1115 quis
1054 1080 1122 1108 dicit
1135 1080 1283 1107 essentiam
1298 1086 1370 1110 esse.
1391 1083 1417 1105 et
1433 1077 1497 1113 quia
1513 1081 1601 1103 morte
1618 1082 1669 1110 po-

879 1127 978 1154 tentior
993 1130 1035 1153 est
1045 1146 1052 1158 ,
1067 1126 1171 1153 idcirco
1185 1125 1271 1160 ipsam
1289 1128 1415 1152 naturam
1437 1122 1667 1150 immortalitatem

878 1180 940 1200 esse
965 1172 1095 1200 deﬁniat:
1125 1170 1340 1206 incorruptibilis
1365 1173 1456 1197 autem
1480 1173 1522 1196 est
1535 1167 1621 1194 Filius
1641 1171 1669 1193 et

880 1217 1054 1248 immortalis,
1071 1217 1154 1252 igitur
1171 1215 1417 1250 incorruptibilitas
1434 1218 1461 1242 et
1475 1212 1669 1240 immortalitas

880 1262 963 1289 fuerit
979 1262 1115 1297 Unigeniti
1136 1262 1265 1290 essentia.
1284 1261 1312 1289 Si
1327 1261 1409 1297 igitur
1423 1258 1668 1294 incorruptibilitas

879 1307 987 1342 quidem
1003 1307 1095 1340 Pater,
1114 1307 1359 1342 incorruptibilitas
1374 1313 1439 1333 vero
1454 1304 1551 1336 Filius,
1572 1310 1668 1330 essen—

879 1354 916 1380 tia
942 1357 1030 1380 autem
1048 1353 1146 1381 horum
1173 1359 1329 1388 utrumque,
1353 1351 1429 1379 nulla
1457 1354 1669 1377 autem~secun-

878 1399 943 1426 dum
963 1399 1231 1434 incorruptibilitatis
1253 1398 1391 1426 notionem
1410 1395 1570 1430 intelligitur
1583 1393 1669 1421 diﬂ'e—

881 1444 978 1477 rentia,
993 1444 1065 1471 nulla
1084 1444 1110 1470 in
1127 1451 1156 1470 re
1169 1451 1284 1479 prorsus
1295 1442 1415 1470 essentia
1432 1441 1465 1468 ab
1479 1440 1598 1468 essentia
1613 1439 1667 1466 dif-

30 1487 216 1522 διλημμάτων
229 1488 361 1523 ἀνάγκαις
375 1490 490 1525 καταδῇ,
502 1490 588 1524 λέγων
598 1500 604 1506 ο
621 1492 654 1517 Et
666 1490 724 1525 μὲν
739 1491 828 1525 διορί-

882 1489 943 1521 fcrt,
960 1488 1094 1524 siquidem
1112 1496 1144 1516 ex
1162 1496 1240 1523 aequo
1254 1488 1282 1515 in
1298 1487 1423 1521 utrisque
1436 1489 1533 1513 natura
1549 1484 1667 1512 alienata

30 1533 114 1562 ζσιτο
129 1534 197 1568 παρ’
213 1534 295 1568 ἡμῶν
319 1534 352 1561 τὸ
373 1535 488 1569 προσὸν
504 1535 556 1562 τοῦ
571 1536 668 1569 ὄντος,
682 1537 829 1564 σύνθετον

30 1580 68 1605 τὸ
84 1579 172 1606 Beier
182 1581 449 1611 κατασκευάζεσθαι
458 1591 465 1598 ·
477 1583 503 1608 εὶ
517 1582 551 1609 δὲ
570 1583 589 1615 ὴ
600 1583 744 1616 ἁπλότης,
763 1585 830 1617 ὀμο-

28 1623 122 1659 λογεέῖ
140 1625 170 1651 τό
183 1625 236 1659 τῆς
252 1626 359 1658 οὐσίας
372 1626 563 1661 mutant.th
575 1626 632 1660 τὴν
648 1627 828 1660 ἀφθαρσίαν,

31 1670 87 1696 καὶ
101 1670 158 1703 τὴν
168 1671 353 1705 dfert-notar-
366 1671 483 1704 πάντως
499 1672 757 1707 ἀναφανήσεσθαι.
773 1673 830 1700 Πά-

30 1717 77 1741 λιν
90 1716 172 1742 αὐτὸν
181 1716 323 1752 σύμμαχον
335 1717 389 1744 τῶν
397 1718 538 1753 ἡμετέρων
549 1717 724 1753 ἀποδείξομεν
732 1718 828 1753 λόγων.

32 1763 67 1788 Ei
84 1762 140 1797 γὰρ
167 1763 255 1797 πάντη
278 1763 403 1790 σύνθετον
427 1765 498 1790 ποιεῖ
520 1763 568 1799 τὴν
585 1763 660 1790 θείαν
673 1764 776 1795 οὐσίαν,

29 1809 180 1843 προσεῖνσί
189 1817 213 1835 τι
226 1808 314 1842 λέγειν
326 1810 405 1844 αὐτῇ,
419 1809 479 1835 οὐδὲ
494 1809 541 1844 τὴν
552 1809 708 1844 πατρότητα
721 1809 829 1841 πάντως

27 1854 116 1885 ἐκτὸς
133 1854 182 1888 τῆς
197 1854 290 1885 οὐσίας
308 1854 518 1889 ἀποποιήσεται,
539 1855 606 1882 ἀλλά
622 1855 700 1890 φύσει
719 1856 829 1891 Πατέρα

25 1899 200 1933 ὁμολογήσει
215 1898 252 1930 ὡς
265 1898 401 1934 ἄφθαρτον
416 1908 445 1926 τε
469 1900 514 1926 καὶ
532 1900 664 1927 ἀθάνατον
677 1909 684 1915 ·
703 1901 749 1928 καὶ
759 1901 829 1927 οὕτω

29 1947 73 1979 μὴ
93 1943 264 1978 βουλόμενος,
286 1945 325 1976 είς
347 1944 396 1979 τὴν
423 1945 472 1980 τῆς
488 1945 594 1979 φύσεως
615 1946 769 1980 οἰκειότητα
785 1945 829 1971 τὸν

26 1990 100 2016 Υἰὸν
110 1989 291 2021 καταδὲξεται
303 1998 308 2005 ·
324 1990 354 2016 οὐ
363 1990 417 2025 γὰρ
428 1990 504 2016 ἔσται
514 1990 624 2017 δυνατὸν
637 1990 739 2018 ἐκείνου
750 1991 828 2025 φύσει

27 2034 148 2069 Πατρὸς
163 2033 248 2065 ὄντος,
280 2034 329 2069 τῆς
346 2035 464 2069 φμσικῆς
480 2035 547 2070 πρὸς
560 2035 641 2061 αὐτὸν
654 2035 770 2070 σχέσεως
782 2036 828 2062 τὸν

28 2079 101 2106 Υῑὺν
115 2079 302 2115 ἀφορίζεσθαι.
326 2080 357 2106 Et
381 2080 409 2107 δὲ
432 2079 484 2112 ἔξω
499 2080 549 2115 τῆς
567 2080 673 2115 φύσεως
690 2082 829 2116 προσεῖναι

25 2126 109 2159 λέγει
119 2125 160 2159 τῷ
171 2125 267 2160 Πατρὶ,
281 2125 318 2157 ὡς
329 2125 404 2152 οὐδὲν
410 2125 460 2160 τῆς
471 2126 619 2162 ἁπλότητος
633 2126 826 2163 ἀθετουμένης,

880 1540 932 1563 est.
946 1535 1004 1564 Etsi
1026 1536 1120 1563 cadem
1138 1543 1234 1562 rursus
1246 1541 1390 1562 resumens
1407 1533 1623 1564 inevitabilibus,
1637 1536 1668 1559 ut

881 1585 967 1616 putat,
989 1582 1176 1609 dilemmatum
1200 1579 1409 1609 necessitatibus
1434 1579 1535 1611 irretit,
1553 1580 1666 1607 dicens:

874 1628 910 1661 _Si
922 1628 1113 1655 discerneretur
1127 1637 1144 1654 ιι
1160 1627 1235 1654 nobis
1253 1627 1323 1663 quod
1340 1628 1407 1654 inest
1431 1626 1464 1653 ab
1477 1630 1544 1656 ante.
1562 1634 1667 1660 compo-

879 1673 960 1699 situm
973 1673 1076 1700 Numen
1090 1672 1119 1699 id
1139 1678 1208 1700 esset
1231 1679 1365 1702 astruere;
1386 1671 1455 1707 quod
1470 1672 1494 1698 si
1509 1672 1667 1706 simplicitas

879 1722 927 1750 est,
954 1718 1074 1744 essentia:
1100 1718 1306 1752 signiﬁcativam
1336 1717 1614 1752 incorruptibilitalem
1643 1722 1667 1744 et

879 1763 1041 1798 ἀγεννησίαν
1055 1771 1164 1798 prorsus
1184 1763 1352 1797 manifestam
1368 1762 1435 1796 fore.
1452 1762 1560 1790 Rursus
1578 1764 1667 1798 ipsum

880 1813 1036 1836 nostrorum
1045 1817 1201 1836 sermonum
1209 1809 1397 1836 auxiliatoretn
1405 1808 1666 1835 demonstrabimus.

880 1853 908 1881 Si
923 1854 995 1881 enim
1008 1855 1119 1881 omnino
1141 1854 1260 1881 divinam
1274 1854 1423 1881 essentiam
1449 1853 1515 1880 facit
1529 1854 1667 1887 composi«

879 1903 945 1931 tam,
960 1900 1024 1934 quia
1039 1900 1113 1927 dicat
1130 1899 1180 1934 ipsi
1202 1899 1292 1927 inesse
1306 1899 1422 1934 aliquid,
1441 1906 1530 1933 neque
1547 1898 1666 1933 paterni-

879 1949 961 1972 tatem
983 1945 1091 1980 penitus
1108 1949 1186 1972 extra
1204 1945 1351 1973 essentiam
1368 1944 1484 1979 rejiciet,
1503 1944 1550 1972 sed
1567 1947 1666 1970 natura

879 1990 987 2018 Patrem
1001 1990 1188 2022 conﬁtebitur.
1207 1995 1236 2018 ut
1253 1990 1490 2025 incorruptibilem
1512 1993 1539 2017 et
1555 1990 1666 2016 immor-

878 2037 972 2064 talem.
990 2037 1021 2064 Et
1034 2037 1075 2065 sic
1088 2037 1169 2064 etiam
1186 2037 1287 2065 invitus
1303 2036 1402 2064 Filium
1423 2036 1456 2063 ad
1472 2039 1576 2063 natura!
1591 2034 1666 2062 simi-

879 2082 1020 2110 litudinem
1035 2083 1177 2115 admittet;
1194 2090 1256 2109 nam
1271 2082 1329 2111 ﬁeri
1347 2089 1401 2109 non
1422 2082 1533 2117 poterit,
1552 2081 1574 2109 si
1593 2081 1666 2108 illius

879 2132 976 2154 natura
994 2129 1029 2155 sit
1044 2129 1135 2161 Pater,
1160 2133 1189 2155 ut
1204 2135 1219 2154 a
1242 2127 1358 2154 naturali
1376 2135 1437 2154 cum
1460 2127 1519 2163 ipso
1535 2127 1667 2154 relatione

24 2173 54 2198 εἰ
72 2171 129 2203 ἔξω
138 2171 187 2206 τῆς
202 2170 295 2203 οὐσίας
302 2171 333 2197 τὸ
348 2172 418 2198 κατὰ
428 2172 476 2207 τὴν
488 2172 649 2208 ἀγεννησίαν
659 2173 827 2208 σημαίνοιτο·

881 2172 965 2200 Filius
976 2177 1127 2209 separetur.
1138 2173 1216 2207 Quod
1225 2174 1249 2200 si
1259 2178 1337 2201 extra
1347 2177 1471 2200 naturam
1484 2172 1558 2199 Patri
1571 2171 1668 2199 adesse

25 2217 55 2243 εἱ
75 2216 107 2242 δὲ
126 2217 212 2250 αὐτῆς
225 2225 290 2251 φησι
302 2216 349 2252 τῆς
361 2217 453 2248 οὐσίας
472 2217 636 2252 σημαντικὸν
648 2217 678 2244 τὸ
690 2217 827 2253 ἄφθαρτον

24 2263 81 2289 καὶ
94 2263 127 2289 τὺ
152 2262 310 2298 ἀγέννητον,
326 2263 372 2290 καὶ
391 2263 559 2298 ἰσοδυναμεῖν
573 2263 697 2298 ἀλλήλοις
712 2264 828 2299 ἑκάτερα

22 2309 88 2336 τῶν
102 2309 245 2344 ὀνομάτων
261 2309 462 2344 διισχυρίζοιτο,
480 2309 517 2340 ὡς
535 2309 668 2344 μηδεμίαν
681 2309 724 2335 ἐπ’
739 2309 828 2335 αὐτῶν

22 2353 106 2382 εἶναι
136 2355 277 2391 διαφορὰν,
306 2354 345 2390 τῷ
368 2355 465 2382 ταύτὸν
486 2346 625 2390 ἑκατέροις
646 2355 786 2391 ἐγκεῖσθαι,
799 2355 829 2382 τὸ

23 2400 250 2436 σημαινόμενον,
266 2401 313 2427 καὶ
333 2401 396 2435 μίαν
413 2400 485 2434 λέγοι
503 2400 550 2427 τοῦ
568 2401 705 2436 ἀφθάρτου
724 2401 770 2428 καὶ
782 2400 828 2428 τοῦ

22 2446 186 2480 ἀγεννήτου
205 2446 254 2481 τὴν
271 2445 385 2477 ἔννοιαν,
409 2447 423 2473 ό
439 2446 470 2472 τὸ
489 2445 518 2472 ἒν
533 2445 634 2472 τούτων
664 2445 712 2477 ὢν,
735 2446 781 2473 καὶ
799 2445 829 2472 τὸ

20 2490 129 2524 ἕτερον
147 2489 253 2520 πάντως
262 2488 343 2516 ἐστίν.
353 2489 433 2515 Ἀλλά
449 2489 501 2524 μὴν
513 2489 649 2524 ἄφθαρτος
662 2490 676 2515 ὁ
687 2490 750 2522 Υἱὸς
760 2487 829 2517 εῖναι

21 2534 78 2560 καὶ
98 2533 179 2568 παρά
192 2533 294 2560 τούτων
308 2534 358 2561 οὐκ
372 2533 579 2568 ἀμφιϐάλλεται.
595 2533 752 2568 Ἀγέννητος
763 2533 827 2569 ἄρα,

21 2579 107 2606 κατά
121 2579 170 2606 τὸν
183 2579 230 2606 τοῦ
242 2579 374 2615 Εὐνομίου
390 2580 479 2614 λόγον,
497 2580 543 2606 καὶ
557 2577 632 2611 οὗτός
653 2580 736 2613 ἐστιν,
751 2579 829 2615 εἴπερ

18 2625 118 2652 ταύτὸ
144 2625 270 2660 σημαίνει
295 2627 326 2661 τῇ
361 2626 508 2661 ἀγεννησίᾳ
536 2626 566 2652 τὸ
593 2626 740 2660 ἄφθαρτον,
759 2626 829 2652 ὥστε

19 2672 105 2697 δυοῖν
120 2670 247 2706 θάτερον,
260 2671 277 2706 ἦ
286 2671 349 2698 ἄλλο
361 2680 389 2698 τι
403 2672 476 2708 παρὰ
484 2672 532 2707 τὴν
544 2672 695 2707 ἀφθαρσίαν
704 2672 734 2698 τὸ
750 2672 830 2706 ἀγέν-

19 2725 114 2751 νητον
146 2716 287 2751 σημαίνειν
317 2717 488 2752 συνθήσεται,
508 2718 524 2753 ἢ
546 2718 681 2752 ἐπιμένων
711 2719 766 2749 τοῖς
787 2718 829 2744 δε-

18 2760 180 2796 δογμένοις
197 2761 334 2796 πολλαχῶς
351 2762 413 2797 περὶ
430 2763 475 2789 τὸν
491 2762 618 2798 μονογενῆ
632 2762 697 2788 Θεὸν
710 2761 829 2796 βλασφη-

19 2809 130 2846 μήσει,
147 2807 165 2842 ἦ
176 2815 217 2833 τοι
231 2806 346 2843 φθαρτὸν
369 2808 450 2835 αὐτὸν
475 2808 557 2835 ποιῶν
571 2809 614 2835 ἵνα
629 2807 666 2843 μὴ
683 2807 828 2843 ἀγέννητον

161 2855 296 2885 Parnm.
317 2854 375 2885 Gn.
393 2856 419 2885 Χ
427 2856 486 2887 LV.

880 2218 957 2250 dicit,
973 2218 1036 2254 quia
1052 2219 1079 2246 in
1094 2219 1145 2246 hoc
1159 2219 1320 2254 simplicitas
1334 2219 1395 2254 ejus
1418 2218 1530 2245 minime
1545 2218 1666 2249 laeditur,

879 2264 901 2291 si
929 2269 1004 2291 extra
1032 2265 1178 2292 essentiam
1209 2264 1280 2299 quod
1318 2264 1466 2291 secundum
1505 2264 1667 2299 ἀγεννησίαν

880 2310 1066 2346 signiﬁcetur;
1091 2310 1164 2346 quod
1190 2311 1212 2337 si
1230 2310 1438 2345 incorruptibile
1460 2314 1486 2337 et
1512 2309 1664 2344 ingenitum

880 2356 966 2391 ipsam
992 2356 1139 2384 essentiam
1164 2356 1328 2391 signiﬁcare,
1357 2359 1384 2383 et
1410 2360 1524 2390 utraque
1553 2355 1664 2381 nomina

879 2400 973 2428 eadem
998 2401 1051 2427 vim
1073 2407 1105 2428 ac
1131 2400 1357 2435 signiﬁcationem
1384 2399 1483 2427 habere
1508 2399 1663 2429 contendat,

879 2447 958 2482 quasi
974 2447 1047 2474 nulla
1061 2448 1088 2474 in
1110 2447 1178 2482 ipsis
1191 2447 1227 2475 sit
1239 2446 1401 2479 diﬂ'erentia,
1417 2446 1481 2482 quia
1497 2445 1566 2472 idem
1582 2445 1664 2471 utris-

880 2500 933 2527 que
946 2492 1011 2520 insit
1024 2492 1219 2526 signiﬁcatum,
1235 2496 1260 2519 et
1273 2500 1353 2520 unam
1367 2492 1440 2519 dicat
1450 2490 1662 2524 incorruptibilis

879 2542 908 2565 et
930 2538 1042 2572 ingeniti
1056 2538 1194 2572 notitiam,
1213 2538 1258 2573 qui
1275 2542 1317 2566 est
1334 2538 1430 2564 horum
1447 2544 1529 2563 unum
1548 2540 1575 2562 et
1593 2536 1663 2561 alte-

880 2591 940 2610 rum
954 2591 1068 2618 prorsus
1083 2587 1134 2611 est.
1147 2583 1337 2611 Verumtamen
1350 2581 1563 2616 incorruptibilis
1579 2579 1661 2608 Filius

879 2636 941 2656 esse
963 2633 990 2656 et
1012 2629 1045 2656 ab
1063 2629 1105 2656 his
1123 2637 1175 2656 non
1199 2629 1378 2657 dubitabitur.
1402 2628 1541 2662 lngenitus
1568 2627 1662 2662 igitur,

879 2674 1029 2702 secundum
1046 2674 1169 2702 Eunomii
1184 2675 1327 2706 rationem,
1347 2677 1374 2701 et
1389 2673 1433 2700 hic
1452 2676 1505 2702 est,
1525 2672 1661 2706 siquidem

880 2720 950 2748 idem
969 2721 1105 2760 signiﬁcat
1131 2720 1335 2755 incorruptibilc
1355 2719 1427 2753 quod
1450 2717 1563 2752 iugeniti
1579 2718 1662 2750 ratio,

881 2764 917 2790 ita
933 2769 962 2791 ut
976 2765 1090 2792 duorum
1113 2765 1238 2795 alterum,
1254 2763 1296 2790 vel
1316 2762 1389 2790 aliud
1411 2761 1549 2797 quidpiam
1566 2766 1664 2797 prteter

882 2811 1166 2846 incorruptibilitalmn
1189 2809 1336 2846 ingenitum
1355 2809 1510 2844 signiﬁcare
1530 2808 1663 2837 assentie-

1489 2854 1526 2887 35
