1900 3073
32 109 110 141 {tot

31 179 86 197 τον
104 170 192 197 εἰπεῖν
210 170 262 197 τὸν·
282 172 358 207 λόγον
373 194 379 204 ,
401 174 441 200 ὁτι
459 175 495 210 τῷ
514 176 652 212 ἀγεννήτῳ
680 178 739 213 Θεῷ
764 179 834 205 κατὰ

35 214 134 249 φύσιν·
149 215 198 250 μέν
225 217 298 244 ἐστιν
310 219 327 252 ἡ
342 218 477 254 γέννησις,
494 221 634 256 στερηθεὶς
652 222 680 249 δὲ
701 223 746 249 τοῦ
764 224 834 250 κατὰ

36 261 136 295 φύσιν,
151 263 183 288 ὲκ
194 264 321 299 γεννητοῦ
338 264 384 291 τοῦ
406 266 533 301 πρόσθεν,
546 269 640 302 γέγονε
666 271 734 304 μετὰ
750 271 835 298 ταῦτα

35 308 210 343 ἀγέννητος;
229 309 309 337 Ἀλλὰ
332 310 416 338 ταῦτα
440 313 489 347 τῆς
516 315 663 350 ῥητορικῆς
685 316 719 341 τὰ
740 318 835 351 τεχνά-

37 361 146 387 σματα,
161 354 200 386 τὸ,
218 355 247 381 ὲν
270 353 311 387 οἷς
331 356 486 392 ἐλέγχονται
503 359 655 394 προσώπων
670 361 750 387 τινῶν
771 363 835 388 ὑπο-

36 399 136 431 ϐολαῖς
160 400 208 435 τὴν
225 401 257 427 ὲκ
269 401 323 428 τῶν
337 402 454 438 ἐλέγχων
467 404 598 440 αἰσχύνην
613 406 814 441 διαδιδράσκειν
826 416 832 422 ’

35 444 113 470 οὕτω
127 445 172 471 καὶ
195 446 259 489 περὶ
275 447 323 482 τῆς
340 448 485 483 ἀπολογίας
501 451 609 486 ἐκείνης
626 451 833 492 ἀπολελόγηται,

34 489 185 522 δικασταῖς
210 486 258 518 καί
273 493 436 528 κατηγόροις
457 495 592 527 ἀνατιθεὶς
614 497 663 532 τῆς
678 486 836 534 ἐπιγραφῆς

35 534 91 569 τὴν
108 536 210 567 αίτίαν,
223 537 252 563 οὐ
266 539 445 574 κατηγόρους,
462 541 492 566 οὐ
504 540 604 576 κρίσιν.
617 542 646 568 οὐ
662 543 836 580 δικαστήριον

36 580 176 612 ἐπιδεῖξαι
201 581 358 617 δυνάμενος.
382 585 436 611 Καὶ
452 585 498 611 νῦν
511 585 549 618 ὼς
561 587 704 623 ἀλλοτρίαν
731 590 836 624 μωρίαν

35 625 288 661 ἐπανορθούμενος,
307 629 346 660 εἰς
362 629 485 665 ἀνάγκην
503 632 571 666 φησι
584 631 631 658 τοῦ
645 632 730 664 οὕτως
750 635 835 660 εἰπεῖν

36 670 213 705 ἐληλυθέναι.
243 671 328 705 Οὗτος
349 675 363 700 ὀ
386 675 495 710 ἔλεγχος
520 678 569 712 τῆς
593 678 742 712 ἀνηκέστου
758 680 836 714 ἡμῶν

37 716 168 748 ἀτοπίας,
191 718 238 744 καὶ
256 718 307 753 τῆς
327 722 510 756 προσποιήτου
526 723 572 748 καὶ
590 723 739 759 ἐπιλήπτου
759 725 836 751 εὐλα-

37 762 130 794 ϐείας.
152 763 222 790 Ἀλλ’
250 765 419 800 ἀποροῦντας
436 768 509 802 ἡμᾶς
538 777 618 803 φησιν
633 770 684 796 οὐκ
706 771 836 806 ἕχεινότι

37 809 201 843 χρησόμεθα
214 811 270 842 τοῖς
281 812 396 847 παροῦσι
412 814 458 839 καὶ
476 813 525 849 τὴν
538 815 652 850 ἀπορίαν
671 816 836 852 ἐπικρυπτο-

39 854 143 888 μένους
155 863 162 870 ’
194 856 297 882 ἐκείνου
322 857 372 892 μὲν
398 858 430 885 ἐκ
447 858 501 885 τῶν
519 861 649 895 ῥημάτων
668 863 707 893 εἰς
723 861 772 897 τὴν
789 861 836 888 τοῦ

35 900 146 934 κόσμου
161 900 312 928 διαϐάλλειν
328 903 424 937 σοφίαν
435 912 442 919 ·
457 904 556 936 αὐτοὺς
571 905 600 932 δὲ
620 906 669 941 τὴν
689 906 736 933 τοῦ
757 907 835 941 ἁγίου

37 945 203 981 Πνεύματος
225 948 389 975 οἰκειοῦσθαι
409 949 592 978 διδασκαλίαν.
614 951 709 984 ’Ἄλλος
732 953 836 988 ὄνειρος

36 989 120 1022 οὗτος
142 992 267 1019 τοσοῦτον
284 993 374 1028 ἑαυτῷ
399 996 539 1030 προσεῖναι
552 996 602 1030 τῆς
617 996 669 1029 ἔξω
685 997 780 1032 σοφίας
796 999 835 1024 οἴ-

37 1036 132 1068 εσθαι,
146 1037 183 1069 ὡς
200 1038 314 1074 φοϐερὸν
334 1040 467 1075 Βασιλείῳ
486 1041 529 1068 διὰ
550 1041 629 1068 τοῦτο
642 1042 739 1069 δοκεῖν.
759 1043 836 1070 Οὖτω

37 1082 115 1113 τινες
131 1083 178 1109 καὶ
202 1083 358 1118 βασιλεῦσιν
371 1085 524 1122 ὸμόθρονοι,
543 1087 590 1114 καὶ
607 1089 656 1123 τῆς
669 1088 836 1124 ὑψηλοτέρας

37 1127 124 1160 ἀξίας
147 1127 216 1156 εἶναι
242 1131 372 1163 πολλάκις
394 1132 507 1164 ἑαυτοὺς
534 1134 754 1169 ἐφαντάσθησαν,
785 1135 836 1169 τῆς

38 1174 225 1210 ἧπατήμενης
238 1175 291 1203 τῶν
314 1177 447 1204 ἐνυπνίων
466 1177 565 1212 ὂψεως,
580 1180 612 1205 ὲκ
626 1179 676 1214 τῆς
688 1180 747 1206 καθ’
764 1179 837 1215 ὕπαρ

39 1219 202 1254 ἐπιθυμίας,
218 1221 267 1256 τὴν
282 1222 345 1257 περὶ
365 1222 460 1249 τούτου
476 1223 586 1259 δόκησιν
600 1224 761 1261 ἐντιθείσης.
780 1226 837 1252 Οὐκ

40 1265 150 1299 ἔχοντα,
165 1267 258 1301 φησιν,
268 1267 416 1300 Βασίλειον,
430 1269 445 1295 ὃ
466 1278 492 1295 τι
502 1270 557 1301 τοῖς
567 1271 723 1305 εἰρημένοις
738 1272 837 1307 χρήσε-

39 1319 99 1342 ται,
112 1312 264 1340 διαϐάλλειν
274 1314 354 1340 αὐτὸν
370 1315 415 1342 ἐπὶ
478 1315 524 1342 τοῦ
539 1316 642 1351 κόσμου
660 1317 750 1352 σοφίᾳ.
770 1316 837 1343 Πολ-

39 1357 90 1383 λοῦ
108 1358 156 1392 μέν
171 1366 210 1385 τοι
224 1360 273 1395 τὴν
296 1360 423 1396 τοιαύτην
437 1361 471 1388 ἂν
490 1361 618 1397 διαϐολὴν
629 1362 790 1397 ἐτιμήσατο,
807 1362 837 1388 τὸ

41 1403 159 1438 φοϐερὸς
173 1404 331 1440 νομισθῆναι
342 1408 373 1441 τῇ
389 1407 533 1442 περιουσίᾳ
546 1407 599 1434 τῶν
615 1407 709 1442 λόγων,
725 1408 836 1435 καὶτῶν

40 1449 224 1484 ἐπιτυχῧντων
252 1451 314 1482 τινὶ,
345 1452 382 1486 μή
402 1451 428 1478 τί
456 1461 487 1486 γε
504 1452 634 1487 Βασιλείῳ
650 1453 696 1479 καί
714 1461 767 1480 τινι
783 1453 836 1479 τῶν

40 1494 106 1520 κατ’
119 1494 208 1527 αὑτὸν,
225 1495 304 1530 εἴπερ
312 1504 354 1526 τις
368 1496 436 1527 ὅλως
451 1497 509 1522 ἐστὶ
523 1498 583 1522 κατ’
593 1497 674 1524 αὑτὸν
690 1497 834 1533 ἢὲγένετο.

50 1539 131 1566 Ἀλλὰ
145 1539 191 1566 τὸν
212 1538 261 1574 μὲν
276 1540 320 1567 διὰ
341 1541 424 1574 μέσου
443 1541 530 1575 λόγον.
549 1542 628 1577 εἴπερ
644 1542 722 1575 λόγος
735 1543 834 1578 ἐστι.νὴ

40 1585 253 1621 ἀνδραποδώδης
270 1585 350 1613 αὐτοῦ
370 1585 497 1622 λοιδορία,
512 1588 558 1614 καὶ
572 1588 606 1614 τὰ
622 1589 729 1623 ἄμουσα
748 1589 836 1624 σκώμ-

43 1638 128 1666 ματα,
140 1631 172 1658 δι’
185 1628 222 1657 ὧν
231 1633 407 1669 κατατρέχειν
420 1633 473 1659 τῶν
486 1634 630 1669 ἡμετέρων
645 1634 740 1666 οἴεται,
749 1635 835 1661 πάντα

39 1677 171 1712 παρήσω,
195 1677 338 1711 βδελυκτόν
359 1687 387 1704 τε
409 1680 454 1705 καὶ
471 1679 552 1714 ἀηδὲς
567 1678 727 1715 ποιούμενος
740 1680 835 1707 τοσού-

39 1730 101 1753 τοις
130 1722 282 1758 μολύσμασι
309 1723 354 1750 τὸν
371 1724 502 1759 ἡμέτερον
521 1723 722 1760 ἐμφορύνεσθαι
747 1726 834 1760 λόγον,

42 1766 139 1802 ὥσπερ
153 1768 176 1793 οί
189 1768 222 1794 τὰ
245 1768 349 1804 ὀχθώδη
372 1777 400 1795 τε
418 1770 464 1796 καὶ
487 1769 602 1796 ὀδωδότα
617 1771 672 1796 τῶν
689 1771 775 1797 ἑλκῶν
791 1780 837 1806 μν-

43 1813 213 1848 σαττόμενοι,
229 1814 276 1840 καὶ
297 1813 556 1849 δυσανασχετοῦντες
574 1815 623 1850 τὴν
636 1815 699 1842 θέαν
713 1816 766 1843 τῶν
783 1817 837 1843 ἀπὸ

41 1858 222 1895 πληοωρικῆς
239 1868 309 1891 τινος
329 1858 499 1895 βαρυχυμίας
516 1860 548 1887 δι’
561 1861 774 1897 ἀκροχορδονων,
790 1862 837 1889 καὶ

41 1904 116 1937 ἥλων
129 1904 330 1933 ἁλλοιωθέντων
341 1907 390 1941 τὴν
401 1907 570 1941 ἐπιφάνειαν.
583 1907 633 1933 Τὸν
645 1906 673 1934 δὲ
683 1908 744 1934 νοῦν
755 1907 836 1934 αὑτοῦ

40 1951 77 1977 δι’
104 1950 202 1985 ὀλίγων
221 1951 377 1987 ἐκθέμενος,
403 1953 451 1988 τὴν
481 1953 581 1987 πολλὴν
611 1954 664 1979 τῶν
685 1953 836 1989 εἰρημένων

42 1996 278 2031 παραδραμοῦμεν
291 1997 433 2024 δυσωδίαν.

43 2041 162 2069 Sensum
178 2043 299 2077 ipsorum
331 2051 392 2070 cum
416 2043 510 2079 paucis
544 2052 695 2079 exposuero
721 2046 833 2072 multam

82 2089 177 2115 Ἔσται
192 2089 219 2116 δέ
233 2098 276 2124 μοι
289 2090 358 2122 τέως
371 2092 430 2117 κατ’
447 2091 603 2128 ἐλευθερίαν
617 2093 631 2118 ὁ
650 2092 728 2126 λόγος
745 2092 835 2125 διεξα-

41 2135 169 2170 γόμενος,
196 2136 270 2162 οὐδὲν
288 2137 354 2172 πρὸς
383 2138 413 2163 τὸ
431 2139 637 2173 ὲπηρεαστικῶς
665 2140 834 2175 σπαράσσειν

41 2189 70 2206 τι
97 2180 151 2206 τῶν
170 2180 323 2216 λεγομένων
348 2183 588 2218 ἐπιστρεφόμενος.
611 2184 668 2215 Πᾶς
684 2183 760 2218 λόγος
775 2185 788 2210 ϐ
803 2193 834 2218 γε

41 2225 153 2260 ἀληθῶς
164 2225 252 2259 λόγος,
273 2227 426 2262 σημαντική
447 2227 488 2259 τίς
505 2229 562 2254 ἐστι
578 2227 631 2255 τῶν
652 2229 711 2255 κατ’
733 2229 836 2255 ἔννοιαν

42 2271 203 2306 κινημάτων
217 2272 303 2307 φωνή.
325 2272 404 2299 Πᾶσα
415 2273 442 2299 δὲ
458 2272 506 2308 τῆς
521 2273 614 2307 ὑγιοῦς
626 2273 744 2306 διανοίας
759 2274 836 2310 ἐνέρ-

42 2318 150 2351 γειά’τε
171 2317 218 2344 καὶ
247 2318 364 2353 κίνησις,
380 2319 447 2354 πρὸς
464 2320 512 2354 τὴν
532 2319 586 2346 τῶν
599 2320 683 2347 ὄντων
695 2320 795 2354 γνῶσίν
807 2330 837 2347 τε

42 2365 93 2390 καὶ
108 2363 233 2398 Θεωρίαν,
246 2364 283 2395 ὡς
296 2364 328 2391 ἂν
343 2362 397 2391 οἷόν
412 2374 440 2391 τε
463 2363 491 2402 ᾖ,
508 2365 612 2400 βλέπει.
625 2367 691 2402 Διχῆ
706 2367 733 2394 δὲ
751 2368 838 2403 μεμέ-

44 2418 136 2446 ρισται
165 2410 218 2436 τῶν
237 2410 322 2437 ὅντων
339 2412 354 2446 ὴ
372 2411 461 2445 φύσις,
489 2412 528 2443 εἰς
549 2421 578 2438 τε
591 2412 620 2438 τὺ
643 2413 736 2448 νοητὸν
751 2414 797 2446 καὶ
808 2414 838 2440 τὸ

44 2455 173 2489 αίεθητὸν
189 2455 363 2492 διαιρουμένη
375 2466 381 2472 ·
403 2457 470 2484 ἀλλὰ
485 2458 538 2484 τῶν
554 2458 603 2493 μὲν
625 2460 683 2485 καϋ
712 2459 837 2494 αἴσθησιν

45 2503 226 2538 φαινομένων,
248 2503 291 2529 διὰ
324 2503 354 2529 τὸ
383 2504 525 2540 πρόχειρον
555 2504 603 2538 τῆς
629 2505 836 2538 κατανοήσεως,

44 2547 120 2582 κοινὴ
143 2547 284 2583 πρόκειται
315 2549 398 2574 πᾶσιν
414 2550 430 2584 ἠ
446 2549 546 2583 γνῶσις
557 2557 563 2563 ⁸
589 2549 716 2584 οὐδεμίαν
730 2550 793 2585 περὶ
807 2551 837 2576 τὸ

45 2592 225 2628 ὑποκείμενον
244 2594 408 2628 ἀμφιϐολίαν
424 2594 592 2630 ἐμποιούσης
611 2595 660 2628 τῆς
676 2595 837 2631 αἰσθητικῆς

45 2637 211 2671 ἐπικρίσεως
223 2645 230 2652 ⁸
245 2639 294 2670 τάς
307 2647 336 2665 τε
349 2640 403 2675 γὰρ
417 2639 471 2666 τῶν
482 2641 645 2676 χρωμάτων,
661 2642 707 2667 καὶ
722 2643 777 2668 τῶν
787 2642 838 2668 λοι-

45 2681 105 2708 πῶν
116 2683 266 2718 ποιοτήτων
279 2683 421 2718 διαφορὰς,
434 2685 499 2717 ὅσας
516 2686 559 2712 διὰ
579 2687 628 2721 τῆς
643 2687 729 2721 Maso);
745 2687 791 2714 καὶ
802 2687 835 2714 δι’

45 2729 141 2762 ἀκοῆς,
155 2727 171 2763 ἦ
187 2729 356 2764 ὀσφρήσεως.
374 2730 391 2765 ἢ
419 2730 470 2765 τῆς
497 2731 566 2758 κατὰ
589 2732 637 2768 τὴν
658 2733 767 2768 ἁφὴν,ἢ
786 2733 835 2769 τὴν

44 2772 140 2807 γεῦσιν
156 2773 308 2808 αἰσθήσεως
327 2775 512 2811 ὲπικρίνομεν,
531 2777 680 2812 ὁμοφώνως
693 2779 792 2810 πάντες
809 2779 833 2806 οί

40 2823 92 2858 τῆς
106 2820 192 2856 αὐτῆς
205 2822 394 2855 κοινωνοῦντες
412 2823 530 2859 φύσεως,
557 2824 725 2861 γινώσκομεν
742 2833 771 2852 τε
787 2827 833 2853 καὶ

597 114 734 148 CONTRA
754 121 949 155 EUNOMIUM,
967 123 1029 151 Lm.
1050 118 1104 153 xu.

1603 122 1614 156 ι
1625 124 1668 156 at;

848 181 871 209 A
885 185 914 207 ut
929 181 1000 208 hunc
1016 189 1167 210 sermonem
1181 184 1311 218 proferat,
1337 184 1407 220 quod
1425 185 1546 220 ingenito
1558 185 1612 214 Deo
1628 195 1671 216 se-

886 227 1004 254 cundum
1014 232 1138 255 naturam
1150 230 1259 264 quidem
1269 233 1310 258 est
1320 231 1470 265 generatio.
1487 232 1610 266 privatus
1624 241 1672 260 au-

886 277 938 299 tem
954 281 986 300 eo
1004 274 1075 308 quod
1094 280 1135 302 est
1144 276 1293 302 secundum
1311 280 1436 303 naturam
1454 284 1486 304 ex
1510 278 1602 312 genito
1617 278 1672 306 Deo

886 319 958 354 quod
982 321 1056 355 prius
1070 326 1138 352 erat,
1163 321 1252 349 factus
1272 325 1314 349 est
1333 327 1428 356 postea
1450 322 1605 358 ingenitus?
1618 325 1671 352 Sed

886 365 943 392 luec
958 370 1022 393 sunt
1035 366 1177 394 rhetorica:
1187 367 1311 400 artiﬁcia,
1326 376 1420 404 nempe
1435 370 1462 397 in
1476 371 1517 398 his
1529 371 1556 399 in
1572 373 1672 407 quibus

886 412 1123 446 reprehenduntur
1141 413 1303 448 quibusdam
1321 416 1462 443 accersitis
1487 418 1613 451 personis
1629 426 1672 445 re-

887 458 1098 492 prehensionum
1114 458 1233 487 dedecus
1259 460 1447 497 subterfugere
1463 470 1470 494 ;
1490 462 1528 489 sic
1539 467 1566 490 et
1579 463 1613 490 de
1626 463 1673 491 illa

888 503 1048 531 defensione
1077 504 1208 537 defendit,
1234 505 1376 540 judieibus
1410 513 1437 534 et
1461 510 1672 537 accusatoribus

888 550 1073 578 accusationis
1090 551 1199 587 culpam
1215 556 1243 579 et
1256 560 1367 580 causam
1386 554 1537 588 ascribens,
1556 563 1609 583 non
1626 563 1672 583 ac-

888 599 1040 628 cusatores,
1056 604 1109 624 non
1124 597 1259 632 judicium
1272 619 1279 631 ,
1300 599 1502 638 non'judiciale
1520 601 1609 628 forum
1627 610 1674 629 va-

889 643 945 670 lens
957 643 1110 671 ostendere.
1129 642 1162 671 Et
1179 653 1251 672 nunc
1269 649 1299 673 ut
1331 646 1447 674 alienam
1480 648 1624 676 stultitiam
1647 650 1674 677 et

889 688 1040 716 fatuitatem
1071 690 1222 725 corrigens,
1246 699 1275 719 se
1291 691 1317 719 in
1346 693 1537 721 necessitatem
1567 694 1608 722 sic
1631 695 1674 722 lu-

888 736 988 770 quendi
1005 737 1112 764 venisse
1126 736 1203 765 dicit.
1221 737 1284 765 Haec
1314 743 1356 766 est
1380 740 1556 774 reprehensio
1575 746 1674 770 nostrae

890 782 1050 810 insanabilis
1072 783 1262 815 absurditatis,
1278 788 1305 811 et
1324 784 1458 812 simulata:
1484 790 1566 821 atque
1580 794 1674 821 repre-

890 828 1031 856 hensibilis
1044 829 1192 864 religionis.
1215 828 1267 857 Sed
1279 837 1329 858 nos
1349 830 1455 866 indigos
1470 831 1536 859 dicit
1554 840 1609 859 non
1624 832 1675 859 ha-

888 875 951 901 bere
964 874 1029 909 quid
1047 876 1075 902 in
1091 875 1234 911 praesentia
1245 883 1358 911 agamus
1374 881 1401 904 et
1411 885 1465 913 quo
1473 884 1678 909 nosvertamus.

887 920 952 954 quin
973 920 1054 947 etiam
1070 921 1210 955 penuriam
1231 925 1355 949 nostram
1379 924 1532 956 occultare;
1547 931 1580 950 ac
1595 924 1671 952 illum

888 967 996 1001 quidem
1012 975 1044 994 ex
1061 967 1150 994 verbis
1163 967 1198 994 ob
1206 967 1301 994 mundi
1313 968 1474 1003 sapientiam
1489 969 1650 996 calumniari
1665 977 1672 995 :

888 1012 961 1046 ipsos
975 1019 1039 1038 vero
1054 1012 1140 1039 sancti
1169 1011 1288 1047 Spiritus
1306 1013 1459 1040 doctrinam
1488 1013 1567 1041 nobis
1585 1013 1674 1040 vindi-

888 1066 960 1086 care.
981 1057 1058 1085 Aliud
1075 1058 1126 1085 hoc
1155 1059 1303 1090 somnium,
1321 1063 1425 1087 tantum
1442 1060 1494 1087 sibi
1517 1060 1567 1094 ipsi
1581 1059 1676 1088 adesse

888 1108 1006 1132 externa:
1031 1103 1170 1140 sapientiae
1198 1108 1304 1140 putare,
1332 1109 1361 1132 ut
1388 1106 1531 1140 propterea
1545 1106 1675 1134 terribilis

888 1150 988 1178 Basilio
1004 1151 1136 1178 videatur.
1167 1150 1212 1178 Sic
1237 1151 1348 1186 quidam
1371 1152 1452 1178 etiam
1478 1159 1540 1179 cum
1566 1152 1675 1187 regibus

888 1197 970 1224 simul
995 1198 1089 1225 eodem
1106 1197 1134 1224 in
1165 1197 1234 1225 solio
1252 1197 1358 1229 sedere,
1385 1201 1412 1224 et
1432 1197 1529 1225 altiore
1543 1198 1676 1234 dignitate

887 1251 948 1270 esse
967 1251 1037 1278 saepe
1058 1251 1087 1270 se
1101 1243 1196 1278 dignos
1224 1243 1406 1275 somniarunt,
1424 1243 1489 1270 falsa
1506 1245 1675 1271 somniorum

888 1289 1006 1323 imagine
1021 1295 1054 1315 ex
1075 1296 1138 1315 vera
1159 1287 1309 1323 cupiditate
1332 1288 1403 1315 banc
1425 1289 1493 1322 ipsis
1518 1288 1676 1324 opinionem

889 1335 1045 1367 insercnlc;
1071 1342 1126 1360 non
1143 1333 1297 1366 habentem,
1317 1334 1363 1367 ait,
1395 1333 1526 1362 Basilium
1558 1335 1623 1370 quid
1641 1336 1675 1363 ad

887 1380 960 1408 dicta
974 1379 1138 1415 respondeat
1152 1380 1292 1407 criminari
1305 1380 1393 1414 ipsum
1408 1380 1444 1408 ob
1464 1381 1558 1408 mundi
1570 1381 1676 1416 sapien-

888 1427 964 1453 tiam.
983 1424 1070 1460 Magni
1085 1424 1193 1460 quidem
1211 1425 1292 1452 talem
1314 1425 1533 1453 criminationem
1560 1425 1632 1460 fecit.
1647 1431 1673 1455 ut

888 1474 1061 1502 existimetur
1080 1473 1209 1500 terribilis
1230 1473 1375 1501 verborum
1390 1475 1469 1510 copia
1489 1475 1612 1508 cuilibet,
1628 1483 1677 1503 ne-

851 1517 871 1545 (ἶ
888 1525 952 1551 dum
977 1523 1077 1550 Basilio
1091 1527 1118 1550 et
1132 1522 1213 1549 alicui
1227 1523 1439 1558 discipulorum,
1455 1523 1478 1552 si
1491 1524 1599 1558 quidem
1615 1525 1677 1560 quis

889 1572 997 1606 penitus
1010 1575 1052 1598 est
1067 1571 1216 1599 secundum
1229 1571 1318 1606 ipsum
1336 1571 1377 1597 Vel
1395 1570 1456 1598 fuit.
1475 1571 1529 1599 Sed
1544 1572 1677 1600 interme-

888 1617 962 1647 dium
979 1626 1144 1650 sermonem,
1155 1619 1178 1646 si
1191 1618 1300 1654 quidem
1315 1626 1405 1646 Sermo
1420 1622 1462 1646 est
1477 1620 1576 1647 servile
1589 1620 1677 1655 ipsius

889 1668 1053 1698 convicium,
1072 1671 1099 1694 et
1116 1666 1225 1694 indocta
1242 1670 1323 1700 atque
1348 1667 1438 1701 inepta
1453 1674 1614 1701 scommata.
1628 1676 1677 1704 per

889 1724 950 1752 quae
961 1716 988 1743 in
1008 1719 1101 1743 nostra
1125 1715 1267 1742 incurrere
1283 1715 1442 1748 arbitratur,
1456 1717 1548 1744 omnia
1565 1722 1678 1752 praeter-

885 1763 1173 1794 mittam,exsecrahile
1185 1768 1213 1790 et
1225 1763 1438 1792 abominandum
1450 1765 1622 1797 existimans,
1637 1769 1678 1794 tot

888 1813 1025 1847 tantisque
1051 1810 1246 1846 pollutionibus
1275 1818 1431 1839 sermonem
1450 1817 1574 1840 nastrum
1591 1813 1677 1841 infer-

892 1861 953 1889 ciri.
974 1858 1201 1894 quemadmodum
1220 1859 1266 1893 qui
1282 1860 1442 1893 praetumida
1460 1865 1486 1888 et
1501 1865 1571 1888 tetra
1585 1861 1677 1888 ulcera

888 1908 1090 1938 abominantur,
1115 1914 1240 1941 aegreque
1268 1906 1360 1934 ferunt
1376 1908 1562 1942 spectaculum
1583 1917 1677 1936 eorum

887 1962 948 1989 quae
957 1962 989 1981 ex
1009 1954 1098 1988 aliqua
1116 1953 1205 1988 gravis
1224 1953 1348 1981 humoris
1369 1954 1519 1989 repletione
1531 1963 1682 1990 perverru—

888 2008 934 2028 cas
950 2006 976 2028 et
992 2002 1083 2028 clavos
1106 2001 1250 2027 immutata
1280 2004 1354 2034 sunt,
1371 2000 1399 2027 in
1424 2001 1494 2029 cutis
1523 2002 1677 2037 superficie.

854 2047 975 2082 ipsorum
990 2047 1200 2083 graveolentiam
1217 2050 1436 2082 prmtercurram.

924 2094 984 2123 Erit
998 2098 1087 2122 autem
1101 2093 1166 2120 mihi
1182 2101 1231 2128 pro
1256 2093 1381 2120 libertate
1398 2100 1489 2120 sermo
1506 2093 1552 2128 qui
1578 2093 1677 2128 produ-

889 2142 970 2173 citur,
987 2141 1033 2176 qui
1049 2148 1102 2167 non
1117 2141 1150 2167 ad
1166 2139 1334 2167 calumniose
1363 2135 1570 2174 discerpendum
1596 2139 1677 2174 quid-

853 2196 969 2224 anam
995 2195 1090 2215 eorum
1115 2195 1175 2222 qum
1202 2187 1342 2218 dicuntur,
1370 2186 1549 2213 convertitur.
1582 2185 1678 2213 Omnis

889 2240 978 2262 sermo
994 2235 1039 2269 qui
1050 2241 1114 2261 vere
1128 2237 1170 2261 est
1185 2240 1285 2264 sermo,
1308 2231 1485 2267 signiﬁeativa
1502 2235 1545 2259 est
1561 2239 1612 2258 vox
1628 2230 1678 2258 im-

889 2279 1043 2314 pulsionum
1059 2287 1119 2315 quae
1134 2279 1161 2306 in
1181 2283 1272 2306 mente
1291 2278 1367 2305 liunt.
1383 2277 1478 2305 Omnis
1497 2281 1588 2304 autem
1605 2284 1678 2305 sana!

889 2326 1061 2360 cogitationis
1073 2325 1175 2352 functio
1188 2329 1214 2352 et
1226 2324 1338 2359 agitatio
1347 2323 1380 2350 ad
1390 2331 1480 2351 rerum
1495 2323 1678 2358 cognitionem

888 2377 915 2399 et
941 2371 1199 2406 contemplationem
1225 2368 1315 2404 quoad
1332 2372 1421 2404 potest
1444 2371 1558 2403 spectat.
1575 2367 1678 2401 Rerum

889 2421 978 2444 autem
996 2419 1092 2443 natura
1106 2415 1237 2451 bipartita
1250 2418 1311 2447 est;
1330 2414 1416 2441 altera
1442 2419 1532 2441 mente
1544 2413 1678 2444 cernitur,

889 2470 971 2490 sensu
985 2462 1070 2489 altera
1085 2460 1252 2497 percipitur;
1273 2460 1320 2488 sed
1335 2460 1396 2495 ejus
1426 2467 1487 2494 qua:
1514 2459 1608 2486 sensui
1627 2465 1677 2493 pa-

889 2512 935 2540 tet,
949 2507 1012 2542 quia
1026 2509 1061 2536 sit
1073 2508 1101 2535 in
1118 2514 1199 2534 sensu
1214 2510 1241 2533 et
1258 2505 1338 2533 facile
1349 2509 1539 2540 cognoscatur.
1555 2509 1677 2530 commu-

888 2554 929 2581 nis
938 2553 1065 2580 omnibns
1079 2551 1241 2587 proponitur
1249 2551 1380 2587 cognitio,
1391 2550 1491 2577 nullam
1506 2549 1540 2576 de
1550 2548 1677 2582 subjecto

888 2599 1090 2634 ambiguitatem
1120 2597 1236 2625 faciente
1262 2604 1392 2625 sensuum
1413 2595 1536 2630 judicio:
1553 2593 1676 2620 colorum

887 2645 959 2672 enim
977 2644 1146 2671 differentias
1155 2648 1182 2671 et
1194 2643 1361 2678 reliquarum
1386 2641 1546 2676 qualitatum
1561 2639 1676 2666 varietao

888 2695 929 2719 tes
943 2699 991 2726 per
1005 2692 1092 2718 visum
1105 2694 1132 2718 et
1143 2691 1277 2722 auditum,
1292 2688 1494 2719 velodoratum,
1505 2686 1545 2714 vel
1560 2689 1674 2717 tactum,

890 2738 931 2764 vel
947 2741 1084 2772 gustatum
1095 2736 1288 2771 dijudicamus,
1299 2733 1418 2763 unanimi
1433 2739 1568 2760 consensu
1581 2739 1676 2759 omnes

886 2783 931 2818 qui
942 2787 1045 2809 natura:
1056 2781 1208 2808 communis
1225 2784 1289 2808 sunt
1299 2779 1442 2814 participes
1449 2778 1640 2813 cognoscimus
1651 2781 1676 2804 et

885 2828 1067 2855 nominamus.
1082 2826 1113 2852 Et
1122 2827 1223 2861 reliqua
1233 2832 1399 2860 quaecunque
1408 2820 1676 2859 comprehensionem
