1951 3074
239 96 308 124 H05

868 103 895 130 S.
911 81 1073 132 GliliGOﬂll
1091 105 1232 133 NYSSENI

1800 103 1869 135 ΙΙοι

233 157 408 189 exteriorem,
419 159 562 193 magisque
570 167 618 194 per
625 168 729 188 summa
741 169 915 198 apparentem
929 165 1024 192 habere

1079 166 1258 201 ὀνομάζομεν,
1272 167 1318 193 καὶ
1330 167 1379 193 ὅσα
1396 166 1449 193 τῶν
1463 166 1564 193 λοιπῶν
1579 165 1627 201 τὴν
1645 165 1802 201 κατάληψιν
1813 167 1869 192 ἑπι-

233 201 432 237 videntur.quae
444 203 470 230 in
489 203 542 231 vita
553 210 646 233 nostra
660 212 845 241 versantur,et
860 218 919 245 qua:
934 211 967 237 ad
985 212 1024 238 ci-

198 266 201 277 ,
232 246 312 272 vilem
326 247 408 273 vitam
435 251 462 274 et
476 248 510 277 ad
524 250 654 278 moralem
670 252 732 280 vita:
746 260 858 289 scopum
872 256 1023 290 pertinent.

232 291 266 316 At
281 298 345 317 vero
357 291 382 317 in
398 294 630 328 contemplatione
644 301 750 324 naturae
764 298 951 334 intelligentis,
979 308 1025 327 so-

233 335 315 370 laque
329 341 418 364 mente
431 340 627 374 perceptibilis,
639 342 703 377 quia
716 343 774 378 ipsa
787 352 870 379 supra
889 353 1023 373 sensuum

232 382 504 416 comprehensionem
515 386 566 413 sita
575 391 627 420 est,
637 388 861 422 conjecturaliter
872 391 1024 426 intelligen-

233 427 270 453 tia
282 431 425 462 appetente
440 437 470 457 ea
488 438 548 466 quae
559 440 670 461 sensum
682 434 824 470 eﬂugiunt,
836 436 882 462 alii
899 437 979 464 aliter
991 437 1024 464 ad

233 472 259 499 id
274 473 345 508 quod
359 476 490 509 quaeritur
505 485 656 512 movemur,
671 481 821 508 secundum
836 489 895 509 eam
907 490 968 518 qua:
981 483 1024 510 in-

233 523 378 551 generatur
403 522 502 557 cuique
514 523 548 552 de
571 525 696 560 subjecto
712 526 918 562 intelligentiam
933 528 1024 563 quoad

233 564 291 591 fieri
305 570 395 600 potest
407 569 505 596 mentis
520 575 684 606 conceptum
713 573 902 604 cnuntiamus,
924 581 1023 609 appro-

233 611 409 646 pinquantes,
426 618 456 641 ut
471 614 533 642 licet
541 617 668 649 maxime,
682 617 715 644 ad
727 618 927 646 intellectorum
940 619 1022 646 facul-

232 659 315 683 tatem
345 666 393 692 per
421 660 568 688 verborum
593 662 740 690 dilucidam
781 663 1022 700 significationem.

268 703 297 729 In
311 702 355 730 his
366 709 455 732 autem
473 713 545 741 saepe
556 707 619 735 licet
635 715 684 745 per
699 712 816 744 utraque
836 710 908 745 quod
924 711 1024 746 quaeri.

234 751 279 774 tur
294 748 422 782 obtineri,
446 759 507 778 cum
535 760 585 780 nec
613 753 792 789 intelligentia
822 755 929 783 aberret
955 763 969 783 a
995 764 1024 784 re

233 795 358 828 quaesita.
371 800 397 822 et
412 803 462 823 vox
483 797 589 825 directo
624 799 724 827 mentis
736 805 898 836 conceptum
911 809 960 836 per
974 809 1023 828 na-

234 839 318 867 tivam
331 841 582 877 interpretationem
610 846 742 873 enuntiet.
759 845 896 874 Interdum
909 847 1026 876 fortasse

233 886 332 912 aceidit
347 887 380 914 ab
395 888 520 923 utrisque
536 889 576 916 vel
593 889 688 917 horum
701 891 786 919 altero
801 893 938 924 aberrare,
962 901 1024 920 cuni

233 931 275 958 vel
299 933 525 967 comprehensiva
547 935 738 971 intelligentia,
753 938 796 964 vel
822 938 1026 973 interpretativa

233 975 350 1004 facultas
367 977 401 1004 ab
416 985 449 1006 eo
461 979 533 1014 quod
549 981 688 1013 convenit.
702 983 879 1010 transversim
891 987 918 1011 et
934 991 1027 1019 perpe-

233 1029 292 1048 ram
314 1022 409 1050 lertur.
440 1024 508 1051 Cum
535 1025 617 1061 igitur
645 1027 700 1053 duo
728 1027 782 1055 sint
795 1028 896 1063 quibus
918 1029 1028 1056 omnino

233 1067 322 1094 oratio
334 1068 472 1103 dirigitur,
485 1077 583 1105 nempe
594 1076 668 1098 certa
684 1073 855 1101 confirmatio
870 1074 927 1102 sive
946 1083 1026 1102 secu-

233 1112 312 1144 ritas,
329 1121 389 1148 quaa
403 1114 430 1140 fit
449 1115 474 1142 in
492 1120 582 1144 mente
601 1122 626 1144 et
640 1117 817 1154 intelligentia
835 1128 842 1152 ;
869 1124 897 1147 et
911 1128 971 1155 quae
985 1125 1028 1149 est

233 1159 261 1185 in
277 1159 367 1187 verbis
383 1161 508 1194 prolatio,
522 1164 696 1196 prmstantius
708 1171 815 1199 semper
826 1165 935 1199 quidem
946 1166 1028 1194 fuerit

233 1202 304 1237 qttod
317 1211 364 1238 per
376 1208 522 1239 utrumque
536 1207 678 1241 probatur.
692 1207 751 1235 Non
765 1209 855 1236 minus
871 1214 963 1237 autem
973 1211 1024 1238 bo-

233 1256 299 1275 num
311 1257 325 1276 a
343 1250 518 1278 convenienti
534 1251 665 1287 opinione
680 1260 734 1280 non
747 1253 886 1288 aberrare,
902 1256 1028 1290 quamvis

232 1294 411 1329 intelligentia
445 1297 534 1324 oratio
575 1297 611 1325 sit
639 1297 762 1326 inferior.
791 1299 859 1327 Cum
892 1301 973 1336 igitur
1000 1303 1028 1329 in

233 1340 346 1368 excelsit
383 1345 410 1368 et
440 1341 527 1369 aciem
543 1343 684 1370 oculorum
709 1344 901 1380 eﬂ‘ugientibus
927 1348 1027 1376 intelli-

233 1385 322 1419 gentia
353 1385 472 1414 studium
491 1390 519 1415 et
540 1395 650 1423 operam
669 1390 764 1425 ponit,
792 1391 825 1418 ad
849 1400 910 1426 qua:
929 1400 1029 1422 sensus

234 1438 287 1457 non
307 1432 430 1465 pervenit
446 1441 452 1459 :
470 1433 568 1468 loquor
583 1438 673 1462 autem
699 1435 733 1463 de
743 1436 834 1464 divina
849 1442 877 1465 et
894 1438 1027 1466 ineffabili

234 1479 342 1507 natura,
359 1476 386 1503 in
400 1477 499 1512 quibus
517 1477 605 1505 audax
635 1478 741 1508 facinus
758 1486 832 1509 esset
858 1487 982 1518 prompte
1000 1488 1026 1511 et

234 1521 288 1548 cito
305 1521 482 1557 intelligentia
495 1523 560 1558 quid
575 1531 690 1559 capere;
705 1525 753 1553 sed
765 1527 898 1555 audacius
912 1529 1025 1563 quibus-

234 1565 300 1599 libet
314 1567 426 1594 vocibus
443 1568 613 1596 committere
636 1569 696 1604 ejus
709 1578 770 1605 qua:
783 1572 861 1599 nobis
879 1571 1020 1608 ingenera-

235 1616 279 1638 tur
289 1611 427 1646 opinionis
438 1613 703 1648 interpretationem,
713 1619 779 1643 tunc
790 1617 1024 1653 valercjubenles,

235 1657 281 1690 qui
295 1662 337 1685 est
355 1657 383 1684 in
402 1658 502 1692 verbis,
519 1666 629 1692 sonum,
646 1660 685 1688 sic
698 1661 740 1688 vel
765 1662 844 1690 aliter
858 1663 1025 1698 loquentium

235 1702 340 1730 viribus
352 1704 535 1738 enuntiatum,
563 1705 648 1734 solam
666 1715 728 1742 quae
746 1708 837 1737 verbis
859 1709 1027 1744 significatur

236 1748 441 1784 intelligentiam
471 1751 641 1786 exquirimus
657 1757 748 1781 utrum
780 1761 856 1787 sane,
878 1756 935 1783 sive
949 1756 1027 1784 aliter

236 1794 326 1825 habet.
339 1794 388 1822 has
405 1795 527 1824 verbales
541 1797 583 1825 vel
593 1799 744 1827 nominales
757 1799 922 1829 subtilitales
937 1809 1027 1836 gram-

237 1840 407 1868 matistarum
436 1842 541 1871 artibus
560 1844 743 1873 concedentes
766 1854 773 1874 :
792 1847 921 1882 quoniam
945 1848 1027 1883 igitur

235 1886 293 1913 sola
302 1894 361 1921 qua:
370 1893 575 1922 cognoscuntur
583 1897 634 1924 per
642 1891 807 1918 nominalem
817 1892 1026 1927 appellationem

235 1931 376 1967 signamus
390 1941 397 1966 ;
416 1941 477 1968 quae
493 1941 558 1962 vero
574 1935 758 1971 cognitionem
777 1942 917 1972 superant,
928 1938 1026 1966 notivis

235 1978 396 2013 quibusdam
418 1980 643 2015 appellationibus
668 1982 811 2017 complecti
836 1982 876 2011 fas
901 1991 956 2011 non
972 1988 1024 2012 est.

235 2023 376 2057 Quomodo
384 2026 455 2052 enim
464 2027 537 2061 quod
550 2027 691 2062 ignoratur
702 2032 844 2057 notaretur
852 2029 864 2056 τ
880 2029 1026 2065 Propterea

236 2078 296 2097 cum
320 2071 394 2098 nulla
423 2071 451 2099 in
471 2072 539 2108 ipsis
564 2073 656 2100 nativa
689 2073 845 2101 inveniatur
868 2075 1024 2110 appellatio,

235 2123 295 2150 qua:
311 2116 463 2151 subjectum
480 2117 559 2152 plane
574 2118 720 2154 exprimat.
747 2119 842 2147 multis
855 2124 883 2147 et
907 2120 1024 2149 diversis

235 2161 400 2193 nominibus,
432 2162 523 2197 quoad
538 2162 595 2190 fieri
621 2167 720 2198 potest,
736 2163 771 2192 de
785 2164 928 2193 divinitate
941 2166 1020 2193 inna-
1040 2174 1062 2202 ι)

237 2211 290 2233 tam
307 2206 385 2234 nobis
408 2206 566 2242 opinionem
583 2208 703 2236 revelare
721 2209 856 2244 cogimur.
877 2209 1024 2238 Verumta~

237 2260 297 2278 men
312 2260 373 2287 quae
407 2252 434 2280 in
459 2257 580 2281 nostram
611 2255 884 2290 comprehensionem
911 2257 1023 2291 cadunt,

237 2298 300 2325 talia
316 2302 390 2330 sunt,
406 2303 435 2326 ut
448 2300 568 2333 omnino,
587 2301 628 2328 vel
643 2301 669 2329 in
693 2301 784 2337 aliqua
801 2302 953 2332 intervallis
982 2304 1024 2331 di-

236 2343 336 2370 stincta
350 2345 510 2372 extensione
534 2346 754 2379 considerentur.
774 2348 816 2376 vel
830 2348 923 2376 localis
941 2356 1024 2383 capa-

236 2389 327 2416 citatis
344 2389 467 2417 notitiam
480 2391 629 2426 prebeant,
645 2393 671 2420 in
700 2401 753 2428 qua
787 2393 937 2428 singularia
963 2402 1024 2422 esse

235 2435 521 2471 comprehenduntur;
542 2438 584 2465 vel
599 2439 626 2466 in
647 2439 773 2474 principii
788 2444 814 2466 et
837 2439 899 2467 linis
924 2440 1024 2468 descri-

237 2479 328 2514 ptione
341 2480 369 2508 in
386 2484 481 2508 nostro
504 2487 653 2517 conspectu
675 2483 754 2514 fiunt,
781 2491 814 2510 ex
829 2491 908 2518 3°th0
922 2492 1022 2512 secun-

235 2523 299 2550 dum
318 2528 463 2560 utrumque
482 2526 628 2554 terminum
646 2534 679 2554 eo
696 2527 768 2562 quod
789 2536 841 2554 non
857 2534 897 2556 est
914 2529 1021 2564 incipit,

234 2574 260 2596 et
274 2570 301 2597 in
320 2570 344 2597 id
356 2571 428 2605 quod
443 2579 498 2598 non
514 2576 555 2599 est
567 2572 668 2599 desinit
681 2581 688 2605 ;
706 2573 746 2600 vel
760 2574 832 2608 quod
844 2575 966 2602 omnium
981 2579 1023 2603 est

237 2620 416 2650 postremum,
431 2624 479 2651 per
497 2618 681 2652 corporalium
701 2619 862 2653 qualitatum
884 2620 1023 2654 composi-

234 2661 348 2692 tionem,
364 2662 436 2697 quod
452 2667 565 2697 apparet
582 2664 852 2698 comprehendimus,
879 2665 922 2692 cui
938 2670 965 2692 et
980 2666 1021 2693 in-

236 2707 334 2733 teritus
349 2711 376 2734 et
392 2708 543 2742 perpessio.
559 2713 585 2736 et
600 2710 755 2742 conversio,
772 2714 800 2738 et
816 2711 979 2742 immutatio,
996 2715 1023 2739 et

237 2759 297 2785 qua:
326 2751 492 2786 hujusmndi,
520 2754 643 2789 copulata
672 2760 745 2783 sunt.
777 2755 958 2788 Quamobrem
993 2761 1022 2783 ut

239 2797 339 2824 nullam
354 2805 416 2826 cum
436 2799 517 2828 rebus
531 2801 574 2829 bis
586 2801 686 2829 inlimis
713 2802 902 2838 cognationem
921 2803 1020 2830 habere

1080 212 1255 248 πολαιοτέραν
1267 212 1337 247 ἔχειν
1358 213 1431 239 δοκεί
1446 212 1515 240 κατὰ
1533 213 1578 238 τον
1592 212 1647 247 βίον
1663 212 1871 246 ἀναστρεφομέ-

1079 266 1131 283 νων
1146 258 1324 293 πραγμὰτων,
1350 258 1368 285 ἃ.
1386 259 1454 293 πρός
1479 267 1507 284 τε
1531 258 1576 284 τὸν
1592 258 1744 289 πολιτικὸν,
1765 259 1815 284 καὶ
1828 257 1871 283 τὸν

1080 303 1174 337 ἠθικὸν
1190 303 1236 330 τοῦ
1254 303 1311 338 βίου
1326 304 1425 330 σκοπὸν
1450 304 1635 338 καταγίνεται.
1655 304 1700 330 Ἐν
1717 303 1746 330 δὲ
1760 305 1795 338 τῇ
1807 303 1872 329 Θεω-

1080 349 1125 384 ρία
1142 350 1189 385 τῆς
1201 351 1296 385 νοερᾶς
1308 349 1424 384 φύσεως,
1438 349 1481 376 διὰ
1492 350 1522 376 τὸ
1536 349 1716 385 ὑπερκεῖσθαι
1727 349 1814 383 αὐτὴν
1824 349 1873 383 τῆς

1079 395 1239 430 αἰσθητικῆς
1272 395 1461 430 καταλήψεως,
1489 396 1673 430 στοχαστικῶς
1689 395 1740 429 τῆς
1753 395 1873 426 διανοίας

1079 440 1282 475 ὲπορεγομένης
1298 439 1350 466 τῶν
1366 440 1552 475 ὲκφευγόντων
1567 441 1616 475 τὴν
1637 440 1778 477 αἴσθησιν.
1800 440 1873 466 illo:

1078 485 1166 516 ἄλλως
1190 485 1338 520 κινούμεθα
1366 494 1395 512 τε
1422 486 1487 522 περὶ
1501 486 1530 512 τὸ
1546 486 1723 521 ζητούμενον,
1741 486 1790 511 καὶ
1807 486 1874 511 κατὰ

1078 531 1128 565 τὴν
1156 532 1333 566 ὲγγινομένην
1354 532 1461 567 ἑκάστῳ
1477 533 1540 567 περὶ
1562 532 1591 558 τὸ
1608 531 1793 566 ὑποκείμενον
1816 531 1871 556 δια-

1078 585 1161 609 νοιαν,
1176 578 1249 609 ὅπως
1262 575 1318 604 οἷόν
1329 586 1358 604 τε
1372 577 1399 614 ᾖ,
1414 579 1445 605 τὸ
1459 578 1553 611 νοηθὲν
1568 577 1780 611 ἐξαγγέλλομεν,
1801 577 1874 609 ἐγγί-

1078 622 1170 654 ζοντες
1183 623 1220 654 ὡς
1239 623 1277 649 ἐνι
1292 624 1408 658 μάλιστα
1425 625 1457 659 τῇ
1472 624 1584 658 δυνάμει
1601 624 1655 650 τῶν
1667 622 1820 657 νοηθέντων
1832 622 1874 649 διὰ

1077 668 1126 703 τῆς
1138 669 1192 694 τῶν
1208 670 1337 704 ῥημάτιον
1353 670 1510 704 ἐμφάσεως.

1121 714 1164 739 Ἐν
1172 714 1201 740 δὲ
1214 714 1317 746 τούτοις
1335 714 1389 741 ἔστι
1402 714 1451 748 μὲν
1464 714 1591 745 πολλάκις
1600 714 1646 740 καὶ
1660 713 1693 740 δι’
1708 713 1873 748 ἀμφοτέρων

1078 757 1280 793 κατορθωθῆναι
1298 759 1328 784 τὸ
1346 758 1560 793 σπουδαζόμενον
1576 758 1625 792 τῆς
1639 766 1669 784 τε
1689 757 1812 785 διανοίας
1827 758 1873 793 οὐχ

1077 804 1253 839 ἁμαρτούσης
1267 804 1314 830 τοῦ
1334 804 1512 839 ζητουμένου,
1528 805 1575 830 καὶ
1591 803 1640 838 τῆς
1656 804 1749 838 φωνῆς
1766 803 1874 829 830qu-

1043 842 1064 870 Β
1077 849 1129 881 λως
1159 849 1189 876 τὸ
1209 850 1304 885 νοηθὲν
1315 849 1359 876 διὰ
1382 850 1431 884 τῆς
1449 849 1603 885 προσφυῶς
1620 849 1772 884 ἑρμηνείας
1796 849 1874 882 ἑξαγ-

1077 895 1232 930 γελλούσης.
1253 896 1330 922 Ἔστι
1351 895 1378 922 δὲ
1405 896 1486 931 τυχὸν
1508 896 1553 922 καὶ
1580 890 1760 930 ἀμφοτέρων,
1786 895 1803 929 ἢ
1827 894 1872 921 τοῦ

1077 941 1170 976 ἑτέρου
1194 950 1224 975 γε
1253 942 1354 969 τούτων
1381 942 1537 976 ἀποτυχεῖν,
1555 942 1572 977 ἢ
1595 942 1646 976 τῆς
1664 942 1872 976 καταληπτικὴ

1077 987 1205 1018 διανοίας,
1228 987 1245 1022 ἢ
1271 987 1320 1022 τῆς
1339 987 1537 1022 ἐρμηνευτικῆς
1560 987 1702 1022 δυνάμεως
1722 987 1770 1013 τοῦ
1790 995 1871 1022 προσ-

1077 1033 1189 1067 ήκοντος
1202 1031 1423 1066 παρενεχθείσης.
1435 1031 1487 1058 Δύο
1498 1032 1587 1058 τοίνυν
1601 1033 1686 1058 όντων
1697 1032 1731 1058 δι’
1743 1029 1783 1058 ὧν
1803 1033 1872 1063 ἅπας

1078 1077 1218 1104 εὐθύνεται
1240 1078 1328 1111 λόγος.
1350 1079 1400 1113 τῆς
1425 1087 1454 1104 τε
1477 1078 1547 1105 κατὰ
1565 1078 1609 1104 τὸν
1630 1078 1694 1105 νοῦν
1710 1078 1870 1112 ἀσφαλείας,

1077 1125 1124 1150 καὶ
1143 1124 1192 1159 τῆς
1207 1125 1235 1150 ὲν
1253 1124 1354 1158 ῥήμασι
1370 1125 1519 1159 προφορᾶς,
1536 1125 1658 1160 κρεῖττον
1674 1125 1724 1159 μὲν
1739 1121 1774 1151 ἂν
1788 1124 1832 1158 είη
1845 1124 1872 1150 τὺ

1077 1168 1109 1194 δι’
1124 1168 1285 1203 ἀμφοτέρων
1303 1168 1455 1203 εὐδόκιμον.
1484 1169 1539 1203 Οὐχ
1557 1166 1637 1203 ἦττον
1648 1168 1675 1194 δὲ
1694 1169 1810 1203 ἀγαθὸν,
1825 1169 1872 1202 τῆς

1079 1213 1269 1249 προσηκούσης
1287 1214 1323 1249 μὴ
1344 1214 1503 1249 διαμαρτεῖν
1514 1214 1684 1249 ὑπολήψεως,
1697 1214 1750 1241 κᾶν
1771 1216 1785 1240 ό
1797 1215 1873 1248 λόγος

1078 1258 1194 1285 ἐλάττων
1222 1258 1271 1292 τῆς
1297 1258 1417 1290 διανοίας
1445 1258 1575 1293 τυγχάνῃ.
1591 1259 1676 1285 Ὂταν
1699 1260 1793 1285 τοίνυν
1809 1259 1871 1294 περὶ

1078 1303 1132 1330 τῶν
1148 1303 1256 1338 ὑψηλῶν
1268 1304 1315 1330 καὶ
1331 1304 1453 1331 ἀθεάτων
1464 1305 1480 1339 ἡ
1492 1305 1594 1331 διάνοια
1605 1305 1654 1340 τήν
1669 1305 1790 1339 σπουδὴν
1802 1304 1867 1339 ἔχει,

1078 1347 1115 1377 ὦν
1127 1350 1177 1376 οὐκ
1186 1351 1359 1385 ὲφικνεῖταιή
1371 1350 1510 1385 αἴσθησις·
1526 1349 1596 1384 λέγω
1612 1350 1639 1376 δὲ
1656 1351 1722 1384 περὶ
1736 1350 1786 1385 τῆς
1798 1350 1871 1380 θείας

1078 1395 1126 1422 καὶ
1151 1396 1290 1430 ἀφράστου
1312 1395 1432 1430 φύσεως·
1450 1397 1479 1423 ἐν
1500 1393 1540 1428 οἷς
1556 1395 1692 1431 τολμηρὸν
1710 1393 1745 1430 ἦν
1774 1397 1821 1422 καὶ
1844 1395 1872 1421 τὺ

1079 1441 1230 1476 προχείρως
1245 1450 1270 1467 τι
1282 1443 1313 1476 τῇ
1327 1441 1430 1476 διανοίᾳ,
1444 1441 1546 1471 λαὸεἷν,
1557 1441 1761 1476 τολμηρότερον
1771 1441 1800 1466 δὲ
1815 1442 1870 1471 tsi;

1079 1485 1267 1520 ὲπιτυχούσαις
1279 1486 1435 1520 ἐπιτρέπειν
1442 1487 1553 1520 φωναῖς,
1568 1486 1616 1521 τὴν
1629 1486 1679 1520 τῆς
1693 1485 1871 1519 ἐγγινομένης

1077 1531 1142 1565 ήμῖν
1159 1530 1317 1565 ὑπολήψεως
1346 1530 1501 1565 ἑρμηνείαν,
1530 1531 1590 1556 τότε
1617 1530 1727 1565 χαίρειν
1744 1530 1870 1559 ἐάσαντες

1077 1574 1121 1600 τὸν
1135 1575 1164 1601 ὲν
1184 1576 1238 1606 τοῖς
1253 1575 1371 1610 ῥήμασιν
1382 1573 1458 1610 ἦχον,
1474 1575 1559 1606 οὕτως
1575 1576 1590 1610 ἢ
1617 1575 1719 1610 ἑτέρως
1737 1574 1809 1600 κατὰ
1825 1575 1870 1608 τὴν

1076 1619 1190 1654 δύναμιν
1204 1620 1258 1645 τῶν
1269 1620 1460 1654 φθεγγομένων
1473 1619 1715 1654 ὲξαγγελλόμενον,
1733 1619 1817 1654 μόνην
1830 1618 1866 1650 ἑξ-

1076 1663 1209 1698 ετάζομεν
1237 1664 1286 1699 τὴν
1314 1664 1432 1690 διάνοιαν
1455 1664 1504 1699 τὴν
1528 1664 1736 1698 ἐμφαινομένην
1752 1665 1808 1694 τοῖς
1826 1663 1870 1697 ῥή-

1079 1717 1171 1743 μασιν,
1197 1711 1252 1737 εῐτε
1279 1710 1371 1744 ὑγιῶς,
1394 1712 1448 1738 εἴτε
1470 1710 1515 1736 καὶ
1539 1709 1623 1740 ἄλλως
1636 1709 1703 1743 ἔχει,
1721 1709 1771 1740 τὰς
1785 1710 1870 1743 ῥημα-

1076 1755 1155 1786 τικὰς
1166 1755 1266 1786 ταύτας
1281 1755 1296 1789 ἢ
1312 1755 1492 1789 ὀνομαστικὰς
1513 1755 1717 1790 ἀκριϐολογίας,
1741 1763 1868 1789 γραμμα-

1077 1799 1174 1826 τιστῶν
1184 1799 1291 1834 τέχναις
1302 1800 1559 1834 παραχωρήσαντες.
1572 1800 1681 1834 Ἐπειδὴ
1696 1800 1788 1826 τοίνυν
1803 1800 1866 1834 μόνα

1076 1846 1110 1872 τὰ
1123 1845 1310 1880 γινωσκόμενα
1333 1845 1377 1871 διὰ
1399 1845 1450 1880 τῆς
1471 1845 1656 1880 ὀνομαστικῆς
1680 1845 1867 1880 σημειούμεθί

1077 1890 1211 1925 κλήσεως,
1230 1890 1263 1916 τὰ
1284 1890 1312 1916 δὲ
1332 1890 1401 1924 ὑπὲρ
1414 1890 1462 1924 τὴν
1478 1891 1578 1924 γνῶσιν
1593 1891 1657 1916 ὄντα
1673 1892 1867 1925 σημειωτικαῑς

1075 1944 1131 1962 τισι
1143 1935 1338 1971 προσηγορίαις
1353 1935 1546 1970 διαλαμὸἀνειν
1553 1936 1602 1970 οὐχ
1617 1933 1673 1962 οἷόν
1688 1944 1730 1962 τε.
1747 1935 1808 1967 Πῶς
1816 1937 1867 1971 γὰρ

1077 1981 1109 2007 ἄν
1123 1989 1165 2012 τις
1176 1981 1207 2007 τὸ
1222 1981 1401 2016 ἀγνοούμενον
1424 1981 1608 2017 σημειώσαιτο
1619 1990 1627 2014 ;
1640 1982 1689 2008 Διὰ
1700 1981 1782 2008 τοῦτο
1798 1981 1866 2008 οῦδε-

1079 2028 1144 2062 μιᾱς
1158 2027 1200 2052 ἐπ’
1224 2027 1312 2053 αὐτῶν
1326 2027 1482 2062 προσφυοῦς
1507 2027 1706 2062 εὖρισκομὲνης
1735 2035 1867 2062 προτηγο-

1078 2071 1148 2106 ρίας,
1164 2070 1221 2106 me
1235 2071 1412 2106 ὑποκείμενον
1433 2071 1532 2104 ἱκανῶς
1556 2073 1738 2107 παραστήσει,
1764 2073 1866 2102 πολλοῖς

1077 2115 1123 2142 καὶ
1139 2115 1276 2150 διαφόροις
1299 2115 1439 2150 ὀνόμασιν,
1459 2115 1530 2146 ὅπως
1544 2115 1577 2141 ἂν
1594 2112 1749 2151 ᾖδυνατδν.
1771 2115 1866 2141 ἀνακα-

1076 2160 1157 2196 λύψαι
1170 2160 1316 2196 βιαζόμεθα
1325 2160 1374 2196 τὴν
1383 2160 1566 2196 ἐγγενομένην
1576 2161 1643 2195 ἡμῖν
1654 2169 1688 2186 πε
1693 2160 1720 2195 pi
1731 2160 1780 2186 τοῦ
1790 2161 1865 2186 θείου

1077 2207 1210 2233 ὑπόνοιαν.
1245 2206 1324 2232 Ἀλλὰ
1349 2206 1402 2241 μὴν
1424 2206 1458 2233 τὰ
1471 2206 1523 2232 ὑπὸ
1545 2205 1698 2241 κατάληψιν
1732 2205 1865 2240 ἡμετέραν

1076 2253 1218 2288 ἐρχόμενα,
1235 2251 1346 2278 τοιαῦτα
1359 2253 1441 2283 ἐστιν,
1457 2251 1527 2278 ὥστε
1549 2251 1667 2282 πάντως.
1683 2251 1699 2286 ἠ
1716 2252 1744 2277 ὲν
1759 2251 1864 2285 διαστη-

1077 2298 1177 2332 ματικῇ
1189 2305 1241 2323 τινι
1253 2296 1406 2332 παρατάσει
1420 2296 1578 2331 Θεωρεῖσθαι
1591 2297 1623 2322 τὰ
1637 2296 1713 2328 ὄντα,
1725 2297 1740 2331 ἢ
1754 2296 1864 2322 τοπικοὶ

1075 2344 1236 2378 χωρήματος
1252 2343 1382 2378 παρέχειν
1396 2342 1444 2378 τὴν
1461 2342 1574 2373 ἔννοιαν,
1593 2343 1622 2368 ἐν
1674 2343 1708 2369 τὰ
1732 2343 1794 2370 καθ’
1807 2344 1864 2369 ἐκα-

1076 2398 1136 2416 στον
1152 2388 1478 2425 είναικαταλαμεάνεται,
1494 2389 1510 2424 ἢ
1528 2391 1561 2424 τῇ
1573 2389 1644 2416 κατὰ
1656 2390 1706 2424 τὴν
1724 2389 1813 2424 ἀρήν
1824 2390 1866 2415 καὶ

1074 2437 1104 2462 τὸ
1120 2434 1195 2468 τέλος
1214 2438 1369 2473 περιγραφῇ
1381 2436 1456 2468 ἐντὸς
1472 2435 1576 2470 γίνεται
1587 2436 1636 2470 τῆς
1652 2436 1793 2470 ἡμετέρας
1807 2435 1867 2461 ἐπὸ-

1074 2481 1155 2515 ψεως,
1173 2481 1270 2516 ὲπίσης
1285 2481 1345 2507 καθ’
1360 2481 1489 2516 ἑκάτερον
1506 2481 1603 2516 πέρας,
1614 2480 1653 2515 τῷ
1668 2479 1706 2515 μὴ
1718 2481 1776 2506 ὄντι
1793 2489 1865 2514 περι-

1074 2527 1250 2562 γραφόμεναο
1271 2528 1324 2554 πᾶν
1344 2527 1396 2562 γὰρ
1409 2527 1438 2553 τὸ
1451 2527 1537 2562 ἀρχήν
1553 2535 1582 2552 τε
1596 2527 1645 2552 καὶ
1662 2525 1791 2560 τελευτὴν
1809 2526 1865 2559 ἕχον

1073 2573 1119 2600 τοῦ
1133 2571 1212 2605 εἶναι,
1241 2574 1272 2600 ἐκ
1293 2574 1340 2600 τοῦ
1360 2574 1397 2608 μὴ
1413 2573 1489 2604 ὖντος
1510 2573 1637 2608 ἄρχεται,
1655 2573 1702 2599 καὶ
1725 2573 1767 2603 εἰς
1781 2573 1810 2598 τὸ
1831 2572 1864 2606 μὴ

1073 2619 1102 2646 ὃν
1120 2620 1284 2655 καταλήγει·
1301 2619 1317 2654 ἢ
1332 2619 1362 2645 τὸ
1380 2619 1488 2646 πάντων
1507 2618 1631 2653 ἔσχατον,
1647 2618 1691 2644 διὰ
1708 2619 1759 2653 τῆς
1777 2626 1864 2651 σωμα-

1072 2665 1150 2701 τικῆς
1174 2666 1227 2692 τῶν
1243 2665 1389 2700 ποιοτήτων
1410 2664 1545 2699 συνθήκης
1567 2663 1815 2698 καταλαμϐάνομεν
1837 2663 1864 2688 τὺ

1073 2712 1242 2746 φαινόμενον,
1317 2710 1415 2746 φθορὰ,
1437 2709 1483 2736 καὶ
1511 2709 1607 2740 πάθος,
1628 2709 1675 2735 καὶ
1697 2709 1800 2744 τροπὴ,
1820 2709 1864 2734 καί

1072 2757 1220 2788 ἀλλοίωσις,
1251 2756 1296 2784 καὶ
1325 2756 1360 2783 τὰ
1376 2755 1487 2782 τοιαῦτα
1507 2755 1697 2786 συνέζευκται.
1721 2755 1773 2781 Διὰ
1791 2754 1864 2780 τοῦτο

1072 2803 1108 2834 ὡς
1127 2803 1158 2829 Ξιν
1174 2802 1306 2838 μηδεμίαν
1322 2801 1475 2838 οἰκειότητα
1493 2801 1561 2838 πρὸς
1577 2800 1611 2827 τὰ
1624 2801 1700 2827 κάτω
1715 2802 1862 2836 πράγματα
