1900 3073
15 132 94 160 1105

592 137 729 164 CONTRA
746 137 938 170 EUNUMIL’M,
961 137 1024 164 LIB.
1041 137 1097 165 ΧΙΙ.

1588 136 1654 166 11οῦ

15 192 29 225 ἡ
52 191 249 227 ὑπερκειμένη
266 191 345 227 φύσις
360 193 430 228 ἔχειν
447 193 550 229 δοκοίη,
566 197 621 226 τοῖς
637 196 820 231 ἀποχωριστι-

874 197 1079 231 supereminens
1102 196 1147 222 illa
1170 198 1266 222 natura
1291 193 1426 227 videatur,
1455 195 1614 223 nationibus
1629 201 1655 223 et

15 238 78 268 κοῖς
95 237 153 264 τῶν
164 237 291 264 τοιούτων
311 239 428 274 νοήμασί
445 248 473 266 τε
501 241 548 266 καὶ
574 242 692 275 ῥήμασιν
707 241 753 267 ἐπὶ
769 242 817 277 τῆς

15 282 99 313 θείας
115 282 274 317 κεχρήμεθα
305 286 421 318 φύσεως.
436 285 472 312 Τὸ
489 286 616 320 ὑπεράνω
628 287 681 313 τῶν
702 287 815 320 αἰώνων,

15 328 190 363 προαιώνιον
215 329 351 364 λέγοντες,
369 331 459 358 καὶτὸ
485 332 554 367 ὑπὲρ
575 332 671 368 ἀρχὴν,
688 333 814 369 ἄναρχον,

15 375 68 407 καὶ
85 376 118 402 τδ
134 375 172 411 μὴ
199 376 395 412 τελειούμενον,
419 377 603 414 ἀτελεύτητον,
624 378 767 414 ἀσώματόν
785 389 815 407 τε

15 419 49 445 τὸ
75 420 164 455 χωρὶς
191 419 316 455 σώματος
340 421 390 456 τὴν
412 422 558 450 ὑπόστασιν
582 424 652 460 ἔχον,
674 424 761 451 καὶτὸ
777 424 814 460 μὴ

15 465 205 500 φθειρόμενον
224 466 371 502 ἄφθαρτον,
395 469 442 495 καὶ
462 469 491 496 τὸ
506 471 611 505 τροπῆς
637 471 779 507 ἣπάθους,
798 471 814 506 ἢ

15 511 195 543 ἀλλοιώσεως
222 513 404 546 ἀνεπίδεκτον,
435 515 539 547 ἀπαθὲς
558 517 603 543 καὶ
619 517 752 552 ἄτρεπτον
769 518 815 544 καὶ

15 556 214 582 ἀναλλοίωτον.
230 557 271 583 Τὰ
293 557 321 583 δὲ
341 558 451 585 τοιαῦτα
466 560 518 586 τῶν
532 561 682 596 ὀνομάτων,
694 562 814 597 τεχνολο-

15 601 145 634 γούντων
165 602 214 637 μὲν
229 602 302 634 ὅπως
315 602 347 629 ἂν
398 604 474 638 φίλον
493 606 583 632 αὐτῶν
597 607 620 632 οί
645 606 811 642 βουλόμενοι,

15 647 75 673 καὶ·
95 648 215 682 ὀνόματα
235 648 302 675 ἄλλα
317 649 373 680 τοῖς
391 650 505 685 ὀνόμασι
524 652 626 683 τούτοις
644 653 812 688 ὲφαρμοξόν-

15 700 79 744 των-
91 693 249 728 στερητικὰ,
262 693 460 730 ἦὰφαιρετικὰ,
473 695 546 732 ἦὸτι
561 697 636 731 φίλον
648 698 737 729 αὐτοῖς
753 699 812 725 ὀνο-

15 738 171 772 μάζοντες.

866 242 957 269 verbis
990 249 1051 276 qua:
1078 249 1092 267 a
1124 241 1224 268 talibus
1253 243 1408 272 scccrnant,
1440 239 1466 266 in
1491 239 1583 267 divina
1613 242 1654 269 usi

865 297 961 316 sumus
978 292 1086 316 natura.
1103 287 1180 320 Quod
1196 294 1278 322 supra
1292 291 1319 314 et
1339 290 1402 313 ante
1416 287 1515 314 saecula
1527 291 1580 319 est,
1595 288 1648 315 hoc

866 333 1037 369 προαιώνιον,
1055 339 1181 360 mentum
1195 333 1329 363 dicentes,
1348 335 1374 358 et
1390 332 1464 366 quod
1482 339 1565 367 supra
1578 333 1654 367 prin-

865 379 1117 414 οἰρὶυιιι,ἆνα;ρχον,
1136 378 1258 412 principii
1273 385 1383 411 expers;
1414 382 1440 404 ct
1473 378 1547 412 quod
1577 378 1657 406 nullo

866 424 918 451 [ine
927 425 1090 452 terminatur
1097 423 1272 459 ἀτελεύτητον
1284 424 1331 450 καὶ
1343 423 1487 459 ἀσώματον
1500 425 1655 452 inlermina-

865 473 919 496 tum
928 469 1244 504 incorporeumque,quod
1261 468 1364 504 absque
1380 476 1494 504 corpore
1509 470 1649 504 subsistit;

863 517 890 540 et
909 513 980 548 quod
998 521 1053 540 non
1072 513 1176 540 interiit
1208 513 1353 548 ἄφθαρτον,
1383 514 1580 548 incorruptibile
1597 515 1655 543 sive

863 559 985 586 interitus
998 566 1090 593 expers
1101 567 1110 590 ;
1127 562 1154 586 et
1167 558 1242 593 quod
1252 558 1444 587 conversionis
1471 560 1513 586 vel
1537 568 1649 595 perpes—

863 604 960 636 sionis,
974 604 1017 632 vel
1047 604 1248 632 immutationis
1270 604 1327 632 sive
1337 605 1509 634 alterationis
1539 614 1592 634 non
1611 611 1653 634 est

862 656 960 683 capax,
979 649 1137 684 impatibile,
1165 649 1327 681 invertibile,
1354 649 1526 683 invariabile,
1551 651 1651 678 immu-

862 693 953 721 tabile.
974 692 1050 720 Talia
1064 697 1154 721 autem
1168 693 1279 720 nomina
1295 693 1391 721 solerti
1415 693 1532 722 artiﬁcio
1546 695 1652 723 conlin-

860 744 925 775 gant
949 740 994 775 qui
1009 740 1146 772 volunt,ut
1161 739 1228 775 ipsis
1245 739 1321 766 cordi
1335 739 1428 771 fuerit,
1444 740 1551 776 aliaque
1566 742 1654 769 nomi-

15 788 57 807 na
81 780 240 832 nominibus
263 779 306 806 his
324 780 471 814 applicent,
497 781 621 816 privandi
645 781 687 809 vel
711 781 851 809 auferendi
870 783 924 810 vim
940 783 1134 818 habentia,vel
1159 785 1230 819 quod
1247 785 1314 820 ipsis
1336 785 1449 814 lubebit,
1469 785 1652 815 ιιοιιιίιιίηιιυς.

69 834 166 869 Ἡμεῖς
174 835 201 861 δὲ
218 835 263 861 τοῦ
272 835 404 862 διδάσκειν
413 835 429 870 ἦ
442 835 586 870 μανθάνειν
596 835 629 862 τὰ
639 835 749 862 τοιαῦτα
761 835 817 866 τοῖς

907 836 962 865 Nos
982 842 1072 866 autem
1091 837 1206 865 docendi
1220 838 1261 866 vcl
1281 837 1403 865 discendi
1421 837 1485 863 talia
1498 837 1656 872 perrupidis

22 882 181 916 φνλοτίμοις
192 881 449 916 παραχωρήσαντες,
461 880 539 916 μόνον
553 880 598 907 τὸν
611 880 672 907 νοῦν
687 880 818 912 ἐξετάσω-

22 935 90 960 μεν,
103 928 128 953 εἰ
136 927 184 960 τῆς
196 926 323 958 εὐσεϐοῦς
332 935 361 952 τε
371 927 417 952 καὶ
424 926 592 961 Θεοπρεποῦς
603 927 762 962 ὑπολήψεως
777 928 820 953 ὲν-

21 972 72 1001 τὸς
85 972 170 1001 ἐστιν.
181 970 198 1005 ἢ
209 970 372 1006 κεχώρισται
392 971 422 996 El
435 971 484 1005 μὲν
495 969 541 997 οὗν
551 970 567 1005 ἢ
576 971 625 997 οὑκ
639 969 673 1006 ἦν
689 971 821 1006 πρότερον

22 1019 39 1043 ὁ
48 1017 116 1048 Θεὸς
125 1016 196 1051 ἢούκ
203 1016 278 1043 ἔσται
285 1016 411 1049 ποτὲ,οὐκ
418 1016 449 1043 ἂν
458 1016 557 1049 κυρίως
564 1015 624 1042 οὔτε
634 1015 819 1052 ἀτελεύτητος,

22 1063 91 1089 οὔτε
100 1062 216 1098 ἄναρχος
232 1061 345 1097 λέγοιτο.
367 1062 502 1093 Ὡσαύτως
511 1062 538 1088 δὲ
552 1061 612 1088 οὔτε
627 1061 816 1095 ἀναλλοίωτος,

22 1107 92 1134 οὔτε
104 1108 258 1142 ἀσώματος,
275 1107 336 1134 οὔτε
348 1107 485 1142 ἄψθαρτος
495 1127 502 1138 ,
518 1107 597 1143 εἴπερ
608 1108 748 1133 ὐπονοοῐτο
757 1107 821 1142 περὶ

24 1154 122 1185 αὑτὸν,
136 1153 152 1189 ἦ
166 1153 283 1189 σῶμα,ἦ
302 1153 400 1189 φθορὰ,
419 1153 436 1189 ἢ
454 1152 605 1184 ἀλλοίωσις,
623 1153 640 1188 ἧ
651 1162 676 1179 τι
691 1153 818 1179 τοιοῦτον.

25 1200 60 1225 ΕΞ
72 1200 99 1225 δὲ
121 1199 222 1226 τούτων
245 1198 341 1233 εὐαγές
364 1199 436 1225 ἐστιν
449 1198 524 1225 οὐδὲν
537 1207 570 1224 πε
577 1199 602 1234 p‘.
614 1199 694 1224 αὑτὸν
710 1199 819 1229 ἐννοεῖν,

25 1245 128 1276 ἀσεῧὲς
141 1245 174 1272 ἂν
190 1245 232 1281 εἴη
246 1245 353 1276 πάντως
365 1246 420 1276 τοῖς
432 1245 604 1280 χωριστικοῖς
618 1244 671 1270 τῶν
683 1245 820 1279 ἀπεμίραι-

26 1291 133 1317 νόντων
162 1291 280 1326 ῥήμασιν
299 1291 340 1316 ἐπ’
365 1290 447 1317 αὑτοῦ
474 1290 642 1325 κεχρῆσθαι,
663 1290 710 1316 καὶ
731 1290 820 1324 λέγειν

27 1337 119 1362 ταῦτα
132 1335 150 1362 ἃ
171 1335 222 1371 ἤδη
245 1335 373 1368 πολλάκις
393 1336 552 1372 εἰρήκαμεν,
574 1335 712 1372 ἄφθαρτόν
728 1345 757 1362 τε
773 1336 820 1363 καὶ

29 1380 210 1415 ἀτελεύτητον
227 1382 273 1408 καὶ
284 1382 441 1417 ἀγέννητον,
458 1383 505 1409 καὶ⁸
521 1383 571 1410 ὅσα
585 1382 632 1409 τοῦ
644 1383 763 1409 τοιούτου
782 1383 820 1408 εἴ-

25 1427 94 1459 δους
109 1428 176 1459 ἐστὶ,
188 1429 237 1462 τῆς
251 1428 412 1464 ἐγκειμένης
423 1428 529 1463 ἑκάστῳ
539 1427 640 1455 τούτων
655 1428 709 1455 τῶν
726 1429 821 1464 ὀνομά-

27 1483 86 1500 των
98 1474 251 1508 ὲμψάσεως,
270 1474 348 1509 μόνον
362 1474 408 1500 τὸν
419 1474 557 1509 χωρισμὸν
570 1474 624 1501 τῶν
633 1475 698 1510 ἡμῖν
710 1475 820 1510 προχεί-

869 883 1023 912 libertatcm
1037 885 1232 917 concedentes,
1246 885 1332 912 solam
1346 887 1464 911 mentem
1479 884 1655 918 exquiramus

867 930 890 958 si
902 931 974 966 piam
991 934 1019 958 et
1034 930 1089 958 Deo
1101 931 1227 958 decoram
1243 931 1398 962 opinionem
1412 930 1439 957 in
1456 937 1485 957 se
1501 930 1654 961 contineat,

867 975 908 1002 vel
924 979 1033 1003 contra.
1050 974 1079 1002 Si
1095 975 1179 1009 igitur
1195 974 1238 1001 vel
1267 981 1320 1000 non
1341 977 1400 1000 erat
1414 973 1490 1008 prius
1512 972 1595 1001 Deus,
1613 972 1656 998 vel

867 1028 920 1048 non
939 1021 992 1048 erit
1024 1019 1181 1055 aliquando,
1201 1027 1255 1046 non
1286 1019 1395 1054 proprie
1408 1026 1494 1053 neque
1510 1017 1656 1052 ἀτελεύτη-

865 1076 922 1099 τος,
952 1067 978 1094 id
993 1071 1045 1099 est,
1076 1067 1273 1097 interminatus,
1294 1066 1351 1093 sive
1370 1065 1422 1099 ﬁne
1441 1073 1544 1097 carens,
1567 1072 1657 1099 neque

867 1113 995 1148 ἄναρχος,
1012 1112 1137 1147 principii
1154 1119 1244 1146 expers
1260 1111 1378 1138 dicatur.
1392 1110 1492 1138 Eodem
1509 1110 1589 1137 modo
1608 1118 1656 1136 nc-

868 1165 920 1192 que
953 1158 1141 1189 immutabilis,
1167 1163 1256 1190 neque
1284 1156 1479 1191 incorporeus,
1504 1162 1593 1189 neque
1616 1154 1658 1180 in-

867 1199 1231 1237 corruptibilis,siquidem
1264 1201 1291 1228 in
1323 1208 1382 1235 IPSO
1423 1200 1574 1234 cogitetur,
1616 1199 1657 1226 vel

865 1256 974 1284 corpus,
988 1249 1030 1276 vel
1046 1247 1183 1278 interitus,
1204 1246 1244 1273 vel
1274 1246 1437 1277 immutatio,
1452 1245 1493 1273 vel
1513 1244 1578 1279 quid
1592 1244 1660 1271 talo.

865 1294 942 1327 Quod
959 1295 980 1322 si
1002 1297 1127 1322 sanctum
1147 1296 1199 1324 est.
1218 1291 1288 1318 nihil
1313 1291 1410 1318 horum
1440 1291 1467 1318 in
1496 1291 1559 1326 ipso
1584 1291 1660 1324 cogi—

864 1344 936 1374 tare,
955 1340 1067 1376 Impium
1093 1343 1166 1367 esset
1190 1344 1303 1373 prorsus
1323 1337 1415 1364 verbis
1435 1344 1494 1372 qua
1521 1336 1662 1363 dissenta-

865 1394 915 1414 nea
932 1390 960 1413 et
978 1385 1153 1413 abhorrentia
1175 1384 1209 1411 ab
1232 1383 1292 1419 ipso
1314 1382 1451 1418 separant,
1479 1382 1536 1413 uti,
1560 1386 1586 1408 et
1602 1381 1658 1408 haec

863 1432 954 1460 dicere
982 1439 1043 1466 qua:
1075 1431 1132 1466 jam
1175 1437 1247 1465 smpe
1278 1429 1425 1460 diximus,
1451 1427 1660 1462 incorruptibile

866 1480 893 1504 et
906 1477 1114 1503 interminatum
1147 1474 1205 1502 sive
1235 1473 1372 1501 inﬁnitum
1407 1477 1435 1500 et
1453 1472 1615 1507 ingenitum,
1631 1475 1659 1498 et

30 1529 89 1554 ρων
103 1520 141 1551 εὶς
149 1520 310 1554 κατανόησιν
321 1519 507 1557 ᾷιδασκούσης,
521 1521 571 1546 οὐκ
585 1520 668 1556 αὐτὴν
682 1520 730 1556 τὴν
740 1519 820 1554 φύσιν

874 1528 1034 1556 ιιιᾱιοιιηιιυο
1048 1520 1130 1554 hujus
1145 1519 1208 1546 talis
1224 1517 1338 1553 speciei,
1373 1523 1436 1543 cum
1452 1515 1579 1550 imposita
1595 1515 1656 1542 cui-

28 1565 82 1600 ’τὴν
99 1565 151 1591 τῶν
159 1565 382 1600 ἀπεμςραινόντων
393 1566 599 1601 κεχωρισμένην
607 1566 817 1602 ἑρμηνευούσης.

29 1613 65 1638 Ti
75 1612 128 1646 γὰρ
137 1611 185 1638 οὐκ
198 1611 255 1638 ἐστι
267 1613 298 1640 τὸ
308 1613 386 1639 Θεῖον
395 1612 444 1647 τῆς
449 1611 503 1638 τῶν
519 1612 658 1647 ὀνομάτων
666 1611 766 1638 τούτων
777 1621 821 1648 ση-

32 1658 136 1693 μασίας
145 1657 382 1694 προδεικνυούσης,
392 1658 419 1684 τί
428 1659 502 1684 ἐστιν
509 1658 596 1684 ἐκεῖνο
604 1658 674 1684 κατὰ
681 1657 728 1692 τὴν
740 1657 820 1692 φύσιν

30 1704 47 1731 ὃ
61 1704 146 1730 ταῦτα
157 1700 295 1734 οὐκέστιν,
308 1705 337 1730 ὲν
348 1704 439 1740 ἀδήλῳ
450 1704 535 1740 μένει.
553 1704 632 1730 ’Ᾱλλὰ
640 1705 687 1730 καὶ
700 1703 734 1730 τὸ,
741 1703 822 1730 λοιπὰ

30 1751 89 1777 τῶν
101 1750 249 1785 ὀνομάτων,
262 1746 298 1776 ὧν
309 1751 326 1785 ἡ
344 1750 465 1785 σημασία
488 1750 587 1782 θέσεως
607 1750 678 1781 τινός
690 1750 762 1776 ἐστιν
779 1751 822 1775 ὲν-

32 1796 154 1832 ὃεικτικὴ
167 1797 213 1823 καὶ
223 1796 374 1831 ὑπάρξεως,
386 1796 435 1822 οὐκ
448 1796 533 1830 αὐτῆς
548 1796 598 1831 τῆς
615 1796 688 1827 θείας
697 1795 804 1830 φύσεως
815 1816 822 1828 ,

35 1841 103 1868 ἀλλὰ
117 1841 169 1868 τῶν
188 1841 250 1877 περὶ
272 1840 355 1876 αὐτὴν
376 1839 495 1871 εὐσεϐῶς
509 1839 702 1875 θεωρουμένων
716 1840 766 1874 τὴν
781 1838 823 1865 ἔν-

33 1886 117 1919 δειξιν
128 1885 183 1920 ἔχει
192 1893 198 1900 ·
211 1885 355 1919 νοήσαντες
364 1884 418 1918 γὰρ
427 1883 466 1909 ὅτι
475 1882 551 1908 οὐδὲν
559 1881 613 1908 τῶν
628 1881 721 1912 ὄντων,
731 1880 784 1906 τῶν
792 1888 822 1906 τε

35 1933 203 1969 φαινομένων
216 1931 262 1958 καὶ
283 1931 336 1957 τῶν
356 1931 506 1965 νοουμένων
527 1928 678 1962 αὐτόματόν
693 1934 754 1952 τινα
774 1925 823 1952 καὶ

34 1979 150 2014 τυχαίαν
165 1978 221 2013 ἔχει
234 1977 282 2012 τὴν
300 1976 438 2007 σύστασιν,
447 1975 514 2001 ἀλλὰ
529 1975 542 2000 ὅ
556 1973 582 2000 τί
595 1981 646 2008 περ
658 1974 686 1999 ἐν
696 1974 751 2004 τοῖς
763 1970 823 1998 οὖσι

35 2023 341 2060 καταλαμϐάνεται,τῆς
351 2022 457 2048 πάντων
466 2020 518 2047 τῶν
528 2021 611 2047 ὄντων
625 2018 826 2054 ὑπερκειμένης

35 2073 143 2106 φύσεως
159 2071 282 2106 ἐξῆπται,
298 2067 424 2095 κάκεῖθεν
442 2067 491 2101 τὴν
505 2065 591 2093 αἰτίαν
615 2065 664 2100 τῆς
683 2064 826 2100 ὑπάρξεως

35 2118 105 2153 ἔχει,
122 2117 151 2143 τό
177 2124 205 2142 τε
224 2115 320 2146 κάλλος
335 2114 380 2141 καὶ
394 2113 424 2139 τὸ
442 2112 556 2147 μέγεθος
576 2111 629 2137 τῶν
652 2111 680 2136 ἐν
695 2111 727 2146 τῇ
740 2109 826 2136 κτίσει

37 2163 182 2198 θαυμάτων
198 2161 423 2195 κατανοήσαντες,
432 2159 463 2184 ὲκ
478 2158 585 2184 πάντων
600 2156 701 2182 τούτων
717 2156 763 2181 καὶ
772 2154 826 2181 τῶν

37 2209 165 2237 τοιούτων
181 2207 248 2234 ἄλλα
266 2207 390 2241 νοήματα
405 2203 466 2239 napi.
489 2204 520 2229 τὸ
535 2203 611 2229 Θείον
633 2201 826 2237 λαμϐάνοντες,

40 2256 116 2287 ἰδίοις
126 2255 252 2289 ὀνόμασιν
262 2253 375 2279 ’ἑκαστον
388 2251 442 2277 τῶν
453 2249 633 2284 ὲγγινομένων
647 2249 712 2283 ἡμῖν
724 2255 771 2282 νοη
777 2247 828 2282 μά-

38 2311 94 2328 των
115 2299 327 2336 διερμηνεύομεν
344 2296 554 2325 ἀκολουθοῦντες
574 2295 606 2329 τῇ
627 2293 763 2328 συμὸουλῇ
779 2292 829 2327 τῆς

39 2347 149 2382 Σοφίας,
160 2347 177 2381 ἦ
193 2354 284 2381 φησιν,
299 2347 331 2371 ἐκ
350 2343 481 2379 μεγέθους
505 2342 552 2368 καὶ
567 2340 699 2374 καλλονῆς
713 2339 830 2374 κτισμά-

39 2401 95 2421 των
109 2391 245 2425 ἀναλόγως
252 2391 306 2416 δεῖν
321 2388 375 2416 τῶν
389 2388 498 2415 πάντων
512 2385 701 2421 γενεσιουργδν
720 2384 831 2419 θεωρεί-

43 2438 114 2464 σθαι.
129 2435 298 2472 Δημιουργδν
316 2435 365 2470 μὲν
378 2433 423 2460 τὸν
439 2432 553 2467 ποιητὴν
562 2431 616 2457 τῶν
626 2430 730 2466 θνητῶν
747 2438 832 2464 προσ-

42 2483 218 2518 αγορεύομεν,
232 2479 343 2508 δυνατὸν
354 2479 381 2506 δὲ
393 2479 438 2506 τδν
451 2478 498 2513 τῆς
518 2476 650 2511 τοσαύτης
668 2475 832 2511 περικρατή-

44 2537 126 2556 σαντα
139 2528 263 2558 κτίσεως,
272 2523 294 2560 ᾧ
303 2525 450 2560 ἐξήρκεσεν
488 2523 601 2558 δύναμις
611 2521 704 2548 οὐσίαν
720 2520 831 2555 ποιῆσαι

43 2575 91 2610 τὴν
100 2573 274 2609 βούλησιν.’1“ό
282 2580 310 2598 τε
319 2572 366 2606 τῆς
374 2570 446 2605 ζωῆς
455 2570 471 2604 ὴ
475 2569 532 2605 μῶν
539 2567 637 2602 ἀγαθὸν
646 2567 831 2602 ἐννοήσαντες,

866 1574 920 1602 que
951 1572 1046 1593 eorum
1077 1565 1219 1591 nominum
1254 1562 1418 1598 signillcatio
1457 1561 1658 1596 separationem

865 1619 960 1640 eorum
978 1619 1039 1646 qua:
1050 1610 1129 1637 nobis
1144 1613 1270 1644 prompta
1285 1607 1394 1635 suntrad
1410 1607 1594 1642 cognitionem
1611 1606 1663 1633 do-

864 1660 936 1688 ceat,
955 1663 1010 1682 non
1028 1662 1092 1682 vero
1108 1655 1253 1689 ipsammet
1277 1657 1404 1680 naturam
1416 1659 1476 1687 qua:
1491 1659 1506 1678 a
1522 1658 1577 1678 non
1592 1658 1659 1677 COD-

865 1699 1038 1729 venientibus
1066 1702 1171 1726 secreta
1193 1701 1248 1729 est,
1277 1697 1480 1731 iulerpretetur.
1502 1694 1570 1721 Nam
1597 1701 1662 1722 cum

869 1745 1005 1780 ejusmodi
1024 1744 1164 1771 nominum
1195 1741 1361 1777 signiﬁcatio
1387 1741 1454 1776 quid
1470 1740 1541 1768 Deus
1557 1747 1610 1767 non
1623 1739 1660 1766 sit

869 1795 1068 1827 praemonstret,
1086 1789 1151 1824 quid
1183 1787 1249 1815 illud
1275 1790 1318 1814 est
1346 1786 1496 1814 secundum
1524 1790 1659 1815 naturam.

870 1838 943 1873 quod
959 1838 1016 1864 haec
1033 1843 1087 1863 non
1115 1839 1168 1867 est,
1185 1834 1212 1860 in
1227 1833 1346 1859 obscuro
1360 1836 1470 1864 manet;
1483 1831 1530 1858 sed
1553 1831 1660 1864 reliqua

870 1883 980 1910 nomina
998 1888 1114 1916 quorum
1142 1877 1305 1913 signiﬁcatio
1319 1877 1436 1910 alicujus
1468 1875 1612 1910 positionis
1633 1878 1662 1901 et

869 1927 1036 1956 exsistentiae
1049 1925 1128 1953 inde:
1147 1927 1201 1956 est,
1221 1930 1275 1950 non
1291 1921 1415 1957 ejusdem
1432 1920 1531 1948 divinae
1544 1924 1659 1950 naturae,

871 1973 919 2001 sed
942 1979 1036 2000 eorum
1056 1977 1117 2006 quae
1137 1970 1164 1996 in
1184 1969 1243 2003 ipsa
1258 1968 1302 2002 pie
1321 1969 1472 1994 cernuntur
1488 1966 1659 1993 demonstra-

876 2019 979 2046 tionem
996 2016 1108 2044 habent.
1137 2013 1295 2049 Cogitantes
1308 2012 1380 2039 enim
1396 2011 1468 2046 quod
1484 2007 1659 2038 niliil‘eorum
1704 2007 1710 2016 ‘

877 2066 937 2094 qua:
958 2061 1034 2090 sunt,
1047 2061 1150 2089 etquae
1171 2059 1304 2091 apparent
1330 2058 1357 2081 et
1382 2053 1579 2088 intelliguntur,
1606 2051 1659 2080 for-

878 2106 975 2132 tuitam
994 2107 1021 2131 et
1044 2101 1218 2130 temerariam
1233 2099 1380 2135 quamdam
1404 2099 1485 2126 habet
1506 2099 1660 2125 subsisten-

878 2153 956 2182 tiam,
974 2150 1022 2179 sed
1035 2148 1169 2185 quidquid
1185 2147 1213 2174 in
1228 2154 1320 2174 rerum
1341 2149 1437 2172 natura
1450 2144 1662 2180 comprehendi-

880 2202 924 2224 tur
944 2205 976 2223 ει
1005 2193 1227 2230 supereminente
1249 2191 1373 2219 omnium
1396 2198 1456 2225 quae
1483 2194 1548 2217 sum
1569 2193 1667 2216 natura

879 2242 1024 2278 dependet,
1042 2244 1069 2267 et
1082 2239 1161 2272 illinc
1181 2237 1349 2266 exsistentiae
1369 2243 1481 2264 causam
1498 2236 1589 2268 habet,
1607 2235 1668 2270 pul-

880 2287 1121 2320 chritudinemque
1131 2289 1158 2312 et
1167 2281 1383 2318 magnitudinem
1399 2281 1595 2308 miraculorum
1607 2288 1668 2316 qua

881 2337 946 2361 sunt
964 2334 990 2360 in
1011 2335 1138 2358 creatura
1153 2328 1414 2360 animadvertentes,
1435 2335 1468 2355 ex
1490 2327 1618 2355 omnibus
1640 2331 1668 2354 et

882 2379 982 2406 talibus
1003 2377 1071 2404 alias
1095 2375 1223 2403 notiones
1250 2374 1278 2401 in
1306 2374 1364 2401 Deo
1392 2373 1486 2401 animo
1515 2373 1666 2408 capientes,

881 2423 1002 2459 propriis
1022 2421 1180 2450 nominibus
1199 2420 1336 2452 notiones,
1362 2426 1423 2454 quae
1450 2418 1480 2446 in
1506 2418 1586 2446 nobis
1602 2425 1670 2444 eon-

882 2470 1033 2505 cipiuntur,
1046 2467 1169 2502 singulas
1192 2466 1425 2500 interpretamur;
1444 2464 1590 2499 Sapientia:
1603 2469 1668 2489 con-

883 2517 975 2544 silium
1005 2518 1161 2549 sequentes,
1188 2519 1250 2547 quaa
1276 2510 1342 2538 dicit
1371 2518 1405 2538 ex
1428 2508 1616 2545 magnitudine
1642 2510 1669 2534 et

884 2563 976 2599 specie
993 2568 1085 2589 rerum
1108 2563 1279 2590 creaturum,
1299 2557 1477 2592 proportione
1500 2554 1594 2582 habita
1614 2559 1670 2579 om-

44 2602 118 2647 nium
134 2602 287 2654 genitorem
308 2602 435 2652 oportere
462 2602 639 2649 contemplari
656 2613 689 2641 9‘.
704 2612 833 2647 Opiﬁcem
857 2611 966 2647 quidem
994 2608 1126 2636 factorem
1150 2605 1305 2632 martalium
1334 2602 1516 2638 appellamus;
1532 2603 1670 2651 potentem

45 2645 149 2693 autem"
163 2672 227 2691 eum
254 2665 300 2699 qui
327 2645 439 2691 Itantam
471 2645 625 2689 creaturam
648 2667 698 2687 suo
725 2645 848 2687 dominio
866 2645 1018 2688 continet,
1053 2652 1097 2682 cui
1121 2653 1188 2682 satis
1213 2651 1264 2680 l‘uit
1289 2649 1426 2685 potentia,
1459 2651 1497 2674 uti
1520 2645 1684 2674 essentiam.

80 2748 101 2764 "
120 2747 185 2780 Sap.
204 2754 263 2779 xm,
282 2747 309 2774 5.
