1951 3074
230 125 297 154 H07

229 194 329 221 laceret
355 193 532 221 voluntatem.
551 192 640 227 Atque
655 193 735 220 etiam
761 201 822 221 nuc
844 199 946 222 nostrae
964 195 1012 222 bo—

229 246 293 264 num
305 241 395 265 mente
404 237 591 272 contemplati,
603 243 805 273 consequenter
817 239 899 274 hujus
915 240 1011 266 (lucem

229 287 256 309 et
273 286 414 310 auctorem
434 282 496 310 boni
512 283 694 317 appellatione
710 284 895 312 nominamus.
911 284 1012 312 Judicii

228 336 339 362 quoque
359 327 445 355 futuri
469 328 542 363 quod
559 330 747 364 incorruptum
763 335 806 358 est
826 337 852 358 et
866 331 1011 364 integrum,

229 380 244 399 a
260 372 353 400 divina
368 372 512 408 Scriptura
533 374 651 402 instituti
665 396 672 407 ,
691 376 811 410 judicem
830 377 918 412 ipsum
934 381 961 404 ct
972 377 1014 411 ju-

228 421 301 445 stum
319 426 367 453 per
380 418 437 445 haec
454 420 564 447 nomina
582 428 723 449 vocamus.
737 423 825 457 Atque
841 427 870 449 ut
887 418 914 449 in
927 430 1012 457 pauca

227 464 397 496 contrahant,
410 472 506 493 omnes
521 474 583 501 quae
597 467 631 494 de
645 467 739 495 divina
755 473 852 496 natura
865 468 892 495 in
909 468 1012 496 nostris

228 509 329 537 animis
341 510 537 545 ingenerantur
550 513 687 544 notiones,
701 513 727 540 in
740 514 880 541 nominum
896 513 1012 540 formam

228 561 398 589 revocamus,
426 557 462 584 ita
480 563 509 584 ut
527 559 632 585 nullum
648 559 811 586 vocabulum
829 559 933 594 absque
951 567 1013 594 pro-

228 599 286 632 pria
307 605 335 635 et
361 601 492 635 peculiari
519 603 610 638 aliqua
633 603 730 630 notitia
749 603 777 630 in
801 604 893 631 divina
914 608 1013 630 natura

227 643 344 673 dicatur.
357 644 431 679 Quin
442 647 524 674 etiam
538 648 608 675 hanc
624 656 717 676 vocem
729 648 794 680 Θεὸς
804 656 836 676 ex
849 649 1013 683 inspectrice

227 690 387 722 operatione
399 691 458 719 sive
468 692 676 727 contemplandi
692 700 753 721 actu
776 693 925 721 invaluisse
936 701 1012 721 com-

227 734 431 768 prehendimus.
440 736 571 765 Omnibus
579 738 650 765 enim
659 738 687 764 τὸ
697 738 773 766 Θεῖον
784 738 890 774 (Deum)
905 739 1010 772 adesse,

227 779 320 805 omnia
335 780 435 811 videre,
454 781 546 808 omnia
559 785 703 816 penetrare
717 783 851 817 persuasi,
868 783 947 810 talem
965 791 1012 811 co-

228 823 387 858 gitationem
419 827 471 853 hoc
493 827 605 854 nomine
635 827 833 862 signilicamus,
855 828 889 855 ad
919 828 972 856 hoc
996 837 1010 855 a

228 875 322 897 sancta
341 879 406 898 voce
430 871 557 905 deducti;
574 873 620 907 qui
643 873 714 900 enim
738 873 823 900 dixit:
840 872 909 900 Deus
923 879 1007 903 meus,

227 914 332 942 intende
357 917 421 942 mihi
432 917 467 948 ",
478 920 514 947 et,
525 917 596 944 Vidit
612 917 682 944 Deus
693 919 727 950 ",
745 922 782 950 et,
796 917 864 945 Deus
880 918 1011 952 cognoscit

226 960 315 988 cordis
333 961 424 988 abdita
448 963 481 995 ",
506 963 652 991 manifeste
678 964 742 991 huic
768 964 828 991 voci
859 963 1011 998 impositam

228 1007 392 1034 sententiam
426 1009 633 1043 interpretatur,
668 1010 740 1044 quod
764 1010 829 1042 Θεὸς
856 1010 1012 1036 nominatur

228 1051 283 1079 ἀπὸ
302 1052 348 1078 τοῦ
367 1052 490 1085 Θεᾶσοαι,
516 1063 533 1080 α
554 1054 664 1081 videndo
681 1055 740 1082 sive
752 1054 923 1089 speculando.
940 1054 1012 1082 Nihil

228 1102 318 1124 autem
339 1098 428 1125 dill'ert
449 1099 540 1127 dicere
554 1100 674 1133 intende,
685 1104 711 1128 ct
724 1100 800 1132 vide,
817 1106 844 1128 et
860 1101 1010 1136 speculare.

230 1140 364 1174 Quoniam
381 1142 464 1177 igitur
489 1144 561 1178 quod
577 1145 728 1179 spectabile
749 1145 802 1179 qui.
813 1149 917 1180 spectat
930 1146 1012 1179 videt,

227 1186 293 1218 Θεός
310 1189 406 1214 merito
419 1188 480 1223 ejus
495 1189 569 1224 quod
584 1189 702 1222 videtur,
721 1191 768 1225 qui
783 1195 889 1225 spectat
902 1190 1011 1218 dicitur.

227 1231 317 1266 Quare
336 1241 383 1268 per
405 1235 457 1262 hoc
486 1235 568 1262 ctiam
592 1236 785 1270 particularem
803 1236 950 1271 quamdam
972 1235 1014 1263 di-

227 1279 298 1306 vince
324 1284 428 1308 naturae
449 1281 637 1316 operationem
657 1281 757 1313 edocti,
783 1282 909 1310 essentia:
926 1282 1014 1317 ipsius

227 1333 275 1360 per
300 1325 370 1353 hanc
394 1334 487 1354 vocem
514 1327 697 1362 intelligentes
730 1334 787 1354 non
814 1327 879 1354 facti
908 1335 1012 1359 sumus,

228 1379 282 1399 non
304 1378 394 1399 tamen
413 1373 543 1407 quoniam
567 1374 690 1401 nominis
707 1374 886 1409 congruentis
900 1374 1013 1408 pcnuria

228 1417 396 1450 laboramus,
413 1418 497 1445 Deum
512 1419 615 1446 idcirco
629 1419 723 1454 gloria:
738 1419 895 1447 detrimenti
910 1419 1013 1454 aliquid

228 1473 340 1500 passum
365 1473 427 1493 esse
446 1474 498 1494 nos
520 1466 712 1493 existimamus
729 1475 736 1492 :
755 1464 915 1500 impotentia
941 1464 1013 1491 enim

229 1512 427 1539 cnuntiationis
455 1518 549 1539 eorum
578 1519 639 1547 qua:
653 1511 790 1539 enuntiari
804 1514 953 1546 nequeunt,
968 1517 1014 1536 ac-

229 1564 331 1584 cusans
354 1557 433 1585 nobis
454 1561 553 1584 natura
571 1557 692 1584 innatam
708 1557 861 1592 penuriam,
881 1555 1012 1590 majorem

228 1602 322 1638 gloria:
352 1602 399 1630 Dei
427 1603 689 1630 demonstrationem
716 1603 807 1634 habet,
830 1602 931 1629 docens
952 1609 1012 1632 nos,

229 1648 301 1675 sicut
315 1649 403 1683 inquit
417 1649 575 1683 Apostolus,
597 1649 669 1683 quod
685 1649 772 1676 solum
792 1652 834 1675 cst
848 1647 896 1674 Dei
913 1654 1012 1674 nomen

229 1702 394 1728 congruens,
423 1694 513 1729 ipsum
541 1695 655 1722 credere
673 1702 733 1722 esse
763 1694 835 1729 quod
861 1697 904 1721 est
929 1700 1012 1727 supra

228 1747 309 1767 omne
346 1748 443 1768 nomen
479 1741 513 1768 ".
529 1740 607 1774 Quod
622 1741 694 1768 enim
718 1741 776 1775 ipse
809 1747 931 1767 omnem.
964 1737 1138 1773 cogitationis
1181 1742 1282 1762 motum

843 125 870 152 s.
891 108 1052 153 cncconu
1073 125 1218 152 NYSSESI

1781 119 1849 147 tuis

1031 189 1048 216 Λ
1065 184 1218 215 ἀκολούθως
1239 183 1283 210 τὶν
1300 181 1398 216 ταύτης
1414 180 1649 215 καθηγησάμενον,
1664 179 1697 213 τῇ
1711 178 1758 204 τοῦ
1779 179 1850 211 ἀγει-

1064 229 1110 255 Θοῦ
1132 229 1299 265 προσηγορία
1323 226 1551 262 κατονομάζομεν.
1577 225 1632 259 Τῆς
1646 233 1676 250 τε
1699 224 1851 259 uano-371;;

1064 275 1178 310 κρίσεως
1198 275 1228 302 τὸ
1241 275 1387 302 ἀδέκαστον
1410 273 1483 307 παρὰ
1504 271 1554 306 τῆς
1569 271 1642 302 θείας
1657 269 1852 300 παιδευθέντες

1062 321 1183 356 Γραφῆς,
1200 321 1294 356 κριτὴν
1308 319 1388 346 αὐτὸν
1406 318 1453 345 καὶ
1467 317 1570 344 δίκαιον
1585 316 1628 343 διὰ
1647 315 1752 342 τούτων
1765 323 1850 348 1:993-

1063 365 1239 400 αγορεύοιιεν.
1263 365 1316 392 Καὶ
1343 364 1431 391 πάντα
1456 362 1589 389 συνελόντι
1613 362 1715 396 φάναι,
1736 361 1770 386 τὰ
1788 360 1852 394 περὶ

1061 411 1112 445 τῆς
1130 411 1204 443 θείας
1236 411 1341 444 φύσεως
1366 409 1528 444 ὲγγινόμενα
1551 409 1616 443 ἡμῖν
1641 408 1785 441 νοήματα,
1813 406 1852 436 εἰς

1062 457 1199 491 ὀνομάτων
1210 456 1294 483 τύπον
1308 454 1560 491 μεταλαμϐάνομεν,
1577 454 1614 484 ὡς
1630 452 1768 486 μηδεμίαν
1787 450 1851 485 χλῆ-

1063 509 1104 527 σιν
1117 501 1177 536 δίχα
1196 501 1266 533 τινὸς
1288 500 1439 534 ίδιαζοὺσης
1455 499 1558 530 ἑννοίας
1580 499 1625 525 ἐπὶ
1639 499 1688 532 τῆς
1705 497 1783 527 θείας

1062 546 1156 580 γεαθαι
1175 547 1290 581 φύσεως.
1318 546 1398 573 Ἀλλὰ
1412 545 1459 571 καὶ
1473 544 1523 580 τὴν
1544 545 1615 578 Θεὸς
1632 544 1736 578 φωνὴν.
1756 542 1789 567 ἐκ
1804 542 1853 575 τῆς

1063 593 1213 627 ἐποπικῆς
1235 592 1374 627 ἐνεργείας
1404 590 1602 627 κεκρατηκέναι
1630 588 1850 622 κατελαὸὀμεθα.

1063 638 1132 664 llam
1145 637 1199 672 γὰρ
1214 638 1339 672 παρεῖναι
1355 636 1384 662 τδ
1397 635 1484 666 Θεῖον,
1501 635 1547 662 καὶ
1561 634 1649 661 πάντα
1665 633 1790 664 θεᾶσθαι,
1805 632 1851 657 καὶ

1061 682 1106 709 διὰ
1123 682 1231 708 πάντων
1250 682 1327 716 ἥκειν
1346 680 1569 712 πεπιστευκότες,
1584 679 1632 714 τὴν
1648 678 1779 712 τοιαύτην
1793 677 1851 703 διὰ·

1062 735 1135 753 νοιαν
1151 726 1189 762 τῷ
1213 726 1324 761 ὀνόματι
1336 725 1421 760 τούτῳ
1438 725 1659 760 διασημαίνομεν,
1684 722 1753 758 πρὸς
1773 721 1852 747 τοῦτο

1063 772 1137 808 πᾱρὰ
1157 772 1204 806 τῆς
1222 772 1302 806 ἁγίας
1316 771 1493 806 ὁδηγηθέντες
1514 771 1616 805 φωνῆς.
1635 769 1665 795 Ὀ
1681 768 1734 803 γὰρ
1756 767 1850 796 εἰπὼν.

1062 818 1101 844 ὅτι
1127 818 1158 844 '0
1176 818 1247 849 Θεός
1265 817 1474 851 μου,πρόσχες
1495 824 1558 851 μοι,
1572 816 1631 847 καὶ,
1644 815 1707 840 Ἴδε
1725 815 1741 839 o'
1764 811 1851 844 Θεὸς,

1026 858 1047 884 Π
1062 863 1108 889 καὶ
1123 863 1162 892 τὸ,
1173 863 1199 888 ’0
1219 862 1292 894 Θεὸς
1307 861 1443 896 γινώσκει
1462 861 1497 887 τὰ
1515 860 1624 894 κρύμια
1643 857 1699 892 τῆς
1715 857 1851 890 καρδίας,

1063 907 1156 941 σαφῶς
1178 907 1227 940 τὴν
1245 906 1405 941 ἐγκειμένην
1415 907 1448 940 τῇ
1472 906 1547 940 φωνῇ
1567 904 1652 939 ταύτῃ
1670 903 1792 929 διάνοιαν
1808 903 1852 937 ἑρ-

1064 951 1191 987 μηνεύει,
1229 952 1270 978 ὅτι
1296 952 1326 978 ἐκ
1351 951 1396 977 τοῦ
1428 949 1557 981 θεᾶσθαι,
1581 949 1645 980 Θεὸς
1675 947 1850 982 ὀνομάζεται.

1063 998 1190 1033 Διαφέρει
1213 997 1266 1032 γὰρ
1286 997 1370 1028 οὐδὲν,
1398 996 1514 1032 πρόσχες
1536 996 1632 1025 εἰπεῖν,
1659 994 1706 1020 καὶ
1728 992 1786 1020 ἴδε.
1808 993 1853 1018 καὶ

1064 1042 1168 1069 θέασαι.
1179 1043 1253 1069 Ἐπεὶ
1267 1040 1312 1068 οὖν
1330 1042 1376 1069 καὶ
1388 1041 1481 1068 θεατὸν
1492 1041 1506 1067 ὁ
1519 1040 1652 1075 θεώμενος
1667 1039 1772 1074 βλέπει,
1788 1038 1853 1069 Θεῖις

1063 1089 1176 1120 εἰκότως
1190 1088 1235 1114 τοῦ
1249 1087 1385 1122 δρωμένου
1400 1087 1414 1112 ὀ
1427 1085 1560 1121 θεώμενος
1573 1085 1692 1119 λέγεται.
1710 1084 1795 1110 Ὠπε
1809 1083 1853 1109 καὶ

1063 1134 1106 1161 διὰ
1118 1134 1212 1160 τούτου
1228 1133 1341 1168 μερικὴν
1356 1140 1417 1158 τινα
1430 1131 1479 1166 τῆς
1494 1130 1568 1162 θείας
1591 1129 1697 1164 causam;
1711 1129 1853 1162 ἐνέργειαν

1063 1179 1247 1214 διδαχθέντες,
1268 1177 1317 1212 τῆς
1337 1177 1430 1208 οὐσίας
1450 1176 1535 1210 αὐτῆς
1553 1177 1580 1202 ἐν
1603 1174 1728 1209 περινοίᾳ
1743 1173 1789 1199 δεᾶι
1805 1173 1854 1205 τῆς

1064 1226 1154 1262 φωνῆς
1168 1226 1268 1259 ταύτης
1280 1225 1329 1251 οὐκ
1339 1223 1502 1258 ἐγενόμεθα,
1521 1222 1551 1248 οὔ
1569 1221 1622 1256 μὴν
1643 1220 1740 1253 ἐπειδὴ
1753 1219 1852 1252 exiga-

1063 1282 1109 1304 τος
1132 1271 1286 1308 προσφυοῦς
1308 1269 1473 1305 ἀποροῦμεν,
1500 1266 1665 1303 ζημιοῦσθαί
1682 1274 1709 1292 τι
1731 1266 1762 1292 τὸ
1778 1265 1854 1290 Θεῖον

1064 1319 1104 1349 εὶς
1116 1317 1194 1351 δόξαν
1212 1316 1448 1350 ὑπολαμϐάνομεν.
1477 1315 1509 1341 Ἠ
1521 1314 1574 1349 γὰρ
1586 1311 1722 1346 ἀδυναμία
1737 1312 1788 1345 τῆς
1802 1310 1854 1335 τῶν

1065 1363 1262 1398 ἁνεχφωνήτων
1278 1360 1479 1396 ἐξαγορεύσεως
1500 1358 1690 1393 κατηγοροῦσα
1710 1358 1760 1391 τῆς
1785 1355 1853 1382 κατὰ

1064 1411 1113 1444 τὴν
1121 1409 1201 1444 φύσιν
1213 1407 1291 1444 ἡμῶν
1304 1406 1448 1442 πτωχείας,
1463 1405 1572 1441 μείζονα
1583 1405 1631 1438 τῆς
1641 1404 1688 1430 τοῦ
1700 1403 1769 1428 Θεοῦ
1778 1401 1854 1436 δόξης

1064 1456 1114 1490 τὴν
1129 1454 1263 1486 ἀπόδειξιν
1280 1454 1346 1488 ἔχει,
1361 1452 1522 1479 διδάσκουσα
1536 1451 1621 1485 ἡμᾶς,
1634 1449 1726 1480 καθώς
1748 1457 1830 1482 φησιν
1843 1451 1856 1472 ο

1072 1501 1242 1532 Ἀπόστολος,
1258 1501 1298 1527 ὅτι
1317 1499 1395 1533 μόνον
1411 1498 1468 1524 ἔστὶ
1484 1497 1550 1523 Θεοῦ
1566 1495 1702 1531 προσφυὲς
1723 1494 1808 1528 δνομα
1827 1493 1853 1518 τὶ

1028 1535 1049 1563 C
1067 1548 1136 1582 ὑπὲρ
1150 1547 1202 1572 πᾶν
1217 1546 1296 1572 αὐτὴν
1311 1543 1378 1570 εἶναι
1393 1543 1527 1570 πιστῖύειν
1542 1542 1636 1577 ὄνομα.
1653 1541 1690 1566 Τὸ
1703 1540 1758 1576 γὰρ
1775 1539 1851 1572 ὑπερ-

1067 1593 1168 1619 ϐαίνειν
1182 1593 1260 1618 αὐτὸν
1271 1593 1359 1618 πᾶσαν
1367 1590 1482 1621 δ.ανοία;
1491 1588 1606 1623 κίνησιν,
1616 1587 1662 1613 καὶ
1673 1586 1806 1620 ἐξώτερον
1814 1584 1851 1609 εὑ-

1067 1638 1142 1673 ρίσκε
1148 1638 1207 1664 σθαι
1215 1637 1262 1672 τῆς
1271 1635 1451 1671 ὀνομαστικῆς
1459 1634 1637 1669 περιλήψεως,
1646 1631 1796 1666 τεκμήριον
1810 1629 1853 1663 τῆς

1062 1684 1200 1718 ἁψράστου
1223 1682 1430 1718 μεγαλειότητος
1440 1682 1495 1712 τοῖς
1506 1678 1660 1714 ἀνθρώποις
1683 1677 1853 1704 καθίσταται.

1335 1737 1454 1768 superet,
1501 1736 1632 1766 extraque
1685 1729 1852 1757 nominalem

228 1786 498 1820 comprehensionem
526 1785 690 1817 inveniatur,
703 1784 887 1812 certissimum
905 1786 1091 1818 argumentum
1108 1780 1307 1815 inexplicabilis
1323 1779 1474 1813 majestatis
1491 1777 1649 1804 hominibus
1664 1775 1852 1803 constituitur.

263 1832 328 1859 ~lla~c
351 1831 461 1866 quidem
487 1832 521 1859 de
544 1831 702 1859 nominibus
726 1839 786 1866 quae
807 1831 841 1859 de
863 1831 918 1859 Deo
943 1837 1012 1865 qua-

228 1883 338 1910 cunque
365 1876 451 1904 l'orma
478 1877 654 1912 proferuntur
679 1878 882 1913 cognoscimus.
897 1884 1013 1912 quorum

230 1921 432 1956 expositionem
457 1922 552 1949 rudem
578 1926 605 1949 et
628 1922 780 1956 simplicem
807 1921 1015 1957 benignioribus

230 1966 404 1994 auditoribus
426 1968 615 2002 apposuimus,
629 1966 725 1994 contra
748 1966 872 1995 imbelles
889 1967 1015 1994 Eunomii

229 2012 375 2042 adversum
398 2013 455 2040 haec
475 2020 593 2048 pugnas,
606 2017 686 2046 turpe
713 2013 796 2040 simul
811 2017 839 2040 et
853 2012 1013 2040 indecorum

230 2057 310 2085 nobis
326 2058 394 2092 ipsis
409 2058 564 2093 judicantes
585 2059 708 2086 animose
731 2064 758 2086 et
772 2058 863 2086 valide
875 2058 1013 2087 resistere.

230 2102 300 2135 Quid
327 2103 400 2130 enim
416 2104 478 2138 quis
500 2103 604 2130 diceret
625 2103 662 2136 ei,
683 2103 731 2139 qui
755 2104 794 2130 ait
819 2109 870 2131 nos
897 2102 1014 2130 formam

230 2149 373 2175 nominum
398 2149 500 2183 ﬁngere
520 2149 652 2183 majorem
675 2153 702 2176 et
725 2149 904 2184 potentiorem
922 2155 1014 2176 rerum

229 2201 292 2228 quae
311 2194 489 2220 nominantur
505 2193 647 2229 dignitate,
672 2194 830 2221 nominibus
851 2198 948 2220 contra
971 2201 1015 2220 res

1101 1829 1168 1863 Περὶ
1184 1828 1232 1863 μὲν
1251 1827 1283 1862 δὴ
1296 1827 1350 1853 τῶν
1373 1825 1511 1861 ὀνομάτων
1525 1825 1579 1851 τῶν
1593 1825 1640 1851 ἐπὶ
1655 1823 1725 1850 Θεοῦ
1752 1823 1812 1849 καθ’
1826 1822 1854 1848 ἰν

1065 1875 1162 1910 δήποτε
1186 1873 1270 1900 τύπον
1292 1872 1505 1907 ἐκφωνουμένων
1522 1870 1607 1898 ταῦτα
1620 1869 1804 1903 γινώσκομεν,
1821 1864 1855 1893 ὧν

1066 1920 1115 1955 τὴν
1131 1919 1239 1946 ἔκθεσιν
1256 1917 1444 1944 ἀκατάσκευόν
1464 1924 1493 1942 τε
1511 1915 1558 1942 καὶ
1574 1914 1662 1949 ἁπλῆν
1677 1915 1736 1945 τοῖς
1759 1913 1854 1946 εὖγνω-

1069 1964 1240 2001 μονεοτέροις
1262 1963 1316 1990 τῶν
1342 1961 1486 1998 ἀκροατῶν
1512 1959 1700 1996 παρεθέμεθα,
1728 1959 1796 1993 πρὸς
1810 1958 1854 1988 τὰς

1067 2012 1178 2043 ἀτόνους
1197 2010 1243 2037 τοῦ
1267 2009 1401 2044 Εὐνομίου
1428 2008 1609 2044 περὶτούτων
1634 2006 1725 2041 μάχας
1747 2004 1856 2039 uirgis;

1067 2057 1125 2092 ἆμα
1152 2056 1199 2082 καὶ
1222 2055 1344 2091 ἀπρεπὲς
1369 2055 1433 2089 ἡμῖν
1460 2053 1550 2084 αὐτοῖς
1574 2051 1717 2087 κρίναντες
1733 2049 1877 2083 ἐκθύμως,

1068 2101 1319 2130 ἀντικαθίστασθαι.
1335 2101 1367 2127 Τί
1380 2100 1434 2134 γὰρ
1447 2100 1479 2126 ἄν
1495 2108 1536 2131 τις
1549 2099 1621 2125 εἴποι
1638 2098 1677 2133 τῷ
1691 2098 1798 2130 λέγοντι
1813 2095 1855 2121 τύ.

1067 2158 1117 2176 πον
1139 2149 1193 2175 τῶν
1213 2147 1351 2182 ὀνομάτων
1374 2145 1538 2180 κυριώτερον
1558 2145 1633 2179 ἡμᾶς
1648 2142 1785 2169 ποιεῖσθαι
1811 2141 1855 2174 τῆς

1068 2195 1122 2222 τῶν
1135 2193 1340 2229 ὀνομαζομένων
1355 2192 1444 2225 ἀξίας,
1459 2192 1514 2222 τοῖς
1527 2190 1641 2225 ὀνόμασι
1655 2189 1705 2224 τὴν
1719 2188 1790 2214 κατὰ
1806 2187 1855 2212 τῶν

233 2239 368 2267 donantes
397 2240 614 2274 pmrogativam,
643 2243 670 2267 et
688 2239 866 2274 inzequalibus
883 2238 1012 2274 aequalem

1069 2240 1236 2277 πραγμάτων
1250 2238 1436 2274 δωρουμένους
1452 2236 1612 2272 προνομίαν,
1626 2235 1673 2261 καὶ
1685 2236 1742 2264 τοῖς
1757 2233 1856 2263 ἀνίτοίς

231 2285 361 2312 honcrem
380 2285 549 2313 tribuentes?
561 2284 623 2312 Hazc
635 2286 675 2313 sic
686 2285 760 2312 illius
770 2293 837 2312 voce
849 2285 923 2312 dicta
939 2289 1014 2311 sunt.

232 2331 340 2358 Iudice:
361 2335 452 2358 autem
473 2332 519 2366 qui
540 2331 665 2366 judicare
688 2331 861 2359 considerate
877 2333 977 2365 potest,
992 2329 1015 2358 si

233 2376 298 2410 quid
328 2382 514 2412 opportunum
543 2382 638 2404 contra
667 2385 718 2404 nos
741 2377 820 2403 habet
842 2376 1017 2403 vehementer

231 2422 357 2449 instituta
368 2427 463 2451 contra
474 2430 525 2450 nos
535 2423 711 2458 sycophanta:
722 2421 872 2454 accusatio,
886 2420 922 2448 ob
933 2428 1015 2456 quam

233 2468 314 2496 etiam
337 2468 481 2497 defendere
498 2469 610 2504 dignum
626 2469 672 2501 sit,
687 2469 759 2502 quod
776 2467 932 2494 nominibus
949 2473 1015 2493 con-

231 2519 273 2542 tra
284 2522 328 2542 res
342 2515 414 2550 ipsas
426 2515 595 2550 privilegium
608 2515 791 2549 indulgemus,
813 2513 941 2541 omnibus
954 2519 1015 2539 cum

231 2560 269 2587 sit
291 2561 477 2595 perspicuum,
499 2560 573 2596 quod
595 2560 698 2587 nullum
723 2567 821 2587 nomen
840 2559 1016 2589 essentialem

232 2612 281 2640 per
310 2612 342 2632 se
371 2605 577 2633 subsistentiam
608 2605 698 2636 habet,
728 2605 776 2632 sed
807 2612 888 2632 omne
917 2612 1014 2631 nomen

232 2650 370 2684 quoddam
389 2655 432 2678 est
447 2650 565 2685 alicujus
583 2651 709 2678 essentia:
730 2654 757 2677 ct
782 2649 922 2677 sententia:
944 2648 1014 2675 indi-

234 2696 306 2724 cium
321 2700 347 2723 et
359 2696 478 2730 signum,
499 2695 572 2731 quod
590 2696 679 2731 ipsum
695 2703 742 2730 per
755 2703 784 2723 sc
796 2702 884 2730 neque
894 2694 1014 2725 exsistit,

234 2748 322 2776 neque
344 2743 513 2778 intelligitur.

1071 2285 1220 2321 ἰσοτιμίαν;
1234 2283 1325 2311 Ταῦτα
1353 2283 1439 2313 οὕτως
1460 2281 1566 2317 εἴρηται
1584 2280 1659 2315 παρὰ
1680 2279 1730 2313 τῆς
1756 2279 1857 2305 ἐκεῖνον

1071 2331 1171 2366 φωνῆς.
1197 2329 1319 2363 Κρινέτω
1342 2329 1370 2355 δὲ
1394 2329 1408 2354 ὁ
1429 2328 1530 2362 κρίνειν
1546 2325 1771 2360 ὲπεσκεμμένος,
1789 2324 1814 2349 εἰ
1834 2332 1856 2348 τι

1071 2376 1174 2412 καίριον
1197 2376 1214 2410 ὴ
1231 2374 1333 2410 σφοδρὰ
1356 2374 1402 2400 τοῦ
1427 2373 1592 2407 συκοφάντου
1619 2371 1773 2406 κατηγορία
1801 2367 1857 2395 καθ’

1070 2422 1147 2456 ἡμῶν
1168 2421 1241 2456 ἔχει,
1262 2421 1305 2455 ἐφ’
1328 2417 1351 2454 ᾧ
1376 2420 1424 2446 καὶ
1449 2417 1670 2453 ἀπολογήσασθαι
1696 2416 1787 2448 ἄξιον,
1820 2415 1858 2441 δτι

1069 2466 1228 2503 δωρούμεθα
1244 2469 1300 2498 τοῖς
1313 2466 1425 2501 ὀνόμασι
1449 2465 1498 2499 τὴν
1515 2463 1583 2490 κατὰ
1607 2462 1661 2489 τῶν
1687 2461 1859 2496 πραγμάτων

1071 2512 1228 2548 προνομίαν,
1244 2512 1326 2537 πᾶσιν
1343 2511 1418 2542 liv-co;
1434 2510 1575 2545 προδήλου,
1590 2509 1630 2534 ὅτι
1642 2507 1719 2533 οὐδὲν
1733 2506 1790 2532 τῶν
1803 2505 1860 2530 ὀνο-

1072 2558 1164 2594 μάτων
1191 2557 1305 2592 οὖσιώδη
1336 2556 1395 2583 καθ’
1423 2555 1503 2582 ἑαυτὸ
1533 2555 1681 2580 ὑπόστασιν
1710 2552 1780 2587 ἔγει,
1797 2550 1860 2577 ἀλλὰ

1070 2602 1213 2638 γνώρισμὰ
1223 2611 1249 2628 τι
1266 2602 1314 2629 καὶ
1334 2603 1445 2637 σημεῖον
1470 2600 1564 2631 οὐςίας
1579 2598 1650 2629 τινὸς
1670 2597 1718 2623 καὶ
1743 2595 1861 2626 διανοίας

1068 2650 1169 2685 γίνεται
1185 2650 1238 2675 πᾶν
1252 2649 1336 2684 ὄνομα
1347 2668 1354 2679 ,
1375 2647 1440 2674 αὐτὸ
1459 2647 1500 2682 ἐφ’
1517 2644 1614 2673 ἑαυτοῦ
1633 2645 1704 2680 μήτε
1728 2641 1860 2676 ὑπάρχον,

1071 2697 1139 2731 μήτε
1158 2695 1310 2730 νοούμενον.

275 2829 295 2844 ⁹¹
310 2828 380 2856 l‘sal.
398 2837 451 2860 Liv,
467 2831 493 2857 3.
532 2830 630 2857 “Gen.
649 2835 708 2866 1,.ί,
721 2838 781 2864 sqq.
821 2828 843 2844 ³³
862 2829 936 2857 l‘sal.
951 2833 998 2859 Vn,
1021 2816 1060 2856 lt).
1100 2829 1121 2843 ”‘
1138 2827 1257 2864 l‘ltilipp.
1279 2825 1353 2859 ",9,
1369 2832 1428 2858 sqq.
