1900 3073
35 95 106 121 Non

590 89 730 117 CONTRA
753 87 945 120 EL‘NOMIUM,
963 89 1024 118 LIB.
1048 90 1100 118 ΧΠ.

1604 85 1668 112 lli!)

69 149 116 183 Τᾠ
131 149 158 174 δὲ
175 149 211 184 μὴ
226 148 388 183 ὑφεστηκὸτι
402 148 458 180 πῶς
469 148 524 175 ἔστι
541 149 632 184 νέμειν
645 149 693 181 τὰς
710 148 823 184 δωρεὰς.
841 148 858 177 Α

914 150 943 176 Ei
970 155 1059 177 autem
1082 150 1156 184 quod
1185 157 1239 176 nou
1265 156 1313 183 ιιι-ι·
1337 154 1366 175 sc
1389 146 1506 177 suhstat,
1532 145 1669 179 quomodo

26 195 185 221 διδασκέτω
210 195 271 226 τοὺς
301 194 423 230 μαθητὰς
439 195 487 230 τῆς
507 195 614 230 ἀπάτης
639 196 653 221 ὁ
678 194 824 230 προσφυῶς

29 241 188 277 κεχρῆσθαι
207 242 263 272 τοῖς
283 241 411 276 ὀνόμασιν
434 241 527 274 ἀξιῶν,
549 241 595 268 καὶ
612 242 667 273 τοῖς
694 241 825 276 ῥήμασιν.

28 287 146 314 Τούτων
157 287 186 314 δὲ
201 288 254 314 οὐδ’
269 287 301 314 ἂν
316 288 489 323 ἐπεμνήσθην
504 288 582 320 ὅλως,
595 288 618 314 εἰ
637 287 674 323 μὴ
690 287 723 313 δι’
739 286 825 313 αὐτῶν

30 334 92 360 ἔδει
114 335 164 369 τὴν
188 334 325 367 ἀπόδειξιν
343 334 392 369 τῆς
413 333 484 360 κατά
508 332 554 360 τὸν
581 333 691 360 νοῠν’τε
718 333 764 359 καὶ
780 331 829 367 τὴν

32 380 112 413 λέξιν
131 380 240 412 ἀτονίας
256 379 302 407 τοῦ
325 379 494 415 λογογράφου
518 378 693 415 ποιήσασθαι.
709 378 764 405 Καὶ
780 378 829 405 ὅσα

31 427 90 463 τῆς
106 427 285 454 θεοπνεύστου
310 426 419 461 Γραφῆς
441 425 621 461 ἀναρμόστως
638 425 684 452 καλ¹
702 424 732 450 οὐ
758 423 831 450 κατά

35 473 144 500 σκοπὸν
159 472 327 508 ὲττισύρεται,
343 471 472 507 διαφοράν
489 471 638 502 ἀθανασίας
663 469 786 504 ἀγγέλων
801 477 831 495 τε

34 520 88 546 καὶ
97 519 250 555 ἀνθρώπων
257 517 432 553 τεχνολογῶν,
441 514 552 543 οὐκοῐδα
564 516 631 552 πρὸς
640 516 654 542 ὅ
677 524 703 542 τι
714 514 831 550 βλέπων,

35 567 88 592 καὶ
101 565 128 592 τί
143 564 188 591 διὰ
198 564 293 590 τούτου
306 561 528 594 κατασκευάζων,
542 561 589 588 καὶ
599 560 684 587 ταῦτα
702 560 829 595 παρήσω.

35 611 78 637 To
93 611 148 646 γὰρ
162 609 294 636 ἀθάνατον
307 608 360 640 ἕως
373 607 504 633 ἀθάνατον
518 606 546 643 ᾖ,
561 607 591 632 τὴ
609 605 707 641 μᾶλλον
723 606 770 632 καὶ
782 602 833 640 ἦτ-

35 665 88 683 τον
107 654 290 690 συγκριτικῶς
306 654 335 680 οὺ
357 653 544 688 προσδέχεται.
560 653 590 679 Εἰ
604 652 658 688 γὰρ
682 651 834 686 ὑποστολήν

36 711 103 729 τινα
119 702 188 728 κατὰ
205 699 346 736 σύγκρισιν
367 699 398 725 τὸ
420 699 514 733 ἓτερον
537 698 590 724 τῶν
611 697 834 733 παρατιθεμένων

38 748 128 784 μέρος
143 748 171 773 ὲν
185 746 223 782 τῷ
237 747 285 781 τῆς
298 745 446 776 ἀθανασίας
461 744 516 779 ἔχοι
531 744 602 779 λόγῳ
615 752 622 758 -
640 744 746 777 ἀνάγκη
762 743 836 768 πᾶσα

40 795 113 829 μηδὲ
125 793 257 820 ἀθάνατον
266 792 296 819 τὸ
309 791 427 819 τοιοῦτον
438 789 681 825 κατονομάζεσθαι.
698 789 759 820 Πῶς
781 788 835 823 γὰρ

40 842 77 868 ἂν
108 840 148 867 ἐτι
168 840 270 875 κυρίως
297 839 402 873 λέγοιτο
425 837 568 868 ἀθάνατον,
592 834 622 863 οὗ
648 835 679 862 τὸ
705 834 800 870 θνητὸν
819 835 835 869 ἡ

37 889 88 916 διὰ
103 887 272 922 συγκρίσεως
287 885 499 921 ἀντιπαράθεσις
513 884 685 920 κατηγόρησε
700 892 707 916 ;
722 883 770 910 καὶ
787 882 836 917 τὴν

40 932 146 968 λεπτὴν
161 931 269 966 ἐκείνην
285 929 426 965 ἀκρίϐειαν
442 930 471 956 τὸ
487 929 524 965 μὴ
537 929 656 955 κελεύειν
675 928 836 962 ἀδιάφθορον

41 976 117 1005 εἶναι
134 977 180 1004 καὶ
201 977 286 1012 μέσην
306 976 355 1011 τὴν
379 976 427 1010 τῆς
448 975 600 1011 στερήσεως
625 974 747 1004 ἔννοιαν.
770 973 838 1000 ἀλλά

41 1024 91 1050 τὸν
111 1024 160 1059 μὲν
176 1022 230 1049 τῶν
247 1022 407 1058 κρειττόνων
423 1020 561 1056 χωρισμὸν
572 1041 578 1053 ,
597 1020 722 1055 στέρησιν
739 1019 837 1054 λέγειν,

41 1070 96 1105 τὴν
108 1070 136 1096 δὲ
147 1069 200 1096 τῶν
215 1069 342 1104 χειρόνων
365 1066 525 1099 ἀπόστασιν,
546 1065 583 1101 μὴ
606 1066 660 1092 δεῖν
671 1065 711 1100 τῷ
727 1065 839 1100 ὀνόματι

39 1117 135 1151 τούτῳ
149 1115 352 1151 διασημαίνειν;
371 1114 414 1144 Ὠς
426 1114 450 1140 εἰ
464 1112 550 1139 ταῦτα
565 1113 721 1148 κρατήσειε,
741 1111 839 1147 μηκέτι

43 1163 109 1189 κατ’
125 1161 204 1188 αὐτὸν
222 1161 270 1196 τῆς
286 1159 468 1194 ἀποστολικῆς
488 1158 673 1194 ἀληθευοὺσης
697 1158 805 1192 φωνῆς,
822 1157 839 1191 ἥ

43 1216 116 1243 φησι
133 1207 212 1242 μόνον
227 1207 307 1233 αὐτὴν
324 1205 395 1241 ἔχειν
412 1205 579 1235 ἀθανασίαν,
604 1196 651 1230 καὶ
672 1205 728 1235 τοῖς
752 1203 841 1235 ἄλλοις

45 1252 187 1287 παρέκειν.
203 1250 235 1278 Τί
248 1249 301 1286 γὰρ
313 1249 367 1284 ἔχει
382 1249 469 1276 κοινὸν
485 1249 501 1283 ὴ
512 1248 661 1282 ὲπαχθεῖσα
678 1247 755 1282 ῥῆσις
766 1246 841 1281 αὐτῷ

46 1298 120 1334 πρὸς
137 1297 183 1324 τὴν
199 1296 354 1332 προάγοντα
374 1295 464 1329 λόγον,
487 1293 550 1321 οὗτε
574 1294 656 1329 ἡμῖν,
672 1291 733 1319 οὔτε
753 1292 842 1324 ἄλλοις

47 1343 108 1370 τισὶ
124 1343 178 1369 τῶν
194 1341 255 1369 νοῦν
272 1341 388 1376 ἐχόντων
399 1339 508 1367 δυνατὸν
525 1339 659 1375 ἐννοῆσαι.
681 1339 735 1366 Kal
750 1338 842 1374 ἐπειδὴ

47 1388 87 1415 τὰ
109 1387 177 1422 σοφὰ
199 1386 285 1414 ταῦτα
300 1387 347 1413 καὶ
362 1385 449 1412 λεπτὰ
473 1385 591 1412 κατιδεῖν
609 1385 658 1411 οὐκ
683 1384 841 1419 ἰσχύσαμεν,

48 1433 271 1468 ἀνεπιστήμονας
294 1431 436 1468 ὀνομάζει,
457 1431 504 1458 καὶ
520 1431 570 1466 τῆς
593 1430 647 1457 τῶν
673 1430 844 1466 πραγμάτων

49 1481 185 1516 κρίσεως,
212 1479 324 1514 καὶτῆς
345 1479 399 1506 τῶν
423 1477 562 1513 ὀνομάτων
587 1477 727 1512 χρήσεως,
745 1476 844 1503 οὑτωσὶ

49 1528 110 1558 τοῖς
124 1527 227 1561 ῥήμασι
246 1524 370 1560 γράφων,
391 1524 437 1550 καὶ
457 1523 547 1550 πάντα
565 1522 599 1549 τὰ
614 1521 733 1553 τοιαῦτα,
747 1522 784 1553 ὡς
799 1521 843 1547 οὐ-

48 1572 148 1608 δεμίαν
172 1571 267 1607 ἔχοντα
286 1570 359 1598 κατά
384 1570 433 1605 τῆς
457 1569 585 1605 ἀληθείας
602 1568 687 1603 ἰσχὺν,
705 1567 845 1603 παραδρα-

52 1619 161 1654 μοῦμαι
181 1617 381 1651 ἀνεξετάστως,
405 1616 496 1642 καὶτὸ
520 1615 673 1643 διαϐάλλειν
695 1615 776 1642 αὑτὸν
796 1615 845 1650 τὴν

51 1664 212 1690 ἑκτεθεῖσαν
228 1664 293 1698 παρ’
310 1662 389 1698 ἡμῶν
403 1661 449 1688 τοῦ
463 1661 601 1697 ἀφθάρτου
619 1670 648 1687 τε
670 1661 716 1687 καὶ
732 1661 845 1696 ἀσωμά-

50 1719 102 1737 του
113 1710 241 1742 διάνοιαν,
257 1709 294 1741 ὡς
309 1709 440 1743 ἑκατέρας
453 1707 508 1735 τῶν
528 1707 719 1743 προσηγοριῶν
732 1707 845 1738 τούτων,

51 1755 106 1790 τῆς
120 1754 179 1789 μὲν,
195 1754 225 1780 τὸ
240 1753 412 1785 ἀδιάστατον,
433 1748 455 1786 ᾧ
469 1753 487 1788 ὴ
498 1752 633 1788 τριμερὴς
645 1751 700 1778 τῶν
713 1752 847 1787 σωμάτων

52 1802 107 1828 οὐχ
122 1800 296 1836 ὲνθεωρεῖται
305 1800 444 1831 διάστασις
454 1807 460 1814 ·
477 1799 526 1834 τῆς
539 1798 577 1831 δὲ,
592 1799 621 1826 τὸ
639 1798 740 1834 φθορᾶς
755 1798 847 1825 ἀνεπί-

53 1848 152 1874 δεκτον
177 1845 370 1882 σημαινούσης.
395 1845 450 1872 Καὶ
470 1845 501 1872 τὸ
523 1845 614 1879 λέγειν
636 1845 727 1877 αὐτὸν,
749 1845 849 1871 οὑτωσὶ

54 1893 114 1924 τοῖς
131 1893 264 1927 ῥήμασιν,
282 1891 324 1918 ὅτι
345 1891 375 1918 οὐ
398 1890 555 1926 δικαιοῦμεν
579 1890 624 1917 τὸν
641 1890 694 1916 τῶν
710 1890 849 1925 ὀνομάτων

55 1938 154 1969 τύπον,
176 1938 215 1969 εἰς
231 1937 418 1974 ἀναρμόστους
437 1937 565 1963 ἐκπεσεῖν
586 1936 699 1968 ἑννοίας.
725 1937 780 1963 Καὶ
802 1936 849 1963 τοῦ

59 1983 100 2020 μὴ
116 1981 184 2010 εἶναι
202 1982 218 2018 ἢ
239 1982 277 2018 μὴ
295 1983 436 2018 προσεῖναι
458 1982 625 2018 σημαντικὸν
651 1982 852 2017 ὑπολαμϐάνειν

57 2028 163 2055 τούτων
187 2028 311 2059 ἕκαστον,
335 2028 392 2054 ἀλλ’
419 2026 501 2054 αὐτοῦ
517 2026 563 2053 τοῦ
588 2024 673 2059 εἶναι,
694 2027 741 2054 καὶ
767 2027 852 2054 ταῦτα

59 2074 142 2108 σιγῆς
154 2073 227 2106 ἄξια,
245 2075 290 2101 καὶ
306 2073 415 2109 βαθείας
431 2073 514 2109 λήθης,
530 2070 599 2100 εἶναι
615 2073 721 2108 κρίνας,
737 2075 853 2109 παρήσω

58 2122 119 2152 τοῖς
139 2120 345 2156 ἐντυγχάνουσιν
359 2121 401 2156 ἐφ’
418 2120 522 2147 ἑαυτῶν
544 2119 684 2155 φωρᾶσθαι
697 2119 745 2156 τὴν
768 2129 851 2156 μεμι-

60 2176 80 2201 γ
85 2167 168 2202 μένην
187 2167 255 2202 μετὰ
267 2167 315 2203 τῆς
329 2167 421 2198 ἀνοίας
435 2165 570 2193 ἀσέϐειαν.
610 2159 612 2162 ’

852 823 873 849 ll

880 194 944 222 licet
964 195 1035 222 dona
1061 195 1182 222 tribuere
1203 194 1299 221 doceat
1319 191 1424 220 erroris
1443 190 1605 224 discipulos,
1623 191 1668 224 qui

879 239 1036 267 nominibus
1047 243 1075 266 et
1086 239 1176 267 verbis
1188 239 1296 266 adhazse
1306 242 1332 265 et
1344 227 1527 272 congruenter
1546 243 1575 262 se
1590 243 1669 262 usum

879 286 965 314 fuisse
1004 290 1107 314 censet.
1146 284 1249 312 ﬂorum
1290 288 1379 311 autem
1422 283 1523 310 nullam
1559 282 1671 309 omnino

880 332 1046 359 mentionem
1077 331 1223 363 fecissem,
1249 331 1302 358 nisi
1338 337 1385 365 per
1408 329 1467 364 ipsa
1497 328 1672 355 imbeciltitas

880 382 936 405 tam
964 377 1065 405 mentis
1084 385 1166 413 quam
1184 376 1315 404 dictionis
1335 375 1416 411 hujus
1440 374 1584 409 scriptoris
1598 378 1672 400 esset

881 424 1105 453 demonstranda.
1123 423 1301 457 Quaecunque
1312 428 1404 449 autem
1419 428 1433 448 a
1445 420 1575 448 divinitus
1590 419 1673 454 inspi-

882 475 940 498 rata
954 471 1098 506 Scriptura
1110 469 1276 497 inconcinne
1288 472 1315 496 et
1333 467 1422 502 inepte
1442 473 1492 494 nec
1508 465 1540 492 ad
1558 473 1672 500 scopum

883 516 1028 551 pertrahit,
1053 515 1214 550 angelorum
1235 518 1262 542 et
1288 513 1431 541 hominum
1459 511 1673 539 immortalitatis

883 561 1063 590 differentiam
1082 564 1266 597 pertractans,
1294 559 1389 587 nescio
1410 565 1466 593 quo
1491 562 1628 591 spectans,
1647 560 1675 583 et

883 608 949 642 quid
969 615 1017 642 per
1037 607 1088 634 hoc
1115 610 1294 641 praestruens,
1318 605 1399 631 etiam
1430 603 1487 630 inec
1512 602 1603 628 dicere
1626 608 1675 628 su-

885 652 1042 687 persedebo.
1062 651 1141 684 Quod
1165 650 1237 678 enim
1251 648 1406 678 immortale
1426 646 1547 682 quandiu
1564 645 1676 672 immor-

886 698 938 725 tale
955 697 1048 729 fuerit,
1059 697 1145 732 magis
1162 700 1189 724 et
1207 695 1300 724 minus
1319 693 1507 728 comparative
1531 698 1585 718 non
1604 690 1677 717 acci-

886 744 934 780 pit.
954 744 982 771 Si
1001 743 1073 771 ettitn
1103 742 1317 770 subtractionem
1347 740 1468 774 aliquam
1492 744 1540 772 per
1569 743 1679 770 compa-

888 791 1022 818 rationem
1046 796 1141 818 eorum
1168 795 1229 823 quae
1256 790 1432 821 apponuntur
1453 791 1518 818 pars
1542 782 1627 809 altera
1651 781 1678 807 in

889 836 993 864 ratione
1008 833 1221 862 immortalitatis
1231 832 1359 864 haberet,
1376 836 1488 858 necesse
1498 827 1611 855 omnino
1620 833 1682 854 esse

889 889 977 917 neque
988 880 1061 916 quod
1076 879 1131 907 tale
1145 883 1196 911 est,
1218 876 1372 905 immortale
1384 873 1525 910 appellari.
1539 871 1683 906 Quomodo

888 929 960 956 enim
980 927 1097 962 amplius
1118 925 1228 961 proprie
1245 924 1382 952 diceretur
1414 920 1577 952 immortale,
1603 918 1683 952 cujus

890 974 1082 1001 mortalitatem
1113 972 1184 999 facta
1207 978 1255 1006 per
1277 967 1511 1004 comparationem
1544 963 1684 993 contraria

890 1019 1025 1055 oppositio
1038 1016 1231 1046 accusavit?et
1240 1015 1314 1043 illam
1327 1017 1482 1041 accuratam
1495 1010 1684 1040 subtilitatem,

890 1064 963 1102 quod
979 1072 1033 1091 non
1057 1063 1152 1098 iubeat
1173 1059 1406 1095 incorruptibilem
1423 1065 1502 1089 esse,
1516 1061 1544 1084 et
1567 1055 1685 1083 mediam

892 1111 1059 1147 privationis
1083 1109 1220 1140 notitiam,
1248 1107 1295 1135 sed
1324 1105 1549 1142 praestantiorum
1575 1102 1685 1137 quidem

892 1157 1096 1193 Separationem
1114 1153 1295 1190 privationem
1317 1151 1419 1182 dicere,
1437 1149 1602 1177 deteriorum
1620 1152 1687 1173 vero

892 1191 1094 1230 abscessionem
1125 1199 1182 1227 sive
1205 1197 1364 1225 distantiam
1401 1203 1455 1222 non
1485 1197 1615 1228 oportere
1633 1191 1687 1218 hoc

893 1249 1004 1277 nomine
1019 1244 1194 1282 signiﬁcare?
1214 1243 1291 1277 Quod
1316 1243 1340 1270 si
1362 1242 1421 1270 haec
1436 1239 1615 1275 praevaleant,
1632 1243 1688 1263 non

893 1295 1010 1329 amplius
1023 1292 1173 1321 secundum
1194 1291 1282 1325 ipsmn
1297 1296 1350 1316 vox
1370 1286 1526 1322 apostolica
1542 1292 1605 1312 vera
1623 1291 1689 1318 pro-

894 1340 1016 1370 babitur,
1043 1346 1104 1373 qua:
1131 1337 1199 1364 dicit
1225 1335 1314 1363 solum
1338 1333 1429 1368 ipsum
1453 1332 1554 1359 habere
1576 1330 1689 1357 immor-

895 1386 1028 1413 talitatem
1056 1384 1079 1400 ’θ
1102 1387 1130 1411 et
1159 1382 1221 1409 aliis
1249 1379 1383 1416 praebere.
1411 1377 1482 1411 Quid
1505 1376 1579 1403 enim
1606 1374 1691 1403 habet

895 1437 1043 1459 commune
1054 1430 1089 1456 ab
1101 1429 1159 1463 ipsa
1177 1427 1289 1454 inducta
1307 1425 1392 1453 dictio
1410 1423 1443 1450 ad
1463 1429 1526 1450 eum
1541 1428 1623 1456 quem
1645 1421 1690 1447 in-

896 1477 972 1504 ducit
980 1482 1145 1506 sermonem,
1157 1480 1246 1508 ueque
1257 1471 1349 1502 nobis,
1358 1476 1445 1504 neque
1455 1468 1516 1496 aliis
1528 1466 1691 1500 quibusdam

897 1522 944 1558 qui
960 1526 1049 1550 mente
1071 1524 1136 1548 sunt
1152 1517 1258 1553 prasditi
1270 1537 1277 1550 ,
1295 1515 1447 1550 intelligere
1464 1521 1626 1541 concessum
1638 1515 1691 1539 est.

898 1570 931 1596 Et
949 1568 1079 1603 quoniam
1096 1566 1149 1593 ista
1174 1565 1253 1592 docta
1278 1566 1305 1590 et
1335 1561 1447 1590 subtilia
1472 1568 1528 1588 non
1550 1559 1691 1594 potuimus

898 1615 1065 1651 perspicere,
1089 1618 1183 1639 rerum
1199 1609 1297 1645 judicii
1319 1612 1346 1636 et
1366 1615 1416 1635 usu
1433 1606 1574 1633 nominum
1591 1604 1694 1632 inscios

898 1666 926 1689 et
950 1661 1061 1696 ignaros
1087 1657 1223 1689 nominat,
1241 1656 1282 1684 sic
1308 1653 1342 1682 ad
1367 1653 1481 1682 verbum
1505 1652 1641 1684 scribens,
1667 1654 1694 1678 et

899 1707 991 1735 omnia
1012 1713 1074 1741 qua:
1088 1707 1154 1732 sunt
1173 1701 1324 1737 ejusmodi,
1341 1704 1371 1727 ut
1393 1706 1454 1738 quae.
1481 1698 1582 1725 nullam
1598 1691 1695 1724 contra

899 1751 1042 1779 veritatem
1066 1749 1120 1777 vim
1141 1747 1272 1779 habeant,
1294 1745 1450 1773 indiscussa
1472 1747 1694 1778 praetercurram,

900 1802 927 1826 et
949 1797 1021 1832 quod
1048 1803 1063 1822 a
1090 1794 1171 1822 nobis
1189 1793 1342 1827 expositam
1369 1789 1588 1824 incorruptibilis
1611 1792 1639 1816 et
1654 1787 1696 1814 in-

903 1842 1029 1878 corporei
1047 1839 1256 1874 intelligentiam
1279 1836 1476 1868 calumnietur,
1493 1833 1565 1869 quod
1580 1838 1697 1866 utraque

901 1890 998 1917 harum
1025 1885 1238 1922 appellationum
1261 1890 1314 1910 una
1345 1882 1467 1917 quidem,
1494 1879 1566 1914 quod
1592 1879 1697 1905 dimen-

902 1936 981 1964 sione
988 1937 1075 1964 caret,
1093 1931 1121 1958 in
1131 1937 1185 1966 quo
1198 1928 1334 1963 tripartita
1346 1933 1492 1960 corporum
1506 1932 1559 1952 non
1573 1923 1698 1952 cernitur

901 1980 1050 2013 distantia;
1066 1977 1152 2005 altera
1168 1983 1234 2004 vero
1245 1973 1319 2009 quod
1332 1973 1459 2000 interitus
1473 1979 1526 1998 non
1543 1974 1585 1998 est
1598 1976 1696 2004 capax,

902 2026 1049 2063 signiﬁcet.
1069 2023 1102 2050 Et
1113 2021 1186 2058 quod
1202 2021 1261 2056 ipse
1283 2020 1355 2047 dicat
1375 2019 1417 2046 his
1432 2018 1535 2048 verbis,
1553 2019 1697 2051 propterea

902 2060 974 2108 quod
994 2071 1068 2106 juste
1096 2075 1152 2096 non
1172 2066 1324 2102 accipimus
1352 2063 1491 2091 nominum
1522 2062 1647 2093 formam,
1669 2060 1697 2086 in

905 2104 1041 2146 absurdas
1061 2118 1088 2141 et
1117 2112 1298 2141 inconcinnas
1321 2109 1447 2137 notiones
1471 2106 1637 2135 excidimus.
1666 2104 1699 2130 Et

868 2154 976 2201 Dquod
1003 2162 1056 2197 ipsi
1079 2167 1141 2188 esse
1172 2158 1215 2186 vel
1238 2157 1335 2184 adesse
1363 2155 1461 2182 horum
1487 2151 1701 2187 unumquodque

60 2214 253 2242 existimemus
269 2213 435 2249 signiﬁcare.
449 2212 496 2240 sed
512 2213 602 2248 ipsum
616 2199 687 2244 esse,
699 2212 757 2239 haec
773 2213 854 2240 etiam
876 2197 986 2241 silentio
1002 2213 1030 2236 et.
1047 2205 1182 2243 profunda
1205 2203 1344 2231 oblivione
1356 2201 1440 2236 digna
1468 2207 1530 2228 esse
1561 2197 1703 2233 judicans,

61 2263 271 2298 preter-mittam
289 2260 356 2296 ipsis
371 2260 526 2295 legentibus
542 2261 569 2287 in
588 2260 686 2294 setpsis
702 2260 907 2295 deprehendere
932 2258 1042 2286 mistam
1065 2262 1128 2282 cum
1156 2251 1277 2280 amentia
1301 2249 1481 2284 impietatem.

105 2309 154 2340 Ὃς
175 2307 256 2340 ἀξιοῖ,
276 2307 313 2342 μὴ
336 2306 600 2336 ἀντιδιαστέλλεσθαι
626 2306 656 2333 τὸ
674 2306 792 2342 φθαρτὸν
819 2306 858 2342 τῷ

62 2353 217 2389 ἀφθάρτῳ.
243 2351 310 2387 μηδὲ
326 2351 475 2378 ἀπόστασιν
497 2350 640 2385 σημαίνειν
665 2350 712 2377 τοῦ
737 2351 858 2386 χείρονος

62 2400 116 2436 τὴν
137 2397 317 2434 ἀφαιρετικὴν
335 2396 489 2432 σημασίαν,
507 2397 564 2423 ἀλλ’
589 2396 656 2423 αὐτὸ
677 2396 708 2423 τὸ
732 2394 801 2423 εἶναι
815 2396 859 2423 διὰ

64 2446 114 2474 τοῦ
130 2445 309 2480 ὑποκειμένου
325 2443 516 2479 σημαίνεσθαι.
531 2443 561 2469 Εἰ
574 2443 665 2470 τοίνυν
679 2443 729 2469 οὐκ
745 2444 859 2478 ἀφαιρε-

65 2492 131 2528 τικὴ
150 2493 252 2528 φθορᾶς
270 2493 287 2526 ὴ
309 2491 356 2518 τοῦ
373 2490 511 2525 ἀφθάρτου
527 2489 649 2525 σημασία
664 2489 739 2525 παρά
751 2490 798 2516 τοῦ
814 2498 859 2516 κε-

66 2540 122 2571 νῶς
154 2539 239 2565 ταῦτα
271 2536 491 2573 τεχνολογοῦντος
522 2535 680 2571 νομίζεται,
707 2536 861 2563 τούναντίον

67 2585 179 2616 πάντως
190 2584 261 2610 κατὰ
271 2584 359 2610 πᾶσαν
369 2582 491 2617 ἀνάγκην
499 2581 513 2607 ὁ
522 2579 642 2612 τοιοῦτος
659 2580 804 2613 ἐνδείξεται
815 2579 860 2607 τοῦ

69 2631 207 2664 ὀνόματος
219 2629 314 2661 τύπος.
330 2629 362 2656 Et
373 2628 427 2664 γὰρ
437 2629 488 2655 οὐκ
500 2628 559 2655 ἔστι
574 2629 677 2664 φθορᾶς
686 2627 862 2663 ἀλλοτρίωσις

69 2679 86 2712 ἡ
105 2675 245 2712 ἀφθαρσία
256 2695 262 2706 ,
281 2674 478 2708 συγκατάθεσις
495 2675 571 2701 ἔσται
586 2675 695 2706 πάντως
709 2675 756 2701 τοῦ
773 2675 862 2708 ἀπεμ‹

71 2721 228 2757 φαίνοντος·
246 2721 313 2755 αὕτη
328 2720 376 2756 μὲν
390 2719 443 2756 γὰρ
460 2719 516 2746 τῶν
529 2720 673 2747 ἀντιθέτων
689 2720 705 2755 ἡ
723 2719 813 2754 φύσις,
824 2718 861 2750 ὡς

100 2803 124 2816 ¹’“
144 2806 285 2842 ITituollt.
304 2816 340 2836 Vl.
365 2808 404 2835 ll}.

947 2304 981 2332 Ut
997 2303 1044 2339 qui
1062 2303 1173 2328 censeat
1187 2295 1368 2331 corruptibile
1383 2294 1417 2320 ah
1432 2290 1701 2326 incorruptibili.non

911 2335 1032 2382 differre,
1060 2354 1149 2383 neque
1171 2343 1371 2372 abscessiouem
1387 2339 1543 2375 signiﬁcare
1558 2335 1701 2365 deterioris

912 2394 1110 2424 abstractivam
1132 2389 1369 2427 signiﬁcationem,
1393 2386 1440 2414 sed
1459 2385 1549 2420 ipsum
1573 2391 1634 2411 esse
1654 2389 1701 2416 per

911 2442 1064 2476 subjectum
1084 2437 1243 2474 signiﬁcari.
1275 2435 1305 2462 Si
1323 2434 1406 2470 igitur
1433 2429 1648 2466 incorruptibilis
1663 2427 1701 2455 si-

910 2473 1049 2524 gnilicatio
1062 2473 1203 2513 interitum
1222 2490 1276 2509 non
1294 2479 1454 2508 abstrahere
1476 2478 1511 2505 ab
1527 2484 1559 2504 eo
1580 2474 1625 2509 qui
1644 2473 1701 2499 haec

909 2519 1028 2562 inaniter
1042 2536 1070 2560 et
1095 2532 1235 2558 incassum
1253 2531 1312 2554 arte
1331 2533 1382 2553 sua
1405 2523 1537 2558 conﬁngit
1558 2519 1701 2548 existima~

910 2585 966 2613 tur,
987 2577 1155 2608 contrarium
1181 2576 1294 2604 omnino
1313 2581 1360 2608 per
1377 2577 1484 2600 omnem
1509 2567 1700 2596 necessitatem

910 2623 1111 2654 demonstrabit
1125 2620 1261 2656 eiusmodi
1281 2617 1400 2646 nominis
1417 2615 1513 2643 forma.
1529 2612 1556 2639 Si
1572 2611 1644 2639 enim
1660 2610 1701 2638 iu-

910 2670 1130 2706 corruptibilitas
1153 2675 1206 2695 non
1222 2665 1349 2694 interitus
1365 2667 1407 2690 est
1423 2658 1564 2691 alienatio,
1577 2655 1702 2705 proiecto

915 2701 1038 2745 asserisio
1059 2714 1112 2744 erit
1139 2710 1327 2741 dissentanci:
1354 2707 1412 2735 hzec
1429 2705 1501 2733 enim
1527 2707 1570 2731 est
1596 2701 1704 2737 oppesi-
