1951 3074
194 60 257 91 Hii

862 61 1024 92 GREGORII
1041 63 1187 92 NYSSENI

1755 63 1831 92 ΗΒ

183 125 274 148 turum
304 126 412 152 natura.
438 127 468 148 ut
482 122 563 149 unius
575 121 712 148 ablatione
728 122 841 149 alterius
857 122 974 157 oppositi

1077 123 1121 149 τοῦ
1147 123 1204 153 ἐνὸς
1221 121 1380 157 ἀφαιρέσει,
1397 121 1445 156 τὴν
1467 119 1513 147 τοῦ
1530 121 1721 155 ἀντικειμένου
1748 121 1834 148 θέσιν

183 169 285 203 positio
302 172 496 202 consequatur.
517 166 570 194 Sed
595 172 621 194 et
648 168 774 194 acerbam
797 168 869 194 illam
885 174 975 195 astru-

183 214 304 241 ctioncm
324 214 395 248 quod
418 212 488 240 Deus
515 219 612 240 natura
640 213 675 240 sit
698 221 781 248 capax
812 215 919 244 mortis.
946 217 976 240 ut

184 260 231 294 qui
256 260 423 288 contrariam
445 259 479 286 de
505 259 548 286 his
576 260 676 287 haheat
699 260 868 295 opinionem,
886 261 976 287 valere

184 307 317 334 sinamus.
336 305 394 334 Nos
425 306 497 333 enim
519 306 545 333 in
562 306 698 341 oppositis
716 306 783 333 nihil
806 306 914 334 diﬂ‘erre
932 315 978 341 pu-

184 358 286 383 tamus.
315 353 357 379 vel
385 353 477 380 dicere
501 353 604 388 aliquid
635 361 708 385 esse,
735 353 778 381 vel
806 353 976 381 contrarium

183 405 238 424 non
260 405 332 430 esse,
348 400 378 424 ut
391 397 449 432 jam
467 397 493 424 in
513 398 642 432 praesenti
657 405 784 425 sermone
801 398 884 424 vitam
902 406 978 426 assc-

183 446 275 469 rentes
298 441 381 469 Deum
403 450 476 474 esse.
499 442 584 477 hujus
613 442 797 470 confessionis
824 443 849 469 vi
877 451 908 470 ac
929 450 978 477 po-

185 492 285 515 testate
317 494 445 516 velamus
472 494 587 516 tuortem
616 490 642 516 in
678 490 738 524 ipso
767 489 899 523 cogitare,
925 489 976 517 etsi

184 541 239 561 non
257 542 306 569 per
321 541 414 562 vocem
437 535 624 562 enuntiamus.
641 535 674 561 Et
689 542 752 562 cum
776 534 865 569 ipsum
882 535 977 562 mortis

184 588 239 607 non
268 587 398 614 capacem
418 580 540 608 confessi
563 580 708 613 fuerimus,
730 580 825 608 eadem
853 581 978 608 oratione

184 625 274 660 ipsum
299 626 381 652 vitam
406 633 470 654 esse
493 625 700 653 aﬂirmavimus.
728 625 781 653 Sed
810 626 977 660 non‘video,

184 670 284 704 inquit,
311 671 451 705 quomodo
476 679 509 699 ex
537 671 581 698 his
609 678 670 706 qum
697 678 752 698 nou
777 672 880 702 insunt,
907 671 978 698 Deus

185 722 268 750 super
288 723 353 743 suas
371 720 512 744 creaturas
526 716 656 743 emineat.
679 715 713 742 Et
735 716 788 744 hoc
807 717 915 743 erudito
932 724 977 743 ar-

184 765 314 796 gumento
335 762 393 789 sive
417 766 517 789 conatu
540 769 603 789 cum
625 762 765 796 impietate
785 762 901 790 bardum
921 763 979 790 sive

1027 166 1200 194 ἀντεισιένιι.
1225 165 1304 192 ’Δλλᾶι
1325 166 1372 191 καὶ
1394 166 1444 200 τὴν
1462 165 1586 201 δριμεῖαν
1610 166 1721 201 ἐκείνην
1737 175 1831 193 κατα-

1028 213 1127 247 σκευὴν
1137 212 1183 238 τοῦ
1195 212 1274 246 φύσει
1286 212 1331 238 τὸν
1342 211 1407 237 Θεὸν
1421 211 1594 237 ἀνεπίδεκτον
1608 209 1678 237 εἶναι
1694 211 1834 242 θανάτου,

1027 259 1120 294 ὥσπερ
1134 259 1209 290 ὄντος
1225 258 1272 284 τοῦ
1295 258 1344 293 τὴν
1360 257 1483 284 ἐναντίαν
1508 258 1572 292 περὶ
1594 257 1699 283 τούτων
1717 257 1835 291 ἔχοντος

1026 305 1120 338 δόξαν,
1141 305 1245 341 χαίρειν
1269 305 1403 338 ἐάσωμεν.
1429 303 1526 338 Ἡμεῖς
1545 303 1599 338 γὰρ
1614 304 1643 329 ὲν
1669 304 1729 334 τοῖς
1749 304 1832 329 ἅντι-

1027 350 1114 382 θέτοις
1132 350 1209 376 οὐδὲν
1231 349 1369 384 διαφέρειν
1386 349 1543 384 ἡγούμεθα,
1567 349 1583 383 ἢ
1599 349 1629 375 τὺ
1646 348 1675 375 δὲ
1693 348 1787 382 λέγειν
1805 358 1834 374 τι

1027 394 1106 429 εἶναι,
1118 397 1134 432 ἢ
1146 397 1176 422 τὸ
1192 396 1311 423 ἐναντίον
1327 395 1364 431 μὴ
1375 393 1456 426 εἶναι,
1465 393 1520 422 οἷον
1531 395 1563 430 δὴ
1573 395 1620 421 καὶ
1630 395 1678 421 ἐπὶ
1690 394 1740 421 τοῦ
1753 402 1833 430 παρ-

1027 442 1102 474 όντος
1125 442 1204 476 λόγου
1229 441 1301 476 ζωὴν
1320 441 1444 473 εἰπόντες
1463 441 1507 468 τὸν
1527 441 1594 467 Θεὸν
1618 439 1702 471 εἶναι,
1721 441 1834 474 ἀπαγο-

1030 488 1143 523 ρεύομεν
1157 489 1190 523 τῇ
1204 487 1317 522 δυνάμει
1338 487 1382 513 διὰ
1407 488 1455 520 τῆς
1480 486 1625 521 ὁμολογίας
1649 485 1756 520 ταύτης
1782 485 1834 511 τὸν

1028 535 1142 562 θάνατον
1160 535 1223 570 περὶ
1238 533 1318 560 αὺτὸν
1342 534 1441 559 ἐννοεῖν
1452 554 1460 563 ,
1477 533 1526 559 κᾶν
1549 533 1586 568 μὴ
1601 532 1647 559 διὰ
1665 532 1715 567 τῆς
1734 531 1834 566 φωνῆς

1028 580 1245 616 ἐξαγγέλλωμεν.
1262 579 1316 606 Καὶ
1338 580 1402 606 ὅταν
1423 579 1596 606 ἀνεπὲδεκτον
1610 578 1692 604 αὑτὸν
1708 578 1833 604 θανάτου

1027 626 1250 662 ὁμολογήσωμεν,
1273 624 1312 660 τῷ
1337 624 1411 659 αὐτῷ
1428 624 1499 659 λόγῳ
1520 623 1550 650 τὸ
1566 623 1639 658 ζωὴν
1655 623 1740 650 αὑτὸν
1757 620 1834 648 εἶναι

1028 671 1280 706 κατεσκευασαμεν.
1309 669 1378 696 Ἀλλ’
1403 669 1452 704 οὐχ
1478 668 1550 704 ὁρῶ,
1569 668 1651 703 φησὶ,
1666 667 1728 698 πῶς
1743 666 1777 692 ἂν
1798 668 1835 693 ἐκ

1028 717 1082 744 τῶν
1096 717 1133 752 μὴ
1148 717 1303 752 προσόντων
1322 715 1444 751 ὑπερέχῃ
1463 714 1516 741 τῶν
1529 713 1620 740 αὐτῶν
1637 713 1803 748 ποιημάτων
1818 714 1835 739 ὸ

1028 762 1104 794 Θεός.
1131 763 1185 789 Καὶ
1207 762 1253 788 ἐπὶ
1268 761 1307 797 τῷ
1324 761 1398 796 σοφῷ
1422 760 1509 796 τούτῳ
1525 760 1722 795 ἐπιχειρήματι
1733 779 1740 789 ,
1758 759 1834 794 μετὰ

185 807 314 834 stolidum
340 807 463 834 nominat
488 814 617 842 magnum
635 806 776 839 Basilium,
800 807 846 842 qui
872 807 975 835 talibus

1034 808 1157 840 ἀσεϐείας
1174 807 1277 842 ἠλίθιον
1290 806 1418 842 ὀνομάζει
1441 805 1486 832 τὸν
1505 805 1592 840 μέγαν
1609 804 1763 834 Βασίλειον,
1782 803 1834 829 τὸν

186 853 277 881 verbis
300 853 339 880 uti
367 860 451 881 ausus
464 857 517 886 est.
540 853 673 881 adversus
696 861 776 888 quem
794 853 909 881 dixerim
923 860 978 880 non

185 897 267 923 valde
284 897 371 925 eﬂ‘use
397 901 494 925 contra
523 905 572 926 eos
595 898 642 933 qui
676 899 733 926 haec
759 899 855 926 dicunt
881 903 979 926 contu-

187 943 277 971 meliis
300 951 381 971 usttm
398 943 495 976 fuisse,
515 952 550 972 ne
568 944 663 972 iisdem
685 944 844 980 imprudens
858 945 979 980 seipsum

186 989 298 1024 probris
321 989 437 1024 alliciat;
462 990 582 1018 fortasse
602 991 676 1018 enim
693 998 781 1026 neque
798 991 856 1026 ipse
873 996 981 1018 contra-

186 1037 298 1070 dixerit,
312 1037 340 1064 in
357 1036 409 1064 hoc
420 1036 521 1064 divinae
533 1041 638 1064 naturae
649 1036 821 1071 maiestatem
836 1037 979 1072 cognosci,

186 1084 214 1110 in
239 1091 294 1117 quo
316 1083 418 1110 nullam
433 1083 514 1110 habet
533 1090 594 1110 cum
608 1082 652 1110 his
663 1083 895 1114 communionem.
910 1091 980 1118 quo-

187 1136 247 1154 rum
266 1131 363 1155 natura
391 1127 482 1154 intima
504 1127 643 1162 particeps
663 1128 828 1156 ostenditur.
858 1128 886 1155 Si
904 1129 977 1156 enim

186 1182 271 1201 unum
288 1173 353 1209 quid
370 1174 468 1201 borum
484 1177 570 1206 esset,
589 1181 678 1209 neque
701 1175 763 1210 plus
791 1175 915 1208 haberet,
932 1175 979 1203 sed

186 1221 257 1248 idem
285 1228 397 1255 prorsus
421 1224 494 1248 esset
516 1228 578 1248 cum
602 1228 770 1257 unoquoque
794 1229 889 1249 eorum
913 1230 975 1257 quae

187 1266 362 1301 proprietatis
385 1265 607 1293 communionem
624 1266 737 1294 habent.
756 1265 835 1299 Quod
852 1267 875 1293 si
897 1275 980 1302 supra

188 1312 245 1338 hrec
260 1316 312 1344 est,
336 1312 400 1347 quia
420 1311 550 1338 nimirum
566 1311 624 1338 haec
640 1319 695 1338 non
717 1311 824 1343 habeat.
850 1321 933 1348 supra
949 1320 980 1340 ea

187 1364 248 1391 qtue
263 1357 321 1383 haec
346 1357 456 1389 habent,
472 1357 575 1384 eminet
592 1367 598 1384 :
620 1357 851 1392 quemadmodum
865 1358 980 1386 dicimus

188 1404 291 1438 peccati
319 1408 459 1439 expertem
480 1404 700 1439 praestantiorem
718 1412 780 1432 esse
797 1404 840 1432 his
856 1405 902 1440 qui
919 1413 982 1440 pec-

1028 858 1084 889 τοῖς
1099 856 1228 887 τοιούτοις
1241 855 1460 891 ὲπιτολμὴσαντα
1475 853 1574 888 λόγοις,
1594 853 1663 888 πρὸς
1677 852 1707 879 ὃν
1721 852 1833 886 εἴποιμι

1031 903 1075 934 ἂν.
1093 904 1130 939 μὴ
1144 903 1205 930 λίαν
1223 902 1339 937 ἀφειδῶς
1359 902 1428 928 κατὰ
1444 900 1498 928 τῶν
1514 900 1601 927 ταῦτα
1622 899 1760 933 λεγόντων
1782 906 1833 924 κε-

1030 949 1147 985 χρῆσθαι
1161 951 1221 981 ταῖς
1236 947 1330 984 ὖὸρεσι
1341 970 1349 980 ,
1375 951 1411 983 μή
1428 956 1465 980 πη
1481 948 1528 973 καὶ
1556 946 1652 973 ἑαυτὸν
1681 945 1755 981 λάθῃ
1774 945 1833 975 τοῖς

1030 995 1122 1027 αὐτοῖς·
1145 993 1328 1031 καθυϐρίζων.
1347 994 1425 1028 Τάχα
1454 993 1503 1029 γὰρ
1517 992 1571 1019 οὐδ’
1589 992 1622 1018 ἂν
1638 991 1720 1022 αὐτὸς
1740 991 1833 1017 ἀντεξ-

1031 1051 1076 1070 ποι
1094 1044 1122 1069 ὲν
1138 1041 1226 1075 τούτῳ
1249 1041 1280 1068 τὸ
1304 1040 1445 1076 μεγαλεῖον
1466 1041 1515 1074 τῆς
1540 1038 1614 1069 θείας
1642 1037 1832 1072 γνωρίζεσθαι

1030 1089 1147 1123 φύσεως,
1165 1088 1194 1113 ὲν
1205 1087 1244 1122 τῷ
1259 1086 1392 1122 μηδεμίαν
1406 1085 1478 1120 ἔχειν
1491 1084 1558 1118 πρὸς
1571 1083 1657 1110 ταῦτα
1672 1082 1831 1111 κοινωνίαν,

1030 1133 1068 1162 ὧν
1081 1136 1098 1170 ἡ
1111 1134 1184 1161 κάτω
1199 1132 1279 1168 φύσις
1307 1131 1456 1167 μετέχουσα
1471 1131 1618 1157 δείκνυται.
1635 1130 1665 1155 Εἰ
1682 1128 1738 1163 γὰρ
1754 1129 1784 1154 ἓν
1803 1136 1831 1154 τι

1031 1181 1132 1207 τούτων
1154 1180 1213 1215 εἴη.
1236 1178 1290 1205 οὐδ’
1305 1178 1338 1205 ἂν
1361 1177 1392 1204 τὸ
1411 1177 1490 1203 πλέον
1505 1176 1578 1211 ἔχοι,
1593 1175 1661 1201 ἀλλὰ
1676 1174 1778 1201 ταύτὸν
1799 1173 1833 1199 ἂν

1031 1227 1074 1262 εἴη
1089 1226 1198 1257 πάντως
1217 1225 1324 1259 ἑκάστῳ
1343 1223 1398 1250 τῶν
1422 1221 1671 1248 έπικοινωνούντων
1687 1220 1737 1246 τοῦ
1758 1219 1832 1245 ἰδιώ-

1033 1282 1130 1309 ματος.
1150 1273 1180 1299 Εἰ
1196 1272 1224 1298 δὲ
1240 1271 1310 1306 ὑπὲρ
1324 1269 1410 1297 ταῦτά
1425 1270 1498 1300 ἐστι,
1515 1268 1555 1303 τῷ
1576 1267 1614 1303 μὴ
1635 1267 1709 1302 ἔχειν
1729 1265 1833 1301 δηλαδὴ

1031 1319 1132 1350 ταῦτα,
1149 1318 1202 1345 τῶν
1219 1317 1334 1352 ἑχόντων
1351 1315 1556 1351 ὑπερανέστηκε
1568 1322 1574 1328 ·
1591 1313 1720 1347 καθάπερ
1741 1311 1833 1345 φαμεν

1033 1365 1175 1401 κρείττονα
1198 1362 1251 1390 τῶν
1275 1363 1305 1389 ὲν
1325 1361 1475 1397 ἁμαρτίαις
1494 1359 1579 1386 ὄντων
1600 1355 1672 1385 εἶναι
1704 1357 1752 1384 τὸν
1768 1357 1835 1382 ἀνα-

1034 1411 1182 1447 μάρτητον.
1207 1409 1244 1435 Τὸ
1261 1408 1316 1444 γὰρ
1329 1407 1376 1434 τοῦ
1392 1406 1478 1433 κακοῦ
1494 1404 1672 1440 κεχωρίσθαι,
1685 1403 1733 1429 τοῦ
1754 1402 1835 1429 πλου-

187 1451 257 1478 catis
274 1451 516 1484 contaminamur;
531 1458 593 1477 nam
610 1457 625 1476 a
645 1451 717 1478 malo
735 1455 890 1486 separatum
907 1460 978 1483 esse.

1034 1459 1088 1485 τεῖν
1103 1458 1131 1483 ὲν
1148 1458 1204 1488 τοῖς
1219 1456 1341 1491 ἀρίστοις
1360 1453 1498 1485 ἀπόδειξις
1523 1452 1639 1486 γίνεται.
1657 1450 1730 1476 Ἀλλ’
1747 1451 1761 1476 ὁ
1784 1449 1835 1484 μὲν

188 1495 216 1522 in
240 1495 352 1530 optimis
384 1496 496 1523 divitem
528 1503 600 1528 esse,
623 1495 824 1524 demonstratio
852 1497 979 1524 eﬂicitur.

189 1541 243 1569 Sed
259 1541 304 1569 hic
320 1541 429 1577 quidem
445 1542 662 1569 contumeliosus
675 1542 845 1570 conviciator
868 1551 917 1570 sua
935 1551 983 1571 na—

189 1591 251 1614 tura
263 1591 371 1618 utatur,
395 1593 447 1613 nos
470 1591 560 1613 autent
581 1593 643 1612 cum
661 1586 791 1620 exiguum
807 1587 872 1622 quid
888 1595 982 1615 eorum

190 1632 435 1668 signiﬁcaverimus
453 1639 512 1666 quae
535 1634 600 1658 sunt
620 1631 648 1658 in
665 1631 718 1659 hac
742 1637 819 1666 parte
846 1633 929 1666 dicta,
950 1635 984 1660 ad

191 1679 332 1714 proposita
354 1679 505 1706 orationem
533 1678 707 1706 reducemus.

212 1725 361 1752 'Similiter
378 1725 425 1756 ait,
454 1725 543 1759 ipsum
561 1732 692 1760 superare
714 1734 775 1761 quae
797 1731 860 1754 sunt
882 1732 986 1754 morta-

192 1771 228 1798 lia
247 1775 278 1798 ιιι
304 1771 499 1804 immortalem,
515 1774 542 1798 et
557 1772 748 1806 corruptibilia
771 1777 800 1800 ut
820 1773 986 1808 incorrupti-

192 1819 287 1848 bilem.
306 1824 333 1846 et
354 1818 397 1845 his
429 1825 491 1852 quae
519 1821 585 1845 sunt
609 1818 702 1853 genita
724 1819 941 1853 supereminere,
957 1823 986 1846 ut

193 1865 354 1900 ingenitum.
373 1865 414 1891 An
436 1872 492 1891 non
523 1864 653 1892 omnibus
677 1865 820 1900 perspicua
844 1871 886 1893 est
904 1866 986 1901 hujus

192 1911 248 1938 Deo
279 1911 389 1939 rebellis
416 1911 568 1946 impietatis
585 1912 714 1947 assertio,
742 1919 776 1939 an
797 1913 922 1940 oratione
937 1913 987 1940 im-

192 1958 354 1993 probitatem
375 1957 504 1986 convenit
532 1958 677 1985 revelare?
699 1958 768 1991 Quis
796 1958 903 1994 ignorat
926 1967 987 1995 qua:

192 2004 286 2031 eadem
297 2011 426 2031 mensura
438 2008 567 2039 superata
578 2008 652 2037 sunt,
669 2004 784 2039 aequalia
799 2005 912 2032 omnino
926 2013 987 2034 esse

193 2051 262 2078 inter
287 2051 340 2077 se?
367 2049 396 2076 Si
417 2049 500 2085 igitur
516 2049 643 2076 similiter
659 2057 674 2076 a
689 2049 743 2077 Deo
766 2056 913 2085 superatur
929 2059 987 2078 cor-

192 2095 320 2130 ruptibile
350 2100 377 2123 et
407 2096 545 2130 genitum;
579 2096 688 2130 genitus
716 2100 807 2123 autem
836 2102 879 2124 est
905 2097 986 2124 etiam

1035 1504 1166 1539 ὐὸριστὴς
1191 1501 1335 1537 κεχρήσθω
1359 1501 1393 1535 τῇ
1420 1499 1514 1533 φύσει·
1540 1498 1621 1532 ἡμεῖς
1645 1497 1674 1523 δὲ
1692 1496 1792 1531 μικρόν
1808 1504 1834 1522 τι

1035 1549 1298 1586 παρασημανὰμενοι
1319 1547 1372 1573 τῶν
1385 1547 1414 1572 ὲν
1426 1545 1465 1580 τῷ
1487 1544 1564 1580 μέρει
1580 1543 1668 1578 τούτῳ
1683 1542 1834 1578 ῥηθέντων,

1036 1598 1101 1633 πρὸς
1113 1597 1147 1623 τὰ
1163 1595 1332 1631 προκείμενα
1341 1593 1386 1620 τὸν
1400 1592 1478 1626 λόγον
1490 1590 1652 1626 μετάξομεν.

1077 1726 1193 1763 Ὁμοίως
1208 1725 1302 1761 φησὶν,
1322 1723 1403 1752 αὑτὸν
1417 1722 1561 1758 ὑπερέχειν
1583 1721 1639 1748 τῶν
1664 1721 1715 1756 μὲν
1728 1720 1833 1756 θνητῶν

1035 1773 1072 1804 ὡς
1086 1772 1227 1803 ἀθάνατον,
1246 1771 1299 1797 τῶν
1313 1769 1340 1796 δὲ
1363 1768 1489 1804 φθαρτῶν
1504 1767 1540 1799 ὡς
1562 1767 1715 1802 ἄφθαρτον,
1731 1766 1786 1792 τῶν
1806 1765 1833 1791 δὲ

1036 1818 1174 1853 γεννητῶν
1198 1817 1237 1848 ὡς
1253 1815 1412 1850 ἀγέννητον.
1429 1812 1503 1849 Ἃρα
1525 1813 1607 1840 πᾶσίν
1627 1814 1686 1839 ἐστι
1703 1812 1833 1847 πρόδηλος

1037 1867 1054 1901 ἡ
1070 1865 1117 1891 τοῦ
1140 1863 1275 1898 θεομάχου
1297 1861 1346 1895 τῆς
1362 1859 1488 1891 ἀσεϐείας
1517 1857 1694 1892 κατασκευὴ,
1719 1857 1737 1892 ἢ
1765 1856 1834 1901 λογῳ

1037 1900 1169 1946 σιροσὴκει
1184 1906 1381 1940 διανακαλὺψαι
1394 1905 1443 1940 τὴν
1458 1904 1609 1939 πονηρίανς
1625 1903 1674 1934 Τίς
1696 1903 1748 1928 οὒκ
1766 1900 1833 1927 οἶδεν

1036 1957 1077 1984 ὅτι
1091 1956 1125 1982 τὰ
1145 1955 1185 1990 τῷ
1195 1953 1269 1989 αὑτῷ
1285 1953 1376 1989 μέτρῳ
1386 1950 1587 1986 ὑπερεχόμενα,
1605 1949 1651 1975 ἴσα
1664 1949 1776 1979 παντως
1791 1948 1834 1973 ἁλ-

1037 2001 1128 2037 λήλοις
1137 2000 1226 2033 ὲστίνς
1242 2000 1274 2026 Et
1285 1996 1331 2025 οὖν
1339 1997 1439 2033 ὁμοίως
1450 1995 1614 2031 ὑπερέχεται
1626 1994 1757 2029 παρὰτοῦ
1769 1992 1833 2019 9εοῦ

1037 2049 1068 2075 τὸ
1081 2047 1200 2083 φθαρτὸν
1212 2046 1259 2073 καὶ
1273 2043 1401 2080 γεννητὸν
1411 2063 1419 2075 ,
1436 2041 1566 2076 γεννητὸς
1586 2041 1614 2067 δὲ
1630 2041 1678 2067 καὶ
1695 2041 1709 2066 ὁ
1720 2039 1831 2074 K6910;-

1039 2095 1170 2129 Εὑνόμιος
1196 2091 1398 2127 συμπερανάτω
1425 2090 1455 2116 τὸ
1482 2090 1514 2115 ὲκ
1536 2088 1590 2115 τῶν
1617 2087 1751 2113 τεθέντων
1770 2086 1832 2111 ἀνα-

192 2142 325 2169 Dominus
347 2152 353 2168 :
375 2141 527 2169 Eunomius
553 2141 700 2169 concludat
720 2150 753 2169 cx
777 2142 874 2177 positis
897 2151 982 2170 emer-

1039 2141 1142 2168 κύπτον
1162 2138 1299 2173 ἁσέὃημα.
1324 2136 1409 2171 Δῆλον
1426 2135 1480 2171 γὰρ
1500 2135 1540 2161 ὅτι
1558 2133 1657 2160 ταύτὸν
1673 2133 1780 2180 ἡγεῖται

193 2197 259 2224 gens
274 2189 438 2223 inexpiabile
455 2188 557 2215 scelus.
573 2187 752 2223 Perspicuum
767 2190 840 2216 enim
856 2193 899 2217 est
910 2190 985 2225 quod

193 2235 395 2268 generationem
412 2234 483 2261 idem
497 2234 635 2262 existimat
650 2234 832 2262 ettmiuteritu
848 2241 875 2262 et
888 2240 986 2269 morte,

194 2286 224 2308 ιιι
240 2281 310 2308 idem
334 2281 361 2307 in
389 2280 470 2316 paulo
503 2281 693 2315 superioribus
720 2282 894 2310 sermonibus
925 2291 987 2310 cum

193 2327 395 2362 incorrttptibili
426 2326 577 2362 ingenitum
597 2327 794 2361 pronuntiavit.
817 2327 846 2355 Si
872 2336 938 2363 ergo
960 2329 987 2355 in

193 2374 291 2408 ποιμαιΙὶ
313 2374 399 2400 cernit
417 2373 559 2400 interitum
575 2378 603 2400 et
623 2374 830 2408 generationem
858 2379 885 2401 et
908 2375 987 2402 simi-

195 2420 257 2446 liter
282 2419 391 2452 asserit,
409 2419 445 2446 ab
460 2419 502 2447 his
516 2419 623 2447 duobus
649 2420 734 2447 Deum
754 2420 862 2452 abesse,
877 2421 988 2455 genitus

195 2470 286 2493 autem
312 2465 443 2494 Dominus
466 2474 473 2492 :
494 2465 586 2493 nttlltts
603 2474 617 2492 a
645 2466 724 2493 nobis
749 2466 850 2501 exigat,
867 2466 939 2501 quod
955 2475 989 2494 ex

195 2513 246 2540 hac
264 2512 388 2540 oratione
399 2513 590 2547 consequitur,
609 2519 771 2547 proponere,
787 2512 835 2539 sed
848 2520 880 2539 ex
896 2513 988 2547 scipso

194 2559 400 2586 conclusionem
416 2559 526 2594 colligat
540 2567 546 2586 :
562 2558 695 2593 siquidem
712 2566 743 2585 ex
760 2566 839 2592 aequo
854 2563 881 2585 et
892 2566 988 2585 secun-

195 2605 260 2632 dum
275 2604 398 2633 eamdem
428 2605 563 2631 rationem
578 2611 593 2630 a
605 2603 697 2638 genito
710 2608 736 2630 et
748 2603 920 2636 corruptibili
942 2603 987 2630 Dei

195 2658 294 2678 natura
311 2651 404 2678 distat.
421 2650 474 2678 Sed
489 2658 542 2677 non
557 2651 632 2681 licet,
647 2650 745 2684 inquit,
758 2649 854 2676 mortis
870 2653 896 2676 ct
909 2650 990 2676 inter-

195 2698 251 2724 itus
276 2697 401 2724 absentia
426 2697 518 2724 dicere
533 2695 769 2730 incorrttptibilem
785 2695 876 2729 ipsum
897 2699 924 2721 et
940 2695 989 2721 im-

196 2744 351 2771 mortalem.
363 2743 458 2771 Fidem
467 2743 587 2770 habeant
595 2742 686 2773 dictis,
696 2742 743 2777 qui
755 2741 868 2768 naribus
879 2741 990 2769 trahun-

196 2793 291 2821 ’.ιιι-,οι
306 2789 338 2816 ad
357 2789 381 2816 id
403 2789 476 2823 quod
498 2789 596 2823 cuique
619 2788 724 2815 videtur
751 2787 989 2822 circumaguntur,

1040 2186 1127 2221 φθορᾷ
1138 2185 1184 2211 καὶ
1199 2183 1237 2218 τῷ
1250 2183 1357 2217 θανάτῳ
1392 2181 1443 2216 τὴν
1457 2181 1584 2214 γέννησιν
1595 2199 1602 2211 ,
1624 2179 1663 2210 ὼς
1682 2177 1780 2204 ταύτὸν
1805 2177 1833 2202 ἐν

1037 2234 1094 2264 τοῖς
1104 2231 1157 2267 πρὸ
1171 2230 1266 2257 τούτου
1282 2229 1371 2264 λόγοις
1386 2229 1414 2255 ὲν
1427 2228 1466 2263 τῷ
1480 2227 1612 2262 ἀφθάρτῳ
1640 2225 1672 2251 τὸ
1687 2224 1833 2258 ἀγέννητον

1039 2278 1207 2313 ἀπεφήνατο.
1224 2277 1255 2303 El
1267 2274 1313 2302 οὖν
1330 2277 1359 2302 ὲν
1369 2276 1420 2310 ἴσῳ
1435 2274 1527 2310 βλέπει
1543 2274 1592 2308 τὴν
1605 2272 1711 2308 φθορὰν
1724 2272 1773 2298 καὶ
1787 2271 1834 2306 τὴν

1039 2325 1176 2359 γέννησιν,
1195 2323 1242 2349 καὶ
1257 2322 1358 2357 ὁμοίως
1371 2321 1445 2355 λέγει
1461 2320 1505 2347 τὸν
1528 2319 1595 2346 Θεὸν
1615 2318 1770 2353 ἀφεστάναι
1784 2318 1834 2343 τῶν

1038 2370 1100 2397 δύο-
1124 2368 1251 2404 γεννητὸς
1265 2369 1294 2395 δὲ
1307 2369 1321 2394 ὁ
1336 2367 1447 2402 Κύριος,
1465 2365 1560 2402 μηδεὶς
1573 2365 1639 2400 παρ’
1656 2364 1736 2399 ἡμῶν
1755 2365 1833 2391 ἁπαι-

1039 2417 1120 2444 τείτω
1140 2415 1322 2452 προστεθῆναι
1342 2414 1373 2440 τὸ
1387 2415 1419 2440 ὲκ
1435 2413 1483 2439 τοῦ
1499 2412 1580 2446 λόγου
1599 2410 1760 2441 ἀκόλουθον,
1781 2409 1834 2435 ἀλλ’

1039 2463 1085 2497 ἀφ’
1103 2461 1199 2488 ἑαυτοῦ
1223 2459 1427 2494 συλλογισάσθω
1450 2458 1480 2484 τὸ
1504 2458 1609 2493 πέρας·
1634 2456 1716 2492 εἴπερ
1739 2456 1834 2490 ἐπίσης

1040 2510 1087 2535 καὶ
1110 2507 1180 2534 κατὰ
1207 2507 1252 2533 τὸν
1279 2506 1360 2532 αὐτὸν
1386 2504 1465 2538 λόγον
1491 2504 1538 2544 ἰ·ρῦ
1567 2501 1700 2537 γεννητοῦ
1727 2501 1834 2528 καὶτοῦ

1040 2552 1161 2588 φθαρτοῦ
1186 2553 1202 2587 ἡ
1227 2551 1274 2578 τοῦ
1297 2550 1364 2577 Θεοῦ
1388 2550 1468 2584 φύσις
1493 2548 1661 2583 ἀφέστηκεν.
1694 2547 1767 2573 Ἀλλ’
1789 2547 1836 2574 οὐκ

1040 2600 1114 2631 ἐστι,
1140 2597 1232 2634 φησὶν,
1251 2596 1370 2631 ἀπουσίᾳ.
1395 2595 1510 2622 θανάτου
1528 2594 1576 2620 καὶ
1604 2593 1709 2628 φθορᾶς
1721 2613 1728 2624 ,
1747 2592 1835 2625 λέγειν

1039 2646 1177 2681 ἄφθαρτον
1201 2644 1282 2671 αὐτὸν
1310 2644 1356 2669 καὶ
1383 2642 1523 2669 ἀθάνατον.
1560 2639 1754 2666 Πειθέσθωσαν
1782 2641 1834 2670 τοῖς

1041 2693 1195 2730 εἰρημένοις
1232 2692 1255 2717 οἱ
1279 2690 1334 2717 τῶν
1365 2688 1445 2724 ῥινῶν
1474 2687 1631 2722 ἑλκόμενοι,
1656 2685 1706 2712 καὶ
1727 2686 1794 2721 πρὸς
1807 2685 1834 2711 τὸ

1040 2740 1135 2767 δοκοῦν
1156 2738 1263 2772 ἑκάστῳ
1291 2735 1499 2771 περιαγόμενοι,
1525 2733 1571 2760 καὶ
1597 2732 1756 2765 λεγέτωσαν
1769 2739 1834 2764 παρ-

1044 2786 1111 2810 εῖναι
1141 2782 1180 2817 τῷ
1212 2782 1271 2817 Θεῷ
1291 2782 1340 2816 τὴν
1364 2780 1465 2816 φθορὰν
1493 2779 1540 2807 καὶ
1562 2779 1608 2806 τὸν
1635 2778 1753 2805 θάνατον
1795 2776 1835 2803 in
