1951 3074
56 122 130 152 “l3

586 118 723 146 CONTRA
745 116 936 150 ElJNOXII'L'M,
958 119 1020 148 LIB.
1042 119 1096 149 XII.

1610 119 1678 148 “fl

55 181 192 213 ἀθάνατός
204 190 233 208 τε
248 182 293 208 καὶ
307 181 443 218 ἄφθαρτος
459 182 582 217 λέγηται.
599 183 632 210 Εἰ
647 183 700 218 γὰρ
724 183 784 217 οὺχὶ
797 182 843 217 τὴν

903 186 922 209 :t
937 183 1029 211 dicant
1045 184 1099 212 Deo
1126 185 1265 213 interitum
1281 189 1308 212 cl
1325 188 1439 212 mortem
1461 181 1568 212 adesse,
1584 183 1614 206 ut
1629 186 1683 205 mi-

55 229 193 255 ἀπουσίαν
206 228 252 255 τοῦ
273 229 385 255 θανάτου
401 229 509 264 καὶτῆς
525 230 642 265 φθορᾶς,
659 229 747 261 καθώς
764 237 844 265 φησιν

55 275 70 301 6
89 275 231 309 Εὐνόμιος,
247 274 275 300 αἱ
295 274 469 310 ἀφαιρετικαὶ
484 275 586 302 τούτων
599 275 778 311 προσηγορίαι
795 284 844 310 ση-

58 320 203 354 μαίνουσι,
219 318 326 354 πάντως
340 319 370 346 τὸ
387 321 512 355 παρεῖναι
529 320 602 355 αὑτῷ
625 320 660 347 τά
687 321 794 347 ἐναντία
816 329 845 346 τε

56 366 106 392 καὶ
118 365 244 400 ἀλλότρια
257 365 302 391 διὰ
313 365 362 400 τῆς
374 365 544 400 τεχνολογίας
559 366 660 401 ταύτης
675 366 846 393 κατασκευά-

58 411 147 443 ζεται.
167 411 301 437 "Exeo-rev
322 410 376 446 γὰρ
395 411 448 437 τῶν
463 411 613 446 νοουμένων
629 412 645 447 ἥ
660 407 759 438 tim-:th
777 411 846 438 πάν-

55 465 113 489 ⁸τως
132 457 213 489 τινὸς,
231 457 248 492 ἢ
262 457 311 484 οὐκ
327 457 450 489 ἄπεστιν,
473 455 537 489 οἷον,
551 457 608 491 φῶς
618 478 626 490 ,
643 458 737 489 σκότος
747 478 754 490 ,
777 457 845 492 ζωὴ,

61 504 188 536 θάνατος,
202 503 289 538 ὑγεία,
307 503 383 536 νόσος
397 504 443 530 καὶ
457 503 506 530 ὅσα
517 503 628 530 τοιαῦτα
640 513 647 519 ·
661 505 703 538 ἐφ’
724 500 761 530 ὦν
778 505 802 530 εί
817 503 847 530 τὸ

57 549 153 585 ἕτερόν
178 556 221 580 τις
243 548 298 575 τῶν
320 549 470 584 νοουμένων
492 549 601 576 ἀπεῖναι
623 549 708 583 λέγοι,
734 548 783 585 τὴν
799 549 846 576 τοῦ

58 595 154 630 ἐτέρου
170 594 277 626 πάντως
291 596 442 629 παρουσίαν
458 595 664 621 κατασκευάσει.
681 594 712 620 El
723 592 768 621 οὖν
781 602 847 629 φησι

61 641 99 676 μὴ
114 640 161 667 τοῦ
173 640 288 667 θανάτου
299 640 416 675 ἀπουσίᾳ
429 640 473 667 τὸν
485 640 551 666 Θεὸν
566 640 697 667 ἀθάνατον
708 640 845 675 λέγεσθαι,

57 687 139 722 δῆλος
148 687 181 714 ἂν
195 687 237 722 είη
248 687 398 722 παρουσίαν
409 686 482 721 αὐτῷ
497 686 610 713 θανάτου
624 687 846 720 κατασκευάζων,

59 733 108 758 καὶ
129 732 173 758 διὰ
194 732 290 758 τούτου
308 732 358 765 τὴν
385 731 534 758 ἀθανασίαν
560 731 607 757 ἐπὶ
630 731 677 757 τοῦ
702 731 768 758 Θεοῦ
794 732 848 758 τῶν

59 777 130 804 ὅλων
142 776 316 812 ἀρνούμενος.
338 775 400 807 Πῶς
420 775 474 811 γὰρ
489 776 521 802 ἂν
534 775 574 802 ἔτι
591 775 723 807 ἀθάνατος
741 775 847 811 ἀληθῶς

60 823 104 856 εἴη
127 822 174 848 καὶ
194 820 343 856 ἄφθαρτος.
359 817 389 847 οὗ
410 821 447 856 μὴ
467 821 575 847 ἀπεῖναι
594 821 668 853 λέγει
681 821 729 855 τὴν
745 820 847 855 φθορὰν

896 230 1019 258 mortalis
1038 234 1064 258 et
1082 230 1296 266 iucorruptibilis
1318 231 1433 258 dicatur.
1453 229 1481 256 Si
1497 228 1568 255 enim
1583 225 1679 253 mortis

895 278 922 301 et
938 274 1065 303 interitus
1091 276 1254 309 absentiam,
1277 277 1348 304 sicut
1359 276 1397 302 ait
1421 272 1582 301 Eunomius.
1611 269 1678 297 sub-

896 321 1032 348 straclivm
1047 321 1143 348 horum
1162 321 1356 356 appellationes
1365 328 1419 347 non
1436 318 1600 355 signiﬁcant,
1617 322 1677 342 om-

896 366 962 394 nino
985 367 1009 394 ei
1033 367 1128 394 adesse
1154 367 1291 394 contraria
1316 371 1343 394 et
1369 366 1455 392 aliena
1489 364 1539 390 hoc
1564 359 1678 388 artificio

897 412 1040 440 astruitur.
1054 411 1273 447 Unumquodque
1291 412 1362 439 enim
1384 417 1479 438 eorum
1495 416 1555 444 quae
1579 405 1680 433 intelli—

896 465 1007 495 guntur,
1025 460 1067 487 vel
1085 459 1162 487 abest
1173 466 1284 495 prorsus
1299 459 1332 485 ab
1348 458 1449 492 aliquo,
1466 456 1506 483 vel
1519 462 1572 481 non
1591 453 1678 483 abest,

897 509 926 531 ut
950 504 1006 536 lux,
1032 504 1160 537 tenebrat,
1182 505 1248 537 vita,
1278 511 1362 534 mors,
1377 502 1492 531 sanitas,
1511 499 1632 529 morbus,
1652 502 1678 524 el

897 557 1066 584 quacunque
1089 549 1223 584 ejusmodi
1250 557 1257 575 ε
1283 548 1311 574 in
1337 546 1437 582 quibus
1461 545 1483 571 si
1509 545 1622 570 alterum
1634 548 1679 567 eo-

896 599 957 619 rum
976 600 1036 628 quae
1051 593 1239 627 intelliguntur
1249 592 1345 619 abesse
1353 590 1414 625 quis
1428 588 1511 618 dicat,
1525 586 1619 621 proeul
1629 585 1680 611 du-

897 636 943 664 bio
962 636 1074 663 alterius
1087 636 1258 671 praesentiam
1273 637 1424 662 construet.
1445 632 1473 659 Si
1486 632 1568 666 igitur
1583 630 1681 657 asserit

898 682 995 710 mortis
1021 682 1143 709 absentia
1168 682 1251 709 Deum
1270 689 1324 708 non
1344 681 1398 708 dici
1416 678 1605 706 immortalem.
1625 683 1681 702 ma-

898 727 999 755 nifeste
1017 719 1122 755 astruet
1142 729 1237 755 mortis
1253 726 1425 762 praesentiam
1437 725 1461 752 ei
1477 724 1583 752 adesse.
1599 726 1682 755 atque

898 773 1001 801 idcirco
1025 774 1255 802 immortalitatem
1272 775 1299 801 in
1315 773 1370 800 Deo
1391 772 1580 799 universorum
1601 775 1684 802 nega-

900 819 948 846 bit.
965 819 1108 852 Quomodo
1123 820 1196 847 enim
1212 827 1277 847 vere
1297 818 1459 846 immortalis
1476 822 1502 844 et
1515 815 1682 849 incorrupti-

61 869 106 894 καὶ
122 868 166 894 τὸν
182 867 312 898 θάνατον;
338 866 407 892 Ἀλλ’
424 866 487 898 ἴσως
509 867 566 901 ἐρεῖ
579 875 620 897 τις
642 866 715 901 ἡμᾶς
728 868 845 900 ἐπηρεα-

903 865 960 892 bilis
978 865 1023 892 ille
1052 865 1143 896 fuerit.
1165 873 1179 892 a
1203 874 1257 900 quo
1277 866 1321 892 ille
1340 873 1394 892 non
1424 864 1520 891 abesse
1541 862 1682 889 interitqu

62 913 225 948 στικώτερον
239 912 278 948 τῷ
294 912 365 947 λόγῳ
377 911 580 947 προσφύεσθαι·
598 911 635 946 μὴ
648 911 700 947 γὰρ
722 911 754 937 ἂν
776 910 848 937 οὓτω

62 955 180 995 μανῆναί
195 967 272 989 τινα,
299 959 336 989 ὡς
351 957 554 984 κατασκευάσαι
577 957 622 983 τὸν
634 957 700 983 Θεὸν
722 957 758 992 μὴ
779 954 848 982 εἶναι

60 1005 209 1036 ἀθάνατον,
227 1003 293 1030 ἀλλὰ
310 1003 364 1030 τῶν
381 1003 429 1034 μὲν
442 1004 470 1029 ἐν
484 1002 522 1038 τῷ
537 1002 651 1038 κρυπτῷ
665 1011 719 1029 τισι
736 1002 848 1037 νοουμέ-

61 1060 124 1082 νων,
143 1049 230 1081 οὐδεὶς
243 1049 394 1085 ἀνθρώπων
410 1048 458 1084 τὴν
478 1048 577 1082 γνῶσιν
591 1048 663 1082 ἔχει,
689 1047 732 1074 διὰ
746 1048 774 1074 δὲ
794 1048 849 1074 τῶν

62 1096 215 1131 λεγομένων
234 1095 248 1121 6
268 1094 419 1129 στοχασμὸς
433 1095 499 1129 ἡμῖν
515 1094 569 1120 τῶν
588 1095 784 1130 κεκρυμμέκων
804 1096 849 1129 ἐτ-

64 1142 176 1175 γίνεται.
190 1140 293 1169 Οὐκοῦν
308 1140 386 1167 πάλιν
400 1139 431 1167 τὸ
448 1139 528 1176 ρηθὶν
539 1139 726 1175 ἀναλάϐωμεν.

99 1284 161 1310 οὐκ
175 1283 307 1316 ἀπουσίᾳ
322 1282 461 1314 θανάτου,
482 1283 574 1318 φησιν,
589 1284 605 1310 ὁ
620 1283 687 1315 Θεὸς
704 1282 850 1316 ἀθάνατος

61 1329 191 1364 λέγεται.
205 1329 264 1361 [ιὼς
278 1328 408 1364 δεξόμεθα
418 1329 448 1355 τὸ
461 1329 620 1364 λεγόμενον;
635 1329 675 1355 ὃτι
688 1330 736 1355 οὑκ
753 1329 850 1356 ἄπεστι

60 1376 108 1403 τοῦ
126 1375 194 1402 Θεοῦ
208 1377 221 1402 6
235 1375 358 1407 θάνατος,
373 1375 424 1402 κᾶν
446 1376 578 1406 ἀθάνατος
593 1375 719 1411 λέγηταις
747 1373 850 1401 Οὐκοῦν

61 1422 85 1447 εἰ
98 1421 177 1447 τοῦτο
196 1420 299 1448 κελεύει
311 1422 390 1453 νοεῖν,
409 1421 505 1456 θνητὸς
519 1421 596 1447 ἔσται
612 1421 719 1452 πάντως
739 1421 752 1446 6
766 1420 850 1446 Εὐνο-

63 1467 126 1502 μίου
155 1467 238 1499 Θεὸς,
258 1467 304 1494 καὶ
328 1466 414 1502 φθορᾷ
448 1466 636 1501 ὑποκείμενος,
662 1462 699 1492 οὗ
722 1465 775 1500 γὰρ
801 1466 850 1491 οὐκ

62 1513 163 1539 ἄπεστι
179 1512 289 1542 θάνατος
304 1512 436 1539 ἀθάνατον
452 1508 521 1538 εἶναι
536 1511 616 1546 φύσιν
630 1512 679 1538 οὐκ
694 1511 750 1546 ἔχει
760 1519 767 1526 θ
783 1510 850 1537 ἀλλὰ

62 1557 119 1591 μὴν
136 1558 161 1582 εί
173 1557 240 1591 μήτε
258 1555 372 1582 θανάτου
389 1556 456 1591 μήτε
474 1555 576 1591 φθορᾶς
585 1555 717 1582 ἀπουσίαν
728 1555 754 1581 αἱ
768 1564 850 1590 προσ-

59 1602 174 1636 ηγορίαι
194 1600 377 1635 σημαίνουσιν,
398 1601 414 1636 ἢ
438 1600 526 1636 μάτην
547 1600 715 1634 ἐπιλέγονται
740 1600 779 1636 τῷ
805 1601 852 1627 ἐπὶ

62 1647 173 1673 πάντων
185 1646 253 1681 Θεῷ,
269 1646 283 1681 ἢ
296 1645 388 1681 ἕτερόν
399 1655 459 1672 τινα
471 1645 531 1673 νοῦν
544 1646 572 1672 ἐν
581 1646 674 1677 αὑταῖς
685 1646 850 1681 περιέχουσι.

62 1693 112 1724 Τίς
139 1691 185 1718 οὖν
215 1688 292 1722 οὗτος
317 1692 510 1726 ὲρμηνευσίιτω
536 1692 550 1718 6
577 1691 741 1726 τεχνολόγος.
782 1691 852 1717 Ἀλλ’

61 1739 145 1772 ἡμεῖς
161 1737 200 1768 οἱ,
216 1736 305 1767 καθώς
328 1745 409 1771 φησιν
433 1737 447 1762 6
466 1737 613 1771 Εὑνόμιος,
637 1737 852 1771 ἀνεπιστήμονες

62 1783 111 1808 καὶ
126 1783 175 1817 τῆς
196 1781 249 1807 τῶν
265 1782 432 1816 πραγμάτων
450 1781 566 1816 κρίσεως
576 1801 583 1813 ,
598 1782 645 1808 καὶ
660 1781 710 1816 τῆς
728 1781 781 1807 τῶν
793 1782 853 1808 ὀνο-

65 1829 161 1864 μάτων
175 1828 308 1863 χρήσειας,
324 1827 417 1854 ἄνοσον
434 1827 523 1861 λέγειν
536 1827 734 1862 μεμαθήκαμεν
743 1847 750 1859 ,
762 1827 811 1861 οὐχ
823 1825 853 1854 οὗ

62 1873 95 1900 τδ
108 1873 217 1908 κράτος,
230 1872 286 1898 ἀλλ’
297 1868 326 1898 οὗ
339 1872 354 1906 ὴ
368 1871 444 1902 νόσος
455 1871 618 1906 κεχώρισται
628 1879 634 1886 ·
648 1872 694 1898 καὶ
707 1870 812 1906 ἀπηρον
822 1871 853 1898 οὐ

63 1919 111 1945 τὸν
126 1919 179 1951 ἐξω
198 1917 252 1944 τῶν
264 1917 422 1951 συμποσίων
435 1916 499 1943 ὄντα
508 1936 515 1948 ,
537 1916 604 1943 ἀλλὰ
618 1917 663 1943 τὸν
682 1916 814 1952 μηδεμίαν
825 1918 854 1943 ἐν

65 1963 158 1998 ἐαυτῷ
170 1964 292 1998 πήρωσιν
309 1962 404 1997 ἔχοντα
415 1969 422 1976 ·
439 1961 484 1988 καὶ
491 1962 524 1987 τὰ
535 1961 602 1988 ἄλλα
615 1961 701 1988 πάντα
712 1961 852 1993 ὡσαύτως,

63 2011 81 2044 ἢ
93 2011 126 2036 ἐκ
137 2009 184 2035 τοῦ
198 2008 329 2043 παρόντος
343 2008 360 2043 ἢ
371 2009 403 2034 ἐκ
417 2007 463 2034 τοῦ
477 2007 514 2042 μὴ
525 2007 657 2042 παρόντος
671 2006 852 2042 κατονομάζο-

66 2064 118 2090 μεν
129 2075 135 2084 .
153 2054 284 2090 ἀνδρεῖον,
305 2053 443 2088 ἄνανδρον,
470 2053 578 2087 ὑπνώδη
589 2073 596 2085 ,
608 2053 724 2086 ἄϋπνον,
743 2053 789 2080 καὶ
806 2053 854 2079 ὃσα

63 2101 116 2135 τῆς
134 2100 276 2135 συνηθείας
288 2100 376 2134 ἔχεται
390 2099 499 2134 ταύτης.
521 2099 589 2125 Ἀλλ’
605 2099 655 2125 οὐκ
666 2097 724 2125 οἶδα
740 2099 765 2125 τί
777 2099 854 2135 φέρει

66 2146 163 2178 κέρδος
185 2146 214 2172 τὺ
229 2145 279 2174 τὰς
302 2145 435 2180 φλυαρίας
456 2145 557 2176 ταύτας
581 2144 672 2176 ἀξιοῦν
689 2145 853 2177 ἐξετάσεως·

898 916 925 938 et
937 917 1050 938 mortem
1064 911 1205 938 autumat?
1219 911 1271 939 Sed
1283 912 1354 938 (licet
1370 910 1478 944 aliquis.
1492 916 1541 935 nos
1556 907 1682 934 infestius

898 961 925 983 et
945 957 1141 985 calumniosius
1166 957 1284 985 sermoni
1311 957 1515 988 adluerescere;
1540 962 1593 981 non
1610 953 1682 980 enim

900 1003 938 1028 sic
962 1009 1125 1036 quemquam
1152 1003 1281 1035 insanire,
1305 1007 1335 1029 ut
1357 1002 1441 1029 Deum
1468 1008 1522 1027 non
1544 1006 1606 1026 esse
1633 998 1685 1024 im-

899 1049 1041 1075 mortalem
1058 1053 1174 1079 astruat,
1199 1049 1245 1076 sed
1265 1056 1359 1076 eorum
1376 1048 1484 1083 quidem
1508 1053 1569 1081 qua:
1592 1044 1618 1071 in
1638 1050 1685 1070 oc-

900 1093 975 1120 culto
995 1101 1010 1120 a
1032 1094 1195 1128 quibusdam
1212 1095 1409 1129 intelliguntur,
1435 1093 1526 1120 nullus
1545 1092 1685 1119 hominum

900 1139 1082 1174 cognitionem
1098 1139 1188 1171 habet,
1205 1140 1338 1174 siquidem
1355 1147 1403 1174 per
1428 1147 1458 1166 ea
1477 1147 1536 1173 qnze
1556 1139 1686 1166 dicuntur

901 1185 927 1212 ili
955 1186 1035 1214 nobis
1061 1186 1212 1213 abditorum
1239 1188 1275 1214 sit
1295 1186 1464 1221 conjectura.
1492 1185 1562 1220 Ergo
1587 1186 1684 1213 iterum

900 1231 973 1266 quod
993 1232 1096 1259 dictum
1118 1237 1161 1259 est
1185 1240 1366 1259 resumamus.

936 1275 998 1302 Non
1020 1276 1140 1303 absentia
1169 1277 1260 1303 mortis
1275 1298 1282 1310 ,
1302 1277 1405 1311 inquit,
1427 1276 1497 1304 Deus
1521 1277 1686 1305 lnnnortalis

900 1322 1008 1349 dicitur.
1028 1321 1171 1354 Quomodo
1195 1323 1267 1357 quod
1285 1323 1387 1350 dicitur
1411 1324 1599 1358 accipiemus?
1613 1325 1685 1359 quod

901 1376 915 1396 a
931 1369 985 1396 Deo
1009 1376 1082 1395 mors
1115 1376 1168 1396 non
1195 1370 1281 1401 abest,
1303 1369 1353 1396 etsi
1380 1369 1542 1398 immortalis
1566 1371 1688 1398 dicitur?

901 1413 984 1450 Igitur
1002 1414 1024 1441 si
1045 1414 1179 1449 liocjuhet
1195 1415 1356 1451 intelligere,
1372 1415 1424 1443 erit
1439 1417 1549 1451 penitus
1565 1417 1687 1444 mortalis

901 1460 1027 1487 Eunomii
1045 1460 1126 1492 Deus,
1144 1465 1170 1488 et
1186 1461 1306 1488 iuteritui
1327 1462 1463 1490 obnoxius
1492 1471 1507 1490 a
1527 1471 1581 1498 quo
1614 1463 1686 1491 enim

903 1513 976 1532 mors
995 1513 1050 1532 non
1067 1505 1155 1537 abest,
1173 1506 1339 1534 immortalis
1362 1511 1390 1533 ut
1419 1507 1455 1535 sit
1479 1513 1604 1536 naturam
1634 1517 1687 1537 non

902 1551 980 1578 habet
997 1561 1006 1577 τ
1018 1555 1202 1579 verumtamen
1219 1553 1241 1579 si
1259 1560 1347 1588 neque
1363 1554 1458 1581 mortis
1481 1562 1568 1589 neque
1594 1562 1689 1582 corru-

903 1598 1005 1634 ptionis
1022 1598 1174 1626 absentiam
1196 1599 1237 1626 lia1
1254 1599 1450 1634 appellationes
1473 1600 1635 1634 (privatiraz)
1651 1601 1688 1628 si-

902 1643 1049 1678 gnificant,
1068 1643 1111 1670 vel
1139 1644 1239 1671 frustra
1256 1644 1289 1672 de
1311 1644 1365 1672 Deo
1382 1646 1572 1673 universorum
1589 1647 1688 1674 dicun-

903 1691 958 1720 tur,
976 1688 1017 1715 vel
1033 1688 1117 1715 alium
1133 1690 1277 1723 quemdam
1296 1690 1463 1717 intellectum
1485 1691 1511 1718 in
1529 1691 1597 1726 ipsis
1613 1700 1690 1719 C0lll-

902 1732 1069 1767 plectuntur.
1101 1733 1170 1767 Quis
1200 1734 1283 1769 igitur
1312 1735 1468 1763 intellectus
1495 1736 1690 1771 interpretetur

903 1778 1011 1805 artifex.
1026 1778 1080 1806 Sed
1095 1787 1154 1812 nos,
1169 1784 1198 1806 ut
1214 1780 1302 1814 inquit
1317 1781 1478 1814 Eunomius,
1493 1782 1539 1817 qui
1552 1790 1647 1810 sumus
1662 1787 1690 1810 et

903 1831 994 1851 rerum
1015 1824 1111 1859 judicii
1133 1830 1278 1860 expertes,
1300 1830 1328 1853 et
1349 1827 1490 1853 nominum
1510 1835 1577 1855 usus
1598 1829 1688 1860 inscii,

905 1877 1001 1897 sanum
1016 1870 1109 1897 dicere
1126 1871 1290 1903 didicimus,
1310 1879 1364 1899 non
1389 1880 1404 1898 a
1421 1880 1474 1906 quo
1501 1873 1593 1905 robur,
1611 1875 1657 1902 sed
1675 1883 1689 1901 a

904 1923 960 1950 quo
991 1916 1104 1943 morbus
1130 1915 1272 1951 separatus
1302 1921 1362 1954 est;
1384 1922 1411 1944 et
1435 1919 1610 1950 incolumem,
1635 1927 1688 1946 non

904 1969 966 1989 eum
981 1961 1027 1996 qui
1045 1966 1087 1989 est
1101 1966 1178 1989 extra
1203 1962 1338 1994 convivia,
1355 1963 1402 1990 sed
1424 1963 1470 1998 qui
1490 1965 1592 1991 nullam
1616 1965 1642 1991 in
1661 1973 1690 1992 se

889 2007 965 2042 'ipso
983 2007 1064 2035 habet
1091 2008 1301 2041 mutilationem,
1316 2012 1343 2035 et
1366 2014 1464 2036 caetera
1485 2009 1576 2036 omnia
1593 2010 1690 2036 simili-

905 2057 957 2085 ter,
975 2054 1016 2081 vel
1034 2061 1066 2080 ex
1085 2058 1228 2089 praesente,
1250 2054 1290 2081 vel
1317 2062 1350 2081 ex
1375 2061 1428 2081 non
1449 2060 1580 2088 praesente
1602 2056 1689 2082 nomi-

906 2107 1013 2129 namus,
1025 2098 1345 2131 fortem,’eﬂ‘eminatum,
1362 2101 1572 2132 somnolentum,
1586 2101 1687 2128 insom-

907 2151 980 2174 nem.
998 2147 1027 2170 ut
1042 2151 1221 2178 quaecumque
1237 2149 1300 2171 sunt
1315 2144 1396 2178 hujus
1408 2145 1622 2173 consuetudinis.
1638 2145 1690 2173 Sed

65 2193 147 2227 ἀνδρὶ
160 2192 214 2227 γὰρ
233 2193 262 2218 ἐν
279 2192 359 2227 πολιᾷ
378 2191 473 2224 ζῶντι,
497 2191 544 2217 καὶ
563 2190 631 2226 πρὸς
651 2191 779 2226 ἀλήθειαν
796 2190 852 2225 βλέ-

908 2189 980 2216 liaud
1005 2191 1062 2217 scio
1089 2190 1153 2225 quid
1182 2191 1250 2217 lucri
1268 2190 1372 2222 alferat,
1395 2190 1444 2218 has
1461 2199 1547 2227 nugas
1567 2192 1691 2219 animad-

66 2245 157 2268 ποντι,
172 2238 202 2263 οὺ
220 2236 304 2271 μικρὰ
319 2236 385 2271 πρὸς
400 2236 560 2270 κατάκρισιν
573 2236 656 2268 αἰτία,
675 2235 706 2262 τὸ
721 2236 753 2262 τὰ
764 2235 855 2269 γελοῖά

65 2293 98 2311 τε
116 2284 164 2310 καὶ
187 2283 305 2310 ἄσπονδα
325 2283 375 2317 τῆς
394 2282 441 2309 τοῦ
462 2282 608 2308 ἀντιπάλου
631 2281 794 2316 φιλονεικίας
813 2282 856 2308 διὰ

67 2330 204 2365 στόματος
217 2329 320 2364 φέρειν.
341 2328 386 2354 Διὸ
405 2329 520 2365 παρήσω
540 2328 652 2354 κάκεῖνα
662 2347 669 2360 ,
685 2327 733 2353 καὶ
747 2327 781 2353 τὰ
794 2327 857 2361 ἑξῆς

67 2375 187 2404 ἐκείνοις
209 2373 402 2408 προσκείμενα.
424 2371 546 2397 Ἐστιδέ
565 2371 668 2397 ταῦτα·
694 2370 857 2405 Μηδεμίιιν,

67 2420 149 2455 φησι,
164 2418 219 2452 τῆς
229 2418 378 2452 ἀληθείας,
387 2417 463 2452 μήτε
474 2417 513 2449 τῷ
530 2416 590 2449 Θεῷ
602 2417 757 2451 συμφυΐαν
767 2424 858 2451 προσ-

65 2464 291 2500 μαρτυρούσης.
312 2463 342 2489 Et
367 2463 421 2498 γὰρ
446 2462 483 2497 μὴ
509 2462 600 2497 είρητο
625 2462 712 2492 τοῦτο,
737 2461 778 2493 τίς
795 2459 829 2496 ἦν
844 2462 858 2488 6

67 2509 154 2544 διφυᾶ.
173 2508 219 2534 τὸν
236 2508 302 2534 Θεὸν
326 2505 395 2533 εἶναι
420 2506 522 2540 λέγων,
547 2503 616 2541 πλὴν
631 2506 689 2537 σοῦ,
705 2505 752 2532 τοῦ
769 2507 858 2533 πᾶσαν

68 2556 204 2590 ὀνόματος
217 2554 320 2580 ἔννοιαν
339 2554 372 2588 τῇ
393 2553 440 2580 τοῦ
459 2553 564 2588 Πατρδς
580 2553 658 2588 οὐσίᾳ
680 2552 858 2587 συμφύοντος,

70 2601 120 2628 καὶ
137 2600 219 2635 μηδὲν
233 2599 285 2632 ἐξω
301 2601 440 2634 προσεῖναι
453 2599 586 2633 λέγοντος,
602 2598 660 2625 ἀλλ’
672 2598 786 2625 ἕκαστον
805 2598 860 2625 τῶν

69 2646 138 2680 περὶ
159 2645 190 2671 τὸ
210 2645 286 2671 Θεϊον
307 2644 456 2680 ὀνομάτων,
475 2645 508 2680 τῇ
524 2644 603 2679 οὐσίᾳ
619 2644 666 2670 τοῦ
680 2643 746 2670 Θεοῦ
767 2645 860 2676 ἐγκεν-

70 2687 232 2723 τρίζοντοςς
248 2685 331 2717 Εἶτα,
348 2687 424 2722 φησὶ,
445 2687 521 2721 μήτε
536 2686 599 2720 μὴν
614 2686 725 2718 ἔξωθεν
737 2685 787 2713 καὶ
801 2683 870 2719 παρ’

72 2733 162 2768 ἡμῶν
167 2732 379 2767 πλαιτομένην
385 2732 813 2766 τοιαύηνέννοιανεὺσεϐείας
821 2732 870 2759 νό-

71 2788 142 2813 μοις
157 2778 380 2814 ἐγγραφούσης.
395 2778 474 2804 Ἀλλά
491 2780 697 2814 παραιτήσομαι
714 2778 793 2805 πάλιν
806 2778 870 2814 περὶ

74 2825 128 2852 τῶν
135 2824 302 2860 εἰρημένων,
311 2824 347 2856 ὡς
353 2824 414 2859 οὐχὶ
421 2824 609 2858 γελωτοποιῶν
616 2825 670 2856 τοῖς
676 2824 868 2859 ἐντυγχάνουσι

908 2235 1035 2261 versione
1064 2235 1160 2269 dignas
1192 2242 1321 2268 censere;
1352 2235 1411 2262 viro
1443 2236 1515 2263 enim
1542 2236 1569 2263 iu
1594 2237 1693 2264 canitie

908 2279 1021 2310 viventi,
1039 2283 1066 2306 et
1082 2279 1115 2306 ad
1139 2280 1281 2307 veritatem
1296 2280 1464 2315 respicienti,
1482 2288 1534 2307 non
1560 2289 1640 2316 parra
1659 2282 1692 2309 ad

909 2324 1164 2351 condemnationem
1178 2324 1270 2359 culpa,
1285 2325 1400 2352 ridicula
1413 2329 1440 2352 et
1455 2326 1584 2360 perlidias
1597 2327 1692 2355 adver-

909 2369 974 2396 sarii
999 2369 1142 2397 ambitiosa
1167 2371 1342 2397 contentione
1372 2371 1526 2400 maledictis
1554 2373 1692 2401 inscctari.

910 2414 1081 2450 Quapropter
1098 2419 1124 2442 et
1146 2416 1190 2442 illa
1208 2417 1424 2450 praetermittam,
1439 2423 1465 2446 et
1483 2426 1542 2453 quae
1567 2420 1694 2455 deinceps

910 2461 965 2488 illis
979 2461 1117 2496 adjacent.
1136 2461 1233 2494 Nulla,
1247 2462 1345 2497 inquit,
1360 2463 1468 2490 veritate
1483 2463 1536 2491 Deo
1546 2465 1694 2492 naturalem

910 2506 1118 2540 conjunctionem
1130 2507 1298 2534 attribuente.
1313 2507 1342 2534 Si
1359 2508 1432 2535 enim
1453 2508 1504 2535 hoc
1524 2509 1625 2536 dictum
1640 2517 1695 2536 non

910 2555 994 2584 esset,
1010 2552 1072 2586 quis
1093 2551 1177 2578 Deum
1192 2559 1253 2580 esse
1266 2552 1409 2580 biformem
1423 2552 1524 2580 diceret
1539 2558 1637 2588 praeter
1657 2557 1694 2585 te,

911 2598 957 2633 qui
973 2605 1080 2625 omnem
1099 2599 1218 2626 nominis
1232 2600 1356 2626 notitiam
1368 2599 1458 2627 Patris
1480 2602 1607 2627 essentiae
1629 2608 1694 2628 coa-

911 2643 1015 2670 lescere
1039 2643 1118 2674 facis,
1137 2643 1258 2678 nihilque
1273 2649 1350 2672 extra
1366 2645 1462 2673 adesse
1481 2644 1561 2676 dicis,
1575 2645 1622 2672 sed
1640 2645 1696 2672 sin-

912 2688 974 2723 gula
987 2688 1097 2715 nomina
1109 2689 1143 2717 de
1155 2688 1209 2717 Deo
1223 2691 1372 2721 celebrata,
1389 2691 1416 2718 in
1430 2689 1476 2718 Dei
1492 2690 1610 2718 essentia
1625 2691 1698 2718 velut

913 2734 939 2761 in
959 2739 1084 2762 centrum
1102 2735 1266 2763 adducens"!
1281 2736 1390 2770 Deinde,
1407 2736 1504 2770 inquit,
1530 2744 1610 2770 neque
1628 2741 1698 2763 certe

913 2781 1076 2808 extrinsecus
1091 2786 1115 2808 et
1141 2789 1157 2807 a
1172 2782 1245 2808 nobis
1258 2782 1400 2816 con/ictam
1412 2782 1492 2809 talem
1501 2782 1624 2809 notitiam
1643 2783 1695 2816 pie-

915 2830 968 2852 tate
980 2825 1078 2861 legibus
1095 2826 1261 2854 iuscribente.
1276 2827 1328 2855 Sed
1341 2827 1374 2855 de
1391 2827 1472 2855 dictis
1495 2835 1591 2855 rursus
1606 2835 1699 2862 preca-
