4072 6212
1077 573 1308 662 ΤΟΥ
1345 574 1491 661 ΕΝ
1528 572 1892 659 ΑΓΙΟΙΣ
1929 568 2363 661 ΠΑΤΡΟΣ
2415 574 2743 665 ΗΜΩΝ

1441 787 2413 925 ΓΡΗΓΟΡΙΟΥ

1552 1041 1951 1096 ΕΠΙΣΚΟΠΟΥ
1985 1041 2255 1094 ΝΥΣΣΗΣ

986 1235 1514 1358 ΛΟΓΟΣ

1661 1241 2801 1359 ΚΑΤΗΧΗΤΙΚΟΣ

1655 1489 1728 1573 Ο
1799 1487 2165 1576 ΜΕΓΑΣ

1084 1700 1188 1753 EN
1217 1700 1654 1756 ΚΕΦΑΛΑΙΟῙΣ
1698 1697 2236 1755 ΤΕΣΣΑΡΑΚΟΝΤΑ
2278 1698 2762 1756 ΔῘΗΡΗΜΕΝΟΣ.

929 2087 1090 2243 s.
1232 2093 1406 2243 P.
1529 2094 1713 2247 N.
1833 2087 2881 2245 GREGOBI-I

1577 2370 1887 2433 EPISCOPI
1936 2372 2236 2432 NYSSENI

623 2547 1213 2666 ORATIO
1352 2542 2392 2668 CATECHETIC
2432 2557 2510 2668 A

2643 2556 3187 2671 MAGNA

1158 2743 1163 2748 ’
1264 2770 1347 2828 bl
1363 2770 1523 2829 VISA
1555 2769 1644 2826 IN
1670 2770 2204 2840 QUADRAGINTA
2245 2774 2535 2832 cum.

1500 3132 1758 3189 Centiano
1794 3131 2013 3188 Heneto
2036 3136 2333 3205 interprete.

879 3465 1253 3521 ΠΡΟΛΟΙῸΣ.

358 3558 420 3615 Ὁ
441 3557 539 3629 τῆς
570 3556 924 3628 κατηχήσεως
948 3555 1103 3625 λόγος
1118 3598 1135 3624 ,
1158 3558 1454 3626 ἀναγκαῖος
1483 3560 1582 3631 μέν
1605 3560 1720 3615 ἐστι
1745 3564 1857 3626 τοῖς

275 3648 649 3722 προεστηκόσι
697 3646 795 3701 τοῦ
849 3647 964 3718 βίον
1004 3648 1104 3719 τῆς
1139 3648 1441 3717 εὐσεϐείας,
1493 3651 1571 3715 ὡς
1602 3650 1669 3707 ἃν
1716 3653 1855 3724 πλη-

277 3738 493 3795 θῦνοιτο
531 3740 600 3809 τῇ
637 3737 923 3810 προσθήκῃ
964 3736 1071 3791 τῶν
1101 3736 1423 3810 σωζομένων
1459 3741 1493 3812 ἠ
1539 3740 1853 3814 Ἐκκλησία,

286 3830 382 3883 τοῦ
427 3830 573 3882 κατὰ
600 3828 698 3899 τὴν
741 3828 964 3901 διδαχὴν
1010 3826 1201 3883 πιστοῦ
1243 3830 1402 3900 λόγου
1449 3834 1516 3904 τῇ
1558 3832 1694 3906 ἀκοῇ
1745 3834 1856 3888 τῶν

286 3919 540 3974 ἀπίστων
584 3921 986 3991 προσαγομόνου
1005 3935 1020 3950 °
1066 3923 1127 3977 οὐ
1175 3923 1282 3995 μὴν
1319 3925 1350 3978 ό
1384 3923 1545 3988 αὐτὸς
1582 3924 1684 3995 τῆς
1711 3925 1855 3983 διδα-

286 4009 521 4074 σκαλίας
548 4010 747 4081 τρόπος
775 4011 859 4064 ἐπὶ
889 4010 1107 4067 πάντων
1133 4012 1367 4084 ἁρμόσει
1390 4013 1498 4068 τῶν
1527 4015 1855 4085 προσιόντων

280 4101 362 4173 τῷ
398 4100 560 4172 λόγῳ.
612 4100 766 4155 Ἀλλὰ
798 4103 939 4156 κατὰ
975 4102 1074 4167 τὰς
1104 4103 1210 4156 τῶν
1251 4102 1553 4174 θρησκειῶν
1594 4104 1855 4178 διαφορὰς

279 4191 651 4262 μεθαρμόζειν
680 4193 945 4263 προσήκει
974 4193 1074 4263 τὴν
1113 4193 1435 4264 κατήχησιν,
1473 4193 1610 4266 πρὸς
1632 4195 1724 4249 τὸν
1756 4197 1853 4249 αὐ-

276 4281 372 4337 τὸν
400 4283 497 4353 μὶν
523 4282 766 4354 ὁρῶντας
796 4282 890 4336 τοῦ
922 4281 1081 4351 λόγου
1110 4282 1311 4336 σκοπὸν
1330 4323 1344 4349 ,
1369 4283 1467 4354 οὐχ
1488 4284 1856 4355 ὁμοιοτρόπως

271 4373 337 4428 δὲ
365 4375 484 4438 ταῖς
516 4376 882 4438 κατασκευαῖς
910 4375 1244 4445 χρωμένους.
1281 4373 1503 4439 ’Δλλαις
1518 4375 1630 4447 γὰρ
1654 4377 1853 4449 ὑπολή-

269 4464 435 4534 ψεσιν
461 4463 491 4515 ό
522 4463 825 4529 Ἱουδαῖζων
856 4463 1212 4535 προείληπται
1230 4504 1247 4530 ,
1287 4464 1382 4518 καὶ
1402 4463 1479 4535 τῷ
1520 4464 1855 4538 Ἑλληνισμῷ

273 4555 455 4621 συζῶν
488 4556 703 4629 ἑτέραις
720 4574 736 4588 ·
770 4556 803 4609 ὃ
826 4570 887 4609 τι
932 4554 1205 4626 ’Δνόμοιος
1238 4554 1331 4609 καὶ
1357 4556 1386 4609 ό
1415 4556 1733 4627 Μανιχαῖος,
1762 4558 1855 4611 καὶ

265 4647 324 4702 αἱ
365 4647 506 4701 κατὰ
529 4646 857 4719 Μαρκίωνα,
896 4646 990 4703 καὶ
1016 4644 1384 4711 Οὐαλεντίνον,
1421 4646 1515 4699 καὶ
1549 4646 1851 4719 Βασιλίδην,

268 4740 372 4793 καὶ
397 4742 426 4792 ό
443 4739 627 4802 λοιπὸς
648 4738 946 4806 κατάλογος
964 4736 1076 4790 τῶν
1101 4738 1239 4791 κατὰ
1260 4737 1357 4801 τὰς
1378 4736 1617 4809 αἱρέσεις
1642 4737 1853 4793 πλανω-

269 4831 477 4902 μένων,
533 4830 691 4894 ἰδίαις
745 4830 976 4894 ικαστος
1029 4829 1327 4900 ὑπολήψεσι
1388 4828 1849 4901 προειλημμένοί,

1882 3466 1931 3522 Α

1883 4798 1925 4853 Β

2551 3464 2939 3524 ΡΒᾸΞΡΑΤΙΟ.

2027 3560 2160 3628 Quae
2200 3560 2268 3615 ad
2303 3559 2615 3618 catechesin
2659 3560 2893 3631 pertinet
2942 3540 3163 3625 oratio;
3195 3567 3278 3618 est
3306 3558 3525 3633 quidem

1956 3647 2273 3702 necessaria
2316 3646 2386 3704 iis
2422 3647 2517 3718 qui
2564 3655 2810 3718 praesunt
2850 3647 3000 3714 vitae,
3045 3649 3230 3719 pietati
3268 3664 3333 3707 ac
3384 3666 3529 3709 verae

1956 3736 2234 3808 religioni,
2262 3745 2325 3793 ut
2346 3752 2536 3794 eorum
2565 3737 2673 3809 qui
2685 3738 2917 3795 salutem
2939 3748 3307 3810 assequuntur
3339 3756 3527 3798 acces-

1956 3828 2112 3884 sione
2143 3828 2541 3900 multiplicetur
2578 3829 2858 3888 Ecclesia:
2894 3830 3040 3902 quod
3072 3831 3184 3900 ﬁet,
3241 3833 3290 3888 si
3348 3832 3526 3889 lidelis

1955 3919 2220 3977 doctrina:
2242 3937 2423 3978 sermo
2453 3921 2525 3978 ad
2572 3921 2873 3980 inﬁdelium
2904 3937 3066 3979 aures
3116 3922 3380 3989 accedat;
3413 3938 3523 3978 non

1957 4012 2102 4069 idem
2152 4021 2334 4070 tamen
2391 4013 2657 4069 doctrina:
2706 4012 2903 4069 modus
2949 4013 3207 4068 convenit
3267 4011 3525 4068 omnibus

1956 4103 2107 4159 verbi
2138 4103 2500 4168 auditoribus,
2551 4102 2649 4158 sed
2683 4116 2784 4173 pro
2819 4102 3145 4171 religionum
3207 4100 3526 4160 diversitate

1956 4193 2216 4248 mutanda
2254 4202 2309 4249 et
2341 4191 2803 4247 accommodanda
2836 4191 2942 4246 erit
2964 4192 3289 4257 catecbesis,
3318 4194 3529 4249 oratio-

1955 4285 2043 4339 nis
2071 4283 2289 4354 quidem
2323 4280 2578 4337 eumdem
2610 4280 2716 4336 sibi
2758 4281 3113 4353 proponendo
3166 4297 3414 4355 scopum,
3469 4294 3526 4341 et

1955 4374 2025 4429 ad
2055 4388 2180 4429 eum
2216 4372 2479 4429 intuendo
2504 4360 2537 4438 ;”
2556 4371 2648 4428 sed
2675 4386 2787 4427 non
2816 4371 3006 4429 eodem
3038 4372 3200 4429 modo
3245 4374 3524 4446 probando

1956 4472 2011 4521 et
2040 4462 2434 4520 conﬁrmando.
2469 4462 2607 4521 Aliis
2634 4464 2778 4519 enim
2811 4462 3162 4534 opinionibus
3196 4476 3283 4522 est
3321 4468 3524 4523 antici—

1956 4566 2116 4627 patus
2145 4555 2238 4627 qui
2272 4563 2380 4612 stat
2429 4569 2458 4611 a
2485 4555 2734 4626 partibus
2762 4552 3095 4622 Iudaeorum,
3136 4563 3192 4612 et
3254 4556 3378 4614 aliis
3428 4558 3526 4629 qui

1956 4644 2101 4703 favet
2129 4645 2352 4709 Graecis,
2384 4645 2789 4715 Anommusque
2818 4653 2873 4701 et
2902 4644 3258 4711 Manichacus,
3290 4654 3345 4702 et
3380 4645 3526 4701 Mar-

1957 4739 2221 4804 eionistze,
2253 4746 2308 4794 et
2336 4736 2722 4802 Valentiniani,
2757 4745 2812 4791 et
2842 4735 3203 4803 Basilidiani,
3238 4747 3293 4794 et
3345 4740 3526 4795 caeteri

1958 4829 2275 4884 aberrantes
2307 4827 2533 4884 asseclae
2571 4835 2847 4883 sectarum
2897 4834 2952 4882 et
2996 4828 3287 4894 Itaaresum,
3323 4829 3525 4900 singuli

266 4921 579 4990 ἀναγκαίαν
632 4920 844 4977 ποιοῦσι
884 4923 983 4994 τὴν
1016 4921 1151 4994 πρὸς
1191 4921 1289 4986 τὰς
1338 4921 1559 4975 ἐκείνων
1603 4923 1855 4989 ὑπονοίας

1955 4919 2233 4990 propriam
2255 4918 2605 4989 anticipatam
2634 4918 2896 4974 habentes
2920 4918 3257 4989 opinionem,
3287 4918 3526 4975 eﬂlciunt

269 5015 482 5085 μάχην.
521 5014 678 5087 Κατᾲ
707 5013 817 5085 γὰρ
844 5013 908 5067 τδ
934 5010 1072 5075 εἶδος
1100 5012 1201 5083 τῆς
1227 5012 1381 5067 νόσου
1412 5013 1506 5066 καὶ
1532 5012 1623 5066 τὸν
1654 5014 1853 5084 τρόπον

1955 5018 2013 5063 ιιι
2051 5009 2122 5063 sit
2164 5009 2480 5064 necessario
2541 5007 2933 5063 decertandum
2992 5009 3256 5064 adversus
3291 5023 3356 5064 ea
3404 5023 3527 5081 quae

263 5104 375 5174 τῆς
416 5103 713 5174 Θεραπείας
744 5099 1206 5173 προσαρμοστὲον.
1240 5100 1313 5153 Οὐ
1344 5102 1455 5164 τοῖς
1481 5100 1663 5165 αὐτοῖς
1692 5101 1852 5173 Θερα-

264 5190 497 5255 πεύσεις
537 5192 633 5245 τοῦ
672 5191 934 5260 Ἕλληνος
964 5189 1063 5260 τὴν
1104 5188 1413 5254 πολυθεῖαν,
1455 5190 1548 5243 καὶ
1577 5189 1671 5243 τοῦ
1722 5191 1853 5244 ἰου-

258 5284 421 5340 dalata
445 5290 543 5351 τὴν
568 5284 695 5353 περὶ
718 5283 810 5335 τὸν
840 5284 1100 5353 μονογενῆ
1128 5280 1260 5335 Θεὸν
1288 5280 1540 5334 ἀπιστίαν
1560 5297 1575 5312 ο
1601 5281 1720 5335 οὐδὲ
1741 5282 1850 5335 ἀπὸ

258 5373 380 5430 τῶν
424 5373 603 5427 αὐτῶν
650 5374 762 5436 τοῖς
811 5371 950 5427 κατὰ
987 5371 1085 5436 τὰς
1122 5371 1360 5445 αἱρέσεις
1414 5371 1849 5442 πεπλανημένοις

260 5465 596 5537 ἀνατρέψεις
620 5464 716 5530 τὰς
748 5462 1103 5535 ἡπατημένας
1132 5465 1261 5535 περὶ
1289 5461 1395 5517 τῶν
1432 5461 1714 5533 δογμάτων
1743 5482 1846 5535 μυκ

262 5559 534 5625 θοπνκίας.
573 5559 650 5614 0'3
690 5558 800 5630 γὰρ
841 5559 908 5613 δι’
932 5551 1006 5613 ὧν
1042 5557 1109 5613 ἄν
1158 5575 1242 5621 τις
1286 5554 1721 5629 ἐπανορθώσαιτο
1758 5558 1848 5611 τὸν

600 5650 870 5713 Paeon.
902 5649 1018 5737 Gn.
1058 5650 1234 5714 XLV.

1950 5100 2264 5169 opinantur.
2293 5096 2428 5153 Nam
2451 5100 2842 5154 convenienter
2894 5099 3079 5170 generi
3133 5099 3310 5155 morbi
3347 5101 3524 5157 medi-

1949 5190 2074 5245 cina
2099 5196 2183 5244 cst
2209 5189 2536 5246 adhibenda.
2563 5186 2681 5243 Non
2724 5190 2912 5245 eodem
2945 5189 3105 5244 modo
3134 5189 3440 5247 medeberis
3472 5199 3527 5249 et

1955 5280 2165 5349 Graeco,
2197 5282 2290 5351 qui
2320 5282 2518 5338 multos
2547 5298 2668 5339 esse
2706 5282 2838 5337 deos
2885 5281 3161 5351 opinatur,
3201 5290 3256 5338 et
3299 5280 3523 5345 Judeo.

1956 5375 2052 5444 qui
2098 5389 2209 5429 non
2243 5373 2420 5429 credit
2472 5373 2584 5429 Deo
2643 5372 2943 5444 unigenito.
2986 5371 3173 5444 Neque
3217 5374 3270 5427 in
3304 5374 3373 5431 iis
3429 5375 3525 5446 qui

1957 5466 2168 5537 decepti
2200 5475 2331 5523 sunt
2364 5481 2461 5538 per
2489 5465 2749 5530 haereses,
2785 5464 2978 5521 iisdem
3020 5464 3241 5523 refelles
3274 5480 3338 5521 ac
3372 5481 3527 5522 ever-

1956 5566 2043 5617 tes
2073 5558 2244 5618 falsas
2273 5574 2327 5615 et
2356 5557 2624 5613 coniicias
2656 5555 2723 5612 de
2752 5556 3104 5628 dogmatibus
3139 5556 3376 5615 fabulas.
3405 5555 3527 5615 Non
