4072 6212
595 368 634 411 ιι
787 335 793 341 ’
1843 361 2206 419 GILLANDII
2255 366 2590 430 summa.

592 478 772 531 citaus
828 492 892 531 ex
925 475 1114 533 eodem
1157 493 1411 552 sermone
1465 481 1578 553 (l2)

595 569 766 631 istud,
829 569 1026 638 inquit,
1055 570 1109 624 in
1169 569 1431 627 Oratione
1472 590 1592 639 va,
1626 578 2008 647 Supposititius
2038 578 2173 635 Gre-

593 658 800 726 gorius.
840 658 907 712 Ut
965 661 1110 714 enim
1141 660 1385 734 Gregorii
1406 663 1551 732 illius
1595 664 1920 735 Nazianzeni
1955 683 2167 740 germa-

594 764 722 803 nam
782 766 906 804 esse
943 765 1050 805 non
1094 760 1300 820 putem,
1346 754 1489 825 cogit
1555 763 1669 810 tum
1719 760 1844 829 styli
1888 761 2173 817 dissimili-

595 838 749 904 tudo,
814 847 927 894 tum
986 841 1253 910 pedestris
1287 843 1434 899 illius
1463 845 1794 914 aeplebeius
1817 865 2019 913 sermo,
2073 851 2176 905 mi-

595 929 852 999 nimeque
899 928 1229 985 Nazianzeni
1299 931 1624 1001 elegantiam
1690 943 1744 990 et
1808 937 2171 1006 granditatem

595 1023 868 1078 redoleas.
909 1042 928 1074 ι
981 1023 1122 1089 Quid
1197 1023 1340 1094 quod
1403 1040 1580 1095 neque
1633 1024 1854 1084 Nicetas
1927 1029 2174 1086 eamdem

597 1112 909 1167 Orationem
959 1121 1216 1184 tanquam
1271 1113 1599 1186 Nazianzeni
1661 1117 1828 1176 fetum
1882 1123 2171 1194 agnovisse

594 1204 830 1268 videtur,
885 1203 979 1274 qui
1038 1219 1157 1259 eam
1215 1205 1465 1261 videlicet
1495 1207 1552 1262 in
1610 1209 1728 1265 suis
1761 1215 2174 1271 connnentariis

596 1295 920 1365 przetcrierit
967 1296 1126 1368 (i5)?
1158 1295 1299 1362 Quin
1351 1307 1406 1353 et
1450 1299 1774 1373 Euthymius
1828 1321 1891 1359 ex
1943 1305 2174 1377 Nysseui

599 1387 866 1443 Sermone
910 1387 1065 1457 Πρὸς
1115 1389 1411 1459 Εὑάγριον
1452 1395 1727 1464 μοναχὸν
1777 1398 1909 1465 περὶ
1971 1400 2174 1467 θεότη-

596 1498 715 1547 τος.
748 1487 1002 1551 excerpta
1026 1479 1134 1536 duo
1163 1481 1525 1554 descripsisse
1557 1490 1890 1558 comperitur
1912 1491 2045 1562 (14).
2079 1490 2175 1550 llis

594 1573 811 1627 demum
860 1572 1069 1628 accedit
1119 1571 1369 1628 codicum
1415 1592 1550 1632 mss.
1587 1579 1740 1644 Iides,
1777 1596 1917 1652 quos
1952 1582 2176 1638 laudant

594 1663 896 1720 Cotelerius
919 1664 1030 1737 (15)
1059 1672 1117 1720 et
1143 1663 1431 1724 Fabricius
1465 1668 1597 1740 (I6).

667 1778 758 1832 VI.
797 1777 1056 1850 Sequitur
1089 1779 1164 1836 De
1200 1782 1384 1836 animo
1419 1783 1732 1854 disputatio,
1764 1784 1833 1839 ad
1868 1751 2174 1844 Tationum.

1633 502 1645 538 :
1685 502 1702 536 ι
1769 483 1906 541 Vere
1949 487 2167 557 quidem
2202 495 2244 551 Λ
2276 507 2400 546 cum
2443 494 2722 551 Francisci
2772 496 2891 552 Zini
2929 497 3181 556 versione
3212 500 3502 569 superiore
3528 502 3712 556 εωθιηο
3745 501 3828 556 inv

2274 595 2436 640 eunte
2465 584 2690 644 Parisiis
2717 587 2770 643 in
2801 590 2974 646 lucem
3005 592 3225 646 emissa.
3258 591 3334 649 De
3355 607 3419 648 ea
3451 593 3645 658 videas,
3665 595 3711 648 in
3734 611 3822 664 pri-

2275 676 2388 747 mig
2418 676 2734 752 Suaresium
2765 680 2898 764 (22),
2935 690 2993 744 ut
3021 681 3336 760 Fabricium
3361 683 3676 738 omittamus
3702 683 3820 753 (9.5).

2351 811 2480 866 VIII.
2499 813 2618 869 .Iam
2646 831 2776 871 vero
2798 827 3070 894 superest,
3100 820 3436 875 utuonnnlla
3467 819 3533 875 de
3563 818 3826 890 Fragmen-

2255 901 2346 965 ~tis
2379 919 2442 958 ex
2475 907 2733 975 operibus
2749 911 2923 964 sancti
2955 910 3133 968 Patris
3153 911 3449 982 deperditis
3477 925 3620 965 nunc
3634 912 3826 965 demum

2277 995 2522 1053 collectis
2561 998 2941 1056 observemus.

2347 1105 2592 1178 Primum
2611 1109 3048 1181 itagusoocurrit
3069 1112 3505 1182 supplementum
3536 1119 3703 1168 textus
3717 1110 3837 1165 Ora-

2278 1199 2446 1256 tionis
2505 1201 2768 1258 Advcrsus
2835 1203 3156 1273 foruicarios
3217 1220 3284 1259 ex
3344 1204 3605 1258 Vaticano
3663 1197 3832 1258 codice

2277 1308 2430 1348 num.
2477 1294 2583 1350 4ιό
2613 1294 2798 1352 Grrece
2855 1304 3064 1351 tantum
3095 1312 3124 1351 a
3157 1296 3432 1366 Zacagnio
3478 1295 3678 1350 editum
3710 1295 3834 1364 (2.6).

2276 1382 2423 1454 quod
2465 1385 2520 1439 in
2566 1386 2880 1456 Appendice
2933 1402 3159 1458 operum
3220 1384 3451 1457 Nysseni
3515 1399 3543 1437 a
3601 1382 3836 1438 Gretsero

2277 1475 2528 1546 evnlgata
2573 1476 2936 1533 desideratur.
2966 1477 3217 1533 Latinam
3271 1477 3583 1531 versionem
3606 1474 3835 1530 Gallicio-

2277 1567 2385 1624 lius
2416 1585 2572 1625 meus
2599 1569 2908 1625 adornavit.

2353 1683 2668 1740 Secundum
2707 1684 3070 1756 fragmentum
3105 1680 3324 1738 exhibet
3367 1679 3632 1749 insignem
3676 1677 3838 1732 locum

2281 1775 2358 1832 De
2387 1776 2591 1846 Spiritu
2633 1788 2816 1832 sancto
2849 1790 2868 1829 :
2895 1775 3354 1845 desumptumque
3391 1779 3474 1828 est
3527 1787 3593 1826 ex
3626 1768 3841 1841 Nysseni

595 1870 748 1927 Hanc
773 1887 902 1928 vero
930 1872 1140 1942 primus
1181 1873 1348 1930 edidit
1378 1831 1670 1945 uogimua
1698 1893 1843 1933 anno
1872 1879 2007 1935 1604
2034 1881 2177 1936 inter
2207 1831 2251 1887 Β
2283 1867 2548 1926 Sermone
2587 1869 2642 1924 in
2676 1869 2978 1924 orationem
3012 1865 3373 1921 Dominicam.
3413 1862 3489 1918 De
3525 1879 3590 1916 eo
3612 1862 3844 1932 pluribus

595 1976 760 2031 opera
814 1962 1060 2033 Gregorii
1109 1961 1503 2036 Thaumaturgi
1570 1964 1849 2025 Gerardus
1899 1969 2169 2027 Vossius:

593 2053 954 2123 eamdemque
977 2053 1239 2125 deinceps
1272 2065 1534 2127 tanquam
1579 2058 1760 2114 adhuc
1783 2061 2038 2116 ineditam
2074 2064 2177 2119 Pa“-

592 2142 744 2199 risiis
779 2158 924 2198 anno
970 2143 1105 2201 1697
1135 2146 1332 2202 iterum
1370 2147 1648 2218 evolgavit
1686 2148 1946 2221 Nicolaus
1993 2153 2174 2216 Nours

591 2251 724 2306 ryus
758 2235 868 2306 (I7)
897 2251 961 2290 ex
994 2237 1184 2292 codice
1205 2236 1548 2310 bibliotheca:
1569 2235 1770 2308 Regia,
1804 2242 1896 2309 qui
1927 2241 2173 2314 Gregorii

593 2337 806 2382 tantum
839 2329 962 2382 sine
1017 2327 1203 2381 addito
1231 2342 1431 2398 nomen
1471 2327 1813 2398 praeferebat.
1847 2331 2172 2403 Hujusmodi

591 2429 772 2476 autem
808 2420 1133 2490 opusculum
1198 2419 1458 2489 episcopo
1507 2419 1934 2478 Neocaesariensi
1963 2426 2175 2496 adjudi-

591 2517 720 2565 cant
745 2510 945 2565 eruditi
983 2509 1050 2565 ad
1088 2525 1252 2565 unum
1299 2524 1513 2574 omnes,
1548 2512 1594 2565 si
1627 2510 1880 2568 Vossium
1908 2516 2170 2586 excipias.

591 2601 880 2658 Fabricius
934 2600 1154 2672 quidem
1192 2601 1312 2672 ejus
1369 2611 1650 2659 auctorem
1701 2603 2171 2680 Thaumaturgnm

592 2694 770 2765 primo
801 2691 1223 2763 agnoverat(l8)
1253 2713 1265 2749 :
1293 2709 1482 2750 verum
1524 2705 1734 2752 mutato
1765 2699 1962 2770 deinde
1994 2701 2176 2757 consi-

592 2785 688 2847 lio,
740 2783 870 2838 illud
905 2782 1167 2854 Gregorio
1228 2782 1475 2856 Nysseno
1525 2789 1770 2843 attribuit
1837 2790 1970 2861 (I9),
2047 2771 2175 2849 licet

592 2872 743 2928 nullo
765 2881 1090 2945 argumento
1111 2875 1439 2929 sententiam
1466 2891 1621 2931 suam
1654 2879 2014 2936 conﬁrmarit.
2049 2883 2175 2940 Exi-

591 2963 928 3019 stimaverim
995 2962 1248 3034 equidem
1303 2973 1359 3019 et
1407 2964 1525 3035 ipse
1552 2967 1694 3023 hanc
1738 2968 2172 3042 Disputationem

592 3055 716 3126 iure
765 3055 972 3125 optimo
1026 3054 1273 3126 Nysseno
1319 3057 1577 3128 episcopo
1619 3059 2002 3118 vindicandam
2041 3085 2053 3120 :
2110 3081 2173 3122 ea

2282 1963 2394 2034 agit
2421 1963 2582 2019 docte
2605 1961 2768 2018 simul
2790 1969 2843 2016 et
2862 1960 3075 2015 erudite
3099 1957 3433 2028 Lequienius
3459 1954 3570 2027 (‘25)
3593 1971 3606 2019 ;
3629 1953 3716 2023 qui
3743 1968 3845 2022 pra:

2281 2055 2516 2120 cazteris,
2542 2054 2608 2109 ad
2638 2067 2748 2108 rem
2784 2061 3027 2106 nostram
3056 2049 3169 2103 haec
3189 2047 3354 2102 habet
3381 2064 3395 2100 :
3429 2065 3448 2096 ι
3480 2046 3539 2099 In
3570 2046 3733 2106 nullo,
3765 2044 3845 2096 in-

2281 2150 2419 2222 quit,
2445 2147 2692 2217 ejusdem
2726 2141 2969 2205 doctoris
3000 2155 3250 2206 sermone
3274 2139 3330 2212 in
3369 2136 3702 2206 Dominicam
3733 2150 3850 2188 ora-

2280 2242 2484 2310 tionem
2527 2239 2679 2309 locus
2737 2235 2841 2310 iste
2890 2237 3172 2308 comparet
3207 2250 3219 2284 2
3255 2230 3364 2285 imo
3411 2241 3584 2307 neque
3623 2227 3676 2282 in
3731 2224 3838 2279 Ser-

2281 2307 2442 2386 mone
2471 2329 2565 2398 qui
2589 2307 2641 2398 in
2671 2307 2834 2399 editis
2862 2331 3117 2394 censetur
3146 2321 3340 2383 tertius
3367 2337 3382 2386 ;
3409 2318 3464 2397 in
3490 2316 3648 2386 cujus
3675 2323 3848 2368 tamen

2277 2419 2388 2478 ﬁne
2432 2419 2497 2494 de
2527 2417 2764 2493 Spiritus
2791 2415 2967 2482 sancti
2988 2413 3189 2482 deitate
3214 2423 3270 2470 et
3289 2409 3852 2476 consubstantialitate

2281 2511 2613 2585 disputatur.
2669 2509 2870 2566 Verum
2927 2517 3183 2576 tanquam
3229 2519 3258 2559 a
3312 2502 3562 2586 Nysseno
3607 2507 3856 2569 acceptus

2280 2604 2483 2666 citatur
2515 2602 2582 2669 ab
2633 2599 2858 2676 llugone
2898 2598 3192 2668 Etheriano
3249 2594 3386 2674 (26)ἓ
3417 2593 3560 2679 Quin
3581 2599 3635 2646 et
3663 2605 3727 2646 ex
3755 2591 3857 2644 Eu-

2281 2696 2486 2769 thymio
2540 2702 2747 2766 certum
2810 2691 2867 2748 iit
2942 2691 3053 2762 (27)
3125 2689 3419 2770 genuinum
3493 2700 3616 2752 eum
3698 2698 3860 2748 esse,

2282 2794 2832 2860 transsumptumque
2879 2799 2946 2840 ex
3014 2796 3076 2848 ea
3130 2779 3400 2858 sermonis
3450 2778 3505 2844 in
3565 2775 3859 2842 orationem

2283 2880 2625 2953 Dominicam
2668 2885 2855 2953 parte,
2891 2891 3012 2951 quae
3063 2874 3284 2951 honiilia
3322 2871 3484 2951 tertia
3515 2877 3789 2947 censetur.
3837 2885 3853 2917 ι

2353 2969 2614 3044 Quartum
2671 2968 3030 3042 fragmentum
3081 2981 3145 3022 ex
3185 2963 3354 3046 ltegio
3383 2962 3573 3032 codice
3621 2959 3751 3026 5451
3813 2959 3862 3012 in

2281 3056 2457 3136 lucem
2530 3059 2722 3116 extulit
2765 3059 3018 3122 laudatus
3055 3056 3385 3133 chuienius
3445 3054 3580 3128 (28),
3621 3051 3712 3106 ubi
3764 3050 3866 3104 hoc

593 3149 786 3218 utique
816 3147 1029 3202 ratione
1048 3147 1340 3213 adductus,
1377 3149 1521 3218 quod
1587 3148 1734 3205 illam
1765 3163 1988 3212 sanctus
2039 3158 2176 3213 anti.

2284 3153 2532 3220 Scholion
2595 3152 2850 3225 reperit:
2920 3149 3027 3204 Ταῦ
3101 3149 3326 3222 Νύσσης
3384 3149 3449 3206 ὲκ
3495 3145 3588 3201 τοῦ
3632 3145 3713 3212 εἰς
3773 3143 3866 3196 τὸν

593 3251 706 3296 stes
735 3237 967 3294 Tatiano
1006 3239 1368 3310 inscripserit.
1391 3241 1662 3296 Nimirum
1687 3253 1914 3302 sanctus
1931 3246 2181 3309 Basilius

593 3329 664 3385 ad
694 3329 1136 3398 Amphilochium
1190 3330 1465 3397 scribens,
1491 3329 1704 3400 Tatiani
1741 3333 2029 3410 cujusdam
2071 3355 2183 3395 tne-

593 3422 918 3492 minitiﬁO),
957 3421 1049 3492 qui
1081 3426 1318 3493 primum
1363 3423 1674 3493 presbyter.
1715 3440 1843 3484 mox
1889 3443 2020 3484 vero
2068 3431 2183 3500 epi-

593 3531 796 3586 scopus
849 3513 1117 3587 Myrensis
1189 3514 1424 3572 concilio
1471 3515 1577 3570 GP.
1618 3516 1902 3585 interfuit;
1952 3519 2183 3590 ejusque

593 3607 1035 3664 communionem
1086 3607 1374 3676 expetebat
1415 3621 1646 3678 magnus
1696 3609 1786 3664 ille
1828 3609 2183 3673 Caesariensis

595 3699 884 3769 episcOpus
913 3698 1233 3767 ;propterca
1247 3696 1394 3768 quod
1420 3697 1598 3768 ipsum
1625 3713 1690 3762 ex
1721 3699 1788 3755 iis
1811 3715 1933 3764 esse
1953 3701 2180 3771 sciebat,

594 3791 710 3861 qui,
744 3789 966 3846 Valente
1005 3790 1327 3859 imperante,
1354 3798 1561 3854 rectam
1605 3789 1766 3852 tidem
1805 3791 1952 3855 omni
1998 3793 2183 3857 studio

595 3873 1014 3953 proﬁtebantur,
1045 3889 1106 3936 ut
1128 3881 1297 3950 probe
1320 3881 1556 3950 advertit
1585 3882 1656 3939 cl.
1683 3882 2016 3956 Lequienius
2037 3884 2178 3957 (Si).

596 3975 734 4030 IIuic
765 3974 950 4044 itaque
983 3973 1215 4030 Tatiano
1238 3959 1666 4046 disputationem
1699 3991 1855 4034 suam
1885 3977 1959 4036 De
1989 3980 2172 4039 anima

595 4067 994 4138 nuncupaverit
1029 4065 1333 4138 Nyssenus,
1361 4066 1545 4125 Basilii
1579 4083 1876 4139 germanus
1903 4070 2101 4138 frater;
2131 4081 2186 4127 et

593 4160 830 4216 fortasse
859 4160 1079 4230 quidem
1121 4167 1410 4228 antequam
1455 4158 1501 4218 is
1547 4159 2185 4227 ecclesiasticirmilitiae

595 4266 796 4308 nomen
821 4250 1053 4316 dederit,
1111 4251 1313 4320 quippe
1370 4248 1670 4320 Θαυμᾴσιος
1698 4250 1958 4319 Tanaim;
1985 4266 2016 4321 ᾳ
2047 4251 2185 4323 Nys-

597 4359 732 4402 seno
759 4344 1084 4413 appellatur.
1107 4342 1393 4414 Temporis
1415 4342 1696 4406 enimvero
1711 4343 2186 4412 notatiomomen:

599 4450 704 4504 que
751 4435 855 4489 viri
905 4433 1133 4504 ejusque
1192 4433 1550 4503 praestantia,
1608 4435 1860 4504 opusculi
1902 4444 2181 4508 auctorem

600 4522 1093 4594 luisseNyssenum
1116 4522 1392 4587 evincere,
1413 4521 1611 4577 nedum
1642 4523 1876 4578 suadere
1905 4523 2180 4580 videntur.
2216 4518 2263 4579 D
2289 4534 2441 4588 ribus
2485 4529 2718 4600 junctim
2778 4526 3005 4583 edendis
3055 4522 3348 4578 consilium
3419 4518 3608 4574 inierit
3660 4535 3675 4572 ε

667 4635 779 4691 VII.
815 4635 1055 4710 Operum
1075 4633 1544 4705 Nyssenianorum
1572 4635 2011 4706 supplementum
2037 4636 2184 4691 clau-

600 4729 679 4785 dit
708 4726 984 4799 Expositio
1013 4721 1223 4782 Cantici
1260 4726 1586 4794 canticorum
1620 4727 2051 4798 paraphrastica,
2083 4729 2184 4782 col-

603 4821 735 4874 lecta
809 4833 874 4884 ex
951 4827 1258 4886 sanctorum
1318 4813 1558 4886 Gregorii
1642 4814 1835 4888 Nysaee
1893 4818 2180 4886 pontiﬁcis,

605 4910 824 4967 Maximi
861 4920 911 4965 et
962 4907 1080 4962 Nili
1131 4909 1544 4978 commentariis,
1603 4924 1720 4962 cum
1763 4908 1928 4975 Prelli
1981 4909 2184 4979 στίχοις

607 5003 894 5068 πολιτικοῖς
951 5001 1426 5076 ὲξηγητιχοῖς⁶,θχ
1440 5001 1630 5057 codice
1661 4998 1928 5056 Vaticano
1945 5011 2100 5057 eruta
2127 5012 2182 5058 et

668 5183 782 5254 (12)
811 5183 998 5254 Petav.
1040 5179 1227 5254 Dogm.
1258 5180 1412 5254 tlicol.
1444 5185 1498 5254 _t_.
1531 5177 1571 5242 I,
1605 5178 1719 5254 lib._
1739 5193 1963 5254 n,__‘cap.
1992 5178 2048 5245 6,
2079 5182 2183 5254 $5.

670 5248 783 5322 (I3)
816 5252 910 5322 Gr.
936 5251 1069 5306 Naz.
1103 5248 1243 5322 Opp.
1276 5248 1409 5322 tom.
1444 5248 1510 5313 II,
1542 5249 1862 5322 pagtl2t3ii.

669 5318 784 5394 (ῃ)
813 5318 1719 5394 ῐξιιιιιγη],ίρὰιὶοργιζριυιι,λέιῑῐ.2,
1742 5321 1904 5394 p_._I7,
1923 5319 2005 5373 ed.
2031 5321 2179 5394 laud.

667 5387 782 5464 ea
815 5387 1000 5464 seei.
1034 5387 1272 5464 aenum:
1299 5387 1572 5464 εξςςερτο
1615 5387 1862 5464 tam".
1889 5406 2010 5464 pas-
2051 5387 2177 5464 5150.

667 5458 781 5532 (I6)
815 5459 1028 5532 Fabric.
1054 5463 1194 5516 Bibl.
1225 5470 1359 5532 tom.
1387 5459 1666 5532 VIII,_p_ag.
1705 5458 1826 5532 192.
1857 5461 1860 5464 ’
2051 5531 2059 5532 7
2099 5459 2101 5464 “

669 5528 785 5602 (17⁷)
820 5531 1031 5602 yourr.
1064 5533 1196 5602 ᾼρρ.
1226 5532 1293 5602 art
1333 5531 1467 5584 Bibl.
1507 5528 1636 5602 PP;
1664 5538 1704 5584 t.
1741 5528 1887 5602 ll,_p.
1912 5530 2172 5586 756-750.

671 5599 785 5672 (18)
819 5600 1212 5672 Fabric._Bibl.
1239 5601 1335 5655 Gr.
1371 5610 1503 5670 tom.
1539 5599 1604 5664 V,
1639 5615 1762 5672 pag.
1793 5600 1923 5672 $55.

673 5669 784 5742 (-IU)
820 5671 898 5725 Id.
934 5671 987 5725 in
1022 5670 1217 5740 Dclcct.
1246 5681 1535 5742 argument.
1566 5669 1691 5742 cap:
1719 5671 1774 5738 2,
1805 5669 1830 5740 ἓ
1857 5671 1948 5742 2t),
1984 5687 2033 5740 p.
2061 5671 2149 5723 87.

672 5740 786 5812 (‘20)
814 5741 1079 5811 Basil.‘cp.
1101 5754 1321 5812 ccxvttt,
1342 5741 1412 5812 al.
1428 5740 1798 5811 ccccnt,'0pp.
1814 5750 1852 5792 t.
1875 5741 1958 5801 III,
1975 5756 2027 5810 p.
2047 5742 2170 5796 551.

674 5810 789 5877 (QII
818 5810 1078 5884 Lequieu.
1107 5812 1202 5865 0r.
1247 5810 1445 5863 Christ.
1472 5819 1606 5865 tom.
1641 5812 1681 5868 I.
1726 5810 1846 5882 pag.
1879 5812 2004 5866 968.

680 5894 708 5929 η
741 5891 911 5941 Exstat
936 5897 1064 5945 inter
1089 5891 1248 5943 l‘scllt
1275 5901 1456 5954 Upcra,
1489 5903 1603 5944 tom.
1633 5898 1815 5947 (ΔΚΜ.
1849 5899 1978 5948 L‘mr.

2298 3245 2494 3320 Ἰωσὴφ
2512 3244 2606 3306 καὶ
2627 3245 2723 3315 τὴν
2747 3243 2985 3316 Μαρίανο
3013 3241 3251 3322 Gregorii
3279 3238 3510 3310 Nysaeui
3544 3253 3608 3310 ea;
3631 3237 3871 3296 oratione

2286 3339 2338 3392 in
2368 3336 2563 3410 Ioseph
2587 3347 2633 3404 et
2665 3335 2717 3390 Μ
2727 3337 2901 3392 ariam
2940 3335 3076 3406 (29).

2359 3427 2432 3501 De
2489 3428 2682 3502 quinto
2733 3435 2911 3486 autem
2949 3426 3060 3502 jam
3093 3437 3195 3483 suo
3227 3423 3348 3477 Ioco
3385 3420 3547 3480 verba
3570 3419 3818 3489 fecimus
3855 3435 3865 3469 :

2287 3518 2378 3584 ubi
2404 3518 2505 3573 viri
2539 3518 2680 3574 docti
2713 3530 3000 3591 censuram
3032 3515 3320 3593 iragmenti
3351 3511 3725 3574 sinceritatem
3765 3510 3875 3562 im-

2285 3609 2581 3685 pugnantis
2644 3608 2873 3684 minime
2932 3606 3268 3685 probandam
3339 3604 3867 3681 demonstravimus.

2285 3702 2498 3769 Quibus
2567 3717 2713 3775 nunc
2775 3700 3023 3756 addenda
3050 3699 3226 3777 sancti
3267 3697 3492 3758 Joannis
3541 3694 3872 3760 Damasceni

2285 3797 2613 3868 auctoritas,
2647 3796 3011 3869 fragmentum
3064 3793 3206 3869 idem
3257 3800 3518 3866 tanquam
3569 3785 3874 3858 Nysseuia-

2285 3905 2440 3956 num,
2463 3895 2656 3958 contra
2690 3887 2969 3964 Jacobitas
2998 3883 3330 3962 usurpantis.

2355 3981 2502 4057 Nihil
2572 3996 2740 4053 porro
2793 3989 2897 4054 est,
2957 3992 3055 4034 cur
3110 3974 3319 4054 diutius
3390 3973 3753 4052 immorentur
3820 3967 3876 4021 in

2287 4074 2610 4150 Morientis
2652 4072 3005 4150 recensendis
3071 4084 3190 4140 (illa?-
3256 4066 3415 4148 tlolt'ts
3468 4063 3708 4124 servavit
3769 4059 3876 4114 Eu-

2287 4149 2527 4239 thymius
2558 4167 2673 4222 sive
2710 4182 2775 4221 ex
2814 4149 3042 4240 Nysseni
3086 4163 3224 4224 libro
3249 4158 3537 4236 inseripto
3579 4155 3653 4216 De
3693 4152 3876 4220 cogni-

2289 4261 2428 4314 tione
2476 4259 2596 4321 Dei,
2631 4259 2744 4314 sive
2783 4271 2848 4310 ex
2905 4253 3152 4308 oratione
3190 4259 3383 4303 contra
3437 4243 3734 4298 Ablabium
3764 4243 3876 4296 dc-

2289 4358 2540 4420 sumpta,
2591 4361 2818 4416 quaeque
2867 4347 2970 4400 sub
3009 4359 3064 4396 n.
3119 4341 3150 4392 7
3196 4347 3251 4395 et
3297 4338 3331 4392 8
3388 4341 3876 4407 repraesentamus.

2359 4427 2627 4496 caeterum
2657 4439 2704 4492 si
2725 4435 2850 4506 quis
2887 4435 2940 4488 in
2965 4440 3243 4504 posterum
3271 4429 3338 4485 de
3362 4426 3725 4500 Nyssenianis
3751 4440 3876 4493 ope-

3737 4531 3876 4586 prac-

2291 4635 2372 4680 ter
2401 4624 2500 4678 ista
2547 4637 2668 4696 qua}
2723 4620 2849 4694 alibi
2889 4617 3094 4673 omissa
3153 4614 3244 4670 hic
3329 4613 3682 4684 protulimus,
3735 4605 3875 4662 hanc

2292 4717 2395 4788 ipsi
2423 4711 2924 4786 praeter-mittendus
2942 4709 3050 4765 erit
3073 4707 3316 4778 ejusdem
3342 4704 3517 4761 sancti
3543 4701 3732 4756 Patris
3756 4699 3876 4753 Dia,

2296 4811 2444 4879 logus
2474 4805 2536 4861 de
2559 4806 2741 4860 animo
2779 4813 2828 4858 et
2863 4801 3281 4865 resurrectione,
3310 4813 3470 4868 quem
3509 4795 3728 4865 jamdiu
3762 4793 3876 4847 edi-

2295 4912 2431 4965 tum,
2466 4899 2700 4955 contulit
2751 4912 2872 4951 cum
2905 4894 3118 4950 duobus
3163 4891 3348 4963 proba:
3389 4898 3531 4946 nota:
3561 4888 3867 4943 codicibus

2293 5003 2345 5050 et
2375 4993 2428 5048 in
2459 4993 2574 5049 suis
2612 4990 2812 5046 Anecd.
2846 4988 3043 5043 Gra'cis
3069 4983 3344 5056 evulgavit
3368 4983 3440 5038 cI.
3470 4981 3712 5037 Wolﬁus
3743 4980 3870 5048 (50)

2359 5171 2470 5256 ig?)
2502 5171 2728 5256 ἓιιξιτςε·
2759 5171 2969 5256 adivit?
2994 5186 3171 5256 οηαεσ·
3204 5183 3334 5256 ras.-
3369 5167 3496 5256 631-
3542 5211 3645 5256 .»,...
3708 5251 3738 5256 Α

2359 5235 2473 5314 (25)
2501 5243 2718 5310 Fabric.
2747 5245 2892 5299 Bibl.
2916 5235 3172 5312 Grftom.
3204 5235 3315 5293 VIII
3340 5278 3354 5304 ,
3383 5254 3504 5308 pag.
3540 5235 3671 5298 I62,
3707 5251 3768 5291 n.
3797 5237 3873 5289 76

2359 5311 2468 5384 (24)
2494 5312 2728 5384 Zacagn.
2761 5313 2980 5369 Collect.
3011 5327 3246 5384 manum.
3283 5305 3556 5384 Ecci._(_.'r.
3591 5321 3725 5378 pag.
3758 5306 3876 5362 555

2377 5380 2468 5454 25)
2493 5379 2751 5454 Lequieit.
2782 5384 3010 5440 Dissert.
3056 5399 3070 5438 I
3102 5382 3355 5454 Damosr.
3382 5379 3408 5451 ς
3433 5379 3523 5444 4⁵1,
3556 5393 3610 5451 p.
3651 5393 3803 5438 xxii.

2380 5451 2470 5524 26)
2497 5451 2638 5526 llug.
2673 5451 2858 5526 E'tlier.
2894 5454 2987 5526 lib.
3023 5470 3061 5516 t,
3095 5469 3216 5523 cap.
3251 5453 3305 5524 '5.

2384 5519 2476 5599 Ξῖ)
2497 5519 2751 5599 Eufhym.
2777 5524 3001 5599 Panopt.
3028 5519 3180 5599 part.—
3210 5519 3274 5586 tt,
3309 5523 3393 5588 tit.
3417 5519 3509 5599 _I2.

2389 5585 2478 5666 28)
2505 5585 2768 5666 Leqtiien.
2804 5596 2869 5664 ad
2901 5585 3043 5664 Opp:
3067 5585 3384 5666 Datiia5c.t.
3417 5589 3539 5666 I,"p_.
3567 5587 3706 5654 258,
3748 5601 3808 5646 tt.
3834 5585 3872 5638 2

2358 5661 2470 5736 (29$
2494 5667 2544 5722 J.
2580 5661 2830 5721 Damasc.
2863 5661 3001 5734 Opp.
3030 5661 3163 5718 tom.
3195 5665 3261 5736 1,7
3282 5679 3402 5734 pag.
3428 5661 3553 5736 mi.

2356 5729 2664 5809 (δομνυιῑ.
2701 5729 3024 5809 Αηεςᾴξϐν.
3056 5744 3188 5791 tom.
3224 5729 3295 5804 ll,—
3329 5729 3452 5805 pag.
3510 5729 3793 5792 274-530,
3840 5741 3874 5780 e

2284 5807 2417 5867 tum.
2449 5807 2536 5875 Ill,
2569 5824 2722 5877 pagg.
2758 5807 2904 5862 1-47.
3049 5857 3052 5860 ,

3767 5997 3834 6019 P‘
