4072 6212
1052 560 1284 648 ΤΟΥ
1321 561 1466 646 ΕΝ
1505 559 1867 646 ΑΓΙΟΙΣ
1905 557 2338 646 ΠΑΤΡΟΣ
2391 561 2717 651 ΗΜΩΝ

1417 773 2388 910 ΓΡΗΓΟΡΙΟΥ

1528 1028 1925 1082 ΕΠῙΣΚΟΠΟΥ
1961 1028 2231 1080 ΝΥΣΣΗΣ

962 1221 1488 1344 ΛΟΓΟΣ

1637 1228 2776 1346 ΚΑΤΗΧΗΤΙΚΟΣ

1629 1475 1703 1558 Ο
1776 1475 2140 1561 ΜΕΓΑΣ

1059 1687 1162 1739 EN
1191 1686 1628 1742 ΚΕΦΑΛΑΙΟῙΣ
1673 1684 2210 1741 ΤΕΣΣΑΡΑΚΟΝΤΑ
2254 1685 2736 1742 ΔΙΗΡΗΜΕΝΟΣ.

904 2073 1062 2228 S.
1208 2079 1380 2229 P.
1504 2081 1687 2233 N.
1808 2074 2855 2231 GBEGOBI-I

1551 2356 1860 2418 EPISGOPI
1912 2359 2209 2418 NYSSENI

599 2533 1188 2651 ORATIO
1327 2529 2366 2654 CATECHETIC
2407 2544 2484 2654 A

2618 2543 3161 2658 MAGNA

1183 2727 1188 2732 ’
1239 2757 1497 2814 bIVlSA
1530 2756 1616 2812 IN
1645 2757 2178 2826 QUADRAGINTA
2220 2761 2509 2819 cum.

1475 3119 1732 3175 Centiano
1768 3117 1987 3174 Herveto
2012 3122 2308 3191 interprete.

853 3451 1227 3506 ΠΡΟΛΟΙὊΣ.

333 3544 393 3600 Ὅ
415 3543 513 3614 τῆς
545 3542 896 3613 κατηχήσεως
921 3541 1076 3610 λόγος
1092 3584 1108 3609 ,
1133 3544 1427 3612 ἀναγκαῖος
1457 3546 1555 3617 μέν
1579 3547 1694 3601 ἐστι
1720 3550 1830 3612 τοῖς

249 3634 622 3706 προεστηκόσι
671 3632 767 3686 τοῦ
822 3633 936 3703 βίου
977 3635 1077 3704 τῆς
1113 3635 1415 3702 εὐσεϐείας,
1468 3637 1544 3700 ὡς
1576 3637 1642 3692 ἂν
1691 3639 1830 3710 πλη-

251 3723 465 3780 Stheno
506 3726 573 3795 τῇ
610 3723 895 3796 προσθήκῃ
937 3723 1044 3776 τῶν
1075 3722 1396 3795 σωζομένων
1433 3727 1466 3798 ἡ
1513 3727 1827 3800 Ἐκκλησία,

261 3816 355 3868 τοῦ
401 3815 546 3867 κατὰ
574 3815 670 3885 τὴν
714 3815 936 3887 διδαχὴν
983 3814 1174 3869 πιστοῦ
1217 3816 1376 3886 λόγου
1424 3821 1488 3890 τῇ
1532 3819 1668 3892 ἀκοῇ
1720 3821 1830 3874 τῶν

263 3905 513 3959 ἀπίστων
559 3908 992 3977 προσαγομένου·
1040 3909 1100 3961 οὐ
1149 3909 1255 3980 μὴν
1293 3911 1323 3963 ό
1358 3909 1518 3974 αὐτὸς
1557 3911 1658 3981 τῆς
1686 3911 1829 3968 διδα-

262 3995 496 4058 σκαλίας
525 3996 720 4066 τρόπος
748 3997 832 4049 ὲπὶ
863 3997 1080 4052 πάντων
1107 3999 1340 4069 ἁρμόσει
1364 4000 1471 4053 τῶν
1501 4001 1828 4071 προσιόντων

256 4087 337 4157 τῷ
375 4086 534 4157 λόγῳ.
587 4086 739 4140 Ἀλλὰ
772 4089 911 4142 κατὰ
949 4088 1047 4153 τὰς
1077 4090 1182 4142 τῶν
1225 4089 1526 4160 θρησκειῶν
1569 4091 1829 4165 διαφορὰς

254 4177 624 4248 μεθαρμόζειν
655 4180 918 4248 προσήκει
948 4179 1046 4249 τὴν
1087 4180 1408 4250 κατήχησιν,
1447 4180 1583 4252 πρὸς
1607 4181 1698 4235 τὸν
1731 4184 1827 4236 αὑ-

251 4267 346 4321 τδν
375 4269 471 4338 μὲν
498 4267 738 4339 ὁρῶντας
769 4268 864 4321 τοῦ
895 4267 1053 4336 λόγου
1084 4269 1284 4322 σκοπὸν
1303 4311 1318 4335 ,
1343 4269 1440 4340 οὐχ
1463 4271 1829 4342 ὁμοιοτρόπως

245 4359 308 4413 δὲ
340 4361 458 4422 ταῖς
491 4362 855 4424 κατασκευαῖς
883 4361 1216 4431 χρωμένους.
1255 4360 1476 4426 ’Λλλαις
1495 4363 1603 4434 γὰρ
1628 4364 1826 4434 ὑπολή-

243 4450 408 4519 ψεσιν
435 4449 464 4500 ό
496 4449 798 4514 Ἰουδαῖζων
830 4449 1186 4521 προείληπται
1205 4491 1220 4517 ,
1262 4451 1355 4504 καὶ
1376 4450 1452 4521 τῷ
1494 4452 1828 4524 Ἐλληνισμῷ

245 4542 428 4606 συζῶν
463 4542 676 4613 ἑτέραις
694 4559 709 4573 ·
745 4543 774 4594 ὃ
801 4557 860 4595 τε
906 4540 1180 4612 ’Δνόμοιος
1213 4541 1304 4594 καὶ
1330 4543 1358 4595 ὁ
1389 4543 1706 4614 Μανιχαῶς,
1736 4545 1828 4597 καὶ

235 4634 295 4688 οἱ
340 4634 478 4687 κατὰ
504 4633 829 4705 Μαρκίωνα,
870 4633 963 4687 καὶ
990 4631 1356 4698 Οὑαλεντίνον,
1395 4633 1488 4685 καὶ
1522 4633 1824 4706 Βασιλίδην,

236 4727 345 4779 καὶ
371 4728 398 4778 ό
417 4725 600 4788 λοιπὸς
621 4725 919 4792 κατάλογος
938 4723 1048 4776 τῶν
1075 4725 1212 4776 κατὰ
1235 4724 1330 4787 τὰς
1351 4723 1589 4794 αἱρέσεις
1615 4725 1826 4778 πλανω-

236 4818 448 4888 μένων,
507 4817 664 4880 ἰδίαις
719 4817 948 4880 ἕκαστος
1003 4816 1300 4886 ὑπολήψεσι
1361 4815 1821 4887 προειλημμένοί,

231 4908 552 4975 ἀναγκαίαν
606 4907 817 4962 ποιοῦσι
859 4909 955 4980 τὴν
989 4908 1124 4979 πρὸς
1165 4908 1262 4971 τὰς
1312 4907 1531 4961 ἐκείνων
1577 4910 1828 4975 ὑπονοίας

1857 3452 1905 3507 Α

1857 4785 1898 4839 Β

2526 3449 2912 3510 ΡΒᾸΞΡᾹΤΙΟ.

2001 3546 2134 3613 Quae
2175 3546 2241 3601 ad
2277 3546 2589 3604 catechesiu
2634 3547 2866 3617 pertinet
2917 3531 3135 3611 oratio,
3169 3555 3252 3604 est
3280 3545 3498 3618 quidem

1931 3634 2246 3688 necessaria
2289 3633 2360 3690 iis
2397 3634 2491 3705 qui
2540 3643 2784 3704 praesunt
2825 3634 2972 3700 vitae,
3019 3635 3202 3705 pietati
3241 3651 3306 3693 ac
3358 3653 3502 3696 vere

1931 3723 2207 3794 religioni,
2238 3733 2299 3779 ut
2320 3739 2510 3780 eorum
2540 3724 2645 3795 qui'
2659 3725 2890 3780 salutem
2913 3735 3280 3796 assequuntur
3313 3743 3500 3785 acces-

1930 3815 2086 3871 sione
2117 3816 2514 3887 multiplicetur
2553 3816 2831 3873 Ecclesia:
2868 3818 3013 3888 quod
3045 3819 3158 3886 liet,
3215 3821 3263 3874 si
3322 3820 3499 3876 lidelis

1929 3906 2194 3963 doctrina:
2217 3924 2396 3965 sermo
2427 3908 2497 3964 ad
2546 3908 2846 3965 inﬁdelium
2879 3924 3040 3965 aures
3090 3910 3352 3975 accedat;
3388 3925 3496 3964 non

1930 3999 2075 4054 idem
2127 4008 2306 4056 tamen
2365 4001 2630 4055 doctrinae
2681 3999 2876 4055 modus
2923 4000 3180 4054 convenit
3241 3999 3498 4054 omnibus

1930 4090 2080 4145 verbi
2113 4090 2474 4154 auditoribus,
2526 4089 2623 4145 sed
2658 4104 2757 4159 pro
2794 4089 3118 4158 religionum
3181 4087 3499 4146 diversitate

1931 4180 2189 4235 mutanda
2228 4189 2282 4236 et
2315 4178 2776 4233 accommodanda
2810 4177 2915 4232 erit
2939 4179 3262 4244 catecbesis,
3292 4181 3502 4235 oratio-

1930 4272 2016 4326 nis
2045 4270 2262 4340 quidem
2297 4266 2552 4323 eumdem
2584 4267 2689 4322 sibi
2732 4268 3086 4338 proponendo
3140 4285 3387 4343 scopum,
3443 4283 3500 4329 et

1929 4361 1997 4415 ad
2029 4375 2152 4415 eum
2190 4359 2452 4414 intuendo
2478 4347 2508 4424 ;\
2529 4358 2621 4415 sed
2649 4374 2759 4414 non
2790 4358 2980 4415 eodem
3011 4359 3173 4416 modo
3219 4363 3496 4433 probando

1930 4459 1984 4508 ct
2014 4450 2406 4506 conﬁrmando.
2443 4449 2580 4507 Aliis
2608 4451 2751 4506 enim
2785 4449 3135 4520 opinionibus
3171 4463 3256 4508 est
3295 4456 3496 4510 antici-

1931 4553 2089 4613 patus
2119 4542 2210 4613 qui
2246 4550 2354 4599 stat
2403 4556 2431 4597 a
2459 4541 2707 4612 partibus
2735 4539 3068 4609 Judteorum,
3111 4551 3165 4598 ct
3228 4545 3352 4602 aliis
3402 4547 3499 4616 qui

1930 4632 2074 4689 favet
2103 4633 2325 4695 Graecis,
2359 4632 2762 4702 Anomaausque
2791 4641 2846 4687 et
2877 4631 3231 4697 Manichacus,
3263 4641 3318 4689 et
3353 4632 3498 4687 Mar-

1930 4726 2194 4791 cionistm,
2227 4733 2282 4781 et
2311 4723 2695 4788 Valentiniani,
2731 4731 2784 4778 et
2814 4723 3176 4789 Basilidiani,
3212 4736 3266 4781 et
3318 4729 3498 4782 caeteri

1932 4816 2248 4870 aberrantes
2281 4815 2506 4870 asseclae
2544 4823 2820 4869 sectarum
2871 4821 2925 4868 et
2969 4815 3260 4880 luet-esum,
3296 4817 3498 4886 singuli

1928 4906 2206 4976 propriam
2229 4905 2578 4975 anticipatam
2608 4906 2869 4960 habentes
2893 4906 3229 4976 opinionem,
3261 4905 3498 4961 cilicium

233 5003 453 5071 μάχην.
495 5001 650 5072 Κατᾲ
681 4999 790 5071 γὰρ
819 4999 880 5052 τὸ
909 4996 1044 5062 εἶδος
1073 4998 1173 5068 τῆς
1200 4999 1354 5052 νόσου
1385 4999 1478 5052 καὶ
1506 4999 1596 5053 τὸν
1627 5001 1825 5070 τρόπον
1926 5011 1933 5044 ι

1930 5005 1986 5049 ut
2025 4996 2094 5050 sit
2138 4997 2453 5050 necessario
2515 4995 2906 5049 decertandum
2966 4996 3228 5050 adversus
3265 5010 3329 5050 ea
3377 5011 3500 5066 quae

225 5091 349 5159 τῆς
389 5089 685 5159 Θεραπείας
719 5086 1178 5158 προσαρμοστέον.
1214 5087 1286 5138 Οὐ
1317 5089 1428 5149 τοῖς
1454 5086 1636 5150 αὐτοῖς
1666 5088 1825 5159 θερα-
1924 5104 1933 5138 ε

1930 5087 2237 5155 opinantur.
2267 5083 2400 5139 Nam
2425 5088 2815 5140 convenienter
2867 5087 3051 5157 generi
3107 5087 3282 5140 morbi
3321 5087 3497 5143 rnedi-

225 5177 470 5240 πεύσεις
511 5178 606 5230 τοῦ
646 5177 906 5245 Ἕλληνος
938 5176 1035 5246 τὴν
1078 5175 1386 5241 πολυοεῖαν,
1429 5177 1520 5229 καὶ
1551 5176 1644 5229 τοῦ
1695 5179 1826 5230 ‘lou-
1923 5195 1933 5227 ε

1930 5177 2046 5230 cina
2072 5183 2156 5230 est
2184 5176 2508 5231 adhibenda.
2537 5174 2654 5230 Non
2698 5177 2885 5231 eodem
2919 5176 3078 5230 modo
3107 5177 3412 5234 medeberis
3445 5186 3500 5235 et

219 5270 394 5326 δαίοεα
419 5277 514 5336 τὴν
542 5271 668 5338 περὶ
692 5269 784 5320 τὸν
815 5271 1073 5338 μονογενῆ
1102 5267 1232 5320 Θεὸν
1261 5267 1512 5320 ἀπιστίαν
1534 5284 1547 5298 ο
1575 5268 1693 5320 οὐδὲ
1714 5269 1822 5320 ἀπὸ
1929 5279 1933 5310 ι

1930 5267 2137 5334 ῦιειεεο,
2171 5269 2262 5338 qui
2294 5269 2491 5324 multos
2521 5285 2641 5324 esse
2680 5269 2811 5323 deos
2859 5269 3134 5338 opinatur,
3175 5277 3228 5324 et
3272 5268 3496 5332 Judaro.

217 5361 353 5416 τῶν
397 5360 575 5412 αὐτῶν
623 5361 735 5421 τοίς
786 5359 923 5412 κατὰ
960 5358 1058 5421 τὰς
1095 5358 1333 5430 αἱρέσεις
1387 5359 1821 5428 πεπλανημένοις
1929 5386 1933 5409 ι

1930 5362 2023 5430 qui
2073 5376 2181 5415 non
2216 5360 2393 5415 credit
2446 5359 2556 5414 Deo
2617 5359 2916 5430 unigenito.
2959 5358 3145 5430 Neque
3191 5361 3242 5414 in
3278 5361 3346 5417 iis
3403 5363 3498 5431 qui

218 5452 569 5522 ἀνατρέψεις
594 5451 690 5514 τὰς
722 5450 1077 5521 ὴπατημένας
1106 5451 1234 5521 περ)⁸
1263 5449 1368 5503 τῶν
1406 5448 1687 5520 δογμάτων
1716 5469 1818 5520 μυα-
1849 5496 1859 5506 ,
1929 5476 1933 5499 ‹

1930 5453 2141 5523 decepti
2173 5462 2303 5509 sunt
2336 5468 2434 5524 per
2463 5453 2723 5516 haereses,
2759 5451 2950 5506 iisdem
2993 5451 3214 5509 refelles
3248 5467 3312 5508 ac
3345 5470 3499 5509 ever-

219 5545 507 5610 θοποιίας.
547 5545 624 5599 Οὔ
665 5545 773 5614 γὰρ
815 5545 881 5598 δι’
906 5538 979 5598 ὧν
1017 5544 1082 5598 ἄν
1132 5561 1215 5607 τις
1260 5542 1694 5614 ὲπανορϐώσαιτο
1731 5545 1820 5598 τὸν
1929 5556 1933 5584 τ

1930 5552 2015 5603 tes
2047 5545 2216 5603 falsas
2247 5561 2300 5602 et
2329 5543 2596 5600 conlictas
2630 5543 2696 5599 de
2727 5543 3077 5614 dogmatibus
3112 5544 3349 5601 fabulas.
3379 5542 3498 5600 Non

573 5637 844 5698 Ρηιιοι..
877 5636 991 5698 Gn.
1033 5636 1205 5699 XLV.

3158 5640 3187 5697 1
