4072 6212
638 401 786 452 enim
821 411 919 469 per
979 410 1103 465 qua:
1165 395 1478 466 corrigetur
1533 395 1830 460 Sabellius.
1884 413 1982 468 per
2021 405 2210 454 eadem

637 491 802 544 ctiam
839 490 1088 559 proderis
1124 489 1404 546 Anomtno.
1438 487 1625 560 Neque
1666 505 1788 560 quae
1815 490 2082 548 adversus
2109 491 2216 546 Ma-

642 583 913 636 nichaeum
963 581 1269 653 suscipitur
1318 582 1622 638 decertatio
1669 583 1893 653 prodest
1924 587 2085 640 etiam
2121 585 2217 641 Ju-

639 677 778 738 dzco,
814 675 910 730 sed
944 684 1180 746 oportet,
1219 675 1365 730 sicut
1394 675 1601 730 dictum
1633 684 1740 744 est,
1796 677 1961 733 verba
2012 676 2212 746 facere,

641 767 906 822 intuendo
937 768 1004 823 ad
1038 768 1320 822 hominum
1361 767 1674 837 opiniones,
1703 770 2095 826 convenienter
2124 786 2216 825 er-

641 861 754 914 rori
805 860 1174 930 singulorum,
1207 857 1541 930 proferendo
1577 860 1632 914 in
1667 860 1916 931 qualibet
1965 861 2215 932 disputa-

641 953 790 1008 tione
823 953 1072 1024 quendam
1117 952 1390 1023 principia
1451 961 1506 1008 et
1564 954 1978 1024 propositiones
2013 954 2213 1010 rationi

642 1053 1064 1109 consentaneas,
1098 1055 1158 1099 ut
1191 1060 1288 1116 per
1316 1061 1376 1100 ea
1409 1062 1533 1116 quae
1565 1049 1726 1101 ambo
1761 1045 2023 1113 fatentur,
2067 1056 2121 1103 et
2147 1047 2215 1103 de

636 1137 840 1205 quibus
870 1145 1107 1203 constat,
1142 1139 1548 1206 consequenter
1581 1138 1861 1206 aperiatur
1888 1138 2019 1208 quid
2061 1138 2206 1210 cogi-

633 1237 838 1284 tentet
872 1229 1137 1284 sentiant.
1182 1229 1415 1296 Quando
1468 1245 1599 1302 ergo
1656 1231 1764 1284 crit
1817 1230 2208 1301 disputandum

629 1340 760 1379 cum
794 1325 980 1394 aliquo
1005 1339 1071 1379 ex
1100 1323 1168 1378 iis
1195 1323 1288 1394 qui
1314 1322 1523 1379 Grazcis
1565 1324 1773 1388 favent,
1810 1334 1960 1380 recte
2007 1325 2112 1379 erit
2163 1327 2212 1382 si
2253 1385 2260 1396 ,

635 1416 855 1472 dicendi
886 1417 990 1472 hoc
1024 1424 1278 1471 sumatur
1324 1415 1584 1470 initium:
1636 1423 1822 1470 utrum
1861 1415 2029 1472 Deum
2092 1431 2213 1472 esse

633 1511 935 1574 existimat,
972 1525 1039 1565 an
1071 1517 1156 1566 est
1192 1511 1246 1565 in
1273 1510 1531 1580 opinione
1564 1525 1755 1566 eorum
1797 1512 1890 1581 qui
1952 1511 2214 1566 dicuntur

625 1604 800 1681 ‘atltei,
849 1603 992 1674 quod
1033 1601 1201 1658 Deum
1251 1616 1361 1656 non
1419 1616 1542 1658 esse
1603 1609 1880 1657 censeant.
1937 1600 2112 1672 Atque
2163 1603 2211 1658 si

635 1696 801 1751 Deum
835 1694 1056 1765 quidem
1083 1709 1194 1750 non
1225 1709 1349 1750 esse
1387 1692 1569 1749 dicat:
1599 1710 1662 1749 ex
1694 1693 1762 1750 iis
1795 1709 1913 1764 quae
1949 1693 2211 1750 artificio-

633 1806 692 1842 se
726 1796 781 1843 ct
812 1788 1092 1858 sapienter
1123 1786 1178 1840 in
1213 1785 1417 1840 mundo
1464 1784 1944 1851 administrantur,
1979 1784 2206 1840 induce-

635 1889 724 1934 tur
757 1887 812 1932 nt
849 1895 945 1948 per
976 1893 1038 1933 ea
1080 1876 1318 1932 fateatur
1353 1891 1476 1932 esse
1511 1874 1809 1946 quamdam
1838 1876 1970 1944 vim,
1999 1891 2119 1947 qua:
2149 1875 2204 1930 in

631 1972 699 2026 iis
743 1969 1056 2024 ostenditur
1113 1967 1367 2037 superior
1428 1966 1808 2021 universitate.
1874 1965 1970 2026 Sin
2021 1975 2204 2021 autem

633 2063 800 2118 Deum
837 2058 1054 2130 quidem
1082 2073 1192 2112 non
1222 2073 1345 2112 esse
1377 2055 1608 2118 dubitet,
1643 2056 1738 2111 sed
1791 2069 1856 2109 co
1912 2054 2204 2114 delabitur.

632 2162 691 2207 ut
724 2153 947 2207 deorum
989 2156 1142 2221 putet
1179 2163 1302 2204 esse
1336 2146 1763 2210 multitudinem,
1809 2146 1914 2201 hac
1943 2145 2206 2203 adversus

631 2261 756 2301 eum
790 2252 1011 2299 utemur
1037 2240 1452 2310 consequentia,
1486 2237 1730 2294 Deumne
1753 2236 2053 2319 perfectum
2083 2253 2205 2296 esse

631 2346 805 2408 putet,
839 2351 907 2388 an
941 2334 1028 2388 cui
1062 2333 1200 2388 desit
1245 2331 1476 2401 aliquid.
1514 2329 1672 2396 Quod
1703 2331 1772 2396 si,
1811 2339 1871 2385 ut
1925 2340 2010 2387 est
2066 2347 2202 2388 con-

631 2437 978 2491 sentaneum,
1021 2423 1114 2479 Dei
1180 2430 1390 2478 naturae
1425 2421 1818 2492 perfectionem
1855 2436 1957 2477 suo
1994 2422 2204 2478 tribuat

630 2520 970 2581 testimonio,
997 2517 1210 2586 exigam
1239 2523 1298 2568 ut
1327 2515 1440 2584 ipse
1463 2513 1535 2568 sit
1561 2512 1835 2584 perfectus
1864 2513 1920 2569 in
1946 2516 2203 2573 omnibus

624 2629 751 2683 qua:
785 2610 1206 2667 considerantur
1235 2609 1290 2663 in
1328 2604 1634 2670 divinitate,
1666 2621 1734 2660 ne
1761 2603 1905 2662 Deus
1951 2606 2206 2664 conside-

629 2716 780 2763 retur
807 2703 1130 2760 commistus
1151 2718 1216 2758 ex
1245 2701 1315 2755 iis
1349 2715 1471 2771 qua:
1499 2708 1629 2754 sunt
1657 2701 1960 2767 contraria,
2009 2717 2204 2772 nempe

624 2817 692 2856 cx
724 2815 789 2856 eo
822 2797 966 2868 quod
998 2806 1081 2851 cst
1110 2808 1392 2855 mancum,
1430 2798 1486 2847 et
1515 2806 1577 2846 ex
1617 2806 1684 2847 eo
1717 2792 1863 2864 quod
1891 2801 1976 2850 est
2022 2795 2205 2864 pel-fe-

628 2899 802 2947 ctum.
835 2888 943 2944 Sed
978 2887 1094 2942 sive
1124 2885 1179 2939 in
1209 2889 1500 2954 potestate,
1534 2884 1650 2938 sive
1685 2883 1740 2937 in
1772 2883 1901 2938 boni
1955 2885 2199 2950 notione,

625 2984 742 3038 sive
776 2982 831 3035 in
886 2976 1174 3048 sapientia,
1209 2982 1264 3030 et
1302 2974 1630 3040 aeternitate,
1663 2981 1716 3030 et
1767 2976 2200 3046 incorruptione,

624 3074 753 3130 etsi
778 3073 962 3141 aliqua
985 3069 1093 3124 alia
1110 3083 1231 3138 quae
1260 3067 1441 3165 Deum.
1460 3065 1618 3122 decet
1638 3067 1994 3165 intelligentia
2018 3071 2201 3165 veniat
2231 3109 2273 3165 ο

626 3167 682 3220 in
719 3160 1257 3232 contemplationem,
1294 3157 1522 3213 omnino
1559 3159 1896 3213 assentietur
1919 3159 1975 3214 in
2012 3158 2200 3215 divina

626 3261 823 3309 natura
890 3247 1229 3306 considerari
1275 3246 1666 3318 perfectionem
1731 3263 1797 3304 ex
1846 3247 1948 3303 hac
2003 3264 2201 3305 conse-

625 3344 846 3415 quentia
874 3340 1072 3396 rationi
1095 3351 1487 3395 consentanea.
1511 3337 1627 3395 Hoc
1652 3347 1831 3394 autem
1857 3340 2016 3396 nobis
2045 3341 2197 3405 dato,

626 3452 734 3492 non
765 3435 871 3491 erit
904 3431 1140 3504 amplius
1183 3430 1401 3486 difficile
1454 3431 1842 3500 cogitationem
1893 3431 2199 3502 dispersam

625 3544 690 3584 ac
730 3527 1050 3597 dissipatam
1101 3523 1157 3578 in
1197 3522 1422 3578 deorum
1481 3521 1883 3578 multitudinem
1931 3519 2202 3579 d'educere

625 3620 690 3675 ad
719 3617 1020 3674 divinitatis
1045 3617 1212 3672 unius
1240 3615 1671 3670 confessionem.
1702 3615 1760 3670 Si
1796 3616 1940 3671 enim
1971 3617 2198 3671 omnino

625 3709 835 3768 dederit
861 3723 919 3765 se
956 3706 1346 3780 perfectionem
1384 3706 1543 3761 fateri
1599 3706 1655 3761 in
1703 3706 1992 3776 subjecto:
2054 3707 2202 3762 dicat

624 3810 806 3860 autem
834 3802 1005 3857 multa
1041 3815 1163 3855 esse
1195 3799 1461 3870 perfecta,
1496 3802 1618 3870 qua:
1648 3814 1746 3870 per
1789 3799 1978 3855 eadem
2013 3799 2199 3870 expri-

625 3901 868 3959 muntur,
918 3905 1188 3961 suumque
1222 3890 1502 3962 accipiunt
1549 3891 1923 3946 characterem
1973 3906 2037 3944 ac.
2095 3890 2202 3946 for-

625 4002 767 4040 mam
798 3995 1067 4040 :‘necesse
1099 3990 1183 4038 est
1215 3983 1442 4037 omnino
1473 3989 1531 4035 ut
1556 3981 1623 4036 iis
1658 3996 1780 4052 quae
1813 3982 1962 4036 nulla
1993 3981 2201 4037 discer—
2233 4058 2235 4061 ι

623 4087 833 4133 nuntur
880 4076 1182 4131 mutatione
1245 4089 1308 4130 ac
1357 4071 1692 4139 diversitate,
1735 4073 1831 4129 sed
1888 4073 1942 4128 in
2005 4073 2199 4130 iisdem

622 4169 1065 4231 considerantur,
1099 4175 1193 4221 aut
1227 4166 1509 4238 proprium
1535 4166 1863 4235 ostendere;
1901 4175 1996 4222 aut
2029 4167 2074 4222 si
2111 4168 2198 4222 ni-

625 4263 697 4317 hil
728 4261 947 4332 proprie
995 4275 1059 4314 ac
1100 4259 1453 4328 peculiariter
1507 4261 1708 4315 mentis
1771 4261 2201 4332 comprehendat

621 4355 908 4424 conceptio
935 4371 947 4404 :
980 4353 1034 4404 in
1071 4351 1138 4404 iis
1168 4352 1222 4403 in
1255 4352 1454 4420 quibus
1483 4368 1590 4406 non
1621 4360 1704 4408 est
1732 4353 1877 4423 quod
1899 4353 2196 4417 discernat,

1869 278 1924 332 S.
1964 278 2292 339 GREGORII
2332 282 2618 342 NYSSENI

3800 301 3856 356 ω

2244 405 2288 461 Α
2315 404 2632 470 Σαϐέλλιον,
2681 406 2768 460 διὰ
2811 408 2919 462 τῶν
2957 409 3134 466 αὐτῶν
3181 411 3453 483 ὠφελήσει
3497 417 3592 470 καὶ
3625 416 3708 473 τὸν
3757 421 3860 474 Ἀν-

2323 499 2527 567 όμοιον.
2567 499 2700 553 Οὑδὲ
2739 501 2772 570 ὴ
2819 500 2955 572 πρὸς
2998 502 3092 556 τὸν
3135 487 3433 576 Μανιχαῖον
3482 508 3625 581 μάχη
3670 519 3749 566 καὶ
3783 523 3859 567 ιον

2332 589 2583 643 Ἰουδαῖον
2618 591 2854 662 ὀνίνησιν
2877 633 2893 653 ,
2920 592 3058 647 ἀλλὰ
3087 594 3193 666 χρὴ
3217 636 3232 663 ,
3275 595 3458 661 καθὼς
3490 599 3712 671 εἴρηται,
3745 605 3860 675 πρὸς

2316 677 2414 743 τὰς
2446 679 2742 752 ὑπολήψεις
2769 682 2876 736 τῶν
2910 682 3210 754 ἀνθρώπων
3244 685 3482 755 βλέπειν,
3514 690 3606 743 καὶ
3633 693 3757 746 κατὰ
3776 698 3859 765 τὴν

2318 771 2646 844 ἐγκειμένην
2699 773 2912 846 ἑκάστῳ
2971 775 3179 847 πλάνην
3241 779 3510 833 ποιεῖσθαι
3572 782 3659 835 τὸν
3705 783 3855 852 λόγον,

2315 863 2490 934 ἀρχάς
2518 881 2671 928 τινας
2700 866 2794 918 καὶ
2823 868 3111 938 προτάσεις
3136 869 3388 938 εὐλόγους
3413 872 3496 940 ἐφ’
3521 873 3740 942 ἑκάστης
3764 875 3859 928 δια-

2315 951 2512 1018 λέξεως
2537 955 2973 1028 προϐαλλόμενον
2991 999 3006 1025 ,
3033 958 3106 1022 ὡς
3145 959 3212 1014 ἂν
3253 959 3341 1014 διὰ
3369 961 3478 1015 τῶν
3505 964 3630 1035 παρ’
3655 965 3861 1035 ἀμφοτέο

2317 1062 2430 1116 ροις
2461 1046 2908 1119 ὁμολογουμένων
2942 1049 3308 1123 ἐκκαλυφθείη
3339 1053 3480 1107 κατά
3513 1054 3573 1108 τὸ
3605 1056 3863 1110 ἀκόλουθον

2314 1135 2594 1205 ήδιάνοια.
2623 1138 2832 1192 Οὐκοῦν
2867 1140 2994 1193 ὅταν
3018 1139 3153 1211 πρός
3179 1157 3301 1194 τινα
3332 1141 3438 1194 τῶν
3471 1142 3857 1215 Ἐλληνιζόντων

2312 1230 2346 1300 ἡ
2377 1229 2608 1295 διάλεξις
2627 1227 2680 1304 ᾗ,
2712 1231 2889 1295 καλῶς
2921 1230 2987 1286 ἂν
3010 1231 3122 1304 ἔχοι
3153 1233 3356 1304 ταύτην
3386 1235 3653 1288 ποιεῖσθαι
3679 1238 3762 1290 τοῦ
3785 1237 3864 1290 λό-

2313 1337 2411 1390 γου
2448 1322 2547 1394 τὴν
2583 1323 2780 1396 ἀρχὴν,
2820 1324 3047 1397 πότερον
3085 1319 3224 1380 εἶναι
3260 1327 3321 1380 τὸ
3347 1328 3499 1381 Θεῖον
3533 1328 3799 1399 ὑπείληφε,
3834 1331 3862 1399 ἢ

2311 1411 2390 1483 τῷ
2426 1413 2535 1466 τῶν
2581 1414 2755 1468 ἀθέων
2803 1416 3136 1489 συμφέρεται
3165 1417 3415 1487 δόγματι.
3453 1418 3515 1472 Εἰ
3545 1419 3643 1490 μὲν
3678 1417 3761 1473 οὖν
3800 1421 3866 1490 μὴ

2313 1500 2452 1559 εἶναι
2493 1505 2676 1575 λέγει,
2713 1508 2778 1560 ἐκ
2819 1508 2928 1562 τῶν
2974 1509 3235 1580 τεχνικῶς
3269 1510 3366 1563 καὶ
3412 1511 3590 1581 σοφῶς
3629 1510 3759 1565 κατὰ
3785 1511 3866 1564 τὸν

2311 1595 2514 1666 κόσμον
2553 1597 3017 1669 οἰκονομουμένων
3052 1599 3508 1672 προσαχθήσεται,
3547 1601 3680 1673 πρὸς
3708 1602 3762 1655 rb
3789 1600 3869 1654 διὰ

2310 1688 2516 1746 τούτων
2546 1684 2684 1744 εἷναί
2709 1707 2831 1744 τινα
2863 1689 3091 1763 δύναμιν
3127 1675 3226 1761 τὴν
3256 1693 3312 1745 ἐν
3349 1691 3557 1757 τούτοις
3593 1693 3869 1746 διαδεικνυ-

2317 1781 2484 1854 μένην
2510 1781 2604 1835 τοῦ
2631 1783 2830 1847 παντὸς
2854 1783 3260 1856 ὑπερκειμένην
3285 1785 3632 1856 ὁμολογῆσαι.
3661 1787 3718 1839 El
3737 1786 3789 1840 δὲ
3814 1785 3870 1839 rb

2317 1873 2416 1942 μὲν
2450 1869 2587 1928 εἶναι
2635 1873 2710 1946 μὴ
2759 1875 3125 1946 ἀμφιϐάλλοι,
3166 1878 3246 1940 είς
3291 1876 3491 1947 πλῆθος
3521 1877 3574 1931 δὲ
3622 1877 3872 1950 θεοτήτων

2313 1967 2432 2028 ταῖς
2471 1965 2745 2030 ὑπονοίαις
2773 1967 3054 2039 ἐκφέροιτο
3077 2008 3092 2032 ,
3137 1966 3356 2039 τοιαύτῃ
3398 1961 3708 2041 χρησόμεθα
3745 1970 3871 2038 πρὸς

2315 2055 2476 2107 αὑτὸν
2515 2059 2580 2127 τῇ
2633 2057 2954 2130 ἀκολουθίᾳ,
3017 2061 3242 2133 πότερον
3299 2061 3502 2114 τέλειον
3558 2062 3590 2133 ἢ
3648 2061 3870 2126 ἐλλειπές

2290 2145 2526 2215 ,ἡγεῖται
2554 2145 2614 2199 rb
2639 2148 2809 2201 Θεῖον.
2829 2149 2934 2203 Τοῦ
2961 2152 3015 2204 δὲ
3043 2151 3182 2205 κατά
3212 2153 3270 2204 τὸ
3290 2153 3436 2216 είκὸς
3460 2154 3557 2223 τὴν
3580 2155 3875 2224 τελειότητα

2313 2239 2858 2309 προσμαρτυρούντος
2887 2243 2951 2312 τῇ
2981 2239 3100 2312 θείᾳ
3140 2241 3321 2311 φύσει,
3353 2243 3415 2296 rb
3445 2243 3532 2296 διὰ
3562 2245 3769 2298 πάντων
3791 2247 3876 2299 αύ-

2310 2324 2402 2378 τὸν
2431 2325 2539 2381 τῶν
2561 2326 3006 2401 ἐνθεωρουμένων
3034 2333 3100 2402 τῇ
3127 2331 3339 2403 θεότητι
3364 2332 3566 2388 τέλειον
3592 2324 3876 2408 άπαιτήσο·

2315 2435 2446 2490 μαι,
2479 2420 2555 2481 ὡς
2579 2421 2644 2474 ἂν
2681 2421 2754 2492 μὴ
2787 2420 3088 2493 σύμμικτον
3116 2425 3179 2478 ἐκ
3210 2423 3318 2478 τῶν
3356 2425 3608 2480 ἐναντίων
3639 2427 3880 2499 θεωροῖτο

2309 2510 2558 2577 τὸΘεῖον,
2582 2511 2642 2578 ἐξ
2658 2513 2938 2578 ἐλλειποῢς
2957 2516 3050 2569 καὶ
3068 2515 3186 2568 τελε
3196 2516 3294 2570 ίου.
3331 2517 3470 2570 Ἀλλ’
3494 2517 3603 2571 εἴτε
3625 2519 3762 2573 κατὰ
3785 2519 3879 2589 τὴν

2310 2601 2559 2676 δύναμιν,
2581 2605 2690 2659 εἴτε
2722 2606 2863 2660 κατά
2889 2606 2985 2679 τὴν
3007 2607 3102 2662 τοῦ
3131 2607 3338 2679 ἀγαθοῦ
3359 2607 3584 2675 ἔννοιαν,
3605 2610 3714 2664 εῐτε
3743 2612 3879 2665 κατὰ
3928 2635 3929 2638 η

2311 2696 2370 2750 rb
2409 2697 2570 2767 σοφόν
2590 2713 2650 2749 τε
2683 2699 2777 2752 καὶ
2807 2697 3080 2770 ἄφθαρτον
3103 2699 3196 2752 καὶ
3234 2700 3424 2763 ἀΐδιον,
3463 2699 3558 2752 καὶ
3586 2700 3638 2753 εί
3676 2718 3727 2753 τι
3759 2701 3881 2754 ἄλλο

2312 2788 2612 2860 θεοπρεπὲς
2649 2790 2825 2862 νόημα
2853 2793 2916 2862 τῇ
2949 2789 3150 2863 θεωρία
3193 2792 3585 2862 προσκείμενον
3622 2791 3789 2862 τύχοι,
3826 2794 3884 2845 ἐν

2311 2881 2470 2934 παντὶ
2521 2881 2618 2952 τὴν
2665 2882 2977 2954 τελειότητα
3035 2883 3356 2955 θεωρεῖσθαι
3415 2885 3544 2956 περὶ
3595 2885 3690 2956 τὴν
3735 2883 3930 2942 θείανί

2310 2973 2472 3042 φύσιν
2497 2974 2638 3028 κατά
2663 2974 2724 3028 rb
2748 2974 2966 3045 εὑλογον
2994 2976 3093 3046 τῆς
3115 2976 3434 3040 ἀκολουθίας
3460 2976 3662 3049 ταύτης
3684 2993 3882 3046 συγκα-

2309 3065 2620 3137 ταθήσεται.
2657 3064 2856 3119 Τούτου
2891 3066 2966 3126 δέ,
2993 3066 3237 3131 δοθέντος
3290 3069 3442 3138 ἡμῖν,
3463 3067 3646 3122 οὐκέτι
3691 3067 3757 3122 ἂν
3800 3066 3885 3136 εἴη

2307 3156 2539 3228 χαλεπὸν
2585 3158 2647 3212 rb
2688 3159 3084 3229 ἐσκεδασμένον
3135 3160 3232 3230 τῆς
3279 3158 3518 3223 διανοίας
3564 3160 3645 3223 είς
3684 3158 3886 3228 πλῆθος

2305 3248 2444 3302 θεῶν
2477 3250 2610 3322 πρὸς
2647 3251 2775 3320 μιᾶς
2807 3248 3058 3321 θεότητος
3101 3252 3454 3322 περιαγαγεῖν
3483 3249 3789 3321 ὁμολογίαν.
3824 3251 3889 3302 Εἰ

2305 3338 2414 3411 γάρ
2453 3339 2514 3394 rb
2555 3340 2759 3394 τέλειον
2806 3343 2863 3395 ἐν
2913 3342 3073 3395 παντὶ
3104 3342 3217 3414 δοίη
3265 3344 3394 3412 περὶ
3439 3343 3499 3396 τὸ
3528 3343 3892 3416 ὑποκείμενον

2303 3431 2701 3501 ὁμολογεῖσθαι,
2742 3431 2912 3487 πολλά
2951 3423 3007 3486 δὲ
3033 3429 3172 3487 εἷναι
3206 3434 3272 3487 τὰ
3307 3435 3488 3488 τέλεια
3531 3433 3619 3488 διὰ
3654 3435 3764 3488 τῶν
3792 3436 3890 3488 αύ-

2303 3522 2410 3576 τῶν
2453 3523 2964 3594 χαρακτηριζόμενα
2987 3524 3136 3594 λέγοι
3161 3541 3174 3556 ο
3221 3524 3432 3596 ἀνάγκη
3465 3527 3614 3579 πᾶσα
3644 3528 3741 3580 ἐπὶ
3779 3528 3893 3581 τῶν

2306 3611 2543 3684 μηδεμιᾷ
2577 3612 2897 3684 παραλλαγῇ
2931 3615 3377 3686 διακρινομένων,
3409 3615 3524 3669 ἀλλ’
3554 3619 3612 3670 ἐν
3643 3621 3760 3681 τοῖς
3786 3618 3889 3672 αὑ-

2301 3706 2415 3766 τοῖς
2444 3703 2830 3776 θεωρουμένων
2851 3743 2867 3767 ,
2916 3704 2950 3775 ἢ
2984 3704 3248 3770 ἐπιδεῖξαι
3271 3695 3330 3760 rb
3358 3708 3515 3773 ἴδιον,
3550 3709 3582 3780 ἢ
3631 3710 3681 3762 εί
3717 3711 3892 3782 μηδὲν

2307 3795 2613 3860 ἰδιαζόντως
2648 3796 2950 3868 καταλάϐοι,
2978 3798 3010 3868 ἡ
3043 3798 3241 3862 ἔννοια,
3269 3798 3356 3869 ἐφ’
3396 3793 3472 3854 ὧν
3509 3801 3571 3854 τὸ
3608 3801 3891 3873 διακρῖνον

2301 3888 2401 3940 οὐκ
2435 3885 2552 3940 ἔστι
2601 3887 2675 3960 μὴ
2718 3888 2961 3941 ὑπονοεῖν
3007 3887 3106 3962 τὴν
3143 3889 3434 3962 διάκρισιν.
3481 3891 3546 3946 Ei
3592 3893 3706 3965 γὰρ
3753 3895 3894 3965 μήτε

2302 3980 2453 4050 παρά
2480 3980 2542 4034 rb
2571 3979 2728 4033 πλέον
2757 3982 2853 4034 καὶ
2879 3979 3099 4036 ἔλαττον
3129 3982 3227 4055 τὴν
3253 3984 3517 4058 διαφορὰν
3555 3974 3894 4058 ἐξευρίσκω,

2301 4071 2435 4126 διότι
2472 4072 2572 4142 τὴν
2604 4072 2900 4127 ἐλάττωσιν
2934 4074 2963 4128 ὁ
2989 4073 3088 4144 τῆς
3119 4074 3457 4146 τελειότητος
3489 4078 3548 4129 οὑ
3584 4078 3899 4148 παραδέχε-

2301 4181 2390 4217 ται
2428 4163 2583 4233 λόγος
2603 4182 2615 4194 ·
2656 4167 2790 4235 μήτε
2820 4166 2918 4236 τὴν
2947 4166 3098 4236 παρά
3123 4167 3184 4218 rb
3216 4170 3398 4236 χεῖρον
3431 4169 3525 4221 καὶ
3563 4171 3902 4240 προτιμότε-

2242 1753 2283 1807 Β

2305 4270 2397 4323 ρον
2419 4269 2432 4286 ⁸
2476 4254 2538 4306 οὑ
2564 4253 2672 4323 γὰρ
2699 4255 2764 4306 ἃν
2806 4253 2884 4305 ἔτι
2919 4253 3171 4322 θεότητός
3197 4271 3280 4316 τις
3309 4255 3461 4326 σχοίη
3491 4255 3792 4327 ὑπόληψιν,
3833 4254 3901 4314 οὗ

2302 4346 2334 4410 ὴ
2372 4343 2466 4395 τοῦ
2505 4343 2742 4413 χείρονος
2769 4343 2867 4394 οὐκ
2910 4342 3103 4396 ἄπεστι
3143 4347 3515 4417 προσηγορίαο
3559 4350 3700 4420 μήτε
3747 4351 3901 4405 κατὰ

622 4462 729 4500 non
753 4444 1068 4500 existimare
1088 4455 1210 4496 esse
1237 4442 1650 4497 discretionem.
1677 4464 1680 4466 ν
1713 4442 1768 4496 Si
1819 4444 1962 4497 enim
2023 4458 2197 4510 neque

2305 4432 2361 4484 rb
2389 4433 2612 4501 ἀρχαῖον
2638 4431 2731 4484 καὶ
2757 4422 3095 4502 πρόσφατον*
3125 4435 3186 4488 τὸ
3209 4435 3316 4508 γὰρ
3340 4438 3415 4511 μὴ
3441 4440 3524 4493 ἀεὶ
3546 4440 3626 4506 όν,
3656 4442 3770 4510 ἔξω
3796 4446 3902 4516 τῆς

627 4539 680 4591 in
711 4551 775 4591 eo
800 4535 948 4606 quod
1007 4542 1091 4589 est
1119 4533 1244 4603 plus
1280 4540 1372 4585 aut
1403 4534 1585 4587 minus
1633 4533 1874 4586 inveniat
1939 4531 2197 4585 differen-

627 4629 779 4694 tiam,
815 4627 1072 4698 qnoniam
1116 4624 1537 4678 diminutionem
1604 4639 1709 4676 non
1766 4622 2004 4676 admittit
2059 4622 2198 4678 ratio

625 4718 995 4791 perfectionis,
1021 4733 1196 4787 neque
1217 4716 1271 4770 in
1308 4729 1373 4769 eo
1402 4713 1549 4784 quod
1574 4722 1657 4768 est
1688 4713 1936 4769 deterius
1966 4729 2030 4768 ac
2053 4703 2196 4784 prte-

623 4812 881 4869 stantius.
935 4809 1119 4880 Neque
1152 4807 1493 4862 divinitatem
1549 4805 1616 4860 de
1649 4821 1712 4861 eo
1753 4805 1957 4875 poteris
2016 4806 2198 4875 suspi-

619 4907 945 4974 eari,aquo
979 4901 1268 4958 deterioris
1313 4909 1520 4955 remota
1579 4915 1685 4954 non
1740 4907 1824 4955 est
1878 4900 2189 4970 appellatio.

617 4997 807 5068 Neque
841 4998 892 5050 in
919 5009 985 5050 eo
1013 4992 1160 5065 quod
1211 5000 1295 5049 est
1352 4991 1639 5062 antiquum
1698 5000 1752 5047 et
1788 5005 2002 5047 recens.
2058 4991 2191 5047 Nam

618 5092 760 5161 quod
791 5107 896 5145 non
931 5103 1144 5158 semper
1171 5096 1273 5151 est,
1309 5085 1555 5140 divinum
1611 5100 1720 5139 non
1765 5092 1945 5155 potest
2001 5086 2193 5143 existi-

619 5181 778 5234 mari.
829 5179 934 5235 Sed
973 5179 1022 5234 si
1067 5193 1174 5232 una
1221 5185 1303 5233 est
1330 5187 1384 5232 et
1411 5175 1598 5230 eadem
1656 5175 1795 5230 ratio
1853 5175 2190 5242 divinitatis;

617 5287 740 5327 cum
791 5275 937 5327 nulla
998 5273 1051 5327 in
1093 5273 1204 5328 ullo
1259 5269 1568 5326 inveniatur
1620 5269 1956 5340 proprietas,
2019 5277 2076 5324 ut
2108 5277 2194 5325 cst

617 5371 1090 5427 consentaneum;
1149 5376 1374 5418 necesse
1404 5369 1488 5416 est
1545 5360 1771 5415 omnino
1829 5367 1888 5414 ut
1928 5360 2192 5416 aberrans

617 5464 671 5512 ct
702 5455 836 5509 falsa
861 5453 928 5508 de
966 5455 1314 5511 multitudine
1348 5454 1574 5509 deorum
1611 5451 1900 5522 phantasia
1955 5451 2195 5521 compel-

620 5549 763 5602 latur
811 5546 880 5602 ad
935 5546 1298 5602 confitendam
1363 5563 1524 5602 unam
1563 5545 1929 5600 divinitatem.
1967 5542 2101 5598 Nam
2143 5545 2190 5600 si

2295 4524 2424 4594 περὶ
2454 4523 2516 4576 rb
2545 4523 2698 4576 Θεῖόν
2744 4524 2892 4578 ἐστιν
2927 4525 3247 4598 ὑπολήψεως
3266 4545 3280 4560 ο
3327 4530 3442 4584 ἀλλ’
3479 4529 3562 4596 εἷς
3591 4535 3688 4588 καὶ
3731 4537 3762 4589 ὁ
3794 4538 3902 4591 αὑ-

2293 4618 2385 4681 τὸς
2410 4617 2512 4688 τῆς
2544 4618 2794 4689 θεότητος
2829 4618 3006 4688 λόγος,
3035 4621 3292 4694 οὐδεμιᾶς
3324 4624 3584 4698 ἰδιότητος
3619 4630 3682 4682 ἐν
3715 4631 3905 4686 οὐδενὶ

2295 4710 2438 4764 κατά
2469 4711 2530 4764 rb
2568 4709 2787 4780 εὔλογον
2820 4712 3245 4788 εὑρισκομένης·
3288 4717 3503 4789 ἀνάγκη
3537 4722 3708 4774 ,πᾶσα
3755 4724 3904 4794 πρὸς

2299 4808 2428 4876 μιᾶς
2465 4807 2716 4880 θεότητος
2754 4808 3045 4879 ὁμολογίαν
3088 4811 3436 4882 συνθλιϐῆναι
3469 4813 3565 4885 τὴν
3605 4815 3907 4888 πεπλανη-

2303 4899 2471 4971 μένην
2521 4901 2651 4972 περὶ
2695 4900 2789 4954 τοῦ
2841 4902 3081 4973 πλήθους
3124 4903 3232 4957 τῶν
3278 4905 3416 4959 θεῶν
3463 4907 3796 4976 φαντασίαν.
3839 4910 3907 4962 Εἰ

2297 4991 2406 5062 γὰρ
2448 4993 2508 5044 τὸ
2541 4993 2740 5062 ἀγαθὸν
2771 4993 2866 5047 καὶ
2891 4994 2950 5047 rb
2977 4994 3201 5062 δίκαιον,
3225 4997 3287 5049 τό
3311 5015 3368 5051 τε
3403 4999 3564 5067 σοφὸν
3591 5000 3691 5052 καὶ
3715 5000 3783 5053 τὸ
3811 5001 3911 5054 δυο

2299 5086 2455 5140 νατὸν
2494 5085 2753 5148 ὡσαύτως
2780 5075 3006 5154 λέγοιτο,
3043 5087 3077 5155 ἦ
3104 5103 3162 5139 τε
3193 5085 3467 5159 ἀφθαρσία
3499 5089 3591 5143 καὶ
3621 5091 3909 5163 ἀῑδιὸτης,

2300 5180 2394 5234 καὶ
2428 5181 2576 5233 πᾶσα
2622 5177 2850 5249 εὐσεϐὴς
2892 5177 3128 5242 διάνοια,
3181 5177 3321 5232 κατὰ
3352 5179 3444 5232 τὸν
3484 5181 3650 5236 αὑτὸν
3697 5183 3915 5252 ὁμολο⁴

2301 5274 2448 5341 γοῖτο
2499 5269 2730 5342 τρόπον’
2783 5271 2962 5341 πάσης
3006 5271 3146 5325 κατὰ
3187 5272 3366 5327 πάντα
3416 5273 3572 5342 λόγον
3622 5276 3917 5348 διαφορᾶς

2303 5361 2737 5434 ὑφαιρουμένης,
2787 5366 3194 5434 συναφαιρεῖται
3225 5366 3344 5417 κατ’
3395 5366 3646 5438 ἀνάγκην
3679 5367 3752 5421 τὸ
3797 5369 3921 5424 τῶν

2302 5454 2439 5509 θεῶν
2476 5453 2678 5523 πλῆθος
2713 5453 2820 5508 ἀπὸ
2847 5454 2940 5508 τοῦ
2963 5455 3252 5527 δόγματος,
3279 5460 3376 5529 τῆς
3401 5459 3490 5513 διὰ
3513 5461 3744 5516 πάντων
3775 5479 3920 5515 ταυ-

2247 5548 2254 5554 ’
2301 5545 2542 5616 τότητος,
2573 5545 2652 5607 εἰς
2683 5543 2742 5596 rb
2773 5543 2830 5597 ἓν
2861 5545 2931 5600 τὸ,
2947 5544 3121 5616 δόγμα
3147 5547 3244 5619 τὴν
3275 5549 3455 5605 πίστιν
3485 5549 3918 5622 περιαγούσης.

617 5639 835 5695 bonitas
858 5645 910 5694 et
934 5637 1176 5709 justitia,
1221 5641 1603 5710 sapientiaque
1632 5645 1686 5694 et
1712 5638 1954 5708 potentia
2024 5637 2276 5694 similiter
2312 5645 2364 5695 et
2395 5637 2584 5694 eodem
2628 5640 2789 5696 modo
2818 5639 3042 5706 dicitur,
3075 5640 3525 5715 incorruptioque
3556 5653 3611 5700 et
3665 5646 3924 5699 aeterni-

617 5744 718 5803 tas,
769 5735 1060 5806 omnisque
1121 5749 1274 5792 mens
1309 5736 1398 5804 pia
1455 5737 1648 5792 eodem
1713 5735 1875 5791 modo
1925 5736 2255 5791 conlitetur:
2301 5736 2451 5792 omni
2501 5736 2746 5807 qualibet
2789 5736 3002 5792 ratione
3063 5738 3278 5796 sublata
3325 5739 3669 5812 differentia,
3727 5740 3924 5798 simul
