4072 6212
278 271 352 328 13

291 484 425 539 tidem
452 478 518 533 ad
545 494 717 534 unum
759 480 959 551 dogma
984 483 1264 554 deducat.

840 573 1092 628 ΚΕΦᾹΛ.
1144 575 1223 630 A'.

342 657 470 711 Ἀλλ’
500 658 690 730 ἐπειδὴ
722 661 818 714 καὶ
852 662 881 715 ό
910 664 1012 732 τῆς
1055 663 1337 729 εὐσεϐείας
1375 666 1533 737 λόγος
1562 660 1669 726 aias
1708 682 1829 730 τινα

230 748 514 827 [διάκρισιν
542 752 898 807 ὑποστάσεων
926 755 986 808 ἐν
1009 758 1075 826 τῇ
1106 756 1315 828 ὲνότητι
1344 760 1443 831 τῆς
1470 761 1682 831 φύσεως
1708 764 1830 835 βλὲ-

258 858 391 902 mw,
416 840 492 905 ὡς
526 842 594 896 ἂν
624 843 697 914 μὴ
727 847 793 915 τῇ
827 844 963 915 πρὸς
1006 848 1131 911 τοὺς
1164 849 1435 923 Ἕλληνας
1476 856 1643 928 μάχῃ,
1692 858 1828 929 πρὸς

258 931 339 981 τὸν
364 932 692 1003 Ἰουδαϊσμὸν
712 936 843 1006 ἡμῖν
868 938 899 989 ό
922 937 1077 1007 λόγος
1100 940 1439 1016 ὑπενεχθείη,
1468 949 1629 1002 πάλιν
1656 968 1825 1022 προσ-

255 1023 364 1089 ήκει
412 1023 668 1096 διαστολῇ
720 1042 828 1079 τινι
888 1032 1141 1101 τεχνικῇ,
1194 1034 1289 1086 καὶ
1334 1035 1433 1106 τὴν
1488 1041 1614 1112 περὶ
1668 1042 1826 1098 τοῦτο

253 1113 446 1184 πλάνην
476 1116 986 1184 ἐπανορθώσασθαι.
1020 1123 1153 1176 Οὐδὲ
1177 1123 1286 1196 γὰρ
1315 1130 1427 1193 τοῖς
1457 1128 1559 1194 ἔξω
1580 1131 1674 1185 τοῦ
1701 1134 1822 1188 καθ’

248 1207 389 1275 ἡμᾶς
418 1206 705 1291 ,δόγματος
750 1209 945 1278 ἀλογσν
980 1208 1117 1266 εἶναι
1153 1214 1214 1268 τὸ
1258 1218 1410 1272 Θεῖον
1458 1221 1819 1294 ὑπείληπται·

247 1294 398 1347 τοῦτο
427 1296 484 1349 δὲ
525 1296 659 1368 παρ’
695 1299 922 1353 ἐκείνων
959 1301 1391 1376 ὁμολογούμενον
1436 1311 1634 1376 ἱκανῶς
1666 1314 1820 1386 διαρ-

245 1383 435 1455 θρώσει
482 1386 576 1440 τὸν
610 1388 882 1460 ἡμέτερον
925 1391 1102 1460 λόγον.
1164 1380 1220 1449 ’ὸ
1265 1397 1371 1470 γὰρ
1418 1401 1695 1471 ὁμολογῶν
1745 1380 1818 1477 μὴ

242 1475 425 1542 ἄλογον
457 1472 598 1530 εἶναι
638 1478 731 1532 τὸν
759 1479 894 1535 Θεὸν
913 1521 929 1545 ,
962 1485 1178 1548 πάντως
1221 1486 1378 1556 λόγον
1422 1490 1564 1562 ἔχειν
1607 1494 1699 1548 τὸν

242 1566 425 1635 ἄλογον
462 1569 959 1640 συγκαταθήσεται.
1025 1574 1186 1628 Ἀλλὰ
1219 1577 1323 1649 μὴν
1348 1580 1685 1653 ἀνθρώπινος
1725 1566 1820 1658 ὑμέ

240 1655 459 1726 moue»;
486 1657 709 1726 λέγεται
723 1660 902 1728 λόγος.
928 1662 1135 1722 οὐκοῦν
1149 1667 1198 1720 εἰ
1214 1666 1360 1735 λέγοι
1380 1670 1501 1724 καθ’
1523 1655 1816 1745 ὁμοιότητα

240 1746 341 1800 τῶν
373 1748 499 1820 παρ’
523 1751 657 1821 ἡμῖν
678 1752 775 1805 καὶ
805 1753 899 1806 τὸν
927 1754 1021 1808 τοῦ
1049 1756 1184 1812 Θεοῦ
1214 1759 1478 1829 ὑπονοεῖν,
1509 1764 1650 1820 οὕτω
1686 1785 1816 1839 μετ-

238 1838 526 1909 αχθήσεται
566 1841 705 1911 πρὸς
740 1841 840 1913 τὴν
865 1843 1200 1918 ὑψηλοτέραν
1238 1850 1523 1923 ὑπόληψιν.
1578 1838 1813 1930 Ἀνάγκη

1472 281 1730 340 ORATIO
1773 286 2267 350 CATECHETICA.

285 386 565 445 necessario
609 386 825 441 tollitur
872 402 905 441 a
956 388 1211 469 dogmate
1276 394 1500 453 deorum
1546 402 1860 470 multitudo,

3434 307 3502 363 Η

1915 422 2039 461 cum
2079 424 2199 478 quae
2234 418 2319 464 est
2365 425 2459 480 per
2502 415 2707 479 omnia,
2755 424 2814 470 ut
2859 418 2933 472 ita
2978 416 3189 483 dicam,
3246 417 3499 476 identitas

2565 589 2797 650 CAPUT
2829 595 2867 649 1.

1998 720 2107 777 Sed
2134 725 2391 794 quoniam
2453 727 2670 795 pietatis
2704 732 2844 786 ratio
2893 732 2997 789 scit
3033 735 3195 790 etiam
3255 738 3493 809 aliquam

1931 811 2321 884 liypostaseon,
2354 832 2448 873 seu
2493 820 2972 878 subsistentiarum
3013 840 3077 882 ac
3136 842 3492 897 personarum

1927 915 2151 959 cernere
2176 904 2535 962 differentiam
2569 909 2624 964 in
2657 912 2868 968 unitate
2901 924 3128 981 naturm,
3149 931 3215 972 ne
3240 916 3368 973 dum
3398 921 3499 975 ad-

1925 1007 2116 1048 versus
2143 992 2362 1053 Graecos
2397 998 2793 1070 depugnamns,
2832 1004 2899 1059 ad
2929 1003 3273 1063 Judaismum
3306 1018 3492 1066 nostra

1925 1082 2231 1140 deducatur
2252 1090 2448 1153 oratio,
2472 1107 2669 1147 rursus
2698 1097 2953 1151 convenit
2979 1099 3276 1158 artiticiosa
3308 1105 3493 1174 aliqua

1923 1170 2274 1233 distinctione
2301 1179 2420 1249 ejus
2445 1183 2521 1239 rei
2545 1199 2786 1240 errorem
2811 1189 3103 1259 corrigere.
3126 1191 3312 1263 Neque
3343 1196 3488 1251 enim

1925 1264 1958 1318 ii
1985 1268 2076 1335 qui
2108 1283 2137 1321 a
2167 1278 2358 1327 nostro
2386 1273 2637 1344 dogmate
2668 1286 2797 1331 sunt
2831 1280 3015 1344 alieni,
3071 1281 3239 1339 Deum
3293 1285 3490 1342 existi-

1921 1367 2141 1412 marunt
2172 1376 2363 1418 carere
2396 1367 2646 1423 ratione:
2676 1369 2781 1424 hoc
2807 1375 2987 1427 autem
3022 1374 3165 1443 quod
3199 1376 3275 1431 illi
3310 1375 3486 1433 faten-

1919 1453 2011 1502 tur
2052 1451 2279 1507 verbum
2321 1466 2570 1512 nostrum
2616 1460 2752 1516 satis
2800 1464 3094 1531 explicabit
3122 1474 3176 1522 et
3214 1469 3484 1525 ostendet.

1917 1538 2051 1596 Nam
2077 1544 2170 1615 qui
2199 1542 2401 1601 fatetur
2427 1546 2594 1604 Deum
2643 1566 2750 1608 non
2788 1567 2979 1610 carere
3036 1556 3266 1624 ratione,
3302 1559 3485 1613 omni-

1917 1646 1989 1688 no
2019 1637 2380 1704 assentietur,
2405 1655 2536 1694 eum
2575 1644 2668 1713 qui
2700 1658 2809 1699 non
2841 1655 2991 1701 caret
3018 1648 3252 1712 ratione,
3285 1650 3486 1706 habere

1916 1726 2207 1782 rationem.
2241 1728 2406 1800 Atqui
2452 1731 2686 1788 humana
2725 1751 2941 1809 quoque
2989 1741 3132 1794 ratio
3204 1742 3483 1812 mquivoce

1919 1812 2236 1874 dicitur.’Si
2267 1836 2398 1890 ergo
2426 1822 2574 1878 dicat
2608 1841 2668 1881 se
2714 1828 2981 1886 rationem
3021 1839 3075 1887 et
3105 1831 3343 1890 Verbum
3389 1838 3481 1893 in-

356 1908 361 1909 ,
618 1908 630 1911 ν
797 1908 809 1913 -
914 1908 926 1914 v
963 1908 975 1915 -
1104 1908 1116 1918 υ
1397 1908 1408 1923 l
1425 1908 1436 1923 ο
1622 1908 1794 1927 “⁷”Ι””

238 1928 335 2000 γάρ
374 1932 542 1984 πᾶσα.
563 1932 896 2003 κατάλληλον
925 1930 1066 1989 εἶναι
1095 1940 1369 1995 πιστεύειν
1413 1946 1482 2015 τῇ
1528 1944 1686 2014 φύσει
1720 1948 1799 2004 re?»

1912 1908 2159 1980 telligere
2214 1912 2282 1965 ad
2321 1912 2735 1972 similitudinem
2770 1933 2959 1975 eorum
2991 1936 3112 1991 quae
3140 1925 3343 1979 suntin
3379 1940 3480 1980 no-

237 2017 412 2107 λόγον.
559 2022 655 2074 καὶ
690 2023 758 2075 τὰ
787 2023 913 2078 ἄλλα
940 2028 1137 2083 πάντα.
1175 2031 1283 2084 Καὶ
1312 2033 1418 2105 γὰρ
1454 2035 1685 2107 δύναμίς
1724 2057 1808 2105 τις

234 2105 324 2158 καὶ
353 2105 493 2177 ζωὴ,
532 2108 629 2160 καί
663 2110 842 2178 σοφία,
885 2116 1014 2185 περὶ
1040 2116 1101 2170 τδ
1133 2117 1469 2190 ἀνθρώπινον
1514 2105 1802 2193 premar

232 2196 363 2249 ἀλλά
399 2198 505 2249 οὑκ
550 2198 618 2252 ἄν
663 2215 750 2263 τις
794 2202 860 2254 ὲκ
908 2203 1006 2275 τῆς
1045 2207 1362 2279 ὁμωνυμίας
1412 2212 1666 2284 τοιαύτην
1712 2218 1805 2270 καὶ

232 2286 324 2339 ἐπὶ
358 2286 454 2341 τοῦ
487 2287 623 2342 Θεοῦ
667 2289 766 2361 τὴν
795 2289 965 2362 ζωὴν,
1002 2295 1034 2361 ἦ
1060 2295 1157 2368 τὴν
1182 2298 1451 2372 δύναμιν,
1496 2302 1530 2374 ἢ
1581 2304 1676 2376 τὴν
1712 2323 1801 2359 σου

233 2377 360 2443 (ρίαν
389 2378 903 2450 ὑπονοήσειεν.ἀλλὰ
927 2386 1060 2454 πρὸς
1087 2386 1147 2440 τὸ
1171 2388 1271 2459 τῆς
1303 2390 1514 2460 φύσεως
1541 2394 1639 2464 τῆς
1667 2395 1803 2466 ήμε·

235 2467 386 2537 τέρας
437 2468 674 2541 μέτρον,
728 2475 1202 2531 συνταπεινοῦνται
1260 2480 1318 2534 αἰ
1385 2482 1495 2536 τῶν
1548 2485 1802 2541 τοιούτων

232 2560 492 2630 ὀνομάτων
511 2563 807 2632 ἐμφάσεις.
841 2566 1056 2639 Ἐπειδὴ
1079 2569 1187 2641 γὰρ
1207 2570 1536 2645 φθαρτὴκαὶ
1564 2576 1798 2648 ἀσθενὴς

238 2648 378 2718 ἡμῶν
405 2652 440 2719 ἡ
463 2651 651 2719 φῦσις,
672 2652 764 2707 διὰ
783 2653 943 2709 τοῦτο
964 2656 1250 2731 ὠκύμορος
1270 2663 1304 2731 ἡ
1325 2662 1459 2734 ζωὴ,
1490 2665 1797 2721 ἀνυπόστα-

240 2756 314 2803 τος
336 2742 651 2815 ἡδύναμις.
703 2745 923 2817 ἀπαγὴς
953 2749 982 2801 ό
1012 2748 1188 2817 λόγος.
1235 2753 1360 2806 Ἐπὶ
1404 2754 1461 2807 δὲ
1499 2757 1598 2827 τῆς
1624 2756 1797 2829 ὑπερ-

234 2833 719 2903 κειμένηςφύσεως
746 2835 824 2906 τῷ
854 2838 1126 2911 μεγαλείῳ
1163 2840 1261 2895 τοῦ
1280 2842 1663 2916 θεωρουμένου
1687 2850 1797 2904 πᾶν

229 2921 287 2976 τὸ
316 2925 440 2994 περὶ
470 2925 642 2995 αὑτὴν
676 2926 968 2997 λεγόμενον
1015 2933 1419 3005 συνεπαίρεται.
1455 2937 1663 2991 Οὐκοῦν
1692 2940 1795 2993 κᾶν

230 3013 395 3084 Λόγος
422 3015 559 3089 Θεοῦ
592 3016 839 3089 λέγηται,
872 3019 972 3073 οὑκ
1002 3021 1060 3073 ὲν
1086 3024 1152 3093 τῇ
1183 3025 1327 3095 ὁρμῇ
1360 3024 1455 3079 τοῦ
1494 3027 1796 3101 φθεγγομέ-

227 3122 316 3161 νου
363 3108 458 3162 καὶ
500 3108 601 3180 τὴν
647 3110 947 3164 ὑπόστασιν
998 3111 1141 3184 ἔχειν
1191 3115 1635 3187 νομισθήσεται,ο
1671 3118 1793 3174 καθ’

225 3199 517 3269 ὁμοιότητα
544 3199 637 3254 τοῦ
660 3201 929 3272 ἡμετέρου
959 3204 1289 3274 μεταχωρῶν
1316 3207 1395 3269 είς
1426 3206 1789 3280 ἀνύπαρκτον.

1909 1997 2020 2063 bis,
2079 2000 2161 2054 sic
2227 2001 2297 2057 ad
2351 2002 2725 2061 sublimiorem
2779 2007 3078 2065 deducetur
3140 2013 3475 2083 opinionem.

1910 2086 2148 2146 Omnino
2185 2092 2329 2148 enim
2360 2108 2583 2152 necesse
2610 2104 2695 2152 est
2744 2107 2805 2153 ut
2832 2100 3020 2156 credat
3049 2102 3315 2159 rationem
3352 2120 3476 2161 esse

1913 2164 2130 2239 natura:
2163 2195 2575 2255 congruantem,
2608 2194 2670 2242 ut
2697 2196 2751 2243 et
2775 2190 2879 2244 alia
2907 2193 3107 2248 omnia.
3143 2192 3276 2250 Nam
3301 2205 3354 2250 ct
3391 2196 3473 2250 vis

1911 2260 2159 2343 quaedam
2192 2283 2247 2330 et
2275 2275 2410 2343 vita,
2440 2284 2495 2330 et
2547 2278 2812 2348 sapientia
2852 2282 3097 2341 cernitur
3150 2284 3205 2339 in
3232 2284 3473 2367 homini-

1908 2361 2036 2426 bus,
2062 2363 2159 2418 sed
2193 2380 2260 2420 ex
2298 2365 2646 2439 homonymia
2674 2384 2836 2427 nemo
2873 2372 3268 2431 existimaverit
3307 2361 3470 2433 talem

1910 2452 1964 2506 in
1999 2454 2105 2508 Deo
2129 2469 2252 2511 esse
2285 2455 2473 2520 vitam,
2509 2464 2603 2512 aut
2634 2458 2763 2523 vim,
2827 2469 2922 2517 aut
2978 2464 3324 2534 sapientiam,
3374 2468 3469 2525 sed

1902 2558 2008 2614 pro
2031 2545 2194 2600 modo
2257 2554 2460 2602 nostrae
2512 2556 2721 2604 naturae
2757 2567 2865 2607 una
2922 2554 3084 2608 etiam
3145 2556 3473 2626 deprimitur

1905 2635 2185 2705 emphasis
2217 2637 2530 2708 hujusmodi
2558 2640 2863 2698 nominum.
2889 2643 3159 2710 Quoniam
3205 2648 3352 2704 enim
3384 2650 3471 2705 in-

1898 2726 2090 2799 teritui
2144 2730 2381 2785 obnoxia
2417 2738 2473 2787 et
2513 2732 2784 2790 imbecilla
2837 2745 2924 2792 est
2987 2747 3175 2795 nostra
3233 2749 3466 2807 natura,
3519 2755 3522 2759 ‘

1900 2828 2192 2889 propterea
2226 2822 2407 2879 brevis
2454 2834 2541 2880 est
2568 2825 2702 2891 vita,
2739 2828 2932 2900 visque
2985 2847 3105 2900 quae
3144 2849 3252 2891 non
3288 2843 3469 2907 potest

1903 2914 2223 2985 consistere,
2244 2925 2311 2972 et
2350 2933 2533 2985 sermo
2563 2935 2670 2975 non
2699 2922 2932 2980 stabilis.
2980 2923 3037 2980 In
3068 2941 3325 3001 suprema
3364 2945 3466 2985 au-

1900 3018 2007 3065 tem
2040 3019 2259 3074 natura,
2294 3025 2418 3065 cum
2451 3014 2825 3089 magnitudine
2853 3015 2975 3084 ejus
3017 3020 3162 3091 quod
3206 3023 3462 3095 conside-

1901 3108 2072 3165 ratur,
2117 3101 2378 3171 quidquid
2406 3103 2475 3165 de
2502 3118 2562 3156 ea
2589 3104 2811 3177 dicitur,
2834 3106 3001 3177 simul
3024 3112 3321 3179 extollitur.
3338 3113 3467 3189 λεῖιεί

1900 3204 2034 3261 ergo
2064 3190 2264 3246 dicitur
2299 3190 2391 3246 Dei
2427 3192 2686 3257 Verbum.
2717 3196 2878 3259 ratio,
2903 3208 2997 3255 aut
3026 3216 3229 3266 sermo,
3262 3205 3311 3260 is
3351 3220 3462 3281 non

251 3288 374 3343 Ἀλλ’
409 3290 598 3361 ὥσπερ
638 3293 673 3362 ή
719 3290 966 3362 ἡμετέρα
1003 3292 1164 3361 φύσις
1208 3294 1471 3367 ἐπίκηρος
1518 3293 1674 3363 οὖσα,
1704 3300 1798 3355 καὶ

1903 3281 1957 3337 in
1984 3281 2185 3353 impetu
2216 3282 2337 3352 ejus
2367 3286 2516 3355 quod
2545 3286 2748 3342 dicitur
2783 3290 3086 3348 consistere
3120 3292 3463 3350 existimabi-

226 3379 482 3450 ἐπίκηρον
513 3382 606 3435 τὸν
641 3381 803 3449 λόγον
832 3382 946 3453 ἔχει
964 3399 978 3413 ·
1015 3382 1187 3447 οὑτως
1219 3386 1253 3455 ἡ
1280 3385 1556 3459 ἄφθαρτος
1587 3390 1682 3443 καὶ
1708 3391 1796 3445 ἀεὶ

229 3469 429 3523 ἑστῶσα
456 3471 618 3538 φύσις
635 3480 662 3534 .’
687 3472 859 3526 ἀΐδιον
893 3472 1005 3543 ἔχει
1037 3474 1133 3527 καὶ
1165 3475 1450 3544 ὑφεστῶτα
1481 3477 1571 3533 τὸν
1614 3479 1790 3549 λόγον.

232 3561 290 3614 ει
314 3560 382 3631 δὴ
413 3560 571 3615 τοῦτο
609 3562 752 3617 κατά
795 3562 859 3616 τὸ
893 3564 1184 3620 ἀκόλουθον
1215 3566 1575 3639 ὁμολογηθείη
1603 3570 1663 3623 τὸ
1691 3570 1795 3639 (up.

227 3650 439 3705 εστάναι
466 3652 557 3706 τὸν
583 3652 679 3708 τοῦ
712 3653 848 3709 Θεοῦ
873 3656 1041 3723 Λόγον
1066 3656 1281 3723 ἀῖδίως,
1311 3657 1524 3728 ἀνάγκη
1550 3661 1696 3715 πᾶσα
1735 3662 1795 3717 ὲν

226 3738 339 3809 ζιεῇ
380 3740 476 3793 τοῦ
517 3743 709 3819 Λόγουι
736 3745 835 3813 τὴν
874 3744 1168 3799 ὑπόστασιν
1213 3742 1353 3801 εἶναι
1382 3749 1683 3819 ὁμολογεῖν.
1714 3751 1790 3806 Οὐ

228 3826 342 3897 γὰρ
368 3829 489 3881 καθ’
512 3832 791 3901 ὁμοιότητα
813 3834 923 3888 τῶν
949 3835 1112 3889 λίθων
1137 3835 1358 3906 ἀψύχως
1381 3838 1674 3909 ὑφεστάναι
1701 3841 1793 3896 τὸν

224 3917 430 3985 Λόγον,
489 3919 677 3988 εὐαγές
725 3924 863 3977 ἑστιν
922 3926 1150 3981 οῖεσοαι.
1220 3927 1361 3981 Ἀλλ’
1411 3930 1461 3985 εί
1518 3930 1792 3999 ὑφέστηκε

223 4011 418 4081 νοερόν
444 4028 496 4065 τι
522 4016 705 4085 χρῆμα
732 4016 824 4069 καί
849 4016 1137 4088 ἀσώματον
1160 4018 1243 4081 ὃν,
1273 4015 1339 4088 ζῇ
1379 4018 1614 4083 πάντως.
1644 4020 1706 4073 Εἰ
1733 4018 1791 4077 δὲ

218 4097 309 4152 τοῦ
334 4099 441 4173 ζῇν
468 4103 809 4175 κεχώρισται,
829 4107 949 4161 οὐδὲ
976 4109 1035 4161 ὲν
1057 4109 1353 4162 ὑποστάσει
1377 4110 1592 4174 πάντως
1619 4109 1786 4165 ἐστίν.

231 4190 387 4244 Ἀλλά
438 4195 546 4265 μὴν
591 4195 786 4261 ἀσεϐὲς
837 4198 1131 4270 ἀπεδείχθη
1178 4197 1268 4252 τὸν
1308 4198 1404 4252 τοῦ
1448 4199 1584 4253 Θεοῦ
1618 4200 1791 4269 Λόγον

216 4280 581 4339 ἀνυπόστατον
628 4282 789 4342 εἶναι.
828 4289 1053 4345 Οὐκοῦν
1101 4291 1491 4364 συναπεδείχθη
1546 4293 1686 4347 κατά
1728 4292 1790 4346 τὸ

217 4373 501 4430 ἀκόλουθον
528 4378 590 4431 τὸ
626 4380 689 4433 ὲν
730 4383 800 4452 τῇ
827 4382 939 4454 ζωῇ
975 4381 1159 4437 τοῦτον
1200 4383 1524 4455 θεωρεῖσθαι
1552 4384 1642 4439 τὸν
1684 4384 1788 4439 Λό-

216 4478 323 4529 γον.
360 4466 568 4537 ’Δπλῆς
595 4469 654 4522 δὲ
682 4471 782 4541 τῆς
806 4472 901 4525 τοῦ
923 4472 1099 4541 Λόγου
1126 4472 1339 4542 φύσεως
1373 4474 1511 4528 κατά
1550 4474 1609 4529 τὺ
1642 4475 1788 4540 εἰκὸς

214 4548 344 4608 εἶναι
375 4561 842 4631 πεπιστευμένης,
866 4563 961 4616 καὶ
990 4563 1245 4634 οὐδεμίαν
1276 4565 1499 4637 διπλόην
1527 4566 1621 4620 καὶ
1659 4565 1825 4637 σύν-τ

214 4642 353 4697 θεσιν
380 4648 440 4700 ὲν
470 4651 637 4721 ἑαυτῇ
671 4651 1040 4724 δεικνυούσης,
1070 4654 1251 4709 οὐκέτι
1272 4655 1337 4710 ἄν
1350 4642 1455 4720 Ῑὲις
1489 4655 1628 4710 κατά
1654 4674 1784 4727 μετ-

211 4735 579 4822 ωίιαζζωῆς
612 4742 673 4793 ὲν
713 4743 823 4815 ζωῇ
861 4744 1086 4817 θεωροίη
1126 4746 1217 4800 τὸν
1248 4744 1437 4816 Λόγον.
1465 4748 1539 4801 Οὑ
1568 4748 1673 4819 γὰρ
1715 4736 1804 4803 ἄν’

214 4824 356 4890 ἐκτὸς
394 4831 483 4901 ειη
531 4832 834 4899 συνθέσεως
863 4837 897 4906 ἠ
930 4837 1151 4908 τοιαύτη
1185 4837 1487 4910 omnem
1508 4839 1570 4892 τὸ
1598 4840 1782 4910 ἕτερον

213 4915 262 4968 ὲν
284 4919 461 4991 ἑτέρῳ
482 4922 663 4990 λέγειν
695 4921 864 4979 εἶναι·
889 4927 1025 4981 ἀλλά
1052 4929 1266 5001 ἀνάγκη
1300 4931 1449 4983 πᾶσα
1484 4930 1583 5001 τῆς
1613 4930 1781 4985 ἁπλό-

194 5021 358 5077 ,τητος
408 5011 883 5085 ὁμολογουμένης,
946 5016 1224 5089 αὑτοζωὴν
1275 5013 1412 5071 εἶναι
1455 5018 1545 5073 τὸν
1608 5020 1781 5088 Λόγον

198 5097 437 5165 deceat,
479 5102 545 5155 ού
585 5101 732 5173 ζωῆς
770 5106 1077 5175 μετουσίαν.
1121 5107 1185 5161 Et
1229 5102 1321 5161 οὗν
1365 5107 1431 5178 ζῇ
1458 5108 1486 5160 6
1513 5108 1702 5177 Λόγος,
1748 5109 1779 5161 ό

216 5182 309 5257 ζωὴ
333 5190 435 5255 ὢν,
460 5193 568 5246 ’καὶ
592 5196 978 5269 προαιρετικὴν
1005 5197 1234 5269 δύναμιν
1271 5196 1383 5268 ἔχει
1411 5197 1644 5263 πάντως.
1675 5198 1779 5253 Ub-

213 5274 283 5329 ἂν
318 5286 430 5353 γὰρ
468 5285 833 5359 ἀπροαίρετον
861 5288 971 5341 τῶν
1003 5287 1219 5353 ζώντων
1251 5289 1386 5343 ἐστί.
1416 5288 1527 5359 Τὴν
1562 5288 1621 5342 δὲ
1650 5306 1779 5361 προσ

218 5368 404 5439 αἰρεσιν
432 5375 638 5449 ταύτην
662 5377 756 5431 καὶ
783 5378 1014 5451 δυνατὴν
1041 5376 1182 5435 εἶναι
1216 5380 1355 5435 κατά
1382 5380 1440 5433 τὸ
1459 5380 1772 5446 ἀκόλουθον,

218 5459 415 5527 εὖπῦἐς
456 5466 578 5519 ἐστι
605 5467 931 5537 λογίζεσθαι.
972 5470 1036 5525 Εί
1078 5470 1185 5543 γὰρ
1220 5473 1297 5543 μή
1330 5488 1413 5534 τις
1453 5471 1514 5524 τὸ
1551 5472 1774 5526 δυνατὸν

217 5550 507 5628 έᾳ-υιλογοίη,
526 5558 591 5615 τὸ
616 5559 873 5615 ἀδύνατον
899 5563 1116 5627 πάντως
1149 5562 1568 5618 κατασκευάσει.
1614 5562 1772 5616 ’Λλλά

220 5642 305 5711 Pii"
343 5647 535 5719 πόῤῥω
580 5649 678 5720 τῆς
699 5652 827 5722 περὶ
875 5654 935 5708 τὸ
981 5655 1134 5709 Θεῖον
1175 5653 1499 5733 ὑπολήψεῴς
1543 5655 1661 5707 ἐστι
1708 5652 1770 5707 τὸ

1899 3378 2010 3433 tur,
2036 3373 2104 3429 ad
2134 3375 2307 3431 nostri
2346 3376 2781 3447 similitudinem,
2818 3381 2885 3437 ad
2918 3380 3023 3437 hoc
3067 3384 3343 3442 transiens
3395 3397 3457 3442 ut

1896 3477 2006 3517 non
2040 3465 2151 3531 sit._
2174 3462 2279 3520 Sed
2309 3468 2587 3537 quomodo
2610 3476 2799 3525 nostra
2827 3481 3044 3536 natura.
3082 3489 3206 3529 cum
3250 3475 3305 3531 in
3331 3492 3450 3547 eam

1896 3555 2052 3611 cadat
2082 3556 2357 3624 interitus,
2389 3574 2694 3617 sermonem
2727 3578 2946 3634 quoque
2970 3565 3132 3622 habet
3160 3568 3255 3639 qui
3291 3569 3460 3631 inter-

1894 3638 2062 3698 it:ita
2099 3654 2292 3701 natura
2332 3648 2386 3703 in
2424 3664 2587 3720 quam
2614 3667 2723 3708 non
2759 3653 2906 3708 cadit
2938 3653 3213 3723 interitus,
3256 3668 3312 3716 et
3339 3675 3460 3731 quae

1891 3748 2113 3806 semper
2151 3745 2284 3804 stat,
2318 3746 2586 3818 aternum
2620 3742 2784 3799 etiam
2822 3743 2983 3801 habet
3029 3762 3357 3819 sermonem,
3400 3763 3457 3808 ct

1892 3828 1985 3900 qui
2019 3829 2304 3893 consistit.
2329 3831 2483 3899 Quod
2508 3833 2554 3890 si
2580 3833 2684 3889 hoc
2712 3850 2779 3892 ex
2808 3841 3163 3910 consequenti
3191 3843 3457 3899 constite-

1894 3918 1964 3974 rit
1984 3918 2077 3976 Dei
2109 3920 2344 3976 Verbum
2402 3924 2795 3994 sempiternum
2854 3930 3179 3996 consistere,
3225 3948 3453 3991 necesse

1890 4018 1976 4064 est
2006 4012 2232 4067 omnino
2265 4011 2423 4068 fateri
2452 4014 2507 4067 in
2542 4016 2653 4069 vita
2692 4015 2851 4071 Verbi
2882 4033 3004 4073 esse
3039 4020 3357 4090 bypostasin
3386 4037 3450 4079 ac

1889 4100 2271 4157 substantiam.
2304 4102 2467 4161 Nefas
2496 4114 2581 4160 est
2611 4106 2755 4160 enim
2801 4117 2990 4175 putare
3039 4109 3274 4165 Verbum
3312 4113 3450 4169 citra

1892 4191 2129 4246 animam
2160 4195 2464 4250 consistere
2515 4197 2692 4250 instar
2725 4196 2986 4265 lapidum.
3024 4200 3127 4255 Sed
3168 4203 3213 4257 si
3266 4207 3452 4262 conti-

1888 4282 2004 4342 stit,
2041 4290 2099 4335 ut
2120 4282 2266 4352 quod
2286 4279 2357 4334 sit
2380 4298 2467 4339 res
2496 4286 2743 4355 quaedam
2781 4286 3093 4359 intelligens
3126 4301 3181 4348 ct
3205 4294 3454 4368 incorpo-

1889 4387 2003 4438 rea,
2027 4372 2162 4427 vivit
2190 4373 2434 4429 omnino.
2469 4374 2566 4432 Sin
2598 4385 2779 4433 autem
2810 4387 2895 4436 est
2920 4394 2950 4433 a
2982 4380 3091 4437 vita
3113 4395 3450 4456 separatum,

1888 4480 1954 4521 ne
1988 4463 2210 4521 omnino
2243 4465 2459 4536 quidem
2495 4469 2767 4526 consistit.
2821 4472 2985 4542 Atqui
3048 4473 3273 4546 impium
3324 4495 3451 4538 esse

1886 4563 2167 4613 ostensum
2198 4565 2302 4624 est,
2342 4557 2435 4615 Dei
2458 4560 2710 4629 .Verbum
2742 4562 2968 4620 minime
3009 4567 3329 4624 consistere.
3365 4571 3453 4628 Si—

1888 4647 1999 4703 mul
2026 4663 2157 4718 ergo
2176 4656 2454 4705 ostensum
2478 4658 2558 4707 est
2580 4667 2647 4707 ex
2674 4664 3059 4725 consequente,
3083 4656 3185 4711 hoc
3209 4658 3448 4715 Verbum

1884 4739 1939 4794 in
1977 4739 2082 4794 vita
2110 4741 2468 4797 considerari.
2499 4741 2634 4797 Cum
2670 4752 2850 4800 autem
2879 4744 3042 4801 Verbi
3069 4748 3337 4805 creditum
3376 4751 3450 4806 sit

1884 4830 2184 4901 simplicem
2242 4846 2366 4888 esse
2421 4840 2696 4899 naturam,
2744 4843 2798 4891 et
2838 4850 2959 4906 qua:
3010 4839 3065 4893 in
3131 4855 3189 4895 se
3242 4842 3447 4896 nullam

1883 4921 2136 4978 ostendat
2165 4923 2538 4993 duplicitatcm
2569 4933 2624 4980 et
2653 4928 3106 4997 compositionem
3126 4970 3141 4994 ,
3176 4946 3282 4985 non
3343 4934 3451 4986 uti-

1882 5029 1990 5082 que
2020 5010 2260 5068 Verbum
2291 5030 2415 5071 essc
2452 5015 2507 5069 in
2552 5016 2663 5073 vita
2708 5018 2833 5089 quis
2892 5020 3322 5076 consideraverit
3379 5040 3448 5080 ex

1881 5104 2006 5159 vita!
2038 5106 2474 5176 participatione.
2504 5105 2623 5163 Non
2653 5109 2797 5164 enim
2817 5117 2972 5165 extra
2993 5112 3445 5180 compositionem

1884 5196 2047 5252 fuerit
2073 5196 2385 5267 hujusmodi
2403 5198 2756 5265 existimatio,
2773 5200 2954 5257 dicere
2978 5201 3208 5257 alterum
3234 5219 3357 5263 esse
3387 5205 3442 5261 in

1880 5286 2092 5344 altero:
2133 5288 2227 5344 sed
2268 5290 2493 5344 omnino
2539 5307 2765 5349 necesse
2799 5302 2904 5359 est,
2955 5307 3079 5348 cum
3114 5302 3330 5353 constet
3374 5298 3445 5354 de

1880 5377 2251 5448 simplicitate,
2286 5380 2460 5451 ipsam
2494 5396 2589 5452 per
2612 5398 2671 5440 se
2706 5384 2868 5437 vitam
2900 5384 3136 5441 Verbum
3181 5402 3301 5463 esse
3336 5405 3440 5459 pu-

1881 5475 2021 5531 tare,
2047 5484 2151 5524 non
2174 5477 2355 5527 autem
2387 5472 2510 5527 vitae
2536 5474 3024 5545 participationem.
3059 5477 3113 5532 Si
3142 5494 3273 5550 ergo
3306 5481 3441 5534 vivit

1881 5557 2115 5615 Verbum
2155 5575 2281 5618 cum
2310 5567 2380 5619 sit
2407 5563 2538 5627 vita,
2590 5567 2813 5622 omnino
2842 5584 3060 5641 quoque
3119 5573 3282 5628 liabet
3332 5573 3438 5626 vim

1879 5653 2047 5710 libere
2073 5654 2322 5727 eligendi.
2361 5653 2505 5709 Nihil
2561 5659 2708 5714 enim
2756 5669 2931 5719 estex
2962 5663 3030 5718 iis
3059 5680 3178 5735 quae
3225 5664 3440 5724 vivunt.
