4072 6212
677 321 743 374 iii
1869 303 1926 358 S.
1967 298 2266 356 GREGORI

2370 292 2622 351 iYSSENi
2911 266 2915 270 “
3851 286 3914 340 ιε

678 434 820 503 quod
860 447 966 486 non
1000 430 1070 484 sit
1101 429 1203 482 hac
1232 425 1282 478 vi
1347 420 1652 494 praeditum.
1697 415 1847 470 lianc
1891 423 2074 470 autem
2109 414 2242 467 libe—

2370 409 2624 463 ιδύνατον.
2662 405 2826 458 Ούδὲν
2852 402 2957 474 γὰρ
2984 402 3324 471 ἁπεμφαῖνον
3352 398 3459 453 τῶν
3489 399 3616 470 περὶ
3651 398 3746 471 τὴν
3771 399 3921 454 θείαν

683 541 796 579 ram
827 520 1150 577 electionem
1174 531 1295 572 esse
1317 513 1477 568 etiam
1499 515 1769 580 potentem
1795 523 1856 561 ex
1885 503 2242 575 consequenti

683 615 830 686 pium
859 620 943 669 est
970 607 1338 666 considerare.
1369 601 1482 658 Nisi
1509 600 1652 656 enim
1678 598 1899 653 fatearis
1922 595 2242 666 potentiam,

683 716 896 764 astrucs
921 700 1145 758 omnino
1174 693 1572 767 impotentiam.
1608 689 1775 759 Atqui
1811 686 2130 757 impotentia
2161 693 2247 740 est

683 797 839 853 valde
871 802 1080 850 remota
1109 793 1177 846 ab
1211 805 1274 845 ea
1314 803 1432 858 qute
1465 786 1531 841 de
1559 784 1670 840 Deo
1708 782 1938 836 habetur
1968 780 2250 835 existima-

591 946 596 951 .
684 892 852 946 tione.
887 886 1034 940 Nihil
1065 885 1209 940 enim
1252 878 1499 945 absurdi,
1526 884 1580 932 ct
1619 873 1763 946 quod
1793 888 1902 928 non
1955 870 2246 933 cohaereat,

685 980 1062 1037 consideratur
1092 993 1158 1032 ex
1189 975 1257 1029 iis
1282 989 1401 1044 quae
1442 979 1569 1027 sunt
1597 969 1650 1022 in
1685 967 1867 1022 divina
1897 973 2122 1021 natura:
2153 977 2249 1018 ne-

686 1088 842 1129 cesse
893 1076 976 1126 est
1010 1067 1233 1121 omnino
1293 1062 1451 1116 fateri
1490 1064 1696 1112 tantam
1744 1070 1866 1111 esse
1919 1054 2026 1107 vim
2063 1051 2248 1115 Verbi,

689 1170 954 1232 quantum
986 1167 1069 1215 est
1100 1157 1260 1212 etiam
1292 1153 1657 1224 propositum,
1689 1163 1757 1204 ne
1786 1145 2032 1218 quaedam
2069 1143 2252 1216 mistig

687 1231 740 1309 ct
757 1264 1056 1308 concursus
1073 1245 1289 1318 quidam
1305 1240 1702 1296 contrariorum
1724 1235 2100 1291 consideretur
2117 1231 2171 1286 in
2189 1246 2255 1287 eo

681 1343 834 1416 quod
873 1349 956 1398 est
987 1339 1238 1409 simplex,
1271 1334 1401 1388 dum
1435 1329 1673 1401 potentia
1703 1339 1756 1383 et
1783 1323 2099 1396 impotentia
2124 1337 2256 1376 con-

691 1407 1005 1489 siderantur
1044 1407 1320 1482 in'eodem
1361 1418 1664 1490 proposito,
1708 1415 1754 1470 si
1788 1413 2005 1484 quidem
2053 1407 2256 1478 aliquid

692 1525 910 1596 quidem
935 1521 1133 1592 possit,
1165 1517 1230 1572 ad
1268 1513 1472 1585 aliquid
1511 1527 1640 1567 vero
1697 1510 1768 1564 sit
1798 1508 2089 1576 impotens.
2121 1499 2256 1554 Cum

695 1589 877 1672 omnia
908 1589 1086 1668 autem
1138 1607 1312 1680 possit
1366 1604 1529 1660 Verbi
1584 1601 1799 1665 electio,
1827 1611 1947 1654 eam
2003 1594 2068 1648 ad
2125 1589 2258 1646 nihil

697 1709 823 1764 mali
847 1706 1046 1762 habere
1074 1699 1516 1774 propensionem,
1572 1693 1640 1748 ad
1688 1693 1876 1747 vitium
1930 1687 2074 1742 enim
2128 1695 2258 1754 pro-

2347 501 2627 570 θεωρεῖται
2659 497 2849 567 φύσιν·
2881 494 3094 563 ἀνάγκη
3132 494 3283 545 πᾶσα
3314 490 3580 562 τοσαύτην
3607 487 3746 546 εἶναι
3789 495 3921 562 ὁμο-

2347 585 2527 654 λογεῖν
2552 583 2645 636 τοῦ
2681 583 2854 651 Λόγου
2882 581 2982 651 τὴν
3021 579 3270 651 δύναμιν,
3301 580 3400 650 ὅση
3430 581 3545 632 ἐστὶ
3582 581 3676 633 καὶ⁵
3713 581 3747 650 ἡ
3785 582 3922 651 πρό-

2350 676 2518 740 θεσις,
2554 676 2640 730 ἵνα
2670 675 2744 746 μή
2784 691 2866 737 τις
2895 671 3038 743 μίξις
3065 671 3176 723 τῶν
3218 671 3475 724 ἐναντίων
3514 671 3607 724 καὶ
3652 671 3921 742 συνδρομὴ

2350 770 2479 841 περὶ
2519 769 2580 822 τὸ
2620 766 2822 822 ἁπλοῦν
2872 767 3156 838 θεωροῖτο,
3211 763 3510 833 ἀδυναμίας
3542 781 3600 816 τε
3648 763 3922 816 καὶδυνά-

2347 879 2496 940 ιμεως
2536 862 2594 914 ὲν
2637 863 2705 931 τῇ
2750 859 2884 929 αύτῇ
2926 856 3177 928 προθέσει
3221 856 3638 926 θεωρουμένων,
3665 854 3822 925 εῐπερ
3863 854 3924 907 τὸ

2355 953 2454 1025 μέν
2475 970 2557 1005 τοι
2584 951 2817 1015 δύναιτο,
2841 948 3046 1020 πρδςδέ
3071 967 3122 1000 τι
3153 946 3446 1009 ἀδυνάτως.
3471 945 3654 998 Πάντα
3685 945 3741 998 δὲ
3773 945 3928 996 δυνα-

2357 1041 2522 1114 μένην
2566 1039 2664 1111 τὴν
2709 1037 2803 1091 τοῦ
2850 1037 3024 1107 Λόγου
3072 1036 3390 1108 προαίρεσιν
3452 1033 3587 1105 πρὸς
3623 1034 3774 1087 οὐδὲν
3817 1031 3928 1086 τῶν

2355 1134 2539 1188 κακῶν
2559 1132 2656 1203 τὴν
2682 1132 2854 1204 ῥοπὴν
2887 1130 3030 1201 ἔχειν
3049 1147 3063 1162 ο
3091 1128 3346 1200 ἀλλοτρία
3386 1127 3495 1199 γάρ
3519 1129 3619 1196 τῆς
3652 1127 3798 1190 θείας
3827 1125 3931 1196 φύ-

2357 1245 2492 1291 σεως
2519 1229 2552 1297 ἡ
2587 1226 2720 1296 πρὸς
2751 1224 2946 1278 κακίαν
2986 1223 3152 1294 ὁρμή·
3199 1221 3335 1275 ἀλλά
3381 1223 3487 1274 πᾶν
3508 1222 3536 1273 ὃ
3563 1219 3613 1273 τί
3645 1218 3749 1289 πέρ
3783 1219 3932 1271 ἐστιν

2355 1318 2578 1388 ἀγαθὸν,
2611 1316 2766 1370 τοῦτο
2799 1315 2893 1368 καὶ
2922 1301 3224 1382 βούλεσθαι.
3251 1311 3590 1382 Βουλομένην
3620 1311 3678 1364 δὲ
3714 1308 3932 1371 πάντως

2359 1411 2451 1464 καὶ
2497 1407 2778 1462 δύνασθαι.
2811 1401 3120 1476 Δυναμένην
3163 1403 3218 1455 δὲ
3263 1402 3338 1474 μὴ
3372 1402 3727 1473 ἀνενὲργητον
3771 1395 3931 1462 εἶναι,

2359 1499 2493 1554 ἀλλά
2520 1501 2694 1552 πᾶσαν
2722 1494 2925 1567 ἀγαθοῦ
2944 1496 3256 1566 προαίρεσιν
3276 1495 3355 1557 εἰς
3374 1493 3652 1563 ἐνέργειαν
3680 1491 3808 1559 ἀγει
3827 1488 3930 1563 lvi.

2373 1589 2597 1659 ’Λγαθδν
2633 1588 2689 1643 δὲ
2722 1590 2750 1642 ὁ
2777 1588 2999 1658 κόσμος,
3040 1587 3132 1640 καὶ
3156 1585 3223 1638 τά
3255 1585 3313 1638 ὲν
3349 1583 3498 1654 αὐτῷ
3537 1583 3714 1636 πάντα
3756 1581 3932 1648 σοφῶς

2360 1699 2418 1735 τε
2453 1682 2545 1734 καὶ
2585 1679 2846 1752 τεχνικῶς
2880 1677 3247 1749 θεωρούμενα.
3284 1678 3425 1747 ’Δρα
3465 1674 3556 1728 τοῦ
3586 1674 3758 1742 Λόγου
3797 1671 3932 1744 ἔργα

697 1799 885 1870 pensio
911 1803 993 1852 est
1028 1761 1201 1852 aliena
1237 1807 1267 1845 a
1298 1790 1482 1846 divina
1504 1761 1729 1848 natura,
1761 1781 1857 1838 sed
1886 1773 2150 1850 quidquid
2177 1779 2258 1828 est

2370 1773 2428 1826 τά
2457 1771 2633 1825 πάντα
2665 1770 2760 1824 τοῦ
2799 1769 2998 1834 ζῶντος
3021 1769 3128 1840 ’μὲν
3171 1767 3266 1822 καὶ
3315 1765 3638 1835 ὑφεστῶτος,
3669 1766 3749 1818 ὃτι
3795 1761 3932 1816 Θεοῦ

695 1865 897 1946 bonum
956 1887 1060 1942 hoc
1104 1883 1267 1938 etiam
1297 1879 1455 1934 velle.
1509 1875 1790 1930 Voleutem
1829 1878 2010 1925 autem
2039 1865 2262 1922 omnino

695 1983 859 2037 etiam
893 1993 1073 2049 posse.
1099 1974 1384 2028 Potentem
1426 1975 1605 2022 autem
1657 1979 1764 2019 non
1807 1976 1928 2017 esse
1961 1955 2264 2029 ejusmodi,

693 2083 758 2128 ut
788 2047 910 2127 non
924 2075 1200 2138 operetur,
1229 2061 1323 2118 sed
1347 2073 1509 2115 omne
1542 2056 1672 2112 boni
1713 2051 2057 2125 pr0positum
2088 2047 2264 2102 dedu-

698 2166 775 2220 cit
811 2162 879 2218 ad
909 2158 1301 2232 operationem.
1333 2153 1542 2206 Bonum
1574 2157 1752 2202 autem
1792 2152 1876 2201 est
1908 2141 2167 2204 mundus,
2214 2147 2268 2193 et

699 2269 822 2323 qua:
855 2251 910 2306 in
943 2263 1008 2304 eo
1043 2254 1172 2302 sunt
1195 2243 1376 2298 omnia
1408 2239 1682 2309 sapienter
1711 2242 1766 2291 et
1804 2233 2100 2288 artiﬁciose
2137 2244 2269 2286 con-

704 2343 960 2398 siderala.
997 2337 1137 2392 Sunt
1187 2334 1334 2390 enim
1387 2329 1569 2385 omnia
1621 2341 1785 2396 Opera
1835 2321 1999 2378 Verbi
2036 2318 2270 2375 viventis

630 2458 637 2465 ·
706 2434 925 2507 quidem
955 2438 1009 2487 et
1035 2423 1411 2488 consistentis,
1431 2421 1558 2492 quia
1586 2427 1668 2474 est
1693 2415 1928 2470 Verbum
1962 2413 2078 2476 Dei,
2103 2411 2273 2466 libere

705 2501 890 2581 autem
916 2519 1186 2592 eligentis,
1222 2515 1348 2586 quia
1411 2511 1566 2575 vivit,
1602 2507 1838 2580 potentis
1899 2514 2078 2560 autem
2109 2501 2272 2575 quid-

708 2616 839 2688 quid
871 2612 1115 2685 elegerit,
1156 2607 1303 2680 quod
1354 2607 1557 2660 bonum
1607 2608 1692 2658 est
1719 2607 1898 2655 autem
1967 2604 2021 2652 et
2053 2595 2274 2666 sapiens

708 2681 934 2764 omnino
963 2681 1247 2771 eligentis,
1280 2702 1334 2750 et
1382 2694 1426 2749 si
1466 2691 1595 2762 quid
1630 2684 2026 2760 praestantioris
2067 2690 2152 2738 est
2200 2681 2276 2736 si-

711 2793 1095 2870 gnificationis.
1125 2788 1395 2856 Quoniam
1421 2787 1551 2854 ergo
1577 2779 1798 2852 aliquod
1830 2778 2034 2832 bonum
2061 2778 2278 2829 constat

710 2863 832 2946 esse
854 2885 1139 2946 mundum,
1170 2889 1452 2934 ostensum
1479 2884 1562 2930 est
1597 2880 1778 2927 autem
1809 2883 1906 2941 per
1939 2882 2002 2923 ea
2032 2880 2153 2936 quae
2189 2863 2278 2918 di-

713 2991 802 3038 cta
846 2985 975 3035 sunt
1020 2971 1284 3029 mundum
1316 2983 1438 3024 esse
1465 2980 1604 3036 opus
1632 2961 1818 3022 Verbi,
1859 2957 2007 3030 quod
2051 2958 2278 3018 bonum,

713 3083 766 3130 et
798 3071 968 3142 eligit,
998 3078 1052 3123 et
1083 3074 1262 3138 potest
1289 3104 1302 3126 .
1343 3063 1448 3116 hoc
1505 3066 1683 3114 autem
1721 3055 1957 3112 Verbum
2013 3061 2095 3108 est
2133 3049 2279 3104 aliud

718 3166 785 3220 ab
822 3141 890 3218 eo
913 3161 1071 3230 cujus
1101 3166 1186 3214 est
1218 3155 1478 3211 Verbum.
1510 3149 1644 3206 Nam
1681 3150 1784 3204 hoc
1813 3160 2032 3217 quoque
2066 3150 2150 3198 est
2182 3141 2284 3196 ali-

715 3270 825 3326 quo
855 3252 1015 3308 modo
1051 3265 1118 3306 ex
1173 3248 1241 3303 iis
1270 3260 1392 3316 qua:
1423 3243 1683 3298 dicuntur
1739 3238 1907 3293 relata
1941 3235 2008 3289 ad
2053 3230 2284 3304 aliquid,

2363 1865 2534 1932 Λόγος
2559 1863 2696 1927 ἐστὶ,
2729 1860 3160 1933 προαιρουμένου
3203 1858 3260 1912 δὲ
3295 1859 3376 1912 ὅτι
3413 1857 3514 1928 ζῇ·
3541 1839 3837 1926 δυναμένου
3876 1855 3932 1906 δὲ

2367 1958 2544 2010 πάντα
2575 1957 2604 2010 ὃ
2631 1955 2685 2007 τί
2713 1972 2821 2026 περ
2853 1954 2918 2008 ἂν
2941 1953 3144 2025 ἕληται,
3171 1951 3488 2024 αἱρουμένου
3525 1950 3581 2003 δὲ
3623 1949 3683 2002 τδ
3733 1947 3932 2016 ἀγαθόν

2366 2063 2426 2099 τε
2459 2046 2554 2100 καὶ
2590 2046 2750 2114 σοφὸν
2776 2045 3009 2109 πάντως,
3043 2044 3134 2096 καὶ
3163 2042 3283 2095 εἴτι
3311 2045 3410 2112 τῆς
3437 2039 3738 2112 κρείττονος
3772 2055 3932 2108 σημα⁴

2371 2139 2489 2202 σίας
2537 2138 2703 2191 ἐστίν.
2749 2137 2902 2190 Ἐπεὶ
2930 2132 3022 2188 οῦν
3053 2134 3255 2202 ἀγαθόν
3285 2150 3336 2186 τι
3374 2135 3402 2186 ό
3432 2133 3633 2201 κόσμος
3665 2131 3932 2201 ὁμολογεῖ-

2369 2248 2478 2295 ται,
2499 2228 2790 2299 ἀπεδείχθη
2823 2227 2878 2280 δὲ
2903 2226 2988 2280 διά
3011 2226 3118 2280 τῶν
3143 2224 3443 2296 εἰρημένων
3463 2223 3556 2276 τοῦ
3584 2222 3756 2290 Λόγου
3782 2220 3932 2290 ἔργω

2370 2323 2458 2377 τὸν
2490 2323 2691 2392 κόσμον
2723 2316 2889 2385 εἶναι,
2924 2317 3016 2371 τοῦ
3047 2317 3109 2370 τὸ
3128 2315 3328 2385 ἀγαθὸν
3353 2315 3446 2369 καὶ
3480 2312 3820 2385 αἱρουμένου,
3849 2312 3932 2365 καἽ

2371 2414 2666 2485 δυναμένου
2699 2431 2713 2444 υ
2747 2413 2776 2465 ὁ
2812 2411 2867 2464 δὲ
2896 2410 3066 2478 Λόγος
3103 2403 3253 2470 οῦτος
3293 2405 3478 2476 ἕτερός
3524 2405 3640 2457 ἐστι
3674 2401 3825 2474 παρὰ
3856 2401 3932 2454 et»

2372 2502 2433 2561 οὗ
2463 2507 2576 2558 ἐστι
2613 2503 2801 2572 Λόγος.
2831 2501 3040 2572 Τρόπον
3085 2487 3191 2571 γάρ
3228 2515 3350 2552 τινα
3381 2495 3490 2549 τῶν
3521 2493 3657 2565 πρός
3694 2511 3748 2546 τι
3797 2493 3932 2560 λεγο

2379 2597 2555 2669 μένων
2581 2595 2675 2649 καὶ
2693 2593 2850 2647 τοῦτό
2877 2594 3042 2646 ἐστιν.
3075 2590 3292 2660 Ἐπειδὴ
3315 2589 3420 2662 χρὴ
3441 2587 3656 2650 πάντως
3685 2585 3762 2656 τῷ
3791 2585 3932 2654 Λόγιγ

2377 2689 2472 2741 καὶ
2504 2687 2594 2740 τὸν
2619 2685 2838 2756 Πατέρα
2861 2681 2954 2736 τοῦ
3009 2682 3182 2750 Λόγου
3219 2676 3707 2734 συνυπακούεσθαι.
3739 2675 3814 2728 Οὐ
3844 2674 3932 2744 γάε

2379 2778 2446 2832 ἂν
2478 2777 2564 2848 εἴη
2588 2777 2778 2844 Λόγος,
2805 2775 2878 2846 μὴ
2905 2791 3048 2837 τινος
3073 2771 3149 2826 ὢν
3178 2771 3366 2840 Λόγος.
3390 2769 3453 2824 El
3482 2764 3574 2822 οῦν
3605 2766 3853 2838 διακρίνῃ
3874 2765 3932 2834 τι]

2381 2868 2612 2941 σχετικῷ
2639 2870 2737 2939 τῆς
2772 2865 3098 2938 σημασίαςή
3130 2864 3240 2917 τῶν
3269 2861 3573 2916 ἀκουόντων
3605 2859 3831 2920 διάνοια,
3852 2855 3932 2908 αύι

2381 2963 2473 3017 τόν
2493 2979 2553 3015 τε
2588 2961 2679 3014 τὸν
2700 2960 2901 3029 Λόγον,
2924 2947 3017 3013 καὶ
3043 2957 3135 3010 τὸν
3163 2954 3283 3009 ὃθεν
3323 2953 3490 3017 ἐστὶν,
3529 2949 3704 3005 οὐκέτ’
3733 2948 3799 3003 ἂν
3827 2949 3932 3019 ἡμῖι

2384 3055 2681 3110 κινδυνεύει
2712 3053 2773 3106 τὸ
2807 3052 3103 3124 μυστήριον
3139 3051 3258 3112 ταῖς
3290 3046 3626 3116 Ἑλληνικαῖς
3649 3041 3932 3113 μαχόμενοι

2386 3147 2681 3218 ὑπολήψεσι
2709 3148 2820 3208 τοῖς
2850 3160 2908 3196 τε
2959 3141 3222 3194 Ἰουδαίων
3249 3135 3604 3210 πρεσϐεύουσι
3645 3131 3932 3202 συνενεχθῆ

2386 3256 2474 3292 ναι
2498 3253 2513 3268 ο
2553 3237 2666 3291 ἀλλ’
2701 3235 2894 3305 ἐπίσης
2923 3233 3196 3303 ἑκατέρων
3227 3229 3325 3300 τὴν
3361 3228 3589 3282 ἀτοπίαν
3616 3224 3932 3294 ἐκφεύξεται

717 3318 1158 3415 quandoquidem
1210 3341 1425 3407 oportet
1470 3331 1693 3387 omnino
1726 3342 1850 3383 cum
1894 3323 2074 3380 Verbo
2120 3323 2268 3378 etian

2387 3333 2448 3384 τό
2465 3347 2524 3384 τε
2542 3328 2720 3394 ζῶντα
2748 3325 2843 3380 τοῦ
2876 3325 3010 3379 Θεοῦ
3035 3325 3224 3390 Λόγον,
3260 3321 3352 3374 καὶ
3373 3319 3592 3390 ἐνεργὸν
3618 3318 3713 3370 καὶ
3748 3333 3932 3386 ποιητι

718 3413 882 3492 Verbi
915 3433 1131 3488 Patrem
1164 3425 1474 3484 subaudiri.
1507 3421 1627 3477 Non
1667 3427 1813 3476 esset
1849 3416 1993 3474 enim
2022 3413 2283 3477 Verbum,

719 3527 770 3582 si
807 3540 916 3580 non
947 3528 1092 3579 esset
1116 3517 1354 3574 Verbum
1385 3513 1642 3582 alicujus.
1673 3509 1730 3565 Si
1783 3522 1913 3579 ergo
1945 3521 2040 3576 per
2073 3503 2287 3575 signiti-

711 3615 957 3672 1':ationis
986 3609 1363 3667 habitudinem
1397 3613 1451 3662 et
1508 3603 1831 3659 relationem
1866 3595 2132 3653 discernit
2195 3609 2292 3647 au-

722 3709 962 3761 ‘il'rtorum
999 3701 1260 3772 cogitatio
1288 3707 1341 3755 et
1377 3699 1554 3767 ipsum
1595 3693 1855 3753 Verbum,
1883 3696 1939 3744 et
1989 3688 2040 3743 id
2087 3703 2150 3743 ex
2184 3699 2292 3756 quo

721 3799 963 3860 exsistit,
998 3793 1133 3850 nihil
1163 3799 1248 3848 est
1278 3775 1436 3845 nobis
1465 3788 1655 3857 utique
1709 3782 1960 3856 periculi,
2007 3796 2075 3836 ne
2127 3777 2293 3834 Verbi

716 3889 1072 3961 mysterium,
1105 3900 1227 3940 cum
1275 3882 1587 3938 Graecorum
1628 3891 1875 3949 pugnans
1922 3871 2291 3944 opinionibus,

726 3979 1022 4034 conveniat
1059 3993 1184 4033 cum
1234 3975 1302 4030 iis
1336 3977 1428 4044 qul
1463 3973 1646 4026 favent
1679 3969 1925 4041 partibus
1957 3966 2291 4026 Judazorum,

2389 3423 2484 3476 κὸν
2535 3419 2809 3492 ὁμολογῶν
2829 3435 2843 3448 ·
2874 3418 3013 3487 ὅπερ
3050 3416 3079 3466 ό
3125 3412 3370 3474 Ἰουδαῖος
3405 3410 3465 3462 ού
3509 3408 3746 3477 δέχεταιο
3778 3406 3874 3460 καὶ
3903 3423 3932 3458 τ

2392 3513 2469 3584 μὴ
2491 3509 2819 3581 διαφθείρειν
2849 3512 2870 3532 ⁸
2899 3507 3040 3560 κατά
3067 3505 3166 3576 τὴν
3190 3503 3349 3572 φύσιν
3369 3500 3531 3555 αὐτόν
3566 3516 3626 3553 τε
3649 3499 3740 3552 τὸν
3766 3498 3932 3564 Λόγον

2391 3603 2486 3657 καὶ
2513 3602 2603 3654 τὸν
2625 3600 2746 3654 ὅθεν
2786 3596 2949 3650 ἐστίν.
2985 3596 3196 3665 Ὠσπερ
3225 3592 3332 3662 γάρ
3369 3593 3434 3643 ὲκ
3460 3589 3554 3643 τοῦ
3580 3589 3671 3643 νοῦ
3698 3589 3783 3656 ἐφ’
3809 3587 3932 3658 ήμῶ

2393 3709 2572 3764 φαμεν
2593 3685 2733 3744 εἶναι
2771 3687 2862 3740 τὸν
2890 3686 3065 3754 λόγον,
3093 3683 3214 3737 οὕτε
3247 3681 3312 3735 δι’
3348 3682 3470 3734 ὅλου
3509 3679 3600 3734 τὸν
3634 3677 3797 3732 αὑτὸν
3825 3672 3932 3729 sive

2393 3782 2470 3854 τῷ
2507 3780 2602 3852 νῷ,
2631 3778 2752 3833 οῦτε
2780 3775 3119 3831 παντάπασιν
3147 3773 3332 3844 ἕτερον
3349 3789 3366 3804 ο
3392 3773 3454 3825 τὸ
3484 3771 3581 3842 μὲν
3603 3770 3713 3841 γὰρ
3735 3768 3793 3835 ἐξ
3821 3766 3932 3821 ἐκεί

2394 3891 2484 3928 νου
2528 3868 2688 3937 εἶναι,
2723 3869 2856 3926 ἄλλο
2885 3885 2937 3921 τι
2960 3868 3054 3920 καὶ
3085 3867 3185 3920 οὐκ
3208 3863 3385 3918 ἐκεῖνό
3413 3865 3547 3916 ἐστι’
3582 3862 3645 3916 τὸ
3684 3860 3846 3915 αύτδν
3878 3858 3932 3910 τὲ

2394 3964 2520 4021 νοῦν
2558 3965 2637 4028 είς
2688 3963 2750 4017 τὸ
2795 3960 3033 4032 ἐμφανὲς
3070 3957 3224 4028 ἄγειν
3246 3998 3262 4024 ,
3298 3955 3476 4010 οὐκέτ’
3508 3955 3575 4010 ἂν
3621 3954 3806 4024 ἕτερον
3841 3968 3932 4020 παι

731 4073 824 4127 sed
853 4087 918 4126 ex
951 4085 1105 4140 aequo
1134 4043 1743 4138 cﬁ‘ugietiutrorumque
1787 4059 2203 4121 absurditatem,
2237 4071 2268 4110 u

2398 4059 2572 4110 ὲκεῖνο
2600 4057 2896 4119 ύπονοοῖτο,
2932 4051 3068 4107 ἀλλὰ
3101 4051 3240 4106 κατά
3275 4050 3375 4120 τὴν
3403 4047 3562 4117 φύσιν
3588 4045 3645 4097 ἓν
3668 4044 3758 4110 ὃν,
3790 4043 3932 4114 ἔτερ(

731 4163 822 4230 qui
851 4169 904 4216 et
933 4160 1122 4215 vivens
1160 4133 1400 4213 Verbum
1433 4155 1527 4210 Dei
1563 4133 1818 4218 fateatur,
1851 4163 2194 4222 operansque
2246 4161 2268 4201 ε

2399 4148 2476 4220 τῷ
2501 4147 2843 4218 ὑποκειμένῳ
2888 4143 3034 4196 ἐστίν
3055 4159 3068 4174 ·
3105 4141 3276 4201 οὕτως
3302 4140 3394 4192 καὶ
3420 4139 3449 4192 ό
3471 4135 3564 4189 τοῦ
3609 4133 3743 4188 Θεοῦ
3778 4134 3932 4201 Λόγοι

732 4225 990 4315 elﬁciens,
1023 4251 1166 4321 quod
1206 4243 1312 4304 nan
1367 4247 1607 4302 admittit
1637 4243 1858 4299 Juda’us
1888 4260 1902 4296 :
1943 4249 1997 4296 et
2029 4255 2137 4294 non
2195 4235 2268 4291 dil

2401 4240 2480 4311 τῷ
2509 4241 2615 4321 μὲν.
2636 4236 2929 4304 ὑφεστάναι
2958 4232 3077 4285 καθ’
3108 4229 3294 4282 ἑαυτὸν
3326 4228 3577 4299 διῄρηται
3610 4225 3743 4296 πρὸς
3767 4226 3932 4278 ὲκεῖνι

732 4346 878 4399 ferre
933 4340 1231 4395 secundum
1285 4346 1536 4391 naturam
1600 4337 1778 4405 ipsum
1835 4331 2094 4395 Verbum,
2137 4334 2191 4382 et
2247 4326 2268 4378 i

2404 4329 2533 4397 παρ’
2557 4318 2618 4378 οῦ
2662 4324 2759 4392 τὴν
2789 4322 3084 4374 ὑπόστασιν
3120 4319 3231 4392 ἔχει
3259 4337 3274 4352 ο
3303 4319 3380 4390 τῷ
3412 4317 3470 4371 δὲ
3511 4317 3680 4371 ταῦτα
3711 4314 3932 4370 δεικνύει

691 4445 708 4460 ί
733 4451 801 4488 ex
829 4447 939 4504 quo
977 4429 1216 4485 exsistit.
1243 4427 1528 4492 Quomodo
1551 4426 1697 4479 enim
1735 4425 1789 4476 in
1857 4423 2013 4475 nobis
2077 4418 2268 4472 verbur

2370 4446 2377 4484 ,
2405 4419 2463 4470 ὲν
2493 4415 2690 4486 ἑαυτῷ,
2719 4415 2755 4469 ἀ
2787 4414 2914 4484 περὶ
2944 4414 3034 4467 τὸν
3073 4413 3204 4467 Θεδν
3255 4411 3573 4482 καθορᾶται,
3607 4412 3636 4462 ό
3659 4408 3819 4472 αὑτός
3860 4409 3932 4460 ὲσ·

737 4541 832 4580 seu
856 4524 1120 4579 rationem
1160 4535 1223 4575 ex
1261 4527 1442 4572 mente
1477 4531 1599 4572 esse
1625 4514 1898 4577 dicimus;
1933 4522 2110 4577 neque
2133 4504 2268 4559 omni

2406 4505 2546 4559 κατά
2560 4504 2657 4577 τὴν
2681 4505 2844 4575 φύσιν
2873 4505 3066 4576 ἐκείνῳ
3101 4503 3177 4575 τῷ
3205 4503 3292 4557 διὰ
3317 4502 3423 4556 τῶν
3457 4501 3637 4556 αὐτῶν
3663 4499 3932 4570 γνωρισμὸ

738 4629 809 4669 no
868 4613 1044 4684 ipsum
1091 4609 1232 4664 idem
1272 4620 1395 4662 esse
1450 4602 1595 4674 quod
1652 4609 1905 4663 mentem,
1945 4610 2046 4652 nec
2083 4591 2265 4649 omnin

2407 4612 2515 4650 των
2547 4596 2940 4667 εύρισκομένῳ.
2975 4596 3098 4649 Εῐτε
3129 4596 3236 4666 γὰρ
3268 4595 3568 4664 ἀγαθότης,
3597 4593 3703 4645 εἴτε
3729 4589 3932 4660 δύναμια

740 4683 1026 4765 ;ι1ιει·υηι;’
1066 4715 1190 4754 nam
1247 4713 1315 4752 ex
1369 4695 1462 4750 illo
1506 4691 1725 4764 quidem
1781 4705 1927 4754 esse,
1966 4696 2051 4745 est
2102 4686 2266 4756 aliqui

2412 4689 2520 4742 εἴτε
2553 4688 2734 4758 σοφία,
2773 4687 2881 4741 εἴτε
2909 4687 2970 4740 τὸ
3019 4688 3201 4752 ἀῖὸίως
3230 4683 3389 4750 εἶναι,
3433 4686 3542 4739 εἴτε
3570 4684 3630 4737 τὸ
3658 4683 3854 4744 κακίας
3885 4699 3932 4734 κε

742 4795 909 4857 aliud,
940 4802 995 4847 et
1023 4807 1132 4845 non
1164 4789 1294 4844 illud
1321 4806 1336 4854 ;
1369 4786 1514 4856 quod
1557 4793 1734 4837 autem
1770 4782 1943 4850 ipsam
1973 4787 2209 4834 mentem
2251 4777 2265 4830 i

2413 4783 2642 4836 θανάτου
2693 4783 2787 4836 καὶ
2821 4782 3024 4853 φθορᾶς
3054 4781 3429 4842 ἀνεπίδεκτον,
3461 4778 3569 4830 εἴτε
3614 4775 3675 4828 τὸ
3719 4775 3777 4828 ὲν
3821 4790 3932 4826 mw

743 4895 990 4956 apertum
1027 4879 1286 4951 proferat,
1316 4893 1424 4933 non
1448 4877 1636 4946 utique
1660 4872 1960 4928 existimari
1988 4869 2162 4942 possit
2185 4885 2268 4924 ess

2412 4871 2648 4936 τέλειον,
2682 4871 2790 4924 εἴτε
2821 4889 2874 4925 τι
2925 4871 3163 4925 τοιοῦτον
3195 4871 3329 4932 ὅλως
3375 4869 3597 4939 σημεῖον
3638 4867 3838 4920 ποιοῖτο
3880 4863 3932 4916 τί

744 4955 892 5028 aliud
932 4973 1000 5027 ab
1028 4971 1140 5035 illo,
1173 4969 1266 5025 sed
1300 4983 1426 5022 cum
1454 4968 1526 5022 sit
1561 4979 1729 5018 unum
1782 4969 2000 5022 natura.
2063 4957 2268 5028 subject

2415 4962 2507 5016 τοῦ
2559 4961 2770 5033 Πατρὸς
2821 4960 3207 5032 καταλήψεως,
3239 4960 3328 5014 διά
3375 4960 3480 5013 τῶν
3524 4955 3926 5035 αὐτῶνξύρήσε

745 5072 829 5118 est
860 5061 1042 5117 aliud:
1075 5029 1151 5113 ita
1186 5059 1347 5113 etiam
1385 5056 1477 5111 Dei
1509 5053 1772 5115 Verbum,
1803 5066 1868 5106 eo
1909 5049 2128 5120 quidem
2164 5065 2268 5119 quo

2418 5056 2658 5125 σημείων
2682 5029 2781 5109 καὶ
2806 5055 2897 5108 τὸν
2929 5053 2988 5118 ἐξ
3009 5029 3215 5106 ἐκείνου
3255 5053 3537 5122 ὑφεστῶτα
3567 5029 3757 5119 Λόγον.

751 5169 846 5224 per
883 5170 942 5210 se
972 5152 1248 5214 consistit,
1285 5148 1604 5204 distinctum
1655 5154 1740 5200 est
1773 5158 1836 5197 ac
1870 5142 2108 5197 divisum
2147 5143 2214 5197 ab
2248 5143 2343 5198 illo
2382 5161 2449 5202 ex
2507 5162 2617 5216 quo
2654 5146 2816 5201 habet
2855 5146 2998 5216 quod
3044 5143 3336 5209 consistit;
3387 5159 3453 5198 eo
3505 5151 3686 5198 autem
3751 5137 3895 5210 quod

751 5248 931 5314 seipso
956 5246 1047 5299 ilia
1078 5241 1316 5300 ostendit
1342 5255 1462 5312 quae
1493 5244 1792 5294 cermmtur
1819 5236 1873 5291 in
1936 5235 2066 5300 Deo,
2101 5234 2244 5290 idem
2287 5245 2370 5292 est
2409 5239 2726 5293 secundum-
2773 5246 3023 5292 naturam
3096 5235 3244 5306 quod
3311 5236 3398 5291 ille
3463 5233 3555 5306 qui
3590 5217 3866 5290 invenitur
3890 5245 3932 5299 pi

751 5332 938 5387 eadem
967 5333 1123 5402 signa
1147 5340 1202 5386 et
1234 5329 1434 5385 indicia
1463 5327 1660 5396 quibus
1688 5323 2061 5396 cognoscitur.
2089 5324 2215 5378 Sive
2266 5325 2411 5379 enim
2443 5325 2682 5393 bonitas,
2724 5327 2838 5383 sive
2890 5327 3154 5397 potentia,
3188 5327 3304 5381 sive
3359 5325 3648 5395 sapientia,
3686 5323 3798 5380 sive
3858 5336 3932 5375 es:

753 5421 1180 5489 sempiternum,
1245 5420 1359 5475 sive
1414 5418 1468 5471 in
1527 5430 1649 5471 eum
1680 5429 1790 5469 non
1852 5415 2046 5469 cadere
2109 5413 2324 5478 vitium,
2377 5423 2609 5470 mortem
2668 5427 2722 5472 et
2767 5418 3071 5483 interitum,
3114 5417 3228 5471 sive
3258 5430 3379 5470 esse
3410 5418 3636 5470 omnino
3667 5413 3932 5486 perfectuu

751 5512 870 5569 sive
928 5512 1058 5582 quid
1121 5510 1268 5564 aliud
1338 5508 1604 5580 ejusmodi
1636 5507 1708 5561 sit
1758 5506 1971 5576 signum
2034 5518 2145 5576 quo
2194 5505 2678 5575 comprehenditur
2708 5505 2888 5574 Pater,
2928 5520 3022 5576 per
3065 5505 3254 5562 eadem
3283 5505 3441 5574 signa
3473 5504 3718 5562 invenies
3745 5499 3932 5556 Verbu1

755 5620 973 5678 quoque
1001 5602 1146 5676 quod
1177 5618 1241 5658 ex
1274 5603 1364 5656 illo
1395 5600 1668 5657 consistit.
2674 5612 2684 5624 -
3432 5600 3439 5607 -
