4072 6212
271 198 324 254 l7
1445 201 1706 259 ORATIO
1745 202 2246 265 CATECHETICA.
3412 233 3478 287 τε

849 313 1076 367 ΚΕΦΑΛ
1089 353 1101 367 .
1136 315 1209 368 B'.

336 403 513 472 'Dmp
538 402 597 455 δὲ
620 401 711 455 τὸν
737 402 911 472 Λόγον
940 407 1004 458 ὲκ
1032 405 1140 458 τῶν
1165 406 1287 459 καθ’
1315 409 1462 480 ἡμᾶς
1482 409 1815 476 ἀναλογικῶς

273 498 349 549 ἐπὶ
374 494 458 563 τῆς
472 493 874 564 ὑπερκειμένης
902 494 1148 566 ἔγνωμεν
1173 496 1406 566 φύσεως,
1431 501 1570 554 κατὰ
1594 501 1684 555 τὸν
1717 503 1814 556 αὺ-

266 590 338 641 τὸν
357 587 560 660 τρόπον,
598 587 696 640 καὶ
717 589 781 657 τῇ
811 587 942 658 περὶ
970 588 1062 641 τοῦ
1095 589 1409 660 Πνεῦματος
1435 593 1613 666 ἐννοίᾳ
1651 613 1814 666 προσ-

256 675 590 747 αχθησόμεθα,
615 677 774 741 σκιάς
793 695 947 741 τινας
973 680 1064 732 καὶ
1095 685 1385 750 μιμήματα
1405 681 1506 752 τῆς
1533 684 1810 753 ἀφράστου

248 766 503 835 δυνάμεως
531 768 590 819 ιν
617 769 686 837 τῇ
718 767 838 820 καθ’
871 769 1018 837 ἡμᾶς
1064 767 1395 840 Θεωροῦντες
1434 771 1613 841 φύσει.
1670 775 1810 828 Ἀλλ’

247 856 482 926 ἔφ’ήμιῖιν
513 858 612 928 μὲν
658 859 724 911 τὸ
761 859 1074 931 ’πνεῦμα,ή
1115 863 1209 916 τοῦ
1258 863 1419 935 ἀέρος
1470 867 1619 920 ἐστὶν
1653 868 1803 940 ὁλκὴ,

248 947 498 1020 ἀλλοτρίου
529 949 878 1020 πράγματος,
908 953 1044 1023 πρὸς
1063 955 1163 1024 τὴν
1193 955 1288 1008 τοῦ
1326 954 1575 1026 σώματος
1608 959 1807 1013 σύστα-

246 1051 319 1087 σιν
336 1036 644 1104 ἀναγκαίως
667 1038 1044 1109 είσελκομένου
1069 1058 1128 1094 τε
1146 1042 1240 1096 καὶ
1266 1046 1654 1116 προχεομένου,
1671 1048 1806 1120 ὅπερ

241 1129 293 1178 ὲν
316 1127 389 1196 τῷ
420 1129 599 1198 καιρῷ
620 1130 718 1198 τῆς
750 1130 1114 1202 ἐκτρωνήσεως
1143 1133 1236 1187 τοῦ
1280 1133 1464 1204 λόγου,
1488 1140 1638 1210 φωνὴ
1662 1140 1806 1207 γίνε-

241 1217 449 1288 ean-rip
474 1216 569 1270 τοῦ
609 1214 768 1286 λόγου
802 1218 1030 1290 δύναμιν
1050 1223 1106 1273 ὲν
1133 1223 1298 1293 ἑαυτῇ
1329 1225 1654 1296 φανεροῦσα.
1685 1226 1804 1280 Ἐπὶ

237 1307 289 1358 δὲ
313 1308 403 1378 τῆς
441 1308 590 1371 θείας
627 1308 844 1378 φύσεως
875 1310 939 1364 τὺ
968 1311 1065 1381 μὲν
1087 1307 1225 1365 εἶναι
1252 1314 1474 1385 Πνεῦμα
1520 1316 1674 1382 Θεοῦ,
1710 1319 1801 1370 εὐ-

239 1397 380 1461 σεϐὲς
409 1397 667 1469 ἐνομίσθη
686 1439 702 1463 ,
739 1398 924 1463 καθὼς
953 1401 1112 1472 ἐδόθη
1149 1403 1443 1473 καὶΛόγος
1474 1402 1613 1460 εἶναι
1643 1407 1797 1472 Θεοῦ,

235 1489 314 1541 διὰ
341 1489 400 1541 τὸ
425 1490 498 1561 μὴ
531 1490 647 1544 δεῖν
674 1490 1084 1562 ὲλλειπέστερον
1104 1495 1196 1548 τοῦ
1221 1497 1490 1569 ἡμετέρου
1524 1499 1681 1569 λόγου
1711 1504 1800 1556 τὸν

234 1577 318 1631 τοῦ
347 1578 476 1632 Θεοῦ
505 1576 650 1634 εῖναι
678 1583 851 1651 Λόγον
874 1599 886 1612 ·
918 1585 1077 1656 εἴπερ
1105 1589 1297 1641 τούτου
1330 1591 1467 1659 μετὰ
1499 1591 1592 1644 τοῦ
1640 1596 1800 1648 πνεύ-

240 1684 388 1737 ματος
433 1670 812 1742 θεωρουμένου
834 1715 850 1740 ,
885 1676 1090 1740 ἐκεῖνος
1128 1677 1252 1748 δίχα
1310 1682 1619 1753 πνεύματος
1661 1681 1798 1740 εἶναι
1833 1662 1873 1716 Β

239 1760 540 1816 πιστεύοιτο.
600 1763 674 1816 υύ
733 1764 839 1836 μὴν
881 1766 1160 1837 ἀλλότριον
1218 1770 1340 1824 καθ’
1375 1774 1663 1844 ὁμοιότητα
1703 1777 1796 1830 τοῦ

233 1850 483 1920 ἡμετέρου
539 1853 854 1923 πνεύματος
893 1856 1092 1920 ἔξωθεν
1136 1860 1408 1932 έπεισρεῖν
1436 1864 1514 1935 τῷ
1538 1865 1675 1937 Θεῷ,
1704 1871 1798 1923 καὶ

237 1938 282 1988 ὲν
296 1938 446 2008 αὐτῷ
468 1939 719 2006 γίνεσθαι
740 1943 800 1996 τὸ
819 1945 1062 2016 Πνεῦμα,
1080 1948 1378 2021 θεοπρεπὲς
1400 1955 1547 2009 ἐστιν
1569 1957 1794 2014 οἴεσθαι.

245 2027 375 2079 Ἀλκ
398 2029 475 2094 ὼς
494 2031 634 2084 Θεοῦ
671 2035 837 2102 Λόγον
854 2037 1200 2105 ἀκούσαντες,
1223 2043 1322 2096 οὐκ
1353 2046 1722 2104 ἀνυπόστατόν
1746 2071 1796 2107 τι

233 2119 464 2189 πρᾶγμα,
482 2121 575 2175 τὸν
618 2124 786 2192 Λόγον
830 2128 1106 2200 ᾠήθημεν,
1136 2133 1255 2188 οὐδὲ
1289 2137 1352 2189 ὲκ
1383 2138 1672 2210 μαθήσεως
1703 2145 1794 2210 ἐγ-

234 2209 559 2279 γιγνόμενον,
586 2212 704 2266 eoat
733 2215 820 2269 διὰ
839 2219 1025 2289 φωνῆς
1055 2224 1478 2295 προφερόμενον,
1509 2209 1626 2283 οὐδὲ
1659 2209 1796 2303 μετὰ

227 2300 282 2352 τὸ
309 2305 694 2375 προενεχθῆναι
727 2309 1095 2383 διαλυόμενον,
1137 2319 1258 2371 οὐδὲ
1281 2320 1406 2374 ἄλλο
1440 2341 1493 2376 τι
1520 2300 1796 2398 πάσχοντα

226 2391 469 2455 τοιοῦτον,
485 2391 570 2448 οἷα
600 2400 722 2468 περὶ
744 2401 836 2453 τὸν
857 2404 1122 2477 ἡμέτερον
1142 2407 1299 2478 λόγον
1322 2411 1602 2486 θεωρεῖται
1624 2391 1793 2493 eaet],

210 2477 330 2569 μλλ¹
357 2485 629 2552 οὐσιωδῶς
660 2491 967 2558 ὑφεστῶτα,
1017 2502 1400 2570 προαιρετικόν
1426 2522 1486 2558 τε
1520 2509 1613 2559 καὶ
1642 2511 1795 2583 ἐνερ-

228 2573 310 2638 γδν
335 2577 423 2627 mi.
458 2580 874 2653 παντοδύναμον
898 2600 911 2615 ⁸
957 2587 1100 2642 οὕτω
1133 2592 1226 2643 καὶ
1271 2595 1494 2667 Πνεῦμα
1543 2573 1793 2673 μεμαθη-

233 2664 362 2727 κότες
389 2667 542 2734 Θεοῦ,
578 2671 644 2725 τὸ
671 2681 1169 2749 συμπαρομαρτοῦν
1195 2683 1274 2755 τῷ
1309 2664 1486 2758 Λόγιρ,
1510 2664 1796 2761 καὶνφανε-

234 2754 339 2822 ροῦν
359 2758 518 2813 αὑτοῦ
549 2763 656 2832 τὴν
692 2765 992 2836 ἐνέργειαν,
1016 2771 1075 2824 οὐ
1101 2754 1266 2844 πνοὴν
1287 2754 1558 2849 ἄσθματος
1588 2754 1796 2838 ἐννοοῦ-

228 2861 334 2911 μεν.
367 2846 441 2900 Ἥ
463 2851 576 2921 γὰρ
602 2852 668 2905 ἂν
690 2855 1004 2928 καθαιροῖτο
1033 2863 1168 2932 πρὸς
1206 2846 1568 2940 ταπεινότητα
1599 2873 1661 2926 τὸ
1697 2893 1793 2944 με·

225 2935 424 3000 γαλεῖον
453 2939 552 3010 τῆς
608 2942 756 3010 θείας
785 2947 1066 3020 δυνάμεως
1084 2994 1098 3017 ,
1144 2957 1191 3007 εί
1223 2957 1346 3009 καθ’
1376 2935 1666 3034 ὁμοιότητα
1697 2935 1792 3019 τοῦ

225 3028 500 3099 ἡμετέρου,
525 3034 624 3087 καὶ
661 3035 724 3088 τὸ
766 3039 825 3090 ὲν
852 3040 1002 3112 αὐτῷ
1046 3044 1269 3115 Πνεῦμα
1314 3028 1593 3106 ὑπονοοῖτο
1617 3071 1631 3084 σ
1656 3056 1790 3112 ἀλλὰ

220 3115 444 3189 δύναμιν
470 3125 701 3196 οῦσιώδη
733 3129 903 3201 αὐτὴν
942 3135 1025 3202 ἐφ’
1045 3136 1242 3208 ἑαυτῆς
1270 3140 1327 3191 ὲν
1355 3141 1625 3217 ἰδιαζούσῃ
1655 3147 1790 3200 ὑπο-

224 3211 408 3301 στάσει
452 3213 850 3292 θεωρουμένην,
891 3223 1014 3278 οὔτε
1043 3230 1376 3301 χωρισθῆναι
1421 3211 1687 3291 τοῦὊεοῦ
1734 3241 1792 3293 ὲν

219 3294 262 3368 ᾧ
281 3303 446 3369 ἐστιν,
478 3307 509 3377 ἦ
541 3308 636 3361 τοῦ
664 3313 836 3381 Λόγου
883 3315 977 3368 τοῦ
1184 3315 1229 3389 ᾦ
1260 3294 1601 3398 παρομαρτεῖ
1629 3329 1790 3384 δυνα-

225 3393 384 3491 μένην
402 3435 419 3459 ,
448 3399 576 3452 οὔτε
623 3403 758 3473 πρὸς
789 3406 848 3458 τὸ
872 3407 1218 3481 ἀνύπαρκτον
1246 3393 1634 3491 ἀναχεομένην,
1653 3423 1791 3479 ἀλλὰ

227 3479 643 3558 καθ⁹όμοιότητα
670 3491 764 3544 τοῦ
793 3493 928 3548 Θεοῦ
957 3479 1131 3568 Λόγου
1158 3503 1276 3556 καθ’
1308 3479 1605 3563 ὑπόστασιν
1622 3479 1791 3566 ὀὖσαν

129 3615 137 3627 ,
225 3579 620 3649 προαιρετικὴν,
650 3584 1018 3657 αὐτοκίνητον,
1045 3591 1289 3664 ἐνεργὸν,
1322 3599 1550 3654 πάντοτε
1573 3605 1633 3656 τὸ
1651 3605 1782 3674 ἀγαο

226 3660 308 3714 θον
337 3667 692 3742 αἱρουμένην,
717 3677 810 3728 καὶ⁵
834 3679 969 3748 πρὸς
1002 3660 1190 3738 πᾶσαν.
1209 3689 1472 3759 πρόθεσιν.
1496 3660 1789 3769 σύνδρομον

220 3757 414 3824 εχωσα
447 3759 532 3832 ιν]
557 3767 622 3834 τῇ
650 3765 896 3840 βουλήσει
927 3773 1026 3844 τὴν
1051 3757 1294 3849 δύναμιν.

830 3949 1074 4006 ΚΕΦΑΛ.
1108 3956 1184 4008 I".

291 4021 463 4124 ἷΩστε
494 4027 584 4080 τὸν
612 4031 845 4106 ἀκριϐῶς
871 4041 936 4094 τὰ
969 4043 1104 4115 βάθη
1127 4045 1222 4099 τοῦ
1244 4051 1543 4124 μυστηρίου
1572 4055 1787 4112 διασκο-

214 4114 508 4219 ποιῖμενον,
539 4122 596 4174 έν
641 4125 738 4219 μὲν
769 4133 832 4201 τῇ
885 4133 1029 4206 ψυχῇ
1065 4114 1205 4192 κατὰ
1235 4114 1296 4193 τὸ
1323 4114 1637 4216 ἀπόρρητον
1687 4168 1786 4219 με·

216 4205 363 4273 τρίαν
382 4211 510 4263 τινὰ
539 4218 860 4291 κατανόησιν
889 4223 989 4295 τῆς
1009 4205 1148 4281 κατὰ
1172 4229 1272 4301 τὴν
1298 4205 1625 4302 θεογνωσίαν
1644 4205 1787 4300 δίδα-

217 4299 433 4365 σκαλὶας
463 4304 670 4374 λαϐεῖν,
703 4312 777 4383 μὴ
807 4315 987 4384 μέντοι
1016 4299 1270 4375 δύνασθαι
1290 4299 1430 4397 λόγοι)
1455 4328 1783 4403 διασαφῆσαι
1816 4357 1858 4412 D

163 4405 170 4424 ν
329 4396 715 4468 ἁνέκφραστον
757 4407 962 4478 ταύτην
988 4411 1082 4464 τοῦ
1125 4390 1422 4489 μυστηρίου
1464 4390 1736 4495 βαθύτητα
1765 4446 1781 4460 ·

211 4483 319 4546 πῶς
339 4487 404 4539 τὸ
430 4490 570 4542 αὐτὸ
609 4494 701 4546 καὶ
727 4496 1027 4570 ἀριθμητόν
1067 4503 1182 4558 ἐστι
1202 4543 1216 4568 ,
1250 4483 1344 4560 καί
1368 4483 1664 4582 διαιρεύγεί
1685 4517 1783 4582 τὴν

213 4574 585 4676 ἐξαρίθμησιν,
619 4586 711 4638 καὶ
738 4588 1082 4661 διῃρημένως
1118 4597 1338 4667 ὁρᾶται,
1372 4574 1482 4656 καὶ.
1503 4574 1782 4676 ἐν’μονάδι

213 4668 707 4739 καταλαμϐάνεται,
739 4681 833 4732 καὶ
867 4681 1204 4756 διακέκριται
1247 4693 1310 4760 τῇ
1343 4693 1655 4762 ὑποστάσει,
1687 4701 1782 4754 καὶ

209 4757 260 4806 οὐ
290 4761 627 4832 μεμέρισται
658 4766 738 4836 τῷ
764 4770 1124 4844 ὑποκειμένῳ,
1158 4779 1251 4830 καὶ
1282 4757 1408 4835 ἄλλο
1461 4784 1620 4840 πάλιν
1642 4757 1782 4841 έκεῖ-

211 4845 348 4907 νο,οῦ
377 4853 477 4906 καὶ
498 4855 530 4906 ό
551 4856 725 4924 Λόγος
758 4860 874 4912 ἐστὶ
900 4863 994 4915 καὶ
1028 4865 1089 4917 τὸ
1127 4868 1366 4940 Πνεῦμα.
1401 4873 1538 4927 Ἀλλ’
1559 4879 1780 4934 ἐπειδὰν

209 4940 257 4991 τὸ
281 4942 706 5017 διακεκριμένον
731 4954 786 5004 ὲν
816 4955 1021 5020 τούτοις
1040 4965 1397 5034 κατανοήσῃς,
1430 4969 1588 5023 πάλιν
1613 4973 1646 5042 ή
1681 4974 1778 5044 τῆς

212 5033 406 5101 φύσεως
445 5041 646 5111 ἑνότης
673 5044 765 5098 τὸν
793 5046 1146 5118 διαμερισμὸν
1191 5055 1251 5107 οὐ
1288 5033 1604 5125 προσίεται·

213 5125 328 5227 μήτε
349 5130 411 5180 τὸ
436 5131 545 5196 τῆς
567 5137 863 5207 μοναρχίας
887 5142 1166 5212 σχίζεσθαι
1196 5148 1393 5216 κράτος
1417 5152 1496 5214 εἰς
1524 5151 1776 5227 θεότητας

212 5210 487 5288 ἃαφόρους
543 5210 1030 5300 κατατεμνόμενον,
1073 5236 1211 5304 μήτε
1235 5210 1337 5309 ’τῷ
1375 5210 1776 5316 Ἶουδαῖκῷιδόί

215 5317 358 5370 mat:
401 5311 732 5379 συμϐαίνειν
757 5317 848 5370 τὸν
874 5319 1049 5388 λόγον,
1077 5322 1214 5376 ἀλλὰ
1240 5324 1328 5378 διὰ
1355 5327 1516 5396 μέσον
1556 5311 1662 5386 τιῦν
1686 5333 1778 5388 δύο

219 5392 526 5467 ὗευλήιῖνεων
583 5408 779 5475 χωρεῖν
817 5409 916 5480 τὴν
948 5411 1225 5483 ἀλήθειαν,
1259 5392 1525 5490 ἑκατέραν
1562 5439 1621 5474 τε
1668 5425 1776 5479 τῶν

218 5487 458 5553 αἱρέσεων
497 5494 885 5567 καθαιροῦσαν,
928 5505 1022 5557 καὶ
1059 5507 1152 5577 ἀφ’
1191 5487 1454 5582 έκατέραξ
1484 5517 1776 5588 παραδεχο-

221 5579 360 5651 limo
393 5586 460 5639 τὺ
492 5589 783 5663 χρήσιμον.
819 5595 925 5649 Τοῦ
957 5598 1055 5669 μὲν
1094 5601 1200 5675 γὰρ
1226 5579 1475 5661 Ἰουδαίου
1500 5579 1772 5685 καθαιρέί-

1839 325 1886 382 Α

2547 329 2773 388 CAPUT
2811 332 2874 389 ll.

1987 436 2268 501 Quomodo
2297 448 2476 496 autem
2504 445 2658 499 exiis
2690 462 2810 516 quae
2843 453 2971 502 sunt
3001 448 3056 504 in
3074 451 3252 518 nobis,
3289 459 3477 511 analo—

1914 527 2032 596 gice
2057 527 2288 584 Verbum
2327 534 2683 602 cognovimus
2712 537 2766 591 in
2821 553 3327 612 supremanatura,
3383 563 3477 602 eo-

1913 615 2035 670 dem
2062 619 2222 674 modo
2247 621 2410 675 etiam
2442 623 2776 680 adducemur
2808 629 2875 683 ad
2912 633 3184 689 notionem
3219 634 3476 705 Spiritus,

1913 705 2199 764 inelfabilis
2238 713 2490 780 potentiae
2523 715 2742 772 umbras
2775 719 3038 784 quasdam
3075 731 3127 777 et
3183 725 3479 783 simulacra

1911 797 1965 851 in
1993 808 2177 855 nostra
2217 807 2647 876 contemplantes
2680 817 2895 864 natura.
2950 811 3055 868 Sed
3087 816 3139 869 in
3170 818 3329 874 nobis
3358 822 3480 890 qui-

1911 887 2030 943 dem
2066 890 2293 959 spiritus
2343 907 2426 949 est
2480 897 2619 952 aeris
2665 901 2934 965 attractio,
2968 903 3047 958 rei
3095 905 3306 970 aliena},
3360 925 3480 978 qua:

1909 983 2224 1036 necessario
2261 985 2552 1042 attrahitur
2585 996 2638 1042 et
2673 990 3024 1058 profunditur
3084 997 3153 1050 ad
3207 1003 3477 1055 constitu-

1910 1070 2110 1126 tionem
2151 1076 2418 1144 corporis,
2446 1092 2566 1146 qua:
2599 1081 2840 1148 quidem,
2876 1084 3004 1138 dum
3027 1087 3251 1142 verbum
3273 1091 3480 1146 emitti-

1909 1167 2015 1226 tur,
2051 1162 2105 1216 lit
2141 1179 2265 1230 vox,
2292 1166 2345 1219 in
2391 1169 2570 1238 seipsa
2612 1171 2900 1230 declarans
2927 1177 3031 1229 vim
3065 1179 3236 1234 verbi.
3301 1179 3357 1234 lu
3395 1182 3478 1236 di-

1906 1253 2030 1307 vina
2050 1262 2232 1310 autem
2259 1266 2478 1325 natura,
2502 1276 2624 1315 esse
2647 1264 2866 1332 quidem
2895 1266 2984 1322 Dei
3019 1267 3302 1338 Spiritum,
3326 1275 3474 1343 pium

1904 1352 1987 1399 est
2020 1347 2410 1412 existimatum,
2447 1353 2720 1420 quomodo
2777 1353 2960 1409 datum
2999 1366 3085 1412 est
3136 1376 3259 1415 esse
3307 1362 3471 1417 etiam

1905 1432 1999 1489 Dei
2031 1434 2287 1503 Verbum,
2321 1450 2605 1510 propterea
2631 1444 2775 1512 quod
2803 1461 2910 1500 non
2946 1455 3194 1518 oporteat
3222 1450 3314 1506 Dei
3341 1451 3476 1508 Ver-

1904 1524 2030 1578 hum
2054 1525 2298 1584 deterius
2327 1546 2466 1597 esse,
2498 1541 2550 1587 et
2571 1537 2740 1604 magis
2773 1536 3003 1594 deiicere
3031 1549 3192 1610 quam
3223 1551 3471 1599 nostrum
3549 1549 3562 1555 ’

1903 1617 2148 1681 verbum,
2170 1620 2436 1690 siquidem
2471 1640 2593 1678 cum
2630 1627 2730 1682 hoc
2755 1632 3133 1687 consideretur
3158 1650 3280 1689 ctum
3321 1639 3473 1706 spiri-

1903 1715 1980 1770 tu,
2013 1711 2270 1765 credatur
2295 1713 2425 1768 illud
2454 1731 2575 1772 esse
2599 1719 2716 1774 sine
2755 1718 2984 1792 Spiritu.
3052 1723 3238 1796 Neque
3291 1738 3468 1784 tamen

1900 1798 1967 1851 ad
2017 1802 2191 1854 nostri
2252 1804 2477 1874 spiritus
2538 1808 2950 1868 similitudinem
3003 1817 3347 1875 extrinsecus
3402 1821 3469 1875 ad

1901 1887 2066 1943 Deum
2099 1891 2341 1957 aﬂuere,
2373 1905 2426 1950 et
2455 1898 2506 1951 in
2532 1915 2597 1954 eo
2623 1901 2737 1955 fieri
2769 1901 3055 1972 Spiritum,
3094 1909 3147 1962 id
3179 1909 3288 1965 Deo
3340 1929 3471 1968 con—

1897 1981 2085 2035 venire
2117 1983 2563 2042 existimandum.
2592 1991 2696 2044 Sed
2734 1997 3006 2062 quomodo
3040 2013 3164 2051 cum
3208 2001 3300 2054 Dei
3334 2001 3469 2058 Ver-

1899 2072 2026 2128 bum
2062 2073 2485 2147 audivissemus,
2518 2096 2626 2136 non
2655 2099 2764 2138 rem
2789 2101 2911 2142 esse
2938 2088 3176 2160 aliquam
3212 2109 3332 2162 quae
3360 2111 3468 2150 non

1898 2164 2185 2228 consistat,
2218 2167 2452 2223 Verbum
2513 2173 2857 2242 putavimus;
2898 2193 3074 2248 neque
3130 2182 3276 2252 quod
3341 2184 3470 2239 insit

1896 2268 1960 2309 ex
1992 2254 2300 2326 disciplina,
2334 2275 2509 2329 neque
2538 2265 2681 2331 quod
2728 2280 2862 2321 voce
2912 2268 3239 2338 proferatur,
3291 2290 3470 2345 neque

1897 2348 2040 2416 quod
2072 2363 2196 2402 cum
2222 2349 2673 2421 fueritprolatum
2699 2355 3050 2427 dissolvatur,
3087 2379 3262 2435 neque
3287 2368 3470 2439 aliquo

1898 2436 2006 2492 alio
2045 2439 2206 2494 modo
2229 2441 2304 2495 ita
2330 2441 2492 2506 allici,
2515 2459 2625 2514 quo
2650 2449 2895 2502 cernitur
2930 2451 3065 2506 allici
3117 2464 3304 2511 noster
3349 2436 3466 2518 ser-

1896 2543 2006 2594 mo,
2041 2531 2135 2585 sed
2159 2533 2480 2602 consistere,
2509 2545 2566 2589 ut
2599 2538 2672 2590 ita
2701 2537 2898 2605 dicam,
2923 2545 3307 2610 essentialiter,
3344 2550 3470 2603 vim-

1894 2634 2002 2689 que
2025 2619 2224 2678 hahere
2246 2623 2501 2694 eligendi,
2554 2643 2784 2699 esseque
2839 2648 3074 2702 operans
3123 2647 3178 2691 et
3211 2641 3465 2710 omnipo-
3512 2711 3520 2720 Ι

1897 2720 2016 2766 tens
2042 2727 2056 2765 :
2083 2712 2156 2766 ita
2191 2713 2355 2768 etiam
2381 2729 2504 2770 cum
2531 2715 2624 2772 Dei
2657 2719 2918 2789 Spiritum
2946 2721 3326 2792 didicerimus,
3370 2733 3462 2801 qui

1901 2801 2133 2858 Verbum
2167 2809 2541 2877 consequitur,
2574 2819 2627 2865 et
2653 2812 2772 2882 ejus
2805 2814 3045 2870 declarat
3072 2823 3462 2889 operationem,

1896 2909 2004 2948 non
2059 2897 2411 2965 intelligimus
2467 2900 2651 2955 [latum
2707 2905 3012 2974 anhelitus;
3072 2910 3466 2980 deprimeretnr

1821 3008 1862 3065 ρ
1897 2984 2042 3039 enim
2074 2993 2127 3040 et
2159 2986 2225 3040 ad
2284 2990 2506 3043 nimiam
2539 2992 2918 3049 demitteretur
2954 2997 3310 3056 humilitatem
3350 3020 3466 3058 ma-

1893 3075 2122 3146 gnitudo
2156 3077 2352 3134 divina:
2383 3084 2658 3150 potentiae,
2695 3085 2740 3140 si
2769 3088 2860 3155 qui
2891 3089 2944 3141 in
2971 3105 3035 3143 eo
3062 3099 3146 3147 est
3204 3092 3460 3164 Spiritus.

1894 3167 2302 3224 existimaretur
2324 3187 2446 3228 esse
2479 3173 2657 3229 instar
2712 3181 2921 3234 nostri:
2983 3183 3076 3236 sed
3117 3187 3495 3241 essentialeni‘

1892 3257 2208 3325 potentiam,
2267 3275 2388 3329 quae
2448 3260 2564 3331 ipsa
2617 3262 2671 3316 in
2706 3267 2883 3335 seipsa
2965 3271 3348 3329 consideratur
3409 3277 3462 3332 in

1893 3348 2110 3417 propria
2132 3347 2410 3419 hypostasi
2441 3365 2505 3405 ac
2531 3355 2908 3424 consistentia,
2943 3374 3118 3429 neque
3165 3370 3343 3432 potest
3372 3380 3465 3420 se-

1893 3438 2074 3506 parari
2107 3452 2135 3490 a
2168 3437 2278 3493 Deo
2303 3439 2354 3493 in
2383 3457 2494 3510 quo
2523 3451 2628 3509 est,
2658 3452 2750 3498 ant
2781 3461 2809 3499 a
2844 3445 3021 3504 Verbo
3045 3449 3135 3505 Dei
3163 3453 3307 3523 quod
3331 3468 3459 3510 con-

1893 3527 2175 3596 sequitur:
2209 3543 2386 3598 neque
2422 3529 2488 3585 ad
2521 3531 2622 3585 hoc
2656 3543 2712 3587 nt
2739 3551 2848 3590 non
2878 3537 2968 3604 sit,
2993 3538 3314 3607 effunditur,
3342 3545 3463 3607 sed,

1891 3616 1958 3670 ad
1989 3615 2083 3670 Dei
2121 3616 2283 3673 Verbi
2335 3620 2768 3690 similitudinem,
2826 3635 2911 3682 est
2943 3629 2995 3682 in
3050 3629 3326 3701 hypostasi
3362 3634 3454 3688 eli-

1890 3706 2049 3776 gendi
2081 3707 2130 3761 vi
2160 3710 2384 3779 praedita
2420 3727 2516 3783 per
2539 3729 2598 3768 se
2625 3718 2832 3783 mobili,
2867 3730 3146 3790 operante,
3168 3733 3221 3777 et
3248 3739 3462 3795 semper

1890 3791 2092 3846 bonum
2123 3795 2377 3866 eligente,
2411 3806 2465 3853 et
2497 3800 2562 3854 ad
2604 3817 2764 3858 omne
2798 3809 3133 3878 propositum
3189 3827 3310 3866 cum
3369 3832 3463 3868 νον

1893 3877 2100 3935 luntate
2126 3895 2542 3942 concurrentem
2578 3891 2810 3948 trahente
2842 3877 3158 3966 potentiam.

2477 3977 2705 4034 CAPUT
2751 3982 2836 4040 Ill.

1959 4062 2061 4129 Qui
2086 4065 2267 4136 itaque
2293 4068 2577 4138 diligenter
2599 4081 2654 4126 et
2679 4082 2935 4130 accurate
2964 4075 3316 4134 considerant
3340 4098 3456 4157 my-

1889 4157 2038 4210 sterii
2066 4158 2492 4226 profunditatem
2516 4200 2530 4226 ,
2554 4163 2608 4215 in
2638 4164 2817 4216 anima
2839 4167 3060 4235 quidem
3093 4183 3294 4226 arcana
3317 4191 3455 4244 qua—

1887 4245 2010 4299 dam
2046 4249 2259 4304 ratione
2310 4249 2640 4306 mediocrem
2686 4255 2886 4325 accipit
2918 4256 3334 4332 intelligentiam
3367 4266 3458 4321 doc

1887 4337 2078 4390 clrinae
2117 4336 2208 4392 Dei
2237 4339 2565 4411 cognitionis
2590 4381 2604 4404 ,
2639 4344 2886 4401 oratione
2912 4357 3090 4403 tamen
3130 4367 3237 4406 non
3279 4363 3458 4424 potest

1886 4426 2212 4484 ineffabilem
2241 4431 2452 4500 aperire
2480 4433 2908 4502 profunditatem
2941 4442 3185 4510 mysterii
3217 4461 3230 4511 ;
3263 4461 3458 4520 nempe

1887 4519 2158 4588 quomodo
2181 4521 2320 4576 idem
2345 4531 2398 4577 et
2422 4523 2574 4578 cadat
2603 4528 2705 4583 sub
2727 4545 3033 4598 numerum,
3054 4541 3108 4587 et
3132 4549 3238 4589 non
3264 4519 3423 4593 cadat
3439 4579 3477 4600 ,η

1885 4619 1937 4663 et
1961 4609 2194 4667 divisum
2228 4623 2502 4679 cernatur,
2535 4625 2588 4671 et
2615 4620 3111 4688 comprehendatur
3137 4625 3191 4679 in
3222 4628 3451 4693 unitate,

1885 4701 2313 4774 distinctumque
2342 4708 2412 4760 sit
2442 4723 2504 4761 ac
2535 4709 2832 4764 discretum
2865 4715 3220 4770 consistentia
3275 4728 3330 4774 et
3356 4720 3455 4793 lry-

1884 4793 2120 4862 postasi,
2144 4803 2198 4850 et
2221 4797 2464 4866 subjecto
2492 4814 2596 4854 non
2623 4801 2696 4856 sit
2719 4802 2951 4858 divisum
2971 4845 2986 4870 ,
3009 4814 3071 4861 et-
3088 4822 3282 4865 rursus
3306 4813 3450 4870 aliud

1883 4883 1990 4947 sit,
2023 4887 2182 4954 cujus
2215 4895 2298 4942 est
2324 4886 2560 4944 Verbum
2590 4899 2643 4946 et
2670 4893 2928 4963 Spiritus.
2964 4895 3067 4952 Sed
3095 4908 3449 4972 posteaquam

1881 4974 2177 5031 discrimen
2206 4978 2260 5032 in
2288 4979 2373 5033 his
2406 4981 2773 5050 intellexeris,
2808 4997 3016 5042 naturae
3042 5005 3236 5046 rursus
3269 4991 3452 5048 unitas

1882 5081 1989 5120 non
2026 5068 2266 5123 admittit
2293 5071 2657 5128 divisionem:
2707 5076 2844 5132 adeo
2894 5085 2952 5132 ut.
3007 5096 3180 5149 neque
3229 5099 3458 5142 monar-

1881 5155 2017 5211 cbize
2071 5157 2382 5218 dominatus
2433 5165 2714 5222 scindatur
2768 5170 2820 5222 in
2879 5170 3123 5227 diversas
3169 5173 3448 5238 dissectus

1879 5249 2149 5316 unitates,
2190 5268 2367 5322 neque
2407 5266 2672 5326 congruat
2701 5260 2752 5313 id
2781 5262 2924 5330 quod
2957 5261 3157 5318 dicitur
3181 5283 3304 5323 cum
3335 5271 3446 5328 do-

1877 5349 2056 5410 gmate
2077 5339 2337 5412 Judaico;
2366 5347 2458 5401 sed
2485 5363 2578 5416 per
2606 5349 2842 5404 medium
2874 5352 3104 5410 duarum
3127 5347 3445 5429 opinionum

1878 5434 2138 5500 procedat
2163 5436 2364 5491 veritas
2384 5478 2399 5504 ,
2431 5445 2485 5493 et
2522 5451 2808 5512 utramque
2848 5445 3044 5504 tollens
3076 5449 3326 5508 haeresim
3347 5497 3364 5523 ,
3391 5471 3447 5513 ct

1879 5523 1945 5576 ab
1977 5533 2206 5595 utraque
2239 5529 2516 5600 accipiens
2549 5533 2602 5588 id
2635 5535 2780 5604 quod
2813 5548 2896 5593 est
2927 5541 3071 5597 usui.
3107 5543 3240 5598 Nam
3273 5545 3446 5602 Judaei

1877 5615 2093 5687 quidem
2152 5617 2352 5691 dogma
2405 5623 2578 5694 tollit,
2627 5637 2679 5682 et
2713 5625 2946 5686 Verbum
2980 5632 3353 5701 admittendo,
3393 5647 3448 5690 et
