4072 6212
892 168 931 189 ,Ι

739 280 807 339 19
1966 284 2026 342 S.
2065 286 2106 341 ϐ
2119 282 2395 341 REGORII
2450 283 2743 341 NYSSENI
3524 349 3533 355 ν
3874 287 3912 343 21

732 401 1006 459 credendo
1034 396 1338 473 Spiritum:
1366 418 1557 461 eorum
1585 414 1765 461 autem
1798 407 1892 477 qui
1922 415 2069 464 stant
2096 423 2127 462 a
2154 408 2302 463 ϐιαιο
2331 450 2340 469 ι

2331 415 2375 469 Α
2402 424 2492 460 ται
2513 407 2573 460 τὸ
2601 407 2794 477 δόγμα,
2829 409 2896 478 τῇ
2934 424 2993 459 τε
3016 406 3111 460 τοῦ
3135 407 3306 474 Λόγου
3334 406 3637 477 παραδοχῇ,
3665 408 3748 461 καὶ
3778 413 3833 481 τῇ
3861 416 3911 465 πι

734 496 816 551 eis
841 495 1092 550 aboletur
1121 510 1275 550 error
1309 496 1601 552 multorum
1633 496 1896 563 deorum,
1940 514 2005 554 ea
2048 515 2171 569 quae
2212 508 2299 556 est

2404 513 2520 551 στει
2554 497 2649 549 τοῦ
2682 497 3028 567 Πνεύματος⁶
3062 497 3169 551 τῶν
3197 497 3255 550 δὲ
3299 496 3705 567 Ἐλληνιζόντων
3737 502 3767 571 ἠ
3798 501 3911 555 πολύ

736 582 1038 638 secundum
1071 592 1323 638 naturam
1355 585 1564 640 unitate
1592 585 2079 643 circumscribente
2116 597 2170 643 et
2212 602 2300 641 ar-

2400 585 2521 651 θεος
2563 586 2943 656 ὲξαφανίζεται
2999 587 3197 657 πλάνη,
3230 586 3331 656 τῆς
3358 588 3499 641 κατὰ
3528 588 3682 656 φύσιν
3714 591 3911 661 ἐνότητο

732 681 891 729 cente
920 674 1218 729 multorum
1249 675 1615 746 phantasiam.
1653 676 1866 734 Rursus
1893 686 2075 733 autem
2105 694 2171 733 ex
2204 676 2298 732 Ju-

2401 677 2904 749 παραγραφομὲνης
2928 677 3025 748 τὴν
3055 677 3423 749 πληθυντικὴν
3450 680 3754 748 φαντασίαν.
3787 683 3906 736 Πάλι

732 765 888 820 daica
918 766 1173 836 Opinione
1206 776 1422 823 maneat
1449 777 1657 823 naturae
1690 771 1902 834 unitas,
1933 786 1998 826 ex
2025 785 2092 826 eo
2117 779 2297 825 autem

2398 768 2455 821 δὲ
2479 767 2545 822 ἂν
2570 771 2634 820 ὲκ
2654 772 2751 839 τῆς
2782 768 3078 839 Ἰουδαϊκῆς
3105 768 3421 840 ὑπολήψεως
3451 772 3485 842 ἡ
3504 773 3603 840 τῆς
3629 772 3818 842 φύσεως
3838 774 3911 827 ὲνό

730 857 875 925 quod
904 855 1076 912 Οιωοί
1106 860 1424 929 opinantur,
1457 861 1572 917 sola
1601 862 1865 918 discretio
1894 862 1950 917 in
1983 863 2297 935 bypostasi-

2399 874 2498 930 της
2521 859 2884 931 παραμενέτω
2907 876 2921 894 ·
2954 861 3019 914 ὲκ
3040 860 3098 913 δὲ
3120 858 3215 914 τοῦ
3241 859 3620 933 Ἑλληνισμοῦ,
3646 864 3676 933 ὴ
3702 864 3827 917 κατὰ
3850 865 3911 917 τὰ

729 950 831 1004 bus
850 988 865 1013 ,
896 949 1078 1018 impia:
1112 950 1357 1021 opinioni
1387 953 1647 1022 utrinque
1676 969 1920 1025 congruo
1949 954 2194 1009 adhibito
2222 970 2302 1009 re-

2400 950 2725 1014 ὑποστάσεις
2754 950 3022 1023 διάκρισις
3054 949 3211 1022 μόνη,
3248 949 3672 1025 θεραπευθείσης
3693 955 3911 1024 ἑκατέρω

728 1037 928 1093 medio.
958 1036 1055 1092 Est
1085 1039 1230 1093 enim
1270 1041 1437 1095 veluti
1476 1042 1722 1111 qumdam
1765 1043 2039 1114 medicina
2060 1083 2074 1108 ,
2106 1059 2294 1099 eorum

2370 1031 2492 1097 ⁴θεν
2536 1040 2881 1112 καταλλήλως
2926 1041 3028 1110 τῆς
3082 1041 3312 1106 ἀσεὸοῦς
3362 1042 3633 1105 ὑπονοίας.
3671 1044 3811 1097 Ἔστι
3844 1045 3909 1112 γὰ

727 1126 947 1197 quidem
982 1129 1076 1199 qui
1113 1130 1166 1184 in
1204 1147 1314 1185 uno
1344 1132 1635 1197 aberrant,
1668 1149 1932 1191 numerus
1965 1134 2250 1191 Trinitatis
2280 1154 2295 1192 :

2399 1132 2588 1203 ῶσπερ
2621 1148 2704 1196 τις
2737 1130 3000 1203 θεραπεία
3060 1130 3166 1184 τῶν
3207 1132 3306 1204 μὲν
3333 1133 3463 1203 περὶ
3494 1132 3556 1185 τὸ
3588 1132 3646 1187 ἓν
3682 1134 3911 1205 πλανωμέ

726 1228 917 1269 eorum
952 1226 1132 1271 autem
1164 1218 1257 1288 qui
1289 1227 1420 1274 sunt
1469 1221 1704 1291 dispersi
1750 1223 1806 1277 in
1858 1224 2295 1300 multitudinem,

2400 1240 2507 1277 νων
2536 1223 2565 1274 6
2598 1220 2829 1293 ἀριθμὸς
2851 1224 2951 1294 τῆς
2988 1222 3248 1294 Τριάδος·
3275 1223 3384 1277 τῶν
3404 1223 3463 1278 δὲ
3494 1225 3576 1286 είς
3594 1223 3782 1295 πλῆθος
3802 1227 3911 1279 ὲσκε

728 1304 868 1360 ratio
900 1307 1142 1361 unitatis.

2400 1312 2706 1384 δασμένων,
2739 1315 2768 1366 6
2792 1316 2890 1383 τῆς
2918 1315 3166 1384 ἑνότητός
3204 1314 3385 1382 λόγος.

1340 1398 1567 1457 CAPUT
1605 1401 1692 1458 IV.

3018 1404 3267 1457 ΚΕΦΛΛ.
3302 1406 3373 1457 A'.

800 1486 897 1543 Sin
922 1498 1101 1544 autem
1126 1490 1389 1549 adversus
1421 1494 1535 1548 haec
1561 1494 1900 1553 contradicat
1924 1494 2162 1559 Judasus,
2192 1512 2297 1551 non

2471 1494 2535 1547 Ei
2568 1495 2625 1549 δὲ
2658 1493 2926 1563 ἀντιλέγει
2954 1492 3161 1557 τούτοις
3188 1493 3218 1546 6
3266 1492 3534 1557 Ἰουδαῖος,
3564 1494 3732 1548 οὐκέτ’
3748 1495 3808 1549 ἂν
3828 1496 3911 1566 ήμῑ

732 1578 917 1649 utique
959 1595 1025 1635 ex
1068 1581 1188 1650 ejus
1227 1584 1460 1653 propriis
1489 1584 1724 1641 difﬁcilis
1765 1587 1870 1640 erit
1910 1587 2069 1642 nobis
2109 1586 2300 1640 adver-

2400 1588 2464 1641 ὲκ
2490 1588 2582 1641 τοῦ
2611 1588 2739 1642 ἰδίου
2763 1586 3017 1649 δύσκολος
3043 1589 3071 1640 6
3094 1586 3229 1658 πρὸς
3259 1589 3462 1641 ἐκεῖνον
3489 1592 3765 1659 γενήσεται
3784 1588 3911 1657 λόγος

728 1682 824 1723 sus
857 1668 1004 1722 illum
1049 1669 1391 1740 disceptatio.
1443 1670 1535 1726 Ex'
1564 1672 1631 1727 iis
1676 1674 1818 1726 enim
1863 1673 2207 1727 documentis
2243 1672 2296 1724 in
2328 1749 2336 1750 ί

2328 1749 2336 1750 7
2412 1676 2508 1729 Ἐκ
2528 1678 2637 1748 γὰρ
2659 1676 2766 1730 τῶν
2794 1676 3106 1748 συντρόφων
3127 1676 3274 1746 αύτῷ
3296 1676 3638 1745 διδαγμάτων
3662 1680 3693 1749 ἡ
3716 1679 3807 1750 τῆς
3833 1680 3911 1734 ἁλι

729 1760 929 1830 quibus
961 1771 1046 1818 est
1074 1762 1334 1819 educatus
1354 1806 1369 1829 ,
1395 1763 1640 1819 veritatis
1671 1765 1777 1819 erit
1807 1750 2125 1819 declat-alio.
2158 1762 2291 1818 Esse
2324 1749 2337 1802 Ι

2324 1749 2364 1802 Β
2393 1766 2541 1829 θείας
2568 1766 2719 1820 ἔσται
2751 1767 3070 1837 φανέρωσις.
3104 1766 3179 1818 Τὸ
3195 1766 3303 1836 γὰρ
3333 1762 3469 1821 εἶναι
3503 1769 3672 1836 Λόγον
3696 1768 3845 1833 Θεοῦ,
3864 1787 3911 1823 κε

727 1852 873 1906 enim
906 1851 1137 1907 Verbum
1170 1853 1261 1908 Dei
1284 1894 1297 1920 ,
1321 1864 1375 1909 et
1401 1854 1665 1925 Spiritum
1686 1853 1799 1919 Dei,
1826 1862 2144 1925 potestates,
2171 1869 2292 1923 qua‘

2393 1856 2616 1927 Πνεῦμα
2630 1856 2764 1910 Θεοῦ
2776 1856 3045 1919 οὐσιωδῶς
3064 1855 3376 1924 ὑφεστώσας
3391 1856 3660 1928 δυνάμεις,
3680 1859 3911 1928 ποιητικά

728 1943 1039 1998 consistunt
1068 1946 1451 2009 essentialiter,
1492 1954 1546 2001 et
1590 1955 1719 2000 sunt
1756 1947 2051 2003 eﬂirientes
2099 1961 2289 2001 eorum

2390 1964 2449 2000 τε
2478 1947 2586 2000 τῶν
2613 1948 3014 2019 γεγενημένων,
3040 1948 3135 2000 καὶ
3166 1947 3513 2015 περιεκτικὰς
3546 1948 3654 2001 τῶν
3683 1948 3861 2014 ὄντων,
3893 1951 3911 2001 ὲ

728 2048 853 2099 qua:
882 2032 1023 2087 facta
1049 2042 1197 2095 sunt.
1241 2043 1293 2088 et
1337 2050 1399 2090 ea
1434 2052 1554 2106 quae
1595 2046 1741 2101 sunt,
1772 2037 2084 2101 continent,
2112 2051 2177 2090 ex
2210 2035 2291 2088 di-

2392 2038 2498 2091 τῶν
2550 2037 2917 2092 θεοπνεύστων
2965 2038 3195 2108 Γραφῶν
3242 2038 3630 2109 ἐναργέστερον
3678 2039 3911 2094 δείκνυτα

724 2123 934 2179 vinitus
980 2125 1260 2194 inspiratis
1295 2124 1599 2198 Scripturis
1644 2128 1924 2184 evidenter
1957 2125 2287 2184 ostenditur.

2405 2130 2589 2198 Ἀρκεῖ
2613 2128 2669 2183 δὲ
2700 2131 2828 2200 μιᾶς
2860 2129 3158 2201 μαρτυρίας
3183 2128 3614 2198 ὲπιμνησθέντας
3632 2169 3645 2193 ,
3664 2131 3771 2191 τοῖς
3815 2128 3911 2199 φιλε

730 2212 936 2269 Suilicit
968 2224 1183 2282 autem,
1236 2232 1359 2271 cum
1402 2219 1810 2275 meminerimus
1850 2220 2015 2275 unius
2048 2221 2294 2276 testimo-

2393 2220 2715 2291 πονωτέροις
2741 2220 3059 2274 καταλιπεῖν
3078 2217 3182 2269 τῶν
3219 2217 3474 2272 πλειόνων
3497 2218 3595 2288 τὴν
3620 2218 3848 2288 εὕρεσιν.
3880 2223 3911 2272 Ἰ

728 2303 843 2367 nii,
876 2304 1032 2373 plut‘a
1081 2305 1407 2362 invenienda
1454 2309 1765 2379 relinquere
1795 2309 2078 2366 studiosis.
2124 2308 2292 2363 Verbo

2391 2311 2561 2379 Λόγῳ
2583 2310 2688 2365 τοῦ
2703 2309 2942 2376 Κυρίου,
2959 2310 3143 2379 φησιν,
3166 2310 3219 2362 οι
3235 2308 3474 2375 οὐρανοὶ
3494 2309 3911 2376 ἐστερεώθησαι

728 2392 982 2460 Domini,
1013 2395 1223 2466 inquit,
1260 2389 1386 2452 ὀδειὶ
1423 2401 1626 2469 ﬁrmati
1663 2410 1822 2467 sunt,
1854 2410 1905 2456 et
1947 2398 2151 2470 Spiritu
2183 2402 2291 2454 oris

2286 2418 2291 2450 ι
2391 2400 2491 2454 καὶ
2527 2399 2607 2466 τῷ
2633 2400 2930 2469 Πνεύματι
2981 2398 3087 2453 τοῦ
3134 2399 3431 2466 στόματος
3480 2398 3686 2461 αὐτοῦ,
3732 2398 3894 2452 πᾶσα

727 2485 842 2555 ejus
874 2487 1040 2542 omnis
1066 2489 1234 2561 uirtus
1262 2506 1442 2545 eorum
1476 2492 1515 2545 '.
1551 2490 1669 2558 Quo
1700 2491 1899 2555 Verbo,
1934 2501 1989 2547 et
2020 2506 2129 2563 quo
2165 2490 2293 2561 Spi-

2391 2492 2643 2562 δὺναμις
2670 2490 2886 2546 αὐτῶν.
2922 2489 3065 2559 Ποίῳ
3118 2489 3277 2559 Λόγῳ
3327 2490 3420 2541 καὶ
3474 2488 3613 2558 ποίῳ
3646 2488 3911 2559 Πνεύματι

727 2577 877 2633 ritu?
896 2576 1080 2649 Neque
1104 2581 1246 2636 enim
1273 2580 1441 2637 dictio
1463 2591 1546 2638 est
1566 2580 1799 2639 Verbum
1818 2622 1833 2647 ,
1853 2599 2030 2654 neque
2055 2583 2293 2654 Spiritus

2393 2581 2530 2636 οὔτε
2564 2582 2670 2654 γὰρ
2688 2581 2853 2653 ’ῥῆμα
2872 2581 2901 2633 ό
2932 2580 3103 2648 Λόγος
3123 2620 3137 2646 ,
3170 2578 3294 2632 οὔτε
3324 2574 3510 2649 ἆσθμα
3539 2579 3598 2632 τὸ
3624 2578 3862 2650 Πνεῦμα.
3884 2572 3907 2596 ⁷

729 2670 1022 2727 anhelitus.
1042 2668 1290 2729 Sicenim
1318 2674 1383 2729 ad
1412 2683 1614 2731 nostra:
1643 2683 1853 2731 naturae
1878 2674 2289 2731 similitudinem

2391 2673 2501 2746 γὰρ
2534 2673 2600 2728 ἂν
2629 2673 2750 2728 καθ’
2771 2673 3064 2743 ὁμοιότητα
3091 2671 3189 2742 τῆς
3240 2670 3512 2741 ἡμετέρας
3544 2669 3757 2738 φύσεως
3783 2669 3873 2723 καὶ
3903 2686 3911 2701 ι

728 2760 873 2816 Deus
910 2776 1129 2832 quoque
1168 2761 1330 2819 homo
1360 2763 1544 2828 ﬂeret,
1572 2764 1843 2833 ejusmodi
1873 2778 2092 2836 quoque
2126 2764 2292 2819 verbo

2391 2767 2544 2819 Θεῖον
2590 2763 3062 2836 ὲξανθρωπίζοιτο,
3095 2764 3187 2815 καὶ
3225 2761 3452 2832 τοιούτῳ
3500 2761 3799 2832 κεχρῆσθαι
3827 2760 3911 2828 λόγ

728 2859 781 2905 et
803 2850 1001 2922 spiritu
1028 2852 1106 2907 uti
1132 2854 1504 2910 universitatis
1527 2855 1773 2924 Opificem
1794 2862 2120 2910 statuerent.
2144 2855 2296 2922 Qua:-

2393 2856 2488 2910 καὶ
2504 2854 2727 2926 τοιούτῳ
2750 2853 3040 2923 πνεύματι,
3064 2852 3153 2905 τόν
3177 2850 3270 2919 τοῦ
3294 2851 3494 2913 παντὸς
3518 2850 3745 2921 ποιητὴν
3772 2849 3865 2916 δογ
3873 2866 3911 2918 μ

728 2956 855 2995 nam
880 2949 1061 2998 autem
1092 2950 1242 2997 tanta
1272 2944 1447 3001 virtus
1478 2944 1846 3015 proﬁciscitur
1879 2960 1909 2998 a
1937 2946 2152 3011 verbis,
2182 2953 2236 3001 et
2260 2961 2292 3000 a

2392 2947 2611 3012 τίζοιεν.
2646 2945 2741 3009 Τίς
2788 2945 2833 2999 δ’
2885 2943 3092 3014 οἴχεται
3139 2942 3365 3012 δύναμις
3418 2942 3526 2995 ἀπὸ
3570 2941 3828 3012 ῥημάτων
3876 2956 3908 2991 κ

730 3031 926 3101 spiritu
949 3070 967 3096 ,
1012 3040 1072 3086 ut
1111 3032 1344 3088 sulliciat
1381 3034 1450 3089 ad
1494 3036 1694 3090 caelum
1725 3035 2206 3103 constituendum,
2240 3044 2293 3093 et
2321 3074 2338 3129 ε

2321 3072 2364 3130 C
2396 3037 2672 3108 ἄσθματος
2720 3034 3055 3105 τηλικαύτη,
3114 3033 3189 3096 ὡς
3238 3032 3491 3102 ἐξαρκεῖν
3543 3031 3679 3130 πρὸς
3709 3031 3911 3130 ὀὐ-ραν

730 3137 853 3191 quae
897 3122 955 3177 in
1000 3137 1066 3177 eo
1097 3132 1228 3179 sunt
1258 3124 1533 3187 virtutes?
1568 3124 1626 3180 Si
1652 3126 1799 3183 enim
1829 3137 2035 3182 nostra:
2067 3126 2292 3182 dictioni
2326 3120 2338 3129 ’

2326 3120 2364 3130 ’”
2397 3127 2653 3182 σύστασιν
2679 3127 2774 3181 καὶ
2790 3125 2901 3179 τῶν
2926 3127 2984 3197 εν
3005 3124 3215 3187 τούτοις
3241 3123 3550 3192 δυνάμεωνς
3575 3121 3635 3175 Εἰ
3660 3120 3770 3191 γὰρ
3790 3121 3910 3189 ὃμοι

731 3212 825 3268 Dei
850 3211 1089 3270 Verbum
1116 3223 1203 3271 est
1232 3216 1439 3281 simile,
1468 3225 1522 3273 et
1546 3216 1785 3288 Spiritus
1810 3217 2067 3287 spiritui,
2095 3219 2294 3275 similis

2267 3233 2294 3272 s
2395 3220 2473 3291 τῷ
2504 3218 2755 3291 ἡμετέρῳ
2804 3220 3007 3288 ῥήματι
3050 3218 3143 3270 καὶ
3174 3219 3202 3270 6
3232 3216 3326 3269 τοῦ
3367 3213 3502 3267 Θεοῦ
3545 3214 3739 3282 Λόγος,
3773 3213 3869 3266 καὶ

731 3314 817 3362 est
858 3308 1083 3363 omnino
1128 3309 1305 3364 virtus
1345 3324 1412 3365 ex
1466 3309 1773 3373 similibus,
1817 3317 1873 3365 et
1914 3321 2148 3381 quantas
2198 3324 2289 3364 no-
2335 3374 2339 3383 η

2335 3374 2343 3383 ι
2398 3312 2621 3381 Πνεῦμα
2661 3308 2740 3380 τῷ
2779 3308 3068 3378 πνεύματι,
3096 3306 3258 3377 ὁμοία
3289 3305 3501 3367 πάντως
3535 3307 3601 3359 ὲκ
3639 3303 3750 3358 τῶν
3777 3303 3911 3373 όμοίι

732 3403 930 3464 strum,
956 3404 1137 3452 tantas
1157 3397 1304 3454 vires
1330 3397 1492 3454 habet
1517 3398 1607 3454 Dei
1634 3398 1885 3454 Verbum.
1905 3399 2067 3471 Atqui
2091 3408 2146 3455 et
2167 3415 2298 3470 ope-

2397 3405 2429 3472 ὴ
2465 3401 2722 3471 δύναμις
2755 3401 2850 3453 καὶ
2889 3399 3021 3468 ὅσην
3045 3398 3074 3450 6
3099 3397 3381 3468 ἡμέτερος,
3399 3394 3666 3463 τοσαύτην
3691 3394 3787 3447 καὶ
3820 3396 3848 3446 6
3883 3410 3911 3446 τ

733 3487 947 3544 ratione
972 3496 1101 3544 sunt
1128 3498 1380 3547 carentes
1413 3501 1465 3546 et
1495 3492 1719 3547 minime
1760 3493 2159 3559 consistentes,
2204 3494 2297 3564 qui

2404 3493 2539 3548 Θεοῦ
2566 3492 2738 3562 Λόγος
2776 3491 2875 3561 τὴν
2919 3491 3074 3560 ἰσχὺν
3114 3489 3248 3558 ἔχει.
3288 3486 3447 3540 Ἀλλά
3492 3487 3598 3557 μὴν
3639 3485 3910 3556 ἀνενέργη

732 3594 858 3634 cum
892 3579 1073 3636 verbis
1102 3590 1386 3637 transeunt
1414 3584 1661 3655 spiritus.
1689 3583 1809 3653 Quo
1832 3584 1889 3639 ﬁt
1916 3592 1974 3639 ut
1998 3600 2107 3640 non
2135 3601 2300 3658 agen-

2397 3602 2456 3638 τε
2505 3576 2597 3637 καὶ
2624 3582 2971 3637 ἀνυπόστατα
3011 3579 3080 3633 τὰ
3113 3580 3225 3642 τοῖς
3257 3578 3462 3649 ῥήμασι
3496 3574 3911 3645 συνδιεξερχόμε

735 3679 850 3738 tes,
880 3681 934 3727 et
962 3686 1068 3726 non
1113 3673 1480 3730 consistentes
1522 3674 1644 3731 illos
1670 3677 1893 3731 omnino
1921 3676 2295 3741 constituant,

2398 3673 2701 3744 πνεύματα.
2728 3673 3013 3741 ’Λπρακτα
3032 3668 3248 3730 πάντως
3270 3667 3363 3719 καὶ
3382 3666 3735 3720 ἀνυπόστατα
3751 3666 3911 3716 κάκεῖ

734 3763 829 3832 qui
859 3762 925 3818 ad
959 3762 1130 3818 nostri
1159 3763 1310 3820 verbi
1340 3764 1751 3822 similitudinem
1790 3765 1884 3823 Dei
1911 3765 2153 3823 Verbum
2197 3765 2296 3823 de-

2398 3761 2914 3825 κατασκευάζουσιν,
2963 3761 3012 3812 οἱ
3043 3758 3178 3830 πρὸς
3211 3756 3309 3828 τὴν
3357 3755 3649 3825 ὁμοιότητα
3701 3753 3800 3808 τοῦ
3851 3771 3911 3808 πε

736 3855 959 3910 ducunt.
996 3853 1090 3909 Sin
1125 3865 1303 3912 autem
1325 3896 1341 3923 ,
1375 3865 1434 3911 ut
1463 3857 1597 3913 dicit
1624 3858 1824 3923 David,
1856 3857 2035 3914 Verbo
2065 3859 2158 3915 Dei
2208 3859 2302 3915 lir-

2401 3859 2533 3927 ἠμῖν
2559 3854 2717 3921 λόγου
2750 3851 2810 3904 τὸ
2853 3849 2993 3904 θεῖον
3027 3847 3379 3916 κατάγοντες.
3402 3847 3465 3899 Ei
3491 3845 3569 3908 δὲ,
3598 3844 3786 3907 καθὼς
3834 3843 3911 3896 λέ·

737 3945 869 4000 mali
900 3954 1029 4000 sunt
1057 3946 1180 4002 catli
1198 3987 1212 4013 ,
1234 3955 1505 4009 eteorum
1534 3950 1762 4006 virtutes
1789 3950 2096 4005 consistunt
2122 3951 2178 4005 in
2206 3948 2299 4005 Dei

2402 3944 2584 4010 Δασὶδ,
2612 3939 3017 4011 ἐστερεώθησαν
3050 3939 3126 4009 τῷ
3161 3938 3319 4008 Λόγῳ
3373 3936 3467 3990 τοῦ
3502 3935 3708 4006 Κυρίου
3744 3936 3794 3986 οἱ
3824 3936 3911 4004 οὓς

739 4031 966 4103 Spiritu,
1011 4047 1230 4095 constat
1276 4056 1408 4111 ergo
1456 4041 1777 4112 mysterium
1821 4041 2101 4107 veritatis,
2153 4039 2301 4112 quod

2401 4036 2506 4103 νοὶ,
2533 4034 2628 4089 καὶ
2655 4034 2710 4087 αἱ
2745 4032 3001 4101 δυνάμεις
3023 4029 3201 4082 αὐτῶν
3223 4030 3281 4081 ὲν
3313 4026 3390 4097 τῷ
3411 4025 3689 4096 Πνεύματι
3722 4023 3820 4076 τοῦ
3851 4023 3911 4076 Θε

738 4128 909 4183 dictat
935 4144 1059 4186 esse
1090 4129 1384 4188 dicendum
1408 4131 1647 4189 Verbum
1677 4133 1732 4189 in
1757 4133 2023 4199 essentia,
2048 4144 2103 4190 et
2129 4133 2304 4206 Spiri-

2303 4165 2304 4173 η
2400 4126 2502 4198 τὴν
2531 4124 2787 4180 σύστασιν
2826 4121 2981 4193 ἔσχον
3002 4122 3143 4192 ’ἄρα
3179 4119 3477 4206 συνέστηκε
3509 4117 3569 4168 τὸ
3591 4114 3911 4206 “riis-6111061

737 4225 854 4273 tum
882 4219 939 4275 in
970 4219 1269 4293 liypostasi.

2409 4218 2725 4291 μυστήριον,
2751 4213 2921 4281 Λόγον
2953 4214 3010 4264 ὲν
3034 4207 3211 4279 οὐσίᾳ,
3235 4209 3330 4261 καὶ
3355 4205 3579 4259 Πνεῦμα
3598 4207 3658 4258 ὲν
3685 4205 3907 4259 ύποστά

2407 4309 2583 4376 λέγειν
2615 4300 3004 4373 ὑφηγούμενον.

1280 4380 1283 4384 ’
1340 4397 1568 4456 CAPUT
1606 4400 1680 4455 v.
2336 4410 2383 4468 ο

2336 4410 2383 4468 ο
2999 4388 3248 4443 ΚΕΦΛΛ.
3296 4387 3371 4442 E’.

812 4479 920 4535 Sed
950 4478 1046 4537 Dei
1072 4481 1290 4552 quidem
1316 4498 1439 4540 esse
1461 4485 1697 4541 Verbum
1725 4495 1780 4541 et
1807 4487 2069 4557 Spiritum
2090 4524 2106 4551 ,
2133 4494 2189 4540 ct
2214 4500 2309 4554 per

2297 4500 2309 4537 ξ
2489 4484 2648 4540 Ἀλλὰ
2671 4482 2733 4536 τὸ
2772 4479 2871 4551 μὲν
2890 4475 3029 4533 εἶναι
3057 4480 3229 4548 Λόγον
3251 4477 3385 4533 Θεοῦ
3417 4479 3512 4535 καὶ
3532 4479 3785 4551 Πνεῦμα,
3810 4477 3905 4531 διά

741 4586 1060 4631 communes
1093 4562 1348 4630 notiones
1374 4574 1596 4631 Gnaeus
1616 4616 1631 4641 ,
1661 4584 1716 4632 et
1744 4591 1839 4646 per
1872 4576 2185 4646 Scripturas
2212 4572 2309 4630 Ju-

2303 4604 2309 4614 -
2401 4574 2511 4630 τῶν
2544 4570 2738 4626 κοινῶν
2771 4568 2988 4624 ἐννοιῶν
3008 4570 3038 4623 ό
3059 4568 3277 4639 Ἕλλην,
3308 4569 3402 4623 καὶ
3425 4568 3516 4622 διὰ
3536 4568 3646 4621 τῶν
3686 4568 3911 4638 Γραφικ

740 4667 891 4723 (lqu
916 4666 1151 4724 fortasse
1181 4681 1291 4721 non
1321 4668 1703 4737 contradicet;
1733 4676 1789 4723 at
1817 4668 1913 4723 Dei
1942 4665 2107 4724 Verbi
2136 4666 2307 4722 homi-

2303 4694 2307 4707 ι
2402 4668 2432 4720 6
2473 4664 2743 4726 Ἰουδαῖος,
2773 4661 2902 4725 ἴσως
2925 4661 3023 4714 οὑκ
3042 4659 3334 4727 ἀντιλέξειο
3363 4656 3462 4732 τὴν
3496 4659 3553 4713 δὲ
3584 4658 3730 4713 κατὰ
3761 4657 3859 4710 τὸν
3902 4660 3911 4710 ε

740 4760 828 4814 nis
859 4757 989 4813 iacti
1023 4758 1482 4828 dispensationem
1530 4765 1762 4830 uterque
1812 4773 1999 4814 eorum
2047 4773 2115 4813 ex
2150 4771 2308 4828 aequo

2303 4778 2308 4804 ι
2406 4755 2622 4828 θρωπον
2664 4751 2972 4822 οἰκονομίαν
3004 4748 3101 4804 τοῦ
3149 4750 3282 4804 Θεοῦ
3329 4750 3524 4819 Λόγου,
3571 4748 3719 4804 κατὰ
3762 4746 3829 4800 τὸ
3876 4742 3911 4799 lc

742 4846 1057 4919 reprobabit
1075 4836 1099 4915 ,’
1118 4857 1174 4903 ιιι
1202 4864 1322 4919 qua:
1348 4850 1420 4904 sit
1445 4848 1671 4906 minime
1698 4848 2031 4920 probabilis,
2061 4858 2114 4902 et
2143 4863 2306 4919 quam

2303 4888 2306 4902 ι
2406 4846 2665 4918 ἑκάτερος
2706 4843 2884 4898 αὐτῶν
2929 4842 3342 4913 ἀποδοκιμάσει,
3380 4842 3456 4906 ὡς
3506 4840 3778 4895 ἀπίθανόν
3806 4853 3911 4891 ts:

742 4939 810 4993 de
840 4936 949 4992 Deo
974 4936 1157 4993 dicere
1180 4938 1403 4994 minime
1425 4940 1735 4997 conveniat.
1766 4939 1843 4994 Ex
1870 4940 1977 4995 alio
2003 4954 2134 5010 ergo
2160 4940 2311 5011 prin-

2302 4970 2311 4980 -
2404 4939 2627 5010 ἀπρεπῆ
2650 4939 2777 5008 περὶ
2802 4935 2935 4989 Θεοῦ
2956 4934 3225 5004 λέγεσθαι.
3249 4933 3456 4988 Οὐκοῦν
3480 4933 3538 4999 ἐξ
3565 4932 3767 5003 ἑτέρας
3792 4933 3906 5002 ὰρχ

743 5030 1246 5101 eipioadducemus
1271 5047 1367 5088 eos
1397 5034 1491 5104 qui
1520 5032 1937 5100 contradicunt,
1967 5041 2024 5087 ut
2055 5032 2160 5088 boc
2190 5047 2310 5089 cre-

2303 5061 2310 5072 -
2406 5030 2499 5084 καὶ
2551 5030 2630 5092 είς
2669 5027 2768 5098 τὴν
2814 5026 2943 5097 περὶ
2982 5025 3174 5078 τούτου
3210 5023 3392 5076 πίστιν
3425 5023 3550 5085 τοὺς
3599 5020 3911 5088 ἀντιλέγον·

742 5120 910 5188 dant,
951 5138 1166 5193 nempe.
1198 5124 1505 5180 Credantne
1532 5124 1712 5181 Verbo
1747 5135 1799 5180 et
1830 5125 2096 5194 sapientia
2124 5125 2307 5179 omnia

2303 5150 2307 5178 ι
2406 5120 2806 5195 προσαξόμεθα.
2829 5119 2987 5188 Λόγῳ
3017 5118 3086 5172 τὰ
3115 5115 3290 5170 πάντα
3327 5116 3654 5186 γεγενῆσθαι
3686 5115 3794 5168 καὶ
3834 5128 3911 5165 σος

742 5230 868 5270 esse
911 5215 1054 5271 facta
1099 5216 1169 5272 ab
1208 5233 1275 5273 eo
1316 5217 1409 5289 qui
1452 5218 1696 5274 condidit
1737 5215 2197 5273 universitatem?
2237 5231 2308 5269 an

2251 5231 2308 5269 tn
2408 5214 2558 5286 παρὰ
2577 5213 2672 5266 τοῦ
2703 5212 2767 5265 τὸ
2819 5212 2924 5265 πᾶν
2964 5202 3371 5281 σῦστησαμὲνου
3409 5206 3800 5268 πιστεύουσιν,
3824 5205 3859 5275 ἢ

745 5306 909 5377 hujus
966 5326 1186 5381 quoque
1243 5310 1667 5367 existimationis
1726 5310 1887 5366 tidem
1938 5308 2156 5364 dillicile
2216 5306 2312 5361 ad-

2303 5336 2312 5348 -
2409 5305 2545 5377 πρὸς
2572 5302 2772 5373 ταύτην
2800 5299 3100 5363 δυσπειθῶς
3139 5301 3319 5370 ἔχουσι
3359 5299 3458 5369 τὴν
3485 5296 3806 5368 ύπόληψιν;
3860 5295 3911 5349 Ἀ

745 5398 1010 5454 mittant?
1058 5400 1164 5457 Sed
1206 5402 1253 5458 si
1299 5417 1410 5457 non
1456 5401 1705 5457 dederint
1726 5399 1960 5456 Verbum
1991 5415 2088 5455 seu
2137 5397 2311 5457 ratio-

2303 5427 2311 5437 -
2408 5399 2458 5451 εἰ
2500 5397 2574 5467 μὴ
2619 5395 2757 5448 δοῖεν
2790 5392 2961 5461 Λόγον
2991 5390 3346 5462 καθηγεῖσθαι
3389 5389 3485 5443 καὶ
3514 5388 3710 5458 σοφίαν
3744 5388 3857 5451 τῆς
3894 5401 3911 5435 ’1

639 5554 645 5571 1
745 5504 905 5553 nem,
959 5499 1014 5544 et
1066 5493 1389 5564 sapientiam
1445 5494 1616 5550 fuisse
1668 5492 1862 5549 ducem
1922 5505 2103 5548 rerum
2152 5505 2245 5546 ere

2303 5519 2309 5532 ι
2409 5490 2577 5544 ὄντων
2609 5485 2934 5549 συστάσεως,
2986 5484 3206 5553 ἀλογίαν
3240 5500 3300 5537 τε
3326 5483 3422 5538 καὶ
3456 5480 3709 5558 ἀτεχνίαν
3737 5480 3809 5549 τῇ
3856 5476 3911 5547 ἀε

2450 5598 2477 5615 Ni.

828 5670 843 5702 '
878 5636 1021 5725 r551.
1065 5686 1234 5737 χχιιι,
1273 5673 1326 5729 6.
