4072 6212
344 251 406 306 ὶὶ
1522 247 1779 306 ORATIO
1815 248 2316 309 CATECIIETICA.
3491 250 3561 306 2:2
3626 252 3633 269 '

355 368 433 424 τοιῦ
465 365 647 430 παντὸς
685 366 1092 437 ἐπιστήσουσιν.
1131 365 1194 419 Et
1213 365 1271 420 δὲ
1299 364 1456 420 τοῦτο
1488 366 1689 422 ἄτοπόν
1719 385 1779 421 τε
1802 367 1892 421 καὶ

1999 365 2202 431 tionis,
2255 369 2499 419 statuent
2528 362 2757 416 rationis
2791 367 2845 417 et
2888 358 3023 415 artis
3066 350 3361 430 egestatem
3398 357 3569 414 fuisse

356 460 525 524 ἀσεϐὲς,
555 458 900 531 ὁμολογεῖται
928 458 1148 523 πάντως
1180 459 1263 512 ὃτι
1297 458 1474 528 Λόγον
1500 475 1559 511 τε
1580 459 1674 512 καὶ
1704 457 1893 529 σοφίαν

350 549 667 622 ᾑγεμονεύειν
709 549 818 603 τῶν
853 549 1022 603 όντων
1074 548 1519 621 ὁμολογήσουσιν.
1574 548 1735 604 Ἀλλά
1790 549 1897 621 μὴν

336 648 384 697 ἐν
405 646 508 705 τοῖς
528 642 805 711 φθάσασιν
832 639 1226 703 ἀποδέδεικται,
1266 640 1341 712 μὴ
1371 640 1502 696 αὐτὸ
1541 639 1699 695 τοῦτο
1744 641 1896 713 ῥῆμα

330 732 398 785 ὢν
414 736 441 786 ό
465 731 557 785 τοῦ
591 731 729 785 Θεοῦ
745 730 985 803 Λόγος,ή
1009 731 1067 798 ἐξ
1090 732 1401 804 ἐπιστήμης
1438 730 1582 796 τινὸς
1609 731 1642 804 ἢ
1664 732 1854 802 σοφίας
1875 749 1891 764 ·

272 850 287 899 ί
330 823 452 878 ἀλλὰ
478 823 601 877 κατ’
629 822 823 877 οὐσίαν
838 840 919 886 τις
952 814 1239 894 ὑφεστῶσα
1266 823 1514 895 δύναμις,
1541 824 1892 896 προαιρετική

329 932 381 967 τε
409 915 603 977 παντὸς
631 912 859 982 ἀγαθοῦ,
879 914 973 968 καὶ
993 916 1051 968 ἐν
1076 914 1222 985 ίσχύῖ
1247 917 1353 970 πᾶν
1382 915 1442 968 τὸ
1474 915 1614 969 κατά
1638 915 1895 987 προαίρε-

329 1021 406 1057 σιν
433 1003 654 1074 ἔχουσα.
711 1003 944 1074 ’Λγαθοῦ
976 1004 1032 1058 δὲ
1082 1005 1233 1070 ὄντος
1257 1006 1351 1059 τοῦ
1392 1006 1621 1077 κόσμου,
1662 1007 1761 1078 τὴν
1786 1004 1894 1062 τῶν

327 1096 542 1165 ἀγαθῶν
587 1098 813 1169 όρεκτήν
862 1115 922 1151 τε
969 1099 1064 1151 καὶ
1118 1098 1407 1168 ποιητικὴν
1439 1097 1667 1170 δύναμιν
1715 1100 1894 1153 αἰτίαν

332 1184 482 1241 εἶναι.
511 1188 583 1241 Et
605 1188 661 1241 δέ
692 1189 1022 1261 τοῦ“κόσμου
1056 1191 1256 1254 παντὸς
1286 1191 1319 1261 ή
1350 1191 1653 1255 ὑπόστασις
1678 1192 1776 1264 τῆς
1797 1192 1893 1245 τοῦ

330 1281 490 1350 Λόγου
525 1281 809 1353 δυνάμεως
851 1282 1115 1353 ἐξῆπται,
1150 1281 1334 1346 καθὼς
1363 1284 1396 1354 ή
1437 1283 1724 1339 ἀκολουθία
1754 1302 1896 1357 παρ-

330 1371 539 1437 έδειξεν
560 1373 777 1444 ἀνάγκη
809 1375 960 1427 πᾶσα
992 1375 1086 1428 καὶ
1118 1375 1227 1428 τῶν
1246 1376 1340 1429 τοῦ
1369 1375 1572 1446 κόσμου
1607 1376 1786 1449 μερῶν
1819 1377 1893 1448 μὴ

327 1461 480 1532 ἀλλην
508 1463 746 1516 ἐπινοεῖν
775 1464 958 1519 αἰτίαν
1009 1465 1131 1519 τινά
1179 1467 1280 1536 τῆς
1333 1468 1661 1533 συστάσεως,
1690 1469 1808 1525 ἀλλ’
1846 1470 1889 1540 ἢ

324 1553 409 1607 τὸν
430 1554 600 1622 Λόγον
623 1555 809 1621 αὑτὸν,
837 1556 909 1609 δι’
932 1551 995 1612 οὗ
1020 1558 1090 1611 τά
1116 1556 1294 1613 πάντα
1320 1558 1418 1631 τὴν
1456 1561 1536 1624 είς
1558 1560 1620 1613 τὸ
1643 1560 1895 1630 γενέσθαι

326 1645 539 1715 πάροδον
570 1645 720 1717 ἔσχε.
754 1647 927 1701 Τοῦτο
956 1648 1012 1702 δὲ
1045 1647 1153 1701 εἴτε
1184 1648 1377 1719 Λόγον,
1406 1649 1516 1703 εἴτε
1547 1649 1756 1719 σοφίαν,
1780 1650 1891 1704 εἴτε

1997 456 2055 510 in
2101 455 2370 527 principio
2418 453 2810 509 universitatis.
2861 452 2957 507 Sin
2989 461 3171 506 autem
3215 450 3320 505 lioc
3350 459 3567 505 constat

1996 562 2119 603 esse
2147 547 2305 618 plane
2336 545 2637 602 absurdum
2689 553 2745 599 et
2792 544 3058 615 impium,
3094 541 3332 598 Verbum
3362 550 3418 598 et
3474 558 3564 599 sa-

1996 639 2259 709 pientiam
2296 652 2476 692 rerum
2529 635 2845 691 fatebuntur
2890 648 3014 689 esse
3059 634 3275 689 ducem.
3313 633 3476 703 Atqui
3512 633 3565 686 in

1996 730 2065 786 iis
2106 746 2225 799 qum
2264 730 2415 800 prius
2471 728 2615 784 dicta
2666 733 2817 789 sunt,
2861 732 3143 781 ostensum
3177 732 3262 780 est
3302 724 3396 781 Dei
3432 723 3557 780 Ver-

1996 822 2124 877 bum
2174 838 2283 878 non
2332 837 2456 878 esse
2504 823 2676 891 ipsam
2730 817 3057 883 dictionem,
3102 826 3195 871 aut
3239 832 3303 872 ex
3336 818 3565 873 scientia

1996 916 2178 986 aliqua
2229 921 2324 969 aut
2372 914 2641 984 sapientia
2690 912 3161 983 proﬁciscentem,
3220 910 3316 966 sed
3369 927 3564 981 quam-

1995 1004 2119 1059 dam
2167 1021 2305 1076 quaz-
2335 1010 2432 1075 per
2485 1004 2775 1060 essentiam
2827 1002 3080 1057 consistit
3132 1002 3408 1066 virtutem,
3448 1018 3567 1071 qua:

1994 1104 2049 1152 et
2095 1111 2255 1152 omne
2303 1097 2505 1167 bonum
2549 1095 2718 1167 eligit,
2753 1103 2807 1149 et
2839 1094 2895 1148 in
2940 1101 3208 1165 potestate
3260 1109 3360 1149 sua
3398 1093 3562 1148 situm

1995 1188 2158 1242 habet
2213 1187 2480 1258 quidquid
2530 1187 2773 1257 elegerit.
2827 1185 2961 1241 Cum
3022 1194 3203 1240 autem
3266 1186 3444 1241 bonus
3496 1185 3568 1241 sit

1994 1277 2252 1337 mundus.
2286 1278 2408 1346 ejus
2434 1277 2763 1348 illam,'qu:e
2797 1286 2883 1333 est
2912 1278 3182 1331 bonorum
3223 1284 3483 1347 appetens
3513 1287 3567 1330 et

1992 1370 2251 1434 eﬂiciens,
2291 1370 2400 1423 vim
2447 1383 2570 1423 esse
2607 1382 2853 1426 causam.
2891 1366 2947 1423 Si
2978 1378 3179 1431 autem,
3208 1369 3355 1438 quod
3405 1382 3568 1421 mun—

1992 1458 2097 1514 dus
2128 1460 2399 1516 consistat
2428 1464 2742 1523 universus,
2768 1458 2822 1514 id
2851 1459 3050 1529 pendet
3075 1475 3106 1513 a
3146 1460 3347 1513 virtute
3377 1456 3564 1515 Verbi.

1993 1560 2053 1605 ut
2093 1551 2335 1607 ostendit
2375 1550 2790 1621 consequentia,
2832 1549 3057 1604 omnino
3102 1563 3328 1605 necesse
3370 1555 3456 1604 est
3505 1557 3565 1601 ut

1991 1644 2193 1717 mundi,
2216 1624 2444 1715 ‘quoque
2473 1635 2710 1714 partium
2743 1642 3041 1698 creationis
3094 1657 3203 1695 non
3251 1640 3412 1695 aliam
3445 1639 3556 1694 exi-

327 1735 557 1807 δύναμιν,
597 1740 708 1792 εἴτε
741 1738 908 1803 Θεδν,
938 1740 1047 1792 εἴτε
1077 1739 1204 1794 ἄλλο
1232 1758 1286 1795 τι
1311 1740 1423 1795 τῶν
1462 1741 1682 1814 ὑψηλῶν
1707 1760 1768 1796 τε
1795 1745 1891 1797 καὶ

1992 1736 2280 1793 stimemus
2323 1750 2445 1792 esse
2493 1749 2740 1801 causam,
2785 1748 2948 1805 quam
3000 1733 3142 1787 idem
3179 1731 3439 1795 Verbum,
3470 1746 3565 1801 per

326 1828 505 1898 τιμίων
526 1828 821 1901 ὀνομάζειν
850 1846 934 1894 τις
956 1828 1148 1897 ἐθέλοι,
1175 1829 1235 1883 ού
1272 1830 1599 1903 διοισόμεθα.
1618 1832 1687 1887 Ὅ
1709 1849 1761 1885 τι
1781 1832 1889 1904 γάρ

317 1918 381 1971 ἀν
420 1918 626 1992 εὗρεθῇ
651 1905 913 1976 δεικτίκὸν
943 1920 1039 1976 τοῦ
1069 1923 1428 1996 ὑποκειμένου
1461 1924 1663 1998 ρῆμαή
1697 1925 1886 1996 ὄνομα,

315 2008 380 2061 ἓν
413 2010 530 2062 ἐστι
561 2010 627 2063 τυ
650 2011 739 2064 διὰ
784 2013 885 2065 τῶν
928 2014 1123 2083 φωνῶν
1180 2016 1576 2086 σημαινόμενον
1599 2055 1615 2080 ,
1640 2018 1675 2085 ἡ
1721 2016 1890 2080 ἀΐδιος

323 2094 419 2146 τοῦ
448 2096 589 2148 Θεοῦ
620 2099 905 2171 δύναμις,ή
933 2103 1191 2174 ποιητικὴ
1218 2104 1324 2157 τῶν
1356 2104 1545 2171 ὅντων,
1563 2106 1606 2177 ,ἡ
1633 2106 1885 2178 εύρετικὴ

316 2184 422 2239 τῶν
456 2187 529 2257 μή
559 2186 753 2253 ὄντων,
777 2191 812 2261 ή
858 2192 1148 2265 συνεκτικὴ
1194 2193 1306 2249 τῶν
1349 2195 1669 2265 γεγονότων,
1692 2198 1726 2267 ή
1759 2214 1893 2269 προσ

318 2277 538 2350 ορατικὴ
567 2278 676 2331 τῶν
698 2280 1019 2351 μελλόντων.
1041 2280 1209 2349 Οὗτος
1230 2286 1410 2340 τοίνυν
1427 2289 1455 2341 ό
1477 2288 1629 2353 Θεὸς,
1647 2290 1677 2342 ό
1696 2288 1887 2357 Λόγος,

318 2370 351 2438 η
384 2369 572 2438 σοφία,
604 2371 636 2441 ή
677 2370 939 2443 δύναμις,
974 2373 1265 2454 ἀπεδείχθη
1309 2377 1450 2433 κατά
1486 2379 1559 2453 ’τό
1600 2379 1892 2434 ἀκόλουθον

320 2458 416 2528 τῆς
460 2459 813 2532 ἀνθρωπίνης
853 2462 1070 2533 φύσεως
1120 2467 1370 2539 ποιητὴς,
1405 2469 1507 2523 οὐκ
1546 2469 1760 2543 ἀνάγκῃ
1783 2470 1892 2522 τινὶ

318 2548 446 2617 arpi);
469 2549 575 2620 τήν
608 2548 709 2602 τοῦ
755 2550 1043 2622 ἀνθρώπου
1077 2555 1421 2627 κατασκευὴν
1464 2556 1730 2628 ἐναχθεὶς,
1776 2559 1891 2613 ἀλλ’

320 2637 523 2710 ἀγάπης
552 2640 853 2712 περιουσίᾳ
891 2641 987 2695 τοῦ
1020 2644 1262 2699 τοιούτου
1304 2644 1444 2711 ζώου
1481 2648 1894 2721 δημιουργήσας

325 2730 411 2801 τήν
440 2732 678 2801 γένεσιν.
720 2734 872 2788 Ἔδει
912 2734 1020 2806 γάρ
1065 2736 1201 2808 μήτε
1223 2737 1292 2791 ’τὸ
1320 2737 1436 2807 φῶς
1476 2739 1720 2807 ἀθέατον,
1756 2743 1893 2814 μήτε

318 2823 408 2893 τὴν
425 2824 586 2891 δόξαν
607 2825 945 2898 ἀμάρτυρον,
976 2829 1113 2899 μήτε
1129 2829 1535 2885 ἀναπόλαυστον
1559 2833 1721 2887 αὑτοῦ
1752 2829 1893 2889 εἶναι

318 2916 412 2986 τὴν
441 2916 779 2989 ἀγαθότητα,
817 2919 955 2990 μήτε
984 2919 1052 2973 τά
1104 2920 1238 2974 ἀλλα
1284 2922 1464 2977 πάντα
1501 2923 1602 2977 ὅσα
1637 2926 1764 2999 περὶ
1792 2926 1894 2998 τὴν

316 3009 461 3064 θείαν
492 3012 792 3084 καθορᾶται
821 3013 1007 3081 φύσιν,
1049 3013 1196 3085 ἀργά
1235 3014 1469 3079 κεῖσθαι,
1510 3016 1585 3088 μὴ
1614 3017 1766 3083 ὄντος
1794 3019 1889 3073 τοῦ

321 3099 634 3169 μετέχοντός
664 3117 724 3154 τε
753 3102 846 3155 καὶ
864 3102 1248 3167 ἀπολαύοντος.
1263 3105 1325 3158 El
1347 3105 1524 3159 τοίνυν
1558 3106 1651 3160 ἐπὶ
1680 3107 1892 3175 τούτοις

317 3195 347 3244 ό
380 3189 664 3261 ἅνθρωπος
702 3193 779 3255 είς
808 3192 1023 3261 γένεσιν
1077 3192 1328 3265 ἔρχεται,
1361 3195 1446 3265 ἐφ’
1473 3189 1518 3265 ᾧ
1559 3214 1618 3250 τε
1666 3198 1892 3270 μέτοχος

319 3280 428 3335 τῶν
481 3279 641 3333 θείων
698 3276 918 3349 ἀγαθῶν
976 3282 1250 3352 γενέσθαι,
1296 3285 1611 3353 ἀναγκαίως
1651 3285 1890 3354 τοιοῦτος

315 3368 799 3434 κατασκευάζεται,
838 3370 915 3435 ὡς
957 3372 1275 3443 ἐπιτηδείως
1318 3374 1458 3445 πρὸς
1493 3374 1591 3446 τήν
1621 3375 1730 3431 τῶν
1755 3378 1895 3447 ἀγα-

316 3459 425 3512 θῶν
457 3459 747 3532 μετουσίαν
787 3458 952 3530 ἔχειν.
997 3459 1266 3532 Καθάπερ
1297 3462 1407 3535 γὰρ
1440 3465 1469 3517 ό
1500 3464 1775 3536 ὀφθαλμὸς
1805 3464 1892 3520 διά

313 3551 410 3620 τῆς
435 3550 760 3629 ἐγκειμένης
786 3548 937 3621 αύτῷ
957 3549 1199 3619 φυσικῶς
1224 3551 1400 3623 αὐγῆς
1421 3555 1479 3606 ἐν
1507 3552 1760 3627 κοινωνίᾳ
1793 3554 1890 3609 τοῦ

312 3641 491 3709 φωτὸς
503 3641 727 3711 γίνεται,
740 3639 829 3694 διὰ
849 3641 950 3711 τῆς
970 3639 1213 3711 ἐμφύτου
1236 3639 1519 3712 δυνάμεως
1548 3642 1610 3695 τὸ
1634 3643 1892 3711 συγγενὲς

311 3732 675 3804 ἐφελκόμενος
699 3747 715 3762 ⁸
736 3732 911 3795 οὕτως
958 3733 1253 3802 ἀναγκαῖον
1279 3727 1349 3803 ἦν
1377 3732 1713 3804 ὲγκραθῆναί
1742 3751 1795 3787 τι
1821 3737 1888 3807 τῇ

324 3823 638 3896 ἀνθρωπίνῃ
664 3824 817 3892 φύσει
841 3825 1102 3893 συγγενὲς
1131 3824 1268 3896 πρὸς
1298 3825 1361 3878 τὸ
1401 3825 1574 3893 Θεῖον,
1604 3826 1680 3892 ὡς
1700 3825 1767 3882 ἀν
1803 3829 1892 3884 διὰ

320 3913 423 3966 τοῦ
463 3916 788 3984 namque
809 3916 938 3987 πρὸς
964 3916 1027 3968 τὸ
1052 3916 1250 3970 οἰκεῖον
1276 3914 1376 3987 τὴν
1418 3915 1603 3986 ἔφεσιν
1632 3916 1761 3988 ἔχοι.
1781 3921 1891 3974 Καὶ

317 4005 433 4076 γὰρ
458 4004 557 4057 καὶ
577 4005 636 4057 ὲν
665 4007 728 4075 τῇ
755 4004 859 4058 τῶν
883 4006 1089 4074 ἀλόγων
1119 4003 1300 4074 φύσει,
1321 4006 1422 4057 ὅσα
1443 4004 1535 4058 τὸν
1564 4005 1781 4078 ἔνυδρον
1798 4008 1892 4061 καὶ

310 4096 567 4168 ἐναέριον
590 4095 743 4167 ἔλαχε
762 4095 894 4166 βίον,
915 4094 1263 4167 καταλλήλως
1281 4095 1510 4150 ἕκαστον
1528 4096 1608 4168 τῷ
1629 4096 1730 4167 τῆς
1747 4097 1891 4169 ζωῆς

304 4187 440 4240 εῖδει
476 4187 913 4259 κατεσκευάσθη,
941 4189 1018 4251 ὡς
1053 4189 1249 4241 οἰκεῖον
1275 4187 1535 4259 ἑκατέρου
1567 4189 1661 4243 καὶ
1683 4188 1892 4259 ὁμόφυ-

300 4279 416 4343 λον,
440 4279 538 4333 διά
562 4279 660 4350 τῆς
684 4282 847 4346 ποιᾶς
885 4280 980 4333 τοῦ
1010 4278 1261 4351 σώματος
1290 4279 1655 4344 διαπλάσεως,
1686 4280 1763 4353 τῷ
1791 4281 1893 4353 μὲν

1989 1830 2134 1899 quod
2182 1830 2493 1885 habuerunt
2531 1828 2715 1884 omnia
2764 1840 3049 1882 accessum
3095 1834 3153 1879 ut
3197 1825 3408 1881 tierent.
3451 1821 3563 1876 Hoc
3604 1882 3611 1888 ν

1990 1931 2171 1977 autem
2221 1906 2534 1977 V‘erbumne
2579 1935 2648 1974 an
2708 1921 2999 1980 rationem,
3042 1932 3109 1971 an
3167 1916 3446 1978 virtutem,
3494 1928 3562 1967 an

1990 2011 2182 2073 Deum,
2215 2026 2284 2066 an
2316 2008 2539 2079 aliquod
2566 2007 2713 2062 aliud
2742 2022 2808 2060 ex
2837 2005 3166 2061 sublimibus
3203 2012 3260 2057 et
3281 2002 3566 2073 praeclaris

1989 2100 2303 2156 nominibus
2350 2101 2486 2155 velis
2540 2097 2847 2162 nominare,
2902 2095 3125 2151 minime
3168 2094 3563 2151 laborabimus.

1989 2191 2366 2263 Quodcunque
2393 2191 2539 2247 enim
2577 2191 2858 2245 inventum
2890 2188 3054 2244 fuerit
3080 2188 3308 2243 verbum
3345 2195 3442 2241 aut
3468 2202 3566 2243 no-

1989 2297 2134 2347 men,
2172 2281 2319 2353 quod
2357 2280 2696 2337 demonstrat
2722 2278 3055 2349 subjectum,
3089 2292 3258 2332 unum
3288 2284 3387 2334 est
3418 2278 3570 2349 quod

1990 2369 2331 2443 signiﬁcatur
2365 2385 2460 2441 per
2487 2386 2672 2435 voces,
2716 2385 2912 2440 nempe
2944 2368 3279 2440 sempiterna
3320 2367 3416 2424 Dei
3451 2370 3562 2423 vir-

1992 2471 2103 2528 tus,
2137 2477 2318 2517 rerum
2348 2459 2618 2526 eﬂ'ectrix,
2644 2474 2836 2515 eorum
2877 2473 2997 2528 qua:
3031 2474 3139 2512 non
3178 2464 3335 2512 erant
3376 2456 3566 2511 inven-

1991 2554 2121 2617 trix,
2174 2567 2295 2623 quae
2344 2551 2588 2607 continet
2634 2564 2756 2620 quae
2798 2549 2941 2602 facta
2988 2556 3139 2611 sunt,
3192 2554 3248 2601 et
3299 2545 3564 2623 prmvidet
3624 2588 3627 2591 ι

1992 2644 2196 2699 l‘utnra.
2246 2642 2404 2698 llunc
2452 2656 2585 2713 ergo
2611 2639 2803 2704 Deum,
2845 2637 3108 2705 Verbum,
3142 2638 3433 2703 rationem,
3471 2653 3561 2694 sa-

1990 2737 2274 2805 pientiam,
2306 2734 2591 2797 virtutem,
2638 2740 2921 2787 ostensum
2953 2736 3039 2785 est
3066 2743 3131 2784 cx
3173 2730 3561 2798 consequentia

1989 2828 2298 2884 etIectorem
2347 2840 2471 2881 esse
2512 2823 2765 2879 humana:
2804 2829 3039 2885 naturae,
3075 2837 3184 2875 non
3236 2820 3419 2891 aliqua
3469 2836 3564 2874 ne—

1990 2919 2246 2974 cessitate
2292 2917 2578 2972 inductum
2638 2916 2705 2968 ad
2756 2913 3051 2974 creandum
3099 2911 3409 2976 hominem,
3469 2912 3573 2967 sed

1991 3010 2191 3065 eximia
2229 3016 2283 3064 et
2319 3009 2517 3079 insigni
2562 3006 2828 3063 cbaritate
2878 3000 3043 3074 hujus
3081 3000 3338 3058 animalis
3380 3008 3581 3056 ortum,

1991 3117 2116 3156 esse
2150 3100 2595 3155 architectatum.
2643 3094 2941 3168 Oportebat
2970 3094 3116 3151 enim
3166 3108 3345 3164 neque
3386 3094 3581 3148 lucem.

1991 3205 2112 3246 esse
2136 3205 2241 3245 non
2276 3189 2685 3260 aspectabilem,
2712 3178 2891 3257 neque
2929 3185 3157 3257 gloriam
3191 3198 3379 3240 carere
3409 3183 3567 3239 testi-

1990 3282 2116 3347 bus,
2153 3295 2332 3352 neque
2368 3294 2433 3335 eo
2472 3277 2653 3335 redire
2690 3278 2811 3349 ejus
2843 3277 3165 3345 bonitatem,
3199 3282 3261 3329 ut
3299 3290 3461 3330 nemo
3501 3289 3581 3331 ea~

1990 3373 2263 3429 frueretur
2300 3392 2312 3428 :
2346 3387 2522 3443 neque
2567 3372 2673 3427 alia
2708 3371 2915 3434 omnia,
2941 3384 3067 3441 qua:
3111 3370 3166 3424 in
3200 3368 3380 3424 divina
3430 3382 3566 3422 con--

1990 3468 2299 3538 spiciuntur
2334 3473 2553 3530 natura,
2599 3463 2784 3535 jacere
2841 3462 3040 3528 otiosa,
3093 3476 3218 3516 cum
3269 3476 3376 3517 non
3417 3467 3575 3516 essrt'

1991 3558 2085 3629 qui
2136 3574 2328 3614 eorum
2387 3565 2534 3612 esset
2582 3556 2879 3627 particeps,
2926 3554 3103 3625 iisque
3151 3552 3448 3609 frueretur.
3504 3550 3561 3606 Si

1990 3666 2120 3723 ergo
2150 3651 2312 3706 homo
2337 3648 2460 3705 ideo
2501 3648 2791 3704 deducitur
2829 3648 2894 3701 ad
2927 3646 3354 3718 generationem,
3398 3651 3458 3698 ut
3485 3643 3566 3697 di-

1991 3742 2243 3795 vinornm
2295 3739 2563 3794 bonorum
2609 3739 2704 3794 tiat
2740 3739 3032 3812 particeps,
3080 3738 3391 3794 necessario
3436 3751 3566 3791 con-

1992 3832 2141 3887 ditur
2181 3830 2473 3901 ejusmodi,
2510 3838 2572 3886 nt
2623 3833 2695 3887 sit
2741 3838 2902 3903 aptus
2942 3831 3009 3885 ad
3058 3845 3249 3886 eorum
3295 3829 3563 3885 bonorum

1993 3922 2483 3993 participationem.
2531 3920 2813 3989 Quomodo
2853 3922 2996 3977 enim
3044 3922 3237 3975 oculus
3272 3934 3367 3989 per
3408 3927 3565 3972 natu-

1992 4015 2181 4070 raliter
2227 4014 2451 4070 insitum
2486 4014 2535 4069 ei
2584 4013 2926 4085 splendorem
2977 4012 3118 4066 lucis
3159 4011 3217 4064 tit
3266 4008 3561 4079 particeps.

1993 4121 2090 4177 per
2116 4106 2221 4160 vim
2255 4106 2304 4162 ei
2349 4105 2579 4161 inditam
2613 4102 2757 4175 quod
2805 4101 2911 4157 sibi
2942 4107 3234 4171 cognatum
3277 4108 3363 4155 est
3398 4109 3564 4154 attra-

1992 4198 2175 4255 bens:
2221 4199 2295 4253 ita
2328 4211 2557 4252 necesse
2593 4201 2709 4251 erat
2751 4201 2810 4247 ut
2848 4192 2904 4247 in
2941 4192 3178 4247 humana
3224 4199 3424 4247 natura
3466 4192 3567 4245 ali-

1992 4290 2124 4362 quid
2159 4290 2581 4366 immisceretur,
2613 4286 2759 4358 quod
2790 4300 2916 4340 cum
2960 4283 3071 4341 Deo
3106 4283 3332 4340 haberet
3363 4298 3566 4354 cogna-

294 4371 389 4424 τόν
416 4371 589 4441 ἀέρα,
620 4371 701 4442 τῷ
737 4371 797 4424 δὲ
833 4371 899 4423 τὸ
924 4370 1073 4442 ὕδωρ
1104 4367 1264 4425 εἶναι.
1302 4369 1491 4436 Οὕτως
1523 4367 1616 4426 οὖν
1664 4374 1758 4427 καὶ
1799 4374 1890 4427 τὸν

1995 4381 2227 4442 tionem,
2278 4384 2336 4432 ut
2368 4384 2591 4447 propter
2624 4374 3063 4432 convenientiam
3104 4380 3382 4428 teneretur
3420 4372 3568 4428 desi-

294 4462 599 4533 ἀνθρωπον
627 4462 720 4515 ἐπὶ
738 4466 806 4533 τῇ
845 4462 953 4516 τῶν
988 4461 1146 4516 θείων
1177 4461 1396 4531 ἀγαθῶν
1429 4462 1725 4518 ἀπολαύσει
1744 4464 1892 4533 γενό-

1997 4472 2151 4529 derio
2176 4470 2297 4542 ejus
2324 4467 2468 4540 quod
2500 4469 2551 4525 ei
2598 4478 2743 4525 esset
2773 4466 3173 4540 propinquitate
3216 4481 3281 4521 ac
3322 4468 3567 4523 necessi-

292 4570 485 4623 μενον,
522 4552 632 4606 ἔδει
659 4570 711 4606 τι
748 4552 1008 4622 συγγενὲς
1033 4554 1092 4608 ἐν
1123 4556 1190 4625 τῇ
1228 4552 1389 4623 φύσει
1420 4554 1557 4625 πρὸς
1583 4554 1645 4607 τὸ
1669 4555 1896 4626 μετεχό⁴

291 4661 465 4714 μενον
489 4644 665 4715 ἔχειν.
686 4644 787 4697 Διά
812 4644 973 4698 τοῦτο
1002 4645 1096 4698 καὶ
1118 4647 1253 4718 ζωῇ,
1279 4646 1374 4700 καὶ
1402 4645 1565 4717 λόγῳ,
1581 4647 1674 4699 καὶ
1709 4646 1892 4717 σοφίᾳ,

285 4739 384 4792 καὶ
414 4738 564 4791 πᾶσι
581 4739 695 4800 τοῖς
717 4736 1077 4808 θεοπρεπέσιν
1102 4736 1347 4805 ἀγαθοῖς,
1377 4736 1765 4809 κατεκοσμήθη
1785 4774 1803 4802 ,
1817 4735 1895 4801 ὡς

284 4829 351 4882 ἂν
385 4829 460 4883 δι’
486 4828 727 4882 ἐκάστου
755 4827 959 4882 τούτων
984 4828 1118 4899 πρὸς
1150 4828 1210 4882 τὸ
1233 4829 1431 4882 οἰκεῖον
1460 4828 1559 4901 τὴν
1592 4829 1889 4899 ἐπιθυμίαν

283 4919 425 4992 ἔχοι.
468 4913 748 4972 ἐπεὶοῦν
773 4917 833 4971 ἐν
869 4918 977 4972 τῶν
1012 4919 1139 4990 περὶ
1172 4919 1271 4991 τὴν
1300 4918 1451 4973 θείαν
1476 4918 1638 4989 φύσιν
1671 4919 1894 4989 ἀγαθῶν

282 5014 378 5065 καὶ
410 5013 449 5083 ἡ
480 5010 734 5079 ἀῖδιότης
759 5010 907 5062 ἐστὶν
931 5049 947 5074 ,
977 5008 1082 5063 εδει
1123 5010 1341 5074 πάντως
1384 5011 1517 5082 μηδέ
1556 5012 1747 5067 τούτου
1792 5013 1895 5083 τήν

278 5103 653 5170 κατασκευὴν
682 5097 823 5155 εἶναι
850 5101 951 5173 τῆς
983 5101 1198 5170 φύσεως
1238 5103 1397 5174 ήμῶν
1421 5103 1748 5177 ἀπόκληρον,
1777 5103 1892 5157 ἀλλ’

278 5197 433 5266 ἔχειν
463 5197 534 5249 ἐν
579 5195 745 5266 ἑαυτῇ
776 5193 839 5247 ea
875 5193 1176 5261 ἀθάνατον,
1211 5196 1286 5259 ὡς
1309 5195 1379 5250 ἂν
1401 5195 1488 5250 διὰ
1509 5197 1609 5269 τῆς
1639 5197 1895 5269 ἐγκειμέ-

220 5282 227 5291 ’
276 5306 376 5361 γης
403 5285 713 5357 δυνάμεως
743 5286 1060 5357 γνωρίζοιτο
1076 5286 1136 5341 τὸ
1155 5288 1564 5359 ὑπερκείμενον,
1584 5290 1676 5343 καὶ
1694 5290 1751 5342 ὲν
1769 5291 1890 5343 ἐπι-

278 5375 462 5450 θυμία.
490 5377 606 5448 τῆς
625 5375 775 5439 θείας
789 5375 1092 5448 ἀῖδιότητος
1108 5378 1212 5449 εἴη.
1226 5376 1411 5431 Ταῦτα
1435 5379 1500 5449 τῇ
1526 5370 1592 5431 πθε
1602 5377 1891 5451 ριληπτικῇ

281 5472 441 5542 φωνῇ
472 5467 557 5521 δι’
590 5467 708 5529 ἐνδς
738 5469 981 5539 ῥήματος
1014 5468 1043 5521 ό
1068 5469 1167 5541 τῆς
1196 5470 1556 5542 κοσμογονίας
1598 5470 1893 5535 ἐνεδείξατο

280 5559 470 5626 iam,
492 5560 627 5613 κατ’
654 5559 837 5614 είκόνα
864 5560 1000 5614 Θεοῦ
1033 5561 1124 5616 τὸν
1144 5561 1430 5636 ἄνθρωπον
1458 5562 1785 5633 γεγενῆσθαι
1805 5562 1893 5616 λέ-

282 5662 423 5721 γωδ.
447 5651 560 5706 ἐν
588 5648 696 5723 γὰρ
710 5654 776 5723 τῇ
801 5652 1055 5724 ὁμοιώσει
1081 5656 1145 5729 τῇ
1179 5655 1319 5713 κατὰ
1345 5653 1440 5728 τὴν
1461 5654 1646 5710 εἰκόνα
1674 5653 1891 5721 πάντως

1998 4562 2186 4619 tudine
2226 4562 2602 4632 conjunclum.
2655 4557 2788 4613 Nam
2821 4566 2875 4614 et
2920 4560 2974 4613 in
3010 4568 3207 4612 natura
3256 4557 3563 4615 brutormn.

1995 4669 2060 4709 ea
2109 4653 2310 4725 quibus
2352 4651 2547 4723 obtigit
2588 4660 2648 4707 ut
2674 4650 2840 4705 vitam
2885 4649 3085 4721 degant
3122 4650 3176 4705 in
3219 4664 3359 4720 aqua
3411 4657 3466 4703 et
3511 4650 3564 4701 in

1997 4760 2143 4808 aere,
2176 4742 2398 4799 condita
2442 4751 2571 4799 sunt
2605 4738 3033 4814 unumquodque
3076 4751 3443 4813 congruenter
3475 4757 3567 4811 ευ.

1994 4837 2112 4893 neri
2140 4836 2267 4891 vitae
2300 4836 2368 4891 ab
2412 4850 2478 4890 co
2512 4833 2796 4907 degendae,
2848 4840 2909 4888 ut
2945 4849 3042 4904 per
3072 4840 3278 4888 certam
3319 4831 3570 4901 corporis

1994 4924 2362 4989 cﬂ‘ectionem,
2404 4924 2559 4979 alteri
2600 4924 2821 4995 quidem
2857 4923 3111 4994 proprius
3151 4934 3205 4978 et
3236 4922 3570 4978 conveniens

1993 5024 2141 5073 esset
2163 5031 2279 5081 aer,
2326 5016 2481 5070 alteri
2518 5030 2649 5071 vero
2698 5030 2837 5085 aqua
2868 5032 2883 5069 :
2919 5016 2993 5069 ita
3032 5027 3163 5086 ergo
3195 5014 3359 5067 etiam
3393 5012 3567 5065 homi-

1994 5125 2118 5165 nem
2149 5117 2328 5165 ortum
2371 5107 2438 5162 ad
2486 5107 2775 5163 fruendum
2818 5106 2976 5162 bonis
3013 5104 3235 5170 divinis,
3282 5103 3567 5175 oportebat

1994 5201 2196 5256 habere
2233 5198 2438 5270 aliquid
2478 5199 2531 5253 in
2583 5207 2777 5253 natura
2821 5202 3110 5267 cognatum
3151 5208 3276 5248 cum
3308 5209 3376 5250 eo
3408 5192 3566 5265 cujus

1994 5298 2144 5349 esset
2185 5291 2485 5362 particeps.
2519 5288 2811 5359 Propterea
2846 5288 2945 5340 fuit
2973 5291 3203 5341 ornatus
3245 5292 3301 5340 et
3342 5286 3472 5352 vita,
3512 5297 3568 5342 et

1994 5385 2226 5448 ratione,
2267 5391 2321 5437 et
2353 5381 2639 5453 sapientia,
2664 5388 2718 5436 et
2752 5377 3007 5434 omnibus
3036 5376 3214 5441 bonis,
3248 5392 3368 5453 qua:
3395 5376 3565 5433 Deum

1993 5473 2206 5537 decent,
2243 5484 2300 5529 ut
2329 5488 2425 5545 per
2455 5470 2877 5542 unumquodque
2897 5483 3087 5524 eorum
3130 5468 3385 5540 ﬂagraret
3413 5468 3567 5539 cupi-

1992 5567 2161 5622 ditate
2186 5566 2306 5636 ejus
2331 5565 2473 5638 quod
2508 5571 2593 5619 est
2635 5563 2739 5620 sibi
2771 5562 3050 5634 prOprium
3083 5577 3146 5617 ac
3188 5558 3559 5627 conjunctum.

1994 5658 2262 5726 Quoniam
2292 5674 2421 5730 ergo
2455 5672 2621 5710 unum
2671 5672 2736 5713 cx
2784 5654 2853 5712 iis
2886 5655 3043 5713 bonis
3074 5670 3193 5727 qua:
3240 5655 3368 5707 sunt
3406 5649 3461 5702 in
3485 5644 3565 5699 di-
