4072 6212
672 288 746 343 23
1866 291 1925 348 S.
1979 290 2302 348 GREGORII
2341 292 2632 350 NYSSENI
3814 303 3882 360 25

670 402 796 456 vina
819 406 1036 466 natura,
1067 410 1152 457 est
1175 403 1336 458 etiam
1363 404 1662 471 aeternitas,
1690 408 1976 478 oportebat
2013 409 2226 466 omninc

2341 408 2434 462 ἐπὶ
2473 410 2534 463 τὸ
2563 409 2714 462 Θεῖον
2765 408 3274 480 χαρακτηριζόντων
3317 412 3350 481 ἡ
3387 413 3768 486 ἀπαρίθμησις,
3798 422 3882 474 καὶ

672 499 874 549 nostrae
899 500 1105 547 natura
1125 496 1584 551 constructionem
1608 512 1705 552 nec
1727 496 1889 567 hujus
1907 513 2030 554 esse
2050 513 2239 554 exsor-

671 589 801 646 tem,
835 580 930 636 sed
962 581 1017 636 in
1047 597 1108 637 se
1145 581 1343 639 habere
1381 585 1864 651 immortalitatem,
1905 596 1965 640 ut
1997 602 2093 656 per
2128 585 2236 640 vim

668 672 773 727 sibi
803 671 1020 726 insitam
1051 681 1404 742 cognosceret
1453 675 1503 729 id
1530 677 1672 745 quod
1703 684 1789 731 est
1819 691 2153 746 supremum,
2183 682 2236 731 et

670 769 945 817 teneretur
993 763 1265 820 desiderio
1302 764 1500 820 divina:
1544 767 1887 822 arternitatis.
1944 765 2070 821 Haec
2104 781 2236 821 voce

669 852 838 906 multa
882 855 1298 924 complectente,
1354 871 1462 911 uno
1513 858 1679 912 verbo
1707 857 1948 913 ostendit
1991 857 2126 912 liber
2167 855 2236 910 de

671 948 856 1003 mundi
904 949 1132 1020 origine,
1183 950 1371 1006 dicens
1421 952 1617 1006 factum
1668 968 1791 1008 esse
1846 951 2118 1005 hominem
2161 949 2228 1003 ad

669 1042 763 1099 Dei
812 1044 1122 1116 imaginem.
1163 1046 1219 1099 In
1270 1047 1369 1101 hac
1397 1049 1540 1102 enim
1567 1048 1959 1103 assimilatione
1991 1046 2055 1100 ad
2100 1045 2235 1098 ima-

667 1136 884 1206 ginem,
935 1154 1000 1195 ea
1036 1156 1262 1210 prorsus
1309 1153 1728 1206 enumerantur,
1764 1158 1886 1213 qua:
1932 1140 2231 1197 divinitatis

2333 501 2434 554 ὃσα
2460 500 2586 570 περὶ
2608 499 2811 552 τούτων
2848 497 3259 571 ἱστορικώτερον
3277 501 3306 553 6
3327 502 3531 574 Μωσῆς
3559 504 3878 579 διεξέρχεται,

2335 592 2394 643 ἐν
2413 590 2716 661 διηγήσεως
2738 589 2866 642 εἴδει
2889 589 3134 659 δόγματα
3177 592 3310 661 ἡμῖν
3337 595 3770 665 παρατιθέμενος,
3792 599 3881 670 τῆς

2333 681 2588 752 τοιαύτης
2640 680 2822 750 ἔχεται
2880 679 3247 745 διδασκαλίας.
3309 683 3368 736 '0
3426 684 3534 758 γὰρ
3585 688 3880 758 παράδεισος

2333 774 2560 837 ἐκεῖνος,
2586 773 2679 825 καὶ
2709 773 2741 842 ἡ
2767 771 2875 825 τῶν
2922 773 3152 842 καρπῶν
3199 772 3416 846 ἰδιότης,
3453 770 3528 830 ὧν
3558 779 3595 846 ἡ
3622 777 3800 848 βρῶσις
3821 781 3876 834 οὐ

2335 863 2570 934 γαστρὸς
2610 861 2942 934 πλησμονὴν,
2967 862 3104 917 ἀλλά
3125 864 3326 932 γνῶσιν
3345 868 3438 920 καὶ
3463 869 3728 938 ἀῖδιότητα
3750 871 3878 940 ζωῆς

2337 956 2448 1016 τοῖς
2480 953 2832 1022 γευσαμένοις
2877 952 3090 1006 δίδωσι·
3131 954 3309 1009 πάντα
3349 957 3518 1011 ταῦτα
3548 961 3750 1031 συνᾴδει
3779 965 3879 1025 τοῖς

2341 1043 2871 1116 προτεθεωρημένοις
2911 1044 3036 1115 περὶ
3070 1044 3161 1098 τὸν
3210 1047 3510 1118 ἄνθρωπον·
3564 1050 3637 1115 ὡς
3689 1052 3880 1122 ἀγαθῆς

2338 1155 2398 1192 τε
2436 1137 2531 1190 καὶ
2573 1137 2629 1189 ἐν
2661 1134 2880 1204 ἀγαθοῖς
2895 1132 3064 1206 οὔσης
3084 1140 3358 1208 καταρχὰς
3378 1142 3510 1210 ἡμῖν
3540 1144 3636 1212 τῆς
3660 1142 3878 1210 φύσεως.

666 1234 1033 1289 characterem
1071 1237 1401 1306 exprimunt,
1442 1248 1493 1294 et
1529 1254 1866 1308 quaecunque
1901 1239 1968 1294 de
2005 1239 2087 1292 his
2115 1236 2294 1291 Moses
2323 1232 2584 1289 historica
2655 1232 2967 1287 narratione
3005 1234 3277 1302 percurrit
3339 1235 3434 1304 (ita
3474 1245 3650 1290 tamen
3710 1249 3764 1291 ut
3820 1253 3878 1292 ea

651 1337 750 1388 pro
766 1322 1035 1395 dogmatis
1057 1325 1374 1398 habeamus)
1411 1331 1652 1384 eamdem
1673 1332 1973 1385 doctrinam
1997 1330 2262 1384 redolent.
2293 1324 2586 1379 Paradisus
2607 1323 2749 1379 enim
2789 1323 2877 1379 ille
2898 1322 3280 1394 fructuumque
3301 1327 3622 1395 proprietas,
3665 1343 3878 1396 quorum

661 1432 792 1472 esus
815 1434 922 1473 non
952 1421 1161 1475 ventris
1199 1425 1559 1489 saturitatem,
1596 1426 1687 1481 sed
1708 1426 1991 1481 scientiam
2019 1431 2073 1479 ct
2089 1421 2443 1478 aeternitatem
2467 1418 2590 1472 vitae
2617 1417 2961 1488 gustantibus
2983 1417 3151 1472 donat
3176 1436 3191 1473 :
3229 1419 3342 1474 haec
3380 1419 3562 1474 omnia
3595 1429 3882 1490 congruunt

663 1510 734 1564 iis
771 1525 892 1579 qua:
920 1521 1046 1567 sunt
1082 1513 1234 1582 prius
1263 1515 1604 1570 considerata
1652 1517 1705 1570 in
1752 1517 1970 1571 homine
2000 1535 2013 1570 :
2047 1527 2240 1582 nempe
2267 1509 2412 1581 quod
2456 1509 2514 1564 in
2547 1507 2705 1564 initio
2722 1516 2907 1564 nostra
2938 1516 3084 1564 esset
3112 1509 3252 1563 bona
3293 1519 3348 1564 et
3394 1511 3449 1564 in
3484 1511 3640 1566 bonis
3677 1521 3880 1566 natura.

733 1603 840 1660 Sed
879 1605 947 1661 iis
1008 1622 1129 1677 quae
1197 1607 1342 1662 dicta
1405 1618 1533 1664 sunt
1599 1610 1736 1666 forte
1790 1610 2112 1681 repugnabit
2175 1608 2223 1663 is

661 1702 755 1768 qui
808 1701 875 1756 ad
926 1703 1212 1772 praesentia
1270 1706 1481 1775 aspicit,
1536 1715 1590 1761 et
1644 1707 1922 1761 existimat
1961 1721 2021 1760 se
2069 1719 2228 1775 posse

661 1796 928 1865 probare,
991 1814 1104 1854 non
1163 1815 1285 1855 esse
1345 1815 1472 1856 vera
1540 1817 1662 1872 qua:
1731 1801 2030 1862 dicuntur,
2084 1798 2227 1868 quod

664 1905 772 1944 non
838 1890 895 1946 in
963 1892 1114 1958 illis,
1165 1893 1260 1950 sed
1330 1895 1384 1949 in
1454 1897 1708 1950 omnibus
1770 1896 1880 1950 fere
1929 1894 2223 1949 contrariis

659 2000 808 2040 nunc
864 1986 1029 2042 homo
1083 1999 1358 2044 cernatur.
1417 1990 1520 2045 Ubi
1572 1991 1716 2045 enim
1774 1997 1858 2045 est
1919 1989 2104 2043 formae
2135 1987 2222 2042 di-

659 2081 799 2136 vinae
873 2081 1174 2137 similitudo
1244 2085 1298 2138 in
1373 2084 1600 2138 anima?
1662 2083 1763 2138 Ubi
1837 2081 2220 2152 aegritudinum

658 2179 905 2234 vacuitas
951 2179 1007 2233 in
1051 2179 1321 2250 corpore?
1388 2178 1491 2234 Ubi
1539 2180 1732 2234 anima:
1775 2173 2227 2234 aeternitas?An-

657 2288 768 2328 non
831 2282 916 2328 est
961 2274 1122 2329 homo
1183 2274 1364 2330 brevis
1432 2275 1575 2337 vitm,
1634 2275 1910 2345 patibilis,
1959 2273 2220 2335 caducus,

663 2368 812 2422 omni
842 2367 1188 2424 aﬂ‘ectionum
1218 2369 1404 2443 generi
1440 2371 1732 2435 obnoxius,
1768 2378 1822 2426 et
1856 2371 1907 2424 in
1935 2371 2135 2434 anima,
2170 2377 2223 2422 et

658 2466 714 2521 in
745 2469 1013 2538 corpore?
1043 2468 1146 2537 Qui
1181 2468 1293 2523 hac
1316 2468 1450 2523 dicit
1486 2477 1540 2524 et
1574 2483 1695 2538 qua:
1726 2475 1853 2522 sunt
1883 2465 2219 2535 hujusmodi,

658 2570 715 2618 et
744 2571 996 2619 naturam
1032 2564 1353 2629 insectatur,
1400 2563 1733 2619 existimabit
1780 2579 1839 2617 se
1873 2547 2032 2632 posse
2066 2577 2223 2616 ever-

659 2667 775 2714 tere
823 2674 943 2730 quae
969 2667 1097 2715 sunt
1140 2659 1341 2714 tradita
1385 2659 1454 2714 de
1501 2659 1735 2714 homine.
1771 2657 1876 2714 Sed
1927 2673 1994 2714 ne
2045 2657 2113 2711 ab
2159 2671 2223 2711 eo

662 2753 809 2824 quod
849 2762 946 2814 est.
964 2769 1306 2824 consequens
1351 2761 1406 2810 et
1438 2763 1866 2810 consentaneum
1906 2754 2224 2810 deﬂectatur

663 2852 867 2918 oratio,
921 2852 989 2908 de
1047 2851 1132 2905 bis
1186 2850 1350 2906 etiam
1403 2851 1591 2919 paucis
1642 2853 2015 2906 tractabimus.
2069 2849 2224 2917 Quod

664 2959 812 2999 nunc
838 2943 950 3000 vita
997 2943 1235 2998 humana
1271 2944 1342 3000 sit
1388 2944 1443 2999 in
1484 2945 1552 3000 iis
1604 2961 1725 3016 quae
1775 2954 1904 3000 sunt
1951 2944 2124 2999 aliena
2171 2951 2226 2998 et

667 3037 894 3092 minime
933 3037 1312 3092 convenientia
1345 3075 1360 3100 ,
1423 3052 1531 3092 non
1587 3038 1722 3092 satis
1769 3047 1854 3092 est
1920 3035 2225 3105 argumenti

658 3126 803 3197 quod
854 3126 1017 3182 homo
1065 3142 1342 3198 nunquam
1403 3126 1562 3182 fuerit
1613 3127 1668 3182 in
1724 3127 1900 3182 bonis.
1955 3127 2222 3192 Quoniam

2416 1602 2553 1655 Ἀλλ’
2597 1600 2866 1670 ἀντιλέγει
2895 1601 3058 1671 τυχὸν
3089 1603 3202 1664 τοῖς
3243 1601 3552 1674 εἰρημένοις
3583 1605 3611 1657 6
3653 1604 3781 1674 πρὸς
3822 1605 3885 1658 τά

2335 1695 2578 1766 παρόντα
2617 1693 2846 1764 βλέπων,
2914 1694 3009 1747 καὶ
3053 1695 3216 1747 οἴεται
3265 1694 3556 1764 διελέγχειν
3596 1694 3682 1749 τὸν
3739 1695 3886 1764 λόγον

2333 1786 2436 1838 οὐκ
2485 1785 2837 1856 ἀληθεύοντα,
2887 1785 2966 1855 τῷ
3016 1785 3090 1857 μὴ
3132 1786 3191 1838 ἐν
3253 1786 3479 1849 ἐκείνοις
3523 1785 3638 1853 νῦν,
3683 1787 3792 1840 ἀλλ’
3829 1790 3885 1841 ὲν

2331 1879 2464 1930 πᾶσι
2516 1877 2701 1946 σχεδὸν
2745 1876 2858 1941 τοῖς
2900 1877 3234 1940 ὑπεναντίοις
3278 1877 3502 1946 ὁρᾶσθαι
3547 1877 3636 1930 τὸν
3681 1876 3882 1948 ἄνθρω-

2329 1985 2450 2021 πον.
2497 1967 2608 2020 Ποῦ
2674 1967 2782 2038 γάρ
2846 1968 2944 2038 τῆς
3000 1966 3176 2038 ψυχῆς
3237 1965 3298 2019 τὸ
3360 1965 3621 2031 θεοειδές;
3671 1965 3768 2019 ποῦ
3825 1965 3880 2018 δὲ

2327 2059 2360 2126 ὴ
2403 2056 2638 2110 ἀπάθεια
2678 2057 2772 2110 τοῦ
2813 2056 3094 2128 σώματος;
3143 2056 3250 2111 Ποῦ
3285 2059 3381 2127 τῆς
3427 2055 3572 2124 ζωῆς
3601 2055 3660 2107 τὸ
3693 2055 3885 2116 dimov;

2341 2146 2656 2215 Ὤκύμορον,
2690 2147 2960 2216 ἐμπαθὲς,
2982 2147 3261 2216 ἐπίκηρον,
3289 2146 3424 2217 πρὸς
3451 2146 3629 2198 πᾶσαν
3649 2141 3894 2213 παθημά-

2328 2255 2434 2292 των
2453 2237 2604 2291 ίδέαν
2625 2235 2766 2290 κατά
2784 2252 2842 2287 τε
2861 2233 3034 2306 ψυχὴν
3058 2233 3152 2286 καὶ
3179 2235 3337 2304 σῶμα
3361 2233 3676 2304 ἐπιτήδειον.
3715 2231 3896 2285 Ταῦτα

2331 2329 2423 2383 καὶ
2474 2327 2541 2380 τά
2570 2325 2792 2380 τοιαῦτα
2816 2325 2988 2395 λέγων
3038 2324 3132 2379 καὶ
3160 2324 3507 2396 κατατρέχων
3535 2324 3630 2394 τῆς
3658 2323 3892 2391 φύσεως,

2329 2419 2652 2490 ἀνατρέπειν
2675 2417 2765 2471 τὸν
2807 2416 3132 2470 ἀποδοθέντα
3162 2416 3291 2484 περὶ
3317 2415 3407 2469 τοῦ
3431 2414 3711 2486 ἀνθρώπου
3744 2413 3896 2481 λόγον

2329 2511 2586 2581 οἰήσεται.
2622 2508 2759 2561 Ἀλλ’
2786 2507 2859 2570 ὡς
2881 2507 2945 2560 ἂν
2981 2505 3225 2576 μηδαμοῦ
3250 2505 3344 2560 τοῦ
3383 2505 3672 2559 ἀκολούθου
3702 2505 3897 2573 ὁλόγος

2330 2596 2711 2668 παρατραπείη
2723 2636 2736 2657 ,
2752 2595 2984 2667 καὶπερὶ
3003 2594 3204 2650 τούτων
3226 2595 3281 2647 ὲν
3297 2593 3494 2663 ὀλίγοις
3509 2593 3895 2666 διαληψόμεθα.

2331 2685 2404 2738 Τὸ
2433 2684 2527 2738 νῦν
2560 2686 2617 2737 ἐν
2650 2683 2870 2746 ἀτόποις
2902 2669 3041 2736 εἶναι
3069 2683 3167 2753 τὴν
3211 2681 3553 2754 ἀνθρωπίνην
3592 2682 3755 2755 ζωὴν,
3800 2682 3899 2752 οὑχ

2333 2777 2513 2840 ἱκανός
2540 2780 2684 2830 ἐστιν
2717 2776 2952 2845 ἔλεγχος,
2990 2774 3081 2827 τοῦ
3109 2774 3373 2844 μηδέποτε
3412 2773 3502 2826 τὸν
3528 2774 3809 2844 ἄνθρωπον
3842 2774 3900 2825 ἐν

2329 2864 2552 2934 ἀγαθοῖς
2577 2863 2916 2934 γεγενῆσθαι.
2949 2861 3165 2933 Ἐπειδὴ
3182 2861 3288 2932 γὰρ
3310 2861 3441 2915 Θεοῦ
3464 2861 3620 2934 ἔργον
3643 2862 3672 2914 ὁ
3696 2861 3902 2931 ἀνθρω-

2333 2973 2454 3022 πος,
2468 2955 2560 3008 τοῦ
2583 2956 2646 3008 δι’
2659 2954 2966 3024 ἀγαθότητα
2976 2953 3036 3006 τὸ
3051 2953 3186 3016 ζῶον
3201 2950 3358 3006 τοῦτο
3386 2952 3792 3022 παραγαγόντος
3821 2951 3900 3014 είς

2331 3047 2564 3116 γένεσιν,
2593 3047 2693 3099 οὐκ
2716 3045 2781 3098 ἀν
2800 3061 2884 3108 τις
2903 3045 3136 3112 εὐλόγως
3157 3039 3217 3097 οὗ
3234 3045 3268 3114 ὴ
3293 3043 3440 3098 αἰτία
3462 3043 3559 3112 τῆς
3594 3043 3903 3103 συστάσεως

2332 3141 2601 3210 ἀγαθότης
2642 3137 2759 3192 ἐστὶ
2803 3135 3320 3192 καθυποπτεύσειεν.
3366 3134 3501 3188 Ἀλλ’
3537 3133 3720 3204 ἕτερόν
3753 3133 3902 3185 ἐστιν

659 3218 804 3272 enim
847 3217 1011 3274 homo
1052 3217 1144 3274 Dei
1204 3226 1287 3273 est
1322 3234 1480 3288 opus,
1513 3218 1604 3288 qui
1651 3227 1874 3288 propter
1923 3218 2220 3272 bonitatem
2251 3198 2292 3255 (ἶ
2327 3198 2529 3296 αέτιον,
2555 3198 2660 3283 ’.ξοῦ
2696 3227 2871 3283 ταῦτά
2919 3245 2979 3281 τε
3012 3226 3106 3282 νῦν
3140 3227 3268 3296 περὶ
3301 3227 3446 3297 ἡμᾶς
3479 3198 3641 3289 erm;
3670 3224 3764 3277 καὶ
3795 3221 3906 3275 τῶν

659 3308 765 3364 hoc
812 3307 1014 3364 animal
1069 3308 1292 3364 deduxit
1340 3305 1404 3363 ad
1457 3317 1660 3378 ortum,
1715 3325 1874 3364 nemo
1917 3308 2041 3378 jure
2077 3324 2222 3373 eum,

661 3397 820 3466 cujus
848 3399 1060 3455 bonitas
1084 3414 1249 3456 causa
1280 3397 1381 3454 fuit
1427 3411 1485 3454 ιιι
1515 3399 1860 3463 conderetur,
1895 3398 2042 3454 illius
2073 3398 2224 3454 defe-

556 3543 566 3553 ,
661 3490 860 3547 ctionis
915 3505 1136 3548 causam
1185 3506 1306 3548 esse
1363 3492 1748 3562 suspicabitur.
1810 3490 1912 3546 Sed
1982 3490 2088 3544 alia
2139 3497 2225 3544 est

660 3597 828 3638 causa
849 3596 949 3636 cur
976 3589 1032 3639 et
1070 3581 1184 3638 haec
1217 3582 1374 3638 nobis
1405 3597 1550 3636 nunc
1589 3581 1794 3642 adsint,
1823 3588 1878 3636 et
1915 3580 2114 3635 deserti
2148 3579 2225 3634 si-

633 3690 784 3742 _mus
821 3673 890 3732 ab
918 3674 986 3731 iis
1015 3689 1134 3745 qua:
1169 3682 1296 3730 sunt
1327 3674 1727 3745 praestantiora.
1766 3674 1986 3726 Initium
2041 3678 2222 3725 autem

647 3767 780 3837 ejus
832 3766 977 3836 quod
1024 3765 1091 3820 ad
1146 3765 1248 3821 hoc
1287 3781 1431 3820 nunc
1478 3774 1564 3822 est
1616 3763 1928 3827 dicendum,
1987 3777 2094 3817 non
2139 3769 2224 3817 est

661 3865 928 3912 remotum
978 3857 1047 3914 ab
1087 3857 1404 3913 assensione
1443 3871 1633 3912 eorum
1679 3857 1771 3927 qui
1815 3855 2219 3910 contradicunt.

661 3945 766 4013 Qui
809 3947 952 4004 enim
1003 3949 1069 4001 ad
1121 3946 1223 4001 hoc
1261 3956 1319 4001 ut
1361 3961 1586 4002 suorum
1644 3946 1907 4000 bonormn
1951 3942 2222 4014 particeps

659 4045 806 4093 esset
849 4036 1124 4093 hominem
1172 4037 1320 4102 fecit,
1375 4037 1579 4106 quique
1617 4033 2008 4088 adminiculum
2053 4041 2107 4088 et
2139 4047 2224 4086 oc-

657 4127 934 4184 casionem
965 4127 1084 4198 ejus
1109 4135 1316 4184 naturae
1342 4126 1558 4191 indidit,
1596 4134 1653 4180 ut
1681 4141 1775 4196 per
1801 4123 2224 4194 unumquodque

661 4216 727 4273 ad
768 4217 949 4274 simile
987 4218 1221 4275 ferretur
1253 4219 1534 4290 appetitio,
1569 4233 1676 4272 non
1713 4215 2008 4287 privaverit
2049 4215 2224 4270 homi-

659 4323 781 4363 nem
822 4323 888 4363 eo
923 4308 1071 4378 quod
1103 4317 1189 4365 est
1224 4311 1491 4365 bonorum
1533 4309 1958 4380 pulcherrimum
2002 4313 2056 4362 et
2091 4322 2226 4377 pra:-

659 4399 1082 4461 stantissimum,
1114 4401 1227 4462 illa,
1268 4399 1509 4470 inquam,
1542 4402 1716 4471 gratia
1747 4416 1868 4471 quae
1901 4400 1954 4454 in
1999 4415 2064 4454 eo
2093 4415 2226 4453 con-

2325 3322 2732 3394 προτιμοτέρων
2765 3319 3137 3392 ἐρημωθῆναι.
3184 3317 3351 3390 Ἀρχὴ
3371 3317 3426 3370 δὲ
3451 3316 3612 3370 πάλιν
3643 3317 3737 3370 καὶ
3771 3315 3908 3387 πρὸς

2323 3414 2508 3468 τοῦτον
2537 3415 2668 3484 ἡμῖν
2687 3411 2776 3466 τὸν
2801 3411 2978 3479 λόγον,
3001 3409 3100 3464 οὐκ
3118 3408 3316 3472 ἔξωθεν
3342 3408 3440 3478 τῆς
3461 3405 3570 3459 τῶν
3597 3404 3911 3471 ἀντιλεγόν-

2321 3517 2428 3556 των
2463 3503 2580 3555 ἐστὶ
2613 3499 3086 3570 συγκαταθέσεως.
3137 3499 3195 3552 '0
3234 3495 3343 3568 γὰρ
3373 3496 3464 3548 ἐπὶ
3501 3493 3764 3565 μετουσία
3798 3491 3909 3544 τῶν

2325 3595 2469 3648 ίδίων
2492 3593 2710 3664 ἀγαθῶν
2737 3595 2966 3662 ποιήσας
2987 3591 3078 3644 τὸν
3105 3589 3201 3644 ἀνθ
3212 3605 3410 3660 ρωπον,
3442 3586 3536 3640 καὶ
3557 3584 3779 3638 πάντων
3807 3585 3909 3635 αὺ-

2321 3685 2399 3757 τῷ
2423 3686 2532 3739 τῶν
2557 3683 2734 3739 καλῶν
2761 3683 2859 3746 τὰς
2891 3681 3147 3752 ἀφορμάς
3181 3676 3661 3747 ἐγκατασκευάσας
3690 3677 3780 3744 τῇ⁹
3803 3673 3912 3742 φῦ·-

2324 3790 2428 3835 σει,
2453 3773 2528 3837 ὡς
2555 3771 2620 3825 ἂν
2635 3770 2944 3824 δι’ἐκάστου
2970 3770 3104 3840 πρὸς
3122 3768 3183 3820 τὸ
3211 3769 3394 3834 ὅμοιον
3409 3767 3444 3837 ἡ
3464 3765 3643 3836 ὄρεξις
3662 3764 3908 3834 φέροιτο,

2321 3867 2422 3918 οὐκ
2449 3863 2515 3918 ἂν
2548 3863 2641 3917 τοῦ
2693 3863 2978 3916 καλλίστου
3030 3861 3124 3914 καὶ
3161 3859 3489 3928 τιμιωτάτου
3527 3856 3635 3909 τῶν
3681 3852 3912 3924 ἀγαθῶν

2322 3953 2682 4024 ἀπεστέρησε,
2701 3953 2843 4021 λέγω
2856 3951 2921 4022 δὴ
2940 3951 3038 4022 τῆς
3069 3949 3210 4005 κατά
3236 3950 3296 4002 τὸ
3321 3948 3613 4002 ἀδέσποτον
3645 3946 3744 3999 καὶ
3775 3945 3908 3997 αὑτ-

2323 4043 2562 4109 εξούσιον
2609 4044 2851 4116 χάριτος.
2885 4045 2948 4096 Ei.
2983 4045 3091 4114 γάρ
3129 4059 3210 4105 τις
3237 4041 3447 4112 ἀνάγκη
3489 4043 3553 4112 τῇ
3587 4035 3912 4109 ἀνθρωπίνῃ

2323 4134 2610 4188 ἐπεστάτει
2639 4134 2772 4206 ζωῇ,
2799 4133 3086 4203 διεψεύσθη
3115 4132 3180 4186 ἂν
3213 4132 3245 4200 ἡ
3289 4129 3451 4183 εἰκὼν
3474 4132 3593 4182 κατ’
3629 4131 3812 4182 ἐκεῖνο
3851 4127 3912 4180 τὸ

2329 4225 2514 4298 μέρος,
2572 4224 2992 4296 ἀλλοτριωθεῖσα
3029 4221 3106 4290 τῷ
3139 4220 3376 4289 ἀνομοίῳ
3421 4218 3554 4288 πρὸς
3583 4219 3645 4271 τὸ
3680 4218 3912 4288 ἀρχέτυ-

2325 4332 2445 4369 πον.
2476 4315 2586 4384 Τῆς
2624 4315 2732 4383 γὰρ
2773 4309 3160 4380 βασιλευούσης
3196 4308 3409 4378 φύσεως
3433 4311 3465 4379 ἡ
3493 4309 3766 4376 ἀνάγκαις
3795 4309 3912 4362 τισὶ

2324 4403 2696 4471 ὑπεζευγμένη
2719 4419 2778 4453 τε
2810 4401 2902 4454 καὶ
2931 4399 3270 4464 δουλεύουσα,
3293 4399 3411 4463 πῶς
3432 4399 3497 4454 ἂν
3522 4399 3686 4452 εἰκὼν
3707 4399 3912 4469 ὀνομά-

659 4489 829 4554 sistit,
880 4490 1023 4559 quod
1077 4505 1186 4545 non
1237 4488 1307 4544 sit
1350 4489 1552 4561 aliquid
1592 4491 1736 4562 quod
1783 4490 2120 4544 dominatum
2166 4489 2220 4541 in

2333 4490 2510 4557 ζοιτο;
2535 4489 2741 4542 Οὐκοῦν
2768 4489 2830 4542 τὸ
2857 4488 2945 4542 διὰ
2979 4488 3193 4542 πάντων
3235 4488 3371 4559 πρὸς
3423 4489 3481 4542 τὸ
3506 4487 3658 4542 Θεῖον
3688 4487 3912 4558 ὡμοιω-

660 4591 782 4631 cum
821 4576 1086 4642 obtineat,
1119 4585 1174 4632 et
1203 4577 1348 4645 quod
1377 4578 1448 4634 sit
1501 4579 1585 4633 sui
1624 4577 1766 4648 juris
1794 4587 1847 4630 et
1877 4575 2033 4628 liberi
2076 4574 2222 4626 arbi—

660 4669 775 4724 trii.
811 4669 868 4724 Si
900 4670 1046 4725 enim
1074 4668 1197 4724 vitae
1222 4668 1475 4726 humanae
1505 4676 1761 4740 praeesset
1809 4667 2128 4732 necessitas,
2159 4681 2226 4720 ex

659 4774 723 4814 ea
757 4767 911 4830 parte
954 4758 1092 4814 falsa
1139 4758 1333 4816 fuisset
1375 4761 1573 4834 imago,
1606 4769 1666 4816 ut
1703 4775 1823 4831 qua:
1853 4775 1948 4830 per
1980 4757 2228 4813 dissimi-

660 4850 944 4907 litndinem
972 4851 1150 4907 aliena
1176 4860 1323 4908 esset
1353 4853 1421 4908 ab
1447 4853 1765 4923 exemplari.
1799 4851 1902 4918 Qui
1933 4851 2078 4906 enim
2109 4849 2224 4906 ﬁeri

660 4951 847 5014 posset
895 4951 952 4997 ut
984 4950 1178 4997 natura
1220 4944 1407 4999 nescio
1462 4945 1662 5015 quibus
1707 4941 2056 4998 necessitatis
2098 4939 2230 5010 legi—

660 5038 763 5094 bus
802 5037 1050 5102 astricta,
1100 5043 1311 5091 naturae
1340 5039 1585 5090 omnium
1621 5052 1804 5092 rerum
1846 5031 2228 5090 dominatricis

663 5128 838 5200 imago
883 5129 1195 5185 diceretur?
1233 5127 1388 5194 Quod
1429 5143 1556 5198 ergo
1597 5143 1690 5198 per
1733 5127 1917 5181 omnia
1961 5127 2071 5184 Deo
2110 5129 2230 5179 erat

661 5221 1044 5285 assimilatum,
1083 5220 1368 5292 Oportebat
1407 5221 1632 5275 omnino
1678 5219 1878 5273 habere
1928 5219 1982 5271 in
2033 5228 2226 5274 natura

662 5310 807 5380 quod
833 5311 931 5365 sibi
961 5316 1271 5382 imperaret,
1309 5318 1362 5366 et
1402 5309 1622 5364 domino
1667 5309 1891 5364 minime
1924 5316 2069 5363 esset
2099 5306 2230 5361 sub-

653 5405 894 5472 jcctum,
931 5410 989 5456 ut
1025 5403 1246 5462 virtutis
1299 5412 1444 5457 esset
1475 5401 1755 5471 pramium
1799 5398 2065 5452 bonorum
2103 5411 2229 5466 par-

660 5496 923 5565 ticipatio.
966 5492 1069 5559 Qui
1099 5495 1300 5549 factum
1331 5501 1414 5549 est
1451 5507 1604 5562 ergo,
1634 5491 1871 5560 inquies,
1918 5498 1975 5544 ut
2010 5488 2099 5560 qui
2134 5503 2230 5557 per

660 5589 844 5644 omnia
890 5585 1272 5658 pulcherrimis
1321 5597 1374 5642 et
1403 5584 1875 5656 praestantissimis
1916 5583 2018 5637 fuit
2057 5582 2228 5635 hone-

662 5689 860 5745 status,
909 5677 1326 5733 commutaverit
1367 5678 1509 5732 bona
1553 5674 1953 5732 deterioribus?
2005 5671 2225 5728 Clarum

663 5779 841 5828 autem
890 5780 973 5828 est
1004 5768 1057 5825 id
1096 5783 1311 5840 quoque
1345 5769 1490 5838 quod
1536 5768 1602 5824 de
1640 5782 1705 5825 eo
1752 5763 2039 5822 dicendum
2083 5770 2166 5818 est
2205 5802 2216 5815 .

2330 4581 2490 4652 μένον
2519 4580 2624 4634 ἔδει
2671 4581 2890 4644 πάντως
2923 4580 3065 4651 ἔχειν
3099 4581 3156 4633 ἐν
3185 4581 3251 4650 τῇ
3288 4578 3444 4647 φύσει
3481 4577 3541 4631 τὸ
3568 4578 3912 4648 αὐτοκρατὲς

2327 4673 2422 4728 καὶ
2477 4672 2786 4737 ἀδέσποτον,
2835 4672 2976 4726 ὥστε
3019 4669 3180 4726 ἆθλον
3217 4671 3415 4742 ἀρετῆς
3461 4665 3600 4723 εἶναι
3642 4669 3748 4738 τὴν
3801 4668 3912 4722 τῶν

2328 4762 2546 4830 ἀγαθῶν
2592 4762 2901 4831 μετουσίαν.
2934 4761 3104 4816 Πόθεν
3142 4758 3255 4823 οὖν,
3287 4761 3451 4831 ἐρεῖς,
3485 4761 3514 4812 6
3543 4759 3631 4818 διά
3684 4761 3912 4818 πάντων

2327 4854 2438 4916 τοῖς
2475 4852 2779 4915 καλλίστοις
2812 4853 3202 4924 τετιμημένος,
3229 4851 3297 4905 τά
3329 4851 3495 4921 χείρω
3531 4849 3641 4903 τῶν
3681 4849 3912 4917 ἀγαθῶν

2329 4943 2724 5014 ἀντηλλάξατο;
2756 4943 2939 5013 Σαφὴς
2960 4943 3016 4996 δὲ
3045 4943 3137 4996 καὶ
3157 4945 3184 4995 6
3212 4943 3337 5012 περὶ
3357 4941 3545 4994 τούτου
3573 4940 3762 5008 λόγος.
3807 4941 3912 4992 Οὺ‹

2328 5036 2382 5090 δε
2393 5035 2490 5107 μία
2518 5035 2692 5089 κακοῦ
2722 5034 2932 5102 γένεσις
2957 5034 3020 5085 ἐκ
3052 5031 3196 5085 θείου
3221 5032 3555 5104 βουλήματος
3596 5031 3698 5102 τὴν
3735 5029 3912 5100 ἀρχὴν

2330 5127 2484 5199 ἔσχεν
2505 5142 2520 5158 ·
2560 5120 2595 5197 ἦ
2617 5125 2723 5196 γάρ
2751 5123 2816 5177 ἂν
2842 5122 2944 5187 ἔξω
2969 5122 3226 5192 μέμψεως
3251 5118 3318 5192 ἦν
3342 5124 3374 5190 ὴ
3405 5121 3592 5187 κακία,
3617 5121 3758 5174 Θεὸν
3788 5123 3912 5174 ἐαυ-

2327 5223 2427 5292 τῆς
2467 5217 2873 5288 ἐπιγραφομένῃ
2926 5214 3152 5285 ποιητὴν
3203 5215 3296 5268 καὶ
3341 5215 3550 5285 πατέρα
3583 5231 3596 5243 ο
3636 5213 3760 5266 ἀλλ’
3810 5215 3912 5283 ἐμ-

2330 5307 2519 5380 φύεται
2567 5325 2682 5372 πως
2725 5308 2786 5360 τὸ
2829 5305 2996 5359 κακὸν
3039 5304 3276 5370 ἔνδοθεν,
3303 5307 3368 5376 τῇ
3429 5305 3756 5375 προαιρέσει
3791 5304 3912 5355 τότε

2330 5397 2735 5469 συνιστάμενον,
2771 5397 2897 5449 ὅταν
2942 5413 3024 5459 τις
3055 5396 3162 5449 ἀπὸ
3189 5395 3282 5449 τοῦ
3338 5395 3500 5450 καλοῦ
3548 5396 3784 5466 γένηται
3817 5395 3912 5462 τῆς

2327 5491 2503 5560 ψυχῆς
2533 5485 2894 5558 ἀναχώρησις.
2926 5486 3186 5558 Καθάπερ
3217 5486 3324 5559 γάρ
3371 5488 3404 5558 ὴ
3442 5487 3631 5555 ὅρασις
3689 5483 3912 5554 φύσεώς

2329 5582 2474 5634 ἐστιν
2496 5576 2770 5646 ἐνέργεια·
2797 5577 2832 5647 ὴ
2858 5576 2914 5628 δὲ
2943 5576 3205 5648 πήρωσις,
3239 5576 3491 5647 στέρησίς
3523 5578 3639 5628 ἔστι
3669 5575 3780 5644 τῆς
3811 5589 3912 5640 cpu-

2331 5668 2488 5737 σικῆς
2512 5664 3009 5738 ἐνεργείαςοοῦτως
3037 5665 3132 5720 καὶ
3163 5668 3195 5738 ἡ
3224 5667 3390 5738 ἀρετὴ
3420 5665 3550 5740 πρὸς
3571 5663 3670 5734 τὴν
3703 5663 3912 5718 κακίαι

2330 5759 2676 5830 ἀνθέστηκεν.
2709 5758 2781 5812 Οὐ
2812 5757 2919 5830 γὰρ
2963 5756 3106 5812 ἔστιν
3137 5758 3299 5832 ἄλλην
3332 5758 3525 5822 κακίας
3558 5754 3786 5826 γένεσιν
3835 5755 3912 5812 tv.
