4072 6212
383 233 454 288 ἳεὶ
1577 225 1833 283 ORATIO
1862 226 2338 286 CATECHETICA
2350 270 2364 284 .

3560 227 3636 283 26

390 355 578 425 νοῆσαι,
611 350 643 422 ἢ
679 349 885 422 ἀρετῆς
916 347 1206 402 ἀπουσίαν.
1253 347 1466 419 Ὠσπερ
1511 346 1621 420 γὰρ
1648 348 1745 402 τοῦ
1782 349 1943 420 φωτὸς

2057 345 2253 404 Nullus
2285 351 2414 405 mali
2449 358 2604 408 ortus
2649 353 2864 410 initium
2895 353 3052 410 duxit
3095 369 3162 410 ex
3192 353 3288 410 Dei
3319 353 3632 411 voluntate.

391 440 762 514 ὑφαιρεοέντος
782 440 812 490 6
843 439 1005 508 ζόφος
1033 436 1462 507 ἐπηκολούθησε,
1489 438 1753 507 παρόντος
1777 440 1834 492 δὲ
1859 441 1943 494 ού)

2056 441 2266 496 Revera
2287 441 2432 497 enim
2463 443 2601 498 nulli
2626 446 3038 515 reprehensioni
3063 445 3222 502 aliine
3243 456 3390 502 esset
3410 446 3627 513 vitium,

376 537 511 586 ἔστιν
539 549 553 562 ·
585 529 763 593 οὕτως
800 529 905 592 ἓως
950 527 1016 580 ἀν
1119 527 1180 579 τὸ
1220 525 1422 594 ἀγαθὸν
1451 526 1510 580 ὲν
1553 530 1618 598 τῇ
1649 525 1832 596 φύσει,
1867 529 1943 582 ἀν-

2056 543 2114 587 ιιι
2146 533 2293 603 quod
2319 535 2404 590 sui
2432 533 2743 590 effectorem
2775 544 2825 591 et
2867 548 3073 606 patrem
3109 536 3276 593 Deum
3310 538 3414 594 sibi
3453 538 3627 593 ascri—

372 623 652 695 ύπαρκτόν
699 623 817 674 ἐστι
845 619 969 673 καθ’
1014 617 1176 671 ὲαυτδ
1205 619 1238 687 ἠ
1267 618 1435 670 κακία
1455 620 1536 689 ὀὴ
1563 619 1620 672 δὲ
1651 620 1746 672 τοῦ
1776 621 1958 692 κρείτ-

367 731 515 777 τονος
533 710 890 782 ἀναχώρησις
929 708 1135 776 γίνεται
1162 707 1254 762 τοῦ
1277 709 1518 761 ἐναντίου
1539 710 1769 777 γένεσις.
1803 711 1955 764 Ἐπεὶ⁸

365 801 458 857 οὖν
479 802 640 855 τοῦτο
659 805 760 872 τῆς
789 798 1265 868 αὐτεξουσιότητός
1291 800 1406 851 ἐστι
1432 799 1494 852 τὸ
1524 800 1813 870 ἰδίωμα,τὸ
1834 804 1952 855 κατ’

367 895 620 960 ἐξουσίαν
652 892 996 962 ἀναιρεῖσθαι
1023 890 1085 943 τὸ
1117 889 1454 960 καταθύμιον
1473 933 1488 958 ,
1519 893 1616 962 οὐχ
1648 895 1675 946 6
1707 893 1836 956 Θεός
1871 911 1952 947 σοι

364 985 470 1036 τῶν
500 983 792 1052 παρόντων
820 982 970 1034 ἐστὶν
995 981 1168 1044 αἴτιος
1199 981 1407 1046 κακῶν,
1449 981 1741 1037 ἀδέσποτόν
1770 999 1829 1036 τε
1858 983 1952 1036 καὶ¹

365 1077 558 1131 ἄνετδν
595 1093 673 1130 σοι
713 1076 1129 1138 κατασκευάσας
1167 1074 1266 1146 τὴν
1298 1077 1460 1144 φύσιν
1479 1117 1493 1142 ,
1523 1076 1638 1128 ἀλλ’
1662 1078 1696 1148 ἠ
1727 1075 1951 1131 ἀϐουλία

2051 625 2221 688 beret,
2249 625 2343 680 sed
2374 626 2577 681 malum
2598 627 2930 683 intrinsecus
2950 629 3355 699 quodammodo
3381 629 3628 686 innasci-

2051 723 2142 769 tur
2205 716 2258 770 in
2307 715 2480 772 libero
2529 717 2696 772 animi
2746 719 2974 774 arbitrio
3027 727 3083 775 et
3133 720 3436 785 electione,
3497 727 3627 773 tunc

2052 809 2388 872 consistens,
2425 811 2645 878 quando
2689 810 2852 866 fuerit
2899 811 3100 882 aliquis
3133 811 3330 866 anima:
3369 827 3626 866 recessus

2052 899 2120 953 ab
2167 916 2232 955 eo
2294 901 2439 972 quod
2493 903 2696 956 bonum
2745 911 2830 958 est
2874 911 2928 958 et
2970 903 3282 958 honestum.
3341 901 3626 968 Quomodo

2049 989 2194 1045 enim
2228 991 2378 1048 visus
2411 1000 2496 1048 est
2532 1000 2742 1048 naturae
2770 994 3054 1065 Operatio:
3087 995 3300 1049 orbitas
3330 1001 3510 1047 autem
3542 1003 3628 1047 est

2050 1081 2284 1151 privatio
2341 1085 2611 1141 naturalis
2662 1086 2999 1156 operationis
3046 1107 3058 1142 :
3099 1086 3172 1140 ita
3222 1085 3386 1139 etiam
3451 1083 3627 1136 virtus

369 1170 432 1222 τὸ
460 1171 639 1239 χεῖρον
664 1169 785 1222 ἀντὶ
809 1166 904 1221 τοῦ
938 1167 1248 1238 κρείττονος
1278 1167 1637 1238 προελομένη.

2049 1171 2370 1229 adversatur
2428 1177 2581 1232 vitio.
2657 1176 2775 1233 Non
2829 1193 3123 1249 possumus
3180 1177 3325 1230 enim
3386 1173 3626 1243 cogitare

366 1265 521 1318 aliam
547 1261 671 1316 vitii
698 1261 1123 1332 generationem,
1162 1274 1327 1328 quam
1348 1259 1568 1314 virtutis
1592 1259 1914 1315 absentiam.
1957 1261 2242 1327 Quomodo
2277 1266 2421 1322 enim
2481 1268 2664 1324 ablata
2723 1270 2844 1325 luce
2910 1277 3327 1339 consequuntur
3365 1265 3624 1326 tenebrae.

364 1374 469 1413 non
519 1345 662 1413 sunt
701 1367 882 1413 autem
913 1359 959 1413 si
1015 1355 1157 1412 adsit
1192 1375 1206 1410 :
1237 1355 1311 1408 ita
1351 1355 1597 1425 quandiu
1642 1355 1806 1411 fuerit
1842 1356 2044 1411 bonum
2079 1358 2136 1413 in
2168 1369 2384 1430 natura,
2467 1378 2564 1433 per
2612 1379 2672 1419 se
2743 1379 2853 1418 non
2903 1365 3157 1419 consistit
3222 1363 3448 1425 vitium;
3506 1358 3630 1428 ejus

363 1457 542 1505 autem
575 1450 729 1520 quod
773 1458 856 1505 est
887 1449 1082 1504 melius
1113 1463 1368 1504 recessus
1403 1449 1462 1500 ﬁt
1497 1448 1776 1517 generatio
1808 1449 2093 1504 contrarii.
2126 1449 2394 1518 Quoniam
2438 1469 2567 1526 ergo
2631 1455 2737 1510 hoc
2777 1463 2862 1511 est
2929 1456 3237 1526 proprietas
3299 1451 3457 1507 liberi
3535 1463 3628 1502 ar-

360 1543 528 1606 bitrii,
564 1552 629 1597 ut
655 1543 828 1596 libere
857 1541 1005 1612 quod
1032 1541 1218 1595 animo
1246 1549 1460 1612 gratum
1490 1539 1652 1596 fuerit
1690 1540 1945 1612 eligatur,
1986 1556 2095 1597 non
2129 1552 2213 1600 est
2277 1545 2377 1600 tibi
2422 1544 2566 1602 Deus
2603 1555 2799 1602 auctor
2845 1557 2900 1602 et
2935 1562 3102 1602 causa
3171 1545 3441 1600 malorum
3482 1557 3624 1611 pra:-

361 1641 628 1702 sentium,
662 1647 985 1694 constructa
1039 1638 1136 1693 tibi
1183 1646 1380 1692 natura
1415 1653 1536 1707 quae
1569 1636 1790 1692 domino
1838 1652 1947 1692 non
1987 1650 2141 1708 paret
2171 1650 2364 1713 estque
2387 1643 2557 1698 libera
2583 1649 2636 1701 et
2663 1645 2862 1710 soluta,
2891 1643 2987 1699 sed
3050 1642 3250 1698 malum
3313 1639 3626 1706 consilium,

363 1731 504 1802 quod
541 1731 714 1801 elegit
746 1743 847 1799 pro
879 1727 1091 1784 meliori
1126 1728 1177 1782 id
1207 1729 1354 1798 quod
1389 1737 1476 1784 est
1505 1729 1764 1784 deterius.

954 1823 1204 1876 ΚΕΦΑΛ.
1254 1823 1347 1890 cr.

425 1915 632 1983 Ζητεῖς
653 1912 711 1966 δὲ
731 1914 822 1966 καὶ
844 1913 942 1982 τὴν
975 1912 1154 1966 αἰτίαν
1185 1913 1344 1984 τυχὸν
1384 1912 1485 1982 τῆς
1511 1921 1654 1966 κατὰ
1681 1922 1781 1984 την
1821 1911 1942 1982 βου-

363 2001 470 2071 λὴν
491 1999 836 2070 διαμαρτίας
875 2004 951 2064 είς
989 1999 1148 2056 τοῦτο
1186 2002 1295 2074 γὰρ
1328 2005 1362 2073 ἡ
1396 2001 1688 2056 ἀκολουθία
1716 2000 1823 2053 τῶν
1850 1999 1941 2052 λόι

367 2109 485 2157 γων
517 2092 696 2160 φέρει.
731 2091 926 2144 Οὐκοῦν
952 2092 1112 2145 πάλιν
1153 2093 1294 2165 ἀρχή
1329 2111 1412 2156 τις
1433 2095 1568 2164 ἡμῖν
1598 2091 1738 2145 κατά
1765 2091 1826 2144 τὸ
1855 2089 1944 2144 εὖ·

361 2182 520 2250 λογον
558 2181 934 2253 εὑρεθήσεται,
954 2165 1103 2252 ἡ’καὶ
1129 2181 1286 2236 τοῦτο
1312 2183 1596 2254 σαφηνίσει
1616 2183 1676 2236 τὸ
1699 2185 1938 2253 ζήτημα.

362 2273 619 2328 Τοιοῦτόν
638 2291 757 2326 τινα
791 2273 948 2341 λόγον
988 2273 1137 2345 παρά
1158 2273 1265 2327 τῶν
1293 2274 1550 2346 Πατέρων
1572 2273 1936 2342 διεδεξάμεθα·

362 2368 479 2422 ἔστι
505 2368 563 2421 δὲ
590 2370 618 2421 ό
651 2367 830 2436 λόγος,
857 2367 918 2420 οὐ
956 2367 1204 2438 μυθώδης
1235 2368 1508 2438 διήγησις,
1539 2366 1652 2420 ἀλλ’
1687 2366 1746 2430 ἐξ
1774 2365 1943 2436 αὐτῆς

359 2461 458 2532 τῆς
481 2459 702 2528 φύσεως
727 2459 885 2531 ήμῶν
913 2459 975 2513 τὸ
1020 2459 1208 2512 πιστὸν
1254 2460 1613 2530 ἐπαγόμενοςο
1641 2458 1812 2528 Διπλῆ
1860 2457 1945 2521 τίς

361 2551 503 2603 ἐστιν
532 2553 600 2603 ἐν
649 2552 766 2611 τοῖς
821 2545 942 2602 οῦσι
975 2550 1318 2621 κατανόησις,
1359 2552 1438 2614 είς
1459 2551 1518 2603 τὸ
1547 2549 1733 2620 νοητόν
1764 2567 1822 2602 τε
1850 2551 1944 2603 καὶ

368 2639 621 2711 αἰσθητὸν
647 2639 999 2710 τῆςθεωρίας
1023 2639 1374 2711 διῃρημένης.
1396 2639 1506 2693 Καὶ⁹
1527 2639 1678 2692 οὐδὲν
1701 2638 1770 2692 ἂν
1792 2638 1943 2709 παρά

364 2731 530 2785 ταῦτα
588 2730 964 2800 καταληφθείη
1015 2732 1070 2782 ὲν
1131 2725 1348 2802 τῆτῶν
1407 2732 1576 2785 ὄντων
1619 2731 1810 2801 φύσει,
1845 2731 1944 2800 τῆς

362 2823 682 2893 διαιρέσεως
707 2823 908 2893 ταύτης
931 2823 1034 2888 ἔξω
1060 2824 1380 2896 φερόμενον.
1401 2823 1662 2894 Διῄρηται
1687 2823 1744 2876 δὲ
1771 2822 1946 2875 ταῦτα

367 2913 500 2982 πρὸς
532 2913 742 2982 ἄλληλα
769 2913 948 2984 πολλῷ
976 2913 1052 2984 τῷ
1088 2914 1256 2984 μέσῳ,
1282 2915 1356 2978 ὼς
1393 2916 1528 2985 μήτε
1558 2914 1653 2985 τὴν
1681 2912 1944 2990 αἰσθητὴν

368 3007 424 3056 ὲν
442 3008 555 3069 τοῖς
584 3007 798 3074 νοητοῖς
830 3001 969 3058 εἶναι
993 3008 1356 3078 γνωρίσμασι,
1376 3009 1512 3077 μήτε
1539 3008 1596 3059 ὲν
1622 3008 1734 3070 τοῖς
1759 3003 1946 3074 αἰσθη-

367 3095 479 3158 τοῖς
535 3096 783 3165 ἐκείνην,
818 3097 932 3149 ἀλλ’
963 3097 1070 3150 ἀπὸ
1103 3098 1210 3152 τῶν
1248 3097 1505 3152 ἐναντίων
1551 3097 1814 3165 ἑκατέραν
1845 3114 1944 3167 χα-

375 3181 812 3251 ρακτηρίζεσθαι.
857 3184 922 3236 Ἡ
953 3185 1049 3254 μὲν
1075 3185 1184 3258 γὰρ
1218 3185 1383 3256 νοητὴ
1431 3185 1591 3255 φύσις
1654 3184 1945 3255 ἀσώματόν

371 3287 423 3322 τι
464 3271 657 3342 χρῆμά
692 3274 806 3326 ἐστι
850 3274 946 3326 καὶ
990 3276 1192 3344 ἀναφὲς
1236 3277 1328 3329 καὶ
1359 3276 1617 3331 ἀνείδεον.
1659 3276 1723 3330 Ἡ
1757 3277 1816 3330 δὲ
1863 3279 1947 3330 αί-

369 3363 539 3435 σθητὴ
570 3365 690 3418 κατ’
735 3365 871 3418 αὐτὸ
899 3367 959 3418 τὸ
993 3367 1184 3438 ὄνομα,
1217 3368 1367 3432 ἐντός
1413 3370 1528 3421 ἐστι
1561 3369 1662 3440 τῆς
1703 3367 1791 3422 διὰ
1837 3369 1946 3423 τῶν

366 3455 734 3527 αἰσθητηρίων
763 3459 1162 3529 κατανοήσεως.
1211 3459 1350 3512 Ἀλλ’
1386 3459 1573 3531 ὥσπερ
1607 3461 1663 3512 ὲν
1694 3459 1843 3530 αύτῷ
1870 3457 1945 3532 τῷ

366 3547 608 3619 αἰσθητῷ
640 3548 830 3619 κόσμῳ
878 3549 1080 3620 πολλῆς
1114 3551 1248 3621 πρὸς
1281 3551 1485 3622 ἄλληλα
1519 3552 1630 3604 τῶν
1665 3551 1944 3621 στοιχείων

364 3636 532 3709 οὔσης
556 3638 947 3705 ἐναντιώσεως,
975 3641 1313 3713 ἐπινενόηται
1338 3659 1420 3705 τις
1451 3643 1684 3714 ἁρμονία
1721 3642 1810 3696 διὰ
1835 3643 1944 3697 τῶν

370 3727 624 3781 ἐναντίων
649 3729 994 3801 ἀρμοζομένη
1027 3731 1176 3802 παρὰ
1205 3733 1306 3803 τῆς
1341 3733 1435 3786 τοῦ
1491 3733 1690 3797 παντὸς
1716 3735 1941 3787 ἐπιστα-

379 3819 570 3889 τούσης
600 3823 783 3889 σοφίας
804 3839 818 3854 ·
854 3825 948 3876 καὶ
992 3823 1165 3888 οὕτως
1199 3825 1380 3896 πάσης
1403 3826 1611 3894 γίνεται
1646 3826 1782 3896 πρὸς
1814 3827 1942 3878 ἐαυ-

381 3906 486 3975 τὴν
534 3910 807 3977 συμφωνία
841 3912 939 3982 τῆς
992 3913 1241 3977 κτίσεως,
1286 3913 1520 3984 οὐδαμοῦ
1565 3913 1664 3984 τῆς
1709 3915 1944 3986 φυσικῆς

373 3999 750 4070 ἐναντιότητος
785 4003 867 4055 τὸν
904 4006 1007 4074 τῆς
1042 4004 1342 4075 συμπνοίας
1373 4006 1562 4077 εἱρμὸν
1598 4006 1940 4078 διαλυούσης,

367 4090 520 4144 κατά
561 4092 651 4146 τὸν
694 4095 854 4147 αὑτὸν
908 4096 1108 4168 τρόπον
1153 4096 1370 4150 καὶτοῦ
1423 4097 1682 4168 αἰσθητοῦ
1721 4099 1856 4170 πρὸς
1883 4099 1953 4152 τὰ

358 4183 551 4253 νοητὸν
596 4187 804 4254 γίνεταί
850 4205 938 4252 τις
986 4188 1128 4241 κατά
1175 4188 1324 4242 θείαν
1375 4191 1564 4260 σοφίαν
1593 4191 1738 4259 μίξις
1759 4207 1816 4243 τε
1848 4191 1942 4244 καὶ

355 4274 685 4348 ἀνάκρασις,
699 4281 774 4344 ὡς
799 4278 864 4332 ἂν
893 4280 1070 4334 πάντα
1106 4280 1196 4335 τοῦ
1237 4281 1398 4335 καλοῦ
1424 4282 1564 4337 κατὰ
1583 4282 1643 4336 τὸ
1664 4281 1779 4336 ἴσον
1814 4300 1942 4353 μετ·

356 4368 496 4438 έχοι,
533 4372 628 4424 καὶ
665 4373 832 4442 μηδὲν
867 4374 975 4426 τῶν
1016 4374 1185 4428 ὄντων
1208 4375 1460 4447 ἀμοιροίη
1493 4378 1590 4446 τῆς
1633 4375 1941 4446 κρείττονος

355 4460 596 4529 φύσεως.
627 4464 723 4516 Διά
752 4465 910 4518 τοῦτο
930 4467 990 4518 τὸ
1018 4468 1114 4536 μὲν
1135 4466 1466 4538 κατάλληλον
1490 4471 1556 4538 τῇ
1581 4470 1745 4539 νοητῇ
1781 4465 1939 4536 φύσει

2660 1816 2892 1873 CAPUT
2932 1816 3021 1873 Vl.

2121 1911 2334 1978 Quaeris
2387 1919 2569 1966 autem
2623 1912 2786 1966 etiam
2840 1911 3074 1966 fortasse
3126 1926 3349 1966 causam
3415 1917 3623 1982 peccati

2049 2002 2196 2073 quod
2225 2001 2480 2056 consulto
2509 2001 2841 2062 admittitur,
2883 2016 2949 2056 eo
2995 2002 3139 2056 enim
3172 2002 3392 2056 deducit
3421 2005 3626 2059 oratio-

2048 2094 2138 2149 nis
2195 2092 2606 2162 consequentia.
2663 2089 2880 2149 Rursus
2933 2106 3062 2164 ergo
3105 2092 3266 2147 nobis
3315 2093 3625 2150 invenietur

2050 2183 2272 2254 aliquod
2320 2183 2674 2253 principium,
2733 2191 2792 2237 ut
2835 2191 2920 2238 est
2966 2193 3421 2250 consentaneum,
3475 2189 3622 2254 quod

2050 2275 2195 2330 hanc
2251 2276 2417 2331 etiam
2478 2275 2777 2345 explicabit
2827 2275 3204 2345 quaestionem.
3274 2276 3318 2329 A
3370 2276 3626 2334 Patribus

2049 2367 2341 2438 quamdam
2390 2366 2554 2421 talem
2599 2367 2911 2423 invenimus
2937 2368 3264 2433 orationem,
3319 2377 3403 2423 est
3442 2381 3624 2424 autem

2051 2457 2250 2522 oratio,
2291 2472 2402 2511 non
2438 2455 2686 2512 fabulosa
2721 2459 2985 2521 narratio,
3021 2458 3114 2513 sed
3137 2474 3257 2529 quae
3288 2474 3354 2514 ex
3382 2459 3498 2530 ipsa
3527 2475 3625 2514 na-

2050 2556 2176 2603 tura
2217 2549 2376 2605 aﬂ'ert
2424 2547 3130 2618 probabilitatcszuplex
3181 2558 3266 2605 est
3321 2551 3374 2604 in
3413 2552 3480 2606 iis
3504 2568 3624 2623 qua:

2051 2651 2182 2699 sunt
2206 2641 2600 2704 consideratio,
2635 2634 2689 2695 in
2723 2641 2776 2695 id
2811 2640 2955 2710 quod
2986 2641 3285 2711 percipitur
3315 2642 3624 2714 intelligen-

2053 2735 2148 2800 tia,
2181 2741 2236 2789 et
2274 2734 2330 2788 id
2361 2733 2507 2803 quod
2549 2741 2635 2787 est
2668 2731 2888 2796 sensile,
2922 2729 3099 2785 divisa
3143 2735 3619 2803 contemplatione.

2050 2823 2238 2894 Neque
2265 2829 2461 2894 praeter
2500 2821 2616 2876 haec
2636 2821 2933 2892 quidquam
2965 2821 3197 2891 relinqui
3233 2831 3413 2891 potest
3451 2824 3507 2878 in
3535 2840 3622 2880 re-

2052 2930 2174 2969 rum
2225 2924 2440 2978 natura,
2472 2913 2616 2984 quod
2654 2911 2863 2968 feratur
2891 2922 3044 2968 extra
3099 2913 3241 2969 hanc
3273 2915 3620 2972 divisionem.

2053 3005 2250 3076 Magno
2284 3015 2464 3061 autem
2509 3006 2797 3060 intervallo
2834 3013 2963 3062 sunt
2993 3007 3109 3062 haec
3147 3007 3289 3063 inter
3321 3024 3380 3063 se
3411 3007 3620 3077 disjun-

2054 3105 2162 3162 cta,
2187 3104 2248 3150 ut
2280 3111 2456 3166 neque
2503 3097 2720 3167 cognita
2752 3096 2825 3151 sit
2867 3098 3085 3153 sensilis
3110 3098 3252 3152 inter
3279 3114 3342 3154 ea
3367 3113 3490 3169 quae
3531 3113 3622 3153 ca-

1973 3175 2016 3234 C
2050 3185 2323 3244 duntsub
2356 3185 2801 3256 intelligentiam,
2827 3201 2928 3242 nec
2958 3203 3078 3257 quae
3111 3188 3468 3259 intelligentia
3501 3205 3624 3260 per-

2050 3277 2329 3347 cipiuntur
2378 3278 2522 3332 inter
2575 3277 2824 3342 sensilia,
2877 3278 2972 3334 sed
3020 3287 3254 3349 utraque
3305 3280 3536 3334 formam
3569 3290 3624 3335 et

2049 3368 2420 3422 characterem
2463 3367 2740 3436 accipiunt
2788 3383 2817 3421 a
2851 3369 3168 3424 contrariis.
3201 3365 3335 3422 Nam
3367 3385 3490 3440 quas
3535 3369 3624 3424 in-

2049 3456 2349 3528 telligentia
2388 3456 2606 3526 quidem
2637 3457 2939 3528 percipitur
2979 3465 3196 3523 natura,
3235 3468 3319 3515 est
3349 3475 3438 3516 res
3471 3475 3620 3531 qua:-

2048 3547 2173 3602 dam
2215 3543 2560 3618 incorporea,
2591 3554 2645 3602 et
2680 3547 2961 3614 intactilis,
2991 3557 3044 3604 et
3073 3549 3343 3605 informis.
3389 3549 3622 3606 Sensilis

2049 3647 2229 3694 autem
2275 3654 2340 3694 ex
2375 3638 2493 3709 ipso
2537 3639 2782 3702 nomine,
2835 3647 2919 3694 est
2960 3640 3102 3695 intra
3142 3642 3340 3697 mentis
3369 3657 3620 3712 compre-

2048 3732 2366 3788 hensionem
2413 3747 2535 3801 quae
2580 3730 2682 3786 fuit
2739 3747 2836 3802 per
2881 3732 3129 3788 sensilia.
3177 3732 3282 3789 Sed
3347 3733 3623 3804 quomodo

2048 3839 2172 3880 cum
2202 3824 2256 3878 in
2293 3823 2496 3878 mundo
2523 3839 2719 3894 magna
2752 3825 2823 3880 sit
2851 3825 2994 3880 inter
3030 3840 3089 3881 se
3127 3825 3358 3880 invicem
3385 3827 3624 3882 elemen-
3704 3890 3712 3897 _

2046 3923 2228 3972 torum
2276 3916 2655 3987 repugnantia,
2699 3931 2728 3969 a
2769 3917 3038 3996 sapientia
3085 3933 3206 3986 quae
3256 3924 3452 3986 praeest
3501 3919 3623 3970 uni-

2045 4007 2314 4070 versitati,
2371 4008 2677 4078 excogitata
2728 4017 2813 4062 est
2850 4007 3094 4076 qumdam
3143 4009 3452 4071 harmonia,
3500 4025 3622 4078 qum

2045 4097 2412 4151 concinnatur
2455 4105 2509 4151 et
2543 4105 2760 4166 aptatur
2798 4113 2893 4165 per
2923 4097 3242 4164 contraria;
3270 4107 3325 4152 et
3368 4099 3442 4154 ita
3495 4099 3622 4155 uni-

2043 4201 2216 4242 versae
2251 4196 2516 4241 creaturae
2560 4186 2628 4238 ad
2672 4186 2904 4254 seipsam
2957 4187 3267 4242 extenditur
3296 4198 3615 4254 concentus.

2044 4278 2283 4332 naturali
2311 4277 2671 4347 repugnantia
2710 4275 2933 4332 minime
2965 4277 3210 4333 solvente
3243 4281 3440 4336 seriem
3478 4297 3615 4336 con-

2044 4367 2358 4438 Spirationis
2395 4385 2408 4420 :
2449 4367 2637 4422 eodem
2689 4367 2852 4421 modo
2895 4368 3015 4436 ejus
3061 4370 3207 4439 quod
3259 4379 3342 4428 est
3392 4373 3614 4439 sensile,

2043 4472 2168 4512 cum
2217 4472 2283 4511 eo
2335 4455 2480 4527 quod
2525 4456 2670 4510 cadit
2723 4457 2828 4510 sub
2867 4457 3303 4527 intelligentiam,
3351 4476 3381 4513 a
3434 4462 3617 4516 divina

350 4551 635 4622 χωρίον,ὴ
675 4553 867 4626 λεπτὴ,
891 4555 1080 4627 λογικὴ
1123 4556 1214 4609 καὶ
1252 4557 1534 4625 εὐκίνητός
1577 4557 1723 4610 ἐστιν
1748 4557 1938 4620 οὐσία,

2047 4545 2316 4616 sapientia
2363 4545 2419 4600 ﬁt
2461 4546 2708 4616 quaedam
2758 4547 3068 4602 commistio
3112 4556 3165 4602 et
3215 4551 3514 4614 concretio,
3557 4558 3617 4604 ut

350 4643 497 4695 κατά
523 4642 622 4714 τὴν
648 4645 1016 4718 ύπερκόσμιον
1044 4649 1194 4720 λῆξιν
1227 4647 1424 4719 πολλὴν
1462 4648 1658 4720 ἔχουσα
1690 4649 1768 4718 τῷ
1805 4648 1938 4702 ιδιά-

347 4732 503 4797 ζοντι
545 4737 643 4806 τῆς
690 4737 902 4807 φύσεως
962 4741 1096 4809 πρὸς
1128 4739 1188 4793 τὸ
1242 4740 1429 4812 νοητὸν
1465 4740 1564 4811 τὴν
1599 4740 1938 4808 συγγένειαν.

348 4826 679 4897 Προμηθεία
719 4827 776 4881 δὲ
818 4830 1085 4900 κρείττονι
1142 4832 1277 4900 πρὸς
1329 4830 1429 4901 τὴν
1470 4828 1732 4901 αίσθητὴν
1781 4829 1940 4898 φύσιν

345 4917 571 4982 γίνεταί
623 4935 709 4980 τις
757 4919 852 4972 τοῦ
910 4920 1102 4992 νοητοῦ
1160 4921 1575 4993 συνανάκρασις,
1610 4920 1686 4985 ὡς
1735 4919 1802 4974 ἂν
1839 4937 1938 4991 μη-

342 5004 436 5057 δὲν
507 5005 817 5077 ἀπόϐλητον
875 5011 960 5080 εἴη
1019 5011 1119 5082 τῆς
1174 5012 1422 5076 κτίσεως,
1477 5010 1657 5074 καθώς
1711 5028 1876 5082 φησιν
1909 5013 1938 5063 ὁ

356 5095 729 5161 Ἀπόστολος,
772 5098 906 5170 μηδὲ
939 5100 1040 5169 τῆς
1073 5099 1224 5165 θείας
1268 5100 1552 5164 κοινωνίας
1607 5100 1939 5171 ἀπόκληρον.

342 5183 565 5237 τούτου
613 5186 773 5257 χάριν
818 5189 882 5242 ἐκ
936 5190 1127 5260 νοητοῦ
1154 5207 1211 5243 τε
1247 5191 1341 5244 καὶ
1380 5190 1674 5261 αἰσθητοῦ,
1698 5192 1758 5245 τὸ
1804 5190 1945 5246 κατά

340 5273 438 5325 τὸν
475 5273 768 5346 ἄνθρωπον
811 5279 988 5348 μίγμα
1041 5281 1192 5353 παρά
1235 5284 1334 5354 τῆς
1369 5281 1518 5346 θείας
1568 5282 1944 5337 ἀναδείκνυται

341 5363 597 5429 φύσεως,
629 5367 811 5432 καθὼς
838 5369 1078 5425 διδάσκει
1120 5373 1220 5443 τῆς
1268 5373 1653 5444 κοσμογενείας
1683 5375 1712 5427 ὁ
1760 5373 1934 5442 λόγος.

340 5454 572 5510 Λαϐὼν
607 5457 734 5529 γὰρ,
775 5463 1014 5532 φησὶν,ό
1044 5466 1182 5535 Θεὸς
1216 5467 1370 5538 χοῦν
1401 5466 1516 5523 ἀπὸ
1547 5466 1655 5538 τῆς
1675 5467 1805 5538 γῆς,
1835 5469 1940 5522 τὸν

433 5629 457 5663 ³
493 5630 510 5684 Ι
553 5629 787 5689 Timotb.
827 5653 899 5706 tv,
939 5639 988 5694 ι.

2045 4637 2228 4692 omnia
2285 4652 2350 4692 ex
2400 4652 2556 4706 aequo
2611 4645 2822 4707 partem
2863 4636 3101 4692 habeant
3152 4639 3292 4707 ejus,
3349 4638 3493 4708 quod
3533 4647 3617 4693 est

2048 4729 2337 4800 pulchrum
2370 4737 2424 4781 et
2455 4727 2772 4792 honestum}
2799 4735 2852 4783 et
2883 4744 2947 4783 ex
2977 4729 3044 4784 iis
3078 4745 3198 4799 qua:
3227 4739 3356 4785 sunt
3382 4731 3516 4786 nihil
3544 4731 3618 4786 sit

2042 4837 2238 4892 expers
2292 4830 2501 4875 natura!
2537 4819 2801 4874 melioris.
2851 4819 3145 4891 Propterea
3198 4822 3352 4875 locus
3391 4821 3610 4891 quidem

2044 4927 2355 4982 congruens
2405 4911 2706 4966 intellectili
2745 4920 2975 4974 naturae,
3026 4913 3206 4966 tenuis
3239 4921 3324 4966 est
3375 4921 3427 4966 et
3457 4913 3614 4983 agilis

2045 5004 2352 5058 substantia
2392 5017 2512 5073 quae
2539 5003 2595 5056 in
2639 5004 3083 5073 supramundana
3116 5004 3336 5073 regione
3367 5016 3615 5072 proprie-

2043 5103 2156 5150 tate
2191 5103 2402 5149 naturze
2453 5109 2565 5149 suae
2616 5109 2866 5166 magnam
2927 5095 3090 5149 habet
3137 5109 3260 5148 cum
3309 5095 3611 5151 intellectili

2043 5187 2444 5258 cognationem.
2496 5185 2704 5242 Meliori
2737 5195 2916 5242 autem
2963 5185 3328 5255 providentia,
3363 5186 3610 5258 quaedam

2045 5278 2104 5333 ﬁt
2143 5279 2574 5348 contemperatio
2605 5277 2726 5346 ejus
2755 5275 2901 5346 quod
2956 5275 3255 5345 percipitur
3309 5276 3612 5347 intelligen-

2044 5370 2120 5424 tia
2163 5383 2288 5423 cum
2333 5368 2522 5424 sensili
2564 5376 2782 5432 natura,
2817 5375 2876 5420 ut
2903 5373 3168 5422 creatura:
3210 5365 3346 5421 nihil
3379 5365 3450 5422 sit
3480 5364 3612 5434 reji—

2051 5461 2327 5530 ciendum,
2363 5469 2422 5515 ut
2453 5460 2587 5516 dicit
2614 5457 2909 5530 Apostolus
2931 5462 2973 5526 ',
3001 5475 3175 5530 neque
3193 5473 3388 5529 expers
3416 5455 3612 5512 divinre
