4072 6212
541 244 643 327 ἐγ

1803 273 1862 329 s.
1898 273 2229 332 GREGOBII
2267 266 2562 336 Nv'sssm

3747 294 3814 350 9.8

567 391 990 450 communionis.
1022 390 1098 445 Ea
1134 391 1202 446 de
1234 406 1425 455 causa,
1450 407 1514 447 ex
1553 406 1619 448 co
1645 393 1792 464 quod
1829 395 2128 466 percipitur

2247 398 2545 469 ἳνθρωπυν
2582 397 2816 452 ἔπλασε
2837 412 2849 424 ·
2887 398 2984 450 καὶ
3012 396 3103 451 διὰ
3146 394 3248 469 τῆς
3288 399 3423 463 ιδίας
3466 400 3817 471 ἐμπνεύσεως

567 483 943 554 intelligentia,
992 490 1047 537 et
1078 497 1143 537 eo
1185 482 1331 552 quod
1364 482 1506 537 cadit
1538 483 1641 538 sub
1683 499 1928 551 sensum,
1969 487 2030 541 [lt
2076 488 2130 542 in

569 575 788 630 homine
836 574 1082 642 quasdam
1134 573 1318 629 ntistio
1345 589 1376 628 a
1409 572 1593 629 divina
1630 582 1850 642 natura,
1890 587 1948 631 ut
1974 578 2134 633 docet

567 665 707 719 liber
754 664 942 719 mundi
1004 664 1412 734 generationis,
1453 662 1587 720 Cum
1623 666 1767 721 enim
1816 669 2130 735 accepisset,

565 756 776 825 inquit,
811 755 950 810 Deus
1002 757 1182 809 limum
1223 772 1288 811 ea:
1338 766 1508 824 terra,
1550 757 1705 827 ﬁnxit
1748 758 2040 826 hominem,
2083 767 2136 814 et

569 862 666 916 per
716 847 992 918 propriam
1052 847 1463 917 inspirationem
1528 849 1788 920 ﬁgmento
1840 850 2136 906 insulﬂavit

568 941 767 1005 vitam;
808 948 865 994 ut
894 954 1017 994 cum
1049 954 1114 994 eo
1143 939 1288 1010 quod
1316 949 1401 996 est
1428 940 1672 997 divinum
1709 943 1873 998 simul
1906 945 2136 999 extolle-

569 1040 718 1084 retur
758 1038 1057 1095 terrenum,
1096 1039 1149 1086 et
1194 1046 1301 1086 una
1345 1032 1518 1103 gratia
1551 1033 1669 1103 pari
1698 1033 1911 1089 honore
1950 1050 2137 1105 perva-

569 1118 719 1174 deret
754 1121 1065 1176 universam
1094 1130 1419 1187 creaturam,
1469 1122 1717 1179 inferiori
1757 1133 1954 1181 natura
1996 1141 2135 1182 con-

571 1220 872 1282 temperata
921 1228 1046 1267 cum
1110 1214 1575 1283 supramundana.
1622 1217 1757 1272 Cum
1799 1233 1928 1289 ergo
1985 1221 2135 1288 pritts

570 1301 904 1357 consistente
953 1317 1071 1372 quae
1120 1305 1478 1376 intelligentia
1514 1308 1818 1379 percipitur
1864 1316 2136 1378 creatura,

568 1400 622 1447 et
655 1394 1021 1464 angelicarum
1049 1394 1310 1451 virtutum
1342 1413 1668 1469 unaquaque
1695 1401 2033 1470 operatione,
2068 1403 2138 1459 ab

568 1497 633 1537 ea
680 1498 800 1554 quae
841 1495 1038 1556 prazest
1090 1487 1363 1543 universis
1392 1498 1711 1559 ‘potestate,
1764 1491 2030 1547 attributa
2069 1493 2137 1548 ad

571 1577 1013 1632 constitutionem
1063 1580 1464 1647 universitatis,
1507 1589 1655 1638 esset
1687 1582 1934 1653 quaedam
1980 1589 2137 1653 pole-

571 1675 684 1721 stas
730 1668 998 1733 ordinata,
1056 1677 1114 1724 ut
1164 1671 1342 1725 locum
1390 1680 1706 1728 terrestrem
1748 1673 2054 1729 contineret
2083 1682 2138 1728 et

2236 486 2314 558 τῷ
2363 486 2642 555 πλάσματι
2688 484 2786 556 τὴν
2831 484 2978 557 ζωὴν
3020 486 3384 557 ἐνεφύσησεν·
3436 488 3512 553 ὡς
3567 489 3633 545 ἂν
3688 510 3813 548 συν-

2235 579 2499 652 επαρθείη
2543 577 2621 650 τῷ
2660 576 2790 647 θείῳ
2834 576 2895 631 τὸ
2938 577 3121 647 γήϊνον
3145 616 3159 640 ,
3189 578 3286 630 καὶ
3330 578 3428 648 μία
3456 596 3540 644 τις
3577 583 3716 638 κατά
3755 587 3815 639 τὸ
3915 634 3921 640 .

2234 672 2495 741 ὁμότιμον
2521 670 2609 724 διὰ
2642 670 2823 739 πάσης
2849 668 2950 739 τῆς
2982 667 3215 731 κτίσεως
3240 670 3274 739 ή
3300 669 3459 742 χάρις
3485 671 3683 744 διήκοι,
3711 678 3811 746 τῆς

2237 760 2389 813 κάτω
2421 761 2637 829 φύσεως
2671 758 2803 829 πρὸς
2828 757 2925 829 τὴν
2957 758 3322 830 ὑπερκόσμιον
3355 764 3807 835 συγκιρναμένης.

2249 850 2403 903 Ἐπεὶ
2433 844 2526 903 οὖν
2570 849 2673 919 τῆς
2709 848 2905 917 νοητῆς
2962 847 3195 910 κτίσεως
3241 852 3683 922 προῡποστάσης,
3717 856 3811 906 καὶ

2238 941 2473 1012 ἑκάστης
2499 941 2610 995 τῶν
2636 939 2946 1009 ἀγγελικῶν
2966 940 3250 1010 δυνάμεων
3272 942 3410 1013 πρὸς
3438 943 3535 1015 τὴν
3558 944 3652 998 τοῦ
3676 963 3813 998 παν-

2234 1036 2326 1099 τὸς
2352 1038 2610 1089 σύστασιν
2649 1032 2929 1104 ἐνεργείας
2952 1032 3098 1097 τινὸς
3139 1033 3292 1105 παρά
3331 1034 3434 1105 τῆς
3458 1035 3567 1090 τῶν
3596 1037 3813 1091 πάντων

2236 1125 2629 1197 έπιστατούσης
2656 1124 2897 1190 ἐξουσίας
2935 1123 3424 1196 προσνεμηθείσης,
3459 1122 3528 1197 ἦν
3551 1144 3635 1190 τις
3656 1127 3812 1181 δύνα-
3892 1186 3897 1193 ,

2241 1233 2332 1287 μις
2370 1217 2402 1287 ἡ
2441 1215 2531 1268 τὸν
2565 1213 2841 1286 περίγειον
2870 1213 3030 1267 τόπον
3056 1213 3298 1284 συνέχειν
3326 1232 3386 1268 τε
3425 1216 3521 1269 καὶ
3545 1233 3814 1287 περικρα-

2237 1311 2348 1363 τεῖν
2385 1306 2717 1378 τεταγμένη,
2747 1307 2829 1368 είς
2877 1305 3011 1359 αὑτὸ
3049 1302 3206 1359 τοῦτο
3250 1305 3627 1377 δυναμωθείσα
3658 1306 3811 1377 παρά

2236 1398 2337 1468 τῆς
2349 1399 2411 1452 τὸ
2425 1398 2532 1451 πᾶν
2551 1395 2937 1467 οίκονομούσης
2950 1394 3251 1466 δυνάμεως·
3267 1392 3387 1450 εἶτα
3407 1396 3812 1466 κατεσκευάσθη

2235 1489 2297 1543 τὸ
2328 1489 2513 1560 γήϊνον
2552 1487 2779 1558 πλάσμα
2821 1489 2918 1557 τῆς
2943 1485 3056 1540 ἄνω
3099 1485 3380 1557 δυνάμεως
3409 1486 3775 1558 ἀπεικόνισμα
3797 1504 3809 1517 ·

2235 1580 2394 1636 τοῦτο
2427 1580 2487 1634 δὲ
2530 1581 2591 1635 τὸ
2631 1578 2767 1644 ζῶον
2821 1579 2850 1630 ὁ
2890 1576 3174 1647 ἄνθρωπος
3202 1592 3217 1607 ο
3247 1576 3342 1630 καὶ
3366 1572 3434 1648 ἦν
3473 1578 3531 1630 έν
3572 1576 3720 1647 αὑτῷ
3754 1576 3815 1629 τὸ

2239 1670 2469 1735 θεοειδὲς
2518 1670 2619 1741 τῆς
2666 1669 2860 1740 νοητῆς
2910 1666 3124 1737 φύσεως
3179 1665 3393 1730 κάλλος,
3438 1666 3660 1738 ἀρρήτῳ
3708 1667 3814 1718 τινὶ

571 1754 907 1813 dominatum
937 1760 993 1814 in
1040 1776 1165 1815 eum
1206 1761 1500 1826 obtineret,
1528 1764 1740 1819 viribus
1773 1763 1843 1818 ad
1892 1763 1949 1819 id
1980 1779 2135 1820 accc-

2247 1764 2462 1835 δυνάμει
2518 1738 2995 1832 συγκεκραμένονο
3047 1758 3217 1815 δεινὸν
3268 1760 3501 1811 ποιεῖται
3558 1758 3653 1810 καὶ⁸
3711 1758 3811 1810 οὑκ

571 1847 678 1915 ptis
710 1863 739 1901 a
764 1859 1031 1919 potestate
1056 1853 1147 1906 illa
1189 1869 1310 1922 quae
1341 1854 1751 1911 universitatem
1785 1856 1925 1926 regit
1955 1861 2009 1911 et
2037 1854 2138 1908 atl-
2178 1898 2183 1904 .

572 1939 883 2009 ministrat;
916 1950 971 1997 et
1002 1942 1200 1998 deinde
1230 1952 1376 1999 esset
1400 1943 1678 1999 conditum
1706 1951 1970 2000 terrestre
2002 1943 2139 2000 illud

573 2028 883 2099 ﬁgmentum
942 2034 1299 2087 simulacrum
1350 2049 1602 2103 supernae
1647 2034 1939 2103 potestatis
2001 2034 2141 2102 (erat

572 2127 751 2175 autem
804 2120 907 2177 hoc
946 2122 1152 2177 animal
1195 2123 1400 2194 homo),
1440 2130 1693 2194 essetque
1735 2123 1791 2178 in
1826 2139 1891 2179 eo
1930 2131 2143 2178 naturae

574 2226 695 2280 qua:
743 2213 1043 2284 percipitur
1092 2213 1487 2286 intelligentia,
1539 2213 1722 2271 divina
1769 2213 2141 2284 pulchritudo,

574 2302 833 2358 ineifabili
866 2303 1104 2374 quadam
1135 2305 1334 2360 virtute
1371 2311 1803 2376 contentperata,
1848 2319 1991 2376 azgre
2039 2304 2145 2361 fert

571 2400 628 2447 et
665 2407 774 2446 non
802 2391 1141 2447 tolerandum
1174 2392 1328 2449 ducit
1370 2393 1417 2448 is
1445 2393 1534 2448 cui
1566 2399 1782 2450 terrena
1819 2393 2014 2465 obtigit
2045 2393 2143 2448 ad—

576 2481 928 2548 ministratio,
978 2482 1026 2539 si
1058 2499 1121 2538 ex
1160 2493 1351 2538 natura
1392 2484 1439 2539 ci
1485 2484 1730 2555 subjecta
1764 2484 1946 2556 aliqua
1986 2499 2139 2542 cree-

2235 1851 2458 1907 ἀνεκτὸν
2489 1851 2515 1903 ὁ
2542 1849 2641 1922 τὴν
2671 1849 2945 1921 περίγειον
2970 1845 3279 1916 οἰκονομίαν
3312 1842 3510 1914 λαχὼν,
3542 1845 3592 1896 εί
3620 1846 3685 1897 ἐκ
3709 1843 3809 1913 τῆς

2237 1941 2549 2012 ὑποχειρίου
2591 1939 2741 2010 αὑτῷ
2793 1937 3011 2007 φύσεως
3055 1934 3498 2006 ἀναδειχθήσεταί
3528 1951 3612 1997 τις
3651 1934 3810 1987 οὐσία

2237 2034 2373 2103 πρὸς
2401 2032 2500 2102 τὴν
2526 2030 2897 2103 ὑπερέχουσαν
2934 2028 3087 2092 ἀξίαν
3117 2024 3464 2097 ὡμοιωμένη.
3500 2025 3574 2078 Τὸ
3600 2025 3643 2078 δ’
3674 2025 3811 2093 ὅπερ

2238 2122 2331 2176 ἐπὶ
2343 2122 2405 2175 τὸ
2428 2121 2600 2184 πάθος
2620 2119 2895 2192 κατερρύη
2920 2118 3015 2172 τοῦ
3033 2118 3251 2187 φθόνου,
3269 2118 3297 2170 ὁ
3317 2115 3411 2168 ἐπὶ
3441 2115 3632 2186 μηδενὶ
3659 2112 3816 2183 κακῷ

2240 2211 2479 2275 κτισθε“ις
2523 2208 2678 2280 παρά
2730 2208 2824 2260 τοῦ
2855 2208 2915 2260 τὸ
2961 2206 3068 2257 πᾶν
3108 2205 3165 2255 ὲν
3199 2204 3493 2271 άγαθότητι
3537 2218 3814 2272 συστησα-

2244 2304 2425 2376 μένου,
2455 2301 2517 2354 τὸ
2547 2300 2643 2371 μὲν
2680 2297 2747 2352 δι’
2776 2294 3057 2368 ἀκριϐείας
3080 2292 3355 2359 διεξιέναι,
3378 2292 3440 2345 οὑ
3479 2294 3580 2363 τῆς
3613 2291 3815 2363 παρού-

2244 2412 2343 2465 σης
2391 2389 2770 2464 πραγματείας
2816 2385 2930 2440 ὲστί
2970 2403 2984 2418 ο
3024 2384 3246 2438 δυνατὸν
3295 2383 3341 2436 δ’
3373 2382 3441 2437 ἂν
3484 2382 3570 2455 εἴη
3622 2383 3716 2436 καὶ
3747 2383 3817 2436 δι’

2243 2483 2426 2550 ὀλίγου
2456 2482 2569 2544 τοῖς
2597 2476 3003 2546 ἀπειθεστέροις
3032 2471 3373 2545 παραθέσθαι
3404 2473 3496 2525 τὸν
3524 2471 3680 2540 λόγον

575 2588 666 2634 tur
701 2579 939 2633 essentia
968 2579 1269 2634 assimilata
1310 2580 1361 2634 ei
1399 2593 1519 2648 qua:
1547 2579 1917 2651 supereminet
1952 2580 2228 2652 dignitati.
2302 2574 2774 2646 Quemadmodum
2838 2579 3016 2626 autem
3070 2569 3138 2624 ad
3184 2566 3401 2623 invidia:
3458 2565 3650 2621 vitium
3718 2566 3816 2623 de-

462 2744 470 2751 .
574 2668 789 2724 lluxerit
823 2672 889 2735 is,
926 2670 1018 2740 qui
1067 2671 1135 2725 ad
1191 2670 1402 2726 nullum
1452 2670 1656 2726 malum
1701 2677 1920 2726 creatus
1957 2672 2026 2726 ab
2092 2672 2185 2726 illo

2258 2669 2459 2732 fuerat,
2503 2682 2534 2721 a
2584 2680 2694 2736 quo
2748 2665 3062 2719 universum
3139 2660 3195 2715 in
3252 2659 3494 2721 bonitate
3537 2657 3818 2713 conditum

574 2759 699 2826 fuit,
730 2769 919 2817 exacte
947 2762 1166 2833 quidem
1211 2771 1268 2819 et
1315 2774 1572 2819 accurate
1605 2764 1883 2836 persequi,
1916 2778 2026 2821 non
2056 2773 2139 2821 est
2177 2765 2343 2836 hujus
2380 2763 2592 2839 operis;
2639 2759 2710 2816 iis
2744 2767 2926 2814 autem
2958 2756 3049 2828 qui
3084 2763 3214 2812 sunt
3273 2755 3436 2826 paulo
3484 2754 3654 2825 magis
3731 2753 3818 2808 in-
3888 2833 3893 2836 ἢ

574 2852 802 2920 creduli,
835 2858 1024 2926 paucis
1045 2856 1246 2927 poterit
1278 2854 1461 2913 all’erri
1501 2860 1662 2913 ratio.

646 2946 880 3005 Virtutis
910 2951 1055 3005 enim
1082 2958 1136 3005 et
1165 2951 1283 3005 vitii
1323 2951 1430 3007 sibi
1459 2953 1691 3009 invicem
1725 2954 2134 3011 adversantium

2311 2950 2420 3021 Τῆς
2453 2947 2561 3018 γάρ
2585 2945 2787 3017 ἀρετῆς
2814 2945 2909 2998 καὶ
2938 2944 3036 3015 τῆς
3068 2941 3265 3004 κακίας
3293 2940 3391 3010 οὑχ
3418 2936 3494 3002 ὡς
3523 2936 3618 2992 δύο
3656 2938 3818 2992 τινῶν

576 3040 959 3097 consideratur
1005 3040 1334 3110 discrimen,
1386 3059 1494 3099 non
1552 3051 1812 3115 tanquam
1869 3045 1979 3101 duo
2031 3046 2143 3103 sint

577 3147 699 3203 qua:
743 3140 1039 3188 cernantur
1081 3134 1432 3202 consistere;
1489 3135 1585 3191 sed
1634 3138 1907 3207 quomodo
1960 3139 2028 3193 ab
2078 3153 2145 3194 eo

579 3222 726 3292 quod
758 3229 862 3287 est,
899 3229 961 3277 ut
1019 3222 1309 3280 adversum
1364 3224 1721 3299 distinguitur
1771 3229 1825 3283 id
1857 3231 2004 3301 quod
2036 3246 2146 3285 non

579 3321 685 3377 est,
738 3328 917 3383 neque
972 3313 1079 3369 dici
1128 3323 1308 3385 potest
1363 3316 1507 3386 quod
1564 3333 1661 3388 per
1714 3318 2032 3390 ltypostasin
2083 3334 2148 3375 ac

580 3404 996 3458 consistentiam
1038 3405 1409 3477 distinguatur
1454 3408 1509 3463 id
1546 3409 1832 3479 quodnon
1866 3419 1949 3466 est
1983 3413 2053 3467 ab
2083 3427 2148 3467 eo

583 3495 729 3565 quod
760 3504 862 3560 est,
892 3497 985 3551 sed
1016 3512 1126 3551 non
1152 3513 1274 3554 esse
1303 3498 1541 3556 dicimus
1565 3509 1826 3572 tanquam
1850 3503 2144 3560 adversum

582 3589 845 3662 distingui
877 3589 947 3644 ab
977 3605 1042 3645 eo
1070 3590 1215 3660 quod
1248 3598 1333 3647 est
1363 3607 1486 3647 esse
1511 3610 1526 3660 ;
1562 3594 1755 3649 eodem
1788 3595 1953 3660 modo
1982 3596 2148 3652 etiam

582 3681 775 3735 vitium
809 3680 1129 3738 adversatur
1159 3682 1357 3738 rationi
1391 3684 1629 3751 virtutis,
1659 3701 1784 3742 cum
1812 3702 1909 3757 per
1936 3702 1997 3743 se
2038 3702 2149 3743 non

584 3773 678 3839 sit,
718 3772 814 3830 sed
863 3774 1199 3846 intelligatur
1238 3790 1334 3845 per
1377 3776 1681 3832 absentiam
1711 3778 1832 3849 ejus
1861 3779 2007 3850 quod
2061 3788 2152 3836 est

586 3865 821 3922 melius:
884 3874 940 3922 et
994 3867 1268 3937 quomodo
1320 3867 1556 3925 dicimus
1615 3883 1646 3922 a
1709 3869 1832 3925 visu
1893 3879 2151 3942 tanquam

587 3957 872 4014 adversam
911 3957 1171 4030 distingui
1196 3960 1519 4026 caecitatem,
1553 3977 1679 4018 cum
1714 3978 1811 4033 per
1836 3977 1897 4019 se
1940 3977 2049 4016 non
2080 3962 2154 4018 sit

589 4052 645 4105 in
675 4065 857 4107 rerum
889 4060 1086 4107 natura
1117 4053 1361 4121 caecitas,
1395 4054 1491 4111 sed
1527 4054 1600 4110 sit
1645 4054 1879 4126 privatio
1905 4053 2029 4124 ejus
2055 4053 2150 4123 qui

589 4140 745 4211 prius
796 4141 975 4198 fuerat
1031 4144 1290 4202 habitus:
1339 4145 1415 4200 ita
1463 4146 1630 4201 etiam
1677 4145 1870 4201 vitium
1915 4145 2153 4202 dicimus

589 4232 925 4289 considerari
981 4234 1036 4288 in
1095 4236 1223 4292 boni
1276 4236 1622 4307 privatione,
1666 4237 1830 4292 veluti
1859 4236 2152 4309 quamdam

591 4323 840 4379 umbram
869 4341 990 4396 qua:
1017 4328 1216 4382 accidit
1242 4329 1501 4384 transilui
1533 4331 1693 4385 radii.
1723 4329 1992 4397 Quoniam
2024 4344 2154 4399 ergo

2248 3043 2372 3098 καθ’
2397 3038 2704 3093 ’ὑπόστασιν
2737 3033 3096 3105 φαινομένων,
3129 3032 3164 3103 ἡ
3200 3029 3571 3099 ἀντιδιαστολὴ
3600 3028 3820 3099 θεωρεῖ-

2245 3149 2368 3187 ται·
2402 3129 2514 3184 ἀλλ’
2543 3127 2730 3197 ὥσπερ
2750 3125 3154 3195 ἀντιδιαιρεῖται
3182 3120 3259 3192 τῷ
3282 3121 3398 3175 ὄντι
3427 3120 3487 3174 τὸ
3518 3120 3592 3191 μὴ
3623 3118 3704 3185 ὃν,
3725 3119 3821 3170 καὶ

2248 3225 2347 3278 οὑκ
2378 3222 2493 3275 ἔστι
2521 3217 2640 3273 καθ’
2662 3216 2956 3271 ὑπόστασιν
2987 3216 3158 3267 εἰπεῖν
3183 3213 3243 3267 τὸ
3273 3212 3348 3284 μὴ
3375 3209 3434 3264 ὃν
3466 3207 3821 3264 ἀντιδιαστέλ·

2247 3312 2435 3367 λεσθαι
2462 3309 2597 3381 πρὸς
2622 3306 2683 3361 τὸ
2705 3305 2787 3369 ὃν,
2818 3303 2953 3359 άλλά
2976 3302 3073 3374 τὴν
3103 3299 3443 3371 ἀνυπαρξίαν
3473 3299 3823 3369 ἀντιδιαιρεῖ-

2251 3401 2374 3456 σθαι
2418 3399 2646 3468 λέγομεν
2690 3394 2824 3465 πρὸς
2866 3392 2964 3463 τὴν
3015 3388 3247 3461 ὓπαρξιν
3276 3405 3291 3422 ι
3339 3385 3480 3441 κατά
3523 3385 3614 3437 τὸν
3660 3383 3822 3437 αὐτὸν

2247 3492 2447 3565 τρόπον
2490 3489 2585 3542 καὶ
2625 3489 2660 3557 ή
2708 3484 2874 3539 κακία
2904 3484 2982 3553 τῷ
3009 3482 3106 3552 τῆς
3153 3481 3353 3550 ἀρετῆς
3397 3474 3819 3544 ἀντικαθέστηκε

2249 3582 2411 3652 λόγῳ,
2430 3581 2493 3634 οὑ
2521 3577 2641 3632 καθ’
2667 3576 2864 3645 ἑαυτήν
2889 3590 2971 3635 τις
2985 3567 3139 3636 οὖσα,
3166 3570 3300 3624 ἀλλά
3322 3572 3388 3639 τῇ
3415 3565 3651 3635 ἀπουσίᾳ
3667 3581 3819 3618 νοου-

2225 3669 2231 3675 ’
2254 3676 2386 3748 μένη
2412 3671 2505 3725 τοῦ
2534 3668 2835 3740 κρείττονος
2854 3682 2870 3698 ο
2907 3664 3002 3718 καὶ
3043 3662 3230 3732 ὥσπερ
3264 3659 3442 3730 φαμὲν
3469 3655 3821 3748 ἀπιδιαιρεῖ-

2253 3742 2467 3833 σθαιτῇ
2503 3760 2687 3831 όράσει
2732 3756 2830 3827 τὴν
2860 3756 3130 3826 πήρωσιν,
3172 3751 3234 3804 οὑ
3269 3750 3390 3804 καθ’
3422 3747 3619 3820 ἑαυτὴν
3654 3742 3821 3801 οὖσαν

2251 3857 2308 3909 ὲν
2334 3856 2401 3925 τῇ
2431 3851 2589 3921 φύσει
2619 3847 2718 3919 τὴν
2762 3847 3031 3916 πήρωσιν,
3071 3842 3207 3896 ἀλλά
3251 3839 3626 3913 προλαϐοὑσης
3658 3839 3824 3905 ἕξεως

2253 3944 2504 4017 στέρησιν
2529 3958 2544 3973 ο
2595 3938 2738 3994 οὓτω
2786 3938 2879 3992 καὶ
2914 3935 3013 4005 τὴν
3043 3933 3243 3987 κακίαν
3293 3934 3349 3985 ὲν
3392 3935 3460 4004 τῇ
3488 3930 3582 3983 τοῦ
3618 3927 3827 3998 ἀγαθοῦ

2254 4039 2505 4108 στερήσει
2562 4029 2883 4103 θεωρεῖσθαι
2931 4027 3187 4096 λέγομεν,
3228 4017 3341 4077 οἷόν
3368 4036 3512 4077 ητινα
3570 4022 3727 4076 σκιὰν
3756 4025 3824 4092 τῇ

2252 4127 2582 4198 διαχωρήσει
2631 4122 2735 4193 τῆς
2783 4121 2998 4182 ἀκτῖνος
3048 4114 3561 4187 ἐπισυμϐαίνουσαν.
3610 4113 3824 4182 Ἐπειδὴ

2252 4220 2429 4274 τοίνυν
2447 4221 2481 4290 ἡ
2503 4218 2754 4277 ἀκτιστος
2781 4211 2961 4282 φύσις,
2993 4209 3089 4279 τῆς
3116 4209 3383 4278 κινήσεως
3410 4206 3507 4276 τῆς
3532 4203 3674 4259 κατὰ
3698 4221 3820 4274 τροο

2256 4311 2363 4383 πὴν
2392 4310 2487 4364 καὶ
2518 4302 2816 4378 μεταϐολὴν
2845 4301 2940 4355 καὶ
2969 4298 3248 4353 ἀλλοίωσίν
3274 4300 3418 4351 ἐστιν
3445 4295 3821 4358 ἀνεπίδεκτος·

592 4413 835 4468 increata
865 4425 1060 4469 natura
1110 4429 1219 4468 non
1245 4424 1330 4470 est
1360 4431 1532 4487 capax
1576 4430 1758 4475 motus
1809 4423 1903 4491 qui
1949 4421 2008 4477 ﬁt
2060 4435 2148 4490 per

2258 4403 2366 4457 πᾶν
2397 4400 2454 4452 δὲ
2485 4397 2544 4451 τὸ
2572 4396 2661 4450 διὰ
2690 4392 2917 4455 κτίσεως
2952 4389 3212 4456 ὑποστὰν,
3252 4386 3524 4457 συγγενῶς
3567 4385 3703 4454 πρὸς
3728 4384 3826 4456 τὴν

593 4503 1029 4569 conversionem,
1062 4505 1416 4559 mutationem
1445 4516 1499 4560 et
1541 4507 1915 4563 alterationem
1955 4508 2155 4577 ;quid-

593 4596 727 4666 quid
756 4604 939 4651 autem
988 4596 1242 4652 consistit
1277 4611 1372 4665 per
1410 4596 1766 4661 creationem,
1823 4597 2153 4668 cognatione

593 4687 828 4759 quadam
858 4688 1106 4759 jungitur
1128 4701 1253 4742 cum
1289 4687 1656 4755 alteratione;
1693 4694 1978 4758 propterea
2011 4687 2158 4758 quod

597 4781 716 4851 ipsa
741 4794 957 4851 quoque
982 4787 1246 4834 creaturae
1271 4777 1633 4833 consistentia
1661 4779 1825 4849 cmpit
1859 4779 1928 4834 ab
1955 4779 2155 4834 altera-

514 4918 517 4921 .
596 4873 769 4937 tione,
799 4885 924 4926 cum
948 4870 1001 4925 id
1031 4870 1176 4940 quod
1215 4887 1322 4926 non
1348 4879 1488 4935 erat,
1519 4870 1721 4926 virtute
1751 4871 1936 4926 divina
1974 4870 2163 4926 tradu-

599 4972 745 5017 ctum
780 4963 853 5018 sit
888 4960 957 5017 ad
994 4963 1097 5016 ltoc
1143 4968 1199 5015 ut
1247 4970 1433 5021 esset:
1485 4972 1670 5019 creata
1710 4972 1890 5020 autem
1941 4970 2063 5019 erat
2106 4970 2163 5019 et

601 5061 844 5122 potestas
870 5051 1028 5122 cujus
1053 5052 1421 5119 meminimus,
1445 5053 1617 5109 libero
1643 5054 1730 5109 sui
1761 5053 1971 5109 arbitrii
2009 5060 2164 5108 motu

601 5143 807 5215 eligens
846 5142 993 5215 quod
1048 5142 1353 5207 videbatur,
1393 5153 1680 5215 postquam
1731 5145 1931 5201 clausit
1970 5144 2164 5199 octtlos

601 5237 670 5292 ad
696 5236 751 5291 id
793 5239 939 5307 quod
975 5250 1059 5295 est
1106 5238 1307 5294 bonum
1359 5246 1414 5293 et
1462 5239 1721 5308 amplum,
1756 5245 1813 5293 et
1856 5237 1925 5292 ab
1959 5235 2165 5292 invidia

605 5334 913 5394 remotum;
962 5326 1237 5398 quomodo
1279 5327 1372 5397 qui
1414 5326 1483 5382 ad
1537 5327 1707 5394 solem
1745 5324 1865 5381 suis
1909 5322 2167 5379 connivet

608 5417 769 5482 ciliis,
798 5417 1000 5472 amisso
1029 5420 1149 5475 visu
1196 5420 1343 5476 videt
1397 5419 1693 5475 tenebras:
1738 5417 1813 5471 ita
1850 5414 2016 5471 etiam
2050 5413 2164 5477 ille,

609 5526 673 5567 eo
703 5511 823 5582 ipso
854 5510 998 5580 quod
1046 5512 1220 5565 noluit
1251 5514 1453 5568 bonum
1477 5510 1685 5575 videre,
1723 5507 1777 5562 id
1806 5514 1991 5562 mente
2015 5517 2169 5560 com-

613 5606 896 5678 prehendit
920 5601 1061 5672 quod
1086 5611 1170 5657 est
1203 5603 1347 5656 bono
1392 5601 1752 5664 contrarium,
1785 5613 1979 5667 nempe
2025 5593 2165 5650 invi-

600 5707 765 5766 diam.
790 5701 1017 5759 Constat
1050 5701 1231 5748 autcm
1257 5693 1546 5765 cujuslibet
1567 5694 1642 5754 rei
1684 5690 2010 5765 principium
2048 5702 2170 5746 esse

2256 4494 2537 4550 ἀλλοίωσιν
2577 4489 2724 4562 ἔχει’
2768 4487 2901 4541 διότι
2939 4486 3031 4540 καὶ
3074 4483 3211 4554 αὑτὴ
3251 4483 3349 4552 τῆς
3388 4481 3616 4544 κτίσεως
3640 4481 3674 4551 ἡ
3699 4478 3825 4532 ὑπό»

2258 4601 2467 4649 στασις,
2495 4582 2601 4636 ἀπὸ
2638 4576 2972 4640 ἀλλοιώσεως
2997 4575 3221 4648 ἤρξατο,
3251 4573 3344 4626 τοῦ
3376 4572 3452 4641 μὴ
3480 4570 3632 4634 ὄντος
3657 4571 3737 4632 είς
3767 4569 3828 4620 τὸ

2258 4672 2397 4733 εἶναι
2423 4676 2544 4748 θείᾳ
2573 4673 2797 4744 δυνάμει
2842 4667 3225 4761 μετατεθέντος
3326 4662 3518 4761 κτιστὴ
3549 4661 3607 4761 δε
3638 4656 3708 4730 ἦν
3734 4662 3828 4761 καί

2259 4770 2294 4841 ἡ
2343 4762 2775 4840 μνημονευθεῖσα
2819 4750 3080 4829 δῦναμις,
3122 4753 3449 4823 αὑτεξουσίῳ
3478 4752 3739 4822 κινήματι
3767 4750 3829 4802 τὸ

2259 4839 2449 4913 δοκοῦν
2507 4851 2828 4924 αἱρουμένη,
2880 4847 3065 4917 ἐπειδὴ
3106 4844 3240 4916 πρὸς
3284 4842 3344 4895 τὸ
3388 4840 3588 4910 ἀγαθόν
3637 4855 3697 4891 τε
3737 4839 3829 4891 καὶ

2260 4946 2489 5018 ἄφθονον
2511 4944 2751 5014 ἐπέμυσε
2779 4938 2976 5010 νόημα,
2999 4935 3186 5005 ὥσπερ
3208 4936 3236 4987 ὁ
3256 4933 3312 4985 ὲν
3336 4931 3469 5002 ἡλίῳ
3491 4933 3604 4993 τοῖς
3632 4927 3829 5000 βλεφά-

2267 5056 2379 5113 ροις
2409 5033 2679 5091 ἐπιϐαλὼν
2707 5033 2805 5096 τάς
2833 5029 2984 5100 ὄψεις
3020 5026 3206 5088 σκότος
3238 5024 3339 5099 ὁρᾷ
3362 5063 3377 5089 ,
3415 5020 3558 5075 οὑτω
3582 5021 3828 5083 κάκεῖνος

2265 5111 2415 5201 αὑτῷ
2442 5126 2520 5200 τῷ
2550 5125 2627 5198 μὴ
2657 5124 2879 5195 θελῆσαι
2910 5120 2973 5173 τὸ
3006 5117 3206 5187 ἀγαθὸν
3234 5116 3443 5186 νοῆσαι,
3489 5112 3551 5167 τὸ
3595 5111 3830 5167 ἐναντίον

2262 5220 2341 5293 τῷ
2368 5216 2557 5289 ἀγαθῷ
2581 5212 2896 5283 κατενόησε,
2924 5207 3079 5262 τοῦτο
3105 5205 3162 5260 δέ
3190 5206 3336 5258 ἐστιν
3363 5205 3391 5256 ό
3420 5203 3627 5271 φθόνος.
3674 5202 3830 5273 ὀμοσ

2263 5313 2412 5382 λογεῖ
2454 5309 2511 5363 δὲ
2538 5306 2738 5370 παντὸς
2765 5304 3085 5376 πράγματο-
3128 5296 3300 5369 ἀρχὴν
3342 5294 3449 5362 τῶν
3481 5293 3599 5365 μεθ’
3632 5293 3829 5363 ἑαυτὴν

2265 5405 2406 5460 κατὰ
2443 5402 2505 5457 τὸ
2555 5396 2842 5455 ἀκόλουθον
2888 5390 3387 5463 ὲπισυμϐαινόντων
3432 5386 3611 5441 αἰτίαν
3652 5382 3825 5439 εἶναι’

2266 5494 2377 5552 οἷον
2403 5497 2470 5567 τῇ
2501 5491 2678 5565 ὑγεία,
2723 5488 2783 5542 τὺ
2811 5486 3076 5547 εὑεκτεῖν,
3121 5482 3182 5535 τὸ
3228 5478 3576 5551 ἐργάζεσθαι,
3619 5477 3681 5530 τὸ
3708 5463 3825 5530 καθ’

2238 5588 2459 5663 ,ἡδονὴν
2497 5583 2784 5657 βιοτεύειν·
2830 5580 2899 5650 τῇ
2936 5578 2993 5630 δὲ
3037 5574 3196 5646 νόσῳ,
3235 5572 3296 5626 τὸ
3338 5570 3601 5663 ἀσθενεῖν,
3650 5567 3824 5663 τδ-άνσ

2269 5654 2552 5756 ἐνέργητον
2581 5674 2740 5741 εἶναι,
2783 5672 2845 5726 τὸ
2881 5673 2940 5725 ὲν
2976 5666 3135 5740 ἀηδίᾳ
3176 5664 3273 5738 τὴν
3303 5662 3447 5743 ζωὴν
3475 5661 3617 5736 ἔχειν
3641 5677 3656 5694 ο
3686 5654 3830 5716 οὕτω
