4072 6212
500 207 589 266 ω’
1701 208 1959 266 ORATIO
1985 209 2485 268 CATECIIETICA.
3673 219 3745 276 '50

506 330 595 385 καὶ
622 328 695 384 τὰ
729 327 866 383 ἀλλα
916 324 1096 380 πάντα
1141 327 1262 390 ταῖς
1315 326 1542 392 οἰκείαις
1585 328 1781 399 ἀρχαῖς
1828 328 1970 382 κατά
2020 328 2078 382 τὸ

2181 343 2403 383 causam
2435 343 2626 382 eorum
2658 343 2782 400 quae
2828 337 2953 400 post
2987 345 3047 387 se
3088 345 3151 387 ex
3187 334 3544 403 consequenti
3597 337 3745 392 acci-

502 420 800 477 ἀκόλουθον
842 418 1053 473 ἕπεται.
1091 417 1301 488 Ὠσπερ
1327 412 1419 472 οὖν
1459 420 1494 491 η
1542 417 1778 473 ἀπάθεια
1817 419 1916 490 τῆς
1956 421 2077 473 κατ’

497 513 707 585 ἀρετὴν
730 511 873 581 ζωῆς
904 509 1048 581 ἀρχὴ
1082 509 1179 562 καὶ
1209 509 1462 573 ὑπόθεσις
1479 510 1706 576 γίνεται,
1734 508 1908 573 οὕτως
1931 510 1965 580 ἡ
1990 508 2078 563 διὰ

496 603 596 658 τοῦ
635 602 833 672 φθόνου
875 600 1134 671 γινομένη
1184 600 1321 672 πρὸς
1366 600 1565 655 κακίαν
1612 600 1775 673 ῥοπὴ,
1814 599 1920 654 τῶν
1955 600 2076 670 μεθ’

502 695 705 767 ἑαυτὴν
741 694 959 748 πάντων
999 690 1418 761 ἀναδειχθέντων
1445 690 1631 744 κακῶν
1659 690 1775 754 ὁδὸς
1819 691 2074 762 κατέστη.

515 786 735 858 Ἐπειδὴ
763 786 873 857 7&9
892 784 1039 849 ἅπαξ
1065 783 1204 854 πρὸς
1225 782 1288 836 τὸ
1311 782 1480 836 κακὸν
1508 781 1607 853 τὴν
1647 782 1818 854 ῥοπὴν
1867 782 2020 854 ἔσχεν
2049 784 2078 836 6

503 881 575 950 τῇ
622 878 937 946 ἀποστροφῇ
981 876 1083 945 τῆς
1130 873 1466 944 ἀγαθὸτητος
1507 875 1566 926 ἐν
1605 873 1784 944 ἐαυτῷ
1809 874 2077 943 γεννήσας

505 970 599 1024 τὸν
633 969 848 1038 φθόνον,
880 968 1069 1038 ὥσπερ
1091 966 1238 1029 λίθος
1266 966 1572 1037 ἀκρωρείας
1605 966 1937 1037 ἀπορραγεὶς
1973 964 2079 1018 ὑπὸ

507 1061 608 1114 τοῦ
666 1059 793 1112 ιδξου
851 1046 1054 1130 βάρους
1103 1056 1240 1128 πρὸς
1292 1056 1354 1110 τὸ
1400 1056 1603 1127 πρανὲς
1657 1056 2075 1123 συνελαύνεται,

513 1148 656 1201 οὕτω
691 1147 939 1209 κάκεῖνος
978 1146 1079 1215 τῆς
1122 1144 1260 1216 πρὸς
1296 1144 1360 1198 τὸ
1397 1144 1601 1214 ἀγαθὸν
1634 1146 1908 1216 συμφυΐας
1944 1145 2076 1198 ἀπο·

512 1235 792 1299 σπασθεκ,
816 1234 911 1289 καὶ
935 1235 1071 1304 πρὸς
1093 1233 1292 1288 κακίαν
1322 1234 1565 1306 βαρήσας
1594 1235 1688 1289 καὶ
1718 1234 2075 1300 κατανεύσας,

506 1327 833 1398 αὐτομάτως
872 1322 986 1381 οἷόν
1035 1343 1143 1380 τινι
1190 1327 1346 1398 βάρει
1389 1328 1526 1398 πρὸς
1569 1317 1678 1382 τὸν
1710 1327 1937 1399 ἔσχατον
1978 1328 2078 1398 τῆς

508 1419 775 1491 πονηρίας
797 1420 923 1490 ὅρον
947 1419 1244 1484 συνωσθεὶς
1286 1418 1587 1490 ἀπηνέχθη,
1625 1418 1719 1472 καὶ
1744 1416 1842 1488 τὴν
1868 1418 2079 1486 διανοη-

505 1511 664 1583 τικὴν
690 1510 922 1582 δύναμιν
946 1513 1015 1583 ἡν
1041 1513 1123 1575 εἰς
1161 1513 1261 1583 τὴν
1299 1512 1615 1584 συνέργειαν
1652 1511 1750 1581 τῆς
1785 1510 1879 1564 τοῦ
1905 1509 2080 1580 κρείτ-

505 1617 657 1666 τονος
692 1601 982 1672 μετουσίας
1011 1602 1136 1673 ἔσχε
1154 1603 1303 1674 παρά
1329 1602 1423 1656 τοῦ
1447 1602 1748 1666 κτίσαντος,
1774 1601 1975 1671 ταύτην
1999 1601 2079 1663 εἰς

2180 417 2353 485 dunt;
2384 425 2446 472 ut
2469 418 2787 482 sanitatem,
2816 419 2959 488 quod
3000 420 3140 475 bona
3175 423 3246 477 sit
3282 423 3562 490 habitudo,
3593 425 3741 495 quod

2179 510 2271 563 fiat
2295 510 2562 579 operatio,
2590 509 2735 578 quod
2759 509 2975 564 vivatur
3017 512 3072 566 in
3122 512 3434 583 voluptate:
3467 517 3738 578 morbum,

2178 599 2324 670 quod
2378 600 2449 655 sit
2498 599 2865 664 imbecillitas,
2921 600 3067 670 quod
3100 604 3343 658 exerceri
3402 621 3511 663 non
3566 607 3742 676 possit

2178 691 2444 760 operatio,
2481 690 2626 760 quod
2669 692 2777 744 vita
2815 699 3006 761 agatur
3037 692 3091 746 in
3142 709 3375 750 maerore
3406 704 3460 750 ct
3494 698 3737 753 tristitia.

2178 778 2257 834 Ita
2288 780 2452 834 etiam
2485 780 2591 834 alia
2622 780 2806 834 omnia
2832 797 2898 836 ex
2934 785 3293 852 consequenti
3352 800 3451 839 sua
3502 802 3744 857 sequun-

2180 870 2270 923 tu‘r
2328 870 2619 940 principia.
2683 871 2971 936 Quomodo
3027 888 3159 942 ergo
3220 871 3601 945 impatibilitas
3658 886 3742 933 est

2179 961 2507 1031 principium
2538 971 2591 1016 et
2635 961 3051 1016 fundamentum
3080 956 3206 1018 vita:
3262 966 3485 1034 agenda:
3516 982 3578 1020 ex
3630 970 3742 1022 vir-

2178 1060 2330 1106 tute:
2396 1051 2467 1105 ita
2517 1066 2635 1121 qua:
2694 1067 2788 1121 per
2833 1052 3090 1107 invidiam
3152 1053 3219 1109 ad
3285 1056 3485 1109 malum
3532 1059 3743 1111 exsistit

2179 1142 2492 1211 propensio,
2525 1143 2720 1196 muniit
2759 1144 2903 1198 viam
2939 1144 3005 1199 ad
3055 1148 3237 1202 omnia
3288 1150 3430 1203 mala
3462 1167 3582 1220 qua:
3628 1151 3743 1206 fue-

2178 1242 2307 1289 runt
2336 1246 2457 1305 post
2481 1249 2622 1292 eam.
2672 1234 2969 1306 Postquam
3006 1240 3150 1294 enim
3199 1241 3266 1296 ad
3323 1244 3523 1295 malum
3577 1244 3743 1298 semel

2180 1322 2283 1379 fuit
2314 1339 2640 1396 prepensus,
2667 1328 2760 1397 qui
2810 1344 2904 1397 per
2931 1329 3274 1385 aversionem
3334 1346 3367 1385 a
3412 1331 3656 1387 bonitate
3686 1334 3740 1387 in

2182 1416 2366 1485 seipso
2396 1417 2581 1493 genuit
2627 1418 2927 1474 invidiam:
2979 1421 3256 1489 quomodo
3288 1422 3426 1492 lapis
3476 1423 3743 1493 abruptus

2179 1520 2209 1560 a
2240 1507 2635 1576 promontorio,
2662 1509 2884 1578 proprio
2923 1511 3164 1579 pondere
3212 1513 3266 1567 in
3300 1512 3507 1569 declive
3551 1515 3741 1570 detru-

2180 1597 2371 1664 ditur,
2425 1600 2504 1653 ita
2554 1600 2719 1654 etiam
2775 1600 2867 1655 ille
2914 1603 3137 1658 avulsus
3184 1619 3214 1658 a
3270 1616 3629 1676 congenerata
3675 1607 3741 1661 ad

506 1688 723 1762 εὕρεσιν
773 1690 883 1746 τῶν
942 1691 1080 1745 κατὰ
1138 1691 1334 1744 κακίαν
1385 1690 1779 1761 ἐπινοουμένων
1821 1686 2078 1758 συνεργὸν

2178 1690 2382 1745 bonum
2428 1692 2863 1761 conspiratione,
2912 1704 2966 1749 et
3022 1694 3088 1748 ad
3125 1685 3319 1750 vitium
3368 1706 3626 1766 gravatus
3678 1713 3741 1751 ac

506 1782 895 1853 ποιησάμενος,
949 1783 1271 1853 εὐμηχάνως
1319 1783 1592 1854 διέρχεται
1634 1780 1698 1834 δι’
1737 1780 1952 1850 ἀπάτης
1985 1778 2075 1833 τὸν

508 1872 816 1943 ἄνθρωπον,
832 1860 990 1927 αὐτὸν
1013 1873 1206 1927 ἐαυτοῦ
1232 1872 1424 1937 πείσας
1446 1871 1696 1941 γενέσθαι
1717 1871 1881 1941 φονέα
1904 1887 1964 1923 τε
1984 1869 2078 1923 καὶ

515 1962 828 2034 αὒτόχειρα.
897 1965 1113 2035 Ἐπειδὴ
1170 1963 1277 2035 7&9
1336 1963 1425 2017 διὰ
1468 1963 1567 2032 τῆς
1629 1962 1775 2025 θείας
1834 1960 2079 2028 εὐλογίας

520 2052 853 2125 δυναμωθεὶς
872 2056 900 2107 6
915 2055 1217 2125 ἄνθρωπος,
1241 2054 1439 2125 ὑψηλὸς
1461 2054 1558 2125 μὲν
1576 2048 1644 2124 ἦν
1673 2052 1751 2123 τῷ
1773 2050 2042 2121 ἀξιώματι
2062 2067 2075 2081 ·

517 2147 817 2220 βασιλεύειν
840 2146 947 2215 7&9
978 2144 1182 2216 ἐτάχθη
1204 2145 1303 2215 τῆς
1335 2145 1435 2216 γῆς
1454 2161 1512 2196 τε
1538 2143 1632 2197 καὶ
1660 2143 1769 2196 τῶν
1909 2141 2079 2212 αὑτῆς

516 2241 731 2296 πάντων
768 2255 784 2271 ·
840 2238 1005 2302 καλὸς
1043 2237 1100 2291 δὲ
1133 2237 1195 2290 τὸ
1239 2231 1399 2301 εἶδος,
1441 2236 1803 2315 άπεικόνισμα
1840 2233 1949 2306 γὰρ
1985 2232 2079 2286 τού

512 2329 818 2401 ἀρχετύπου
867 2327 1111 2397 ἐγεγόνει
1140 2325 1397 2389 κάλλους*
1436 2325 1654 2395 ἀπαθὴς
1679 2325 1736 2379 δὲ
1770 2326 1869 2396 τὴν
1894 2324 2077 2395 φύσιν,

512 2420 611 2474 τοῦ
647 2418 756 2491 γάρ
802 2417 1047 2482 ἀπαθοῦς
1088 2418 1311 2489 μίμημα
1342 2412 1411 2488 ἦν
1438 2433 1453 2448 ·
1509 2416 1794 2481 ἀνάπλεως
1834 2415 1893 2469 δὲ
1938 2416 2081 2487 παῤ⁶

508 2510 724 2582 ρησίας,
754 2510 925 2581 αὐτῆς
964 2509 1107 2562 κατά
1146 2510 1438 2580 πρόσωπον
1467 2506 1568 2577 τῆς
1606 2506 1759 2570 θείας
1784 2504 2080 2576 ἐμφανείας

508 2599 869 2671 κατατρυφῶν
887 2618 901 2633 ο
922 2599 1098 2654 ταῦτα
1121 2598 1178 2653 δέ
1195 2599 1273 2670 τῷ
1312 2597 1692 2668 ’Λντικειμὲνῳ
1706 2596 1800 2650 τοῦ
1828 2595 1970 2651 κατά
1989 2595 2080 2649 τὸν

507 2690 701 2759 φθόνον
735 2691 939 2755 πάθους
974 2689 1371 2761 ὑπεκκαύματα
1402 2685 1502 2760 ἦν·
1557 2687 1705 2759 ίσχύῖ
1749 2686 1806 2741 δέ
1843 2704 1949 2740 τινι
1984 2686 2079 2741 καὶ

508 2783 605 2856 βίᾳ
637 2782 920 2853 δυνάμεως
958 2780 1396 2851 κατεργάσασθαι
1437 2780 1500 2833 τὸ
1529 2779 1669 2834 κατά
1698 2778 1923 2849 γνώμην
1977 2778 2075 2847 οὐχ

507 2869 622 2937 οἷός
658 2890 722 2927 τε
758 2868 828 2943 ἦν
850 2888 863 2902 ⁸
898 2872 1191 2941 ύπερίσχυε
1217 2870 1327 2942 γὰρ
1358 2872 1391 2940 ἡ
1418 2869 1520 2940 τῆς
1547 2867 1795 2937 εὐλογίας
1821 2866 1914 2921 τοῦ
1942 2864 2076 2919 Θεοῦ

507 2965 739 3035 δύναμις
764 2963 864 3033 τῆς
907 2961 1096 3015 τούτου
1124 2960 1277 3031 βίας’
1325 2960 1417 3014 διὰ
1453 2959 1611 3013 τοῦτο
1638 2958 1941 3027 ἀποστῆσαι
1977 2957 2077 3027 τῆς

2178 1780 2505 1846 declinans,
2572 1796 2672 1837 sua
2736 1792 2931 1853 sponte
2994 1786 3159 1838 veluti
3216 1787 3451 1856 quodam
3504 1788 3741 1857 pondere

2178 1870 2496 1942 compulsus
2548 1872 2764 1929 delatus
2816 1874 2921 1928 fuit
2968 1875 3036 1928 ad
3090 1883 3390 1931 extremum
3448 1880 3740 1933 terminum

2180 1960 2586 2031 improbitatis:
2640 1972 2696 2017 et
2752 1964 2861 2017 vim
2912 1965 3183 2035 cogitandi
3252 1982 3414 2037 quam
3476 1968 3665 2021 habuit
3712 1983 3741 2020 a

2176 2049 2438 2106 Creatore
2464 2051 2531 2105 ad
2560 2051 2938 2121 adjumentum
2974 2055 3413 2127 participationis
3447 2057 3567 2126 ejus
3597 2059 3740 2127 quod

2178 2147 2262 2195 est
2290 2142 2506 2204 melius.
2537 2156 2613 2219 ea.
2635 2152 2859 2213 accepta
2907 2142 3177 2210 adjutrice
3221 2144 3289 2199 ad
3316 2160 3380 2200 ea
3416 2144 3743 2201 invenienda

2178 2246 2298 2301 quae
2327 2230 2709 2303 excogitantur
2738 2248 2804 2287 ex
2828 2234 2982 2297 vitio,
3013 2243 3133 2289 astu
3166 2242 3219 2289 et
3246 2233 3437 2290 fraude
3465 2236 3742 2306 hominem

2179 2321 2512 2393 aggreditur,
2544 2324 2594 2379 ei
2627 2325 2960 2394 persuadens
3014 2333 3074 2379 ut
3103 2325 3205 2380 sibi
3238 2334 3466 2382 mortem
3495 2326 3742 2392 inferret,

2180 2420 2234 2467 et
2261 2412 2347 2467 sui
2372 2422 2519 2468 esset
2547 2414 2841 2470 homicida.
2864 2413 3001 2481 Quia
3032 2415 3178 2470 enim
3203 2414 3367 2472 homo
3390 2415 3745 2474 confirmatus

2180 2509 2234 2557 et
2267 2504 2662 2558 corroboratus
2693 2519 2789 2574 per
2818 2504 3057 2560 divinam
3089 2505 3523 2562 benedictionem
3564 2508 3745 2579 ampla

2180 2593 2400 2663 quidem
2451 2604 2504 2649 et
2538 2594 2757 2649 sublimi
2805 2603 2921 2651 erat
2961 2596 3286 2652 auctoritate
3329 2612 3393 2661 ac
3432 2598 3739 2668 dignitate:

2179 2684 2512 2740 constitutus
2562 2685 2707 2740 enim
2740 2696 2877 2750 erat,
2910 2695 2968 2740 ut
3011 2687 3065 2740 in
3121 2694 3286 2753 terra,
3320 2696 3373 2743 et
3403 2689 3458 2744 in
3491 2690 3744 2746 omnibus

2178 2789 2300 2845 qua:
2327 2774 2380 2828 in
2412 2775 2529 2844 ipsa
2563 2784 2691 2832 sunt
2732 2791 2957 2847 regnum
3010 2776 3285 2851 obtineret
3318 2795 3332 2831 :
3394 2785 3512 2832 erat
3562 2786 3743 2833 autem

2176 2866 2449 2922 lormosus
2469 2906 2483 2931 ,
2511 2867 2690 2924 factus
2710 2868 2857 2923 enim
2874 2875 2992 2923 erat
3015 2867 3081 2923 ad
3102 2869 3390 2939 imaginem
3412 2870 3745 2940 exemplaris

2181 2958 2643 3029 pulchritudinis;
2676 2969 2793 3015 erat
2824 2968 3004 3015 autem
3033 2959 3352 3032 impatibilis
3380 2968 3595 3024 natura,
3623 2960 3745 3016 imi—

511 3010 863 3125 Ξᾷζξχῖεᾶἑίξ
908 3010 1745 3121 .155;aBJJnag"m.;'a-...;
1779 3010 1855 3111 ὼέ
1881 3045 1946 3100 ἀν
1985 3010 2077 3098 .a:

2181 3010 2327 3103 {ator
2354 3050 2499 3104 enim
2546 3058 2666 3104 erat
2713 3050 2834 3120 ejus
2866 3051 2958 3122 qui
2987 3058 3072 3105 est
3113 3010 3479 3121 impatibilis;
3527 3049 3744 3107 dicendi

512 3146 719 3208 άλωτος
751 3141 900 3213 αύτῷ
946 3141 1082 3213 πρὸς
1132 3139 1233 3211 τὴν
1270 3137 1558 3210 ἐπιϐουλὴν
1595 3135 1919 3209 κατασταίη.
1968 3136 2079 3191 Καὶ

512 3236 702 3306 ὥσπερ
731 3236 824 3288 ἐπὶ
861 3233 1055 3305 λύχνου
1096 3230 1191 3286 τοῦ
1220 3231 1390 3303 πυρὸς
1422 3231 1522 3302 τῆς
1570 3229 1881 3302 θρυαλλίδος
1920 3244 2079 3300 περι-

507 3327 902 3400 δεδραγμένου,
946 3323 1002 3377 εῐ
1032 3340 1115 3387 τις
1143 3320 1418 3377 ἀδυνατῶν
1455 3319 1533 3391 τῷ
1576 3321 1854 3392 φυσήματι
1891 3317 2079 3371 σϐέσαι

504 3420 606 3492 τὴν
645 3419 822 3489 φλόγα
848 3416 991 3479 ὕδωρ
1028 3414 1250 3486 ἐμμίξει
1286 3414 1346 3467 ἐν
1373 3412 1453 3484 τῷ
1485 3411 1667 3482 ἐλαίῳ,
1712 3411 1808 3464 καὶ
1851 3407 1940 3463 διά
1981 3407 2087 3477 τῆς

505 3509 752 3573 ἐπινοίας
794 3506 995 3578 ταύτης
1042 3504 1360 3577 ἀμαυρώσει
1404 3502 1501 3575 τὴν
1544 3503 1716 3573 φλόγα
1746 3518 1760 3534 ·
1811 3500 1981 3564 οὕτως
2011 3499 2080 3554 δι’

505 3599 724 3669 ἀπάτης
751 3599 819 3669 τῇ
852 3594 1170 3668 προαιρέσει
1196 3593 1291 3647 τοῦ
1323 3591 1610 3665 ἀνθρώπου
1634 3589 1733 3662 τὴν
1753 3588 1951 3645 κακίαν
1982 3589 2081 3660 ἐμ-

512 3690 674 3760 μίξας
697 3691 726 3742 6
751 3686 1167 3758 ’Δντικείμενος,
1191 3683 1371 3738 σὸἐσιν
1390 3681 1512 3737 τινὰ
1536 3681 1630 3736 καὶ
1651 3681 1971 3752 ἀμαύρωσιν
1981 3678 2081 3751 τῆς

513 3779 758 3846 εὐλογίας
784 3776 1056 3848 ἐποίησεν.
1090 3767 1197 3839 Ἦς
1225 3771 1631 3843 ἐπιλειπούσης,
1652 3769 1713 3835 ἐξ
1738 3769 1981 3842 ἀνάγκης
2018 3769 2081 3849 τὸ

520 3874 885 3944 ἀντικείμενον
926 3871 1350 3942 ἀντεισέρχεται.
1409 3867 1732 3921 Ἀντίκειται
1763 3865 1820 3919 δὲ
1855 3867 1922 3937 τῇ
1965 3866 2079 3937 ζωῇ

526 3967 629 4037 μὲν
652 3967 684 4020 6
707 3964 938 4031 θάνατος,
960 3966 996 4035 ἡ
1023 3962 1279 4019 ἀσθένεια
1308 3960 1365 4015 δὲ
1391 3961 1457 4031 τῇ
1489 3958 1735 4030 δυνάμει,
1763 3960 1831 4030 τῇ
1862 3957 2082 4030 εὐλογίᾳ

516 4054 577 4110 δὲ
619 4057 652 4128 η
683 4055 902 4130 κατάρα,
929 4055 999 4126 τῇ
1046 4052 1329 4126 παρρησίᾳ
1371 4048 1435 4104 δέ
1480 4052 1515 4122 ἠ
1540 4048 1787 4120 αἰσχύνη.
1815 4049 1909 4102 καὶ
1945 4049 2080 4101 πᾶσι

510 4148 626 4210 τοίς
648 4144 868 4214 ἀγαθοῖς
899 4145 966 4200 τά
986 4142 1127 4198 κατά
1144 4143 1206 4197 τὸ
1232 4141 1475 4197 ἐναντίον
1496 4138 1778 4210 νοούμενα.
1808 4137 1907 4191 Διά
1925 4136 2082 4190 τοῦτο

507 4242 569 4293 ἐν
615 4241 751 4310 τοῖς,
776 4236 1011 4310 παροῦσι
1063 4237 1252 4299 κακοῖς
1300 4235 1417 4287 ἐστι
1463 4231 1557 4286 νῦν
1601 4230 1663 4284 τὸ
1711 4228 2078 4301 ἀνθρώπινον,

2182 3147 2361 3193 autem
2390 3139 2642 3194 libertate
2676 3139 2870 3210 plenus
2902 3150 3022 3196 erat
3048 3155 3113 3195 ac
3136 3140 3357 3207 fiducia,
3399 3147 3459 3195 ut
3488 3140 3581 3210 qui
3608 3140 3746 3196 facie

2181 3230 2248 3286 ad
2281 3231 2474 3287 faciem
2497 3246 2620 3286 cum
2650 3230 2759 3287 lico
2784 3232 2834 3287 ei
2862 3242 3158 3302 apparente
3182 3230 3439 3303 loquendi
3466 3232 3746 3302 voluptate

2180 3336 2240 3376 se
2266 3322 2544 3392 expleret;
2578 3321 2692 3376 haec
2725 3329 2905 3379 autem
2941 3323 3259 3379 adversario
3286 3331 3447 3379 erant
3488 3322 3660 3379 fomes
3691 3332 3747 3378 et

2180 3411 2580 3467 irritamentum
2615 3412 2833 3468 invidia:
2852 3452 2867 3476 ,
2898 3413 2949 3466 vi
2988 3421 3169 3468 autem
3198 3421 3386 3483 aperta
3413 3420 3468 3469 et
3492 3413 3747 3483 potentia:

2180 3504 2377 3559 robore
2404 3518 2514 3559 non
2544 3512 2756 3576 poterat
2789 3504 3001 3561 efficere
3028 3506 3171 3576 quod
3197 3505 3430 3560 habebat
3454 3504 3508 3558 in
3536 3504 3743 3567 animo,

2179 3595 2453 3665 potentior
2508 3597 2655 3651 enim
2715 3604 2835 3653 erat
2895 3598 2978 3653 vis
3040 3597 3135 3652 Dei
3181 3596 3579 3652 benedictionis
3626 3593 3746 3665 ejus

2180 3686 2415 3755 viribus;
2470 3674 2759 3759 propterea
2814 3688 3163 3744 machinatur
3196 3699 3255 3743 ut
3300 3703 3423 3743 eum
3452 3686 3685 3741 abducat
3715 3701 3745 3738 a

2180 3779 2423 3849 potentia
2455 3795 2574 3849 qua:
2604 3795 2727 3835 eum
2762 3780 3149 3836 corroborabat
3182 3794 3246 3834 ac
3277 3778 3657 3842 confirmabat,
3687 3786 3747 3830 ut

2181 3870 2297 3941 ipse
2330 3872 2487 3926 facile
2541 3881 2750 3942 pateret
2806 3873 3042 3929 insidiis.
3082 3870 3147 3926 Et
3194 3868 3469 3942 quomodo
3514 3882 3638 3923 cum
3689 3866 3744 3921 in

2180 3962 2404 4018 lucerna
2437 3962 2578 4034 ignis
2610 3963 2941 4037 ellychnium
2974 3960 3432 4033 apprehenderit,
3471 3972 3572 4013 nec
3615 3958 3744 4011 flatu

2180 4052 2452 4123 quiSpiam
2488 4053 2662 4122 possit
2693 4051 2966 4106 flammam
2993 4049 3363 4119 exstinguere,
3395 4047 3515 4103 oleo
3544 4061 3742 4116 aquam

2182 4144 2396 4207 miscet,
2421 4150 2475 4198 et
2502 4159 2566 4199 ea
2621 4143 2835 4196 ratione
2890 4140 3162 4194 ﬂammam
3190 4139 3422 4195 debilem
3475 4137 3653 4194 reddit
3689 4144 3747 4193 et

2144 4230 2507 4293 ,evanidam:
2562 4230 2639 4283 ita
2698 4228 3071 4295 adversarius,
3120 4242 3245 4282 cum
3296 4228 3471 4283 libero
3519 4225 3747 4281 arbitrio

505 4331 609 4401 τῆς
643 4330 819 4401 ἀρχῆς
867 4329 1081 4399 ἐκείνης
1141 4325 1383 4381 τοιούτου
1442 4324 1628 4386 τέλους
1679 4322 1776 4387 τὰς
1829 4318 2078 4393 ἀφορμὰς

2182 4321 2374 4376 vitium
2402 4322 2815 4384 immiscuisset.
2834 4319 3012 4376 effecit
3034 4329 3093 4376 ut
3117 4318 3518 4391 quodammodo
3540 4316 3748 4373 exstin-

510 4420 920 4491 παρασχούσης.

2182 4420 2440 4483 gueretur
2469 4422 2522 4468 et
2550 4420 2901 4468 evanesceret
2928 4410 3255 4468 benedictio.
3287 4409 3405 4477 Qua
3434 4408 3740 4473 deficiente,

512 4520 703 4575 proca
735 4506 884 4561 subit
932 4503 1285 4560 contrarium.
1357 4501 1693 4557 Adversatur
1741 4509 1920 4555 autem
1971 4499 2095 4556 vita:
2129 4500 2350 4573 quidem
2396 4517 2567 4569 mors,
2607 4502 2817 4559 viribus
2882 4513 3059 4557 autem
3103 4501 3468 4565 imbecillitas,
3517 4496 3744 4555 benedi-

507 4597 681 4653 ctioni
726 4604 907 4653 autem
957 4596 1280 4660 exsecratio,
1316 4594 1529 4651 fiducia:
1582 4604 1761 4649 autem
1817 4593 2014 4664 pudor,
2046 4603 2102 4651 et
2145 4597 2401 4654 omnibus
2467 4597 2629 4654 bouis
2676 4612 2739 4653 ea
2771 4612 2891 4667 qua:
2941 4595 3318 4667 intelliguntur
3351 4610 3415 4651 ex
3445 4591 3742 4649 contrario.

511 4689 803 4760 Propterea
889 4689 1056 4744 homo
1104 4704 1251 4744 nunc
1301 4696 1386 4746 est
1466 4689 1523 4743 in
1576 4687 1735 4742 malis
1766 4686 2148 4759 praesentibus,
2183 4703 2307 4745 cum
2369 4691 2502 4745 illud
2571 4690 2899 4762 principium
2976 4688 3103 4744 talis
3173 4688 3295 4744 linis
3360 4693 3743 4757 argumentum

509 4781 753 4838 dedisset
775 4788 831 4837 et
858 4784 1226 4839 occasionem.

1104 4871 1351 4929 ΚΕΦΑΛ.
1390 4874 1467 4927 Z'.

582 4966 694 5021 Καὶ
727 4966 913 5038 μηδεὶς
935 4966 1212 5038 ἐρωτάτω,
1237 4968 1286 5022 εί
1320 4967 1582 5040 προειδὼς
1611 4967 1710 5039 τὴν
1734 4968 2079 5042 ἀνθρωπίνην

510 5057 798 5128 συμφορὰν
839 5059 870 5110 6
907 5057 1037 5121 Θεὸς
1066 5058 1166 5128 τὴν
1198 5059 1264 5112 ἐκ
1305 5060 1404 5130 τῆς
1448 5058 1700 5122 ἀϐουλίας
1745 5058 1894 5131 αύτῷ
1939 5077 2078 5132 συμ-

509 5146 841 5216 6ησομένην,
869 5141 1034 5219 ἦλθεν
1058 5149 1139 5211 είς
1164 5148 1225 5201 τὸ
1266 5148 1449 5204 κτίσαι
1475 5149 1567 5204 τὸν
1596 5149 1897 5222 ἄνθρωπον,
1946 5142 1991 5218 ᾧ
2016 5150 2079 5205 τὸ

444 5284 463 5296 ,
512 5235 592 5306 μὴ
646 5236 899 5304 γενέσθαι
953 5237 1350 5312 μᾶλλοντυῐσως,
1401 5239 1435 5312 ἢ
1484 5240 1545 5294 τὸ
1591 5241 1649 5294 ἐν
1697 5242 1885 5306 κακοῖς
1915 5235 2075 5308 εἶναι,

508 5321 948 5396 λυσιτελέστερον
990 5320 1077 5397 ἦν.
1131 5326 1317 5381 Ταῦτα
1344 5327 1451 5399 γὰρ
1492 5331 1540 5383 οί
1582 5331 1695 5393 τοῖς
1722 5331 2077 5402 Μανιχαῖκοῖς

505 5411 738 5481 δόγμασι
766 5412 832 5467 δι’
864 5414 1079 5488 ἀπάτης
1112 5417 1521 5487 παμσυρέντες
1572 5420 1652 5482 είς
1685 5418 1939 5474 σύστασιν
1978 5421 2076 5490 τῆς

508 5503 720 5557 ἐαυτῶν
751 5505 958 5577 πλάνης
993 5508 1403 5578 προϐάλλουσιν,
1430 5510 1506 5573 ὠς
1535 5509 1623 5563 διά
1650 5509 1806 5564 τοῦτο
1842 5511 2075 5582 πονηρὸν

510 5589 653 5648 εἶναι
697 5598 788 5651 τὸν
818 5597 916 5669 τῆς
947 5598 1290 5674 ἀνθρωπίνης
1335 5598 1549 5672 φύσεως
1592 5600 1813 5673 κτίστην
1857 5602 2072 5658 ἀποδει-

2775 4869 3006 4927 CAPUT
3024 4869 3137 4926 VII.

2246 4964 2416 5023 Nemo
2446 4979 2574 5020 vero
2599 4963 2917 5035 interroget,
2947 4977 3016 5017 an
3049 4960 3216 5027 Deus,
3245 4974 3372 5014 cum
3401 4957 3733 5029 providisset

2174 5060 2538 5117 calamitatem
2580 5074 2701 5129 quae
2726 5066 2845 5113 erat
2874 5056 2942 5111 ad
2961 5055 3235 5109 hominem
3254 5062 3479 5107 ventura
3507 5066 3573 5108 ex
3596 5051 3737 5107 malo

2175 5151 2430 5213 consilio,
2479 5149 2550 5205 ad
2593 5148 2890 5204 creandum
2937 5145 3212 5200 hominem
3278 5141 3599 5208 accesserit,
3648 5141 3738 5198 cui

2173 5252 2292 5299 erat
2325 5243 2464 5297 forte
2484 5240 2888 5296 conducibilius
2917 5245 3097 5291 ortum
3129 5250 3237 5289 non
3265 5249 3407 5300 esse,
3428 5250 3589 5304 quam
3617 5248 3740 5289 esse

2175 5333 2231 5389 in
2261 5333 2438 5388 malis.
2453 5332 2554 5399 Qui
2573 5332 2717 5387 enim
2748 5330 2811 5383 ad
2838 5327 3253 5382 Manichmorum
3273 5325 3523 5399 dogmata
3548 5322 3738 5380 fraude

2173 5434 2301 5481 sunt
2330 5423 2697 5488 attracti,ha3c
2730 5421 2963 5476 afferunt
2984 5418 3052 5473 ad
3085 5435 3243 5475 suum
3275 5433 3516 5474 errorem
3537 5416 3734 5471 confir-

2173 5513 2450 5577 mandum,
2488 5520 2543 5567 et
2576 5527 2672 5581 per
2697 5511 2800 5565 hoc
2828 5510 3123 5565 ostendunt
3165 5526 3288 5567 esse
3332 5508 3531 5562 malum
3583 5517 3736 5559 crea-

2172 5612 2343 5660 torem
2366 5604 2612 5660 humana:
2642 5610 2869 5659 naturae.
2898 5599 3031 5658 Nam
3079 5601 3127 5657 si
3153 5600 3294 5660 Deus
3322 5596 3538 5669 quidem
3566 5610 3633 5651 ex
3665 5594 3733 5648 iis
