4072 6212
510 330 572 385 51
1741 330 1798 384 S.
1841 325 2166 384 GREGORII
2205 327 2502 390 NYSSENI
3205 351 3210 358 ε
3681 315 3754 370 33

513 471 639 526 quae
671 462 822 518 sunt,
842 455 975 510 nihil
1006 455 1256 526 ignorat:
1281 461 1365 510 est
1396 457 1574 507 autem
1601 449 1764 505 homo
1797 451 1849 504 in
1883 449 2076 504 malis:

2183 444 2451 505 κνύοντες.
2505 441 2567 494 El
2598 438 2706 510 γὰρ
2734 437 2919 506 ἀγνοεί
2949 435 3046 508 μὲν
3079 433 3192 489 τῶν
3211 433 3380 487 ὄντων
3419 433 3448 486 6
3479 430 3610 490 Θεὸς
3658 435 3745 486 οὑ-

520 560 628 600 non
677 547 863 614 utique
911 546 1060 600 salva
1115 546 1220 600 erit
1261 545 1402 600 ratio
1433 542 1550 598 'Dei
1580 541 1863 606 bonitatis,
1904 543 1950 603 si
1985 543 2084 595 ho-

517 639 718 691 minem
763 636 830 690 ad
879 637 1045 689 vitam
1105 636 1425 699 deduxerit,
1473 637 1565 705 qui
1610 635 1830 692 futurus
1870 647 1990 691 erat
2029 638 2082 690 in

519 730 699 784 malis.
757 728 814 782 Si
878 729 1023 783 enim
1084 729 1240 783 bona:
1306 738 1514 783 natura:
1569 727 1794 783 omnino
1844 735 1929 782 est
1964 743 2085 796 qua:

515 836 582 873 ex
620 825 862 874 bonoest
888 821 1168 889 operatio,
1216 821 1414 875 misera
1461 821 1576 874 haec
1610 820 1718 874 vita
1759 827 1814 875 et
1851 822 2081 882 caduca,

516 910 786 980 malisque
823 921 874 966 et
922 912 1166 965 interitui
1206 913 1463 978 obnoxia,
1494 928 1601 966 non
1645 913 1838 982 utique
1871 920 1956 966 est
1989 912 2084 966 ad-

516 1001 808 1056 scribenda
858 1003 979 1072 ejus
1028 1004 1120 1072 qui
1157 1003 1336 1058 bonus
1369 1014 1452 1057 est
1491 1005 1729 1074 opilicio,
1762 1003 1856 1058 sed
1902 1003 2086 1058 existi-

515 1093 772 1146 mandum
803 1103 888 1148 est
921 1093 1088 1148 alium
1124 1109 1248 1149 esse
1282 1103 1562 1148 auctorem
1602 1095 1766 1164 hujus
1795 1096 1940 1158 vitae,
1985 1110 2083 1149 cu-

510 1183 602 1251 jus
632 1191 826 1237 natura
845 1199 1117 1254 prepensa
1140 1196 1222 1240 est
1247 1185 1314 1238 ad
1340 1186 1562 1239 malum.
1585 1185 1718 1239 Nam
1742 1186 1857 1240 haec
1875 1188 2078 1250 omnia,

513 1281 568 1327 et
623 1289 744 1344 qua:
789 1282 918 1329 sunt
953 1276 1246 1344 ejusmodi,
1295 1276 1363 1330 iis
1409 1277 1628 1346 quidem
1681 1279 1775 1347 qui
1824 1286 2080 1348 tanquam

515 1365 760 1419 fallacem
791 1367 1082 1434 quemdam
1120 1368 1357 1422 colorem
1393 1369 1702 1423 luereticam
1743 1370 1991 1425 fraudem
2026 1373 2081 1426 in

513 1453 786 1524 profundo
816 1457 1171 1524 imbibernnt,
1202 1458 1461 1514 videntur
1501 1460 1702 1516 habere
1745 1463 1853 1531 vim
1884 1479 2082 1532 quam—

513 1546 637 1599 dam
704 1561 801 1616 per
851 1557 1205 1618 apparentem
1263 1553 1558 1620 quamdam
1638 1553 2080 1623 probabilitatem

515 1638 802 1706 superficie
829 1647 988 1695 tenus
1019 1659 1032 1695 :
1062 1641 1130 1696 iis
1166 1650 1346 1696 autem
1387 1644 1478 1712 qui
1517 1645 1760 1699 veritatis
1801 1654 1930 1700 sunt
1956 1660 2080 1716 per-

515 1726 918 1794 spicientiores,
956 1738 1138 1799 aperte
1170 1741 1472 1786 cernuntur
1509 1733 1805 1800 imbecilla,
1859 1742 1914 1789 et
1943 1749 2082 1805 quo-

515 1829 634 1868 rum
675 1830 888 1872 errores
912 1834 964 1872 In
1003 1828 1255 1890 promptu
1286 1829 1370 1875 est
1399 1822 1709 1878 ostendere.
1737 1823 1866 1878 Mihi
1898 1833 2078 1878 autem

519 1905 730 1960 videtur
757 1916 902 1962 recte
930 1909 1151 1974 habere,
1199 1911 1243 1966 si
1272 1912 1324 1964 in
1357 1913 1442 1968 his
1473 1913 1813 1970 adducamus
1839 1915 2076 1984 Aposto-

513 1992 624 2048 lum
664 1996 718 2049 in
769 1995 1143 2054 defensionem
1175 2017 1367 2055 eorum
1403 2018 1525 2071 quae
1553 2011 1748 2056 contra
1765 2020 1860 2059 eos
1879 2006 2079 2059 dicun-

513 2092 623 2139 tur.
655 2084 714 2138 ln
752 2087 819 2139 iis
848 2092 994 2140 enim
1024 2105 1144 2158 quae
1180 2092 1374 2144 scribit
1406 2095 1473 2146 ad
1502 2093 1840 2161 Corinthios,
1887 2096 2083 2149 distin-

515 2177 632 2245 guit
660 2177 906 2232 carnales
941 2186 994 2233 et
1029 2181 1342 2250 spirituales
1374 2184 1682 2237 animarum
1720 2187 2079 2241 constitutio-

513 2283 632 2334 nes,
659 2283 756 2337 per
783 2285 844 2323 ea
879 2285 998 2339 qum
1044 2271 1326 2337 dicuntur,
1378 2275 1454 2328 uti
1504 2276 1720 2344 Opinor,
1763 2280 2078 2342 ostendens,

515 2361 661 2428 quod
701 2361 902 2416 bonum
931 2371 1024 2416 aut
1055 2365 1256 2417 malum
1292 2380 1398 2418 non
1433 2375 1516 2420 est
1559 2384 1721 2422 sensu
1769 2369 2078 2437 dijudican-

513 2451 677 2516 dum;
714 2452 808 2506 sed
843 2461 1025 2508 mente
1058 2454 1295 2509 abducta
1328 2458 1396 2510 ab
1430 2458 1498 2512 iis
1527 2474 1647 2528 qua:
1677 2471 1940 2532 apparent
1985 2480 2078 2518 ex-

516 2548 600 2593 tra
627 2556 847 2611 corpus,
882 2543 1008 2597 boni
1036 2551 1091 2599 et
1119 2546 1380 2600 contrarii
1418 2548 1588 2617 ipsam
1613 2565 1737 2604 esse
1768 2568 1860 2620 per
1890 2568 1948 2607 se
1969 2552 2083 2608 dis-

514 2633 842 2686 cernendam
874 2643 1156 2692 naturam.
1188 2637 1497 2707 Spiritualis
1535 2641 1704 2706 enim,
1748 2642 1945 2712 inquit,
1995 2647 2082 2698 di-

516 2722 719 2781 iudicat
749 2727 927 2779 omnia
948 2727 1160 2793 ’.Quod
1193 2737 1374 2784 autem
1411 2732 1446 2786 ii
1470 2733 1564 2801 qui
1595 2733 1709 2789 iure
1740 2734 1991 2800 aderunt,
2011 2737 2084 2791 fa-

515 2817 708 2872 bulosa
764 2818 879 2890 hazc
914 2820 1167 2891 dogmata
1224 2823 1614 2890 conﬁnxerint,
1647 2825 1890 2881 arbitror
1936 2829 2082 2884 hanc

514 2907 686 2963 fuisse
729 2925 972 2978 causam,
1014 2913 1158 2982 quod
1210 2916 1517 2985 corporalis
1562 2918 1857 2987 voluptatis
1893 2921 2081 2976 suavi-

515 3006 628 3053 tate
661 3000 864 3055 bonum
887 3002 1233 3068 deﬁnientes,
1259 3014 1549 3076 propterea
1590 3008 1743 3088 quod
1773 3009 2079 3065 affectioni-

2184 535 2293 598 δὲν,
2328 537 2387 589 ὲν
2417 535 2604 594 κακοῖς
2629 531 2686 584 δὲ
2708 532 2736 584 6
2762 528 3044 600 ἄνθρωπος
3063 542 3077 555 ·
3123 524 3303 579 οὐκέτ’
3334 523 3400 578 ἂν
3427 525 3456 576 6
3483 524 3580 594 τῆς
3612 526 3752 590 ἀγα-

2186 625 2405 696 θότητος
2429 623 2523 676 τοῦ
2555 621 2689 675 Θεοῦ
2724 619 3038 684 διασώζοιτο
3069 618 3246 686 λόγος,
3290 615 3447 688 εἴπερ
3475 617 3533 667 ὲν
3566 618 3751 678 κακοῖς

2189 710 2449 782 μέλλοντα
2501 711 2593 762 τὸν
2649 708 2931 778 ἄνθρωπον
2997 705 3254 777 ζήσεσθαι
3311 705 3447 776 πρὸς
3499 701 3592 756 τὸν
3641 703 3752 773 βίον

2186 802 2495 870 παρήγαγε.
2545 799 2607 852 El
2653 799 2762 868 γὰρ
2809 797 3022 867 ἀγαθῆς
3053 796 3267 865 φύσεως
3299 796 3333 864 ὴ
3383 795 3524 850 κατά
3553 795 3752 860 ἀγαθὸν

2185 893 2430 962 ἐνέργεια
2451 891 2668 954 πάντως
2690 891 2858 955 ἐστὶν,
2881 893 2910 944 6
2930 889 3170 959 λυπηρὸς
3195 880 3348 950 οὗτος
3374 890 3465 941 καὶ
3494 889 3752 960 ὲπίκηρος

2187 982 2300 1052 βίος
2351 983 2528 1036 οὐκέτ’
2581 982 2666 1048 ἂν,
2716 983 2899 1052 φησιν,
2942 982 3022 1045 είς
3054 981 3152 1051 τὴν
3203 978 3296 1032 τοῦ
3346 980 3550 1056 ἀγαθοῦ
3597 980 3752 1050 δημι-

2183 1074 2409 1142 ουργίαν
2457 1071 2709 1140 ἀνάγοιτο
2735 1088 2748 1102 ο
2803 1071 2917 1124 ἀλλ’
2974 1071 3159 1140 ἓτερον
3215 1069 3319 1141 χρὴ
3369 1070 3468 1140 τῆς
3501 1069 3752 1140 τοιαύτης

2185 1160 2328 1232 ζωῆς
2356 1161 2528 1215 αίτιον
2554 1161 2778 1227 οἴεσθαι,
2807 1156 2852 1230 ᾧ
2885 1161 3020 1232 πρὸς
3048 1161 3310 1231 πονηρίαν
3343 1163 3377 1231 ἠ
3408 1161 3566 1229 φύσις
3598 1164 3751 1232 ὲπιρ-

2185 1252 2366 1322 ρεπῶς
2396 1251 2529 1322 ἔχει.
2559 1252 2740 1306 Ταῦτα
2774 1251 2884 1324 γὰρ
2915 1253 3090 1307 πάντα
3133 1255 3226 1306 καὶ
3271 1253 3339 1306 τὰ
3365 1254 3611 1318 τοιαῦτα,
3641 1258 3751 1318 τοῖς

2187 1344 2287 1414 μὲν
2319 1346 2377 1398 ὲν
2406 1343 2581 1415 βάθει,
2617 1343 2872 1418 καθάπερ
2919 1344 3040 1398 τινὰ
3082 1345 3398 1414 ψευδοποιδν
3444 1346 3617 1417 βαφὴν
3654 1347 3751 1418 τὴν

2184 1437 2464 1508 αἱρετικήν
2498 1436 2988 1510 παραδεδεγμένοις
3027 1438 3278 1509 ἀπάτην,
3332 1438 3482 1507 ἰσχύν
3510 1456 3629 1492 τινα
3663 1439 3750 1494 διὰ

2182 1528 2283 1598 τῆς
2322 1528 2638 1582 ἐπιπολαίου
2693 1529 3043 1601 πιθανότητος
3099 1528 3244 1599 ἔχειν
3297 1529 3482 1581 δοκεῖ·
3535 1532 3647 1593 τοῖς
3695 1530 3750 1583 δὲ

2181 1620 2646 1693 διορατικωτέροις
2671 1621 2769 1691 τῆς
2795 1619 3050 1690 ἀληθείας
3093 1619 3268 1691 σαθρά
3295 1621 3454 1684 ὅντα,
3492 1621 3583 1673 καὶ⁵
3617 1621 3750 1692 πρό-

2182 1729 2363 1784 χειρον
2385 1713 2483 1784 τὴν
2501 1713 2601 1783 τῆς
2628 1712 2845 1782 ἀπάτης
2870 1711 3141 1776 ἀπόδειξιν
3164 1711 3372 1781 ἔχοντα,
3407 1711 3592 1781 σαφῶς
3617 1712 3750 1767 καθ-

2183 1806 2396 1876 ορᾶται.
2448 1805 2558 1858 Καί
2594 1821 2684 1873 μοι
2729 1805 2876 1858 δοκεῖ
2914 1803 3094 1866 καλῶς
3121 1804 3262 1873 ἔχειν
3305 1803 3395 1857 τὸν
3435 1805 3749 1860 Ἀπόστολον

2181 1898 2239 1950 ὲν
2289 1894 2498 1958 τούτοις
2551 1897 2845 1966 συνήγορον
2885 1895 2983 1966 τῆς
3035 1896 3156 1948 κατ’
3201 1894 3359 1974 αὑτὸν
3409 1897 3748 1968 παρηγορίας

2183 1985 2610 2056 προστήσασθαι.
2659 1988 2869 2057 Διαιρεῖ
2893 1986 3000 2057 γάρ
3029 1987 3087 2038 ὲν
3133 1987 3210 2056 τῷ
3255 1986 3389 2057 πρὸς
3431 1987 3748 2056 Κορινθίους

2181 2076 2325 2145 λόγῳ
2357 2077 2454 2138 τάς
2501 2093 2560 2129 τε
2606 2075 2926 2148 σαρκώδεις,
2977 2077 3072 2131 καὶ
3101 2076 3200 2140 τὰς
3239 2078 3614 2146 πνευματικὰς
3641 2078 3750 2131 τῶν

2181 2167 2370 2238 ψυχῶν
2401 2170 2760 2233 καταστάσεις
2787 2187 2800 2201 ⁸
2848 2171 3081 2235 δεικνὺς,
3126 2167 3297 2241 οἶμαι,
3333 2172 3420 2225 διὰ
3465 2172 3572 2224 τῶν
3600 2171 3752 2241 λεγο-

2185 2259 2390 2329 μένων,
2428 2261 2517 2313 ὅτ(
2555 2259 2614 2311 οὐ
2661 2259 2727 2312 δι’
2759 2260 3062 2331 αίσθήσεως
3109 2262 3170 2314 τὸ
3215 2262 3376 2316 καλὸν
3409 2263 3440 2332 ἦ
3472 2263 3530 2315 τὸ
3580 2266 3747 2317 κακὶν

2145 2391 2158 2402 .
2181 2349 2443 2419 προσήκει
2478 2349 2704 2419 κρίνειν,
2739 2348 2854 2401 ἀλλ’
2885 2348 2987 2414 ἔξω
3019 2349 3128 2403 τῶν
3162 2352 3302 2404 κατά
3335 2352 3397 2404 τὸ
3427 2350 3583 2422 σῶμα
3626 2370 3752 2422 φαι-

2181 2439 2420 2509 νομένων
2443 2440 2534 2492 τὸν
2562 2439 2687 2493 νοῦν
2713 2440 3111 2510 ἀποστήσαντα,
3137 2442 3306 2513 αὑτὴν
3335 2443 3420 2511 ἐφ’
3439 2444 3636 2516 ἑαυτῆς
3657 2446 3749 2498 τοῦ

2182 2530 2348 2584 καλοῦ
2374 2548 2436 2584 τε
2482 2532 2576 2585 καὶ
2604 2532 2697 2584 τοῦ
2726 2532 2965 2586 ἐναντίου
3003 2532 3294 2603 διακρίνειν
3337 2534 3434 2606 τὴν
3465 2536 3643 2604 φύσιν.
3688 2539 3750 2591 Ὀ

2181 2621 2289 2694 γὰρ
2341 2624 2756 2692 πνευματικὸς,
2816 2623 3000 2694 φησὶν,
3055 2624 3363 2692 ἀνακρίνει
3411 2627 3484 2678 τὰ
3531 2628 3747 2682 πάντα.

2181 2711 2397 2784 Ταύτην
2429 2709 2579 2784 οἶμαι
2611 2714 2708 2786 τὴν
2741 2717 2918 2768 αἰτίαν
2959 2715 3057 2786 τῆς
3099 2715 3205 2768 τῶν
3235 2715 3517 2786 δογμάτων
3548 2720 3750 2773 τούτων

2184 2803 2522 2874 μυθοποιίας,
2561 2807 2674 2868 τοῖς
2701 2805 2771 2858 τὰ
2795 2806 3018 2859 τοιαῦτα
3050 2810 3410 2877 προφέρουσιν
3435 2808 3500 2861 ἂν
3529 2811 3753 2880 γεγενῆ-

2184 2894 2329 2959 σθαι,
2352 2896 2432 2948 ὅτι
2461 2896 2597 2966 πρὸς
2627 2895 2688 2948 τὸ
2709 2896 2807 2966 ήδὺ
2833 2897 2931 2968 τῆς
2956 2898 3269 2968 σωματικῆς
3301 2899 3649 2964 ἀπολαύσεως
3692 2901 3752 2954 τὸ

2181 2985 2384 3053 ἀγαθὸν
2419 2984 2746 3056 ὁριζόμενοι,
2779 2987 2868 3041 διά
2893 2988 2953 3041 τὸ
2982 2989 3177 3042 πάθεσι
3212 2989 3302 3041 καὶ
3328 2991 3752 3061 ἀρρωστήμασιν

515 3090 618 3146 bus
651 3098 706 3146 et
744 3092 946 3156 morbis
978 3094 1292 3149 necessario
1319 3097 1554 3152 obnoxia
1587 3107 1670 3152 est
1703 3081 1952 3168 corporis
1978 3115 2079 3155 na-

2184 3072 2500 3127 ὑποκείσθαι
2552 3074 2670 3127 κατ’
2713 3076 2956 3146 ἀνάγκην
3003 3077 3101 3148 τὴν
3149 3077 3241 3130 τοῦ
3301 3076 3548 3143 σώματος
3595 3079 3753 3147 φύσιν

515 3192 659 3248 tura,
696 3191 755 3237 ut
783 3199 905 3254 qua:
944 3185 1016 3240 sit
1040 3187 1364 3256 composita,
1413 3197 1466 3244 et
1501 3187 1633 3244 ﬂuat
1662 3190 1729 3244 ad
1755 3191 2078 3246 dissolutio-

514 3290 637 3330 nem
671 3293 684 3329 :
718 3275 986 3344 ejusmodi
1012 3285 1192 3332 autem
1229 3277 1544 3335 aﬂ'ectiones
1566 3283 1923 3352 consequitur
1957 3284 2082 3354 qui—

514 3365 640 3419 dam
682 3381 880 3421 sensus
913 3367 1156 3423 dolorem
1187 3367 1442 3437 aﬂ‘crens,
1486 3370 1778 3425 humanam
1827 3381 2080 3428 naturam

513 3456 641 3510 mali
669 3471 806 3527 opus
838 3473 962 3519 esse
989 3461 1327 3517 existimant.
1370 3462 1505 3518 Nam
1531 3465 1575 3519 si
1607 3465 1898 3522 sublimius
1941 3467 2084 3537 aspi-

514 3556 666 3604 ceret
720 3565 913 3605 eorum
977 3554 1256 3623 cogitatio,
1302 3563 1358 3609 et
1401 3555 1470 3610 ab
1503 3572 1567 3610 ea
1604 3574 1726 3628 quae
1749 3557 1802 3612 in
1843 3559 2082 3628 volupta-

514 3639 662 3696 tibus
690 3649 944 3696 versatur
977 3641 1262 3701 affectione
1317 3654 1502 3702 mente
1540 3649 1732 3718 procul
1779 3651 2072 3716 collocata,

514 3732 929 3788 considerarent
956 3735 1116 3791 liberi
1149 3738 1217 3792 ab
1249 3739 1416 3792 animi
1451 3741 1863 3809 perturbatione
1890 3758 2078 3798 rerum

513 3840 636 3893 qua:
667 3833 796 3880 sunt
846 3834 1120 3894 naturam,
1150 3844 1260 3884 non
1291 3833 1672 3888 existimarent
1703 3835 1905 3889 malum
1931 3835 2079 3890 aliud

513 3933 636 3973 esse
662 3933 826 3989 quam
865 3921 1057 3974 vitium
1087 3929 1140 3976 et
1164 3923 1591 3992 improbitatem.
1643 3925 1844 3981 Vitium
1893 3936 2076 3983 autem

515 4023 677 4064 omne
719 4019 773 4064 et
799 4009 1117 4078 improbitas
1151 4011 1206 4064 in
1227 4012 1354 4066 boni
1398 4013 1704 4082 privatione
1733 4030 1890 4070 suam
1919 4015 2080 4069 habet

515 4099 747 4155 formam
769 4110 824 4157 et
861 4102 1398 4167 characterem,cum
1423 4119 1518 4176 per
1549 4109 1608 4159 se
1639 4120 1746 4159 non
1781 4106 1873 4170 sit,
1903 4121 2081 4176 neque

514 4191 890 4248 consideretur
923 4194 979 4248 in
1022 4209 1088 4249 eo
1129 4195 1272 4268 quod
1313 4197 1600 4250 consistat.
1656 4195 1876 4251 Nullum
1935 4199 2080 4253 enim

515 4283 715 4337 malum
744 4299 837 4353 per
873 4300 932 4339 se
968 4284 1130 4338 situm
1165 4293 1249 4340 est
1275 4293 1430 4340 extra
1461 4285 1684 4340 liberam
1719 4287 1934 4342 arbitrii
1969 4289 2082 4343 cle-

513 4375 788 4442 ctionem;
840 4374 933 4432 sed
989 4377 1060 4428 ita
1120 4376 1506 4431 denominatur
1555 4394 1619 4433 ex
1660 4394 1727 4433 eo
1775 4378 1921 4449 quod
1971 4395 2080 4435 non

2187 3163 2436 3218 σύνθετον
2463 3161 2625 3219 οὖσαν
2651 3166 2743 3219 καὶ
2767 3169 2848 3230 είς
2875 3167 3116 3221 διάλυσιν
3145 3169 3373 3239 ῥέουσαν
3395 3210 3408 3233 ,
3459 3171 3750 3224 ἐπακολου-

2183 3255 2294 3309 θεῖν
2337 3257 2394 3310 δέ
2425 3273 2540 3320 πως
2568 3259 2680 3321 τοῖς
2716 3258 2976 3322 τοιούτοις
3007 3260 3321 3330 παθήμασιν
3352 3262 3602 3334 ἁλγεινήν
3629 3279 3751 3315 τινα

2183 3346 2453 3420 αἴσθησιν,
2509 3348 2742 3420 πονηροῦ
2790 3349 2886 3420 τὴν
2929 3349 3370 3421 ἀνθρωποποιίαν
3418 3352 3576 3423 ἔργον
3613 3349 3752 3404 εἷναι

2181 3438 2510 3510 νομίζουσιν.
2575 3440 2663 3502 Ὠς
2710 3441 2823 3507 είγε
2872 3439 3005 3510 πρὸς
3049 3440 3112 3492 τὸ
3159 3441 3482 3512 ὑψηλότερον
3529 3443 3754 3495 ἔϐλεπεν

2182 3531 2362 3594 αὑτοῖς
2387 3533 2420 3602 ή
2448 3530 2671 3594 διάνοια,
2701 3531 2794 3584 καὶ
2819 3531 2916 3602 τῆς
2947 3532 3073 3602 περὶ
3101 3531 3199 3593 τάς
3245 3531 3435 3600 ἡδονὰς
3459 3531 3751 3594 διαθέσεως

2182 3622 2272 3677 τὸν
2296 3621 2420 3675 νοῦν
2450 3622 2851 3687 ἀποικίσαντες,
2898 3621 3124 3685 ἀπαθῶς
3152 3622 3485 3674 ἐπεσκόπουν
3514 3622 3612 3690 τὴν
3639 3621 3750 3677 τῶν

2182 3717 2348 3772 ὄντων
2387 3717 2567 3786 φύσιν,
2597 3719 2696 3770 οὑκ
2722 3717 2788 3772 ἂν
2818 3717 2943 3770 ἄλλο
2990 3736 3042 3771 τι
3089 3718 3257 3772 κακὸν
3296 3713 3432 3771 εἶναι
3477 3720 3626 3789 παρὰ
3654 3717 3754 3790 τὴν

2184 3813 2446 3882 πονηρίαν
2479 3811 2755 3884 ᾠήθησαν.
2790 3811 3032 3882 Πονηρία
3059 3811 3115 3864 δὲ
3146 3812 3294 3864 πᾶσα
3319 3811 3376 3863 ὲν
3398 3814 3462 3882 τῇ
3491 3809 3753 3880 τοῦάγαο

2183 3903 2277 3958 θοῦ
2307 3904 2554 3975 στερήσει
2599 3903 3078 3975 χαρακτηρίζεται,
3121 3904 3182 3956 οὑ
3214 3902 3336 3955 καθ’
3363 3903 3564 3974 ἑαυτὴν
3596 3901 3755 3970 οὖσα,

2181 3994 2302 4047 οὑδὲ
2349 3995 2468 4048 καθ’
2511 3995 2802 4047 ὑπόστασιν
2834 3995 3200 4065 θεωρουμένη.
3247 3994 3432 4048 Κακὺν
3467 3978 3760 4065 γὰρόὐδὲν

2183 4083 2287 4150 ἔξω
2322 4084 2691 4156 προαιρέσεως
2741 4085 2826 4152 ἐφ’
2875 4083 3066 4135 ἑαυτοῦ
3111 4085 3330 4145 κεῖται,
3381 4083 3516 4136 ἀλλὰ
3559 4083 3637 4154 τῷ
3681 4085 3758 4154 μὴ

2184 4173 2321 4230 εἶναι
2365 4176 2425 4228 τὸ
2455 4175 2657 4243 ἀγαθὸν
2699 4173 2841 4228 οὕτω
2885 4173 3331 4244 κατονομάζεται.
3365 4175 3437 4226 Τὸ
3465 4173 3521 4227 δὲ
3565 4176 3640 4247 μὴ
3671 4175 3754 4241 ὃν,

2185 4267 2282 4338 οὑχ
2314 4266 2617 4338 ὑφέστηκεο
2649 4265 2739 4318 τοῦ
2775 4265 2831 4318 δὲ
2877 4265 2949 4335 μὴ
2999 4265 3305 4333 ὑφεστῶτος
3345 4264 3670 4336 δημιουργὸς
3724 4267 3753 4318 6

2187 4363 2294 4414 τῶν
2326 4359 2646 4428 ὑφεστώτων
2675 4357 3005 4428 δημιουργὸς
3036 4359 3136 4411 οὐκ
3185 4358 3351 4411 ἔστιν.
3398 4357 3603 4411 Οὐκοῦν
3648 4357 3754 4422 ἔξω

515 4466 588 4521 sit
625 4466 848 4520 bonum.
899 4465 1051 4531 Quod
1103 4474 1282 4520 autem
1340 4478 1591 4531 nonest,
1643 4483 1751 4522 non
1805 4472 2080 4525 consistit.

2188 4455 2285 4524 τῆς
2308 4451 2416 4504 τῶν
2438 4450 2620 4503 κακῶν
2645 4449 2819 4513 αἰτίας
2837 4451 2865 4502 6
2891 4449 3040 4513 Θεὸς,
3069 4451 3096 4500 6
3121 4449 3227 4503 τῶν
3257 4450 3444 4511 ὄντων,
3467 4449 3563 4519 οὐχ
3590 4451 3618 4502 6
3644 4449 3753 4503 τῶν

514 4557 645 4625 Ejus
673 4564 853 4610 autem
881 4557 1023 4626 quod
1056 4571 1164 4612 non
1190 4557 1443 4611 consistit
1472 4559 1673 4626 Opil'ex,
1699 4573 1805 4611 non
1818 4568 1901 4613 est
1929 4562 1974 4612 is
1992 4560 2080 4627 qui

2186 4545 2262 4613 μὴ
2299 4543 2466 4594 ὄντων
2495 4541 2722 4612 ποιητὴς
2755 4540 2850 4605 ὢν,
2891 4541 2918 4592 6
2946 4540 3041 4611 τὴν
3072 4541 3344 4612 ὃρασιν,οὑ
3381 4540 3477 4611 τὴν
3506 4543 3752 4612 πήρωσιν

512 4656 597 4703 est
624 4647 804 4717 opifex
849 4662 1038 4702 eorum
1089 4662 1209 4717 quae
1261 4646 1588 4699 consistunt.
1645 4645 1924 4699 Malorum
1956 4662 2080 4716 ergo

2181 4632 2611 4705 δημιουργήσας,
2640 4633 2668 4684 6
2699 4629 2794 4701 τὴν
2839 4631 3055 4701 ἀρετὴν,
3076 4632 3136 4682 οὑ
3169 4631 3267 4701 τὴν
3301 4631 3554 4701 στέρησιν
3585 4633 3752 4703 αὑτῆς

513 4753 678 4794 causa
694 4754 800 4792 non
823 4746 898 4792 est
919 4737 1080 4800 Deus,
1106 4736 1198 4806 qui
1237 4744 1318 4790 est
1345 4745 1558 4790 creator
1573 4746 1622 4790 et
1647 4734 1867 4791 elTector
1895 4751 2083 4791 eorum

513 4845 633 4900 quae
671 4838 819 4895 sunt,
872 4845 980 4884 non
1020 4845 1205 4884 eorum
1235 4844 1356 4899 quae
1404 4843 1512 4882 non
1573 4836 1698 4883 sunt
1735 4846 1748 4881 :
1781 4828 1872 4897 qui
1906 4829 2082 4883 visum

512 4933 596 4977 est
623 4921 946 4988 fabricatus,
969 4935 1078 4976 non
1107 4927 1285 4974 autem
1318 4919 1654 4987 caecitatem;
1696 4920 1788 4988 qui
1821 4920 2078 4974 virtutem

514 5011 791 5079 indicavit,
826 5029 932 5069 non
981 5013 1100 5083 ejus
1141 5011 1535 5082 privationem;
1597 5011 1755 5066 bona:
1800 5010 2080 5065 electionis

513 5104 735 5172 praemio
777 5105 991 5175 adjecto
1040 5105 1304 5159 bonorum
1343 5104 1446 5158 line
1511 5103 1578 5158 iis
1615 5104 1709 5174 qui
1757 5117 1824 5156 ex
1879 5102 2082 5157 virtute

513 5192 681 5245 vitam
720 5193 964 5265 degunt,
1000 5210 1107 5248 non
1152 5194 1402 5249 violenta:
1440 5192 1601 5247 alicui
1638 5192 1970 5254 necessitati,
2024 5201 2082 5246 ut

513 5277 617 5331 sibi
639 5278 933 5346 videretur,
967 5283 1255 5337 humanam
1291 5282 1621 5352 subjungens
1652 5291 1923 5347 naturam,
1952 5290 2074 5337 tan-

512 5382 675 5437 quam
736 5383 831 5424 vas
886 5372 1104 5442 aliquod
1141 5375 1437 5430 animatum
1490 5373 1716 5428 invitum
1768 5371 1835 5427 ad
1873 5375 2073 5429 bonum

2181 4725 2461 4788 ἀναδείξας
2508 4720 2667 4777 ἆθλον
2710 4725 2810 4793 τῆς
2853 4722 3254 4794 προαιρέσεως,
3297 4723 3356 4774 τὸ
3387 4721 3496 4775 τῶν
3533 4723 3754 4790 ἀγαθῶν

2183 4816 2354 4886 πέρας
2378 4819 2488 4872 τοῖς
2516 4815 2635 4868 κατ’
2664 4813 2862 4885 ἀρετὴν
2891 4813 3328 4884 πολιτευομένοις
3365 4812 3605 4884 προθεὶς,
3651 4814 3752 4866 οὑκ

2177 4911 2392 4981 ἀνάγκῃ
2422 4908 2525 4961 τινὶ
2559 4906 2708 4978 βιαίᾳ
2749 4906 2882 4978 πρὸς
2909 4904 2969 4957 τό
3000 4904 3177 4974 ἐαυτῷ
3219 4903 3405 4957 δοκοῦν
3450 4903 3751 4971 ὑποζεύξας

2175 5002 2275 5075 τὴν
2305 5000 2650 5073 ἀνθρωπίνην
2685 4998 2865 5069 φύσιν,
2896 4997 3147 5067 καθάπερ
3189 5014 3240 5048 τι
3275 4996 3467 5059 σκεῦος
3509 4995 3751 5066 ἔμψυχον

2176 5091 2446 5154 ἀκουσίως
2475 5089 2611 5160 πρὸς
2637 5089 2699 5141 τὸ
2727 5088 2888 5141 καλὸν
2919 5086 3293 5156 ἐφελκόμενος.
3337 5086 3400 5138 Εί
3426 5085 3481 5138 δὲ
3507 5085 3600 5138 τοῦ
3632 5102 3748 5153 φω-

2177 5185 2269 5248 τὸς
2294 5183 2353 5248 ἐξ
2375 5183 2588 5254 αἰθρίας
2612 5180 2867 5251 καθαρῶς
2897 5177 3345 5248 περιλάμποντος,
3381 5175 3640 5240 ἑκουσίως
3665 5193 3751 5238 τις

2180 5275 2457 5328 ἐπιϐάλλοι
2482 5276 2592 5335 τοῖς
2618 5272 2903 5342 βλεφάροις
2931 5270 3028 5340 τὴν
3056 5271 3263 5340 ὅρασιν,
3295 5266 3399 5334 ἔξω
3419 5267 3520 5337 τῆς
3545 5265 3639 5319 τοῦ
3671 5265 3749 5339 μὴ

2185 5369 2472 5441 βλέποντος
2501 5363 2678 5427 αίτίας
2713 5365 2742 5418 6
2773 5362 2941 5433 ἥλιος.

513 5460 813 5517 attrahens.
855 5461 912 5516 Si
939 5474 1119 5521 autem
1151 5470 1287 5526 lucis
1308 5479 1550 5540 tempore
1585 5484 1779 5525 sereno
1807 5485 1941 5540 pure
2003 5469 2256 5532 lucentis,
2330 5461 2636 5520 voluntarie
2707 5458 2982 5530 quispiam
3050 5457 3193 5513 ciliis
3243 5453 3600 5527 apprehendit
3670 5453 3749 5509 vi-

515 5557 746 5623 sionem,
801 5558 882 5613 sol
945 5562 1165 5619 minimc
1216 5576 1296 5621 est
1364 5580 1529 5624 causa
1589 5566 1708 5638 ejus
1781 5567 1873 5636 qui
1941 5583 2046 5622 non
2086 5565 2293 5636 aspicit.

601 5737 624 5770 ⁸
657 5737 678 5792 ι
707 5737 830 5794 Cor.
865 5754 924 5806 ιι,
974 5741 1056 5797 lii.
