4072 6212
501 227 570 284 sa
1731 223 1987 294 canto
2026 237 2525 299 CATECHETICA.
3243 307 3246 312 ,
3683 263 3752 318 st

788 341 791 344 '
827 344 832 348 ’
1117 347 1362 400 ΚΕΦΑΛ.
1406 349 1477 402 ιιι.

2151 419 2156 432 _
2761 361 2987 420 CAPUT
3037 365 3164 422 VHL
3263 333 3412 342 ’”“”

500 477 795 577 Regnabat
831 478 1364 577 ιίγανίτξιτούντωῖζ
1405 483 1508 577 διιξ
1540 484 1595 574 ςί
1643 487 2012 577 ιξποθν-ήρνκει
2045 517 2051 568 τ

2181 489 2260 572 De
2289 493 2352 544 iis
2377 495 2466 574 qui
2499 492 2841 577 indignantur:
2887 499 3024 577 quod
3056 501 3208 577 homo
3230 505 3476 572 moritur,
3509 526 3628 564 cum
3650 511 3748 568 hoc

569 549 908 616 ἄνθρωπος,
948 549 1164 636 τούτου
1200 550 1438 619 μᾶλλον
1468 553 1574 643 ὶέπξ
1620 549 1931 638 εὐερῖεάίᾳ
1970 562 2051 612 ’τοέ

573 617 765 643 Δ--Ω,.ι⁹ι
777 632 887 643 η--.
931 635 1296 643 ------.η-.-----
1319 641 1330 643 Α
1390 639 1461 643 --μ
1586 641 1591 643 .
1611 624 1621 643 ἱ
1914 632 1926 643 ι
1983 631 2008 643 Λ
2033 627 2044 643 1

2215 562 2283 613 sit
2313 549 2489 630 potius
2521 563 2590 616 ad
2613 549 2924 634 beneﬁcium
2958 570 3204 638 hominis,
3232 584 3280 628 et
3319 591 3412 629 cur
3437 549 3514 634 est
3546 549 3712 638 mors:

567 617 887 684 ἀνθρώπου
931 617 1355 688 τυγχάνώοτος,
1387 623 1483 675 καί
1537 623 1634 678 διὰ
1684 617 1860 682 τοῦτο
1893 617 1926 681 ὃ
1975 627 2076 681 θά-

568 704 771 749 ratae.

581 817 720 870 Ἀλλ’
772 819 1071 886 ἀγανακτεῖ
1117 818 1336 884 πάντως
1367 825 1425 884 ,ό
1475 825 1610 894 πρὸς
1664 826 1760 896 τὴν
1817 828 2051 882 ἀνάλυσιε

2251 817 2357 872 Sed
2384 835 2526 891 aegre
2559 822 2664 878 fert
2688 833 2742 880 et
2771 826 3109 900 indignatur,
3167 837 3259 904 qui
3288 841 3482 906 aspicit
3529 845 3595 897 ad
3627 846 3746 903 dis-

494 910 712 974 33.émov
751 910 847 962 τοῦ
882 910 1151 981 σώματος,
1197 914 1289 966 καὶ
1320 913 1554 982 χαλεπὸν
1603 920 1834 971 ποιεῖται
1874 919 1949 990 τῷ
1979 919 2069 973 θαι

490 1001 645 1070 νὲτῳ
697 1001 794 1070 τὴν
829 1000 976 1071 ζωὴν
1021 1002 1178 1071 ἡμῶν
1224 1003 1559 1059 διαλύεσθαι.
1595 1007 1803 1060 Οὐκοῦν
1851 1012 2070 1063 ἐπισκεο

492 1091 690 1159 ιζάσθω
719 1091 804 1144 διὰ
840 1091 935 1144 τοῦ
997 1092 1322 1164 σκυθρωποῦ
1378 1096 1569 1149 τούτου
1619 1097 1717 1169 τὴν
1765 1099 2069 1172 ὑπερϐολὴν

493 1184 595 1252 τῆς
629 1181 773 1244 θείας
795 1182 1132 1252 εὐεργεσίας.
1169 1183 1322 1253 Τάχα
1355 1184 1462 1256 γὰρ
1493 1185 1558 1239 ἂν
1596 1187 1796 1258 μᾶλλον
1827 1190 1915 1244 διὰ
1944 1191 2067 1245 τούσ-

489 1289 585 1324 του
637 1273 973 1342 προσαχθείη
1026 1271 1304 1342 Θαυμάσαι
1349 1275 1446 1346 τὴν
1479 1279 1637 1349 χάριν
1668 1281 1766 1350 τῆς
1815 1284 1943 1353 περὶ
1976 1284 2066 1338 τὸν

486 1363 776 1433 ἄνθρωπον
818 1363 911 1416 τοῦ
945 1365 1079 1417 Θεοῦ
1111 1365 1456 1436 κηδεμονίας.
1490 1369 1562 1422 Τὸ
1595 1370 1693 1441 ζῇν
1725 1371 1813 1424 διὰ
1839 1373 1936 1444 τὴν
1967 1392 2065 1427 κα-

486 1452 769 1521 ταθυμίων
798 1451 1100 1506 ἀπόλαυσιν
1127 1455 1340 1526 αἱρετόν
1367 1457 1482 1508 ἐστι
1517 1461 1627 1521 τοῖς
1662 1459 1755 1510 τοῦ
1781 1459 1896 1530 βίου
1939 1479 2065 1532 μετ-

487 1526 731 1612 έχουσινῖ
768 1544 859 1606 Ὧς
883 1545 935 1596 εί
953 1544 1016 1612 γέ
1038 1561 1120 1607 τις
1147 1546 1205 1597 ἐν
1236 1545 1447 1610 ὀδύναις
1470 1548 1716 1621 διαϐιῴη,
1748 1526 1900 1623 παρὰ
1928 1526 2061 1606 πολὺ

484 1635 564 1704 τῷ
591 1635 818 1706 τοιούτῳ
849 1635 910 1688 τὺ
940 1636 1014 1706 μὴ
1062 1632 1200 1690 εἶναι
1248 1638 1341 1692 τοῦ
1395 1640 1656 1708 ἀλγεινῶς
1688 1639 1825 1698 εἶναι
1872 1663 2060 1716 προτιν-

2175 909 2498 964 solutionem
2531 918 2798 983 corporis,
2820 927 3049 990 etgrave
3071 939 3191 980 esse
3222 925 3370 983 ducit
3397 933 3540 1000 quod
3567 947 3742 994 morte

2175 1000 2281 1053 vita
2318 1010 2503 1056 nostra
2528 1004 2865 1063 dissolvitur.
2916 1011 2988 1066 Ex
3023 1015 3123 1070 hoc
3148 1032 3281 1086 ergo
3313 1023 3460 1090 quod
3495 1023 3738 1083 dolorem

2171 1088 2328 1143 allert
2353 1099 2404 1145 et
2447 1096 2776 1163 molestiam,
2803 1103 3114 1160 consideret
3143 1088 3357 1179 insigne
3392 1111 3482 1168 Dei
3533 1114 3739 1172 beneﬁ-

2168 1181 2335 1235 cium.
2360 1181 2465 1238 Per
2497 1185 2601 1241 hoc
2634 1189 2778 1243 enim
2802 1195 2974 1264 magis
3012 1197 3316 1255 adducetur
3351 1211 3407 1256 ut
3438 1205 3741 1263 admiretur

2166 1274 2396 1342 gratiam
2427 1291 2572 1330 cura:
2597 1293 2760 1348 quam
2785 1280 2928 1338 Deus
2959 1287 3103 1355 gerit
3132 1288 3392 1348 hominis.
3426 1293 3626 1353 Vivere
3651 1310 3737 1356 est

2165 1365 2479 1434 eligendum
2509 1369 2578 1425 iis
2623 1373 2718 1441 qui
2757 1375 2882 1429 vitae
2921 1389 3048 1432 sunt
3093 1383 3412 1455 participes,
3447 1399 3734 1462 propterea

2165 1455 2310 1522 quod
2358 1455 2611 1514 fruantur
2676 1461 2744 1517 iis
2791 1479 2913 1534 qua:
2953 1479 3084 1522 sunt
3135 1481 3289 1542 grata
3351 1487 3405 1532 et
3451 1455 3730 1548 ‘juc-unda.

2163 1541 2297 1598 Nam
2331 1547 2376 1601 si
2411 1549 2682 1620 quispiam
2710 1554 2765 1607 in
2810 1556 3095 1616 doloribus
3140 1571 3194 1618 et
3225 1569 3522 1637 angoribus
3561 1573 3730 1630 vitam

2166 1639 2514 1708 transigeret,
2535 1642 2582 1696 ei
2611 1642 2766 1714 longe
2794 1650 3453 1723 praestabiliusjudicatur
3475 1677 3581 1716 non
3607 1679 3731 1720 esse

487 1725 718 1795 μότερον
747 1725 1013 1796 κρίνεται.
1047 1727 1256 1781 Οὐκοῦν
1295 1729 1638 1803 ἐξετάσωμεν
1663 1735 1709 1785 εί
1738 1737 1766 1787 ὁ
1787 1735 1886 1805 τῆς
1917 1707 2051 1808 ζωῆς

2168 1730 2329 1794 quam
2359 1744 2481 1786 esse
2513 1732 2562 1786 in
2599 1733 2806 1790 dolore.
2862 1737 3250 1808 Exapiinemus
3294 1763 3428 1820 ergo
3456 1766 3524 1806 an
3557 1753 3605 1810 is
3633 1757 3728 1825 qui

480 1816 720 1885 χορηγὸς
740 1816 876 1885 πρὸς
902 1815 1030 1870 ἄλλο
1054 1834 1112 1870 τι
1136 1817 1325 1889 βλέπῃ,
1361 1822 1452 1874 καὶ
1479 1824 1576 1892 οὐχ
1606 1824 1753 1888 ὅπως
1777 1825 1841 1879 ἂν
1862 1827 1920 1879 ἐν
1951 1831 2061 1892 τοῖς

483 1906 793 1970 καλλίστοις
821 1906 1077 1978 βιῲημεν.
1132 1910 1347 1982 Ἐπειδὴ
1387 1912 1496 1984 γὰρ
1523 1914 1601 1985 τῷ
1627 1915 1952 1989 αὑτεξουσίῳ
1979 1937 2061 1972 κι-

490 1998 701 2066 νήματι
728 1998 818 2050 τοῦ
859 1999 1023 2052 κακοῦ
1054 2001 1152 2071 τὴν
1183 2003 1464 2057 κοινωνίαν
1505 2004 1946 2076 ἐξεσπασάμεθα,
1974 2009 2061 2064 διά

485 2104 639 2151 τινος
677 2089 866 2159 ἡδονῆς
909 2085 1016 2144 οἷόν
1061 2110 1112 2145 τι
1140 2093 1462 2165 δηλητήριον
1502 2096 1676 2165 μέλιτι
1714 2101 2058 2170 παραρτυθέν

480 2183 551 2249 τῇ
587 2178 745 2248 φύσει
799 2181 859 2234 τὸ
908 2182 1074 2236 κακὸν
1125 2183 1554 2254 καταμίξαντες,
1613 2187 1708 2240 καὶ
1754 2187 1842 2242 διὰ
1901 2189 2058 2244 τοῦτο

481 2270 586 2340 τῆς
621 2270 759 2324 κατὰ
787 2273 846 2325 τὸ
891 2273 1096 2337 ἀπαθὲς
1137 2277 1434 2347 νοουμένης
1469 2279 1865 2352 μακαριότητος
1895 2283 2058 2335 ἐκπεο

487 2361 688 2427 σόντες,
744 2362 879 2434 πρὸς
926 2363 1024 2433 τὴν
1061 2364 1260 2418 κακίαν
1305 2355 1834 2440 μετεμορφώθημεν·
1865 2371 2054 2426 τούτου

476 2451 663 2505 ἕνεκεν
692 2449 804 2506 οἶόν
838 2471 892 2507 τι
928 2455 1120 2519 σκεῦος
1157 2458 1507 2532 ὀστράκινον,
1561 2461 1723 2516 πάλιν
1768 2464 1797 2516 ὁ
1843 2463 2054 2535 ἄνθρω-

477 2559 581 2605 πος
619 2545 698 2608 είς
759 2545 866 2614 γῆν
902 2545 1224 2600 ἀναλύεται’
1259 2550 1407 2613 ὅπως
1462 2550 1528 2604 ἂν
1572 2554 1672 2622 τῆς
1703 2551 1796 2607 νῦν
1837 2555 2052 2608 ἐναπει-

473 2633 765 2705 λημμένης
806 2636 955 2708 αὐτῷ
993 2639 1264 2712 ρυπαρίας
1309 2642 1730 2715 ἀποκριθείσης,
1780 2647 1858 2709 είς
1889 2647 1950 2700 τὸ
1994 2647 2052 2714 ἐξ

470 2725 651 2795 ἀρχῆς
689 2726 875 2796 σχῆμα
906 2728 995 2782 διὰ
1033 2729 1134 2800 τῆς
1165 2722 1515 2796 ἀναστάσεως
1556 2733 1946 2807 ἀναπλασθείη.
1980 2737 2053 2790 Τὸ

472 2814 536 2865 δὲ
571 2815 813 2868 τοιοῦτον
859 2818 1038 2890 δόγμα
1070 2821 1483 2896 ἱστορικώτερον
1532 2826 1650 2896 μὲν,
1681 2827 1774 2880 καὶ
1825 2827 1890 2880 δι’
1915 2831 2053 2882 αίνι-

471 2904 702 2974 γμάτων
731 2908 983 2979 όΜωσῆς
1008 2910 1136 2981 ὑμῖν
1170 2914 1460 2968 ἐκτίθεται.
1503 2917 1650 2988 Πλὴν
1691 2917 1911 2989 ἔκδηλον
1960 2920 2053 2972 καὶ

471 2997 543 3049 τά
589 2997 885 3067 αἰνίγματα
935 2999 1034 3071 τὴν
1079 3001 1423 3059 διδασκαλίαν
1451 3006 1585 3077 ἔχει.
1655 3009 1870 3080 Ἐπειδὴ
1928 3010 2045 3080 γὰρ,

2163 1817 2330 1872 vitam
2362 1825 2696 1892 suppeditat,
2735 1827 2800 1881 ad
2829 1829 3034 1900 aliquid
3077 1837 3223 1892 aliud
3262 1817 3515 1911 aspiciat,
3560 1817 3727 1916 quam

2162 1917 2221 1963 ut
2243 1912 2407 1966 vitam
2434 1929 2664 1985 agamus
2688 1918 2742 1971 in
2769 1920 2835 1974 iis
2853 1938 2974 1990 qua:
3000 1936 3128 1980 sunt
3157 1931 3363 1999 Optima
3381 1943 3435 1988 et
3465 1912 3727 2004 pulcher-

2160 1999 2320 2054 rima.
2353 2001 2491 2067 Quia
2536 2007 2682 2060 enim
2731 2009 2884 2062 liberi
2932 2014 3147 2068 arbitrii
3204 1999 3726 2083 motu‘att—raximus

2162 2092 2286 2144 mali
2320 2095 2662 2160 societatem,
2718 2115 2816 2170 per
2862 2103 3145 2172 cujusdam
3206 2111 3505 2184 voluptatis
3558 2119 3725 2174 veluti

2159 2182 2431 2252 quoddam
2461 2202 2734 2244 venenum
2770 2195 2925 2250 melle
2950 2198 3251 2263 conditum,
3278 2182 3479 2258 malum
3512 2215 3726 2265 natura

2158 2273 2572 2345 immiscentes;
2605 2288 2661 2334 et
2683 2281 2806 2337 ideo
2842 2299 2871 2338 a
2891 2286 3248 2369 ‘beatitudine
3299 2309 3421 2362 quae
3452 2311 3516 2350 ex
3546 2298 3724 2369 impa-

2158 2364 2411 2423 tibilitate
2443 2367 2772 2441 intelligitur
2811 2361 3154 2445 excidentes,
3207 2361 3587 2442 transformati
3623 2361 3724 2445 su-

2157 2469 2286 2510 mus
2317 2456 2384 2510 ad
2411 2458 2628 2525 vitium,
2687 2477 2749 2516 ea
2782 2463 2848 2518 de
2893 2480 3062 2522 causa
3111 2471 3277 2526 veluti
3315 2474 3590 2543 quoddam
3626 2493 3724 2534 vas

2157 2545 2354 2612 ﬁctile,
2387 2548 2551 2604 homo
2579 2567 2773 2610 rursus
2810 2555 2863 2610 in
2897 2566 3097 2613 terram
3133 2564 3498 2631 resolvitur‘;
3537 2576 3596 2622 ut
3639 2583 3724 2624 se-

2155 2638 2322 2693 cretis
2354 2656 2476 2710 quar
2497 2641 2551 2695 in
2577 2658 2642 2698 eo
2669 2661 2816 2701 nunc
2856 2658 2984 2705 sunt
3010 2652 3288 2720 sordibus,
3343 2656 3399 2710 in
3430 2659 3720 2726 pristinatn

2154 2730 2384 2800 ﬁguram
2419 2733 2750 2792 reformetur
2778 2747 3375 2810 perresurrectionem.
3404 2749 3519 2806 Hoc
3539 2762 3720 2808 autem

2152 2816 2346 2890 dogma
2378 2820 2634 2881 historice
2673 2829 2912 2897 quidem,
2970 2839 3025 2886 et
3077 2849 3172 2904 per
3223 2837 3509 2905 enigmata
3560 2841 3722 2897 nobis

2151 2907 2377 2976 exponit
2409 2907 2607 2966 Moses.
2642 2912 2912 2970 Caeterum
2947 2918 3063 2973 hac
3093 2921 3258 2975 etiam
3287 2925 3575 2994 aenigmata
3597 2941 3722 2997 per-

2156 2997 2405 3066 spicuam
2439 3008 2496 3056 et
2543 3003 2751 3059 claram
2797 3005 3002 3063 habent
3039 3009 3374 3069 doctrinam.
3424 3013 3718 3088 Postquam

473 3085 663 3154 φησὶν,
694 3087 752 3138 ἐν
787 3089 900 3150 τοῖς
933 3090 1401 3163 ἀπηγορευμένοις
1449 3097 1696 3164 ἐγένοντο
1749 3099 1797 3152 οἱ
1842 3101 2046 3170 πρῶτοι

2154 3089 2323 3155 enim,
2354 3091 2448 3158 ait,
2507 3092 2561 3146 in
2595 3094 2660 3148 iis
2705 3111 2826 3166 quae
2874 3099 3150 3167 prohibita
3185 3102 3424 3170 fuerant,
3487 3085 3717 3165 fuerunt

478 3174 780 3245 ἂνθρωποι,
827 3179 923 3232 καὶ
995 3179 1097 3250 τῆς
1146 3184 1546 3256 μακαριότητος
1583 3187 1797 3258 ἐκείνης
1847 3190 2054 3259 ἁπεγυ·

476 3265 803 3337 μνὼθησαν,
887 3269 1241 3341 δερματίνους
1303 3275 1582 3330 ἐπιϐάλλει
1659 3279 1891 3348 χιτῶνας
1941 3283 2052 3345 τοῖς

473 3359 924 3428 πρωτοπλάστοις
979 3365 1008 3415 ό
1069 3365 1302 3437 Κύριοςο
1351 3366 1412 3419 οὖ
1483 3384 1573 3438 μοι
1628 3369 1773 3422 δοκεῖ
1815 3371 1952 3442 πρὸς
1982 3371 2052 3426 τὰ

468 3448 701 3502 τοιαῦτα
749 3450 990 3522 δέρματα
1043 3453 1138 3506 τοῦ
1184 3455 1350 3523 λόγου
1408 3457 1507 3528 τὴν
1562 3458 1796 3514 διάνοιαν
1845 3461 2046 3532 φέρωνο

469 3537 639 3590 ποίων
678 3539 789 3610 γὰρ
822 3543 1246 3612 ἀποσφαγέντων
1292 3547 1388 3600 καὶ
1417 3547 1688 3620 δαρίντων
1732 3550 1886 3614 ζώων
1927 3553 2048 3607 ἐπι-

467 3630 667 3680 νοεῖται
689 3630 870 3694 αύτοῖς
890 3633 922 3701 ὴ
940 3634 1197 3707 περιϐολή
1219 3653 1233 3701 ;
1269 3636 1386 3691 ἀλλ’
1401 3639 1588 3712 ἐπειδὴ
1627 3643 1734 3695 πᾶν
1755 3642 1929 3714 δέρμα
1942 3661 2049 3714 χω-

471 3717 656 3786 ρισθὲν
682 3718 776 3771 τοῦ
800 3719 962 3787 ζὼου,
989 3725 1178 3795 νεκρόν
1205 3728 1348 3781 ἐστι’
1375 3728 1591 3795 πάντως
1609 3727 1761 3803 οἶμαι
1782 3735 1882 3804 τὴν
1911 3735 2047 3806 πρὸς

474 3809 536 3860 ἰδ
559 3812 878 3881 νεκροῦσθαι
910 3815 1161 3888 δύναμιν,
1188 3819 1222 3890 ἥ
1252 3822 1350 3892 τῆς
1375 3822 1568 3891 ἀλόγου
1604 3823 1816 3894 φύσεως
1838 3824 2046 3897 ἐξαίρε-

480 3914 574 3960 τος
604 3894 672 3968 ἦν
717 3903 780 3955 ἐκ
827 3907 1194 3977 προμηθείας,
1226 3910 1363 3980 μετὰ
1388 3912 1562 3968 ταῦτα
1588 3915 1700 3978 τοῖς
1740 3894 2046 3985 ἀνθρώποις

476 3988 883 4062 ἐπιϐεϐληκέναι
909 3997 1001 4051 τὸν
1021 3999 1120 4072 τὴν
1146 4001 1343 4057 κακίαν
1374 4004 1530 4075 ἡμῶν
1563 4006 1878 4078 ἰατρεύοντα
1898 4047 1914 4073 ,
1945 4009 2044 4080 οὐχ

469 4079 550 4142 ὡς
579 4081 659 4144 είς
693 4083 778 4136 ἀεὶ
808 4089 1162 4159 παραμένειν.
1216 4093 1274 4146 '0
1311 4095 1421 4166 γὰρ
1469 4095 1655 4166 χιτὼν,
1702 4097 1810 4151 τῶν
1844 4097 2042 4165 ἔξωθεν

463 4169 602 4240 ἡμῖν
640 4173 1078 4248 ἐπιϐαλλομένων
1131 4183 1276 4250 ἐστὶ,
1319 4185 1455 4256 πρὸς
1495 4187 1682 4258 καιρὸν
1721 4187 1816 4259 τὴν
1846 4189 2040 4243 ἐαυτοῦ

462 4259 663 4329 χρῆσιν
713 4265 968 4336 παρέχων
1015 4269 1108 4322 τοῦ
1157 4270 1433 4341 σώματος,
1469 4275 1532 4327 οὐ
1562 4276 1932 4346 συμπεφυκὼς
1971 4279 2037 4348 τῇ

458 4347 642 4413 φύσει.
688 4351 896 4406 Οὐκοῦν
934 4357 1001 4410 ἐκ
1042 4357 1144 4427 τῆς
1191 4360 1301 4414 τῶν
1347 4362 1558 4433 ἀλόγων
1608 4363 1822 4434 φύσεως
1867 4369 1901 4438 ἡ
1955 4347 2039 4420 vs;

459 4435 667 4507 κρότης
694 4441 1046 4513 οἰκονομικῶς
1079 4447 1364 4520 περιετέοη
1386 4452 1452 4521 τῇ
1484 4451 1563 4514 είς
1595 4435 1899 4507 ἀθανασίαν
1919 4470 2036 4508 κτι-
2067 4438 2112 4494 Ῑ)

459 4527 652 4601 σθείσῃ
709 4532 900 4600 φύσει,
947 4536 1009 4588 τὸ
1069 4537 1263 4602 ἔξωθεν
1301 4541 1470 4611 αὐτῆς
1523 4543 2032 4614 περικαλύπτουσα,

454 4619 520 4671 οὐ
554 4619 617 4672 τὸ
639 4620 867 4689 ἔσωθεν,
913 4625 1007 4678 καὶ
1036 4628 1097 4680 τὸ
1130 4629 1384 4700 αἰσθητὸν
1409 4630 1504 4685 τοῦ
1546 4634 1832 4705 ἀνθρώπου
1868 4638 2034 4708 μέρος

453 4709 925 4781 διαλαμϐάνουσα,
957 4717 1127 4788 αὐτῆς
1150 4720 1205 4772 δὲ
1228 4722 1328 4792 τῆς
1353 4722 1502 4786 θείας
1531 4725 1736 4790 εἰκόνος
1771 4728 1832 4780 οὐ
1865 4744 2033 4799 προσ-

454 4801 760 4872 απτομένη.
811 4804 1012 4860 Λύεται
1059 4808 1116 4861 δὲ
1155 4809 1216 4863 τὸ
1243 4812 1528 4883 αἳσθητὸν,
1563 4815 1660 4868 οὐκ
1688 4816 2027 4885 ἀφανίζεται.

467 4891 800 4964 Ἀφανισμδς
852 4897 951 4966 μὲν
998 4900 1106 4971 γάρ
1149 4903 1294 4956 ἐστιν
1363 4906 1398 4975 ἡ
1446 4906 1526 4969 είς
1558 4907 1619 4959 τὸ
1655 4906 1729 4978 μὴ
1767 4906 1827 4962 ὃν
1869 4925 2032 4978 μετα-

450 4981 736 5053 χώρησιςο
791 4986 944 5053 λύσις
994 4990 1051 5044 δὲ
1101 4995 1134 5062 ἠ
1182 4996 1263 5058 είς
1307 4997 1376 5051 τὰ
1422 4997 1513 5050 τοῦ
1546 4997 1749 5068 κόσμου
1795 5001 2034 5069 στοιχεῖα

449 5071 637 5137 πάλιν,
677 5077 771 5145 ἀφ’
813 5071 888 5132 ὧν
917 5081 1017 5150 τὴν
1060 5081 1315 5138 σύστασιν
1348 5086 1533 5158 ἔσχεν,
1567 5089 1829 5154 διάλυσις.
1870 5092 1943 5144 Τὸ
1973 5092 2027 5146 δὲ

450 5163 511 5212 ἐν
536 5163 750 5230 τούτοις
781 5170 1070 5241 γενόμενον
1099 5174 1200 5228 οὐκ
1228 5177 1503 5242 ἀπόλωλε,
1534 5180 1636 5234 κᾶν
1665 5181 1906 5253 ἐκφεύγῃ
1930 5181 2028 5254 τὴν

450 5254 756 5326 κατάληψιν
784 5261 881 5330 τῆς
907 5264 1180 5336 ἡμετέρας
1209 5268 1529 5339 αἰσθήσεως.
1568 5271 1630 5325 Ἦ
1664 5273 1720 5326 δὲ
1745 5275 1893 5327 αἰτία
1924 5274 2026 5338 τῆς
2075 5308 2078 5312 ι

451 5345 664 5411 λύσεως
715 5352 848 5424 δήλη
909 5355 997 5410 διὰ
1043 5358 1135 5412 τοῦ
1193 5361 1446 5432 ῥηθέντος
1499 5367 1628 5437 ἡμῖν
1693 5367 2023 5438 ὑποδείγμα-

2154 3180 2318 3251 primi
2349 3181 2620 3249 homines,
2677 3194 2731 3241 et
2762 3187 2948 3242 nudati
2985 3198 3117 3245 sunt
3145 3192 3510 3264 beatitudine,
3558 3200 3719 3270 pelli-

2152 3285 2280 3326 ceas
2324 3273 2538 3329 tunicas
2587 3278 2938 3346 protoplastis
2987 3281 3218 3351 imponit
3269 3285 3563 3351 Deus,non
3589 3304 3718 3346 sen-

2152 3363 2314 3426 tiens,
2367 3371 2428 3417 ut
2478 3365 2694 3433 opinor,
2754 3367 2822 3423 de
2873 3369 3148 3438 ejusmodi
3189 3375 3448 3442 pellibus.
3504 3377 3718 3443 Quibus

2150 3453 2292 3508 enim
2327 3453 2634 3512 interfectis
2675 3467 2730 3512 et
2763 3461 3056 3518 excoriatis
3103 3465 3454 3535 animalibus,
3503 3470 3586 3525 eis
3620 3486 3718 3527 ex-

2148 3544 2424 3616 cogitatur
2465 3547 2746 3604 amictus?
2798 3548 2903 3605 Sed
2937 3555 3195 3621 quoniam
3227 3558 3407 3614 omnis
3456 3560 3612 3630 pellis
3646 3563 3717 3618 ab

2148 3637 2475 3694 animalibus
2501 3649 2754 3710 separata
2805 3650 2890 3698 est
2921 3653 3134 3700 mortua
3158 3685 3175 3712 ,
3210 3648 3466 3706 existimo
3493 3652 3716 3709 omnino

2145 3745 2270 3784 eum
2305 3729 2396 3800 qui
2430 3730 2564 3787 vitio
2598 3741 2790 3789 nostro
2821 3737 3092 3802 medetur,
3152 3739 3469 3798 hominibus
3519 3753 3709 3815 postea

2147 3821 2443 3877 immisisse
2468 3837 2533 3878 ex
2581 3825 2925 3894 providentia
2955 3829 3066 3884 vim
3107 3831 3174 3886 ad
3207 3833 3712 3906 moriendum,qute

2145 3921 2374 3984 excepta
2423 3913 2618 3970 fuitex
2677 3925 2875 3972 natura
2918 3929 3139 3990 experte
3172 3923 3423 3986 rationis,
3487 3933 3546 3978 ut
3599 3941 3710 3980 non

2145 4019 2362 4074 semper
2389 4016 2753 4075 permaneret.
2797 4008 3007 4064 Tunica
3047 4012 3189 4066 enim
3221 4020 3308 4067 est
3351 4028 3418 4068 ex
3467 4015 3535 4071 iis
3589 4034 3710 4088 quae

2142 4094 2302 4148 nobis
2331 4095 2690 4164 imponuntur
2732 4098 3096 4159 extrinsecus,
3130 4100 3214 4155 sui
3248 4115 3407 4155 usum
3442 4105 3509 4160 ad
3565 4114 3706 4162 tem-

2142 4199 2244 4254 pus
2278 4185 2524 4252 prmbens
2547 4189 2798 4254 corpori,
2829 4193 3037 4242 natura;
3065 4189 3288 4246 minime
3317 4205 3708 4264 congenerata.

2141 4273 2216 4327 Ει
2253 4283 2447 4328 natura
2477 4289 2607 4346 ergo
2629 4275 2938 4341 brutorum,
2976 4286 3128 4334 certo
3153 4278 3384 4338 consilio
3404 4301 3468 4340 ac
3489 4286 3710 4358 dispen-

2141 4362 2370 4427 satione,
2397 4363 2579 4418 addita
2607 4373 2692 4420 est
2717 4367 3021 4424 mortalitas
3040 4383 3246 4426 natura:
3266 4383 3577 4443 quaecreata
3592 4375 3709 4432 fue-

2141 4462 2224 4508 rat
2249 4453 2315 4508 ad
2339 4453 2822 4520 immortalitatem,
2856 4455 2909 4509 id
2926 4459 3069 4525 quod
3099 4466 3182 4514 est
3197 4461 3318 4529 ejus
3365 4464 3708 4521 extrinsecus

2141 4553 2459 4615 contegens,
2496 4561 2605 4602 non
2626 4545 2677 4601 id
2700 4546 2844 4616 quod
2872 4557 2957 4603 est
2988 4548 3338 4618 intrinsecus,
3368 4563 3416 4608 el
3451 4557 3706 4632 sensilem

2141 4638 2376 4693 hominis
2394 4645 2600 4707 partem
2643 4637 3016 4707 intercipiens,
3060 4655 3167 4694 non
3213 4643 3485 4715 attingens
3525 4653 3707 4702 autem

2140 4726 2312 4797 ipsam
2326 4727 2566 4782 divinam
2595 4727 2904 4799 imaginem.
2931 4726 3174 4784 Solvitur
3188 4740 3367 4787 autem
3395 4734 3443 4789 id
3461 4737 3602 4804 quod
3621 4746 3706 4792 est

2140 4815 2487 4879 sensilc,non
2500 4824 2680 4872 autem
2724 4817 2970 4872 aboletur
2999 4827 3052 4873 et
3077 4822 3374 4876 evanescit.
3401 4822 3540 4876 Nam
3571 4823 3703 4879 abo-

2138 4906 2258 4960 litio
2315 4906 2532 4976 quidem
2581 4916 2664 4961 est
2720 4907 2786 4960 ad
2837 4907 2890 4962 id
2939 4910 3084 4978 quod
3138 4927 3245 4965 non
3286 4919 3370 4967 est
3413 4915 3702 4976 transitus.

2140 4995 2354 5052 Solutio
2404 5006 2584 5052 autem
2637 5006 2718 5052 est
2755 4997 3042 5056 dissolutio
3091 5017 3212 5072 qua:
3279 5002 3338 5056 ﬁt
3391 5019 3583 5062 rursus
3644 5008 3702 5063 in

2136 5087 2322 5141 mundi
2362 5087 2646 5154 elementa,
2670 5103 2735 5141 ex
2777 5088 2975 5157 quibus
3009 5089 3184 5146 fuerat
3208 5103 3510 5163 compacta.
3545 5098 3699 5165 Quod

2135 5185 2315 5233 autem
2348 5177 2401 5230 in
2419 5178 2484 5232 iis
2509 5176 2690 5241 fuerit,
2717 5192 2821 5232 non
2839 5181 3019 5248 periit,
3040 5181 3488 5256 etiamsieﬂ‘ugiat
3525 5191 3699 5244 nostri

2134 5284 2328 5324 sensus
2342 5269 2902 5340 comprehensionem.
2922 5271 3122 5342 Aperta
3141 5282 3318 5331 autem
3333 5286 3418 5333 est
3430 5294 3595 5335 causa
3614 5297 3703 5337 so-

2129 5359 2353 5415 lutionis
2376 5375 2480 5430 .per
2498 5363 2802 5432 exemplum
2836 5361 2980 5430 quod
3016 5363 3173 5419 nobis
3196 5365 3398 5423 dictum
3426 5378 3530 5424 est.
3551 5369 3702 5436 Quo-

445 5450 564 5498 τος·
621 5436 835 5512 Ἐπειδὴ
876 5443 982 5516 γὰρ
1008 5447 1040 5518 ἡ
1070 5448 1318 5523 αἴσθησις
1361 5454 1498 5526 πρὸς
1545 5454 1606 5509 τὸ
1643 5455 1787 5526 παχύ
1827 5473 1884 5510 τε
1922 5436 2020 5510 ⁷καὶ

2151 5452 2274 5507 tiam
2289 5453 2433 5509 enim
2448 5467 2642 5510 sensus
2659 5453 3113 5512 necessitudinem
3127 5456 3286 5516 habet
3299 5468 3352 5515 et
3363 5459 3694 5531 conjunctio-

1380 5599 1386 5610 ,
1551 5575 1563 5604 ι

519 5610 546 5643 δ
567 5610 707 5668 Gen.
738 5629 819 5678 ιιι.
848 5617 932 5673 l9.
