4072 6212
511 307 578 363 δςε
1770 300 1826 355 s.
1869 295 2193 356 GltEGORll
2222 297 2512 355 nvssem
3668 310 3734 366 se

511 433 633 473 nem
651 429 772 471 cum
801 429 864 470 eo
878 411 1023 484 quod
1050 417 1133 466 est
1160 423 1406 465 crassum
1421 416 1473 464 et
1501 416 1754 466 terrestre
1784 429 1795 465 :
1823 409 1967 480 quod
1987 420 2069 464 est

2170 414 2354 484 Υῆῖνον
2399 411 2611 476 οἶκείωῖ
2650 411 2793 482 ἔχει·
2839 411 3144 482 κρείττονος
3181 407 3238 464 δὲ
3270 413 3363 466 καὶ
3403 413 3732 486 ὑψηλοτέρας

511 517 693 560 autem
723 499 1072 574 praestantius
1094 505 1147 553 et
1169 498 1477 565 sublimius,
1504 515 1692 553 eorum
1712 514 1833 569 qum
1853 501 1906 554 in
1925 501 2068 554 bono

2169 502 2277 554 τῶν
2311 503 2438 573 περὶ
2479 501 2539 554 τὺ
2579 499 2737 554 καλὸν
2778 501 3040 572 κρίσεως,
3094 501 3152 554 ἐν
3192 503 3259 572 τῇ
3309 502 3600 576 δοκιμασίᾳ
3629 507 3733 560 τῶν

509 605 564 649 et
597 595 826 649 honesto
869 597 1157 645 versantur
1182 589 1473 659 judicium,
1523 590 1795 645 aberravit
1839 592 1892 645 in
1942 606 2069 661 pro-

2171 591 2470 664 αἰσθήσεων
2490 635 2505 659 ,
2535 591 2968 663 ἀμαρτηθείσης,
2999 593 3098 662 τῆς
3124 593 3181 646 δὲ
3202 591 3295 646 τοῦ
3326 593 3490 648 καλοῦ
3515 595 3735 669 διαμαρ-

509 685 704 739 handis
729 681 1004 741 sensibus,
1037 681 1104 733 ab
1136 694 1202 733 eo
1243 687 1424 732 autem
1454 681 1597 748 quod
1640 679 1842 732 bonum
1871 688 1926 734 et
1981 679 2069 732 ho-

2169 685 2290 750 τίας
2343 686 2441 757 τὴν
2485 685 2584 755 τῆς
2637 683 2882 747 ἐναντίας
2935 684 3099 748 ἕξεως
3159 684 3452 739 ὑπόστασιν
3513 687 3732 759 ἐνεργηυ

512 781 725 828 nestum
750 781 834 826 est
863 771 1153 832 aberratio,
1181 767 1379 831 effecit,
1413 777 1473 820 ut
1518 767 1832 824 contrarius
1882 768 2069 822 consi—

511 873 679 921 steret
711 864 967 926 habitus;
999 859 1214 914 inutilis
1242 858 1452 913 reddita
1486 873 1614 928 pars
1649 857 1846 932 nostri,
1884 873 2073 912 susce-

511 959 690 1027 ptione
731 955 995 1010 contrarii
1031 953 1285 1008 solvitur.
1359 950 1454 1006 Est
1518 958 1699 1004 autem
1756 949 2069 1019 hujusmodi

507 1050 814 1118 exemplum
839 1047 957 1116 ejus
988 1045 1134 1116 quod
1161 1045 1398 1100 dicimus
1433 1065 1448 1102 :
1483 1043 1647 1099 Detur
1675 1043 1946 1113 quispiam
1974 1057 2070 1098 vas

507 1160 569 1196 ex
602 1143 716 1196 luto
755 1137 1059 1194 confecisse
1093 1154 1106 1190 :
1142 1137 1194 1191 id
1242 1145 1423 1190 autem
1457 1136 1582 1189 dolo
1631 1143 1684 1190 et
1735 1152 1798 1190 ex
1854 1134 2070 1190 insidiis

507 1235 766 1302 repletum
801 1231 968 1284 fuisse
1001 1229 1222 1299 plumbo
1252 1227 1543 1297 liquefacto
1576 1247 1590 1282 :
1620 1227 1850 1281 effusum
1881 1237 2062 1282 autem

507 1325 786 1396 plumbum
834 1323 1202 1385 concrevisse,
1261 1329 1316 1375 et
1345 1321 1415 1374 ita
1471 1335 1712 1382 manere,
1759 1327 1819 1374 ut
1866 1319 2068 1374 effundi

509 1429 614 1468 non
646 1411 854 1482 possit;
917 1410 1196 1464 dominum
1240 1419 1420 1462 autem
1456 1425 1551 1464 vas
1593 1408 1698 1464 sibi
1741 1407 2066 1463 vindicare:

505 1519 628 1557 cum
657 1511 836 1556 autem
866 1501 1010 1571 figuli
1034 1507 1212 1554 teneat
1242 1499 1554 1563 scientiam,
1581 1515 1703 1554 cum
1737 1501 1958 1569 plumbo
1989 1507 2070 1555 te-

507 1601 646 1648 stam
674 1592 1016 1661 confregisse
1049 1599 1064 1646 ':
1100 1599 1154 1644 et
1185 1590 1378 1646 deinde
1420 1607 1614 1646 rursus
1641 1591 1694 1646 in
1729 1592 1961 1661 priorem
2007 1590 2070 1646 fi-

505 1700 693 1755 guram
719 1683 785 1737 ad
816 1699 974 1738 suum
1005 1698 1162 1737 usum
1231 1697 1326 1736 vas
1371 1682 1678 1746 refinxisse,
1729 1682 2064 1737 exinanitum

505 1776 729 1830 materia
763 1791 882 1846 qua:
913 1774 1088 1831 fuerat
1124 1773 1384 1852 immista.
1426 1773 1503 1828 lta
1529 1789 1660 1844 ergo
1709 1775 1881 1829 nostri
1931 1788 2068 1842 quo-
2099 1765 2140 1820 Β

505 1884 612 1935 que
639 1868 786 1922 vasis
819 1867 1036 1937 figulus,
1075 1866 1262 1921 sensili
1293 1866 1430 1935 parti
1467 1866 1604 1933 (eam
1637 1865 1760 1920 dico
1804 1880 1926 1935 qum
1980 1871 2066 1920 est

507 1955 560 2008 in
588 1955 839 2026 corpore)
871 1956 1114 2010 immisto
1141 1956 1296 2019 vitio,
1346 1955 1612 2009 dissoluta
1665 1955 1893 2010 materia
1946 1971 2067 2022 «inae

505 2047 695 2100 vitium
737 2055 1045 2114 acceperat,
1098 2059 1197 2099 vas
1244 2059 1438 2100 rursus
1479 2045 1746 2110 relictum,
1789 2047 2066 2100 contrario

505 2152 616 2191 non
648 2137 892 2195 mistum.
914 2149 1011 2204 per
1043 2134 1520 2195 resurrectionem,
1560 2133 1627 2187 ad
1655 2150 1773 2188 eam
1807 2149 1927 2203 quae
1951 2133 2069 2190 fue-

505 2234 592 2280 rat
617 2227 683 2280 ab
713 2226 869 2282 initio
900 2226 1218 2280 reformabit
1272 2226 1754 2294 pulchritudinem.
1797 2225 2065 2292 Quoniam

505 2323 682 2369 autem
711 2325 765 2370 et
795 2315 1006 2384 corpori
1039 2323 1124 2368 est
1147 2314 1393 2383 quaedam
1417 2315 1648 2368 societas
1670 2322 1722 2367 et
1752 2314 2067 2368 communio

503 2421 690 2460 rarum
726 2420 846 2476 qua:
875 2421 940 2460 ex
986 2413 1209 2475 peccato
1249 2405 1520 2460 exsistunt
1571 2404 1955 2472 affectionum;
2013 2415 2069 2462 et

504 2499 692 2553 mortis
730 2499 1030 2568 corporalis
1059 2507 1112 2553 et
1135 2498 1379 2567 quaedam
1415 2497 1661 2566 analogia
1693 2511 1757 2551 ac
1789 2497 2069 2568 proportio

504 2607 628 2646 cum
655 2598 830 2646 morte
856 2591 1052 2645 animae
1075 2610 1088 2645 :
1115 2589 1388 2660 quomodo
1405 2590 1549 2645 enim
1584 2590 1638 2644 in
1655 2605 1844 2653 carne,
1889 2603 1918 2643 a
1945 2606 2069 2646 sen-

504 2684 589 2738 sili
625 2683 736 2736 vita
765 2690 1074 2751 separatum
1106 2695 1230 2735 esse
1258 2687 1488 2734 mortem
1507 2678 1778 2736 dicimus:
1802 2679 1877 2734 ita
1895 2681 2061 2736 etiam

503 2775 560 2828 in
595 2775 772 2829 anima
802 2773 1138 2842 appellamus
1185 2780 1412 2826 mortem
1455 2785 1487 2824 a
1519 2786 1646 2826 vera
1685 2772 1796 2827 vita
1839 2787 2066 2842 separa-

504 2865 1020 2935 tionem;quoniam
1048 2876 1176 2932 ergo
1221 2877 1328 2916 una
1355 2869 1440 2917 est
1483 2863 1609 2916 mali
1649 2865 1960 2919 communio
2005 2879 2070 2920 ac

504 2959 759 3021 societas,
779 2968 837 3011 ut
866 2956 1020 3026 prius
1051 2955 1258 3008 dictum
1285 2962 1389 3017 est,
1420 2953 1768 3010 considerata
1791 2955 1846 3010 in
1883 2956 2064 3012 anima

503 3057 556 3103 ct
579 3063 828 3119 corpore,
864 3063 958 3118 per
995 3055 1289 3116 utrumque
1319 3046 1462 3101 enim
1493 3046 1736 3117 procedit
1785 3047 1966 3102 anima
1997 3047 2064 3103 ad

503 3137 874 3208 operationem
915 3155 928 3192 :
963 3143 1254 3207 prepterea
1293 3149 1440 3191 mors
1481 3136 1699 3205 quidem
1744 3136 2065 3194 dissolutio-

505 3230 595 3283 nis
629 3227 698 3282 ab
729 3225 1044 3282 indumento
1075 3225 1384 3280 mortalium
1442 3227 1688 3296 pellium,
1741 3243 1850 3282 non
1896 3229 2066 3282 attin-

504 3317 582 3388 git
618 3315 878 3372 animam.
905 3315 1374 3382 Quemadmodum
1412 3317 1559 3372 enim
1611 3317 1841 3374 dissolvi
1883 3327 2068 3389 posset

501 3406 649 3477 quod
683 3421 792 3462 non
826 3413 912 3462 est
932 3407 1328 3475 compositum?

571 3519 836 3586 Quoniam
869 3533 995 3574 vero
1020 3533 1156 3589 opus
1184 3525 1287 3584 est,
1334 3526 1392 3573 ut
1429 3519 1574 3576 illius
1599 3535 1817 3591 quoque
1850 3536 1970 3591 quae
1999 3537 2064 3575 ex

503 3610 742 3677 peccatis
766 3609 814 3664 ei
851 3611 1180 3680 ingenerata:
1210 3609 1530 3664 insederunt
1557 3612 1802 3673 macnlm,
1833 3626 1929 3680 per
1956 3626 2070 3664 me-

503 3701 739 3754 dicinam
769 3701 1002 3770 aliquam
1038 3698 1377 3763 auferantur,
1412 3707 1696 3770 propterea
1726 3701 1778 3754 in
1811 3701 2065 3770 praesenti

505 3789 721 3860 quidem
755 3790 864 3844 vita
893 3789 1195 3844 adhibitum
1229 3799 1314 3845 est
1358 3791 1812 3845 medicamentum
1845 3790 2067 3847 virtutis

502 3882 570 3937 ad
594 3883 710 3937 haec
741 3882 979 3937 curanda
1001 3883 1246 3937 vulnera.
1278 3883 1431 3948 Quod
1461 3883 1505 3937 si
1533 3884 1711 3937 curari
1740 3899 1847 3938 non
1871 3885 2063 3952 possit,

505 3973 558 4028 in
586 3973 824 4028 futuram
857 3973 1022 4027 vitam
1054 3982 1366 4028 reservatur
1387 3975 1618 4028 curatio.
1659 3973 1762 4030 Sed
1794 3975 2067 4044 quomodo

505 4066 562 4118 in
609 4079 841 4133 corpore
869 4071 997 4119 sunt
1042 4062 1387 4118 affectionum
1435 4063 1679 4134 quaedam
1728 4064 2064 4126 differentiae,

504 4168 734 4223 quarum
767 4153 886 4208 aliae
931 4153 1150 4222 quidem
1202 4153 1438 4215 facilius,
1486 4154 1606 4209 alia?
1632 4170 1763 4209 vero
1795 4153 2068 4212 dillicilius

504 4243 799 4298 admittunt
841 4249 1207 4306 curationem.
1261 4245 1314 4299 in
1357 4245 1558 4314 quibus
1604 4253 1657 4300 ct
1703 4245 1974 4301 sectiones
2015 4255 2070 4301 et

504 4335 768 4398 cauteria,
801 4345 854 4389 et
881 4336 1075 4389 acerba
1100 4335 1490 4390 medicamenta
1521 4336 1846 4393 adhibentur
1868 4337 1934 4392 ad
1968 4338 2071 4392 tol-

2172 778 2341 848 σάσης
2360 794 2372 807 ο
2405 776 2466 830 τὸ
2496 775 2791 848 ἀχρειωθέν
2820 774 2976 846 ἡμῶν
3013 775 3197 845 μέρος,
3233 778 3299 846 τῇ
3333 777 3613 850 παραδοχῇ
3643 780 3731 832 τοῦ

2170 868 2409 922 ἐναντίου
2443 867 2655 921 λύεταιο
2689 869 2718 921 ὁ
2750 867 2806 920 δέ
2827 866 2920 920 τοῦ
2952 866 3348 937 ύποδείγματος
3377 869 3534 938 λόγος
3562 871 3732 924 τοιοῦο

2168 961 2261 1025 τός
2291 963 2425 1014 ἐστι’
2457 959 2696 1013 Δεδόσθω
2723 977 2776 1011 τι
2799 958 2989 1022 σκεῦος
3019 961 3082 1012 ἐκ
3115 959 3285 1030 πηλοῦ
3316 962 3729 1036 συνεστηκέναι⁹

2169 1053 2326 1106 τοῦτο
2367 1051 2423 1105 δὲ
2469 1052 2672 1122 πλῆρες
2712 1050 2775 1103 ἐκ
2805 1067 2946 1113 τινος
2977 1049 3266 1122 ὲπιϐουλῆς
3299 1052 3620 1123 γεγενῆσθαι
3647 1070 3730 1106 τε·

2169 1144 2392 1214 τηκὸτος
2433 1141 2701 1212 μολίϐδου.
2753 1141 2856 1194 Τὸν
2899 1140 2954 1193 δὲ
2995 1140 3241 1211 μόλιϐδον
3287 1142 3580 1213 ἐκχυθέντα
3631 1161 3732 1195 παι

2169 1237 2328 1306 γῆναι
2367 1236 2461 1289 καὶ
2503 1233 2680 1305 μένειν
2710 1232 3078 1304 ἀπρὸσχυτον·
3124 1232 3515 1286 ἀντιποιεῖσθαι
3560 1231 3730 1288 δὲτοί

2171 1327 2398 1390 σκεύους
2427 1326 2517 1380 τὸν
2547 1325 2879 1397 κεκτημένον
2898 1342 2911 1356 °
2966 1325 3156 1395 ἔχοντα
3187 1323 3244 1378 δέ
3275 1323 3370 1377 τοῦ
3414 1323 3732 1395 κεραμεύειν

2168 1419 2267 1490 τῆν
2312 1419 2648 1488 ἐπιστήμην,
2673 1416 3001 1488 περιθρύψαι
3027 1433 3084 1469 τε
3110 1416 3188 1487 τῷ
3212 1415 3439 1486 μολίϐδῳ
3462 1415 3522 1468 τὸ
3542 1416 3728 1486 δστρα-

2170 1527 2264 1563 κον
2286 1549 2301 1574 ,
2324 1501 2425 1562 εἷθ’
2455 1508 2628 1572 οὕτως
2658 1508 2816 1562 πάλιν
2846 1507 2985 1562 κατά
3017 1507 3077 1562 τὸ
3102 1507 3363 1578 πρότερον
3397 1507 3580 1576 σχῆμα
3602 1506 3730 1576 πρὶς

2169 1599 2266 1672 τὴν
2293 1598 2428 1652 ἰδίαν
2457 1599 2646 1652 ἑαυτοῦ
2679 1599 2873 1670 χρῆσιν
2900 1597 3207 1653 ἀναπλάσαι
3239 1597 3300 1651 τὸ
3334 1596 3545 1662 σκεῦος,
3582 1597 3732 1650 κενὸν

2171 1690 2268 1760 τῆς
2299 1689 2656 1761 ἐμμιχθείσης
2689 1690 2820 1760 ὕλης
2856 1689 3165 1759 γενόμενον.
3220 1687 3406 1752 Οῦτως
3448 1683 3540 1742 οῦν
3579 1688 3670 1741 καὶ
3705 1689 3731 1740 ἐ

2167 1782 2261 1836 τοῦ
2289 1782 2557 1852 ἡμετέρου
2604 1781 2830 1845 σκεύους
2869 1780 3131 1849 πλάστης,
3167 1779 3244 1852 τῷ
3274 1779 3516 1850 αίσθητῶ
3543 1779 3728 1850 μέρει,

2165 1874 2226 1928 τὸ
2253 1872 2395 1926 κατά
2431 1871 2492 1925 τὸ
2522 1871 2682 1942 σῶμά
2711 1888 2880 1942 φημι,
2915 1871 3016 1940 τῆς
3051 1869 3246 1934 κακίας
3278 1867 3727 1939 καταμιχθείσης,

2165 1964 2418 2028 διαλύσας
2455 1963 2553 2034 τὴν
2601 1961 3051 2032 παραδεξαμένην
3093 1961 3151 2014 τὸ
3190 1961 3355 2015 κακὸν
3385 1960 3537 2030 ὓλην,
3572 1960 3730 2014 πάλιν

2167 2058 2363 2128 ἀμιγὲς
2395 2055 2490 2110 τοῦ
2523 2056 2763 2110 ἐναντίου
2793 2055 2881 2110 διὰ
2903 2057 3002 2126 τῆς
3026 2057 3371 2118 ἀναστάσεως
3395 2055 3730 2118 ἀναπλάσας,

2168 2148 2305 2218 πρὸς
2329 2147 2390 2201 τὸ
2426 2148 2486 2212 ἐξ
2515 2147 2688 2219 ἀρχῆς
2733 2147 2927 2211 κάλλος
2966 2145 3404 2216 ’ἀναστοιχειώσει
3429 2140 3730 2208 τὸ’σκεῦος.

2180 2238 2396 2308 Ἐπειδὴ
2444 2237 2498 2290 δὲ
2556 2235 2798 2300 σύνδεσίς
2852 2252 2938 2299 τις
2983 2235 3078 2288 καὶ
3129 2233 3377 2288 κοινωνία
3429 2233 3537 2286 τῶν
3591 2233 3729 2286 κατὶ

2169 2329 2439 2400 ἁμαρτίαν
2487 2327 2825 2399 παθημάτων
2883 2319 3124 2393 γίνεταί,
3155 2328 3220 2396 τῇ
3253 2343 3311 2378 τε
3348 2323 3492 2396 ψυχῇ
3527 2325 3618 2378 καὶ
3654 2324 3729 2394 τῷ

2168 2417 2410 2488 σώματιο
2450 2417 2543 2471 καί
2581 2434 2662 2480 τις
2713 2415 2970 2483 ἀναλογία
3005 2413 3097 2467 τοῦ
3138 2414 3448 2484 σωματικοῦ
3503 2413 3729 2468 Θανάτου

2169 2510 2304 2580 πρὸς
2329 2509 2417 2561 τὸν
2441 2507 2670 2578 ψυχικόν
2696 2507 2811 2560 ἐστι
2837 2507 3064 2560 θάνατον
3083 2523 3098 2538 ο
3135 2505 3323 2577 ῶσπερ
3347 2506 3456 2577 γάρ
3482 2507 3539 2558 ἐν
3570 2506 3733 2573 σαρκὶ

2167 2599 2227 2653 τὸ
2257 2599 2356 2669 τῆς
2399 2597 2660 2668 αἰσθητῆς
2707 2595 3036 2666 χωρισθῆναι
3077 2594 3222 2664 ζωῆς
3256 2593 3732 2664 προσαγορεύομεν

2167 2689 2395 2744 θάνατον
2414 2727 2429 2752 ,
2471 2687 2641 2751 οὕτως
2669 2687 2762 2742 κς.ιί¹
2795 2686 2888 2739 ἐπὶ
2914 2685 3014 2756 τῆς
3039 2685 3215 2756 ψυχῆς
3250 2684 3340 2738 τὸν
3377 2684 3474 2753 τῆς
3501 2682 3731 2753 ἀληθοῦς

2168 2780 2313 2850 ζωῆς
2351 2777 2628 2850 χωρισμὸν
2665 2777 2891 2831 θάνατον
2921 2775 3275 2847 ὀνομάζομεν.
3317 2773 3468 2826 Ἐπεὶ
3500 2768 3593 2826 οῦν
3631 2770 3727 2842 μία

2167 2871 2251 2935 τίς
2281 2873 2395 2926 ἐστι
2426 2869 2520 2924 τοῦ
2549 2868 2717 2923 κακοῦ
2759 2866 3041 2932 κοινωνία,
3087 2866 3268 2929 καθὼς
3301 2864 3640 2937 προείρηται,
3675 2864 3732 2916 ἐν

2166 2964 2312 3036 ψυχῇ
2343 2981 2403 3018 τε
2429 2962 2770 3034 θεωρουμένη
2799 2962 2890 3014 καὶ
2913 2959 3151 3032 σώματι·
3181 2960 3247 3012 δι’
3281 2958 3603 3028 ἀμφοτέρων
3626 2958 3731 3028 γάρ

2170 3056 2412 3128 πρόεισιν
2445 3055 2523 3118 εἰς
2562 3053 2839 3124 ἐνέργειαν
2875 3051 2936 3105 τὸ
2973 3049 3234 3123 πονηρόν⁶
3265 3049 3353 3102 διὰ
3391 3046 3548 3102 τοῦτο
3577 3048 3606 3100 ὁ
3634 3046 3734 3116 μὲν

2168 3147 2264 3217 τῆς
2291 3144 2581 3207 διαλύσεως
2609 3141 2853 3205 θάνατος,
2879 3142 2944 3194 ἐκ
2965 3143 3064 3212 τῆς
3082 3140 3191 3194 τῶν
3219 3137 3424 3211 νεκρῶν
3450 3135 3733 3208 δερμάτων

2165 3234 2457 3305 ἐπιϐολῆς,
2497 3234 2590 3304 τῆς
2624 3233 2798 3304 ψυχῆς
2825 3232 2922 3302 οὐχ
2955 3232 3202 3286 ἅπτεται.
3238 3229 3362 3295 Πῶς
3388 3227 3497 3300 γὰρ
3531 3227 3597 3282 ἂν
3617 3227 3732 3280 δια·

2166 3331 2350 3402 λυθείη
2378 3328 2439 3384 τὸ
2469 3328 2543 3398 μὴ
2573 3325 2927 3396 συγκείμενον
2954 3340 2969 3389 ;

2251 3531 2467 3602 Ἐπειδὴ
2533 3528 2692 3600 χρεία
2734 3526 2828 3579 τοῦ
2881 3524 3136 3593 κάκείνης
3189 3526 3286 3584 τὰς
3333 3517 3632 3589 ἐμφυείσας
3674 3514 3736 3578 ἐξ

2167 3623 2450 3695 ἁμαρτιῶν
2495 3618 2716 3691 κηλίδας
2761 3615 2851 3670 διά
2892 3631 3038 3676 τινος
3081 3613 3317 3682 ἰατρείας
3357 3609 3730 3679 ἐξαιρεθῆναι,

2165 3709 2354 3764 τούτου
2379 3707 2585 3769 ἕνεκεν,
2612 3707 2670 3758 ἐν
2699 3704 2797 3774 μὲν
2828 3705 2893 3772 τῇ
2923 3699 3174 3772 παρούσῃ
3203 3698 3338 3770 ζωῇ,
3376 3698 3436 3750 τὸ
3463 3697 3564 3764 τῆς
3600 3696 3732 3766 ἀρεο

2167 3800 2264 3870 τῆς
2290 3799 2576 3869 φάρμακον
2596 3797 2675 3858 εἰς
2697 3793 2990 3864 θεραπείαν
3017 3791 3126 3844 τῶν
3148 3789 3403 3844 τοιούτων
3427 3786 3732 3859 προσετέθη

2169 3888 2516 3961 τραυμάτων.
2564 3887 2626 3939 El
2668 3884 2724 3937 δὲ
2761 3883 3132 3954 ἀθεράπευτος
3169 3879 3348 3950 μένει,
3383 3879 3440 3931 ἐν
3470 3876 3548 3947 τῷ
3598 3875 3736 3946 μετά

2166 3979 2335 4032 ταῦτα
2370 3977 2469 4049 βίῳ
2503 3976 2820 4048 ταμιεύεται
2852 3976 2886 4042 ἡ
2929 3971 3211 4043 θεραπεία.
3245 3969 3383 4022 Ἀλλ’
3419 3968 3607 4038 ῶσπερ
3631 3967 3739 4020 εἰσί

2151 4062 2308 4140 τινες
2354 4067 2496 4122 κατά
2536 4068 2598 4120 τὸ
2639 4065 2801 4134 σῶμα
2845 4063 2952 4116 τῶν
2987 4060 3323 4132 παθημάτων
3352 4059 3628 4128 διαφοραὶ,
3661 4051 3738 4110 ὧν

2169 4164 2224 4215 αἱ
2258 4160 2354 4233 μὲν
2387 4161 2535 4232 ῥᾷον,
2565 4159 2620 4212 αἰ
2648 4156 2703 4210 δὲ
2728 4154 3122 4224 δυσκολώτερον
3139 4152 3235 4223 τὴν
3253 4149 3547 4221 θεραπείαν
3567 4164 3739 4218 προσ-

2174 4255 2338 4308 ίενται
2361 4293 2374 4317 ,
2410 4253 2494 4322 ἐφ’
2519 4245 2592 4304 ὧν
2623 4248 2716 4302 καὶ
2762 4247 2920 4316 τομαὶ
2953 4245 3045 4298 καὶ
3086 4244 3384 4315 καυτήρια,
3416 4241 3509 4294 καὶ
3544 4238 3738 4309 πικραὶ

2173 4341 2600 4417 φαρμακοποιίαι
2631 4339 2766 4408 πρὸς
2802 4338 2900 4408 τὴν
2943 4336 3221 4406 ἀναίρεσιν
3249 4332 3341 4386 τοῦ
3375 4330 3740 4401 ἐνσκήψαντος

504 4426 719 4481 lendam
761 4424 1100 4480 affectionem
1135 4440 1256 4494 quae
1283 4426 1483 4481 insedit
1516 4430 1765 4496 corpori:
1810 4431 1912 4484 tale
1940 4429 2068 4498 quid

2176 4435 2378 4493 πάθους
2421 4427 2496 4496 τῷ
2541 4429 2751 4496 σώματι
2808 4423 3356 4496 παραλαμϐάνονται·
3399 4419 3634 4474 τοιοῦτόν
3686 4436 3739 4470 τι

502 4516 666 4571 etiam
693 4515 977 4571 denuntiat
1007 4517 1059 4571 in
1103 4523 1383 4586 posterum
1415 4516 1656 4570 futurum
1683 4519 1948 4583 judicium
2003 4519 2067 4570 ad

505 4606 779 4662 curandos
822 4607 1044 4662 morbos
1087 4607 1300 4669 animat,
1354 4607 1496 4674 quod
1553 4607 1720 4676 pigris
1769 4606 1982 4677 quidem
2017 4614 2068 4661 et

503 4697 658 4752 vanis
710 4697 968 4761 minatur,
1019 4697 1314 4766 graviaque
1366 4705 1420 4751 et
1455 4711 1649 4766 aspera
1703 4697 1971 4760 intentat,-
2011 4705 2071 4750 ut

505 4797 652 4843 metu
693 4803 877 4843 rerum
918 4789 1268 4843 molestarum
1317 4795 1373 4842 et
1405 4803 1722 4858 asperarum
1755 4804 1877 4859 qua:
1915 4790 2071 4846 nobis

507 4891 632 4935 sunt
667 4881 972 4943 reddendae,
999 4879 1063 4934 ad
1096 4878 1408 4951 fugiendum
1437 4881 1624 4934 vitium
1653 4883 1986 4952 castigemur
2016 4890 2071 4937 et

506 4974 861 5028 crudiamur:
920 4973 986 5026 iis
1026 4979 1226 5032 autem,
1275 4971 1367 5039 qui
1420 4979 1547 5026 sunt
1597 4971 2069 5042 intelligentiores,

506 5064 747 5120 creditur
792 5080 821 5117 a
869 5063 978 5120 Deo
1005 5079 1126 5119 esse
1169 5065 1434 5119 medicina
1480 5071 1532 5116 et
1574 5051 1804 5125 curatio,
1862 5063 1954 5132 qui
2007 5061 2073 5114 ll-

507 5165 782 5226 gmentum
824 5173 981 5211 suum
1011 5157 1220 5212 reducit
1254 5156 1318 5210 ad
1363 5171 1480 5210 eam
1522 5157 1642 5224 quae
1676 5154 1885 5208 eratab
1918 5153 2073 5207 initio

506 5245 755 5315 gratiam.
791 5246 1074 5311 Quomodo
1115 5247 1259 5303 enim
1307 5248 1400 5316 qui
1449 5247 1630 5300 clavos
1679 5255 1735 5300 ct
1792 5259 2071 5309 verrucas,

507 5351 628 5406 qum
662 5337 714 5388 in
755 5351 981 5404 corpore
1006 5347 1178 5394 enata:
1217 5346 1345 5395 sunt
1379 5348 1574 5410 praeter
1609 5334 1880 5404 naturam,
1912 5339 2076 5393 abra-

506 5426 644 5482 dunt
677 5441 770 5494 per
796 5427 1092 5482 sectionem
1129 5445 1192 5484 ac
1218 5429 1510 5492 ustionem,
1541 5429 1587 5484 ei
1619 5444 1780 5498 quem
1811 5428 2074 5482 beneficio

509 5519 753 5572 afficiunt
787 5532 892 5572 non
923 5519 1041 5573 sine
1071 5522 1257 5577 dolore
1288 5523 1548 5578 adhibent
1578 5521 1923 5585 medicinam,
1963 5534 2072 5574 non

509 5619 690 5665 autem
724 5611 790 5666 ad
819 5610 1076 5664 damnum
1101 5612 1220 5680 ejus
1238 5614 1330 5682 qui
1359 5615 1595 5683 patitur:
1637 5613 1710 5668 ita
1743 5614 1903 5667 etiam
1929 5626 2076 5681 qua:-

511 5716 726 5773 cunque
783 5700 988 5756 nostris
1047 5702 1264 5766 animis,
1328 5705 1420 5773 qui
1480 5721 1573 5774 per
1633 5704 2069 5760 communionem

2172 4522 2266 4575 καὶ
2289 4524 2320 4590 ή
2345 4519 2480 4590 μετὰ
2499 4517 2671 4572 ταῦτα
2692 4517 2870 4587 κρίσις
2891 4517 2971 4578 εἰς
2991 4515 3285 4586 θεραπείαν
3305 4513 3412 4567 τῶν
3437 4513 3538 4582 τῆς
3561 4511 3742 4581 ψυχῆς

2170 4609 2619 4682 ὰρῤωστημάτων
2651 4607 3177 4676 κατεπαγγέλλεται,
3209 4606 3237 4658 ὃ
3265 4606 3376 4667 τοῖς
3417 4605 3514 4674 μὲν
3546 4620 3737 4673 χαυνοο

2167 4704 2346 4774 τέροις
2385 4703 2614 4773 ἀπειλὴ,
2646 4705 2740 4755 καί⁵
2785 4699 3121 4770 σκυθρωπῶν
3164 4700 3309 4752 ἐστιν
3339 4696 3738 4756 ἐπανάστασις,

2173 4795 2247 4859 ὡς
2280 4794 2346 4848 ἂν
2394 4794 2542 4864 φόϐῳ
2591 4796 2689 4864 τῆς
2732 4792 2841 4845 τῶν
2898 4788 3158 4858 ἀλγεινῶν
3209 4787 3547 4848 ἀντιδόσεως,
3604 4784 3742 4855 πρὸς

2171 4887 2268 4957 τὴν
2315 4887 2492 4956 φυγὴν
2549 4886 2646 4955 τῆς
2699 4884 2894 4945 κακίας
2939 4879 3463 4951 σωφρονισθείημενσ
3509 4879 3621 4940 τοῖς
3684 4875 3742 4927 δὲ

2177 4979 2555 5050 συνετωτέροις
2605 4976 2813 5047 ἰατρεία
2859 4973 2953 5028 καὶ
2999 4970 3258 5042 θεραπεία
3291 4969 3440 5038 παρά
3479 4969 3573 5022 τοῦ
3604 4965 3742 5020 Θεοῦ

2173 5071 2233 5125 τὸ
2283 5071 2411 5123 ἴδιον
2461 5068 2687 5138 πλάσμα
2740 5067 2876 5137 πρὸς
2916 5065 3012 5134 τὴν
3064 5063 3123 5127 ἐξ
3157 5063 3331 5133 ἀρχῆς
3379 5061 3747 5128 ἐπανάγοντος
3813 5128 3815 5131 ,

2173 5165 2332 5235 χάριν
2367 5158 2502 5215 εἶναι
2538 5159 2865 5213 πιστεύεται.
2908 5158 2996 5220 Ὠς
3042 5157 3148 5226 γὰρ
3188 5156 3237 5209 οἰ
3281 5156 3405 5217 τοὺς
3448 5153 3608 5224 ἥλους
3649 5151 3747 5204 καὶ

2173 5256 2299 5317 τοὺς
2348 5252 2736 5324 ἀκροχορδόνας
2798 5249 2945 5320 παρά
2998 5248 3158 5316 φύσιν
3189 5245 3606 5315 ἐπιγενομένους
3667 5241 3747 5312 τῷ

2177 5343 2416 5414 σώματι,
2448 5343 2536 5396 διὰ
2583 5343 2752 5412 τομῆς
2779 5341 2812 5411 ἢ
2846 5340 3091 5403 καύσεως
3132 5337 3456 5403 ἁποξύοντες
3475 5375 3489 5398 ,
3519 5336 3616 5390 οὐκ
3647 5333 3745 5386 ἀν-

2175 5435 2373 5488 ώδυνον
2398 5433 2660 5500 ἐπάγουσι
2690 5432 2766 5501 τῷ
2795 5431 3231 5502 εὐεργετουμένῳ
3270 5429 3368 5500 τὴν
3401 5430 3546 5482 ἴασιν
3565 5467 3580 5490 ,
3607 5424 3748 5494 πλὴν

2175 5524 2273 5575 οὐκ
2301 5522 2392 5575 ἐπὶ
2429 5521 2599 5593 βλάϐῃ
2641 5521 2734 5574 τοῦ
2769 5521 3128 5591 ὑπομένοντος
3155 5521 3253 5590 τὴν
3286 5518 3456 5588 τομὴν
3483 5518 3706 5584 ἄγουσιν
3728 5528 3744 5542 ο

2176 5609 2346 5672 οὕτως
2395 5609 2488 5662 καὶ
2539 5610 2638 5661 ὅσα
2690 5613 2807 5670 ταῖς
2867 5609 3064 5679 ψυχαῖς
3116 5608 3292 5679 ὴμῶν,
3358 5607 3447 5662 διὰ
3507 5604 3607 5673 τῆς
3637 5599 3749 5655 τῶν

2179 5699 2515 5771 παθημάτων
2550 5700 2831 5764 κοινωνίας
2869 5699 3403 5771 ἁποσαρκωθείσαις,
3441 5694 3614 5765 ὑλώδη
3650 5707 3750 5747 πισ-
