4072 6212
378 225 456 281 37
1593 213 1851 272 ORATIO
1879 212 2386 282 CATECl-lETICA.
2812 265 2818 270 .
3563 229 3631 285 ες

394 338 704 410 ριττὼματα
755 335 1162 409 ὲπιπωροῢται,
1219 336 1276 389 ὲν
1299 334 1377 406 τῷ
1420 334 1596 406 καιρῷ
1617 335 1715 407 τῆς
1737 336 1947 407 κρίσεω‹

2072 333 2541 403 perturbationum
2591 339 2839 395 carnales
2879 345 3035 394 erant
3085 339 3303 406 redditi,
3361 344 3633 410 superﬂua

391 435 638 504 τέμνεται
672 433 770 487 καὶ
810 429 1101 496 ἀποξύεται
1143 433 1209 502 τῇ
1259 430 1556 502 ἀπορρήτῳ
1595 430 1778 502 ἐκείνῃ
1807 431 1967 503 σοφίᾳ

389 527 472 579 καὶ
517 525 789 595 δυνάμει,
839 523 1022 587 καθὼς
1054 523 1202 592 λέγει
1241 521 1303 575 τὸ
1349 520 1676 590 Εὑαγγέλιον
1717 521 1810 574 τοῦ
1841 523 1968 584 τοὺς

382 615 575 678 κακῶς
613 616 835 684 ἔχοντας
868 611 1225 684 ἰατρεύοντος·
1246 613 1329 665 Οὐ
1357 611 1567 680 χρείαν
1589 611 1696 683 γὰρ
1719 610 1961 681 ἔχουσι,

380 707 573 778 φησὶν,
604 709 660 759 οἱ
693 707 1009 774 ἰσχύοντες
1036 703 1265 772 ίατροῦ,
1299 703 1436 757 ἀλλ’
1480 706 1533 756 οἱ
1576 701 1767 769 κακῶς
1796 702 1966 771 ἔχον-

378 817 504 864 τες.
550 799 649 852 Διά
676 799 734 852 δὲ
771 798 836 850 τὸ
877 796 1075 866 πολλὴν
1104 795 1432 865 γεγενῆσθαι
1461 797 1524 865 τῇ
1555 795 1698 865 ψυχῇ
1742 794 1878 865 πρὸς
1904 794 1966 848 τὺ

379 889 556 941 κακὸν
589 889 888 957 συμφυΐαν,
916 886 1104 956 ὥσπερ
1133 889 1164 956 ἡ
1205 885 1301 954 τῆς
1329 885 1644 956 μυρμηκίας
1680 887 1819 956 τομὴ
1851 887 1965 958 δρι-

382 980 585 1050 μύσσει
627 979 722 1048 τὴν
760 977 1116 1046 ἐπιφάνειαν·
1157 976 1218 1029 τὸ
1247 976 1354 1048 γὰρ
1384 977 1532 1046 παρὰ
1568 976 1728 1045 φύσιν
1758 977 1964 1048 ἐμφυὲς

378 1074 453 1141 τῇ
508 1071 698 1138 φύσει,
747 1067 833 1121 διά
888 1084 1033 1130 τινος
1102 1066 1442 1136 συμπαθείας
1496 1067 1573 1138 τῷ
1622 1069 1962 1140 ὑποκειμένῳ

383 1162 768 1232 προσίσχεται,
800 1158 892 1212 καί
914 1176 996 1222 τις
1038 1158 1242 1226 γίνεται
1297 1157 1390 1211 τοῦ
1423 1158 1700 1229 ἀλλοτρίου
1743 1159 1876 1229 πρὸς
1901 1159 1962 1212 τὸ

381 1253 656 1322 ἡμέτερον
679 1251 987 1320 παράλογος
1013 1249 1428 1320 συνανάκρασις,
1453 1249 1527 1314 ὡς
1557 1250 1837 1305 λυπεῖσθαι
1869 1252 1961 1305 καὶ

375 1343 670 1397 δάκνεσθαι
696 1341 792 1395 τοῦ
816 1340 964 1411 παρά
989 1340 1147 1410 φύσιν
1169 1338 1541 1410 χωριζομένην
1564 1341 1661 1413 τὴν
1688 1342 1956 1411 αἴσθησιν·

376 1434 523 1486 οὕτω
566 1433 660 1486 καὶ
702 1433 802 1502 τῆς
841 1430 1020 1500 ψυχῆς
1061 1429 1572 1502 ἀπολεπτυνομένης
1620 1450 1677 1485 τε
1734 1433 1827 1486 καὶ
1869 1425 1958 1485 ἑκ-

374 1523 686 1594 τηκομένης
734 1525 793 1577 ὲν
832 1525 944 1588 τοῖς
966 1524 1104 1594 ὑπὲρ
1143 1523 1242 1592 τῆς
1268 1523 1540 1594 ἁμαρτίας
1567 1523 1829 1593 ἐλέγχοις,
1864 1540 1962 1577 κα-

378 1618 486 1681 θώς
513 1617 615 1670 πού
647 1634 817 1686 φησιν
850 1619 882 1687 ἡ
917 1617 1250 1689 προφητεία,
1295 1616 1383 1668 διὰ
1408 1616 1504 1685 τὴν
1535 1617 1591 1670 ὲν
1626 1616 1776 1685 βάθει
1805 1633 1956 1685 γενο-

2068 423 2332 478 callorum
2369 435 2714 480 excrementa
2767 427 3105 494 coaluerant,
3159 444 3220 484 ea
3251 431 3442 500 judicii
3497 441 3634 489 tem-

2066 530 2198 585 pore
2249 515 2576 571 scinduntur
2625 524 2680 572 et
2729 518 3067 573 abraduntur
3099 520 3356 576 incﬂabili
3413 523 3504 577 illa
3543 541 3631 579 sa-

2067 604 2271 674 pientia
2319 612 2373 659 et
2405 605 2605 660 virtute
2644 605 2814 668 illius,
2870 607 2962 676 qui
3010 607 3148 662 male
3191 608 3539 676 habentibus,
3577 621 3636 666 ut

2065 704 2150 750 est
2187 697 2238 750 in
2267 696 2586 767 Evangelia,
2624 697 2890 752 medetur.
2928 697 3052 752 Non
3081 702 3224 754 enim
3254 713 3331 756 est
3362 719 3512 770 opus,
3550 705 3636 758 in-

2065 787 2205 856 quit,
2258 787 2552 842 valentibus
2612 789 2863 854 medicus,
2921 789 3011 843 sed
3067 792 3202 844 male
3254 792 3560 849 habentibus
3587 796 3630 848 ⁵.

2065 877 2361 948 Propterea
2398 888 2578 935 autem
2612 883 2755 951 quod
2802 883 2996 937 anima:
3039 898 3164 938 cum
3198 899 3424 954 corpore
3451 894 3535 940 est
3565 887 3632 939 ad

2064 971 2268 1024 malum
2302 973 2588 1042 congenita
2637 972 2881 1043 quaedam
2924 975 3310 1040 coalescentia,
3363 975 3635 1045 quomodo

2063 1063 2376 1132 myrmeciae
2406 1079 2500 1118 seu
2543 1063 2943 1119 foriuicationis
2983 1080 3106 1135 quae
3136 1067 3300 1120 etiam
3331 1081 3524 1121 cessus
3550 1066 3635 1120 di-

2063 1155 2227 1218 citur,
2263 1155 2455 1218 sectio,
2490 1155 2831 1224 superﬁciem
2856 1155 3068 1210 mordet
3092 1157 3314 1219 acriter;
3339 1171 3463 1210 nam
3483 1155 3632 1226 quod

2064 1253 2259 1314 praeter
2283 1254 2533 1299 naturam
2568 1247 2812 1300 innatum
2845 1256 2930 1302 est
2959 1254 3186 1309 natura,
3222 1263 3317 1316 per
3343 1248 3630 1317 quemdam

2062 1352 2390 1393 consensum
2415 1339 2717 1394 all‘ectionis
2740 1340 3059 1396 adhaerescit
3076 1340 3360 1409 subjecto;
3392 1348 3444 1394 et
3466 1341 3630 1396 alieni

2061 1447 2183 1487 cum
2214 1442 2403 1488 nostro
2447 1435 2505 1487 lit
2539 1434 2784 1503 quaedam
2831 1443 3026 1504 praeter
3063 1435 3329 1488 rationem
3379 1441 3630 1488 contem-

2061 1525 2288 1593 peratio,
2348 1527 2483 1582 adeo
2531 1535 2587 1580 ut
2628 1527 2879 1582 molestia
2912 1526 3180 1580 efﬁciatur
3209 1533 3264 1580 ct
3315 1525 3631 1580 mordeatur

2061 1633 2256 1673 sensus
2295 1627 2580 1686 separatus
2611 1618 2679 1672 ab
2724 1633 2788 1674 eo
2813 1617 2959 1687 quod
2999 1626 3082 1672 est
3111 1627 3306 1687 praeter
3336 1625 3626 1680 naturam;

382 1710 549 1779 μένην
579 1709 716 1780 πρὸς
747 1707 811 1760 τὸ
845 1707 1012 1760 κακὸν
1047 1706 1380 1777 οἰκειότητα,
1415 1709 1534 1760 κατ’
1579 1708 1822 1778 ἀνάγκην
1857 1711 1947 1762 ἐπ-

2057 1709 2131 1763 ita
2159 1710 2321 1764 etiam
2359 1723 2480 1763 cum
2517 1711 2699 1764 anima
2729 1715 3039 1765 attenuawr
3067 1717 3120 1763 et
3152 1709 3337 1763 tabeﬁt
3369 1709 3422 1762 in
3449 1707 3628 1762 incre-

377 1799 761 1853 axolouOoﬁasv
790 1797 1018 1869 ἄρρητοί
1041 1813 1182 1860 τινες
1211 1798 1302 1850 καὶ
1335 1798 1695 1868 ἀνέκφραστοι
1729 1799 1954 1868 ἀλγηδό-

375 1908 490 1954 νες,
519 1884 596 1943 ὧν
630 1890 668 1958 ἡ
694 1889 943 1958 διήγησις
975 1889 1038 1940 ἐκ
1065 1887 1158 1940 τοῦ
1193 1887 1308 1939 ἴσου
1334 1887 1393 1940 τὸ
1423 1888 1694 1958 ἄφραστον
1713 1888 1854 1959 ἔχει,
1884 1892 1950 1960 τῇ

375 1981 495 2034 τῶν
515 1979 875 2048 ³ἐλπιζομένων
899 1978 1115 2048 ἀγαθῶν
1137 1979 1316 2047 φύσει.
1335 1978 1468 2032 Οὔτε
1484 1979 1592 2050 γὰρ
1607 1982 1802 2043 ταῦτα,
1829 1980 1952 2033 οὗτε

381 2074 574 2125 ἐκεῖνα
622 2075 686 2142 τῇ
732 2070 942 2140 δυνάμει
986 2070 1097 2124 τῶν
1130 2070 1322 2138 λόγων,
1354 2070 1385 2141 ἢ
1415 2070 1503 2123 τὸν
1531 2071 1832 2140 στοχασμὸν
1852 2072 1952 2142 τῆς

371 2163 619 2225 διανοίας
652 2161 938 2229 ὑπάγεται.
979 2161 1184 2214 Οὐκοῦν
1222 2160 1357 2232 πρὸς
1401 2161 1462 2213 τὸ
1505 2161 1678 2231 πέρας
1704 2177 1790 2222 τις
1817 2160 1952 2212 ἀπο-

378 2255 603 2308 σκοπῶν
622 2255 720 2324 τῆς
754 2253 945 2321 σοφίας
977 2253 1069 2305 τοῦ
1099 2251 1160 2305 τὸ
1187 2254 1294 2304 πᾶν
1319 2251 1746 2326 οἰκονομοῦντος,
1773 2251 1949 2304 οὐκέτ’

373 2347 446 2398 ἂν
465 2345 698 2412 εὐλόγως
717 2345 905 2397 κακῶν
933 2345 1101 2398 αἴτιον
1129 2345 1219 2396 τὸν
1235 2345 1341 2396 τῶν
1371 2343 1670 2414 ἀνθρώπων
1692 2342 1949 2413 δημιουρ-

372 2438 472 2505 γὺν
500 2437 600 2489 ὑπὸ
633 2435 1000 2507 μικροψυχίας
1039 2435 1428 2505 κατονομάζοι,
1471 2435 1503 2505 ἢ
1549 2436 1760 2502 ἀγνοεῖν
1789 2434 1948 2487 αὑτὸν

373 2531 433 2583 τὸ
465 2529 723 2598 ἐσόμενον
755 2527 950 2595 λέγων,
983 2527 1016 2598 ἢ
1047 2527 1226 2580 εἰδότα
1258 2526 1351 2580 καὶ⁹
1373 2525 1709 2594 πεποιηκότα
1742 2526 1816 2596 μὴ
1843 2524 1948 2590 ἐξω

372 2625 478 2694 τῆς
509 2625 644 2695 πρὸς
677 2623 740 2676 τὸ
779 2624 1016 2694 πονηρὸν
1044 2623 1220 2694 ὁρμῆς
1258 2617 1417 2675 εἶναι.
1453 2621 1562 2675 Καὶ
1591 2620 1699 2689 γάρ
1746 2621 1860 2691 ᾔδει
1887 2620 1948 2674 τὸ

372 2717 660 2784 ἐσόμενον,
712 2715 809 2769 καὶ
853 2714 950 2784 τὴν
1001 2715 1136 2784 πρὸς
1171 2714 1234 2767 τὸ
1279 2714 1558 2784 γινόμενον
1613 2712 1788 2783 ὁρμὴν
1847 2711 1948 2764 οὐκ

370 2804 664 2858 ἐκώλυσεν.
712 2806 832 2858 Ὅτι
890 2806 999 2875 γάρ
1041 2807 1448 2877 ὲκτραπὴσεται
1492 2805 1587 2860 τοῦ
1634 2807 1840 2876 ἀγαθοῦ
1885 2808 1947 2862 τὸ

370 2896 741 2966 ἀνθρώπινον,
780 2897 879 2950 οὐκ
923 2896 1186 2967 ἠγνόησεν
1227 2898 1256 2948 ὁ
1303 2897 1478 2951 πάντα
1524 2898 1944 2970 ὲμπερικρατῶν

2056 1801 2369 1871 pationibus
2401 1811 2621 1871 propter
2663 1809 2966 1870 peccatum,
3003 1811 3062 1855 ut
3091 1801 3285 1855 alicubi
3319 1800 3453 1856 dicit
3498 1815 3628 1869 pro-

2054 1891 2258 1961 phetia,
2311 1901 2534 1962 propter
2573 1894 2818 1946 intimam
2869 1893 3014 1946 illam
3065 1907 3189 1946 cum
3239 1901 3462 1961 peccato
3495 1906 3627 1945 con-

2049 1982 2409 2051 junctionem,
2476 1983 2790 2037 necessario
2847 1992 3265 2050 consequuntur
3320 1981 3625 2035 inellabiles

2052 2074 2272 2144 quidam
2299 2074 2516 2129 dolores
2546 2083 2600 2128 et
2631 2074 3060 2144 inexplicabiles,
3112 2074 3203 2142 qui
3232 2088 3386 2142 aeque
3423 2071 3527 2126 dici
3559 2087 3625 2126 ac

2051 2163 2311 2232 explicari
2347 2179 2452 2215 non
2487 2170 2736 2231 possunt,
2784 2169 2946 2230 atque
2975 2171 3169 2214 natura
3200 2162 3467 2215 bonorum
3503 2175 3626 2231 quae

2051 2262 2361 2324 sperantur.
2393 2253 2528 2307 Nam
2567 2269 2742 2323 neque
2785 2254 2900 2308 haec
2948 2269 3126 2322 neque
3175 2254 3264 2307 illa
3297 2262 3426 2306 sunt
3478 2253 3626 2320 ejus.

2050 2347 2219 2410 modi,
2253 2355 2314 2401 ut
2342 2347 2558 2402 dicendi
2593 2347 2821 2402 facultas
2853 2357 2945 2402 aut
2989 2347 3307 2415 conjectura
3359 2345 3527 2400 animi
3557 2360 3620 2400 ea

2051 2440 2225 2509 possit
2255 2438 2495 2508 assequi.
2526 2437 2583 2491 Si
2612 2438 2902 2508 quisquam
2933 2453 3064 2507 ergo
3096 2437 3162 2492 ad
3196 2437 3356 2491 ﬁnem
3403 2437 3622 2492 intuea-

2050 2536 2140 2583 tur
2169 2529 2467 2598 sapientize,
2501 2543 2620 2598 qua:
2648 2526 2998 2582 administrat
3029 2526 3467 2592 universitatem,
3511 2541 3620 2582 non

2050 2623 2238 2691 utique
2287 2621 2569 2676 hominum
2620 2620 2868 2690 opiﬁcem
2919 2619 3186 2673 malorum
3233 2629 3512 2674 auctorem
3557 2635 3622 2674 ac

2049 2729 2268 2770 causam
2292 2722 2511 2785 propter
2530 2714 2787 2784 pusillum
2811 2702 2868 2768 et
2893 2712 3164 2782 abjectum
3197 2727 3355 2767 suum
3379 2713 3618 2767 animum

2044 2805 2170 2875 jure
2197 2805 2578 2871 nominaverit,
2611 2803 2906 2859 autdicens
2925 2819 3048 2859 eum
3067 2803 3317 2873 ignorare
3338 2803 3613 2859 futurum:

2051 2906 2144 2950 aut
2179 2896 2222 2952 si
2255 2897 2478 2953 sciverit
2508 2906 2562 2952 et
2588 2896 2796 2962 fecerit,
2841 2912 2948 2952 non
2981 2912 3102 2952 esse
3129 2907 3394 2952 remotum
3430 2912 3459 2952 a
3489 2899 3616 2952 mali

369 2991 437 3058 τῇ
491 2991 826 3059 προορατικῇ
880 2988 1137 3058 δυνάμει,
1199 2989 1294 3043 καὶ
1344 2988 1404 3042 τὸ
1447 2989 1643 3060 ἐφεξῆς
1685 2989 1761 3059 τῷ
1800 3008 1942 3062 παρ-

2050 2991 2400 3059 appetitione,
2462 2999 2518 3045 et
2577 2991 2642 3044 ad
2706 2989 2884 3059 ipsum
2952 2990 3335 3060 prepensionc.
3401 2989 3620 3045 Sciebat

368 3078 611 3147 ῳχηκότι
651 3078 860 3147 βλέπων
896 3078 1034 3132 κατά
1068 3079 1127 3132 τὸ
1153 3072 1288 3131 ἴσον.
1325 3079 1464 3132 Ἀλλ’
1497 3079 1684 3151 ὥσπερ
1711 3081 1809 3152 τὴν
1841 3099 1944 3135 πα-

374 3167 656 3236 ρατροπὴν
685 3167 972 3231 ἐθεάσατο,
1007 3167 1148 3220 οὕτω
1176 3167 1269 3220 καὶ
1313 3167 1412 3236 τὴν
1440 3167 1734 3238 ἀνάκλησιν
1777 3168 1942 3224 αὑτοῦ

372 3257 541 3312 πάλιν
576 3258 675 3327 τὴν
711 3258 844 3326 πρὸς
873 3258 936 3312 τὸ
963 3257 1166 3327 ἀγαθὸν
1203 3259 1520 3326 κατενόησε.
1552 3260 1616 3312 Τί
1662 3256 1758 3313 οὖν
1781 3261 1942 3332 ἄμει-

370 3365 462 3402 νον
485 3345 600 3419 ἦν;
651 3347 878 3402 καθόλου
926 3346 1002 3418 μὴ
1041 3348 1268 3415 ἀγαγεῖν
1309 3347 1408 3418 τὴν
1455 3347 1616 3417 φύσιν
1665 3348 1820 3419 ἡμῶν
1863 3351 1942 3414 εἰς

367 3438 618 3506 γένεσιν,
691 3437 878 3508 ἐπειδὴ
924 3436 1017 3490 τοῦ
1068 3437 1234 3490 καλοῦ
1298 3438 1761 3509 διαμαρτήσεσθαι
1812 3457 1942 3509 προ-

368 3526 518 3600 εώρα
561 3529 623 3582 τὸ
663 3529 1046 3598 γενησόμενον,
1093 3527 1127 3598 ἢ
1175 3527 1450 3596 ἀγαγόντα
1495 3529 1587 3582 καὶ⁵
1618 3531 1940 3601 νενοσηκότα

369 3621 533 3675 πάλιν
563 3620 699 3691 πρὸς
744 3621 844 3691 τὴν
878 3619 937 3684 ἐξ
977 3621 1150 3690 ἀρχῆς
1183 3620 1344 3691 χάριν
1374 3621 1839 3688 ἀνακαλέσασθαι;
1868 3621 1940 3675 Τὸ

369 3712 426 3764 δὲ
471 3711 561 3764 διὰ
603 3712 701 3775 τὰς
755 3710 1072 3780 σωματικάς
1129 3711 1458 3782 ἀλγηδόνας,
1509 3711 1566 3766 αἶ
1615 3711 1692 3782 τῷ
1731 3712 1940 3783 ρευστῷ

373 3801 478 3869 τῆς
528 3801 740 3870 φύσεως
783 3801 903 3855 κατ’
949 3801 1196 3871 ἀνάγκην
1225 3803 1706 3873 ἐπισυμὸαίνουσι,
1753 3803 1940 3857 κακῶν

377 3887 615 3956 ποιητὴν
651 3887 737 3940 τὴν
763 3888 904 3940 ’Θεὸν
937 3887 1256 3958 ὀνομάζειν,
1293 3887 1326 3957 ἢ
1374 3889 1508 3958 μηδὲ
1548 3889 1682 3952 ὅλως
1726 3889 1938 3960 ἀνθρώ-ο

372 3993 487 4030 που
519 3975 744 4045 κτίστην
775 3977 924 4030 αὐτὸν
951 3975 1192 4040 οἴεσθαι,
1237 3975 1312 4038 ὡς
1343 3975 1409 4028 ἂν
1439 3976 1514 4047 μὴ
1560 3978 1653 4030 καὶ
1693 3977 1801 4030 τῶν
1845 3977 1940 4030 ἀλ-

365 4067 644 4135 γυνόντων
665 4068 811 4138 ἡμᾶς
834 4069 1007 4131 αῑτιος
1027 4067 1307 4120 ὑπονοοῖτο
1325 4106 1340 4129 ,
1383 4067 1539 4121 τοῦτο
1566 4069 1664 4137 τῆς
1705 4069 1938 4138 ἐσχάτης

363 4157 734 4228 μικροψυχίας
769 4160 887 4211 ἐστὶ
923 4158 1031 4211 τῶν
1058 4159 1124 4228 τῇ
1159 4156 1404 4226 αἰσθήσει
1433 4156 1494 4210 τὸ
1523 4157 1686 4210 καλὸν
1742 4158 1836 4210 καὶ
1877 4158 1939 4211 τὸ

359 4250 532 4303 κακὸν
577 4243 994 4320 διακρινόντων,
1042 4250 1092 4301 οἶ
1132 4250 1231 4302 οὐκ
1271 4247 1480 4310 ῐσασιν,
1536 4249 1617 4300 ὅτι
1650 4249 1826 4302 ἐκεῖνο
1870 4251 1936 4319 τῇ

2045 3082 2192 3137 enim
2242 3081 2505 3148 futurum,
2562 3091 2616 3136 et
2662 3097 2770 3137 non
2823 3082 3104 3152 prohibuit
3144 3099 3261 3139 eam
3297 3099 3418 3152 qua:
3455 3083 3520 3137 ad
3562 3082 3614 3136 id

2043 3171 2187 3242 quod
2219 3171 2277 3226 ﬁt
2305 3183 2422 3226 erat
2455 3171 2876 3241 propensionem
2901 3183 2954 3226 et
2985 3171 3414 3226 inclinationem.
3458 3170 3616 3236 Quod

2039 3261 2184 3314 enim
2212 3275 2242 3313 a
2274 3260 2416 3314 bono
2443 3261 2605 3314 homo
2636 3268 2779 3314 esset
2805 3260 3154 3325 avertendus,
3202 3277 3310 3315 non
3341 3261 3612 3330 ignoravit

2040 3353 2132 3422 qui
2165 3353 2347 3406 omnia
2387 3367 2488 3407 suo
2514 3351 2794 3406 dominatu
2830 3352 3093 3413 continet,
3145 3368 3244 3408 sua
3283 3351 3612 3421 praevidendi

2039 3445 2238 3499 virtute
2266 3460 2418 3514 teque
2446 3445 2664 3499 intuens
2688 3442 2741 3497 id
2770 3443 2913 3513 quod
2944 3445 3201 3514 deinceps
3226 3450 3310 3499 est
3339 3443 3609 3506 futurum,

2039 3545 2202 3604 atque
2230 3536 2283 3590 id
2317 3537 2461 3606 quod
2493 3544 2577 3592 est
2604 3536 2954 3607 praeteritum.
2999 3535 3106 3590 Sed
3155 3535 3430 3605 quomodo
3478 3533 3613 3588 vidit

2040 3627 2419 3682 aversionem:
2472 3627 2544 3681 ita
2590 3629 2752 3683 etiam
2784 3643 2978 3683 rursus
3006 3626 3332 3696 excogitavit
3376 3625 3496 3694 ejus
3540 3624 3608 3678 ad

2042 3717 2242 3772 bonum
2283 3719 2702 3774 revocationem.
2747 3717 2890 3786 Quid
2931 3732 3063 3785 ergo
3109 3725 3226 3773 erat
3268 3718 3484 3780 melius,
3540 3731 3609 3769 an

2041 3800 2283 3864 nostram
2313 3818 2563 3866 naturam
2597 3825 2707 3866 non
2744 3811 2968 3865 omnino
3005 3809 3072 3864 ad
3108 3818 3286 3864 ortum
3317 3809 3608 3872 deducere,

2039 3901 2298 3969 quoniam
2332 3901 2552 3956 videbat
2586 3900 2826 3957 futurum
2867 3909 2924 3954 ut
2955 3915 2984 3954 a
3013 3901 3157 3955 bono
3189 3901 3502 3953 aberraret:
3539 3911 3606 3950 an

2040 4004 2162 4044 cum
2195 3992 2505 4047 aberrasset
2540 4000 2595 4047 et
2629 3994 2819 4047 morbo
2868 3993 3192 4053 laborasset,
3251 4005 3506 4044 revocare
3540 3989 3608 4043 ad

2039 4081 2266 4149 gratiam
2291 4098 2452 4151 quam
2487 4083 2675 4136 habuit
2707 4084 2776 4138 ab
2807 4082 2994 4136 initio?
3041 4080 3267 4148 Propter
3292 4081 3605 4150 corporales

2040 4177 2220 4223 autem
2252 4169 2491 4232 dolores,
2532 4171 2622 4238 qui
2661 4171 2819 4223 ﬂuxa:
2869 4177 3074 4222 natura:
3112 4171 3423 4224 necessario
3465 4171 3610 4224 acci-

2041 4256 2195 4318 dunt,
2229 4256 2396 4310 Deum
2440 4258 2722 4312 nominare
2754 4258 3018 4312 malorum
3047 4257 3378 4326 ell'ectorem,
3418 4267 3511 4313 aut
3540 4275 3609 4314 ne

357 4341 520 4409 φύσει
569 4340 728 4410 μόνον
761 4341 909 4393 ἐστὶν
961 4340 1193 4408 ἀγαθὸν,
1237 4335 1298 4394 οὗ
1336 4341 1371 4408 ἡ
1419 4339 1666 4408 αἴσθησις
1717 4339 1815 4393 οὐκ
1847 4341 1937 4408 ἐφ-

2049 4347 2269 4401 omnino
2284 4348 2501 4415 quidem
2533 4365 2656 4404 cum
2683 4349 2997 4406 existimare
3021 4350 3258 4407 hominis
3282 4359 3606 4414 creatorem,

356 4434 628 4487 ἅπτεται·
655 4432 749 4486 καὶ
778 4432 940 4502 μόνον
982 4433 1156 4485 ἐκεῖνο
1182 4432 1372 4496 κακὸν,
1411 4433 1444 4501 ἡ
1484 4431 1574 4484 τοῦ
1602 4431 1806 4499 ἀγαθοῦ
1842 4431 1936 4484 ἀλ-

354 4525 666 4594 λοτρίωσις.
721 4524 910 4587 Πόνοις
943 4523 1001 4577 δὲ
1044 4525 1138 4578 καὶ
1177 4523 1390 4593 ἡδοναῖς
1429 4523 1492 4575 τὸ
1542 4523 1704 4575 καλὸν
1743 4522 1836 4576 καὶ
1873 4523 1936 4576 τὸ

352 4616 532 4669 κακόν
575 4617 785 4685 κρίνειν
818 4616 917 4685 τῆς
956 4617 1151 4685 ἀλόγου
1202 4615 1416 4686 φύσεως
1466 4614 1594 4668 ἴδιόν
1632 4617 1813 4682 ἐστιν,
1851 4615 1936 4682 ἐφ’

351 4700 430 4760 ὧν
454 4707 548 4760 τοῦ
584 4707 798 4776 ἀληθῶς
825 4707 991 4761 καλοῦ
1024 4711 1057 4779 ἠ
1100 4707 1456 4778 κατανόησις,
1485 4706 1572 4760 διὰ
1605 4707 1664 4760 τὸ
1706 4707 1780 4779 μὴ
1813 4725 1937 4777 μετ-

351 4799 504 4867 έχειν
527 4799 669 4852 αὐτὰ
689 4799 780 4853 νοῦ
803 4801 894 4853 καὶ
919 4799 1176 4865 διανοίας,
1199 4799 1380 4870 χώραν
1400 4799 1499 4852 οὐκ
1524 4799 1656 4869 ἔχει.

353 4891 453 4945 Iud
517 4893 743 4952 malum.

2043 4453 2111 4491 ne
2139 4447 2431 4494 censeatur
2463 4457 2584 4496 esse
2614 4456 2780 4496 causa
2813 4449 2866 4497 et
2911 4449 3104 4496 auctor
3137 4457 3324 4496 eorum
3356 4459 3478 4512 qua:
3510 4459 3608 4497 no-

2040 4531 2123 4585 bis
2158 4530 2398 4587 dolorem
2444 4532 2695 4597 aﬂ'erunt,
2733 4533 2836 4587 hoc
2876 4543 2960 4589 est
3005 4535 3163 4603 plane
3204 4534 3387 4602 pusilli
3425 4541 3482 4586 et
3513 4533 3609 4586 abo

2033 4619 2164 4688 jecti
2193 4622 2358 4676 animi
2388 4638 2576 4678 eorum
2605 4623 2696 4692 qui
2727 4637 2891 4678 sensu
2923 4623 3126 4676 bonum
3153 4628 3207 4676 et
3233 4621 3432 4674 malum
3465 4619 3610 4687 diju-

2037 4709 2244 4776 dicant,
2279 4713 2370 4781 qui
2415 4715 2666 4769 nesciunt
2711 4713 2854 4783 quod
2889 4713 3020 4767 illud
3067 4713 3242 4768 solum
3292 4720 3376 4766 est
3407 4710 3609 4765 bonum

2041 4810 2257 4866 natura,
2299 4806 2442 4874 quod
2472 4821 2666 4862 sensus
2691 4821 2800 4860 non
2832 4805 3080 4874 attingit;
3123 4813 3179 4858 et
3220 4803 3392 4858 solum
3428 4809 3511 4856 est
3545 4802 3612 4858 il-

829 4893 898 4947 ab
946 4908 1012 4948 eo
1059 4892 1205 4963 quod
1253 4900 1338 4948 est
1385 4889 1574 4947 verum
1626 4891 1974 4946 abalienatio.
2014 4892 2322 4951 Laboribus
2381 4905 2643 4953 autemet
2673 4899 3040 4968 voluptatibus
3079 4895 3378 4964 diiudicare
3405 4894 3608 4949 bonum

351 4997 404 5039 et
448 4985 653 5040 malum
705 4995 787 5041 est
833 4987 1110 5057 proprium
1156 4995 1365 5043 natura:
1417 4988 1646 5043 rationis
1696 4989 1937 5058 expertis
1998 4989 2052 5044 in
2099 4992 2299 5061 quibus
2366 4992 2541 5048 locum
2599 5009 2706 5048 non
2760 4993 2922 5049 habet
2982 4993 3095 5048 veri
3139 4990 3265 5045 boni
3316 4990 3606 5058 cogitatio,

347 5085 648 5146 propterea
666 5079 809 5148 quod
827 5095 890 5134 ea
911 5089 1087 5135 mente
1111 5091 1333 5136 careant
1369 5089 1422 5136 et
1447 5082 1824 5152 intelligentia.
1905 5133 1914 5142 ,

435 5171 578 5223 Ἀλλ’
607 5173 687 5225 ὅτι
722 5174 817 5243 μὲν
841 5172 977 5226 Θεοῦ
1005 5173 1162 5244 ἔργον
1188 5176 1217 5227 ὁ
1243 5173 1522 5246 ἄνθρωπος
1561 5176 1724 5230 καλόν
1754 5194 1813 5230 τε
1843 5177 1936 5230 καὶ

345 5261 446 5315 ἔτι
483 5261 786 5326 καλλίστοις
823 5265 1148 5333 γενόμενον,
1181 5265 1242 5318 οὐ
1282 5265 1438 5334 μόνον
1472 5267 1538 5320 ὲκ
1572 5266 1682 5320 τῶν
1712 5266 1936 5337 εἰρημέ-

344 5369 460 5406 νων
483 5351 645 5421 δῆλόν
675 5355 821 5408 ἐστιν
841 5394 856 5417 ,
886 5356 1020 5409 ἀλλά
1051 5357 1144 5410 καὶ
1172 5357 1237 5410 ἐκ
1273 5358 1477 5428 μυρίων
1511 5358 1733 5430 ἑτέρων,
1766 5353 1840 5411 ὧν
1874 5359 1932 5412 τὸ

347 5441 557 5512 πλῆθος
594 5441 681 5496 διὰ
709 5444 808 5515 τὴν
845 5446 1114 5517 ἀμετρίαν
1147 5447 1671 5520 παραδραμούμεθα.
1710 5450 1840 5503 Θεὸν
1873 5451 1928 5504 δὲ

425 5617 442 5644 ⁸
475 5616 648 5673 Tdatth
702 5634 779 5684 ιι,
825 5620 915 5689 l2;
946 5621 1106 5680 Marc.
1143 5641 1203 5692 ιι,
1249 5626 1335 5690 l7;
1374 5622 1505 5680 Luc.
1537 5642 1590 5690 ν,
1631 5623 1718 5680 ⁸51.

2112 5173 2217 5229 Sed
2256 5172 2400 5243 quod
2428 5172 2590 5227 homo
2621 5169 2836 5241 quidem
2868 5168 3152 5239 pulchrum
3180 5167 3251 5218 sit
3288 5179 3351 5218 ac
3385 5165 3608 5234 prtecla-

2037 5283 2158 5321 rum
2197 5264 2288 5320 Dei
2315 5279 2474 5335 opus,
2507 5261 2820 5330 factumque
2851 5259 2917 5313 ad
2948 5272 3012 5312 ea
3042 5269 3163 5325 qua:
3201 5263 3328 5309 sunt
3353 5254 3606 5323 pulcher-

2037 5361 2175 5413 rima
2203 5366 2256 5412 ct
2286 5356 2511 5425 optima,
2563 5370 2670 5410 non
2721 5353 2896 5408 solum
2930 5365 2995 5404 ex
3029 5349 3096 5403 iis
3124 5362 3245 5418 quae
3282 5347 3424 5402 dicta
3456 5350 3602 5403 sunt,

2033 5459 2118 5508 est
2148 5449 2519 5522 perspicuum,
2543 5447 2638 5505 sed
2665 5445 2828 5501 etiam
2853 5458 2917 5498 ex
2944 5441 3066 5531 aliis
3090 5435 3601 5496 innumerabilibus,
