  <div class='ocr_page' id='page_1' title='image "/cluster/home/n/w/nwhite01/storage/ocr_20150623/45/hvd.32044073501876/037.png"; bbox 0 0 4072 6212; ppageno 0'>
   <div class='ocr_carea' id='block_1_1' title="bbox 593 331 3844 430">
    <p class='ocr_par' dir='ltr' id='par_1_1' title="bbox 593 331 3844 430">
     <span class='ocr_line' id='line_1_1' title="bbox 593 331 3844 430; baseline -0.011 -2"><span class='ocrx_word' id='word_1_1' title='bbox 593 375 663 430; x_wconf 73' lang='lat'>39</span> <span class='ocrx_word' id='word_1_2' title='bbox 1825 360 1882 416; x_wconf 89' lang='lat' dir='ltr'><strong>S.</strong></span> <span class='ocrx_word' id='word_1_3' title='bbox 1915 353 2243 414; x_wconf 78' lang='lat' dir='ltr'><strong>GREGORII</strong></span> <span class='ocrx_word' id='word_1_4' title='bbox 2277 351 2571 411; x_wconf 73' lang='lat' dir='ltr'><strong>NYSSENI</strong></span> <span class='ocrx_word' id='word_1_5' title='bbox 3353 331 3356 336; x_wconf 52' lang='grc'><em>’</em></span> <span class='ocrx_word' id='word_1_6' title='bbox 3777 353 3844 407; x_wconf 64' lang='grc' dir='ltr'><strong>ιο</strong></span> 
     </span>
    </p>
   </div>
   <div class='ocr_carea' id='block_1_2' title="bbox 591 470 2195 563">
    <p class='ocr_par' dir='ltr' id='par_1_2' title="bbox 591 475 2170 563">
     <span class='ocr_line' id='line_1_2' title="bbox 591 475 2170 563; baseline -0.01 -16"><span class='ocrx_word' id='word_1_7' title='bbox 591 503 828 563; x_wconf 88' lang='lat' dir='ltr'><strong>quorum</strong></span> <span class='ocrx_word' id='word_1_8' title='bbox 885 485 1360 558; x_wconf 65' lang='lat' dir='ltr'><strong>praetermittemus</strong></span> <span class='ocrx_word' id='word_1_9' title='bbox 1419 480 1843 545; x_wconf 78' lang='lat' dir='ltr'><strong>multitudinem,</strong></span> <span class='ocrx_word' id='word_1_10' title='bbox 1910 477 2053 549; x_wconf 92' lang='lat' dir='ltr'><strong>quod</strong></span> <span class='ocrx_word' id='word_1_11' title='bbox 2117 475 2170 531; x_wconf 88' lang='lat' dir='ltr'><strong>id</strong></span> 
     </span>
    </p>
   </div>
   <div class='ocr_carea' id='block_1_3' title="bbox 2298 470 3848 563">
    <p class='ocr_par' dir='ltr' id='par_1_3' title="bbox 2298 470 3848 549">
     <span class='ocr_line' id='line_1_3' title="bbox 2298 470 3848 549; baseline 0 -21"><span class='ocrx_word' id='word_1_12' title='bbox 2298 474 2557 549; x_wconf 78' lang='grc' dir='ltr'>ινθρὼπου</span> <span class='ocrx_word' id='word_1_13' title='bbox 2591 475 2820 547; x_wconf 78' lang='grc' dir='ltr'>ποιητὴν</span> <span class='ocrx_word' id='word_1_14' title='bbox 2861 475 3224 546; x_wconf 82' lang='grc' dir='ltr'><strong>ὀνομάσαντες</strong></span> <span class='ocrx_word' id='word_1_15' title='bbox 3246 513 3261 537; x_wconf 95' lang='grc'><strong>,</strong></span> <span class='ocrx_word' id='word_1_16' title='bbox 3299 471 3399 526; x_wconf 79' lang='grc' dir='ltr'><strong>οὐκ</strong></span> <span class='ocrx_word' id='word_1_17' title='bbox 3443 470 3848 544; x_wconf 73' lang='grc' dir='ltr'>ἐπιλελήσμεθα</span> 
     </span>
    </p>
   </div>
   <div class='ocr_carea' id='block_1_4' title="bbox 596 573 2172 640">
    <p class='ocr_par' dir='ltr' id='par_1_4' title="bbox 596 573 2172 640">
     <span class='ocr_line' id='line_1_4' title="bbox 596 573 2172 640; baseline -0.013 0"><span class='ocrx_word' id='word_1_18' title='bbox 596 592 741 640; x_wconf 90' lang='lat' dir='ltr'><strong>esset</strong></span> <span class='ocrx_word' id='word_1_19' title='bbox 792 581 1086 636; x_wconf 84' lang='lat' dir='ltr'><strong>inﬁnitum.</strong></span> <span class='ocrx_word' id='word_1_20' title='bbox 1136 575 1273 630; x_wconf 90' lang='lat' dir='ltr'><strong>Cum</strong></span> <span class='ocrx_word' id='word_1_21' title='bbox 1320 573 1490 628; x_wconf 87' lang='lat' dir='ltr'><strong>Deum</strong></span> <span class='ocrx_word' id='word_1_22' title='bbox 1543 581 1720 626; x_wconf 88' lang='lat' dir='ltr'><strong>autem</strong></span> <span class='ocrx_word' id='word_1_23' title='bbox 1772 577 2070 625; x_wconf 75' lang='lat' dir='ltr'><strong>creatorem</strong></span> <span class='ocrx_word' id='word_1_24' title='bbox 2117 573 2172 620; x_wconf 91' lang='lat' dir='ltr'><strong>et</strong></span> 
     </span>
    </p>
   </div>
   <div class='ocr_carea' id='block_1_5' title="bbox 597 660 2170 729">
    <p class='ocr_par' dir='ltr' id='par_1_5' title="bbox 597 660 2170 729">
     <span class='ocr_line' id='line_1_5' title="bbox 597 660 2170 729; baseline -0.012 0"><span class='ocrx_word' id='word_1_25' title='bbox 597 673 912 729; x_wconf 73' lang='lat' dir='ltr'><strong>eliectorem</strong></span> <span class='ocrx_word' id='word_1_26' title='bbox 948 666 1371 729; x_wconf 81' lang='lat' dir='ltr'><strong>nominavimus,</strong></span> <span class='ocrx_word' id='word_1_27' title='bbox 1423 669 1539 717; x_wconf 74' lang='lat' dir='ltr'><strong>non‘</strong></span> <span class='ocrx_word' id='word_1_28' title='bbox 1559 660 1711 716; x_wconf 90' lang='lat' dir='ltr'><strong>obliti</strong></span> <span class='ocrx_word' id='word_1_29' title='bbox 1757 674 1947 714; x_wconf 90' lang='lat' dir='ltr'><strong>sumus</strong></span> <span class='ocrx_word' id='word_1_30' title='bbox 1980 670 2170 712; x_wconf 85' lang='lat' dir='ltr'><strong>eorum</strong></span> 
     </span>
    </p>
   </div>
   <div class='ocr_carea' id='block_1_6' title="bbox 597 747 2170 834">
    <p class='ocr_par' dir='ltr' id='par_1_6' title="bbox 597 747 2170 834">
     <span class='ocr_line' id='line_1_6' title="bbox 597 747 2170 834; baseline -0.011 -15"><span class='ocrx_word' id='word_1_31' title='bbox 597 778 720 834; x_wconf 71' lang='lat' dir='ltr'><strong>quae</strong></span> <span class='ocrx_word' id='word_1_32' title='bbox 753 763 808 817; x_wconf 91' lang='lat' dir='ltr'><strong>in</strong></span> <span class='ocrx_word' id='word_1_33' title='bbox 840 759 1103 832; x_wconf 73' lang='lat' dir='ltr'><strong>prommio</strong></span> <span class='ocrx_word' id='word_1_34' title='bbox 1137 755 1367 810; x_wconf 74' lang='lat' dir='ltr'><strong>scrutati</strong></span> <span class='ocrx_word' id='word_1_35' title='bbox 1417 768 1608 808; x_wconf 90' lang='lat' dir='ltr'><strong>sumus</strong></span> <span class='ocrx_word' id='word_1_36' title='bbox 1637 751 1900 805; x_wconf 85' lang='lat' dir='ltr'><strong>adversus</strong></span> <span class='ocrx_word' id='word_1_37' title='bbox 1929 747 2170 812; x_wconf 69' lang='lat' dir='ltr'><strong>Grarcos,</strong></span> 
     </span>
    </p>
   </div>
   <div class='ocr_carea' id='block_1_7' title="bbox 601 841 2173 924">
    <p class='ocr_par' dir='ltr' id='par_1_7' title="bbox 601 841 2173 924">
     <span class='ocr_line' id='line_1_7' title="bbox 601 841 2173 924; baseline -0.01 -16"><span class='ocrx_word' id='word_1_38' title='bbox 601 858 655 909; x_wconf 92' lang='lat' dir='ltr'><strong>in</strong></span> <span class='ocrx_word' id='word_1_39' title='bbox 683 853 882 924; x_wconf 86' lang='lat' dir='ltr'><strong>quibus</strong></span> <span class='ocrx_word' id='word_1_40' title='bbox 910 861 1189 906; x_wconf 87' lang='lat' dir='ltr'><strong>ostensum</strong></span> <span class='ocrx_word' id='word_1_41' title='bbox 1221 854 1306 900; x_wconf 93' lang='lat' dir='ltr'><strong>est</strong></span> <span class='ocrx_word' id='word_1_42' title='bbox 1333 844 1426 899; x_wconf 91' lang='lat' dir='ltr'><strong>Dei</strong></span> <span class='ocrx_word' id='word_1_43' title='bbox 1455 843 1715 908; x_wconf 84' lang='lat' dir='ltr'><strong>Verbum,</strong></span> <span class='ocrx_word' id='word_1_44' title='bbox 1748 857 1870 895; x_wconf 89' lang='lat' dir='ltr'><strong>cum</strong></span> <span class='ocrx_word' id='word_1_45' title='bbox 1894 841 1964 894; x_wconf 91' lang='lat' dir='ltr'><strong>sit</strong></span> <span class='ocrx_word' id='word_1_46' title='bbox 1988 853 2173 894; x_wconf 86' lang='lat' dir='ltr'><strong>essen-</strong></span> 
     </span>
    </p>
   </div>
   <div class='ocr_carea' id='block_1_8' title="bbox 604 931 2171 1012">
    <p class='ocr_par' dir='ltr' id='par_1_8' title="bbox 604 931 2171 1012">
     <span class='ocr_line' id='line_1_8' title="bbox 604 931 2171 1012; baseline -0.013 -11"><span class='ocrx_word' id='word_1_47' title='bbox 604 947 730 1002; x_wconf 89' lang='lat' dir='ltr'><strong>tiale</strong></span> <span class='ocrx_word' id='word_1_48' title='bbox 763 953 816 1000; x_wconf 90' lang='lat' dir='ltr'><strong>et</strong></span> <span class='ocrx_word' id='word_1_49' title='bbox 846 943 1174 1004; x_wconf 75' lang='lat' dir='ltr'><strong>consistens,</strong></span> <span class='ocrx_word' id='word_1_50' title='bbox 1215 939 1393 1009; x_wconf 91' lang='lat' dir='ltr'><strong>ipsum</strong></span> <span class='ocrx_word' id='word_1_51' title='bbox 1420 933 1540 1012; x_wconf 86' lang='lat' dir='ltr'><strong>esse</strong></span> <span class='ocrx_word' id='word_1_52' title='bbox 1568 945 1620 989; x_wconf 88' lang='lat' dir='ltr'><strong>et</strong></span> <span class='ocrx_word' id='word_1_53' title='bbox 1642 936 1807 989; x_wconf 89' lang='lat' dir='ltr'><strong>Deum</strong></span> <span class='ocrx_word' id='word_1_54' title='bbox 1835 940 1889 988; x_wconf 93' lang='lat' dir='ltr'><strong>et</strong></span> <span class='ocrx_word' id='word_1_55' title='bbox 1910 931 2171 997; x_wconf 85' lang='lat' dir='ltr'><strong>Verbum,</strong></span> 
     </span>
    </p>
   </div>
   <div class='ocr_carea' id='block_1_9' title="bbox 604 1021 2174 1101">
    <p class='ocr_par' dir='ltr' id='par_1_9' title="bbox 604 1021 2174 1101">
     <span class='ocr_line' id='line_1_9' title="bbox 604 1021 2174 1101; baseline -0.011 -9"><span class='ocrx_word' id='word_1_56' title='bbox 604 1053 669 1092; x_wconf 82' lang='lat' dir='ltr'><strong>ac</strong></span> <span class='ocrx_word' id='word_1_57' title='bbox 709 1035 978 1091; x_wconf 88' lang='lat' dir='ltr'><strong>rationem</strong></span> <span class='ocrx_word' id='word_1_58' title='bbox 1018 1047 1139 1101; x_wconf 83' lang='lat' dir='ltr'><strong>quae</strong></span> <span class='ocrx_word' id='word_1_59' title='bbox 1174 1029 1456 1099; x_wconf 80' lang='lat' dir='ltr'><strong>complexa</strong></span> <span class='ocrx_word' id='word_1_60' title='bbox 1499 1036 1584 1082; x_wconf 89' lang='lat' dir='ltr'><strong>est</strong></span> <span class='ocrx_word' id='word_1_61' title='bbox 1631 1039 1847 1080; x_wconf 85' lang='lat' dir='ltr'><strong>onmem</strong></span> <span class='ocrx_word' id='word_1_62' title='bbox 1896 1023 2004 1077; x_wconf 88' lang='lat' dir='ltr'><strong>vim</strong></span> <span class='ocrx_word' id='word_1_63' title='bbox 2051 1021 2174 1077; x_wconf 78' lang='lat' dir='ltr'><strong>eili-</strong></span> 
     </span>
    </p>
   </div>
   <div class='ocr_carea' id='block_1_10' title="bbox 605 1113 2177 1194">
    <p class='ocr_par' dir='ltr' id='par_1_10' title="bbox 605 1113 2177 1194">
     <span class='ocr_line' id='line_1_10' title="bbox 605 1113 2177 1194; baseline -0.013 -9"><span class='ocrx_word' id='word_1_64' title='bbox 605 1132 860 1186; x_wconf 86' lang='lat' dir='ltr'><strong>cientem.</strong></span> <span class='ocrx_word' id='word_1_65' title='bbox 892 1125 974 1180; x_wconf 92' lang='lat' dir='ltr'><strong>vel</strong></span> <span class='ocrx_word' id='word_1_66' title='bbox 1009 1139 1128 1194; x_wconf 67' lang='lat' dir='ltr'><strong>quae</strong></span> <span class='ocrx_word' id='word_1_67' title='bbox 1154 1123 1336 1192; x_wconf 86' lang='lat' dir='ltr'><strong>potius</strong></span> <span class='ocrx_word' id='word_1_68' title='bbox 1363 1128 1447 1175; x_wconf 89' lang='lat' dir='ltr'><strong>est</strong></span> <span class='ocrx_word' id='word_1_69' title='bbox 1490 1120 1607 1189; x_wconf 89' lang='lat' dir='ltr'><strong>ipsa</strong></span> <span class='ocrx_word' id='word_1_70' title='bbox 1637 1132 1734 1188; x_wconf 83' lang='lat' dir='ltr'><strong>per</strong></span> <span class='ocrx_word' id='word_1_71' title='bbox 1772 1131 1832 1172; x_wconf 87' lang='lat' dir='ltr'><strong>se</strong></span> <span class='ocrx_word' id='word_1_72' title='bbox 1861 1114 1945 1170; x_wconf 91' lang='lat' dir='ltr'><strong>vis</strong></span> <span class='ocrx_word' id='word_1_73' title='bbox 1976 1127 2039 1167; x_wconf 91' lang='lat' dir='ltr'><strong>ac</strong></span> <span class='ocrx_word' id='word_1_74' title='bbox 2067 1113 2177 1167; x_wconf 86' lang='lat' dir='ltr'><strong>vir-</strong></span> 
     </span>
    </p>
   </div>
   <div class='ocr_carea' id='block_1_11' title="bbox 611 1203 2176 1286">
    <p class='ocr_par' dir='ltr' id='par_1_11' title="bbox 611 1203 2176 1286">
     <span class='ocr_line' id='line_1_11' title="bbox 611 1203 2176 1286; baseline -0.012 -10"><span class='ocrx_word' id='word_1_75' title='bbox 611 1206 716 1283; x_wconf 65' lang='lat' dir='ltr'><strong>tu‘s,</strong></span> <span class='ocrx_word' id='word_1_76' title='bbox 743 1234 795 1274; x_wconf 81' lang='lat' dir='ltr'><strong>et</strong></span> <span class='ocrx_word' id='word_1_77' title='bbox 821 1231 940 1286; x_wconf 66' lang='lat' dir='ltr'><strong>qua:</strong></span> <span class='ocrx_word' id='word_1_78' title='bbox 966 1215 1156 1284; x_wconf 85' lang='lat' dir='ltr'><strong>suapte</strong></span> <span class='ocrx_word' id='word_1_79' title='bbox 1180 1211 1541 1283; x_wconf 87' lang='lat' dir='ltr'><strong>prepensione</strong></span> <span class='ocrx_word' id='word_1_80' title='bbox 1568 1224 1632 1263; x_wconf 89' lang='lat' dir='ltr'><strong>ac</strong></span> <span class='ocrx_word' id='word_1_81' title='bbox 1653 1207 1983 1278; x_wconf 83' lang='lat' dir='ltr'><strong>appetitione</strong></span> <span class='ocrx_word' id='word_1_82' title='bbox 2004 1203 2176 1259; x_wconf 81' lang='lat' dir='ltr'><strong>fertur</strong></span> 
     </span>
    </p>
   </div>
   <div class='ocr_carea' id='block_1_12' title="bbox 605 1294 2174 1371">
    <p class='ocr_par' dir='ltr' id='par_1_12' title="bbox 605 1294 2174 1371">
     <span class='ocr_line' id='line_1_12' title="bbox 605 1294 2174 1371; baseline -0.011 -8"><span class='ocrx_word' id='word_1_83' title='bbox 605 1309 671 1363; x_wconf 88' lang='lat' dir='ltr'><strong>ad</strong></span> <span class='ocrx_word' id='word_1_84' title='bbox 700 1322 860 1361; x_wconf 89' lang='lat' dir='ltr'><strong>omne</strong></span> <span class='ocrx_word' id='word_1_85' title='bbox 883 1307 1110 1369; x_wconf 89' lang='lat' dir='ltr'><strong>bonum,</strong></span> <span class='ocrx_word' id='word_1_86' title='bbox 1145 1312 1199 1356; x_wconf 92' lang='lat' dir='ltr'><strong>et</strong></span> <span class='ocrx_word' id='word_1_87' title='bbox 1235 1300 1498 1371; x_wconf 83' lang='lat' dir='ltr'><strong>quidquid</strong></span> <span class='ocrx_word' id='word_1_88' title='bbox 1524 1300 1779 1360; x_wconf 82' lang='lat' dir='ltr'><strong>voluerit,</strong></span> <span class='ocrx_word' id='word_1_89' title='bbox 1809 1296 1970 1352; x_wconf 90' lang='lat' dir='ltr'><strong>simul</strong></span> <span class='ocrx_word' id='word_1_90' title='bbox 1994 1294 2174 1361; x_wconf 85' lang='lat' dir='ltr'><strong>ellicit,</strong></span> 
     </span>
    </p>
   </div>
   <div class='ocr_carea' id='block_1_13' title="bbox 607 1391 2174 1470">
    <p class='ocr_par' dir='ltr' id='par_1_13' title="bbox 607 1391 2174 1470">
     <span class='ocr_line' id='line_1_13' title="bbox 607 1391 2174 1470; baseline -0.012 -15"><span class='ocrx_word' id='word_1_91' title='bbox 607 1399 751 1470; x_wconf 90' lang='lat' dir='ltr'><strong>quod</strong></span> <span class='ocrx_word' id='word_1_92' title='bbox 770 1412 893 1452; x_wconf 89' lang='lat' dir='ltr'><strong>cum</strong></span> <span class='ocrx_word' id='word_1_93' title='bbox 919 1397 1196 1450; x_wconf 87' lang='lat' dir='ltr'><strong>voluntate</strong></span> <span class='ocrx_word' id='word_1_94' title='bbox 1224 1393 1482 1446; x_wconf 85' lang='lat' dir='ltr'><strong>virtutem</strong></span> <span class='ocrx_word' id='word_1_95' title='bbox 1508 1391 1705 1445; x_wconf 88' lang='lat' dir='ltr'><strong>habeat</strong></span> <span class='ocrx_word' id='word_1_96' title='bbox 1726 1394 2174 1442; x_wconf 86' lang='lat' dir='ltr'><strong>concurrentem:</strong></span> 
     </span>
    </p>
   </div>
   <div class='ocr_carea' id='block_1_14' title="bbox 607 1477 2174 1561">
    <p class='ocr_par' dir='ltr' id='par_1_14' title="bbox 607 1477 2174 1561">
     <span class='ocr_line' id='line_1_14' title="bbox 607 1477 2174 1561; baseline -0.012 -14"><span class='ocrx_word' id='word_1_97' title='bbox 607 1491 766 1561; x_wconf 89' lang='lat' dir='ltr'><strong>cujus</strong></span> <span class='ocrx_word' id='word_1_98' title='bbox 796 1497 849 1544; x_wconf 92' lang='lat' dir='ltr'><strong>et</strong></span> <span class='ocrx_word' id='word_1_99' title='bbox 875 1487 1129 1542; x_wconf 86' lang='lat' dir='ltr'><strong>voluntas</strong></span> <span class='ocrx_word' id='word_1_100' title='bbox 1159 1492 1212 1540; x_wconf 93' lang='lat' dir='ltr'><strong>et</strong></span> <span class='ocrx_word' id='word_1_101' title='bbox 1242 1499 1381 1554; x_wconf 83' lang='lat' dir='ltr'><strong>Opus</strong></span> <span class='ocrx_word' id='word_1_102' title='bbox 1410 1489 1494 1558; x_wconf 89' lang='lat' dir='ltr'><strong>est</strong></span> <span class='ocrx_word' id='word_1_103' title='bbox 1523 1496 1712 1537; x_wconf 89' lang='lat' dir='ltr'><strong>eorum</strong></span> <span class='ocrx_word' id='word_1_104' title='bbox 1745 1495 1865 1550; x_wconf 61' lang='lat' dir='ltr'><strong>quae</strong></span> <span class='ocrx_word' id='word_1_105' title='bbox 1893 1485 2020 1534; x_wconf 91' lang='lat' dir='ltr'><strong>sunt</strong></span> <span class='ocrx_word' id='word_1_106' title='bbox 2044 1477 2174 1542; x_wconf 87' lang='lat' dir='ltr'><strong>vita,</strong></span> 
     </span>
    </p>
   </div>
   <div class='ocr_carea' id='block_1_15' title="bbox 595 1565 2177 1652">
    <p class='ocr_par' dir='ltr' id='par_1_15' title="bbox 595 1565 2177 1652">
     <span class='ocr_line' id='line_1_15' title="bbox 595 1565 2177 1652; baseline -0.009 -17"><span class='ocrx_word' id='word_1_107' title='bbox 595 1597 639 1635; x_wconf 65' lang='grc' dir='ltr'><strong>ἰι</strong></span> <span class='ocrx_word' id='word_1_108' title='bbox 672 1581 782 1652; x_wconf 80' lang='lat' dir='ltr'><strong>qho</strong></span> <span class='ocrx_word' id='word_1_109' title='bbox 825 1579 988 1634; x_wconf 90' lang='lat' dir='ltr'><strong>etiam</strong></span> <span class='ocrx_word' id='word_1_110' title='bbox 1033 1577 1197 1629; x_wconf 91' lang='lat' dir='ltr'><strong>homo</strong></span> <span class='ocrx_word' id='word_1_111' title='bbox 1243 1573 1512 1628; x_wconf 91' lang='lat' dir='ltr'><strong>deductus</strong></span> <span class='ocrx_word' id='word_1_112' title='bbox 1554 1579 1638 1626; x_wconf 90' lang='lat' dir='ltr'><strong>est</strong></span> <span class='ocrx_word' id='word_1_113' title='bbox 1668 1569 1737 1624; x_wconf 89' lang='lat' dir='ltr'><strong>ad</strong></span> <span class='ocrx_word' id='word_1_114' title='bbox 1768 1569 1953 1628; x_wconf 78' lang='lat' dir='ltr'><strong>vitam,</strong></span> <span class='ocrx_word' id='word_1_115' title='bbox 1994 1565 2177 1620; x_wconf 87' lang='lat' dir='ltr'><strong>divine</strong></span> 
     </span>
    </p>
   </div>
   <div class='ocr_carea' id='block_1_16' title="bbox 595 1657 2173 1732">
    <p class='ocr_par' dir='ltr' id='par_1_16' title="bbox 595 1657 2173 1732">
     <span class='ocr_line' id='line_1_16' title="bbox 595 1657 2173 1732; baseline -0.011 -5"><span class='ocrx_word' id='word_1_116' title='bbox 595 1667 836 1727; x_wconf 81' lang='lat' dir='ltr'><strong>ornatus</strong></span> <span class='ocrx_word' id='word_1_117' title='bbox 881 1669 1043 1724; x_wconf 88' lang='lat' dir='ltr'><strong>rebus</strong></span> <span class='ocrx_word' id='word_1_118' title='bbox 1089 1665 1344 1720; x_wconf 91' lang='lat' dir='ltr'><strong>omnibus</strong></span> <span class='ocrx_word' id='word_1_119' title='bbox 1387 1662 1611 1732; x_wconf 87' lang='lat' dir='ltr'><strong>optimis</strong></span> <span class='ocrx_word' id='word_1_120' title='bbox 1666 1676 1731 1716; x_wconf 87' lang='lat' dir='ltr'><strong>ac</strong></span> <span class='ocrx_word' id='word_1_121' title='bbox 1774 1657 2173 1731; x_wconf 86' lang='lat' dir='ltr'><strong>pulcherrimis.</strong></span> 
     </span>
    </p>
   </div>
   <div class='ocr_carea' id='block_1_17' title="bbox 2269 564 3849 637">
    <p class='ocr_par' dir='ltr' id='par_1_17' title="bbox 2269 564 3849 637">
     <span class='ocr_line' id='line_1_17' title="bbox 2269 564 3849 637; baseline -0.001 -18"><span class='ocrx_word' id='word_1_122' title='bbox 2269 567 2378 619; x_wconf 89' lang='grc' dir='ltr'><strong>τῶν</strong></span> <span class='ocrx_word' id='word_1_123' title='bbox 2415 567 2472 619; x_wconf 81' lang='grc' dir='ltr'>ὲν</span> <span class='ocrx_word' id='word_1_124' title='bbox 2501 566 2578 636; x_wconf 80' lang='grc' dir='ltr'>τῷ</span> <span class='ocrx_word' id='word_1_125' title='bbox 2605 565 2874 637; x_wconf 81' lang='grc' dir='ltr'><strong>προοιμίῳ</strong></span> <span class='ocrx_word' id='word_1_126' title='bbox 2909 566 3045 637; x_wconf 84' lang='grc' dir='ltr'>πρὸς</span> <span class='ocrx_word' id='word_1_127' title='bbox 3082 565 3208 627; x_wconf 79' lang='grc' dir='ltr'>τοὺς</span> <span class='ocrx_word' id='word_1_128' title='bbox 3243 564 3511 634; x_wconf 82' lang='grc' dir='ltr'>’Έλληνας</span> <span class='ocrx_word' id='word_1_129' title='bbox 3541 567 3672 636; x_wconf 80' lang='grc' dir='ltr'>ἡμῖν</span> <span class='ocrx_word' id='word_1_130' title='bbox 3703 564 3849 618; x_wconf 76' lang='grc' dir='ltr'>διευο</span> 
     </span>
    </p>
   </div>
   <div class='ocr_carea' id='block_1_18' title="bbox 2271 652 3848 728">
    <p class='ocr_par' dir='ltr' id='par_1_18' title="bbox 2271 652 3848 728">
     <span class='ocr_line' id='line_1_18' title="bbox 2271 652 3848 728; baseline 0 -20"><span class='ocrx_word' id='word_1_131' title='bbox 2271 657 2633 728; x_wconf 85' lang='grc' dir='ltr'>κρινηθέντων</span> <span class='ocrx_word' id='word_1_132' title='bbox 2653 696 2668 721; x_wconf 90' lang='grc'><strong>,</strong></span> <span class='ocrx_word' id='word_1_133' title='bbox 2714 659 2772 710; x_wconf 81' lang='grc' dir='ltr'><strong>ὲν</strong></span> <span class='ocrx_word' id='word_1_134' title='bbox 2813 654 2892 719; x_wconf 77' lang='grc' dir='ltr'>οἷς</span> <span class='ocrx_word' id='word_1_135' title='bbox 2921 653 3274 709; x_wconf 79' lang='grc' dir='ltr'><strong>ἀπεδείκνυτο</strong></span> <span class='ocrx_word' id='word_1_136' title='bbox 3307 654 3335 706; x_wconf 86' lang='grc' dir='ltr'><strong>ό</strong></span> <span class='ocrx_word' id='word_1_137' title='bbox 3379 652 3472 706; x_wconf 74' lang='grc' dir='ltr'>τοῦ</span> <span class='ocrx_word' id='word_1_138' title='bbox 3505 653 3639 707; x_wconf 75' lang='grc' dir='ltr'>Θεοῦ</span> <span class='ocrx_word' id='word_1_139' title='bbox 3673 655 3848 723; x_wconf 79' lang='grc' dir='ltr'>Λόγος</span> 
     </span>
    </p>
   </div>
   <div class='ocr_carea' id='block_1_19' title="bbox 2271 741 3847 818">
    <p class='ocr_par' dir='ltr' id='par_1_19' title="bbox 2271 741 3847 818">
     <span class='ocr_line' id='line_1_19' title="bbox 2271 741 3847 818; baseline 0 -17"><span class='ocrx_word' id='word_1_140' title='bbox 2271 747 2537 818; x_wconf 81' lang='grc' dir='ltr'>οὺσιώδης</span> <span class='ocrx_word' id='word_1_141' title='bbox 2579 765 2663 811; x_wconf 87' lang='grc' dir='ltr'><strong>τις</strong></span> <span class='ocrx_word' id='word_1_142' title='bbox 2691 747 2786 801; x_wconf 76' lang='grc' dir='ltr'>καὶ</span> <span class='ocrx_word' id='word_1_143' title='bbox 2826 747 3188 810; x_wconf 80' lang='grc' dir='ltr'>ὲνυπόστατος</span> <span class='ocrx_word' id='word_1_144' title='bbox 3219 745 3314 813; x_wconf 85' lang='grc' dir='ltr'>ὣν,</span> <span class='ocrx_word' id='word_1_145' title='bbox 3366 746 3528 810; x_wconf 83' lang='grc' dir='ltr'>αὐτὸς</span> <span class='ocrx_word' id='word_1_146' title='bbox 3569 741 3708 801; x_wconf 72' lang='grc' dir='ltr'>εἶναι</span> <span class='ocrx_word' id='word_1_147' title='bbox 3751 749 3847 801; x_wconf 79' lang='grc' dir='ltr'>καὶ</span> 
     </span>
    </p>
   </div>
   <div class='ocr_carea' id='block_1_20' title="bbox 2273 839 3846 910">
    <p class='ocr_par' dir='ltr' id='par_1_20' title="bbox 2273 839 3846 910">
     <span class='ocr_line' id='line_1_20' title="bbox 2273 839 3846 910; baseline -0.001 -16"><span class='ocrx_word' id='word_1_148' title='bbox 2273 841 2404 904; x_wconf 91' lang='grc' dir='ltr'>Θεὸς</span> <span class='ocrx_word' id='word_1_149' title='bbox 2431 841 2525 894; x_wconf 72' lang='grc' dir='ltr'><strong>καὶ</strong></span> <span class='ocrx_word' id='word_1_150' title='bbox 2553 841 2744 908; x_wconf 85' lang='grc' dir='ltr'><strong>Λόγος,</strong></span> <span class='ocrx_word' id='word_1_151' title='bbox 2778 842 2956 894; x_wconf 81' lang='grc' dir='ltr'>πᾶσαν</span> <span class='ocrx_word' id='word_1_152' title='bbox 2984 839 3214 908; x_wconf 88' lang='grc' dir='ltr'>δύναμιν</span> <span class='ocrx_word' id='word_1_153' title='bbox 3247 839 3529 909; x_wconf 81' lang='grc' dir='ltr'>ποιητικὴν</span> <span class='ocrx_word' id='word_1_154' title='bbox 3561 840 3698 909; x_wconf 72' lang='grc' dir='ltr'>ὲμπε</span> <span class='ocrx_word' id='word_1_155' title='bbox 3712 857 3846 910; x_wconf 75' lang='lat' dir='ltr'><strong>ptat-</strong></span> 
     </span>
    </p>
   </div>
   <div class='ocr_carea' id='block_1_21' title="bbox 2273 927 3847 1001">
    <p class='ocr_par' dir='ltr' id='par_1_21' title="bbox 2273 927 3847 1001">
     <span class='ocr_line' id='line_1_21' title="bbox 2273 927 3847 1001; baseline 0 -19"><span class='ocrx_word' id='word_1_156' title='bbox 2273 929 2478 1001; x_wconf 84' lang='grc' dir='ltr'>ληφὼς,</span> <span class='ocrx_word' id='word_1_157' title='bbox 2525 929 2722 1000; x_wconf 83' lang='grc' dir='ltr'>μᾶλλον</span> <span class='ocrx_word' id='word_1_158' title='bbox 2765 929 2823 981; x_wconf 80' lang='grc' dir='ltr'>δὲ</span> <span class='ocrx_word' id='word_1_159' title='bbox 2867 928 3226 998; x_wconf 82' lang='grc' dir='ltr'>αύτοδύναμις</span> <span class='ocrx_word' id='word_1_160' title='bbox 3279 927 3375 992; x_wconf 81' lang='grc' dir='ltr'>ὢν,</span> <span class='ocrx_word' id='word_1_161' title='bbox 3426 931 3519 982; x_wconf 74' lang='grc' dir='ltr'><strong>καὶ</strong></span> <span class='ocrx_word' id='word_1_162' title='bbox 3550 929 3686 1000; x_wconf 88' lang='grc' dir='ltr'>πρὸς</span> <span class='ocrx_word' id='word_1_163' title='bbox 3737 933 3847 982; x_wconf 82' lang='grc' dir='ltr'><strong>πᾶν</strong></span> 
     </span>
    </p>
   </div>
   <div class='ocr_carea' id='block_1_22' title="bbox 2275 1016 3851 1094">
    <p class='ocr_par' dir='ltr' id='par_1_22' title="bbox 2275 1016 3851 1094">
     <span class='ocr_line' id='line_1_22' title="bbox 2275 1016 3851 1094; baseline -0.004 -19"><span class='ocrx_word' id='word_1_164' title='bbox 2275 1022 2434 1094; x_wconf 80' lang='grc' dir='ltr'><strong>ἔργον</strong></span> <span class='ocrx_word' id='word_1_165' title='bbox 2450 1021 2650 1090; x_wconf 88' lang='grc' dir='ltr'>ἀγαθὸν</span> <span class='ocrx_word' id='word_1_166' title='bbox 2675 1022 2738 1091; x_wconf 83' lang='grc' dir='ltr'><strong>ὁρ</strong></span> <span class='ocrx_word' id='word_1_167' title='bbox 2746 1019 2849 1091; x_wconf 80' lang='grc' dir='ltr'>μὴν</span> <span class='ocrx_word' id='word_1_168' title='bbox 2875 1019 3034 1090; x_wconf 78' lang='grc' dir='ltr'>ἔχων,</span> <span class='ocrx_word' id='word_1_169' title='bbox 3065 1019 3159 1071; x_wconf 73' lang='grc' dir='ltr'><strong>καὶ</strong></span> <span class='ocrx_word' id='word_1_170' title='bbox 3185 1020 3292 1072; x_wconf 85' lang='grc' dir='ltr'>πᾶν</span> <span class='ocrx_word' id='word_1_171' title='bbox 3319 1019 3346 1070; x_wconf 83' lang='grc' dir='ltr'><strong>ὃ</strong></span> <span class='ocrx_word' id='word_1_172' title='bbox 3365 1016 3418 1070; x_wconf 92' lang='grc' dir='ltr'><strong>τί</strong></span> <span class='ocrx_word' id='word_1_173' title='bbox 3441 1034 3545 1088; x_wconf 89' lang='grc' dir='ltr'><strong>περ</strong></span> <span class='ocrx_word' id='word_1_174' title='bbox 3560 1017 3625 1070; x_wconf 82' lang='grc' dir='ltr'><strong>ἂν</strong></span> <span class='ocrx_word' id='word_1_175' title='bbox 3645 1017 3851 1090; x_wconf 81' lang='grc' dir='ltr'>θελήσῃ</span> 
     </span>
    </p>
   </div>
   <div class='ocr_carea' id='block_1_23' title="bbox 2276 1108 3851 1184">
    <p class='ocr_par' dir='ltr' id='par_1_23' title="bbox 2276 1108 3851 1184">
     <span class='ocr_line' id='line_1_23' title="bbox 2276 1108 3851 1184; baseline -0.004 -17"><span class='ocrx_word' id='word_1_176' title='bbox 2276 1113 2781 1184; x_wconf 81' lang='grc' dir='ltr'>κατεργαζόμενος,</span> <span class='ocrx_word' id='word_1_177' title='bbox 2831 1110 2908 1181; x_wconf 80' lang='grc' dir='ltr'><strong>τῷ</strong></span> <span class='ocrx_word' id='word_1_178' title='bbox 2951 1109 3246 1181; x_wconf 84' lang='grc' dir='ltr'>σύνδρομον</span> <span class='ocrx_word' id='word_1_179' title='bbox 3296 1108 3441 1180; x_wconf 78' lang='grc' dir='ltr'>ἔχειν</span> <span class='ocrx_word' id='word_1_180' title='bbox 3489 1110 3554 1179; x_wconf 75' lang='grc' dir='ltr'>τῇ</span> <span class='ocrx_word' id='word_1_181' title='bbox 3597 1108 3851 1178; x_wconf 75' lang='grc' dir='ltr'>βουλήσει</span> 
     </span>
    </p>
   </div>
   <div class='ocr_carea' id='block_1_24' title="bbox 2274 1194 3851 1272">
    <p class='ocr_par' dir='ltr' id='par_1_24' title="bbox 2274 1194 3851 1272">
     <span class='ocr_line' id='line_1_24' title="bbox 2274 1194 3851 1272; baseline -0.004 -17"><span class='ocrx_word' id='word_1_182' title='bbox 2274 1201 2374 1272; x_wconf 80' lang='grc' dir='ltr'><strong>τὴν</strong></span> <span class='ocrx_word' id='word_1_183' title='bbox 2407 1202 2654 1272; x_wconf 87' lang='grc' dir='ltr'>δύναμιν,</span> <span class='ocrx_word' id='word_1_184' title='bbox 2691 1194 2751 1254; x_wconf 73' lang='grc' dir='ltr'><strong>οὗ</strong></span> <span class='ocrx_word' id='word_1_185' title='bbox 2781 1201 2875 1254; x_wconf 77' lang='grc' dir='ltr'><strong>καὶ</strong></span> <span class='ocrx_word' id='word_1_186' title='bbox 2903 1200 3113 1269; x_wconf 86' lang='grc' dir='ltr'>θέλημα</span> <span class='ocrx_word' id='word_1_187' title='bbox 3153 1198 3249 1252; x_wconf 73' lang='grc' dir='ltr'><strong>καὶ</strong></span> <span class='ocrx_word' id='word_1_188' title='bbox 3290 1198 3449 1269; x_wconf 77' lang='grc' dir='ltr'>ἔργον</span> <span class='ocrx_word' id='word_1_189' title='bbox 3479 1198 3625 1252; x_wconf 65' lang='grc' dir='ltr'>ἐστὶν</span> <span class='ocrx_word' id='word_1_190' title='bbox 3669 1199 3703 1268; x_wconf 79' lang='grc' dir='ltr'>ἡ</span> <span class='ocrx_word' id='word_1_191' title='bbox 3742 1198 3851 1249; x_wconf 77' lang='grc' dir='ltr'><strong>τῶν</strong></span> 
     </span>
    </p>
   </div>
   <div class='ocr_carea' id='block_1_25' title="bbox 2276 1287 3857 1365">
    <p class='ocr_par' dir='ltr' id='par_1_25' title="bbox 2276 1287 3857 1365">
     <span class='ocr_line' id='line_1_25' title="bbox 2276 1287 3857 1365; baseline -0.004 -17"><span class='ocrx_word' id='word_1_192' title='bbox 2276 1296 2444 1349; x_wconf 78' lang='grc' dir='ltr'>ὄντων</span> <span class='ocrx_word' id='word_1_193' title='bbox 2475 1293 2608 1364; x_wconf 80' lang='grc' dir='ltr'>ζωὴ,</span> <span class='ocrx_word' id='word_1_194' title='bbox 2645 1295 2772 1365; x_wconf 76' lang='grc' dir='ltr'>παρ’</span> <span class='ocrx_word' id='word_1_195' title='bbox 2806 1287 2868 1346; x_wconf 74' lang='grc' dir='ltr'>οὗ</span> <span class='ocrx_word' id='word_1_196' title='bbox 2895 1294 2989 1346; x_wconf 74' lang='grc' dir='ltr'>καὶ</span> <span class='ocrx_word' id='word_1_197' title='bbox 3015 1294 3043 1345; x_wconf 90' lang='grc' dir='ltr'><strong>ό</strong></span> <span class='ocrx_word' id='word_1_198' title='bbox 3074 1290 3355 1362; x_wconf 81' lang='grc' dir='ltr'>ἄνθρωπος</span> <span class='ocrx_word' id='word_1_199' title='bbox 3387 1292 3466 1352; x_wconf 85' lang='grc' dir='ltr'><strong>είς</strong></span> <span class='ocrx_word' id='word_1_200' title='bbox 3492 1289 3554 1343; x_wconf 90' lang='grc' dir='ltr'><strong>τὸ</strong></span> <span class='ocrx_word' id='word_1_201' title='bbox 3581 1290 3680 1361; x_wconf 79' lang='grc' dir='ltr'><strong>ζῇν</strong></span> <span class='ocrx_word' id='word_1_202' title='bbox 3711 1306 3857 1361; x_wconf 81' lang='grc' dir='ltr'>παρ-</span> 
     </span>
    </p>
   </div>
   <div class='ocr_carea' id='block_1_26' title="bbox 2278 1377 3852 1454">
    <p class='ocr_par' dir='ltr' id='par_1_26' title="bbox 2278 1377 3852 1454">
     <span class='ocr_line' id='line_1_26' title="bbox 2278 1377 3852 1454; baseline -0.003 -17"><span class='ocrx_word' id='word_1_203' title='bbox 2278 1383 2443 1454; x_wconf 62' lang='grc' dir='ltr'><strong>⁴ἢχθη,</strong></span> <span class='ocrx_word' id='word_1_204' title='bbox 2478 1387 2612 1438; x_wconf 81' lang='grc' dir='ltr'>πᾶσι</span> <span class='ocrx_word' id='word_1_205' title='bbox 2654 1385 2769 1446; x_wconf 87' lang='grc' dir='ltr'>τοῖς</span> <span class='ocrx_word' id='word_1_206' title='bbox 2803 1381 3107 1442; x_wconf 85' lang='grc' dir='ltr'>καλλίστοις</span> <span class='ocrx_word' id='word_1_207' title='bbox 3139 1377 3384 1440; x_wconf 87' lang='grc' dir='ltr'>θεοειδῶς</span> <span class='ocrx_word' id='word_1_208' title='bbox 3416 1377 3852 1448; x_wconf 79' lang='grc' dir='ltr'>κεκοσμημένος.</span> 
     </span>
    </p>
   </div>
   <div class='ocr_carea' id='block_1_27' title="bbox 2292 1462 3856 1541">
    <p class='ocr_par' dir='ltr' id='par_1_27' title="bbox 2292 1462 3856 1541">
     <span class='ocr_line' id='line_1_27' title="bbox 2292 1462 3856 1541; baseline -0.008 -15"><span class='ocrx_word' id='word_1_209' title='bbox 2292 1472 2509 1540; x_wconf 74' lang='grc' dir='ltr'>Ἐπειδὴ</span> <span class='ocrx_word' id='word_1_210' title='bbox 2541 1472 2595 1525; x_wconf 87' lang='grc' dir='ltr'>δὲ</span> <span class='ocrx_word' id='word_1_211' title='bbox 2636 1472 2794 1541; x_wconf 89' lang='grc' dir='ltr'>μόνον</span> <span class='ocrx_word' id='word_1_212' title='bbox 2835 1466 3185 1522; x_wconf 88' lang='grc' dir='ltr'>ἀναλλοίωτόν</span> <span class='ocrx_word' id='word_1_213' title='bbox 3223 1467 3338 1518; x_wconf 74' lang='grc' dir='ltr'>ἐστι</span> <span class='ocrx_word' id='word_1_214' title='bbox 3378 1463 3517 1517; x_wconf 88' lang='grc' dir='ltr'><strong>κατά</strong></span> <span class='ocrx_word' id='word_1_215' title='bbox 3554 1463 3654 1534; x_wconf 83' lang='grc' dir='ltr'><strong>τὴν</strong></span> <span class='ocrx_word' id='word_1_216' title='bbox 3691 1462 3856 1531; x_wconf 84' lang='grc' dir='ltr'>φύσιν</span> 
     </span>
    </p>
   </div>
   <div class='ocr_carea' id='block_1_28' title="bbox 2279 1545 3856 1636">
    <p class='ocr_par' dir='ltr' id='par_1_28' title="bbox 2279 1545 3856 1636">
     <span class='ocr_line' id='line_1_28' title="bbox 2279 1545 3856 1636; baseline -0.009 -17"><span class='ocrx_word' id='word_1_217' title='bbox 2279 1566 2340 1618; x_wconf 88' lang='grc' dir='ltr'><strong>τὸ</strong></span> <span class='ocrx_word' id='word_1_218' title='bbox 2377 1567 2450 1636; x_wconf 80' lang='grc' dir='ltr'>μὴ</span> <span class='ocrx_word' id='word_1_219' title='bbox 2482 1564 2570 1618; x_wconf 85' lang='grc' dir='ltr'>διὰ</span> <span class='ocrx_word' id='word_1_220' title='bbox 2597 1564 2827 1626; x_wconf 80' lang='grc' dir='ltr'>κτίσεως</span> <span class='ocrx_word' id='word_1_221' title='bbox 2853 1562 2972 1630; x_wconf 80' lang='grc' dir='ltr'>ἕχον</span> <span class='ocrx_word' id='word_1_222' title='bbox 3002 1559 3100 1628; x_wconf 77' lang='grc' dir='ltr'><strong>τὴν</strong></span> <span class='ocrx_word' id='word_1_223' title='bbox 3130 1545 3371 1626; x_wconf 82' lang='grc' dir='ltr'>γένεσιν,</span> <span class='ocrx_word' id='word_1_224' title='bbox 3401 1556 3470 1609; x_wconf 89' lang='grc' dir='ltr'><strong>τά</strong></span> <span class='ocrx_word' id='word_1_225' title='bbox 3493 1554 3550 1607; x_wconf 79' lang='grc' dir='ltr'>δὲ</span> <span class='ocrx_word' id='word_1_226' title='bbox 3579 1555 3678 1607; x_wconf 84' lang='grc' dir='ltr'><strong>ὅσα</strong></span> <span class='ocrx_word' id='word_1_227' title='bbox 3704 1555 3856 1624; x_wconf 86' lang='grc' dir='ltr'><strong>παρά</strong></span> 
     </span>
    </p>
   </div>
   <div class='ocr_carea' id='block_1_29' title="bbox 2281 1646 3856 1729">
    <p class='ocr_par' dir='ltr' id='par_1_29' title="bbox 2281 1646 3856 1729">
     <span class='ocr_line' id='line_1_29' title="bbox 2281 1646 3856 1729; baseline -0.009 -18"><span class='ocrx_word' id='word_1_228' title='bbox 2281 1659 2378 1729; x_wconf 83' lang='grc' dir='ltr'>τῆς</span> <span class='ocrx_word' id='word_1_229' title='bbox 2401 1656 2654 1710; x_wconf 90' lang='grc' dir='ltr'>ἀκτίστου</span> <span class='ocrx_word' id='word_1_230' title='bbox 2690 1655 2902 1723; x_wconf 89' lang='grc' dir='ltr'>φύσεως</span> <span class='ocrx_word' id='word_1_231' title='bbox 2927 1657 2991 1708; x_wconf 87' lang='grc' dir='ltr'>ὲκ</span> <span class='ocrx_word' id='word_1_232' title='bbox 3017 1653 3110 1707; x_wconf 82' lang='grc' dir='ltr'>τοῦ</span> <span class='ocrx_word' id='word_1_233' title='bbox 3146 1651 3220 1722; x_wconf 84' lang='grc' dir='ltr'>μὴ</span> <span class='ocrx_word' id='word_1_234' title='bbox 3258 1648 3406 1711; x_wconf 79' lang='grc' dir='ltr'>ὄντος</span> <span class='ocrx_word' id='word_1_235' title='bbox 3435 1647 3663 1714; x_wconf 82' lang='grc' dir='ltr'><strong>ὑπέστη,</strong></span> <span class='ocrx_word' id='word_1_236' title='bbox 3693 1646 3856 1709; x_wconf 76' lang='grc' dir='ltr'>εὐθὺς</span> 
     </span>
    </p>
   </div>
   <div class='ocr_carea' id='block_1_30' title="bbox 609 1739 2195 1830">
    <p class='ocr_par' dir='ltr' id='par_1_30' title="bbox 609 1749 2180 1830">
     <span class='ocr_line' id='line_1_30' title="bbox 609 1749 2180 1830; baseline -0.011 -13"><span class='ocrx_word' id='word_1_237' title='bbox 609 1762 877 1830; x_wconf 84' lang='lat' dir='ltr'><strong>Quoniam</strong></span> <span class='ocrx_word' id='word_1_238' title='bbox 913 1766 1093 1814; x_wconf 90' lang='lat' dir='ltr'><strong>autem</strong></span> <span class='ocrx_word' id='word_1_239' title='bbox 1138 1757 1313 1812; x_wconf 87' lang='lat' dir='ltr'><strong>solum</strong></span> <span class='ocrx_word' id='word_1_240' title='bbox 1346 1762 1433 1809; x_wconf 88' lang='lat' dir='ltr'><strong>est</strong></span> <span class='ocrx_word' id='word_1_241' title='bbox 1466 1751 1804 1808; x_wconf 89' lang='lat' dir='ltr'><strong>inalterabile</strong></span> <span class='ocrx_word' id='word_1_242' title='bbox 1843 1765 1908 1805; x_wconf 83' lang='lat' dir='ltr'><strong>ex</strong></span> <span class='ocrx_word' id='word_1_243' title='bbox 1961 1749 2028 1802; x_wconf 91' lang='lat' dir='ltr'><strong>iis</strong></span> <span class='ocrx_word' id='word_1_244' title='bbox 2058 1760 2180 1817; x_wconf 84' lang='lat' dir='ltr'><strong>quae</strong></span> 
     </span>
    </p>
   </div>
   <div class='ocr_carea' id='block_1_31' title="bbox 2298 1739 3858 1830">
    <p class='ocr_par' dir='ltr' id='par_1_31' title="bbox 2298 1739 3858 1819">
     <span class='ocr_line' id='line_1_31' title="bbox 2298 1739 3858 1819; baseline -0.008 -18"><span class='ocrx_word' id='word_1_245' title='bbox 2298 1749 2393 1802; x_wconf 75' lang='grc' dir='ltr'>Ξιπὸ</span> <span class='ocrx_word' id='word_1_246' title='bbox 2429 1745 2635 1819; x_wconf 79' lang='grc' dir='ltr'>τροπῆς</span> <span class='ocrx_word' id='word_1_247' title='bbox 2664 1741 2800 1798; x_wconf 84' lang='grc' dir='ltr'>εἶναι</span> <span class='ocrx_word' id='word_1_248' title='bbox 2831 1746 3130 1817; x_wconf 80' lang='grc' dir='ltr'>ἀρξάμενα,</span> <span class='ocrx_word' id='word_1_249' title='bbox 3165 1741 3396 1795; x_wconf 86' lang='grc' dir='ltr'>πάντοτε</span> <span class='ocrx_word' id='word_1_250' title='bbox 3426 1739 3491 1793; x_wconf 75' lang='grc' dir='ltr'>δι’</span> <span class='ocrx_word' id='word_1_251' title='bbox 3520 1739 3858 1801; x_wconf 83' lang='grc' dir='ltr'>ἀλλοιώσεως</span> 
     </span>
    </p>
   </div>
   <div class='ocr_carea' id='block_1_32' title="bbox 613 1807 2195 1917">
    <p class='ocr_par' dir='ltr' id='par_1_32' title="bbox 613 1807 2178 1917">
     <span class='ocr_line' id='line_1_32' title="bbox 616 1807 2092 1830; baseline -0.012 0"><span class='ocrx_word' id='word_1_252' title='bbox 616 1807 877 1830; x_wconf 73' lang='grc' dir='ltr'><strong>κ“ν···-··--</strong></span> <span class='ocrx_word' id='word_1_253' title='bbox 914 1807 1093 1814; x_wconf 63' lang='grc' dir='ltr'><strong><em>--τ--η</em></strong></span> <span class='ocrx_word' id='word_1_254' title='bbox 1616 1807 1622 1808; x_wconf 41' lang='grc' dir='ltr'><em>κ</em></span> <span class='ocrx_word' id='word_1_255' title='bbox 2076 1807 2092 1817; x_wconf 92' lang='grc'><strong>,</strong></span> 
     </span>
     <span class='ocr_line' id='line_1_33' title="bbox 613 1836 2178 1917; baseline -0.013 -9"><span class='ocrx_word' id='word_1_256' title='bbox 613 1859 743 1908; x_wconf 74' lang='lat' dir='ltr'><strong>sunt</strong></span> <span class='ocrx_word' id='word_1_257' title='bbox 775 1858 970 1906; x_wconf 89' lang='lat' dir='ltr'><strong>natura</strong></span> <span class='ocrx_word' id='word_1_258' title='bbox 1001 1846 1055 1902; x_wconf 90' lang='lat' dir='ltr'><strong>id</strong></span> <span class='ocrx_word' id='word_1_259' title='bbox 1087 1845 1234 1917; x_wconf 92' lang='lat' dir='ltr'><strong>quod</strong></span> <span class='ocrx_word' id='word_1_260' title='bbox 1264 1859 1360 1915; x_wconf 89' lang='lat' dir='ltr'><strong>per</strong></span> <span class='ocrx_word' id='word_1_261' title='bbox 1389 1843 1718 1898; x_wconf 85' lang='lat' dir='ltr'><strong>creationem</strong></span> <span class='ocrx_word' id='word_1_262' title='bbox 1747 1855 1856 1894; x_wconf 92' lang='lat' dir='ltr'><strong>non</strong></span> <span class='ocrx_word' id='word_1_263' title='bbox 1886 1837 2049 1892; x_wconf 82' lang='lat' dir='ltr'><strong>habet</strong></span> <span class='ocrx_word' id='word_1_264' title='bbox 2069 1836 2178 1892; x_wconf 83' lang='lat' dir='ltr'><strong>ori-</strong></span> 
     </span>
    </p>
   </div>
   <div class='ocr_carea' id='block_1_33' title="bbox 2298 1807 3858 1917">
    <p class='ocr_par' dir='ltr' id='par_1_33' title="bbox 2298 1807 3858 1912">
     <span class='ocr_line' id='line_1_34' title="bbox 2298 1807 3858 1912; baseline -0.008 -19"><span class='ocrx_word' id='word_1_265' title='bbox 2298 1807 2564 1912; x_wconf 75' lang='grc' dir='ltr'>πρόεισιν·</span> <span class='ocrx_word' id='word_1_266' title='bbox 2593 1807 2700 1891; x_wconf 45' lang='grc' dir='ltr'>’καὶ</span> <span class='ocrx_word' id='word_1_267' title='bbox 2729 1840 2776 1891; x_wconf 82' lang='grc' dir='ltr'><strong>εί</strong></span> <span class='ocrx_word' id='word_1_268' title='bbox 2813 1807 3090 1909; x_wconf 37' lang='grc' dir='ltr'>μέν-κατά</span> <span class='ocrx_word' id='word_1_269' title='bbox 3125 1833 3284 1902; x_wconf 86' lang='grc' dir='ltr'>φύσιν</span> <span class='ocrx_word' id='word_1_270' title='bbox 3328 1830 3588 1902; x_wconf 81' lang='grc' dir='ltr'>πράττοι,</span> <span class='ocrx_word' id='word_1_271' title='bbox 3619 1829 3758 1899; x_wconf 89' lang='grc' dir='ltr'>πρὸς</span> <span class='ocrx_word' id='word_1_272' title='bbox 3795 1830 3858 1881; x_wconf 89' lang='grc' dir='ltr'><strong>τὸ</strong></span> 
     </span>
    </p>
   </div>
   <div class='ocr_carea' id='block_1_34' title="bbox 614 1919 2195 2016">
    <p class='ocr_par' dir='ltr' id='par_1_34' title="bbox 614 1933 2182 2016">
     <span class='ocr_line' id='line_1_35' title="bbox 614 1933 2182 2016; baseline -0.013 -16"><span class='ocrx_word' id='word_1_273' title='bbox 614 1947 831 2016; x_wconf 75' lang='lat' dir='ltr'><strong>ginem;</strong></span> <span class='ocrx_word' id='word_1_274' title='bbox 881 1952 1221 2010; x_wconf 66' lang='lat' dir='ltr'><strong>quaecunque</strong></span> <span class='ocrx_word' id='word_1_275' title='bbox 1265 1942 1446 1990; x_wconf 90' lang='lat' dir='ltr'><strong>autem</strong></span> <span class='ocrx_word' id='word_1_276' title='bbox 1492 1934 1561 1988; x_wconf 88' lang='lat' dir='ltr'><strong>ab</strong></span> <span class='ocrx_word' id='word_1_277' title='bbox 1594 1933 1833 1987; x_wconf 87' lang='lat' dir='ltr'><strong>increata</strong></span> <span class='ocrx_word' id='word_1_278' title='bbox 1875 1937 2071 1983; x_wconf 88' lang='lat' dir='ltr'><strong>natura</strong></span> <span class='ocrx_word' id='word_1_279' title='bbox 2116 1941 2182 1980; x_wconf 75' lang='lat' dir='ltr'><strong>ex</strong></span> 
     </span>
    </p>
   </div>
   <div class='ocr_carea' id='block_1_35' title="bbox 2298 1919 3858 2016">
    <p class='ocr_par' dir='ltr' id='par_1_35' title="bbox 2298 1919 3858 2003">
     <span class='ocr_line' id='line_1_36' title="bbox 2298 1919 3858 2003; baseline -0.01 -18"><span class='ocrx_word' id='word_1_280' title='bbox 2298 1935 2531 2003; x_wconf 66' lang='grc' dir='ltr'>κρεῖττον</span> <span class='ocrx_word' id='word_1_281' title='bbox 2553 1930 2736 1992; x_wconf 82' lang='grc' dir='ltr'>αὐτοῖς</span> <span class='ocrx_word' id='word_1_282' title='bbox 2761 1929 2860 1999; x_wconf 85' lang='grc' dir='ltr'>τῆς</span> <span class='ocrx_word' id='word_1_283' title='bbox 2889 1926 3222 1989; x_wconf 84' lang='grc' dir='ltr'>ἀλλοιώσεως</span> <span class='ocrx_word' id='word_1_284' title='bbox 3251 1923 3425 1984; x_wconf 68' lang='grc' dir='ltr'>εἰσαεὶ</span> <span class='ocrx_word' id='word_1_285' title='bbox 3455 1919 3739 1991; x_wconf 80' lang='grc' dir='ltr'>γινομένης</span> <span class='ocrx_word' id='word_1_286' title='bbox 3758 1935 3774 1949; x_wconf 77' lang='grc' dir='ltr'><strong>ο</strong></span> <span class='ocrx_word' id='word_1_287' title='bbox 3807 1921 3858 1971; x_wconf 84' lang='grc' dir='ltr'><strong>εί</strong></span> 
     </span>
    </p>
   </div>
   <div class='ocr_carea' id='block_1_36' title="bbox 615 2020 2182 2105">
    <p class='ocr_par' dir='ltr' id='par_1_36' title="bbox 615 2020 2182 2105">
     <span class='ocr_line' id='line_1_37' title="bbox 615 2020 2182 2105; baseline -0.015 -12"><span class='ocrx_word' id='word_1_288' title='bbox 615 2053 682 2093; x_wconf 82' lang='lat' dir='ltr'><strong>eo</strong></span> <span class='ocrx_word' id='word_1_289' title='bbox 706 2033 852 2105; x_wconf 92' lang='lat' dir='ltr'><strong>quod</strong></span> <span class='ocrx_word' id='word_1_290' title='bbox 879 2047 989 2086; x_wconf 93' lang='lat' dir='ltr'><strong>non</strong></span> <span class='ocrx_word' id='word_1_291' title='bbox 1011 2038 1149 2092; x_wconf 89' lang='lat' dir='ltr'><strong>erat,</strong></span> <span class='ocrx_word' id='word_1_292' title='bbox 1175 2027 1560 2087; x_wconf 90' lang='lat' dir='ltr'><strong>constiterunt,</strong></span> <span class='ocrx_word' id='word_1_293' title='bbox 1595 2038 1718 2099; x_wconf 84' lang='lat' dir='ltr'><strong>cum</strong></span> <span class='ocrx_word' id='word_1_294' title='bbox 1749 2020 1934 2077; x_wconf 87' lang='lat' dir='ltr'><strong>statim</strong></span> <span class='ocrx_word' id='word_1_295' title='bbox 1983 2034 2014 2072; x_wconf 89' lang='lat' dir='ltr'><strong>a</strong></span> <span class='ocrx_word' id='word_1_296' title='bbox 2050 2033 2182 2093; x_wconf 67' lang='lat' dir='ltr'><strong>con:</strong></span> 
     </span>
    </p>
   </div>
   <div class='ocr_carea' id='block_1_37' title="bbox 614 2108 2187 2187">
    <p class='ocr_par' dir='ltr' id='par_1_37' title="bbox 614 2108 2187 2187">
     <span class='ocr_line' id='line_1_38' title="bbox 614 2108 2187 2187; baseline -0.015 -5"><span class='ocrx_word' id='word_1_297' title='bbox 614 2125 869 2182; x_wconf 86' lang='lat' dir='ltr'><strong>versione</strong></span> <span class='ocrx_word' id='word_1_298' title='bbox 897 2135 1020 2176; x_wconf 90' lang='lat' dir='ltr'><strong>esse</strong></span> <span class='ocrx_word' id='word_1_299' title='bbox 1045 2116 1332 2187; x_wconf 68' lang='lat' dir='ltr'><strong>coeperint,</strong></span> <span class='ocrx_word' id='word_1_300' title='bbox 1361 2129 1578 2184; x_wconf 88' lang='lat' dir='ltr'><strong>semper</strong></span> <span class='ocrx_word' id='word_1_301' title='bbox 1606 2110 1907 2182; x_wconf 87' lang='lat' dir='ltr'><strong>procedunt</strong></span> <span class='ocrx_word' id='word_1_302' title='bbox 1937 2121 2035 2180; x_wconf 90' lang='lat' dir='ltr'><strong>per</strong></span> <span class='ocrx_word' id='word_1_303' title='bbox 2059 2108 2187 2161; x_wconf 86' lang='lat' dir='ltr'><strong>alte-</strong></span> 
     </span>
    </p>
   </div>
   <div class='ocr_carea' id='block_1_38' title="bbox 615 2200 2186 2279">
    <p class='ocr_par' dir='ltr' id='par_1_38' title="bbox 615 2200 2186 2279">
     <span class='ocr_line' id='line_1_39' title="bbox 615 2200 2186 2279; baseline -0.013 -8"><span class='ocrx_word' id='word_1_304' title='bbox 615 2216 920 2279; x_wconf 84' lang='lat' dir='ltr'><strong>rationem;</strong></span> <span class='ocrx_word' id='word_1_305' title='bbox 951 2217 1005 2266; x_wconf 92' lang='lat' dir='ltr'><strong>et</strong></span> <span class='ocrx_word' id='word_1_306' title='bbox 1033 2209 1079 2264; x_wconf 90' lang='lat' dir='ltr'><strong>si</strong></span> <span class='ocrx_word' id='word_1_307' title='bbox 1115 2215 1276 2278; x_wconf 79' lang='lat' dir='ltr'><strong>agant</strong></span> <span class='ocrx_word' id='word_1_308' title='bbox 1295 2205 1552 2276; x_wconf 90' lang='lat' dir='ltr'><strong>quiddam</strong></span> <span class='ocrx_word' id='word_1_309' title='bbox 1587 2200 1889 2260; x_wconf 89' lang='lat' dir='ltr'><strong>secundum</strong></span> <span class='ocrx_word' id='word_1_310' title='bbox 1913 2207 2186 2263; x_wconf 90' lang='lat' dir='ltr'><strong>naturam,</strong></span> 
     </span>
    </p>
   </div>
   <div class='ocr_carea' id='block_1_39' title="bbox 617 2285 2189 2372">
    <p class='ocr_par' dir='ltr' id='par_1_39' title="bbox 617 2285 2189 2372">
     <span class='ocr_line' id='line_1_40' title="bbox 617 2285 2189 2372; baseline -0.014 -11"><span class='ocrx_word' id='word_1_311' title='bbox 617 2307 687 2361; x_wconf 86' lang='lat' dir='ltr'><strong>ad</strong></span> <span class='ocrx_word' id='word_1_312' title='bbox 721 2305 774 2359; x_wconf 89' lang='lat' dir='ltr'><strong>id</strong></span> <span class='ocrx_word' id='word_1_313' title='bbox 796 2302 942 2372; x_wconf 90' lang='lat' dir='ltr'><strong>quod</strong></span> <span class='ocrx_word' id='word_1_314' title='bbox 982 2307 1068 2356; x_wconf 90' lang='lat' dir='ltr'><strong>est</strong></span> <span class='ocrx_word' id='word_1_315' title='bbox 1094 2299 1290 2353; x_wconf 87' lang='lat' dir='ltr'><strong>melius</strong></span> <span class='ocrx_word' id='word_1_316' title='bbox 1321 2297 1402 2351; x_wconf 92' lang='lat' dir='ltr'><strong>eis</strong></span> <span class='ocrx_word' id='word_1_317' title='bbox 1435 2307 1647 2362; x_wconf 89' lang='lat' dir='ltr'><strong>semper</strong></span> <span class='ocrx_word' id='word_1_318' title='bbox 1689 2292 1746 2344; x_wconf 78' lang='lat' dir='ltr'><strong>tit</strong></span> <span class='ocrx_word' id='word_1_319' title='bbox 1789 2288 2054 2354; x_wconf 87' lang='lat' dir='ltr'><strong>mutatio;</strong></span> <span class='ocrx_word' id='word_1_320' title='bbox 2102 2285 2189 2341; x_wconf 88' lang='lat' dir='ltr'><strong>sin</strong></span> 
     </span>
    </p>
   </div>
   <div class='ocr_carea' id='block_1_40' title="bbox 619 2383 2189 2457">
    <p class='ocr_par' dir='ltr' id='par_1_40' title="bbox 619 2383 2189 2457">
     <span class='ocr_line' id='line_1_41' title="bbox 619 2383 2189 2457; baseline -0.013 -7"><span class='ocrx_word' id='word_1_321' title='bbox 619 2412 650 2449; x_wconf 91' lang='lat' dir='ltr'><strong>a</strong></span> <span class='ocrx_word' id='word_1_322' title='bbox 679 2402 829 2450; x_wconf 89' lang='lat' dir='ltr'><strong>recta</strong></span> <span class='ocrx_word' id='word_1_323' title='bbox 858 2390 1196 2452; x_wconf 77' lang='lat' dir='ltr'><strong>deﬂexerint,</strong></span> <span class='ocrx_word' id='word_1_324' title='bbox 1227 2387 1321 2457; x_wconf 90' lang='lat' dir='ltr'><strong>qui</strong></span> <span class='ocrx_word' id='word_1_325' title='bbox 1353 2386 1409 2439; x_wconf 82' lang='lat' dir='ltr'><strong>ﬁt</strong></span> <span class='ocrx_word' id='word_1_326' title='bbox 1438 2383 1506 2438; x_wconf 87' lang='lat' dir='ltr'><strong>ad</strong></span> <span class='ocrx_word' id='word_1_327' title='bbox 1537 2383 1875 2438; x_wconf 90' lang='lat' dir='ltr'><strong>contrarium</strong></span> <span class='ocrx_word' id='word_1_328' title='bbox 1909 2385 2091 2433; x_wconf 88' lang='lat' dir='ltr'><strong>motus</strong></span> <span class='ocrx_word' id='word_1_329' title='bbox 2124 2391 2189 2431; x_wconf 90' lang='lat' dir='ltr'><strong>ea</strong></span> 
     </span>
    </p>
   </div>
   <div class='ocr_carea' id='block_1_41' title="bbox 618 2474 2190 2554">
    <p class='ocr_par' dir='ltr' id='par_1_41' title="bbox 618 2474 2190 2554">
     <span class='ocr_line' id='line_1_42' title="bbox 618 2474 2190 2554; baseline -0.012 -12"><span class='ocrx_word' id='word_1_330' title='bbox 618 2499 833 2554; x_wconf 79' lang='lat' dir='ltr'><strong>semper</strong></span> <span class='ocrx_word' id='word_1_331' title='bbox 889 2482 1125 2551; x_wconf 78' lang='lat' dir='ltr'><strong>excipit;</strong></span> <span class='ocrx_word' id='word_1_332' title='bbox 1183 2494 1304 2535; x_wconf 91' lang='lat' dir='ltr'><strong>cum</strong></span> <span class='ocrx_word' id='word_1_333' title='bbox 1353 2491 1486 2547; x_wconf 75' lang='lat' dir='ltr'><strong>ergo</strong></span> <span class='ocrx_word' id='word_1_334' title='bbox 1536 2475 1590 2528; x_wconf 94' lang='lat' dir='ltr'><strong>in</strong></span> <span class='ocrx_word' id='word_1_335' title='bbox 1650 2474 1734 2528; x_wconf 89' lang='lat' dir='ltr'><strong>his</strong></span> <span class='ocrx_word' id='word_1_336' title='bbox 1781 2484 2000 2543; x_wconf 90' lang='lat' dir='ltr'><strong>quoque</strong></span> <span class='ocrx_word' id='word_1_337' title='bbox 2047 2474 2190 2524; x_wconf 82' lang='lat' dir='ltr'><strong>esset</strong></span> 
     </span>
    </p>
   </div>
   <div class='ocr_carea' id='block_1_42' title="bbox 623 2559 2190 2640">
    <p class='ocr_par' dir='ltr' id='par_1_42' title="bbox 623 2559 2190 2640">
     <span class='ocr_line' id='line_1_43' title="bbox 623 2559 2190 2640; baseline -0.012 -8"><span class='ocrx_word' id='word_1_338' title='bbox 623 2579 808 2640; x_wconf 85' lang='lat' dir='ltr'><strong>homo,</strong></span> <span class='ocrx_word' id='word_1_339' title='bbox 846 2573 934 2629; x_wconf 88' lang='lat' dir='ltr'><strong>cui</strong></span> <span class='ocrx_word' id='word_1_340' title='bbox 965 2581 1175 2627; x_wconf 76' lang='lat' dir='ltr'><strong>natura:</strong></span> <span class='ocrx_word' id='word_1_341' title='bbox 1214 2569 1548 2623; x_wconf 85' lang='lat' dir='ltr'><strong>mutabilitas</strong></span> <span class='ocrx_word' id='word_1_342' title='bbox 1575 2565 1782 2634; x_wconf 89' lang='lat' dir='ltr'><strong>dilapsa</strong></span> <span class='ocrx_word' id='word_1_343' title='bbox 1813 2570 1930 2619; x_wconf 88' lang='lat' dir='ltr'><strong>erat</strong></span> <span class='ocrx_word' id='word_1_344' title='bbox 1960 2559 2028 2614; x_wconf 92' lang='lat' dir='ltr'><strong>ad</strong></span> <span class='ocrx_word' id='word_1_345' title='bbox 2057 2574 2190 2614; x_wconf 89' lang='lat' dir='ltr'><strong>con-</strong></span> 
     </span>
    </p>
   </div>
   <div class='ocr_carea' id='block_1_43' title="bbox 622 2650 2191 2723">
    <p class='ocr_par' dir='ltr' id='par_1_43' title="bbox 622 2650 2191 2723">
     <span class='ocr_line' id='line_1_44' title="bbox 622 2650 2191 2723; baseline -0.011 -1"><span class='ocrx_word' id='word_1_346' title='bbox 622 2667 889 2723; x_wconf 85' lang='lat' dir='ltr'><strong>trarium:</strong></span> <span class='ocrx_word' id='word_1_347' title='bbox 921 2679 952 2718; x_wconf 89' lang='lat' dir='ltr'><strong>a</strong></span> <span class='ocrx_word' id='word_1_348' title='bbox 978 2663 1137 2717; x_wconf 89' lang='lat' dir='ltr'><strong>bonis</strong></span> <span class='ocrx_word' id='word_1_349' title='bbox 1172 2669 1354 2716; x_wconf 91' lang='lat' dir='ltr'><strong>autem</strong></span> <span class='ocrx_word' id='word_1_350' title='bbox 1386 2672 1638 2714; x_wconf 89' lang='lat' dir='ltr'><strong>recessus</strong></span> <span class='ocrx_word' id='word_1_351' title='bbox 1677 2663 1732 2710; x_wconf 92' lang='lat' dir='ltr'><strong>et</strong></span> <span class='ocrx_word' id='word_1_352' title='bbox 1773 2671 1802 2709; x_wconf 91' lang='lat' dir='ltr'><strong>a</strong></span> <span class='ocrx_word' id='word_1_353' title='bbox 1837 2650 2191 2722; x_wconf 83' lang='lat' dir='ltr'><strong>consequenti</strong></span> 
     </span>
    </p>
   </div>
   <div class='ocr_carea' id='block_1_44' title="bbox 623 2743 2192 2825">
    <p class='ocr_par' dir='ltr' id='par_1_44' title="bbox 623 2743 2192 2825">
     <span class='ocr_line' id='line_1_45' title="bbox 623 2743 2192 2825; baseline -0.01 -13"><span class='ocrx_word' id='word_1_354' title='bbox 623 2771 784 2812; x_wconf 90' lang='lat' dir='ltr'><strong>omne</strong></span> <span class='ocrx_word' id='word_1_355' title='bbox 807 2768 978 2825; x_wconf 75' lang='lat' dir='ltr'><strong>genus</strong></span> <span class='ocrx_word' id='word_1_356' title='bbox 1006 2751 1132 2805; x_wconf 88' lang='lat' dir='ltr'><strong>mali</strong></span> <span class='ocrx_word' id='word_1_357' title='bbox 1159 2751 1462 2814; x_wconf 89' lang='lat' dir='ltr'><strong>induceret,</strong></span> <span class='ocrx_word' id='word_1_358' title='bbox 1495 2748 1630 2802; x_wconf 88' lang='lat' dir='ltr'><strong>adeo</strong></span> <span class='ocrx_word' id='word_1_359' title='bbox 1648 2755 1706 2800; x_wconf 93' lang='lat' dir='ltr'><strong>ut</strong></span> <span class='ocrx_word' id='word_1_360' title='bbox 1731 2759 1828 2816; x_wconf 91' lang='lat' dir='ltr'><strong>per</strong></span> <span class='ocrx_word' id='word_1_361' title='bbox 1853 2743 2192 2799; x_wconf 86' lang='lat' dir='ltr'><strong>aversionem</strong></span> 
     </span>
    </p>
   </div>
   <div class='ocr_carea' id='block_1_45' title="bbox 623 2833 2195 2920">
    <p class='ocr_par' dir='ltr' id='par_1_45' title="bbox 623 2833 2195 2920">
     <span class='ocr_line' id='line_1_46' title="bbox 623 2833 2195 2920; baseline -0.011 -16"><span class='ocrx_word' id='word_1_362' title='bbox 623 2849 846 2920; x_wconf 84' lang='lat' dir='ltr'><strong>quidem</strong></span> <span class='ocrx_word' id='word_1_363' title='bbox 881 2863 910 2901; x_wconf 88' lang='lat' dir='ltr'><strong>a</strong></span> <span class='ocrx_word' id='word_1_364' title='bbox 941 2846 1072 2912; x_wconf 89' lang='lat' dir='ltr'><strong>vita,</strong></span> <span class='ocrx_word' id='word_1_365' title='bbox 1105 2845 1226 2914; x_wconf 88' lang='lat' dir='ltr'><strong>ejus</strong></span> <span class='ocrx_word' id='word_1_366' title='bbox 1274 2843 1396 2895; x_wconf 92' lang='lat' dir='ltr'><strong>loco</strong></span> <span class='ocrx_word' id='word_1_367' title='bbox 1422 2853 1570 2893; x_wconf 90' lang='lat' dir='ltr'><strong>mors</strong></span> <span class='ocrx_word' id='word_1_368' title='bbox 1598 2836 1934 2899; x_wconf 87' lang='lat' dir='ltr'><strong>succederet,</strong></span> <span class='ocrx_word' id='word_1_369' title='bbox 1967 2850 2061 2906; x_wconf 90' lang='lat' dir='ltr'><strong>per</strong></span> <span class='ocrx_word' id='word_1_370' title='bbox 2084 2833 2195 2904; x_wconf 87' lang='lat' dir='ltr'><strong>pri-</strong></span> 
     </span>
    </p>
   </div>
   <div class='ocr_carea' id='block_1_46' title="bbox 623 2929 2192 2999">
    <p class='ocr_par' dir='ltr' id='par_1_46' title="bbox 623 2929 2192 2999">
     <span class='ocr_line' id='line_1_47' title="bbox 623 2929 2192 2999; baseline -0.008 -5"><span class='ocrx_word' id='word_1_371' title='bbox 623 2939 900 2994; x_wconf 89' lang='lat' dir='ltr'><strong>vationem</strong></span> <span class='ocrx_word' id='word_1_372' title='bbox 926 2944 1106 2991; x_wconf 90' lang='lat' dir='ltr'><strong>autem</strong></span> <span class='ocrx_word' id='word_1_373' title='bbox 1130 2933 1291 2996; x_wconf 91' lang='lat' dir='ltr'><strong>lueis,</strong></span> <span class='ocrx_word' id='word_1_374' title='bbox 1329 2930 1602 2995; x_wconf 83' lang='lat' dir='ltr'><strong>tenebrae;</strong></span> <span class='ocrx_word' id='word_1_375' title='bbox 1631 2944 1729 2999; x_wconf 85' lang='lat' dir='ltr'><strong>pro</strong></span> <span class='ocrx_word' id='word_1_376' title='bbox 1751 2929 1995 2985; x_wconf 88' lang='lat' dir='ltr'><strong>absentia</strong></span> <span class='ocrx_word' id='word_1_377' title='bbox 2013 2935 2192 2982; x_wconf 90' lang='lat' dir='ltr'><strong>autem</strong></span> 
     </span>
    </p>
   </div>
   <div class='ocr_carea' id='block_1_47' title="bbox 627 3019 2197 3094">
    <p class='ocr_par' dir='ltr' id='par_1_47' title="bbox 627 3019 2197 3094">
     <span class='ocr_line' id='line_1_48' title="bbox 627 3019 2197 3094; baseline -0.009 -9"><span class='ocrx_word' id='word_1_378' title='bbox 627 3031 866 3094; x_wconf 91' lang='lat' dir='ltr'><strong>virtutis,</strong></span> <span class='ocrx_word' id='word_1_379' title='bbox 903 3027 1252 3082; x_wconf 86' lang='lat' dir='ltr'><strong>inveheretur</strong></span> <span class='ocrx_word' id='word_1_380' title='bbox 1285 3022 1516 3076; x_wconf 90' lang='lat' dir='ltr'><strong>vitium:</strong></span> <span class='ocrx_word' id='word_1_381' title='bbox 1563 3021 1620 3074; x_wconf 90' lang='lat' dir='ltr'><strong>in</strong></span> <span class='ocrx_word' id='word_1_382' title='bbox 1650 3019 1828 3074; x_wconf 89' lang='lat' dir='ltr'><strong>locum</strong></span> <span class='ocrx_word' id='word_1_383' title='bbox 1864 3027 2044 3074; x_wconf 88' lang='lat' dir='ltr'><strong>autem</strong></span> <span class='ocrx_word' id='word_1_384' title='bbox 2079 3033 2197 3072; x_wconf 89' lang='lat' dir='ltr'><strong>om-</strong></span> 
     </span>
    </p>
   </div>
   <div class='ocr_carea' id='block_1_48' title="bbox 2285 2006 3857 2094">
    <p class='ocr_par' dir='ltr' id='par_1_48' title="bbox 2285 2006 3857 2094">
     <span class='ocr_line' id='line_1_49' title="bbox 2285 2006 3857 2094; baseline -0.01 -17"><span class='ocrx_word' id='word_1_385' title='bbox 2285 2024 2342 2077; x_wconf 78' lang='grc' dir='ltr'><strong>δὲ</strong></span> <span class='ocrx_word' id='word_1_386' title='bbox 2377 2021 2762 2094; x_wconf 80' lang='grc' dir='ltr'>παρατραπείη</span> <span class='ocrx_word' id='word_1_387' title='bbox 2797 2023 2896 2091; x_wconf 79' lang='grc' dir='ltr'><strong>τῆς</strong></span> <span class='ocrx_word' id='word_1_388' title='bbox 2929 2017 3162 2084; x_wconf 78' lang='grc' dir='ltr'>εὐθείας,</span> <span class='ocrx_word' id='word_1_389' title='bbox 3205 2019 3304 2088; x_wconf 82' lang='grc' dir='ltr'><strong>τῆς</strong></span> <span class='ocrx_word' id='word_1_390' title='bbox 3337 2014 3471 2088; x_wconf 87' lang='grc' dir='ltr'>πρὸς</span> <span class='ocrx_word' id='word_1_391' title='bbox 3511 2013 3572 2066; x_wconf 90' lang='grc' dir='ltr'><strong>τὸ</strong></span> <span class='ocrx_word' id='word_1_392' title='bbox 3611 2006 3857 2071; x_wconf 75' lang='grc' dir='ltr'>ἐναντίον</span> 
     </span>
    </p>
   </div>
   <div class='ocr_carea' id='block_1_49' title="bbox 2289 2100 3860 2183">
    <p class='ocr_par' dir='ltr' id='par_1_49' title="bbox 2289 2100 3860 2183">
     <span class='ocr_line' id='line_1_50' title="bbox 2289 2100 3860 2183; baseline -0.01 -15"><span class='ocrx_word' id='word_1_393' title='bbox 2289 2115 2428 2168; x_wconf 81' lang='grc' dir='ltr'>αὐτὰ</span> <span class='ocrx_word' id='word_1_394' title='bbox 2474 2112 2860 2183; x_wconf 85' lang='grc' dir='ltr'>διαδεχομένης</span> <span class='ocrx_word' id='word_1_395' title='bbox 2896 2111 3181 2181; x_wconf 84' lang='grc' dir='ltr'>κινήσεως.</span> <span class='ocrx_word' id='word_1_396' title='bbox 3227 2107 3379 2162; x_wconf 77' lang='grc' dir='ltr'>Ἐπεὶ</span> <span class='ocrx_word' id='word_1_397' title='bbox 3411 2100 3502 2160; x_wconf 77' lang='grc' dir='ltr'><strong>οὖν</strong></span> <span class='ocrx_word' id='word_1_398' title='bbox 3546 2105 3604 2159; x_wconf 80' lang='grc' dir='ltr'>ὲν</span> <span class='ocrx_word' id='word_1_399' title='bbox 3648 2101 3860 2162; x_wconf 83' lang='grc' dir='ltr'>τούτοις</span> 
     </span>
    </p>
   </div>
   <div class='ocr_carea' id='block_1_50' title="bbox 2291 2191 3862 2278">
    <p class='ocr_par' dir='ltr' id='par_1_50' title="bbox 2291 2191 3862 2278">
     <span class='ocr_line' id='line_1_51' title="bbox 2291 2191 3862 2278; baseline -0.009 -19"><span class='ocrx_word' id='word_1_400' title='bbox 2291 2206 2384 2259; x_wconf 66' lang='grc' dir='ltr'>καὶ</span> <span class='ocrx_word' id='word_1_401' title='bbox 2424 2205 2453 2258; x_wconf 89' lang='grc' dir='ltr'>ὁ</span> <span class='ocrx_word' id='word_1_402' title='bbox 2479 2203 2763 2276; x_wconf 79' lang='grc' dir='ltr'>ἄνθρωπος</span> <span class='ocrx_word' id='word_1_403' title='bbox 2789 2198 2877 2273; x_wconf 80' lang='grc' dir='ltr'>ἦν,</span> <span class='ocrx_word' id='word_1_404' title='bbox 2981 2201 3043 2254; x_wconf 91' lang='grc' dir='ltr'><strong>τὸ</strong></span> <span class='ocrx_word' id='word_1_405' title='bbox 3072 2199 3304 2272; x_wconf 86' lang='grc' dir='ltr'>τρεπτὸν</span> <span class='ocrx_word' id='word_1_406' title='bbox 3343 2199 3442 2267; x_wconf 83' lang='grc' dir='ltr'>τῆς</span> <span class='ocrx_word' id='word_1_407' title='bbox 3481 2196 3696 2265; x_wconf 84' lang='grc' dir='ltr'>φύσεως</span> <span class='ocrx_word' id='word_1_408' title='bbox 3725 2191 3862 2263; x_wconf 87' lang='grc' dir='ltr'>πρὸς</span> 
     </span>
    </p>
   </div>
   <div class='ocr_carea' id='block_1_51' title="bbox 2290 2283 3862 2366">
    <p class='ocr_par' dir='ltr' id='par_1_51' title="bbox 2290 2283 3862 2366">
     <span class='ocr_line' id='line_1_52' title="bbox 2290 2283 3862 2366; baseline -0.01 -15"><span class='ocrx_word' id='word_1_409' title='bbox 2290 2298 2353 2351; x_wconf 91' lang='grc' dir='ltr'><strong>τὸ</strong></span> <span class='ocrx_word' id='word_1_410' title='bbox 2393 2295 2631 2350; x_wconf 75' lang='grc' dir='ltr'>ἐναντίον</span> <span class='ocrx_word' id='word_1_411' title='bbox 2680 2292 3049 2366; x_wconf 82' lang='grc' dir='ltr'>παρώλισθεν·</span> <span class='ocrx_word' id='word_1_412' title='bbox 3081 2289 3226 2356; x_wconf 75' lang='grc' dir='ltr'>ἅπαξ</span> <span class='ocrx_word' id='word_1_413' title='bbox 3259 2289 3315 2341; x_wconf 83' lang='grc' dir='ltr'>δὲ</span> <span class='ocrx_word' id='word_1_414' title='bbox 3354 2288 3453 2359; x_wconf 85' lang='grc' dir='ltr'><strong>τῆς</strong></span> <span class='ocrx_word' id='word_1_415' title='bbox 3484 2285 3593 2339; x_wconf 88' lang='grc' dir='ltr'><strong>τῶν</strong></span> <span class='ocrx_word' id='word_1_416' title='bbox 3637 2283 3862 2352; x_wconf 81' lang='grc' dir='ltr'>ἀγαθῶν</span> 
     </span>
    </p>
   </div>
   <div class='ocr_carea' id='block_1_52' title="bbox 2291 2375 3864 2462">
    <p class='ocr_par' dir='ltr' id='par_1_52' title="bbox 2291 2375 3864 2462">
     <span class='ocr_line' id='line_1_53' title="bbox 2291 2375 3864 2462; baseline -0.01 -20"><span class='ocrx_word' id='word_1_417' title='bbox 2291 2389 2692 2460; x_wconf 83' lang='grc' dir='ltr'>ἀναχωρήσεως</span> <span class='ocrx_word' id='word_1_418' title='bbox 2722 2386 2788 2440; x_wconf 78' lang='grc' dir='ltr'>δι’</span> <span class='ocrx_word' id='word_1_419' title='bbox 2815 2382 3106 2462; x_wconf 77' lang='grc' dir='ltr'>ἀκρλούθου</span> <span class='ocrx_word' id='word_1_420' title='bbox 3134 2383 3310 2435; x_wconf 82' lang='grc' dir='ltr'>πᾶσαν</span> <span class='ocrx_word' id='word_1_421' title='bbox 3343 2377 3483 2432; x_wconf 71' lang='grc' dir='ltr'>ἰδέαν</span> <span class='ocrx_word' id='word_1_422' title='bbox 3507 2375 3696 2430; x_wconf 82' lang='grc' dir='ltr'>κακῶν</span> <span class='ocrx_word' id='word_1_423' title='bbox 3731 2375 3864 2428; x_wconf 82' lang='grc' dir='ltr'>ἀντ-</span> 
     </span>
    </p>
   </div>
   <div class='ocr_carea' id='block_1_53' title="bbox 2292 2465 3863 2548">
    <p class='ocr_par' dir='ltr' id='par_1_53' title="bbox 2292 2465 3863 2548">
     <span class='ocr_line' id='line_1_54' title="bbox 2292 2465 3863 2548; baseline -0.01 -15"><span class='ocrx_word' id='word_1_424' title='bbox 2292 2479 2638 2548; x_wconf 85' lang='grc' dir='ltr'>εισαγούσης,</span> <span class='ocrx_word' id='word_1_425' title='bbox 2687 2479 2763 2542; x_wconf 84' lang='grc' dir='ltr'>ὡς</span> <span class='ocrx_word' id='word_1_426' title='bbox 2792 2479 2858 2548; x_wconf 80' lang='grc' dir='ltr'>τῇ</span> <span class='ocrx_word' id='word_1_427' title='bbox 2909 2475 3007 2547; x_wconf 81' lang='grc' dir='ltr'>μὲν</span> <span class='ocrx_word' id='word_1_428' title='bbox 3039 2475 3352 2546; x_wconf 79' lang='grc' dir='ltr'>ἀποστροφῇ</span> <span class='ocrx_word' id='word_1_429' title='bbox 3399 2471 3498 2539; x_wconf 83' lang='grc' dir='ltr'>τῆς</span> <span class='ocrx_word' id='word_1_430' title='bbox 3543 2467 3688 2539; x_wconf 80' lang='grc' dir='ltr'>ζωῆς</span> <span class='ocrx_word' id='word_1_431' title='bbox 3737 2465 3863 2519; x_wconf 80' lang='grc' dir='ltr'>ἀντ-</span> 
     </span>
    </p>
   </div>
   <div class='ocr_carea' id='block_1_54' title="bbox 2295 2554 3864 2641">
    <p class='ocr_par' dir='ltr' id='par_1_54' title="bbox 2295 2554 3864 2641">
     <span class='ocr_line' id='line_1_55' title="bbox 2295 2554 3864 2641; baseline -0.011 -17"><span class='ocrx_word' id='word_1_432' title='bbox 2295 2570 2611 2641; x_wconf 83' lang='grc' dir='ltr'>εισαχθῆναι</span> <span class='ocrx_word' id='word_1_433' title='bbox 2641 2569 2732 2622; x_wconf 90' lang='grc' dir='ltr'><strong>τὸν</strong></span> <span class='ocrx_word' id='word_1_434' title='bbox 2762 2568 2986 2621; x_wconf 86' lang='grc' dir='ltr'>θάνατον</span> <span class='ocrx_word' id='word_1_435' title='bbox 3007 2604 3023 2630; x_wconf 96' lang='grc'><strong>,</strong></span> <span class='ocrx_word' id='word_1_436' title='bbox 3057 2567 3123 2634; x_wconf 83' lang='grc' dir='ltr'>τῇ</span> <span class='ocrx_word' id='word_1_437' title='bbox 3153 2563 3208 2616; x_wconf 82' lang='grc' dir='ltr'>δὲ</span> <span class='ocrx_word' id='word_1_438' title='bbox 3251 2559 3500 2632; x_wconf 88' lang='grc' dir='ltr'>στερήσει</span> <span class='ocrx_word' id='word_1_439' title='bbox 3529 2557 3624 2611; x_wconf 83' lang='grc' dir='ltr'>τοῦ</span> <span class='ocrx_word' id='word_1_440' title='bbox 3661 2554 3864 2626; x_wconf 88' lang='grc' dir='ltr'>φωτὸς,</span> 
     </span>
    </p>
   </div>
   <div class='ocr_carea' id='block_1_55' title="bbox 2296 2644 3864 2730">
    <p class='ocr_par' dir='ltr' id='par_1_55' title="bbox 2296 2644 3864 2730">
     <span class='ocr_line' id='line_1_56' title="bbox 2296 2644 3864 2730; baseline -0.012 -15"><span class='ocrx_word' id='word_1_441' title='bbox 2296 2659 2639 2730; x_wconf 71' lang='grc' dir='ltr'>ἐπιγενέσθαι</span> <span class='ocrx_word' id='word_1_442' title='bbox 2681 2659 2740 2712; x_wconf 89' lang='grc' dir='ltr'><strong>τὸ</strong></span> <span class='ocrx_word' id='word_1_443' title='bbox 2771 2658 2991 2720; x_wconf 78' lang='grc' dir='ltr'>σκότος,</span> <span class='ocrx_word' id='word_1_444' title='bbox 3021 2657 3089 2726; x_wconf 80' lang='grc' dir='ltr'>τῇ</span> <span class='ocrx_word' id='word_1_445' title='bbox 3119 2653 3176 2707; x_wconf 76' lang='grc' dir='ltr'>δὲ</span> <span class='ocrx_word' id='word_1_446' title='bbox 3219 2653 3317 2723; x_wconf 82' lang='grc' dir='ltr'><strong>τῆς</strong></span> <span class='ocrx_word' id='word_1_447' title='bbox 3359 2649 3558 2722; x_wconf 86' lang='grc' dir='ltr'>ἀρετῆς</span> <span class='ocrx_word' id='word_1_448' title='bbox 3600 2644 3864 2714; x_wconf 77' lang='grc' dir='ltr'>ἀπουσίᾳ,</span> 
     </span>
    </p>
   </div>
   <div class='ocr_carea' id='block_1_56' title="bbox 2295 2733 3869 2827">
    <p class='ocr_par' dir='ltr' id='par_1_56' title="bbox 2295 2733 3869 2827">
     <span class='ocr_line' id='line_1_57' title="bbox 2295 2733 3869 2827; baseline -0.015 -17"><span class='ocrx_word' id='word_1_449' title='bbox 2295 2756 2395 2827; x_wconf 82' lang='grc' dir='ltr'>τὴν</span> <span class='ocrx_word' id='word_1_450' title='bbox 2425 2752 2624 2808; x_wconf 83' lang='grc' dir='ltr'>κακίαν</span> <span class='ocrx_word' id='word_1_451' title='bbox 2649 2747 3062 2820; x_wconf 83' lang='grc' dir='ltr'>ἀντεισαχθῆναι</span> <span class='ocrx_word' id='word_1_452' title='bbox 3082 2785 3097 2811; x_wconf 95' lang='grc'><strong>,</strong></span> <span class='ocrx_word' id='word_1_453' title='bbox 3126 2744 3218 2800; x_wconf 68' lang='grc' dir='ltr'><strong>καλ⁵</strong></span> <span class='ocrx_word' id='word_1_454' title='bbox 3246 2743 3392 2812; x_wconf 80' lang='grc' dir='ltr'>πάσῃ</span> <span class='ocrx_word' id='word_1_455' title='bbox 3417 2742 3483 2810; x_wconf 81' lang='grc' dir='ltr'>τῇ</span> <span class='ocrx_word' id='word_1_456' title='bbox 3509 2737 3619 2791; x_wconf 87' lang='grc' dir='ltr'><strong>τῶν</strong></span> <span class='ocrx_word' id='word_1_457' title='bbox 3644 2733 3869 2804; x_wconf 84' lang='grc' dir='ltr'>ἀγαθῶν</span> 
     </span>
    </p>
   </div>
   <div class='ocr_carea' id='block_1_57' title="bbox 2294 2826 3870 2910">
    <p class='ocr_par' dir='ltr' id='par_1_57' title="bbox 2294 2826 3870 2910">
     <span class='ocr_line' id='line_1_58' title="bbox 2294 2826 3870 2910; baseline -0.015 -9"><span class='ocrx_word' id='word_1_458' title='bbox 2294 2826 2385 2900; x_wconf 77' lang='grc' dir='ltr'><strong>τὸν</strong></span> <span class='ocrx_word' id='word_1_459' title='bbox 2409 2845 2518 2898; x_wconf 88' lang='grc' dir='ltr'><strong>τῶν</strong></span> <span class='ocrx_word' id='word_1_460' title='bbox 2544 2842 2800 2898; x_wconf 77' lang='grc' dir='ltr'>ἐναντίων</span> <span class='ocrx_word' id='word_1_461' title='bbox 2835 2835 3307 2910; x_wconf 78' lang='grc' dir='ltr'>καταριθμηθῆναι</span> <span class='ocrx_word' id='word_1_462' title='bbox 3332 2831 3651 2898; x_wconf 86' lang='grc' dir='ltr'>κατάλογον·</span> <span class='ocrx_word' id='word_1_463' title='bbox 3676 2826 3775 2880; x_wconf 92' lang='grc' dir='ltr'><strong>τὸν</strong></span> <span class='ocrx_word' id='word_1_464' title='bbox 3810 2827 3870 2878; x_wconf 80' lang='grc' dir='ltr'><strong>έν</strong></span> 
     </span>
    </p>
   </div>
   <div class='ocr_carea' id='block_1_58' title="bbox 2297 2916 3869 2999">
    <p class='ocr_par' dir='ltr' id='par_1_58' title="bbox 2297 2916 3869 2999">
     <span class='ocr_line' id='line_1_59' title="bbox 2297 2916 3869 2999; baseline -0.015 -8"><span class='ocrx_word' id='word_1_465' title='bbox 2297 2936 2506 2999; x_wconf 82' lang='grc' dir='ltr'>τούτοις</span> <span class='ocrx_word' id='word_1_466' title='bbox 2537 2935 2631 2988; x_wconf 76' lang='grc' dir='ltr'>καὶ</span> <span class='ocrx_word' id='word_1_467' title='bbox 2671 2934 2784 2995; x_wconf 82' lang='grc' dir='ltr'>τοῖς</span> <span class='ocrx_word' id='word_1_468' title='bbox 2813 2927 3071 2990; x_wconf 86' lang='grc' dir='ltr'>τοιούτοις</span> <span class='ocrx_word' id='word_1_469' title='bbox 3103 2924 3161 2990; x_wconf 76' lang='grc' dir='ltr'>ἐξ</span> <span class='ocrx_word' id='word_1_470' title='bbox 3187 2921 3442 2984; x_wconf 79' lang='grc' dir='ltr'>ἀϐουλίας</span> <span class='ocrx_word' id='word_1_471' title='bbox 3472 2916 3869 2991; x_wconf 72' lang='grc' dir='ltr'>ἐμπεπτωκότα</span> 
     </span>
    </p>
   </div>
   <div class='ocr_carea' id='block_1_59' title="bbox 2303 3008 3872 3099">
    <p class='ocr_par' dir='ltr' id='par_1_59' title="bbox 2303 3008 3872 3099">
     <span class='ocr_line' id='line_1_60' title="bbox 2303 3008 3872 3099; baseline -0.017 -16"><span class='ocrx_word' id='word_1_472' title='bbox 2303 3027 2442 3099; x_wconf 73' lang='grc' dir='ltr'>(οὐδὲ</span> <span class='ocrx_word' id='word_1_473' title='bbox 2464 3026 2572 3097; x_wconf 89' lang='grc' dir='ltr'>γὰρ</span> <span class='ocrx_word' id='word_1_474' title='bbox 2595 3019 2661 3096; x_wconf 82' lang='grc' dir='ltr'>ἦν</span> <span class='ocrx_word' id='word_1_475' title='bbox 2679 3020 2903 3077; x_wconf 88' lang='grc' dir='ltr'>δυνατὸν</span> <span class='ocrx_word' id='word_1_476' title='bbox 2923 3021 2980 3072; x_wconf 83' lang='grc' dir='ltr'>ὲν</span> <span class='ocrx_word' id='word_1_477' title='bbox 3006 3017 3266 3089; x_wconf 80' lang='grc' dir='ltr'>φρονήσει</span> <span class='ocrx_word' id='word_1_478' title='bbox 3285 3008 3423 3067; x_wconf 75' lang='grc' dir='ltr'>εἶναι</span> <span class='ocrx_word' id='word_1_479' title='bbox 3443 3011 3532 3063; x_wconf 88' lang='grc' dir='ltr'><strong>τὸν</strong></span> <span class='ocrx_word' id='word_1_480' title='bbox 3553 3009 3872 3077; x_wconf 88' lang='grc' dir='ltr'>ἀπεστραμ-</span> 
     </span>
    </p>
   </div>
   <div class='ocr_carea' id='block_1_60' title="bbox 627 3097 2195 3205">
    <p class='ocr_par' dir='ltr' id='par_1_60' title="bbox 627 3103 2193 3177">
     <span class='ocr_line' id='line_1_61' title="bbox 627 3103 2193 3177; baseline -0.01 0"><span class='ocrx_word' id='word_1_481' title='bbox 627 3125 781 3177; x_wconf 88' lang='lat' dir='ltr'><strong>nium</strong></span> <span class='ocrx_word' id='word_1_482' title='bbox 820 3121 1090 3176; x_wconf 89' lang='lat' dir='ltr'><strong>bonorum</strong></span> <span class='ocrx_word' id='word_1_483' title='bbox 1114 3113 1413 3175; x_wconf 75' lang='lat' dir='ltr'><strong>referretur</strong></span> <span class='ocrx_word' id='word_1_484' title='bbox 1447 3103 1708 3168; x_wconf 84' lang='lat' dir='ltr'><strong>numerus</strong></span> <span class='ocrx_word' id='word_1_485' title='bbox 1758 3110 2193 3166; x_wconf 87' lang='lat' dir='ltr'><strong>contrariorum:</strong></span> 
     </span>
    </p>
   </div>
   <div class='ocr_carea' id='block_1_61' title="bbox 2298 3097 3872 3205">
    <p class='ocr_par' dir='ltr' id='par_1_61' title="bbox 2307 3097 3872 3191">
     <span class='ocr_line' id='line_1_62' title="bbox 2307 3097 3872 3191; baseline -0.014 -18"><span class='ocrx_word' id='word_1_486' title='bbox 2307 3097 2466 3191; x_wconf 85' lang='grc' dir='ltr'>μένον</span> <span class='ocrx_word' id='word_1_487' title='bbox 2495 3118 2593 3188; x_wconf 85' lang='grc' dir='ltr'>τὴν</span> <span class='ocrx_word' id='word_1_488' title='bbox 2625 3115 2884 3186; x_wconf 87' lang='grc' dir='ltr'>φρόνησιν</span> <span class='ocrx_word' id='word_1_489' title='bbox 2903 3153 2918 3179; x_wconf 91' lang='grc'><strong>,</strong></span> <span class='ocrx_word' id='word_1_490' title='bbox 2949 3109 3042 3163; x_wconf 72' lang='grc' dir='ltr'><strong>καὶ</strong></span> <span class='ocrx_word' id='word_1_491' title='bbox 3074 3107 3231 3176; x_wconf 87' lang='grc' dir='ltr'>σοφόν</span> <span class='ocrx_word' id='word_1_492' title='bbox 3261 3123 3313 3158; x_wconf 91' lang='grc' dir='ltr'><strong>τι</strong></span> <span class='ocrx_word' id='word_1_493' title='bbox 3353 3100 3742 3173; x_wconf 84' lang='grc' dir='ltr'>βουλεύσασθαι</span> <span class='ocrx_word' id='word_1_494' title='bbox 3781 3097 3872 3151; x_wconf 88' lang='grc' dir='ltr'><strong>τὸν</strong></span> 
     </span>
    </p>
   </div>
   <div class='ocr_carea' id='block_1_62' title="bbox 625 3201 2195 3281">
    <p class='ocr_par' dir='ltr' id='par_1_62' title="bbox 625 3201 2195 3281">
     <span class='ocr_line' id='line_1_63' title="bbox 625 3201 2195 3281; baseline -0.011 -14"><span class='ocrx_word' id='word_1_495' title='bbox 625 3229 752 3268; x_wconf 87' lang='lat' dir='ltr'><strong>eum</strong></span> <span class='ocrx_word' id='word_1_496' title='bbox 777 3212 870 3281; x_wconf 90' lang='lat' dir='ltr'><strong>qui</strong></span> <span class='ocrx_word' id='word_1_497' title='bbox 903 3211 957 3264; x_wconf 89' lang='lat' dir='ltr'><strong>in</strong></span> <span class='ocrx_word' id='word_1_498' title='bbox 1010 3209 1124 3264; x_wconf 68' lang='lat' dir='ltr'><strong>hace</strong></span> <span class='ocrx_word' id='word_1_499' title='bbox 1162 3215 1216 3263; x_wconf 87' lang='lat' dir='ltr'><strong>et</strong></span> <span class='ocrx_word' id='word_1_500' title='bbox 1257 3220 1378 3276; x_wconf 72' lang='lat' dir='ltr'><strong>quae</strong></span> <span class='ocrx_word' id='word_1_501' title='bbox 1407 3213 1534 3260; x_wconf 90' lang='lat' dir='ltr'><strong>sunt</strong></span> <span class='ocrx_word' id='word_1_502' title='bbox 1562 3201 1831 3274; x_wconf 86' lang='lat' dir='ltr'><strong>ejusmodi</strong></span> <span class='ocrx_word' id='word_1_503' title='bbox 1863 3201 2006 3256; x_wconf 90' lang='lat' dir='ltr'><strong>malo</strong></span> <span class='ocrx_word' id='word_1_504' title='bbox 2037 3207 2195 3269; x_wconf 86' lang='lat' dir='ltr'><strong>capto</strong></span> 
     </span>
    </p>
   </div>
   <div class='ocr_carea' id='block_1_63' title="bbox 629 3294 2196 3367">
    <p class='ocr_par' dir='ltr' id='par_1_63' title="bbox 629 3294 2196 3367">
     <span class='ocr_line' id='line_1_64' title="bbox 629 3294 2196 3367; baseline -0.011 -7"><span class='ocrx_word' id='word_1_505' title='bbox 629 3304 906 3360; x_wconf 90' lang='lat' dir='ltr'><strong>ceciderat</strong></span> <span class='ocrx_word' id='word_1_506' title='bbox 954 3301 1215 3367; x_wconf 86' lang='lat' dir='ltr'><strong>consilio;</strong></span> <span class='ocrx_word' id='word_1_507' title='bbox 1277 3313 1456 3367; x_wconf 89' lang='lat' dir='ltr'><strong>neque</strong></span> <span class='ocrx_word' id='word_1_508' title='bbox 1511 3296 1657 3352; x_wconf 91' lang='lat' dir='ltr'><strong>enim</strong></span> <span class='ocrx_word' id='word_1_509' title='bbox 1711 3294 1828 3349; x_wconf 70' lang='lat' dir='ltr'><strong>fieri</strong></span> <span class='ocrx_word' id='word_1_510' title='bbox 1875 3299 2087 3363; x_wconf 90' lang='lat' dir='ltr'><strong>poterat</strong></span> <span class='ocrx_word' id='word_1_511' title='bbox 2137 3298 2196 3344; x_wconf 91' lang='lat' dir='ltr'><strong>ut</strong></span> 
     </span>
    </p>
   </div>
   <div class='ocr_carea' id='block_1_64' title="bbox 630 3386 2196 3463">
    <p class='ocr_par' dir='ltr' id='par_1_64' title="bbox 630 3386 2196 3463">
     <span class='ocr_line' id='line_1_65' title="bbox 630 3386 2196 3463; baseline -0.009 -12"><span class='ocrx_word' id='word_1_512' title='bbox 630 3393 858 3451; x_wconf 88' lang='lat' dir='ltr'><strong>essetin</strong></span> <span class='ocrx_word' id='word_1_513' title='bbox 897 3394 1203 3463; x_wconf 84' lang='lat' dir='ltr'><strong>prudentia,</strong></span> <span class='ocrx_word' id='word_1_514' title='bbox 1257 3391 1350 3461; x_wconf 89' lang='lat' dir='ltr'><strong>qui</strong></span> <span class='ocrx_word' id='word_1_515' title='bbox 1390 3387 1732 3460; x_wconf 90' lang='lat' dir='ltr'><strong>prudentiam</strong></span> <span class='ocrx_word' id='word_1_516' title='bbox 1767 3386 1945 3440; x_wconf 82' lang='lat' dir='ltr'><strong>fuerat</strong></span> <span class='ocrx_word' id='word_1_517' title='bbox 1975 3397 2196 3439; x_wconf 86' lang='lat' dir='ltr'><strong>aversa-</strong></span> 
     </span>
    </p>
   </div>
   <div class='ocr_carea' id='block_1_65' title="bbox 629 3475 2196 3554">
    <p class='ocr_par' dir='ltr' id='par_1_65' title="bbox 629 3475 2196 3554">
     <span class='ocr_line' id='line_1_66' title="bbox 629 3475 2196 3554; baseline -0.006 -16"><span class='ocrx_word' id='word_1_518' title='bbox 629 3495 742 3548; x_wconf 88' lang='lat' dir='ltr'><strong>tus,</strong></span> <span class='ocrx_word' id='word_1_519' title='bbox 771 3499 945 3554; x_wconf 91' lang='lat' dir='ltr'><strong>neque</strong></span> <span class='ocrx_word' id='word_1_520' title='bbox 981 3491 1038 3537; x_wconf 93' lang='lat' dir='ltr'><strong>ut</strong></span> <span class='ocrx_word' id='word_1_521' title='bbox 1067 3482 1285 3550; x_wconf 88' lang='lat' dir='ltr'><strong>sapiens</strong></span> <span class='ocrx_word' id='word_1_522' title='bbox 1325 3478 1530 3549; x_wconf 88' lang='lat' dir='ltr'><strong>aliquid</strong></span> <span class='ocrx_word' id='word_1_523' title='bbox 1565 3477 1924 3540; x_wconf 88' lang='lat' dir='ltr'><strong>consultaret,</strong></span> <span class='ocrx_word' id='word_1_524' title='bbox 1981 3475 2075 3544; x_wconf 89' lang='lat' dir='ltr'><strong>qui</strong></span> <span class='ocrx_word' id='word_1_525' title='bbox 2106 3489 2196 3529; x_wconf 87' lang='lat' dir='ltr'><strong>re-</strong></span> 
     </span>
    </p>
   </div>
   <div class='ocr_carea' id='block_1_66' title="bbox 630 3569 2198 3638">
    <p class='ocr_par' dir='ltr' id='par_1_66' title="bbox 630 3569 2198 3638">
     <span class='ocr_line' id='line_1_67' title="bbox 630 3569 2198 3638; baseline -0.006 -12"><span class='ocrx_word' id='word_1_526' title='bbox 630 3577 873 3626; x_wconf 81' lang='lat' dir='ltr'><strong>cesserat</strong></span> <span class='ocrx_word' id='word_1_527' title='bbox 923 3586 954 3624; x_wconf 91' lang='lat' dir='ltr'><strong>a</strong></span> <span class='ocrx_word' id='word_1_528' title='bbox 1005 3569 1298 3638; x_wconf 83' lang='lat' dir='ltr'><strong>sapientia,</strong></span> <span class='ocrx_word' id='word_1_529' title='bbox 1352 3583 1448 3638; x_wconf 86' lang='lat' dir='ltr'><strong>per</strong></span> <span class='ocrx_word' id='word_1_530' title='bbox 1499 3579 1790 3637; x_wconf 87' lang='lat' dir='ltr'><strong>quemnam</strong></span> <span class='ocrx_word' id='word_1_531' title='bbox 1829 3578 2024 3618; x_wconf 87' lang='lat' dir='ltr'><strong>rursus</strong></span> <span class='ocrx_word' id='word_1_532' title='bbox 2073 3577 2198 3618; x_wconf 89' lang='lat' dir='ltr'><strong>eum</strong></span> 
     </span>
    </p>
   </div>
   <div class='ocr_carea' id='block_1_67' title="bbox 630 3654 2207 3732">
    <p class='ocr_par' dir='ltr' id='par_1_67' title="bbox 630 3654 2207 3732">
     <span class='ocr_line' id='line_1_68' title="bbox 630 3654 2207 3732; baseline -0.007 -14"><span class='ocrx_word' id='word_1_533' title='bbox 630 3664 918 3732; x_wconf 85' lang='lat' dir='ltr'><strong>oportebat</strong></span> <span class='ocrx_word' id='word_1_534' title='bbox 969 3663 1214 3717; x_wconf 89' lang='lat' dir='ltr'><strong>revocari</strong></span> <span class='ocrx_word' id='word_1_535' title='bbox 1269 3659 1334 3714; x_wconf 89' lang='lat' dir='ltr'><strong>ad</strong></span> <span class='ocrx_word' id='word_1_536' title='bbox 1384 3674 1503 3714; x_wconf 89' lang='lat' dir='ltr'><strong>eam</strong></span> <span class='ocrx_word' id='word_1_537' title='bbox 1549 3672 1712 3729; x_wconf 90' lang='lat' dir='ltr'><strong>quam</strong></span> <span class='ocrx_word' id='word_1_538' title='bbox 1764 3656 1917 3726; x_wconf 90' lang='lat' dir='ltr'><strong>prius</strong></span> <span class='ocrx_word' id='word_1_539' title='bbox 1973 3654 2207 3709; x_wconf 87' lang='lat' dir='ltr'><strong>habebat</strong></span> 
     </span>
    </p>
   </div>
   <div class='ocr_carea' id='block_1_68' title="bbox 630 3745 2208 3825">
    <p class='ocr_par' dir='ltr' id='par_1_68' title="bbox 630 3745 2208 3825">
     <span class='ocr_line' id='line_1_69' title="bbox 630 3745 2208 3825; baseline -0.006 -16"><span class='ocrx_word' id='word_1_540' title='bbox 630 3754 899 3825; x_wconf 83' lang='lat' dir='ltr'><strong>gratiam?</strong></span> <span class='ocrx_word' id='word_1_541' title='bbox 937 3753 1168 3807; x_wconf 80' lang='lat' dir='ltr'><strong>Cuinam</strong></span> <span class='ocrx_word' id='word_1_542' title='bbox 1214 3759 1394 3825; x_wconf 83' lang='lat' dir='ltr'><strong>autem</strong></span> <span class='ocrx_word' id='word_1_543' title='bbox 1445 3749 1803 3805; x_wconf 87' lang='lat' dir='ltr'><strong>conveniebat</strong></span> <span class='ocrx_word' id='word_1_544' title='bbox 1845 3746 2048 3801; x_wconf 87' lang='lat' dir='ltr'><strong>erectio</strong></span> <span class='ocrx_word' id='word_1_545' title='bbox 2088 3745 2208 3813; x_wconf 88' lang='lat' dir='ltr'><strong>ejus</strong></span> 
     </span>
    </p>
   </div>
   <div class='ocr_carea' id='block_1_69' title="bbox 630 3839 2208 3920">
    <p class='ocr_par' dir='ltr' id='par_1_69' title="bbox 630 3839 2208 3920">
     <span class='ocr_line' id='line_1_70' title="bbox 630 3839 2208 3920; baseline -0.008 -18"><span class='ocrx_word' id='word_1_546' title='bbox 630 3850 724 3920; x_wconf 86' lang='lat' dir='ltr'><strong>qui</strong></span> <span class='ocrx_word' id='word_1_547' title='bbox 755 3847 1046 3913; x_wconf 85' lang='lat' dir='ltr'><strong>ceciderat,</strong></span> <span class='ocrx_word' id='word_1_548' title='bbox 1088 3857 1180 3900; x_wconf 88' lang='lat' dir='ltr'><strong>aut</strong></span> <span class='ocrx_word' id='word_1_549' title='bbox 1215 3845 1491 3900; x_wconf 86' lang='lat' dir='ltr'><strong>revocatio</strong></span> <span class='ocrx_word' id='word_1_550' title='bbox 1525 3843 1647 3912; x_wconf 86' lang='lat' dir='ltr'><strong>ejus</strong></span> <span class='ocrx_word' id='word_1_551' title='bbox 1687 3841 1780 3911; x_wconf 91' lang='lat' dir='ltr'><strong>qui</strong></span> <span class='ocrx_word' id='word_1_552' title='bbox 1808 3839 2063 3909; x_wconf 88' lang='lat' dir='ltr'><strong>perierat,</strong></span> <span class='ocrx_word' id='word_1_553' title='bbox 2113 3845 2208 3891; x_wconf 87' lang='lat' dir='ltr'><strong>aut</strong></span> 
     </span>
    </p>
   </div>
   <div class='ocr_carea' id='block_1_70' title="bbox 635 3920 2208 4008">
    <p class='ocr_par' dir='ltr' id='par_1_70' title="bbox 635 3920 2208 4008">
     <span class='ocr_line' id='line_1_71' title="bbox 635 3920 2208 4008; baseline -0.008 -14"><span class='ocrx_word' id='word_1_554' title='bbox 635 3939 883 3994; x_wconf 90' lang='lat' dir='ltr'><strong>reductio</strong></span> <span class='ocrx_word' id='word_1_555' title='bbox 933 3938 1054 4008; x_wconf 83' lang='lat' dir='ltr'><strong>ejus</strong></span> <span class='ocrx_word' id='word_1_556' title='bbox 1084 3937 1177 4008; x_wconf 89' lang='lat' dir='ltr'><strong>qui</strong></span> <span class='ocrx_word' id='word_1_557' title='bbox 1212 3934 1596 3992; x_wconf 84' lang='lat' dir='ltr'><strong>aberraverat?</strong></span> <span class='ocrx_word' id='word_1_558' title='bbox 1624 3932 1748 3998; x_wconf 89' lang='lat' dir='ltr'><strong>Cui,</strong></span> <span class='ocrx_word' id='word_1_559' title='bbox 1794 3931 2040 3999; x_wconf 88' lang='lat' dir='ltr'><strong>inquam,</strong></span> <span class='ocrx_word' id='word_1_560' title='bbox 2089 3920 2208 3983; x_wconf 87' lang='lat' dir='ltr'><strong>om-</strong></span> 
     </span>
    </p>
   </div>
   <div class='ocr_carea' id='block_1_71' title="bbox 633 4021 2202 4100">
    <p class='ocr_par' dir='ltr' id='par_1_71' title="bbox 633 4021 2202 4100">
     <span class='ocr_line' id='line_1_72' title="bbox 633 4021 2202 4100; baseline -0.006 -16"><span class='ocrx_word' id='word_1_561' title='bbox 633 4031 765 4086; x_wconf 87' lang='lat' dir='ltr'><strong>nino</strong></span> <span class='ocrx_word' id='word_1_562' title='bbox 795 4030 909 4095; x_wconf 88' lang='lat' dir='ltr'><strong>alii,</strong></span> <span class='ocrx_word' id='word_1_563' title='bbox 943 4045 1106 4100; x_wconf 90' lang='lat' dir='ltr'><strong>quam</strong></span> <span class='ocrx_word' id='word_1_564' title='bbox 1129 4028 1362 4084; x_wconf 90' lang='lat' dir='ltr'><strong>Domino</strong></span> <span class='ocrx_word' id='word_1_565' title='bbox 1387 4025 1632 4081; x_wconf 66' lang='lat' dir='ltr'><strong>naturae?</strong></span> <span class='ocrx_word' id='word_1_566' title='bbox 1666 4024 1719 4078; x_wconf 85' lang='lat' dir='ltr'><strong>is</strong></span> <span class='ocrx_word' id='word_1_567' title='bbox 1749 4022 1893 4078; x_wconf 92' lang='lat' dir='ltr'><strong>enim</strong></span> <span class='ocrx_word' id='word_1_568' title='bbox 1927 4021 2080 4077; x_wconf 88' lang='lat' dir='ltr'><strong>solus</strong></span> <span class='ocrx_word' id='word_1_569' title='bbox 2108 4022 2202 4091; x_wconf 90' lang='lat' dir='ltr'><strong>qui</strong></span> 
     </span>
    </p>
   </div>
   <div class='ocr_carea' id='block_1_72' title="bbox 2301 3189 3874 3283">
    <p class='ocr_par' dir='ltr' id='par_1_72' title="bbox 2301 3189 3874 3283">
     <span class='ocr_line' id='line_1_73' title="bbox 2301 3189 3874 3283; baseline -0.017 -16"><span class='ocrx_word' id='word_1_570' title='bbox 2301 3189 2399 3283; x_wconf 82' lang='grc' dir='ltr'><strong>τῆς</strong></span> <span class='ocrx_word' id='word_1_571' title='bbox 2426 3209 2615 3279; x_wconf 80' lang='grc' dir='ltr'>σοφίας</span> <span class='ocrx_word' id='word_1_572' title='bbox 2644 3201 3094 3276; x_wconf 80' lang='grc' dir='ltr'>ἀναχωρήσαντα)</span> <span class='ocrx_word' id='word_1_573' title='bbox 3120 3198 3206 3252; x_wconf 89' lang='grc' dir='ltr'><strong>διά</strong></span> <span class='ocrx_word' id='word_1_574' title='bbox 3235 3197 3375 3260; x_wconf 86' lang='grc' dir='ltr'>τίνος</span> <span class='ocrx_word' id='word_1_575' title='bbox 3408 3194 3516 3247; x_wconf 74' lang='grc' dir='ltr'>ἔδει</span> <span class='ocrx_word' id='word_1_576' title='bbox 3543 3192 3705 3283; x_wconf 80' lang='grc' dir='ltr'>πάλιν</span> <span class='ocrx_word' id='word_1_577' title='bbox 3737 3189 3874 3261; x_wconf 85' lang='grc' dir='ltr'>πρὸς</span> 
     </span>
    </p>
   </div>
   <div class='ocr_carea' id='block_1_73' title="bbox 2301 3280 3875 3372">
    <p class='ocr_par' dir='ltr' id='par_1_73' title="bbox 2301 3280 3875 3372">
     <span class='ocr_line' id='line_1_74' title="bbox 2301 3280 3875 3372; baseline -0.017 -16"><span class='ocrx_word' id='word_1_578' title='bbox 2301 3280 2402 3372; x_wconf 70' lang='grc' dir='ltr'><strong>την</strong></span> <span class='ocrx_word' id='word_1_579' title='bbox 2437 3301 2497 3368; x_wconf 78' lang='grc' dir='ltr'>ἐξ</span> <span class='ocrx_word' id='word_1_580' title='bbox 2525 3299 2700 3370; x_wconf 82' lang='grc' dir='ltr'>ἀρχῆς</span> <span class='ocrx_word' id='word_1_581' title='bbox 2739 3295 2897 3366; x_wconf 86' lang='grc' dir='ltr'>χάριν</span> <span class='ocrx_word' id='word_1_582' title='bbox 2944 3288 3342 3359; x_wconf 83' lang='grc' dir='ltr'>ἀνακληθῆναι;</span> <span class='ocrx_word' id='word_1_583' title='bbox 3377 3283 3496 3336; x_wconf 86' lang='grc' dir='ltr'>Τίνι</span> <span class='ocrx_word' id='word_1_584' title='bbox 3533 3281 3592 3335; x_wconf 79' lang='grc' dir='ltr'>δὲ</span> <span class='ocrx_word' id='word_1_585' title='bbox 3637 3280 3875 3352; x_wconf 74' lang='grc' dir='ltr'>ἔπρεπεν</span> 
     </span>
    </p>
   </div>
   <div class='ocr_carea' id='block_1_74' title="bbox 2302 3369 3872 3463">
    <p class='ocr_par' dir='ltr' id='par_1_74' title="bbox 2302 3369 3872 3463">
     <span class='ocr_line' id='line_1_75' title="bbox 2302 3369 3872 3463; baseline -0.018 -16"><span class='ocrx_word' id='word_1_586' title='bbox 2302 3396 2338 3463; x_wconf 79' lang='grc' dir='ltr'><strong>ἡ</strong></span> <span class='ocrx_word' id='word_1_587' title='bbox 2358 3369 2368 3372; x_wconf 19' lang='lat' dir='ltr'><strong><em>ﬁ</em></strong></span> <span class='ocrx_word' id='word_1_588' title='bbox 2388 3391 2480 3445; x_wconf 83' lang='grc' dir='ltr'>τοῦ</span> <span class='ocrx_word' id='word_1_589' title='bbox 2541 3369 2884 3460; x_wconf 83' lang='grc' dir='ltr'>πεπτωκότος</span> <span class='ocrx_word' id='word_1_590' title='bbox 2933 3381 3264 3453; x_wconf 89' lang='grc' dir='ltr'>ἀνόρθωσις,</span> <span class='ocrx_word' id='word_1_591' title='bbox 3304 3377 3340 3447; x_wconf 77' lang='grc' dir='ltr'><strong>ἡ</strong></span> <span class='ocrx_word' id='word_1_592' title='bbox 3387 3372 3481 3427; x_wconf 80' lang='grc' dir='ltr'>τοῦ</span> <span class='ocrx_word' id='word_1_593' title='bbox 3533 3369 3872 3430; x_wconf 82' lang='grc' dir='ltr'>ἀπολωλότος</span> 
     </span>
    </p>
   </div>
   <div class='ocr_carea' id='block_1_75' title="bbox 2305 3458 3876 3553">
    <p class='ocr_par' dir='ltr' id='par_1_75' title="bbox 2305 3458 3876 3553">
     <span class='ocr_line' id='line_1_76' title="bbox 2305 3458 3876 3553; baseline -0.018 -16"><span class='ocrx_word' id='word_1_594' title='bbox 2305 3458 2600 3553; x_wconf 79' lang='grc' dir='ltr'>ἀνάκλησις</span> <span class='ocrx_word' id='word_1_595' title='bbox 2619 3523 2632 3546; x_wconf 87' lang='grc'><strong>,</strong></span> <span class='ocrx_word' id='word_1_596' title='bbox 2664 3481 2697 3549; x_wconf 77' lang='grc' dir='ltr'>ἡ</span> <span class='ocrx_word' id='word_1_597' title='bbox 2725 3458 2828 3530; x_wconf 23' lang='grc' dir='ltr'>’τοῦ</span> <span class='ocrx_word' id='word_1_598' title='bbox 2877 3469 3292 3541; x_wconf 77' lang='grc' dir='ltr'>πεπλανημένον</span> <span class='ocrx_word' id='word_1_599' title='bbox 3337 3461 3698 3537; x_wconf 85' lang='grc' dir='ltr'>χειραγωγία;</span> <span class='ocrx_word' id='word_1_600' title='bbox 3720 3547 3731 3553; x_wconf 29' lang='grc' dir='ltr'><strong>Δ</strong></span> <span class='ocrx_word' id='word_1_601' title='bbox 3750 3458 3876 3511; x_wconf 82' lang='grc' dir='ltr'>Τίνι</span> 
     </span>
    </p>
   </div>
   <div class='ocr_carea' id='block_1_76' title="bbox 2307 3547 3873 3644">
    <p class='ocr_par' dir='ltr' id='par_1_76' title="bbox 2307 3547 3873 3644">
     <span class='ocr_line' id='line_1_77' title="bbox 2307 3547 3873 3644; baseline -0.018 -17"><span class='ocrx_word' id='word_1_602' title='bbox 2307 3574 2471 3644; x_wconf 84' lang='grc' dir='ltr'>ἄλλῳ,</span> <span class='ocrx_word' id='word_1_603' title='bbox 2563 3569 2640 3640; x_wconf 83' lang='grc' dir='ltr'>τῷ</span> <span class='ocrx_word' id='word_1_604' title='bbox 2668 3547 2854 3639; x_wconf 72' lang='grc' dir='ltr'>Κυρίῳ</span> <span class='ocrx_word' id='word_1_605' title='bbox 2892 3563 3106 3624; x_wconf 85' lang='grc' dir='ltr'>πάντως</span> <span class='ocrx_word' id='word_1_606' title='bbox 3141 3560 3240 3628; x_wconf 80' lang='grc' dir='ltr'>τῆς</span> <span class='ocrx_word' id='word_1_607' title='bbox 3271 3556 3482 3626; x_wconf 87' lang='grc' dir='ltr'>φύσεως</span> <span class='ocrx_word' id='word_1_608' title='bbox 3549 3550 3638 3622; x_wconf 79' lang='grc' dir='ltr'>Τῷ</span> <span class='ocrx_word' id='word_1_609' title='bbox 3674 3547 3783 3620; x_wconf 89' lang='grc' dir='ltr'><strong>γάρ</strong></span> <span class='ocrx_word' id='word_1_610' title='bbox 3813 3548 3873 3644; x_wconf 60' lang='grc' dir='ltr'><strong>ἐξ</strong></span> 
     </span>
    </p>
   </div>
   <div class='ocr_carea' id='block_1_77' title="bbox 2304 3638 3879 3734">
    <p class='ocr_par' dir='ltr' id='par_1_77' title="bbox 2304 3638 3879 3734">
     <span class='ocr_line' id='line_1_78' title="bbox 2304 3638 3879 3734; baseline -0.018 -17"><span class='ocrx_word' id='word_1_611' title='bbox 2304 3638 2477 3734; x_wconf 68' lang='grc' dir='ltr'>ἀρχῆς</span> <span class='ocrx_word' id='word_1_612' title='bbox 2500 3638 2769 3729; x_wconf 13' lang='grc' dir='ltr'>τὴνήζωὴν</span> <span class='ocrx_word' id='word_1_613' title='bbox 2798 3653 3050 3708; x_wconf 82' lang='grc' dir='ltr'>δεδωκότι</span> <span class='ocrx_word' id='word_1_614' title='bbox 3083 3651 3226 3721; x_wconf 84' lang='grc' dir='ltr'>μόνῳ</span> <span class='ocrx_word' id='word_1_615' title='bbox 3249 3645 3473 3702; x_wconf 87' lang='grc' dir='ltr'>δυνατὸν</span> <span class='ocrx_word' id='word_1_616' title='bbox 3502 3638 3593 3714; x_wconf 74' lang='grc' dir='ltr'>ἦν,</span> <span class='ocrx_word' id='word_1_617' title='bbox 3621 3641 3717 3694; x_wconf 75' lang='grc' dir='ltr'>καὶ</span> <span class='ocrx_word' id='word_1_618' title='bbox 3745 3638 3879 3709; x_wconf 86' lang='grc' dir='ltr'>πρέ-</span> 
     </span>
    </p>
   </div>
   <div class='ocr_carea' id='block_1_78' title="bbox 2305 3732 3877 3823">
    <p class='ocr_par' dir='ltr' id='par_1_78' title="bbox 2305 3732 3877 3823">
     <span class='ocr_line' id='line_1_79' title="bbox 2305 3732 3877 3823; baseline -0.014 -17"><span class='ocrx_word' id='word_1_619' title='bbox 2305 3732 2405 3806; x_wconf 82' lang='grc' dir='ltr'><strong>πον</strong></span> <span class='ocrx_word' id='word_1_620' title='bbox 2435 3753 2570 3823; x_wconf 80' lang='grc' dir='ltr'>ἅμα,</span> <span class='ocrx_word' id='word_1_621' title='bbox 2605 3750 2698 3805; x_wconf 73' lang='grc' dir='ltr'>καὶ</span> <span class='ocrx_word' id='word_1_622' title='bbox 2735 3746 3110 3818; x_wconf 83' lang='grc' dir='ltr'>ἀπολλυμένην</span> <span class='ocrx_word' id='word_1_623' title='bbox 3141 3738 3594 3798; x_wconf 87' lang='grc' dir='ltr'>ἀνακαλέσασθαι.</span> <span class='ocrx_word' id='word_1_624' title='bbox 3630 3737 3696 3788; x_wconf 89' lang='grc' dir='ltr'><strong>Ὃ</strong></span> <span class='ocrx_word' id='word_1_625' title='bbox 3725 3732 3877 3804; x_wconf 79' lang='grc' dir='ltr'>παρὰ</span> 
     </span>
    </p>
   </div>
   <div class='ocr_carea' id='block_1_79' title="bbox 2310 3827 3879 3911">
    <p class='ocr_par' dir='ltr' id='par_1_79' title="bbox 2310 3827 3879 3911">
     <span class='ocr_line' id='line_1_80' title="bbox 2310 3827 3879 3911; baseline -0.013 -16"><span class='ocrx_word' id='word_1_626' title='bbox 2310 3842 2405 3895; x_wconf 80' lang='grc' dir='ltr'>τοῦ</span> <span class='ocrx_word' id='word_1_627' title='bbox 2439 3841 2738 3911; x_wconf 81' lang='grc' dir='ltr'>μυστηρίου</span> <span class='ocrx_word' id='word_1_628' title='bbox 2761 3839 2858 3908; x_wconf 83' lang='grc' dir='ltr'>τῆς</span> <span class='ocrx_word' id='word_1_629' title='bbox 2883 3835 3138 3908; x_wconf 89' lang='grc' dir='ltr'>ἀληθείας</span> <span class='ocrx_word' id='word_1_630' title='bbox 3167 3831 3458 3901; x_wconf 87' lang='grc' dir='ltr'>ἀκούομεν,</span> <span class='ocrx_word' id='word_1_631' title='bbox 3487 3827 3620 3880; x_wconf 90' lang='grc' dir='ltr'>Θεὸν</span> <span class='ocrx_word' id='word_1_632' title='bbox 3645 3838 3879 3892; x_wconf 90' lang='grc' dir='ltr'>πεποιη-</span> 
     </span>
    </p>
   </div>
   <div class='ocr_carea' id='block_1_80' title="bbox 2304 3913 3878 4000">
    <p class='ocr_par' dir='ltr' id='par_1_80' title="bbox 2304 3913 3878 4000">
     <span class='ocr_line' id='line_1_81' title="bbox 2304 3913 3878 4000; baseline -0.012 -16"><span class='ocrx_word' id='word_1_633' title='bbox 2304 3930 2458 3984; x_wconf 82' lang='grc' dir='ltr'>κέναι</span> <span class='ocrx_word' id='word_1_634' title='bbox 2493 3929 2553 3994; x_wconf 79' lang='grc' dir='ltr'><strong>ὲξ</strong></span> <span class='ocrx_word' id='word_1_635' title='bbox 2584 3927 2759 4000; x_wconf 78' lang='grc' dir='ltr'>ἀρχῆς</span> <span class='ocrx_word' id='word_1_636' title='bbox 2803 3927 2893 3979; x_wconf 87' lang='grc' dir='ltr'><strong>τὸν</strong></span> <span class='ocrx_word' id='word_1_637' title='bbox 2924 3925 3236 3996; x_wconf 79' lang='grc' dir='ltr'>ἄνθρωπον,</span> <span class='ocrx_word' id='word_1_638' title='bbox 3284 3920 3380 3974; x_wconf 78' lang='grc' dir='ltr'>καὶ</span> <span class='ocrx_word' id='word_1_639' title='bbox 3426 3915 3722 3972; x_wconf 84' lang='grc' dir='ltr'>σεσωκέναι</span> <span class='ocrx_word' id='word_1_640' title='bbox 3759 3913 3878 3966; x_wconf 86' lang='grc' dir='ltr'>δια-</span> 
     </span>
    </p>
   </div>
   <div class='ocr_carea' id='block_1_81' title="bbox 2310 4017 3046 4089">
    <p class='ocr_par' dir='ltr' id='par_1_81' title="bbox 2310 4017 3046 4089">
     <span class='ocr_line' id='line_1_82' title="bbox 2310 4017 3046 4089; baseline -0.011 -15"><span class='ocrx_word' id='word_1_641' title='bbox 2310 4019 2635 4074; x_wconf 89' lang='grc' dir='ltr'>πεπτωκότα</span> <span class='ocrx_word' id='word_1_642' title='bbox 2669 4017 3046 4089; x_wconf 86' lang='grc' dir='ltr'>μανθάνοντες.</span> 
     </span>
    </p>
   </div>
   <div class='ocr_carea' id='block_1_82' title="bbox 634 4094 3875 4186">
    <p class='ocr_par' dir='ltr' id='par_1_82' title="bbox 634 4094 3875 4186">
     <span class='ocr_line' id='line_1_83' title="bbox 634 4094 3875 4186; baseline -0.009 -13"><span class='ocrx_word' id='word_1_643' title='bbox 634 4120 802 4174; x_wconf 72' lang='lat' dir='ltr'><strong>ritam</strong></span> <span class='ocrx_word' id='word_1_644' title='bbox 872 4094 1158 4176; x_wconf 48' lang='lat' dir='ltr'><strong>ab-initio</strong></span> <span class='ocrx_word' id='word_1_645' title='bbox 1219 4118 1444 4174; x_wconf 87' lang='lat' dir='ltr'><strong>dederat</strong></span> <span class='ocrx_word' id='word_1_646' title='bbox 1504 4122 1740 4186; x_wconf 88' lang='lat' dir='ltr'><strong>poterat,</strong></span> <span class='ocrx_word' id='word_1_647' title='bbox 1783 4127 2018 4183; x_wconf 90' lang='lat' dir='ltr'><strong>eumque</strong></span> <span class='ocrx_word' id='word_1_648' title='bbox 2052 4113 2215 4168; x_wconf 87' lang='lat' dir='ltr'><strong>simul</strong></span> <span class='ocrx_word' id='word_1_649' title='bbox 2251 4111 2501 4179; x_wconf 85' lang='lat' dir='ltr'><strong>decebat,</strong></span> <span class='ocrx_word' id='word_1_650' title='bbox 2552 4112 2717 4166; x_wconf 87' lang='lat' dir='ltr'><strong>etiam</strong></span> <span class='ocrx_word' id='word_1_651' title='bbox 2764 4114 3080 4179; x_wconf 85' lang='lat' dir='ltr'><strong>pereuntem</strong></span> <span class='ocrx_word' id='word_1_652' title='bbox 3134 4115 3413 4160; x_wconf 88' lang='lat' dir='ltr'><strong>revocare.</strong></span> <span class='ocrx_word' id='word_1_653' title='bbox 3453 4097 3608 4165; x_wconf 83' lang='lat' dir='ltr'><strong>Quod</strong></span> <span class='ocrx_word' id='word_1_654' title='bbox 3661 4094 3875 4166; x_wconf 88' lang='lat' dir='ltr'><strong>quidem</strong></span> 
     </span>
    </p>
   </div>
   <div class='ocr_carea' id='block_1_83' title="bbox 635 4182 3876 4284">
    <p class='ocr_par' dir='ltr' id='par_1_83' title="bbox 635 4182 3876 4284">
     <span class='ocr_line' id='line_1_84' title="bbox 635 4182 3876 4284; baseline -0.009 -20"><span class='ocrx_word' id='word_1_655' title='bbox 635 4213 891 4268; x_wconf 89' lang='lat' dir='ltr'><strong>audimus</strong></span> <span class='ocrx_word' id='word_1_656' title='bbox 939 4227 971 4266; x_wconf 90' lang='lat' dir='ltr'><strong>a</strong></span> <span class='ocrx_word' id='word_1_657' title='bbox 1001 4212 1260 4284; x_wconf 87' lang='lat' dir='ltr'><strong>mysterio</strong></span> <span class='ocrx_word' id='word_1_658' title='bbox 1290 4182 1558 4275; x_wconf 78' lang='lat' dir='ltr'><strong>veritatis,</strong></span> <span class='ocrx_word' id='word_1_659' title='bbox 1599 4215 1661 4262; x_wconf 90' lang='lat' dir='ltr'><strong>ut</strong></span> <span class='ocrx_word' id='word_1_660' title='bbox 1704 4205 1799 4277; x_wconf 91' lang='lat' dir='ltr'><strong>qui</strong></span> <span class='ocrx_word' id='word_1_661' title='bbox 1843 4182 2120 4261; x_wconf 79' lang='lat' dir='ltr'><strong>discamus</strong></span> <span class='ocrx_word' id='word_1_662' title='bbox 2147 4215 2202 4259; x_wconf 89' lang='lat' dir='ltr'><strong>et</strong></span> <span class='ocrx_word' id='word_1_663' title='bbox 2241 4203 2410 4260; x_wconf 90' lang='lat' dir='ltr'><strong>Deum</strong></span> <span class='ocrx_word' id='word_1_664' title='bbox 2441 4203 2510 4259; x_wconf 89' lang='lat' dir='ltr'><strong>ab</strong></span> <span class='ocrx_word' id='word_1_665' title='bbox 2538 4203 2698 4258; x_wconf 93' lang='lat' dir='ltr'><strong>initio</strong></span> <span class='ocrx_word' id='word_1_666' title='bbox 2729 4200 2926 4256; x_wconf 79' lang='lat' dir='ltr'><strong>fecisse</strong></span> <span class='ocrx_word' id='word_1_667' title='bbox 2954 4196 3254 4259; x_wconf 92' lang='lat' dir='ltr'><strong>hominem,</strong></span> <span class='ocrx_word' id='word_1_668' title='bbox 3287 4199 3343 4248; x_wconf 89' lang='lat' dir='ltr'><strong>et</strong></span> <span class='ocrx_word' id='word_1_669' title='bbox 3375 4191 3604 4248; x_wconf 84' lang='lat' dir='ltr'><strong>salutem</strong></span> <span class='ocrx_word' id='word_1_670' title='bbox 3669 4186 3718 4241; x_wconf 89' lang='lat' dir='ltr'><strong>ei</strong></span> <span class='ocrx_word' id='word_1_671' title='bbox 3779 4182 3876 4237; x_wconf 88' lang='lat' dir='ltr'><strong>de-</strong></span> 
     </span>
    </p>
   </div>
   <div class='ocr_carea' id='block_1_84' title="bbox 633 4305 1240 4375">
    <p class='ocr_par' dir='ltr' id='par_1_84' title="bbox 633 4305 1240 4375">
     <span class='ocr_line' id='line_1_85' title="bbox 633 4305 1240 4375; baseline 0.002 -15"><span class='ocrx_word' id='word_1_672' title='bbox 633 4306 784 4363; x_wconf 89' lang='lat' dir='ltr'><strong>disse</strong></span> <span class='ocrx_word' id='word_1_673' title='bbox 809 4320 934 4360; x_wconf 92' lang='lat' dir='ltr'><strong>cum</strong></span> <span class='ocrx_word' id='word_1_674' title='bbox 966 4305 1240 4375; x_wconf 90' lang='lat' dir='ltr'><strong>periisset.</strong></span> 
     </span>
    </p>
   </div>
   <div class='ocr_carea' id='block_1_85' title="bbox 1247 4397 1598 4453">
    <p class='ocr_par' dir='ltr' id='par_1_85' title="bbox 1247 4397 1598 4453">
     <span class='ocr_line' id='line_1_86' title="bbox 1247 4397 1598 4453; baseline -0.003 0"><span class='ocrx_word' id='word_1_675' title='bbox 1247 4397 1476 4453; x_wconf 85' lang='lat' dir='ltr'><strong>CAPUT</strong></span> <span class='ocrx_word' id='word_1_676' title='bbox 1510 4397 1598 4452; x_wconf 84' lang='lat' dir='ltr'><strong>IX.</strong></span> 
     </span>
    </p>
   </div>
   <div class='ocr_carea' id='block_1_86' title="bbox 2400 4354 2430 4365">
    <p class='ocr_par' dir='ltr' id='par_1_86' title="bbox 2400 4354 2430 4365">
     <span class='ocr_line' id='line_1_87' title="bbox 2400 4354 2430 4365; baseline 0 -2"><span class='ocrx_word' id='word_1_677' title='bbox 2400 4354 2430 4365; x_wconf 48' lang='grc' dir='ltr'><strong>κ</strong></span> 
     </span>
    </p>
   </div>
   <div class='ocr_carea' id='block_1_87' title="bbox 2913 4373 3266 4430">
    <p class='ocr_par' dir='ltr' id='par_1_87' title="bbox 2913 4373 3266 4430">
     <span class='ocr_line' id='line_1_88' title="bbox 2913 4373 3266 4430; baseline -0.011 0"><span class='ocrx_word' id='word_1_678' title='bbox 2913 4374 3162 4430; x_wconf 78' lang='grc' dir='ltr'><strong>ΚΕΦΛΛ.</strong></span> <span class='ocrx_word' id='word_1_679' title='bbox 3190 4373 3266 4426; x_wconf 87' lang='grc' dir='ltr'><strong>Θ’.</strong></span> 
     </span>
    </p>
   </div>
   <div class='ocr_carea' id='block_1_88' title="bbox 711 4454 2195 4558">
    <p class='ocr_par' dir='ltr' id='par_1_88' title="bbox 711 4484 2178 4558">
     <span class='ocr_line' id='line_1_89' title="bbox 711 4484 2178 4558; baseline -0.004 -12"><span class='ocrx_word' id='word_1_680' title='bbox 711 4490 818 4546; x_wconf 90' lang='lat' dir='ltr'><strong>Sed</strong></span> <span class='ocrx_word' id='word_1_681' title='bbox 853 4491 1117 4544; x_wconf 89' lang='lat' dir='ltr'><strong>hactenus</strong></span> <span class='ocrx_word' id='word_1_682' title='bbox 1151 4488 1368 4558; x_wconf 87' lang='lat' dir='ltr'><strong>quidem</strong></span> <span class='ocrx_word' id='word_1_683' title='bbox 1413 4489 1743 4543; x_wconf 89' lang='lat' dir='ltr'><strong>assentietur</strong></span> <span class='ocrx_word' id='word_1_684' title='bbox 1776 4487 1916 4542; x_wconf 77' lang='lat' dir='ltr'><strong>forte</strong></span> <span class='ocrx_word' id='word_1_685' title='bbox 1947 4484 2178 4542; x_wconf 84' lang='lat' dir='ltr'><strong>orationi</strong></span> 
     </span>
    </p>
   </div>
   <div class='ocr_carea' id='block_1_89' title="bbox 2298 4454 3876 4558">
    <p class='ocr_par' dir='ltr' id='par_1_89' title="bbox 2374 4454 3876 4546">
     <span class='ocr_line' id='line_1_90' title="bbox 2374 4454 3876 4546; baseline -0.019 -13"><span class='ocrx_word' id='word_1_686' title='bbox 2374 4475 2532 4534; x_wconf 76' lang='grc' dir='ltr'>’Ᾱλλά</span> <span class='ocrx_word' id='word_1_687' title='bbox 2562 4475 2719 4546; x_wconf 86' lang='grc' dir='ltr'>μέχρι</span> <span class='ocrx_word' id='word_1_688' title='bbox 2749 4470 2847 4538; x_wconf 84' lang='grc' dir='ltr'>μὲν</span> <span class='ocrx_word' id='word_1_689' title='bbox 2868 4467 3069 4521; x_wconf 85' lang='grc' dir='ltr'>τούτων</span> <span class='ocrx_word' id='word_1_690' title='bbox 3099 4463 3420 4533; x_wconf 88' lang='grc' dir='ltr'>συνθήσεται</span> <span class='ocrx_word' id='word_1_691' title='bbox 3440 4455 3694 4528; x_wconf 86' lang='grc' dir='ltr'>τυχὸν·τῷ</span> <span class='ocrx_word' id='word_1_692' title='bbox 3717 4454 3876 4524; x_wconf 89' lang='grc' dir='ltr'>λόγῳ,</span> 
     </span>
    </p>
   </div>
   <div class='ocr_carea' id='block_1_90' title="bbox 638 4569 2210 4656">
    <p class='ocr_par' dir='ltr' id='par_1_90' title="bbox 638 4569 2210 4656">
     <span class='ocr_line' id='line_1_91' title="bbox 638 4569 2210 4656; baseline -0.01 -15"><span class='ocrx_word' id='word_1_693' title='bbox 638 4569 912 4656; x_wconf 73' lang='lat' dir='ltr'><strong>aspiciens</strong></span> <span class='ocrx_word' id='word_1_694' title='bbox 966 4583 1034 4638; x_wconf 89' lang='lat' dir='ltr'><strong>ad</strong></span> <span class='ocrx_word' id='word_1_695' title='bbox 1091 4583 1143 4638; x_wconf 89' lang='lat' dir='ltr'><strong>id</strong></span> <span class='ocrx_word' id='word_1_696' title='bbox 1175 4581 1320 4652; x_wconf 91' lang='lat' dir='ltr'><strong>quod</strong></span> <span class='ocrx_word' id='word_1_697' title='bbox 1377 4587 1461 4635; x_wconf 90' lang='lat' dir='ltr'><strong>est</strong></span> <span class='ocrx_word' id='word_1_698' title='bbox 1511 4593 1874 4647; x_wconf 86' lang='lat' dir='ltr'><strong>consequens,</strong></span> <span class='ocrx_word' id='word_1_699' title='bbox 1926 4585 2210 4644; x_wconf 89' lang='lat' dir='ltr'><strong>propterea</strong></span> 
     </span>
    </p>
   </div>
   <div class='ocr_carea' id='block_1_91' title="bbox 639 4662 2208 4748">
    <p class='ocr_par' dir='ltr' id='par_1_91' title="bbox 639 4662 2208 4748">
     <span class='ocr_line' id='line_1_92' title="bbox 639 4662 2208 4748; baseline -0.011 -18"><span class='ocrx_word' id='word_1_700' title='bbox 639 4673 781 4745; x_wconf 88' lang='lat' dir='ltr'><strong>quod</strong></span> <span class='ocrx_word' id='word_1_701' title='bbox 810 4673 945 4728; x_wconf 85' lang='lat' dir='ltr'><strong>nihil</strong></span> <span class='ocrx_word' id='word_1_702' title='bbox 972 4687 1162 4748; x_wconf 79' lang='lat' dir='ltr'><strong>eorum</strong></span> <span class='ocrx_word' id='word_1_703' title='bbox 1194 4685 1316 4740; x_wconf 75' lang='lat' dir='ltr'><strong>qua:</strong></span> <span class='ocrx_word' id='word_1_704' title='bbox 1343 4669 1488 4724; x_wconf 88' lang='lat' dir='ltr'><strong>dicta</strong></span> <span class='ocrx_word' id='word_1_705' title='bbox 1519 4675 1668 4730; x_wconf 88' lang='lat' dir='ltr'><strong>sunt,</strong></span> <span class='ocrx_word' id='word_1_706' title='bbox 1700 4665 1950 4719; x_wconf 89' lang='lat' dir='ltr'><strong>videatur</strong></span> <span class='ocrx_word' id='word_1_707' title='bbox 1972 4662 2208 4716; x_wconf 90' lang='lat' dir='ltr'><strong>alienum</strong></span> 
     </span>
    </p>
   </div>
   <div class='ocr_carea' id='block_1_92' title="bbox 641 4757 2214 4838">
    <p class='ocr_par' dir='ltr' id='par_1_92' title="bbox 641 4757 2214 4838">
     <span class='ocr_line' id='line_1_93' title="bbox 641 4757 2214 4838; baseline -0.01 -17"><span class='ocrx_word' id='word_1_708' title='bbox 641 4769 711 4824; x_wconf 88' lang='lat' dir='ltr'><strong>ab</strong></span> <span class='ocrx_word' id='word_1_709' title='bbox 739 4783 801 4824; x_wconf 88' lang='lat' dir='ltr'><strong>ea</strong></span> <span class='ocrx_word' id='word_1_710' title='bbox 835 4782 955 4838; x_wconf 72' lang='lat' dir='ltr'><strong>qua:</strong></span> <span class='ocrx_word' id='word_1_711' title='bbox 987 4766 1151 4819; x_wconf 90' lang='lat' dir='ltr'><strong>Deum</strong></span> <span class='ocrx_word' id='word_1_712' title='bbox 1181 4762 1339 4816; x_wconf 88' lang='lat' dir='ltr'><strong>decet</strong></span> <span class='ocrx_word' id='word_1_713' title='bbox 1377 4759 1634 4824; x_wconf 87' lang='lat' dir='ltr'><strong>notione;</strong></span> <span class='ocrx_word' id='word_1_714' title='bbox 1677 4757 1732 4810; x_wconf 91' lang='lat' dir='ltr'><strong>in</strong></span> <span class='ocrx_word' id='word_1_715' title='bbox 1782 4757 1851 4809; x_wconf 88' lang='lat' dir='ltr'><strong>iis</strong></span> <span class='ocrx_word' id='word_1_716' title='bbox 1881 4763 2060 4809; x_wconf 88' lang='lat' dir='ltr'><strong>autem</strong></span> <span class='ocrx_word' id='word_1_717' title='bbox 2091 4767 2214 4822; x_wconf 72' lang='lat' dir='ltr'><strong>qua:</strong></span> 
     </span>
    </p>
   </div>
   <div class='ocr_carea' id='block_1_93' title="bbox 647 4843 2216 4927">
    <p class='ocr_par' dir='ltr' id='par_1_93' title="bbox 647 4843 2216 4927">
     <span class='ocr_line' id='line_1_94' title="bbox 647 4843 2216 4927; baseline -0.012 -13"><span class='ocrx_word' id='word_1_718' title='bbox 647 4860 903 4927; x_wconf 90' lang='lat' dir='ltr'><strong>deinceps</strong></span> <span class='ocrx_word' id='word_1_719' title='bbox 937 4861 1261 4925; x_wconf 87' lang='lat' dir='ltr'><strong>sequuntur,</strong></span> <span class='ocrx_word' id='word_1_720' title='bbox 1313 4866 1419 4906; x_wconf 89' lang='lat' dir='ltr'><strong>non</strong></span> <span class='ocrx_word' id='word_1_721' title='bbox 1463 4848 1675 4909; x_wconf 87' lang='lat' dir='ltr'><strong>itidem.</strong></span> <span class='ocrx_word' id='word_1_722' title='bbox 1710 4861 1806 4916; x_wconf 87' lang='lat' dir='ltr'><strong>per</strong></span> <span class='ocrx_word' id='word_1_723' title='bbox 1829 4859 1950 4915; x_wconf 66' lang='lat' dir='ltr'><strong>quae</strong></span> <span class='ocrx_word' id='word_1_724' title='bbox 1981 4843 2216 4897; x_wconf 77' lang='lat' dir='ltr'><strong>maxime</strong></span> 
     </span>
    </p>
   </div>
   <div class='ocr_carea' id='block_1_94' title="bbox 643 4936 2216 5015">
    <p class='ocr_par' dir='ltr' id='par_1_94' title="bbox 643 4936 2216 5015">
     <span class='ocr_line' id='line_1_95' title="bbox 643 4936 2216 5015; baseline -0.013 -11"><span class='ocrx_word' id='word_1_725' title='bbox 643 4951 1000 5004; x_wconf 84' lang='lat' dir='ltr'><strong>conﬁrmatur</strong></span> <span class='ocrx_word' id='word_1_726' title='bbox 1056 4945 1374 5015; x_wconf 79' lang='lat' dir='ltr'><strong>mysterium</strong></span> <span class='ocrx_word' id='word_1_727' title='bbox 1429 4939 1694 4995; x_wconf 88' lang='lat' dir='ltr'><strong>veritatis.</strong></span> <span class='ocrx_word' id='word_1_728' title='bbox 1731 4936 1806 4991; x_wconf 87' lang='lat' dir='ltr'><strong>Ea</strong></span> <span class='ocrx_word' id='word_1_729' title='bbox 1854 4945 2034 4991; x_wconf 89' lang='lat' dir='ltr'><strong>autem</strong></span> <span class='ocrx_word' id='word_1_730' title='bbox 2088 4938 2216 4989; x_wconf 88' lang='lat' dir='ltr'><strong>sunt</strong></span> 
     </span>
    </p>
   </div>
   <div class='ocr_carea' id='block_1_95' title="bbox 645 5021 2217 5110">
    <p class='ocr_par' dir='ltr' id='par_1_95' title="bbox 645 5021 2217 5110">
     <span class='ocr_line' id='line_1_96' title="bbox 645 5021 2217 5110; baseline -0.013 -14"><span class='ocrx_word' id='word_1_731' title='bbox 645 5043 882 5096; x_wconf 88' lang='lat' dir='ltr'><strong>humana</strong></span> <span class='ocrx_word' id='word_1_732' title='bbox 913 5037 1214 5110; x_wconf 79' lang='lat' dir='ltr'><strong>generatio,</strong></span> <span class='ocrx_word' id='word_1_733' title='bbox 1262 5045 1315 5090; x_wconf 93' lang='lat' dir='ltr'><strong>et</strong></span> <span class='ocrx_word' id='word_1_734' title='bbox 1353 5034 1422 5088; x_wconf 90' lang='lat' dir='ltr'><strong>ab</strong></span> <span class='ocrx_word' id='word_1_735' title='bbox 1453 5030 1683 5087; x_wconf 78' lang='lat' dir='ltr'><strong>infantia</strong></span> <span class='ocrx_word' id='word_1_736' title='bbox 1719 5029 2118 5083; x_wconf 89' lang='lat' dir='ltr'><strong>incrementum</strong></span> <span class='ocrx_word' id='word_1_737' title='bbox 2149 5021 2217 5076; x_wconf 87' lang='lat' dir='ltr'><strong>ad</strong></span> 
     </span>
    </p>
   </div>
   <div class='ocr_carea' id='block_1_96' title="bbox 646 5117 2220 5200">
    <p class='ocr_par' dir='ltr' id='par_1_96' title="bbox 646 5117 2220 5200">
     <span class='ocr_line' id='line_1_97' title="bbox 646 5117 2220 5200; baseline -0.012 -17"><span class='ocrx_word' id='word_1_738' title='bbox 646 5131 1054 5200; x_wconf 58' lang='lat' dir='ltr'><strong>perlectionen‘i,</strong></span> <span class='ocrx_word' id='word_1_739' title='bbox 1103 5127 1368 5194; x_wconf 90' lang='lat' dir='ltr'><strong>cibusque</strong></span> <span class='ocrx_word' id='word_1_740' title='bbox 1398 5130 1451 5176; x_wconf 92' lang='lat' dir='ltr'><strong>et</strong></span> <span class='ocrx_word' id='word_1_741' title='bbox 1493 5131 1674 5191; x_wconf 91' lang='lat' dir='ltr'><strong>polus,</strong></span> <span class='ocrx_word' id='word_1_742' title='bbox 1709 5127 1764 5174; x_wconf 93' lang='lat' dir='ltr'><strong>et</strong></span> <span class='ocrx_word' id='word_1_743' title='bbox 1793 5117 1951 5171; x_wconf 87' lang='lat' dir='ltr'><strong>labor</strong></span> <span class='ocrx_word' id='word_1_744' title='bbox 1977 5123 2031 5168; x_wconf 92' lang='lat' dir='ltr'><strong>et</strong></span> <span class='ocrx_word' id='word_1_745' title='bbox 2075 5126 2220 5168; x_wconf 89' lang='lat' dir='ltr'><strong>som-</strong></span> 
     </span>
    </p>
   </div>
   <div class='ocr_carea' id='block_1_97' title="bbox 647 5207 2214 5292">
    <p class='ocr_par' dir='ltr' id='par_1_97' title="bbox 647 5207 2214 5292">
     <span class='ocr_line' id='line_1_98' title="bbox 647 5207 2214 5292; baseline -0.012 -16"><span class='ocrx_word' id='word_1_746' title='bbox 647 5240 773 5286; x_wconf 88' lang='lat' dir='ltr'><strong>nus,</strong></span> <span class='ocrx_word' id='word_1_747' title='bbox 823 5220 1087 5292; x_wconf 67' lang='lat' dir='ltr'><strong>aegritudo</strong></span> <span class='ocrx_word' id='word_1_748' title='bbox 1119 5227 1173 5274; x_wconf 87' lang='lat' dir='ltr'><strong>et</strong></span> <span class='ocrx_word' id='word_1_749' title='bbox 1218 5217 1490 5286; x_wconf 77' lang='lat' dir='ltr'><strong>lacrymae,</strong></span> <span class='ocrx_word' id='word_1_750' title='bbox 1540 5211 1814 5267; x_wconf 85' lang='lat' dir='ltr'><strong>calumnia</strong></span> <span class='ocrx_word' id='word_1_751' title='bbox 1847 5216 1900 5263; x_wconf 91' lang='lat' dir='ltr'><strong>et</strong></span> <span class='ocrx_word' id='word_1_752' title='bbox 1927 5207 2214 5277; x_wconf 88' lang='lat' dir='ltr'><strong>judicium,</strong></span> 
     </span>
    </p>
   </div>
   <div class='ocr_carea' id='block_1_98' title="bbox 647 5295 2216 5380">
    <p class='ocr_par' dir='ltr' id='par_1_98' title="bbox 647 5295 2216 5380">
     <span class='ocr_line' id='line_1_99' title="bbox 647 5295 2216 5380; baseline -0.011 -12"><span class='ocrx_word' id='word_1_753' title='bbox 647 5331 782 5368; x_wconf 83' lang='lat' dir='ltr'><strong>crux</strong></span> <span class='ocrx_word' id='word_1_754' title='bbox 829 5325 881 5368; x_wconf 85' lang='lat' dir='ltr'><strong>et</strong></span> <span class='ocrx_word' id='word_1_755' title='bbox 931 5329 1101 5378; x_wconf 89' lang='lat' dir='ltr'><strong>mors,</strong></span> <span class='ocrx_word' id='word_1_756' title='bbox 1159 5311 1387 5380; x_wconf 85' lang='lat' dir='ltr'><strong>ejusque</strong></span> <span class='ocrx_word' id='word_1_757' title='bbox 1427 5307 1693 5376; x_wconf 81' lang='lat' dir='ltr'><strong>depositio</strong></span> <span class='ocrx_word' id='word_1_758' title='bbox 1746 5295 1800 5355; x_wconf 83' lang='lat' dir='ltr'><strong>in</strong></span> <span class='ocrx_word' id='word_1_759' title='bbox 1845 5305 2216 5354; x_wconf 84' lang='lat' dir='ltr'><strong>monumento.</strong></span> 
     </span>
    </p>
   </div>
   <div class='ocr_carea' id='block_1_99' title="bbox 651 5391 2220 5470">
    <p class='ocr_par' dir='ltr' id='par_1_99' title="bbox 651 5391 2220 5470">
     <span class='ocr_line' id='line_1_100' title="bbox 651 5391 2220 5470; baseline -0.01 -13"><span class='ocrx_word' id='word_1_760' title='bbox 651 5403 776 5457; x_wconf 76' lang='lat' dir='ltr'><strong>llzec</strong></span> <span class='ocrx_word' id='word_1_761' title='bbox 809 5403 952 5456; x_wconf 90' lang='lat' dir='ltr'><strong>enim</strong></span> <span class='ocrx_word' id='word_1_762' title='bbox 982 5404 1144 5459; x_wconf 90' lang='lat' dir='ltr'><strong>simul</strong></span> <span class='ocrx_word' id='word_1_763' title='bbox 1181 5409 1464 5470; x_wconf 87' lang='lat' dir='ltr'><strong>assumpta</strong></span> <span class='ocrx_word' id='word_1_764' title='bbox 1493 5413 1616 5453; x_wconf 90' lang='lat' dir='ltr'><strong>cum</strong></span> <span class='ocrx_word' id='word_1_765' title='bbox 1643 5392 1925 5464; x_wconf 85' lang='lat' dir='ltr'><strong>mysterio,</strong></span> <span class='ocrx_word' id='word_1_766' title='bbox 1964 5391 2220 5444; x_wconf 89' lang='lat' dir='ltr'><strong>hebetant</strong></span> 
     </span>
    </p>
   </div>
   <div class='ocr_carea' id='block_1_100' title="bbox 649 5479 2222 5559">
    <p class='ocr_par' dir='ltr' id='par_1_100' title="bbox 649 5479 2222 5559">
     <span class='ocr_line' id='line_1_101' title="bbox 649 5479 2222 5559; baseline -0.01 -13"><span class='ocrx_word' id='word_1_767' title='bbox 649 5490 1048 5559; x_wconf 79' lang='lat' dir='ltr'><strong>quodammodo</strong></span> <span class='ocrx_word' id='word_1_768' title='bbox 1091 5493 1249 5546; x_wconf 87' lang='lat' dir='ltr'><strong>tidem</strong></span> <span class='ocrx_word' id='word_1_769' title='bbox 1303 5505 1490 5546; x_wconf 90' lang='lat' dir='ltr'><strong>eorum</strong></span> <span class='ocrx_word' id='word_1_770' title='bbox 1520 5487 1614 5557; x_wconf 89' lang='lat' dir='ltr'><strong>qui</strong></span> <span class='ocrx_word' id='word_1_771' title='bbox 1648 5491 1778 5540; x_wconf 89' lang='lat' dir='ltr'><strong>sunt</strong></span> <span class='ocrx_word' id='word_1_772' title='bbox 1826 5481 2008 5553; x_wconf 90' lang='lat' dir='ltr'><strong>pusilli</strong></span> <span class='ocrx_word' id='word_1_773' title='bbox 2042 5490 2096 5535; x_wconf 90' lang='lat' dir='ltr'><strong>et</strong></span> <span class='ocrx_word' id='word_1_774' title='bbox 2127 5479 2222 5532; x_wconf 84' lang='lat' dir='ltr'><strong>ab-</strong></span> 
     </span>
    </p>
   </div>
   <div class='ocr_carea' id='block_1_101' title="bbox 646 5569 2222 5652">
    <p class='ocr_par' dir='ltr' id='par_1_101' title="bbox 646 5569 2222 5652">
     <span class='ocr_line' id='line_1_102' title="bbox 646 5569 2222 5652; baseline -0.01 -14"><span class='ocrx_word' id='word_1_775' title='bbox 646 5582 777 5652; x_wconf 84' lang='lat' dir='ltr'><strong>jecti</strong></span> <span class='ocrx_word' id='word_1_776' title='bbox 803 5580 992 5641; x_wconf 89' lang='lat' dir='ltr'><strong>animi,</strong></span> <span class='ocrx_word' id='word_1_777' title='bbox 1027 5588 1086 5633; x_wconf 83' lang='lat' dir='ltr'><strong>ut</strong></span> <span class='ocrx_word' id='word_1_778' title='bbox 1113 5597 1213 5635; x_wconf 84' lang='lat' dir='ltr'><strong>nec</strong></span> <span class='ocrx_word' id='word_1_779' title='bbox 1241 5597 1303 5636; x_wconf 90' lang='lat' dir='ltr'><strong>ea</strong></span> <span class='ocrx_word' id='word_1_780' title='bbox 1334 5580 1552 5650; x_wconf 89' lang='lat' dir='ltr'><strong>quidem</strong></span> <span class='ocrx_word' id='word_1_781' title='bbox 1587 5589 1708 5646; x_wconf 62' lang='lat' dir='ltr'><strong>quas</strong></span> <span class='ocrx_word' id='word_1_782' title='bbox 1736 5573 1998 5641; x_wconf 90' lang='lat' dir='ltr'><strong>deinceps</strong></span> <span class='ocrx_word' id='word_1_783' title='bbox 2029 5569 2222 5626; x_wconf 84' lang='lat' dir='ltr'><strong>dicun-</strong></span> 
     </span>
    </p>
   </div>
   <div class='ocr_carea' id='block_1_102' title="bbox 652 5664 2218 5743">
    <p class='ocr_par' dir='ltr' id='par_1_102' title="bbox 652 5664 2218 5743">
     <span class='ocr_line' id='line_1_103' title="bbox 652 5664 2218 5743; baseline -0.008 -16"><span class='ocrx_word' id='word_1_784' title='bbox 652 5681 742 5727; x_wconf 91' lang='lat' dir='ltr'><strong>tur</strong></span> <span class='ocrx_word' id='word_1_785' title='bbox 800 5670 1110 5734; x_wconf 85' lang='lat' dir='ltr'><strong>admittant,</strong></span> <span class='ocrx_word' id='word_1_786' title='bbox 1151 5679 1461 5743; x_wconf 80' lang='lat' dir='ltr'><strong>propterea</strong></span> <span class='ocrx_word' id='word_1_787' title='bbox 1502 5684 1621 5740; x_wconf 84' lang='lat' dir='ltr'><strong>quae</strong></span> <span class='ocrx_word' id='word_1_788' title='bbox 1665 5667 1818 5738; x_wconf 89' lang='lat' dir='ltr'><strong>prius</strong></span> <span class='ocrx_word' id='word_1_789' title='bbox 1875 5664 2021 5718; x_wconf 89' lang='lat' dir='ltr'><strong>dicta</strong></span> <span class='ocrx_word' id='word_1_790' title='bbox 2071 5669 2218 5716; x_wconf 88' lang='lat' dir='ltr'><strong>sunt.</strong></span> 
     </span>
    </p>
   </div>
   <div class='ocr_carea' id='block_1_103' title="bbox 651 5753 2222 5831">
    <p class='ocr_par' dir='ltr' id='par_1_103' title="bbox 651 5753 2222 5831">
     <span class='ocr_line' id='line_1_104' title="bbox 651 5753 2222 5831; baseline -0.008 -13"><span class='ocrx_word' id='word_1_791' title='bbox 651 5764 783 5831; x_wconf 81' lang='lat' dir='ltr'><strong>Quae</strong></span> <span class='ocrx_word' id='word_1_792' title='bbox 805 5762 947 5818; x_wconf 90' lang='lat' dir='ltr'><strong>enim</strong></span> <span class='ocrx_word' id='word_1_793' title='bbox 988 5761 1156 5818; x_wconf 90' lang='lat' dir='ltr'><strong>Deum</strong></span> <span class='ocrx_word' id='word_1_794' title='bbox 1186 5761 1338 5817; x_wconf 89' lang='lat' dir='ltr'><strong>decet</strong></span> <span class='ocrx_word' id='word_1_795' title='bbox 1374 5778 1438 5817; x_wconf 77' lang='lat' dir='ltr'><strong>ex</strong></span> <span class='ocrx_word' id='word_1_796' title='bbox 1470 5759 1704 5816; x_wconf 87' lang='lat' dir='ltr'><strong>mortuis</strong></span> <span class='ocrx_word' id='word_1_797' title='bbox 1730 5753 2084 5819; x_wconf 87' lang='lat' dir='ltr'><strong>resurrectio,</strong></span> <span class='ocrx_word' id='word_1_798' title='bbox 2112 5765 2222 5808; x_wconf 92' lang='lat' dir='ltr'><strong>non</strong></span> 
     </span>
    </p>
   </div>
   <div class='ocr_carea' id='block_1_104' title="bbox 2313 4546 3881 4644">
    <p class='ocr_par' dir='ltr' id='par_1_104' title="bbox 2313 4546 3881 4644">
     <span class='ocr_line' id='line_1_105' title="bbox 2313 4546 3881 4644; baseline -0.018 -18"><span class='ocrx_word' id='word_1_799' title='bbox 2313 4572 2449 4644; x_wconf 82' lang='grc' dir='ltr'>πρὸς</span> <span class='ocrx_word' id='word_1_800' title='bbox 2475 4567 2536 4621; x_wconf 89' lang='grc' dir='ltr'><strong>τὸ</strong></span> <span class='ocrx_word' id='word_1_801' title='bbox 2561 4563 2849 4621; x_wconf 84' lang='grc' dir='ltr'>ἀκόλουθον</span> <span class='ocrx_word' id='word_1_802' title='bbox 2882 4559 3091 4630; x_wconf 83' lang='grc' dir='ltr'>βλέπων</span> <span class='ocrx_word' id='word_1_803' title='bbox 3111 4596 3126 4620; x_wconf 93' lang='grc'><strong>,</strong></span> <span class='ocrx_word' id='word_1_804' title='bbox 3164 4553 3252 4608; x_wconf 87' lang='grc' dir='ltr'><strong>διά</strong></span> <span class='ocrx_word' id='word_1_805' title='bbox 3291 4552 3353 4604; x_wconf 89' lang='grc' dir='ltr'><strong>τὸ</strong></span> <span class='ocrx_word' id='word_1_806' title='bbox 3397 4550 3471 4621; x_wconf 86' lang='grc' dir='ltr'>μὴ</span> <span class='ocrx_word' id='word_1_807' title='bbox 3499 4549 3673 4644; x_wconf 66' lang='grc' dir='ltr'>δοκεῖν</span> <span class='ocrx_word' id='word_1_808' title='bbox 3699 4546 3801 4613; x_wconf 73' lang='grc' dir='ltr'><strong>ἔξω</strong></span> <span class='ocrx_word' id='word_1_809' title='bbox 3827 4563 3881 4599; x_wconf 88' lang='grc' dir='ltr'><strong>τι</strong></span> 
     </span>
    </p>
   </div>
   <div class='ocr_carea' id='block_1_105' title="bbox 2311 4634 3882 4732">
    <p class='ocr_par' dir='ltr' id='par_1_105' title="bbox 2311 4634 3882 4732">
     <span class='ocr_line' id='line_1_106' title="bbox 2311 4634 3882 4732; baseline -0.018 -17"><span class='ocrx_word' id='word_1_810' title='bbox 2311 4634 2410 4732; x_wconf 51' lang='lat' dir='ltr'><strong>circ</strong></span> <span class='ocrx_word' id='word_1_811' title='bbox 2449 4652 2785 4727; x_wconf 81' lang='grc' dir='ltr'>θεοπρεποῦς</span> <span class='ocrx_word' id='word_1_812' title='bbox 2820 4649 3027 4711; x_wconf 86' lang='grc' dir='ltr'>ὲννοίας</span> <span class='ocrx_word' id='word_1_813' title='bbox 3057 4645 3164 4700; x_wconf 89' lang='grc' dir='ltr'><strong>τῶν</strong></span> <span class='ocrx_word' id='word_1_814' title='bbox 3210 4641 3512 4732; x_wconf 71' lang='grc' dir='ltr'>εἰρημένων</span> <span class='ocrx_word' id='word_1_815' title='bbox 3543 4634 3701 4692; x_wconf 75' lang='grc' dir='ltr'>εἶναι·</span> <span class='ocrx_word' id='word_1_816' title='bbox 3746 4636 3882 4708; x_wconf 86' lang='grc' dir='ltr'>πρὸς</span> 
     </span>
    </p>
   </div>
   <div class='ocr_carea' id='block_1_106' title="bbox 2313 4726 3882 4818">
    <p class='ocr_par' dir='ltr' id='par_1_106' title="bbox 2313 4726 3882 4818">
     <span class='ocr_line' id='line_1_107' title="bbox 2313 4726 3882 4818; baseline -0.018 -12"><span class='ocrx_word' id='word_1_817' title='bbox 2313 4726 2464 4806; x_wconf 43' lang='lat' dir='ltr'><strong>821d</strong></span> <span class='ocrx_word' id='word_1_818' title='bbox 2493 4726 2708 4818; x_wconf 76' lang='grc' dir='ltr'>ἐφεξῆς,</span> <span class='ocrx_word' id='word_1_819' title='bbox 2739 4745 2838 4814; x_wconf 82' lang='grc' dir='ltr'>οὐχ</span> <span class='ocrx_word' id='word_1_820' title='bbox 2863 4740 3060 4811; x_wconf 84' lang='grc' dir='ltr'>ὁμοίως</span> <span class='ocrx_word' id='word_1_821' title='bbox 3080 4737 3210 4800; x_wconf 74' lang='grc' dir='ltr'>ἕξει,</span> <span class='ocrx_word' id='word_1_822' title='bbox 3238 4735 3303 4788; x_wconf 85' lang='grc' dir='ltr'>δι’</span> <span class='ocrx_word' id='word_1_823' title='bbox 3328 4726 3402 4786; x_wconf 85' lang='grc' dir='ltr'>ὧν</span> <span class='ocrx_word' id='word_1_824' title='bbox 3429 4731 3661 4802; x_wconf 87' lang='grc' dir='ltr'>μάλιστα</span> <span class='ocrx_word' id='word_1_825' title='bbox 3689 4727 3749 4781; x_wconf 90' lang='grc' dir='ltr'><strong>τὸ</strong></span> <span class='ocrx_word' id='word_1_826' title='bbox 3779 4745 3882 4798; x_wconf 88' lang='grc' dir='ltr'>μυ-</span> 
     </span>
    </p>
   </div>
   <div class='ocr_carea' id='block_1_107' title="bbox 2317 4821 3883 4915">
    <p class='ocr_par' dir='ltr' id='par_1_107' title="bbox 2317 4821 3883 4915">
     <span class='ocr_line' id='line_1_108' title="bbox 2317 4821 3883 4915; baseline -0.017 -17"><span class='ocrx_word' id='word_1_827' title='bbox 2317 4845 2533 4915; x_wconf 87' lang='grc' dir='ltr'>στήριον</span> <span class='ocrx_word' id='word_1_828' title='bbox 2577 4841 2679 4910; x_wconf 82' lang='grc' dir='ltr'><strong>τῆς</strong></span> <span class='ocrx_word' id='word_1_829' title='bbox 2727 4833 2982 4906; x_wconf 86' lang='grc' dir='ltr'>ἀληθείας</span> <span class='ocrx_word' id='word_1_830' title='bbox 3025 4831 3376 4902; x_wconf 82' lang='grc' dir='ltr'><strong>κρατύνεται⁸</strong></span> <span class='ocrx_word' id='word_1_831' title='bbox 3423 4825 3634 4892; x_wconf 88' lang='grc' dir='ltr'>γένεσις</span> <span class='ocrx_word' id='word_1_832' title='bbox 3673 4821 3883 4891; x_wconf 83' lang='grc' dir='ltr'>ἀνθρω-</span> 
     </span>
    </p>
   </div>
   <div class='ocr_carea' id='block_1_108' title="bbox 2316 4911 3882 5004">
    <p class='ocr_par' dir='ltr' id='par_1_108' title="bbox 2316 4911 3882 5004">
     <span class='ocr_line' id='line_1_109' title="bbox 2316 4911 3882 5004; baseline -0.017 -15"><span class='ocrx_word' id='word_1_833' title='bbox 2316 4911 2466 5004; x_wconf 77' lang='grc' dir='ltr'>πίνη,</span> <span class='ocrx_word' id='word_1_834' title='bbox 2500 4931 2594 4986; x_wconf 73' lang='grc' dir='ltr'>καὶ</span> <span class='ocrx_word' id='word_1_835' title='bbox 2622 4932 2686 4983; x_wconf 83' lang='grc' dir='ltr'>ὲκ</span> <span class='ocrx_word' id='word_1_836' title='bbox 2715 4927 2908 4999; x_wconf 88' lang='grc' dir='ltr'>νηπίου</span> <span class='ocrx_word' id='word_1_837' title='bbox 2938 4922 3072 4994; x_wconf 89' lang='grc' dir='ltr'>πρὸς</span> <span class='ocrx_word' id='word_1_838' title='bbox 3100 4919 3374 4974; x_wconf 85' lang='grc' dir='ltr'>τελείωσιν</span> <span class='ocrx_word' id='word_1_839' title='bbox 3405 4915 3648 4986; x_wconf 63' lang='grc' dir='ltr'>αὔξησις</span> <span class='ocrx_word' id='word_1_840' title='bbox 3683 4911 3882 4983; x_wconf 88' lang='grc' dir='ltr'>βρῶσίς</span> 
     </span>
    </p>
   </div>
   <div class='ocr_carea' id='block_1_109' title="bbox 2316 5002 3883 5084">
    <p class='ocr_par' dir='ltr' id='par_1_109' title="bbox 2316 5002 3883 5084">
     <span class='ocr_line' id='line_1_110' title="bbox 2316 5002 3883 5084; baseline -0.017 -4"><span class='ocrx_word' id='word_1_841' title='bbox 2316 5044 2375 5078; x_wconf 88' lang='grc' dir='ltr'><strong>τε</strong></span> <span class='ocrx_word' id='word_1_842' title='bbox 2417 5002 2530 5079; x_wconf 68' lang='grc' dir='ltr'>καὶ*</span> <span class='ocrx_word' id='word_1_843' title='bbox 2552 5023 2740 5084; x_wconf 87' lang='grc' dir='ltr'>πόσις,</span> <span class='ocrx_word' id='word_1_844' title='bbox 2766 5019 2859 5071; x_wconf 72' lang='grc' dir='ltr'>καὶ</span> <span class='ocrx_word' id='word_1_845' title='bbox 2893 5015 3078 5077; x_wconf 88' lang='grc' dir='ltr'>κόπος,</span> <span class='ocrx_word' id='word_1_846' title='bbox 3111 5010 3202 5064; x_wconf 69' lang='grc' dir='ltr'><strong>καὶ</strong></span> <span class='ocrx_word' id='word_1_847' title='bbox 3237 5008 3421 5071; x_wconf 76' lang='grc' dir='ltr'>ὕπνος,</span> <span class='ocrx_word' id='word_1_848' title='bbox 3456 5007 3549 5060; x_wconf 68' lang='grc' dir='ltr'><strong>καὶ</strong></span> <span class='ocrx_word' id='word_1_849' title='bbox 3585 5003 3748 5072; x_wconf 82' lang='grc' dir='ltr'>λύπη,</span> <span class='ocrx_word' id='word_1_850' title='bbox 3791 5002 3883 5054; x_wconf 74' lang='grc' dir='ltr'>καὶ</span> 
     </span>
    </p>
   </div>
   <div class='ocr_carea' id='block_1_110' title="bbox 2317 5092 3880 5186">
    <p class='ocr_par' dir='ltr' id='par_1_110' title="bbox 2317 5092 3880 5186">
     <span class='ocr_line' id='line_1_111' title="bbox 2317 5092 3880 5186; baseline -0.017 -16"><span class='ocrx_word' id='word_1_851' title='bbox 2317 5117 2570 5186; x_wconf 82' lang='grc' dir='ltr'>δάκρυον,</span> <span class='ocrx_word' id='word_1_852' title='bbox 2593 5109 2924 5178; x_wconf 84' lang='grc' dir='ltr'>συκοφαντία</span> <span class='ocrx_word' id='word_1_853' title='bbox 2942 5123 3000 5159; x_wconf 88' lang='grc' dir='ltr'><strong>τε</strong></span> <span class='ocrx_word' id='word_1_854' title='bbox 3017 5104 3109 5158; x_wconf 69' lang='grc' dir='ltr'>καὶ</span> <span class='ocrx_word' id='word_1_855' title='bbox 3132 5100 3498 5170; x_wconf 80' lang='grc' dir='ltr'>δικαστήριον,</span> <span class='ocrx_word' id='word_1_856' title='bbox 3517 5096 3611 5150; x_wconf 78' lang='grc' dir='ltr'>καὶ</span> <span class='ocrx_word' id='word_1_857' title='bbox 3635 5092 3880 5165; x_wconf 85' lang='grc' dir='ltr'>σταυρὸς,</span> 
     </span>
    </p>
   </div>
   <div class='ocr_carea' id='block_1_111' title="bbox 2320 5183 3884 5267">
    <p class='ocr_par' dir='ltr' id='par_1_111' title="bbox 2320 5183 3884 5267">
     <span class='ocr_line' id='line_1_112' title="bbox 2320 5183 3884 5267; baseline -0.017 -8"><span class='ocrx_word' id='word_1_858' title='bbox 2320 5206 2413 5258; x_wconf 69' lang='grc' dir='ltr'>καὶ</span> <span class='ocrx_word' id='word_1_859' title='bbox 2426 5183 2679 5264; x_wconf 78' lang='grc' dir='ltr'>θάνατος,</span> <span class='ocrx_word' id='word_1_860' title='bbox 2705 5199 2798 5252; x_wconf 74' lang='grc' dir='ltr'>καὶ</span> <span class='ocrx_word' id='word_1_861' title='bbox 2819 5199 2851 5267; x_wconf 82' lang='grc' dir='ltr'>ἡ</span> <span class='ocrx_word' id='word_1_862' title='bbox 2872 5198 2930 5249; x_wconf 83' lang='grc' dir='ltr'>ὲν</span> <span class='ocrx_word' id='word_1_863' title='bbox 2955 5191 3202 5264; x_wconf 85' lang='grc' dir='ltr'>μνημείῳ</span> <span class='ocrx_word' id='word_1_864' title='bbox 3223 5189 3388 5250; x_wconf 82' lang='grc' dir='ltr'>θέσις.</span> <span class='ocrx_word' id='word_1_865' title='bbox 3419 5185 3602 5238; x_wconf 78' lang='grc' dir='ltr'>Ταῦτα</span> <span class='ocrx_word' id='word_1_866' title='bbox 3628 5183 3731 5254; x_wconf 82' lang='grc' dir='ltr'>γὰρ</span> <span class='ocrx_word' id='word_1_867' title='bbox 3753 5199 3884 5250; x_wconf 88' lang='grc' dir='ltr'>συμ-</span> 
     </span>
    </p>
   </div>
   <div class='ocr_carea' id='block_1_112' title="bbox 2323 5273 3880 5366">
    <p class='ocr_par' dir='ltr' id='par_1_112' title="bbox 2323 5273 3880 5366">
     <span class='ocr_line' id='line_1_113' title="bbox 2323 5273 3880 5366; baseline -0.016 -17"><span class='ocrx_word' id='word_1_868' title='bbox 2323 5291 2855 5366; x_wconf 75' lang='grc' dir='ltr'>παραλαμϐανόμενα</span> <span class='ocrx_word' id='word_1_869' title='bbox 2883 5287 2960 5357; x_wconf 83' lang='grc' dir='ltr'><strong>τῷ</strong></span> <span class='ocrx_word' id='word_1_870' title='bbox 3008 5283 3309 5355; x_wconf 84' lang='grc' dir='ltr'>μυστηρίῳ,</span> <span class='ocrx_word' id='word_1_871' title='bbox 3338 5277 3601 5350; x_wconf 83' lang='grc' dir='ltr'>ἀμϐλύνει</span> <span class='ocrx_word' id='word_1_872' title='bbox 3634 5293 3746 5339; x_wconf 89' lang='grc' dir='ltr'><strong>πως</strong></span> <span class='ocrx_word' id='word_1_873' title='bbox 3777 5273 3880 5326; x_wconf 90' lang='grc' dir='ltr'><strong>τῶν</strong></span> 
     </span>
    </p>
   </div>
   <div class='ocr_carea' id='block_1_113' title="bbox 2326 5363 3879 5456">
    <p class='ocr_par' dir='ltr' id='par_1_113' title="bbox 2326 5363 3879 5456">
     <span class='ocr_line' id='line_1_114' title="bbox 2326 5363 3879 5456; baseline -0.017 -17"><span class='ocrx_word' id='word_1_874' title='bbox 2326 5363 2798 5456; x_wconf 62' lang='grc' dir='ltr'>μικροψυχοτέρων</span> <span class='ocrx_word' id='word_1_875' title='bbox 2825 5380 2923 5449; x_wconf 76' lang='grc' dir='ltr'>τὴν</span> <span class='ocrx_word' id='word_1_876' title='bbox 2958 5377 3158 5440; x_wconf 86' lang='grc' dir='ltr'>πίστιν,</span> <span class='ocrx_word' id='word_1_877' title='bbox 3191 5373 3266 5436; x_wconf 87' lang='grc' dir='ltr'>ὡς</span> <span class='ocrx_word' id='word_1_878' title='bbox 3302 5370 3434 5442; x_wconf 85' lang='grc' dir='ltr'>μηδὲ</span> <span class='ocrx_word' id='word_1_879' title='bbox 3467 5369 3527 5422; x_wconf 89' lang='grc' dir='ltr'><strong>τὸ</strong></span> <span class='ocrx_word' id='word_1_880' title='bbox 3561 5367 3752 5436; x_wconf 73' lang='grc' dir='ltr'>ἑφεξῆς</span> <span class='ocrx_word' id='word_1_881' title='bbox 3777 5363 3879 5416; x_wconf 89' lang='grc' dir='ltr'><strong>τῶν</strong></span> 
     </span>
    </p>
   </div>
   <div class='ocr_carea' id='block_1_114' title="bbox 2321 5450 3880 5543">
    <p class='ocr_par' dir='ltr' id='par_1_114' title="bbox 2321 5450 3880 5543">
     <span class='ocr_line' id='line_1_115' title="bbox 2321 5450 3880 5543; baseline -0.017 -15"><span class='ocrx_word' id='word_1_882' title='bbox 2321 5450 2625 5543; x_wconf 80' lang='grc' dir='ltr'>λεγομένων</span> <span class='ocrx_word' id='word_1_883' title='bbox 2655 5450 2742 5523; x_wconf 74' lang='grc' dir='ltr'><strong>δίά</strong></span> <span class='ocrx_word' id='word_1_884' title='bbox 2765 5469 2833 5540; x_wconf 76' lang='grc' dir='ltr'><strong>τά</strong></span> <span class='ocrx_word' id='word_1_885' title='bbox 2863 5463 3231 5539; x_wconf 86' lang='grc' dir='ltr'>προειρημένα</span> <span class='ocrx_word' id='word_1_886' title='bbox 3259 5454 3783 5530; x_wconf 86' lang='grc' dir='ltr'>συμπαραδέχεσθαι.</span> <span class='ocrx_word' id='word_1_887' title='bbox 3811 5450 3880 5502; x_wconf 86' lang='grc' dir='ltr'>Τὸ</span> 
     </span>
    </p>
   </div>
   <div class='ocr_carea' id='block_1_115' title="bbox 2321 5540 3882 5634">
    <p class='ocr_par' dir='ltr' id='par_1_115' title="bbox 2321 5540 3882 5634">
     <span class='ocr_line' id='line_1_116' title="bbox 2321 5540 3882 5634; baseline -0.017 -17"><span class='ocrx_word' id='word_1_888' title='bbox 2321 5540 2431 5634; x_wconf 82' lang='grc' dir='ltr'><strong>γὰρ</strong></span> <span class='ocrx_word' id='word_1_889' title='bbox 2455 5540 2758 5632; x_wconf 22' lang='grc' dir='ltr'>*θεοπρεπὲς</span> <span class='ocrx_word' id='word_1_890' title='bbox 2789 5559 2888 5628; x_wconf 84' lang='grc' dir='ltr'>τῆς</span> <span class='ocrx_word' id='word_1_891' title='bbox 2925 5558 2989 5608; x_wconf 83' lang='grc' dir='ltr'>ἐκ</span> <span class='ocrx_word' id='word_1_892' title='bbox 3022 5551 3228 5623; x_wconf 88' lang='grc' dir='ltr'>νεκρῶν</span> <span class='ocrx_word' id='word_1_893' title='bbox 3275 5547 3651 5610; x_wconf 81' lang='grc' dir='ltr'>ἀναστάσεως,</span> <span class='ocrx_word' id='word_1_894' title='bbox 3697 5541 3779 5594; x_wconf 82' lang='grc' dir='ltr'>διὰ</span> <span class='ocrx_word' id='word_1_895' title='bbox 3821 5540 3882 5590; x_wconf 87' lang='grc' dir='ltr'><strong>τὸ</strong></span> 
     </span>
    </p>
   </div>
   <div class='ocr_carea' id='block_1_116' title="bbox 2323 5630 3880 5726">
    <p class='ocr_par' dir='ltr' id='par_1_116' title="bbox 2323 5630 3880 5726">
     <span class='ocr_line' id='line_1_117' title="bbox 2323 5630 3880 5726; baseline -0.017 -17"><span class='ocrx_word' id='word_1_896' title='bbox 2323 5630 2451 5726; x_wconf 74' lang='grc' dir='ltr'>περὶ</span> <span class='ocrx_word' id='word_1_897' title='bbox 2489 5630 2848 5705; x_wconf 24' lang='grc' dir='ltr'>τὸννθάνατον</span> <span class='ocrx_word' id='word_1_898' title='bbox 2897 5644 3142 5716; x_wconf 82' lang='grc' dir='ltr'>ἀπρεπὲς</span> <span class='ocrx_word' id='word_1_899' title='bbox 3186 5641 3246 5695; x_wconf 62' lang='lat' dir='ltr'><strong>es</strong></span> <span class='ocrx_word' id='word_1_900' title='bbox 3303 5639 3605 5711; x_wconf 90' lang='grc' dir='ltr'>προσίεται.</span> <span class='ocrx_word' id='word_1_901' title='bbox 3639 5630 3785 5726; x_wconf 36' lang='grc' dir='ltr'>,Ἐγὼ</span> <span class='ocrx_word' id='word_1_902' title='bbox 3827 5631 3880 5683; x_wconf 81' lang='grc' dir='ltr'><strong>δὲ</strong></span> 
     </span>
    </p>
   </div>
   <div class='ocr_carea' id='block_1_117' title="bbox 2325 5713 3891 5818">
    <p class='ocr_par' dir='ltr' id='par_1_117' title="bbox 2325 5713 3891 5818">
     <span class='ocr_line' id='line_1_118' title="bbox 2325 5713 3891 5818; baseline -0.013 -20"><span class='ocrx_word' id='word_1_903' title='bbox 2325 5713 2585 5818; x_wconf 69' lang='grc' dir='ltr'>πρότερον</span> <span class='ocrx_word' id='word_1_904' title='bbox 2614 5737 2765 5813; x_wconf 74' lang='grc' dir='ltr'>οἶμαι</span> <span class='ocrx_word' id='word_1_905' title='bbox 2793 5739 2901 5794; x_wconf 79' lang='grc' dir='ltr'>δεῖν</span> <span class='ocrx_word' id='word_1_906' title='bbox 2935 5713 3126 5807; x_wconf 68' lang='grc' dir='ltr'>μίκρὸν</span> <span class='ocrx_word' id='word_1_907' title='bbox 3163 5734 3262 5804; x_wconf 78' lang='grc' dir='ltr'>τῆς</span> <span class='ocrx_word' id='word_1_908' title='bbox 3296 5729 3563 5818; x_wconf 80' lang='grc' dir='ltr'>σαρκικῆς</span> <span class='ocrx_word' id='word_1_909' title='bbox 3587 5713 3891 5799; x_wconf 76' lang='grc' dir='ltr'>παχύτητος</span> 
     </span>
    </p>
   </div>
  </div>
