4072 6212
252 345 319 402 εί
1481 328 1743 386 ORATIO
1790 327 2297 385 CATECIIETICA.
3440 332 3510 394 ιε

255 464 348 520 ςδν
373 461 629 529 λογισμὸν
665 456 1105 523 ἀποστήσαντας,
1133 453 1267 506 αὐτὸ
1310 452 1369 506 τδ
1407 452 1569 508 καλὸν
1600 456 1683 522 ἐφ’
1713 454 1836 508 έαυ-

1955 451 2248 506 idmittitnr
2297 457 2520 519 propter
2574 457 2802 504 mortem
2852 465 2972 521 quae
3025 465 3133 507 non
3174 448 3350 505 decet.
3400 450 3513 524 Ego

257 553 347 611 τοῦ
373 551 465 606 καὶ
488 549 552 601 τὸ
577 546 654 619 μὴ
675 544 917 600 τοιοῦτον
939 542 1293 613 κατανοῆσαι,
1318 542 1492 607 ποίοις
1515 544 1832 614 γνωρίσμα-

258 662 337 698 σιν
358 641 642 709 νέκάτερον
683 635 888 689 τούτων
935 633 1433 704 καταλαμϐάνεται.
1483 633 1685 688 Οὐδένα
1726 633 1834 705 γὰρ

250 735 498 801 ἀντερεῖν
523 727 678 802 οἶμαι
719 727 827 782 τῶν
855 725 1274 796 λελογισμένων,
1304 727 1386 779 ὅτι
1423 725 1480 778 ἓν
1508 725 1649 779 κατὰ
1674 724 1835 795 φύσιν

254 827 413 897 μόνον
460 839 569 877 των
612 821 836 874 πάντων
881 820 1027 872 ἐστὶν
1070 818 1315 889 αἰσχρὸν,
1358 818 1418 871 τὸ
1458 819 1598 873 κατά
1638 819 1835 873 κακίαν

253 916 453 978 πάθοςσ
478 912 540 967 τὸ
562 912 620 965 δὲ
653 911 852 973 κακίας
886 909 1060 973 ἐκτὸς,
1096 909 1295 973 παντὸς
1322 910 1540 981 αἴσχους
1565 910 1712 963 ἐστὶν
1737 910 1835 964 ἀλ-

253 1006 484 1076 λότριον.
516 997 591 1073 ⁷ῼ
629 1002 686 1054 δὲ
717 1000 881 1071 μηδὲν
914 1000 1155 1053 ἐναντίου
1186 1000 1479 1071 μέμικται,
1510 999 1667 1054 τοῦτο
1700 1001 1836 1055 πάν-

253 1114 362 1159 τως
392 1098 451 1148 ὲν
494 1097 564 1165 τῇ
594 1092 683 1147 τοῦ
710 1091 877 1145 καλοῦ
924 1091 1087 1163 μοίρᾳ
1124 1091 1621 1161 καταλαμϐάνεται.
1665 1092 1739 1147 Τὸ
1779 1093 1837 1146 δὲ

257 1187 481 1257 ἀληθῶς
509 1185 699 1251 καλὸν,
730 1184 934 1254 ἀμιγές
962 1185 1076 1236 ἐστι
1112 1182 1204 1236 τοῦ
1229 1184 1493 1237 ἐναντίου.
1527 1184 1734 1255 Πρέπει
1778 1184 1836 1238 δὲ

261 1279 340 1348 τῷ
364 1276 480 1347 Θεῷ
505 1278 613 1329 πᾶν
642 1277 672 1329 ὅ
690 1276 742 1328 τί
760 1293 866 1347 περ
892 1277 950 1329 ὲν
976 1278 1041 1346 τῇ
1068 1273 1162 1329 τοῦ
1180 1274 1343 1327 καλοῦ
1364 1273 1645 1345 θεωρεῖται
1661 1275 1833 1347 χώρει.

266 1369 336 1420 Ἥ
370 1367 546 1420 τοίνυν
574 1365 907 1432 δειξάτωσαν
931 1364 1127 1419 κακίαν
1155 1358 1293 1417 εἶναι
1320 1362 1418 1433 τὴν
1448 1362 1719 1433 γέννησιν,
1741 1364 1840 1434 τὴν

260 1456 590 1528 ἀνατροφὴν.
631 1456 733 1526 τὴν
776 1453 1023 1523 αὔξησιν,
1070 1452 1167 1522 τὴν
1216 1453 1351 1523 πρὸς
1393 1452 1455 1505 τὸ
1497 1452 1698 1506 τέλειον
1741 1454 1839 1523 τῆς

259 1547 478 1617 φύσεως
510 1545 766 1615 πρόοδον,
819 1544 919 1614 τὴν
959 1543 1187 1597 Θανάτου
1228 1546 1451 1615 πεῖραν,
1489 1543 1587 1615 τὴν
1632 1544 1697 1598 ὲκ
1745 1541 1838 1598 τοῦ

262 1634 494 1689 θανάτου
537 1632 834 1689 ἐπάνοδον·
875 1632 909 1703 ἢ
947 1633 995 1684 εἰ
1032 1631 1136 1696 ἔξω
1166 1631 1365 1694 κακίας
1401 1626 1541 1684 εἶναι
1584 1631 1651 1684 τὰ
1688 1633 1842 1703 εἰρη-

267 1726 401 1798 μένα
434 1725 798 1788 συντίθενται,
829 1724 979 1779 οὐδὲν
1008 1723 1230 1795 αἰσχρὸν
1259 1719 1397 1778 εἶναι
1426 1724 1488 1777 τὸ
1520 1724 1716 1787 κακίας
1744 1723 1841 1778 ἀλ⁶

262 1818 473 1890 λὸτριον
501 1818 562 1884 ἐξ
600 1816 853 1887 ἀνάγκης
880 1815 1289 1887 ὁμολογήσουσι.
1328 1814 1508 1869 Καλοῦ
1541 1814 1599 1869 δὲ
1628 1816 1844 1880 πάντως

1940 551 2121 598 autem
2169 543 2322 613 prius
2368 531 2643 607 e'itlstimo,
2677 556 2705 594 a
2742 541 2948 595 carnali
2977 541 3343 597 crassitudine
3374 557 3513 613 pau-

1940 633 2109 688 lulum
2152 632 2383 688 abducta
2424 633 2775 704 cogitatione,
2824 641 3079 702 oportere
3106 634 3287 705 ipsum
3323 650 3421 703 per
3456 651 3516 690 se

1941 726 2144 781 bonum
2203 724 2572 785 considerare.
2631 733 2687 779 et
2734 726 2876 795 quod
2932 740 3039 780 non
3088 732 3174 781 est
3220 724 3513 796 ejusmodi,

1941 832 2141 887 nempe
2186 816 2516 886 quibusnam
2546 816 2718 888 signis
2750 826 2805 873 et
2848 818 2996 873 notis
3024 826 3316 887 utrumque
3359 833 3514 873 com—

1943 907 2339 977 prehendatur.
2376 907 2657 963 Neminem
2678 911 2823 964 enim
2854 909 2948 980 qui
2974 908 3136 980 sapit,
3168 917 3222 963 et
3244 916 3326 964 est
3354 910 3516 980 paulo

1944 997 2246 1061 cordatior,
2300 1000 2768 1054 contradicturum
2815 1000 3088 1065 existimo,
3137 1001 3269 1070 quin
3303 1000 3418 1056 sola
3450 1016 3517 1056 ex

1946 1089 2200 1145 omnibus
2231 1090 2531 1145 secundum
2574 1098 2825 1144 naturam
2868 1092 2939 1145 sit
2973 1091 3150 1162 turpis
3187 1105 3250 1145 ea
3278 1102 3399 1161 qua!
3434 1100 3519 1146 est

1943 1194 2008 1233 ex
2039 1179 2170 1234 vitio
2204 1179 2447 1236 all‘ectio:
2476 1197 2597 1251 quae
2627 1188 2708 1236 est
2738 1191 2917 1237 autem
2957 1193 3162 1237 remota
3199 1195 3228 1236 a
3260 1183 3410 1247 vitio,
3447 1182 3519 1238 sit

1946 1271 2124 1325 aliena
2172 1272 2241 1327 ab
2277 1274 2425 1327 omni
2473 1274 2826 1342 turpitudine.
2874 1273 2973 1329 Cui
3024 1282 3204 1329 autem
3253 1275 3386 1329 nihil
3432 1282 3518 1329 est

1945 1362 2208 1417 contrarii
2256 1363 2580 1431 inimistum,
2625 1364 2679 1420 id
2727 1367 2779 1420 in
2820 1382 2885 1421 co
2917 1366 3064 1436 quod
3099 1375 3183 1425 est
3226 1367 3427 1422 bonum
3463 1374 3518 1421 et

1946 1453 2234 1510 honestum
2287 1457 2513 1513 omnino
2571 1459 3073 1531 comprehenditur.
3124 1456 3280 1526 Quod
3335 1467 3515 1513 autem

1947 1559 2073 1600 vere
2125 1555 2208 1601 est
2247 1548 2450 1600 bonum
2504 1555 2558 1603 et
2603 1548 2913 1616 honestum,
2944 1549 3165 1604 minime
3190 1549 3410 1604 mistum
3432 1554 3518 1601 est

1948 1637 2249 1691 contrario.
2284 1635 2450 1693 Deum
2482 1648 2663 1695 autem
2700 1640 2856 1697 decet
2903 1639 3169 1712 quidquid
3208 1636 3521 1695 considera-

1947 1733 2039 1782 tur
2084 1728 2138 1782 in
2177 1744 2242 1784 eo
2287 1730 2431 1801 quod
2465 1738 2547 1787 est
2576 1732 2777 1789 bonum
2807 1742 2861 1788 et
2904 1734 3215 1791 honestum.
3257 1738 3366 1787 Aut
3390 1744 3519 1802 ergo

1947 1820 2246 1875 ostendant
2318 1824 2508 1878 vitium
2573 1839 2695 1880 esse
2765 1825 3054 1899 originem,
3119 1823 3518 1891 educationem,

266 1909 745 1980 ἀναδεικνυμένου,
773 1908 891 1972 πῶς
918 1907 1017 1961 οὐκ
1048 1907 1268 1961 ἐλεεινοὶ
1296 1908 1395 1978 τῆς
1426 1908 1675 1977 ἀλογίας,
1705 1908 1754 1961 οἱ
1782 1905 1843 1961 τὸ

1955 1922 2327 1984 augmentum,
2386 1916 2450 1970 ad
2500 1917 2888 1989 perlectionem
2938 1927 3146 1974 naturae
3176 1916 3520 1989 prOgrcssiov

271 2002 438 2056 καλδν
471 2002 548 2072 μὴ
578 2002 798 2071 πρέπειν
824 1999 1085 2054 ὲπὶ’Θεοῦ
1106 2000 1518 2072 δογματίζοντες
1542 2018 1556 2066 ;

1946 2018 2094 2069 nem,
2128 2007 2320 2062 mortis
2357 2010 2810 2079 experimentum,
2836 2012 3292 2068 resurrectionem
3317 2025 3346 2064 a
3376 2024 3521 2067 morr

275 2099 426 2155 tuis:
482 2100 562 2152 vel
608 2099 653 2153 si
698 2115 756 2153 ea
791 2113 904 2169 qua
945 2098 1092 2153 dicta
1127 2106 1256 2154 sunt
1283 2098 1414 2153 vitio
1452 2112 1646 2153 vacare
1682 2097 2006 2166 concedant,
2048 2101 2185 2157 nihil
2222 2105 2367 2175 quod
2400 2105 2532 2162 vitio
2569 2116 2721 2164 caret
2756 2117 2912 2180 turpe
2950 2123 3073 2166 esse
3114 2108 3388 2164 fateantur
3423 2121 3520 2161 ne-

268 2202 427 2244 cesse
465 2198 571 2243 est.
605 2187 759 2253 Quod
800 2189 846 2244 si
894 2188 949 2243 id
988 2189 1191 2244 bonum
1219 2204 1341 2246 esse
1386 2196 1441 2244 et
1485 2189 1776 2245 honestum
1821 2192 2045 2246 omnino
2080 2196 2406 2263 ostenditur,
2437 2198 2892 2269 quemadmodum
2923 2215 3032 2257 non
3062 2210 3146 2257 est
3190 2198 3519 2258 miserabilis

267 2293 462 2334 eorum
492 2278 745 2346 stultitia,
786 2279 883 2351 qui
911 2279 965 2335 id
993 2280 1138 2352 quod
1172 2287 1256 2337 est
1284 2281 1486 2336 bonum
1515 2288 1568 2335 et
1594 2280 1904 2345 honestum,
1948 2282 2001 2339 in
2033 2282 2141 2343 Deo
2173 2287 2397 2345 minime
2422 2291 2716 2349 convenire
2758 2291 2999 2347 docent?

886 2466 1135 2522 ΚΕΦᾹΛ.
1169 2467 1224 2519 ῐ’.

354 2645 516 2700 Ἀλλὰ
556 2646 789 2717 μικρὸν,
822 2646 977 2717 φησι,
1026 2648 1116 2700 καὶ
1151 2647 1523 2719 περι-γραπτὸν
1560 2649 1591 2718 ἡ
1637 2645 1848 2717 ἀνθρω-

272 2737 402 2808 πίνη
439 2736 621 2806 φύσις·
658 2737 882 2810 ἄπειρον
914 2738 970 2791 δὲ
998 2739 1029 2809 ἡ
1059 2736 1289 2807 Θεότης·
1326 2737 1420 2792 καὶ
1454 2737 1570 2802 πῶς
1596 2737 1661 2791 ἂν
1691 2753 1831 2807 περιρ

272 2828 481 2901 ekf,qu
515 2828 592 2901 τῷ
622 2830 807 2901 ἀτόμῳ
835 2830 898 2883 τὸ
935 2830 1195 2904 ἂπειρον;
1227 2831 1338 2885 Καὶ
1365 2830 1450 2894 τίς
1481 2830 1636 2884 τοῦτό
1666 2846 1851 2900 φησιν,

271 2920 358 2973 ὃτι
382 2922 449 2990 τῇ
485 2924 798 2993 περιγραφῇ
825 2921 925 2992 τῆς
953 2921 1151 2993 σαρκὸς
1179 2921 1427 2995 καθάπερ
1454 2923 1659 2995 ἀγγείῳ
1687 2922 1793 2977 τινὶ
1818 2922 1852 2994 ἡ

276 3009 505 3082 ἀπειρία
527 3013 627 3082 τῆς
656 3011 918 3082 Θεότητος
945 3012 1278 3086 περιελήφθη
1301 3030 1316 3079 ;
1346 3014 1478 3068 Οὐδὲ
1507 3014 1615 3085 γὰρ
1642 3014 1733 3068 ἐπὶ
1756 3013 1854 3085 τῆς

279 3099 743 3172 ήμετέραςοζωῆς
766 3102 918 3166 ἐντὸς
947 3104 1326 3158 κατακλείεται
1364 3104 1471 3159 τῶν
1512 3107 1611 3199 τῆς
1637 3104 1855 3199 ⁸σαρκὸς
1881 3140 1924 3199 c

280 3191 426 3259 ὅρων
451 3193 488 3262 ἡ
509 3192 671 3264 νοερὰ
693 3192 873 3261 φύσις.
919 3194 1054 3248 Ἀλλ’
1082 3197 1111 3248 ὁ
1143 3195 1242 3267 μὲν
1271 3195 1435 3264 ὄγκος
1459 3195 1554 3249 τοῦ
1583 3195 1833 3267 σώματος

281 3286 399 3348 τοῖς
429 3285 647 3349 οἰκείοις
682 3286 873 3358 μέρεσι
913 3288 1343 3359 περιγράφεται⁸
1384 3290 1417 3359 ἡ
1466 3287 1523 3341 δὲ
1554 3288 1701 3360 ψυχὴ
1744 3290 1857 3352 τοῖς

282 3374 385 3445 τῆς
410 3374 651 3440 διανοίας
686 3379 951 3449 κινήμασι
977 3379 1124 3450 πάσῃ
1153 3379 1273 3434 κατ’
1308 3379 1556 3446 ἐξουσίαν
1583 3377 1856 3449 έφαπλοῦ-

281 3482 373 3519 ται
397 3470 465 3538 τῇ
492 3468 688 3531 κτίσει,
727 3469 821 3523 καὶ
857 3468 1048 3541 μέχρις
1077 3471 1320 3542 οὐρανῶν
1355 3471 1596 3535 ἀνιοῦσα,
1632 3472 1724 3524 καὶ
1752 3469 1858 3523 τῶν

282 3557 536 3615 ἀϐύσσων
565 3559 985 3626 ὲπιϐατεύουσα,
1019 3563 1115 3615 καὶ
1145 3561 1221 3633 τῷ
1249 3562 1440 3616 πλάτει
1474 3563 1572 3634 τῆς
1602 3563 1856 3634 οἰκουμέ-

282 3666 383 3720 νης
420 3648 787 3721 ἐπερχομένη,
822 3651 916 3704 καὶ
972 3653 1104 3723 πρὸς
1156 3652 1225 3706 τά
1258 3652 1583 3724 καταχθόνια
1620 3653 1712 3707 διὰ
1758 3653 1859 3724 τῆς

285 3741 814 3813 πολυπραγμοσύνης
841 3742 1193 3809 είσδύνουσα,
1225 3745 1484 3809 πολλάκις
1521 3745 1578 3798 δὲ
1614 3745 1707 3799 καὶ
1750 3744 1858 3798 τῶν

286 3831 549 3902 οὐρανίων
578 3833 871 3904 θαυμάτων
900 3836 959 3888 ἐν
989 3836 1236 3909 περινοίᾳ
1259 3836 1493 3906 γίνεται,
1513 3836 1663 3891 οὐδὲν
1691 3835 1859 3908 βαρυ-

288 3923 495 3993 νομένη
526 3923 603 3993 τῷ
637 3926 865 3998 ἐφολκίῳ
912 3926 1005 3980 τοῦ
1047 3928 1317 3998 σώματος.
1361 3929 1425 3983 Et
1472 3929 1528 3982 δὲ
1573 3928 1857 3999 ἀνθρώπου

283 4015 435 4088 ψυχὴ
469 4017 611 4070 κατά
652 4018 750 4089 τὴν
773 4020 866 4090 τῆς
902 4019 1115 4090 φύσεως
1150 4021 1395 4093 ἀνάγκην
1442 4020 1857 4093 συγκεκραμένη

281 4106 363 4176 τῷ
396 4105 604 4178 σώματι
646 4109 917 4181 πανταχοῦ
950 4112 1072 4165 κατ’
1101 4110 1348 4176 ἐξουσίαν
1383 4111 1661 4180 γίγνεταιο
1707 4109 1793 4174 τίς
1824 4111 1858 4181 ἡ

282 4199 492 4272 ἀνάγκη
516 4203 581 4273 τῇ
614 4199 775 4270 φύσει
800 4203 898 4274 τῆς
928 4203 1129 4276 σαρκὸς
1160 4202 1255 4275 τὴν
1288 4203 1528 4276 Θεότητα
1557 4203 1733 4273 λέγειν
1759 4202 1858 4272 ἐμ-

284 4292 712 4363 περιείργεσθαι,
753 4295 847 4349 καὶ
879 4295 954 4365 μὴ
992 4294 1082 4348 διὰ
1109 4293 1215 4349 τῶν
1252 4294 1513 4367 χωρητῶν
1552 4296 1682 4365 ἡμῖν
1724 4295 1856 4348 ὐπο-

280 4382 588 4455 δειγμάτων
626 4386 936 4456 στοχασμὸν
962 4388 1095 4456 ἡμῖν
1129 4403 1249 4442 τινα
1289 4386 1568 4458 πρέποντα
1601 4385 1731 4455 περὶ
1760 4384 1859 4456 τῆς

2547 2471 2796 2529 'C.\PUT
2827 2474 2893 2529 Χ.

2028 2640 2098 2699 At
2119 2660 2204 2702 res
2231 2655 2335 2713 est,
2368 2648 2564 2720 inquit,
2599 2666 2785 2722 parva,
2819 2661 2871 2708 et
2895 2668 3013 2724 quae
3030 2654 3401 2711 circumscribi
3429 2670 3524 2726 po-

1955 2740 2064 2793 test
2115 2736 2349 2793 humana
2408 2753 2656 2798 natura:
2713 2743 2853 2800 Deus
2890 2753 3068 2800 autem
3116 2754 3199 2802 est
3254 2746 3517 2807 inﬁnitus.

1957 2826 2242 2895 Quomodo
2276 2836 2454 2886 autem
2488 2830 2631 2902 quod
2667 2832 2994 2889 immensum
3024 2845 3108 2891 εει
3148 2842 3329 2890 atomo
3374 2851 3523 2891 com.

1956 2914 2217 2986 prehendi
2246 2919 2447 2989 queat?
2465 2918 2600 2985 Quis
2632 2929 2813 2977 autem
2838 2921 2940 2977 hoc
2962 2922 3115 2989 dicit,
3142 2923 3287 2994 quod
3316 2923 3521 2996 carnis,

1957 3014 2217 3079 tanquam
2272 3025 2402 3067 vase
2445 3012 2649 3084 aliquo,
2709 3014 3220 3087 circumscriptione
3270 3033 3523 3092 compre-

1959 3093 2128 3153 hensa
2154 3098 2226 3154 sit
2258 3099 2500 3157 inﬁnitas
2534 3100 2887 3158 Divinitatis?
2916 3102 3103 3176 Neque
3142 3106 3287 3163 enim
3324 3107 3380 3163 in
3422 3124 3524 3165 no-

1960 3193 2074 3242 stra
2105 3189 2214 3243 vita
2256 3188 2399 3245 intra
2439 3193 2624 3249 carnis
2659 3195 2922 3252 terminos
2960 3198 3302 3254 concluditur
3329 3200 3526 3257 intelli-

1959 3292 2093 3348 gens
2121 3286 2338 3334 natura.
2377 3278 2483 3336 Sed
2513 3283 2762 3353 corporis
2797 3286 3015 3357 quidem
3044 3290 3362 3360 magnitudo
3411 3294 3526 3351 suis

1956 3367 2437 3426 circumscribitur
2480 3374 2764 3443 partibus:
2820 3376 3003 3432 anima
3047 3387 3228 3435 autem
3288 3383 3527 3441 motibus

1957 3460 2310 3530 cogitationis
2365 3471 2420 3518 et
2476 3464 2845 3538 intelligentiae
2896 3469 3066 3526 libere
3117 3473 3431 3531 extenditur
3472 3476 3526 3532 in

1960 3552 2212 3610 universa
2237 3565 2511 3625 creatura,
2565 3558 2631 3614 ad
2666 3560 2835 3619 ccelos
2877 3578 3050 3637 usque
3084 3567 3422 3633 ascendens,
3476 3578 3529 3627 ct

1966 3644 2198 3715 abyssos
2228 3646 2561 3719 ingrediens,
2605 3660 2660 3708 et
2700 3655 2868 3710 totius
2922 3657 3073 3713 orbis
3115 3667 3274 3716 terra;
3332 3676 3529 3731 perva-

1961 3737 2097 3794 dens
2131 3739 2494 3809 latitudinem,
2529 3752 2583 3800 et
2614 3745 2967 3805 subterranea
3001 3752 3217 3808 curiose
3263 3754 3530 3821 subiens;

1960 3843 2100 3898 saepe
2132 3836 2311 3885 autem
2337 3833 2500 3886 etiam
2552 3834 2793 3890 cmlcstia
2842 3836 3104 3895 miracula
3146 3851 3326 3897 mente
3363 3844 3530 3913 agitat

1960 3924 2014 3973 et
2070 3927 2272 3984 versat,
2323 3922 2854 3999 pondere‘corporis
2895 3929 3038 3999 quod
3090 3930 3349 4001 deprimit
3392 3933 3529 3990 nihil

1958 4018 2205 4080 gravata.
2244 4010 2299 4066 Si
2326 4021 2505 4069 autem
2540 4016 2719 4072 anima
2758 4018 3015 4083 hominis,
3048 4034 3169 4089 qua:
3206 4029 3417 4077 natura:
3440 4038 3530 4078 ne-

1960 4102 2218 4161 cessitate
2272 4112 2356 4161 est
2400 4108 2687 4163 commista
2747 4117 2801 4165 ct
2853 4120 3258 4181 contemperata
3286 4113 3528 4184 corpori,

1961 4192 2163 4263 ubique
2213 4203 2468 4250 versatur
2503 4196 2706 4265 libere;
2763 4198 2893 4268 quid
2951 4214 3179 4256 necesse
3220 4211 3305 4258 est
3349 4202 3531 4260 dicere

1960 4283 2312 4342 Divinitatem
2347 4288 2590 4343 coerceri
2621 4289 2763 4345 intra
2792 4298 3041 4347 naturam
3084 4295 3268 4352 carnis
3295 4314 3308 4353 :
3340 4304 3394 4353 ct
3423 4312 3530 4353 non

1959 4390 2058 4449 per
2086 4377 2331 4448 exempla
2387 4394 2510 4449 qua:
2558 4395 2589 4434 a
2625 4381 2784 4439 nobis
2828 4384 2947 4455 capi
2996 4395 3251 4457 possunt,
3286 4404 3405 4461 quae
3431 4407 3530 4448 nos

281 4473 433 4538 θείας
463 4476 777 4547 οἰκονομίας
824 4476 1038 4545 λαϐεῖν;
1085 4479 1173 4543 Ὠς
1218 4478 1329 4549 γὰρ
1373 4477 1435 4531 τὸ
1473 4477 1583 4549 πῦρ
1623 4477 1716 4530 ἐπὶ
1762 4477 1851 4548 τῆς

1964 4467 2119 4523 decet
2139 4468 2516 4539 conjecturam
2536 4484 2754 4527 sumere
2783 4472 2851 4528 de
2874 4474 3056 4529 divina
3086 4475 3529 4549 dispensatione?

276 4565 563 4637 λαμπάδος
599 4570 795 4639 ὁρᾶται
836 4569 1336 4641 τῆς.ὑποκειμένης
1373 4569 1857 4640 περιδεδραγμένον

276 4656 439 4729 ὕλης,
473 4660 566 4713 καὶ
598 4660 756 4729 λόγος
805 4662 904 4732 μὲν
952 4660 1215 4734 διακρίνει
1246 4661 1308 4715 τό
1343 4679 1402 4715 τε
1441 4662 1534 4714 ἐπὶ
1580 4660 1677 4731 τῆς
1728 4659 1857 4729 ὕλης

272 4748 420 4820 πῦρ,
449 4751 546 4805 καὶ
581 4752 684 4822 τὴν
704 4751 771 4805 τὸ
798 4751 909 4825 πῦρ
932 4753 1269 4819 ἐξάπτουσαν
1303 4751 1457 4825 ὓλην,
1505 4752 1648 4823 ἔργῳ
1670 4751 1725 4805 δὲ
1757 4752 1859 4804 οὐκ

272 4843 433 4895 ἔστιν
473 4843 569 4897 ἀπ’
615 4842 862 4915 ἀλλήλων
908 4843 1082 4899 ταῦτα
1123 4844 1494 4915 διατεμόντας,
1539 4843 1624 4913 ἐφ’
1662 4842 1859 4911 ἑαυτὴν

268 4933 455 5000 δεῖξαι
488 4936 589 5004 τὴν
618 4934 793 5004 φλόγα
820 4935 1203 5007 διεζευγμένην
1242 4936 1339 5006 τῆς
1372 4935 1522 5006 ὐλης,
1558 4934 1673 4988 ἀλλ’
1708 4933 1765 4987 ἓν
1794 4934 1861 4987 τά

272 5026 674 5097 συναμφότερα
696 5026 905 5095 γίνεται
945 5028 1111 5097 (οὕτω
1141 5029 1235 5081 καὶ
1266 5027 1453 5098 μηδεὶς
1483 5027 1543 5081 τὸ
1568 5025 1862 5097 φθαρτικὸν

1966 4553 2085 4620 Quo
2125 4554 2286 4611 modo
2315 4556 2459 4612 enim
2478 4556 2620 4630 ignis
2647 4559 2860 4617 videtur
2893 4563 2944 4617 in
2977 4563 3198 4622 lucerna
3231 4569 3529 4639 subiectam

1962 4646 2371 4717 apprehendere
2402 4651 2688 4706 materiam
2720 4673 2732 4707 :
2764 4661 2817 4707 et
2848 4654 2987 4711 ratio
3024 4657 3243 4757 qqidem
3269 4659 3532 4718 discernit

1961 4734 2141 4804 ignem
2159 4735 2252 4805 qui
2276 4747 2362 4794 est
2391 4737 2445 4792 in
2472 4742 2722 4808 materia,
2760 4751 2815 4798 et
2852 4734 3135 4803 materia'm
3167 4764 3289 4820 quae
3335 4765 3529 4807 accen-

1962 4828 2042 4882 dit
2073 4830 2288 4900 ignem:
2321 4831 2502 4903 reipsa
2537 4844 2714 4891 autem
2745 4852 2850 4892 non
2880 4847 3079 4909 potest.
3114 4842 3183 4898 iis
3212 4858 3242 4898 a
3275 4859 3334 4901 se
3387 4844 3529 4899 invi-

1963 4935 2080 4975 cem
2108 4922 2383 4989 dissectis,
2407 4925 2524 4997 ipsa
2560 4942 2654 4998 per
2685 4944 2744 4985 se
2776 4932 2989 4988 ostendi
3027 4931 3264 5001 ﬂamma,
3316 4936 3521 5005 disjun-

1964 5021 2051 5069 cta
2083 5027 2113 5066 a
2161 5017 2427 5086 materia;
2476 5017 2572 5074 sed
2615 5020 2776 5077 ambo
2830 5023 2991 5080 simul
3040 5041 3206 5081 unum
3255 5026 3530 5085 linntzita

1965 5107 2130 5161 etiam
2170 5109 2354 5178 (nemo
2387 5120 2567 5167 autem
2599 5113 2653 5168 in
2687 5116 2813 5185 igne
2849 5118 3209 5174 simulsumat
3232 5119 3299 5175 ad
3339 5137 3527 5178 exem-

1965 5201 2135 5270 plum,
2188 5204 2240 5260 id
2283 5206 2337 5261 in
2376 5206 2521 5277 quod
2558 5208 2705 5263 cadit
2748 5211 3018 5276 interitus,
3066 5211 3161 5268 sed
3200 5227 3266 5268 co
3317 5221 3530 5271 tantum

1966 5293 2113 5362 quod
2142 5293 2298 5352 decet
2337 5306 2556 5368 sumpto
2580 5299 2648 5353 ad
2680 5298 3114 5365 similitudinem,
3149 5301 3203 5358 id
3231 5305 3377 5374 quod
3420 5322 3535 5363 non

1964 5392 2043 5438 est
2061 5386 2336 5455 proprium
2372 5396 2426 5441 et
2455 5389 2784 5445 conveniens
2812 5388 3157 5460 rejiciat),ita
3189 5408 3344 5465 ergo,
3377 5408 3435 5450 ut
3460 5397 3529 5449 vi-

1965 5477 2158 5533 demus
2213 5476 2485 5534 ﬂammam
2524 5496 2646 5549 qua:
2701 5495 2732 5535 a
2782 5480 3028 5551 subjecto
3068 5483 3358 5556 dependet,
3388 5497 3443 5543 et
3481 5488 3535 5543 in

1967 5568 2195 5623 materia
2238 5583 2348 5623 non
2383 5568 2682 5624 includitur
2712 5588 2724 5625 :
2757 5570 2886 5641 quid
2928 5582 3094 5638 vetat,
3126 5576 3422 5649 quominus
3456 5577 3529 5635 di-

263 5116 378 5169 τοῦ
410 5118 585 5188 πυρὸς
608 5118 1196 5191 συμπαραλαμϐανέτω
1221 5119 1298 5190 τῷ
1335 5118 1713 5189 ὑποδείγματι,
1747 5117 1861 5171 ἀλλ’

258 5208 405 5261 ὅσον
434 5208 709 5279 εὐπρεπές
733 5210 850 5263 ὲστι
879 5209 1040 5281 μόνον
1070 5211 1129 5262 ἐν
1155 5212 1225 5283 τῇ
1253 5210 1419 5264 εικάνι
1442 5208 1764 5280 δεξάμενος,
1800 5207 1863 5260 τὸ

261 5299 555 5353 ἀνοίκειον
586 5302 679 5356 καὶ
716 5302 1058 5372 ἁπεμφαῐνον
1106 5300 1495 5367 ἀποποιείσθω)
1517 5317 1532 5335 ο
1561 5300 1652 5353 τὸν
1701 5298 1863 5352 αὐτὸν

259 5387 377 5447 οὖν
416 5392 639 5463 τρόπον,
675 5393 752 5456 ὡς
793 5394 1009 5466 ὁρῶμεν
1038 5394 1134 5448 καὶ
1175 5392 1493 5465 ἐξημμένην
1520 5391 1613 5446 τοῦ
1642 5392 1863 5445 ὑποκει-

262 5482 452 5553 μένου
479 5483 578 5554 τὴν
613 5483 806 5554 φλόγα,
843 5486 937 5540 κα)⁸
962 5486 1065 5540 οὐκ
1093 5484 1578 5557 ἐναποκλειομένην
1619 5485 1685 5554 τῇ
1727 5482 1826 5556 ὕλῃ
1847 5498 1859 5509 ⁸

258 5573 329 5626 τί
365 5573 566 5629 malum
608 5575 759 5641 θείας
785 5575 998 5646 φύσεως
1032 5577 1225 5632 Ξνωσίν
1266 5595 1388 5632 τινα
1440 5576 1531 5630 καί
1572 5592 1865 5648 προσεγγι-

262 5665 425 5736 σμδν
462 5668 941 5738 κατανοήσαντας,
972 5669 1110 5742 πρὸς
1139 5669 1200 5723 τὸ
1234 5668 1572 5740 ἀνθρώπινον
1598 5668 1696 5737 τὴν
1746 5663 1836 5719 θεο

1965 5659 2105 5747 vina:
2137 5666 2346 5716 natura
2374 5661 2605 5730 cogitata
2633 5663 2866 5735 quadam
2912 5667 3117 5723 unione
3145 5678 3202 5724 et
3250 5667 3539 5739 appropin-

258 5753 478 5827 πρεπῆ
505 5756 744 5811 διάνοιαν
769 5758 860 5811 καὶ
884 5760 941 5812 ἐν
965 5759 1042 5830 τῷ
1068 5758 1459 5834 προσεγγισμῷ
1480 5754 1851 5822 διασώζεσθαι,

1968 5754 2230 5823 quatione
2251 5752 2317 5808 ad
2349 5754 2649 5826 hominem,
2681 5768 3041 5819 conservetur
3079 5775 3202 5829 qua'
3244 5760 3413 5814 Deum
3451 5758 3533 5818 ἀρ.

609 5849 880 5913 Panos.
919 5853 1034 5916 Gn.
1082 5855 1247 5919 XLV
1253 5900 1268 5920 .
3238 5854 3281 5918 ἃ
