4072 6212
616 309 683 366 43
1909 300 1969 357 S.
2008 297 2170 357 ΟΒΕ(

2270 298 2335 355 ιιι
2368 299 2415 358 Ν
2423 300 2665 360 ῘΞΒΕΝΙ
3752 325 3811 383 ιι

615 430 703 478 cet
725 419 980 495 cogitatio
1017 420 1178 475 etiam
1223 418 1276 473 in
1328 417 1854 489 appropinquatione
1914 415 2170 471 credendc

2289 419 2467 488 πάσης
2495 421 2838 493 περιγραφῆς
2864 406 3014 488 ἐίτδς
3057 422 3193 479 εἶναι
3219 427 3279 481 τὸ
3309 426 3461 483 Θείον
3493 430 3811 502 πιστεύοντας,

620 512 790 568 Deum
854 527 977 568 esse
1037 518 1305 565 remotum
1366 510 1434 565 ab
1465 510 1611 565 onnii
1657 508 2183 579 circumscriptione,

619 605 832 661 etiamsi
870 605 944 660 sit
974 603 1026 658 in
1058 602 1321 658 homine?

1199 755 1435 814 CAPUT
1486 756 1578 814 X1.

681 890 781 946 Sin
843 900 1022 944 autem
1088 888 1290 959 quaeris
1361 885 1820 958 quemadmodum
1894 901 2017 941 cum
2073 884 2185 940 hu-

610 984 871 1039 manitate
899 987 1342 1050 contemperatur
1377 979 1634 1035 divinitas
1665 995 1680 1034 :
1716 978 1811 1034 tibi
1849 978 2001 1050 prius
2030 994 2184 1050 qua:-

610 1073 840 1131 rendum
906 1079 1012 1137 est,
1066 1067 1375 1140 cuiusmodi
1419 1070 1492 1124 sit
1540 1068 1926 1141 congeneratio
1960 1077 2017 1124 et
2060 1083 2186 1123 con-

611 1165 828 1238 iunctio
865 1163 1064 1218 animae
1096 1177 1219 1216 cum
1240 1176 1425 1216 carne.
1466 1159 1623 1227 Quod
1671 1159 1715 1217 si
1747 1160 2028 1231 ignoratur
2060 1173 2184 1214 mo-

611 1259 718 1313 dus
751 1270 861 1326 quo
889 1263 981 1309 tua
1015 1253 1196 1308 anima
1226 1255 1413 1308 unitur
1454 1250 1670 1322 corpori
1700 1267 1715 1316 ;
1760 1265 1861 1306 nec
1903 1250 2182 1306 existimes

610 1349 836 1405 omnino
856 1346 987 1401 illud
1031 1360 1061 1399 a
1103 1353 1430 1417 teoportere
1456 1342 1867 1413 comprehendi.
1919 1339 2025 1397 Sed
2073 1356 2183 1412 quo

611 1439 776 1495 modo
803 1436 1081 1493 credimus
1115 1435 1203 1490 hic
1220 1435 1382 1490 etiam
1414 1435 1648 1489 animam
1686 1431 1892 1502 aliquid
1932 1447 2057 1488 esse
2099 1433 2183 1487 di-

610 1520 828 1584 versum
865 1542 894 1580 a
924 1540 1173 1597 corpore,
1200 1540 1266 1580 ex
1296 1539 1359 1580 eo
1387 1524 1530 1595 quod
1564 1538 1711 1589 caro,
1744 1522 1791 1578 si
1814 1523 2029 1578 deserta
2061 1522 2181 1579 fue-

610 1616 684 1672 rit
723 1619 790 1673 ab
831 1618 1034 1680 anima,
1092 1617 1162 1672 sit
1210 1624 1446 1680 mortua,
1503 1631 1601 1670 nec
1650 1614 1825 1686 possit
1864 1615 2101 1686 operari,
2130 1626 2183 1669 et

610 1708 1017 1779 coniunctionis
1053 1705 1273 1761 modum
1300 1706 1617 1777 ignoramus
1651 1723 1666 1763 :
1708 1705 1783 1759 ita
1827 1706 1992 1759 etiam
2034 1702 2179 1774 quod

610 1801 805 1856 attinet
842 1800 1061 1871 quidem
1095 1797 1163 1853 ad
1207 1796 1547 1866 maiestatem
1599 1804 1653 1851 et
1693 1795 2177 1866 magniﬁcentiam,

609 1893 849 1948 divinam
879 1900 1128 1946 natur-am
1159 1888 1375 1945 differre
1410 1904 1441 1942 a
1475 1887 1687 1941 mortali
1709 1894 1763 1941 et
1796 1885 2040 1941 interitui
2079 1884 2178 1939 ob-

609 1985 793 2052 noxia,
821 1981 1189 2038 conﬁtemur:
1229 1978 1449 2033 modum
1504 1985 1683 2031 autem
1722 1975 2177 2045 contemperatiu-

611 2078 696 2133 uis
734 2072 1036 2131 divinitatis
1064 2087 1189 2128 cum
1226 2068 1564 2125 humanitate
1593 2082 1694 2123 nos
1727 2067 2037 2138 perspicere
2068 2081 2175 2122 non

609 2185 770 2240 posse
800 2167 1186 2231 concedimus;
1224 2163 1318 2219 sed
1353 2161 1592 2233 genitum
1619 2159 1837 2230 quidem
1865 2173 1987 2213 esse
2006 2156 2174 2213 Deum

609 2263 664 2315 in
689 2269 884 2314 natura
917 2255 1180 2323 hominis,
1214 2269 1312 2325 per
1339 2268 1402 2307 ea
1427 2266 1546 2322 qua
1568 2257 1865 2305 narrantur
1887 2248 2174 2315 miracula,

608 2350 833 2405 minime
860 2348 1196 2404 dubitamus.
1231 2343 1518 2412 Quomodo
1543 2350 1748 2407 autem,
1794 2348 1852 2396 ut
1891 2340 2041 2412 quod
2104 2342 2176 2397 sit

607 2444 787 2515 maius
814 2456 979 2513 quam
1022 2438 1169 2511 quod
1207 2437 1560 2494 considerare
1587 2435 1891 2506 possimus,
1937 2434 2172 2490 scrutari

605 2548 949 2591 recusamus.
1009 2528 1194 2603 Neque
1234 2528 1379 2584 enim
1434 2525 1579 2597 quod
1627 2525 1905 2581 credimus
1953 2539 2170 2581 omnem

610 2637 936 2695 corpoream
960 2627 1019 2677 et
1049 2634 1171 2691 quae
1213 2617 1315 2674 sub
1356 2615 1766 2687 intelligentiam
1811 2614 1959 2669 cadit
2010 2624 2171 2669 natu-

604 2730 720 2770 ram
753 2713 1056 2769 consistere
1085 2710 1155 2766 ab
1192 2709 1517 2778 incorporea
1561 2714 1617 2762 et
1660 2706 1904 2761 increata
1950 2713 2170 2769 natura,

606 2804 765 2859 simul
803 2818 924 2858 cum
972 2800 1078 2855 ﬁde
1125 2799 1506 2853 examinamus
1535 2796 1680 2851 unde
1730 2795 1784 2851 id
1830 2795 1921 2861 sit,
1943 2803 1999 2850 et
2033 2810 2172 2866 quo-

605 2896 789 2951 modo.
833 2893 937 2949 Sed
968 2891 1111 2962 quod
1140 2889 1346 2945 factum
1386 2889 1456 2944 sit
1500 2888 1872 2953 admittentes,
1915 2888 2171 2960 quemad-

602 2989 821 3043 modum
853 2985 1165 3040 universum
1192 2982 1478 3045 consistat,
1502 2982 1717 3036 curiose
1749 2981 2008 3053 indagare
2032 2995 2171 3051 prac-

599 3077 975 3140 termittimus,
1006 3083 1065 3129 ut
1104 3073 1248 3146 quod
1287 3074 1358 3129 sit
1399 3075 1631 3131 omnino
1686 3075 1959 3131 ineﬁabile
2007 3082 2169 3147 atque
2195 3113 2241 3175 ο

601 3167 997 3240 inexplicabile.

1179 3299 1419 3358 CAPUT
1459 3299 1576 3354 ΧΗ.

668 3432 770 3500 Qui
822 3442 1001 3490 autem
1051 3436 1245 3506 quaerit
1292 3435 1397 3490 sibi
1434 3434 1647 3491 ostendi
1710 3436 1856 3507 quod
1911 3435 2055 3494 Deus
2106 3437 2166 3493 in

597 3540 763 3583 carne
786 3526 952 3611 nobis
996 3528 1328 3599 apparuerit,
1382 3529 1614 3600 aspiciat
1667 3530 1734 3584 ad
1789 3531 2162 3600 operationes.

597 3610 909 3690 Nam'q'uud
948 3618 1089 3676 Deus
1122 3621 1212 3687 sit,
1252 3636 1361 3676 non
1403 3629 1585 3693 potest
1620 3622 1779 3692 plane
1828 3622 1935 3676 alia
1965 3621 2165 3678 adduci

497 3774 501 3777 λ
598 3711 881 3781 probatio,
936 3726 1100 3782 quam
1153 3713 1523 3768 testimonium
1586 3712 1984 3784 operationum.
2038 3711 2161 3779 Quo

598 3802 758 3858 modo
814 3802 961 3857 enim
1012 3803 1420 3859 universitatem
1480 3804 1798 3869 intuentes,
1860 3813 1914 3859 et
1972 3803 2161 3858 mundi

596 3891 1125 3948 administrationem
1146 3893 1583 3959 considerantes,
1600 3901 1655 3950 et
1675 3893 1940 3949 beneﬁcia
1961 3894 2163 3965 quibus

594 3983 860 4041 divinitus
906 3984 1140 4040 afﬁcitur
1203 3986 1310 4040 vita
1367 3993 1578 4051 nostra,
1640 3985 2162 4056 comprehendimus

596 4075 833 4147 aliquam
862 4092 986 4132 esse
1016 4091 1286 4133 summam
1318 4078 1598 4143 virtutem,
1638 4090 1829 4132 eorum
1872 4092 1995 4148 qua:
2025 4076 2163 4131 ﬁunt

593 4166 944 4232 effectricem,
984 4175 1038 4223 et
1092 4183 1213 4239 quae
1246 4183 1310 4224 ea
1368 4185 1489 4241 quae
1540 4178 1670 4224 sunt
1725 4168 2158 4226 conservatzila

590 4260 754 4314 etiam
782 4259 925 4330 quod
960 4260 1100 4316 Deus
1146 4261 1306 4317 nobis
1343 4262 1399 4315 in
1444 4276 1612 4341 carne
1661 4261 1993 4333 apparuerit,
2028 4262 2162 4320 satis

591 4352 809 4422 probari
853 4352 1104 4407 ducimus
1142 4367 1209 4407 ex
1262 4352 1545 4408 miraculis
1590 4369 1711 4424 qua:
1746 4353 1890 4409 facta
1932 4364 2061 4412 sunt
2106 4356 2161 4412 in

2275 510 2390 563 ’κᾶν
2419 512 2476 563 ἐν
2510 512 2783 583 ἀνθρώπῳ
2818 509 2923 585 ἦνς

2871 759 3121 815 ΚΕΦΔΛ.
3161 763 3266 817 1Λ’.

2354 887 2418 940 Ei
2452 886 2509 941 δὲ
2547 887 2730 959 ζητεῖς
2773 889 2888 954 πῶς
2939 896 3330 964 κατακιρνᾶται
3375 895 3562 971 θεότης
3605 902 3721 973 πρὸς
3765 907 3816 959 rb

2284 978 2652 1051 ἀνθρώπινον,
2677 980 2795 1052 ῶρα
2820 1000 2903 1036 σοι
2924 986 3112 1056 ζητεῖν
3137 988 3242 1059 πρὸ
3258 988 3468 1056 τούτου,
3492 993 3574 1056 τίς
3597 996 3712 1065 πρὸς
3732 998 3815 1065 τὴν

2285 1070 2464 1144 σάρκα
2484 1072 2584 1143 τῆς
2603 1072 2781 1145 ψυχῆς
2807 1076 2839 1145 ἡ
2870 1078 3131 1147 συμφυΐα,
3165 1079 3227 1131 Ei
3252 1078 3309 1132 δὲ
3329 1081 3429 1151 τῆς
3455 1082 3554 1151 σῆς
3583 1084 3813 1153 ἀγνοεῖται

2282 1162 2460 1235 ψυχῆς
2488 1166 2517 1218 ὁ
2554 1165 2772 1236 τρόπος,
2809 1166 2931 1220 καθ’
2973 1168 3034 1222 ὃν
3071 1169 3281 1224 ἑνοῦται
3314 1171 3391 1243 τῷ
3426 1174 3657 1245 σώματι,
3699 1179 3816 1249 μηδέ

2284 1257 2460 1309 ἐκεῖνο
2489 1258 2702 1321 πάντως
2720 1259 2832 1312 οίου
2851 1259 2958 1312 δεῖν
2988 1261 3137 1324 ἐντὸς
3156 1263 3406 1330 γενέσθαι
3436 1266 3534 1336 τῆς
3562 1268 3650 1339 σῆς
3672 1286 3821 1323 κατα-

2283 1345 2517 1419 λήψεως.
2581 1348 2719 1402 Ἀλλ’
2757 1348 2945 1420 ῶσπερ
2991 1351 3222 1406 ἐνταῦθα
3266 1354 3360 1406 καὶ
3393 1353 3576 1425 ἕτερον
3614 1351 3737 1411 εἷναί
3778 1376 3823 1412 τι

2284 1440 2434 1512 παρά
2470 1441 2531 1494 τὸ
2579 1441 2738 1512 σῶμα
2785 1442 2883 1515 τὴν
2914 1442 3089 1515 ψυχὴν
3132 1444 3604 1517 πεπιστεύκαμεν,
3646 1451 3704 1503 ἐκ
3744 1451 3823 1504 τοῦ

2286 1532 2615 1602 μονωθεῖσαν
2647 1534 2744 1605 τῆς
2772 1534 2948 1605 ψυχῆς
2983 1535 3079 1607 τὴν
3109 1536 3287 1608 σάρκα
3314 1537 3513 1610 νεκράν
3542 1556 3597 1592 τε
3631 1541 3716 1594 καὶ
3739 1542 3825 1595 ἀν-

2282 1625 2570 1695 ενέργητον
2613 1624 2881 1695 γενέσθαι,
2909 1627 3004 1679 καὶ
3037 1625 3126 1680 τόν
3158 1628 3255 1699 τῆς
3304 1627 3548 1694 ἐνὼσεως
3594 1631 3683 1684 οὐκ
3718 1634 3826 1686 ἐπι-

2281 1712 2620 1785 γινώσκομεν
2654 1715 2841 1786 τρόπον
2859 1732 2873 1746 ο
2903 1715 3045 1769 οῦτω
3069 1717 3230 1770 κάκεῖ
3252 1717 3526 1789 διαφέρειν
3551 1719 3646 1791 μὲν
3666 1720 3749 1773 ἐπὶ
3776 1721 3827 1774 τὸ

2290 1805 2862 1879 μεγαλοπρεπέστερον
2898 1807 2996 1879 τὴν
3042 1806 3191 1862 θείαν
3229 1808 3388 1877 φύσιν
3430 1811 3564 1882 πρὸς
3588 1809 3677 1884 τὴν
3707 1812 3826 1884 θνη-

2284 1895 2383 1965 τὴν
2413 1896 2507 1949 καί⁵
2545 1897 2807 1969 ἐπίκηρον
2832 1898 3198 1970 ὁμολογοῦμεν
3217 1939 3235 1965 ,
3262 1900 3350 1953 τὸν
3392 1900 3448 1955 δὲ
3473 1902 3569 1972 τῆς
3603 1905 3824 1974 ἀνακρά-

2287 2003 2423 2049 σεως
2468 1986 2666 2058 τρόπον
2712 1988 2806 2042 τοῦ
2851 1989 2993 2043 θείου
3034 1990 3170 2063 πρὸς
3226 1991 3282 2044 τὸ
3351 1990 3675 2059 ἀνθρώπινον
3713 2010 3826 2048 σνν-

2287 2080 2412 2133 ιδεῖν
2440 2080 2501 2132 οὐ
2529 2080 2811 2152 χωροῦμεν
2830 2098 2843 2112 ⁸
2883 2082 3017 2136 ἀλλὰ
3038 2083 3097 2136 τὸ
3134 2084 3232 2154 μὲν
3261 2085 3584 2158 γεγενῆσθαι
3621 2084 3742 2139 Θεὸν
3782 2088 3833 2139 ἐν

2282 2167 2568 2238 ἀνθρώπου
2612 2170 2804 2239 φύσει,
2853 2171 2938 2225 διὰ
2978 2171 3083 2226 τῶν
3127 2173 3521 2241 ἱστορουμένων
3561 2173 3834 2242 θαυμάτων

2281 2260 2379 2314 οὐκ
2416 2261 2824 2333 ἀμφιϐάλλομεν
2844 2280 2856 2293 ·
2884 2262 2942 2315 τὸ
2968 2263 3022 2315 δέ
3049 2261 3183 2325 πῶς,
3218 2262 3293 2325 ὡς
3319 2262 3501 2333 μεῖζον
3530 2263 3562 2335 ἢ
3590 2265 3724 2319 κατά
3752 2263 3834 2319 λς,-

2280 2351 2493 2423 γισμῶν
2540 2352 2731 2422 ἔφοδον
2770 2353 3044 2424 διερευνᾷν
3079 2353 3507 2424 παραιτούμεθα.
3557 2355 3685 2409 Οὐδέ
3731 2356 3835 2428 γὰρ

2281 2444 2460 2497 πᾶσαν
2504 2443 2603 2514 τὴν
2645 2445 2961 2514 σωματικήν
2986 2460 3043 2496 τε
3075 2443 3169 2496 καὶ
3208 2445 3402 2514 νοητὴν
3421 2444 3667 2516 γέννησιν
3695 2447 3837 2517 παρά

2277 2534 2379 2603 τῆς
2402 2535 2688 2606 ἀσωμάτου
2713 2552 2769 2588 τε
2789 2535 2880 2588 καὶ
2910 2533 3163 2588 ἀκτίστου
3194 2534 3406 2602 φύσεως
3434 2534 3725 2605 ὑποστῆναι
3757 2554 3839 2589 πι-

2280 2625 2579 2690 στεύοντες,
2605 2625 2665 2679 τὸ
2693 2626 2854 2680 πόθεν
2883 2625 2916 2697 ἢ
2939 2625 3001 2678 τὸ
3020 2626 3168 2689 ὅπως
3189 2627 3257 2696 τῇ
3284 2625 3408 2696 περὶ
3437 2625 3638 2680 τούτων
3664 2626 3840 2681 πίστει

2279 2717 2720 2788 συνεξετάζομεν.
2770 2716 2929 2770 Ἀλλά
2959 2715 3019 2769 τὸ
3047 2715 3374 2786 γεγενῆσθαι
3397 2717 3840 2790 παραδεχόμενοι,

2276 2809 2836 2881 ἀπολυπραγμόνητον
2881 2809 3078 2881 τρόπον
3113 2808 3215 2876 τῆς
3249 2806 3342 2862 τοῦ
3397 2807 3595 2872 παντὸς
3647 2809 3841 2864 συστά-

2278 2916 2414 2963 σεως
2461 2899 2857 2972 καταλείπομεν
2881 2942 2895 2968 ,
2938 2904 3013 2965 ὡς
3059 2902 3296 2973 ἄρρητον
3339 2900 3679 2955 παντάπασιν
3718 2900 3842 2956 ὅντα

2276 2989 2370 3043 καὶ
2391 2989 2806 3063 ἀνερμήνευτον.

2866 3302 3117 3358 ΚΕΦΑΛ.
3149 3303 3248 3358 ΙΒ’.

2342 3434 2448 3489 Τοῦ
2476 3435 2534 3489 δὲ
2571 3434 2703 3489 Θεὸν
2746 3435 2804 3489 ἐν
2855 3436 3018 3508 σαρκὶ
3054 3437 3471 3508 πεφανερῶσθαι
3514 3438 3646 3508 ἡμῖν
3677 3438 3707 3490 δ
3748 3436 3851 3498 τὰς

2269 3526 2571 3590 ἀποδείξεις
2619 3525 2915 3597 ἐπιζητῶν,
2952 3527 3090 3597 πρὸς
3120 3527 3219 3591 τὰς
3255 3528 3535 3601 ἐνεργείας
3574 3527 3845 3599 βλεπέτω.

2269 3618 2379 3673 Καὶ
2403 3617 2514 3688 γὰρ
2532 3616 2626 3670 τοῦ
2652 3617 2787 3682 ὅλως
2820 3615 2958 3671 εἶναι
2990 3617 3144 3682 Θεὸν,
3175 3620 3274 3672 οὐκ
3303 3619 3367 3673 ἀν
3394 3637 3474 3684 τις
3500 3619 3699 3693 ἑτέραν
3721 3621 3853 3675 ἀπό-

2266 3708 2427 3774 δειξιν
2446 3708 2578 3779 ἔχοι,
2601 3707 2688 3761 διὰ
2708 3707 2808 3777 τῆς
2832 3707 2940 3761 τῶν
2958 3708 3249 3780 ἐνεργειῶν
3278 3708 3604 3781 μαρτυρίας.
3628 3709 3854 3781 Ὥσπερ

2265 3803 2444 3857 τοίνυν
2477 3803 2557 3865 είς
2594 3800 2655 3854 τὸ
2689 3802 2797 3855 πᾶν
2825 3799 3140 3871 ἀφορῶντες
3159 3838 3175 3863 ,
3202 3799 3297 3853 καὶ
3330 3798 3429 3862 τὰς
3454 3799 3597 3853 κατά
3622 3798 3720 3852 τὸν
3754 3801 3855 3853 κό-

2267 3909 2402 3963 σμον
2431 3892 2745 3962 οἰκονομίας
2782 3889 3226 3955 ἐπισκοποῦντες,
3259 3891 3357 3943 καὶ
3392 3888 3491 3952 τὰς
3520 3889 3858 3961 εὐεργεσίας

2263 3984 2360 4048 τὰς
2384 3983 2567 4038 θεόθεν
2589 3984 2731 4038 κατὰ
2753 3983 2851 4055 τὴν
2868 3983 3011 4054 ζωὴν
3032 3981 3188 4053 ἡμῶν
3218 3982 3441 4053 ἐνεργου
3450 3981 3643 4052 μένας,
3675 3981 3858 4052 ὑπερ-

2265 4074 2479 4130 κεῖσθαι
2499 4093 2620 4129 τινα
2650 4074 2877 4146 δύναμιν
2900 4072 3185 4144 ποιητικὴν
3223 4072 3328 4126 τῶν
3355 4072 3722 4142 γιγνομένων,
3761 4071 3859 4123 καὶ

2267 4166 2664 4239 συντηρητικὴν
2688 4166 2796 4219 τῶν
2823 4165 2990 4218 ὅντων
3013 4164 3496 4234 καταλαμϐάνομεν
3513 4179 3528 4194 ·
3548 4162 3732 4225 οὕτως
3761 4163 3860 4214 καὶ

2190 4251 2201 4257 ’
2264 4259 2360 4314 ἐπὶ
2390 4258 2484 4311 τοῦ
2520 4257 2607 4311 διὰ
2636 4255 2835 4328 σαρκὸς
2872 4257 3005 4325 ἡμῖν
3039 4254 3445 4327 φανερωθέντος
3474 4252 3611 4306 Θεοῦ
3645 4253 3856 4323 ἱκανὴν

2264 4346 2534 4411 ἀπόδειξιν
2567 4346 2668 4416 τῆς
2698 4344 3019 4413 ἐπιφανείας
3058 4345 3157 4415 τῆς
3188 4344 3437 4416 θεότητος
3465 4344 3534 4396 τά
3566 4342 3719 4397 κατὰ
3749 4342 3860 4406 τὰς

592 4440 1031 4513 operationibus,
1069 4448 1128 4496 ut
1156 4441 1251 4512 qui
1284 4441 1339 4494 in
1372 4440 1534 4496 factis
1569 4457 1691 4511 qure
1722 4449 1852 4496 sunt
1880 4452 2157 4508 enarrata,

2270 4437 2544 4507 ἐνεργείας
2573 4434 2825 4507 θαύματα
2868 4435 3235 4505 πεποιήμεθα,
3265 4436 3442 4490 πάντα
3472 4436 3587 4498 τοῖς
3624 4434 3865 4505 ἱστορη-

592 4532 1082 4589 animadvertimus
1114 4547 1238 4589 esse
1268 4533 1450 4586 omnia
1485 4548 1580 4601 per
1611 4546 1731 4602 qua:
1773 4532 1955 4587 divina
1980 4533 2158 4588 virtus

588 4625 935 4695 exprimitur.
987 4624 1081 4680 Dei
1116 4631 1220 4689 est,
1251 4623 1531 4678 viviﬁcare
1576 4623 1845 4677 homines.
1907 4620 2001 4676 Dei
2051 4629 2157 4687 est,

587 4730 650 4769 ea
681 4730 801 4784 quae
843 4720 993 4779 sunt,
1028 4728 1128 4770 sua
1176 4726 1503 4767 conservare
1544 4709 1852 4782 prudentia.
1904 4708 2000 4765 Dei
2051 4717 2156 4778 est,
2200 4736 2203 4737 ν

590 4806 770 4861 cibum
808 4804 995 4874 largiri
1029 4811 1083 4859 et
1111 4803 1387 4874 potionem
1436 4801 1504 4857 iis
1538 4801 1739 4872 quibus
1772 4800 1967 4871 obtigit
1997 4810 2057 4856 ut
2102 4802 2158 4855 in

588 4913 754 4955 carne
781 4899 948 4953 vitam
1000 4902 1184 4967 agant.
1241 4891 1337 4948 Dei
1390 4900 1499 4957 est,
1560 4892 1611 4948 ei
1651 4895 1743 4964 qui
1806 4909 1944 4964 opus
1994 4892 2159 4950 habet

590 4990 929 5046 benefacere.
985 4985 1081 5044 Dei
1130 4992 1235 5054 est,
1297 5001 1367 5042 ex
1422 4985 1792 5042 imbecillitate
1840 5001 2157 5057 perversam

592 5088 841 5134 naturam
895 5094 993 5150 per
1039 5077 1327 5133 sanitatem
1381 5075 1486 5131 sibi
1548 5076 1858 5131 resﬁtuere.
1917 5074 2014 5131 Dei
2074 5086 2159 5134 est

591 5170 845 5226 similiter
901 5179 956 5226 et
987 5168 1179 5226 eodem
1235 5167 1397 5222 modo
1444 5166 1695 5223 obtinere
1726 5165 2065 5223 dominatum
2096 5168 2155 5224 in

590 5274 807 5314 omnem
855 5269 1202 5326 creaturam,
1256 5265 1480 5325 terram,
1536 5272 1684 5313 mare
1735 5264 1789 5313 ει
1844 5272 2045 5323 aerem,
2102 5267 2156 5315 ει

587 5351 774 5406 omnia
800 5366 923 5420 quae
956 5361 1087 5408 sunt
1134 5366 1301 5423 supra
1348 5364 1551 5405 aerem.
1591 5347 1686 5405 Dei
1738 5358 1822 5405 cst
1862 5349 1929 5404 ad
1969 5350 2154 5406 omnia

588 5442 725 5498 satis
756 5441 956 5498 habere
986 5447 1295 5515 potestatis,
1341 5451 1395 5502 et
1429 5454 1555 5499 ante
1595 5443 1778 5498 omnia
1808 5458 1933 5500 esse
1962 5452 2155 5513 poten-

588 5536 782 5591 tiorem
812 5539 989 5589 morte
1019 5543 1073 5589 et
1125 5537 1374 5593 interitu.
1430 5535 1488 5592 Si
1542 5551 1674 5606 ergo
1707 5533 1913 5605 aliquid
1960 5535 2153 5590 horum

588 5625 804 5681 deesset
827 5623 877 5679 ei
921 5638 1042 5695 qua:
1089 5622 1157 5680 de
1217 5626 1339 5697 ipso
1363 5633 1621 5681 narratur
1648 5624 1914 5689 historiae,
1957 5623 2153 5678 merito

588 5715 687 5790 qui
720 5730 753 5772 ι
794 5722 986 5773 nostra
1015 5714 1121 5772 ﬁde
1170 5723 1300 5771 sunt
1346 5716 1532 5784 alieni,
1588 5714 1855 5772 adversus
1901 5721 2150 5771 nostrum

2265 4528 2434 4582 θεῖσιν
2472 4525 2677 4596 ἔργοις,
2705 4525 2772 4578 δι’
2804 4518 2879 4580 ὧν
2926 4527 2963 4596 ὴ
2995 4525 3116 4579 θεία
3152 4524 3621 4597 χαρακτηρίζεται
3659 4524 3861 4593 φύσις,

2262 4618 2713 4688 κατανοήσαντες.
2747 4615 2881 4670 Θεοῦ
2913 4616 2973 4670 τὸ
3010 4617 3292 4682 ζωοποιεῖν
3326 4618 3453 4679 τοὺς
3488 4614 3859 4687 ἀνθρώπους.

2262 4709 2396 4765 Θεοῦ
2430 4709 2492 4763 τδ
2544 4711 2829 4781 συντηρεῖν
2888 4708 2976 4763 διὰ
3025 4709 3278 4779 προνοίας
3314 4708 3381 4763 τὰ
3408 4708 3556 4760 ὄντα.
3596 4706 3748 4762 Θεοῦ
3800 4707 3869 4761 τδ

2264 4802 2465 4875 βρῶσιν
2499 4803 2596 4856 καὶ
2626 4802 2783 4855 πόσιν
2804 4803 2915 4864 τοῖς
2946 4801 3145 4873 σαρκὸς
3167 4800 3266 4871 τὴν
3300 4798 3443 4869 ζωὴν
3468 4797 3725 4869 είληχόσι
3756 4817 3869 4870 χα-

2265 4894 2529 4969 ρίζεσθαι.
2562 4893 2696 4949 Θεοῦ
2722 4894 3028 4965 εὐεργετεῖν
3055 4892 3147 4947 τδν
3172 4892 3444 4962 δεόμενον.
3472 4890 3613 4945 Θεοῦ
3640 4891 3709 4944 τὸ
3743 4909 3866 4945 πα-

2260 4990 2632 5063 ρατραπεῖσαν
2651 4985 2711 5051 ἐξ
2734 4986 3016 5048 ἀσθενείας
3040 4984 3136 5054 τὴν
3166 4982 3346 5054 φύσιν,
3375 4982 3532 5038 πάλιν
3554 4984 3629 5037 δι’
3654 4984 3872 5053 ὑγείας

2259 5081 2399 5153 πρὸς
2427 5079 2622 5152 ἐαυτὴν
2644 5079 2955 5146 ἐπανάγειν.
2987 5075 3122 5130 Θεοῦ
3150 5076 3212 5128 τδ
3242 5075 3422 5147 πάσης
3453 5073 3872 5146 ἐπικρατεύειν

2257 5172 2629 5244 ὁμοιοτρόπως
2661 5168 2760 5240 τῆς
2794 5168 3056 5233 κτίσεως,
3091 5168 3196 5239 γῆς
3221 5207 3235 5232 ,
3271 5165 3587 5237 θαλάσσης,
3655 5166 3867 5238 ἀέρος,

2256 5264 2366 5318 τῶν
2415 5261 2558 5330 ὑπὲρ
2592 5261 2683 5314 τὸν
2737 5259 2875 5330 ἀέρα
2913 5258 3113 5313 τόπων.
3174 5255 3310 5311 Θεοῦ
3362 5256 3424 5312 τὸ
3463 5257 3608 5330 πρὸς
3663 5258 3873 5311 πάντα

2256 5352 2454 5426 διαρκῆ
2498 5352 2598 5424 τὴν
2640 5352 2872 5421 δύναμιν
2905 5349 3067 5420 ἔχειν,
3105 5348 3198 5403 καὶ
3237 5349 3344 5420 πρό
3385 5365 3449 5418 γε
3506 5349 3750 5403 πάντων
3799 5348 3871 5400 τὸ

2258 5442 2490 5498 θανάτου
2528 5441 2621 5495 καὶ
2673 5440 2881 5510 φθορᾶς
2930 5435 3067 5492 εῖναι
3116 5438 3417 5511 κρείττονα.
3468 5438 3532 5491 Εἰ
3584 5439 3700 5509 μὲν
3763 5434 3872 5490 οὖν

2254 5551 2398 5599 τινος
2436 5534 2640 5589 τούτων
2663 5530 2882 5602 ἐλλιπὴς
2905 5526 2971 5602 ἦν
2999 5531 3031 5602 ἡ
3075 5529 3202 5599 περὶ
3234 5530 3396 5583 αὐτὸν
3424 5526 3670 5598 ἱστορία.
3697 5528 3870 5581 εἰκό-

2254 5639 2364 5687 τως
2406 5623 2468 5676 τὸ
2508 5622 2805 5695 μυστήριον
2832 5619 2986 5691 ἡμῶν
3029 5619 3080 5672 οί
3118 5618 3222 5684 ἔξω
3255 5617 3357 5689 τῆς
3390 5617 3637 5680 πίστεως
3681 5615 3873 5687 ἡμῶν

2257 5713 2669 5783 παοετοάιῖοντυ
2690 5729 2705 5745 ·
2737 5713 2784 5766 εί
2828 5711 2882 5765 δὲ
2925 5710 2991 5765 δι’
3029 5704 3104 5766 ὧν
3137 5712 3337 5764 νοεῖται
3371 5708 3520 5775 Θεὸς,
3555 5708 3769 5764 πάντα
3803 5710 3876 5761 ἐν
