4072 6212
344 309 409 365 55

1571 301 1827 360 ORATIO
1856 300 2355 356 CATI’ICIIETICA.

3513 288 3583 343 ιο

339 430 448 492 τοῖς
482 425 611 499 περὶ
642 422 808 480 αὐτοῦ
842 423 1140 495 διηγήμασι
1169 422 1486 495 καθορᾶται,
1517 421 1569 474 τί
1597 421 1658 473 τὸ
1693 420 1916 491 ὲμποδέ-
1948 468 1956 480 ,

2063 417 2441 493 rgescriherent
2470 412 2788 485 mysterium
2819 429 2832 477 ;
2868 410 2912 467 si
2949 424 3077 465 vero
3125 406 3309 462 omnia
3342 420 3435 475 per
3463 420 3585 475 qua:

338 522 428 587 ζον
464 522 526 590 τῇ
562 518 745 571 πίστει
768 535 785 581 ;

936 735 1189 788 ΚΕΦΑΛ.
1232 733 1329 788 II".

420 869 607 933 mm,
634 866 1049 940 φησὶ,γέκ·νησίς
1070 885 1129 921 τε
1154 868 1249 922 καὶ
1271 866 1499 931 θάνατος
1520 866 1649 921 ἴδιον
1679 868 1777 931 τῆς
1802 885 1927 940 σαρ-

340 963 506 1032 "ﬁt;
553 962 669 1013 ἐστι
718 956 933 1028 φύσεως
1032 959 1176 1028 φημὶ
1219 957 1959 1035 κάγὼ.⁹Αλλὰκαὶτδπρὸτῆς

341 1053 651 1122 γεννήσεως
682 1050 779 1102 καὶ
803 1048 864 1102 τὸ
900 1049 1042 1120 μετὰ
1068 1050 1160 1102 τὸν
1192 1048 1422 1103 θάνατον
1454 1049 1553 1120 τὴν
1586 1050 1685 1119 τῆς
1711 1048 1927 1119 φύσεως

345 1141 510 1214 ἡμῶν
542 1138 794 1208 ἐκφεύγει
823 1139 1129 1209 κοινότητα.
1164 1139 1260 1202 Εἰς
1293 1138 1403 1210 γὰρ
1428 1138 1662 1210 ἑκάτερα
1703 1139 1800 1208 τῆς
1831 1139 1928 1191 ἀν-

353 1232 634 1305 θρωπένης
678 1230 826 1301 ζωῆς
886 1229 960 1282 τὰ
1004 1230 1216 1302 πέρατα
1271 1228 1588 1299 βλέποντες,
1632 1231 1786 1299 ἴσμεν
1835 1228 1929 1283 καὶ

351 1324 476 1381 ὅθεν
512 1321 810 1393 ἀρχόμεθα,
840 1320 935 1373 καὶ
959 1320 1038 1384 εἰς
1069 1320 1121 1372 τί
1151 1319 1553 1391 καταλήγομεν.
1599 1319 1695 1372 Ἐκ
1726 1318 1930 1382 πάθους

349 1416 463 1486 γὰρ
513 1413 822 1485 ἀρξάμενος
855 1410 949 1464 τοῦ
980 1406 1115 1464 εἶναι
1161 1412 1190 1462 6
1236 1409 1516 1481 ἄνθρωπος
1542 1448 1556 1472 ,
1613 1407 1772 1462 πάθει
1809 1425 1933 1461 συν-

352 1503 733 1577 απαρτίζεται.
801 1503 949 1555 Ἐκεῖ
975 1501 1031 1553 δὲ
1077 1499 1199 1554 οὔτε
1226 1502 1259 1570 ή
1293 1500 1546 1571 γέννησις
1577 1499 1685 1552 ἀπὸ
1726 1499 1932 1562 πάθους

351 1599 558 1671 ἢρξατο
581 1636 598 1661 ,
651 1595 776 1650 οὔτε
806 1596 835 1648 6
865 1594 1093 1658 θάνατος
1136 1595 1218 1657 εἰς
1251 1592 1422 1657 πάθος
1452 1590 1763 1660 κατέληξεν.
1796 1590 1931 1644 Οὔτε

353 1691 466 1762 γὰρ
491 1688 591 1760 τῆς
621 1688 930 1758 γεννήσεως
958 1685 1118 1758 ἡδονὴ
1143 1683 1493 1755 καθηγήσατο
1518 1723 1533 1746 ,
1572 1680 1694 1735 οὔτε
1722 1681 1811 1735 τὸν
1836 1681 1933 1734 θά-

2025 506 2167 561 Deus
2222 506 2560 575 intelligitur,
2619 507 2918 554 cernuntur
2963 498 3017 552 in
3062 495 3131 550 iis
3164 510 3285 564 qua:
3346 494 3414 548 de
3462 495 3580 563 ipso

2027 604 2339 662 narrantur,
2383 593 2514 665 quid
2543 600 2626 647 est
2651 589 2790 660 quod
2824 587 2981 643 tidem
3009 584 3307 658 impediat?

2603 718 2830 775 CAPUT
2869 716 3008 772 XIII.

2096 862 2163 916 At
2193 870 2369 927 ortus,
2407 859 2603 930 inquit,
2633 865 2686 911 et
2717 869 2865 909 mors
2919 858 3005 907 est
3058 849 3340 920 proprium
3379 857 3590 903 natura:

2027 954 2235 1010 carnis.
2267 952 2543 1008 Concedo.
2594 948 2702 1003 Sed
2761 955 2815 1002 et
2868 945 2920 999 id
2953 943 3096 1014 quod
3140 941 3244 1001 fuit
3296 949 3422 995 ante
3470 939 3592 1010 ejus

2027 1055 2230 1111 ortum,
2264 1054 2317 1101 et
2346 1044 2397 1100 id
2428 1043 2575 1116 quod
2611 1042 2713 1096 fuit
2744 1048 2869 1112 post
2900 1046 3152 1102 mortem,
3178 1035 3366 1106 effugit
3390 1041 3595 1088 natura:

2028 1149 2231 1196 nostrae
2288 1138 2755 1193 communitatem.
2817 1132 2895 1187 Ad
2964 1130 3212 1185 humanm
3273 1130 3417 1185 enim
3473 1128 3598 1181 vita:

2030 1238 2320 1300 utrumque
2355 1228 2515 1283 tinem
2563 1224 2912 1298 aspicientes,
2945 1221 3150 1276 scimus
3194 1227 3247 1274 et
3286 1217 3431 1273 unde
3462 1218 3599 1272 inei-

2030 1321 2246 1391 pimus,
2284 1328 2338 1373 et
2395 1319 2450 1372 in
2497 1318 2626 1387 quid
2682 1312 3008 1368 desinimus.
3063 1308 3238 1364 Homo
3274 1309 3420 1364 enim
3472 1320 3597 1361 cum

2042 1428 2164 1467 esse
2203 1413 2427 1480 coeperit
2467 1422 2532 1465 ex
2565 1407 2880 1473 aﬂ‘ectione,
2928 1405 3214 1460 aﬂ‘eetione
3267 1403 3429 1458 etiam
3465 1415 3602 1454 cun-

2034 1504 2217 1559 ﬁcitur
2244 1512 2298 1559 et
2334 1508 2775 1558 consummatur.
2821 1499 2940 1555 Illic
2983 1507 3164 1553 autem
3220 1511 3399 1566 neque
3440 1507 3604 1564 gene-

2031 1595 2173 1649 ratio
2206 1594 2373 1665 eoepit
2422 1595 2491 1648 ab
2536 1591 2862 1659 atl‘eetione;
2912 1606 3090 1661 neque
3142 1603 3292 1643 mors
3340 1585 3501 1641 desiit
3549 1584 3602 1637 in

2035 1686 2403 1742 ali‘eetionem.
2436 1685 2621 1758 Neque
2668 1687 2812 1743 enim
2850 1686 3104 1756 voluptas
3156 1682 3276 1753 ejus
3324 1676 3607 1751 praetessit

354 1797 516 1835 νατον
551 1777 727 1849 φθορὰ
748 1777 1033 1843 διεδέξατο.
1068 1776 1338 1836 Ἀπιστεῖς
1364 1773 1442 1844 τῷ
1461 1772 1716 1842 Gadium;
1746 1771 1935 1843 Χαίρω

2056 1779 2440 1848 generationem
2470 1797 2484 1847 ;
2517 1794 2692 1844 neque
2719 1787 2949 1834 mortem
2984 1783 3172 1833 secuta
3191 1781 3276 1830 est
3303 1768 3603 1840 corruptio.

356 1872 426 1941 τῇ
465 1870 711 1940 ἀπιστίᾳ.
755 1867 1066 1939 Ὀμολογεῖς
1101 1865 1208 1938 γὰρ
1230 1864 1446 1928 πάντως
1476 1863 1544 1917 δι’
1566 1856 1640 1916 ὧν
1671 1863 1811 1934 ὑπὲρ
1845 1862 1934 1914 πε-

361 1977 483 2015 στιν
505 1962 618 2031 ἡγῇ
644 1959 705 2012 τδ
724 1959 1037 2029 λεγόμενον,
1064 1958 1202 2029 ὑπὲρ
1226 1957 1323 2029 τὴν
1357 1954 1518 2025 φύσιν
1545 1948 1685 2010 εἶναι
1708 1954 1776 2008 τὰ
1801 1952 1935 2007 θαύο

372 2066 542 2121 ματα.
573 2047 711 2101 Αὐτὸ
736 2044 1003 2101 οὖντοῦτο
1024 2047 1124 2117 τῆς
1151 2046 1401 2116 θεότητος
1426 2044 1566 2097 ἔστω
1587 2060 1670 2096 σοι
1697 2040 1790 2095 τοῦ
1821 2058 1939 2111 φα·-

371 2140 560 2203 νὲντο;
587 2137 849 2204 ἀπόδειξις
870 2179 885 2205 ,
918 2140 981 2192 τὸ
1013 2138 1087 2210 μὴ
1116 2138 1203 2192 διὰ
1248 2138 1355 2191 τῶν
1384 2136 1525 2191 κατὰ
1552 2135 1712 2207 φύσιν
1752 2134 1938 2206 προϊέ-

376 2249 462 2287 κιι
491 2232 553 2285 τὺ
592 2232 873 2303 κήρυγμα.
908 2232 977 2286 Et
1015 2232 1122 2304 γὰρ
1165 2230 1314 2295 ἐντὸς
1342 2226 1409 2302 ἦν
1440 2229 1548 2283 τῶν
1578 2229 1681 2300 τῆς
1727 2227 1939 2297 φύσεως

373 2324 523 2396 ὅρων
553 2321 621 2375 τὰ
649 2323 773 2393 περὶ
801 2320 895 2375 τοῦ
924 2320 1158 2393 Χριστοῦ
1188 2321 1521 2392 διηγήματα,
1550 2319 1651 2373 ποῦ
1677 2318 1738 2372 τὸ
1763 2317 1900 2371 θεῖον
1923 2332 1939 2383 ;

368 2416 438 2470 Et
464 2414 521 2467 δὲ
544 2412 859 2486 ὑπερϐαίνει
878 2413 976 2484 τὴν
1010 2412 1169 2483 φύσιν
1210 2413 1239 2465 6
1267 2412 1446 2482 λόγος,
1478 2412 1535 2466 ὲν
1563 2404 1644 2474 οἷς
1674 2411 1941 2471 ἀπιστεῖς,

368 2506 431 2558 ὲν
457 2504 662 2567 τούτοις
705 2505 857 2557 ἐστὶν
885 2505 918 2574 ἡ
952 2503 1223 2568 ἀπόδειξις
1258 2501 1350 2555 τοῦ
1389 2502 1520 2555 Θεὸν
1548 2496 1685 2554 εἶναι
1722 2501 1813 2553 τὸν
1842 2517 1942 2569 κη-

373 2594 722 2668 ρυσσόμενον.
768 2593 1089 2665 Ἄνθρωπος
1126 2598 1224 2664 μὲν
1249 2593 1359 2665 γὰρ
1393 2595 1459 2646 ὲκ
1502 2592 1839 2664 συνδυασμοῦ
1869 2591 1948 2645 τί-

374 2703 596 2751 κτεται,
633 2685 730 2739 καὶ
764 2684 903 2755 μετὰ
949 2684 1175 2741 θάνατον
1220 2688 1278 2740 ὲν
1310 2684 1574 2757 διαφθορᾷ
1605 2685 1829 2754 γίνεται.
1886 2685 1949 2737 EI

368 2778 543 2833 ταῦτα
575 2779 818 2848 περιεῖχε
847 2776 907 2830 τὺ
937 2778 1197 2850 κήρυγμα
1218 2818 1233 2843 ,
1260 2773 1361 2831 οὐκ
1387 2776 1453 2832 ἂν
1480 2776 1612 2831 Θεὸν
1645 2772 1782 2830 εἶναι
1813 2776 1951 2830 πᾶν·

368 2886 480 2932 τως
507 2867 693 2939 ᾠήθης
719 2868 812 2920 τὸν
840 2869 899 2920 ὲν
929 2869 1042 2931 τοῖς
1092 2865 1342 2938 ἱδιώμασι
1385 2867 1485 2937 τῆς
1535 2865 1749 2937 φύσεως
1793 2866 1951 2936 ἡμῶν

376 2958 847 3030 μαρτυρούμενον.
892 2957 1048 3011 Ἐπεὶ
1096 2957 1155 3010 δὲ
1200 2957 1560 3030 γεγεννῆσθαι
1592 2958 1689 3029 μὲν
1738 2956 1954 3021 ἀκούεις

373 3051 564 3116 αὐτὸν,
603 3048 964 3120 ἐκϐεϐηκέναι
996 3049 1053 3102 δὲ
1078 3050 1179 3120 τῆς
1206 3048 1419 3119 φύσεως
1454 3050 1612 3122 ἡμῶν
1652 3050 1751 3121 τὴν
1781 3049 1952 3103 κοινό-

372 3155 558 3210 τητα,
594 3140 673 3210 τῷ
707 3156 768 3193 τε
804 3139 907 3209 τῆς
957 3140 1223 3208 γενέσεως
1258 3139 1464 3211 τρόπῳ,
1517 3138 1612 3193 καὶ¹
1658 3138 1735 3210 τῷ
1768 3139 1954 3192 ἀνεπι-

376 3232 562 3302 δὲκτῳ
598 3230 699 3301 τῆς
738 3233 819 3296 εἰς
852 3231 1056 3303 φθορὰν
1102 3230 1473 3296 ἀλλοιώσεως,
1514 3230 1695 3296 καλῶς
1734 3229 1800 3285 ἂν
1844 3231 1955 3301 ἔχοι

381 3322 531 3378 κατά
562 3323 623 3376 τὺ
649 3322 971 3387 ἀκόλουθον,
1015 3324 1109 3375 ἐπὶ
1144 3321 1207 3375 τὸ
1239 3322 1424 3393 ἕτερον
1460 3324 1526 3394 τῇ
1560 3322 1786 3393 ἀπιστίᾳ
1817 3322 1957 3393 χρή·

380 3413 621 3481 σεο-θαι,
646 3415 727 3477 εἰς
759 3412 822 3467 τὸ
866 3412 941 3484 μὴ
979 3411 1265 3483 ἄνθρωπον
1305 3412 1467 3466 αὐτὸν
1510 3413 1607 3466 ἕνα
1650 3412 1757 3466 τῶν
1800 3414 1857 3465 ὲν
1889 3414 1956 3483 τῇ

380 3506 547 3575 φύσει
582 3505 950 3577 δεικνυμένων
976 3506 1204 3559 οῐεσθαι.
1255 3504 1492 3576 Ἀνάγκη
1532 3504 1641 3576 γὰρ
1680 3507 1828 3559 πᾶσα
1868 3504 1961 3557 τὸν

386 3599 467 3670 μὴ
494 3597 829 3651 πιστεύοντα
850 3596 941 3650 τὸν
971 3596 1211 3651 τοιοῦτον
1244 3596 1528 3668 ἄνθρωπον
1556 3593 1717 3662 εἶναι,
1754 3599 1833 3661 εἰς
1865 3597 1963 3668 τὴν

386 3691 519 3764 περὶ
558 3690 622 3743 τὸ
661 3689 797 3744 Θεὸν
825 3688 987 3743 αὐτὸν
1014 3684 1151 3743 εἶναι
1179 3688 1360 3743 πίστιν
1386 3687 1696 3760 ὲναχθῆναι.
1755 3690 1812 3743 '0
1856 3689 1962 3761 γὰρ

388 3779 750 3851 γεγεννῆσθαι
779 3780 942 3833 αὑτὸν
972 3780 1260 3853 ἱστορήσας
1278 3819 1293 3843 ,
1344 3780 1440 3833 καὶ
1466 3778 1530 3833 τὸ
1562 3778 1734 3845 οὕτως
1774 3797 1965 3849 γεγεν-

398 3873 598 3943 νῆσθαι
642 3873 1058 3945 συνδιηγήσατο.
1106 3873 1169 3926 EI
1201 3862 1311 3926 οὖν⁹
1340 3872 1529 3926 πιστόν
1577 3873 1691 3925 ἔστι
1727 3871 1814 3925 διὰ
1858 3870 1967 3924 τῶν

403 3962 714 4036 εἰρημένων
739 3964 797 4016 τὸ
820 3964 1175 4036 γεγεννῆσθαι
1200 3964 1381 4029 αὐτὸν,
1405 3964 1494 4018 διὰ
1516 3963 1624 4017 τῶν
1646 3965 1826 4018 αὐτῶν
1847 3964 1968 4018 τού-

399 4072 519 4109 τεων
550 4055 762 4121 πάντως
786 4057 897 4110 οὐδὲ
930 4058 992 4110 τὸ
1022 4057 1192 4122 οὕτως
1224 4056 1387 4110 αὐτὸν
1434 4056 1794 4128 γεγεννῆσθαι
1841 4056 1969 4110 ἀπί-

397 4148 586 4202 θανον.
638 4146 698 4201 '0
722 4148 829 4219 γὰρ
855 4149 953 4219 τὴν
989 4149 1243 4219 γέννησιν
1270 4148 1460 4214 εἰπὼν,
1497 4150 1590 4203 καὶ
1615 4149 1697 4215 τὸ,
1729 4151 1794 4202 ὲκ
1828 4164 1970 4220 παρ·-

396 4238 579 4304 θένου,
624 4238 954 4309 προσέθηκε.
984 4240 1096 4294 Καὶ
1129 4241 1158 4294 6
1185 4239 1279 4294 τοῦ
1303 4239 1533 4295 θανάτου
1563 4239 1841 4311 μνησθεὶς,
1879 4239 1971 4292 καὶ

394 4325 499 4395 τὴν
524 4323 820 4378 ἀνάστασιν
863 4324 941 4393 τῷ
973 4324 1187 4396 θανάτῳ
1216 4323 1753 4397 προσεμαρτύρησεν.
1783 4325 1846 4377 El
1880 4319 1973 4376 οὖν

394 4417 496 4483 ἀφ’
523 4409 601 4468 ὧν
632 4415 855 4479 ἀκούεις
888 4416 982 4469 καὶ
1022 4416 1085 4469 τὺ
1106 4416 1465 4487 γεγεννῆσθαι
1504 4416 1599 4470 καὶ⁸
1624 4415 1682 4468 τὸ
1719 4414 1973 4469 τεθνᾶναι

392 4505 580 4569 δίδως,
605 4506 673 4558 ἐκ
707 4506 816 4560 τῶν
851 4507 1033 4561 αὐτῶν
1057 4507 1249 4570 δώσεις
1280 4505 1495 4571 πάντως
1534 4507 1627 4560 καὶ
1655 4506 1716 4560 τὸ
1747 4504 1850 4571 ἔξω
1876 4506 1980 4560 πά-

401 4600 532 4655 too;
566 4590 708 4648 εἶναι
747 4597 841 4649 κα)⁸
870 4595 967 4667 τὴν
1004 4596 1256 4667 γέννησιν
1279 4595 1445 4651 αὑτοῦ
1477 4596 1572 4650 καὶ⁸
1615 4596 1706 4649 τὸν
1730 4595 1979 4649 θάνατον.

413 4685 581 4740 Ἀλλὰ
622 4686 731 4757 μὴν
767 4688 942 4741 ταῦτα
986 4688 1157 4759 μείζω
1204 4688 1304 4759 τῆς
1348 4688 1563 4757 φύσεως
1587 4705 1603 4718 ”
1635 4687 1831 4742 οὐκοῦν
1859 4687 1983 4741 οὐδὲ

400 4779 614 4840 ἐκεῖνος
653 4778 870 4843 πάντως
900 4779 1050 4845 ἐντὸς
1089 4779 1190 4849 τῆς
1234 4779 1479 4847 φύσεως,
1521 4783 1549 4834 6
1587 4782 1646 4836 ὲν
1690 4784 1803 4846 τοῖς
1844 4781 1985 4846 ὑπὲρ

402 4867 573 4937 φύσιν
596 4869 954 4941 γεγεννῆσθαι
978 4865 1429 4939 ἁποδεικνύμενς.

1010 5110 1261 5164 ΚΕΦΑΛ.
1305 5111 1402 5171 ΙΔ’.

484 5267 585 5332 Τίς
624 5266 717 5324 οὖν
763 5272 909 5326 αἰτία
934 5313 949 5339 ,
988 5277 1120 5343 φησὶ
1142 5317 1156 5334 .
1187 5275 1281 5330 τοῦ
1328 5276 1462 5349 πρὸς
1495 5276 1593 5348 τὴν
1624 5278 1986 5349 ταπεινότητα

400 5358 621 5433 ταύτην
646 5362 953 5434 καταϐῆναι
982 5366 1044 5420 τὸ
1071 5366 1246 5432 Θετον,
1274 5368 1346 5433 ὡς
1378 5369 1680 5440 ἀμφίϐολον
1718 5365 1859 5424 εἶναι
1888 5370 1984 5442 τὴν

406 5451 602 5505 πίστιν
624 5490 641 5515 ,
685 5453 733 5505 ιι
773 5451 905 5517 Θεὸς
935 5454 996 5509 τὸ
1027 5455 1311 5528 ἁχώρητον
1357 5458 1447 5513 καὶ
1481 5458 1847 5531 ἀκατανόητον
1890 5462 1984 5516 καὶ

404 5540 782 5615 ἀνεκλάλητον
804 5545 1057 5615 πρᾶγμα,
1079 5545 1190 5620 [τῙό
1210 5548 1351 5622 ὑπὲρ
1383 5551 1561 5604 πᾶσαν
1588 5550 1744 5618 δόξαν
1773 5552 1866 5605 καὶ
1884 5553 1990 5606 πᾶ-

412 5649 517 5686 σαν
548 5632 944 5707 μεγαλειότητα
981 5637 1060 5710 τῷ
1106 5640 1312 5695 εὐτελεῖ
1354 5640 1564 5715 ἑλύτρῳ
1601 5643 1699 5714 τῆς
1727 5644 1995 5716 ἀνθρωπί-

411 5739 517 5798 νης
543 5723 764 5796 φύσεως
796 5728 1213 5801 καταμίγνυται,
1241 5732 1318 5797 ὡς
1344 5733 1439 5788 καὶ
1465 5733 1565 5797 τὰς
1592 5732 1800 5806 ὑψηλὰς
1833 5736 1917 5789 ὲνε
1927 5752 1989 5808 ρ-

2037 1866 2152 1919 Νοη
2183 1867 2365 1923 credis
2399 1868 2700 1922 miraculo?
2734 1867 2911 1923 Laetor
2956 1866 3025 1922 de
3057 1873 3151 1920 tua
3201 1860 3605 1918 incredulitate.

2035 1957 2141 2013 Per
2170 1959 2275 2014 hoc
2319 1960 2462 2014 enim
2499 1959 2645 2029 quod
2703 1974 2868 2029 supra
2902 1958 3065 2013 ﬁdem
3101 1964 3265 2027 putas
3308 1967 3432 2008 esse
3463 1949 3611 2020 quod

2038 2049 2260 2112 dicitur,
2293 2048 2481 2103 fateris
2513 2049 2782 2104 miracula
2816 2063 2939 2104 esse
2969 2062 3138 2117 supra
3169 2055 3442 2101 naturam.
3495 2039 3613 2095 IIoe

2041 2142 2218 2212 ipsum
2248 2156 2378 2210 ergo
2437 2142 2511 2197 sit
2567 2141 2663 2195 tibi
2721 2146 3106 2212 argumentum
3140 2137 3443 2192 divinitatis
3492 2133 3613 2204 ejus

2040 2234 2133 2304 qui
2164 2234 2435 2306 apparuit,
2472 2233 2614 2304 quod
2648 2248 2757 2287 non
2791 2231 3052 2303 procedat
3084 2228 3399 2301 praedicatio
3426 2242 3523 2299 per
3547 2242 3611 2282 ea

2043 2340 2165 2397 quae
2191 2334 2319 2381 sunt
2350 2324 2650 2386 secundum
2702 2332 2976 2380 naturam.
3022 2321 3161 2377 Nam
3195 2323 3241 2376 si
3286 2320 3432 2375 intra
3476 2318 3615 2373 ﬁnes

2043 2426 2254 2472 naturae
2285 2424 2471 2473 essent
2499 2431 2561 2471 ea
2592 2432 2713 2488 qum
2766 2415 2834 2471 de
2882 2415 3105 2469 Christo
3160 2419 3476 2475 narrantur,
3521 2409 3615 2464 ubi

2045 2508 2353 2564 divinitas?
2414 2507 2511 2563 Sin
2556 2517 2737 2563 autem
2795 2515 3050 2562 naturam
3099 2512 3323 2576 superat
3360 2504 3415 2559 id
3470 2502 3615 2574 quo.l

2048 2600 2272 2665 dicitur,
2320 2615 2384 2656 ea
2430 2601 2548 2671 ipsa
2600 2616 2721 2670 qua:
2769 2615 2876 2654 non
2909 2597 3112 2664 credis,
3168 2595 3402 2668 probant
3447 2592 3616 2648 Deum

2049 2708 2172 2748 esse
2204 2692 2299 2763 qui
2336 2691 2686 2763 praedicatur.
2722 2690 2855 2746 Nam
2896 2690 3060 2745 homo
3106 2687 3324 2760 quidem
3374 2685 3621 2741 nascitur

2051 2799 2117 2839 ex
2147 2783 2380 2838 duorum
2410 2782 2605 2853 c0pula
2632 2791 2685 2838 et
2714 2780 3122 2852 conjunctione,
3152 2786 3206 2834 et
3235 2784 3359 2850 post
3388 2784 3620 2831 mortem

2058 2875 2209 2930 venit
2246 2876 2313 2930 ad
2347 2874 2650 2930 interitum.
2699 2874 2758 2928 Si
2799 2874 2913 2929 hac
2949 2871 3255 2927 contineret
3284 2866 3621 2941 praedicatio,

2056 2962 2225 3020 Deum
2274 2979 2384 3019 non
2424 2978 2545 3019 esse
2597 2962 2823 3017 omnino
2887 2960 3231 3017 existimares
3284 2971 3407 3014 eum
3460 2969 3625 3027 quem

2057 3063 2390 3112 testaremur
2418 3038 2540 3111 es'se
2580 3053 2723 3108 intra
2757 3060 2965 3109 naturae
3024 3050 3405 3124 proprietates.
3470 3047 3624 3115 Quo-

2058 3148 2205 3202 niam
2241 3157 2420 3201 autem
2475 3147 2634 3202 audis
2686 3144 2904 3216 quidem
2964 3145 3143 3215 ipsum
3179 3156 3303 3199 esse
3357 3140 3625 3213 genitum,

2058 3240 2367 3295 excessisse
2415 3248 2595 3293 autem
2634 3246 2846 3293 natum
2900 3244 3101 3292 nostrae
3154 3233 3625 3293 communitatem,

2060 3337 2113 3383 et
2146 3331 2201 3383 in
2259 3328 2421 3383 modo
2472 3326 2863 3399 generationis.
2895 3333 2948 3379 et
2978 3322 3142 3395 .quod
3193 3337 3305 3378 non
3353 3319 3628 3392 acceperit

2062 3421 2436 3476 alterationem
2489 3419 2555 3473 ad
2597 3418 2875 3472 interitum
2908 3434 2922 3483 ;
2955 3424 3103 3471 recte
3151 3415 3255 3470 erit
3304 3428 3373 3470 ex
3431 3427 3627 3468 conse-

2062 3514 2272 3585 quenti,
2300 3513 2365 3568 ad
2400 3513 2630 3568 alterum
2664 3511 2741 3566 uti
2774 3511 3175 3576 incredulitate,
3206 3520 3404 3577 nempe
3434 3512 3493 3559 ut
3518 3519 3629 3559 non

2064 3607 2347 3663 existimes
2396 3621 2522 3661 eum
2575 3620 2698 3661 esse
2752 3620 2921 3658 unum
2974 3602 3248 3657 hominem
3298 3615 3365 3655 ex
3417 3599 3486 3655 iis
3536 3597 3631 3669 qui

2066 3699 2435 3755 ostenduntur
2485 3697 2538 3752 in
2580 3704 2794 3751 natura.
2836 3693 3071 3750 Omnino
3114 3693 3258 3749 enim
3298 3706 3521 3748 necesse
3552 3702 3637 3744 est

2067 3799 2128 3845 ut
2175 3791 2269 3860 qui
2324 3787 2499 3843 credit
2546 3802 2670 3843 eum
2719 3786 2813 3856 qui
2871 3794 2954 3841 est
3003 3783 3313 3853 hujusmodi
3367 3798 3474 3838 non
3515 3797 3637 3837 esse

2069 3880 2374 3944 hominem,
2407 3876 2712 3932 deducatur
2740 3876 2805 3931 ad
2836 3874 3169 3931 credendum
3197 3872 3343 3945 quod
3373 3872 3444 3925 sit
3470 3870 3633 3925 Deus.

2069 3971 2204 4025 Nam
2238 3969 2329 4040 qui
2371 3977 2557 4023 natum
2612 3984 2734 4022 eum
2767 3982 2888 4022 esse
2926 3965 3193 4026 narravit,
3250 3961 3409 4017 simul
3469 3962 3635 4015 etiam

2073 4058 2174 4112 hoc
2207 4056 2369 4111 modo
2404 4063 2590 4109 natum
2616 4055 2911 4109 recensuit.
2942 4052 2999 4105 Si
3027 4052 3210 4122 itaque
3236 4065 3300 4105 ex
3327 4048 3489 4105 dictis
3513 4067 3635 4105 eum

2072 4156 2259 4203 natum
2294 4162 2415 4201 esse
2444 4145 2706 4200 credibile
2733 4151 2837 4204 est,
2872 4142 3035 4197 etiam
3070 4143 3170 4196 hac
3203 4142 3418 4197 ratione
3454 4152 3636 4196 natum

2073 4257 2170 4311 per
2205 4240 2317 4294 haec
2344 4236 2530 4292 eadem
2562 4236 2718 4289 facile
2761 4243 2937 4304 potest
2969 4232 3307 4303 persuaderi.
3338 4233 3439 4301 Qui
3496 4235 3638 4290 enim

2075 4338 2261 4384 natum
2295 4343 2417 4383 esse
2445 4326 2605 4391 dixit,
2637 4325 2839 4397 adjecit
2866 4326 3032 4380 etiam
3055 4366 3068 4390 ,
3104 4342 3171 4381 ex
3200 4326 3430 4399 virgine.
3458 4329 3518 4384 Et
3550 4329 3643 4400 qui

2008 4450 2052 4503 η
2076 4419 2271 4475 mortis
2301 4418 2569 4482 meminit,
2602 4425 2892 4474 attestatur
2944 4418 3107 4474 etiam
3166 4420 3311 4490 quod
3344 4430 3466 4491 post
3497 4438 3644 4477 mor—

2079 4520 2187 4567 tem
2214 4510 2535 4567 resurrexit.
2565 4508 2622 4565 Si
2645 4525 2776 4581 ergo
2802 4525 2866 4565 ex
2899 4511 2966 4567 iis
2997 4528 3115 4581 qua:
3146 4512 3326 4577 audis,
3354 4513 3453 4570 das
3479 4515 3645 4569 etiam

2079 4618 2202 4658 esse
2237 4610 2424 4657 natum
2455 4609 2509 4657 et
2544 4610 2843 4670 mortuum,
2890 4618 2953 4657 ex
2992 4602 3183 4659 iisdem
3213 4604 3439 4659 omnino
3469 4605 3644 4667 dabis,

2082 4694 2491 4766 generationem
2523 4693 2644 4764 ejus
2681 4702 2734 4750 et
2782 4704 3009 4750 mortem
3055 4710 3177 4750 esse
3222 4701 3377 4751 extra
3407 4694 3651 4751 aﬂectio-

2082 4801 2228 4841 nem.
2259 4778 2740 4842 Verumenimvero
2791 4786 2905 4842 haec
2956 4796 3205 4842 naturam
3257 4796 3638 4858 exsuperant:

2087 4890 2218 4945 ergo
2254 4891 2355 4931 nec
2397 4876 2445 4930 is
2477 4876 2621 4930 intra
2652 4884 2903 4930 naturam
2956 4878 3289 4943 continetur,
3339 4877 3432 4948 qui
3484 4894 3649 4951 supra

2092 4976 2339 5020 naturam
2371 4967 2674 5021 ostenditur
2706 4966 2876 5024 fuisse
2908 4978 3218 5038 generatus.

2666 5124 2895 5180 CAPUT
2934 5124 3072 5180 XIV.

2162 5279 2421 5346 Qumnam
2468 5287 2553 5335 est
2579 5295 2730 5352 ergo,
2776 5280 2974 5351 inquit,
3009 5295 3197 5343 causa.
3243 5282 3391 5351 quod
3427 5282 3569 5344 Deus
3598 5301 3659 5341 se

2092 5371 2159 5426 ad
2186 5378 2392 5425 tantam
2417 5370 2700 5427 demiserit
2726 5372 3106 5434 humilitatem,
3134 5379 3195 5426 ut
3217 5373 3353 5430 ﬁdes
3379 5375 3452 5431 sit
3472 5374 3658 5441 dubia,

2098 5478 2166 5518 an
2208 5461 2353 5519 Deus
2375 5463 2577 5534 quiest
2605 5478 2695 5519 res
2725 5479 2849 5532 qua:
2876 5477 2978 5519 nec
3002 5463 3146 5533 capi,
3174 5480 3274 5521 nec
3303 5474 3485 5523 mente
3509 5481 3661 5525 com-

2102 5552 2388 5623 prehendi,
2424 5567 2526 5608 nee
2556 5554 2738 5609 verbis
2764 5562 2941 5624 potest
2965 5554 3252 5625 explicari,
3283 5570 3406 5628 qua
3443 5570 3663 5612 omnem

2102 5651 2323 5713 superat
2350 5644 2661 5715 opinionem
2692 5654 2746 5701 et
2772 5646 3212 5717 amplitudinem,
3264 5649 3562 5705 misceatur
3606 5649 3662 5702 in

2098 5736 2189 5789 vili
2218 5742 2268 5790 et
2298 5734 2509 5805 abjeeto
2535 5732 2788 5792 humanae
2835 5744 3046 5795 naturae
3088 5738 3390 5806 involucra,
3441 5735 3576 5791 adeo
3608 5746 3666 5793 ut
