4072 6212
570 295 635 351 £7
1796 301 1853 355 S.
1914 298 2238 357 GREGORII
2295 300 2585 358 NYSSENI
3712 306 3770 361 48

569 412 800 469 excelsae
822 422 875 468 et
910 412 1172 468 sublimes
1222 412 1345 484 ejus
1397 415 1744 484 operationes
1804 416 1968 472 simul
2013 418 2120 473 red-

2235 416 2386 485 γείας
2412 417 2572 472 αὑτοῦ
2603 420 2666 489 τῇ
2696 418 2830 487 πρὸς
2859 416 2921 472 τὸ
2944 419 3196 474 ταπεινὸν
3221 417 3468 490 ἐπιμιξίᾳ
3503 422 3768 477 συνευτελί-

568 503 772 558 dantur
802 502 1029 570 abjecta:
1059 508 1111 557 et
1137 501 1273 558 viles
1306 517 1433 559 cum
1476 504 1806 567 admistione
1833 505 1953 576 ejus
1986 505 2133 578 quod

570 602 655 650 est
679 593 949 665 abjectum
981 601 1034 649 et
1060 593 1302 649 humile?

1163 684 1391 740 CAPUT
1432 685 1549 744 XV.

635 774 804 832 Nobis
834 776 899 831 ad
932 775 1047 831 haec
1096 777 1321 833 minime
1364 779 1517 833 deest
1570 793 1690 848 quae
1725 778 1892 834 Deum
1942 779 2134 835 deceat

566 867 875 937 responsio.
907 865 1121 933 Qumris
1146 883 1370 923 causam
1400 883 1500 923 cur
1532 867 1674 925 Deus
1701 870 1919 939 genitus
1946 870 2017 926 sil.
2045 870 2132 923 in-

566 966 650 1013 ter
680 958 966 1013 homines?
1000 958 1058 1012 Si
1091 974 1119 1011 a
1152 960 1263 1012 vita
1282 960 1615 1015 abstraxeris
1635 976 1755 1037 quae
1782 977 1812 1015 a
1842 960 1953 1015 Deo
1977 975 2133 1016 acce-

567 1056 657 1115 pta
688 1048 798 1103 sint
826 1046 1110 1110 beneﬁcia,
1142 1047 1326 1103 dicere
1345 1064 1453 1103 non
1485 1049 1689 1120 poteris
1709 1066 1776 1105 ex
1801 1046 2130 1120 quibusnam

568 1138 730 1194 rebus
764 1136 935 1193 Deum
962 1154 1246 1211 agnosces.
1274 1138 1352 1192 Ex
1390 1138 1458 1193 iis
1492 1140 1636 1196 enim
1667 1156 1785 1210 quae
1807 1140 2127 1210 accipimus,

562 1227 968 1284 benefactorem
1007 1230 1386 1301 agnoscimus.
1417 1230 1496 1285 Ad
1528 1246 1591 1285 ea
1643 1233 1787 1287 enim
1843 1247 1964 1302 quae
1995 1231 2129 1289 liunt

564 1318 910 1388 aspicientes,
952 1333 1047 1391 per
1080 1335 1141 1374 ea
1182 1319 1301 1390 ejus
1332 1319 1424 1390 qui
1459 1321 1569 1391 agit
1618 1331 1870 1375 naturam
1910 1329 2130 1390 reputa-

563 1423 705 1462 mus.
741 1406 798 1461 Si
830 1423 961 1477 ergo
1019 1409 1217 1465 divina:
1258 1417 1467 1464 natura:
1514 1410 1775 1466 iudicium
1823 1418 1878 1467 et
1915 1411 2127 1479 signum

563 1500 839 1570 proprium
899 1508 982 1555 est
1039 1500 1412 1565 benevolentia
1448 1503 1500 1555 in
1536 1503 1806 1567 homines.
1840 1504 2006 1559 habes
2043 1517 2132 1555 ra-

562 1592 763 1646 tionem
799 1607 959 1661 quam
986 1593 1290 1662 quaerebas,
1327 1592 1497 1647 babes
1553 1608 1776 1648 causam
1832 1608 1932 1649 cur
1985 1592 2129 1648 Deus

561 1685 769 1739 venerit
797 1686 863 1740 ad
915 1685 1183 1742 homines.
1239 1683 1388 1755 Opus
1437 1686 1578 1739 enim
1640 1685 1872 1740 habebat
1919 1682 2127 1738 medico

2236 507 2422 571 ζεσθαι
2465 525 2482 574 ;

2825 683 3075 739 ΚΕΦΑΛ.
3107 685 3208 738 ΙΕ’.

2302 777 2419 832 Ούκ
2464 776 2776 848 ἀποροῦμεν
2806 775 2945 847 πρὸς
2988 775 3144 829 τοῦτο
3187 774 3519 846 θεοπρεποῦς
3567 779 3770 851 ἀποκρί-

2234 885 2393 932 σεως.
2432 869 2622 939 Ζητεῖς
2660 868 2757 941 τὴν
2774 864 2948 921 αἰτίαν
2962 861 3054 918 τοῦ
3076 868 3432 939 γεγεννῆσθαι
3455 868 3585 922 Θεὸν
3609 872 3660 924 ἐν
3688 873 3770 925 ἁν-
3796 912 3799 919 .

2233 958 2502 1031 Optimam;
2552 957 2676 1011 Ἐὰν
2711 957 2916 1032 ἀφέλῃς
2942 956 3038 1012 τοῦ
3063 958 3177 1029 βίου
3195 958 3294 1023 τὰς
3315 958 3499 1013 θεόθεν
3537 962 3774 1030 ἀπογενο-

2235 1051 2403 1120 μένας
2437 1050 2778 1122 εὐεργεσίας,
2807 1051 2872 1104 ἐκ
2898 1051 3068 1104 ποίων
3095 1049 3373 1124 ἐπιγνώσῃ
3418 1051 3481 1106 τὸ
3502 1052 3664 1117 Θεῖον,
3685 1056 3776 1108 οὐκ

2233 1141 2300 1195 ἂν
2332 1143 2504 1195 εἰπεῖν
2525 1140 2689 1212 ἔχοις.
2736 1141 2854 1210 Ἀφ’
2892 1135 2967 1195 ὧν
2989 1141 3098 1214 γὰρ
3128 1143 3431 1214 πάσχομεν,
3460 1144 3570 1197 ἀπὸ
3592 1145 3774 1201 τούτων

2230 1231 2321 1286 τὸν
2348 1230 2643 1303 εὐεργέτην
2687 1230 3140 1302 ἐπιγινώσκομεν.
3177 1216 3320 1303 Πρὸς
3370 1233 3477 1305 γὰρ
3505 1234 3572 1287 τά
3615 1235 3777 1305 γιγνό-

2234 1340 2369 1393 μενα
2421 1323 2731 1393 βλέποντες,
2784 1322 2872 1376 διά
2926 1324 3129 1376 τούτων
3176 1322 3274 1393 τὴν
3317 1323 3413 1376 τοῦ
3452 1324 3778 1396 ἐνεργοῦντος

2230 1413 2656 1484 ἀναλογιζόμεθα
2703 1413 2884 1483 φύσιν.
2936 1414 2999 1467 Εί
3045 1410 3137 1468 οὖν
3187 1414 3318 1467 ἴδιον
3367 1413 3646 1486 γνώρισμα
3688 1416 3778 1486 τῆς

2230 1503 2378 1567 θείας
2412 1503 2626 1573 φύσεως
2662 1505 2696 1574 ἡ
2736 1503 3143 1575 φιλανθρωπία,
3189 1504 3332 1574 ἔχεις
3363 1504 3422 1558 ὃν
3459 1505 3777 1579 ἐπεξήτησας

2228 1595 2404 1665 λόγον,
2441 1594 2584 1666 ἔχεις
2630 1593 2727 1666 τὴν
2769 1595 2945 1650 αἰτίαν
2975 1596 3074 1666 τῆς
3103 1597 3159 1648 ἐν
3187 1594 3492 1667 ἀνθρώποις
3538 1598 3626 1652 τοῦ
3655 1600 3777 1653 Θεοῦ

2230 1686 2551 1756 παρουσίας.
2606 1686 2801 1740 Ἐδεῖτο
2843 1688 2952 1758 γὰρ
3006 1685 3103 1739 τοῦ
3152 1685 3490 1756 ἰατρεύοντος
3548 1690 3578 1759 ἡ
3631 1689 3778 1758 φύσις

561 1783 754 1832 natura
784 1785 994 1843 nostra,
1034 1792 1155 1848 quae
1188 1778 1377 1832 morbo
1412 1778 1714 1832 laborabat.
1775 1776 1924 1847 Opus
1957 1776 2120 1831 habe-

2225 1777 2379 1848 ἡμῶν
2409 1776 2772 1848 ἀσθενήσασα.
2825 1777 3025 1830 Ἐδεῖτο
3045 1776 3138 1829 τοῦ
3170 1777 3538 1849 ἀνορθοῦντος,
3566 1782 3593 1832 6
3623 1782 3675 1833 ἐν
3704 1780 3777 1851 τῷ

564 1865 657 1919 bat
696 1881 762 1921 eo
798 1866 889 1938 qui
924 1867 1178 1936 erigeret,
1209 1867 1371 1923 homo
1396 1867 1486 1936 qui
1520 1866 1813 1920 ceciderat.
1847 1865 1996 1935 Opus
2029 1865 2125 1918 ha-

564 1955 722 2009 bebat
751 1972 816 2011 eo
848 1958 938 2029 qui
972 1956 1291 2023 vivilicaret,
1325 1959 1416 2028 qui
1453 1973 1481 2010 a
1510 1960 1615 2011 vita
1647 1958 1945 2013 exciderat.
1975 1956 2123 2026 Opus

560 2048 794 2104 habebat
825 2064 890 2103 eo
925 2050 1015 2121 qui
1043 2049 1108 2102 ad
1137 2050 1336 2103 bonum
1368 2047 1670 2115 reduceret,
1701 2048 1794 2118 qui
1825 2047 2125 2102 deﬂuxerat

556 2157 586 2196 a
613 2140 742 2196 boni
774 2140 1211 2210 participatione.
1252 2138 1456 2210 Egebat
1489 2140 1627 2195 lucis
1676 2141 1981 2209 praesentia,
2029 2142 2122 2211 qui

555 2240 675 2285 erat
716 2232 964 2286 inclusus
994 2230 1047 2283 in
1100 2229 1358 2284 tenebris.
1392 2228 1682 2295 Quaerebat
1714 2230 2118 2299 redemptorem

560 2323 829 2394 captivus,
878 2322 1185 2390 adjutorem
1220 2321 1455 2384 vinetus,
1523 2320 1869 2375 liberatorem
1927 2319 1975 2375 is
2026 2319 2120 2390 qui

551 2414 684 2484 jugo
720 2413 1072 2485 premebatur
1105 2411 1403 2468 servitutis.
1461 2410 1659 2466 Hmcne
1710 2419 1839 2466 sunt
1872 2427 2037 2483 parva
2067 2421 2121 2471 et

556 2507 776 2577 indigna
806 2521 926 2579 quae
964 2504 1131 2560 Deum
1168 2513 1439 2571 moveant,
1473 2515 1530 2559 ut
1563 2504 1858 2561 descendat
1903 2506 1968 2560 ad
2021 2508 2122 2560 hu-

556 2614 773 2652 manam
809 2605 1062 2652 naturam
1092 2596 1439 2658 visitandam,
1475 2612 1597 2650 cum
1639 2596 1773 2650 adeo
1830 2596 2123 2652 infeliciter

560 2699 613 2744 et
639 2686 1025 2743 miserabiliter
1057 2684 1248 2741 all‘ecta
1286 2692 1431 2741 esset
1460 2684 1772 2741 humanitas
1799 2686 1823 2738 ?
1854 2686 1924 2738 At
1969 2694 2120 2757 pote-

557 2788 661 2842 rat,
698 2778 894 2848 inquit,
931 2784 983 2832 et
1010 2776 1176 2832 homo
1213 2777 1477 2832 beneﬁcio
1515 2776 1674 2842 allici,
1713 2785 1768 2832 et
1798 2776 1941 2833 Deus
2000 2794 2118 2832 ma-

555 2886 685 2925 nere
715 2870 769 2925 in
802 2870 1226 2939 impatibilitate.
1263 2869 1365 2935 Qui
1398 2870 1540 2927 enim
1579 2869 1986 2926 universitatem
2019 2885 2117 2923 vo-

555 2964 767 3016 luntate
800 2959 1072 3024 condidit,
1109 2970 1162 3015 ct
1196 2962 1338 3031 quod
1373 2975 1480 3014 non
1512 2967 1629 3014 erat
1663 2959 1788 3014 fecit
1816 2959 2118 3014 consistere

553 3054 670 3107 solo
695 3062 835 3107 nutu
870 3060 923 3107 et
954 3060 1230 3107 momento
1265 3051 1582 3117 voluntatis,
1625 3067 1725 3107 cur
1772 3068 1881 3107 non
1930 3051 2115 3105 divina

552 3144 731 3214 aliqua
770 3141 1099 3197 auctoritate
1121 3149 1175 3199 et
1207 3142 1434 3213 imperio
1463 3157 1492 3195 a
1522 3144 1796 3197 contraria
1846 3151 2117 3215 potestate

553 3236 803 3289 avulsum
834 3234 1110 3289 hominem
1158 3233 1382 3289 deducit
1413 3235 1480 3290 ad
1509 3251 1631 3290 eum
1656 3243 1857 3291 statum
1891 3237 1981 3306 qui
2014 3237 2117 3290 fuit

556 3327 626 3379 ab
662 3325 841 3392 initio,
875 3325 919 3380 si
955 3325 1057 3379 hoc
1085 3322 1134 3380 ei
1177 3325 1398 3380 lubebat
1430 3342 1445 3391 ;
1489 3325 1582 3380 sed
1616 3326 1806 3398 longos
1839 3327 1952 3380 obit
2005 3327 2116 3380 cir-

554 3415 761 3479 cuitus,
791 3417 1040 3485 corporis
1070 3420 1319 3467 naturam
1355 3413 1601 3481 subiens,
1660 3426 1713 3469 et
1743 3430 1838 3485 per
1888 3431 2116 3485 genera-

553 3508 756 3567 tionem
824 3505 892 3560 ad
933 3505 1097 3560 vitam
1133 3507 1421 3573 accedens,
1471 3516 1524 3562 et
1578 3516 1979 3577 consequenter
2020 3523 2118 3578 per

552 3613 771 3653 olimem
800 3598 1075 3654 transiens
1116 3605 1350 3663 aetatem,
1381 3606 1435 3652 et
1473 3597 1668 3654 deinde
1730 3601 2001 3666 moriens,
2063 3609 2113 3654 et

553 3692 623 3743 ita
664 3705 760 3760 per
793 3705 950 3744 sumo
984 3704 1184 3759 corpus
1217 3705 1480 3761 peragens
1504 3705 1728 3761 scopum
1761 3691 2116 3746 resurrectio-

553 3786 680 3840 nis:
717 3785 940 3855 perinde
993 3793 1154 3855 atque
1193 3786 1237 3839 si
1270 3784 1320 3840 ei
1372 3801 1481 3839 non
1540 3785 1727 3840 liceret
1789 3788 2029 3840 manenti
2060 3784 2114 3841 in

551 3878 748 3932 divinae
777 3877 965 3949 gloriae
997 3877 1304 3941 altitudine,
1357 3876 1517 3947 jussu
1565 3892 1785 3932 servare
1816 3876 2111 3942 hominem,

550 3968 739 4034 jubere
772 3977 951 4022 autem
989 3967 1167 4027 valere
1197 3967 1468 4037 ejusmodi
1521 3967 1833 4023 circuitus?
1878 3966 2117 4023 Necesse

551 4067 634 4115 est
685 4074 815 4129 ergo
878 4058 1147 4129 ejusmodi
1205 4058 1609 4129 objectionibus
1647 4059 1810 4114 etiam
1869 4068 2111 4114 nostram

551 4149 791 4219 objicere
825 4151 1135 4212 veritatem,
1190 4156 1248 4202 ut
1295 4150 1446 4205 nulla
1502 4166 1561 4205 re
1600 4149 1929 4220 impediatur
1979 4149 2114 4206 ﬁdes

551 4258 762 4307 eorum,
791 4242 884 4313 qui
910 4238 1275 4297 examinanda
1304 4248 1555 4311 quaerunt
1587 4242 1810 4297 verbum
1846 4241 2111 4313 mysterii.

552 4322 791 4390 Primum
845 4334 990 4401 ideo,
1019 4333 1167 4403 quod
1200 4348 1367 4402 supra
1391 4334 1505 4403 jam
1561 4333 1964 4404 quodammodo
1996 4332 2112 4389 dis—

2225 1871 2477 1938 πτώματι
2524 1857 2829 1940 ἄνθρωπος.
2893 1869 3092 1922 Ἐδεῖτο
3144 1867 3240 1921 τοῦ
3296 1869 3697 1935 ζωοποιοῦντος,
3749 1874 3778 1924 6

2225 1958 2555 2030 ἐφαμαρτὼν
2604 1963 2703 2030 τῆς
2739 1959 2903 2029 ζωῆς.
2942 1959 3144 2013 Ἑδεῖτο
3175 1958 3270 2012 τοῦ
3305 1959 3440 2032 πρὸς
3467 1959 3530 2013 τὸ
3584 1962 3775 2029 ἀγαθὸν

2224 2050 2583 2117 ἐπανάγοντος
2605 2091 2622 2117 ,
2660 2052 2688 2104 6
2736 2052 3034 2122 ἀπορρυεὶς
3079 2052 3177 2123 τῆς
3227 2052 3317 2107 τοῦ
3353 2051 3557 2121 ἀγαθοῦ
3603 2069 3775 2122 μετου-

2226 2143 2367 2205 σίας.
2400 2144 2633 2215 Ἔχρῃζε
2664 2144 2763 2214 τῆς
2791 2143 2884 2197 τοῦ
2928 2144 3104 2212 φωτὸς
3138 2145 3461 2216 παρουσίας,
3507 2146 3537 2198 6
3572 2145 3783 2215 καθειρ-

2223 2232 2421 2303 γμένος
2451 2234 2527 2303 τῷ
2564 2233 2760 2287 σκότει.
2805 2232 3014 2304 Ἐζήτει
3042 2234 3134 2287 τὸν
3159 2234 3435 2306 λυτρωτὴν
3462 2235 3491 2286 6
3516 2235 3780 2305 αἰχμάλωο

2222 2340 2312 2385 τος
2335 2362 2349 2387 ,
2392 2321 2484 2374 τὸν
2528 2323 2925 2394 συναγωνιστὴν
2963 2326 2992 2377 6
3022 2323 3303 2395 δεσμώτης
3323 2365 3338 2389 ,
3372 2324 3463 2378 τὸν
3497 2324 3782 2396 ἐλευθερωο

2220 2414 2317 2482 τὴν
2370 2414 2400 2468 6
2448 2412 2526 2484 τῷ
2574 2412 2724 2484 ζυγῷ
2776 2414 2875 2484 τῆς
2918 2413 3159 2478 δουλείας
3212 2416 3593 2487 κατεχόμενος.
3642 2410 3784 2486 Ἀρα

2224 2503 2391 2574 μικρὰ
2421 2502 2590 2556 ταῦτα
2623 2505 2714 2557 καὶ
2745 2503 2936 2568 ἀνάξια
2975 2505 3065 2558 τὸν
3112 2505 3244 2557 θεὸν
3294 2505 3609 2574 δυσωπῆσαι
3652 2506 3782 2576 πρὸς

2220 2593 2504 2662 ἐπίσκεψιν
2545 2596 2643 2665 τῆς
2692 2594 3035 2668 ἀνθρωπίνης
3083 2596 3295 2663 φύσεως
3328 2586 3656 2666 καταϐῆναι,
3689 2595 3778 2650 ού-

2219 2703 2327 2749 τως
2378 2685 2623 2749 ἐλεεινῶς
2670 2687 2766 2740 καὶ
2827 2686 3025 2750 ἀθλίως
3069 2688 3167 2758 τῆς
3223 2687 3631 2758 ἀνθρωπότητος
3679 2686 3782 2739 δια-

2220 2772 2512 2843 κειμένης;
2554 2773 2692 2826 Ἀλλ’
2720 2772 2865 2844 ἐξῆν,
2896 2775 3057 2846 φησὶ,
3100 2777 3192 2831 καὶ
3240 2775 3661 2848 εὐεργετηθῆναι
3693 2777 3781 2831 τὸν

2218 2862 2536 2935 ἄνθρωπον,
2595 2865 2688 2921 καὶ
2750 2867 2808 2921 ἐν
2858 2868 3095 2941 ἀπαθείᾳ
3147 2868 3231 2923 τὸν
3288 2869 3419 2923 Θεὸν
3491 2869 3780 2941 διαμεῖναι.

2231 2953 2288 3008 Ὀ
2344 2954 2451 3024 γὰρ
2501 2954 2579 3025 τῷ
2622 2956 2919 3029 βουλήματι
2971 2958 3032 3011 τὸ
3072 2961 3180 3012 πᾶν
3221 2961 3653 3031 συστησάμενος,
3691 2961 3784 3016 καὶ

2219 3046 2279 3100 τὸ
2328 3048 2401 3117 μὴ
2434 3047 2492 3101 ὃν
2543 3049 2852 3120 ὑποστήσας
2901 3052 2959 3105 ἐν
3008 3053 3143 3122 μόνῃ
3179 3054 3243 3122 τῇ
3290 3052 3437 3125 ὁρμῇ
3482 3053 3577 3107 τοῦ
3624 3053 3783 3124 θελή-

2224 3156 2412 3209 ματος,
2434 3140 2486 3193 τί
2508 3141 2627 3211 οὐχὶ
2659 3141 2752 3195 καὶ
2775 3142 2865 3196 τὸν
2887 3140 3168 3214 ἄνθρωπον
3196 3143 3261 3197 δι’
3293 3143 3615 3214 αὐθεντικῆς
3644 3162 3786 3209 τινος

2220 3231 2312 3284 καὶ
2340 3230 2526 3301 θεῖκῆς
2556 3232 2801 3297 ἐξουσίας
2822 3233 2921 3303 τῆς
2949 3234 3199 3298 ἐναντίας
3224 3233 3505 3305 δυνάμεως
3537 3236 3788 3293 ἀποσπά-

2221 3339 2348 3386 σας,
2379 3322 2513 3394 πρὸς
2541 3323 2640 3394 τὴν
2668 3323 2726 3390 ἐξ
2766 3325 2939 3396 ἀρχῆς
2984 3326 3107 3394 ἄγει
3151 3326 3503 3393 κατάστασιν,
3544 3329 3593 3380 εί
3631 3328 3790 3381 τοῦτο

2220 3413 2372 3481 φίλον
2418 3413 2601 3484 αὐτῷ’
2644 3414 2778 3468 ἁλλά
2839 3415 3056 3486 μακράς
3106 3417 3451 3488 περιέρχεται
3503 3419 3788 3486 περιόδους

2221 3506 2487 3577 σώματος,
2526 3507 2893 3579 ὑπερχόμενος
2922 3507 3102 3577 φύσιν,
3122 3513 3215 3567 καὶ
3230 3509 3311 3567 διὰ
3329 3509 3622 3578 γεννήσεως
3644 3531 3792 3583 παρ-

2223 3601 2320 3654 ιὼν
2356 3605 2435 3667 εἰς
2470 3603 2560 3656 τὸν
2606 3598 2719 3668 βίον
2739 3638 2753 3660 ,
2791 3597 2883 3652 καὶ
2915 3599 3093 3652 πᾶσαν
3126 3596 3430 3660 ἀκολούθως
3463 3596 3677 3666 ἡλικίαν
3704 3597 3787 3649 δι-

2217 3684 2525 3754 εξιὼν,εἷτα
2553 3689 2780 3743 Θανάτου
2814 3689 3125 3758 γευόμενος,
3147 3688 3239 3743 καὶ
3261 3687 3432 3752 οὕτως
3458 3687 3545 3743 διά
3565 3692 3664 3759 τῆς
3689 3688 3789 3741 τοῦ

2220 3780 2350 3834 ίδίου
2397 3778 2646 3850 σώματος
2683 3781 3027 3844 ἀναστάσεως
3065 3780 3157 3835 τὸν
3203 3782 3402 3835 summa
3451 3780 3664 3835 ἀνύων·
3712 3780 3790 3843 ὼς

2215 3874 2315 3928 οὐκ
2342 3872 2460 3938 ἐξὸν
2491 3871 2638 3942 αὐτῷ
2673 3871 2883 3942 μένοντι
2925 3874 3017 3926 ἐπὶ
3056 3873 3149 3926 τοῦ
3179 3871 3469 3945 ill/nacti};
3501 3870 3663 3945 δόξης
3700 3871 3794 3926 διὰ

2216 3966 2630 4036 προστάγματος
2670 3965 2837 4020 σῶσαι
2870 3965 2960 4018 τὸν
2992 3964 3295 4037 ἄνθρωπον,
3326 3965 3425 4031 τὰς
3454 3967 3508 4020 δὲ
3530 3965 3795 4029 τοιαύτας

2217 4057 2494 4130 περιόδους
2535 4058 2745 4130 χαίρειν
2786 4059 2981 4124 ἐάσαις
3035 4059 3242 4113 Οὐκοῦν
3278 4059 3490 4131 ἀνάγκη
3528 4060 3624 4113 καὶ
3667 4062 3798 4123 ταῖς

2214 4150 2488 4215 τοιαύταις
2516 4151 2624 4205 τῶν
2651 4151 2974 4205 ἀντιθέσεων
2994 4138 3445 4220 ἀντικαταστῆναι
3470 4151 3597 4219 παρ’
3628 4147 3798 4219 ἡμῶν

2214 4240 2312 4312 τὴν
2340 4242 2613 4314 ἀλήθειαν,
2647 4244 2722 4306 ὡς
2761 4242 2826 4296 ἂν
2854 4243 2941 4295 διὰ
2972 4241 3251 4313 μηδενὸςή
3294 4241 3477 4304 πίστις
3500 4239 3795 4299 κωλύοιτε,

2214 4330 2323 4383 τῶν
2350 4330 2708 4395 ἐξεταστικῶς
2751 4330 3054 4400 ζητούντων
3090 4330 3183 4382 τοῦ
3236 4328 3532 4411 μυστηρίου
3561 4328 3656 4382 τὸν
3700 4328 3798 4381 λό-

550 4441 771 4480 cussum
835 4433 940 4490 est,
981 4425 1412 4488 consideremus,
1438 4424 1696 4494 quidnam
1757 4424 1944 4480 virtuti
1990 4432 2112 4479 tan—

2221 4439 2325 4490 γον.
2362 4423 2581 4493 Πρῶτον
2621 4423 2718 4493 μὲν
2744 4418 2836 4476 οὖν
2860 4424 2997 4494 ὅπερ
3033 4423 3125 4475 καὶ
3155 4424 3212 4475 ἐν
3233 4424 3343 4485 τοῖς
3379 4421 3652 4491 φθάσασιν
3689 4420 3798 4492 ἤδη

549 4530 712 4586 quam
749 4515 1081 4569 contrarium
1106 4520 1431 4585 opponatur.
1461 4513 1619 4569 Certe
1649 4513 2111 4583 quemadmodum

552 4607 788 4663 tenebrae
824 4607 1047 4673 lumini,
1089 4622 1237 4662 mors
1263 4605 1409 4670 vitae,
1446 4605 1519 4660 ita
1554 4603 1742 4658 virtuti
1781 4618 1998 4675 quoque
2032 4604 2114 4659 vi-

552 4699 709 4764 tium,
738 4713 837 4753 nec
864 4698 1008 4754 aliud
1031 4698 1327 4768 quidquam
1351 4695 1682 4752 contrarium
1710 4704 1814 4750 est.
1846 4694 1912 4749 Ut
1947 4698 2112 4760 enim,

554 4805 676 4842 eum
710 4788 881 4843 multa
908 4788 1018 4843 sint
1050 4804 1168 4859 qua:
1195 4787 1613 4844 considerantur
1653 4786 1706 4848 in
1728 4793 1997 4850 creatura,
2032 4784 2118 4839 ni-
2146 4856 2152 4865 .

555 4880 629 4934 hil
661 4879 809 4934 aliud
837 4897 903 4935 ex
940 4880 1172 4937 adverso
1204 4880 1559 4951 distinguitur
1589 4893 1617 4931 a
1644 4878 1766 4932 luce
1801 4887 1895 4932 aut
1926 4893 1955 4930 a
1981 4878 2113 4939 vita.

555 4986 664 5025 non
699 4973 862 5043 lapis,
893 4987 1002 5027 non
1038 4972 1266 5043 lignum,
1316 4988 1424 5026 non
1453 4986 1613 5042 aqua,
1664 4986 1773 5024 non
1806 4970 1988 5032 homo,
2020 4985 2116 5024 ne-

553 5078 658 5131 que
686 5063 892 5133 aliquid
927 5063 1075 5117 aliud
1109 5078 1175 5117 ex
1213 5063 1281 5117 iis
1314 5078 1436 5133 quae
1470 5071 1619 5126 sunt,
1661 5072 2020 5133 praeterquam
2052 5077 2116 5117 ea

552 5169 673 5224 qua
711 5158 933 5227 proprie
970 5156 1348 5228 intelliguntur
1385 5170 1451 5210 ex
1492 5158 1789 5218 contrario,
1821 5165 2006 5224 utpote
2038 5165 2117 5210 te-

554 5248 736 5303 nebrze
764 5256 818 5302 et
845 5264 995 5306 mors
1029 5249 1141 5304 :ita
1175 5248 1338 5303 etiam
1382 5247 1437 5301 in
1468 5247 1688 5311 virtute,
1722 5261 1882 5301 nemo
1917 5246 2119 5300 dixerit

556 5339 720 5392 ullam
746 5347 1055 5394 creaturam
1090 5338 1318 5410 intelligi
1342 5354 1463 5394 esse
1488 5339 1536 5393 ei
1582 5339 1938 5402 contrariam,
1982 5353 2119 5406 prae-

555 5442 799 5499 terquam
833 5427 888 5482 id
935 5430 1081 5499 quod
1121 5438 1302 5486 mente
1352 5429 1662 5498 concipitur
1718 5444 1784 5483 ex
1852 5427 2003 5482 vitio.
2060 5425 2116 5481 Si

554 5533 684 5590 ergo
711 5519 770 5575 in
794 5520 929 5575 vitio
956 5520 1180 5591 quidem
1220 5533 1559 5577 natum'esse
1590 5518 1756 5573 Deum
1792 5529 1983 5574 nostra
2031 5534 2120 5573 as-

553 5624 761 5667 sereret
813 5611 1011 5677 oratio,
1041 5620 1346 5680 opportune
1401 5616 1587 5682 posset
1624 5611 1717 5679 qui
1770 5610 2116 5675 contradicit,

552 5712 797 5761 nostram
830 5702 1090 5761 insectari
1114 5702 1295 5767 ﬁdem,
1323 5712 1384 5759 ut
1410 5704 1504 5771 qui
1525 5718 1588 5759 ea
1611 5702 1964 5769 opinaremur
1997 5720 2118 5771 qua:

2218 4513 2456 4585 μετρίως
2485 4513 2794 4585 ἐξήτασται,
2831 4515 2886 4569 τί
2932 4519 2996 4588 τῇ
3048 4518 3215 4588 ἀρετῇ
3256 4513 3396 4569 κατά
3431 4514 3493 4568 τὸ
3544 4513 3802 4568 ἐναντίον

2215 4604 2570 4678 καθέστηκεν,
2603 4607 3045 4678 ἐπισκεψώμεθα.
3084 4610 3172 4672 Ὠς
3197 4607 3335 4678 φωτὶ
3360 4607 3549 4669 σκότος
3572 4605 3675 4657 καὶ⁸
3702 4606 3802 4659 θά-

2216 4714 2372 4761 νατος
2393 4700 2459 4768 τῇ
2493 4697 2628 4769 ζωῇ,
2661 4697 2802 4752 οὕτω
2828 4697 2927 4751 καὶ
2955 4702 3021 4769 τῇ
3062 4699 3231 4771 κακίᾳ,
3256 4699 3291 4767 ὴ
3331 4697 3499 4768 ἀρετὴ
3520 4695 3803 4766 δηλονότι,

2216 4790 2310 4845 καὶ
2339 4789 2487 4844 οὐδὲν
2521 4789 2669 4859 παρά
2693 4791 2895 4862 ταύτην
2917 4792 3122 4861 ἕτερον.
3154 4790 3418 4861 Καθάπερ
3445 4788 3553 4859 γὰρ
3575 4787 3809 4842 πολλῶν

2215 4882 2382 4935 ὄντων
2400 4883 2505 4935 τῶν
2526 4884 2584 4937 ἐν
2604 4885 2668 4954 τῇ
2692 4883 2866 4936 κτίσει
2893 4882 3300 4953 θεωρουμένων,
3323 4880 3474 4933 οὐδὲν
3496 4880 3627 4933 ἄλλο
3659 4879 3809 4949 πρὸς

2215 4973 2276 5026 τὸ
2308 4972 2471 5042 φῶςῆ
2495 4972 2593 5044 τὴν
2618 4972 2761 5043 ζωὴν
2777 4973 2873 5043 τὴν
2900 4972 3279 5044 ἀντιδιαίρεσιν
3303 4970 3434 5039 ἔχει,
3454 4970 3513 5022 ού
3537 4969 3715 5031 λίθος,
3742 4968 3808 5019 οὐ

2217 5062 2390 5126 Εύλον,
2419 5064 2515 5134 οὐχ
2532 5061 2692 5130 ὕδωρ.
2717 5063 2815 5115 ούκ
2836 5062 2931 5115 ἄνθ
2941 5077 3136 5132 ρωπος,
3163 5060 3262 5112 ούκ
3276 5058 3403 5113 ἄλλο
3424 5076 3476 5110 τι
3490 5057 3597 5109 τῶν
3623 5055 3814 5108 ὄντων

2217 5153 2386 5219 οὐδὲν,
2419 5153 2556 5225 πλὴν
2595 5154 2735 5217 ἰδίως
2758 5153 2826 5207 τὰ
2857 5153 2997 5207 κατά
3020 5151 3081 5204 τὸ
3111 5150 3348 5205 ἐναντίον
3368 5147 3661 5218 νοούμενα,
3690 5138 3814 5198 οἷον

2220 5245 2407 5309 σκότος
2444 5246 2536 5297 καὶ
2582 5245 2841 5309 θάνατος·
2887 5244 3031 5298 οὕτω
3070 5245 3161 5298 καὶ
3193 5244 3284 5295 ἐπὶ
3319 5242 3418 5312 τῆς
3447 5240 3656 5310 ἀρετῆς
3701 5240 3816 5292 οὐκ

2218 5334 2284 5388 ἄν
2311 5352 2396 5398 τις
2432 5334 2606 5388 κτίσιν
2645 5335 2764 5388 τινά
2813 5338 2951 5388 κατά
2986 5333 3048 5386 τὸ
3096 5331 3334 5385 ἐναντίον
3377 5331 3511 5401 αὐτῇ
3552 5327 3816 5381 νοεῖσθαι

2218 5423 2385 5493 λέγοι,
2413 5424 2549 5496 πλὴν
2586 5425 2646 5477 τὸ
2680 5425 2820 5479 κατά
2847 5425 3044 5478 κακίαν
3073 5423 3268 5493 νόημα.
3297 5419 3504 5475 Οὐκοῦν
3534 5422 3580 5473 εἰ
3616 5418 3728 5490 μὲν
3753 5420 3818 5471 ἐν

2219 5516 2386 5588 κακίᾳ
2408 5516 2728 5588 γεγενῆσθαι
2751 5516 2812 5569 τὸ
2842 5516 2995 5570 Θεῖον
3024 5517 3052 5568 6
3082 5514 3348 5585 ἡμέτερος
3378 5510 3687 5584 ἐπρέσϐευε
3722 5509 3819 5563 λό-

2219 5626 2335 5677 τος,
2367 5608 2557 5677 καιρὸν
2587 5607 2653 5661 ἂν
2686 5602 2828 5679 εἶχεν
2861 5610 2889 5661 6
2924 5606 3220 5674 ἀντιλέγων
3250 5604 3609 5675 κατατρέχειν
3637 5600 3820 5670 ἡμῶν

2218 5701 2317 5772 τῆς
2365 5700 2628 5764 πίστεως,
2663 5699 2739 5764 ὡς
2769 5699 3086 5770 ἀνάρμοστα
3138 5715 3199 5751 τε
3233 5697 3328 5752 καὶ
3382 5691 3823 5765 ἀπεμφαίνοντα
