4072 6212
360 327 432 384 ‘9
1583 331 1843 388 ORATIO
1868 325 2371 385 CATECHETICA.
3532 324 3605 386 50

358 445 483 520 περὶ
512 448 614 518 τῆς
640 446 791 511 θείας
819 446 1037 516 φύσεως
1061 446 1411 515 δοξαζόντων.
1438 447 1514 503 Οὔ
1540 448 1650 521 γάρ
1677 449 1740 522 δὴ
1778 450 1928 521 θεμι-

2038 447 2236 503 divina
2294 451 2505 500 naturae
2544 444 2773 500 minime
2823 446 3131 518 congruant
3163 452 3219 503 et
3249 444 3599 507 conveniant.

352 539 442 593 τὸν
471 533 544 609 ἦν
565 535 665 608 τὴν
688 537 1016 606 αύτοσοφίαν
1036 538 1127 591 καὶ
1148 537 1459 609 ἀγαθότητα
1484 540 1576 592 καὶ
1604 539 1931 612 ἀφθαρσίαν,

350 632 443 686 καὶ
468 631 527 684 εἴ
553 646 607 684 τι
638 629 842 701 ὑψηλόν
873 632 993 684 ἐστι
1038 629 1220 701 νόημά
1257 646 1319 684 τε
1351 632 1445 684 καὶ⁵
1472 631 1663 702 ὄνομα,
1705 633 1843 703 πρὸς
1874 633 1934 686 τὸ

349 724 596 777 ἐναντίον
629 722 1119 794 μεταπεπτωκέναι
1144 722 1342 791 λέγειν.
1380 723 1442 777 Ei
1486 719 1577 777 οὖν
1605 723 1738 787 Θεδς
1773 724 1870 795 μὲν
1898 724 1931 795 ἡ

348 814 562 885 ἀληθὴς
606 814 813 885 ἀρετήο
858 812 1019 882 φύσις
1059 813 1117 866 δέ
1155 831 1241 878 τις
1282 815 1383 868 οὐκ
1426 815 1833 886 ἁντιδιαιρεῖται
1865 818 1932 886 τῇ

353 908 525 979 ἀρετῇ
552 947 568 970 ,
606 905 747 960 ἀλλὰ
793 906 989 959 κακίαο
1018 905 1152 969 Θεὸς
1175 905 1232 959 δὲ
1270 907 1371 960 οὐκ
1409 908 1467 961 ὲν
1497 906 1695 978 κακίᾳ,
1725 908 1839 962 ἀλλ’
1875 909 1934 962 ὲν

353 997 645 1070 ἀνθρώπου
686 997 896 1065 γίνεται
922 995 1083 1067 φύσει
1102 1013 1117 1029 ’
1161 996 1320 1067 μόνον
1363 996 1418 1050 δὲ
1446 998 1692 1068 ἀπρεπὲς
1723 998 1818 1051 καὶ
1847 999 1934 1051 ai-

359 1090 534 1160 σχρδν
553 1089 612 1142 τὸ
638 1089 783 1143 κατά
810 1088 1010 1143 κακίαν
1037 1087 1227 1154 πάθος,
1261 1090 1319 1142 ἐν
1337 1082 1383 1158 ᾧ
1412 1089 1536 1143 οὔτε
1560 1089 1751 1159 γέγονε
1778 1090 1929 1155 Θεὸς,

360 1180 488 1234 οὔτε
516 1179 606 1233 τοῦ
636 1178 889 1249 γενέσθαι
911 1178 1076 1248 φύσιν
1106 1179 1221 1251 ἔχει
1243 1196 1258 1212 ο
1306 1180 1360 1233 τί
1389 1180 1810 1251 ἐπαισχύνονται
1834 1180 1933 1252 τὴν

356 1272 646 1343 ὁμολογίαν
680 1271 778 1325 τοῦ
813 1270 949 1325 Θεὸν
992 1272 1340 1344 ἀνθρωπίνης
1389 1272 1632 1342 ἅψασθαι
1677 1271 1929 1341 φύσεως,

352 1365 611 1434 οὐδεμιᾶς
644 1363 1015 1433 ἐναντιότητος
1048 1364 1124 1428 ὡς
1153 1364 1291 1435 πρὸς
1320 1364 1412 1417 τὸν
1431 1364 1534 1434 τῆς
1555 1362 1758 1436 ἀρετῆς
1777 1363 1932 1431 λόγον

353 1456 413 1509 ὲν
450 1458 517 1526 τῇ
550 1458 864 1527 κατασκευῇ
894 1454 990 1508 τοῦ
1023 1454 1311 1527 ἀνθρώπου
1344 1456 1764 1527 θεωρουμὲνης;
1795 1453 1931 1509 Οὔτε

351 1546 465 1619 γάρ
494 1546 558 1599 τὸ
583 1546 825 1615 λογικὸν,
854 1545 978 1599 οὔτε
997 1548 1057 1600 τδ
1080 1547 1442 1619 διανοητικὸν,
1469 1546 1592 1600 οὗτε
1615 1547 1676 1601 τὸ
1705 1549 1933 1619 ἐπιστή-

356 1656 466 1710 μης
495 1637 764 1702 δεκτικὸν,
787 1636 910 1691 οὔτε
942 1637 1069 1692 ἄλλο
1106 1637 1363 1702 τοιοῦτον,
1395 1638 1424 1691 δ
1456 1641 1554 1709 τῆς
1586 1638 1931 1718 ἀνθρωπίνης

354 1728 487 1783 ἴδιον
518 1728 707 1793 ούσίας
726 1730 865 1796 ἐστὶ,
886 1729 966 1801 τῷ
991 1728 1134 1800 λόγῳ
1163 1730 1261 1800 τῆς
1289 1731 1490 1801 ἀρετῆς
1513 1729 1854 1799 ἡναντίωται.

928 2003 1183 2059 trama.
1225 2004 1341 2072 ις’.

442 2096 568 2150 Ἀλλ
590 2094 745 2166 αὑτὴ,
795 2095 973 2164 φησὶν,
1004 2095 1038 2166 ή
1065 2095 1239 2167 τροπὴ
1266 2095 1359 2149 τοῦ
1384 2096 1654 2168 ἡμετέρου
1680 2097 1929 2168 σώματος

352 2185 536 2248 πάθος
566 2184 731 2239 ἐστίν.
775 2186 831 2239 Ὀ
864 2185 922 2238 δὲ
960 2186 1017 2238 ὲν
1043 2186 1218 2257 τούτῳ
1247 2186 1488 2255 γεγονὼς
1507 2226 1522 2249 ,
1551 2188 1609 2241 ὲν
1653 2187 1817 2241 πάθει
1845 2187 1932 2257 γί-

351 2294 548 2333 νεται·
580 2278 789 2342 ἀπαθὲς
835 2278 894 2332 δὲ
930 2277 993 2331 τὸ
1025 2277 1199 2331 Θείον.
1248 2279 1457 2332 Οὐκοῦν
1506 2278 1760 2350 ἀλλοτρία
1802 2277 1931 2349 περὶ

352 2367 492 2421 Θεοῦ
523 2369 558 2437 ἡ
592 2368 856 2439 ὑπόληψις
876 2407 891 2431 ,
943 2367 1097 2439 είπερ
1122 2367 1213 2420 τὸν
1239 2365 1423 2437 ἀπαθῆ
1460 2362 1600 2421 κατά
1651 2367 1750 2437 τὴν
1770 2365 1930 2437 φύσιν

354 2459 492 2531 πρὸς
524 2461 808 2515 κοινωνίαν
833 2460 1039 2523 πάθους
1067 2458 1239 2513 ἐλθεῖν
1271 2457 1614 2531 διορίζονται.
1652 2457 1814 2512 Ἀλλά
1836 2460 1931 2513 καὶ

351 2552 492 2624 πρὸς
519 2552 692 2605 ταῦτα
736 2552 905 2606 πάλιν
948 2552 1025 2621 τῷ
1053 2551 1201 2622 αύτῷ
1247 2550 1391 2621 λόγῳ
1441 2549 1808 2622 χρησώμεθα,
1848 2551 1931 2604 ὅτι

348 2643 413 2697 τὸ
444 2645 617 2708 πάθος
650 2645 712 2697 τὸ
753 2644 853 2715 μὲν
882 2643 1105 2715 κυρίως.
1138 2643 1198 2696 τὸ
1234 2641 1292 2696 δὲ
1329 2646 1392 2696 εκ
1422 2643 1813 2714 καταχρήσεως
1844 2641 1933 2695 λέ-

347 2755 531 2806 γεται.
557 2737 632 2790 Τδ
662 2737 762 2807 μὲν
792 2733 888 2791 οὖν
919 2735 1286 2809 προαιρέσεως
1320 2735 1640 2805 ἁπτόμενον,
1674 2734 1766 2788 καὶ
1795 2735 1932 2803 πρὸς

346 2824 554 2877 κακίαν
598 2824 707 2877 ἀπὸ
733 2823 835 2894 τῆς
869 2824 1069 2895 ἀρετῆς
1100 2824 1490 2896 μεταστρέφον,
1526 2823 1742 2895 άληθῶς
1762 2823 1931 2888 πάθος

348 2914 468 2967 ἐστί
493 2931 509 2947 ⁸
563 2914 624 2968 τὸ
652 2916 697 2968 δ’
723 2918 847 2970 ὅσον
874 2919 931 2971 ἐν
964 2919 1029 2987 τῇ
1065 2915 1224 2985 φύσει
1263 2916 1405 2970 κατά
1440 2915 1531 2968 τὸν
1577 2915 1706 2969 ἴδιον
1743 2915 1932 2987 είρμὸν

345 3006 699 3079 πορευομένῃ
736 3005 1043 3071 διεξοδικῶς
1074 3006 1378 3076 θεωρεῖται,
1410 3004 1568 3058 τοῦτο
1599 3003 1931 3078 κυριώτερον

344 3098 511 3168 ἔργον
536 3097 604 3151 ἂν
632 3097 853 3167 μᾶλλον,
870 3097 904 3165 ἢ
922 3097 1093 3162 πάθος
1119 3096 1592 3168 προσαγορεύοιτο,
1617 3091 1728 3151 οἷον
1747 3097 1780 3169 ἡ
1796 3096 1925 3165 γέν-

2032 537 2152 593 Non
2178 538 2322 593 enim
2355 536 2438 593 fas
2461 542 2608 592 esset
2638 536 2822 591 dicere
2851 538 3025 606 ipsam
3050 550 3146 608 per
3183 552 3244 594 se
3276 537 3600 608 sapientiam

2030 636 2089 686 et
2118 628 2418 685 bonitatem
2449 635 2506 683 et
2556 628 3046 697 incorruptionem,
3099 637 3154 685 et
3194 629 3242 685 si
3294 638 3378 685 est
3415 631 3602 701 aliqua

2034 721 2285 776 sublimis
2313 720 2692 791 intelligentia,
2719 726 2774 776 et
2796 719 3031 776 sublime
3061 734 3279 786 nomen,
3318 732 3599 777 transmu-

2031 820 2206 868 tatum
2246 828 2370 869 esse
2396 813 2453 867 in
2491 812 2849 868 contrarium.
2910 810 2969 866 Si
3026 826 3160 882 ergo
3210 812 3352 869 Deus
3380 813 3600 884 quidem

2031 912 2115 962 est
2143 920 2272 960 vera
2315 906 2509 971 virtus,
2546 905 2700 959 nulla
2736 910 2918 959 autem
2964 910 3161 958 natura
3193 911 3452 974 tanquam
3505 903 3587 958 ad-

2030 1012 2190 1053 versa
2224 998 2485 1053 statuitur
2521 997 2736 1063 virtuti,
2797 996 2892 1051 sed
2928 997 3117 1051 vitium
3148 1012 3163 1061 ;
3219 994 3364 1052 Deus
3418 1002 3599 1050 autem

2032 1102 2142 1144 non
2176 1090 2415 1160 gignitur
2448 1089 2505 1144 in
2533 1090 2687 1154 vitio,
2723 1089 2818 1144 sed
2849 1089 2904 1143 in
2933 1095 3129 1142 natura
3165 1086 3444 1153 hominis;
3482 1086 3599 1141 sola

2036 1192 2214 1238 autem
2244 1191 2331 1239 est
2361 1183 2619 1239 indecora
2649 1188 2704 1238 et
2736 1182 2914 1252 turpis
2944 1196 3065 1251 quae
3092 1196 3160 1237 ex
3184 1180 3320 1234 vitio
3357 1190 3444 1234 est
3473 1177 3601 1233 affe-

2032 1274 2165 1337 ctio,
2200 1273 2253 1327 in
2288 1288 2399 1343 qua
2434 1288 2533 1328 nec
2565 1274 2783 1344 genitus
2812 1281 2896 1327 est
2928 1272 3089 1335 Dens,
3120 1280 3221 1325 nec
3265 1284 3329 1324 ea
3355 1277 3443 1324 est
3481 1268 3601 1338 ejus

2031 1372 2232 1419 natura
2262 1372 2317 1419 ut
2349 1364 2497 1435 gigni
2537 1366 2736 1435 possit,
2789 1378 2890 1418 cur
2920 1363 3085 1434 pudet
3116 1368 3213 1418 eos
3244 1361 3395 1417 fateri
3429 1361 3597 1417 Deum

2031 1455 2327 1511 humanam
2363 1457 2612 1526 attigisse
2672 1463 2948 1522 naturam,
2986 1453 3212 1524 perinde
3268 1466 3331 1507 ac
3368 1454 3413 1508 si
3459 1454 3601 1506 ratio

2031 1548 2252 1603 virtutis
2289 1550 2669 1605 consideretur
2697 1547 2975 1604 contraria
3004 1544 3303 1602 conditioni
3328 1544 3602 1599 hominis?

2030 1637 2217 1709 Neque
2248 1641 2393 1695 enim
2428 1640 2658 1695 rationis
2692 1648 2746 1695 et
2800 1637 3177 1709 intelligentia:
3226 1648 3348 1696 esse
3376 1636 3602 1706 partici-

2032 1740 2175 1800 pem,
2217 1744 2396 1803 neque
2429 1733 2671 1788 scientiae
2721 1746 2847 1788 esse
2879 1743 3156 1800 capacem,
3221 1735 3399 1800 neque
3435 1728 3599 1799 quid-

1958 1832 1999 1886 Β
2027 1834 2190 1892 quam
2219 1824 2365 1879 aliud
2392 1823 2685 1893 ejusmodi,
2721 1822 2863 1894 quod
2909 1826 2994 1878 est
3036 1822 3315 1893 prepriunt
3351 1823 3600 1876 humano:

2027 1918 2300 1981 essentize,
2334 1920 2600 1987 repugnat
2627 1914 2829 1969 rationi
2865 1914 3123 1969 virtutis.-

2606 2004 2836 2060 CAPUT
2874 2004 3015 2061 XVI.

2098 2098 2168 2154 At
2190 2098 2327 2169 ipsa,
2363 2097 2561 2169 inquit,
2597 2097 2768 2153 nostri
2795 2096 3047 2168 corporis
3087 2096 3319 2150 mutatio
3344 2101 3430 2151 est
3465 2093 3596 2149 ali‘e~

2029 2192 2158 2246 ctio.
2195 2189 2300 2257 Qui
2332 2197 2514 2244 autem
2547 2190 2602 2244 in
2639 2204 2700 2243 ea
2733 2188 2918 2253 fuerit,
2956 2186 3207 2242 aliieitur.
3241 2186 3387 2242 Deus
3420 2196 3598 2240 autem

2029 2290 2114 2337 est
2142 2282 2482 2352 impatibilis.
2521 2281 2616 2339 Est
2644 2296 2777 2353 ergo
2799 2282 2976 2337 aliena
3007 2280 3076 2335 de
3111 2279 3221 2335 Deo
3244 2280 3600 2341 existimatio,

2029 2373 2299 2444 siquidem
2338 2382 2463 2429 eum
2495 2374 2590 2443 qui
2626 2381 2710 2429 est
2750 2370 3074 2444 impatibilis
3108 2372 3409 2427 secundum
3441 2379 3602 2425 natu-

2030 2480 2170 2531 ram,
2198 2472 2448 2520 statuunt
2477 2464 2666 2520 venire
2696 2464 2764 2518 ad
2796 2463 3240 2520 communionem
3274 2461 3598 2517 aﬂ‘ectionis.

2032 2555 2138 2613 Sed
2175 2558 2241 2612 ad
2267 2557 2380 2612 haec
2402 2571 2621 2630 quoque
2647 2570 2842 2612 rursus
2866 2557 3054 2611 eadem
3085 2562 3302 2610 utemur
3332 2554 3603 2617 oratione,

2032 2656 2229 2717 nempe
2264 2647 2407 2719 quod
2434 2647 2651 2703 affectio
2712 2648 2817 2701 alia
2852 2646 3073 2717 quidem
3120 2645 3340 2716 proprie
3376 2644 3598 2705 dicitur,

2030 2738 2136 2794 alia
2174 2751 2306 2794 vero
2346 2754 2443 2809 per
2493 2738 2839 2795 abusionem.
2881 2738 3060 2808 Atque
3114 2751 3178 2793 ea
3208 2735 3425 2806 quidem
3480 2751 3604 2806 qua:

2042 2830 2218 2899 tangit
2249 2829 2485 2884 liberum
2541 2829 2710 2884 animi
2763 2828 3053 2883 arbitrium
3087 2836 3140 2882 et
3176 2826 3518 2887 electionem,
3549 2834 3603 2879 et

2031 2929 2062 2968 a
2096 2915 2297 2972 virtute
2338 2916 2534 2971 avertit
2590 2915 2659 2971 ad
2720 2915 2940 2982 vitium,
2994 2916 3217 2987 proprie
3247 2921 3333 2970 est
3367 2913 3600 2970 aﬂ‘ectio.

2030 3008 2161 3074 Quae
2189 3017 2368 3063 autem
2399 3009 2455 3063 in
2476 3016 2671 3064 natura
2705 3024 2804 3079 per
2824 3023 2980 3065 suam
3011 3008 3207 3064 seriem
3258 3005 3602 3062 transeundo

2032 3100 2370 3172 ingrediente
2399 3100 2802 3162 consideratur.
2833 3115 2896 3157 ea
2925 3114 3065 3171 opus
3093 3099 3280 3170 potius
3309 3110 3475 3168 quam
3521 3097 3602 3151 ai-

340 3164 532 3260 srqmg,
559 3191 596 3259 η
614 3164 860 3261 αὔξησις,
894 3191 927 3261 ἠ
952 3188 1042 3243 διά
1091 3164 1193 3259 τῆς
1220 3164 1515 3261 ἐπιρρύτου
1543 3205 1604 3242 τε
1629 3187 1723 3242 καὶ
1746 3164 1924 3260 άποῤ-

2030 3164 2192 3249 feetio
2228 3194 2450 3265 proprie
2496 3202 2581 3250 est
2637 3164 2979 3264 appellanda,
3044 3164 3110 3246 ut
3158 3164 3461 3262 generatio,
3496 3204 3593 3244 au-

346 3279 521 3352 ρύτου
546 3278 645 3348 τῆς
689 3279 893 3350 τροφῆς
930 3277 1027 3333 τοῦ
1056 3278 1413 3348 ὑποκειμένου
1443 3275 1692 3347 διαμονή,
1746 3276 1784 3347 ἡ
1817 3274 1926 3329 τῶν

344 3371 634 3441 στοιχείων
680 3370 811 3441 περὶ
843 3371 906 3422 τὸ
942 3368 1101 3439 σῶμα
1131 3367 1425 3440 συνδρομὴ,
1459 3368 1493 3439 ὴ
1520 3365 1617 3421 τοῦ
1648 3364 1929 3419 συντεθέν-

340 3482 440 3529 τος
466 3464 631 3519 πάλιν
658 3461 900 3525 διάλυσις
922 3478 983 3515 τε
1015 3462 1109 3515 καὶ
1141 3461 1279 3535 πρὸς
1313 3460 1383 3515 τά
1411 3461 1646 3531 συγγενῆ
1679 3456 1926 3530 μεταχώ-

342 3572 529 3628 ρησις.
562 3556 720 3620 Τίνος
762 3550 857 3609 οὖν
890 3553 1038 3623 λέγει
1081 3552 1142 3608 τὸ
1177 3553 1471 3625 μυστήριον
1495 3552 1651 3623 ἡμῶν
1676 3548 1846 3622 ἧφθαι
1866 3551 1928 3606 τδ

341 3647 545 3710 Θείους
586 3644 683 3699 τοῦ
725 3645 931 3716 κυρίως
970 3642 1266 3715 λεγομένου
1307 3644 1533 3706 πάθους,
1572 3643 1710 3715 ὅπερ
1759 3643 1927 3697 κακία

346 3737 522 3795 ἐστὶν,
548 3735 582 3805 ἦ
608 3734 706 3788 τοῦ
730 3735 875 3788 κατά
911 3733 1073 3803 φύσιν
1102 3735 1400 3806 κινήματος
1425 3750 1439 3796 ;
1484 3734 1549 3787 Εἰ
1582 3734 1684 3805 μὲν
1731 3733 1840 3805 γάρ
1867 3736 1926 3787 ὲν

348 3830 468 3889 τοῖς
488 3828 952 3898 ἀπηγορευμένοις
979 3826 1306 3898 γεγενῆσθαι
1330 3826 1391 3881 τὺ
1416 3826 1568 3880 Θεῖον
1608 3829 1636 3881 ὁ
1662 3826 1818 3895 λόγος
1848 3827 1928 3881 δι-

356 3914 694 3986 ισχυρίζετο,
720 3916 935 3985 φεύγειν
974 3916 1082 3970 ἔδει
1119 3916 1218 3989 τὴν
1242 3917 1472 3972 ἀτοπίαν
1508 3915 1600 3970 τοῦ
1634 3916 1923 3989 δόγματος,

346 4009 438 4072 ὥς
461 4008 618 4061 οὐδὲν
647 4007 787 4076 ὑγιὲς
813 4010 935 4080 περὶ
973 4008 1073 4079 τῆς
1111 4007 1260 4070 θείας
1284 4007 1497 4079 φύσεως
1519 4006 1823 4072 διεξιόντος.
1863 4009 1927 4062 Ei

341 4101 408 4155 δε
437 4102 537 4171 τῆς
578 4099 785 4170 φύσεως
815 4101 974 4173 ἡμῶν
1005 4100 1167 4156 αὐτὸν
1203 4099 1443 4170 ἑφῆφθαι
1473 4098 1641 4168 λέγει,
1667 4093 1736 4171 ἦς
1760 4100 1853 4152 καὶ
1891 4101 1925 4170 ἡ

343 4192 543 4265 πρώτη
584 4193 795 4262 γένεσίς
845 4210 906 4247 τε
958 4193 1052 4247 καὶ
1099 4192 1391 4255 ὑπόστασις
1441 4194 1568 4262 παρ’
1618 4190 1781 4246 αὑτοῦ
1825 4192 1926 4264 τὴν

342 4285 523 4357 ἀρχὴν
552 4285 697 4356 ἔσχε,
721 4285 824 4339 ποῦ
843 4284 947 4355 τῆς
972 4284 1092 4356 Θεῷ
1114 4284 1433 4356 πρεπούσης
1464 4283 1673 4347 ἐννοίας
1692 4282 1926 4353 διαμαρ-

343 4377 499 4431 τάνει
538 4376 601 4431 τὸ
649 4379 941 4449 κήρυγμα,
979 4378 1245 4448 μηδεμιᾶς
1282 4376 1592 4448 παθητικῆς
1631 4375 1925 4441 διαθέσεως

2026 3294 2331 3358 gmentum,
2357 3298 2479 3357 qua:
2496 3294 2591 3357 per
2617 3284 2889 3340 ammentis
2913 3293 2969 3339 et
2999 3282 3271 3341 eliiuentis
3298 3282 3604 3336 nutrimen-

2029 3388 2142 3434 tum
2196 3378 2431 3449 subjecti
2488 3378 2548 3433 iit
2591 3377 2943 3449 permansio,
3006 3376 3402 3431 elementorum
3456 3373 3609 3428 circa

2025 3482 2228 3540 corpus
2261 3470 2574 3535 eunetirsio,
2614 3468 2909 3539 compositi
2967 3478 3162 3522 rursus
3203 3464 3514 3526 dissolutio,
3547 3474 3601 3517 et

2026 3561 2094 3617 ad
2125 3576 2189 3617 ea
2222 3576 2345 3633 quae
2380 3570 2512 3617 sunt
2553 3569 2785 3633 cognata
2816 3556 3101 3615 transitus.
3137 3556 3440 3625 Quamnam
3471 3570 3605 3625 ergo

2027 3651 2376 3709 aﬂ‘ecnlonem
2423 3654 2558 3709 dicit
2611 3654 2933 3726 mysterium
2967 3660 3218 3707 nostrum
3264 3651 3433 3708 Deum
3482 3650 3604 3705 teti-

2025 3746 2223 3817 gisse?
2269 3761 2461 3802 eamne
2495 3760 2617 3818 qute
2663 3745 2879 3817 proprie
2935 3745 3139 3802 dicitur
3191 3743 3430 3805 ati‘ectio,
3480 3758 3603 3813 quas

2025 3837 2246 3910 quidem
2272 3847 2357 3895 est
2394 3838 2610 3904 vitium,
2669 3850 2738 3894 an
2782 3848 2990 3894 motum
3041 3839 3136 3910 qui
3171 3846 3256 3893 est
3298 3835 3599 3892 secundum

2026 3939 2277 3985 naturam
2306 3931 2332 3985 2
2357 3930 2494 3985 Nam
2527 3931 2573 3987 si
2628 3932 2684 3986 in
2721 3932 2790 3986 iis
2824 3930 3043 4003 quidem
3071 3943 3194 4001 quae
3250 3935 3374 3983 sunt
3413 3925 3603 3997 prohi-

2026 4022 2139 4078 bita
2175 4022 2345 4079 Deum
2363 4022 2537 4079 fuisse
2567 4023 2860 4079 aliirmaret
2891 4031 3082 4078 nostra
3117 4020 3314 4087 oratio,
3347 4019 3600 4089 fugienda

2025 4124 2174 4171 esset
2207 4116 2521 4172 altsurditas
2552 4116 2854 4185 dogmatis,
2890 4123 2949 4168 ut
2973 4113 3118 4183 quod
3153 4113 3291 4167 nihil
3343 4112 3478 4167 recti
3518 4112 3600 4163 cli-

2026 4213 2176 4260 ceret
2204 4204 2275 4260 de
2305 4206 2490 4263 divina
2519 4212 2735 4259 natura.
2779 4202 2876 4259 Sin
2913 4211 3094 4257 autem
3133 4203 3265 4257 dicit
3316 4216 3442 4257 eum
3495 4215 3597 4257 no-

2024 4303 2195 4351 stram
2255 4296 2505 4365 attigisse
2545 4302 2818 4360 naturam,
2875 4294 3036 4365 cujus
3069 4293 3283 4364 primus
3342 4300 3515 4347 ortus-
3545 4299 3599 4347 et

2025 4386 2335 4444 substantia
2361 4388 2430 4442 ab
2454 4402 2521 4443 eo
2547 4387 2740 4443 habuit
2769 4387 3122 4458 principium,
3168 4387 3391 4442 ubinam
3443 4387 3600 4441 alier-

343 4468 408 4519 ἑν
434 4469 558 4530 ταῖς
594 4467 726 4538 περὶ
768 4466 903 4521 Θεοῦ
945 4467 1249 4539 ύπολήψεσι
1290 4470 1356 4538 τῇ
1388 4467 1568 4520 πίστει
1611 4466 1921 4537 είσιούσης;

2028 4487 2116 4535 rat
2147 4480 2465 4549 praedicatio
2496 4481 2566 4535 ab
2597 4494 2660 4534 ea
2701 4494 2822 4550 quae
2851 4478 3019 4535 Deum
3049 4479 3206 4535 decet
3233 4480 3435 4535 mentis
3463 4493 3597 4533 con-

342 4558 487 4613 om
506 4557 619 4630 γάρ
642 4558 736 4612 τὸν
761 4560 943 4630 ἰατρὸν
973 4561 1033 4612 ὲν
1052 4559 1213 4614 πάθει
1240 4557 1483 4628 γίνεσθαι
1512 4558 1761 4629 λέγομεν,
1794 4559 1923 4613 ὅταν

344 4649 630 4722 θεραπεύῃ
656 4649 748 4703 τὸν
772 4652 831 4702 ὲν
875 4650 1036 4704 πάθει
1067 4650 1377 4721 γενόμενον.
1423 4648 1582 4702 Ἀλλά
1618 4649 1722 4704 κᾶν
1755 4666 1924 4721 προσ-

346 4739 557 4808 άψηται
576 4737 673 4792 τοῦ
692 4739 1146 4810 άρῤωστήματος,
1175 4739 1280 4804 ἔξω
1304 4737 1508 4803 πάθους
1533 4740 1562 4793 ὁ
1584 4738 1921 4810 θεραπευτής

342 4831 611 4901 Scapha.
672 4831 736 4884 Εἰ
762 4832 796 4901 ἡ
827 4831 1039 4900 γένεσις
1069 4832 1206 4904 αὐτὴ
1238 4830 1361 4885 καθ’
1387 4831 1585 4903 ἑαυτὴν
1620 4831 1791 4896 πάθος
1819 4833 1921 4887 οὐκ

342 4924 510 4979 εστιν,
560 4921 669 4977 οὐδ’
710 4923 778 4977 άν
806 4927 874 4995 τῇ
919 4925 1034 4996 ζωῇ
1068 4942 1150 4988 τις
1193 4923 1365 4987 πάθος
1410 4923 1917 4996 προσαγορεύσειεν.

355 5016 523 5069 Ἀλλά
554 5016 615 5068 τὸ
632 5015 754 5070 καθ’
778 5015 968 5088 ἡδονὴν
994 5016 1165 5081 πάθος
1188 5019 1288 5087 τῆς
1311 5015 1658 5090 ἀνθρωπίνης
1681 5016 1932 5085 καθηγεῖ-

340 5122 431 5159 ται
467 5105 757 5175 γενέσεως,
785 5107 882 5161 καὶ
923 5109 958 5179 ἡ
994 5108 1130 5179 πρὸς
1157 5108 1353 5163 κακίαν
1383 5107 1527 5179 ὁρμὴ
1560 5107 1668 5162 τῶν
1689 5106 1927 5174 ζώντων,

341 5197 505 5251 τοῦτο
519 5197 623 5267 τῆς
644 5199 859 5268 φύσεώς
880 5201 1031 5255 ἐστιν
1050 5199 1307 5271 apponi;
1316 5216 1410 5270 μα.
1428 5198 1589 5255 Ἀλλά
1624 5199 1732 5271 μὴν
1752 5201 1931 5270 ἀμφο-

343 5291 521 5360 τέρων
550 5292 732 5346 αὐτῶν
758 5292 1080 5363 καθαρεύειν
1117 5292 1252 5364 φησι
1291 5292 1354 5346 τὸ
1387 5294 1700 5365 μυστήριον.
1747 5291 1811 5347 Ei
1837 5288 1929 5347 οὖν

347 5380 540 5452 ἡδονῆς
570 5382 669 5452 μὶν
699 5384 734 5453 ἡ
776 5383 991 5453 γίνεσις
1021 5383 1398 5455 ἠλλοτρίωται,
1428 5384 1623 5447 κακίας
1643 5382 1702 5438 δὲ
1731 5381 1922 5455 ήζωὴ,

350 5476 497 5527 ποια)
523 5474 877 5529 ὑπολείπεται
910 5476 1100 5542 πάθος,
1116 5469 1178 5530 οὗ
1205 5476 1299 5531 τὸν
1312 5476 1446 5533 Θεὸν
1470 5476 1924 5545 κεκοινωνηκέναι

350 5564 478 5636 φησι
510 5564 577 5619 τὸ
596 5565 697 5637 τῆς
733 5566 1011 5632 εὐσεϐείας
1042 5571 1375 5643 μυστήριονς

2029 4572 2303 4642 ceptione,
2333 4584 2456 4629 cum
2498 4572 2650 4627 nulla
2709 4572 2953 4642 patibilis
2986 4569 3226 4636 affectio,
3291 4571 3345 4624 in
3381 4570 3449 4624 iis
3477 4584 3599 4635 qua:

2029 4663 2099 4718 de
2136 4662 2248 4718 Deo
2293 4671 2422 4718 sunt
2454 4662 2829 4734 opinionibus,
2862 4662 3019 4718 tidem
3076 4660 3457 4733 ingrediatur“!
3493 4658 3598 4715 Ne-

2028 4771 2137 4826 que
2169 4755 2315 4810 enim
2346 4756 2619 4811 medicum
2644 4755 2881 4811 dicimus
2907 4770 3034 4811 esse
3061 4752 3339 4819 allectum,
3375 4751 3597 4824 quando

2027 4862 2152 4903 eum
2176 4855 2334 4902 curat
2361 4849 2453 4919 qui
2488 4856 2572 4905 est
2590 4847 2836 4904 aﬂectus.
2872 4847 2978 4903 Sed
3011 4856 3067 4903 et
3095 4848 3143 4904 si
3175 4847 3414 4918 attigerit
3441 4847 3598 4916 aegri-

2029 4938 2297 5005 tudinem,
2352 4940 2402 4995 is
2453 4940 2548 5011 qui
2606 4940 2877 5006 medetur,
2906 4947 3089 4995 manet
3120 4947 3361 4994 remotus
3401 4937 3470 4991 ah
3511 4936 3597 4991 af-

2034 5033 2288 5089 fectione.
2321 5033 2378 5088 Si
2406 5042 2587 5089 autem
2619 5034 2736 5103 ipse
2775 5042 2929 5088 ortus
2960 5046 3057 5103 per
3108 5048 3166 5088 se
3195 5046 3306 5086 non
3337 5037 3424 5085 est
3466 5029 3597 5086 απε-

2026 5125 2157 5190 ctio,
2188 5139 2367 5195 neque
2393 5124 2506 5179 vita
2565 5126 2887 5196 appellanda
2928 5132 3011 5180 est
3042 5123 3281 5179 aﬂectio.
3340 5122 3444 5178 Sed
3476 5136 3602 5193 quae

2026 5232 2091 5273 ex
2146 5217 2426 5286 voluptate
2483 5217 2703 5286 quidem
2742 5217 2961 5272 exsistit
3014 5213 3252 5275 ali'ectin.
3295 5214 3593 5269 humanam

2025 5309 2283 5378 praecedit
2317 5310 2746 5380 generationem,
2788 5316 2843 5363 et
2875 5306 2967 5377 qui
3034 5305 3101 5359 ad
3165 5307 3359 5361 vitium
3425 5307 3600 5363 fertur

2031 5401 2330 5456 viventium
2358 5401 2616 5470 impetus,
2652 5414 2715 5454 ea
2739 5406 2823 5454 est
2854 5406 3062 5453 natura:
3107 5396 3392 5470 aegritudo.
3428 5398 3592 5467 Atqui

2030 5506 2155 5548 cum
2192 5493 2258 5546 ab
2295 5500 2528 5561 utroque
2552 5506 2676 5547 esse
2705 5489 2969 5545 mundum
2997 5490 3129 5546 dicit
3159 5491 3498 5562 mysterium.
3535 5486 3592 5541 Si

2032 5600 2161 5654 ergo
2188 5599 2216 5638 ιι
2246 5583 2525 5655 voluptate
2557 5581 2778 5653 quidem
2809 5581 2985 5637 aliena
3019 5593 3103 5638 est
3131 5581 3410 5654 generatio
3442 5598 3456 5645 ;
3483 5579 3596 5631 vita

2035 5684 2215 5731 autem
2239 5690 2269 5730 a
2295 5677 2428 5730 vitio
2453 5691 2468 5727 :
2495 5688 2747 5744 quasnam
2774 5683 2949 5731 restat
2977 5673 3216 5741 affectio,
3245 5671 3404 5741 cujus
3429 5670 3596 5724 Deum

2035 5767 2208 5825 fuisse
2241 5767 2562 5838 participem
2590 5764 2727 5825 dicit
2754 5767 3001 5826 divinum
3031 5755 3383 5839 mysterium?
