4072 6212
608 334 671 395 5!
1823 333 1881 392 S.
1923 329 2249 391 GREGOBII
2288 331 2579 391 NYSSENI
3238 338 3244 343 '
3748 324 3809 381 ιιι

678 456 736 512 Si
765 455 1017 527 corporis
1047 460 1227 511 autem
1275 460 1329 508 et
1365 453 1567 509 animai
1605 453 2031 524 disjunctionem
2078 468 2172 520 apo

2345 454 2408 506 El
2446 453 2501 506 δὲ
2533 453 2631 524 τὴν
2663 452 2757 505 τοῦ
2790 451 3040 523 σώματος
3071 449 3165 505 καὶ
3196 449 3292 520 τῆς
3318 447 3497 519 ψυχῆς
3525 464 3603 512 τις
3624 444 3810 511 διάζευ-

607 549 768 621 pellet
812 547 1086 618 quispiam
1139 546 1502 609 affectionem,
1559 545 1718 616 longe
1754 545 1906 616 prius
1960 559 2175 613 aequum

609 639 771 695 fuerit
811 638 1103 707 utriusque
1152 637 1575 692 concursionem
1617 637 1892 705 appellare
1931 633 2175 691 τίθει·ιίοο

609 743 752 783 nem.
821 731 953 781 Nam
984 728 1033 782 si
1088 728 1362 798 separatio
1417 735 1503 782 est
1560 726 1778 782 aﬁectio
1833 741 2022 782 eorum
2056 740 2177 796 qua:

608 833 735 879 sunt
771 822 1087 892 conjuncta,
1130 818 1445 888 coniunctio
1493 835 1712 891 quoque
1749 820 1915 876 fuerit
1964 819 2177 876 aﬂectio

608 927 796 968 eorum
827 930 947 983 qua:
973 922 1103 968 sunt
1127 912 1426 981 disjuncta.
1453 911 1546 968 Est
1574 913 1720 968 enim
1749 913 1969 983 quidam
1994 922 2177 970 motus

610 1006 821 1070 unitus,
855 1013 909 1061 et
941 1004 996 1059 in
1052 1005 1405 1059 concretione
1434 1020 1621 1059 eorum
1651 1019 1773 1075 quae
1807 1011 1936 1059 sunt
1967 1004 2178 1074 disjun—

609 1106 718 1162 cta,
754 1097 878 1153 etin
913 1097 1247 1153 discretione
1293 1111 1485 1152 eorum
1543 1111 1665 1165 qua)
1718 1103 1847 1151 sunt
1900 1103 2175 1152 contexta.

610 1188 762 1255 Quod
818 1196 1000 1243 autem
1062 1196 1291 1243 vocatur
1334 1195 1520 1242 motus
1550 1186 1799 1250 ultimus,
1840 1185 1945 1241 hoc
1991 1183 2178 1241 vocari

609 1280 863 1334 convenit
918 1279 1084 1333 etiam
1141 1278 1564 1349 praecedentem.
1620 1278 1677 1333 Si
1733 1286 1912 1332 autem
1968 1277 2178 1346 primus

611 1380 813 1433 motus,
848 1385 1010 1440 quem
1070 1368 1422 1425 nominamus
1472 1369 1906 1439 generationem,
1948 1384 1979 1422 a
2017 1370 2177 1424 nobis

612 1462 923 1518 nominetur
943 1460 1181 1526 affectio,
1217 1476 1283 1516 ex
1305 1462 1667 1533 consequenti
1689 1462 1850 1517 ctiam
1876 1462 1922 1518 is
1941 1461 2177 1527 dicetur,

611 1567 710 1621 per
734 1567 894 1621 quem
927 1551 1221 1607 concursio
1248 1552 1445 1606 animae
1472 1559 1527 1607 et
1561 1553 1813 1622 corporis
1852 1553 2176 1608 secernitur.

614 1644 779 1698 Deum
811 1651 994 1699 autem
1021 1643 1256 1699 dicimus
1277 1643 1447 1700 fuisse
1472 1644 1526 1698 in
1553 1654 1783 1715 utroque
1806 1652 1956 1700 motu
1981 1652 2181 1700 nostra:

616 1742 840 1797 naturae,
874 1748 969 1804 per
997 1750 1159 1805 quem
1194 1735 1378 1789 anima
1408 1737 1694 1792 concurrit
1743 1751 1870 1791 cum
1927 1751 2176 1807 corpore,

613 1833 668 1878 ct
697 1840 896 1895 corpus
922 1827 1229 1881 secernitur
1251 1827 1320 1882 ab
1348 1828 1551 1881 anima.
1575 1828 1709 1882 Cum
1733 1836 1968 1899 utroque
1997 1835 2178 1883 autem

616 1916 831 1979 horum,
865 1931 989 1971 cum
1024 1918 1239 1982 sensili,
1291 1918 1535 1988 inquam,
1571 1926 1625 1974 et
1681 1918 1998 1989 intelligenti
2034 1933 2183 1973 com-

616 2008 778 2062 mista
841 2007 1075 2062 humana
1132 2010 1482 2064 concretione
1545 2024 1640 2079 per
1674 2009 1819 2062 illam
1858 2009 2183 2063 ineffabilem

615 2105 668 2150 ct
700 2097 1135 2169 inexplicabilem
1165 2101 1741 2171 contemperationem,
1767 2101 1870 2155 hoc
1896 2100 2038 2157 Deus
2066 2117 2187 2171 pro-

617 2190 753 2245 vidit
783 2198 837 2245 et
866 2191 1293 2259 administravit,
1353 2201 1414 2247 ut
1441 2208 1631 2249 eorum
1665 2208 1786 2263 qua:
1833 2194 2000 2248 semel
2032 2194 2185 2248 unita

616 2290 820 2346 essent,
853 2285 1067 2346 animae,
1096 2285 1340 2355 inquam,
1370 2292 1425 2340 et
1452 2286 1724 2354 corporis,
1758 2285 1923 2360 etiam
1961 2285 2014 2339 in
2041 2300 2185 2341 sem-

619 2374 889 2442 piternum
918 2384 1261 2444 permaneret
1294 2376 1446 2431 unio.
1484 2376 1620 2431 Cum
1661 2378 1808 2433 enim
1867 2385 2055 2433 nostra
2088 2392 2185 2431 na-

617 2475 738 2519 tura
767 2480 864 2535 per
886 2466 1165 2537 pr0priam
1194 2468 1665 2537 consequentiam,
1702 2468 1757 2523 in
1787 2469 1878 2522 illo
1907 2476 2056 2524 mota
2097 2484 2186 2524 es-

619 2564 701 2610 set
730 2556 797 2611 ad
828 2558 1188 2614 sccretiouem
1210 2560 1406 2615 animae
1433 2569 1486 2616 et
1510 2561 1757 2631 corporis
1781 2581 1795 2616 :
1825 2577 1946 2631 qua:
1974 2570 2183 2618 secreta

616 2665 681 2704 ac
717 2660 969 2720 separata
1027 2651 1245 2707 fuerant
1303 2670 1499 2710 rursus
1554 2656 1862 2727 conjunxit,
1918 2671 1984 2711 eo
2039 2654 2185 2726 quod

617 2744 795 2798 fuerat
824 2744 1125 2811 desectum,
1170 2761 1269 2815 per
1324 2746 1597 2816 quoddam
1655 2748 1820 2802 veluti
1877 2747 2180 2819 glutinum,

616 2851 711 2905 per
739 2835 1003 2900 divinam,
1041 2837 1289 2906 inquam,
1332 2840 1612 2905 virtutem,
1649 2839 1715 2894 ad
1764 2842 2017 2896 unionem
2064 2855 2186 2910 qua!

615 2928 793 2997 rumpi
823 2928 1045 2982 minime
1073 2936 1275 2999 potest,
1308 2938 1594 2999 compacto
1633 2940 1688 2986 et
1719 2932 2073 2987 concinnato.
2120 2932 2186 2986 Et

616 3020 719 3073 hoc
748 3028 832 3074 est
860 3023 1218 3086 resurrectio,
1242 3037 1430 3078 eorum
1455 3039 1575 3092 qua:
1606 3024 1899 3093 conjuncta
1945 3026 2181 3091 fuerant,

2277 549 2358 615 ειν
2390 547 2560 611 πάθος
2608 544 3023 617 προσαγορεύοι,
3058 543 3192 597 πολὺ
3227 543 3489 613 πρότερον
3520 539 3721 604 δικαίως
3754 538 3813 595 ἀν

2276 641 2381 712 εἴη,
2413 641 2511 711 τὴν
2556 637 2858 710 συνδρομὴν
2902 636 3226 707 ἀμφοτέρων
3270 633 3412 687 οὓτω
3456 634 3809 705 κατονομάσαι.

2278 731 2341 786 Εἰ
2373 731 2482 803 γὰρ
2509 732 2538 784 ὁ
2567 729 2843 801 χωρισμὸς
2874 727 2981 781 τῶν
3007 724 3365 797 συνημμένων
3392 724 3558 790 πάθος
3589 725 3708 789 ἐστὶ,
3732 724 3812 778 καὶ

2277 827 2312 896 ἡ
2340 825 2602 893 συνάφεια
2631 822 2739 874 τῶν
2784 819 3085 875 διεστώτων
3131 816 3302 880 πάθος
3351 816 3417 870 ἂν
3460 817 3566 887 εἴη.
3612 817 3813 887 Κίνησις

2277 914 2385 985 γάρ
2413 913 2496 978 τίς
2526 915 2669 966 ἐστιν
2693 910 2749 963 ἐν
2776 927 2838 963 τε
2869 912 2933 980 τῇ
2963 907 3244 979 συγκρίσει
3269 906 3376 960 τῶν
3409 905 3711 969 διεστώτων,
3734 906 3816 959 καὶ

2277 1008 2338 1061 έν
2373 1009 2437 1076 τῇ
2487 1003 2755 1077 διακρίσει
2791 1002 2899 1055 τῶν
2942 998 3444 1072 συμπεπλεγμένων
3569 996 3813 1068 ἡνωμένη.

2280 1100 2457 1170 Ὅπερ
2488 1098 2666 1151 τοίνυν
2715 1093 3000 1149 τελευταία
3053 1091 3263 1163 κίνησις
3308 1086 3645 1157 ὀνομάζεται,
3679 1088 3819 1143 τοῦτο

2279 1193 2542 1264 προσήκει
2591 1186 2868 1243 καλεῖσθαι
2913 1184 3008 1239 καὶ
3044 1185 3143 1255 τὴν
3188 1183 3531 1255 προάγουσαν
3559 1197 3571 1211 ·
3615 1183 3660 1235 εί
3697 1181 3748 1235 δὲ
3788 1183 3818 1251 ἡ

2280 1283 2468 1354 πρώτη
2518 1282 2728 1353 κίνησις
2774 1280 2843 1352 ἢν
2893 1278 3106 1347 γένεσιν
3152 1273 3512 1344 ὀνομάζομεν,
3563 1272 3718 1335 πάθος
3764 1272 3822 1325 ἂν

2279 1376 2417 1430 κατά
2443 1374 2503 1428 τὸ
2533 1371 2822 1427 ἀκόλουθον
2853 1371 3080 1440 λέγοιτο,
3112 1368 3233 1422 καθ’
3261 1367 3329 1438 ἢν
3371 1368 3405 1437 ἡ
3445 1362 3706 1435 συνδρομὴ
3740 1362 3823 1416 τοῦ

2281 1468 2531 1537 σώματος
2572 1465 2665 1519 καὶ
2710 1464 2807 1533 τῆς
2845 1462 3022 1533 ψυχῆς
3066 1459 3415 1531 διακρίνεται.
3468 1457 3570 1509 Τὸν
3613 1455 3663 1508 δὲ
3706 1453 3826 1507 Θεὸν

2280 1576 2459 1629 φαμεν
2492 1558 2550 1610 ὲν
2577 1555 2812 1625 ἑκάτερᾳ
2836 1549 3160 1622 γεγενῆσθαι
3195 1552 3264 1620 τῇ
3308 1548 3407 1618 τῆς
3445 1546 3651 1615 φύσεως
3682 1542 3827 1615 ἡμῶν

2280 1654 2509 1719 κινήσει,
2541 1647 2607 1701 δι’
2649 1642 2717 1718 ἦς
2754 1645 2790 1715 ἧ
2824 1661 2882 1697 τε
2913 1641 3060 1713 ψυχὴ
3092 1641 3228 1712 πρὸς
3255 1639 3314 1693 τὸ
3354 1637 3512 1708 σῶμα
3546 1636 3827 1707 συντρέχει,

2281 1726 2339 1793 τό
2360 1755 2419 1791 τε
2445 1737 2602 1807 σῶμα
2627 1735 2727 1805 τῆς
2749 1732 2926 1805 ψυχῆς
2947 1730 3300 1802 διακρίνεται.
3330 1723 3756 1796 Καταμιχθέντος
3776 1721 3829 1773 δὲ

2287 1831 2421 1902 πρὸς
2469 1830 2725 1899 ἑκάτερον
2766 1824 2991 1888 τούτων,
3032 1821 3168 1892 πρός
3207 1836 3267 1872 τε
3308 1817 3368 1871 τὸ
3401 1814 3650 1885 αἰσθητόν
3698 1829 3831 1883 φημι

2284 1925 2379 1977 καὶ
2409 1922 2470 1975 τὸ
2503 1919 2703 1992 νοερὸν,
2740 1917 2834 1971 τοῦ
2857 1914 3198 1995 ἀνθρωπίνου
3227 1910 3591 1984 συγκρίματος
3623 1909 3708 1963 διὰ
3742 1910 3834 1980 τῆς

2285 2016 2523 2087 ἀρρήτου
2573 2011 2788 2080 ἐκείνης
2830 2008 2926 2062 καὶ
2965 2005 3338 2078 ἀνεκφράστου
3374 2003 3834 2075 συνανακράσεως,

2256 2105 2261 2109 ’
2284 2107 2443 2161 τοῦτο
2462 2102 2921 2175 οἰκονομήσασθαι
2946 2100 3007 2153 τὸ
3028 2098 3132 2153 τῶν
3154 2095 3301 2162 ἀπαξ
3329 2095 3652 2161 ἑνωθέντων,
3672 2093 3839 2164 ψυχῆς

2286 2198 2429 2267 λέγω
2454 2198 2546 2252 καὶ
2580 2194 2851 2265 σώματος,
2892 2191 2988 2245 καὶ
3017 2190 3189 2244 εἰσαεὶ
3215 2189 3485 2259 διαμεῖναι
3512 2186 3607 2258 τὴν
3632 2185 3836 2239 ἕνωσιν.

2285 2290 2397 2361 Τῆς
2429 2289 2536 2358 γάρ
2582 2286 2794 2356 φύσεως
2848 2282 3005 2354 ἡμῶν
3053 2281 3142 2335 διά
3176 2283 3274 2352 τῆς
3328 2279 3461 2344 ἰδίας
3509 2276 3840 2342 ἀκολουθίας,

2285 2384 2378 2436 καὶ
2409 2383 2466 2434 έν
2514 2377 2705 2449 ἐκείνῳ
2732 2376 2869 2448 πρὸς
2899 2375 3168 2446 διάκρισιν
3211 2370 3304 2425 τοῦ
3336 2370 3586 2445 σώματος
3630 2370 3721 2423 καὶ
3750 2369 3845 2438 τῆς

2281 2474 2458 2545 ψυχῆς
2521 2470 2866 2542 κινηθείσης,
2925 2466 3084 2521 πάλιν
3136 2463 3336 2535 συνῆψε
3390 2463 3458 2516 τὰ
3505 2460 3847 2532 διακριθέντα

2285 2567 2535 2636 καθάπερ
2567 2565 2674 2618 τινὶ
2696 2562 2882 2634 κόλλῃ,
2918 2563 2983 2632 τῇ
3014 2558 3131 2630 θεία
3151 2558 3296 2626 λέγω
3316 2555 3565 2625 δυνάμει,
3597 2553 3731 2624 πρὸς
3748 2552 3845 2622 τὴν

2283 2660 2556 2731 ἄρρηκτον
2603 2657 2797 2710 ἕνωσιν
2842 2655 2904 2708 τὸ
2960 2651 3265 2724 διασχισθὲν
3329 2647 3692 2719 συναρμόσας.
3739 2647 3849 2699 Καὶ

2282 2749 2439 2803 τοῦτο
2466 2751 2612 2802 ἐστιν
2644 2749 2676 2818 ἡ
2710 2746 3024 2808 ἀνάστασις,
3050 2744 3083 2814 ἡ
3116 2740 3222 2794 τῶν
3250 2736 3683 2807 συνεζευγμένων
3716 2734 3851 2806 μετά

2283 2843 2381 2914 τὴν
2412 2841 2651 2895 διάλυσιν
2678 2838 2933 2902 ἐπάνοδος
2965 2837 3046 2900 είς
3077 2832 3354 2889 ἀδιάλυτον
3383 2831 3574 2884 ένωσιν
3603 2826 3851 2898 ἀλλήλοις

2286 2930 2702 3003 συμφυομένων,
2732 2928 2807 2992 ὡς
2850 2927 2916 2981 ἂν
2960 2927 2992 2996 ἡ
3043 2922 3235 2995 πρώτη
3271 2922 3397 2993 περὶ
3425 2918 3487 2972 τὸ
3514 2916 3853 2989 ἀνθρώπινον

2285 3025 2443 3096 χάρις
2472 3019 2823 3093 ἀνακληθείη,
2858 3020 2951 3073 καὶ
2980 3017 3141 3071 πάλιν
3169 3015 3259 3069 ἐπὶ
3285 3013 3382 3084 τὴν
3425 3011 3595 3066 ἀίδιον
3626 3008 3853 3062 ἐπανέλ-

616 3118 740 3181 post
768 3111 1182 3168 dissolutionem
1215 3114 1423 3169 reditus
1452 3114 1520 3168 ad
1559 3116 1814 3171 unionem
1859 3134 1980 3186 quae
2017 3118 2178 3173 mini-

2285 3116 2469 3186 θοιμεν
2505 3113 2670 3185 ζωὴν,
2699 3113 2798 3184 τῆς
2841 3106 3202 3182 ὲμμιχθείσης
3227 3104 3484 3192 τῇγφύσει
3528 3102 3725 3192 κακίας
3770 3098 3858 3192 διά

615 3221 701 3262 me
735 3212 916 3275 potest
950 3204 1202 3269 dissolvi,
1234 3204 1302 3262 iis
1336 3205 1392 3261 in
1417 3222 1478 3262 se
1502 3206 1731 3262 invicem
1764 3208 2075 3279 conjunctis
2124 3218 2179 3265 et

612 3296 1066 3359 coalescentibus,
1090 3303 1149 3350 ut
1177 3297 1350 3367 prima
1372 3311 1494 3367 qua:
1531 3295 1707 3354 fuerat
1738 3296 1977 3355 hominis
2006 3300 2180 3370 gratia

614 3396 921 3454 revocetur,
952 3394 1009 3443 et
1040 3388 1108 3444 ad
1165 3388 1338 3444 vitam
1388 3399 1727 3445 revertamur
1753 3391 2138 3461 sempiternam
2161 3430 2178 3457 ,

611 3495 737 3534 cum
768 3480 823 3534 id
851 3480 998 3550 quod
1031 3487 1235 3537 nostra
1260 3489 1470 3536 natura:
1503 3482 1722 3538 mistum
1765 3481 1942 3538 fuerat
1988 3483 2177 3539 vitium

612 3570 909 3628 efﬂuxisset
937 3587 1035 3642 per
1064 3572 1474 3636 resolutionem,
1509 3580 1570 3628 ut
1597 3574 1796 3629 accidit
1826 3574 1881 3629 in
1927 3575 2177 3639 humore,

612 3664 705 3735 qui
739 3663 913 3719 fracto
934 3665 1055 3735 ejus
1090 3680 1220 3721 vase
1245 3665 1579 3737 dispergitur
1611 3674 1666 3722 et
1725 3669 2021 3730 evanescit,
2053 3682 2178 3721 cum

613 3756 747 3810 nihil
781 3756 852 3811 sit
884 3756 1028 3826 quod
1074 3757 1370 3812 contineat.
1407 3756 1527 3823 Quo
1560 3759 1720 3813 modo
1752 3767 1935 3814 autem
1987 3758 2181 3815 mortis

616 3847 832 3902 initium
895 3862 1021 3902 cum
1070 3849 1371 3905 exstitisset
1391 3850 1445 3903 in
1497 3864 1626 3913 uno,
1680 3850 1839 3904 simul
1882 3840 2049 3905 etiam
2112 3849 2180 3905 ad

614 3939 925 3995 universam
997 3939 1235 4012 pervasit
1301 3942 1591 3994 humanam
1649 3949 1939 3995 naturam:
1988 3941 2177 3997 eodem

613 4030 779 4086 modo
807 4030 969 4085 etiam
1002 4030 1330 4101 principium
1380 4032 1816 4096 resurrectionis,
1874 4048 1969 4102 per
2013 4049 2178 4088 unum

613 4122 680 4175 ad
714 4122 1025 4177 universam
1048 4124 1356 4179 extenditur
1383 4123 1797 4180 humanitatem.
1826 4124 1928 4192 Qui
1963 4126 2108 4181 enim
2148 4141 2178 4179 a

614 4228 673 4266 se
704 4228 898 4268 rursus
925 4221 1262 4284 assumptam
1298 4215 1530 4270 animam
1556 4230 1658 4272 suo
1689 4215 1825 4271 uuiit
1851 4217 2065 4286 corpori
2086 4232 2181 4286 per

615 4304 889 4373 propriam
914 4305 1203 4369 virtutem,
1267 4322 1388 4375 qua:
1454 4308 1667 4378 utrique
1700 4323 1886 4363 eorum
1945 4308 2179 4362 immista

617 4399 791 4447 luerat
822 4395 877 4449 in
911 4395 1082 4464 prima
1112 4396 1448 4459 conditione,
1500 4399 1546 4454 is
1575 4400 1898 4468 generaliori
1944 4399 2177 4469 quadam

2287 3207 2386 3278 τῆς
2411 3205 2704 3268 διαλύσεως
2737 3203 2892 3274 ἡμῶν
2924 3199 3237 3273 ὲκρυείσης’
3271 3191 3381 3249 οἷον
3414 3195 3506 3249 ἐπὶ
3549 3191 3645 3246 τοῦ
3688 3188 3858 3261 ὑγροῦ

2289 3295 2595 3368 συμϐαίνει,
2626 3290 3083 3365 περιθρυφθέντος
3114 3286 3263 3358 αὐτῷ
3303 3283 3397 3340 τοῦ
3447 3282 3696 3352 ἀγγείου,
3731 3295 3858 3332 σκε-

2285 3388 2614 3459 δαννυμένου
2670 3402 2729 3439 τε
2761 3384 2856 3439 καὶ
2885 3379 3299 3452 ἀφανιζομένου,
3332 3375 3555 3448 μηδενὸς
3583 3374 3738 3434 ὄντος
3765 3369 3858 3423 τοῦ

2288 3482 2717 3555 πριστὲγοντος.
2750 3475 3016 3545 Καθάπερ
3059 3472 3115 3525 δὲ
3161 3472 3194 3543 ἡ
3239 3468 3378 3539 ἀρχὴ
3415 3465 3508 3520 τοῦ
3539 3464 3774 3518 θανάτου
3805 3464 3858 3515 ἐν

2288 3576 2367 3628 ένὶ
2394 3571 2656 3642 γενομένη
2691 3570 2837 3639 πάσῃ
2869 3562 3206 3635 πνδιεξῆλθε
3233 3565 3299 3633 τῇ
3333 3557 3646 3631 ἀνθρωπίνῃ
3677 3556 3858 3625 φύσει,

2286 3666 2428 3721 κατά
2453 3664 2540 3718 τὸν
2565 3662 2724 3717 αὐτὸν
2761 3661 2958 3732 τρόπον
2993 3657 3087 3710 καὶ
3124 3658 3155 3727 ἡ
3203 3653 3343 3725 ἁρχὴ
3379 3651 3477 3722 τῆς
3509 3648 3858 3709 ἀναστάσεως

2285 3757 2353 3810 δι’
2393 3756 2510 3818 ἑνὸς
2550 3755 2640 3807 ἐπὶ
2675 3754 2853 3805 πᾶσαν
2894 3748 3143 3803 διατείνει
3191 3746 3286 3817 τὴν
3334 3741 3753 3814 ἀνθρωπότητα.
3805 3738 3858 3788 '(l

2287 3848 2395 3920 γάρ
2441 3848 2538 3919 τὴν
2598 3844 2995 3915 ἀναληφθεῖσαν
3044 3839 3174 3912 παρ’
3224 3836 3416 3893 ἑαυτοῦ
3465 3833 3645 3905 ψυχὴν
3701 3832 3858 3883 eam

2286 3944 2493 4008 ἑνώσας
2519 3942 2596 4014 τῷ
2641 3940 2824 4011 οἰκείῳ
2858 3936 3067 4008 σώματι
3111 3934 3198 3988 διὰ
3229 3934 3326 4003 τῆς
3367 3930 3650 3999 δυνάμεως
3698 3923 3858 3978 αὐτοί

2285 4039 2384 4107 τῆς
2428 4033 2668 4106 ἑκατέρῳ
2713 4031 2916 4085 τούτων
2979 4027 3129 4100 παρὰ
3177 4025 3272 4096 τὴν
3326 4021 3548 4093 πρώτην
3604 4015 3858 4070 σύστασιη

2287 4127 2667 4199 ὲμμιχθείσης,
2716 4119 3247 4191 οὗτοςσγενικωτέρῳ
3295 4116 3400 4170 τινὶ
3439 4113 3628 4184 τρόπῳ
3673 4108 3858 4199 νοεράι

2286 4198 2476 4274 οὐσίαν
2508 4221 2572 4289 τῇ
2600 4216 2827 4285 αἰσθητῇ
2866 4208 3248 4281 συγκατέμιξε,
3282 4206 3380 4275 τῆς
3413 4203 3587 4275 ἀρχῆς
3623 4199 3775 4254 κατὰ
3811 4198 3858 4251 τί

2288 4310 2576 4367 ἀκόλουθον
2610 4309 2702 4360 ἐπὶ
2744 4306 2805 4359 τὸ
2848 4304 3021 4375 πέρας
3065 4299 3442 4371 εὐοδουμένης.
3505 4297 3594 4350 Ἐν
3640 4293 3760 4366 γὰρ
3794 4293 3858 4363 tt]

2286 4402 2647 4474 ἀναληφθέντι
2711 4399 2839 4469 παρ’
2900 4394 3064 4449 αὑτοῦ
3122 4392 3445 4467 ἀνθρωπίνῳ
3496 4389 3855 4459 συγκρίματι

613 4487 826 4541 ratione
879 4488 1068 4543 sensili
1119 4503 1238 4543 eam
1300 4497 1511 4545 naturae
1564 4491 1909 4546 commiscuit
1987 4510 2179 4549 essen-

2286 4496 2445 4551 πάλιν
2487 4492 2624 4564 μετὰ
2664 4490 2761 4561 τὴν
2799 4488 3041 4543 διάλυσιν
3074 4486 3208 4556 πρὸς
3238 4483 3297 4537 τὺ
3347 4482 3507 4553 σῶμα
3555 4480 3658 4551 τῆς
3691 4479 3858 4549 ψυχῆ.

614 4580 766 4645 tiam,
800 4594 917 4649 quae
968 4580 1337 4652 intelligentia:
1362 4582 1634 4650 particeps
1673 4591 1776 4643 est.
1814 4584 2083 4654 principio
2117 4585 2185 4639 ad

616 4673 775 4727 linem
814 4673 995 4727 debita
1019 4674 1409 4743 consequentia
1438 4674 1693 4732 deducto.
1729 4674 1862 4729 Nam
1908 4676 1961 4729 in
1995 4676 2186 4731 buma-

615 4780 681 4816 ua
713 4778 906 4818 rursus
930 4763 997 4817 al)
1027 4764 1120 4817 illo
1145 4773 1427 4834 assumpta
1450 4766 1804 4821 concretione
1828 4781 1891 4820 ac
1916 4768 2186 4837 composi-

613 4854 781 4918 tione,
805 4870 929 4909 cum
948 4862 1067 4923 post
1084 4853 1499 4911 dissolutionem
1519 4857 1699 4911 anima
1725 4873 1917 4914 rursus
1936 4857 2186 4914 rediisset

616 4945 679 4999 ad
712 4960 935 5015 corpus,
966 4945 1127 5001 veluti
1158 4960 1189 4998 a
1229 4946 1463 5017 quodam
1493 4948 1680 5012 initio,
1717 4964 1810 5020 per
1851 4949 1973 5019 ejus
2007 4952 2181 5003 virtu-

615 5048 743 5103 tem,
784 5040 915 5094 unio
943 5038 1063 5109 ejus
1091 5038 1237 5108 quod
1280 5038 1460 5095 fuerat
1520 5051 1851 5111 separatum,
1916 5057 1979 5096 ex
2025 5056 2180 5111 aequo

615 5130 812 5184 transit
845 5128 913 5184 ad
953 5129 1262 5185 universam
1293 5130 1583 5186 humanam
1637 5140 1906 5187 naturam.
1958 5131 2053 5186 Est
2085 5148 2182 5188 au-

613 5230 722 5273 tem
753 5219 860 5277 hoc
886 5222 1207 5294 mysterium
1234 5222 1473 5279 hominis
1501 5239 1531 5277 a
1556 5222 1667 5278 Deo
1696 5225 1936 5294 suscepti
1968 5225 2181 5295 dispen-

613 5312 861 5379 sationis,
893 5322 948 5369 et
985 5316 1403 5373 resurrectionis
1456 5330 1487 5370 a
1536 5317 1788 5380 mortuis,
1818 5316 1960 5387 quod
2002 5324 2177 5372 morte

611 5401 832 5473 quidem
864 5402 1026 5459 fuerit
1077 5409 1257 5462 anima
1319 5416 1567 5478 separata
1601 5422 1630 5461 a
1684 5422 1932 5479 corpore,
1985 5416 2037 5463 et
2069 5423 2179 5464 non

613 5492 954 5562 prohibuerit
1012 5501 1377 5555 necessariam
1418 5507 1628 5556 natura:
1688 5501 2178 5571 consequentiam;

612 5585 798 5641 omnia
826 5592 1009 5643 autem
1048 5603 1242 5647 rursus
1274 5593 1338 5648 ad
1367 5609 1426 5649 se
1454 5593 1685 5650 invicem
1747 5594 2024 5650 reduxerit
2085 5610 2179 5663 per

2282 4585 2700 4655 ἐπανελθούσης,
2736 4578 2846 4636 οἷον
2876 4580 2983 4635 άπό
3021 4596 3165 4643 τινος
3213 4576 3388 4648 ἀρχῆς
3427 4577 3507 4638 είς
3549 4575 3742 4627 πᾶσαν
3775 4571 3858 4641 τὴε

2282 4676 2631 4751 ἀνθρωπίνην
2674 4673 2833 4743 φύσιν
2874 4674 2941 4742 τῇ
2973 4670 3197 4739 δυνάμει
3244 4665 3385 4720 κατὰ
3413 4663 3474 4716 τὸ
3519 4657 3645 4714 ἴσον
3698 4663 3734 4730 ή
3783 4660 3858 4712 τοί

2282 4764 2649 4836 διακριθέντος
2686 4761 2879 4823 ἓνωσις
2921 4756 3205 4812 διαϐαίνει.
3259 4754 3372 4808 Καὶ
3428 4751 3588 4805 τοῦτό
3639 4753 3769 4804 ἐστι
3822 4766 3855 4801 τ

2287 4860 2582 4931 μυστήριον
2617 4857 2715 4926 τῆς
2746 4853 2840 4906 τοῦ
2879 4849 3014 4906 Θεοῦ
3060 4848 3187 4920 περὶ
3217 4847 3304 4900 τὸν
3336 4844 3623 4915 ἄνθρωπον
3665 4843 3858 4896 οἰκονο

2289 4950 2418 5022 μίας
2459 4947 2674 5017 καὶτῆς
2696 4948 2761 4999 ὲκ
2799 4943 3007 5013 νεκρῶν
3052 4939 3420 5001 ἀναστάσεως,
3460 4935 3521 4989 τὸ
3546 4933 3858 5003 διαλυθῆναι

2288 5042 2387 5114 μὲν
2431 5039 2510 5110 τῷ
2556 5038 2771 5109 θανάτῳ
2816 5035 2908 5089 τοῦ
2956 5033 3204 5103 σώματος
3247 5030 3344 5101 τὴν
3387 5027 3590 5099 ψυχὴν,
3633 5027 3739 5080 καὶ⁵
3784 5026 3858 5096 τὴ

2284 5132 2588 5201 ἀναγκαίαν
2628 5129 2728 5199 τῆς
2766 5128 2979 5197 φύσεως
3010 5122 3328 5178 ἀκολουθίαν
3361 5121 3435 5193 μὴ
3464 5119 3722 5174 κωλῦσαι
3751 5135 3766 5149 ·
3806 5121 3858 5170 εί

2284 5223 2487 5293 ἄλληλα
2513 5222 2571 5275 δὲ
2602 5221 2762 5274 πάλιν
2799 5217 3165 5285 ἐπαναγαγεῖν
3212 5213 3300 5267 διά
3342 5213 3443 5282 τῆς
3489 5211 3858 5272 ἀναστάσεως

2283 5318 2359 5381 ώς
2390 5317 2454 5369 ἂν
2485 5315 2668 5376 αὐτοῖς
2712 5311 2925 5380 γένοιτο
2969 5308 3217 5379 μεθόριον
3263 5305 3592 5376 ἀμφοτέρων
3635 5303 3858 5358 θανάτο

2284 5426 2345 5463 τε
2377 5409 2471 5461 καὶ
2502 5406 2665 5475 ζωῆς,
2698 5406 2756 5456 ὲν
2787 5402 2964 5472 ἑαυτῷ
2997 5403 3095 5471 μὲν
3126 5401 3329 5471 στήσας
3355 5396 3759 5468 διαιρουμένην
3808 5412 3858 5447 τι

2288 5500 2503 5570 θανάτῳ
2530 5498 2628 5569 τὴν
2667 5496 2847 5565 φύσιν,
2881 5496 3043 5556 αὐτὸς
3079 5493 3135 5547 δὲ
3160 5493 3446 5562 γενόμενος
3466 5490 3614 5561 ἁρχὴ
3642 5489 3751 5556 τῆς
3772 5486 3858 5539 τῶ

2284 5590 2628 5663 διῃρημένων
2656 5586 2917 5649 ἐνώσεως.

613 5682 1094 5746 resurrectionem,
1153 5685 1287 5740 adeo
1349 5697 1408 5743 ut
1472 5690 1551 5743 eis
1619 5697 1766 5744 esset
1810 5689 2094 5758 utriusque
2135 5689 2452 5747 conﬁnium,
2491 5698 2684 5752 nempe
2723 5681 2915 5734 mortis
2943 5688 2995 5732 et
3028 5678 3147 5731 vitae
3179 5696 3189 5729 :
3222 5686 3279 5729 ut
3319 5673 3492 5745 quiin
3548 5686 3611 5725 se
3643 5669 3858 5742 quidet:

616 5774 868 5833 statuerit
934 5782 1181 5831 naturam
1250 5787 1424 5836 morte
1489 5781 1740 5848 divisam,
1817 5783 1930 5852 ipse
1968 5791 2148 5839 autem
2193 5782 2356 5838 fuerit
2391 5779 2718 5851 principium
2753 5773 2969 5829 uniouis
3003 5787 3189 5829 eorum
3225 5787 3344 5842 quae
3374 5776 3501 5825 sunt
3530 5766 3749 5821 divisa.
