4072 6212
624 280 693 343 εδ
1470 294 1480 299 ·
1889 272 1946 333 s.
1989 270 2315 334 casconn
2351 273 2645 340 ursssau
3800 287 3870 349 δε

625 390 761 446 adeo
788 397 849 445 ιιι
879 389 933 445 in
964 390 1148 447 multis
1176 390 1314 451 locis
1343 406 1412 449 ne
1439 406 1509 449 an
1540 392 1655 451 hzec
1690 393 1913 463 quidem
1945 412 2192 467 unquam

2304 402 2690 475 ἀντεγερθῆναι
2718 405 2776 458 δὲ
2805 405 2946 459 κατὰ
2976 407 3154 460 πᾶσαν
3178 403 3279 477 τὴν
3301 402 3625 477 οἰκουμένην
3664 407 3756 459 ἐπὶ
3794 408 3871 476 τῷ

628 482 860 549 fuerint,
887 484 1266 553 meminerint;
1292 499 1478 540 eorum
1506 495 1686 541 autem
1714 487 1834 542 loco
1860 487 1915 542 in
1940 488 2196 545 universo

623 574 756 629 urbe
781 581 1053 630 terrarum
1079 574 1328 630 excitata:
1352 576 1465 632 sint
1488 577 1546 631 in
1570 575 1775 633 Christi
1802 579 2024 634 nomine
2052 579 2197 635 (edes

625 680 829 732 sacrae,
866 666 1064 736 templa
1108 673 1162 722 et
1196 667 1421 733 altaria,
1464 667 1707 738 illudque
1740 670 2113 725 venerandum
2142 678 2197 724 et

627 757 974 815 incruentum
1028 757 1398 823 sacriﬁcium,
1451 759 1813 830 sublimisque
1861 768 1918 816 et
1971 762 2195 816 excelsa

627 846 968 919 philosophia
989 887 1003 913 ,
1032 863 1153 918 quae
1182 847 1343 905 factis
1371 850 1554 920 potius
1577 865 1738 921 quam
1764 864 2018 907 sermone
2041 866 2197 907 exer-

625 946 812 1004 cetur;
841 938 1074 1010 vitaeque
1097 939 1405 1009 corporalis
1430 938 1733 1010 despectio,
1761 948 1816 997 et
1840 941 2034 996 mortis
2062 955 2198 995 con-

625 1030 884 1098 temptio,
919 1042 1081 1100 quam
1132 1030 1491 1087 ostenderunt
1522 1031 1617 1101 qui
1661 1047 1694 1086 a
1738 1032 1987 1104 tyrannis
2031 1047 2194 1105 coge-

627 1119 827 1174 bantur
872 1134 903 1173 a
954 1118 1058 1177 llde
1089 1118 1359 1189 deﬁcere,
1417 1121 1700 1177 cruciatus
1746 1121 2002 1192 corporis
2054 1121 2190 1176 nihil

625 1209 925 1278 ducentes,
965 1217 1019 1265 et
1059 1211 1388 1269 sententiam
1429 1212 1664 1282 capitis:
1699 1212 1812 1266 haec
1845 1212 2058 1267 scilicet
2091 1212 2195 1266 mi-

626 1298 773 1355 nime
805 1300 1075 1366 subituri,
1109 1301 1214 1356 nisi
1244 1309 1492 1372 apertum
1528 1309 1582 1357 et
1615 1302 1839 1357 minime
1869 1301 2095 1357 dubium
2129 1303 2196 1358 de

627 1388 722 1445 Dei
768 1389 1005 1446 adventu
1053 1392 1376 1449 habuissent
1421 1399 1821 1462 argumentum.
1865 1391 1980 1447 Hoc
2013 1392 2193 1463 ipsum

627 1492 805 1537 aiucm
835 1485 997 1539 etiam
1028 1483 1168 1555 apud
1194 1482 1414 1539 Iudaeos
1445 1484 1568 1539 licet
1590 1483 1773 1539 dicere
1793 1500 1916 1540 esse
1938 1484 2153 1555 signum
2176 1522 2192 1551 ,

625 1573 769 1643 quod
791 1575 935 1629 adsit
960 1575 1006 1629 is
1028 1575 1121 1646 qui
1145 1575 1215 1630 ab
1234 1576 1313 1632 eis
1344 1590 1452 1630 non
1475 1574 1738 1631 creditur.
1769 1573 1901 1629 Nam
1925 1591 2100 1646 usque
2126 1575 2194 1631 ad

626 1664 832 1720 Christi
867 1666 1088 1735 quidem
1126 1665 1218 1721 Dei
1251 1665 1579 1732 adventum,
1615 1666 1758 1737 apud
1791 1681 1886 1721 eos
1914 1664 2193 1738 Jerosoly-

2299 494 2535 567 Χριστοῦ
2564 496 2806 567 ὀνόματι,
2830 497 2991 563 ναούς
3019 514 3079 553 τε
3116 497 3212 551 καὶ
3242 496 3621 569 θυσιαστήρια,
3654 499 3748 552 καὶ
3771 499 3870 570 τὴν

2302 587 2505 657 σεμνήν
2532 603 2592 640 τε
2617 588 2712 640 καὶ
2743 587 3075 659 ἀναίμακτον
3110 587 3428 660 ἱερωσύνην,
3465 589 3560 642 καὶ
3586 588 3684 659 τὴν
3734 588 3870 659 ὑψη-

2298 675 2394 748 λὴν
2423 677 2757 747 φιλοσοφίαν,
2783 678 2931 752 ἔργῳ
2956 679 3154 752 μᾶλλον
3176 680 3210 751 ἢ
3242 679 3386 751 λόγῳ
3408 680 3866 751 κατορθουμένην,

2298 769 2390 822 καὶ
2427 770 2525 839 τῆς
2575 773 2891 842 σωματικῆς
2940 770 3086 842 ζωῆς
3130 770 3227 842 τὴν
3273 769 3592 841 ὑπεροψίαν,
3646 770 3737 823 καὶ
3774 769 3867 822 τοῦ

2297 857 2525 912 Θανάτου
2573 857 2673 932 τὴν
2717 860 3138 933 καταφρόνησιν,
3190 861 3257 932 ἢν
3299 860 3350 913 οί
3405 859 3739 930 μεταστῆναι
3770 860 3869 931 τῆς

2297 949 2531 1014 πίστεως
2558 952 2709 1022 παρὰ
2734 951 2841 1007 τῶν
2864 952 3139 1024 τυράννων
3162 951 3592 1022 ἀναγκαζόμενοι
3620 952 3869 1022 φανερῶς

2295 1040 2654 1109 ἐπεδείξαντο,
2684 1043 2797 1096 ἀντ’
2829 1043 3040 1106 οὐδενὸς
3066 1042 3344 1112 δεξάμενοι
3370 1043 3468 1107 τὰς
3492 1042 3585 1096 τοῦ
3620 1041 3867 1113 σώματος

2294 1131 2495 1197 αίκίας,
2540 1132 2634 1187 καὶ
2666 1133 2763 1205 τὴν
2791 1133 2884 1187 ἐπὶ
2914 1133 3128 1204 θανάτῳ
3153 1134 3358 1204 ψῆφον·
3395 1132 3494 1186 οὑκ
3514 1132 3582 1186 ἂν
3606 1133 3868 1186 ὑποστάν-

2293 1239 2385 1288 τες
2411 1220 2609 1296 δηλαδὴ
2639 1223 2831 1289 ταῦτα,
2861 1225 2937 1297 μὴ
2968 1225 3110 1295 σαφῆ
3142 1242 3200 1280 τε
3232 1225 3325 1280 καὶ
3365 1222 3733 1295 ἀναμφίϐολον
3768 1226 3865 1295 τῆς

2295 1315 2444 1379 θείας
2476 1316 2768 1388 ἐπιδημίας
2816 1316 3031 1388 ἔχοντες
3058 1317 3156 1388 τὴν
3197 1315 3488 1383 ἀπόδειξιν.
3537 1317 3611 1370 Τδ
3651 1317 3710 1369 δὲ
3735 1317 3867 1370 αὐτὸ

2292 1406 2451 1460 τοῦτο
2500 1408 2595 1463 καὶ
2629 1408 2766 1478 πρὸς
2807 1409 2933 1473 τοὺς
2974 1407 3257 1470 Ἰουδαίους
3298 1407 3479 1461 ίκανὸν
3518 1409 3744 1478 σημεῖον
3789 1408 3868 1460 si-

2294 1499 2436 1561 πεῖν,
2487 1497 2583 1553 τοῦ
2631 1501 2882 1571 παρεῖναι
2934 1498 3021 1552 τὸν
3068 1500 3197 1569 παρ’
3223 1497 3400 1550 αὐτῶν
3445 1497 3862 1567 ἀπιστούμενον.

2293 1590 2470 1661 Μέχρι
2497 1589 2596 1660 μὲν
2622 1590 2730 1661 γὰρ
2753 1593 2852 1662 τῆς
2894 1589 2987 1644 τοῦ
3026 1589 3261 1661 Χριστοῦ
3294 1588 3613 1660 θεοφανείας
3636 1588 3865 1661 λαμπρά

2296 1680 2424 1752 παρ’
2458 1680 2638 1744 αὐτοῖς
2674 1676 2742 1752 ἦν
2789 1680 2859 1734 τὰ
2909 1682 2966 1735 ὲν
3014 1679 3405 1752 Ἰεροσολύμοις
3443 1679 3707 1751 βασίλεια,
3737 1682 3766 1735 ὁ
3792 1680 3866 1737 διο

627 1755 734 1811 tnis
762 1755 1024 1829 praaclara
1054 1765 1170 1812 erat
1196 1756 1355 1813 sedes
1386 1758 1566 1830 regia,
1598 1758 1863 1829 inclytum
1894 1758 2028 1813 illud
2057 1765 2195 1813 tem-

2304 1768 2513 1842 ὡνυμος
2548 1771 2752 1836 ἐκεῖνος
2800 1772 2946 1836 ναὸς,
2979 1774 3037 1826 αί
3075 1772 3453 1844 νενομισμέναι
3484 1772 3550 1826 δι’
3572 1771 3725 1834 ἔτους
3773 1772 3867 1829 θυ-

625 1847 773 1916 plum
800 1886 815 1912 ,
840 1847 958 1921 lege
986 1849 1286 1904 constituta
1313 1864 1494 1904 annua
1519 1848 1790 1907 sacriﬁcia
1811 1890 1825 1917 ,
1856 1858 1911 1905 et
1941 1865 2199 1921 quaecun-

627 1953 734 2010 que
765 1954 798 1994 a
832 1939 948 2011 lege
996 1954 1093 2010 per
1139 1940 1461 2010 aenigmata,
1495 1940 1564 1996 iis
1604 1942 1696 2010 qui
1743 1942 1971 2012 mystice
2012 1941 2201 1999 audire

628 2036 901 2098 possunt,
931 2039 1059 2084 sunt
1093 2027 1361 2083 distincta
1405 2044 1472 2084 ac
1512 2030 1737 2084 deﬁnita
1785 2031 1853 2085 ad
1887 2032 1993 2087 hoc
2026 2045 2200 2102 usque

629 2130 880 2195 tempus,
913 2136 980 2176 ex
1013 2120 1095 2176 eis
1136 2120 1442 2177 constituto
1488 2121 1598 2177 ritu
1647 2122 1931 2194 religionis
1977 2123 2201 2179 minime

629 2221 785 2266 erant
814 2212 1110 2282 prohibita.
1145 2209 1439 2281 Postquam
1467 2219 1649 2268 autem
1676 2212 1931 2268 viderunt
1956 2228 2080 2269 eum
2105 2214 2199 2283 qui

628 2304 1079 2374 exspectabatur,
1113 2312 1167 2359 et
1198 2318 1360 2372 quem
1397 2317 1428 2359 a
1462 2302 1580 2373 lege
1623 2309 1678 2357 et
1722 2302 2005 2372 prophetis
2046 2304 2200 2374 prius

630 2395 969 2459 didicerant,
999 2405 1054 2450 et
1083 2393 1207 2450 tidci
1238 2395 1293 2451 in
1339 2409 1464 2450 eum
1509 2394 1604 2466 qui
1637 2402 1963 2465 apparuerat
2003 2406 2201 2467 praetu-

632 2488 807 2544 lerunt
841 2484 1037 2547 falsam
1072 2487 1223 2545 illam
1258 2487 1743 2556 superstitionem:
1776 2502 1885 2558 qua
1931 2488 2073 2545 male
2101 2504 2197 2545 ex-

633 2578 791 2648 pulsa
835 2578 1235 2637 conservabant
1277 2577 1445 2635 verba
1489 2577 1659 2648 legis,
1688 2578 2074 2635 consuetudini
2106 2593 2201 2649 po-

632 2669 743 2724 tius
772 2668 1076 2725 servientes
1100 2683 1265 2739 quam
1296 2667 1673 2739 intelligentia
1698 2687 1719 2737 ;.
1742 2684 1922 2742 neque
1952 2685 2073 2741 quae
2101 2684 2201 2741 ap-

630 2760 815 2830 paruit
842 2759 1072 2831 gratiam
1101 2766 1432 2830 acceperunt
1454 2774 1607 2830 ;quaa
1629 2775 1696 2816 ex
1721 2775 1907 2816 eorum
1938 2762 2202 2838 religione

632 2854 896 2922 praeclara
924 2857 1081 2907 erant
1121 2858 1174 2906 et
1207 2850 1517 2907 veneranda
1537 2893 1553 2917 ,
1599 2852 1791 2911 relicta
1820 2864 1953 2913 sunt
1978 2859 2035 2913 in
2064 2859 2201 2917 solis

634 2942 903 3011 nudisque
936 2939 1378 3005 narrationibus,
1412 2954 1535 2994 cum
1577 2948 1840 3015 templum
1874 2961 1943 3000 ne
1969 2962 2032 3001 ex
2067 2946 2202 3016 ipsis

2302 1859 2433 1926 σίαι,
2468 1861 2646 1915 πάντα
2674 1862 2773 1915 ὅσα
2801 1861 2951 1933 παρὰ
2982 1861 3075 1916 τοῦ
3104 1861 3269 1934 νόμου
3295 1861 3362 1916 δι’
3387 1862 3724 1933 αἰνιγμάτων
3757 1863 3871 1924 τοῖς

2302 1954 2584 2020 μυστικοῖς
2622 1952 2835 2005 ἐπαΐειν
2875 1952 3190 2022 δυναμένοις
3215 1948 3484 2024 διῄρηται,
3522 1951 3712 2022 μέχρις
3745 1951 3868 2002 τότε

2300 2043 2441 2099 κατὰ
2467 2043 2563 2115 τὴν
2591 2043 2651 2108 ἐξ
2675 2045 2847 2118 ἀρχῆς
2875 2044 3221 2115 νομισθεῖσαν
3249 2047 3431 2108 αὐτοῖς
3457 2044 3557 2115 τῆς
3587 2042 3869 2106 εὐσεϐείας

2301 2131 2594 2204 θρησκείαν
2631 2133 2881 2188 ἁκώλυτα
2906 2128 3005 2204 ἦν.
3049 2134 3201 2188 Ἐπεὶ
3245 2134 3301 2188 δὲ
3350 2129 3487 2188 εἶδον
3527 2134 3616 2187 τὸν
3645 2132 3872 2204 προσδο-

2301 2223 2566 2295 κώμενον,
2595 2224 2689 2279 καὶ
2720 2224 2780 2279 ὃν
2806 2224 2895 2279 διὰ
2936 2225 3043 2280 τῶν
3072 2225 3363 2299 προφητῶν
3393 2242 3454 2280 τε
3495 2225 3589 2279 καὶ
3629 2222 3724 2278 τοῦ
3777 2222 3868 2277 νό-

2304 2326 2405 2386 μου
2434 2313 2919 2387 προεδιδὰχθησαν,
2955 2316 3051 2370 καὶ
3098 2314 3498 2388 προτιμοτέραν
3544 2315 3872 2384 ἐποιήσαντο

2299 2406 2398 2476 τῆς
2430 2407 2510 2469 είς
2535 2406 2627 2461 τὸν
2648 2405 2882 2475 φανέντα
2911 2406 3146 2471 πίστεως
3171 2408 3269 2479 τὴν
3293 2404 3634 2479 ὲσφαλμένην
3655 2405 3871 2477 εκείνην

2299 2494 2738 2568 δεισιδαιμονίαν,
2778 2498 2846 2569 ἣν
2888 2497 3072 2561 κακῶς
3098 2497 3438 2562 ἐκϐαλόντες,
3476 2496 3542 2550 τὰ
3571 2495 3665 2550 τοῦ
3704 2497 3870 2567 νόμου

2302 2587 2522 2657 ῥήματα
2593 2587 2964 2657 διεφύλασσον,
3016 2587 3273 2661 συνηθείᾳ
3334 2587 3530 2660 μᾶλλον
3583 2588 3615 2656 ἢ
3667 2586 3874 2658 διανοίᾳ

2299 2675 2658 2744 δουλεύοντες,
2716 2677 2839 2735 οὗτε
2882 2678 2975 2751 τὴν
3007 2680 3362 2750 ἐπιφανεῖσαν
3407 2680 3654 2750 ἐδέξαντο
3688 2680 3871 2750 χάριν,

2302 2770 2395 2824 καὶ
2429 2769 2497 2823 τὰ
2529 2770 2701 2840 σεμνὰ
2739 2773 2838 2841 τῆς
2894 2770 3023 2843 παρ’
3053 2771 3235 2835 αὑτοῖς
3265 2769 3577 2843 θρησκείας,
3606 2772 3664 2825 ὲν
3689 2770 3874 2841 διηγή-

2305 2875 2438 2931 μασι
2490 2858 2661 2929 ψιλοῖς
2709 2859 3119 2915 ὑπολέλειπται*
3168 2858 3264 2914 τοῦ
3319 2859 3447 2914 ναοῦ
3499 2859 3598 2932 μὲν
3644 2857 3767 2913 οὑδὲ
3814 2856 3874 2924 ἐξ

2306 2946 2464 3018 ίχνῶν
2519 2949 3037 3019 ὲπιγινωσκομένου,
3093 2949 3193 3020 τῆς
3240 2949 3296 3003 δὲ
3341 2949 3598 3021 λαμπρᾶς
3657 2948 3871 3018 ἐκείνης

633 3037 855 3108 quidem
889 3040 1215 3108 agnoscatur
1246 3032 1533 3108 vestigiis;
1570 3038 1750 3107 ampla
1784 3045 1966 3094 autem
1995 3051 2050 3094 et
2081 3053 2202 3093 ma-

2304 3039 2511 3103 πόλεως
2552 3042 2610 3093 ὲν
2650 3041 2912 3111 ἐρειπίοις
2960 3039 3400 3111 ὑπολειφθείσης,
3448 3039 3624 3111 μεῖναί
3667 3057 3728 3093 τε
3762 3042 3873 3102 τοίς

634 3105 832 3199 gniﬁca
858 3105 951 3183 illa
978 3128 1174 3184 civitas
1201 3105 1494 3185 relicta—sit
1521 3128 1575 3183 in
1606 3105 1900 3185 ruderibus
1926 3141 1980 3185 et
2004 3130 2201 3195 ruinis,

2317 3129 2588 3194 Ἰουδαίοις
2624 3105 2732 3185 τῶν
2770 3131 2910 3186 κατὰ
2952 3132 3013 3186 τὸ
3060 3105 3285 3203 ἀρχαῖον
3334 3105 3734 3202 νενομισμένων
3778 3146 3875 3200 μη-

636 3235 738 3277 nec
766 3234 954 3279 eorum
990 3237 1112 3293 qua:
1139 3223 1271 3280 olim
1300 3231 1456 3279 erant
1503 3221 1708 3281 Judais
1755 3223 1995 3296 legitima
2039 3224 2202 3296 quid-

633 3329 800 3385 quam
844 3315 1131 3381 manserit,
1178 3314 1272 3372 scd
1302 3323 1359 3370 et
1386 3314 1454 3370 ad
1484 3315 1684 3387 ipsum,
1719 3316 1812 3388 qui
1851 3313 2207 3386 Jerosolymis

635 3413 755 3463 erat
798 3405 880 3462 eis
939 3406 1094 3465 locus
1155 3406 1538 3473 venerandus,
1587 3410 1752 3480 jussu
1812 3408 2207 3480 imperatorum

634 3498 945 3569 prohibitus
976 3496 1138 3555 fuerit
1161 3500 1361 3558 aditus.
1470 3544 1477 3551 .

1222 3588 1452 3647 CAPUT
1479 3587 1624 3645 XIX.

709 3677 815 3735 Sed
846 3677 1100 3749 quoniam
1131 3695 1308 3751 neque
1338 3679 1406 3736 iis
1430 3679 1526 3751 qui
1555 3674 1885 3735 Graecorum
1898 3686 2209 3749 sequuntur

639 3771 979 3842 disciplinas,
1012 3786 1188 3841 neque
1234 3771 1302 3828 iis
1337 3771 1430 3841 qui
1473 3780 1717 3843 praesunt
1766 3769 2076 3826 Iudaeorum
2110 3769 2210 3825 doc

638 3863 935 3937 gmatibus,
973 3862 1189 3921 videtur
1213 3878 1278 3919 ex
1310 3863 1399 3921 his
1426 3864 1692 3921 sumenda
1713 3878 1837 3921 esse
1878 3862 2079 3918 indicia
2115 3860 2209 3917 Dei

639 3956 926 4021 adventus,
970 3954 1109 4011 bene
1155 3955 1258 4011 erit
1305 3970 1556 4013 seorsum
1612 3963 1849 4010 tractare
1894 3954 1964 4011 de
1991 3954 2059 4010 iis
2088 3969 2210 4025 quae

641 4055 769 4105 sunt
808 4046 1045 4118 objecta,
1093 4062 1287 4119 nempe
1324 4061 1560 4120 quanam
1588 4047 1655 4103 de
1693 4061 1863 4103 causa
1898 4046 2083 4101 divina
2113 4063 2211 4103 na-

640 4144 764 4194 tura
810 4152 935 4194 cum
981 4145 1171 4195 nostra
1220 4139 1583 4206 connectitur,
1627 4152 1725 4209 per
1775 4152 1836 4193 se
1876 4151 2210 4194 conservans

642 4229 1058 4294 humanitatem,
1090 4243 1199 4285 non
1225 4228 1385 4300 jussu
1418 4243 1652 4301 operans
1684 4227 1736 4287 id
1769 4227 1916 4300 quod
1957 4234 2041 4285 est
2070 4228 2120 4284 ei
2155 4228 2209 4283 in

639 4322 942 4392 proposito.
976 4320 1261 4387 Quodnam
1301 4337 1430 4392 ergo
1472 4321 1637 4379 inerit
1660 4320 1822 4378 nobis
1855 4319 2207 4395 principium,

2303 3220 2422 3275 δέψ
2477 3221 2612 3275 ἀλλὰ
2649 3221 2744 3276 καὶ
2785 3222 2947 3277 αὑτὸν
2991 3220 3083 3277 τὸν
3128 3222 3419 3293 σεϐάσμιον
3442 3223 3626 3285 αὐτοῖς
3669 3222 3725 3274 ὲν
3775 3220 3873 3272 ἰε-

2307 3312 2623 3386 ροσολύμοις
2661 3314 2845 3381 τόπον,
2890 3314 3090 3370 ἄϐατον
3139 3313 3521 3388 προστάγματι
3567 3312 3681 3368 τῶν
3715 3312 3876 3367 δυναι

2307 3406 2601 3462 στευόντων
2632 3407 2903 3477 γενέσθαι.

2890 3584 3141 3639 ΚΕΦᾹΛ.
3178 3584 3275 3639 ΙΘ⁹.

2390 3674 2530 3729 Ἀλλ’
2561 3675 2707 3745 ὅμως
2745 3674 2927 3745 ἐπειδὴ
2977 3676 3113 3745 μήτε
3156 3677 3268 3738 τοῖς
3306 3672 3696 3743 Έλληνίζουσι,
3740 3674 3878 3744 μήτε

2307 3771 2417 3832 τοῖς
2445 3766 2554 3820 τῶν
2585 3764 2854 3820 Ἰουδαίων
2880 3765 3180 3838 προεστῶσι
3198 3765 3500 3836 δογμάτων,
3530 3764 3678 3818 δοκεί
3704 3763 3879 3816 ταῦτα

2309 3861 2458 3924 θείας
2486 3856 2781 3930 παρουσίας
2822 3857 3092 3910 ποιεῖσθαι
3132 3857 3425 3928 τεκμήρια,
3457 3854 3637 3917 καλῶς
3670 3852 3735 3908 ἂν
3764 3853 3880 3923 ἔχοι

2310 3953 2438 4026 περὶ
2470 3950 2578 4007 τῶν
2611 3947 3114 4020 ἀνθυπενεχθέντων
3144 3946 3250 4019 ίδίᾳ
3281 3946 3372 4002 τὸν
3399 3944 3558 4017 λόγον
3583 3945 3877 4008 διαλαϐεῖν,

2308 4047 2429 4101 ὅτου
2459 4045 2617 4117 χάριν
2663 4046 2697 4114 ἠ
2744 4043 2864 4097 θεία
2908 4040 3069 4112 φύσις
3113 4043 3248 4113 πρὸς
3285 4042 3385 4111 τὴν
3423 4040 3696 4112 ἡμετέραν
3748 4055 3883 4109 συμ-

2312 4136 2592 4200 πλέκεται,
2634 4134 2700 4188 δι’
2727 4134 2926 4205 ἑαυτῆς
2960 4133 3204 4197 σώζουσα
3227 4130 3287 4186 τὸ
3314 4130 3668 4201 ἀνθρώπινον,
3704 4126 3769 4182 ού
3796 4127 3884 4180 διὰ

2311 4224 2729 4297 προστάγματος
2754 4223 3195 4295 κατεργαζομένη
3229 4220 3289 4273 τὸ
3318 4219 3460 4274 κατὰ
3480 4218 3763 4291 πρόθεσινς
3788 4216 3883 4278 Τίς

2308 4313 2401 4372 οὖν
2452 4315 2519 4370 ἂν
2565 4314 2772 4383 γένοιτο
2819 4315 2947 4383 ἡμῖν
2992 4311 3154 4384 ἀρχὴ,
3206 4311 3342 4381 πρὸς
3386 4310 3477 4363 τὸν
3522 4308 3881 4380 προκείμενον

643 4412 707 4466 ad
742 4410 1082 4482 propositum
1104 4425 1328 4485 scopum
1359 4421 1759 4483 consequenter
1780 4413 2056 4469 deducens
2092 4426 2203 4471 ora-

2314 4406 2512 4464 σκοπὸν
2561 4401 2866 4468 ἀκολούθως
2913 4401 3329 4475 χειραγωγοῦσα
3374 4399 3466 4454 τὸν
3515 4401 3671 4469 λόγον
3705 4417 3720 4466 ς
3787 4399 3885 4461 Τίς

642 4502 888 4559 tionem?
929 4499 1086 4568 Quod
1129 4503 1297 4567 aliud,
1347 4518 1515 4575 quam
1560 4504 1877 4561 summatim
1923 4518 2211 4561 recensere

640 4609 762 4667 qua:
788 4592 856 4650 de
876 4591 988 4652 Deo
1015 4594 1103 4666 pie
1136 4593 1487 4651 sentiuntur!

1237 4679 1465 4739 CAPUT
1504 4680 1622 4736 XX.

712 4775 940 4834 Constat
959 4789 1088 4847 ergo
1108 4774 1253 4849 apud
1284 4789 1496 4842 omnes,
1524 4783 1776 4845 oportere
1802 4773 2021 4830 credere
2042 4771 2211 4829 Deum

644 4880 754 4927 non
801 4871 980 4929 solum
1022 4885 1145 4926 esse
1190 4876 1491 4940 potentem,
1548 4869 1645 4926 sed
1678 4877 1734 4926 et
1773 4867 1984 4938 justum
2028 4874 2081 4923 et
2112 4868 2213 4922 ho-

645 4977 797 5027 nuni,
827 4967 883 5016 et
913 4959 1239 5030 sapientem,
1269 4968 1322 5013 et
1348 4958 1612 5030 quidquid
1639 4960 1704 5012 ad
1731 4957 1786 5013 id
1816 4958 1961 5028 quod
1986 4964 2069 5012 cst
2100 4971 2206 5011 me-

646 5053 774 5116 lius.
799 5052 902 5110 fert
925 5051 1332 5123 cogitationem.
1357 5049 1714 5120 Consequens
1741 5065 1872 5119 ergo
1891 5058 1973 5104 est
1994 5049 2046 5103 iu
2076 5062 2214 5118 pra:-

646 5144 786 5198 senti
819 5144 1246 5215 dispensatione,
1277 5156 1386 5198 non
1414 5140 1619 5212 aliquid
1648 5140 1865 5211 quidem
1904 5155 1969 5196 ex
2001 5139 2070 5195 iis
2094 5154 2216 5209 qua!

648 5232 815 5286 Deum
848 5234 1043 5291 decent
1076 5248 1339 5304 apparere
1366 5233 1421 5288 in
1470 5232 1539 5288 iis
1571 5246 1694 5302 quae
1728 5230 1872 5286 facta
1907 5237 2072 5287 sunt:
2116 5228 2216 5284 ali-

646 5324 780 5395 quid
819 5336 998 5381 autcm
1038 5342 1147 5382 non
1190 5324 1398 5381 adesse.
1434 5323 1570 5381 Nam
1619 5332 1678 5379 ut
1712 5322 1882 5379 semel
1914 5321 2213 5385 absolvam,

648 5414 856 5471 nullum
912 5430 1007 5485 per
1060 5431 1118 5470 se
1165 5431 1232 5472 ex
1284 5416 1372 5471 his
1408 5414 1735 5471 sublimibus
1786 5412 2102 5469 nominibus
2148 5410 2218 5469 ab

650 5505 772 5560 aliis
797 5504 1154 5574 disjunctum,
1184 5507 1462 5578 sigillatim
1488 5515 1572 5565 est
1606 5506 1797 5561 virtus.
1817 5503 2003 5577 Neque
2016 5504 2216 5561 bonum

653 5612 778 5653 vere
795 5604 877 5652 est
902 5596 1127 5658 bonum,
1149 5598 1294 5668 quod
1313 5614 1421 5654 non
1448 5608 1529 5655 est
1546 5597 1739 5653 ordine
1751 5598 2072 5652 collocatum
2092 5609 2217 5649 cum

654 5687 883 5755 iustitia,
923 5687 1187 5758 sapientia
1216 5696 1267 5743 et
1289 5691 1545 5759 potentia.
1580 5689 1734 5758 Quod
1766 5688 1912 5745 enim
1953 5695 2035 5744 est
2079 5685 2219 5757 inju-

2315 4501 2470 4570 ἄλλη,
2499 4498 2534 4569 ἢ
2556 4496 2616 4551 τὸ
2643 4495 2740 4560 τὰς
2769 4495 3012 4560 εὐσεϐεῖς
3036 4492 3165 4565 περὶ
3189 4492 3283 4548 τοῦ
3311 4492 3446 4547 Θεοῦ
3473 4490 3770 4563 ὑπολήψεις
3792 4490 3884 4544 ἐπὶ

2316 4588 2621 4661 κεφαλαίων
2654 4586 2939 4654 διεξελθεῖν
2960 4603 2975 4651 ς

2908 4677 3160 4732 ΚΕΦΔΛ.
3203 4674 3289 4729 ις’.

2388 4764 2596 4826 Οὐκοῦν
2624 4767 2960 4840 ὁμολογεῖται
2994 4765 3144 4837 παρὰ
3177 4765 3333 4831 πᾶσι,
3367 4764 3442 4837 μὴ
3471 4763 3628 4835 μόνον
3660 4763 3886 4818 δυνατὸν

2316 4860 2454 4918 εἶναι
2478 4862 2588 4916 δεῖν
2617 4859 2892 4914 πιστεύειν
2918 4859 2978 4913 τὸ
3011 4858 3185 4925 Θεῐον,
3216 4857 3352 4912 ἀλλὰ
3390 4857 3483 4912 καὶ
3523 4856 3750 4918 δίκαιον,
3792 4853 3886 4907 καὶ

2317 4954 2539 5024 ἀγαθὸν,
2570 4952 2663 5006 καὶ
2688 4949 2872 5021 σοφὸν,
2905 4951 2999 5007 καὶ
3023 4950 3129 5004 πᾶν
3161 4949 3189 5003 ὅ
3210 4965 3263 5002 τι
3295 4948 3432 5020 πρὸς
3473 4945 3533 5000 τὸ
3576 4949 3821 5017 κρεῖττον
3850 4945 3882 5014 ή

2316 5046 2522 5100 διάνοια
2566 5043 2744 5114 φέρει.
2787 5037 3099 5094 Ἀκόλουθον
3130 5038 3308 5092 τοίνυν
3351 5036 3444 5090 ἐπὶ
3478 5035 3576 5105 τῆς
3602 5035 3883 5106 παρούσης

2316 5138 2644 5211 οἰκονομίας,
2681 5135 2757 5209 μὴ
2782 5135 2845 5190 τὸ
2869 5132 2966 5206 μέν
2993 5150 3046 5186 τι
3083 5130 3359 5203 βούλεσθαι
3380 5130 3488 5183 τῶν
3509 5127 3588 5198 τῷ
3613 5126 3732 5197 Θεῷ
3751 5143 3884 5198 πρε-

2317 5231 2525 5285 πόντων
2565 5226 2946 5297 ἐπιφαίνεσθαι
2991 5227 3099 5288 τοῐς
3145 5221 3532 5293 γεγενημένοις
3551 5257 3565 5281 .
3621 5217 3683 5272 τὸ
3720 5218 3776 5271 δὲ
3811 5218 3883 5288 μὴ

2320 5322 2593 5394 παρεῖναι.
2630 5317 2872 5372 Καθόλου
2901 5317 3008 5387 γὰρ
3030 5315 3179 5370 οὐδὲν
3203 5315 3288 5384 ἐφ’
3317 5311 3509 5368 ἑαυτοῦ
3538 5310 3645 5365 τῶν
3668 5309 3884 5383 ὑψηλῶν

2317 5411 2520 5466 τούτων
2564 5409 2842 5481 ὀνομάτων
2893 5400 3271 5477 διεζευγμένον
3310 5404 3418 5459 τῶν
3463 5403 3668 5467 ἄλλων,
3717 5400 3885 5473 ἁρετὴ

2320 5501 2630 5575 καταμόνας
2699 5500 2867 5555 ἐστίν.
2936 5499 3074 5553 Οὔτε
3124 5498 3185 5552 τὸ
3233 5497 3433 5568 ἀγαθὸν
3482 5494 3696 5567 ἀληθῶς
3740 5495 3885 5549 ἐστιν

2318 5592 2540 5662 ἀγαθὸν,
2580 5590 2654 5662 μὴ
2703 5593 2840 5660 μετὰ
2869 5591 2962 5644 τοῦ
2993 5590 3200 5643 δικαίου
3234 5606 3291 5643 τε
3321 5588 3415 5643 καὶ
3447 5588 3611 5657 σοφοῦ
3654 5585 3747 5639 καὶ
3789 5581 3882 5637 τοῦ

2320 5682 2540 5740 δυνατοῦ
2590 5682 2950 5754 τεταγμένοΨ
3005 5683 3065 5735 τὸ
3119 5682 3227 5752 γὰρ
3265 5681 3466 5747 ἄδικον,
3510 5680 3543 5749 ἢ
3589 5680 3802 5748 ἄσοφον,
3840 5673 3870 5745 ἢ
