4072 6212
227 206 287 267 57
1437 214 1698 273 ORATIO
1727 215 2236 281 CATECHETICA.
3404 228 3472 285 58

228 297 505 393 ἀδύνατον,
549 325 753 396 ἀγαθὸν
796 325 896 383 ούκ
941 328 1109 384 ἐστιν.
1164 327 1300 384 Οὔτε
1339 333 1372 402 ἡ
1420 331 1664 403 δύναμις,
1692 332 1787 387 τοῦ

1901 344 2061 401 stum,
2088 337 2352 408 insipiens
2372 346 2427 393 et
2455 337 2749 409 impotens.
2780 354 2889 395 non
2915 348 3002 397 est
3021 340 3248 400 bonum.
3280 343 3471 416 Neque

231 420 420 475 δικαέου
448 435 506 472 τε
540 418 636 472 καὶ
668 418 833 489 σοφοῦ
869 421 1271 494 κεχωρισμένη,
1289 424 1345 476 ἐν
1369 422 1536 496 ἀρετῇ
1565 425 1789 498 θεωρεῖ-

230 528 339 566 ταιθ
380 511 646 582 θηριῶδες
673 513 782 585 γάρ
820 515 937 567 ἐστι
968 513 1030 567 τὸ
1067 515 1305 569 τοιοῦτον
1352 518 1444 571 καὶ
1470 518 1787 588 τυραννικὸν

225 603 308 674 τῆς
340 602 623 673 δυνάμεως
661 599 818 668 εἶδος.
859 604 1133 669 Ὡσαύτως
1176 605 1232 659 δὲ
1275 607 1371 662 καὶ
1411 607 1481 661 τὰ
1525 609 1708 674 λοιπὰ,
1740 610 1789 664 εί

222 694 311 760 ἔξω
337 694 432 748 τοῦ
461 693 677 748 δικαίου
706 694 769 747 τὸ
810 695 972 765 σοφὸν
1004 696 1242 768 φέροιτο,
1274 697 1307 770 ἢ
1344 698 1404 752 τὸ
1435 698 1640 753 δίκαιον
1740 703 1789 755 εί

221 792 287 864 μὴ
315 790 456 861 μετὰ
485 789 711 844 δυνατοῦ
742 807 803 843 τε
835 789 929 845 καὶ
953 790 1159 860 ἀγαθοῦ
1192 791 1468 864 θεωροῖτο,
1500 795 1697 849 κακίαν
1723 794 1788 850 ἄν

217 898 289 946 τις
319 881 521 952 μᾶλλον
546 880 615 935 τὰ
638 883 862 936 τοιαῦτα
905 882 1112 954 κυρίως
1138 884 1550 956 κατονομὰσειε.
1581 886 1653 940 Τὸ
1678 887 1787 959 γὰρ

220 972 424 1036 ἐλλιπὲς
454 972 549 1027 τοῦ
596 974 923 1045 κρείττονος,
958 975 1077 1040 πῶς
1118 976 1184 1031 ἄν
1216 994 1299 1040 τις
1338 979 1396 1030 ὲν
1422 977 1645 1048 ἀγαθοῖς
1671 981 1791 1052 ἀρι-

219 1063 503 1134 θμήσειινς
548 1062 610 1116 Ei
652 1062 707 1115 δὲ
739 1062 915 1117 πάντα
948 1064 1213 1135 προσήκει
1238 1064 1560 1137 συνδραμεῖν
1589 1068 1647 1121 ὲν
1673 1070 1792 1133 ταῖς

219 1157 338 1225 περὶ
370 1154 509 1207 Θεοῦ
540 1153 736 1220 δόξαις,
783 1154 1146 1227 σκοπήσωμεν
1172 1155 1221 1209 εί
1258 1155 1292 1229 ὴ
1336 1157 1477 1211 κατὰ
1507 1157 1793 1232 ἄνθρωπον

217 1246 303 1299 τοῦ
348 1245 488 1299 Θεοῦ
512 1242 793 1316 οίκονομία
815 1244 1060 1299 λείπεταί
1090 1264 1142 1301 τι
1172 1246 1280 1300 τῶν
1312 1247 1629 1319 θεοπρεπῶν
1660 1250 1794 1304 ὐπο-

218 1337 446 1409 λὴψεων.
477 1335 757 1408 Ζητοῦμεν
802 1334 1019 1401 πάντως
1061 1337 1154 1391 ἐπὶ
1202 1338 1297 1393 τοῦ
1336 1339 1470 1394 Θεοῦ
1518 1341 1618 1412 τῆς
1658 1343 1793 1412 ἁγαο

220 1428 437 1501 θότητος
464 1434 534 1482 τὰ
576 1430 799 1498 σημεῖα.
837 1427 949 1482 Καὶ
992 1428 1076 1492 τίς
1101 1427 1167 1483 ἂν
1195 1429 1403 1499 γένοιτο
1440 1434 1794 1505 φανερωτέρα

220 1521 299 1576 τοῦ
325 1520 541 1590 ἀγαθοῦ
576 1520 873 1593 μαρτυρία,
902 1520 936 1593 ἢ
966 1517 1027 1574 τὸ
1057 1522 1485 1594 μταποιηθῆναι
1513 1525 1673 1581 αὑτὸν
1698 1525 1794 1579 τοῦ

221 1610 343 1682 πρὸς
394 1610 457 1664 τὸ
493 1610 739 1665 ἐναντίον
786 1608 1282 1681 αὐτομολήσαντος,
1331 1613 1467 1684 μηδὲ
1515 1614 1793 1669 συνδιατε-

221 1674 366 1774 ιῆνιι
429 1702 508 1773 τῷ
554 1674 944 1774 εύμεταϐλήτιρ
997 1674 1097 1768 τῆς
1140 1674 1489 1774 ἀνθρωὲτίζρης
1539 1707 1795 1778 προαιρέ-
1828 1674 1867 1731 Β

224 1809 345 1857 πως
400 1792 502 1863 τὴν
553 1792 762 1863 παγίαν
802 1794 861 1845 ὲν
911 1790 989 1863 τῷ
1029 1790 1218 1863 ἁγαθῷ
1272 1793 1366 1848 καὶ
1423 1794 1797 1869 ἀμετάϐλητον

221 1886 409 1951 piam;
452 1884 528 1938 Οὐ
561 1883 670 1957 γὰρ
714 1881 779 1937 ἂν
807 1878 971 1953 ἦλθεν
1005 1884 1085 1948 είς
1112 1882 1173 1937 τὸ
1204 1883 1376 1939 σῶσαι
1410 1887 1581 1957 ἡμᾶς,
1613 1886 1796 1952 καθώς

224 1990 377 2045 gmw
404 1973 437 2026 ὁ
462 1972 642 2033 Δαϐιδ,
669 1972 741 2045 μὴ
771 1971 1105 2045 ἁγαθὸτητος
1134 1972 1231 2044 τὴν
1263 1974 1516 2046 τοιαύτην
1542 1975 1797 2046 πρόθεσιν

217 2063 586 2135 ἐμποιούσης.
643 2063 773 2116 Ἀλλ’
814 2062 965 2117 οὐδὲν
1006 2058 1072 2118 ἂν
1124 2062 1300 2135 ὤνησε
1346 2064 1408 2118 τὸ
1452 2066 1657 2135 ἀγαθὸν
1699 2068 1798 2138 τῆς

219 2155 571 2228 προθέσεως,
620 2154 695 2225 μὴ
738 2153 928 2224 σοφίας
972 2154 1194 2227 ἐνεργὸν
1239 2154 1338 2227 τὴν
1388 2155 1799 2229 φιλανθρωπίαν

221 2246 501 2318 ποιούσης.
544 2247 654 2301 Καὶ
681 2246 790 2319 γὰρ
819 2247 911 2300 ἐπὶ
950 2246 1057 2300 τῶν
1087 2245 1384 2319 ἀρρώστως
1419 2246 1794 2319 διακειμένων,

221 2340 403 2393 tollo!
433 2338 535 2408 μὲν
555 2338 687 2402 ἴσως
712 2339 760 2391 ot
787 2337 1098 2409 βουλόμενοι
1132 2337 1207 2410 μὴ
1237 2339 1295 2392 ὲν
1326 2340 1516 2402 κακοῖς
1545 2333 1682 2392 εἶναι
1708 2339 1798 2393 τὸν

226 2430 502 2501 κείμενονο
552 2429 703 2500 μόνοι
724 2428 781 2481 δὲ
806 2428 905 2501 τὴν
938 2427 1146 2500 ἀγαθὴν
1178 2427 1318 2500 ὑπὲρ
1345 2428 1453 2481 τῶν
1483 2428 1799 2499 καμνόντων

224 2521 539 2593 προαίρεσιν
579 2521 659 2584 είς
699 2520 877 2593 πέρας
904 2519 1146 2591 ἄγουσιν,
1186 2515 1267 2584 οἷς
1301 2522 1523 2592 τεχνική
1566 2537 1648 2583 τις
1703 2519 1797 2573 δύ-

223 2631 379 2683 ναμις
408 2615 665 2683 συνεργεῖ
688 2613 827 2686 πρὸς
844 2613 943 2683 τὴν
969 2613 1062 2665 τοῦ
1088 2613 1385 2684 κάμνοντος
1399 2612 1563 2667 ἴασιν.
1592 2611 1799 2666 Οὐκοῦν

224 2705 311 2775 τὴν
353 2703 560 2773 σοφίαν
590 2704 673 2757 δεῖ
721 2702 1073 2774 συνεζεῦχθαι
1107 2704 1324 2768 πάντως
1365 2704 1433 2775 τῇ
1478 2702 1796 2773 ἀγαθότητι.

225 2797 337 2861 Πῶς
365 2797 558 2849 τοίνυν
591 2797 649 2850 ὲν
684 2797 796 2860 τοῖς
824 2795 1208 2867 γεγενημένοις
1233 2793 1295 2848 τὸ
1324 2794 1485 2864 σοφὸν
1510 2794 1587 2866 τῷ
1610 2794 1801 2866 ἀγαθῷ

225 2886 639 2958 συνθεωρεῐταις
665 2885 790 2939 ὐτι
819 2885 878 2939 ού
908 2882 1112 2956 γυμνὸν
1133 2881 1194 2937 τὸ
1222 2883 1362 2940 κατὰ
1390 2882 1643 2956 πρόθεσιν
1664 2883 1799 2952 ἁγα-

224 2979 307 3032 θὸν
344 2980 506 3033 ἔστιν
551 2979 700 3032 ἰδεῖν.
748 2977 872 3041 Πῶς
900 2976 1010 3049 γὰρ
1042 2976 1107 3030 ἂν
1138 2976 1333 3076 φανείιι
1370 2975 1404 3046 ἡ
1438 2972 1694 3047 πρόθεσις
1720 2972 1799 3076 ,μὴ
1828 3018 1870 3076 c

221 3070 303 3123 διὰ
327 3070 445 3124 τῶν
472 3068 775 3140 γινομένων
805 3068 1212 3138 φανερουμένη;
1247 3066 1329 3121 Τὰ
1350 3067 1407 3119 δὲ
1442 3064 1803 3137 πεπραγμένα

223 3161 400 3234 ιίρμῷ
418 3178 530 3215 τινι
553 3161 647 3213 καὶ
670 3160 821 3226 τάξει
844 3160 912 3213 δι’
939 3157 1230 3212 ἀκολούθου
1255 3157 1530 3229 προῖόντα,
1550 3155 1611 3209 τὺ
1642 3155 1802 3224 σοφόν

219 3269 279 3306 τε
298 3254 403 3307 καὶ
421 3251 668 3323 τεχνικὸν
687 3251 785 3321 τῆς
800 3251 1109 3321 οἰκονομίας
1134 3247 1230 3302 τοῦ
1259 3247 1393 3301 Θεοῦ
1414 3246 1772 3301 διαδείκνυσιν
1785 3285 1800 3300 .

233 3345 388 3403 Ἐπεὶ
413 3345 498 3411 δὲ,
531 3342 712 3407 καθὼς
742 3345 799 3396 ὲν
824 3344 935 3406 τοῖς
956 3340 1222 3411 φθάσασιν
1242 3341 1474 3411 εἴρηται,
1494 3338 1710 3401 πάντως
1724 3336 1802 3408 τῷ

222 3436 415 3504 δικαίῳ
445 3435 514 3489 τὸ
555 3434 719 3504 σοφὸν
768 3432 1193 3504 συνεζευγμένον
1224 3429 1392 3503 ἁρετὴ
1421 3430 1703 3498 γίγνεται·
1750 3429 1800 3482 εί

225 3526 281 3580 Et
309 3527 626 3601 χωρισθείη,
674 3527 751 3598 μὴ
801 3526 869 3581 ἄν
913 3525 1000 3594 ἐφ’
1040 3522 1232 3578 ἑαυτοῦ
1277 3520 1559 3593 καταμένῃ
1597 3518 1800 3588 ἀγαθὸν

224 3613 365 3672 εἶναι
386 3634 402 3649 ο
462 3618 644 3683 καλῶς
691 3618 757 3672 ἂν
788 3618 899 3689 ἔχοι
942 3616 1037 3671 καὶ
1080 3615 1173 3669 ἐπὶ
1204 3614 1296 3669 τοῦ
1336 3614 1497 3682 λόγου
1530 3611 1629 3682 τῆς
1661 3610 1800 3665 κατὰ

225 3710 513 3780 ἄνθρωπον
558 3709 887 3780 οἰκονομίας,
929 3709 1000 3762 τὰ
1037 3708 1131 3762 δύο
1183 3706 1302 3778 μετ’
1351 3703 1594 3776 ἀλλήλων
1628 3719 1796 3756 κατα-

221 3798 448 3867 νοῆσαι,
478 3800 541 3853 τὸ
566 3801 727 3870 σοιῖόν
754 3818 896 3872 φημι
924 3799 1019 3854 xa‘t
1044 3797 1107 3851 τὸ
1138 3797 1365 3852 δίκαιον.

1891 429 2136 496 potentia
2177 444 2299 498 qua:
2332 437 2417 484 est
2452 437 2704 499 separata
2753 444 2784 484 a
2825 430 3043 499 justitia
3073 443 3130 490 et
3179 437 3468 507 sapientia,

1890 517 2271 571 consideratur
2296 517 2352 570 in
2378 517 2615 586 virtute;
2653 526 2739 574 est
2768 519 2913 573 enim
2948 520 3250 579 helluinum
3292 534 3346 580 et
3388 535 3471 598 ty-

1892 608 2175 664 rannicum
2199 608 2468 679 ejusmodi
2494 624 2666 680 genus
2694 610 2967 679 potentiae.
3005 610 3265 670 Similiter
3281 625 3468 671 autem

1890 704 1945 752 et
1975 697 2206 768 reliqua,
2232 713 2429 768 nempe
2461 699 2507 754 si
2538 714 2568 751 a
2593 698 2807 768 justitia
2840 710 3048 755 remota
3085 702 3344 760 aﬂ‘eratur
3376 722 3469 762 sa-

1892 787 2132 859 pientia;
2186 796 2281 842 aut
2322 789 2369 843 si
2406 788 2622 858 justitia
2649 790 3028 847 consideretur
3058 809 3169 849 non
3222 810 3343 850 cum
3373 813 3472 867 po-

1892 880 2059 935 tentia
2103 889 2158 936 et
2197 878 2461 949 bonitate,
2515 896 2581 938 ea
2629 884 2801 952 magis
2833 884 3025 939 vitium
3074 888 3291 956 pruprie
3339 899 3470 945 sunt

1891 972 2243 1027 nominanda.
2281 971 2417 1027 Nam
2447 973 2535 1029 cui
2561 973 2715 1030 deest
2753 975 2805 1029 id
2835 975 2983 1045 quod
3024 979 3241 1041 melius,
3279 996 3473 1049 quem.

1893 1060 2185 1117 admodum
2250 1060 2310 1116 in
2367 1062 2529 1117 bonis
2586 1065 3000 1121 numeraveris?
3036 1067 3092 1122 Si
3147 1068 3323 1138 igitur
3355 1070 3472 1125 haec

1894 1150 2079 1205 omnia
2112 1159 2327 1221 oportet
2368 1168 2698 1210 concurrere
2736 1156 2791 1209 in
2825 1155 2894 1211 iis
2935 1172 3057 1226 qua
3088 1159 3154 1214 de
3183 1158 3295 1214 Deo
3338 1170 3471 1217 sunt

1894 1243 2269 1312 Opinionibus,
2322 1246 2735 1303 consideremus
2776 1264 2845 1303 an
2894 1248 2948 1303 in
3000 1252 3240 1320 suscepti
3281 1268 3312 1306 a
3360 1252 3473 1309 Deo

1895 1332 2132 1388 hominis
2154 1335 2584 1405 dispensatione,
2617 1336 2767 1394 deest
2808 1340 2991 1409 aliqua
3021 1356 3090 1397 ex
3134 1341 3201 1398 iis
3231 1356 3350 1411 quae
3385 1346 3474 1414 pie

1895 1418 1961 1479 de
1998 1423 2107 1481 Deo
2147 1426 2346 1483 animis
2396 1428 2639 1484 insident
2675 1431 3198 1488 existimationibus.
3249 1433 3322 1489 In.
3363 1436 3475 1491 Deo

1895 1516 2119 1572 omnino
2145 1518 2441 1589 quaerimus
2469 1520 2626 1591 signa
2655 1521 2933 1578 bonitatis.
2970 1521 3037 1576 Et
3069 1523 3347 1593 quodnam
3379 1526 3476 1581 bo-

1896 1607 2086 1665 nitatis
2118 1611 2359 1680 apertius
2385 1612 2549 1667 fuerit
2581 1613 2976 1680 testimonium,
3009 1629 3171 1685 quam
3202 1632 3326 1671 eum
3367 1617 3473 1672 sibi

1896 1702 2227 1771 vindicasse,
2267 1711 2323 1759 et
2350 1704 2470 1775 ejus
2485 1720 2671 1761 curam
2700 1707 2957 1776 gessisse.
2991 1707 3085 1778 qui
3111 1709 3387 1764 defecerat
3407 1708 3474 1764 ad

1896 1795 2258 1860 contrarium,
2293 1796 2612 1869 ﬁrmamque
2642 1813 2707 1854 ac
2731 1800 2978 1856 stabilem
3006 1809 3062 1855 et
3103 1801 3159 1854 in
3192 1802 3336 1856 bono
3371 1802 3475 1856 im-

1897 1887 2211 1942 mutabilem
2237 1898 2512 1954 naturam,
2545 1904 2653 1944 non
2685 1891 2847 1945 simul
2881 1889 3054 1946 fuisse
3073 1890 3321 1945 affectam
3347 1908 3473 1946 cum

1898 1978 2143 2033 mutabili
2180 1978 2353 2034 libero
2382 1979 2620 2034 hominis
2652 1981 2920 2035 arbitrio?
2946 1979 3065 2036 Non
3111 1983 3256 2036 enim
3290 1983 3475 2037 venis-

1898 2076 1980 2122 εει
2008 2066 2076 2123 ad
2121 2083 2222 2124 nos
2249 2069 2568 2135 servandos,
2624 2077 2685 2124 ut
2722 2070 2853 2125 dicit
2880 2070 3070 2134 David.
3105 2072 3213 2127 nisi
3256 2073 3475 2128 bonitas

1897 2157 2000 2213 hoc
2027 2158 2077 2213 ei
2109 2157 2430 2215 immisisset
2473 2161 2836 2229 propositum.
2873 2158 2978 2215 Sed
3015 2161 3149 2215 nihil
3180 2160 3477 2232 profuisset

1901 2249 2115 2305 bonitas
2150 2250 2438 2320 propositi,
2470 2251 2515 2307 si
2544 2267 2653 2306 non
2696 2250 2969 2308 ell‘ecisset
3013 2254 3301 2323 sapientia.
3330 2262 3389 2307 ut
3418 2257 3476 2309 in

1898 2355 2037 2411 opus
2077 2340 2253 2396 exiret
2289 2340 2620 2412 benignitas,
2653 2349 2707 2397 et
2737 2342 2792 2397 in
2837 2343 3090 2400 homines
3118 2343 3379 2401 charitas.
3417 2342 3477 2398 In

1900 2432 1966 2488 iis
1995 2433 2140 2487 enim
2188 2432 2282 2501 qui
2314 2432 2456 2486 male
2482 2447 2543 2488 se
2576 2432 2794 2498 habent,
2828 2432 3065 2490 fortasse
3093 2434 3314 2503 quidem
3348 2442 3477 2489 sunt

1900 2524 2053 2577 multi
2086 2523 2179 2593 qui
2205 2523 2404 2577 vellent
2436 2524 2489 2577 in
2513 2523 2673 2579 malis
2695 2538 2804 2578 non
2835 2538 2958 2580 esse
2982 2540 3103 2579 eum
3127 2525 3223 2594 qui
3254 2524 3479 2580 decum-

1898 2613 2009 2668 bit:
2050 2613 2083 2667 ii
2115 2620 2298 2667 autem
2330 2612 2431 2667 soli
2466 2613 2531 2667 ad
2566 2614 2726 2670 linem
2760 2614 3040 2669 deducunt
3076 2615 3276 2670 bonam
3319 2630 3476 2671 suam

1902 2718 2000 2773 pro
2029 2704 2403 2761 laborantibus
2432 2705 2789 2770 voluntatem,
2818 2705 3021 2776 quibus
3042 2719 3199 2775 opem
3241 2704 3342 2759 fert
3385 2718 3477 2758 ar-

1901 2795 2129 2850 tiﬁciosa
2191 2794 2270 2850 tis
2322 2794 2571 2865 quaedam
2627 2806 2679 2851 et
2728 2795 2973 2866 potentia
3029 2795 3097 2850 ad
3149 2794 3477 2850 medendum

1900 2894 2125 2956 aegroto.
2155 2883 2382 2956 Oportet
2425 2899 2554 2956 ergo
2583 2885 2904 2955 sapientiam
2942 2887 3170 2941 omnino
3196 2901 3320 2942 esse
3346 2901 3481 2941 con-

1900 2976 2145 3045 junctam
2184 2991 2306 3030 cum
2355 2977 2615 3031 bonitate.
2649 2976 2934 3043 Quomodo
2972 2992 3104 3048 ergo
3151 2978 3205 3032 in
3247 2978 3314 3034 iis
3357 2992 3483 3048 qum

1907 3066 2049 3121 facta
2075 3074 2204 3122 sunt
2232 3067 2616 3123 consideratur
2645 3067 2915 3139 sapientia
2952 3069 3115 3125 simul
3159 3085 3282 3125 cum
3319 3069 3482 3125 boni-

1905 3156 2053 3212 tate?
2094 3154 2363 3223 Quoniam
2401 3157 2528 3213 licet
2571 3173 2798 3215 cernere
2834 3174 2944 3214 non
2986 3161 3163 3216 solum
3190 3171 3245 3216 et
3275 3161 3481 3216 nudum

1902 3247 2107 3302 bonum
2135 3249 2189 3301 in
2219 3248 2519 3318 proposito.
2543 3246 2831 3314 Quomodo
2857 3249 3001 3303 enim
3036 3257 3326 3320 appareret
3355 3264 3484 3320 pro-

1902 3338 2163 3408 positum,
2219 3338 2263 3394 si
2302 3354 2411 3393 non
2460 3337 2687 3395 evidens
2728 3346 2873 3394 esset
2922 3353 3018 3408 per
3050 3354 3111 3392 ea
3146 3354 3268 3410 quae
3312 3338 3485 3394 (iant?

1903 3429 2034 3497 Quae
2060 3438 2238 3485 autem
2268 3428 2414 3485 facta
2442 3436 2570 3486 sunt
2598 3430 2833 3500 quadam
2865 3432 3006 3486 serie
3035 3440 3089 3486 et
3133 3430 3326 3486 ordine
3354 3445 3485 3499 pro-

1907 3521 2154 3576 cedentia
2187 3535 2282 3591 per
2312 3519 2363 3573 id
2396 3519 2541 3590 quod
2574 3529 2660 3576 est
2684 3534 3027 3591 consequens
3068 3520 3365 3576 ostendunt
3393 3534 3485 3576 sa-

1906 3614 2165 3685 pientiam
2199 3622 2252 3668 et
2277 3612 2569 3668 artificium
2615 3611 2707 3668 Dei
2735 3612 3201 3683 dispensationis:
3232 3611 3484 3683 quando-

1904 3704 2145 3776 quidem,
2197 3706 2338 3760 sicut
2383 3704 2536 3776 prius
2567 3702 2827 3769 diximus,
2877 3704 3143 3775 sapientia
3189 3704 3483 3774 conjuncta

1903 3812 2026 3850 eum
2053 3794 2267 3867 justitia
2298 3794 2523 3851 omnino
2558 3793 2618 3850 ﬁt
2649 3795 2845 3853 virtus.
2870 3794 3027 3862 Quod
3054 3796 3101 3851 si
3132 3809 3381 3851 seorsum
3414 3794 3486 3848 sit

223 3893 444 3962 posita.
474 3907 564 3960 per
586 3907 644 3947 se
674 3893 911 3962 seiuncta
952 3908 1064 3947 non
1112 3890 1276 3946 fuerit
1306 3889 1541 3945 bonitas.
1591 3887 1758 3945 Recte
1796 3903 1927 3959 ergo
1970 3889 2132 3945 fuerit
2170 3888 2225 3942 in
2289 3889 2501 3944 ratione
2568 3888 2808 3959 suscepti
2844 3888 3082 3943 hominis
3119 3885 3485 3956 dispensatio-

222 3986 343 4051 nis,
378 3984 496 4039 duo
528 3986 687 4040 simul
714 3988 845 4042 inter
871 4002 933 4043 se
955 3986 1184 4043 invicem
1214 3985 1584 4053 considerare,
1634 3982 1979 4054 sapientiam,
2023 3984 2271 4056 inquam,
2298 3992 2353 4038 et
2382 3983 2670 4053 justitiam.

816 4105 1071 4160 ΚΕΦΛΛ.
1113 4106 1242 4158 KA'.

289 4198 398 4262 Τίς
441 4194 537 4254 οῦν
583 4201 616 4270 ἠ
662 4198 1004 4271 δικαιοσύνη;
1048 4197 1389 4269 Μεμνήμεθα
1437 4195 1656 4258 πάντως
1700 4192 1808 4247 τῶν

222 4287 366 4341 κατὰ
396 4289 461 4342 τὸ
493 4288 785 4344 ἀκόλουθον
813 4291 873 4342 ὲν
908 4291 1021 4352 τοῖς
1065 4286 1303 4360 πρώτοις
1335 4286 1430 4340 τοῦ
1468 4285 1628 4353 λόγου
1658 4285 1809 4355 ειρηο

224 4380 428 4447 μένων,
455 4383 541 4436 δτι
570 4382 794 4454 μίμημα
815 4382 912 4453 τῆς
935 4380 1083 4446 θείας
1100 4379 1314 4450 φύσεως
1340 4375 1746 4447 κατεσκευάσθη
1777 4375 1807 4428 ὁ

223 4470 535 4544 ἄνθρωπος,
562 4475 677 4537 τοῖς
704 4490 765 4526 τε
798 4473 1004 4535 λοιποῖς
1031 4472 1139 4527 τῶν
1170 4469 1412 4539 ἀγαθῶν,
1444 4469 1539 4523 καὶ
1560 4466 1641 4560 τῷ
1670 4466 1808 4560 αύτ-
1841 4504 1883 4560 D

221 4564 455 4636 ιξσυσίῳ
484 4568 588 4637 τῆς
628 4565 1025 4637 προαιρέσεως.
1057 4563 1155 4634 τὴν
1185 4562 1321 4633 πρὸς
1345 4560 1407 4614 τὸ
1431 4558 1805 4615 Θεῖονδιασώ·

221 4654 325 4718 ζων
352 4656 648 4727 ὁμοίωσιν.
682 4657 935 4727 Τραπτῆς
962 4654 1021 4709 δὲ
1048 4653 1261 4723 φύσεως
1282 4651 1359 4706 ὢν
1385 4652 1502 4707 κατ’
1524 4650 1770 4720 ἀνάγκην
1789 4663 1804 4679 ·

218 4746 277 4799 σὺ
304 4747 427 4817 γὰρ
454 4746 737 4817 ἐνεδέχετο
775 4741 875 4801 τὸν
898 4745 959 4814 ἐξ
1004 4744 1340 4809 ἀλλοιώσεως
1379 4744 1479 4814 τὴν
1510 4740 1684 4813 ἀρχὴν
1710 4739 1809 4796 τοῦ

220 4830 359 4891 εἶναι
392 4838 619 4908 ἔχοντα,
665 4838 743 4909 μὴ
782 4838 1011 4908 τρεπτὸν
1051 4831 1192 4893 εἶναι
1221 4835 1458 4899 πάντως.
1502 4834 1569 4888 Ἡ
1602 4832 1713 4905 γὰρ
1744 4833 1810 4886 ἐκ

218 4927 307 4980 τοῦ
338 4927 426 4999 μὴ
450 4928 609 4992 ὄντος
633 4931 712 4994 εις
738 4928 801 4983 τὸ
819 4923 958 4983 εἶναι
979 4929 1230 5001 πάροδος,
1255 4925 1537 4990 ἀλλοίωσίς
1562 4925 1645 4989 τίς
1669 4928 1806 4989 ἐστι,

218 5018 312 5087 τῆς
340 5019 698 5091 ἁνυπαρξίας
724 5020 867 5075 κατὰ
895 5020 1044 5075 θείαν
1076 5020 1305 5091 δύναμιν
1331 5022 1411 5083 εἰς
1434 5018 1622 5073 ουσίαν
1673 5018 1807 5089 μεθ-

223 5109 550 5182 ισταμένης.
589 5112 699 5166 Καὶ
740 5111 916 5175 ἄλλως
940 5112 1000 5167 δὲ
1035 5114 1136 5183 τῆς
1177 5111 1385 5184 τροπῆς
1411 5109 1723 5180 ἀναγκαίως
1751 5112 1808 5163 ἑν

222 5197 291 5267 εὖ
318 5200 613 5274 ἀνθρώπῳ
642 5202 1037 5276 θεωρουμένης.
1060 5203 1247 5274 ἐπειδὴ
1282 5203 1506 5274 μίμημα
1532 5202 1632 5273 τῆς
1659 5200 1809 5264 θείας

228 5292 442 5357 ’ξύσιως
474 5295 508 5349 ό
538 5294 823 5365 ἄνθρωπος
846 5291 932 5367 ἦν.
969 5296 1045 5350 Τὸ
1076 5295 1133 5351 δὲ
1164 5294 1516 5365 μιμούμενον,
1547 5296 1595 5348 εἰ
1635 5293 1710 5364 μὴ
1752 5295 1811 5346 ὲν

228 5390 515 5460 tum“
542 5387 693 5459 τύχοι
720 5389 845 5456 τινι,
874 5388 1072 5445 ταύτὸν
1099 5388 1166 5443 ἂν
1195 5388 1281 5460 εἴη
1308 5386 1521 5451 πάντως
1548 5385 1741 5456 ὶκείνῳ
1763 5378 1810 5452 ᾧ

229 5481 611 5554 ἀναιρείσθω.
660 5479 750 5534 Ἐν
792 5479 969 5554 τούτῳ
1010 5480 1187 5536 τοίνυν
1228 5479 1328 5551 τῆς
1367 5477 1682 5550 ἑτερότητος
1715 5475 1808 5529 τοῦ

285 5658 310 5692 ⁸
334 5654 497 5717 Pal.
519 5672 612 5729 sv,
652 5660 738 5716 ιο.

2494 4096 2721 4153 CAPUT
2761 4094 2903 4150 XXI.

1977 4191 2239 4258 Quanam
2288 4204 2421 4260 ergo
2464 4196 2551 4243 est
2597 4184 2848 4256 justitia?
2897 4181 3246 4240 Meminimus
3292 4198 3486 4239 eorum

1907 4297 2032 4353 quae
2061 4298 2130 4337 ex
2177 4278 2536 4350 consequenti
2579 4276 2726 4332 dicta
2760 4283 2890 4332 sunt
2928 4275 2983 4329 in
3017 4273 3290 4346 principio
3321 4274 3488 4345 hujus

1913 4374 2064 4441 libri,
2095 4372 2241 4443 quod
2272 4369 2340 4426 ad
2370 4370 2570 4426 divina:
2596 4375 2805 4423 natura:
2832 4366 3191 4422 imitationem
3224 4367 3387 4422 homo
3417 4369 3489 4424 sit

1912 4465 2191 4527 conditus,
2228 4472 2345 4518 tum
2376 4461 2532 4518 bonis
2563 4460 2810 4531 reliquis.
2845 4467 2959 4513 tttm
2995 4457 3160 4512 etiam
3195 4457 3368 4514 libero
3395 4475 3489 4513 ar-

1914 4557 2098 4621 bitrio,
2144 4555 2238 4611 Dei
2280 4567 2614 4609 conservans
2661 4549 3097 4606 similitudinem.
3130 4549 3266 4603 Cum
3305 4560 3489 4604 autem

1914 4649 2229 4705 necessario
2260 4653 2436 4719 ‘esset
2484 4642 2761 4699 mutabilis
2810 4652 3057 4705 natum;
3115 4656 3297 4710 neque
3340 4641 3487 4695 enim

1916 4741 2032 4796 lleri
2059 4748 2293 4810 poterat,
2340 4736 2518 4807 utqui
2558 4736 2626 4791 ab
2655 4734 2981 4789 alterations
3015 4731 3343 4801 principium
3390 4729 3488 4783 ha-

1914 4833 2129 4895 buerat,
2164 4844 2275 4884 non
2327 4838 2473 4885 esset
2519 4827 2746 4883 omnino
2791 4825 3092 4881 mutabilis.
3123 4823 3206 4877 Ah
3234 4837 3299 4877 eo
3340 4820 3486 4875 enim

1912 4922 2058 4995 quod
2085 4937 2192 4976 non
2216 4931 2303 4976 est
2330 4934 2655 4990 progressus
2680 4918 2747 4973 ad
2780 4917 3098 4980 essentiam,
3126 4922 3209 4969 est
3235 4911 3484 4983 quaedam

1912 5014 2183 5077 alteratio,
2201 5027 2328 5068 cum
2348 5027 2470 5081 quae
2487 5025 2595 5065 non
2619 5017 2706 5065 est
2732 5008 3057 5068 substantia.
3075 5005 3276 5059 virtute
3305 5004 3487 5058 divina

1912 5113 2152 5164 transeat
2169 5108 2223 5160 ln
2245 5102 2707 5169 essentiam.Quin
2721 5101 2882 5156 etiam
2904 5112 3027 5155 cum
3042 5095 3280 5165 alioquin
3302 5110 3490 5150 neces-

1911 5200 2059 5256 sario
2072 5198 2127 5253 in
2150 5198 2368 5253 homine
2384 5195 2762 5252 consideretur
2780 5191 3027 5254 mutatio,
3052 5188 3307 5258 quoniam
3323 5187 3487 5244 homo

1913 5290 2225 5346 imitabatur
2240 5297 2493 5344 naturam
2516 5287 2794 5342 divinam:
2831 5282 2975 5353 quod
3010 5291 3190 5334 autem
3219 5279 3484 5347 imitatur,

1914 5382 2019 5439 nisi
2035 5381 2088 5437 in
2101 5381 2282 5451 aliqua
2292 5388 2440 5437 esset
2451 5371 3172 5436 diversitate.essetomnino
3186 5369 3326 5425 idem
3340 5371 3485 5440 quod

1914 5474 2045 5532 illud
2061 5474 2148 5532 cui
2165 5480 2253 5531 est
2271 5473 2653 5532 assimilatum.
2667 5468 2804 5526 Cum
2820 5481 2951 5539 ergo
2968 5465 3091 5537 ejus
3110 5465 3257 5537 quod
3281 5463 3485 5519 factum
