  <div class='ocr_page' id='page_1' title='image "/cluster/home/n/w/nwhite01/storage/ocr_20150623/45/hvd.32044073501876/047.png"; bbox 0 0 4072 6212; ppageno 0'>
   <div class='ocr_carea' id='block_1_1' title="bbox 709 275 2704 334">
    <p class='ocr_par' dir='ltr' id='par_1_1' title="bbox 709 275 2704 334">
     <span class='ocr_line' id='line_1_1' title="bbox 709 275 2704 334; baseline -0.001 -1"><span class='ocrx_word' id='word_1_1' title='bbox 709 278 774 333; x_wconf 78' lang='lat'><strong>59</strong></span> <span class='ocrx_word' id='word_1_2' title='bbox 1909 276 1991 332; x_wconf 90' lang='lat' dir='ltr'><strong>.S.</strong></span> <span class='ocrx_word' id='word_1_3' title='bbox 2043 275 2370 334; x_wconf 79' lang='lat' dir='ltr'><strong>GREGORII</strong></span> <span class='ocrx_word' id='word_1_4' title='bbox 2409 276 2704 334; x_wconf 70' lang='lat' dir='ltr'><strong>NYSSENI</strong></span> 
     </span>
    </p>
   </div>
   <div class='ocr_carea' id='block_1_2' title="bbox 709 391 2317 467">
    <p class='ocr_par' dir='ltr' id='par_1_2' title="bbox 709 391 2317 464">
     <span class='ocr_line' id='line_1_2' title="bbox 709 391 2317 464; baseline 0.001 -14"><span class='ocrx_word' id='word_1_5' title='bbox 709 394 885 450; x_wconf 85' lang='lat' dir='ltr'><strong>luerat</strong></span> <span class='ocrx_word' id='word_1_6' title='bbox 914 396 978 450; x_wconf 86' lang='lat' dir='ltr'><strong>ad</strong></span> <span class='ocrx_word' id='word_1_7' title='bbox 999 393 1312 464; x_wconf 74' lang='lat' dir='ltr'><strong>imaginem,</strong></span> <span class='ocrx_word' id='word_1_8' title='bbox 1342 391 1397 446; x_wconf 90' lang='lat' dir='ltr'><strong>in</strong></span> <span class='ocrx_word' id='word_1_9' title='bbox 1421 391 1522 448; x_wconf 89' lang='lat' dir='ltr'><strong>hoc</strong></span> <span class='ocrx_word' id='word_1_10' title='bbox 1555 401 1699 449; x_wconf 86' lang='lat' dir='ltr'><strong>esset</strong></span> <span class='ocrx_word' id='word_1_11' title='bbox 1715 393 2006 452; x_wconf 87' lang='lat' dir='ltr'><strong>diversitas</strong></span> <span class='ocrx_word' id='word_1_12' title='bbox 2020 398 2088 452; x_wconf 90' lang='lat' dir='ltr'><strong>ab</strong></span> <span class='ocrx_word' id='word_1_13' title='bbox 2102 414 2284 453; x_wconf 82' lang='lat' dir='ltr'><strong>exem-</strong></span> <span class='ocrx_word' id='word_1_14' title='bbox 2311 449 2317 458; x_wconf 78' lang='grc'><strong>,</strong></span> 
     </span>
    </p>
   </div>
   <div class='ocr_carea' id='block_1_3' title="bbox 2269 391 3877 467">
    <p class='ocr_par' dir='ltr' id='par_1_3' title="bbox 2269 391 3877 467">
     <span class='ocr_line' id='line_1_3' title="bbox 2269 391 3877 467; baseline -0.003 -15"><span class='ocrx_word' id='word_1_15' title='bbox 2269 428 2284 437; x_wconf 95' lang='grc'><strong><em>-</em></strong></span> <span class='ocrx_word' id='word_1_16' title='bbox 2311 405 2359 460; x_wconf 76' lang='grc' dir='ltr'><strong>Α</strong></span> <span class='ocrx_word' id='word_1_17' title='bbox 2385 400 2506 452; x_wconf 87' lang='grc' dir='ltr'>κατ’</span> <span class='ocrx_word' id='word_1_18' title='bbox 2535 397 2718 451; x_wconf 79' lang='grc' dir='ltr'>εἰκόνα</span> <span class='ocrx_word' id='word_1_19' title='bbox 2763 395 3050 466; x_wconf 78' lang='grc' dir='ltr'>γενομένου</span> <span class='ocrx_word' id='word_1_20' title='bbox 3079 395 3212 467; x_wconf 72' lang='grc' dir='ltr'>πρὸς</span> <span class='ocrx_word' id='word_1_21' title='bbox 3255 395 3314 450; x_wconf 82' lang='grc' dir='ltr'><strong>τδ</strong></span> <span class='ocrx_word' id='word_1_22' title='bbox 3354 396 3658 466; x_wconf 81' lang='grc' dir='ltr'>ἀρχέτυπον</span> <span class='ocrx_word' id='word_1_23' title='bbox 3681 391 3877 465; x_wconf 84' lang='grc' dir='ltr'>οῦσης,</span> 
     </span>
    </p>
   </div>
   <div class='ocr_carea' id='block_1_4' title="bbox 708 483 2283 557">
    <p class='ocr_par' dir='ltr' id='par_1_4' title="bbox 708 483 2283 557">
     <span class='ocr_line' id='line_1_4' title="bbox 708 483 2283 557; baseline 0.003 -17"><span class='ocrx_word' id='word_1_24' title='bbox 708 489 867 557; x_wconf 80' lang='lat' dir='ltr'><strong>piari,</strong></span> <span class='ocrx_word' id='word_1_25' title='bbox 887 487 1030 556; x_wconf 89' lang='lat' dir='ltr'><strong>quod</strong></span> <span class='ocrx_word' id='word_1_26' title='bbox 1048 486 1149 539; x_wconf 87' lang='lat' dir='ltr'><strong>hoc</strong></span> <span class='ocrx_word' id='word_1_27' title='bbox 1161 483 1378 554; x_wconf 86' lang='lat' dir='ltr'><strong>quidem</strong></span> <span class='ocrx_word' id='word_1_28' title='bbox 1398 491 1544 541; x_wconf 86' lang='lat' dir='ltr'><strong>esset</strong></span> <span class='ocrx_word' id='word_1_29' title='bbox 1559 496 1754 540; x_wconf 91' lang='lat' dir='ltr'><strong>natura</strong></span> <span class='ocrx_word' id='word_1_30' title='bbox 1776 488 2132 555; x_wconf 81' lang='lat' dir='ltr'><strong>immutabile,</strong></span> <span class='ocrx_word' id='word_1_31' title='bbox 2153 491 2283 545; x_wconf 90' lang='lat' dir='ltr'><strong>illud</strong></span> 
     </span>
    </p>
   </div>
   <div class='ocr_carea' id='block_1_5' title="bbox 707 577 2285 652">
    <p class='ocr_par' dir='ltr' id='par_1_5' title="bbox 707 577 2285 652">
     <span class='ocr_line' id='line_1_5' title="bbox 707 577 2285 652; baseline 0.004 -21"><span class='ocrx_word' id='word_1_32' title='bbox 707 595 840 634; x_wconf 82' lang='lat' dir='ltr'><strong>vero</strong></span> <span class='ocrx_word' id='word_1_33' title='bbox 873 593 982 632; x_wconf 91' lang='lat' dir='ltr'><strong>non</strong></span> <span class='ocrx_word' id='word_1_34' title='bbox 1019 578 1099 632; x_wconf 92' lang='lat' dir='ltr'><strong>sic</strong></span> <span class='ocrx_word' id='word_1_35' title='bbox 1120 593 1179 631; x_wconf 89' lang='lat' dir='ltr'><strong>se</strong></span> <span class='ocrx_word' id='word_1_36' title='bbox 1210 577 1452 640; x_wconf 90' lang='lat' dir='ltr'><strong>haberet,</strong></span> <span class='ocrx_word' id='word_1_37' title='bbox 1481 577 1577 633; x_wconf 86' lang='lat' dir='ltr'><strong>sed</strong></span> <span class='ocrx_word' id='word_1_38' title='bbox 1599 579 1922 635; x_wconf 75' lang='lat' dir='ltr'><strong>consisteret</strong></span> <span class='ocrx_word' id='word_1_39' title='bbox 1943 581 2162 652; x_wconf 90' lang='lat' dir='ltr'><strong>quidem</strong></span> <span class='ocrx_word' id='word_1_40' title='bbox 2189 598 2285 651; x_wconf 88' lang='lat' dir='ltr'><strong>per</strong></span> 
     </span>
    </p>
   </div>
   <div class='ocr_carea' id='block_1_6' title="bbox 707 667 2284 736">
    <p class='ocr_par' dir='ltr' id='par_1_6' title="bbox 707 667 2284 736">
     <span class='ocr_line' id='line_1_6' title="bbox 707 667 2284 736; baseline 0.003 -14"><span class='ocrx_word' id='word_1_41' title='bbox 707 668 1108 729; x_wconf 87' lang='lat' dir='ltr'><strong>alterationem,</strong></span> <span class='ocrx_word' id='word_1_42' title='bbox 1145 677 1205 721; x_wconf 93' lang='lat' dir='ltr'><strong>ut</strong></span> <span class='ocrx_word' id='word_1_43' title='bbox 1228 667 1341 736; x_wconf 89' lang='lat' dir='ltr'><strong>jam</strong></span> <span class='ocrx_word' id='word_1_44' title='bbox 1373 667 1612 723; x_wconf 82' lang='lat' dir='ltr'><strong>diximus</strong></span> <span class='ocrx_word' id='word_1_45' title='bbox 1641 686 1655 736; x_wconf 92' lang='lat'><strong>;</strong></span> <span class='ocrx_word' id='word_1_46' title='bbox 1690 671 1912 726; x_wconf 89' lang='lat' dir='ltr'><strong>omnino</strong></span> <span class='ocrx_word' id='word_1_47' title='bbox 1942 679 2121 727; x_wconf 90' lang='lat' dir='ltr'><strong>autem</strong></span> <span class='ocrx_word' id='word_1_48' title='bbox 2153 674 2284 727; x_wconf 86' lang='lat' dir='ltr'><strong>alte-</strong></span> 
     </span>
    </p>
   </div>
   <div class='ocr_carea' id='block_1_7' title="bbox 708 759 2280 828">
    <p class='ocr_par' dir='ltr' id='par_1_7' title="bbox 708 759 2280 828">
     <span class='ocr_line' id='line_1_7' title="bbox 708 759 2280 828; baseline 0.004 -17"><span class='ocrx_word' id='word_1_49' title='bbox 708 766 942 820; x_wconf 90' lang='lat' dir='ltr'><strong>raretur,</strong></span> <span class='ocrx_word' id='word_1_50' title='bbox 969 766 1256 828; x_wconf 78' lang='lat' dir='ltr'><strong>propterea</strong></span> <span class='ocrx_word' id='word_1_51' title='bbox 1282 759 1426 827; x_wconf 90' lang='lat' dir='ltr'><strong>quod</strong></span> <span class='ocrx_word' id='word_1_52' title='bbox 1446 759 1800 828; x_wconf 75' lang='lat' dir='ltr'><strong>imitaretur;</strong></span> <span class='ocrx_word' id='word_1_53' title='bbox 1824 763 2074 817; x_wconf 87' lang='lat' dir='ltr'><strong>alteratio</strong></span> <span class='ocrx_word' id='word_1_54' title='bbox 2097 772 2280 819; x_wconf 91' lang='lat' dir='ltr'><strong>autem</strong></span> 
     </span>
    </p>
   </div>
   <div class='ocr_carea' id='block_1_8' title="bbox 705 849 2280 926">
    <p class='ocr_par' dir='ltr' id='par_1_8' title="bbox 705 849 2280 926">
     <span class='ocr_line' id='line_1_8' title="bbox 705 849 2280 926; baseline 0.005 -22"><span class='ocrx_word' id='word_1_55' title='bbox 705 856 790 904; x_wconf 89' lang='lat' dir='ltr'><strong>est</strong></span> <span class='ocrx_word' id='word_1_56' title='bbox 819 849 1038 918; x_wconf 85' lang='lat' dir='ltr'><strong>quidam</strong></span> <span class='ocrx_word' id='word_1_57' title='bbox 1071 857 1274 912; x_wconf 91' lang='lat' dir='ltr'><strong>motus,</strong></span> <span class='ocrx_word' id='word_1_58' title='bbox 1322 849 1391 903; x_wconf 90' lang='lat' dir='ltr'><strong>ab</strong></span> <span class='ocrx_word' id='word_1_59' title='bbox 1416 865 1482 905; x_wconf 92' lang='lat' dir='ltr'><strong>eo</strong></span> <span class='ocrx_word' id='word_1_60' title='bbox 1515 851 1569 904; x_wconf 93' lang='lat' dir='ltr'><strong>in</strong></span> <span class='ocrx_word' id='word_1_61' title='bbox 1596 867 1706 920; x_wconf 93' lang='lat' dir='ltr'><strong>quo</strong></span> <span class='ocrx_word' id='word_1_62' title='bbox 1736 861 1818 907; x_wconf 90' lang='lat' dir='ltr'><strong>est</strong></span> <span class='ocrx_word' id='word_1_63' title='bbox 1847 869 2061 925; x_wconf 87' lang='lat' dir='ltr'><strong>semper</strong></span> <span class='ocrx_word' id='word_1_64' title='bbox 2091 871 2280 926; x_wconf 84' lang='lat' dir='ltr'><strong>proce-</strong></span> 
     </span>
    </p>
   </div>
   <div class='ocr_carea' id='block_1_9' title="bbox 706 941 2285 1015">
    <p class='ocr_par' dir='ltr' id='par_1_9' title="bbox 706 941 2285 1015">
     <span class='ocr_line' id='line_1_9' title="bbox 706 941 2285 1015; baseline 0.003 -19"><span class='ocrx_word' id='word_1_65' title='bbox 706 941 840 996; x_wconf 81' lang='lat' dir='ltr'><strong>dens</strong></span> <span class='ocrx_word' id='word_1_66' title='bbox 872 941 938 996; x_wconf 92' lang='lat' dir='ltr'><strong>ad</strong></span> <span class='ocrx_word' id='word_1_67' title='bbox 971 941 1239 1008; x_wconf 87' lang='lat' dir='ltr'><strong>alterum;</strong></span> <span class='ocrx_word' id='word_1_68' title='bbox 1275 943 1384 997; x_wconf 89' lang='lat' dir='ltr'><strong>duo</strong></span> <span class='ocrx_word' id='word_1_69' title='bbox 1411 950 1540 997; x_wconf 89' lang='lat' dir='ltr'><strong>sunt</strong></span> <span class='ocrx_word' id='word_1_70' title='bbox 1569 959 1766 1014; x_wconf 84' lang='lat' dir='ltr'><strong>genera</strong></span> <span class='ocrx_word' id='word_1_71' title='bbox 1798 945 2070 1015; x_wconf 86' lang='lat' dir='ltr'><strong>ejusmodi</strong></span> <span class='ocrx_word' id='word_1_72' title='bbox 2105 956 2285 1002; x_wconf 83' lang='lat' dir='ltr'><strong>muta-</strong></span> 
     </span>
    </p>
   </div>
   <div class='ocr_carea' id='block_1_10' title="bbox 707 1033 2280 1104">
    <p class='ocr_par' dir='ltr' id='par_1_10' title="bbox 707 1033 2280 1104">
     <span class='ocr_line' id='line_1_10' title="bbox 707 1033 2280 1104; baseline 0.003 -16"><span class='ocrx_word' id='word_1_73' title='bbox 707 1033 910 1088; x_wconf 89' lang='lat' dir='ltr'><strong>tionis:</strong></span> <span class='ocrx_word' id='word_1_74' title='bbox 954 1047 1122 1086; x_wconf 89' lang='lat' dir='ltr'><strong>unum</strong></span> <span class='ocrx_word' id='word_1_75' title='bbox 1155 1033 1376 1102; x_wconf 89' lang='lat' dir='ltr'><strong>quidem</strong></span> <span class='ocrx_word' id='word_1_76' title='bbox 1426 1033 1575 1102; x_wconf 89' lang='lat' dir='ltr'><strong>quod</strong></span> <span class='ocrx_word' id='word_1_77' title='bbox 1623 1049 1838 1104; x_wconf 88' lang='lat' dir='ltr'><strong>semper</strong></span> <span class='ocrx_word' id='word_1_78' title='bbox 1872 1035 1930 1090; x_wconf 86' lang='lat' dir='ltr'><strong>lit</strong></span> <span class='ocrx_word' id='word_1_79' title='bbox 1962 1037 2028 1093; x_wconf 91' lang='lat' dir='ltr'><strong>ad</strong></span> <span class='ocrx_word' id='word_1_80' title='bbox 2053 1039 2280 1103; x_wconf 89' lang='lat' dir='ltr'><strong>bonum,</strong></span> 
     </span>
    </p>
   </div>
   <div class='ocr_carea' id='block_1_11' title="bbox 706 1125 2280 1200">
    <p class='ocr_par' dir='ltr' id='par_1_11' title="bbox 706 1125 2280 1200">
     <span class='ocr_line' id='line_1_11' title="bbox 706 1125 2280 1200; baseline 0.005 -22"><span class='ocrx_word' id='word_1_81' title='bbox 706 1125 760 1178; x_wconf 91' lang='lat' dir='ltr'><strong>in</strong></span> <span class='ocrx_word' id='word_1_82' title='bbox 795 1139 905 1194; x_wconf 88' lang='lat' dir='ltr'><strong>quo</strong></span> <span class='ocrx_word' id='word_1_83' title='bbox 955 1132 1158 1180; x_wconf 87' lang='lat' dir='ltr'><strong>statum</strong></span> <span class='ocrx_word' id='word_1_84' title='bbox 1212 1140 1319 1178; x_wconf 93' lang='lat' dir='ltr'><strong>non</strong></span> <span class='ocrx_word' id='word_1_85' title='bbox 1371 1125 1532 1180; x_wconf 87' lang='lat' dir='ltr'><strong>habet</strong></span> <span class='ocrx_word' id='word_1_86' title='bbox 1582 1141 1927 1197; x_wconf 84' lang='lat' dir='ltr'><strong>progressus,</strong></span> <span class='ocrx_word' id='word_1_87' title='bbox 1993 1138 2280 1200; x_wconf 86' lang='lat' dir='ltr'><strong>propterea</strong></span> 
     </span>
    </p>
   </div>
   <div class='ocr_carea' id='block_1_12' title="bbox 705 1215 2280 1292">
    <p class='ocr_par' dir='ltr' id='par_1_12' title="bbox 705 1215 2280 1292">
     <span class='ocr_line' id='line_1_12' title="bbox 705 1215 2280 1292; baseline 0.006 -24"><span class='ocrx_word' id='word_1_88' title='bbox 705 1215 850 1284; x_wconf 91' lang='lat' dir='ltr'><strong>quod</strong></span> <span class='ocrx_word' id='word_1_89' title='bbox 896 1230 998 1270; x_wconf 90' lang='lat' dir='ltr'><strong>nec</strong></span> <span class='ocrx_word' id='word_1_90' title='bbox 1025 1215 1508 1285; x_wconf 83' lang='lat' dir='ltr'><strong>comprehenditur</strong></span> <span class='ocrx_word' id='word_1_91' title='bbox 1543 1216 1762 1285; x_wconf 87' lang='lat' dir='ltr'><strong>quidem</strong></span> <span class='ocrx_word' id='word_1_92' title='bbox 1815 1219 1937 1275; x_wconf 83' lang='lat' dir='ltr'><strong>linis</strong></span> <span class='ocrx_word' id='word_1_93' title='bbox 1980 1221 2100 1290; x_wconf 85' lang='lat' dir='ltr'><strong>ejus</strong></span> <span class='ocrx_word' id='word_1_94' title='bbox 2135 1223 2280 1292; x_wconf 91' lang='lat' dir='ltr'><strong>quod</strong></span> 
     </span>
    </p>
   </div>
   <div class='ocr_carea' id='block_1_13' title="bbox 706 1306 2282 1382">
    <p class='ocr_par' dir='ltr' id='par_1_13' title="bbox 706 1306 2282 1382">
     <span class='ocr_line' id='line_1_13' title="bbox 706 1306 2282 1382; baseline 0.006 -22"><span class='ocrx_word' id='word_1_95' title='bbox 706 1306 938 1372; x_wconf 88' lang='lat' dir='ltr'><strong>transit;</strong></span> <span class='ocrx_word' id='word_1_96' title='bbox 970 1306 1200 1360; x_wconf 90' lang='lat' dir='ltr'><strong>alterum</strong></span> <span class='ocrx_word' id='word_1_97' title='bbox 1238 1314 1418 1361; x_wconf 89' lang='lat' dir='ltr'><strong>autem</strong></span> <span class='ocrx_word' id='word_1_98' title='bbox 1465 1309 1532 1361; x_wconf 90' lang='lat' dir='ltr'><strong>ad</strong></span> <span class='ocrx_word' id='word_1_99' title='bbox 1564 1311 1924 1376; x_wconf 87' lang='lat' dir='ltr'><strong>contrarium,</strong></span> <span class='ocrx_word' id='word_1_100' title='bbox 1959 1314 2116 1382; x_wconf 89' lang='lat' dir='ltr'><strong>cujus</strong></span> <span class='ocrx_word' id='word_1_101' title='bbox 2150 1315 2282 1369; x_wconf 89' lang='lat' dir='ltr'><strong>sub-</strong></span> 
     </span>
    </p>
   </div>
   <div class='ocr_carea' id='block_1_14' title="bbox 706 1398 2277 1472">
    <p class='ocr_par' dir='ltr' id='par_1_14' title="bbox 706 1398 2277 1472">
     <span class='ocr_line' id='line_1_14' title="bbox 706 1398 2277 1472; baseline 0.005 -20"><span class='ocrx_word' id='word_1_102' title='bbox 706 1398 906 1452; x_wconf 85' lang='lat' dir='ltr'><strong>stantia</strong></span> <span class='ocrx_word' id='word_1_103' title='bbox 940 1407 1024 1454; x_wconf 82' lang='lat' dir='ltr'><strong>est</strong></span> <span class='ocrx_word' id='word_1_104' title='bbox 1051 1399 1105 1452; x_wconf 92' lang='lat' dir='ltr'><strong>in</strong></span> <span class='ocrx_word' id='word_1_105' title='bbox 1135 1398 1238 1453; x_wconf 92' lang='lat' dir='ltr'><strong>hoc</strong></span> <span class='ocrx_word' id='word_1_106' title='bbox 1283 1399 1428 1469; x_wconf 88' lang='lat' dir='ltr'><strong>quod</strong></span> <span class='ocrx_word' id='word_1_107' title='bbox 1468 1415 1577 1454; x_wconf 90' lang='lat' dir='ltr'><strong>non</strong></span> <span class='ocrx_word' id='word_1_108' title='bbox 1610 1403 1897 1457; x_wconf 87' lang='lat' dir='ltr'><strong>consistat.</strong></span> <span class='ocrx_word' id='word_1_109' title='bbox 1930 1401 2062 1458; x_wconf 87' lang='lat' dir='ltr'><strong>Boni</strong></span> <span class='ocrx_word' id='word_1_110' title='bbox 2109 1406 2277 1472; x_wconf 91' lang='lat' dir='ltr'><strong>enim,</strong></span> 
     </span>
    </p>
   </div>
   <div class='ocr_carea' id='block_1_15' title="bbox 704 1489 2277 1565">
    <p class='ocr_par' dir='ltr' id='par_1_15' title="bbox 704 1489 2277 1565">
     <span class='ocr_line' id='line_1_15' title="bbox 704 1489 2277 1565; baseline 0.004 -21"><span class='ocrx_word' id='word_1_111' title='bbox 704 1489 848 1544; x_wconf 84' lang='lat' dir='ltr'><strong>sicut</strong></span> <span class='ocrx_word' id='word_1_112' title='bbox 895 1489 1048 1559; x_wconf 91' lang='lat' dir='ltr'><strong>prius</strong></span> <span class='ocrx_word' id='word_1_113' title='bbox 1094 1489 1301 1545; x_wconf 89' lang='lat' dir='ltr'><strong>dictum</strong></span> <span class='ocrx_word' id='word_1_114' title='bbox 1344 1499 1450 1557; x_wconf 88' lang='lat' dir='ltr'><strong>est,</strong></span> <span class='ocrx_word' id='word_1_115' title='bbox 1503 1499 1558 1545; x_wconf 88' lang='lat' dir='ltr'><strong>et</strong></span> <span class='ocrx_word' id='word_1_116' title='bbox 1588 1492 1848 1546; x_wconf 86' lang='lat' dir='ltr'><strong>contrarii</strong></span> <span class='ocrx_word' id='word_1_117' title='bbox 1898 1497 2277 1565; x_wconf 85' lang='lat' dir='ltr'><strong>repugnantia,</strong></span> 
     </span>
    </p>
   </div>
   <div class='ocr_carea' id='block_1_16' title="bbox 704 1581 2280 1651">
    <p class='ocr_par' dir='ltr' id='par_1_16' title="bbox 704 1581 2280 1651">
     <span class='ocr_line' id='line_1_16' title="bbox 704 1581 2280 1651; baseline 0.005 -17"><span class='ocrx_word' id='word_1_118' title='bbox 704 1581 868 1636; x_wconf 90' lang='lat' dir='ltr'><strong>talem</strong></span> <span class='ocrx_word' id='word_1_119' title='bbox 903 1581 1045 1636; x_wconf 88' lang='lat' dir='ltr'><strong>inter</strong></span> <span class='ocrx_word' id='word_1_120' title='bbox 1076 1597 1135 1638; x_wconf 90' lang='lat' dir='ltr'><strong>se</strong></span> <span class='ocrx_word' id='word_1_121' title='bbox 1180 1583 1342 1636; x_wconf 87' lang='lat' dir='ltr'><strong>habet</strong></span> <span class='ocrx_word' id='word_1_122' title='bbox 1373 1583 1805 1651; x_wconf 83' lang='lat' dir='ltr'><strong>distinctionem,</strong></span> <span class='ocrx_word' id='word_1_123' title='bbox 1854 1593 1913 1639; x_wconf 88' lang='lat' dir='ltr'><strong>ut</strong></span> <span class='ocrx_word' id='word_1_124' title='bbox 1947 1587 2182 1642; x_wconf 90' lang='lat' dir='ltr'><strong>dicimus</strong></span> <span class='ocrx_word' id='word_1_125' title='bbox 2225 1586 2280 1643; x_wconf 91' lang='lat' dir='ltr'><strong>id</strong></span> 
     </span>
    </p>
   </div>
   <div class='ocr_carea' id='block_1_17' title="bbox 703 1673 2277 1746">
    <p class='ocr_par' dir='ltr' id='par_1_17' title="bbox 703 1673 2277 1746">
     <span class='ocr_line' id='line_1_17' title="bbox 703 1673 2277 1746; baseline 0.004 -20"><span class='ocrx_word' id='word_1_126' title='bbox 703 1673 849 1742; x_wconf 93' lang='lat' dir='ltr'><strong>quod</strong></span> <span class='ocrx_word' id='word_1_127' title='bbox 884 1682 988 1738; x_wconf 91' lang='lat' dir='ltr'><strong>est,</strong></span> <span class='ocrx_word' id='word_1_128' title='bbox 1041 1674 1110 1728; x_wconf 91' lang='lat' dir='ltr'><strong>ab</strong></span> <span class='ocrx_word' id='word_1_129' title='bbox 1139 1689 1206 1729; x_wconf 91' lang='lat' dir='ltr'><strong>eo</strong></span> <span class='ocrx_word' id='word_1_130' title='bbox 1232 1673 1378 1744; x_wconf 91' lang='lat' dir='ltr'><strong>quod</strong></span> <span class='ocrx_word' id='word_1_131' title='bbox 1412 1690 1519 1729; x_wconf 90' lang='lat' dir='ltr'><strong>non</strong></span> <span class='ocrx_word' id='word_1_132' title='bbox 1553 1683 1637 1730; x_wconf 88' lang='lat' dir='ltr'><strong>est</strong></span> <span class='ocrx_word' id='word_1_133' title='bbox 1688 1684 1945 1746; x_wconf 91' lang='lat' dir='ltr'><strong>tanquam</strong></span> <span class='ocrx_word' id='word_1_134' title='bbox 1991 1677 2277 1733; x_wconf 89' lang='lat' dir='ltr'><strong>adversum</strong></span> 
     </span>
    </p>
   </div>
   <div class='ocr_carea' id='block_1_18' title="bbox 2385 484 3887 560">
    <p class='ocr_par' dir='ltr' id='par_1_18' title="bbox 2385 484 3887 560">
     <span class='ocr_line' id='line_1_18' title="bbox 2385 484 3887 560; baseline -0.002 -18"><span class='ocrx_word' id='word_1_135' title='bbox 2385 488 2461 560; x_wconf 82' lang='grc' dir='ltr'><strong>τῷ</strong></span> <span class='ocrx_word' id='word_1_136' title='bbox 2483 489 2545 541; x_wconf 82' lang='grc' dir='ltr'><strong>τὸ</strong></span> <span class='ocrx_word' id='word_1_137' title='bbox 2576 490 2672 559; x_wconf 76' lang='grc' dir='ltr'><strong>μὲν</strong></span> <span class='ocrx_word' id='word_1_138' title='bbox 2716 489 2981 557; x_wconf 77' lang='grc' dir='ltr'><strong>ἄτρεπτον</strong></span> <span class='ocrx_word' id='word_1_139' title='bbox 3027 484 3162 540; x_wconf 83' lang='grc' dir='ltr'>εἶναι</span> <span class='ocrx_word' id='word_1_140' title='bbox 3193 489 3257 558; x_wconf 82' lang='grc' dir='ltr'>τῇ</span> <span class='ocrx_word' id='word_1_141' title='bbox 3303 487 3480 556; x_wconf 85' lang='grc' dir='ltr'>φύσει,</span> <span class='ocrx_word' id='word_1_142' title='bbox 3510 487 3569 540; x_wconf 82' lang='grc' dir='ltr'><strong>τὸ</strong></span> <span class='ocrx_word' id='word_1_143' title='bbox 3596 487 3653 539; x_wconf 84' lang='grc' dir='ltr'>δὲ</span> <span class='ocrx_word' id='word_1_144' title='bbox 3683 488 3760 558; x_wconf 83' lang='grc' dir='ltr'>μὴ</span> <span class='ocrx_word' id='word_1_145' title='bbox 3788 486 3887 540; x_wconf 78' lang='grc' dir='ltr'>οὔτ</span> 
     </span>
    </p>
   </div>
   <div class='ocr_carea' id='block_1_19' title="bbox 2385 577 3888 650">
    <p class='ocr_par' dir='ltr' id='par_1_19' title="bbox 2385 577 3888 650">
     <span class='ocr_line' id='line_1_19' title="bbox 2385 577 3888 650; baseline -0.001 -18"><span class='ocrx_word' id='word_1_146' title='bbox 2385 579 2548 650; x_wconf 81' lang='grc' dir='ltr'>ἐχειν,</span> <span class='ocrx_word' id='word_1_147' title='bbox 2587 578 2722 631; x_wconf 71' lang='grc' dir='ltr'>ἀλλὰ</span> <span class='ocrx_word' id='word_1_148' title='bbox 2765 579 2833 631; x_wconf 87' lang='grc' dir='ltr'>δι’</span> <span class='ocrx_word' id='word_1_149' title='bbox 2863 577 3197 641; x_wconf 83' lang='grc' dir='ltr'>ἀλλοιώσεως</span> <span class='ocrx_word' id='word_1_150' title='bbox 3232 579 3328 648; x_wconf 83' lang='grc' dir='ltr'><strong>μὲν</strong></span> <span class='ocrx_word' id='word_1_151' title='bbox 3360 579 3657 650; x_wconf 77' lang='grc' dir='ltr'><strong>ὑποστῆναι</strong></span> <span class='ocrx_word' id='word_1_152' title='bbox 3695 578 3844 632; x_wconf 84' lang='grc' dir='ltr'><strong>κατά</strong></span> <span class='ocrx_word' id='word_1_153' title='bbox 3871 596 3888 630; x_wconf 78' lang='grc' dir='ltr'>’ί</span> 
     </span>
    </p>
   </div>
   <div class='ocr_carea' id='block_1_20' title="bbox 2383 666 3888 738">
    <p class='ocr_par' dir='ltr' id='par_1_20' title="bbox 2383 666 3888 738">
     <span class='ocr_line' id='line_1_20' title="bbox 2383 666 3888 738; baseline 0.001 -18"><span class='ocrx_word' id='word_1_154' title='bbox 2383 666 2711 720; x_wconf 83' lang='grc' dir='ltr'>ἀποδοθέντα</span> <span class='ocrx_word' id='word_1_155' title='bbox 2754 666 2908 734; x_wconf 89' lang='grc' dir='ltr'>λόγον</span> <span class='ocrx_word' id='word_1_156' title='bbox 2939 683 2954 698; x_wconf 65' lang='grc' dir='ltr'>θ</span> <span class='ocrx_word' id='word_1_157' title='bbox 3013 666 3387 738; x_wconf 79' lang='grc' dir='ltr'>ἀλλοιούμενον</span> <span class='ocrx_word' id='word_1_158' title='bbox 3425 666 3482 719; x_wconf 77' lang='grc' dir='ltr'>δὲ</span> <span class='ocrx_word' id='word_1_159' title='bbox 3527 667 3765 729; x_wconf 85' lang='grc' dir='ltr'>πάντως.</span> <span class='ocrx_word' id='word_1_160' title='bbox 3799 669 3888 721; x_wconf 71' lang='grc' dir='ltr'>ἐν’</span> 
     </span>
    </p>
   </div>
   <div class='ocr_carea' id='block_1_21' title="bbox 2384 755 3888 830">
    <p class='ocr_par' dir='ltr' id='par_1_21' title="bbox 2384 755 3888 830">
     <span class='ocr_line' id='line_1_21' title="bbox 2384 755 3888 830; baseline -0.001 -19"><span class='ocrx_word' id='word_1_161' title='bbox 2384 755 2522 812; x_wconf 81' lang='grc' dir='ltr'>εἶναι</span> <span class='ocrx_word' id='word_1_162' title='bbox 2552 758 2793 828; x_wconf 87' lang='grc' dir='ltr'>μίμημα,</span> <span class='ocrx_word' id='word_1_163' title='bbox 2827 759 2858 828; x_wconf 87' lang='grc' dir='ltr'>ἡ</span> <span class='ocrx_word' id='word_1_164' title='bbox 2886 757 2942 810; x_wconf 85' lang='grc' dir='ltr'><strong>δὲ</strong></span> <span class='ocrx_word' id='word_1_165' title='bbox 2979 758 3261 822; x_wconf 77' lang='grc' dir='ltr'><strong>ἀλλοίωσις</strong></span> <span class='ocrx_word' id='word_1_166' title='bbox 3307 758 3519 830; x_wconf 83' lang='grc' dir='ltr'>κίνησίς</span> <span class='ocrx_word' id='word_1_167' title='bbox 3555 760 3703 812; x_wconf 89' lang='grc' dir='ltr'>ἐστιν</span> <span class='ocrx_word' id='word_1_168' title='bbox 3734 761 3816 821; x_wconf 76' lang='grc' dir='ltr'><strong>είς</strong></span> <span class='ocrx_word' id='word_1_169' title='bbox 3847 759 3888 810; x_wconf 71' lang='grc' dir='ltr'><strong>ἕι</strong></span> 
     </span>
    </p>
   </div>
   <div class='ocr_carea' id='block_1_22' title="bbox 2387 842 3888 921">
    <p class='ocr_par' dir='ltr' id='par_1_22' title="bbox 2387 842 3888 921">
     <span class='ocr_line' id='line_1_22' title="bbox 2387 842 3888 921; baseline -0.001 -19"><span class='ocrx_word' id='word_1_170' title='bbox 2387 867 2476 921; x_wconf 89' lang='grc' dir='ltr'><strong>ρον</strong></span> <span class='ocrx_word' id='word_1_171' title='bbox 2503 849 2611 902; x_wconf 82' lang='grc' dir='ltr'><strong>ἀπὸ</strong></span> <span class='ocrx_word' id='word_1_172' title='bbox 2637 849 2730 901; x_wconf 86' lang='grc' dir='ltr'><strong>τοῦ</strong></span> <span class='ocrx_word' id='word_1_173' title='bbox 2761 850 2816 901; x_wconf 87' lang='grc' dir='ltr'><strong>ἐν</strong></span> <span class='ocrx_word' id='word_1_174' title='bbox 2848 842 2892 916; x_wconf 81' lang='grc' dir='ltr'>ᾧ</span> <span class='ocrx_word' id='word_1_175' title='bbox 2923 850 3069 902; x_wconf 88' lang='grc' dir='ltr'>ἐστιν</span> <span class='ocrx_word' id='word_1_176' title='bbox 3113 849 3286 902; x_wconf 76' lang='grc' dir='ltr'>εἰσαεϊ</span> <span class='ocrx_word' id='word_1_177' title='bbox 3330 849 3591 920; x_wconf 80' lang='grc' dir='ltr'><strong>προϊοῦσα</strong></span> <span class='ocrx_word' id='word_1_178' title='bbox 3620 866 3633 879; x_wconf 91' lang='grc'><strong>·</strong></span> <span class='ocrx_word' id='word_1_179' title='bbox 3681 848 3775 902; x_wconf 92' lang='grc' dir='ltr'><strong>δύο</strong></span> <span class='ocrx_word' id='word_1_180' title='bbox 3815 849 3888 901; x_wconf 87' lang='grc' dir='ltr'>λέ·</span> 
     </span>
    </p>
   </div>
   <div class='ocr_carea' id='block_1_23' title="bbox 2381 939 3888 1012">
    <p class='ocr_par' dir='ltr' id='par_1_23' title="bbox 2381 939 3888 1012">
     <span class='ocr_line' id='line_1_23' title="bbox 2381 939 3888 1012; baseline -0.001 -18"><span class='ocrx_word' id='word_1_181' title='bbox 2381 941 2479 1012; x_wconf 84' lang='grc' dir='ltr'><strong>τῆς</strong></span> <span class='ocrx_word' id='word_1_182' title='bbox 2501 940 2752 1012; x_wconf 79' lang='grc' dir='ltr'><strong>τοιαύτης</strong></span> <span class='ocrx_word' id='word_1_183' title='bbox 2782 941 2895 1011; x_wconf 77' lang='grc' dir='ltr'>εἴδη</span> <span class='ocrx_word' id='word_1_184' title='bbox 2937 941 3234 1010; x_wconf 84' lang='grc' dir='ltr'>κινήσεως·</span> <span class='ocrx_word' id='word_1_185' title='bbox 3277 939 3338 992; x_wconf 75' lang='grc' dir='ltr'>τὸ</span> <span class='ocrx_word' id='word_1_186' title='bbox 3373 941 3470 1010; x_wconf 89' lang='grc' dir='ltr'><strong>μέν</strong></span> <span class='ocrx_word' id='word_1_187' title='bbox 3497 940 3634 1011; x_wconf 75' lang='grc' dir='ltr'>πρὸς</span> <span class='ocrx_word' id='word_1_188' title='bbox 3661 941 3722 994; x_wconf 84' lang='grc' dir='ltr'><strong>τὸ</strong></span> <span class='ocrx_word' id='word_1_189' title='bbox 3757 941 3888 1010; x_wconf 82' lang='grc' dir='ltr'>ἀγα(</span> 
     </span>
    </p>
   </div>
   <div class='ocr_carea' id='block_1_24' title="bbox 2382 1026 3888 1102">
    <p class='ocr_par' dir='ltr' id='par_1_24' title="bbox 2382 1026 3888 1102">
     <span class='ocr_line' id='line_1_24' title="bbox 2382 1026 3888 1102; baseline -0.002 -17"><span class='ocrx_word' id='word_1_190' title='bbox 2382 1032 2468 1086; x_wconf 75' lang='grc' dir='ltr'><strong>ἀεὶ</strong></span> <span class='ocrx_word' id='word_1_191' title='bbox 2501 1033 2838 1102; x_wconf 88' lang='grc' dir='ltr'>γιγνόμενον,</span> <span class='ocrx_word' id='word_1_192' title='bbox 2875 1034 2932 1086; x_wconf 87' lang='grc' dir='ltr'><strong>ἐν</strong></span> <span class='ocrx_word' id='word_1_193' title='bbox 2959 1026 3002 1100; x_wconf 82' lang='grc' dir='ltr'><strong>ᾧ</strong></span> <span class='ocrx_word' id='word_1_194' title='bbox 3045 1032 3266 1102; x_wconf 79' lang='grc' dir='ltr'>πρόοδος</span> <span class='ocrx_word' id='word_1_195' title='bbox 3297 1033 3483 1085; x_wconf 79' lang='grc' dir='ltr'>στάσιν</span> <span class='ocrx_word' id='word_1_196' title='bbox 3509 1035 3607 1085; x_wconf 89' lang='grc' dir='ltr'><strong>ούκ</strong></span> <span class='ocrx_word' id='word_1_197' title='bbox 3653 1032 3787 1102; x_wconf 75' lang='grc' dir='ltr'>ἔχει,</span> <span class='ocrx_word' id='word_1_198' title='bbox 3824 1031 3888 1084; x_wconf 80' lang='grc' dir='ltr'><strong>διι</strong></span> 
     </span>
    </p>
   </div>
   <div class='ocr_carea' id='block_1_25' title="bbox 2382 1119 3838 1193">
    <p class='ocr_par' dir='ltr' id='par_1_25' title="bbox 2382 1119 3838 1193">
     <span class='ocr_line' id='line_1_25' title="bbox 2382 1119 3838 1193; baseline 0 -19"><span class='ocrx_word' id='word_1_199' title='bbox 2382 1121 2555 1193; x_wconf 81' lang='grc' dir='ltr'>πέρας</span> <span class='ocrx_word' id='word_1_200' title='bbox 2601 1122 2720 1174; x_wconf 88' lang='grc' dir='ltr'>ούδὲ</span> <span class='ocrx_word' id='word_1_201' title='bbox 2748 1119 2842 1174; x_wconf 85' lang='grc' dir='ltr'><strong>τοῦ</strong></span> <span class='ocrx_word' id='word_1_202' title='bbox 2875 1121 3303 1190; x_wconf 81' lang='grc' dir='ltr'>διεξοδευομένου</span> <span class='ocrx_word' id='word_1_203' title='bbox 3337 1120 3838 1192; x_wconf 85' lang='grc' dir='ltr'>καταλαμϐάνεται.</span> 
     </span>
    </p>
   </div>
   <div class='ocr_carea' id='block_1_26' title="bbox 2380 1208 3888 1283">
    <p class='ocr_par' dir='ltr' id='par_1_26' title="bbox 2380 1208 3888 1283">
     <span class='ocr_line' id='line_1_26' title="bbox 2380 1208 3888 1283; baseline -0.001 -18"><span class='ocrx_word' id='word_1_204' title='bbox 2380 1212 2436 1265; x_wconf 83' lang='grc' dir='ltr'>δὲ</span> <span class='ocrx_word' id='word_1_205' title='bbox 2463 1212 2597 1283; x_wconf 79' lang='grc' dir='ltr'>πρὸς</span> <span class='ocrx_word' id='word_1_206' title='bbox 2622 1212 2683 1264; x_wconf 77' lang='grc' dir='ltr'>τὸ</span> <span class='ocrx_word' id='word_1_207' title='bbox 2714 1213 2973 1278; x_wconf 87' lang='grc' dir='ltr'>ἐναντίον,</span> <span class='ocrx_word' id='word_1_208' title='bbox 3008 1208 3068 1266; x_wconf 76' lang='grc' dir='ltr'><strong>οῦ</strong></span> <span class='ocrx_word' id='word_1_209' title='bbox 3100 1213 3394 1274; x_wconf 79' lang='grc' dir='ltr'>ὑπόστασις</span> <span class='ocrx_word' id='word_1_210' title='bbox 3423 1214 3480 1265; x_wconf 86' lang='grc' dir='ltr'><strong>ἐν</strong></span> <span class='ocrx_word' id='word_1_211' title='bbox 3509 1212 3586 1282; x_wconf 79' lang='grc' dir='ltr'>τῷ</span> <span class='ocrx_word' id='word_1_212' title='bbox 3612 1212 3686 1283; x_wconf 79' lang='grc' dir='ltr'>μὴ</span> <span class='ocrx_word' id='word_1_213' title='bbox 3724 1214 3888 1282; x_wconf 81' lang='grc' dir='ltr'>ύφεσι</span> 
     </span>
    </p>
   </div>
   <div class='ocr_carea' id='block_1_27' title="bbox 2381 1303 3887 1376">
    <p class='ocr_par' dir='ltr' id='par_1_27' title="bbox 2381 1303 3887 1376">
     <span class='ocr_line' id='line_1_27' title="bbox 2381 1303 3887 1376; baseline 0.001 -21"><span class='ocrx_word' id='word_1_214' title='bbox 2381 1320 2468 1358; x_wconf 89' lang='grc' dir='ltr'><strong>ναι</strong></span> <span class='ocrx_word' id='word_1_215' title='bbox 2507 1305 2670 1359; x_wconf 88' lang='grc' dir='ltr'>ἐστίν.</span> <span class='ocrx_word' id='word_1_216' title='bbox 2718 1305 2780 1357; x_wconf 87' lang='lat' dir='ltr'><strong>&#39;H</strong></span> <span class='ocrx_word' id='word_1_217' title='bbox 2824 1305 2933 1376; x_wconf 76' lang='grc' dir='ltr'>γὰρ</span> <span class='ocrx_word' id='word_1_218' title='bbox 2981 1303 3074 1358; x_wconf 88' lang='grc' dir='ltr'><strong>τοῦ</strong></span> <span class='ocrx_word' id='word_1_219' title='bbox 3121 1303 3326 1374; x_wconf 80' lang='grc' dir='ltr'>ἀγαθοῦ</span> <span class='ocrx_word' id='word_1_220' title='bbox 3376 1304 3726 1371; x_wconf 83' lang='grc' dir='ltr'>ἐναντίωσις,</span> <span class='ocrx_word' id='word_1_221' title='bbox 3776 1304 3887 1357; x_wconf 85' lang='grc' dir='ltr'><strong>καθ</strong></span> 
     </span>
    </p>
   </div>
   <div class='ocr_carea' id='block_1_28' title="bbox 2381 1394 3888 1468">
    <p class='ocr_par' dir='ltr' id='par_1_28' title="bbox 2381 1394 3888 1468">
     <span class='ocr_line' id='line_1_28' title="bbox 2381 1394 3888 1468; baseline 0 -20"><span class='ocrx_word' id='word_1_222' title='bbox 2381 1394 2687 1467; x_wconf 76' lang='grc' dir='ltr'>ἔμπροσθεν</span> <span class='ocrx_word' id='word_1_223' title='bbox 2713 1398 2946 1468; x_wconf 75' lang='grc' dir='ltr'>εἴρηται,</span> <span class='ocrx_word' id='word_1_224' title='bbox 2973 1395 3210 1450; x_wconf 89' lang='grc' dir='ltr'>τοιοῦτόν</span> <span class='ocrx_word' id='word_1_225' title='bbox 3241 1413 3360 1449; x_wconf 89' lang='grc' dir='ltr'>τινα</span> <span class='ocrx_word' id='word_1_226' title='bbox 3386 1395 3506 1449; x_wconf 87' lang='grc' dir='ltr'>νοῦν</span> <span class='ocrx_word' id='word_1_227' title='bbox 3537 1396 3677 1449; x_wconf 85' lang='grc' dir='ltr'><strong>κατά</strong></span> <span class='ocrx_word' id='word_1_228' title='bbox 3707 1397 3806 1468; x_wconf 79' lang='grc' dir='ltr'>τὴν</span> <span class='ocrx_word' id='word_1_229' title='bbox 3839 1398 3888 1450; x_wconf 86' lang='grc' dir='ltr'><strong>δι</strong></span> 
     </span>
    </p>
   </div>
   <div class='ocr_carea' id='block_1_29' title="bbox 2383 1489 3888 1560">
    <p class='ocr_par' dir='ltr' id='par_1_29' title="bbox 2383 1489 3888 1560">
     <span class='ocr_line' id='line_1_29' title="bbox 2383 1489 3888 1560; baseline 0 -19"><span class='ocrx_word' id='word_1_230' title='bbox 2383 1489 2576 1560; x_wconf 84' lang='grc' dir='ltr'>στολὴν</span> <span class='ocrx_word' id='word_1_231' title='bbox 2601 1489 2736 1560; x_wconf 80' lang='grc' dir='ltr'>ἔχει,</span> <span class='ocrx_word' id='word_1_232' title='bbox 2766 1489 3018 1560; x_wconf 86' lang='grc' dir='ltr'>καθάπερ</span> <span class='ocrx_word' id='word_1_233' title='bbox 3061 1491 3240 1560; x_wconf 82' lang='grc' dir='ltr'>φαμὲν</span> <span class='ocrx_word' id='word_1_234' title='bbox 3265 1489 3342 1560; x_wconf 82' lang='grc' dir='ltr'>τῷ</span> <span class='ocrx_word' id='word_1_235' title='bbox 3373 1489 3446 1558; x_wconf 83' lang='grc' dir='ltr'>μὴ</span> <span class='ocrx_word' id='word_1_236' title='bbox 3471 1489 3583 1542; x_wconf 79' lang='grc' dir='ltr'>δντι</span> <span class='ocrx_word' id='word_1_237' title='bbox 3623 1490 3684 1541; x_wconf 84' lang='grc' dir='ltr'><strong>τὸ</strong></span> <span class='ocrx_word' id='word_1_238' title='bbox 3710 1489 3772 1542; x_wconf 79' lang='grc' dir='ltr'>ὃν</span> <span class='ocrx_word' id='word_1_239' title='bbox 3811 1490 3888 1542; x_wconf 84' lang='grc' dir='ltr'>ἀν·</span> 
     </span>
    </p>
   </div>
   <div class='ocr_carea' id='block_1_30' title="bbox 2379 1578 3888 1651">
    <p class='ocr_par' dir='ltr' id='par_1_30' title="bbox 2379 1578 3888 1651">
     <span class='ocr_line' id='line_1_30' title="bbox 2379 1578 3888 1651; baseline -0.004 -16"><span class='ocrx_word' id='word_1_240' title='bbox 2379 1581 2720 1650; x_wconf 87' lang='grc' dir='ltr'>διαιρεῖσθαι,</span> <span class='ocrx_word' id='word_1_241' title='bbox 2749 1580 2843 1633; x_wconf 71' lang='grc' dir='ltr'><strong>καὶ</strong></span> <span class='ocrx_word' id='word_1_242' title='bbox 2870 1583 2937 1650; x_wconf 83' lang='grc' dir='ltr'>τῇ</span> <span class='ocrx_word' id='word_1_243' title='bbox 2969 1579 3276 1651; x_wconf 77' lang='grc' dir='ltr'>ἀνυπαρξία</span> <span class='ocrx_word' id='word_1_244' title='bbox 3300 1578 3397 1650; x_wconf 77' lang='grc' dir='ltr'>τὴν</span> <span class='ocrx_word' id='word_1_245' title='bbox 3429 1578 3681 1651; x_wconf 75' lang='grc' dir='ltr'>ὕπαρξιν.</span> <span class='ocrx_word' id='word_1_246' title='bbox 3737 1580 3888 1632; x_wconf 69' lang='grc' dir='ltr'>Ἐπεί</span> 
     </span>
    </p>
   </div>
   <div class='ocr_carea' id='block_1_31' title="bbox 2380 1671 3868 1742">
    <p class='ocr_par' dir='ltr' id='par_1_31' title="bbox 2380 1671 3868 1742">
     <span class='ocr_line' id='line_1_31' title="bbox 2380 1671 3868 1742; baseline -0.002 -17"><span class='ocrx_word' id='word_1_247' title='bbox 2380 1673 2557 1726; x_wconf 80' lang='grc' dir='ltr'>τοίνυν</span> <span class='ocrx_word' id='word_1_248' title='bbox 2591 1672 2732 1726; x_wconf 82' lang='grc' dir='ltr'>κατὰ</span> <span class='ocrx_word' id='word_1_249' title='bbox 2765 1673 2862 1742; x_wconf 79' lang='grc' dir='ltr'>τὴν</span> <span class='ocrx_word' id='word_1_250' title='bbox 2887 1671 3128 1742; x_wconf 73' lang='grc' dir='ltr'>τρεπτὴν</span> <span class='ocrx_word' id='word_1_251' title='bbox 3155 1688 3212 1724; x_wconf 89' lang='grc' dir='ltr'><strong>τε</strong></span> <span class='ocrx_word' id='word_1_252' title='bbox 3245 1671 3338 1723; x_wconf 76' lang='grc' dir='ltr'><strong>καὶ</strong></span> <span class='ocrx_word' id='word_1_253' title='bbox 3368 1671 3660 1740; x_wconf 82' lang='grc' dir='ltr'>ἀλλοιωτὴν</span> <span class='ocrx_word' id='word_1_254' title='bbox 3686 1673 3868 1742; x_wconf 84' lang='grc' dir='ltr'>ὁρμήν</span> 
     </span>
    </p>
   </div>
   <div class='ocr_carea' id='block_1_32' title="bbox 704 1747 2312 1836">
    <p class='ocr_par' dir='ltr' id='par_1_32' title="bbox 704 1749 2312 1835">
     <span class='ocr_line' id='line_1_32' title="bbox 704 1749 2312 1835; baseline 0.004 -17"><span class='ocrx_word' id='word_1_255' title='bbox 704 1764 986 1834; x_wconf 81' lang='lat' dir='ltr'><strong>distingui,</strong></span> <span class='ocrx_word' id='word_1_256' title='bbox 1033 1774 1088 1820; x_wconf 91' lang='lat' dir='ltr'><strong>et</strong></span> <span class='ocrx_word' id='word_1_257' title='bbox 1137 1764 1500 1821; x_wconf 87' lang='lat' dir='ltr'><strong>substantiam</strong></span> <span class='ocrx_word' id='word_1_258' title='bbox 1547 1782 1576 1820; x_wconf 88' lang='lat' dir='ltr'><strong>a</strong></span> <span class='ocrx_word' id='word_1_259' title='bbox 1617 1782 1726 1821; x_wconf 92' lang='lat' dir='ltr'><strong>non</strong></span> <span class='ocrx_word' id='word_1_260' title='bbox 1771 1768 2096 1823; x_wconf 87' lang='lat' dir='ltr'><strong>substantia.</strong></span> <span class='ocrx_word' id='word_1_261' title='bbox 2130 1749 2312 1835; x_wconf 6' lang='lat' dir='ltr'><strong>Quo-i</strong></span> 
     </span>
    </p>
   </div>
   <div class='ocr_carea' id='block_1_33' title="bbox 2279 1747 3887 1836">
    <p class='ocr_par' dir='ltr' id='par_1_33' title="bbox 2310 1747 3887 1836">
     <span class='ocr_line' id='line_1_33' title="bbox 2310 1747 3887 1836; baseline -0.002 -17"><span class='ocrx_word' id='word_1_262' title='bbox 2310 1747 2354 1802; x_wconf 76' lang='grc' dir='ltr'>Β</span> <span class='ocrx_word' id='word_1_263' title='bbox 2383 1767 2477 1820; x_wconf 72' lang='grc' dir='ltr'><strong>καὶ</strong></span> <span class='ocrx_word' id='word_1_264' title='bbox 2517 1766 2766 1836; x_wconf 88' lang='grc' dir='ltr'>κίνησιν,</span> <span class='ocrx_word' id='word_1_265' title='bbox 2811 1767 2910 1818; x_wconf 82' lang='grc' dir='ltr'><strong>οὐκ</strong></span> <span class='ocrx_word' id='word_1_266' title='bbox 2959 1765 3230 1835; x_wconf 82' lang='grc' dir='ltr'>ἐνδέχεται</span> <span class='ocrx_word' id='word_1_267' title='bbox 3270 1765 3370 1836; x_wconf 82' lang='grc' dir='ltr'>τὴν</span> <span class='ocrx_word' id='word_1_268' title='bbox 3417 1764 3575 1834; x_wconf 82' lang='grc' dir='ltr'>φύσιν</span> <span class='ocrx_word' id='word_1_269' title='bbox 3617 1765 3709 1833; x_wconf 79' lang='grc' dir='ltr'>ἀφ’</span> <span class='ocrx_word' id='word_1_270' title='bbox 3758 1767 3887 1818; x_wconf 81' lang='grc' dir='ltr'>ἐαυτ</span> 
     </span>
    </p>
   </div>
   <div class='ocr_carea' id='block_1_34' title="bbox 704 1859 2280 1929">
    <p class='ocr_par' dir='ltr' id='par_1_34' title="bbox 704 1859 2280 1929">
     <span class='ocr_line' id='line_1_34' title="bbox 704 1859 2280 1929; baseline 0.003 -17"><span class='ocrx_word' id='word_1_271' title='bbox 704 1859 850 1912; x_wconf 88' lang='lat' dir='ltr'><strong>niam</strong></span> <span class='ocrx_word' id='word_1_272' title='bbox 881 1874 1012 1928; x_wconf 85' lang='lat' dir='ltr'><strong>ergo</strong></span> <span class='ocrx_word' id='word_1_273' title='bbox 1042 1859 1158 1913; x_wconf 80' lang='lat' dir='ltr'><strong>ﬁeri</strong></span> <span class='ocrx_word' id='word_1_274' title='bbox 1191 1875 1298 1913; x_wconf 92' lang='lat' dir='ltr'><strong>non</strong></span> <span class='ocrx_word' id='word_1_275' title='bbox 1332 1867 1528 1928; x_wconf 88' lang='lat' dir='ltr'><strong>potest,</strong></span> <span class='ocrx_word' id='word_1_276' title='bbox 1565 1869 1626 1914; x_wconf 92' lang='lat' dir='ltr'><strong>ut</strong></span> <span class='ocrx_word' id='word_1_277' title='bbox 1653 1861 1796 1929; x_wconf 94' lang='lat' dir='ltr'><strong>quod</strong></span> <span class='ocrx_word' id='word_1_278' title='bbox 1829 1861 2022 1915; x_wconf 91' lang='lat' dir='ltr'><strong>attinet</strong></span> <span class='ocrx_word' id='word_1_279' title='bbox 2054 1861 2120 1916; x_wconf 90' lang='lat' dir='ltr'><strong>ad</strong></span> <span class='ocrx_word' id='word_1_280' title='bbox 2156 1878 2280 1916; x_wconf 78' lang='lat' dir='ltr'><strong>mu-</strong></span> 
     </span>
    </p>
   </div>
   <div class='ocr_carea' id='block_1_35' title="bbox 701 1949 2280 2016">
    <p class='ocr_par' dir='ltr' id='par_1_35' title="bbox 701 1949 2280 2016">
     <span class='ocr_line' id='line_1_35' title="bbox 701 1949 2280 2016; baseline 0.006 -16"><span class='ocrx_word' id='word_1_281' title='bbox 701 1949 924 2002; x_wconf 84' lang='lat' dir='ltr'><strong>tabilem</strong></span> <span class='ocrx_word' id='word_1_282' title='bbox 951 1957 1005 2003; x_wconf 89' lang='lat' dir='ltr'><strong>et</strong></span> <span class='ocrx_word' id='word_1_283' title='bbox 1031 1949 1366 2004; x_wconf 90' lang='lat' dir='ltr'><strong>alterabilem</strong></span> <span class='ocrx_word' id='word_1_284' title='bbox 1400 1951 1773 2005; x_wconf 87' lang='lat' dir='ltr'><strong>incitationem</strong></span> <span class='ocrx_word' id='word_1_285' title='bbox 1801 1961 1854 2005; x_wconf 91' lang='lat' dir='ltr'><strong>et</strong></span> <span class='ocrx_word' id='word_1_286' title='bbox 1880 1962 2106 2016; x_wconf 91' lang='lat' dir='ltr'><strong>motum,</strong></span> <span class='ocrx_word' id='word_1_287' title='bbox 2139 1953 2193 2006; x_wconf 92' lang='lat' dir='ltr'><strong>in</strong></span> <span class='ocrx_word' id='word_1_288' title='bbox 2220 1968 2280 2009; x_wconf 86' lang='lat' dir='ltr'><strong>se</strong></span> 
     </span>
    </p>
   </div>
   <div class='ocr_carea' id='block_1_36' title="bbox 705 2041 2277 2112">
    <p class='ocr_par' dir='ltr' id='par_1_36' title="bbox 705 2041 2277 2112">
     <span class='ocr_line' id='line_1_36' title="bbox 705 2041 2277 2112; baseline 0.004 -20"><span class='ocrx_word' id='word_1_289' title='bbox 705 2049 900 2093; x_wconf 86' lang='lat' dir='ltr'><strong>natura</strong></span> <span class='ocrx_word' id='word_1_290' title='bbox 938 2050 1156 2094; x_wconf 89' lang='lat' dir='ltr'><strong>maneat</strong></span> <span class='ocrx_word' id='word_1_291' title='bbox 1203 2041 1539 2108; x_wconf 83' lang='lat' dir='ltr'><strong>immobilis;</strong></span> <span class='ocrx_word' id='word_1_292' title='bbox 1591 2041 1685 2096; x_wconf 90' lang='lat' dir='ltr'><strong>sed</strong></span> <span class='ocrx_word' id='word_1_293' title='bbox 1717 2042 1784 2096; x_wconf 91' lang='lat' dir='ltr'><strong>ad</strong></span> <span class='ocrx_word' id='word_1_294' title='bbox 1815 2043 2020 2112; x_wconf 88' lang='lat' dir='ltr'><strong>aliquid</strong></span> <span class='ocrx_word' id='word_1_295' title='bbox 2052 2045 2277 2099; x_wconf 90' lang='lat' dir='ltr'><strong>omnino</strong></span> 
     </span>
    </p>
   </div>
   <div class='ocr_carea' id='block_1_37' title="bbox 704 2130 2280 2202">
    <p class='ocr_par' dir='ltr' id='par_1_37' title="bbox 704 2130 2280 2202">
     <span class='ocr_line' id='line_1_37' title="bbox 704 2130 2280 2202; baseline 0.004 -18"><span class='ocrx_word' id='word_1_296' title='bbox 704 2131 936 2186; x_wconf 89' lang='lat' dir='ltr'><strong>liberum</strong></span> <span class='ocrx_word' id='word_1_297' title='bbox 965 2130 1210 2202; x_wconf 89' lang='lat' dir='ltr'><strong>procedit</strong></span> <span class='ocrx_word' id='word_1_298' title='bbox 1248 2133 1555 2197; x_wconf 90' lang='lat' dir='ltr'><strong>arbitrium,</strong></span> <span class='ocrx_word' id='word_1_299' title='bbox 1605 2134 1733 2188; x_wconf 92' lang='lat' dir='ltr'><strong>boni</strong></span> <span class='ocrx_word' id='word_1_300' title='bbox 1756 2134 2031 2190; x_wconf 88' lang='lat' dir='ltr'><strong>desiderio</strong></span> <span class='ocrx_word' id='word_1_301' title='bbox 2056 2143 2280 2190; x_wconf 89' lang='lat' dir='ltr'><strong>natura-</strong></span> 
     </span>
    </p>
   </div>
   <div class='ocr_carea' id='block_1_38' title="bbox 701 2223 2271 2294">
    <p class='ocr_par' dir='ltr' id='par_1_38' title="bbox 701 2223 2271 2294">
     <span class='ocr_line' id='line_1_38' title="bbox 701 2223 2271 2294; baseline 0.004 -18"><span class='ocrx_word' id='word_1_302' title='bbox 701 2223 824 2278; x_wconf 90' lang='lat' dir='ltr'><strong>liter</strong></span> <span class='ocrx_word' id='word_1_303' title='bbox 873 2224 1048 2294; x_wconf 88' lang='lat' dir='ltr'><strong>ipsqu</strong></span> <span class='ocrx_word' id='word_1_304' title='bbox 1101 2224 1349 2279; x_wconf 91' lang='lat' dir='ltr'><strong>trahente</strong></span> <span class='ocrx_word' id='word_1_305' title='bbox 1396 2224 1463 2278; x_wconf 92' lang='lat' dir='ltr'><strong>ad</strong></span> <span class='ocrx_word' id='word_1_306' title='bbox 1521 2233 1745 2280; x_wconf 88' lang='lat' dir='ltr'><strong>motum.</strong></span> <span class='ocrx_word' id='word_1_307' title='bbox 1804 2225 2011 2281; x_wconf 87' lang='lat' dir='ltr'><strong>Bonum</strong></span> <span class='ocrx_word' id='word_1_308' title='bbox 2069 2238 2271 2293; x_wconf 89' lang='lat' dir='ltr'><strong>autem,</strong></span> 
     </span>
    </p>
   </div>
   <div class='ocr_carea' id='block_1_39' title="bbox 701 2315 2274 2388">
    <p class='ocr_par' dir='ltr' id='par_1_39' title="bbox 701 2315 2274 2388">
     <span class='ocr_line' id='line_1_39' title="bbox 701 2315 2274 2388; baseline 0.004 -20"><span class='ocrx_word' id='word_1_309' title='bbox 701 2315 847 2369; x_wconf 89' lang='lat' dir='ltr'><strong>aliud</strong></span> <span class='ocrx_word' id='word_1_310' title='bbox 878 2315 1096 2385; x_wconf 87' lang='lat' dir='ltr'><strong>quidem</strong></span> <span class='ocrx_word' id='word_1_311' title='bbox 1132 2332 1257 2370; x_wconf 84' lang='lat' dir='ltr'><strong>vere</strong></span> <span class='ocrx_word' id='word_1_312' title='bbox 1291 2324 1375 2371; x_wconf 88' lang='lat' dir='ltr'><strong>est</strong></span> <span class='ocrx_word' id='word_1_313' title='bbox 1406 2317 1609 2371; x_wconf 89' lang='lat' dir='ltr'><strong>bonum</strong></span> <span class='ocrx_word' id='word_1_314' title='bbox 1645 2318 1945 2373; x_wconf 91' lang='lat' dir='ltr'><strong>secundum</strong></span> <span class='ocrx_word' id='word_1_315' title='bbox 1979 2327 2230 2374; x_wconf 87' lang='lat' dir='ltr'><strong>naturam</strong></span> <span class='ocrx_word' id='word_1_316' title='bbox 2258 2339 2274 2388; x_wconf 91' lang='lat'><strong>;</strong></span> 
     </span>
    </p>
   </div>
   <div class='ocr_carea' id='block_1_40' title="bbox 701 2405 2275 2478">
    <p class='ocr_par' dir='ltr' id='par_1_40' title="bbox 701 2405 2275 2478">
     <span class='ocr_line' id='line_1_40' title="bbox 701 2405 2275 2478; baseline 0.002 -18"><span class='ocrx_word' id='word_1_317' title='bbox 701 2405 847 2460; x_wconf 89' lang='lat' dir='ltr'><strong>aliud</strong></span> <span class='ocrx_word' id='word_1_318' title='bbox 877 2414 1056 2460; x_wconf 87' lang='lat' dir='ltr'><strong>autem</strong></span> <span class='ocrx_word' id='word_1_319' title='bbox 1107 2422 1215 2461; x_wconf 92' lang='lat' dir='ltr'><strong>non</strong></span> <span class='ocrx_word' id='word_1_320' title='bbox 1271 2406 1565 2476; x_wconf 85' lang='lat' dir='ltr'><strong>ejusmodi,</strong></span> <span class='ocrx_word' id='word_1_321' title='bbox 1625 2408 1719 2462; x_wconf 91' lang='lat' dir='ltr'><strong>sed</strong></span> <span class='ocrx_word' id='word_1_322' title='bbox 1767 2407 1929 2464; x_wconf 87' lang='lat' dir='ltr'><strong>habet</strong></span> <span class='ocrx_word' id='word_1_323' title='bbox 1985 2409 2275 2478; x_wconf 89' lang='lat' dir='ltr'><strong>quamdam</strong></span> 
     </span>
    </p>
   </div>
   <div class='ocr_carea' id='block_1_41' title="bbox 700 2497 2278 2568">
    <p class='ocr_par' dir='ltr' id='par_1_41' title="bbox 700 2497 2278 2568">
     <span class='ocr_line' id='line_1_41' title="bbox 700 2497 2278 2568; baseline 0.001 -16"><span class='ocrx_word' id='word_1_324' title='bbox 700 2497 830 2552; x_wconf 90' lang='lat' dir='ltr'><strong>boni</strong></span> <span class='ocrx_word' id='word_1_325' title='bbox 863 2497 1130 2553; x_wconf 83' lang='lat' dir='ltr'><strong>visionem</strong></span> <span class='ocrx_word' id='word_1_326' title='bbox 1169 2512 1232 2552; x_wconf 81' lang='lat' dir='ltr'><strong>ac</strong></span> <span class='ocrx_word' id='word_1_327' title='bbox 1263 2498 1522 2567; x_wconf 88' lang='lat' dir='ltr'><strong>speciem.</strong></span> <span class='ocrx_word' id='word_1_328' title='bbox 1557 2497 1754 2552; x_wconf 87' lang='lat' dir='ltr'><strong>Eorum</strong></span> <span class='ocrx_word' id='word_1_329' title='bbox 1786 2506 1966 2554; x_wconf 88' lang='lat' dir='ltr'><strong>autem</strong></span> <span class='ocrx_word' id='word_1_330' title='bbox 1997 2499 2164 2568; x_wconf 81' lang='lat' dir='ltr'><strong>judex</strong></span> <span class='ocrx_word' id='word_1_331' title='bbox 2193 2507 2278 2554; x_wconf 90' lang='lat' dir='ltr'><strong>est</strong></span> 
     </span>
    </p>
   </div>
   <div class='ocr_carea' id='block_1_42' title="bbox 700 2589 2271 2660">
    <p class='ocr_par' dir='ltr' id='par_1_42' title="bbox 700 2589 2271 2660">
     <span class='ocr_line' id='line_1_42' title="bbox 700 2589 2271 2660; baseline 0.001 -16"><span class='ocrx_word' id='word_1_332' title='bbox 700 2590 1057 2660; x_wconf 76' lang='lat' dir='ltr'><strong>intelligentia</strong></span> <span class='ocrx_word' id='word_1_333' title='bbox 1091 2591 1232 2645; x_wconf 88' lang='lat' dir='ltr'><strong>intra</strong></span> <span class='ocrx_word' id='word_1_334' title='bbox 1285 2606 1387 2644; x_wconf 92' lang='lat' dir='ltr'><strong>nos</strong></span> <span class='ocrx_word' id='word_1_335' title='bbox 1423 2589 1708 2645; x_wconf 91' lang='lat' dir='ltr'><strong>collocata.</strong></span> <span class='ocrx_word' id='word_1_336' title='bbox 1738 2589 1854 2656; x_wconf 88' lang='lat' dir='ltr'><strong>Qua</strong></span> <span class='ocrx_word' id='word_1_337' title='bbox 1892 2591 1945 2645; x_wconf 91' lang='lat' dir='ltr'><strong>in</strong></span> <span class='ocrx_word' id='word_1_338' title='bbox 1979 2606 2038 2646; x_wconf 92' lang='lat' dir='ltr'><strong>re</strong></span> <span class='ocrx_word' id='word_1_339' title='bbox 2082 2606 2271 2647; x_wconf 83' lang='lat' dir='ltr'><strong>versa-</strong></span> 
     </span>
    </p>
   </div>
   <div class='ocr_carea' id='block_1_43' title="bbox 703 2682 2276 2754">
    <p class='ocr_par' dir='ltr' id='par_1_43' title="bbox 703 2682 2276 2754">
     <span class='ocr_line' id='line_1_43' title="bbox 703 2682 2276 2754; baseline 0.002 -20"><span class='ocrx_word' id='word_1_340' title='bbox 703 2697 826 2735; x_wconf 89' lang='lat' dir='ltr'><strong>mur</strong></span> <span class='ocrx_word' id='word_1_341' title='bbox 856 2682 908 2736; x_wconf 93' lang='lat' dir='ltr'><strong>in</strong></span> <span class='ocrx_word' id='word_1_342' title='bbox 942 2683 1206 2752; x_wconf 92' lang='lat' dir='ltr'><strong>periculo,</strong></span> <span class='ocrx_word' id='word_1_343' title='bbox 1245 2683 1329 2736; x_wconf 88' lang='lat' dir='ltr'><strong>vel</strong></span> <span class='ocrx_word' id='word_1_344' title='bbox 1358 2682 1680 2752; x_wconf 87' lang='lat' dir='ltr'><strong>assequendi</strong></span> <span class='ocrx_word' id='word_1_345' title='bbox 1706 2683 1826 2752; x_wconf 89' lang='lat' dir='ltr'><strong>ejus</strong></span> <span class='ocrx_word' id='word_1_346' title='bbox 1857 2683 2002 2754; x_wconf 92' lang='lat' dir='ltr'><strong>quod</strong></span> <span class='ocrx_word' id='word_1_347' title='bbox 2033 2699 2158 2738; x_wconf 86' lang='lat' dir='ltr'><strong>vere</strong></span> <span class='ocrx_word' id='word_1_348' title='bbox 2191 2692 2276 2739; x_wconf 89' lang='lat' dir='ltr'><strong>est</strong></span> 
     </span>
    </p>
   </div>
   <div class='ocr_carea' id='block_1_44' title="bbox 701 2771 2274 2844">
    <p class='ocr_par' dir='ltr' id='par_1_44' title="bbox 701 2771 2274 2844">
     <span class='ocr_line' id='line_1_44' title="bbox 701 2771 2274 2844; baseline 0.003 -19"><span class='ocrx_word' id='word_1_349' title='bbox 701 2771 902 2826; x_wconf 86' lang='lat' dir='ltr'><strong>bonum</strong></span> <span class='ocrx_word' id='word_1_350' title='bbox 933 2790 946 2837; x_wconf 89' lang='lat'><strong>;</strong></span> <span class='ocrx_word' id='word_1_351' title='bbox 1003 2782 1116 2838; x_wconf 88' lang='lat' dir='ltr'><strong>aut,</strong></span> <span class='ocrx_word' id='word_1_352' title='bbox 1173 2774 1217 2827; x_wconf 92' lang='lat' dir='ltr'><strong>si</strong></span> <span class='ocrx_word' id='word_1_353' title='bbox 1255 2773 1322 2828; x_wconf 89' lang='lat' dir='ltr'><strong>ab</strong></span> <span class='ocrx_word' id='word_1_354' title='bbox 1346 2788 1411 2829; x_wconf 92' lang='lat' dir='ltr'><strong>eo</strong></span> <span class='ocrx_word' id='word_1_355' title='bbox 1445 2773 1848 2837; x_wconf 87' lang='lat' dir='ltr'><strong>diverterimus,</strong></span> <span class='ocrx_word' id='word_1_356' title='bbox 1910 2789 2006 2844; x_wconf 90' lang='lat' dir='ltr'><strong>per</strong></span> <span class='ocrx_word' id='word_1_357' title='bbox 2038 2775 2274 2844; x_wconf 85' lang='lat' dir='ltr'><strong>aliquam</strong></span> 
     </span>
    </p>
   </div>
   <div class='ocr_carea' id='block_1_45' title="bbox 699 2864 2277 2936">
    <p class='ocr_par' dir='ltr' id='par_1_45' title="bbox 699 2864 2277 2936">
     <span class='ocr_line' id='line_1_45' title="bbox 699 2864 2277 2936; baseline 0.002 -18"><span class='ocrx_word' id='word_1_358' title='bbox 699 2864 818 2933; x_wconf 88' lang='lat' dir='ltr'><strong>ejus</strong></span> <span class='ocrx_word' id='word_1_359' title='bbox 844 2866 987 2935; x_wconf 87' lang='lat' dir='ltr'><strong>quod</strong></span> <span class='ocrx_word' id='word_1_360' title='bbox 1022 2874 1246 2936; x_wconf 87' lang='lat' dir='ltr'><strong>apparet</strong></span> <span class='ocrx_word' id='word_1_361' title='bbox 1293 2866 1692 2936; x_wconf 89' lang='lat' dir='ltr'><strong>deceptionem,</strong></span> <span class='ocrx_word' id='word_1_362' title='bbox 1723 2867 1998 2922; x_wconf 89' lang='lat' dir='ltr'><strong>dilabendi</strong></span> <span class='ocrx_word' id='word_1_363' title='bbox 2027 2868 2092 2922; x_wconf 89' lang='lat' dir='ltr'><strong>ad</strong></span> <span class='ocrx_word' id='word_1_364' title='bbox 2143 2883 2277 2922; x_wconf 87' lang='lat' dir='ltr'><strong>con-</strong></span> 
     </span>
    </p>
   </div>
   <div class='ocr_carea' id='block_1_46' title="bbox 700 2955 2277 3027">
    <p class='ocr_par' dir='ltr' id='par_1_46' title="bbox 700 2955 2277 3027">
     <span class='ocr_line' id='line_1_46' title="bbox 700 2955 2277 3027; baseline 0.004 -21"><span class='ocrx_word' id='word_1_365' title='bbox 700 2956 966 3009; x_wconf 83' lang='lat' dir='ltr'><strong>trarium:</strong></span> <span class='ocrx_word' id='word_1_366' title='bbox 999 2955 1306 3022; x_wconf 89' lang='lat' dir='ltr'><strong>cujusmodi</strong></span> <span class='ocrx_word' id='word_1_367' title='bbox 1334 2957 1610 3027; x_wconf 90' lang='lat' dir='ltr'><strong>quidpiam</strong></span> <span class='ocrx_word' id='word_1_368' title='bbox 1643 2957 1910 3012; x_wconf 85' lang='lat' dir='ltr'><strong>accidisse</strong></span> <span class='ocrx_word' id='word_1_369' title='bbox 1946 2966 2131 3012; x_wconf 88' lang='lat' dir='ltr'><strong>narrat</strong></span> <span class='ocrx_word' id='word_1_370' title='bbox 2179 2975 2277 3014; x_wconf 80' lang='lat' dir='ltr'><strong>ex-</strong></span> 
     </span>
    </p>
   </div>
   <div class='ocr_carea' id='block_1_47' title="bbox 2386 1857 3888 1928">
    <p class='ocr_par' dir='ltr' id='par_1_47' title="bbox 2386 1857 3888 1928">
     <span class='ocr_line' id='line_1_47' title="bbox 2386 1857 3888 1928; baseline -0.001 -18"><span class='ocrx_word' id='word_1_371' title='bbox 2386 1857 2567 1928; x_wconf 82' lang='grc' dir='ltr'>μὲνειν</span> <span class='ocrx_word' id='word_1_372' title='bbox 2615 1858 2888 1928; x_wconf 88' lang='grc' dir='ltr'>ἀκίνητον,</span> <span class='ocrx_word' id='word_1_373' title='bbox 2925 1857 3038 1909; x_wconf 89' lang='grc' dir='ltr'>ἀλλ’</span> <span class='ocrx_word' id='word_1_374' title='bbox 3083 1857 3175 1910; x_wconf 87' lang='grc' dir='ltr'><strong>ἐπί</strong></span> <span class='ocrx_word' id='word_1_375' title='bbox 3219 1874 3272 1910; x_wconf 90' lang='grc' dir='ltr'><strong>τι</strong></span> <span class='ocrx_word' id='word_1_376' title='bbox 3320 1858 3593 1928; x_wconf 88' lang='grc' dir='ltr'>πάντωςὴ</span> <span class='ocrx_word' id='word_1_377' title='bbox 3637 1857 3888 1928; x_wconf 71' lang='grc' dir='ltr'>προαίρες</span> 
     </span>
    </p>
   </div>
   <div class='ocr_carea' id='block_1_48' title="bbox 2382 1947 3888 2019">
    <p class='ocr_par' dir='ltr' id='par_1_48' title="bbox 2382 1947 3888 2019">
     <span class='ocr_line' id='line_1_48' title="bbox 2382 1947 3888 2019; baseline -0.002 -18"><span class='ocrx_word' id='word_1_378' title='bbox 2382 1949 2546 2012; x_wconf 72' lang='grc' dir='ltr'>ἵεται,</span> <span class='ocrx_word' id='word_1_379' title='bbox 2578 1949 2677 2018; x_wconf 87' lang='grc' dir='ltr'><strong>τῆς</strong></span> <span class='ocrx_word' id='word_1_380' title='bbox 2729 1949 2864 2019; x_wconf 78' lang='grc' dir='ltr'>πρὸς</span> <span class='ocrx_word' id='word_1_381' title='bbox 2911 1947 2973 1999; x_wconf 82' lang='grc' dir='ltr'><strong>τὸ</strong></span> <span class='ocrx_word' id='word_1_382' title='bbox 3007 1947 3168 2000; x_wconf 80' lang='grc' dir='ltr'>καλὸν</span> <span class='ocrx_word' id='word_1_383' title='bbox 3201 1948 3492 2018; x_wconf 78' lang='grc' dir='ltr'>ἐπιθυμίας</span> <span class='ocrx_word' id='word_1_384' title='bbox 3527 1947 3693 2018; x_wconf 74' lang='grc' dir='ltr'>αὐτὴν</span> <span class='ocrx_word' id='word_1_385' title='bbox 3731 1948 3888 2014; x_wconf 65' lang='grc' dir='ltr'>ἐφελν</span> 
     </span>
    </p>
   </div>
   <div class='ocr_carea' id='block_1_49' title="bbox 2387 2038 3888 2111">
    <p class='ocr_par' dir='ltr' id='par_1_49' title="bbox 2387 2038 3888 2111">
     <span class='ocr_line' id='line_1_49' title="bbox 2387 2038 3888 2111; baseline -0.002 -18"><span class='ocrx_word' id='word_1_386' title='bbox 2387 2040 2552 2111; x_wconf 82' lang='grc' dir='ltr'>μένης</span> <span class='ocrx_word' id='word_1_387' title='bbox 2579 2039 2821 2110; x_wconf 80' lang='grc' dir='ltr'>φυσικῶς</span> <span class='ocrx_word' id='word_1_388' title='bbox 2849 2041 2929 2104; x_wconf 86' lang='grc' dir='ltr'><strong>είς</strong></span> <span class='ocrx_word' id='word_1_389' title='bbox 2955 2039 3187 2111; x_wconf 92' lang='grc' dir='ltr'>κίνησιν.</span> <span class='ocrx_word' id='word_1_390' title='bbox 3225 2039 3401 2092; x_wconf 83' lang='grc' dir='ltr'>Καλὸν</span> <span class='ocrx_word' id='word_1_391' title='bbox 3433 2039 3490 2092; x_wconf 83' lang='grc' dir='ltr'><strong>δέ</strong></span> <span class='ocrx_word' id='word_1_392' title='bbox 3515 2038 3575 2092; x_wconf 80' lang='grc' dir='ltr'>τὸ</span> <span class='ocrx_word' id='word_1_393' title='bbox 3621 2039 3718 2109; x_wconf 76' lang='grc' dir='ltr'>μέν</span> <span class='ocrx_word' id='word_1_394' title='bbox 3749 2056 3802 2090; x_wconf 87' lang='grc' dir='ltr'><strong>τι</strong></span> <span class='ocrx_word' id='word_1_395' title='bbox 3827 2039 3888 2091; x_wconf 78' lang='grc' dir='ltr'><strong>ἀλ</strong></span> 
     </span>
    </p>
   </div>
   <div class='ocr_carea' id='block_1_50' title="bbox 2383 2130 3888 2201">
    <p class='ocr_par' dir='ltr' id='par_1_50' title="bbox 2383 2130 3888 2201">
     <span class='ocr_line' id='line_1_50' title="bbox 2383 2130 3888 2201; baseline -0.002 -17"><span class='ocrx_word' id='word_1_396' title='bbox 2383 2130 2491 2195; x_wconf 86' lang='grc' dir='ltr'><strong>θῶς</strong></span> <span class='ocrx_word' id='word_1_397' title='bbox 2537 2131 2679 2185; x_wconf 86' lang='grc' dir='ltr'><strong>κατά</strong></span> <span class='ocrx_word' id='word_1_398' title='bbox 2727 2132 2826 2201; x_wconf 78' lang='grc' dir='ltr'><strong>τὴν</strong></span> <span class='ocrx_word' id='word_1_399' title='bbox 2875 2131 3036 2200; x_wconf 89' lang='grc' dir='ltr'>φύσιν</span> <span class='ocrx_word' id='word_1_400' title='bbox 3078 2133 3228 2184; x_wconf 85' lang='grc' dir='ltr'>ἐστί·</span> <span class='ocrx_word' id='word_1_401' title='bbox 3277 2131 3338 2183; x_wconf 80' lang='grc' dir='ltr'><strong>τὸ</strong></span> <span class='ocrx_word' id='word_1_402' title='bbox 3377 2132 3434 2184; x_wconf 86' lang='grc' dir='ltr'>δὲ</span> <span class='ocrx_word' id='word_1_403' title='bbox 3461 2132 3521 2184; x_wconf 88' lang='grc' dir='ltr'><strong>ού</strong></span> <span class='ocrx_word' id='word_1_404' title='bbox 3555 2131 3818 2195; x_wconf 86' lang='grc' dir='ltr'>τοιοῦτον,</span> <span class='ocrx_word' id='word_1_405' title='bbox 3848 2131 3888 2184; x_wconf 78' lang='grc' dir='ltr'>ἀῗ</span> 
     </span>
    </p>
   </div>
   <div class='ocr_carea' id='block_1_51' title="bbox 2384 2221 3888 2294">
    <p class='ocr_par' dir='ltr' id='par_1_51' title="bbox 2384 2221 3888 2294">
     <span class='ocr_line' id='line_1_51' title="bbox 2384 2221 3888 2294; baseline -0.003 -19"><span class='ocrx_word' id='word_1_406' title='bbox 2384 2221 2774 2294; x_wconf 78' lang='grc' dir='ltr'>ἐπηνθισμένον</span> <span class='ocrx_word' id='word_1_407' title='bbox 2803 2224 2909 2276; x_wconf 74' lang='grc' dir='ltr'>τινὶ</span> <span class='ocrx_word' id='word_1_408' title='bbox 2938 2221 3102 2277; x_wconf 87' lang='grc' dir='ltr'>καλοῦ</span> <span class='ocrx_word' id='word_1_409' title='bbox 3131 2223 3416 2294; x_wconf 74' lang='grc' dir='ltr'>φαντασίᾳ,</span> <span class='ocrx_word' id='word_1_410' title='bbox 3449 2222 3749 2294; x_wconf 79' lang='grc' dir='ltr'>Κριτήριον</span> <span class='ocrx_word' id='word_1_411' title='bbox 3769 2221 3826 2274; x_wconf 83' lang='grc' dir='ltr'><strong>δὲ</strong></span> <span class='ocrx_word' id='word_1_412' title='bbox 3845 2239 3888 2273; x_wconf 77' lang='grc' dir='ltr'><strong>τι</strong></span> 
     </span>
    </p>
   </div>
   <div class='ocr_carea' id='block_1_52' title="bbox 2381 2312 3888 2384">
    <p class='ocr_par' dir='ltr' id='par_1_52' title="bbox 2381 2312 3888 2384">
     <span class='ocr_line' id='line_1_52' title="bbox 2381 2312 3888 2384; baseline -0.001 -18"><span class='ocrx_word' id='word_1_413' title='bbox 2381 2331 2490 2366; x_wconf 88' lang='grc' dir='ltr'><strong>των</strong></span> <span class='ocrx_word' id='word_1_414' title='bbox 2537 2314 2682 2366; x_wconf 75' lang='grc' dir='ltr'>ἐστὶν</span> <span class='ocrx_word' id='word_1_415' title='bbox 2719 2315 2746 2366; x_wconf 84' lang='grc' dir='ltr'><strong>ὁ</strong></span> <span class='ocrx_word' id='word_1_416' title='bbox 2793 2312 2916 2376; x_wconf 87' lang='grc' dir='ltr'>νοῦς</span> <span class='ocrx_word' id='word_1_417' title='bbox 2958 2313 3166 2366; x_wconf 74' lang='grc' dir='ltr'>ἔνδοθεν</span> <span class='ocrx_word' id='word_1_418' title='bbox 3210 2315 3340 2384; x_wconf 80' lang='grc' dir='ltr'>ἡμῖν</span> <span class='ocrx_word' id='word_1_419' title='bbox 3393 2313 3758 2384; x_wconf 78' lang='grc' dir='ltr'>ἐνιδρυμένος.</span> <span class='ocrx_word' id='word_1_420' title='bbox 3801 2314 3888 2365; x_wconf 87' lang='grc' dir='ltr'><strong>Ἐν</strong></span> 
     </span>
    </p>
   </div>
   <div class='ocr_carea' id='block_1_53' title="bbox 2382 2403 3869 2477">
    <p class='ocr_par' dir='ltr' id='par_1_53' title="bbox 2382 2403 3869 2477">
     <span class='ocr_line' id='line_1_53' title="bbox 2382 2403 3869 2477; baseline -0.001 -17"><span class='ocrx_word' id='word_1_421' title='bbox 2382 2405 2766 2470; x_wconf 78' lang='grc' dir='ltr'>κινδυνεύεται,</span> <span class='ocrx_word' id='word_1_422' title='bbox 2817 2406 2850 2477; x_wconf 86' lang='grc' dir='ltr'>ἢ</span> <span class='ocrx_word' id='word_1_423' title='bbox 2891 2405 2951 2459; x_wconf 82' lang='grc' dir='ltr'>τὸ</span> <span class='ocrx_word' id='word_1_424' title='bbox 2987 2409 3257 2476; x_wconf 77' lang='grc' dir='ltr'>ἐπιτυχεῖν</span> <span class='ocrx_word' id='word_1_425' title='bbox 3287 2405 3381 2459; x_wconf 90' lang='grc' dir='ltr'><strong>τοῦ</strong></span> <span class='ocrx_word' id='word_1_426' title='bbox 3423 2405 3573 2469; x_wconf 85' lang='grc' dir='ltr'>δντος</span> <span class='ocrx_word' id='word_1_427' title='bbox 3615 2403 3804 2468; x_wconf 88' lang='grc' dir='ltr'>καλοῦ,</span> <span class='ocrx_word' id='word_1_428' title='bbox 3837 2407 3869 2475; x_wconf 80' lang='grc' dir='ltr'><strong>ἢ</strong></span> 
     </span>
    </p>
   </div>
   <div class='ocr_carea' id='block_1_54' title="bbox 2381 2497 3887 2569">
    <p class='ocr_par' dir='ltr' id='par_1_54' title="bbox 2381 2497 3887 2569">
     <span class='ocr_line' id='line_1_54' title="bbox 2381 2497 3887 2569; baseline -0.003 -17"><span class='ocrx_word' id='word_1_429' title='bbox 2381 2497 2838 2569; x_wconf 86' lang='grc' dir='ltr'>παρατραπέντας</span> <span class='ocrx_word' id='word_1_430' title='bbox 2867 2497 3056 2559; x_wconf 83' lang='grc' dir='ltr'>αὑτοῦ,</span> <span class='ocrx_word' id='word_1_431' title='bbox 3081 2497 3167 2550; x_wconf 85' lang='grc' dir='ltr'><strong>διά</strong></span> <span class='ocrx_word' id='word_1_432' title='bbox 3195 2515 3336 2561; x_wconf 89' lang='grc' dir='ltr'>τινος</span> <span class='ocrx_word' id='word_1_433' title='bbox 3373 2499 3472 2566; x_wconf 86' lang='grc' dir='ltr'><strong>τῆς</strong></span> <span class='ocrx_word' id='word_1_434' title='bbox 3512 2497 3652 2550; x_wconf 87' lang='grc' dir='ltr'><strong>κατά</strong></span> <span class='ocrx_word' id='word_1_435' title='bbox 3684 2497 3746 2548; x_wconf 86' lang='grc' dir='ltr'>τὸ</span> <span class='ocrx_word' id='word_1_436' title='bbox 3774 2514 3887 2566; x_wconf 67' lang='grc' dir='ltr'>φαιι</span> 
     </span>
    </p>
   </div>
   <div class='ocr_carea' id='block_1_55' title="bbox 2383 2587 3888 2661">
    <p class='ocr_par' dir='ltr' id='par_1_55' title="bbox 2383 2587 3888 2661">
     <span class='ocr_line' id='line_1_55' title="bbox 2383 2587 3888 2661; baseline -0.003 -18"><span class='ocrx_word' id='word_1_437' title='bbox 2383 2607 2542 2661; x_wconf 90' lang='grc' dir='ltr'>μενον</span> <span class='ocrx_word' id='word_1_438' title='bbox 2587 2589 2806 2659; x_wconf 85' lang='grc' dir='ltr'>ἀπάτης</span> <span class='ocrx_word' id='word_1_439' title='bbox 2850 2589 2942 2642; x_wconf 82' lang='grc' dir='ltr'><strong>ἐπὶ</strong></span> <span class='ocrx_word' id='word_1_440' title='bbox 2985 2589 3045 2641; x_wconf 78' lang='grc' dir='ltr'>τὸ</span> <span class='ocrx_word' id='word_1_441' title='bbox 3097 2588 3337 2641; x_wconf 87' lang='grc' dir='ltr'>ἐναντίον</span> <span class='ocrx_word' id='word_1_442' title='bbox 3386 2589 3530 2659; x_wconf 77' lang='grc' dir='ltr'>ἡμᾶς</span> <span class='ocrx_word' id='word_1_443' title='bbox 3572 2587 3888 2658; x_wconf 72' lang='grc' dir='ltr'>ἀπορρυῆναι</span> 
     </span>
    </p>
   </div>
   <div class='ocr_carea' id='block_1_56' title="bbox 2377 2677 3872 2751">
    <p class='ocr_par' dir='ltr' id='par_1_56' title="bbox 2377 2677 3872 2751">
     <span class='ocr_line' id='line_1_56' title="bbox 2377 2677 3872 2751; baseline -0.004 -15"><span class='ocrx_word' id='word_1_444' title='bbox 2377 2677 2486 2736; x_wconf 72' lang='grc' dir='ltr'>οἷόν</span> <span class='ocrx_word' id='word_1_445' title='bbox 2499 2700 2550 2734; x_wconf 88' lang='grc' dir='ltr'><strong>τι</strong></span> <span class='ocrx_word' id='word_1_446' title='bbox 2569 2682 2758 2734; x_wconf 87' lang='grc' dir='ltr'>παθεῖν</span> <span class='ocrx_word' id='word_1_447' title='bbox 2780 2683 2806 2735; x_wconf 85' lang='grc' dir='ltr'>ὁ</span> <span class='ocrx_word' id='word_1_448' title='bbox 2827 2680 2929 2747; x_wconf 76' lang='grc' dir='ltr'>ἔξω</span> <span class='ocrx_word' id='word_1_449' title='bbox 2950 2681 3045 2750; x_wconf 81' lang='grc' dir='ltr'><strong>μὲν</strong></span> <span class='ocrx_word' id='word_1_450' title='bbox 3067 2679 3231 2751; x_wconf 85' lang='grc' dir='ltr'>μῦθός</span> <span class='ocrx_word' id='word_1_451' title='bbox 3245 2697 3425 2750; x_wconf 84' lang='grc' dir='ltr'>φησιν,</span> <span class='ocrx_word' id='word_1_452' title='bbox 3440 2681 3518 2732; x_wconf 84' lang='grc' dir='ltr'><strong>ἀπ</strong></span> <span class='ocrx_word' id='word_1_453' title='bbox 3534 2677 3636 2750; x_wconf 79' lang='grc' dir='ltr'>Ιοδ]</span> <span class='ocrx_word' id='word_1_454' title='bbox 3657 2678 3872 2731; x_wconf 86' lang='grc' dir='ltr'>ιδοῦσαν</span> 
     </span>
    </p>
   </div>
   <div class='ocr_carea' id='block_1_57' title="bbox 2377 2764 3888 2844">
    <p class='ocr_par' dir='ltr' id='par_1_57' title="bbox 2377 2764 3888 2844">
     <span class='ocr_line' id='line_1_57' title="bbox 2377 2764 3888 2844; baseline -0.003 -18"><span class='ocrx_word' id='word_1_455' title='bbox 2377 2773 2456 2844; x_wconf 78' lang='grc' dir='ltr'>τῷ</span> <span class='ocrx_word' id='word_1_456' title='bbox 2500 2773 2647 2826; x_wconf 87' lang='grc' dir='ltr'>ῦδατι</span> <span class='ocrx_word' id='word_1_457' title='bbox 2674 2773 2770 2843; x_wconf 82' lang='grc' dir='ltr'>τὴν</span> <span class='ocrx_word' id='word_1_458' title='bbox 2804 2771 2940 2825; x_wconf 85' lang='grc' dir='ltr'>κύνα</span> <span class='ocrx_word' id='word_1_459' title='bbox 2975 2771 3110 2841; x_wconf 84' lang='grc' dir='ltr'>πρὸς</span> <span class='ocrx_word' id='word_1_460' title='bbox 3151 2771 3249 2843; x_wconf 81' lang='grc' dir='ltr'><strong>τὴν</strong></span> <span class='ocrx_word' id='word_1_461' title='bbox 3282 2771 3437 2823; x_wconf 83' lang='grc' dir='ltr'>σκιὰν</span> <span class='ocrx_word' id='word_1_462' title='bbox 3465 2764 3525 2823; x_wconf 75' lang='grc' dir='ltr'><strong>οῦ</strong></span> <span class='ocrx_word' id='word_1_463' title='bbox 3563 2771 3651 2823; x_wconf 68' lang='grc' dir='ltr'>διὰ</span> <span class='ocrx_word' id='word_1_464' title='bbox 3689 2770 3888 2838; x_wconf 70' lang='grc' dir='ltr'>στόματ</span> 
     </span>
    </p>
   </div>
   <div class='ocr_carea' id='block_1_58' title="bbox 2380 2859 3888 2936">
    <p class='ocr_par' dir='ltr' id='par_1_58' title="bbox 2380 2859 3888 2936">
     <span class='ocr_line' id='line_1_58' title="bbox 2380 2859 3888 2936; baseline -0.003 -20"><span class='ocrx_word' id='word_1_465' title='bbox 2380 2863 2541 2936; x_wconf 76' lang='grc' dir='ltr'>ἔφερε</span> <span class='ocrx_word' id='word_1_466' title='bbox 2561 2905 2577 2931; x_wconf 90' lang='grc'><strong>,</strong></span> <span class='ocrx_word' id='word_1_467' title='bbox 2611 2863 2848 2934; x_wconf 85' lang='grc' dir='ltr'>μεθεῖναι</span> <span class='ocrx_word' id='word_1_468' title='bbox 2877 2863 2977 2933; x_wconf 85' lang='grc' dir='ltr'><strong>μὲν</strong></span> <span class='ocrx_word' id='word_1_469' title='bbox 3000 2861 3094 2934; x_wconf 80' lang='grc' dir='ltr'><strong>τὴν</strong></span> <span class='ocrx_word' id='word_1_470' title='bbox 3116 2862 3288 2932; x_wconf 88' lang='grc' dir='ltr'>ἀληθῆ</span> <span class='ocrx_word' id='word_1_471' title='bbox 3313 2861 3535 2933; x_wconf 81' lang='grc' dir='ltr'>τροφὴν,</span> <span class='ocrx_word' id='word_1_472' title='bbox 3563 2859 3888 2932; x_wconf 80' lang='grc' dir='ltr'>περιχανοῦσ</span> 
     </span>
    </p>
   </div>
   <div class='ocr_carea' id='block_1_59' title="bbox 2381 2954 3672 3028">
    <p class='ocr_par' dir='ltr' id='par_1_59' title="bbox 2381 2954 3672 3028">
     <span class='ocr_line' id='line_1_59' title="bbox 2381 2954 3672 3028; baseline -0.002 -18"><span class='ocrx_word' id='word_1_473' title='bbox 2381 2957 2437 3010; x_wconf 84' lang='grc' dir='ltr'><strong>δὲ</strong></span> <span class='ocrx_word' id='word_1_474' title='bbox 2466 2958 2528 3010; x_wconf 84' lang='grc' dir='ltr'>τὸ</span> <span class='ocrx_word' id='word_1_475' title='bbox 2553 2959 2650 3028; x_wconf 85' lang='grc' dir='ltr'><strong>τῆς</strong></span> <span class='ocrx_word' id='word_1_476' title='bbox 2677 2957 2886 3028; x_wconf 83' lang='grc' dir='ltr'>τροφῆς</span> <span class='ocrx_word' id='word_1_477' title='bbox 2911 2955 3125 3009; x_wconf 77' lang='grc' dir='ltr'>εἴδωλον</span> <span class='ocrx_word' id='word_1_478' title='bbox 3147 2957 3203 3010; x_wconf 92' lang='grc' dir='ltr'><strong>ἐν</strong></span> <span class='ocrx_word' id='word_1_479' title='bbox 3232 2954 3376 3026; x_wconf 82' lang='grc' dir='ltr'>λιμῷ</span> <span class='ocrx_word' id='word_1_480' title='bbox 3401 2954 3672 3023; x_wconf 82' lang='grc' dir='ltr'>γενέσθαι.</span> 
     </span>
    </p>
   </div>
   <div class='ocr_carea' id='block_1_60' title="bbox 700 3045 3888 3124">
    <p class='ocr_par' dir='ltr' id='par_1_60' title="bbox 700 3045 3888 3124">
     <span class='ocr_line' id='line_1_60' title="bbox 700 3045 3888 3124; baseline 0.001 -26"><span class='ocrx_word' id='word_1_481' title='bbox 700 3053 850 3101; x_wconf 86' lang='lat' dir='ltr'><strong>terna</strong></span> <span class='ocrx_word' id='word_1_482' title='bbox 920 3045 1097 3102; x_wconf 79' lang='lat' dir='ltr'><strong>fabula</strong></span> <span class='ocrx_word' id='word_1_483' title='bbox 1145 3051 1266 3102; x_wconf 84' lang='lat' dir='ltr'><strong>cani</strong></span> <span class='ocrx_word' id='word_1_484' title='bbox 1313 3051 1402 3120; x_wconf 91' lang='lat' dir='ltr'><strong>qui</strong></span> <span class='ocrx_word' id='word_1_485' title='bbox 1461 3051 1514 3104; x_wconf 90' lang='lat' dir='ltr'><strong>in</strong></span> <span class='ocrx_word' id='word_1_486' title='bbox 1570 3067 1710 3121; x_wconf 90' lang='lat' dir='ltr'><strong>aqua</strong></span> <span class='ocrx_word' id='word_1_487' title='bbox 1765 3052 1974 3107; x_wconf 88' lang='lat' dir='ltr'><strong>viderat</strong></span> <span class='ocrx_word' id='word_1_488' title='bbox 2023 3055 2270 3108; x_wconf 88' lang='lat' dir='ltr'><strong>umbram</strong></span> <span class='ocrx_word' id='word_1_489' title='bbox 2321 3053 2440 3123; x_wconf 85' lang='lat' dir='ltr'><strong>ejus</strong></span> <span class='ocrx_word' id='word_1_490' title='bbox 2489 3053 2632 3122; x_wconf 91' lang='lat' dir='ltr'><strong>quod</strong></span> <span class='ocrx_word' id='word_1_491' title='bbox 2680 3052 2734 3107; x_wconf 92' lang='lat' dir='ltr'><strong>in</strong></span> <span class='ocrx_word' id='word_1_492' title='bbox 2781 3067 2877 3108; x_wconf 88' lang='lat' dir='ltr'><strong>ore</strong></span> <span class='ocrx_word' id='word_1_493' title='bbox 2925 3051 3167 3124; x_wconf 74' lang='lat' dir='ltr'><strong>gestabat</strong></span> <span class='ocrx_word' id='word_1_494' title='bbox 3208 3067 3222 3103; x_wconf 91' lang='lat'><strong>:</strong></span> <span class='ocrx_word' id='word_1_495' title='bbox 3278 3067 3472 3122; x_wconf 83' lang='lat' dir='ltr'><strong>nempe</strong></span> <span class='ocrx_word' id='word_1_496' title='bbox 3530 3065 3718 3108; x_wconf 83' lang='lat' dir='ltr'><strong>verum</strong></span> <span class='ocrx_word' id='word_1_497' title='bbox 3770 3047 3888 3104; x_wconf 91' lang='lat' dir='ltr'><strong>cibu</strong></span> 
     </span>
    </p>
   </div>
   <div class='ocr_carea' id='block_1_61' title="bbox 697 3136 2614 3200">
    <p class='ocr_par' dir='ltr' id='par_1_61' title="bbox 697 3136 2614 3200">
     <span class='ocr_line' id='line_1_61' title="bbox 697 3136 2614 3200; baseline 0.004 -11"><span class='ocrx_word' id='word_1_498' title='bbox 697 3136 994 3200; x_wconf 88' lang='lat' dir='ltr'><strong>dimisisse,</strong></span> <span class='ocrx_word' id='word_1_499' title='bbox 1042 3138 1342 3194; x_wconf 87' lang='lat' dir='ltr'><strong>inhiantem</strong></span> <span class='ocrx_word' id='word_1_500' title='bbox 1399 3151 1578 3195; x_wconf 90' lang='lat' dir='ltr'><strong>autem</strong></span> <span class='ocrx_word' id='word_1_501' title='bbox 1628 3142 1737 3196; x_wconf 92' lang='lat' dir='ltr'><strong>cibi</strong></span> <span class='ocrx_word' id='word_1_502' title='bbox 1793 3143 2088 3200; x_wconf 90' lang='lat' dir='ltr'><strong>simulacro</strong></span> <span class='ocrx_word' id='word_1_503' title='bbox 2135 3145 2275 3200; x_wconf 78' lang='lat' dir='ltr'><strong>fame</strong></span> <span class='ocrx_word' id='word_1_504' title='bbox 2313 3145 2614 3200; x_wconf 88' lang='lat' dir='ltr'><strong>laborasse.</strong></span> 
     </span>
    </p>
   </div>
   <div class='ocr_carea' id='block_1_62' title="bbox 1269 3231 1713 3288">
    <p class='ocr_par' dir='ltr' id='par_1_62' title="bbox 1269 3231 1713 3288">
     <span class='ocr_line' id='line_1_62' title="bbox 1269 3231 1713 3288; baseline 0.002 -2"><span class='ocrx_word' id='word_1_505' title='bbox 1269 3231 1501 3287; x_wconf 82' lang='lat' dir='ltr'><strong>CAPUT</strong></span> <span class='ocrx_word' id='word_1_506' title='bbox 1548 3233 1713 3288; x_wconf 76' lang='lat' dir='ltr'><strong>XXII.</strong></span> 
     </span>
    </p>
   </div>
   <div class='ocr_carea' id='block_1_63' title="bbox 768 3319 2272 3395">
    <p class='ocr_par' dir='ltr' id='par_1_63' title="bbox 768 3319 2272 3395">
     <span class='ocr_line' id='line_1_63' title="bbox 768 3319 2272 3395; baseline 0.008 -23"><span class='ocrx_word' id='word_1_507' title='bbox 768 3319 1061 3390; x_wconf 84' lang='lat' dir='ltr'><strong>Postquam</strong></span> <span class='ocrx_word' id='word_1_508' title='bbox 1093 3337 1224 3394; x_wconf 89' lang='lat' dir='ltr'><strong>ergo</strong></span> <span class='ocrx_word' id='word_1_509' title='bbox 1275 3323 1395 3392; x_wconf 87' lang='lat' dir='ltr'><strong>ejus</strong></span> <span class='ocrx_word' id='word_1_510' title='bbox 1425 3325 1566 3395; x_wconf 88' lang='lat' dir='ltr'><strong>quod</strong></span> <span class='ocrx_word' id='word_1_511' title='bbox 1592 3334 1677 3380; x_wconf 91' lang='lat' dir='ltr'><strong>est</strong></span> <span class='ocrx_word' id='word_1_512' title='bbox 1720 3341 1843 3382; x_wconf 87' lang='lat' dir='ltr'><strong>vere</strong></span> <span class='ocrx_word' id='word_1_513' title='bbox 1893 3327 2094 3382; x_wconf 92' lang='lat' dir='ltr'><strong>bonum</strong></span> <span class='ocrx_word' id='word_1_514' title='bbox 2127 3329 2272 3384; x_wconf 74' lang='lat' dir='ltr'><strong>desi-</strong></span> 
     </span>
    </p>
   </div>
   <div class='ocr_carea' id='block_1_64' title="bbox 697 3411 2274 3487">
    <p class='ocr_par' dir='ltr' id='par_1_64' title="bbox 697 3411 2274 3487">
     <span class='ocr_line' id='line_1_64' title="bbox 697 3411 2274 3487; baseline 0.006 -21"><span class='ocrx_word' id='word_1_515' title='bbox 697 3411 849 3466; x_wconf 89' lang='lat' dir='ltr'><strong>derio</strong></span> <span class='ocrx_word' id='word_1_516' title='bbox 885 3429 1039 3468; x_wconf 89' lang='lat' dir='ltr'><strong>mens</strong></span> <span class='ocrx_word' id='word_1_517' title='bbox 1071 3415 1342 3479; x_wconf 83' lang='lat' dir='ltr'><strong>fraudata,</strong></span> <span class='ocrx_word' id='word_1_518' title='bbox 1374 3415 1441 3469; x_wconf 87' lang='lat' dir='ltr'><strong>ad</strong></span> <span class='ocrx_word' id='word_1_519' title='bbox 1485 3418 1541 3471; x_wconf 85' lang='lat' dir='ltr'><strong>id</strong></span> <span class='ocrx_word' id='word_1_520' title='bbox 1571 3418 1722 3487; x_wconf 89' lang='lat' dir='ltr'><strong>quod</strong></span> <span class='ocrx_word' id='word_1_521' title='bbox 1755 3435 1861 3473; x_wconf 91' lang='lat' dir='ltr'><strong>non</strong></span> <span class='ocrx_word' id='word_1_522' title='bbox 1893 3429 1998 3483; x_wconf 90' lang='lat' dir='ltr'><strong>est,</strong></span> <span class='ocrx_word' id='word_1_523' title='bbox 2040 3421 2140 3475; x_wconf 79' lang='lat' dir='ltr'><strong>fuit</strong></span> <span class='ocrx_word' id='word_1_524' title='bbox 2178 3422 2274 3478; x_wconf 90' lang='lat' dir='ltr'><strong>de-</strong></span> 
     </span>
    </p>
   </div>
   <div class='ocr_carea' id='block_1_65' title="bbox 697 3503 2273 3582">
    <p class='ocr_par' dir='ltr' id='par_1_65' title="bbox 697 3503 2273 3582">
     <span class='ocr_line' id='line_1_65' title="bbox 697 3503 2273 3582; baseline 0.005 -24"><span class='ocrx_word' id='word_1_525' title='bbox 697 3505 824 3568; x_wconf 88' lang='lat' dir='ltr'><strong>lata,</strong></span> <span class='ocrx_word' id='word_1_526' title='bbox 857 3503 1048 3560; x_wconf 81' lang='lat' dir='ltr'><strong>fraude</strong></span> <span class='ocrx_word' id='word_1_527' title='bbox 1081 3507 1413 3562; x_wconf 88' lang='lat' dir='ltr'><strong>consultoris</strong></span> <span class='ocrx_word' id='word_1_528' title='bbox 1440 3515 1492 3562; x_wconf 90' lang='lat' dir='ltr'><strong>et</strong></span> <span class='ocrx_word' id='word_1_529' title='bbox 1520 3509 1822 3564; x_wconf 89' lang='lat' dir='ltr'><strong>inventoris</strong></span> <span class='ocrx_word' id='word_1_530' title='bbox 1855 3511 1970 3566; x_wconf 88' lang='lat' dir='ltr'><strong>vitii</strong></span> <span class='ocrx_word' id='word_1_531' title='bbox 2008 3528 2273 3582; x_wconf 88' lang='lat' dir='ltr'><strong>persuasa</strong></span> 
     </span>
    </p>
   </div>
   <div class='ocr_carea' id='block_1_66' title="bbox 696 3594 2275 3674">
    <p class='ocr_par' dir='ltr' id='par_1_66' title="bbox 696 3594 2275 3674">
     <span class='ocr_line' id='line_1_66' title="bbox 696 3594 2275 3674; baseline 0.006 -26"><span class='ocrx_word' id='word_1_532' title='bbox 696 3609 818 3649; x_wconf 85' lang='lat' dir='ltr'><strong>esse</strong></span> <span class='ocrx_word' id='word_1_533' title='bbox 869 3594 1073 3656; x_wconf 84' lang='lat' dir='ltr'><strong>bonum</strong></span> <span class='ocrx_word' id='word_1_534' title='bbox 1114 3596 1166 3650; x_wconf 91' lang='lat' dir='ltr'><strong>id</strong></span> <span class='ocrx_word' id='word_1_535' title='bbox 1215 3597 1360 3666; x_wconf 89' lang='lat' dir='ltr'><strong>quod</strong></span> <span class='ocrx_word' id='word_1_536' title='bbox 1394 3598 1534 3653; x_wconf 90' lang='lat' dir='ltr'><strong>bono</strong></span> <span class='ocrx_word' id='word_1_537' title='bbox 1577 3609 1662 3655; x_wconf 91' lang='lat' dir='ltr'><strong>est</strong></span> <span class='ocrx_word' id='word_1_538' title='bbox 1696 3602 2030 3656; x_wconf 88' lang='lat' dir='ltr'><strong>contrarium</strong></span> <span class='ocrx_word' id='word_1_539' title='bbox 2065 3619 2275 3674; x_wconf 88' lang='lat' dir='ltr'><strong>:neque</strong></span> 
     </span>
    </p>
   </div>
   <div class='ocr_carea' id='block_1_67' title="bbox 695 3686 2275 3764">
    <p class='ocr_par' dir='ltr' id='par_1_67' title="bbox 695 3686 2275 3764">
     <span class='ocr_line' id='line_1_67' title="bbox 695 3686 2275 3764; baseline 0.006 -23"><span class='ocrx_word' id='word_1_540' title='bbox 695 3687 840 3741; x_wconf 90' lang='lat' dir='ltr'><strong>enim</strong></span> <span class='ocrx_word' id='word_1_541' title='bbox 867 3686 1025 3743; x_wconf 89' lang='lat' dir='ltr'><strong>dolus</strong></span> <span class='ocrx_word' id='word_1_542' title='bbox 1060 3686 1250 3744; x_wconf 80' lang='lat' dir='ltr'><strong>fuisset</strong></span> <span class='ocrx_word' id='word_1_543' title='bbox 1281 3689 1498 3764; x_wconf 72' lang='lat' dir='ltr'><strong>eﬂicax,</strong></span> <span class='ocrx_word' id='word_1_544' title='bbox 1539 3693 1645 3748; x_wconf 90' lang='lat' dir='ltr'><strong>nisi</strong></span> <span class='ocrx_word' id='word_1_545' title='bbox 1678 3694 1794 3748; x_wconf 89' lang='lat' dir='ltr'><strong>vitii</strong></span> <span class='ocrx_word' id='word_1_546' title='bbox 1829 3694 1992 3750; x_wconf 90' lang='lat' dir='ltr'><strong>hamo</strong></span> <span class='ocrx_word' id='word_1_547' title='bbox 2019 3711 2158 3751; x_wconf 74' lang='lat' dir='ltr'><strong>escae</strong></span> <span class='ocrx_word' id='word_1_548' title='bbox 2190 3697 2275 3750; x_wconf 91' lang='lat' dir='ltr'><strong>in-</strong></span> 
     </span>
    </p>
   </div>
   <div class='ocr_carea' id='block_1_68' title="bbox 697 3778 2275 3855">
    <p class='ocr_par' dir='ltr' id='par_1_68' title="bbox 697 3778 2275 3855">
     <span class='ocr_line' id='line_1_68' title="bbox 697 3778 2275 3855; baseline 0.006 -22"><span class='ocrx_word' id='word_1_549' title='bbox 697 3786 814 3833; x_wconf 87' lang='lat' dir='ltr'><strong>star</strong></span> <span class='ocrx_word' id='word_1_550' title='bbox 849 3778 980 3832; x_wconf 90' lang='lat' dir='ltr'><strong>illita</strong></span> <span class='ocrx_word' id='word_1_551' title='bbox 1014 3778 1208 3834; x_wconf 83' lang='lat' dir='ltr'><strong>fuisset</strong></span> <span class='ocrx_word' id='word_1_552' title='bbox 1246 3781 1372 3836; x_wconf 90' lang='lat' dir='ltr'><strong>boni</strong></span> <span class='ocrx_word' id='word_1_553' title='bbox 1398 3783 1644 3852; x_wconf 86' lang='lat' dir='ltr'><strong>species:</strong></span> <span class='ocrx_word' id='word_1_554' title='bbox 1678 3799 1801 3838; x_wconf 91' lang='lat' dir='ltr'><strong>cum</strong></span> <span class='ocrx_word' id='word_1_555' title='bbox 1831 3800 1960 3855; x_wconf 82' lang='lat' dir='ltr'><strong>ergo</strong></span> <span class='ocrx_word' id='word_1_556' title='bbox 1987 3785 2149 3840; x_wconf 91' lang='lat' dir='ltr'><strong>homo</strong></span> <span class='ocrx_word' id='word_1_557' title='bbox 2179 3801 2275 3841; x_wconf 85' lang='lat' dir='ltr'><strong>vo-</strong></span> 
     </span>
    </p>
   </div>
   <div class='ocr_carea' id='block_1_69' title="bbox 697 3868 2274 3944">
    <p class='ocr_par' dir='ltr' id='par_1_69' title="bbox 697 3868 2274 3944">
     <span class='ocr_line' id='line_1_69' title="bbox 697 3868 2274 3944; baseline 0.004 -23"><span class='ocrx_word' id='word_1_558' title='bbox 697 3868 935 3924; x_wconf 89' lang='lat' dir='ltr'><strong>luntarie</strong></span> <span class='ocrx_word' id='word_1_559' title='bbox 965 3870 1016 3923; x_wconf 92' lang='lat' dir='ltr'><strong>in</strong></span> <span class='ocrx_word' id='word_1_560' title='bbox 1051 3870 1191 3924; x_wconf 88' lang='lat' dir='ltr'><strong>hanc</strong></span> <span class='ocrx_word' id='word_1_561' title='bbox 1220 3871 1504 3926; x_wconf 88' lang='lat' dir='ltr'><strong>incidisset</strong></span> <span class='ocrx_word' id='word_1_562' title='bbox 1535 3872 1926 3940; x_wconf 86' lang='lat' dir='ltr'><strong>calamitatem,</strong></span> <span class='ocrx_word' id='word_1_563' title='bbox 1964 3875 2054 3944; x_wconf 91' lang='lat' dir='ltr'><strong>qui</strong></span> <span class='ocrx_word' id='word_1_564' title='bbox 2086 3889 2148 3930; x_wconf 87' lang='lat' dir='ltr'><strong>se</strong></span> <span class='ocrx_word' id='word_1_565' title='bbox 2177 3890 2274 3944; x_wconf 86' lang='lat' dir='ltr'><strong>per</strong></span> 
     </span>
    </p>
   </div>
   <div class='ocr_carea' id='block_1_70' title="bbox 695 3957 2269 4034">
    <p class='ocr_par' dir='ltr' id='par_1_70' title="bbox 695 3957 2269 4034">
     <span class='ocr_line' id='line_1_70' title="bbox 695 3957 2269 4034; baseline 0.005 -24"><span class='ocrx_word' id='word_1_566' title='bbox 695 3957 1030 4012; x_wconf 81' lang='lat' dir='ltr'><strong>voluntatem</strong></span> <span class='ocrx_word' id='word_1_567' title='bbox 1062 3960 1186 4014; x_wconf 57' lang='lat' dir='ltr'><strong>vitae</strong></span> <span class='ocrx_word' id='word_1_568' title='bbox 1215 3961 1438 4015; x_wconf 89' lang='lat' dir='ltr'><strong>inimico</strong></span> <span class='ocrx_word' id='word_1_569' title='bbox 1488 3961 1872 4030; x_wconf 76' lang='lat' dir='ltr'><strong>subjunxerat,</strong></span> <span class='ocrx_word' id='word_1_570' title='bbox 1930 3980 2112 4034; x_wconf 67' lang='lat' dir='ltr'><strong>quaere</strong></span> <span class='ocrx_word' id='word_1_571' title='bbox 2139 3965 2269 4018; x_wconf 89' lang='lat' dir='ltr'><strong>mibi</strong></span> 
     </span>
    </p>
   </div>
   <div class='ocr_carea' id='block_1_71' title="bbox 698 4049 2274 4125">
    <p class='ocr_par' dir='ltr' id='par_1_71' title="bbox 698 4049 2274 4125">
     <span class='ocr_line' id='line_1_71' title="bbox 698 4049 2274 4125; baseline 0.005 -22"><span class='ocrx_word' id='word_1_572' title='bbox 698 4049 859 4104; x_wconf 89' lang='lat' dir='ltr'><strong>simul</strong></span> <span class='ocrx_word' id='word_1_573' title='bbox 898 4052 1080 4105; x_wconf 88' lang='lat' dir='ltr'><strong>omnia</strong></span> <span class='ocrx_word' id='word_1_574' title='bbox 1111 4067 1230 4122; x_wconf 83' lang='lat' dir='ltr'><strong>quae</strong></span> <span class='ocrx_word' id='word_1_575' title='bbox 1277 4053 1614 4108; x_wconf 90' lang='lat' dir='ltr'><strong>conveniunt</strong></span> <span class='ocrx_word' id='word_1_576' title='bbox 1662 4055 1729 4110; x_wconf 90' lang='lat' dir='ltr'><strong>iis</strong></span> <span class='ocrx_word' id='word_1_577' title='bbox 1759 4071 1880 4125; x_wconf 77' lang='lat' dir='ltr'><strong>quae</strong></span> <span class='ocrx_word' id='word_1_578' title='bbox 1914 4056 1981 4111; x_wconf 89' lang='lat' dir='ltr'><strong>de</strong></span> <span class='ocrx_word' id='word_1_579' title='bbox 2010 4055 2120 4112; x_wconf 88' lang='lat' dir='ltr'><strong>Deo</strong></span> <span class='ocrx_word' id='word_1_580' title='bbox 2148 4071 2274 4113; x_wconf 62' lang='lat' dir='ltr'><strong>seu:</strong></span> 
     </span>
    </p>
   </div>
   <div class='ocr_carea' id='block_1_72' title="bbox 699 4141 2272 4218">
    <p class='ocr_par' dir='ltr' id='par_1_72' title="bbox 699 4141 2272 4218">
     <span class='ocr_line' id='line_1_72' title="bbox 699 4141 2272 4218; baseline 0.008 -26"><span class='ocrx_word' id='word_1_581' title='bbox 699 4141 924 4205; x_wconf 90' lang='lat' dir='ltr'><strong>tiuutur,</strong></span> <span class='ocrx_word' id='word_1_582' title='bbox 970 4142 1288 4207; x_wconf 88' lang='lat' dir='ltr'><strong>bonitatem,</strong></span> <span class='ocrx_word' id='word_1_583' title='bbox 1343 4145 1686 4214; x_wconf 88' lang='lat' dir='ltr'><strong>sapientiam,</strong></span> <span class='ocrx_word' id='word_1_584' title='bbox 1741 4146 2029 4215; x_wconf 88' lang='lat' dir='ltr'><strong>justitiam,</strong></span> <span class='ocrx_word' id='word_1_585' title='bbox 2083 4157 2272 4218; x_wconf 84' lang='lat' dir='ltr'><strong>poten-</strong></span> 
     </span>
    </p>
   </div>
   <div class='ocr_carea' id='block_1_73' title="bbox 694 4230 2271 4310">
    <p class='ocr_par' dir='ltr' id='par_1_73' title="bbox 694 4230 2271 4310">
     <span class='ocr_line' id='line_1_73' title="bbox 694 4230 2271 4310; baseline 0.007 -27"><span class='ocrx_word' id='word_1_586' title='bbox 694 4230 848 4294; x_wconf 86' lang='lat' dir='ltr'><strong>tiam,</strong></span> <span class='ocrx_word' id='word_1_587' title='bbox 887 4233 1375 4302; x_wconf 83' lang='lat' dir='ltr'><strong>incorruptionem,</strong></span> <span class='ocrx_word' id='word_1_588' title='bbox 1403 4245 1458 4291; x_wconf 89' lang='lat' dir='ltr'><strong>et</strong></span> <span class='ocrx_word' id='word_1_589' title='bbox 1487 4238 1532 4291; x_wconf 88' lang='lat' dir='ltr'><strong>si</strong></span> <span class='ocrx_word' id='word_1_590' title='bbox 1562 4237 1690 4307; x_wconf 91' lang='lat' dir='ltr'><strong>quid</strong></span> <span class='ocrx_word' id='word_1_591' title='bbox 1723 4245 1810 4292; x_wconf 89' lang='lat' dir='ltr'><strong>est</strong></span> <span class='ocrx_word' id='word_1_592' title='bbox 1841 4239 2082 4295; x_wconf 90' lang='lat' dir='ltr'><strong>melioris</strong></span> <span class='ocrx_word' id='word_1_593' title='bbox 2105 4239 2271 4310; x_wconf 82' lang='lat' dir='ltr'><strong>signi-</strong></span> 
     </span>
    </p>
   </div>
   <div class='ocr_carea' id='block_1_74' title="bbox 696 4323 2270 4399">
    <p class='ocr_par' dir='ltr' id='par_1_74' title="bbox 696 4323 2270 4399">
     <span class='ocr_line' id='line_1_74' title="bbox 696 4323 2270 4399; baseline 0.004 -22"><span class='ocrx_word' id='word_1_594' title='bbox 696 4324 989 4378; x_wconf 80' lang='lat' dir='ltr'><strong>ficationis.</strong></span> <span class='ocrx_word' id='word_1_595' title='bbox 1039 4323 1324 4394; x_wconf 86' lang='lat' dir='ltr'><strong>Tanquam</strong></span> <span class='ocrx_word' id='word_1_596' title='bbox 1363 4328 1538 4383; x_wconf 90' lang='lat' dir='ltr'><strong>bonus</strong></span> <span class='ocrx_word' id='word_1_597' title='bbox 1580 4343 1731 4399; x_wconf 83' lang='lat' dir='ltr'><strong>ergo,</strong></span> <span class='ocrx_word' id='word_1_598' title='bbox 1773 4338 2026 4384; x_wconf 88' lang='lat' dir='ltr'><strong>movetur</strong></span> <span class='ocrx_word' id='word_1_599' title='bbox 2058 4330 2270 4386; x_wconf 87' lang='lat' dir='ltr'><strong>miseri-</strong></span> 
     </span>
    </p>
   </div>
   <div class='ocr_carea' id='block_1_75' title="bbox 693 4413 2266 4492">
    <p class='ocr_par' dir='ltr' id='par_1_75' title="bbox 693 4413 2266 4492">
     <span class='ocr_line' id='line_1_75' title="bbox 693 4413 2266 4492; baseline 0.007 -26"><span class='ocrx_word' id='word_1_600' title='bbox 693 4414 882 4468; x_wconf 88' lang='lat' dir='ltr'><strong>cordia</strong></span> <span class='ocrx_word' id='word_1_601' title='bbox 933 4413 1054 4482; x_wconf 87' lang='lat' dir='ltr'><strong>ejus</strong></span> <span class='ocrx_word' id='word_1_602' title='bbox 1107 4417 1198 4484; x_wconf 91' lang='lat' dir='ltr'><strong>qui</strong></span> <span class='ocrx_word' id='word_1_603' title='bbox 1247 4417 1552 4472; x_wconf 89' lang='lat' dir='ltr'><strong>ceciderat:</strong></span> <span class='ocrx_word' id='word_1_604' title='bbox 1610 4427 1664 4473; x_wconf 89' lang='lat' dir='ltr'><strong>et</strong></span> <span class='ocrx_word' id='word_1_605' title='bbox 1719 4429 1977 4489; x_wconf 88' lang='lat' dir='ltr'><strong>tanquam</strong></span> <span class='ocrx_word' id='word_1_606' title='bbox 2028 4423 2266 4492; x_wconf 90' lang='lat' dir='ltr'><strong>sapiens,</strong></span> 
     </span>
    </p>
   </div>
   <div class='ocr_carea' id='block_1_76' title="bbox 694 4503 2267 4578">
    <p class='ocr_par' dir='ltr' id='par_1_76' title="bbox 694 4503 2267 4578">
     <span class='ocr_line' id='line_1_76' title="bbox 694 4503 2267 4578; baseline 0.004 -21"><span class='ocrx_word' id='word_1_607' title='bbox 694 4519 805 4557; x_wconf 87' lang='lat' dir='ltr'><strong>non</strong></span> <span class='ocrx_word' id='word_1_608' title='bbox 842 4503 1056 4574; x_wconf 80' lang='lat' dir='ltr'><strong>ignorat</strong></span> <span class='ocrx_word' id='word_1_609' title='bbox 1087 4505 1306 4558; x_wconf 87' lang='lat' dir='ltr'><strong>modum</strong></span> <span class='ocrx_word' id='word_1_610' title='bbox 1341 4508 1723 4563; x_wconf 86' lang='lat' dir='ltr'><strong>revocationis.</strong></span> <span class='ocrx_word' id='word_1_611' title='bbox 1757 4507 2050 4578; x_wconf 69' lang='lat' dir='ltr'><strong>Sapientia:</strong></span> <span class='ocrx_word' id='word_1_612' title='bbox 2088 4522 2267 4565; x_wconf 89' lang='lat' dir='ltr'><strong>autem</strong></span> 
     </span>
    </p>
   </div>
   <div class='ocr_carea' id='block_1_77' title="bbox 2970 3234 3393 3288">
    <p class='ocr_par' dir='ltr' id='par_1_77' title="bbox 2970 3234 3393 3288">
     <span class='ocr_line' id='line_1_77' title="bbox 2970 3234 3393 3288; baseline -0.007 0"><span class='ocrx_word' id='word_1_613' title='bbox 2970 3236 3221 3288; x_wconf 73' lang='grc' dir='ltr'><strong>ΚΕΦΑΑ.</strong></span> <span class='ocrx_word' id='word_1_614' title='bbox 3261 3234 3393 3287; x_wconf 83' lang='grc' dir='ltr'><strong>ΚΒ’.</strong></span> 
     </span>
    </p>
   </div>
   <div class='ocr_carea' id='block_1_78' title="bbox 2461 3320 3886 3397">
    <p class='ocr_par' dir='ltr' id='par_1_78' title="bbox 2461 3320 3886 3397">
     <span class='ocr_line' id='line_1_78' title="bbox 2461 3320 3886 3397; baseline -0.004 -18"><span class='ocrx_word' id='word_1_615' title='bbox 2461 3325 2614 3380; x_wconf 74' lang='grc' dir='ltr'>Ἐπεὶ</span> <span class='ocrx_word' id='word_1_616' title='bbox 2662 3323 2756 3381; x_wconf 78' lang='grc' dir='ltr'><strong>οὖν</strong></span> <span class='ocrx_word' id='word_1_617' title='bbox 2793 3327 2891 3397; x_wconf 90' lang='grc' dir='ltr'><strong>τῆς</strong></span> <span class='ocrx_word' id='word_1_618' title='bbox 2924 3326 3061 3396; x_wconf 85' lang='grc' dir='ltr'>πρὸς</span> <span class='ocrx_word' id='word_1_619' title='bbox 3104 3325 3165 3379; x_wconf 86' lang='grc' dir='ltr'>τὺ</span> <span class='ocrx_word' id='word_1_620' title='bbox 3195 3324 3364 3389; x_wconf 75' lang='grc' dir='ltr'>ὅντως</span> <span class='ocrx_word' id='word_1_621' title='bbox 3413 3321 3615 3392; x_wconf 79' lang='grc' dir='ltr'>ἀγαθὸν</span> <span class='ocrx_word' id='word_1_622' title='bbox 3660 3320 3886 3391; x_wconf 84' lang='grc' dir='ltr'>ἐπιθυμῖ</span> 
     </span>
    </p>
   </div>
   <div class='ocr_carea' id='block_1_79' title="bbox 2376 3413 3852 3489">
    <p class='ocr_par' dir='ltr' id='par_1_79' title="bbox 2376 3413 3852 3489">
     <span class='ocr_line' id='line_1_79' title="bbox 2376 3413 3852 3489; baseline -0.004 -18"><span class='ocrx_word' id='word_1_623' title='bbox 2376 3417 2718 3488; x_wconf 70' lang='grc' dir='ltr'>διαψευσθεὶς</span> <span class='ocrx_word' id='word_1_624' title='bbox 2755 3419 2784 3471; x_wconf 83' lang='grc' dir='ltr'><strong>ὁ</strong></span> <span class='ocrx_word' id='word_1_625' title='bbox 2828 3417 2973 3480; x_wconf 85' lang='grc' dir='ltr'>νοῦς,</span> <span class='ocrx_word' id='word_1_626' title='bbox 3023 3417 3162 3487; x_wconf 80' lang='grc' dir='ltr'>πρὸς</span> <span class='ocrx_word' id='word_1_627' title='bbox 3212 3415 3274 3469; x_wconf 82' lang='grc' dir='ltr'><strong>τὸ</strong></span> <span class='ocrx_word' id='word_1_628' title='bbox 3319 3415 3392 3489; x_wconf 82' lang='grc' dir='ltr'>μὴ</span> <span class='ocrx_word' id='word_1_629' title='bbox 3423 3415 3481 3467; x_wconf 82' lang='grc' dir='ltr'>ὃν</span> <span class='ocrx_word' id='word_1_630' title='bbox 3516 3413 3852 3486; x_wconf 68' lang='grc' dir='ltr'>παρηνέχθη,</span> 
     </span>
    </p>
   </div>
   <div class='ocr_carea' id='block_1_80' title="bbox 2376 3505 3884 3578">
    <p class='ocr_par' dir='ltr' id='par_1_80' title="bbox 2376 3505 3884 3578">
     <span class='ocr_line' id='line_1_80' title="bbox 2376 3505 3884 3578; baseline -0.005 -17"><span class='ocrx_word' id='word_1_631' title='bbox 2376 3509 2590 3578; x_wconf 77' lang='grc' dir='ltr'>ἀπάτης</span> <span class='ocrx_word' id='word_1_632' title='bbox 2633 3506 2726 3560; x_wconf 86' lang='grc' dir='ltr'><strong>τοῦ</strong></span> <span class='ocrx_word' id='word_1_633' title='bbox 2775 3508 2875 3577; x_wconf 88' lang='grc' dir='ltr'><strong>τῆς</strong></span> <span class='ocrx_word' id='word_1_634' title='bbox 2918 3507 3114 3568; x_wconf 86' lang='grc' dir='ltr'>κακίας</span> <span class='ocrx_word' id='word_1_635' title='bbox 3144 3505 3443 3574; x_wconf 89' lang='grc' dir='ltr'>συμϐούλου</span> <span class='ocrx_word' id='word_1_636' title='bbox 3468 3522 3526 3556; x_wconf 90' lang='grc' dir='ltr'><strong>τε</strong></span> <span class='ocrx_word' id='word_1_637' title='bbox 3571 3505 3665 3557; x_wconf 70' lang='grc' dir='ltr'><strong>καὶ</strong></span> <span class='ocrx_word' id='word_1_638' title='bbox 3707 3505 3884 3572; x_wconf 71' lang='grc' dir='ltr'>εύρετς</span> 
     </span>
    </p>
   </div>
   <div class='ocr_carea' id='block_1_81' title="bbox 2376 3595 3879 3666">
    <p class='ocr_par' dir='ltr' id='par_1_81' title="bbox 2376 3595 3879 3666">
     <span class='ocr_line' id='line_1_81' title="bbox 2376 3595 3879 3666; baseline -0.005 -14"><span class='ocrx_word' id='word_1_639' title='bbox 2376 3599 2536 3652; x_wconf 81' lang='grc' dir='ltr'>καλὸν</span> <span class='ocrx_word' id='word_1_640' title='bbox 2564 3599 2910 3662; x_wconf 70' lang='grc' dir='ltr'>ἀναπεισθεὶς</span> <span class='ocrx_word' id='word_1_641' title='bbox 2933 3595 3069 3651; x_wconf 78' lang='grc' dir='ltr'>εἶναι</span> <span class='ocrx_word' id='word_1_642' title='bbox 3093 3598 3151 3651; x_wconf 76' lang='grc' dir='ltr'>τὸ</span> <span class='ocrx_word' id='word_1_643' title='bbox 3173 3596 3250 3666; x_wconf 80' lang='grc' dir='ltr'>τῷ</span> <span class='ocrx_word' id='word_1_644' title='bbox 3279 3595 3425 3666; x_wconf 88' lang='grc' dir='ltr'>καλῷ</span> <span class='ocrx_word' id='word_1_645' title='bbox 3451 3597 3711 3650; x_wconf 85' lang='grc' dir='ltr'>ἐναντίον.</span> <span class='ocrx_word' id='word_1_646' title='bbox 3751 3595 3823 3646; x_wconf 89' lang='grc' dir='ltr'>Ού</span> <span class='ocrx_word' id='word_1_647' title='bbox 3846 3611 3879 3661; x_wconf 87' lang='grc' dir='ltr'><strong>γ</strong></span> 
     </span>
    </p>
   </div>
   <div class='ocr_carea' id='block_1_82' title="bbox 2376 3685 3882 3761">
    <p class='ocr_par' dir='ltr' id='par_1_82' title="bbox 2376 3685 3882 3761">
     <span class='ocr_line' id='line_1_82' title="bbox 2376 3685 3882 3761; baseline -0.005 -18"><span class='ocrx_word' id='word_1_648' title='bbox 2376 3690 2442 3744; x_wconf 85' lang='grc' dir='ltr'><strong>ἂν</strong></span> <span class='ocrx_word' id='word_1_649' title='bbox 2475 3691 2774 3761; x_wconf 79' lang='grc' dir='ltr'>ἐνήργησεν</span> <span class='ocrx_word' id='word_1_650' title='bbox 2816 3692 2848 3758; x_wconf 85' lang='grc' dir='ltr'>ή</span> <span class='ocrx_word' id='word_1_651' title='bbox 2896 3689 3100 3758; x_wconf 79' lang='grc' dir='ltr'>ἀπάτη,</span> <span class='ocrx_word' id='word_1_652' title='bbox 3135 3688 3209 3758; x_wconf 82' lang='grc' dir='ltr'><strong>μὴ</strong></span> <span class='ocrx_word' id='word_1_653' title='bbox 3258 3686 3503 3748; x_wconf 82' lang='grc' dir='ltr'>δελέατος</span> <span class='ocrx_word' id='word_1_654' title='bbox 3548 3686 3704 3756; x_wconf 87' lang='grc' dir='ltr'>δίκην</span> <span class='ocrx_word' id='word_1_655' title='bbox 3750 3685 3827 3754; x_wconf 79' lang='grc' dir='ltr'>τῷ</span> <span class='ocrx_word' id='word_1_656' title='bbox 3855 3703 3882 3736; x_wconf 86' lang='grc' dir='ltr'><strong>τ</strong></span> 
     </span>
    </p>
   </div>
   <div class='ocr_carea' id='block_1_83' title="bbox 2375 3776 3882 3851">
    <p class='ocr_par' dir='ltr' id='par_1_83' title="bbox 2375 3776 3882 3851">
     <span class='ocr_line' id='line_1_83' title="bbox 2375 3776 3882 3851; baseline -0.005 -17"><span class='ocrx_word' id='word_1_657' title='bbox 2375 3782 2573 3844; x_wconf 84' lang='grc' dir='ltr'>κακίας</span> <span class='ocrx_word' id='word_1_658' title='bbox 2624 3780 2904 3851; x_wconf 82' lang='grc' dir='ltr'>ἀγκίστρῳ</span> <span class='ocrx_word' id='word_1_659' title='bbox 2950 3781 3046 3850; x_wconf 87' lang='grc' dir='ltr'><strong>τῆς</strong></span> <span class='ocrx_word' id='word_1_660' title='bbox 3089 3777 3184 3831; x_wconf 85' lang='grc' dir='ltr'><strong>τοῦ</strong></span> <span class='ocrx_word' id='word_1_661' title='bbox 3235 3777 3399 3831; x_wconf 88' lang='grc' dir='ltr'>καλοῦ</span> <span class='ocrx_word' id='word_1_662' title='bbox 3449 3776 3748 3846; x_wconf 85' lang='grc' dir='ltr'>φαντασίας</span> <span class='ocrx_word' id='word_1_663' title='bbox 3795 3791 3882 3844; x_wconf 62' lang='grc' dir='ltr'>περ</span> 
     </span>
    </p>
   </div>
   <div class='ocr_carea' id='block_1_84' title="bbox 2377 3867 3862 3946">
    <p class='ocr_par' dir='ltr' id='par_1_84' title="bbox 2377 3867 3862 3946">
     <span class='ocr_line' id='line_1_84' title="bbox 2377 3867 3862 3946; baseline -0.006 -19"><span class='ocrx_word' id='word_1_664' title='bbox 2377 3873 2729 3944; x_wconf 86' lang='grc' dir='ltr'>πλασθείσης.</span> <span class='ocrx_word' id='word_1_665' title='bbox 2768 3873 2856 3926; x_wconf 87' lang='grc' dir='ltr'>Ἐν</span> <span class='ocrx_word' id='word_1_666' title='bbox 2885 3871 3058 3946; x_wconf 77' lang='grc' dir='ltr'>ταύτῃ</span> <span class='ocrx_word' id='word_1_667' title='bbox 3080 3871 3259 3924; x_wconf 88' lang='grc' dir='ltr'>τοίνυν</span> <span class='ocrx_word' id='word_1_668' title='bbox 3289 3869 3569 3938; x_wconf 79' lang='grc' dir='ltr'>γεγονότος</span> <span class='ocrx_word' id='word_1_669' title='bbox 3601 3867 3862 3929; x_wconf 79' lang='grc' dir='ltr'>ἑκουσίως</span> 
     </span>
    </p>
   </div>
   <div class='ocr_carea' id='block_1_85' title="bbox 2376 3955 3880 4034">
    <p class='ocr_par' dir='ltr' id='par_1_85' title="bbox 2376 3955 3880 4034">
     <span class='ocr_line' id='line_1_85' title="bbox 2376 3955 3880 4034; baseline -0.006 -18"><span class='ocrx_word' id='word_1_670' title='bbox 2376 3964 2631 4034; x_wconf 81' lang='grc' dir='ltr'>συμφορᾷ</span> <span class='ocrx_word' id='word_1_671' title='bbox 2654 3962 2746 4015; x_wconf 87' lang='grc' dir='ltr'><strong>τοῦ</strong></span> <span class='ocrx_word' id='word_1_672' title='bbox 2776 3961 3062 4032; x_wconf 85' lang='grc' dir='ltr'>ἀνθρώπου</span> <span class='ocrx_word' id='word_1_673' title='bbox 3113 3960 3302 4014; x_wconf 78' lang='grc' dir='ltr'>ἑαυτὸν</span> <span class='ocrx_word' id='word_1_674' title='bbox 3345 3959 3412 4013; x_wconf 88' lang='grc' dir='ltr'>δι’</span> <span class='ocrx_word' id='word_1_675' title='bbox 3445 3958 3638 4030; x_wconf 78' lang='grc' dir='ltr'>ἡδονῆς</span> <span class='ocrx_word' id='word_1_676' title='bbox 3669 3955 3743 4026; x_wconf 80' lang='grc' dir='ltr'><strong>τῷ</strong></span> <span class='ocrx_word' id='word_1_677' title='bbox 3777 3955 3880 4026; x_wconf 55' lang='lat' dir='ltr'><strong>exe,</strong></span> 
     </span>
    </p>
   </div>
   <div class='ocr_carea' id='block_1_86' title="bbox 2374 4047 3880 4126">
    <p class='ocr_par' dir='ltr' id='par_1_86' title="bbox 2374 4047 3880 4126">
     <span class='ocr_line' id='line_1_86' title="bbox 2374 4047 3880 4126; baseline -0.006 -19"><span class='ocrx_word' id='word_1_678' title='bbox 2374 4057 2474 4126; x_wconf 81' lang='grc' dir='ltr'><strong>τῆς</strong></span> <span class='ocrx_word' id='word_1_679' title='bbox 2510 4051 2659 4122; x_wconf 79' lang='grc' dir='ltr'>ζωῆς</span> <span class='ocrx_word' id='word_1_680' title='bbox 2696 4053 3111 4119; x_wconf 77' lang='grc' dir='ltr'>ὑποζεύξαντος,</span> <span class='ocrx_word' id='word_1_681' title='bbox 3146 4052 3324 4105; x_wconf 83' lang='grc' dir='ltr'>πάντα</span> <span class='ocrx_word' id='word_1_682' title='bbox 3367 4067 3455 4120; x_wconf 89' lang='grc' dir='ltr'><strong>μοι</strong></span> <span class='ocrx_word' id='word_1_683' title='bbox 3507 4047 3646 4102; x_wconf 85' lang='grc' dir='ltr'><strong>κατά</strong></span> <span class='ocrx_word' id='word_1_684' title='bbox 3672 4048 3759 4100; x_wconf 78' lang='grc' dir='ltr'><strong>τὸν</strong></span> <span class='ocrx_word' id='word_1_685' title='bbox 3793 4047 3880 4099; x_wconf 63' lang='lat' dir='ltr'><strong>ain</strong></span> 
     </span>
    </p>
   </div>
   <div class='ocr_carea' id='block_1_87' title="bbox 2389 4139 3837 4214">
    <p class='ocr_par' dir='ltr' id='par_1_87' title="bbox 2389 4139 3837 4214">
     <span class='ocr_line' id='line_1_87' title="bbox 2389 4139 3837 4214; baseline -0.006 -18"><span class='ocrx_word' id='word_1_686' title='bbox 2389 4143 2644 4214; x_wconf 83' lang='grc' dir='ltr'>ἀναζήτει</span> <span class='ocrx_word' id='word_1_687' title='bbox 2690 4143 2759 4196; x_wconf 86' lang='grc' dir='ltr'><strong>τά</strong></span> <span class='ocrx_word' id='word_1_688' title='bbox 2803 4146 2920 4205; x_wconf 87' lang='grc' dir='ltr'>ταῖς</span> <span class='ocrx_word' id='word_1_689' title='bbox 2963 4143 3134 4204; x_wconf 87' lang='grc' dir='ltr'>θείαις</span> <span class='ocrx_word' id='word_1_690' title='bbox 3187 4140 3484 4210; x_wconf 69' lang='grc' dir='ltr'>ύπολήψεσι</span> <span class='ocrx_word' id='word_1_691' title='bbox 3531 4139 3837 4208; x_wconf 81' lang='grc' dir='ltr'>πρέποντα,</span> 
     </span>
    </p>
   </div>
   <div class='ocr_carea' id='block_1_88' title="bbox 2373 4226 3874 4303">
    <p class='ocr_par' dir='ltr' id='par_1_88' title="bbox 2373 4226 3874 4303">
     <span class='ocr_line' id='line_1_88' title="bbox 2373 4226 3874 4303; baseline -0.006 -16"><span class='ocrx_word' id='word_1_692' title='bbox 2373 4235 2597 4303; x_wconf 84' lang='grc' dir='ltr'>ἀγαθὸν,</span> <span class='ocrx_word' id='word_1_693' title='bbox 2631 4235 2721 4286; x_wconf 72' lang='grc' dir='ltr'><strong>καὶ</strong></span> <span class='ocrx_word' id='word_1_694' title='bbox 2745 4233 2972 4296; x_wconf 92' lang='grc' dir='ltr'>δίκαιον,</span> <span class='ocrx_word' id='word_1_695' title='bbox 3001 4233 3093 4285; x_wconf 79' lang='grc' dir='ltr'>καὶ</span> <span class='ocrx_word' id='word_1_696' title='bbox 3116 4231 3359 4293; x_wconf 83' lang='grc' dir='ltr'>δυνατὸν,</span> <span class='ocrx_word' id='word_1_697' title='bbox 3387 4229 3448 4280; x_wconf 79' lang='grc' dir='ltr'>τὸ</span> <span class='ocrx_word' id='word_1_698' title='bbox 3483 4228 3756 4297; x_wconf 78' lang='grc' dir='ltr'>ἄφθαρτον</span> <span class='ocrx_word' id='word_1_699' title='bbox 3781 4226 3874 4279; x_wconf 73' lang='grc' dir='ltr'><strong>καὶ</strong></span> 
     </span>
    </p>
   </div>
   <div class='ocr_carea' id='block_1_89' title="bbox 2373 4318 3878 4396">
    <p class='ocr_par' dir='ltr' id='par_1_89' title="bbox 2373 4318 3878 4396">
     <span class='ocr_line' id='line_1_89' title="bbox 2373 4318 3878 4396; baseline -0.005 -18"><span class='ocrx_word' id='word_1_700' title='bbox 2373 4344 2424 4379; x_wconf 88' lang='grc' dir='ltr'><strong>τι</strong></span> <span class='ocrx_word' id='word_1_701' title='bbox 2459 4326 2559 4394; x_wconf 86' lang='grc' dir='ltr'><strong>τῆς</strong></span> <span class='ocrx_word' id='word_1_702' title='bbox 2592 4324 2894 4396; x_wconf 87' lang='grc' dir='ltr'>κρείττονος</span> <span class='ocrx_word' id='word_1_703' title='bbox 2929 4321 3202 4392; x_wconf 85' lang='grc' dir='ltr'>σημασίας</span> <span class='ocrx_word' id='word_1_704' title='bbox 3232 4321 3396 4374; x_wconf 84' lang='grc' dir='ltr'>ἐστίν.</span> <span class='ocrx_word' id='word_1_705' title='bbox 3434 4319 3643 4372; x_wconf 89' lang='grc' dir='ltr'>Ούκοῦν</span> <span class='ocrx_word' id='word_1_706' title='bbox 3691 4318 3765 4381; x_wconf 83' lang='grc' dir='ltr'>ὡς</span> <span class='ocrx_word' id='word_1_707' title='bbox 3805 4319 3878 4386; x_wconf 86' lang='grc' dir='ltr'><strong>ἀγ</strong></span> 
     </span>
    </p>
   </div>
   <div class='ocr_carea' id='block_1_90' title="bbox 2373 4411 3876 4483">
    <p class='ocr_par' dir='ltr' id='par_1_90' title="bbox 2373 4411 3876 4483">
     <span class='ocr_line' id='line_1_90' title="bbox 2373 4411 3876 4483; baseline -0.006 -13"><span class='ocrx_word' id='word_1_708' title='bbox 2373 4417 2461 4480; x_wconf 83' lang='grc' dir='ltr'><strong>θδς</strong></span> <span class='ocrx_word' id='word_1_709' title='bbox 2489 4411 2665 4468; x_wconf 68' lang='grc' dir='ltr'>οἶκτον</span> <span class='ocrx_word' id='word_1_710' title='bbox 2691 4413 2956 4483; x_wconf 82' lang='grc' dir='ltr'>λαμϐάνει</span> <span class='ocrx_word' id='word_1_711' title='bbox 2982 4413 3072 4466; x_wconf 86' lang='grc' dir='ltr'><strong>τοῦ</strong></span> <span class='ocrx_word' id='word_1_712' title='bbox 3102 4413 3540 4476; x_wconf 78' lang='grc' dir='ltr'>διαπεπτωκότος</span> <span class='ocrx_word' id='word_1_713' title='bbox 3561 4453 3574 4476; x_wconf 88' lang='grc'><strong>,</strong></span> <span class='ocrx_word' id='word_1_714' title='bbox 3639 4412 3732 4464; x_wconf 74' lang='grc' dir='ltr'><strong>καὶ</strong></span> <span class='ocrx_word' id='word_1_715' title='bbox 3757 4411 3830 4472; x_wconf 84' lang='grc' dir='ltr'>ὡς</span> <span class='ocrx_word' id='word_1_716' title='bbox 3861 4428 3876 4462; x_wconf 84' lang='lat' dir='ltr'><strong>c</strong></span> 
     </span>
    </p>
   </div>
   <div class='ocr_carea' id='block_1_91' title="bbox 2371 4503 3876 4575">
    <p class='ocr_par' dir='ltr' id='par_1_91' title="bbox 2371 4503 3876 4575">
     <span class='ocr_line' id='line_1_91' title="bbox 2371 4503 3876 4575; baseline -0.003 -16"><span class='ocrx_word' id='word_1_717' title='bbox 2371 4507 2469 4575; x_wconf 69' lang='grc' dir='ltr'><strong>φὺς</strong></span> <span class='ocrx_word' id='word_1_718' title='bbox 2492 4507 2589 4558; x_wconf 87' lang='grc' dir='ltr'><strong>ούκ</strong></span> <span class='ocrx_word' id='word_1_719' title='bbox 2623 4507 2805 4574; x_wconf 87' lang='grc' dir='ltr'>ἀγνοεῖ</span> <span class='ocrx_word' id='word_1_720' title='bbox 2852 4506 2944 4558; x_wconf 83' lang='grc' dir='ltr'><strong>τὸν</strong></span> <span class='ocrx_word' id='word_1_721' title='bbox 2971 4504 3169 4575; x_wconf 78' lang='grc' dir='ltr'>τρόπον</span> <span class='ocrx_word' id='word_1_722' title='bbox 3202 4505 3302 4574; x_wconf 86' lang='grc' dir='ltr'><strong>τῆς</strong></span> <span class='ocrx_word' id='word_1_723' title='bbox 3345 4505 3712 4574; x_wconf 82' lang='grc' dir='ltr'>ἀνακλήσεως.</span> <span class='ocrx_word' id='word_1_724' title='bbox 3749 4503 3876 4571; x_wconf 84' lang='grc' dir='ltr'>Σοφί</span> 
     </span>
    </p>
   </div>
   <div class='ocr_carea' id='block_1_92' title="bbox 692 4594 2300 4668">
    <p class='ocr_par' dir='ltr' id='par_1_92' title="bbox 692 4594 2271 4666">
     <span class='ocr_line' id='line_1_92' title="bbox 692 4594 2271 4666; baseline 0.003 -18"><span class='ocrx_word' id='word_1_725' title='bbox 692 4600 796 4654; x_wconf 84' lang='lat' dir='ltr'><strong>est,</strong></span> <span class='ocrx_word' id='word_1_726' title='bbox 846 4595 1007 4648; x_wconf 87' lang='lat' dir='ltr'><strong>etiam</strong></span> <span class='ocrx_word' id='word_1_727' title='bbox 1055 4594 1175 4663; x_wconf 89' lang='lat' dir='ltr'><strong>ejus</strong></span> <span class='ocrx_word' id='word_1_728' title='bbox 1205 4595 1350 4664; x_wconf 93' lang='lat' dir='ltr'><strong>quod</strong></span> <span class='ocrx_word' id='word_1_729' title='bbox 1391 4595 1598 4664; x_wconf 90' lang='lat' dir='ltr'><strong>justum</strong></span> <span class='ocrx_word' id='word_1_730' title='bbox 1629 4606 1735 4660; x_wconf 88' lang='lat' dir='ltr'><strong>est,</strong></span> <span class='ocrx_word' id='word_1_731' title='bbox 1762 4598 2050 4666; x_wconf 89' lang='lat' dir='ltr'><strong>judicium.</strong></span> <span class='ocrx_word' id='word_1_732' title='bbox 2102 4599 2271 4654; x_wconf 84' lang='lat' dir='ltr'><strong>Nemo</strong></span> 
     </span>
    </p>
   </div>
   <div class='ocr_carea' id='block_1_93' title="bbox 2267 4594 3875 4668">
    <p class='ocr_par' dir='ltr' id='par_1_93' title="bbox 2267 4594 3875 4668">
     <span class='ocr_line' id='line_1_93' title="bbox 2267 4594 3875 4668; baseline -0.002 -21"><span class='ocrx_word' id='word_1_733' title='bbox 2267 4623 2271 4647; x_wconf 78' lang='grc' dir='ltr'><strong>ι</strong></span> <span class='ocrx_word' id='word_1_734' title='bbox 2300 4595 2346 4650; x_wconf 85' lang='lat' dir='ltr'><strong>D</strong></span> <span class='ocrx_word' id='word_1_735' title='bbox 2373 4599 2416 4652; x_wconf 87' lang='grc' dir='ltr'>δ’</span> <span class='ocrx_word' id='word_1_736' title='bbox 2446 4597 2511 4652; x_wconf 86' lang='grc' dir='ltr'><strong>ἂν</strong></span> <span class='ocrx_word' id='word_1_737' title='bbox 2545 4597 2629 4668; x_wconf 73' lang='grc' dir='ltr'>εἴη</span> <span class='ocrx_word' id='word_1_738' title='bbox 2701 4597 2795 4649; x_wconf 71' lang='grc' dir='ltr'><strong>καὶ</strong></span> <span class='ocrx_word' id='word_1_739' title='bbox 2841 4598 2875 4667; x_wconf 86' lang='grc' dir='ltr'>ἡ</span> <span class='ocrx_word' id='word_1_740' title='bbox 2922 4596 3015 4648; x_wconf 86' lang='grc' dir='ltr'><strong>τοῦ</strong></span> <span class='ocrx_word' id='word_1_741' title='bbox 3058 4595 3266 4648; x_wconf 89' lang='grc' dir='ltr'>δικαίου</span> <span class='ocrx_word' id='word_1_742' title='bbox 3297 4595 3497 4666; x_wconf 91' lang='grc' dir='ltr'>κρίσις.</span> <span class='ocrx_word' id='word_1_743' title='bbox 3545 4597 3617 4648; x_wconf 86' lang='grc' dir='ltr'><strong>Οὐ</strong></span> <span class='ocrx_word' id='word_1_744' title='bbox 3644 4595 3750 4665; x_wconf 88' lang='grc' dir='ltr'><strong>γάρ</strong></span> <span class='ocrx_word' id='word_1_745' title='bbox 3777 4594 3875 4646; x_wconf 63' lang='grc' dir='ltr'>ἄνει</span> 
     </span>
    </p>
   </div>
   <div class='ocr_carea' id='block_1_94' title="bbox 691 4683 2271 4756">
    <p class='ocr_par' dir='ltr' id='par_1_94' title="bbox 691 4683 2271 4756">
     <span class='ocr_line' id='line_1_94' title="bbox 691 4683 2271 4756; baseline 0.004 -21"><span class='ocrx_word' id='word_1_746' title='bbox 691 4683 837 4736; x_wconf 88' lang='lat' dir='ltr'><strong>enim</strong></span> <span class='ocrx_word' id='word_1_747' title='bbox 887 4683 1217 4752; x_wconf 62' lang='lat' dir='ltr'><strong>insipientia;</strong></span> <span class='ocrx_word' id='word_1_748' title='bbox 1247 4700 1429 4738; x_wconf 78' lang='lat' dir='ltr'><strong>veram</strong></span> <span class='ocrx_word' id='word_1_749' title='bbox 1467 4686 1718 4740; x_wconf 88' lang='lat' dir='ltr'><strong>tribuerit</strong></span> <span class='ocrx_word' id='word_1_750' title='bbox 1761 4688 2058 4756; x_wconf 88' lang='lat' dir='ltr'><strong>justitiam.</strong></span> <span class='ocrx_word' id='word_1_751' title='bbox 2101 4687 2271 4754; x_wconf 89' lang='lat' dir='ltr'><strong>Quid-</strong></span> 
     </span>
    </p>
   </div>
   <div class='ocr_carea' id='block_1_95' title="bbox 692 4773 2271 4848">
    <p class='ocr_par' dir='ltr' id='par_1_95' title="bbox 692 4773 2271 4848">
     <span class='ocr_line' id='line_1_95' title="bbox 692 4773 2271 4848; baseline 0.005 -24"><span class='ocrx_word' id='word_1_752' title='bbox 692 4787 817 4825; x_wconf 90' lang='lat' dir='ltr'><strong>nam</strong></span> <span class='ocrx_word' id='word_1_753' title='bbox 845 4787 975 4842; x_wconf 84' lang='lat' dir='ltr'><strong>ergo</strong></span> <span class='ocrx_word' id='word_1_754' title='bbox 1009 4781 1092 4826; x_wconf 90' lang='lat' dir='ltr'><strong>est</strong></span> <span class='ocrx_word' id='word_1_755' title='bbox 1121 4773 1174 4826; x_wconf 91' lang='lat' dir='ltr'><strong>in</strong></span> <span class='ocrx_word' id='word_1_756' title='bbox 1201 4773 1286 4827; x_wconf 91' lang='lat' dir='ltr'><strong>his</strong></span> <span class='ocrx_word' id='word_1_757' title='bbox 1331 4773 1586 4842; x_wconf 88' lang='lat' dir='ltr'><strong>justum?</strong></span> <span class='ocrx_word' id='word_1_758' title='bbox 1618 4774 1736 4830; x_wconf 84' lang='lat' dir='ltr'><strong>Non</strong></span> <span class='ocrx_word' id='word_1_759' title='bbox 1769 4777 1952 4846; x_wconf 90' lang='lat' dir='ltr'><strong>aliqua</strong></span> <span class='ocrx_word' id='word_1_760' title='bbox 1987 4779 2271 4848; x_wconf 85' lang='lat' dir='ltr'><strong>tyrannica</strong></span> 
     </span>
    </p>
   </div>
   <div class='ocr_carea' id='block_1_96' title="bbox 694 4859 2269 4936">
    <p class='ocr_par' dir='ltr' id='par_1_96' title="bbox 694 4859 2269 4936">
     <span class='ocr_line' id='line_1_96' title="bbox 694 4859 2269 4936; baseline 0.006 -23"><span class='ocrx_word' id='word_1_761' title='bbox 694 4859 749 4914; x_wconf 93' lang='lat' dir='ltr'><strong>in</strong></span> <span class='ocrx_word' id='word_1_762' title='bbox 777 4876 900 4916; x_wconf 91' lang='lat' dir='ltr'><strong>eum</strong></span> <span class='ocrx_word' id='word_1_763' title='bbox 953 4862 1045 4930; x_wconf 94' lang='lat' dir='ltr'><strong>qui</strong></span> <span class='ocrx_word' id='word_1_764' title='bbox 1079 4877 1180 4916; x_wconf 91' lang='lat' dir='ltr'><strong>nos</strong></span> <span class='ocrx_word' id='word_1_765' title='bbox 1216 4863 1528 4932; x_wconf 90' lang='lat' dir='ltr'><strong>possidebat</strong></span> <span class='ocrx_word' id='word_1_766' title='bbox 1571 4866 1648 4919; x_wconf 89' lang='lat' dir='ltr'><strong>uti</strong></span> <span class='ocrx_word' id='word_1_767' title='bbox 1687 4867 2048 4922; x_wconf 88' lang='lat' dir='ltr'><strong>auctoritate:</strong></span> <span class='ocrx_word' id='word_1_768' title='bbox 2095 4884 2269 4936; x_wconf 83' lang='lat' dir='ltr'><strong>neque</strong></span> 
     </span>
    </p>
   </div>
   <div class='ocr_carea' id='block_1_97' title="bbox 693 4953 2265 5027">
    <p class='ocr_par' dir='ltr' id='par_1_97' title="bbox 693 4953 2265 5027">
     <span class='ocr_line' id='line_1_97' title="bbox 693 4953 2265 5027; baseline 0 -19"><span class='ocrx_word' id='word_1_769' title='bbox 693 4968 906 5008; x_wconf 87' lang='lat' dir='ltr'><strong>summa</strong></span> <span class='ocrx_word' id='word_1_770' title='bbox 945 4954 994 5008; x_wconf 91' lang='lat' dir='ltr'><strong>vi</strong></span> <span class='ocrx_word' id='word_1_771' title='bbox 1028 4953 1287 5023; x_wconf 87' lang='lat' dir='ltr'><strong>rapiendo</strong></span> <span class='ocrx_word' id='word_1_772' title='bbox 1336 4956 1406 5010; x_wconf 89' lang='lat' dir='ltr'><strong>ab</strong></span> <span class='ocrx_word' id='word_1_773' title='bbox 1435 4971 1500 5011; x_wconf 90' lang='lat' dir='ltr'><strong>eo</strong></span> <span class='ocrx_word' id='word_1_774' title='bbox 1533 4958 1625 5027; x_wconf 92' lang='lat' dir='ltr'><strong>qui</strong></span> <span class='ocrx_word' id='word_1_775' title='bbox 1674 4958 2012 5013; x_wconf 87' lang='lat' dir='ltr'><strong>dominatum</strong></span> <span class='ocrx_word' id='word_1_776' title='bbox 2055 4959 2265 5019; x_wconf 82' lang='lat' dir='ltr'><strong>obtine-</strong></span> 
     </span>
    </p>
   </div>
   <div class='ocr_carea' id='block_1_98' title="bbox 691 5043 2264 5119">
    <p class='ocr_par' dir='ltr' id='par_1_98' title="bbox 691 5043 2264 5119">
     <span class='ocr_line' id='line_1_98' title="bbox 691 5043 2264 5119; baseline 0.001 -21"><span class='ocrx_word' id='word_1_777' title='bbox 691 5043 806 5108; x_wconf 87' lang='lat' dir='ltr'><strong>bat,</strong></span> <span class='ocrx_word' id='word_1_778' title='bbox 836 5045 1146 5114; x_wconf 83' lang='lat' dir='ltr'><strong>relinquere</strong></span> <span class='ocrx_word' id='word_1_779' title='bbox 1172 5045 1337 5114; x_wconf 67' lang='lat' dir='ltr'><strong>justte</strong></span> <span class='ocrx_word' id='word_1_780' title='bbox 1370 5047 1708 5103; x_wconf 79' lang='lat' dir='ltr'><strong>delensionis</strong></span> <span class='ocrx_word' id='word_1_781' title='bbox 1739 5051 1975 5119; x_wconf 85' lang='lat' dir='ltr'><strong>aliquam</strong></span> <span class='ocrx_word' id='word_1_782' title='bbox 2017 5056 2264 5106; x_wconf 83' lang='lat' dir='ltr'><strong>occasio.</strong></span> 
     </span>
    </p>
   </div>
   <div class='ocr_carea' id='block_1_99' title="bbox 694 5138 2264 5215">
    <p class='ocr_par' dir='ltr' id='par_1_99' title="bbox 694 5138 2264 5215">
     <span class='ocr_line' id='line_1_99' title="bbox 694 5138 2264 5215; baseline 0.006 -26"><span class='ocrx_word' id='word_1_783' title='bbox 694 5151 840 5198; x_wconf 89' lang='lat' dir='ltr'><strong>nem,</strong></span> <span class='ocrx_word' id='word_1_784' title='bbox 873 5139 920 5190; x_wconf 90' lang='lat' dir='ltr'><strong>ei</strong></span> <span class='ocrx_word' id='word_1_785' title='bbox 955 5138 1048 5207; x_wconf 92' lang='lat' dir='ltr'><strong>qui</strong></span> <span class='ocrx_word' id='word_1_786' title='bbox 1084 5153 1178 5207; x_wconf 89' lang='lat' dir='ltr'><strong>per</strong></span> <span class='ocrx_word' id='word_1_787' title='bbox 1209 5139 1542 5209; x_wconf 89' lang='lat' dir='ltr'><strong>voluptatem</strong></span> <span class='ocrx_word' id='word_1_788' title='bbox 1574 5141 1848 5198; x_wconf 90' lang='lat' dir='ltr'><strong>hominem</strong></span> <span class='ocrx_word' id='word_1_789' title='bbox 1892 5143 2174 5215; x_wconf 77' lang='lat' dir='ltr'><strong>redegerat</strong></span> <span class='ocrx_word' id='word_1_790' title='bbox 2209 5145 2264 5200; x_wconf 91' lang='lat' dir='ltr'><strong>in</strong></span> 
     </span>
    </p>
   </div>
   <div class='ocr_carea' id='block_1_100' title="bbox 693 5228 2256 5303">
    <p class='ocr_par' dir='ltr' id='par_1_100' title="bbox 693 5228 2256 5303">
     <span class='ocr_line' id='line_1_100' title="bbox 693 5228 2256 5303; baseline 0.006 -21"><span class='ocrx_word' id='word_1_791' title='bbox 693 5228 1032 5284; x_wconf 84' lang='lat' dir='ltr'><strong>servitutem.</strong></span> <span class='ocrx_word' id='word_1_792' title='bbox 1062 5230 1182 5296; x_wconf 89' lang='lat' dir='ltr'><strong>Quo</strong></span> <span class='ocrx_word' id='word_1_793' title='bbox 1205 5230 1364 5286; x_wconf 89' lang='lat' dir='ltr'><strong>modo</strong></span> <span class='ocrx_word' id='word_1_794' title='bbox 1388 5234 1533 5286; x_wconf 88' lang='lat' dir='ltr'><strong>enim</strong></span> <span class='ocrx_word' id='word_1_795' title='bbox 1561 5234 1653 5303; x_wconf 90' lang='lat' dir='ltr'><strong>qui</strong></span> <span class='ocrx_word' id='word_1_796' title='bbox 1686 5235 1916 5302; x_wconf 88' lang='lat' dir='ltr'><strong>pecunia</strong></span> <span class='ocrx_word' id='word_1_797' title='bbox 1943 5251 2097 5290; x_wconf 86' lang='lat' dir='ltr'><strong>suam</strong></span> <span class='ocrx_word' id='word_1_798' title='bbox 2131 5253 2256 5291; x_wconf 80' lang='lat' dir='ltr'><strong>ven-</strong></span> 
     </span>
    </p>
   </div>
   <div class='ocr_carea' id='block_1_101' title="bbox 691 5317 2266 5396">
    <p class='ocr_par' dir='ltr' id='par_1_101' title="bbox 691 5317 2266 5396">
     <span class='ocr_line' id='line_1_101' title="bbox 691 5317 2266 5396; baseline 0.006 -26"><span class='ocrx_word' id='word_1_799' title='bbox 691 5317 947 5372; x_wconf 88' lang='lat' dir='ltr'><strong>diderunt</strong></span> <span class='ocrx_word' id='word_1_800' title='bbox 978 5321 1306 5383; x_wconf 83' lang='lat' dir='ltr'><strong>libertatem,</strong></span> <span class='ocrx_word' id='word_1_801' title='bbox 1363 5323 1497 5377; x_wconf 82' lang='lat' dir='ltr'><strong>ﬁunt</strong></span> <span class='ocrx_word' id='word_1_802' title='bbox 1537 5325 1679 5378; x_wconf 88' lang='lat' dir='ltr'><strong>servi</strong></span> <span class='ocrx_word' id='word_1_803' title='bbox 1708 5332 2037 5394; x_wconf 91' lang='lat' dir='ltr'><strong>emptorum,</strong></span> <span class='ocrx_word' id='word_1_804' title='bbox 2085 5335 2143 5380; x_wconf 91' lang='lat' dir='ltr'><strong>ut</strong></span> <span class='ocrx_word' id='word_1_805' title='bbox 2174 5329 2266 5396; x_wconf 93' lang='lat' dir='ltr'><strong>qui</strong></span> 
     </span>
    </p>
   </div>
   <div class='ocr_carea' id='block_1_102' title="bbox 694 5407 2265 5486">
    <p class='ocr_par' dir='ltr' id='par_1_102' title="bbox 694 5407 2265 5486">
     <span class='ocr_line' id='line_1_102' title="bbox 694 5407 2265 5486; baseline 0.006 -25"><span class='ocrx_word' id='word_1_806' title='bbox 694 5407 907 5478; x_wconf 88' lang='lat' dir='ltr'><strong>seipsos</strong></span> <span class='ocrx_word' id='word_1_807' title='bbox 953 5411 1330 5480; x_wconf 86' lang='lat' dir='ltr'><strong>vendiderint;</strong></span> <span class='ocrx_word' id='word_1_808' title='bbox 1387 5423 1441 5470; x_wconf 87' lang='lat' dir='ltr'><strong>et</strong></span> <span class='ocrx_word' id='word_1_809' title='bbox 1483 5430 1582 5470; x_wconf 92' lang='lat' dir='ltr'><strong>nec</strong></span> <span class='ocrx_word' id='word_1_810' title='bbox 1624 5415 1759 5484; x_wconf 91' lang='lat' dir='ltr'><strong>ipsis</strong></span> <span class='ocrx_word' id='word_1_811' title='bbox 1790 5431 1890 5472; x_wconf 90' lang='lat' dir='ltr'><strong>nec</strong></span> <span class='ocrx_word' id='word_1_812' title='bbox 1921 5417 2017 5470; x_wconf 89' lang='lat' dir='ltr'><strong>ulli</strong></span> <span class='ocrx_word' id='word_1_813' title='bbox 2047 5417 2135 5471; x_wconf 87' lang='lat' dir='ltr'><strong>alii</strong></span> <span class='ocrx_word' id='word_1_814' title='bbox 2168 5433 2265 5486; x_wconf 92' lang='lat' dir='ltr'><strong>pro</strong></span> 
     </span>
    </p>
   </div>
   <div class='ocr_carea' id='block_1_103' title="bbox 692 5499 2262 5578">
    <p class='ocr_par' dir='ltr' id='par_1_103' title="bbox 692 5499 2262 5578">
     <span class='ocr_line' id='line_1_103' title="bbox 692 5499 2262 5578; baseline 0.006 -24"><span class='ocrx_word' id='word_1_815' title='bbox 692 5500 777 5555; x_wconf 91' lang='lat' dir='ltr'><strong>eis</strong></span> <span class='ocrx_word' id='word_1_816' title='bbox 801 5499 924 5554; x_wconf 88' lang='lat' dir='ltr'><strong>licet</strong></span> <span class='ocrx_word' id='word_1_817' title='bbox 955 5503 1288 5570; x_wconf 87' lang='lat' dir='ltr'><strong>proclamare</strong></span> <span class='ocrx_word' id='word_1_818' title='bbox 1316 5505 1380 5560; x_wconf 90' lang='lat' dir='ltr'><strong>ad</strong></span> <span class='ocrx_word' id='word_1_819' title='bbox 1414 5507 1741 5571; x_wconf 89' lang='lat' dir='ltr'><strong>libertatem,</strong></span> <span class='ocrx_word' id='word_1_820' title='bbox 1793 5508 2008 5562; x_wconf 90' lang='lat' dir='ltr'><strong>etiamsi</strong></span> <span class='ocrx_word' id='word_1_821' title='bbox 2046 5507 2262 5578; x_wconf 90' lang='lat' dir='ltr'><strong>ingenui</strong></span> 
     </span>
    </p>
   </div>
   <div class='ocr_carea' id='block_1_104' title="bbox 693 5591 2262 5668">
    <p class='ocr_par' dir='ltr' id='par_1_104' title="bbox 693 5591 2262 5668">
     <span class='ocr_line' id='line_1_104' title="bbox 693 5591 2262 5668; baseline 0.007 -25"><span class='ocrx_word' id='word_1_822' title='bbox 693 5601 746 5644; x_wconf 83' lang='lat' dir='ltr'><strong>et</strong></span> <span class='ocrx_word' id='word_1_823' title='bbox 777 5591 1006 5647; x_wconf 89' lang='lat' dir='ltr'><strong>honesto</strong></span> <span class='ocrx_word' id='word_1_824' title='bbox 1041 5593 1159 5647; x_wconf 89' lang='lat' dir='ltr'><strong>loco</strong></span> <span class='ocrx_word' id='word_1_825' title='bbox 1190 5597 1300 5650; x_wconf 90' lang='lat' dir='ltr'><strong>nati</strong></span> <span class='ocrx_word' id='word_1_826' title='bbox 1331 5606 1516 5653; x_wconf 87' lang='lat' dir='ltr'><strong>essent</strong></span> <span class='ocrx_word' id='word_1_827' title='bbox 1555 5598 1646 5668; x_wconf 91' lang='lat' dir='ltr'><strong>qui</strong></span> <span class='ocrx_word' id='word_1_828' title='bbox 1678 5614 1776 5653; x_wconf 90' lang='lat' dir='ltr'><strong>sua</strong></span> <span class='ocrx_word' id='word_1_829' title='bbox 1811 5611 2003 5666; x_wconf 81' lang='lat' dir='ltr'><strong>sponte</strong></span> <span class='ocrx_word' id='word_1_830' title='bbox 2029 5600 2094 5654; x_wconf 89' lang='lat' dir='ltr'><strong>ad</strong></span> <span class='ocrx_word' id='word_1_831' title='bbox 2122 5601 2262 5654; x_wconf 89' lang='lat' dir='ltr'><strong>hanc</strong></span> 
     </span>
    </p>
   </div>
   <div class='ocr_carea' id='block_1_105' title="bbox 695 5681 2256 5761">
    <p class='ocr_par' dir='ltr' id='par_1_105' title="bbox 695 5681 2256 5761">
     <span class='ocr_line' id='line_1_105' title="bbox 695 5681 2256 5761; baseline 0.005 -25"><span class='ocrx_word' id='word_1_832' title='bbox 695 5681 1030 5737; x_wconf 80' lang='lat' dir='ltr'><strong>devenerunt.</strong></span> <span class='ocrx_word' id='word_1_833' title='bbox 1087 5684 1449 5744; x_wconf 89' lang='lat' dir='ltr'><strong>calamitatem</strong></span> <span class='ocrx_word' id='word_1_834' title='bbox 1490 5707 1503 5746; x_wconf 90' lang='lat'><strong>:</strong></span> <span class='ocrx_word' id='word_1_835' title='bbox 1549 5691 1596 5747; x_wconf 90' lang='lat' dir='ltr'><strong>si</strong></span> <span class='ocrx_word' id='word_1_836' title='bbox 1649 5690 1773 5761; x_wconf 92' lang='lat' dir='ltr'><strong>quis</strong></span> <span class='ocrx_word' id='word_1_837' title='bbox 1832 5701 2012 5747; x_wconf 82' lang='lat' dir='ltr'><strong>autem</strong></span> <span class='ocrx_word' id='word_1_838' title='bbox 2069 5707 2256 5747; x_wconf 88' lang='lat' dir='ltr'><strong>curam</strong></span> 
     </span>
    </p>
   </div>
   <div class='ocr_carea' id='block_1_106' title="bbox 2372 4685 3874 4760">
    <p class='ocr_par' dir='ltr' id='par_1_106' title="bbox 2372 4685 3874 4760">
     <span class='ocr_line' id='line_1_106' title="bbox 2372 4685 3874 4760; baseline -0.002 -20"><span class='ocrx_word' id='word_1_839' title='bbox 2372 4687 2651 4760; x_wconf 84' lang='grc' dir='ltr'>ἀφροσύνῃ</span> <span class='ocrx_word' id='word_1_840' title='bbox 2675 4689 2776 4756; x_wconf 74' lang='grc' dir='ltr'>τὴν</span> <span class='ocrx_word' id='word_1_841' title='bbox 2801 4686 2972 4758; x_wconf 85' lang='grc' dir='ltr'>ἀληθῆ</span> <span class='ocrx_word' id='word_1_842' title='bbox 3001 4685 3344 4756; x_wconf 76' lang='grc' dir='ltr'>δικαιοσύνην</span> <span class='ocrx_word' id='word_1_843' title='bbox 3374 4685 3720 4757; x_wconf 78' lang='grc' dir='ltr'>προσάψειεν.</span> <span class='ocrx_word' id='word_1_844' title='bbox 3758 4685 3821 4737; x_wconf 92' lang='grc' dir='ltr'>Τί</span> <span class='ocrx_word' id='word_1_845' title='bbox 3851 4703 3874 4737; x_wconf 89' lang='grc' dir='ltr'><strong>ο</strong></span> 
     </span>
    </p>
   </div>
   <div class='ocr_carea' id='block_1_107' title="bbox 2373 4777 3874 4848">
    <p class='ocr_par' dir='ltr' id='par_1_107' title="bbox 2373 4777 3874 4848">
     <span class='ocr_line' id='line_1_107' title="bbox 2373 4777 3874 4848; baseline -0.001 -17"><span class='ocrx_word' id='word_1_846' title='bbox 2373 4779 2430 4831; x_wconf 80' lang='grc' dir='ltr'><strong>ἐν</strong></span> <span class='ocrx_word' id='word_1_847' title='bbox 2472 4778 2685 4842; x_wconf 84' lang='grc' dir='ltr'>τούτοις</span> <span class='ocrx_word' id='word_1_848' title='bbox 2715 4778 2774 4831; x_wconf 80' lang='grc' dir='ltr'><strong>τὸ</strong></span> <span class='ocrx_word' id='word_1_849' title='bbox 2801 4779 3037 4844; x_wconf 86' lang='grc' dir='ltr'>δίκαιον;</span> <span class='ocrx_word' id='word_1_850' title='bbox 3087 4778 3160 4831; x_wconf 82' lang='grc' dir='ltr'>Τὸ</span> <span class='ocrx_word' id='word_1_851' title='bbox 3209 4777 3284 4848; x_wconf 82' lang='grc' dir='ltr'>μὴ</span> <span class='ocrx_word' id='word_1_852' title='bbox 3331 4780 3626 4848; x_wconf 87' lang='grc' dir='ltr'>τυραννικῇ</span> <span class='ocrx_word' id='word_1_853' title='bbox 3669 4793 3771 4828; x_wconf 83' lang='grc' dir='ltr'>τινι</span> <span class='ocrx_word' id='word_1_854' title='bbox 3812 4794 3874 4846; x_wconf 87' lang='grc' dir='ltr'>χρ</span> 
     </span>
    </p>
   </div>
   <div class='ocr_carea' id='block_1_108' title="bbox 2374 4868 3874 4940">
    <p class='ocr_par' dir='ltr' id='par_1_108' title="bbox 2374 4868 3874 4940">
     <span class='ocr_line' id='line_1_108' title="bbox 2374 4868 3874 4940; baseline -0.001 -18"><span class='ocrx_word' id='word_1_855' title='bbox 2374 4872 2570 4924; x_wconf 83' lang='grc' dir='ltr'>σασθαι</span> <span class='ocrx_word' id='word_1_856' title='bbox 2600 4871 2742 4923; x_wconf 85' lang='grc' dir='ltr'><strong>κατά</strong></span> <span class='ocrx_word' id='word_1_857' title='bbox 2785 4868 2878 4922; x_wconf 85' lang='grc' dir='ltr'><strong>τοῦ</strong></span> <span class='ocrx_word' id='word_1_858' title='bbox 2912 4870 3228 4939; x_wconf 85' lang='grc' dir='ltr'>κατέχοντος</span> <span class='ocrx_word' id='word_1_859' title='bbox 3267 4871 3414 4940; x_wconf 76' lang='grc' dir='ltr'>ἡμᾶς</span> <span class='ocrx_word' id='word_1_860' title='bbox 3463 4869 3714 4940; x_wconf 82' lang='grc' dir='ltr'>αύθεντίᾳ</span> <span class='ocrx_word' id='word_1_861' title='bbox 3741 4883 3756 4898; x_wconf 73' lang='grc'><strong>⁸</strong></span> <span class='ocrx_word' id='word_1_862' title='bbox 3805 4886 3874 4939; x_wconf 81' lang='grc' dir='ltr'><strong>μη</strong></span> 
     </span>
    </p>
   </div>
   <div class='ocr_carea' id='block_1_109' title="bbox 2373 4960 3870 5034">
    <p class='ocr_par' dir='ltr' id='par_1_109' title="bbox 2373 4960 3870 5034">
     <span class='ocr_line' id='line_1_109' title="bbox 2373 4960 3870 5034; baseline -0.003 -19"><span class='ocrx_word' id='word_1_863' title='bbox 2373 4962 2450 5032; x_wconf 80' lang='grc' dir='ltr'><strong>τῷ</strong></span> <span class='ocrx_word' id='word_1_864' title='bbox 2490 4962 2730 5034; x_wconf 83' lang='grc' dir='ltr'>περιόντι</span> <span class='ocrx_word' id='word_1_865' title='bbox 2775 4962 2877 5031; x_wconf 90' lang='grc' dir='ltr'><strong>τῆς</strong></span> <span class='ocrx_word' id='word_1_866' title='bbox 2923 4961 3202 5031; x_wconf 83' lang='grc' dir='ltr'>δυνάμεως</span> <span class='ocrx_word' id='word_1_867' title='bbox 3249 4961 3640 5015; x_wconf 80' lang='grc' dir='ltr'>ἀποσπάσαντα</span> <span class='ocrx_word' id='word_1_868' title='bbox 3682 4960 3770 5014; x_wconf 91' lang='grc' dir='ltr'><strong>τοῦ</strong></span> <span class='ocrx_word' id='word_1_869' title='bbox 3802 4977 3870 5028; x_wconf 87' lang='grc' dir='ltr'><strong>κρ</strong></span> 
     </span>
    </p>
   </div>
   <div class='ocr_carea' id='block_1_110' title="bbox 2372 5051 3872 5122">
    <p class='ocr_par' dir='ltr' id='par_1_110' title="bbox 2372 5051 3872 5122">
     <span class='ocr_line' id='line_1_110' title="bbox 2372 5051 3872 5122; baseline -0.003 -18"><span class='ocrx_word' id='word_1_870' title='bbox 2372 5051 2591 5114; x_wconf 89' lang='grc' dir='ltr'>τοῦντος</span> <span class='ocrx_word' id='word_1_871' title='bbox 2638 5051 2955 5105; x_wconf 89' lang='grc' dir='ltr'>καταλιπεῖν</span> <span class='ocrx_word' id='word_1_872' title='bbox 3003 5068 3121 5104; x_wconf 90' lang='grc' dir='ltr'>τινα</span> <span class='ocrx_word' id='word_1_873' title='bbox 3159 5051 3526 5120; x_wconf 83' lang='grc' dir='ltr'>δικαιολογίας</span> <span class='ocrx_word' id='word_1_874' title='bbox 3564 5052 3827 5122; x_wconf 83' lang='grc' dir='ltr'>ἀφορμὴν,</span> <span class='ocrx_word' id='word_1_875' title='bbox 3858 5067 3872 5100; x_wconf 76' lang='grc' dir='ltr'>σι</span> 
     </span>
    </p>
   </div>
   <div class='ocr_carea' id='block_1_111' title="bbox 2370 5142 3871 5216">
    <p class='ocr_par' dir='ltr' id='par_1_111' title="bbox 2370 5142 3871 5216">
     <span class='ocr_line' id='line_1_111' title="bbox 2370 5142 3871 5216; baseline -0.002 -19"><span class='ocrx_word' id='word_1_876' title='bbox 2370 5144 2435 5198; x_wconf 88' lang='grc' dir='ltr'>δι’</span> <span class='ocrx_word' id='word_1_877' title='bbox 2461 5145 2651 5216; x_wconf 75' lang='grc' dir='ltr'>ἡδονῆς</span> <span class='ocrx_word' id='word_1_878' title='bbox 2674 5143 3202 5214; x_wconf 84' lang='grc' dir='ltr'>καταδουλωσαμένῳ</span> <span class='ocrx_word' id='word_1_879' title='bbox 3228 5142 3319 5196; x_wconf 81' lang='grc' dir='ltr'><strong>τὸν</strong></span> <span class='ocrx_word' id='word_1_880' title='bbox 3345 5144 3646 5213; x_wconf 79' lang='grc' dir='ltr'>ἄνθρωπον.</span> <span class='ocrx_word' id='word_1_881' title='bbox 3678 5142 3871 5195; x_wconf 84' lang='grc' dir='ltr'>Καθάπ</span> 
     </span>
    </p>
   </div>
   <div class='ocr_carea' id='block_1_112' title="bbox 2373 5235 3870 5307">
    <p class='ocr_par' dir='ltr' id='par_1_112' title="bbox 2373 5235 3870 5307">
     <span class='ocr_line' id='line_1_112' title="bbox 2373 5235 3870 5307; baseline -0.001 -18"><span class='ocrx_word' id='word_1_882' title='bbox 2373 5237 2482 5307; x_wconf 78' lang='grc' dir='ltr'>γὰρ</span> <span class='ocrx_word' id='word_1_883' title='bbox 2514 5238 2564 5289; x_wconf 79' lang='grc' dir='ltr'>οἱ</span> <span class='ocrx_word' id='word_1_884' title='bbox 2592 5237 2891 5307; x_wconf 85' lang='grc' dir='ltr'>χρημάτων</span> <span class='ocrx_word' id='word_1_885' title='bbox 2906 5237 3005 5306; x_wconf 79' lang='grc' dir='ltr'><strong>τὴν</strong></span> <span class='ocrx_word' id='word_1_886' title='bbox 3029 5236 3236 5290; x_wconf 79' lang='grc' dir='ltr'>ἑαυτῶν</span> <span class='ocrx_word' id='word_1_887' title='bbox 3265 5235 3574 5306; x_wconf 78' lang='grc' dir='ltr'>ἐλευθερίαν</span> <span class='ocrx_word' id='word_1_888' title='bbox 3603 5235 3870 5304; x_wconf 62' lang='grc' dir='ltr'>ἀποδόμεν(</span> 
     </span>
    </p>
   </div>
   <div class='ocr_carea' id='block_1_113' title="bbox 2369 5325 3869 5398">
    <p class='ocr_par' dir='ltr' id='par_1_113' title="bbox 2369 5325 3869 5398">
     <span class='ocr_line' id='line_1_113' title="bbox 2369 5325 3869 5398; baseline -0.001 -20"><span class='ocrx_word' id='word_1_889' title='bbox 2369 5325 2540 5378; x_wconf 91' lang='grc' dir='ltr'>δοῦλοι</span> <span class='ocrx_word' id='word_1_890' title='bbox 2571 5327 2678 5379; x_wconf 84' lang='grc' dir='ltr'><strong>τῶν</strong></span> <span class='ocrx_word' id='word_1_891' title='bbox 2711 5327 3080 5398; x_wconf 83' lang='grc' dir='ltr'>ὠνησαμένων</span> <span class='ocrx_word' id='word_1_892' title='bbox 3117 5326 3274 5390; x_wconf 77' lang='grc' dir='ltr'>εἰσὶν,</span> <span class='ocrx_word' id='word_1_893' title='bbox 3315 5326 3468 5378; x_wconf 73' lang='grc' dir='ltr'>αὐτοὶ</span> <span class='ocrx_word' id='word_1_894' title='bbox 3502 5325 3773 5397; x_wconf 87' lang='grc' dir='ltr'>πρατῆρες</span> <span class='ocrx_word' id='word_1_895' title='bbox 3811 5325 3869 5376; x_wconf 88' lang='grc' dir='ltr'><strong>ἐα</strong></span> 
     </span>
    </p>
   </div>
   <div class='ocr_carea' id='block_1_114' title="bbox 2369 5413 3869 5482">
    <p class='ocr_par' dir='ltr' id='par_1_114' title="bbox 2369 5413 3869 5482">
     <span class='ocr_line' id='line_1_114' title="bbox 2369 5413 3869 5482; baseline -0.003 -13"><span class='ocrx_word' id='word_1_896' title='bbox 2369 5417 2477 5469; x_wconf 83' lang='grc' dir='ltr'><strong>τῶν</strong></span> <span class='ocrx_word' id='word_1_897' title='bbox 2509 5417 2878 5480; x_wconf 81' lang='grc' dir='ltr'>καταστάντες</span> <span class='ocrx_word' id='word_1_898' title='bbox 2899 5434 2914 5450; x_wconf 79' lang='grc' dir='ltr'><strong>ο</strong></span> <span class='ocrx_word' id='word_1_899' title='bbox 2962 5417 3056 5472; x_wconf 73' lang='grc' dir='ltr'><strong>καὶ</strong></span> <span class='ocrx_word' id='word_1_900' title='bbox 3086 5416 3209 5469; x_wconf 75' lang='grc' dir='ltr'>οὔτε</span> <span class='ocrx_word' id='word_1_901' title='bbox 3245 5416 3446 5482; x_wconf 81' lang='grc' dir='ltr'>αὐτοῖς,</span> <span class='ocrx_word' id='word_1_902' title='bbox 3483 5414 3604 5468; x_wconf 75' lang='grc' dir='ltr'>οὔτε</span> <span class='ocrx_word' id='word_1_903' title='bbox 3635 5413 3770 5481; x_wconf 79' lang='grc' dir='ltr'>ἄλλῳ</span> <span class='ocrx_word' id='word_1_904' title='bbox 3805 5427 3869 5464; x_wconf 69' lang='lat' dir='ltr'><strong>cn</strong></span> 
     </span>
    </p>
   </div>
   <div class='ocr_carea' id='block_1_115' title="bbox 2371 5499 3868 5576">
    <p class='ocr_par' dir='ltr' id='par_1_115' title="bbox 2371 5499 3868 5576">
     <span class='ocr_line' id='line_1_115' title="bbox 2371 5499 3868 5576; baseline -0.005 -17"><span class='ocrx_word' id='word_1_905' title='bbox 2371 5508 2510 5576; x_wconf 85' lang='grc' dir='ltr'><strong>ύπέρ</strong></span> <span class='ocrx_word' id='word_1_906' title='bbox 2542 5506 2770 5560; x_wconf 80' lang='grc' dir='ltr'>ἐκείνων</span> <span class='ocrx_word' id='word_1_907' title='bbox 2800 5507 2976 5571; x_wconf 80' lang='grc' dir='ltr'>ἔξεστι</span> <span class='ocrx_word' id='word_1_908' title='bbox 3017 5507 3113 5576; x_wconf 76' lang='grc' dir='ltr'><strong>τὴν</strong></span> <span class='ocrx_word' id='word_1_909' title='bbox 3164 5506 3476 5576; x_wconf 76' lang='grc' dir='ltr'>ἐλευθερίαν</span> <span class='ocrx_word' id='word_1_910' title='bbox 3523 5499 3868 5572; x_wconf 76' lang='grc' dir='ltr'>ἐπιϐοήσασθσ</span> 
     </span>
    </p>
   </div>
   <div class='ocr_carea' id='block_1_116' title="bbox 2369 5589 3868 5669">
    <p class='ocr_par' dir='ltr' id='par_1_116' title="bbox 2369 5589 3868 5669">
     <span class='ocr_line' id='line_1_116' title="bbox 2369 5589 3868 5669; baseline -0.005 -19"><span class='ocrx_word' id='word_1_911' title='bbox 2369 5598 2470 5650; x_wconf 69' lang='grc' dir='ltr'>κᾶν</span> <span class='ocrx_word' id='word_1_912' title='bbox 2498 5597 2817 5668; x_wconf 87' lang='grc' dir='ltr'>εύπάτριδες</span> <span class='ocrx_word' id='word_1_913' title='bbox 2860 5593 2992 5652; x_wconf 81' lang='grc' dir='ltr'>ὦσιν</span> <span class='ocrx_word' id='word_1_914' title='bbox 3026 5599 3074 5651; x_wconf 83' lang='grc' dir='ltr'>οἱ</span> <span class='ocrx_word' id='word_1_915' title='bbox 3105 5599 3240 5669; x_wconf 85' lang='grc' dir='ltr'>πρὸς</span> <span class='ocrx_word' id='word_1_916' title='bbox 3285 5601 3384 5668; x_wconf 81' lang='grc' dir='ltr'><strong>τὴν</strong></span> <span class='ocrx_word' id='word_1_917' title='bbox 3431 5593 3706 5666; x_wconf 80' lang='grc' dir='ltr'>συμφορὰν</span> <span class='ocrx_word' id='word_1_918' title='bbox 3732 5589 3868 5644; x_wconf 75' lang='grc' dir='ltr'>ταύτι</span> 
     </span>
    </p>
   </div>
   <div class='ocr_carea' id='block_1_117' title="bbox 2369 5682 3868 5761">
    <p class='ocr_par' dir='ltr' id='par_1_117' title="bbox 2369 5682 3868 5761">
     <span class='ocr_line' id='line_1_117' title="bbox 2369 5682 3868 5761; baseline -0.004 -19"><span class='ocrx_word' id='word_1_919' title='bbox 2369 5687 2833 5757; x_wconf 75' lang='grc' dir='ltr'>αὐτομολήσαντες</span> <span class='ocrx_word' id='word_1_920' title='bbox 2854 5705 2868 5721; x_wconf 79' lang='grc' dir='ltr'><strong>ο</strong></span> <span class='ocrx_word' id='word_1_921' title='bbox 2904 5692 2951 5742; x_wconf 88' lang='grc' dir='ltr'><strong>εί</strong></span> <span class='ocrx_word' id='word_1_922' title='bbox 2979 5689 3033 5742; x_wconf 83' lang='grc' dir='ltr'><strong>δέ</strong></span> <span class='ocrx_word' id='word_1_923' title='bbox 3059 5706 3140 5754; x_wconf 89' lang='grc' dir='ltr'><strong>τις</strong></span> <span class='ocrx_word' id='word_1_924' title='bbox 3174 5689 3467 5761; x_wconf 83' lang='grc' dir='ltr'>κηδόμενος</span> <span class='ocrx_word' id='word_1_925' title='bbox 3497 5685 3591 5741; x_wconf 84' lang='grc' dir='ltr'><strong>τοῦ</strong></span> <span class='ocrx_word' id='word_1_926' title='bbox 3621 5682 3868 5756; x_wconf 70' lang='grc' dir='ltr'>ἀπεμποῖι</span> 
     </span>
    </p>
   </div>
  </div>
