4072 6212
248 245 318 302 σι
1491 244 1746 303 ORATIO
1772 245 2276 304 CATECIIETICA.
3429 249 3503 308 62

250 365 438 428 θέντος
456 362 545 434 βία
576 361 715 417 κατὰ
740 362 835 417 τοῦ
857 362 1212 436 ὠνησαμένου
1245 363 1445 437 χρῷτο,
1477 366 1660 431 ἄδικος
1687 363 1827 422 εἶναι

1938 383 2133 439 gerens
2187 369 2311 439 ejus
2335 367 2426 438 qui
2461 367 2562 422 fuit
2590 368 2863 433 venditus.
2920 368 2971 423 vi
3020 376 3204 425 utatur
3235 367 3502 425 adversus

248 453 393 517 δόξει
430 451 687 522 τῷνόμῳ
729 452 1001 524 κτηθέντα
1030 455 1367 525 τυραννικῶς
1405 455 1823 528 ἐξαιρούμενος*

248 542 559 609 ἐξωνεῖσθαι
579 542 642 596 δὲ
668 543 827 596 πάλιν
851 545 899 597 εἰ
932 542 1164 611 βούλοιτο
1187 545 1296 599 τῶν
1323 547 1576 603 τοιούτων
1600 549 1772 614 οὐδεὶς
1796 552 1827 604 ὁ

246 633 472 687 κωλύων
499 633 667 704 νόμος
695 633 842 687 ἐστί·

841 724 1093 778 ΚΕΦΑΛ.
1134 726 1263 779 Kl".

318 814 478 868 Κατὰ
517 813 610 868 τὸν
651 815 814 869 αὑτὸν
858 817 1058 887 τρόπον
1101 816 1363 882 ἑκουσίως
1408 818 1564 889 ήμῶν
1608 820 1834 885 ἑαυτοὺς

244 906 781 978 ἀπεμπολησάντων,
815 907 919 960 ἔδει
950 908 1100 980 παρά
1123 907 1217 962 τοῦ
1248 907 1315 961 δι’
1338 908 1645 983 ἀγαθότητα
1671 911 1832 965 πάλιν

245 997 404 1065 ἡμᾶς
444 997 526 1059 είς
554 996 868 1066 ἐλευθερίαν
893 995 1297 1068 ἐξαιρουμένου,
1337 996 1411 1068 μὴ
1454 997 1544 1052 τὸν
1583 1015 1834 1070 τυραννι-

244 1086 371 1149 κον,
401 1086 541 1140 ἀλλὰ
570 1086 658 1139 τον
694 1085 901 1139 δίκαιον
939 1086 1136 1156 τρόπον
1163 1085 1514 1157 ἐπινοηθῆναι
1561 1087 1661 1158 τῆς
1692 1087 1830 1141 ἀνα-

252 1178 538 1249 κλήσεως.
596 1169 766 1240 Οὗτος
789 1177 847 1230 δέ
878 1179 995 1231 ἐστί
1024 1195 1109 1241 τις
1143 1177 1223 1247 τῷ
1263 1177 1645 1249 ἐπικρατοῦντι
1674 1179 1833 1250 ποιή-

241 1269 457 1323 σασθαι
505 1269 613 1321 πᾶν
644 1270 782 1341 ὅπερ
809 1269 877 1323 ἂν
904 1268 1078 1323 ἐθέλοι
1106 1268 1299 1340 λύτρον
1341 1271 1461 1323 ἀντὶ
1482 1269 1576 1324 τοῦ
1604 1287 1832 1342 κατεχο-

246 1358 418 1428 μένου
450 1357 652 1411 λαϐεῖν.
700 1359 767 1412 Τί
814 1359 993 1413 τοίνυν
1039 1359 1183 1423 είκδς
1221 1356 1291 1428 ἧν
1341 1360 1539 1431 μᾶλλον
1570 1361 1667 1415 τὸν
1693 1378 1831 1434 κρα-

1931 468 2253 530 emptorem,
2311 459 2550 528 injustus
2593 474 2715 514 esse
2755 459 3045 525 videbitur,
3100 460 3197 529 qui
3240 475 3362 514 eum
3405 458 3501 529 qui

1931 553 2049 621 lege
2072 558 2158 606 est
2187 550 2510 621 acquisitus,
2538 551 2592 605 vi
2619 550 2815 620 eripit;
2846 550 2940 606 sed
2986 550 3031 605 si
3071 551 3341 619 quispiam
3374 551 3501 607 velit

1882 684 1886 686 ν
1932 658 2053 699 eum
2085 641 2367 705 redimere,
2392 642 2538 695 nulla
2567 650 2649 696 est
2680 641 2762 695 lex
2794 656 2914 709 quin
2946 641 3000 695 id
3025 651 3167 697 vetet
3203 661 3218 696 :

2510 730 2737 786 CAPUT
2775 729 2961 785 XXIII.

2002 824 2202 879 Eodem
2232 824 2398 879 modo
2427 838 2549 879 cum
2583 838 2684 879 nos
2723 824 2871 894 ipsos
2904 829 3092 878 nostra
3135 829 3328 892 sponte
3371 838 3503 878 ven-

1931 914 2254 979 diderimus,
2295 915 2582 985 oportebat
2629 914 2698 968 ab
2734 928 2800 968 eo
2828 913 2920 982 qui
2954 922 3184 982 propter
3204 911 3501 967 bonitatem

1934 1018 2035 1060 nos
2064 1004 2120 1058 in
2151 1004 2453 1059 libertatem
2485 1020 2675 1060 rursus
2705 1013 2822 1060 erat
2862 1003 3366 1063 restituturus,non
3402 1002 3504 1055 ali-

1933 1110 2093 1167 quem
2144 1097 2507 1165 tyrannicum,
2557 1096 2653 1151 sed
2692 1096 2901 1165 justum
2947 1092 3243 1164 excogilari
3282 1092 3502 1147 modum

1932 1185 2319 1240 revocationis.
2361 1184 2411 1241 Is
2466 1194 2645 1241 autem
2690 1194 2797 1251 εει,
2859 1183 2990 1238 dare
3021 1181 3383 1253 quodcunque
3412 1196 3504 1237 vec

1933 1276 1994 1331 lit
2039 1276 2271 1346 pretium
2317 1276 2708 1347 redemptionis
2756 1290 2857 1345 pro
2907 1288 2974 1331 eo
3020 1288 3181 1345 quem
3238 1272 3500 1343 possidet.

1932 1364 2073 1433 Quid
2103 1382 2235 1437 ergo
2268 1375 2353 1422 est
2379 1367 2692 1429 verisimile,
2734 1365 2906 1435 magis
2933 1365 3072 1421 velle
3103 1364 3351 1434 accipere
3374 1378 3502 1418 cum

238 1449 451 1502 τοῦντα
495 1448 684 1503 λαϐεῖν
728 1449 944 1504 ἑλέσθαι
975 1467 988 1516 ;
1038 1450 1271 1506 Δυνατόν
1295 1453 1411 1504 ἐστι
1439 1451 1506 1506 δι’
1539 1452 1832 1507 ἀκολούθου

244 1541 558 1611 στοχασμὸν
592 1557 717 1595 τινα
747 1541 848 1611 τῆς
890 1541 1188 1612 ἐπιθυμίας
1231 1542 1395 1597 αὐτοῦ
1440 1544 1645 1598 λαϐεῖν.
1698 1540 1833 1597 Εἶτα

1935 1459 2029 1528 qui
2066 1457 2228 1513 habet
2270 1457 2650 1513 dominatum?
2689 1455 2991 1512 Possumus
3027 1469 3121 1526 per
3158 1469 3503 1523 consequeno

1935 1545 2063 1600 tiam
2092 1559 2285 1616 capere
2313 1546 2548 1616 aliquam
2593 1544 2962 1615 conjecturam
2998 1543 3118 1613 ejus
3165 1541 3505 1612 cupiditatis,

244 1631 500 1706 πρόδηλα
530 1631 741 1699 γένοιτο
771 1633 900 1702 ἡμῖν
930 1633 1036 1687 τῶν
1062 1633 1410 1705 ζητουμένων
1435 1635 1728 1706 τεκμήρια.
1772 1635 1833 1689 ὐ

1936 1636 1979 1691 si
2012 1636 2123 1692 sint
2156 1636 2315 1691 nobis
2359 1636 2646 1691 manifesta
2686 1636 2840 1707 signa
2866 1649 3053 1691 eorum
3092 1648 3220 1703 quae
3244 1646 3503 1702 qmerun-

238 1726 431 1778 τοίνυν
459 1728 602 1779 κατα
622 1725 715 1779 τὸν
746 1724 805 1779 ἐν
833 1723 975 1794 ἀρχῇ
1003 1722 1097 1777 τοῦ
1132 1724 1562 1797 συγγράμματος
1595 1741 1834 1796 προαπο⁹

1936 1738 2043 1781 lur.
2093 1726 2193 1793 Qui
2224 1743 2374 1799 ergo,
2427 1736 2486 1781 ut
2519 1727 2621 1782 fuit
2671 1727 2822 1797 prius
2875 1726 3201 1795 explicatum
3253 1724 3306 1776 in
3350 1722 3506 1776 initio

239 1815 472 1869 δοθέντα
504 1816 683 1881 λόγον,
712 1814 791 1885 τῷ
824 1812 965 1886 πρὸς
992 1813 1081 1867 τὸν
1102 1814 1471 1886 εὐημεροῦντα
1492 1812 1673 1886 φθόνῳ
1697 1814 1834 1886 πρὸς

1936 1819 2078 1887 libri,
2138 1828 2358 1890 propter
2390 1819 2647 1874 invidiam
2692 1820 2748 1874 in
2786 1832 2908 1874 enm
2940 1825 3283 1885 conceptam,
3342 1815 3501 1883 cujus

239 1906 314 1960 τὸ
347 1907 561 1975 ἀγαθὸν
592 1906 886 1977 ἐπιμύσας,
944 1907 1035 1960 τὸν
1087 1905 1143 1958 δὲ
1187 1906 1285 1976 τῆς
1334 1906 1529 1969 κακίας
1573 1904 1734 1975 ζόφον
1776 1907 1834 1962 ὲν

1936 1925 2023 1966 res
2056 1918 2213 1965 erant
2241 1910 2529 1975 secundae,
2570 1908 2640 1963 ad
2687 1909 2890 1963 bonum
2937 1907 3133 1960 clausit
3192 1905 3401 1969 oculos,
3445 1904 3502 1958 in

239 1995 440 2067 ἑαυτῷ
468 1998 732 2067 γεννήσας
755 2013 769 2029 ’
793 1998 969 2068 ἀρχὴν
998 1997 1054 2051 δε
1082 1997 1181 2069 τῆς
1214 1996 1347 2068 πρὸς
1371 1996 1438 2050 τά
1462 1995 1628 2067 χείρω
1658 1997 1834 2068 ῥοπῆς

1936 2004 2115 2074 seipso
2157 2012 2335 2057 autem
2387 2001 2573 2071 genuit
2612 2000 2865 2055 tenebras
2912 1998 3061 2062 vitii,
3100 2005 3154 2052 et
3199 1994 3505 2065 imperandr

235 2089 350 2141 καὶ
396 2087 657 2142 ὑπόθεσιν
709 2089 796 2142 καὶ
828 2089 989 2143 οἱονεὶ
1029 2090 1240 2161 μητέρα
1271 2089 1370 2159 τῆς
1410 2089 1602 2159 λοιπῆς
1634 2089 1834 2154 κακίας

1936 2094 2187 2151 laborans
2215 2092 2533 2163 cupiditate,
2564 2106 2686 2161 quae
2715 2099 2799 2146 est
2830 2089 2993 2145 veluti
3037 2089 3248 2142 initium
3288 2096 3342 2141 et
3378 2085 3504 2140 fun-

236 2181 350 2249 τὴν
406 2180 699 2252 φιλαρχίαν
741 2181 1006 2251 νοσήσας,
1057 2181 1200 2245 τίνος
1241 2181 1306 2234 ἂν
1349 2180 1713 2253 ἀντηλλάξατο
1740 2180 1832 2235 τὸν

1936 2186 2246 2242 damentum
2280 2185 2348 2238 ad
2381 2184 2649 2239 deteriora
2688 2181 3088 2252 propensionis,
3109 2187 3164 2235 et
3187 2179 3355 2235 veluti
3383 2193 3502 2232 ma-

239 2272 640 2341 κατεχόμενον,
672 2273 721 2324 εί
764 2271 838 2344 μὴ
871 2271 1069 2343 δηλαδὴ
1100 2272 1194 2325 τοῦ
1227 2272 1554 2344 ὑψηλοτέρου
1587 2272 1681 2326 καὶ
1713 2272 1832 2343 μεί-

243 2366 407 2428 ζονος
432 2363 901 2434 άνταλλάγματος,
934 2364 1009 2427 ὠς
1043 2363 1107 2418 ἂν
1140 2364 1338 2435 μᾶλλον
1368 2364 1560 2418 ἑαυτοῦ
1591 2364 1653 2417 τὸ
1692 2365 1832 2419 κατὰ

246 2454 339 2507 τὸν
366 2453 543 2522 τῦφον
576 2454 793 2526 θρέψειε
835 2454 1027 2518 πάθος,
1066 2456 1132 2508 τά
1169 2455 1339 2525 μείζω
1384 2456 1491 2509 τῶν
1537 2455 1834 2510 ἐλαττόνων

246 2542 710 2614 διαμειϐόμενοςς
763 2543 922 2598 Ἀλλά
967 2545 1072 2616 μὴν
1116 2547 1173 2598 ὲν
1200 2547 1311 2608 τοῖς
1338 2546 1431 2599 ἀπ’
1465 2544 1659 2609 αἰῶνος
1693 2547 1834 2599 ἱστο-

251 2634 562 2704 ρουμένοις.
596 2635 657 2685 ἐν
693 2632 870 2686 οὐδενὶ
907 2632 1231 2701 συνεγνὼκει
1262 2633 1501 2688 τοιοῦτον
1539 2634 1710 2699 οὐδὲν,
1744 2630 1834 2689 οἶα

252 2722 511 2795 καθεώρα
538 2724 669 2795 περὶ
695 2723 795 2794 τὴν
822 2722 943 2777 τότε
984 2724 1316 2795 φαινομένην
1347 2724 1639 2796 κυοφορίαν
1663 2725 1826 2779 ἀσυν-

248 2815 531 2886 τρίαστον,
568 2816 663 2868 καὶ
690 2814 942 2884 γέννησιν
968 2813 1224 2886 ἄφθορον,
1260 2815 1355 2868 καὶ⁵
1388 2813 1555 2887 θήλην
1585 2817 1651 2868 ὲκ
1686 2833 1832 2888 παρ-

250 2905 459 2969 θενίας,
486 2906 585 2959 καὶ
608 2904 814 2959 ἀνωθεν
841 2905 1317 2978 ἐπιμαρτυρούσας
1336 2906 1413 2977 τῷ
1442 2908 1707 2978 ὑπερφυεῖ
1731 2909 1832 2979 τῆς

248 2996 412 3062 ἀξίας
434 3000 502 3051 ἐκ
526 2997 637 3050 τῶν
662 2997 909 3068 ἀοράτων
950 2998 1131 3066 φωνάς
1150 3014 1161 3028 ·
1211 2999 1303 3052 καὶ
1349 2998 1458 3052 τῶν
1490 2998 1587 3070 τῆς
1619 2999 1830 3069 φύσεως

252 3053 719 3160 ἀρρωστημάτων
732 3053 1063 3160 ’διόρθωσιῃ
1104 3053 1707 3161 ἀπραγμάτευτόντιινα
1739 3053 1834 3145 καῖ
1859 3053 1903 3112 C

248 3178 419 3247 ψιλὴν
443 3180 504 3230 ἐν
530 3180 730 3249 ῥήματι
761 3179 907 3250 μόνῳ
939 3180 1034 3234 καὶ
1063 3183 1204 3251 ὁρμῇ
1239 3181 1333 3236 τοῦ
1362 3182 1662 3254 θελήματος
1693 3183 1828 3254 παρ’

250 3268 426 3322 αὑτοῦ
469 3270 778 3341 γινομένην,
815 3271 915 3340 τήν
963 3288 1023 3324 τε
1066 3271 1174 3326 τῶν
1219 3271 1557 3343 τεθνηκότων
1606 3274 1701 3326 ἐπὶ
1743 3274 1836 3327 τὸν

256 3360 369 3430 βίον
402 3360 683 3424 ἀνάλυσιν,
706 3364 801 3416 καὶ
824 3361 915 3415 τὸν
945 3361 1083 3416 κατά
1102 3362 1210 3416 τῶν
1238 3362 1507 3433 δαιμόνων
1537 3363 1720 3433 φόϐον,
1743 3364 1836 3418 καὶ

255 3452 365 3505 τῶν
397 3453 544 3506 κατὰ
571 3454 666 3505 τὸν
687 3455 827 3525 ἀέρα
856 3454 1043 3507 παθῶν
1070 3455 1167 3526 τὴν
1209 3455 1477 3522 ἐξουσίαν,
1504 3457 1597 3510 καὶ
1624 3456 1724 3530 τὴν
1750 3456 1839 3511 διὰ

258 3541 536 3613 θαλάσσης
563 3545 812 3613 πορείαν,
845 3546 906 3598 οὐ
946 3544 1334 3617 διαχωροῦντος
1371 3548 1454 3616 ἐφ’
1485 3546 1718 3618 ἑκάτερα
1741 3547 1836 3602 τοῦ

260 3634 557 3703 πελάγους,
592 3636 691 3689 καὶ
740 3637 831 3691 τὸν
881 3636 1131 3709 πυθμένα
1173 3638 1503 3708 γυμνοῦντος
1541 3642 1653 3702 τοῖς
1697 3658 1838 3711 παρ-

258 3725 505 3780 οδεύουσι
529 3728 670 3781 κατά
697 3728 796 3798 τὴν
833 3728 1072 3790 Μωσέως
1096 3728 1552 3801 θαυματουργίαν,
1586 3731 1698 3784 ἀλλ’
1726 3732 1838 3787 ἀνω

262 3813 369 3881 τῆς
397 3818 714 3884 ἐπιφανείας
733 3817 825 3871 τοῦ
854 3818 1043 3882 ὓδατος
1068 3819 1539 3892 ύποχερσουμένης
1563 3825 1630 3894 τῇ
1662 3822 1836 3892 βάσει,

263 3904 371 3956 καὶ
402 3902 494 3955 διὰ
539 3905 638 3974 τῆς
678 3908 940 3975 ἀσφαλοῦς
986 3910 1305 3975 ἀντιτυπίας
1346 3912 1730 3985 ύπερειδούσης
1778 3913 1841 3966 τὸ

261 3994 443 4061 ι’χνος,
481 3995 582 4064 τήν
629 4011 686 4047 τε
726 3997 817 4068 τῆς
846 3998 1049 4069 τροφῆς
1076 4000 1375 4071 ὑπεροψίαν
1412 4001 1496 4071 ἐφ’
1545 4002 1667 4056 ὅσον
1719 4003 1842 4072 βού-

257 4084 433 4149 λοιτο,
467 4087 563 4141 καὶ
602 4087 701 4151 τάς
723 4091 778 4142 ἐν
807 4092 1013 4163 ἐρημία
1038 4091 1278 4161 δαψιλεῖς
1313 4095 1584 4159 ἑστιάσεις
1642 4095 1753 4149 τῶν
1781 4097 1839 4148 ἐν

259 4176 490 4241 πολλαῖς
542 4179 779 4249 χιλιάσιν
825 4184 1213 4255 εὐωχουμένων
1240 4203 1253 4216 ο
1315 4179 1396 4249 οἷς
1441 4186 1565 4239 οὔτε
1610 4187 1842 4258 οὐρανὸς

257 4266 485 4338 ἐπέρρει
517 4269 579 4320 τὸ
605 4269 803 4339 μάννα,
854 4270 977 4325 οὔτε
1020 4274 1053 4341 ἡ
1097 4272 1170 4343 γῆ
1203 4273 1344 4327 κατὰ
1374 4274 1474 4345 τὴν
1510 4275 1644 4329 ἰδίαν
1671 4276 1842 4346 αὐτῆς

1932 2289 2014 2334 ter
2038 2289 2355 2333 cancrorum
2392 2275 2667 2339 vitiorum,
2705 2287 2941 2344 quonam
2992 2272 3164 2342 pretio
3198 2277 3503 2325 commuta-

1932 2376 2015 2424 ret
2053 2382 2178 2424 eum
2222 2381 2384 2438 quem
2435 2364 2769 2435 possidebat,
2822 2362 2927 2418 nisi
2975 2362 3121 2433 quod
3160 2369 3306 2416 esset
3341 2361 3497 2430 longe

1933 2459 2248 2525 maximum,
2310 2456 2518 2525 majora
2552 2453 2866 2524 accipiendo
2914 2464 3010 2522 pro
3068 2450 3391 2515 minoribus,
3444 2459 3504 2503 ut

1934 2550 2105 2620 magis
2141 2549 2308 2603 aleret
2345 2561 2499 2602 suam
2533 2543 2804 2614 superbiae
2830 2541 3212 2597 affectionem?
3258 2540 3420 2609 Atqui
3447 2539 3501 2592 in

1932 2642 2000 2698 iis
2036 2657 2157 2712 qua:
2181 2656 2210 2694 a
2243 2638 2515 2711 prioribus
2546 2636 2779 2693 saeculis
2801 2643 2895 2690 aut
2938 2642 3178 2698 narrata,
3234 2640 3327 2687 aut
3362 2632 3504 2696 litte-

1933 2733 2012 2789 ris
2057 2731 2314 2787 mandata
2370 2729 2601 2796 fuerant,
2638 2727 2971 2799 intelligebat
3004 2725 3138 2780 nibil
3172 2723 3340 2779 fuisse
3372 2723 3500 2784 tale,

1931 2821 2092 2893 quale
2120 2820 2335 2875 videbat
2360 2820 2416 2873 in
2448 2833 2515 2873 eo
2545 2817 2639 2888 qui
2662 2831 2805 2871 nunc
2826 2815 3139 2886 apparebat,
3165 2826 3357 2882 nempe
3378 2826 3506 2866 con-

1932 2911 2233 2982 ceptionem
2270 2911 2474 2979 absque
2521 2908 2628 2961 ulla
2675 2921 2801 2961 cum
2844 2909 2962 2961 viro
3007 2906 3412 2975 conjunctione,
3448 2913 3503 2957 et

1933 3013 2111 3060 ortum
2126 3004 2331 3073 absque
2346 3003 2455 3057 ulla
2473 3002 2840 3070 corruptione,
2871 3007 2925 3055 et
2941 2999 3228 3052 laetantem
3247 2994 3501 3051 feminam

1935 3109 2004 3149 ex
2036 3092 2366 3160 virginitate,
2382 3100 2437 3147 et
2462 3104 2669 3145 vocese
2684 3090 2900 3159 superis
2928 3094 3193 3144 testantes
3209 3083 3505 3139 admirabio

1937 3186 2039 3240 lem
2087 3185 2209 3254 ejus
2234 3183 2575 3254 dignitatem,
2606 3197 2729 3236 cum
2757 3181 2892 3235 nihil
2917 3189 3098 3235 tamen
3148 3176 3366 3232 caderet
3403 3176 3506 3231 sub

1938 3284 2242 3346 aspectum,
2264 3284 2471 3330 natura:
2488 3275 2800 3330 morborum
2822 3279 2877 3328 et
2903 3268 3286 3342 aegritudinum
3316 3282 3501 3323 correv

1936 3367 2170 3421 ctionem
2185 3364 2756 3435 accurationem,quae
2788 3363 2858 3418 ab
2885 3378 2951 3419 eo
2982 3360 3142 3415 flebat
3168 3360 3302 3413 citra
3333 3359 3503 3413 ullum

1936 3459 2234 3529 negotium,
2253 3456 2479 3527 soloque
2493 3455 2659 3512 verbo
2675 3463 2730 3511 et
2759 3462 2890 3509 nutu
2923 3468 2987 3509 ac
3006 3458 3278 3506 momento
3308 3448 3506 3504 volun—

1938 3549 2084 3617 tatis,
2100 3556 2357 3604 eteorum
2377 3547 2469 3619 qui
2485 3563 2517 3604 e
2542 3548 2655 3603 vita
2671 3552 3046 3611 excesserant,
3064 3545 3189 3599 vitae
3202 3541 3505 3600 restitutio-

1937 3648 2150 3706 nem,et
2175 3639 2481 3694 daemonum
2512 3649 2794 3701 terrorem,
2824 3643 3257 3707 potestatemque
3287 3633 3342 3687 in
3382 3628 3508 3685 alie-

1938 3731 2148 3787 ctiones
2180 3734 2344 3798 aeris,
2368 3738 2423 3786 et
2451 3744 2546 3801 per
2566 3744 2713 3784 mare
2742 3729 3068 3798 ingressum,
3091 3726 3345 3796 utrinque
3367 3722 3504 3777 mari

1940 3838 2049 3877 non
2084 3821 2417 3885 discedente,
2458 3828 2516 3876 et
2549 3820 2619 3876 iis
2645 3820 2740 3892 qui
2769 3819 3078 3874 transibant
3115 3817 3343 3872 fundum
3384 3829 3508 3884 ape-

1940 3903 2134 3977 riente,
2169 3920 2531 3984 congruenter
2569 3913 2621 3967 ei
2655 3911 2918 3967 miraculo
2943 3908 3087 3983 quod
3130 3908 3329 3962 factum
3360 3912 3444 3959 est
3475 3918 3505 3957 a

1941 4004 2145 4075 Moyse,
2174 4004 2269 4059 sed
2299 4003 2468 4059 maris
2495 4004 2781 4072 superlicie
2821 4000 2887 4054 ad
2920 3997 3347 4069 ingrediendum.
3378 4003 3508 4047 tan-

1941 4113 2103 4167 quam
2138 4096 2366 4153 solidam
2397 4107 2597 4151 terram
2638 4094 2930 4163 praebente,
2962 4100 3017 4146 et
3050 4089 3232 4146 stabili
3269 4104 3332 4142 ac
3366 4088 3505 4143 resi-

1942 4195 2119 4244 stente
2142 4186 2343 4242 duritie
2377 4185 2605 4254 vestigia
2638 4184 2908 4243 firmante,
2939 4190 2992 4235 et
3041 4181 3283 4235 alimenti
3332 4193 3508 4249 quau-

1943 4285 2052 4331 tam
2089 4277 2246 4331 vellet
2277 4274 2671 4344 elargitionem,
2702 4272 2958 4341 lautaque
2988 4278 3043 4324 et
3073 4269 3353 4340 splendida
3377 4284 3507 4323 con-

258 4359 424 4426 φύσιν
450 4361 801 4415 σιτοποιοῦσα
831 4361 929 4432 τὴν
956 4359 1144 4434 χ’ρείαν
1176 4364 1414 4440 ἐπλήρου
1437 4381 1451 4394 ’
1490 4366 1601 4419 ἀλλ’
1636 4368 1702 4420 ἐκ
1729 4366 1837 4421 τῶν

1945 4365 2087 4418 vivia
2147 4364 2202 4416 in
2248 4362 2578 4426 solitudine,
2626 4361 2812 4417 multis
2858 4361 3099 4416 millibus
3150 4360 3224 4414 ibi
3284 4361 3509 4430 opipare

253 4452 523 4522 ἀρρήτων
552 4452 797 4523 ταμείων
823 4454 925 4524 τῆς
970 4456 1122 4520 θείας
1162 4438 1441 4528 δύνάμεως
1490 4458 1523 4528 ἡ
1568 4457 1843 4528 φιλοτιμία

164 4546 181 4559 ’
256 4545 479 4617 προῄει,
507 4546 726 4617 ἕτοιμος
764 4549 928 4618 ἄρτος
972 4552 1092 4613 ταῖς
1137 4551 1293 4621 χερσὶ
1318 4551 1427 4604 τῶν
1455 4551 1843 4604 διακονούντων

252 4635 773 4706 ἐνγεωργούμενος,
821 4639 916 4692 καὶ
955 4637 1045 4691 διὰ
1081 4640 1173 4694 τοῦ
1220 4641 1381 4710 κόρου
1414 4640 1524 4694 τῶν
1555 4642 1844 4697 ἐσθιόντων

256 4726 463 4780 πλείων
489 4728 826 4799 γιγνόμενος,
853 4731 888 4801 ἦ
914 4748 972 4785 τε
987 4733 1076 4786 διὰ
1099 4731 1209 4785 τῶν
1243 4732 1437 4803 ίχθύων
1466 4732 1758 4802 ὀψοφαγία,
1780 4734 1842 4786 ού

251 4817 544 4889 θαλάσσης
585 4820 766 4885 αὐτοῖς
817 4822 951 4893 πρὸς
994 4823 1095 4895 τὴν
1130 4824 1317 4895 χρείαν
1363 4823 1841 4895 συνεισφερούσης,

428 4908 531 4961 τοῦ
552 4911 649 4963 καὶ
674 4914 743 4981 τῇ
773 4911 1018 4987 θαλάσσῃ
1043 4914 1104 4967 τὸ
1133 4915 1288 4983 γένος
1316 4914 1422 4967 τῶν
1458 4914 1655 4985 ἰχθύων
1677 4931 1841 4968 κατα-

252 5000 611 5070 σπείραντος.
643 5001 755 5056 Καὶ
787 5002 903 5066 πῶς
926 5003 992 5057 ἀν
1017 5021 1101 5067 τις
1133 5005 1193 5057 τὸ
1217 5004 1337 5059 καθ’
1365 5005 1592 5058 ἕκαστον
1618 5006 1727 5059 τῶν
1755 5004 1845 5056 εὑ-

250 5092 574 5161 σγγελιγύν
619 5095 802 5162 διεξίοι
849 5099 1181 5170 θαυμάτωνς
1243 5097 1464 5168 Ταύτην
1514 5098 1694 5152 τοίνυν
1743 5096 1843 5166 τὴν

248 5182 489 5254 δύναμιν
539 5184 786 5258 καθορῶν
828 5192 859 5243 ὁ
901 5190 1094 5260 ἐχθρὸς
1141 5191 1202 5243 ἐν
1253 5190 1469 5260 ἐκείνῳ,
1517 5190 1696 5243 πλεῖον
1746 5187 1840 5243 τοιῖζ

254 5273 633 5344 κατεχομένου
679 5277 741 5329 τὸ
778 5278 1137 5348 προκείμενον
1179 5274 1318 5331 εἶδεν
1359 5281 1417 5333 ὲν
1460 5279 1537 5351 τῷ
1579 5279 1839 5334 συναλλά-

252 5378 430 5431 nun:
453 5380 469 5395 ’
528 5364 719 5419 τούτου
751 5368 910 5437 χάριν
955 5368 1117 5421 αὑτὸν
1150 5369 1388 5438 αἱρεῖται
1428 5368 1618 5441 λύτρον
1643 5370 1752 5423 τῶν
1783 5370 1841 5423 ἐν

254 5457 317 5522 τῆ
377 5454 483 5508 τοῦ
553 5453 785 5509 θανάτου
846 5459 1060 5529 φρουρᾷ
1110 5458 1517 5531 καθειργμένων
1567 5459 1838 5526 γενέσθαι.

270 5546 434 5599 Ἀλλὰ
486 5547 599 5617 μὴν
642 5549 922 5619 ἀμήχανον
948 5547 1015 5622 ἦν
1042 5556 1223 5624 γυμνῇ
1254 5551 1587 5626 προσϐλέψαι
1631 5554 1697 5623 τῇ
1746 5552 1841 5606 τοῦ

252 5633 391 5687 Θεοῦ
452 5636 754 5705 φαντασίᾳ,
811 5637 886 5709 μὴ
936 5642 1133 5710 σαρκός
1176 5659 1294 5697 τινα
1341 5643 1535 5713 μοῖραν
1584 5642 1641 5695 ἐν
1693 5640 1841 5713 αὐτῷ

1944 4452 2230 4519 tractatis;
2256 4453 2456 4523 quibus
2483 4466 2660 4523 neque
2692 4453 2890 4508 cmlum
2923 4452 3060 4523 pluit
3094 4467 3509 4523 manua,neque

1945 4556 2094 4603 terra
2143 4547 2445 4603 secundum
2495 4563 2649 4603 suam
2702 4556 2955 4603 naturam
2990 4545 3321 4601 frumentum
3378 4562 3509 4616 pro-

1943 4637 2171 4699 ducens,
2221 4637 2274 4690 id
2307 4636 2451 4707 quod
2481 4637 2563 4693 eis
2611 4646 2732 4692 erat
2787 4652 2928 4706 opus
2967 4636 3383 4708 suppeditabat:
3412 4635 3508 4691 sed

1943 4744 2007 4784 ex
2039 4727 2402 4785 ineli‘abilibus
2439 4729 2639 4784 divina:
2665 4729 2921 4797 potentiae
2967 4727 3359 4798 promptuariis
3382 4742 3512 4797 pro-

1944 4819 2172 4875 cedebat
2196 4819 2517 4886 liberalitas,
2585 4819 2742 4889 panis
2775 4828 3017 4887 paratus,
3043 4834 3232 4875 eorum
3278 4820 3374 4889 qui
3407 4817 3511 4871 im-
3581 4870 3587 4874 .

1945 4908 2323 4979 partiebantur
2362 4914 2622 4978 tanquam
2675 4908 3038 4977 agricolarum
3100 4907 3353 4961 manibus
3394 4904 3508 4959 ela-

1945 5003 2192 5067 boratus,
2222 5007 2277 5056 et
2302 5015 2402 5071 per
2447 5015 2635 5055 eorum
2668 5001 2759 5070 qui
2806 5000 3165 5055 vescebantur
3202 4996 3508 5052 satietatem
3598 5068 3605 5075 ν

1946 5092 2361 5163 multiplicatus,
2390 5101 2445 5148 et
2479 5091 2706 5162 piscium
2735 5090 3050 5155 obsonium,
3098 5104 3222 5143 cum
3247 5088 3330 5144 eis
3361 5103 3513 5143 mare

1947 5183 2376 5238 nihilconferret
2401 5186 2468 5237 ad
2495 5198 2676 5243 usum.
2717 5184 2811 5238 sed
2844 5185 2891 5238 is
2926 5181 3019 5251 qui
3059 5181 3222 5235 etiam
3270 5179 3506 5250 piscium

1941 5291 2115 5348 genus
2139 5274 2193 5328 in
2227 5274 2363 5328 mari
2397 5276 2781 5330 seminaverat.
2844 5272 3130 5339 Quomodo
3164 5281 3343 5327 autem
3376 5289 3512 5326 cnu-

1946 5365 2176 5421 tnerabit
2221 5366 2494 5435 quispiam
2553 5367 2771 5435 singula
2825 5363 3088 5418 miracula
3154 5362 3513 5435 evangelica?

1893 5492 1903 5509 μ
1944 5457 2092 5514 llanc
2122 5473 2253 5525 ergo
2304 5458 2407 5510 vim
2440 5457 2493 5511 in
2529 5458 2620 5511 illo
2657 5472 2890 5513 cernens
2948 5455 3226 5521 inimicus,
3283 5453 3417 5509 vidit
3451 5453 3509 5508 in

1943 5547 2343 5618 periiititatione
2383 5549 2504 5615 plus
2530 5562 2654 5602 esse
2702 5546 3078 5608 emolumenti.
3131 5561 3296 5616 quam
3343 5544 3398 5598 in
3441 5557 3511 5599 eo

1942 5641 2086 5714 quod
2147 5638 2479 5711 possidebat.
2530 5638 2604 5694 Ea
2644 5639 2709 5696 dc
2737 5654 2899 5695 cauia
2958 5655 3082 5696 eum
3136 5636 3341 5694 mavult
3393 5632 3510 5689 fieri
