4072 6212
667 322 739 376 63
1911 325 1968 380 S.
2000 319 2327 381 GREGOBII
2365 316 2657 374 NYSSENI
3837 317 3903 372 σι

663 438 898 510 pretium
929 437 1327 509 redemptionis
1361 443 1662 512 eorumqni
1704 443 1757 497 in
1785 457 2010 496 carcere
2039 440 2230 494 mortis

2351 437 2684 507 θεωρήσαντα
2710 475 2726 500 ,
2773 436 2839 506 ην
2885 435 2983 506 ῆδη
3015 434 3102 488 διὰ
3148 435 3244 505 τῆς
3283 433 3552 504 ἁμαρτίας
3595 433 3909 506 κεχείρωτο.

665 537 822 584 erant
857 531 1077 583 inclusi.
1136 529 1240 584 Sed
1279 531 1390 584 ﬁeri
1432 548 1538 586 non
1578 542 1788 602 poterat
1823 541 1879 586 ut
1911 531 2003 586 Dei
2033 530 2233 584 nudam

2351 529 2433 581 sta
2464 527 2621 582 τοῦτο
2651 528 3114 599 περικεκὰλυπται
3139 530 3205 596 τῇ
3236 527 3396 597 σαρκὶ⁸
3434 529 3467 598 ὴ
3497 527 3705 597 θεότης,
3739 528 3814 591 ὡς
3849 529 3916 580 ἂν

667 624 935 689 a5pieeret
958 619 1217 689 speciem,
1245 622 1354 677 nisi
1399 623 1636 692 aliquam
1672 625 1724 678 in
1755 639 1821 678 eo
1843 622 2048 685 carnis,
2069 634 2233 689 quam

663 709 773 778 jam
807 710 934 763 olim
959 711 1029 764 ob
1059 718 1339 782 peccatum
1364 712 1419 766 in
1449 712 1680 768 vinculis
1726 713 1977 774 habebat,
2021 711 2233 780 portio-

667 816 790 854 nem
823 800 1303 858 animadverteret.
1333 804 1540 858 Idcirco
1557 819 1719 858 carne
1741 804 1996 867 divinitas
2037 803 2233 855 obum-

665 889 820 945 brata
858 900 958 955 est,
991 899 1049 945 ut
1078 891 1142 944 ad
1173 893 1224 946 id
1256 894 1470 948 intuens
1495 894 1640 964 quod
1681 907 1866 948 secum
1907 892 2008 946 fuit
2036 891 2233 945 educa-

668 991 782 1034 tum
809 989 869 1036 et
927 989 1010 1037 est
1038 981 1142 1037 sibi
1187 992 1511 1054 cognatum,
1566 1000 1671 1038 non
1707 991 1998 1038 terreretur
2048 994 2239 1050 appro-

669 1071 1021 1139 pinquatione
1093 1073 1409 1126 excellentis
1470 1073 1720 1140 virtutis;
1794 1083 1847 1128 et
1892 1073 2236 1128 considerata

669 1174 791 1236 qua:
819 1159 1021 1213 sensim
1055 1176 1150 1230 per
1183 1161 1444 1215 miracula
1484 1162 1656 1230 magis
1685 1176 1748 1215 ac
1781 1162 1952 1229 magis
1992 1160 2238 1230 resplen-

669 1248 830 1303 debat
860 1251 1122 1318 potentia,
1157 1252 1495 1305 existimaret
1526 1251 1579 1304 id
1613 1251 1756 1320 quod
1783 1253 2033 1321 apparuit
2068 1250 2240 1320 magis

671 1355 793 1394 esse
865 1342 1366 1411 concupiscendum
1424 1358 1586 1412 quam
1656 1343 2019 1398 formidabile.
2077 1341 2239 1397 Vides

672 1432 1128 1500 quemadmodum
1157 1447 1280 1488 cum
1325 1433 1538 1503 justitia
1561 1435 1856 1503 conjuncta
1887 1435 1958 1490 sit
1990 1435 2239 1499 bonitas,

671 1530 726 1576 et
776 1523 1044 1592 sapientia
1095 1537 1201 1577 non
1239 1525 1310 1578 sit
1349 1524 1418 1578 ab
1457 1525 1536 1578 eis
1566 1533 1837 1594 separata.
1886 1524 2041 1591 Quod
2098 1526 2242 1580 enim

672 1629 770 1684 per
796 1614 1175 1668 indumentum
1201 1615 1448 1685 corporis
1477 1617 1830 1686 excogitavit,
1876 1625 1935 1670 ut
1964 1617 2083 1687 capi
2117 1632 2249 1687 pos-

679 1713 761 1758 set
791 1704 975 1758 divina
1003 1706 1201 1769 virtus,
1227 1721 1296 1761 ne
1323 1722 1422 1776 pro
1457 1707 1615 1762 nobis
1668 1717 1924 1780 suscepta
1955 1709 2244 1778 dispensa-

674 1793 750 1846 tio
777 1793 1132 1862 impediretur
1172 1803 1321 1848 metu
1369 1796 1746 1859 sublimitatis,
1799 1797 2022 1851 omnino
2077 1798 2240 1852 simul

674 1885 932 1948 ostendit,
1005 1901 1199 1956 nempe
1250 1887 1570 1952 bonitatem,
1615 1887 1937 1956 sapientiam
1979 1896 2033 1942 et
2068 1889 2236 1956 justi-

675 1969 829 2024 tiam.
867 1970 1111 2027 Voluisse
1137 1973 1281 2026 enim
1313 1974 1446 2028 dare
1475 1975 1730 2038 salutem,
1751 1983 1834 2028 est
1863 1975 2236 2028 testimonium

677 2063 958 2119 bonitatis.
994 2063 1146 2130 Quod
1189 2073 1368 2118 autem
1405 2073 1660 2135 tauquam
1693 2081 1757 2120 ex
1795 2074 2078 2120 contractu
2114 2066 2242 2120 fecit

2336 618 2473 688 πρὸς
2499 619 2561 671 τὸ
2589 617 2882 691 σύντροφόν
2910 634 2970 670 τε
2987 617 3080 671 καὶ
3111 617 3368 686 συγγενὲς
3400 618 3546 687 αὑτῷ
3570 618 3800 688 βλέπων,
3839 622 3913 689 μὴ

2336 709 2594 780 πτοηθείη
2635 709 2725 762 τὸν
2757 709 3157 780 προσεγγισμὺν
3205 710 3304 778 τῆς
3342 709 3714 781 ὑπερεχούσης
3754 710 3912 763 δυνά-

2339 818 2518 874 μεωςθ
2567 802 2658 855 καλ⁸
2702 801 2800 871 τὴν
2845 801 3026 871 ἠρέμα
3075 801 3162 852 δια
3216 799 3325 851 τῶν
3376 799 3670 868 θαυμάτων
3717 799 3808 851 ἐπὶ
3855 799 3914 850 τὸ

2341 895 2524 966 μεῖζον
2569 893 2974 963 διαλάμπουσαν
3023 892 3252 962 δύναμιν
3299 893 3673 962 κατανοήσας,
3727 890 3909 943 ἐπιθυ-

2342 983 2510 1055 μητὸν
2559 982 2756 1054 μᾶλλον
2815 981 2848 1052 ἢ
2905 981 3132 1053 φοϐερὸν
3183 980 3243 1033 τὸ
3292 981 3457 1050 φανὲν
3506 977 3644 1033 εἶναι
3693 981 3908 1050 νομίσῃ.

2348 1075 2510 1146 Ὁρᾷς
2542 1076 2693 1137 ὅπως
2734 1074 2795 1126 τὸ
2823 1074 3023 1142 ἀγαθὸν
3055 1073 3131 1143 τῷ
3160 1072 3352 1142 δικαίῳ
3395 1071 3768 1136 συνέζευκται,
3817 1073 3910 1124 καὶ

2336 1164 2399 1216 τὸ
2430 1163 2591 1232 σοφὸν
2629 1163 2829 1216 τούτων
2873 1163 2972 1216 οὑκ
3012 1161 3387 1233 ἀποκέκριται.
3435 1161 3508 1213 Τὸ
3544 1161 3650 1232 γὰρ
3686 1161 3773 1214 διὰ
3816 1163 3915 1231 τῆς

2340 1253 2432 1306 τοῦ
2470 1251 2718 1323 σώματος
2751 1251 3042 1322 περιϐολῆς
3086 1252 3336 1323 χωρητὴν
3380 1251 3477 1321 τὴν
3509 1249 3658 1304 Θείαν
3686 1250 3912 1320 δύναμιν

2341 1345 2622 1414 ἐπινοῆσαι
2668 1344 2937 1412 γενέσθαι,
2972 1344 3046 1406 ὡς
3077 1343 3142 1396 ἂν
3187 1345 3220 1414 ἠ
3256 1343 3394 1413 ὑπὲρ
3437 1342 3592 1413 ἡμῶν
3633 1342 3913 1411 οἰκονομία

2345 1437 2419 1506 μὴ
2448 1434 2874 1506 παραποδισθείη
2905 1433 2982 1504 τῷ
3029 1434 3178 1504 φόϐῳ
3208 1434 3307 1504 τῆς
3342 1435 3549 1504 ὑψηλῆς
3596 1434 3911 1504 ἐμφανείας,

2343 1527 2560 1589 πάντως
2585 1526 2725 1579 κατὰ
2747 1526 2941 1579 ταὺτὸν
2972 1524 3069 1595 τὴν
3095 1525 3366 1590 ἀπόδειξιν
3400 1525 3530 1594 ἔχει,
3563 1524 3656 1577 τοῦ
3686 1523 3912 1591 ἀγαθοῦ,

2342 1618 2434 1672 τοῦ
2465 1618 2648 1687 σοφοῦ,
2675 1618 2767 1671 τοῦ
2795 1617 3024 1671 δικαίου.
3054 1617 3129 1670 Τὸ
3163 1617 3260 1687 μὲν
3283 1617 3394 1688 γὰρ
3413 1615 3692 1669 ὲθέλεσθαι
3723 1615 3914 1677 σῶσαι,

2344 1711 2442 1780 τῆς
2466 1709 2802 1780 ἀγαθότητός
2841 1712 2955 1763 ἐστι
2985 1709 3256 1781 μαρτυρία
3279 1725 3295 1740 ⁸
3340 1707 3400 1761 τὸ
3443 1708 3498 1761 δὲ
3533 1706 3915 1777 συναλλαῖμα-

2351 1801 2508 1870 τικὴν
2538 1800 2864 1870 ποιήσασθαι
2893 1801 2991 1870 τὴν
3022 1799 3116 1851 τοῦ
3145 1799 3509 1869 κρατουμένου
3543 1796 3829 1868 λύτρωσιν,
3860 1797 3922 1846 τὸ

2340 1890 2543 1944 δίκαιον
2567 1890 2830 1944 δείκνυσιο
2874 1891 2936 1943 τὸ
2963 1890 3018 1943 δὲ
3050 1889 3292 1960 χωρητὸν
3319 1889 3382 1941 δι’
3413 1889 3652 1950 ἐπινοίας
3678 1888 3905 1956 ποιῆσαι

2341 1980 2417 2051 τῷ
2450 1981 2628 2052 ἐχθρῷ
2679 1982 2739 2035 τὸ
2781 1981 3085 2053 ἁχώρητον,
3135 1981 3235 2052 τῆς
3278 1980 3537 2034 ἀνωτάτω
3581 1977 3773 2048 σοφίας
3818 1979 3918 2048 τὴν

2345 2071 2620 2136 ἀπόδειξιν
2648 2069 2782 2141 ἔχει.

676 2153 1120 2225 redemptionem,
1161 2157 1280 2226 ejus
1326 2159 1416 2226 qui
1462 2159 1744 2212 tenebatur
1785 2159 2064 2214 dominatu
2091 2162 2331 2216 ostendit
2360 2165 2652 2232 justitiam.
2685 2165 2842 2231 Quod
2887 2175 3066 2220 autem
3109 2165 3163 2219 id
3201 2165 3346 2236 quod
3383 2165 3501 2232 capi
3532 2178 3640 2218 non
3682 2171 3916 2234 poterat,

677 2245 946 2301 subtiliter
985 2248 1298 2318 excogitans
1330 2247 1506 2302 effecit
1549 2261 1606 2301 ut
1639 2250 1757 2319 capi
1801 2259 1984 2320 posset
2011 2253 2078 2306 ab
2116 2253 2355 2321 inimico,
2381 2256 2432 2310 id
2462 2267 2649 2327 aperte
2679 2273 2944 2312 summam
2977 2259 3151 2327 arguit
3181 2257 3522 2326 sapientiam.

1225 2335 1454 2392 CAPUT
1512 2338 1702 2394 XXIV.

753 2426 860 2483 Sed
888 2439 971 2484 est
1018 2439 1443 2486 consentaneum
1492 2447 1615 2486 eum
1657 2433 1750 2502 qui
1799 2433 2028 2488 attendit
2055 2449 2243 2489 eorum

681 2535 800 2587 quae
823 2520 966 2572 dicta
995 2519 1216 2574 fuerunt
1257 2524 1727 2591 consequentiam,
1755 2541 1998 2594 quaarere
2023 2525 2243 2582 ubinam

684 2611 738 2665 in
769 2611 834 2666 iis
855 2627 975 2682 quae
995 2611 1254 2676 diximus,
1277 2626 1532 2668 cernatur
1563 2620 1800 2685 potentia
1829 2617 2160 2685 Divinitatis,
2191 2626 2248 2674 et

681 2703 774 2757 ubi
825 2703 1164 2774 incnrruptio
1213 2706 1408 2760 divina:
1455 2708 1730 2776 potentiae.
1786 2707 1853 2762 Ut
1911 2710 2076 2780 igitur
2129 2711 2243 2766 haec

677 2811 894 2864 quoque
923 2797 1223 2851 reddantur
1244 2797 1542 2859 evidentia,
1590 2799 1998 2857 consideremus
2029 2817 2092 2855 ea
2124 2817 2248 2871 qua:

679 2889 940 2960 deinceps
969 2897 1273 2959 sequuntur
1312 2907 1376 2945 ex
1406 2893 1686 2964 mysterio,
1709 2893 1761 2946 in
1787 2893 1987 2962 quibus
2014 2895 2247 2950 maxime

679 2982 988 3038 ostenditur
1018 2997 1142 3037 cum
1169 2983 1504 3053 benignitate
1543 2992 1946 3053 contemperata
1980 2987 2240 3054 potentia.

2913 2350 3165 2403 ΚΕΦΑΛ.
3229 2349 3351 2402 ΚΔ⁹.

2432 2437 2571 2490 Ἀλλ’
2613 2437 2886 2506 ἐπιζητεῖν
2919 2438 3062 2501 είκὸς
3096 2437 3185 2490 τὸν
3221 2441 3286 2508 τῇ
3317 2437 3603 2509 ἀκολουθίᾳ
3631 2437 3739 2490 τῶν
3771 2439 3921 2507 είρη-

2353 2529 2527 2601 μένων
2553 2529 2905 2601 προσέχοντα,
2933 2529 3035 2582 ποῦ
3061 2530 3121 2582 τὸ
3143 2530 3365 2584 δυνατὸν
3387 2531 3486 2600 τῆς
3510 2531 3788 2600 Θεότητος,
3815 2528 3920 2581 ποῦ

2351 2623 2383 2693 ή
2417 2621 2692 2692 ἀφθαρσία
2721 2622 2821 2692 τῆς
2862 2621 3008 2684 θείας
3047 2621 3329 2692 δυνάμεως
3372 2624 3429 2675 ὲν
3463 2625 3572 2685 τοῖς
3609 2620 3920 2692 εἰρημένοις

2352 2715 2560 2786 ὁρᾶται.
2593 2715 2712 2767 Ἵνα
2749 2714 2925 2767 τοίνυν
2955 2713 3240 2768 καὶταῦτα
3267 2714 3488 2784 γένηται
3512 2714 3818 2783 καταφανῆ,
3851 2713 3922 2764 τὰ

2352 2807 2550 2877 ἐφεξῆς
2573 2806 2665 2860 τοῦ
2691 2807 2987 2877 μυστηρίου
3001 2807 3474 2877 διασκοπὴσωμεν,
3504 2809 3562 2859 ἐν
3584 2799 3662 2868 οἷς
3687 2805 3922 2874 μάλιστα

2351 2897 2618 2951 δείκνυται
2658 2897 3074 2966 συγκεκραμένη
3105 2897 3169 2965 τῇ
3199 2894 3574 2965 φιλανθρωπίᾳ
3603 2893 3634 2964 ἠ
3668 2893 3917 2961 δύναμις.

2350 2987 2570 3057 Πρῶτον
2605 2988 2701 3058 μὲν
2729 2983 2820 3040 οὖν
2845 2987 2904 3039 τὸ
2933 2987 3031 3057 τὴν
3065 2985 3467 3055 παντοδύναμον
3498 2984 3656 3053 φύσιν
3686 2983 3820 3054 πρὸς
3863 2983 3924 3034 τὸ

681 3071 859 3138 Atque
886 3071 1121 3140 primum
1167 3073 1410 3140 quidem,
1456 3074 1601 3143 quod
1648 3074 1996 3140 omnipotens
2051 3082 2244 3129 natura

2351 3077 2598 3130 ταπεινὸν
2655 3077 2750 3146 τῆς
2810 3076 3229 3146 ἀνθρωπὸτητος
3300 3075 3602 3145 καταϐῆναι
3662 3073 3916 3143 ἰσχύσαι,

683 3162 922 3231 potuerit
979 3161 1310 3219 descendere
1348 3166 1414 3219 ad
1465 3165 1822 3220 humilitatem
1866 3167 2244 3232 humanitatis,

684 3253 738 3309 id
768 3262 1090 3325 potestatem
1124 3258 1294 3327 magis
1335 3257 1596 3322 ostendit,
1623 3275 1786 3328 quam
1824 3275 2019 3329 magna
2051 3269 2105 3314 et
2127 3276 2248 3330 qua:

682 3358 929 3401 naturam
961 3357 1220 3419 superant
1271 3351 1551 3405 miracula.
1604 3350 1736 3404 Nam
1782 3353 1927 3421 quod
1981 3367 2237 3423 magnum

683 3439 957 3510 quidpiam
987 3451 1039 3496 et
1063 3442 1336 3497 excelsum
1365 3443 1615 3499 eﬂ‘ectum
1649 3443 1720 3498 sit
1754 3460 1784 3497 a
1817 3445 1999 3498 divina
2019 3445 2242 3510 virtute,

682 3541 767 3586 est
797 3531 1192 3601 quodammodo
1227 3535 1528 3589 secundum
1576 3545 1824 3589 naturam
1868 3545 1922 3590 et
1954 3545 2247 3591 consenta-

686 3636 868 3676 neum.
900 3620 1084 3692 Neque
1119 3639 1316 3678 novum
1352 3634 1406 3679 et
1433 3625 1752 3682 admirabile
1774 3627 2053 3698 quidpiam
2098 3630 2248 3682 auri-

686 3712 789 3767 bus
815 3713 1076 3780 attulerit,
1108 3716 1250 3785 quod
1287 3717 1507 3779 dicitur,
1534 3718 1840 3774 universam
1875 3735 1996 3790 quae
2047 3730 2131 3776 est
2193 3721 2248 3775 in

686 3805 890 3860 mundo
928 3815 1254 3870 creaturam,
1283 3815 1336 3862 et
1363 3808 1626 3879 quidquid
1656 3818 1810 3864 extra
1862 3825 1923 3866 ea
1959 3827 2080 3880 quae
2131 3827 2249 3867 cer-

687 3905 911 3962 nuntur,
959 3898 1458 3967 comprehenditur,
1519 3897 1613 3952 Dei
1669 3900 1867 3953 virtute
1913 3901 2246 3964 constitisse,

684 3988 807 4057 ejus
846 3989 1144 4054 voluntate,
1186 3997 1245 4043 ut
1293 3992 1341 4046 ei
1391 3991 1567 4055 visum
1613 3999 1717 4051 est,
1760 3991 1992 4046 deducta
2041 3992 2108 4045 ad
2161 4008 2249 4047 es-

686 4080 934 4162 sentiam.
959 4080 1038 4135 Ad
1068 4081 1119 4136 id
1150 4089 1328 4136 autem
1363 4083 1508 4153 quod
1552 4092 1636 4138 est
1672 4083 1878 4138 humile
1897 4091 1951 4138 et
1974 4085 2247 4153 abjectum

685 4171 1002 4237 descensus,
1029 4182 1112 4228 est
1133 4173 1378 4243 quasdam
1410 4174 1640 4246 insignis
1675 4184 1728 4229 et
1757 4174 2069 4230 redundans
2093 4178 2246 4246 copia

687 4264 993 4333 potestatis,
1023 4279 1144 4334 quae
1180 4266 1402 4320 minimc
1431 4267 1723 4336 impeditur
1773 4266 1827 4320 in
1859 4267 1927 4321 iis
1967 4283 2088 4337 qua:
2117 4275 2246 4322 sunt

688 4363 884 4424 praeter
917 4366 1191 4411 naturam.
1216 4357 1335 4423 Quo
1356 4359 1517 4413 modo
1554 4360 1697 4414 enim
1730 4359 1872 4430 ignis
1899 4361 2149 4416 essentia;
2169 4369 2252 4416 est

2352 3168 2572 3220 πλείονα
2614 3167 2712 3238 τὴν
2757 3166 3028 3232 ἀπόδειξιν
3058 3167 3158 3234 τῆς
3184 3166 3463 3234 δυνάμεως
3498 3165 3636 3233 ἔχει,
3663 3163 3694 3232 ἦ
3721 3162 3786 3215 τὰ
3825 3179 3919 3233 με·

2351 3260 2493 3329 γάλα
2514 3275 2571 3312 τε
2597 3260 2689 3311 καὶ
2712 3258 2964 3329 ὑπερφυῆ
2987 3257 3094 3310 τῶν
3119 3256 3506 3327 Ostendi-uoth
3531 3255 3628 3325 μὲν
3650 3254 3757 3323 γὰρ
3785 3253 3922 3322 μέγα

2350 3369 2404 3404 τι
2443 3352 2536 3404 καὶ
2579 3349 2780 3419 ὑψηλὸν
2824 3348 3214 3418 ἐξεργασθῆναι
3256 3347 3404 3418 παρὰ
3442 3347 3540 3414 τῆς
3579 3345 3727 3406 θείας
3767 3343 3923 3402 δυνά-

2355 3459 2518 3515 μεως,
2557 3443 2694 3496 κατὰ
2735 3441 2894 3511 φύσιν
2922 3441 3038 3503 πώς
3067 3443 3181 3492 ἐστι
3212 3442 3301 3493 καὶ
3342 3438 3645 3492 ἀκόλουθον.
3684 3435 3794 3490 Καὶ
3824 3436 3923 3485 οὐκ

2353 3537 2418 3590 ἄν
2449 3552 2569 3588 τινα
2610 3533 2854 3603 ξενισμὸν
2893 3531 3086 3599 ἐπάγοι
3129 3535 3193 3601 τῇ
3243 3533 3379 3602 ἀκοῇ
3427 3531 3488 3584 τὸ
3529 3530 3708 3597 λέγειν
3740 3529 3923 3580 πᾶσαν

2352 3626 2449 3697 τὴν
2472 3629 2528 3678 ὲν
2553 3625 2630 3694 τῷ
2660 3623 2846 3694 κόσμῳ
2873 3622 3067 3680 κτίσιν,
3087 3621 3178 3674 καὶ
3201 3623 3308 3673 πᾶν
3336 3622 3362 3673 ὃ
3382 3619 3433 3673 τί
3459 3637 3562 3689 περ
3591 3619 3656 3670 ἂν
3684 3618 3789 3682 ἔξω
3817 3617 3926 3668 τῶν

2355 3714 2694 3786 φαινομένων
2744 3711 3216 3781 καταλαμϐάνεται
3267 3713 3324 3763 ἐν
3383 3713 3448 3780 τῇ
3501 3708 3634 3761 Θεοῦ
3695 3707 3923 3776 δυνάμει

2357 3811 2649 3878 συστῆναι,
2693 3807 2855 3860 αὑτοῦ
2899 3805 2991 3857 τοῦ
3027 3803 3327 3875 θελήματος
3359 3803 3493 3874 πρὸς
3533 3801 3592 3853 τὸ
3617 3800 3807 3854 δοκοῦν
3836 3800 3926 3851 οὑ-

2357 3900 2664 3962 σιωθέντος.
2703 3899 2768 3951 Ἢ
2799 3898 2856 3950 δὲ
2902 3897 3035 3968 πρὸς
3067 3895 3318 3951 ταπεινὸν
3351 3892 3594 3956 κάθοδος,
3637 3890 3923 3962 περιουσία

2354 3991 2438 4056 τίς
2464 3994 2577 4044 έστι
2608 3991 2706 4060 τῆς
2730 3991 3026 4061 δυνάμεως,
3053 3989 3202 4043 οὐδὲν
3232 3991 3288 4041 ἐν
3318 3988 3427 4048 τοῖς
3459 3983 3608 4056 παρᾶ
3632 3984 3791 4053 φύσιν
3819 4001 3923 4035 κω·

2355 4083 2641 4153 λυομένης.
2687 4083 2775 4146 Ὣς
2815 4082 2922 4152 γὰρ
2965 4081 3093 4136 ἴδιόν
3126 4083 3240 4134 ἐστι
3283 4079 3381 4148 τῆς
3413 4075 3507 4130 τοῦ
3543 4075 3710 4146 πυρὸς
3738 4072 3924 4133 οὐσίας

2357 4177 2390 4245 ὴ
2413 4175 2504 4228 ἐπὶ
2525 4173 2586 4227 τὸ
2612 4175 2722 4228 ἄνω
2748 4173 2905 4244 φορὰ,
2939 4173 3030 4226 καί⁹
3053 4173 3152 4225 οὐκ
3177 4172 3240 4225 ἄν
3275 4187 3357 4232 τις
3375 4167 3645 4238 θαύματος
3672 4163 3818 4231 ἄξιον
3835 4166 3925 4216 ἐπὶ

2357 4267 2456 4337 τῆς
2496 4266 2690 4334 φλογὸς
2729 4267 2910 4334 ἠγεῖτο
2947 4264 3008 4316 τὸ
3052 4262 3294 4332 φυσικῶς
3332 4260 3739 4331 ὲνεργούμενονο
3775 4259 3822 4309 εί
3865 4257 3922 4308 δὲ

2361 4360 2588 4432 ῥέουσαν
2621 4358 2711 4410 ἐπὶ
2743 4356 2803 4409 τὺ
2829 4355 2979 4408 κάτω
3020 4353 3141 4407 καθ’
3169 4352 3460 4423 ὁμοιότητα
3506 4351 3613 4403 τῶν
3652 4347 3926 4419 ὲμϐριθῶν

686 4449 968 4517 pr0prium
999 4449 1130 4504 ferri
1152 4465 1370 4504 sursum
1393 4469 1407 4516 ;
1451 4467 1627 4521 neque
1645 4453 1696 4506 in
1721 4452 1936 4506 ﬂamma
1961 4453 2246 4522 quidquam

2359 4447 2623 4518 σωμάτων
2669 4445 2766 4498 ἴδοι
2809 4445 2907 4513 τὴν
2951 4443 3154 4516 φλόγα,
3203 4442 3265 4494 τὸ
3309 4439 3546 4493 τοιοῦτον
3589 4438 3645 4488 ὲν
3689 4435 3926 4504 θαύματι

686 4547 769 4592 est
799 4538 1177 4593 admirandum
1229 4540 1374 4610 quod
1400 4540 1472 4596 sit
1513 4543 1862 4608 naturaliter;
1919 4543 2012 4598 sed
2049 4543 2094 4596 si
2131 4558 2250 4597 eam

689 4629 863 4684 instar
895 4632 1138 4699 gravium
1173 4645 1463 4700 corporum
1502 4632 1683 4687 videat
1715 4632 1972 4688 deorsum
2007 4634 2250 4695 tendere,

686 4721 805 4788 ejus
832 4721 909 4775 rei
930 4722 1148 4777 ducitur
1180 4721 1564 4787 admiratione,
1617 4739 1810 4794 nempe
1833 4738 2068 4793 quonam
2093 4723 2255 4780 modo

687 4813 829 4882 ignis
853 4829 977 4870 esse
1005 4815 1144 4884 ignis
1177 4823 1506 4884 perseveret,
1560 4823 1613 4871 et
1648 4816 1703 4870 in
1728 4816 1890 4872 modo
1933 4824 2115 4872 motus
2151 4832 2252 4872 ex-

690 4907 846 4962 cedat
882 4914 1154 4973 naturam,
1186 4908 1415 4964 tendens
1447 4908 1701 4964 deorsum
1735 4928 1749 4963 :
1788 4909 1861 4963 ita
1905 4910 2065 4966 etiam
2113 4909 2253 4963 divi-

689 5015 813 5053 nam
854 5007 908 5055 et
957 5000 1450 5069 snpereminentem
1503 5003 1821 5072 potentiam,
1889 5017 2065 5071 neque
2099 5001 2260 5055 cmlo—

692 5106 813 5144 rum
839 5091 1178 5160 magnitudo,
1206 5107 1379 5163 neque
1401 5094 1752 5148 luminarium
1777 5093 2052 5162 splendor,
2081 5107 2258 5162 neque

695 5183 931 5261 linivcrsi
958 5193 1205 5250 ornatus,
1237 5199 1412 5254 neque
1431 5201 1610 5238 rerum
1649 5185 1977 5238 naturalium
1997 5191 2256 5253 perpetua

691 5275 1096 5330 administratio
1146 5283 1354 5330 tantum
1383 5275 1644 5338 ostendit,
1705 5279 1970 5343 quantum
2022 5273 2166 5342 quod
2201 5286 2260 5327 se

691 5364 972 5419 demiserit
1001 5366 1066 5420 ad
1102 5366 1524 5420 imbecnllitalem
1557 5373 1760 5420 nostra:
1791 5373 1996 5417 natura:
2022 5383 2033 5417 :
2063 5378 2256 5432 nempe

691 5455 986 5523 quomodo,
1005 5471 1126 5510 cum
1149 5458 1424 5512 excelsum
1449 5456 1738 5518 exstiterit,
1769 5455 1822 5508 in
1858 5455 2046 5509 humili
2071 5461 2126 5508 et
2155 5454 2256 5508 ab-

692 5547 840 5614 jocto
877 5543 927 5598 id
954 5547 1213 5609 cernitur,
1247 5562 1345 5602 nec
1377 5545 1659 5602 descendit
1688 5546 1958 5600 altitudo:
1984 5544 2258 5615 quomodo

691 5635 1002 5689 humanitas
1041 5650 1285 5690 connexa
1333 5636 1527 5690 divinae
1575 5645 1802 5699 naturae,
1845 5643 1899 5689 et
1951 5635 2053 5688 hoc
2084 5634 2160 5694 lit,
2205 5641 2258 5687 et

690 5740 773 5782 es:
799 5725 949 5782 illud.
975 5727 1110 5782 Cum
1154 5727 1322 5790 cnim,
1363 5727 1498 5782 sicut
1551 5729 1703 5796 prius
1741 5727 1946 5782 dictum
2009 5735 2112 5793 est,
2153 5740 2260 5780 non

2357 4541 2623 4598 ποιεῖται,
2669 4537 2783 4600 πῶς
2827 4536 2886 4589 τὸ
2919 4535 3031 4605 πῦρ
3079 4533 3319 4604 διαμένει
3367 4531 3479 4603 πῦρ
3520 4529 3599 4592 ὃν,
3643 4531 3734 4583 καὶ
3760 4531 3816 4580 ὲν
3850 4527 3926 4597 τῷ

2356 4630 2539 4702 τρόπῳ
2563 4629 2660 4699 τῆς
2689 4630 2953 4699 κινήσεως
2977 4627 3217 4680 ἐκϐαίνει
3245 4628 3342 4698 τὴν
3372 4627 3552 4694 φύσιν,
3585 4625 3675 4676 ἐπὶ
3698 4624 3759 4675 τὸ
3780 4623 3928 4674 κάτω

2359 4718 2673 4790 φερόμενον·
2713 4717 2883 4779 οὕτως
2916 4719 3007 4770 καὶ
3033 4718 3130 4786 τὴν
3160 4716 3308 4769 θείαν
3346 4731 3404 4767 τε
3429 4715 3522 4766 καὶ
3555 4711 3927 4783 ὑπερέχουσαν

2357 4809 2604 4880 δύναμιν,
2634 4809 2733 4862 οὑκ
2757 4807 3001 4879 οὐρανῶν
3032 4805 3232 4877 μεγέθη
3274 4806 3368 4859 καὶ
3398 4805 3698 4874 φωστὴρων
3741 4801 3925 4868 αὐγαὶ,

2360 4904 2453 4957 καὶ
2485 4904 2518 4973 ἡ
2549 4901 2642 4954 τοῦ
2673 4901 2872 4962 παντὸς
2903 4899 3259 4966 διακόσμησις
3279 4939 3292 4960 ,
3325 4895 3418 4948 καὶ
3463 4896 3496 4964 ἡ
3541 4892 3792 4964 διηνεκὴς
3821 4892 3928 4942 τῶν

2359 4994 2526 5047 ὄντων
2563 4990 2839 5062 οίκονομία
2872 4988 3143 5049 τοσοῦτον,
3176 4989 3298 5040 ὅσον
3324 4988 3356 5056 ἡ
3391 4987 3482 5037 ἐπὶ
3503 4983 3564 5036 τὸ
3589 4981 3810 5042 ἀσθενὲς
3832 4981 3929 5048 τῆς

2363 5084 2575 5153 φύσεως
2606 5083 2760 5153 ἡμῶν
2786 5079 3188 5148 συγκατάὀασις
3214 5077 3477 5129 δείκνυσι·
3504 5074 3622 5137 πῶς
3647 5075 3708 5126 τὸ
3730 5073 3928 5142 ὑψηλὸν

2361 5176 2418 5227 ὲν
2439 5174 2513 5243 τῷ
2538 5173 2774 5243 ταπεινῷ
2799 5171 3114 5241 καθορᾶται,
3141 5168 3232 5221 καὶ
3261 5169 3321 5221 οὑ
3351 5165 3664 5220 καταϐαίνει
3689 5165 3748 5216 τὸ
3775 5163 3922 5231 bdo;-

2363 5265 2480 5327 πῶς
2503 5264 2704 5332 Θεὸτης
2725 5263 3039 5334 ἀνθρωπίνῃ
3061 5259 3437 5330 συμπλακεῖσα
3460 5257 3640 5326 φύσει,
3663 5254 3928 5309 καὶτοῦτο

2360 5356 2563 5424 γίνεται
2588 5356 2680 5408 καὶ
2711 5355 2884 5406 ἐκεῖνό
2913 5355 3078 5409 ἐστιν.
3127 5351 3340 5420 Ἐπειδὴ
3371 5349 3499 5419 γὰρ,
3529 5348 3712 5411 καθὼς
3738 5349 3794 5400 ἐν
3819 5349 3928 5407 τοῖς

2363 5447 2666 5520 ἔμπροσθεν
2697 5447 2907 5518 εἴρηται
2932 5485 2945 5506 ,
2977 5445 3136 5514 φύσιν
3163 5445 3262 5497 οὑκ
3286 5438 3427 5513 εἶχεν
3456 5443 3488 5511 ἡ
3525 5439 3740 5492 ἐναντία
3774 5438 3927 5490 δύνα-

2370 5558 2476 5611 μις,
2511 5539 2735 5610 ἀκράτῳ
2779 5537 3073 5608 προσμίξαι
3117 5539 3181 5606 τῇ
3222 5535 3314 5588 τοῦ
3347 5533 3480 5586 Θεοῦ
3507 5532 3803 5604 παρουσίᾳ,
3835 5531 3926 5581 καὶ

2363 5636 2570 5704 γυμνὴν
2598 5633 2890 5701 ὑποστῆναι
2923 5629 3084 5683 αὑτοῦ
3128 5630 3224 5698 τὴν
3271 5628 3591 5696 ἐμφάνειανο
3629 5624 3701 5687 ὡς
3741 5623 3805 5675 ἂν
3836 5621 3924 5673 εῦ-

2363 5727 2562 5795 ληπτον
2593 5724 2796 5793 γένοιτο
2830 5723 2905 5791 τῷ
2930 5720 3270 5789 ἐπιζητοῦντι
3299 5721 3436 5789 ὑπὲρ
3463 5717 3616 5789 ἡμῶν
3643 5717 3700 5769 τὸ
3729 5715 3921 5770 svm-
