4072 6212
222 236 297 292 es
1465 215 1723 289 onA'n'o
1760 228 2253 287 CATECHETICA.
3415 236 3483 296 σο

233 356 444 422 tanta,
471 349 544 418 τῷ
572 346 997 420 προκαλύμματι
1021 349 1121 418 τῆς
1149 347 1363 416 φύσεως
1402 349 1559 420 ἡμῶν
1583 348 1806 419 ὲνεκρύ-
1833 396 1841 412 ε

1875 353 2055 411 ,esset
2092 360 2156 402 ea
2198 352 2396 402 natura
2432 348 2725 418 potestatis
2759 349 3072 416 contrariae,
3125 358 3186 405 ut
3212 351 3483 409 admisce-

230 448 346 518 φθη
372 445 431 499 τὸ
451 442 623 504 Θεῖον,
648 442 737 495 ἵνα
754 441 893 495 κατά
920 442 1046 504 τοὺς
1066 440 1278 511 λίχνους
1298 439 1405 495 τῶν
1424 440 1620 512 ἰχθύων
1640 440 1719 512 τῷ
1730 442 1811 495 δε-

1909 445 2061 493 retur
2102 452 2264 493 merae
2292 436 2385 493 Dei
2435 440 2757 510 praesentiae,
2819 450 2874 497 et
2929 439 3095 497 ferret
3124 442 3325 497 nudam
3363 444 3486 515 ejus

233 539 385 591 λέατι
402 536 499 604 τῆς
521 534 729 605 σαρκὸς
745 532 1171 603 συναποσπασθῇ
1190 532 1249 585 τὸ
1261 532 1555 603 ἄγκιστρον
1566 534 1664 604 τῆς
1684 532 1808 586 Θεό-

1909 528 2329 599 apparitionem,
2387 538 2449 586 ut
2499 531 2569 587 ab
2603 546 2670 587 eo
2707 532 2803 602 qui
2850 533 3111 603 poscebat
3161 534 3325 590 facile
3380 551 3483 606 pro

226 645 408 700 τητος.
438 628 536 680 καὶ
569 624 714 679 οὕτω
735 625 835 695 τῆς
856 622 1003 707 ςωῆς
1032 623 1111 694 τῷ
1139 623 1351 696 θανάτῳ
1373 623 1808 694 εἰσοικισθείσης,

1911 617 2069 673 nobis
2107 617 2285 688 accipi
2327 628 2514 690 posset
2546 621 2780 691 pretium
2823 621 2879 676 in
2920 626 3342 692 permutatione,
3384 640 3485 681 na-

227 723 323 774 καὶ
350 719 431 790 τῷ
453 719 636 771 σκότει
654 715 749 770 τοῦ
776 715 955 784 φωτὸς
982 716 1332 785 ὲμφανέντος,
1350 712 1806 786 ἑξαφανισθῌλτω]

1909 715 2047 763 tura:
2070 716 2275 764 nostrae
2314 711 2692 782 integumento
2724 712 2900 768 celata
2952 712 3054 767 fuit
3094 714 3391 784 divinitas;
3424 724 3484 770 ut

222 812 302 883 τῷ
329 811 471 881 φωτί
499 810 595 863 καὶ
633 812 699 879 τῇ
728 807 842 878 ζωῇ
867 807 927 861 τὺ
954 806 1093 861 κατά
1127 806 1189 860 τὸ
1222 807 1461 861 ἐναντίον
1503 807 1807 878 νοούμενον.

1907 798 2084 854 instar
2111 801 2343 869 piscium
2383 804 2700 870 gulosorum
2739 819 2863 858 cum
2913 819 3038 860 esca
3089 806 3271 861 carnis
3318 808 3483 863 simul

223 906 303 957 Οὐ
328 903 440 973 γὰρ
489 903 601 972 ἔχει
637 899 822 969 φύσιν,
858 897 986 952 οὐτε
1029 898 1217 962 σκότος
1247 898 1520 969 διαμένειν
1551 900 1607 951 ὲν
1636 897 1811 968 φωτὸς

1908 890 2280 947 attraheretur
2312 892 2508 951 hamus
2543 895 2884 963 divinitatis;
2912 904 2969 950 et
2999 896 3083 951 sic
3114 896 3224 951 vita
3246 898 3314 952 ad
3339 914 3484 954 mor-

226 995 532 1064 παρουσίᾳ,
552 988 687 1045 οὐτε
726 989 954 1049 θάνατον
978 984 1113 1043 εἶναι
1160 987 1303 1056 ζωῆς
1322 985 1816 1059 ὲνεργούσης.οὐκ-

1910 987 2018 1037 tem
2054 982 2392 1050 introducta,
2419 996 2473 1041 et
2499 987 2621 1043 luce
2652 996 2950 1058 apparente
2980 989 3034 1042 in
3065 990 3329 1053 tenebris,
3360 990 3484 1045 luce

225 1083 325 1138 οῦν
378 1078 477 1135 ἐπὶ
522 1079 803 1150 κεφαλαίῳ
838 1076 934 1129 τοῦ
1006 1079 1303 1151 μυστηρίου
1341 1079 1440 1150 τὴν
1490 1077 1807 1133 ἀκολουθίαν

1914 1079 1969 1127 et
2016 1074 2126 1131 vita
2160 1075 2437 1131 deleretur
2486 1077 2540 1132 id
2595 1078 2743 1149 quod
2788 1078 2868 1133 eis
2908 1080 3249 1135 contrarium
3288 1080 3484 1138 intelli-

219 1173 606 1235 ἀναλαϐόντες,
638 1171 823 1241 ὲντελῆ
856 1171 1187 1242 ποιησόμεθα
1222 1171 1322 1241 τὴν
1346 1169 1638 1237 ἀπολογίαν
1672 1169 1809 1240 πρὸς

1908 1165 2075 1236 gitur.
2104 1163 2290 1237 Neque
2311 1168 2457 1223 enim
2505 1184 2569 1224 ea
2612 1180 2699 1227 est
2744 1178 2944 1229 natura
2997 1172 3370 1239 tenebrarum,
3423 1181 3482 1228 ut

217 1267 354 1327 τοὺς
382 1260 818 1333 κατηγοροῦντας
840 1262 937 1332 τῆς
960 1261 1106 1325 θείας
1129 1260 1437 1332 οἰκονομίας
1460 1301 1476 1327 ,
1504 1261 1626 1314 ὅτου
1648 1260 1807 1332 χάριν

1910 1256 2032 1311 luce
2088 1267 2356 1330 praesente
2392 1270 2749 1331 permaneant
2779 1280 2791 1315 :
2827 1278 3005 1333 neque
3042 1265 3258 1328 mortis,
3316 1273 3376 1320 ut
3407 1266 3480 1321 sit

217 1354 287 1407 δι’
316 1352 517 1421 ἑαυτῆς
541 1353 575 1421 ἡ
600 1351 803 1421 Θεότης
823 1351 925 1421 τὴν
956 1350 1299 1423 ἀνθρωπίνην
1327 1352 1389 1405 οὐ
1416 1350 1809 1423 κατεργάζεται

1908 1347 2018 1401 vita
2052 1358 2333 1419 operante.
2366 1351 2424 1404 In
2459 1366 2731 1409 summam
2768 1352 2954 1424 itaque
2984 1354 3202 1409 redacta
3236 1357 3480 1427 mysterii

217 1446 521 1517 σωτηρίαν.
553 1446 645 1498 Δεῖ
674 1444 784 1511 γὰρ
814 1443 901 1496 διὰ
932 1443 1143 1497 πάντων
1167 1443 1229 1496 τὸ
1253 1444 1407 1497 Θεῖον
1439 1445 1497 1496 ὲν
1521 1446 1640 1508 ταῖς
1670 1460 1807 1513 πρε-

1909 1441 2318 1509 consequentia,
2344 1441 2642 1513 perlectam
2675 1444 2943 1503 faciemus
2971 1446 3342 1503 defensionem
3377 1449 3478 1505 ad-

214 1536 454 1599 πούσαις
498 1528 830 1606 ῦπολήψεσιν
874 1530 1034 1588 εὗναι·
1082 1534 1155 1606 μὴ
1208 1534 1268 1588 τὸ
1316 1535 1415 1605 μὲν
1464 1533 1683 1605 ὑψηλῶς
1721 1536 1806 1589 ἐπ’

1908 1548 2098 1590 versus
2125 1548 2223 1589 eos
2262 1534 2357 1608 qui
2402 1542 2665 1591 accusant
2707 1536 2947 1592 divinam
2988 1538 3477 1608 dispensationem,

215 1627 388 1683 αὐτοῦ
416 1625 655 1680 νοεῖσθαι
676 1665 692 1690 ,
722 1624 785 1678 τὸ
808 1625 866 1678 δὲ
899 1624 999 1695 τῆς
1019 1624 1348 1696 θεοπρεποῦς
1377 1625 1530 1691 ἀξίας
1554 1626 1810 1679 ἐκϐάλλε-

1910 1640 2105 1694 nempe
2136 1642 2374 1691 quanam
2420 1626 2488 1682 de
2525 1643 2690 1684 causa
2738 1628 3006 1686 Divinitas
3052 1629 3345 1685 humanam
3388 1646 3482 1701 per

218 1718 348 1771 σθαι
368 1735 383 1748 ·
404 1716 542 1770 ἀλλά
563 1719 669 1770 πᾶν
691 1716 892 1788 ὑψηλὸν
916 1718 1008 1772 καὶ
1031 1717 1251 1781 εὐσεϐὲς
1277 1717 1455 1788 νόημα
1483 1717 1564 1770 δεῖ
1588 1718 1804 1783 πάντως

1872 1724 1880 1772 ι
1913 1729 1972 1770 se
2003 1731 2114 1770 non
2146 1717 2307 1772 ellicit
2336 1718 2588 1774 salutem.
2654 1718 2881 1788 Oportet
2926 1721 3071 1775 enim
3121 1722 3176 1775 in
3223 1722 3480 1778 omnibus

215 1808 313 1861 ἐπὶ
348 1808 488 1861 Θεοῦ
528 1808 916 1874 πιστεύεσθαι,
949 1809 1052 1862 καὶ
1090 1808 1456 1880 συνηρτῆσθαι
1489 1808 1555 1862 δι’
1577 1809 1803 1864 ἀκολου-

1906 1820 1968 1861 ea
1991 1806 2059 1863 de
2083 1807 2191 1863 Deo
2213 1810 2410 1866 sentiri
2438 1817 2493 1865 et
2528 1811 2829 1866 existimari
2867 1827 2988 1882 qua:
3034 1811 3205 1869 Deum
3241 1814 3478 1883 decent;

215 1899 341 1963 ϐω
373 1900 453 1970 τῷ
475 1901 649 1972 ἑτέρῳ
670 1901 730 1953 τὸ
748 1900 953 1971 ἕτερον.
994 1901 1267 1954 Δέδεικται
1294 1900 1472 1954 τοίνυν
1493 1900 1551 1954 τὸ
1579 1901 1802 1969 ἀγαθὸν,

1905 1906 1959 1955 et
1996 1916 2106 1954 non
2138 1900 2239 1955 hoc
2259 1900 2479 1970 quidem
2518 1902 2732 1957 excelse
2761 1909 2816 1956 et
2863 1902 3167 1958 sublimiter
3203 1903 3271 1959 de
3305 1919 3372 1959 eo
3398 1904 3481 1959 in-

214 1998 285 2045 τὸ
304 1993 497 2060 sagire,
523 1992 587 2045 τὸ
605 1991 823 2058 δίκαιον,
850 1991 912 2045 τὸ
941 1990 1187 2056 δυνατὸν,
1215 1991 1276 2044 τὸ
1311 1991 1514 2063 φθορᾶς
1555 1992 1805 2046 ἀνεπίδε-

1906 1991 2102 2059 tclligi,
2161 1990 2294 2045 illud
2327 1998 2509 2046 autem
2550 1992 2736 2067 repelli
2772 1993 2840 2047 ab
2869 2008 2931 2051 ea
2970 2010 3092 2064 qum
3121 1994 3229 2049 Deo
3281 2010 3481 2050 conve-

212 2099 374 2146 κτον,
406 2083 591 2135 πάντα
624 2080 699 2151 τῷ
724 2081 858 2151 λόγῳ
891 2081 992 2152 τῆς
1018 2082 1138 2137 καθ’
1178 2084 1325 2153 ἡμᾶς
1353 2083 1662 2155 οἰκονομίας
1686 2085 1807 2136 ὲπιο

1907 2080 1986 2133 nit
2017 2079 2318 2151 dignitate;
2358 2081 2455 2136 sed
2496 2095 2713 2136 omnem
2747 2083 3022 2137 excelsam
3063 2098 3126 2138 ac
3148 2084 3291 2153 piam
3320 2084 3480 2138 intel-

210 2173 576 2243 δεικνύμενα.
610 2173 675 2227 Ἡ
697 2173 966 2243 ἀγαθότης
994 2176 1051 2227 ἐν
1075 2173 1152 2245 τῷ
1172 2174 1495 2247 προελέσθαι
1525 2174 1695 2228 σῶσαι
1715 2174 1806 2228 τὸν

1906 2172 2183 2243 ligentiam
2222 2181 2438 2245 oportet
2460 2174 2684 2228 omnino
2717 2175 2773 2229 in
2802 2174 2912 2231 Deo
2938 2172 3108 2240 credi,
3139 2182 3192 2229 et
3219 2191 3310 2244 per
3331 2191 3465 2231 cun-

213 2264 543 2318 ἀπολωλότα
572 2264 1063 2334 καταλαμϐάνεται.
1105 2266 1172 2318 Ἦ
1205 2265 1365 2334 σοφία
1406 2266 1500 2319 καὶ
1537 2267 1571 2337 ἡ
1600 2268 1807 2320 δικαιο-

1918 2265 2267 2333 sequentiam
2314 2279 2482 2319 unum
2524 2264 2761 2336 pendere
2804 2266 2874 2319 ab
2923 2266 3121 2321 altero.
3184 2263 3479 2321 Ostensum

216 2354 358 2425 σύνη
415 2356 474 2407 ὲν
502 2352 582 2425 τῷ
604 2354 790 2425 τρόπῳ
812 2353 912 2423 τῆς
941 2353 1210 2423 σωτηρίας
1235 2356 1267 2425 ἡ
1277 2353 1391 2425 μῶν
1419 2353 1705 2425 διεδείχθη.
1742 2355 1807 2408 Ἡ

1907 2369 2040 2426 ergo
2073 2362 2163 2410 est
2200 2356 2519 2421 bonitatem,
2564 2357 2908 2427 sapientiam,
2956 2356 3248 2425 justitiam.
3294 2366 3480 2428 poten-

218 2446 455 2517 δύναμις
499 2447 562 2499 ὲν
606 2444 685 2514 τῷ
735 2445 989 2514 γενέσθαι
1043 2445 1139 2516 μὲν
1186 2445 1347 2499 αὐτὸν
1397 2448 1455 2499 ὲν
1504 2444 1808 2517 ὁμοιώματι

1908 2446 2061 2508 tiam,
2090 2455 2143 2500 et
2173 2446 2639 2517 incorruptionem
2665 2447 2947 2502 evidenter
2980 2449 3275 2503 monstrari
3298 2448 3353 2503 in
3382 2464 3476 2504 ra-

217 2538 511 2608 ἀνθρώπου
540 2537 636 2590 καὶ
669 2538 908 2608 σχήματι
937 2535 1076 2590 κατὰ
1105 2537 1165 2590 τὸ
1189 2536 1441 2591 ταπεινὸν
1469 2537 1566 2608 τῆς
1594 2537 1809 2606 φύσεως

1909 2535 2057 2590 tione
2073 2543 2277 2615 nostra;
2307 2537 2494 2593 carnis
2521 2552 2549 2590 a
2583 2536 2690 2594 Deo
2720 2544 2991 2607 susceptae
3026 2537 3476 2608 dispensationis.

218 2630 401 2700 ἡμῶν,
434 2629 530 2683 καὶ
550 2628 876 2699 ὲλπισθῆναι
902 2628 1157 2682 δύνασθαι
1187 2629 1349 2682 αὐτὸν
1372 2629 1490 2683 καθ’
1517 2629 1810 2701 ὁμοιότητα

1909 2628 2132 2687 Bonitas
2160 2630 2217 2683 in
2246 2629 2352 2684 hoc
2379 2630 2886 2700 comprehenditur,
2934 2628 3080 2700 quod
3113 2630 3344 2685 voluerit
3367 2646 3481 2687 ser-

216 2722 329 2774 τῶν
343 2719 653 2793 ἀνθ
667 2719 748 2790 τῷ
764 2720 975 2792 θανάτῳ
991 2720 1411 2791 ὲγκρατηθῆναιο
1426 2721 1714 2792 γενόμενον
1730 2722 1807 2788 δὲ,

1910 2733 2041 2774 vare
2091 2734 2216 2774 eum
2259 2719 2351 2788 qui
2404 2720 2660 2790 perierat.
2726 2719 2784 2773 In
2823 2719 2985 2774 modo
3039 2719 3233 2776 salutis
3281 2727 3482 2776 nostrae

217 2814 282 2865 τὸ
308 2814 512 2865 οἰκεῖον
548 2810 728 2882 ἐαυτῷ
760 2810 902 2864 κατά
934 2809 1092 2879 φύσιν
1119 2808 1472 2882 ἐργάσασθαι.
1515 2812 1726 2867 Οἰκεῖον
1754 2812 1811 2866 δὲ

1909 2818 2129 2868 ostensa
2155 2819 2239 2866 est
2262 2808 2847 2882 sapientiaetjustitia.
2899 2809 3147 2866 Potentia
3197 2819 3379 2866 autem
3422 2812 3476 2866 in

220 2906 360 2974 ᾳιιτὶ
394 2903 493 2974 μὲν
522 2904 553 2956 ὁ
574 2903 879 2974 ἀφανισμδς
902 2901 993 2955 τοῦ
1029 2902 1270 2963 σκότους,
1302 2900 1414 2973 ζωῇ
1450 2901 1505 2955 δὲ
1532 2904 1566 2973 η
1592 2902 1688 2957 τοῦ
1717 2904 1810 2958 θα-

1909 2917 1999 2967 eo,
2017 2902 2164 2973 quod
2193 2901 2310 2973 ipse
2334 2901 2553 2973 quidem
2600 2901 2779 2959 factus
2808 2903 2880 2959 sit
2924 2903 2977 2957 in
3024 2902 3386 2959 similitudine
3421 2913 3477 2958 et

218 3002 383 3047 νάτου
423 2992 767 3064 καθαίρεσις.
826 2991 978 3045 Ἐπεὶ
1012 2988 1103 3046 οῦν
1143 2993 1243 3063 τῆς
1280 2993 1493 3056 εὐθείας
1519 2993 1638 3048 ὁδοῦ
1679 3013 1810 3049 κατ-

1876 3056 1880 3064 _
1919 2992 2091 3064 ﬁgura
2133 2993 2396 3061 hominis,
2450 2997 2840 3050 convenienter
2890 3002 3100 3051 natura:
3139 3004 3343 3050 nostrae
3380 2994 3484 3047 hu-

217 3084 542 3156 ενεχθὲντες
581 3055 645 3136 τὸ
706 3055 827 3136 κατ’
868 3084 1043 3155 ἀρχὰς
1085 3055 1375 3154 τῆς-ζωῆς
1405 3083 1804 3157 ὲξετράπημεν,

1875 3056 1883 3111 ί
1916 3055 2162 3150 militati;
2216 3091 2270 3137 et
2300 3055 2424 3152 spes
2453 3082 2618 3138 fuerit
2658 3083 2837 3153 ipsum
2868 3083 2935 3138 ad
2963 3083 3243 3139 hominum
3297 3083 3483 3138 simili-

220 3179 311 3228 καὶ
343 3174 429 3244 τῷ
457 3174 674 3244 θανάτῳ
708 3172 1205 3244 ἐγκατηνέχθημενσ
1251 3173 1303 3226 τί
1348 3173 1443 3228 τοῦ
1474 3176 1681 3241 εἰκότος
1706 3176 1810 3243 ἔξω

1907 3175 2151 3230 tudinem
2187 3183 2363 3231 morte
2389 3189 2550 3245 posse
2585 3177 2780 3229 teneri.
2809 3175 2943 3231 Cum
2967 3165 3147 3232 autem
3186 3176 3362 3233 factus
3379 3192 3473 3232 es—

221 3268 381 3335 παρὰ
434 3265 532 3318 τοῦ
573 3264 871 3337 μυστηρίου
921 3263 1283 3335 μανθάνομεν,
1323 3265 1373 3318 εἰ
1415 3267 1450 3337 ἡ
1504 3265 1812 3338 καθαρότης

1910 3276 2013 3331 set,
2068 3265 2124 3320 id
2155 3264 2344 3320 fecerit
2376 3265 2520 3337 quod
2551 3274 2670 3321 erat
2700 3266 2806 3322 sibi
2852 3266 3130 3336 proprium
3183 3282 3248 3323 ac
3292 3282 3487 3324 conve-

224 3360 329 3411 τῶν
366 3357 431 3423 ἐξ
460 3357 735 3427 ἁμαρτίας
761 3356 1127 3426 μολυνθέντων
1154 3355 1451 3425 ἐφάπτεται
1473 3399 1487 3420 ,
1521 3358 1614 3411 καὶ
1644 3360 1678 3430 ἡ
1699 3358 1815 3430 ζωὴ

1911 3354 2067 3409 niens
2100 3353 2406 3410 secundum
2450 3361 2724 3408 naturam.
2769 3352 2865 3410 Est
2899 3364 3084 3411 autem
3116 3355 3224 3411 luci
3261 3356 3481 3426 quidem

224 3450 329 3502 τῶν
380 3449 749 3519 τεθνηκότων,
794 3447 888 3500 καὶ
921 3449 954 3518 ἡ
987 3447 1181 3517 ὀδηγία
1220 3447 1327 3500 τῶν
1363 3448 1811 3521 πεπλανημένων,

1913 3447 2195 3518 proprium
2229 3461 2293 3501 ac
2322 3446 2678 3513 conveniens,
2732 3453 2793 3501 ut
2821 3445 3000 3502 deleat
3036 3447 3312 3511 tenebras,
3360 3448 3486 3503 vitai

228 3541 303 3604 ὡς
334 3541 401 3594 ἂν
432 3543 462 3594 ὃ
484 3558 546 3593 τε
582 3540 859 3611 μολυσμὸς
886 3538 1182 3612 καθαρθείη
1204 3581 1217 3604 ,
1249 3540 1341 3594 καὶ
1380 3542 1413 3611 ἡ
1446 3541 1621 3611 πλάνη
1651 3542 1812 3614 θερα-

1914 3550 2118 3606 autem,
2156 3546 2215 3595 ut
2245 3547 2477 3595 mortem
2508 3538 2715 3610 perdat.
2758 3537 2897 3607 Quia
2935 3554 3065 3610 ergo
3109 3539 3426 3594 aberrantes
3455 3552 3490 3593 ι

230 3629 481 3699 πευθεὶη,
518 3630 613 3682 καὶ
642 3630 720 3693 εἰς
758 3628 854 3700 τὴν
884 3626 1028 3699 ζωὴν
1057 3628 1119 3681 τὸ
1145 3629 1402 3702 τεθνηκὸς
1435 3630 1737 3698 ἐπανέλθοι;

1922 3640 2073 3687 recta
2103 3631 2191 3685 via
2225 3632 2293 3687 ab
2325 3631 2484 3686 initio
2517 3645 2547 3685 a
2580 3631 2688 3685 vita
2723 3630 2925 3695 aversi,
2952 3639 3006 3687 et
3032 3631 3100 3685 ad
3128 3642 3355 3686 mortem
3387 3630 3486 3684 de-

234 3721 330 3777 lati
362 3734 586 3785 smnus,
613 3721 745 3790 quid
772 3735 801 3774 ει
828 3720 1090 3792 mysterio
1121 3720 1387 3777 discimus
1420 3723 1563 3793 quod
1604 3724 1675 3778 sit
1706 3731 1975 3779 remotum
2013 3738 2043 3778 a
2067 3723 2465 3795 probabilitate,
2495 3731 2547 3780 et
2572 3740 2680 3779 non
2714 3733 3163 3789 consentaneum,
3203 3723 3249 3779 si
3281 3722 3489 3794 puritas

226 3829 335 3870 eos
362 3817 565 3885 tangit,
598 3817 689 3886 qui
720 3832 748 3869 a
778 3816 1017 3887 peccatis
1054 3823 1183 3871 sunt
1216 3817 1482 3888 inquinati
1510 3836 1526 3885 ;
1564 3825 1617 3874 et
1648 3819 1757 3873 vita
1802 3831 2070 3882 mortuos,
2102 3826 2156 3875 et
2192 3820 2279 3874 via
2310 3835 2405 3875 eos
2441 3820 2535 3889 qui
2574 3820 2986 3886 aberraverunt,
3018 3830 3078 3875 ut
3108 3828 3162 3874 et
3191 3823 3491 3891 purgentur

228 3907 466 3966 sordes,
501 3916 557 3959 et
583 3907 650 3960 ab
683 3922 855 3965 errore
889 3915 1136 3963 cessetur
1156 3948 1170 3971 ,
1215 3915 1268 3963 et
1298 3909 1439 3977 quod
1478 3918 1596 3965 erat
1620 3918 1896 3966 mortuum
1920 3910 1990 3966 ad
2023 3911 2189 3965 vitam
2225 3909 2569 3965 revertatur?

824 3997 1074 4051 ΚΕΦΑΛ.
1112 3999 1242 4053 KE'.

2481 3997 2710 4053 CAPUT
2747 3997 2913 4052 XXV.

303 4088 387 4142 τὸ
413 4087 475 4141 δὲ
493 4087 554 4139 ὲν
572 4089 635 4158 τῇ
664 4087 815 4158 φύσει
841 4089 997 4161 ἡμῶν
1024 4089 1275 4159 γενέσθαι
1301 4089 1398 4162 τὴν
1419 4089 1677 4162 Θεότητα,
1707 4094 1819 4157 τοῖς

1990 4089 2147 4157 Quod
2173 4100 2354 4145 autem
2380 4091 2435 4145 in
2461 4097 2653 4144 nostra
2675 4088 2950 4143 exstiterit
2979 4093 3174 4141 natura
3198 4084 3485 4153 Divinitas,

235 4184 313 4253 μὴ
344 4181 472 4233 λίαν
521 4180 875 4253 μικροψύχοις
905 4180 1224 4235 κατανοοῦσι
1248 4180 1318 4234 τὰ
1345 4182 1495 4246 ὅντα⁹
1533 4182 1722 4236 οὐδένα
1751 4181 1818 4236 ἂν

1919 4181 1987 4237 iis
2017 4180 2111 4251 qui
2139 4196 2251 4236 non
2279 4179 2482 4250 pusillo
2515 4189 2568 4232 et
2620 4177 2838 4246 abjecto
2871 4177 3053 4231 animo
3093 4193 3160 4232 ea
3194 4192 3316 4247 qua:
3359 4187 3492 4234 sunt

232 4274 301 4325 ἐκ
340 4272 437 4326 τοῦ
483 4272 707 4340 εὐλόγου
755 4271 1003 4344 ξενισμὸν
1053 4272 1341 4341 ἐπαγάγοι.
1395 4272 1490 4337 Τίς
1526 4274 1635 4344 γὰρ
1676 4270 1818 4326 οὐτω

1883 4272 2295 4376 ’σοιιείιιεναιιῃ
2334 4268 2389 4323 id
2410 4281 2764 4338 nequaquam
2796 4265 2948 4322 dictu
2980 4282 3182 4323 novum
3213 4269 3491 4325 videbitur

1929 4372 1966 4380 -.
2319 4359 2451 4380 n_,,_
2809 4358 2936 4380 ,λη
2978 4361 3170 4380 ___-_...
3446 4369 3488 4380 -.

230 4368 428 4434 stu-.0;
461 4364 563 4435 τὴν
591 4363 788 4434 ψυχὴν,
824 4364 900 4426 ὡς
931 4365 1011 4427 εἰς
1042 4363 1101 4417 τὸ
1145 4364 1252 4418 πᾶν
1284 4364 1606 4419 ἀποϐλέπων
1642 4363 1717 4434 μὴ
1761 4365 1818 4416 ὲν

1888 4358 1973 4417 ἐι
2017 4361 2281 4416 alienum.
2318 4359 2456 4427 Quis
2496 4367 2581 4417 est
2625 4360 2771 4415 enim
2806 4358 2944 4414 adeo
2977 4361 3173 4431 puerili
3215 4362 3400 4418 animo
3436 4369 3496 4417 et

230 4457 403 4510 παντὶ
452 4455 732 4509 πιστεύειν
782 4450 921 4508 εἶναι
949 4455 1008 4508 τὸ
1040 4455 1213 4520 Θεῖον,
1249 4456 1342 4509 καὶ
1376 4454 1555 4509 ἐνδύον
1596 4454 1696 4525 μὲν
1723 4455 1819 4509 καὶ

1921 4453 2163 4526 ingenio,
2193 4461 2255 4509 ut
2283 4453 2354 4510 ad
2394 4453 2805 4509 universitatem
2840 4452 3136 4523 aspiciens,
3180 4452 3234 4506 in
3268 4454 3492 4508 univer-

230 4550 493 4620 περιέχον
539 4549 634 4601 καὶ
661 4548 1063 4618 ὲγκαθήμενον;
1091 4547 1198 4602 Τοῦ
1244 4547 1352 4619 γὰρ
1387 4548 1537 4611 ὄντος
1588 4547 1820 4617 ἐξῆπται

1920 4548 2086 4604 sitate
2117 4564 2226 4603 non
2263 4547 2453 4604 credat
2499 4562 2623 4603 esse
2655 4545 2848 4609 Deum,
2902 4561 3021 4602 eam
3068 4545 3387 4601 induentem
3439 4557 3495 4602 ct

226 4644 301 4693 τὰ
331 4640 537 4701 πάντα,
565 4640 656 4690 καὶ
682 4637 783 4691 οὐκ
814 4637 1017 4692 ἔνεστιν
1044 4633 1182 4692 εἷναί
1211 4656 1288 4701 τι,
1325 4637 1401 4709 μὴ
1428 4638 1485 4691 ἐν
1512 4636 1589 4708 τῷ
1611 4637 1723 4692 ὄντι
1758 4636 1821 4691 τὸ

1920 4638 2318 4702 continentem,
2350 4645 2405 4692 et
2431 4638 2483 4692 ei
2513 4635 2893 4691 insidentem?
2930 4635 3012 4693 Ab
3053 4649 3119 4689 eo
3156 4634 3305 4691 enim
3334 4634 3485 4705 quod

228 4727 375 4784 εἶναι
406 4730 555 4801 ἕχον.
596 4729 659 4781 Εἰ
690 4724 783 4782 οὖν
812 4731 869 4782 ὲν
907 4729 1057 4800 αὐτῷ
1089 4729 1157 4783 τά
1191 4730 1390 4795 πάντα,
1424 4730 1519 4783 καὶ
1558 4731 1617 4783 ὲν
1653 4731 1820 4783 πᾶσιν

1921 4735 2031 4791 est,
2070 4728 2307 4797 pendent
2337 4728 2548 4793 omnia,
2578 4742 2681 4783 nec
2712 4727 2826 4784 ﬁeri
2851 4734 3032 4798 potest
3062 4733 3122 4780 ut
3153 4725 3224 4781 sit
3255 4726 3488 4797 aliquid,

224 4827 433 4876 ἐκεῖνον
460 4821 515 4874 τί
546 4821 959 4892 ἐπαισχύνονται
990 4823 1047 4879 ὲν
1078 4824 1143 4893 τῇ
1178 4821 1453 4893 οἰκονομίᾳ
1484 4820 1576 4874 τοῦ
1614 4839 1821 4893 μυστη-

1920 4818 2069 4890 quod
2116 4818 2171 4872 in
2205 4833 2271 4873 eo
2321 4818 2470 4888 quod
2511 4826 2618 4883 est,
2668 4835 2779 4877 non
2822 4818 3025 4874 habeat
3059 4818 3383 4875 essentiam.
3435 4816 3493 4874 Si

224 4917 351 4983 ρίου
380 4913 476 4966 τὸν
507 4911 642 4964 Θεὸν
669 4913 726 4965 ὲν
752 4909 1059 4981 ἀνθρώποις
1096 4911 1421 4982 γεγενῆσθαι
1461 4911 1818 4974 διδάσκοντος,

1921 4922 2053 4977 ergo
2089 4907 2144 4961 in
2193 4922 2259 4962 eo
2308 4918 2432 4961 sunt
2486 4909 2692 4975 omnia,
2747 4916 2802 4962 et
2844 4906 2981 4963 illud
3028 4911 3196 4963 estin
3240 4907 3494 4963 omnibus

221 5008 321 5059 τὸν
353 5004 483 5058 οὐδὲ
526 5002 623 5056 νῦν
662 5002 767 5069 ἔξω
812 5003 911 5056 τῶν
943 5001 1244 5076 ἀνθρώπων
1276 4999 1412 5057 εἷναι
1460 5001 1823 5071 πεπιστευμέ-

1922 5015 2024 5054 cur
2056 5014 2151 5054 eos
2203 4998 2370 5068 pudet
2419 4998 2567 5071 quod
2602 4999 2926 5070 mysterium
2972 4998 3029 5053 in
3080 4998 3494 5070 dispensatione

223 5114 351 5159 Im;
410 5095 476 5148 ει
513 5094 624 5164 γὰρ
671 5093 768 5146 καὶ
809 5094 839 5145 ό
882 5093 1082 5164 τρόπος
1128 5093 1226 5163 τῆς
1269 5094 1326 5146 ἐν
1368 5094 1498 5164 ἡμῖν
1541 5092 1633 5145 τοῦ
1684 5090 1822 5146 Θεοῦ

1923 5091 2115 5149 doceat
2150 5092 2319 5148 Deum
2342 5094 2622 5149 exstitisse
2658 5094 2799 5148 inter
2820 5092 3095 5158 homines,
3121 5093 3212 5165 qui
3239 5107 3308 5148 ne
3345 5108 3494 5149 nunc

224 5185 572 5256 cupenci“,
604 5184 706 5237 οὐκ
737 5182 898 5248 αὐτὸς
924 5178 1077 5246 οὗτος
1109 5183 1300 5250 ἐκείνῳ
1320 5200 1334 5213 ο
1373 5183 1485 5236 ἀλλ’
1532 5179 1622 5237 οῦν
1660 5183 1721 5236 τὸ
1766 5184 1824 5236 ἐν

1925 5186 2148 5258 quidem
2202 5186 2447 5242 creditur
2484 5200 2606 5242 esse
2656 5192 2813 5243 extra
2859 5183 3170 5241 hominem?
3212 5181 3346 5238 Nam
3388 5184 3494 5241 etsi

222 5280 366 5347 ἡμῖν
390 5274 562 5339 εἶναι,
592 5275 689 5328 καὶ
712 5272 807 5327 νῦν
834 5275 927 5327 καὶ
952 5274 1074 5337 τότε
1106 5273 1247 5328 κατὰ
1272 5274 1333 5328 τὸ
1359 5268 1475 5327 ἴσον
1497 5273 1826 5345 διωμολόγη-

1924 5276 2123 5333 modus
2154 5275 2246 5331 Dei
2280 5277 2424 5331 inter
2448 5290 2551 5332 nos
2590 5276 2913 5347 prasentiae,
2943 5290 3053 5330 non
3087 5281 3172 5330 est
3213 5274 3303 5330 hic
3349 5274 3494 5331 idem

224 5387 343 5423 ται.
380 5368 503 5423 Νῦν
550 5367 650 5437 μὶν
681 5361 774 5420 οῦν
803 5365 1136 5438 ἐγκέκραται
1161 5368 1293 5438 ἡμῖν
1323 5366 1352 5420 ὁ
1397 5367 1631 5438 συνέχων
1662 5368 1720 5420 ὲν
1746 5366 1825 5438 τῷ

1925 5370 2017 5440 qui
2050 5368 2177 5434 ille;
2206 5374 2446 5422 attamen
2472 5365 2620 5436 quod
2648 5367 2720 5423 sit
2752 5367 2806 5421 in
2834 5364 2994 5421 nobis
3015 5381 3081 5422 ex
3110 5380 3288 5437 aequo,
3320 5380 3492 5432 nunc,

222 5459 374 5517 εἶναι
393 5464 499 5517 τὴν
533 5460 722 5529 φύσιν
750 5460 867 5512 τότε
888 5458 944 5513 δὲ
965 5459 1270 5531 κατεμίχθη
1294 5458 1429 5531 πρὸς
1449 5458 1510 5511 τὸ
1535 5459 1823 5531 ἡμέτερον,

1926 5469 1977 5514 et
2009 5461 2138 5514 tun’c
2185 5459 2346 5529 plane
2382 5464 2617 5513 constat.
2660 5460 2839 5529 Atque
2869 5472 3020 5513 nunc
3061 5457 3281 5531 quidem
3329 5466 3412 5513 est
3438 5457 3495 5511 in

224 5555 317 5608 hia
336 5556 409 5625 τῇ
426 5552 575 5624 πρὸς
592 5550 657 5603 τδ
676 5550 828 5605 Θεῐον
855 5550 1104 5621 ἐπιμιξίᾳ
1120 5551 1335 5621 γίνηται
1366 5550 1526 5615 θεῖον,
1551 5548 1824 5622 ἐξαιρεθὲν

1928 5547 2091 5604 nobis
2138 5554 2604 5620 contemperatus,
2645 5546 2740 5616 qui
2815 5556 3066 5605 naturam
3129 5551 3379 5606 continet
3437 5545 3494 5602 in

222 5646 325 5700 τοῦ
347 5645 618 5708 θανάτου,
636 5641 732 5695 καὶ
758 5641 855 5713 τῆς
878 5641 968 5695 τοῦ
993 5641 1366 5714 ἀντικειμένου
1389 5640 1697 5715 τυρανντδος
1717 5635 1825 5704 ἔξω

1929 5640 2211 5708 essentia;
2254 5648 2385 5694 tunc
2414 5645 2594 5692 autem
2633 5654 2759 5695 cum
2791 5647 2983 5697 nostra
3017 5650 3217 5698 natura
3254 5637 3500 5695 immista
