4072 6212
702 274 775 333 67

1952 275 2021 331 ς.
2062 275 2387 334 cnncoan
2415 235 2705 335 stssm
3880 282 3904 335 ι

706 391 810 449 fuit
839 388 1141 458 Divinitas;
1172 400 1225 445 et
1269 391 1321 446 in
1361 404 1424 448 ea
1457 398 1657 447 nostrae
1696 399 1903 445 natura:
1934 406 2058 447 cum
2090 386 2273 446 divina

2376 395 2682 466 γενόμενον.
2724 395 2789 447 Ἦ
2837 395 2944 465 γὰρ
2976 394 3184 448 ἐκείνου
3230 392 3337 446 ἀπὺ
3363 393 3454 447 τοῦ
3498 393 3729 448 θανάτου
3780 393 3904 446 ἐπάι

705 485 1106 544 commistione.
1157 493 1344 539 nostra
1387 484 1579 540 ell‘ecta
1625 490 1711 537 est
1756 483 1962 547 divina,
2003 489 2062 537 ut
2090 498 2211 551 quae
2241 498 2273 537 a

707 585 887 632 morte
916 578 990 632 sit
1017 586 1289 648 exempta,
1323 587 1379 632 et
1423 578 1492 631 ab
1521 576 1822 631 adversarii
1866 585 2052 646 erepta
2087 583 2276 647 tyran-

2378 486 2516 551 οδος,
2540 486 2679 557 ἀρχὴ
2703 486 2780 557 τῷ
2810 485 2987 557 θνητῷ
3002 487 3148 556 γένει
3169 487 3269 557 τῆς
3296 487 3372 550 είς
3392 485 3490 557 τὴν
3515 486 3777 541 ἀθάνατον
3806 485 3904 549 Curi

2380 577 2638 630 ἐπανόδου
2670 578 2935 645 γίγνεται.

707 672 854 727 nide.
898 672 1049 727 Illius
1089 674 1237 728 enim
1280 688 1309 726 a
1353 680 1529 727 morte
1571 672 1834 734 reversio,
1884 671 2091 726 exstitit
2134 670 2348 725 mortali
2400 673 2581 741 generi
2636 674 2962 745 principium
3015 671 3346 728 reversionis
3394 671 3461 726 ad
3513 670 3679 725 vitam
3725 669 3904 722 immOI

709 761 889 814 talem.

1246 856 1475 913 CAPUT
1516 855 1705 910 XXVI.

784 947 892 1003 Sed
928 947 986 1001 in
1032 946 1394 1003 examinanda
1444 947 1585 1002 forte
1619 945 1835 1016 justitia
1883 955 1937 1000 et
1987 943 2272 1014 sapientia,

706 1056 830 1113 quae
860 1041 1243 1096 consideratur
1292 1041 1348 1095 in
1382 1040 1484 1093 hac
1514 1038 1939 1110 dispensatione,
1991 1035 2277 1090 adducitur

708 1131 945 1188 fortasse
976 1131 1269 1201 quispiam,
1319 1137 1379 1184 ut
1413 1130 1687 1185 existimet
1718 1127 1908 1182 fraude
1953 1127 2092 1180 hanc
2135 1124 2275 1178 viam

704 1233 759 1280 et
798 1227 1064 1279 rationem
1109 1238 1139 1277 a
1177 1224 1287 1278 Deo
1328 1237 1427 1293 pro
1466 1221 1628 1276 nobis
1669 1218 1840 1275 fuisse
1886 1218 2271 1288 excogitatam.

710 1315 867 1380 Quod
916 1316 1063 1370 cnim
1097 1330 1202 1368 non
1239 1314 1385 1367 nuda
1415 1312 1729 1375 Divinitate,
1762 1308 1854 1364 sed
1886 1317 2026 1364 tecta
2062 1308 2130 1362 ab
2176 1308 2277 1361 hu-

716 1423 877 1461 mana
914 1416 1134 1468 natura,
1160 1403 1306 1460 Deus
1332 1403 1401 1458 ab
1440 1403 1663 1457 inimico
1703 1401 2006 1471 ignoratus,
2060 1400 2115 1453 in
2150 1412 2277 1452 eum

707 1502 800 1572 qui
848 1502 1187 1556 dominatum
1241 1499 1555 1563 obtinebat,
1617 1513 1676 1554 se
1726 1497 2129 1561 insinuaverit;
2193 1500 2279 1549 est

705 1592 1111 1664 quodammodo
1138 1591 1297 1646 dolus
1325 1590 1547 1663 quidam
1576 1597 1629 1645 et
1654 1588 2119 1658 circumscriptio,
2145 1599 2270 1640 cum

2941 851 3189 904 ΚΕΦΑΛ.
3230 851 3374 917 Kq'.

2466 944 2602 997 Ἀλλ’
2635 942 2764 1006 ἴσως
2790 959 2872 1006 τις
2904 944 2962 995 ἐν
2986 945 3052 1013 τῇ
3081 944 3180 1012 τῆς
3210 939 3553 1009 δικαιοσύνης
3580 939 3821 1006 ἐξετάσει
3859 957 3904 991 κε

2384 1038 2574 1107 σοφίας
2604 1034 2705 1106 τῆς
2736 1032 2879 1089 κατά
2921 1032 3019 1104 τὴν
3055 1032 3364 1102 οἰκονομίαν
3408 1030 3609 1102 ταύτην
3641 1031 3904 1102 θεωρουμι

2384 1145 2503 1197 νης,
2540 1128 2789 1195 ἐνάγεται
2816 1123 2956 1197 πρὸς
2983 1124 3040 1176 τὸ
3067 1123 3282 1193 νομίσαι
3309 1122 3526 1193 ἀπάτην
3551 1120 3673 1175 τινὰ
3701 1121 3904 1175 τοιαύττ

2386 1221 2604 1293 μέθοδον
2642 1217 3016 1286 ἐπινενοῆσθαι
3061 1217 3201 1287 ὑπὲρ
3243 1215 3398 1286 ήμῶν
3443 1215 3521 1287 τῷ
3555 1214 3695 1286 Θεῷ.
3743 1216 3815 1268 Τὸ
3845 1217 3904 1285 γὸ

2382 1314 2444 1366 οὐ
2479 1314 2657 1383 γυμνῇ
2697 1314 2763 1382 τῇ
2788 1310 2999 1380 θεότητι
3019 1349 3033 1371 ,
3068 1308 3181 1362 ἀλλ’
3218 1308 3322 1362 ὑπὸ
3350 1309 3448 1379 τῆς
3474 1307 3820 1380 ἀνθρωπίνης
3851 1326 3904 1377 ιρι

2385 1422 2521 1468 σεως
2543 1402 2952 1475 κεκαλυμμένη,
2972 1400 3305 1472 ἀγνοηθέντα
3328 1400 3472 1472 παρά
3492 1400 3585 1454 τοῦ
3614 1400 3838 1473 Ἐχθροῦ
3864 1401 3904 1454 τῖ

2383 1496 2536 1559 Θεὸν,
2560 1494 2709 1558 ἐντὸς
2740 1492 2834 1547 τοῦ
2867 1492 3189 1563 κρατοῦντος
3212 1490 3484 1563 γενέσθαι,
3512 1492 3692 1563 ἀπάτη
3724 1492 3805 1557 τίς
3839 1490 3902 1545 ἐσ

2382 1587 2582 1659 τρόπον
2621 1586 2742 1639 τινά
2777 1586 2871 1639 καὶ
2909 1561 3349 1655 Ῠπαραλογισῶς,
3398 1583 3627 1654 ἐπείπερ
3675 1561 3803 1636 ίδιον
3845 1586 3904 1636 τι]

712 1688 787 1742 sit
820 1672 1100 1755 proprium
1136 1699 1322 1738 eorum
1358 1683 1450 1753 qui
1486 1682 1787 1752 decipiunt,
1841 1680 1909 1735 ad
1955 1678 2104 1734 aliud
2144 1692 2273 1732 con-

2379 1685 2713 1741 ἀπατῶν-των
2750 1684 2900 1747 ἐστὶ,
2952 1683 3013 1736 τὸ
3055 1681 3192 1753 πρὸς
3227 1680 3412 1751 ἕτερον
3452 1680 3548 1744 τὰς
3588 1680 3695 1733 τῶν
3735 1679 3904 1732 ἐπιὸοι

709 1788 923 1832 vertere
963 1793 1111 1846 spem
1138 1791 1351 1839 eorum,
1378 1774 1580 1845 quibus
1620 1781 1910 1829 struuntur
1954 1768 2190 1831 insidiae,
2223 1775 2278 1822 et

715 1870 863 1924 aliud
899 1869 1110 1922 ellicere
1141 1882 1304 1937 quam
1339 1865 1483 1936 quod
1537 1864 1639 1917 fuit
1679 1870 1981 1934 speratum.
2037 1859 2143 1914 Sed
2182 1857 2276 1929 qui

717 1960 919 2029 aspicit
977 1958 1044 2011 ad
1107 1957 1430 2019 veritatem,
1491 1954 1594 2008 hoc
1665 1968 1885 2024 quoque
1946 1950 2280 2006 assentietur

708 2050 952 2104 omnium
1008 2047 1245 2101 maxime
1287 2060 1410 2100 esse
1455 2043 1683 2113 justitia:
1722 2049 1777 2097 et
1811 2040 2110 2111 sapientiae.
2142 2036 2277 2093 Nam

711 2140 847 2210 justi
882 2138 1101 2210 quidem
1150 2145 1233 2192 est
1279 2152 1377 2207 pro
1413 2135 1621 2189 meritis
1669 2133 1967 2202 unicuique
2015 2131 2275 2185 tribuere.

714 2231 989 2300 Sapientis
1047 2236 1227 2283 autem
1288 2241 1464 2297 neque
1506 2225 1716 2295 justum
1776 2233 2050 2285 avertere,
2102 2233 2280 2290 neque

709 2320 913 2373 bonum
967 2316 1324 2386 benignitatis
1390 2328 1617 2384 scopum
1674 2326 1931 2382 separare
1991 2324 2022 2364 a
2071 2309 2280 2380 judicio

710 2411 858 2483 quod
887 2410 946 2465 fit
973 2425 1038 2465 ex
1068 2409 1303 2480 justitia,
1352 2407 1447 2469 sed
1486 2414 1611 2476 apte
1632 2414 1687 2460 et
1730 2411 2101 2474 congruenter
2132 2410 2278 2455 utra-

708 2519 815 2575 que
841 2503 982 2556 inter
1003 2516 1061 2556 se
1085 2499 1437 2569 conjungere,
1449 2496 1678 2568 justitia:
1705 2496 1924 2566 quidem
1954 2492 2271 2555 tribuendo,

709 2592 855 2663 quod
884 2591 1049 2645 datur
1080 2603 1179 2659 pro
1210 2588 1457 2654 meritis;
1491 2586 1719 2640 bonitati
1752 2592 1956 2645 autem,
1988 2584 2134 2655 quod
2166 2598 2277 2638 non

712 2682 1003 2736 recedatur
1036 2696 1066 2735 a
1100 2694 1269 2749 sc0po
1299 2679 1672 2749 benignitatis.
1720 2676 2149 2731 Consideremus
2176 2674 2281 2746 igi-

710 2783 802 2828 tur
831 2788 1013 2827 annon
1035 2773 1152 2826 haec
1176 2771 1335 2824 ambo
1359 2769 1778 2824 considerentur
1801 2768 1856 2822 in
1889 2769 1956 2823 iis
1984 2782 2107 2837 quae
2135 2766 2278 2820 facta

709 2875 856 2922 sunt.
895 2865 1029 2919 Nam
1068 2879 1165 2934 par
1193 2863 1310 2932 pari
1342 2876 1441 2932 pro
1492 2861 1703 2916 meritis
1743 2860 1969 2925 referre,
2001 2874 2100 2929 per
2132 2857 2280 2929 quod

708 2960 953 3014 vicissim
973 2957 1246 3026 decipitur
1263 2954 1543 3024 deceptor,
1570 2952 1808 3008 ostendit
1822 2951 2113 3022 justitiam.
2148 2950 2279 3020 Ejus

709 3059 895 3105 autem
922 3048 1066 3119 quod
1103 3046 1159 3101 fit
1187 3060 1411 3116 scopus,
1459 3055 1543 3100 est
1589 3043 1960 3099 testimonium
2012 3042 2277 3098 bonitatis
2304 3030 2347 3090 Ο

710 3144 831 3211 ejus
860 3143 952 3210 qui
996 3147 1273 3209 operatur.
1308 3136 1441 3190 Nam
1473 3135 1701 3205 justitiae
1739 3134 1959 3205 quidem
2016 3142 2100 3190 est
2151 3148 2279 3205 pro-

711 3237 889 3306 prium
936 3232 1231 3301 unicuique
1264 3230 1355 3283 illa
1406 3227 1668 3289 tribuere.
1704 3228 1863 3296 cujus
1910 3226 2180 3296 principia
2227 3234 2280 3281 et

710 3340 908 3381 causas
941 3324 1094 3394 prius
1122 3322 1373 3391 jecerat;
1405 3318 1680 3392 quomodo
1704 3326 1847 3372 terra
1888 3318 2280 3371 convenienter

712 3417 1015 3472 seminibus
1048 3429 1170 3484 quae
1208 3414 1263 3467 in
1302 3426 1421 3466 eam
1451 3412 1596 3480 jaCta
1644 3417 1793 3474 sunt,
1841 3409 2051 3463 fructus
2082 3408 2277 3462 rcddil.

713 3508 1016 3580 Sapientiae
1043 3517 1223 3559 autem
1251 3512 1359 3566 est,
1394 3504 1446 3557 in
1480 3501 1641 3557 modo
1672 3501 1929 3557 reddendi
1983 3500 2182 3555 similia
2211 3500 2282 3555 ab

709 3617 776 3657 eo
803 3598 948 3671 quod
973 3608 1055 3654 est
1085 3597 1278 3651 melius
1312 3611 1422 3650 non
1460 3594 1760 3650 discedere.
1797 3591 1915 3659 Quo
1938 3592 2097 3647 modo
2135 3593 2279 3647 cnim

712 3694 841 3748 cibo
894 3691 1249 3763 pharmacum
1290 3688 1545 3744 similiter
1584 3687 1871 3752 admiscet,
1917 3693 1972 3740 ct
2009 3685 2099 3755 qui
2146 3684 2282 3740 insi-

712 3784 916 3845 diatur,
943 3790 996 3835 et
1027 3781 1120 3850 qui
1139 3779 1187 3834 ei
1216 3777 1463 3833 medetur
1485 3776 1579 3847 qui
1602 3776 1874 3847 appetitus
1898 3775 2000 3828 fuit
2028 3774 2277 3829 insidiis:

711 3876 807 3933 sed
855 3876 944 3930 ille
989 3871 1535 3945 quidem.venenum
1595 3870 1800 3940 praebet
1851 3868 2146 3934 letiferum,
2194 3866 2282 3920 hic

712 3975 892 4021 autem
949 3962 1141 4018 veneni
1192 3961 1395 4032 praebet
1454 3959 1952 4026 medicamentum,
1983 3966 2039 4014 et
2086 3957 2281 4013 modus

712 4056 1016 4113 curationis
1059 4055 1286 4109 minime
1341 4052 1648 4123 corrumpit
1689 4066 1915 4122 scopum
1963 4048 2281 4105 conferendi

712 4149 999 4214 beneficii;
1048 4162 1173 4201 nam
1225 4145 1330 4202 etsi
1382 4144 1450 4199 ab
1484 4145 1734 4213 utrisque
1776 4144 1830 4197 in
1881 4143 2140 4196 alimento
2191 4141 2285 4194 fiat

714 4242 913 4297 mistiir'
957 4240 1279 4312 pharmaci,
1340 4253 1566 4308 scopum
1623 4247 1803 4291 tamen
1865 4243 1919 4290 et
1969 4234 2282 4290 institutum

713 4334 1062 4403 aSpicientes,
1118 4332 1263 4384 hunc
1294 4328 1511 4398 quidem
1553 4328 1866 4390 laudamus,
1899 4327 2050 4380 illum
2103 4337 2283 4381 autem

713 4424 933 4477 odimus
959 4430 1015 4476 et
1042 4434 1364 4475 aversantur
1393 4436 1407 4473 :
1432 4419 1505 4472 ita
1538 4419 1628 4472 hic
1658 4434 1898 4489 quoque,
1927 4419 2140 4473 ratione
2164 4418 2285 4487 qni-

716 4516 837 4568 dem
870 4514 1102 4582 justitia:
1132 4513 1223 4567 illa
1254 4511 1453 4581 recipit
1482 4511 1763 4580 deceptor,
1800 4525 2034 4579 quorum
2075 4511 2285 4565 semina

716 4619 817 4657 suo
846 4604 1019 4658 libero
1045 4603 1254 4672 jecerat
1280 4600 1528 4655 arbitrio.
1563 4598 1698 4654 Nam
1742 4600 1855 4670 ipse
1886 4615 2105 4670 quoque
2135 4601 2288 4655 deci-

716 4698 862 4768 pitur
912 4696 1127 4765 objecta
1178 4694 1414 4749 hominis
1463 4694 1663 4763 specie,
1692 4696 1785 4765 qui
1833 4708 1961 4750 esca
1991 4694 2287 4765 voluptatis

714 4789 993 4843 hominem
1019 4787 1175 4855 prius
1206 4785 1513 4855 deceperat.
1536 4783 1736 4839 Eorum
1768 4794 1947 4841 autem
1985 4802 2104 4856 quae
2131 4786 2285 4850 llunt,

714 4895 917 4952 scopus
953 4889 1006 4934 et
1034 4878 1347 4934 institutum
1376 4878 1539 4934 habet
1560 4880 1923 4934 mutationem
1952 4878 2020 4933 ad
2050 4878 2102 4934 id
2138 4877 2288 4948 quod

715 4981 801 5031 est
829 4972 1044 5028 melius.
1095 4969 1231 5025 Nam
1275 4971 1367 5026 ille
1408 4970 1629 5040 quidem
1680 4970 1872 5025 fraude
1917 4987 2051 5026 usus
2104 4980 2188 5025 est
2221 4969 2289 5024 ad

716 5062 1088 5137 perimendam
1120 5069 1372 5116 naturam
1398 5079 1414 5130 ;
1448 5060 1538 5117 hic
1569 5072 1748 5116 autem
1788 5061 1972 5126 simul,
2001 5069 2055 5114 et
2081 5060 2287 5128 justus,

716 5164 771 5212 et
801 5155 998 5221 bonus,
1029 5161 1086 5210 et
1139 5154 1383 5224 sapiens,
1428 5154 1792 5224 excogitatam
1839 5151 2090 5206 adhibuit
2131 5149 2291 5206 dece-

720 5247 960 5316 ptionem
1013 5245 1081 5301 ad
1131 5246 1364 5301 salutem
1397 5243 1519 5314 ejus
1552 5244 1643 5314 qui
1699 5243 1972 5313 perierat,
2031 5257 2128 5313 per
2177 5242 2291 5297 haec

719 5336 984 5391 beneficio
1008 5336 1249 5391 alliciens
1282 5351 1391 5390 non
1424 5336 1602 5390 solum
1629 5349 1753 5389 eum
1781 5334 1874 5404 qui
1902 5334 2162 5404 perierat,
2194 5334 2290 5389 sed

718 5441 845 5482 eum
874 5442 1090 5496 quoque
1115 5429 1206 5498 qui
1235 5428 1393 5483 nobis
1425 5427 1683 5482 attulerat
1713 5427 2015 5482 interitum.
2059 5423 2193 5479 Nam
2224 5441 2291 5481 ex

721 5535 788 5576 eo
835 5520 981 5590 quod
1020 5521 1147 5575 vitae
1193 5522 1412 5593 quidem
1464 5536 1614 5576 mors
1664 5519 2141 5592 appropinquavit,
2180 5518 2292 5572 luci

725 5620 906 5667 autem
963 5611 1239 5676 tenebrae,
1294 5613 1551 5670 interitus
1616 5620 1798 5669 autem
1856 5612 2291 5682 incorruptioni,

723 5705 935 5761 deletur
960 5702 1181 5777 quidem
1210 5703 1264 5758 id
1300 5705 1442 5776 quod
1473 5715 1557 5764 est
1583 5705 1848 5771 deterius,
1877 5715 1931 5761 et
1959 5704 2024 5759 ad
2049 5703 2104 5759 id
2134 5703 2278 5776 quod

2378 1779 2678 1850 λευομένων
2710 1777 2924 1839 ἐλπίδας
2955 1774 3197 1847 τρέπειν,
3240 1772 3334 1826 καὶ
3362 1772 3487 1827 ἀλλο
3516 1770 3665 1843 παρά
3708 1771 3768 1824 τὸ
3806 1771 3904 1823 ἐλπ

2379 1867 2505 1922 σθὲν
2533 1863 2987 1937 κατεργάζεσθαι·
3024 1860 3137 1915 ἀλλ’
3177 1861 3205 1914 6
3239 1859 3371 1931 πρὸς
3414 1859 3512 1931 τὴν
3538 1856 3795 1928 ἀλήθειαν
3832 1857 3903 1927 βλ

2381 1976 2517 2022 πων,
2566 1957 2780 2010 πάντων
2841 1953 3072 2025 μάλιστα
3117 1950 3212 2004 καὶ
3263 1949 3420 2003 τοῦτο
3471 1947 3572 2019 τῆς
3611 1946 3904 2001 δικαιοσύναι

2376 2069 2436 2106 τε
2461 2050 2555 2104 καὶ
2581 2048 2681 2118 τῆς
2716 2046 2903 2115 σοφίας
2938 2039 3075 2096 εἶναι
3105 2039 3442 2112 συνθήσεται.
3468 2039 3689 2093 Δικαίου
3717 2039 3816 2110 μὲν
3846 2039 3904 2106 γέ

2379 2144 2517 2206 ἐστι,
2549 2141 2609 2195 τὸ
2640 2132 2759 2193 κατ’
2788 2136 2943 2202 ἀξίαν
2977 2133 3190 2205 ἑκάστῳ
3214 2132 3420 2202 νέμεινο
3453 2129 3617 2198 σοφοῦ
3645 2130 3701 2183 δὲ
3729 2128 3790 2182 τὸ
3818 2130 3904 2199 μήσ

2379 2229 2753 2305 παρατρέπειν
2789 2227 2848 2281 τὸ
2877 2226 3103 2286 δίκαιον,
3140 2224 3275 2295 μήτε
3302 2222 3392 2274 τὸν
3414 2219 3619 2289 ἀγαθὸν
3644 2219 3741 2290 τῆς
3769 2218 3904 2288 φιλα

2379 2321 2625 2394 θρωπίας
2676 2317 2876 2374 σκοπὸν
2919 2314 3278 2387 ἀποχωρίςειν
3325 2313 3421 2384 τῆς
3470 2310 3608 2365 κατά
3646 2308 3706 2363 τὸ
3752 2308 3904 2363 δίκαια

2378 2416 2643 2488 κρίσεως,
2676 2410 2810 2465 ἀλλά
2842 2408 3128 2463 συνάπτειν
3153 2405 3399 2476 ἀλλήλοις
3427 2401 3748 2474 εὐμηχάνως
3777 2401 3904 2470 ἀμφ

2376 2524 2531 2581 τερα,
2564 2508 2630 2577 τῇ
2663 2505 2761 2576 μὲν
2790 2500 3102 2574 δικαιοσύνῃ
3127 2539 3141 2563 ,
3172 2497 3232 2550 τὸ
3262 2496 3379 2551 κατ’
3416 2494 3573 2561 ἀξίαν
3602 2492 3904 2548 ἀντιδιδόντε

2377 2601 2443 2672 τῇ
2470 2598 2525 2651 δὲ
2554 2596 2869 2666 ἀγαθότητι,
2912 2593 3005 2646 τοῦ
3050 2588 3250 2645 σκοποῦ
3294 2592 3394 2661 τῆς
3428 2584 3833 2658 φιλανθρωπίας
3859 2586 3904 2635 οε

2378 2689 2752 2761 ἐξιστάμενον.
2786 2688 3156 2756 Σκοπήσωμεν
3184 2683 3356 2737 τοίνυν
3380 2684 3426 2735 εί
3465 2681 3539 2752 μὴ
3566 2680 3635 2733 τά
3664 2680 3757 2733 δύο
3786 2678 3904 2732 ταῦτ

2376 2782 2489 2843 τοῖς
2545 2778 2822 2849 γεγονόσιν
2875 2775 3238 2846 ἐνθεωρεῖται.
3290 2772 3353 2825 ἰἰ
3406 2771 3503 2842 μὲν
3551 2769 3660 2841 γάρ
3701 2768 3795 2821 τοῦ
3835 2786 3904 2821 κα

2378 2873 2532 2939 ἀξίαν
2562 2869 2826 2933 ἀντίδοσις
2850 2909 2864 2934 ,
2900 2869 2964 2922 δι’
3003 2864 3070 2940 ἧς
3098 2871 3126 2921 6
3158 2864 3409 2921 ἀπατεὼν
3457 2864 3864 2926 ἀνταπατάται,
3899 2880 3904 2894 ι

2378 2966 2583 3020 δίκαιον
2609 2963 2879 3017 δείκνυσιν
2904 2978 2917 2989 ·
2951 2964 2980 3014 6
3012 2961 3068 3014 δὲ
3097 2959 3295 3023 σκοπὸς
3325 2957 3417 3012 τοῦ
3440 2955 3780 3027 γιγνομένου,
3816 2972 3903 3026 μοις

2379 3054 2538 3127 τυρία
2595 3053 2693 3126 τῆς
2750 3050 2843 3105 τοῦ
2904 3049 3251 3121 ἐνεργοῦντος
3303 3047 3636 3119 ἀγαθότητος
3688 3047 3904 3117 γίγνετο

2384 3146 2543 3198 Ἰδιον
2589 3144 2685 3215 μὲν
2727 3143 2837 3215 γὰρ
2876 3142 2975 3212 τῆς
3018 3141 3383 3213 δικαιοσύνης,
3437 3139 3498 3194 τὸ
3546 3141 3726 3193 ἐκεῖνα
3775 3138 3902 3210 νέμε

2381 3237 2617 3308 ἐκάστῳ,
2660 3230 2734 3290 ὧν
2772 3253 2855 3299 τις
2892 3236 2992 3298 τὰς
3020 3233 3195 3307 ἀρχάς
3222 3233 3315 3287 καὶ¹
3361 3233 3458 3296 τὰς
3503 3233 3682 3296 αίτίας
3720 3248 3901 3303 προκαη

2381 3327 2635 3382 εδάλετοσ
2660 3324 2848 3398 ὥσπερ
2876 3328 2909 3396 ἡ
2939 3324 3012 3394 γῆ
3042 3329 3183 3379 κατά
3212 3324 3279 3378 τὰ
3302 3324 3433 3394 γένη
3463 3324 3571 3377 τῶν
3595 3323 3897 3395 καταϐληθέ

2379 3437 2487 3472 των
2511 3418 2859 3489 σπερμάτων,
2887 3417 2980 3470 καὶ
3010 3416 3135 3479 τοὺς
3160 3418 3404 3488 καρποὺς
3426 3415 3729 3470 ἀναδίδωσι.
3761 3415 3902 3482 Σοφίε

2380 3512 2525 3565 δὲτὸ
2569 3512 2626 3564 ἐν
2668 3508 2747 3579 τῷ
2784 3509 2970 3579 τρόπῳ
3003 3507 3102 3579 τῆς
3141 3507 3248 3561 τῶν
3289 3508 3489 3577 ὁμοίων
3527 3507 3847 3568 ἀντιδόσεως
3886 3524 3902 3575 ι

2382 3602 2633 3655 ἐκπεσεῖν
2680 3598 2774 3652 τοῦ
2822 3597 3112 3667 βελτίονος.
3163 3598 3373 3668 Ὥσπερ
3419 3597 3529 3667 γὰρ
3577 3596 3655 3667 τῷ
3703 3596 3902 3666 ἐδέσμα

2381 3693 2580 3765 ὁμοίως
2602 3690 2975 3762 παραμίγνυσι
2995 3689 3055 3741 τὸ
3076 3688 3386 3760 φάρμακον,
3409 3688 3501 3743 καὶ
3518 3690 3546 3741 6
3570 3687 3902 3741 ἐπιϐουλεύοι

2382 3786 2476 3840 καὶ
2502 3786 2531 3839 6
2559 3784 2648 3837 τὸν
2691 3781 3138 3837 ἐπιϐουλευθέντα
3169 3779 3417 3851 ἰώμενος·
3445 3780 3558 3834 ἀλλ’
3583 3782 3609 3834 6
3644 3781 3741 3850 μὲν
3772 3781 3833 3834 τὸ
3869 3781 3897 3833 δ

2382 3864 2658 3950 λητήριον,
2697 3877 2726 3929 6
2772 3875 2828 3929 δὲ
2858 3873 2919 3927 τὸ
2965 3872 3061 3927 τοῦ
3108 3874 3437 3945 δηλητηρίου
3468 3872 3804 3945 ἀλεξιτήριον
3825 3890 3839 3904 ·
3870 3891 3902 3927 κ

2382 3968 2530 4022 οὐδὲν
2564 3966 2593 4021 6
2620 3966 2819 4038 τρόπος
2846 3963 2944 4035 τῆς
2970 3964 3284 4036 θεραπείας,
3318 3962 3409 4016 τὸν
3450 3962 3648 4016 σκοπὸν
3673 3962 3773 4033 τῆς
3806 3963 3894 4015 εὑε

2383 4056 2572 4124 γεσίας
2627 4054 3014 4127 διελυμήνατο·
3078 4055 3126 4107 εἰ
3176 4053 3284 4124 γὰρ
3322 4052 3416 4105 καὶ
3464 4054 3592 4123 παρ’
3641 4052 3900 4124 ἀμφοτὲρι

2386 4146 2678 4217 φαρμάκου
2721 4145 2867 4214 μίξις
2904 4146 2963 4198 ἐν
3007 4147 3181 4216 τροφῇ
3213 4143 3455 4212 γίγνεται
3477 4182 3491 4207 ,
3527 4143 3659 4197 ἀλλά
3700 4143 3834 4211 πρὸς
3871 4159 3900 4193 τ

2388 4239 2588 4292 σκοπὸν
2631 4236 3055 4307 ἀποϐλέψαντες,
3091 4235 3183 4288 τὸν
3225 4234 3322 4305 μὲν
3370 4233 3717 4305 ἐπαινοῦμεν,
3771 4235 3862 4289 τὸν

2318 4368 2361 4424 D
2386 4328 2819 4400 χαλεπαίνομεν·
2874 4325 3015 4381 οὕτω
3061 4327 3156 4380 καὶ
3194 4325 3449 4392 ἐνταῦθα,
3483 4327 3559 4399 τῷ
3607 4328 3706 4400 μὲν
3737 4329 3878 4383 κατά

2385 4420 2592 4473 δίκαιον
2615 4418 2779 4487 λόγῳ,
2816 4419 2998 4472 ἐκεῖνα
3031 4419 3059 4471 6
3083 4416 3336 4472 ἀπατεὼν
3362 4419 3766 4489 ἀντιλαμϐάνει,
3799 4415 3900 4474 ὤν’

2389 4510 2677 4580 σπέρματα
2722 4509 2808 4561 διά
2860 4508 2960 4579 τῆς
3006 4509 3141 4573 ίδίας
3189 4510 3563 4581 προαιρέσεως
3613 4511 3900 4565 κατεδάλει

2401 4603 2697 4657 ’Δπατᾶται
2724 4603 2831 4673 γὰρ
2868 4604 2961 4655 καὶ
2992 4602 3153 4666 αὐτὸς
3180 4600 3258 4672 τῷ
3282 4601 3375 4655 τοῦ
3402 4602 3691 4674 ἀνθρώπου
3725 4604 3897 4676 προϐλ

2392 4712 2541 4765 ματι,
2586 4696 2614 4747 6
2648 4695 3041 4767 προαπατήσας
3082 4694 3174 4747 τὸν
3215 4693 3499 4765 ἄνθρωπον
3542 4694 3620 4765 τῷ
3646 4694 3745 4764 τῆς
3776 4694 3899 4766 ήδον

2388 4787 2731 4858 δελεάσματι.
2749 4787 2808 4840 '0
2829 4786 2886 4840 δὲ
2909 4787 3107 4851 σκοπὸς
3128 4786 3234 4841 τῶν
3250 4786 3584 4858 γιγνομένων
3606 4786 3697 4840 ἐπὶ
3713 4787 3772 4840 τὸ
3796 4792 3900 4859 κρε’

2388 4896 2479 4933 τον
2507 4880 2606 4950 τὴν
2647 4878 2999 4952 παραλλαγὴν
3038 4878 3169 4950 ἔχει.
3208 4878 3267 4932 '0
3296 4879 3393 4950 μὲν
3424 4879 3530 4950 γάρ
3571 4879 3665 4932 ἐπὶ
3698 4879 3893 4948 διαφθο

2390 4971 2491 5040 τῆς
2516 4970 2728 5041 φύσεως
2752 4972 2850 5042 τὴν
2874 4970 3096 5042 ἀπάτην
3120 4971 3440 5042 ἐνήργησεν·
3474 4973 3503 5024 6
3523 4969 3577 5023 δὲ
3603 4970 3808 5033 δίκαιος
3829 4969 3898 5039 ἂμ

2392 5063 2484 5115 καὶ
2512 5061 2862 5139 ἀγαθὸςηκαὶ
2889 5059 3082 5128 σοφὸς,
3123 5060 3215 5112 ἐπὶ
3258 5060 3504 5131 σωτηρίᾳ
3550 5058 3645 5111 τοῦ
3695 5059 3898 5127 καταιρε

2394 5155 2575 5225 ρέντος
2606 5156 2670 5225 τῇ
2714 5153 2925 5223 ἐπινοίᾳ
2972 5151 3074 5222 τῆς
3110 5152 3323 5222 ἀπάτης
3369 5153 3670 5222 ἐχρήσατο,
3713 5150 3773 5204 οὐ
3809 5153 3898 5221 μόι

2392 5243 2487 5296 τὸν
2510 5242 2823 5296 ἀπολωλότα
2841 5242 2929 5296 διὰ.
2951 5243 3157 5296 τούτων
3178 5242 3502 5313 εὐεργετῶν,
3527 5242 3663 5295 ἀλλὰ
3684 5242 3778 5295 καλ⁹
3806 5242 3898 5294 αὐτ

2390 5333 2483 5388 τὸν
2512 5332 2786 5387 ἀπώλειαν
2828 5332 2951 5387 καθ’
2979 5333 3136 5405 ημῶν
3172 5325 3563 5407 ἐδεργήσαντα.
3605 5336 3700 5389 Ἐκ
3725 5335 3831 5407 γὰρ
3870 5353 3898 5388 τ

2393 5426 2750 5500 προσεγγίσαι
2775 5429 2841 5498 τῇ
2870 5425 2981 5497 ζωῇ
3019 5426 3118 5497 μὲν
3150 5426 3242 5479 τὸν
3269 5426 3519 5490 θάνατον,
3550 5425 3629 5496 τῷ
3658 5427 3796 5497 φωτὶ
3820 5425 3875 5481 δὲ

2396 5520 2606 5584 σκότος,
2640 5522 2706 5591 τῇ
2732 5519 3008 5591 ἀφθαρσίᾳ
3050 5518 3106 5572 δὲ
3135 5519 3232 5589 τὴν
3275 5518 3500 5591 φθοράν*
3542 5518 3841 5589 ἀφανισμὺς
3868 5536 3898 5588 μ

2392 5612 2486 5665 τοῦ
2517 5611 2756 5683 χείρονος
2804 5612 3073 5680 γίγνεται,
3114 5612 3206 5666 καὶ
3235 5612 3315 5675 είς
3350 5612 3413 5665 τὸ
3441 5610 3516 5682 μὴ
3552 5610 3611 5664 ὃν
3650 5608 3898 5681 μεταχώρ

2389 5719 2472 5767 σις
2493 5719 2507 5733 ·
2538 5702 2769 5772 ὼᾳὲλεια
2802 5701 2857 5754 δὲ
2885 5700 2977 5756 τοῦ
3008 5701 3113 5756 ἀπὸ
3151 5702 3355 5756 τούτων
3398 5701 3811 5775 καθαιρομένου.
3850 5703 3893 5754 Κ
