  <div class='ocr_page' id='page_1' title='image "/cluster/home/n/w/nwhite01/storage/ocr_20150623/45/hvd.32044073501876/052.png"; bbox 0 0 4072 6212; ppageno 0'>
   <div class='ocr_carea' id='block_1_1' title="bbox 264 311 329 363">
    <p class='ocr_par' dir='ltr' id='par_1_1' title="bbox 264 311 329 363">
     <span class='ocr_line' id='line_1_1' title="bbox 264 311 329 363; baseline 0.031 -2"><span class='ocrx_word' id='word_1_1' title='bbox 264 311 329 363; x_wconf 65' lang='lat'><strong>(:9</strong></span> 
     </span>
    </p>
   </div>
   <div class='ocr_carea' id='block_1_2' title="bbox 1489 301 2271 360">
    <p class='ocr_par' dir='ltr' id='par_1_2' title="bbox 1489 301 2271 360">
     <span class='ocr_line' id='line_1_2' title="bbox 1489 301 2271 360; baseline -0.005 0"><span class='ocrx_word' id='word_1_2' title='bbox 1489 302 1742 360; x_wconf 67' lang='lat' dir='ltr'><strong>ORATIO</strong></span> <span class='ocrx_word' id='word_1_3' title='bbox 1772 301 2271 358; x_wconf 71' lang='lat' dir='ltr'><strong>CATECIIETICA.</strong></span> 
     </span>
    </p>
   </div>
   <div class='ocr_carea' id='block_1_3' title="bbox 3438 297 3508 354">
    <p class='ocr_par' dir='ltr' id='par_1_3' title="bbox 3438 297 3508 354">
     <span class='ocr_line' id='line_1_3' title="bbox 3438 297 3508 354; baseline 0.043 -3"><span class='ocrx_word' id='word_1_4' title='bbox 3438 297 3508 354; x_wconf 87' lang='lat'><strong>70</strong></span> 
     </span>
    </p>
   </div>
   <div class='ocr_carea' id='block_1_4' title="bbox 266 413 1830 493">
    <p class='ocr_par' dir='ltr' id='par_1_4' title="bbox 266 419 1830 493">
     <span class='ocr_line' id='line_1_4' title="bbox 266 419 1830 493; baseline -0.001 -19"><span class='ocrx_word' id='word_1_5' title='bbox 266 424 437 493; x_wconf 83' lang='grc' dir='ltr'>θάπερ</span> <span class='ocrx_word' id='word_1_6' title='bbox 477 421 583 491; x_wconf 76' lang='grc' dir='ltr'><strong>γάρ</strong></span> <span class='ocrx_word' id='word_1_7' title='bbox 611 420 711 491; x_wconf 79' lang='grc' dir='ltr'>τῆς</span> <span class='ocrx_word' id='word_1_8' title='bbox 736 420 1066 492; x_wconf 79' lang='grc' dir='ltr'><strong>ἀτιμοτέρας</strong></span> <span class='ocrx_word' id='word_1_9' title='bbox 1092 419 1226 493; x_wconf 73' lang='grc' dir='ltr'>ὕλης</span> <span class='ocrx_word' id='word_1_10' title='bbox 1254 421 1333 493; x_wconf 81' lang='grc' dir='ltr'>τῷ</span> <span class='ocrx_word' id='word_1_11' title='bbox 1374 420 1560 492; x_wconf 87' lang='grc' dir='ltr'><strong>χρυσῷ</strong></span> <span class='ocrx_word' id='word_1_12' title='bbox 1602 437 1830 491; x_wconf 88' lang='grc' dir='ltr'>καταμι-</span> 
     </span>
    </p>
   </div>
   <div class='ocr_carea' id='block_1_5' title="bbox 1933 413 3508 493">
    <p class='ocr_par' dir='ltr' id='par_1_5' title="bbox 1938 413 3508 486">
     <span class='ocr_line' id='line_1_5' title="bbox 1938 413 3508 486; baseline -0.004 -12"><span class='ocrx_word' id='word_1_13' title='bbox 1938 433 2050 473; x_wconf 85' lang='lat' dir='ltr'><strong>non</strong></span> <span class='ocrx_word' id='word_1_14' title='bbox 2078 425 2164 473; x_wconf 88' lang='lat' dir='ltr'><strong>est</strong></span> <span class='ocrx_word' id='word_1_15' title='bbox 2191 417 2249 471; x_wconf 82' lang='lat' dir='ltr'><strong>ﬁt</strong></span> <span class='ocrx_word' id='word_1_16' title='bbox 2291 416 2599 482; x_wconf 90' lang='lat' dir='ltr'><strong>transitus;</strong></span> <span class='ocrx_word' id='word_1_17' title='bbox 2655 423 2709 470; x_wconf 85' lang='lat' dir='ltr'><strong>et</strong></span> <span class='ocrx_word' id='word_1_18' title='bbox 2750 414 2977 485; x_wconf 82' lang='lat' dir='ltr'><strong>juvatur</strong></span> <span class='ocrx_word' id='word_1_19' title='bbox 3030 414 3082 470; x_wconf 90' lang='lat' dir='ltr'><strong>id</strong></span> <span class='ocrx_word' id='word_1_20' title='bbox 3127 413 3275 486; x_wconf 87' lang='lat' dir='ltr'><strong>quod</strong></span> <span class='ocrx_word' id='word_1_21' title='bbox 3328 428 3395 467; x_wconf 80' lang='lat' dir='ltr'><strong>ex</strong></span> <span class='ocrx_word' id='word_1_22' title='bbox 3438 414 3508 467; x_wconf 85' lang='lat' dir='ltr'><strong>iis</strong></span> 
     </span>
    </p>
   </div>
   <div class='ocr_carea' id='block_1_6' title="bbox 268 506 1832 585">
    <p class='ocr_par' dir='ltr' id='par_1_6' title="bbox 268 506 1832 585">
     <span class='ocr_line' id='line_1_6' title="bbox 268 506 1832 585; baseline -0.003 -19"><span class='ocrx_word' id='word_1_23' title='bbox 268 512 495 582; x_wconf 74' lang='grc' dir='ltr'>κθείσης,</span> <span class='ocrx_word' id='word_1_24' title='bbox 524 512 591 582; x_wconf 82' lang='grc' dir='ltr'>τῇ</span> <span class='ocrx_word' id='word_1_25' title='bbox 612 506 703 565; x_wconf 77' lang='grc' dir='ltr'><strong>διὰ</strong></span> <span class='ocrx_word' id='word_1_26' title='bbox 727 509 820 564; x_wconf 79' lang='grc' dir='ltr'>τοῦ</span> <span class='ocrx_word' id='word_1_27' title='bbox 844 511 1011 581; x_wconf 79' lang='grc' dir='ltr'>πυρὸς</span> <span class='ocrx_word' id='word_1_28' title='bbox 1039 511 1254 585; x_wconf 67' lang='grc' dir='ltr'>δαπάνῃ</span> <span class='ocrx_word' id='word_1_29' title='bbox 1278 512 1339 565; x_wconf 79' lang='grc' dir='ltr'>τὸ</span> <span class='ocrx_word' id='word_1_30' title='bbox 1359 511 1634 584; x_wconf 85' lang='grc' dir='ltr'>ἀλλότριόν</span> <span class='ocrx_word' id='word_1_31' title='bbox 1661 529 1721 565; x_wconf 88' lang='grc' dir='ltr'><strong>τε</strong></span> <span class='ocrx_word' id='word_1_32' title='bbox 1738 511 1832 563; x_wconf 75' lang='grc' dir='ltr'><strong>καὶ</strong></span> 
     </span>
    </p>
   </div>
   <div class='ocr_carea' id='block_1_7' title="bbox 264 601 1833 674">
    <p class='ocr_par' dir='ltr' id='par_1_7' title="bbox 264 601 1833 674">
     <span class='ocr_line' id='line_1_7' title="bbox 264 601 1833 674; baseline -0.001 -18"><span class='ocrx_word' id='word_1_33' title='bbox 264 602 558 672; x_wconf 71' lang='grc' dir='ltr'>ἀπόϐλητον</span> <span class='ocrx_word' id='word_1_34' title='bbox 587 603 638 654; x_wconf 83' lang='grc' dir='ltr'>οἱ</span> <span class='ocrx_word' id='word_1_35' title='bbox 671 601 999 673; x_wconf 80' lang='grc' dir='ltr'>θεραπευταὶ</span> <span class='ocrx_word' id='word_1_36' title='bbox 1027 601 1122 655; x_wconf 78' lang='grc' dir='ltr'>τοῦ</span> <span class='ocrx_word' id='word_1_37' title='bbox 1157 602 1382 674; x_wconf 86' lang='grc' dir='ltr'>χρυσίου</span> <span class='ocrx_word' id='word_1_38' title='bbox 1418 601 1833 656; x_wconf 83' lang='grc' dir='ltr'>καταναλώσαν-</span> 
     </span>
    </p>
   </div>
   <div class='ocr_carea' id='block_1_8' title="bbox 260 692 1831 765">
    <p class='ocr_par' dir='ltr' id='par_1_8' title="bbox 260 692 1831 765">
     <span class='ocr_line' id='line_1_8' title="bbox 260 692 1831 765; baseline -0.001 -18"><span class='ocrx_word' id='word_1_39' title='bbox 260 711 360 758; x_wconf 86' lang='grc' dir='ltr'>τες,</span> <span class='ocrx_word' id='word_1_40' title='bbox 390 692 557 747; x_wconf 83' lang='grc' dir='ltr'>πάλιν</span> <span class='ocrx_word' id='word_1_41' title='bbox 583 694 914 762; x_wconf 75' lang='grc' dir='ltr'><strong>ἐπανάγουσι</strong></span> <span class='ocrx_word' id='word_1_42' title='bbox 954 694 1091 764; x_wconf 81' lang='grc' dir='ltr'>πρὸς</span> <span class='ocrx_word' id='word_1_43' title='bbox 1119 694 1220 765; x_wconf 82' lang='grc' dir='ltr'>τὴν</span> <span class='ocrx_word' id='word_1_44' title='bbox 1263 693 1399 748; x_wconf 80' lang='grc' dir='ltr'>κατὰ</span> <span class='ocrx_word' id='word_1_45' title='bbox 1425 693 1583 763; x_wconf 78' lang='grc' dir='ltr'>φύσιν</span> <span class='ocrx_word' id='word_1_46' title='bbox 1609 694 1831 765; x_wconf 83' lang='grc' dir='ltr'>λαμπη-</span> 
     </span>
    </p>
   </div>
   <div class='ocr_carea' id='block_1_9' title="bbox 254 782 1833 857">
    <p class='ocr_par' dir='ltr' id='par_1_9' title="bbox 254 782 1833 857">
     <span class='ocr_line' id='line_1_9' title="bbox 254 782 1833 857; baseline -0.001 -19"><span class='ocrx_word' id='word_1_47' title='bbox 254 784 369 838; x_wconf 76' lang='grc' dir='ltr'>δόνα</span> <span class='ocrx_word' id='word_1_48' title='bbox 394 783 498 854; x_wconf 80' lang='grc' dir='ltr'>τὴν</span> <span class='ocrx_word' id='word_1_49' title='bbox 524 784 929 855; x_wconf 72' lang='grc' dir='ltr'><strong>προτιμοτέραν</strong></span> <span class='ocrx_word' id='word_1_50' title='bbox 964 782 1130 855; x_wconf 72' lang='grc' dir='ltr'>ὓληνο</span> <span class='ocrx_word' id='word_1_51' title='bbox 1167 786 1267 838; x_wconf 76' lang='grc' dir='ltr'><strong>οὐκ</strong></span> <span class='ocrx_word' id='word_1_52' title='bbox 1305 785 1502 849; x_wconf 83' lang='grc' dir='ltr'><strong>ἄπονος</strong></span> <span class='ocrx_word' id='word_1_53' title='bbox 1537 786 1718 857; x_wconf 86' lang='grc' dir='ltr'>μέντοι</span> <span class='ocrx_word' id='word_1_54' title='bbox 1749 786 1833 854; x_wconf 85' lang='grc' dir='ltr'>γί-</span> 
     </span>
    </p>
   </div>
   <div class='ocr_carea' id='block_1_10' title="bbox 254 874 1829 957">
    <p class='ocr_par' dir='ltr' id='par_1_10' title="bbox 254 874 1829 957">
     <span class='ocr_line' id='line_1_10' title="bbox 254 874 1829 957; baseline 0.001 -30"><span class='ocrx_word' id='word_1_55' title='bbox 254 891 400 927; x_wconf 85' lang='grc' dir='ltr'>νεται</span> <span class='ocrx_word' id='word_1_56' title='bbox 443 877 480 945; x_wconf 72' lang='grc' dir='ltr'><strong>ἡ</strong></span> <span class='ocrx_word' id='word_1_57' title='bbox 515 874 811 945; x_wconf 83' lang='grc' dir='ltr'>διάκρισις,</span> <span class='ocrx_word' id='word_1_58' title='bbox 858 874 1034 957; x_wconf 75' lang='grc' dir='ltr'><strong>χρόνῳ</strong></span> <span class='ocrx_word' id='word_1_59' title='bbox 1064 874 1156 928; x_wconf 82' lang='grc' dir='ltr'>τοῦ</span> <span class='ocrx_word' id='word_1_60' title='bbox 1201 876 1373 946; x_wconf 76' lang='grc' dir='ltr'>πυρὸς</span> <span class='ocrx_word' id='word_1_61' title='bbox 1411 879 1479 947; x_wconf 79' lang='grc' dir='ltr'>τῇ</span> <span class='ocrx_word' id='word_1_62' title='bbox 1524 876 1829 948; x_wconf 80' lang='grc' dir='ltr'>ἀναλωτικῇ</span> 
     </span>
    </p>
   </div>
   <div class='ocr_carea' id='block_1_11' title="bbox 253 962 1831 1038">
    <p class='ocr_par' dir='ltr' id='par_1_11' title="bbox 253 962 1831 1038">
     <span class='ocr_line' id='line_1_11' title="bbox 253 962 1831 1038; baseline 0.002 -23"><span class='ocrx_word' id='word_1_63' title='bbox 253 962 482 1033; x_wconf 82' lang='grc' dir='ltr'>δύναμει</span> <span class='ocrx_word' id='word_1_64' title='bbox 510 963 571 1016; x_wconf 80' lang='grc' dir='ltr'>τὸ</span> <span class='ocrx_word' id='word_1_65' title='bbox 593 963 748 1017; x_wconf 80' lang='grc' dir='ltr'>νόθον</span> <span class='ocrx_word' id='word_1_66' title='bbox 773 962 1228 1033; x_wconf 77' lang='grc' dir='ltr'>ἐξαφανίζοντος,,</span> <span class='ocrx_word' id='word_1_67' title='bbox 1244 964 1382 1035; x_wconf 71' lang='grc' dir='ltr'>πλὴν</span> <span class='ocrx_word' id='word_1_68' title='bbox 1407 964 1541 1018; x_wconf 76' lang='grc' dir='ltr'>ἀλλὰ</span> <span class='ocrx_word' id='word_1_69' title='bbox 1566 965 1831 1038; x_wconf 82' lang='grc' dir='ltr'><strong>θεραπεία</strong></span> 
     </span>
    </p>
   </div>
   <div class='ocr_carea' id='block_1_12' title="bbox 253 1053 1831 1127">
    <p class='ocr_par' dir='ltr' id='par_1_12' title="bbox 253 1053 1831 1127">
     <span class='ocr_line' id='line_1_12' title="bbox 253 1053 1831 1127; baseline 0.002 -21"><span class='ocrx_word' id='word_1_70' title='bbox 253 1053 332 1117; x_wconf 85' lang='grc' dir='ltr'><strong>τίς</strong></span> <span class='ocrx_word' id='word_1_71' title='bbox 375 1055 499 1106; x_wconf 84' lang='grc' dir='ltr'>ἐστι</span> <span class='ocrx_word' id='word_1_72' title='bbox 530 1053 626 1106; x_wconf 76' lang='grc' dir='ltr'><strong>τοῦ</strong></span> <span class='ocrx_word' id='word_1_73' title='bbox 667 1054 910 1124; x_wconf 77' lang='grc' dir='ltr'><strong>χρυσίου,</strong></span> <span class='ocrx_word' id='word_1_74' title='bbox 942 1053 1004 1107; x_wconf 77' lang='grc' dir='ltr'>τὸ</span> <span class='ocrx_word' id='word_1_75' title='bbox 1047 1054 1347 1125; x_wconf 82' lang='grc' dir='ltr'>ἐκτακῆναι</span> <span class='ocrx_word' id='word_1_76' title='bbox 1385 1057 1513 1126; x_wconf 86' lang='grc' dir='ltr'>παρ’</span> <span class='ocrx_word' id='word_1_77' title='bbox 1552 1055 1729 1127; x_wconf 84' lang='grc' dir='ltr'>αὐτῷ,</span> <span class='ocrx_word' id='word_1_78' title='bbox 1771 1056 1831 1109; x_wconf 82' lang='grc' dir='ltr'><strong>τὸ</strong></span> 
     </span>
    </p>
   </div>
   <div class='ocr_carea' id='block_1_13' title="bbox 254 1144 1834 1219">
    <p class='ocr_par' dir='ltr' id='par_1_13' title="bbox 254 1144 1834 1219">
     <span class='ocr_line' id='line_1_13' title="bbox 254 1144 1834 1219; baseline 0.001 -20"><span class='ocrx_word' id='word_1_79' title='bbox 254 1146 341 1199; x_wconf 72' lang='grc' dir='ltr'>ἐπὶ</span> <span class='ocrx_word' id='word_1_80' title='bbox 369 1145 525 1216; x_wconf 71' lang='grc' dir='ltr'>λύμῃ</span> <span class='ocrx_word' id='word_1_81' title='bbox 552 1144 643 1198; x_wconf 84' lang='grc' dir='ltr'><strong>τοῦ</strong></span> <span class='ocrx_word' id='word_1_82' title='bbox 673 1145 838 1199; x_wconf 77' lang='grc' dir='ltr'>καλοῦ</span> <span class='ocrx_word' id='word_1_83' title='bbox 872 1146 1188 1217; x_wconf 84' lang='grc' dir='ltr'>ἐγκείμενον</span> <span class='ocrx_word' id='word_1_84' title='bbox 1207 1160 1220 1174; x_wconf 84' lang='lat'>&#39;</span> <span class='ocrx_word' id='word_1_85' title='bbox 1248 1146 1390 1201; x_wconf 86' lang='grc' dir='ltr'><strong>κατά</strong></span> <span class='ocrx_word' id='word_1_86' title='bbox 1410 1147 1500 1200; x_wconf 80' lang='grc' dir='ltr'><strong>τὸν</strong></span> <span class='ocrx_word' id='word_1_87' title='bbox 1525 1148 1684 1201; x_wconf 80' lang='grc' dir='ltr'>αὑτὸν</span> <span class='ocrx_word' id='word_1_88' title='bbox 1714 1148 1834 1219; x_wconf 85' lang='grc' dir='ltr'><strong>τρό-</strong></span> 
     </span>
    </p>
   </div>
   <div class='ocr_carea' id='block_1_14' title="bbox 253 1234 1831 1306">
    <p class='ocr_par' dir='ltr' id='par_1_14' title="bbox 253 1234 1831 1306">
     <span class='ocr_line' id='line_1_14' title="bbox 253 1234 1831 1306; baseline 0.003 -19"><span class='ocrx_word' id='word_1_89' title='bbox 253 1251 354 1287; x_wconf 75' lang='grc' dir='ltr'><strong>¹ιυον</strong></span> <span class='ocrx_word' id='word_1_90' title='bbox 386 1235 615 1289; x_wconf 84' lang='grc' dir='ltr'>θανάτου</span> <span class='ocrx_word' id='word_1_91' title='bbox 646 1235 741 1289; x_wconf 80' lang='grc' dir='ltr'>καὶ</span> <span class='ocrx_word' id='word_1_92' title='bbox 768 1234 975 1306; x_wconf 80' lang='grc' dir='ltr'>φθορᾶς</span> <span class='ocrx_word' id='word_1_93' title='bbox 997 1276 1012 1300; x_wconf 91' lang='grc'><strong>,</strong></span> <span class='ocrx_word' id='word_1_94' title='bbox 1044 1238 1139 1290; x_wconf 73' lang='grc' dir='ltr'>καὶ</span> <span class='ocrx_word' id='word_1_95' title='bbox 1173 1238 1418 1300; x_wconf 86' lang='grc' dir='ltr'>σκότους.</span> <span class='ocrx_word' id='word_1_96' title='bbox 1447 1238 1539 1290; x_wconf 81' lang='grc' dir='ltr'>καὶ</span> <span class='ocrx_word' id='word_1_97' title='bbox 1572 1237 1624 1289; x_wconf 82' lang='grc' dir='ltr'><strong>εί</strong></span> <span class='ocrx_word' id='word_1_98' title='bbox 1649 1255 1701 1290; x_wconf 86' lang='grc' dir='ltr'><strong>τι</strong></span> <span class='ocrx_word' id='word_1_99' title='bbox 1730 1255 1831 1291; x_wconf 90' lang='grc' dir='ltr'>κα-</span> 
     </span>
    </p>
   </div>
   <div class='ocr_carea' id='block_1_15' title="bbox 252 1326 1832 1400">
    <p class='ocr_par' dir='ltr' id='par_1_15' title="bbox 252 1326 1832 1400">
     <span class='ocr_line' id='line_1_15' title="bbox 252 1326 1832 1400; baseline 0.004 -22"><span class='ocrx_word' id='word_1_100' title='bbox 252 1326 377 1390; x_wconf 80' lang='grc' dir='ltr'>κίας</span> <span class='ocrx_word' id='word_1_101' title='bbox 406 1327 648 1394; x_wconf 72' lang='grc' dir='ltr'>ἔκγονον,</span> <span class='ocrx_word' id='word_1_102' title='bbox 675 1327 756 1397; x_wconf 81' lang='grc' dir='ltr'>τῷ</span> <span class='ocrx_word' id='word_1_103' title='bbox 791 1328 987 1400; x_wconf 81' lang='grc' dir='ltr'>εὑρετῇ</span> <span class='ocrx_word' id='word_1_104' title='bbox 1036 1328 1132 1382; x_wconf 77' lang='grc' dir='ltr'>τοῦ</span> <span class='ocrx_word' id='word_1_105' title='bbox 1167 1329 1339 1383; x_wconf 78' lang='grc' dir='ltr'>κακοῦ</span> <span class='ocrx_word' id='word_1_106' title='bbox 1370 1330 1772 1400; x_wconf 83' lang='grc' dir='ltr'>περιφυέντων,</span> <span class='ocrx_word' id='word_1_107' title='bbox 1803 1332 1832 1384; x_wconf 87' lang='grc' dir='ltr'>ὁ</span> 
     </span>
    </p>
   </div>
   <div class='ocr_carea' id='block_1_16' title="bbox 254 1420 1832 1494">
    <p class='ocr_par' dir='ltr' id='par_1_16' title="bbox 254 1420 1832 1494">
     <span class='ocr_line' id='line_1_16' title="bbox 254 1420 1832 1494; baseline 0.006 -26"><span class='ocrx_word' id='word_1_108' title='bbox 254 1420 663 1489; x_wconf 67' lang='grc' dir='ltr'>προσεγγισμδς</span> <span class='ocrx_word' id='word_1_109' title='bbox 691 1421 791 1491; x_wconf 84' lang='grc' dir='ltr'><strong>τῆς</strong></span> <span class='ocrx_word' id='word_1_110' title='bbox 813 1420 965 1485; x_wconf 82' lang='grc' dir='ltr'><strong>θείας</strong></span> <span class='ocrx_word' id='word_1_111' title='bbox 992 1421 1272 1492; x_wconf 84' lang='grc' dir='ltr'>δυνάμεως</span> <span class='ocrx_word' id='word_1_112' title='bbox 1301 1423 1473 1494; x_wconf 78' lang='grc' dir='ltr'>πυρὸς</span> <span class='ocrx_word' id='word_1_113' title='bbox 1500 1422 1656 1493; x_wconf 82' lang='grc' dir='ltr'>δίκην</span> <span class='ocrx_word' id='word_1_114' title='bbox 1691 1427 1832 1493; x_wconf 82' lang='grc' dir='ltr'>ἁφα-</span> 
     </span>
    </p>
   </div>
   <div class='ocr_carea' id='block_1_17' title="bbox 251 1510 1835 1587">
    <p class='ocr_par' dir='ltr' id='par_1_17' title="bbox 251 1510 1835 1587">
     <span class='ocr_line' id='line_1_17' title="bbox 251 1510 1835 1587; baseline 0.004 -25"><span class='ocrx_word' id='word_1_115' title='bbox 251 1510 444 1579; x_wconf 74' lang='grc' dir='ltr'>νισμον</span> <span class='ocrx_word' id='word_1_116' title='bbox 478 1511 574 1564; x_wconf 80' lang='grc' dir='ltr'>τοῦ</span> <span class='ocrx_word' id='word_1_117' title='bbox 615 1512 768 1582; x_wconf 85' lang='grc' dir='ltr'><strong>παρὰ</strong></span> <span class='ocrx_word' id='word_1_118' title='bbox 805 1511 969 1581; x_wconf 77' lang='grc' dir='ltr'>φύσιν</span> <span class='ocrx_word' id='word_1_119' title='bbox 1010 1515 1485 1586; x_wconf 86' lang='grc' dir='ltr'>κατεργασάμενος</span> <span class='ocrx_word' id='word_1_120' title='bbox 1508 1556 1523 1579; x_wconf 80' lang='lat'><strong>,</strong></span> <span class='ocrx_word' id='word_1_121' title='bbox 1555 1516 1835 1587; x_wconf 81' lang='grc' dir='ltr'>εὐεργετεῖ</span> 
     </span>
    </p>
   </div>
   <div class='ocr_carea' id='block_1_18' title="bbox 250 1600 1830 1681">
    <p class='ocr_par' dir='ltr' id='par_1_18' title="bbox 250 1600 1830 1681">
     <span class='ocr_line' id='line_1_18' title="bbox 250 1600 1830 1681; baseline 0.008 -29"><span class='ocrx_word' id='word_1_122' title='bbox 250 1603 311 1670; x_wconf 69' lang='grc' dir='ltr'>τῇ</span> <span class='ocrx_word' id='word_1_123' title='bbox 340 1600 623 1673; x_wconf 68' lang='grc' dir='ltr'>ἀφθαρσίᾳ</span> <span class='ocrx_word' id='word_1_124' title='bbox 651 1603 750 1673; x_wconf 73' lang='grc' dir='ltr'>τὴν</span> <span class='ocrx_word' id='word_1_125' title='bbox 779 1603 959 1671; x_wconf 76' lang='grc' dir='ltr'>φύσιν.</span> <span class='ocrx_word' id='word_1_126' title='bbox 991 1604 1093 1658; x_wconf 81' lang='grc' dir='ltr'><strong>κᾶν</strong></span> <span class='ocrx_word' id='word_1_127' title='bbox 1118 1607 1370 1671; x_wconf 74' lang='grc' dir='ltr'><strong>ἐπίπονος</strong></span> <span class='ocrx_word' id='word_1_128' title='bbox 1402 1610 1435 1679; x_wconf 81' lang='grc' dir='ltr'>ἡ</span> <span class='ocrx_word' id='word_1_129' title='bbox 1467 1608 1733 1680; x_wconf 81' lang='grc' dir='ltr'>διάκρισις</span> 
     </span>
    </p>
   </div>
   <div class='ocr_carea' id='block_1_19' title="bbox 252 1691 1831 1771">
    <p class='ocr_par' dir='ltr' id='par_1_19' title="bbox 252 1691 1831 1771">
     <span class='ocr_line' id='line_1_19' title="bbox 252 1691 1831 1771; baseline 0.006 -27"><span class='ocrx_word' id='word_1_130' title='bbox 252 1692 460 1745; x_wconf 68' lang='grc' dir='ltr'>Οὐκοῦν</span> <span class='ocrx_word' id='word_1_131' title='bbox 488 1691 599 1744; x_wconf 59' lang='grc' dir='ltr'><strong>οὔδ’</strong></span> <span class='ocrx_word' id='word_1_132' title='bbox 628 1692 695 1747; x_wconf 77' lang='grc' dir='ltr'><strong>ἄν</strong></span> <span class='ocrx_word' id='word_1_133' title='bbox 724 1694 854 1764; x_wconf 84' lang='grc' dir='ltr'>παρ’</span> <span class='ocrx_word' id='word_1_134' title='bbox 887 1695 1050 1749; x_wconf 79' lang='grc' dir='ltr'>αὑτοῦ</span> <span class='ocrx_word' id='word_1_135' title='bbox 1075 1696 1166 1750; x_wconf 77' lang='grc' dir='ltr'>τοῦ</span> <span class='ocrx_word' id='word_1_136' title='bbox 1188 1698 1561 1769; x_wconf 79' lang='grc' dir='ltr'><strong>ἀντικειμένου</strong></span> <span class='ocrx_word' id='word_1_137' title='bbox 1593 1700 1666 1771; x_wconf 84' lang='grc' dir='ltr'>μὴ</span> <span class='ocrx_word' id='word_1_138' title='bbox 1692 1696 1831 1754; x_wconf 72' lang='grc' dir='ltr'>εἶναι</span> 
     </span>
    </p>
   </div>
   <div class='ocr_carea' id='block_1_20' title="bbox 1938 505 3509 580">
    <p class='ocr_par' dir='ltr' id='par_1_20' title="bbox 1938 505 3509 580">
     <span class='ocr_line' id='line_1_20' title="bbox 1938 505 3509 580; baseline -0.004 -16"><span class='ocrx_word' id='word_1_139' title='bbox 1938 516 2293 580; x_wconf 76' lang='lat' dir='ltr'><strong>expurgatur.</strong></span> <span class='ocrx_word' id='word_1_140' title='bbox 2322 505 2443 573; x_wconf 87' lang='lat' dir='ltr'><strong>Quo</strong></span> <span class='ocrx_word' id='word_1_141' title='bbox 2489 507 2650 561; x_wconf 90' lang='lat' dir='ltr'><strong>modo</strong></span> <span class='ocrx_word' id='word_1_142' title='bbox 2679 507 2824 560; x_wconf 88' lang='lat' dir='ltr'><strong>enim</strong></span> <span class='ocrx_word' id='word_1_143' title='bbox 2866 508 2910 562; x_wconf 87' lang='lat' dir='ltr'><strong>si</strong></span> <span class='ocrx_word' id='word_1_144' title='bbox 2963 507 3054 561; x_wconf 82' lang='lat' dir='ltr'><strong>vili</strong></span> <span class='ocrx_word' id='word_1_145' title='bbox 3100 506 3329 561; x_wconf 83' lang='lat' dir='ltr'><strong>materia</strong></span> <span class='ocrx_word' id='word_1_146' title='bbox 3373 518 3509 558; x_wconf 82' lang='lat' dir='ltr'><strong>auro</strong></span> 
     </span>
    </p>
   </div>
   <div class='ocr_carea' id='block_1_21' title="bbox 1937 597 3508 669">
    <p class='ocr_par' dir='ltr' id='par_1_21' title="bbox 1937 597 3508 669">
     <span class='ocr_line' id='line_1_21' title="bbox 1937 597 3508 669; baseline -0.002 -14"><span class='ocrx_word' id='word_1_147' title='bbox 1937 602 2197 665; x_wconf 89' lang='lat' dir='ltr'><strong>admista,</strong></span> <span class='ocrx_word' id='word_1_148' title='bbox 2228 601 2483 654; x_wconf 86' lang='lat' dir='ltr'><strong>aurilices</strong></span> <span class='ocrx_word' id='word_1_149' title='bbox 2517 614 2613 669; x_wconf 91' lang='lat' dir='ltr'><strong>per</strong></span> <span class='ocrx_word' id='word_1_150' title='bbox 2641 598 2845 668; x_wconf 80' lang='lat' dir='ltr'><strong>ignem,</strong></span> <span class='ocrx_word' id='word_1_151' title='bbox 2890 613 2955 653; x_wconf 91' lang='lat' dir='ltr'><strong>eo</strong></span> <span class='ocrx_word' id='word_1_152' title='bbox 2987 607 3314 668; x_wconf 89' lang='lat' dir='ltr'><strong>consumpto</strong></span> <span class='ocrx_word' id='word_1_153' title='bbox 3364 597 3508 667; x_wconf 83' lang='lat' dir='ltr'><strong>quod</strong></span> 
     </span>
    </p>
   </div>
   <div class='ocr_carea' id='block_1_22' title="bbox 1938 682 3510 759">
    <p class='ocr_par' dir='ltr' id='par_1_22' title="bbox 1938 682 3510 759">
     <span class='ocr_line' id='line_1_22' title="bbox 1938 682 3510 759; baseline -0.004 -13"><span class='ocrx_word' id='word_1_154' title='bbox 1938 699 2056 746; x_wconf 88' lang='lat' dir='ltr'><strong>erat</strong></span> <span class='ocrx_word' id='word_1_155' title='bbox 2087 691 2324 745; x_wconf 87' lang='lat' dir='ltr'><strong>alienum</strong></span> <span class='ocrx_word' id='word_1_156' title='bbox 2352 696 2405 745; x_wconf 90' lang='lat' dir='ltr'><strong>et</strong></span> <span class='ocrx_word' id='word_1_157' title='bbox 2447 688 2827 759; x_wconf 87' lang='lat' dir='ltr'><strong>rejiciendum,</strong></span> <span class='ocrx_word' id='word_1_158' title='bbox 2869 687 2936 742; x_wconf 86' lang='lat' dir='ltr'><strong>ad</strong></span> <span class='ocrx_word' id='word_1_159' title='bbox 2978 682 3281 743; x_wconf 82' lang='lat' dir='ltr'><strong>naturalem</strong></span> <span class='ocrx_word' id='word_1_160' title='bbox 3325 688 3510 758; x_wconf 88' lang='lat' dir='ltr'><strong>splen-</strong></span> 
     </span>
    </p>
   </div>
   <div class='ocr_carea' id='block_1_23' title="bbox 1939 780 3509 854">
    <p class='ocr_par' dir='ltr' id='par_1_23' title="bbox 1939 780 3509 854">
     <span class='ocr_line' id='line_1_23' title="bbox 1939 780 3509 854; baseline -0.002 -16"><span class='ocrx_word' id='word_1_161' title='bbox 1939 784 2127 839; x_wconf 86' lang='lat' dir='ltr'><strong>dorem</strong></span> <span class='ocrx_word' id='word_1_162' title='bbox 2160 783 2597 854; x_wconf 69' lang='lat' dir='ltr'><strong>praastantiorem</strong></span> <span class='ocrx_word' id='word_1_163' title='bbox 2660 780 2933 835; x_wconf 88' lang='lat' dir='ltr'><strong>reducunt</strong></span> <span class='ocrx_word' id='word_1_164' title='bbox 2969 780 3254 835; x_wconf 85' lang='lat' dir='ltr'><strong>materiem</strong></span> <span class='ocrx_word' id='word_1_165' title='bbox 3287 795 3301 830; x_wconf 79' lang='grc' dir='ltr'><strong>ι</strong></span> <span class='ocrx_word' id='word_1_166' title='bbox 3331 795 3509 849; x_wconf 86' lang='lat' dir='ltr'><strong>neque</strong></span> 
     </span>
    </p>
   </div>
   <div class='ocr_carea' id='block_1_24' title="bbox 1938 870 3509 939">
    <p class='ocr_par' dir='ltr' id='par_1_24' title="bbox 1938 870 3509 939">
     <span class='ocr_line' id='line_1_24' title="bbox 1938 870 3509 939; baseline -0.004 -10"><span class='ocrx_word' id='word_1_167' title='bbox 1938 883 2120 930; x_wconf 89' lang='lat' dir='ltr'><strong>tamen</strong></span> <span class='ocrx_word' id='word_1_168' title='bbox 2154 874 2295 928; x_wconf 85' lang='lat' dir='ltr'><strong>citra</strong></span> <span class='ocrx_word' id='word_1_169' title='bbox 2324 874 2567 927; x_wconf 85' lang='lat' dir='ltr'><strong>laborem</strong></span> <span class='ocrx_word' id='word_1_170' title='bbox 2596 872 2655 927; x_wconf 84' lang='lat' dir='ltr'><strong>[it</strong></span> <span class='ocrx_word' id='word_1_171' title='bbox 2687 872 2778 926; x_wconf 86' lang='lat' dir='ltr'><strong>illa</strong></span> <span class='ocrx_word' id='word_1_172' title='bbox 2801 871 3053 936; x_wconf 76' lang='lat' dir='ltr'><strong>secretio,</strong></span> <span class='ocrx_word' id='word_1_173' title='bbox 3089 885 3210 925; x_wconf 90' lang='lat' dir='ltr'><strong>cum</strong></span> <span class='ocrx_word' id='word_1_174' title='bbox 3241 870 3384 939; x_wconf 80' lang='lat' dir='ltr'><strong>ignis</strong></span> <span class='ocrx_word' id='word_1_175' title='bbox 3409 885 3509 926; x_wconf 91' lang='lat' dir='ltr'><strong>sua</strong></span> 
     </span>
    </p>
   </div>
   <div class='ocr_carea' id='block_1_25' title="bbox 1938 961 3512 1037">
    <p class='ocr_par' dir='ltr' id='par_1_25' title="bbox 1938 961 3512 1037">
     <span class='ocr_line' id='line_1_25' title="bbox 1938 961 3512 1037; baseline -0.003 -15"><span class='ocrx_word' id='word_1_176' title='bbox 1938 964 2302 1022; x_wconf 86' lang='lat' dir='ltr'><strong>consumendi</strong></span> <span class='ocrx_word' id='word_1_177' title='bbox 2332 975 2624 1037; x_wconf 87' lang='lat' dir='ltr'><strong>potestate,</strong></span> <span class='ocrx_word' id='word_1_178' title='bbox 2663 972 2913 1034; x_wconf 91' lang='lat' dir='ltr'><strong>tempore</strong></span> <span class='ocrx_word' id='word_1_179' title='bbox 2953 963 3131 1019; x_wconf 87' lang='lat' dir='ltr'><strong>deleat</strong></span> <span class='ocrx_word' id='word_1_180' title='bbox 3161 961 3214 1015; x_wconf 91' lang='lat' dir='ltr'><strong>id</strong></span> <span class='ocrx_word' id='word_1_181' title='bbox 3247 962 3393 1033; x_wconf 88' lang='lat' dir='ltr'><strong>quod</strong></span> <span class='ocrx_word' id='word_1_182' title='bbox 3427 970 3512 1017; x_wconf 88' lang='lat' dir='ltr'><strong>est</strong></span> 
     </span>
    </p>
   </div>
   <div class='ocr_carea' id='block_1_26' title="bbox 1939 1055 3511 1126">
    <p class='ocr_par' dir='ltr' id='par_1_26' title="bbox 1939 1055 3511 1126">
     <span class='ocr_line' id='line_1_26' title="bbox 1939 1055 3511 1126; baseline -0.005 -10"><span class='ocrx_word' id='word_1_183' title='bbox 1939 1059 2310 1116; x_wconf 83' lang='lat' dir='ltr'><strong>adulterinum</strong></span> <span class='ocrx_word' id='word_1_184' title='bbox 2350 1077 2364 1114; x_wconf 88' lang='lat'>:</span> <span class='ocrx_word' id='word_1_185' title='bbox 2404 1075 2590 1115; x_wconf 86' lang='lat' dir='ltr'><strong>verum</strong></span> <span class='ocrx_word' id='word_1_186' title='bbox 2630 1057 2908 1113; x_wconf 79' lang='lat' dir='ltr'><strong>enimvero</strong></span> <span class='ocrx_word' id='word_1_187' title='bbox 2964 1056 3083 1111; x_wconf 90' lang='lat' dir='ltr'><strong>auri</strong></span> <span class='ocrx_word' id='word_1_188' title='bbox 3144 1055 3388 1126; x_wconf 67' lang='lat' dir='ltr'><strong>quaedam</strong></span> <span class='ocrx_word' id='word_1_189' title='bbox 3427 1061 3511 1110; x_wconf 89' lang='lat' dir='ltr'><strong>est</strong></span> 
     </span>
    </p>
   </div>
   <div class='ocr_carea' id='block_1_27' title="bbox 1937 1147 3509 1223">
    <p class='ocr_par' dir='ltr' id='par_1_27' title="bbox 1937 1147 3509 1223">
     <span class='ocr_line' id='line_1_27' title="bbox 1937 1147 3509 1223; baseline -0.005 -15"><span class='ocrx_word' id='word_1_190' title='bbox 1937 1154 2255 1220; x_wconf 90' lang='lat' dir='ltr'><strong>medicatio,</strong></span> <span class='ocrx_word' id='word_1_191' title='bbox 2285 1151 2430 1223; x_wconf 88' lang='lat' dir='ltr'><strong>quod</strong></span> <span class='ocrx_word' id='word_1_192' title='bbox 2475 1153 2530 1207; x_wconf 93' lang='lat' dir='ltr'><strong>in</strong></span> <span class='ocrx_word' id='word_1_193' title='bbox 2564 1153 2683 1222; x_wconf 91' lang='lat' dir='ltr'><strong>ipso</strong></span> <span class='ocrx_word' id='word_1_194' title='bbox 2721 1150 2995 1220; x_wconf 84' lang='lat' dir='ltr'><strong>eliquetur</strong></span> <span class='ocrx_word' id='word_1_195' title='bbox 3026 1149 3078 1204; x_wconf 91' lang='lat' dir='ltr'><strong>id</strong></span> <span class='ocrx_word' id='word_1_196' title='bbox 3112 1148 3258 1219; x_wconf 85' lang='lat' dir='ltr'><strong>quod</strong></span> <span class='ocrx_word' id='word_1_197' title='bbox 3286 1148 3351 1203; x_wconf 89' lang='lat' dir='ltr'><strong>ad</strong></span> <span class='ocrx_word' id='word_1_198' title='bbox 3383 1147 3509 1202; x_wconf 90' lang='lat' dir='ltr'><strong>boni</strong></span> 
     </span>
    </p>
   </div>
   <div class='ocr_carea' id='block_1_28' title="bbox 1938 1240 3510 1311">
    <p class='ocr_par' dir='ltr' id='par_1_28' title="bbox 1938 1240 3510 1311">
     <span class='ocr_line' id='line_1_28' title="bbox 1938 1240 3510 1311; baseline -0.005 -10"><span class='ocrx_word' id='word_1_199' title='bbox 1938 1246 2168 1301; x_wconf 80' lang='lat' dir='ltr'><strong>exitium</strong></span> <span class='ocrx_word' id='word_1_200' title='bbox 2201 1250 2257 1301; x_wconf 91' lang='lat' dir='ltr'><strong>in</strong></span> <span class='ocrx_word' id='word_1_201' title='bbox 2288 1262 2352 1302; x_wconf 92' lang='lat' dir='ltr'><strong>eo</strong></span> <span class='ocrx_word' id='word_1_202' title='bbox 2390 1245 2629 1311; x_wconf 87' lang='lat' dir='ltr'><strong>positum</strong></span> <span class='ocrx_word' id='word_1_203' title='bbox 2668 1242 2884 1299; x_wconf 79' lang='lat' dir='ltr'><strong>fuerat:</strong></span> <span class='ocrx_word' id='word_1_204' title='bbox 2911 1243 3101 1298; x_wconf 88' lang='lat' dir='ltr'><strong>eodem</strong></span> <span class='ocrx_word' id='word_1_205' title='bbox 3148 1241 3313 1296; x_wconf 90' lang='lat' dir='ltr'><strong>modo</strong></span> <span class='ocrx_word' id='word_1_206' title='bbox 3345 1240 3510 1295; x_wconf 89' lang='lat' dir='ltr'><strong>etiam</strong></span> 
     </span>
    </p>
   </div>
   <div class='ocr_carea' id='block_1_29' title="bbox 1938 1333 3511 1403">
    <p class='ocr_par' dir='ltr' id='par_1_29' title="bbox 1938 1333 3511 1403">
     <span class='ocr_line' id='line_1_29' title="bbox 1938 1333 3511 1403; baseline -0.006 -10"><span class='ocrx_word' id='word_1_207' title='bbox 1938 1353 2065 1393; x_wconf 79' lang='lat' dir='ltr'><strong>cum</strong></span> <span class='ocrx_word' id='word_1_208' title='bbox 2096 1354 2247 1395; x_wconf 88' lang='lat' dir='ltr'><strong>mors</strong></span> <span class='ocrx_word' id='word_1_209' title='bbox 2276 1346 2329 1393; x_wconf 90' lang='lat' dir='ltr'><strong>et</strong></span> <span class='ocrx_word' id='word_1_210' title='bbox 2385 1338 2664 1399; x_wconf 88' lang='lat' dir='ltr'><strong>interitus,</strong></span> <span class='ocrx_word' id='word_1_211' title='bbox 2705 1345 2759 1391; x_wconf 91' lang='lat' dir='ltr'><strong>et</strong></span> <span class='ocrx_word' id='word_1_212' title='bbox 2789 1335 3046 1399; x_wconf 67' lang='lat' dir='ltr'><strong>tenebrae,</strong></span> <span class='ocrx_word' id='word_1_213' title='bbox 3095 1343 3150 1389; x_wconf 91' lang='lat' dir='ltr'><strong>et</strong></span> <span class='ocrx_word' id='word_1_214' title='bbox 3182 1334 3225 1388; x_wconf 91' lang='lat' dir='ltr'><strong>si</strong></span> <span class='ocrx_word' id='word_1_215' title='bbox 3273 1333 3398 1403; x_wconf 90' lang='lat' dir='ltr'><strong>quis</strong></span> <span class='ocrx_word' id='word_1_216' title='bbox 3427 1338 3511 1386; x_wconf 91' lang='lat' dir='ltr'><strong>est</strong></span> 
     </span>
    </p>
   </div>
   <div class='ocr_carea' id='block_1_30' title="bbox 1939 1423 3512 1496">
    <p class='ocr_par' dir='ltr' id='par_1_30' title="bbox 1939 1423 3512 1496">
     <span class='ocr_line' id='line_1_30' title="bbox 1939 1423 3512 1496; baseline -0.006 -9"><span class='ocrx_word' id='word_1_217' title='bbox 1939 1434 2082 1490; x_wconf 87' lang='lat' dir='ltr'><strong>alius</strong></span> <span class='ocrx_word' id='word_1_218' title='bbox 2116 1431 2237 1487; x_wconf 83' lang='lat' dir='ltr'><strong>vitii</strong></span> <span class='ocrx_word' id='word_1_219' title='bbox 2268 1430 2433 1496; x_wconf 81' lang='lat' dir='ltr'><strong>fetus,</strong></span> <span class='ocrx_word' id='word_1_220' title='bbox 2462 1429 2734 1485; x_wconf 85' lang='lat' dir='ltr'><strong>inventori</strong></span> <span class='ocrx_word' id='word_1_221' title='bbox 2773 1428 2901 1481; x_wconf 80' lang='lat' dir='ltr'><strong>ntali</strong></span> <span class='ocrx_word' id='word_1_222' title='bbox 2937 1427 3138 1480; x_wconf 89' lang='lat' dir='ltr'><strong>adnata</strong></span> <span class='ocrx_word' id='word_1_223' title='bbox 3171 1434 3384 1484; x_wconf 86' lang='lat' dir='ltr'><strong>essent,</strong></span> <span class='ocrx_word' id='word_1_224' title='bbox 3425 1423 3512 1478; x_wconf 90' lang='lat' dir='ltr'><strong>di—</strong></span> 
     </span>
    </p>
   </div>
   <div class='ocr_carea' id='block_1_31' title="bbox 1938 1516 3512 1593">
    <p class='ocr_par' dir='ltr' id='par_1_31' title="bbox 1938 1516 3512 1593">
     <span class='ocr_line' id='line_1_31' title="bbox 1938 1516 3512 1593; baseline -0.004 -15"><span class='ocrx_word' id='word_1_225' title='bbox 1938 1525 2079 1579; x_wconf 59' lang='lat' dir='ltr'><strong>vinae</strong></span> <span class='ocrx_word' id='word_1_226' title='bbox 2134 1523 2359 1579; x_wconf 84' lang='lat' dir='ltr'><strong>virtutis</strong></span> <span class='ocrx_word' id='word_1_227' title='bbox 2403 1521 2900 1593; x_wconf 78' lang='lat' dir='ltr'><strong>appropinquatio,</strong></span> <span class='ocrx_word' id='word_1_228' title='bbox 2951 1527 3213 1589; x_wconf 83' lang='lat' dir='ltr'><strong>tanquam</strong></span> <span class='ocrx_word' id='word_1_229' title='bbox 3268 1517 3337 1573; x_wconf 86' lang='lat' dir='ltr'><strong>ab</strong></span> <span class='ocrx_word' id='word_1_230' title='bbox 3388 1516 3512 1586; x_wconf 83' lang='lat' dir='ltr'><strong>igne</strong></span> 
     </span>
    </p>
   </div>
   <div class='ocr_carea' id='block_1_32' title="bbox 1939 1610 3515 1685">
    <p class='ocr_par' dir='ltr' id='par_1_32' title="bbox 1939 1610 3515 1685">
     <span class='ocr_line' id='line_1_32' title="bbox 1939 1610 3515 1685; baseline -0.005 -13"><span class='ocrx_word' id='word_1_231' title='bbox 1939 1616 2120 1673; x_wconf 88' lang='lat' dir='ltr'><strong>deleto</strong></span> <span class='ocrx_word' id='word_1_232' title='bbox 2150 1631 2214 1671; x_wconf 92' lang='lat' dir='ltr'><strong>eo</strong></span> <span class='ocrx_word' id='word_1_233' title='bbox 2246 1616 2388 1685; x_wconf 85' lang='lat' dir='ltr'><strong>quod</strong></span> <span class='ocrx_word' id='word_1_234' title='bbox 2423 1623 2509 1672; x_wconf 87' lang='lat' dir='ltr'><strong>est</strong></span> <span class='ocrx_word' id='word_1_235' title='bbox 2546 1621 2743 1685; x_wconf 68' lang='lat' dir='ltr'><strong>praeter</strong></span> <span class='ocrx_word' id='word_1_236' title='bbox 2795 1621 3070 1677; x_wconf 89' lang='lat' dir='ltr'><strong>naturam,</strong></span> <span class='ocrx_word' id='word_1_237' title='bbox 3119 1618 3375 1665; x_wconf 88' lang='lat' dir='ltr'><strong>naturam</strong></span> <span class='ocrx_word' id='word_1_238' title='bbox 3426 1610 3515 1665; x_wconf 89' lang='lat' dir='ltr'><strong>in-</strong></span> 
     </span>
    </p>
   </div>
   <div class='ocr_carea' id='block_1_33' title="bbox 1939 1703 3515 1772">
    <p class='ocr_par' dir='ltr' id='par_1_33' title="bbox 1939 1703 3515 1772">
     <span class='ocr_line' id='line_1_33' title="bbox 1939 1703 3515 1772; baseline -0.004 -9"><span class='ocrx_word' id='word_1_239' title='bbox 1939 1707 2315 1772; x_wconf 88' lang='lat' dir='ltr'><strong>corruptionis</strong></span> <span class='ocrx_word' id='word_1_240' title='bbox 2348 1705 2510 1761; x_wconf 74' lang='lat' dir='ltr'><strong>allicit</strong></span> <span class='ocrx_word' id='word_1_241' title='bbox 2534 1706 2821 1770; x_wconf 79' lang='lat' dir='ltr'><strong>beneﬁcio,</strong></span> <span class='ocrx_word' id='word_1_242' title='bbox 2872 1704 3089 1760; x_wconf 83' lang='lat' dir='ltr'><strong>etiamsi</strong></span> <span class='ocrx_word' id='word_1_243' title='bbox 3132 1703 3407 1759; x_wconf 90' lang='lat' dir='ltr'><strong>laboriosa</strong></span> <span class='ocrx_word' id='word_1_244' title='bbox 3442 1704 3515 1759; x_wconf 85' lang='lat' dir='ltr'><strong>sit</strong></span> 
     </span>
    </p>
   </div>
   <div class='ocr_carea' id='block_1_34' title="bbox 252 1782 1830 1870">
    <p class='ocr_par' dir='ltr' id='par_1_34' title="bbox 252 1782 1830 1866">
     <span class='ocr_line' id='line_1_34' title="bbox 252 1782 1830 1866; baseline 0.009 -31"><span class='ocrx_word' id='word_1_245' title='bbox 252 1782 455 1837; x_wconf 72' lang='grc' dir='ltr'>δίκαιόν</span> <span class='ocrx_word' id='word_1_246' title='bbox 472 1802 533 1837; x_wconf 89' lang='grc' dir='ltr'><strong>τε</strong></span> <span class='ocrx_word' id='word_1_247' title='bbox 552 1786 647 1839; x_wconf 79' lang='grc' dir='ltr'><strong>καὶ</strong></span> <span class='ocrx_word' id='word_1_248' title='bbox 668 1788 932 1857; x_wconf 77' lang='grc' dir='ltr'>σωτήριον</span> <span class='ocrx_word' id='word_1_249' title='bbox 952 1788 1013 1841; x_wconf 79' lang='grc' dir='ltr'><strong>τὸ</strong></span> <span class='ocrx_word' id='word_1_250' title='bbox 1030 1789 1248 1859; x_wconf 82' lang='grc' dir='ltr'>γεγονὸς</span> <span class='ocrx_word' id='word_1_251' title='bbox 1266 1791 1830 1866; x_wconf 73' lang='grc' dir='ltr'>ἀμφιϐάλλοιτο,εῐπερ</span> 
     </span>
    </p>
   </div>
   <div class='ocr_carea' id='block_1_35' title="bbox 1933 1782 3512 1870">
    <p class='ocr_par' dir='ltr' id='par_1_35' title="bbox 1938 1796 3512 1870">
     <span class='ocr_line' id='line_1_35' title="bbox 1938 1796 3512 1870; baseline -0.004 -14"><span class='ocrx_word' id='word_1_252' title='bbox 1938 1801 2195 1856; x_wconf 86' lang='lat' dir='ltr'><strong>secretio.</strong></span> <span class='ocrx_word' id='word_1_253' title='bbox 2231 1798 2375 1870; x_wconf 87' lang='lat' dir='ltr'><strong>Ergo</strong></span> <span class='ocrx_word' id='word_1_254' title='bbox 2413 1814 2483 1853; x_wconf 88' lang='lat' dir='ltr'><strong>ne</strong></span> <span class='ocrx_word' id='word_1_255' title='bbox 2513 1798 2765 1853; x_wconf 85' lang='lat' dir='ltr'><strong>dubitare</strong></span> <span class='ocrx_word' id='word_1_256' title='bbox 2818 1797 3036 1869; x_wconf 89' lang='lat' dir='ltr'><strong>quidem</strong></span> <span class='ocrx_word' id='word_1_257' title='bbox 3069 1797 3268 1868; x_wconf 89' lang='lat' dir='ltr'><strong>poterit</strong></span> <span class='ocrx_word' id='word_1_258' title='bbox 3317 1796 3512 1853; x_wconf 79' lang='lat' dir='ltr'><strong>adver-</strong></span> 
     </span>
    </p>
   </div>
   <div class='ocr_carea' id='block_1_36' title="bbox 252 1874 1832 1958">
    <p class='ocr_par' dir='ltr' id='par_1_36' title="bbox 252 1874 1832 1958">
     <span class='ocr_line' id='line_1_36' title="bbox 252 1874 1832 1958; baseline 0.008 -32"><span class='ocrx_word' id='word_1_259' title='bbox 252 1877 325 1937; x_wconf 86' lang='grc' dir='ltr'><strong>είς</strong></span> <span class='ocrx_word' id='word_1_260' title='bbox 350 1874 614 1945; x_wconf 78' lang='grc' dir='ltr'>αἴσθησιν</span> <span class='ocrx_word' id='word_1_261' title='bbox 633 1875 734 1947; x_wconf 78' lang='grc' dir='ltr'>τῆς</span> <span class='ocrx_word' id='word_1_262' title='bbox 761 1877 1079 1948; x_wconf 79' lang='grc' dir='ltr'><strong>εὐεργεσίας</strong></span> <span class='ocrx_word' id='word_1_263' title='bbox 1104 1880 1265 1936; x_wconf 76' lang='grc' dir='ltr'>ἔλθοι.</span> <span class='ocrx_word' id='word_1_264' title='bbox 1289 1883 1427 1937; x_wconf 55' lang='grc' dir='ltr'><strong>Νυνὶ⁵</strong></span> <span class='ocrx_word' id='word_1_265' title='bbox 1453 1884 1561 1956; x_wconf 82' lang='grc' dir='ltr'>γὰρ</span> <span class='ocrx_word' id='word_1_266' title='bbox 1583 1885 1832 1958; x_wconf 85' lang='grc' dir='ltr'>καθάπερ</span> 
     </span>
    </p>
   </div>
   <div class='ocr_carea' id='block_1_37' title="bbox 246 1968 1834 2047">
    <p class='ocr_par' dir='ltr' id='par_1_37' title="bbox 246 1968 1834 2047">
     <span class='ocr_line' id='line_1_37' title="bbox 246 1968 1834 2047; baseline 0.008 -28"><span class='ocrx_word' id='word_1_267' title='bbox 246 1968 295 2019; x_wconf 81' lang='grc' dir='ltr'>οἱ</span> <span class='ocrx_word' id='word_1_268' title='bbox 318 1969 416 2021; x_wconf 74' lang='grc' dir='ltr'><strong>ἐπὶ</strong></span> <span class='ocrx_word' id='word_1_269' title='bbox 440 1968 706 2039; x_wconf 74' lang='grc' dir='ltr'>θεραπείᾳ</span> <span class='ocrx_word' id='word_1_270' title='bbox 728 1969 1048 2041; x_wconf 81' lang='grc' dir='ltr'>τεμνόμενοι</span> <span class='ocrx_word' id='word_1_271' title='bbox 1076 1989 1134 2025; x_wconf 88' lang='grc' dir='ltr'><strong>τε</strong></span> <span class='ocrx_word' id='word_1_272' title='bbox 1150 1974 1244 2027; x_wconf 72' lang='grc' dir='ltr'><strong>καὶ</strong></span> <span class='ocrx_word' id='word_1_273' title='bbox 1270 1975 1548 2045; x_wconf 83' lang='grc' dir='ltr'>καιόμενοι</span> <span class='ocrx_word' id='word_1_274' title='bbox 1576 1976 1834 2047; x_wconf 87' lang='grc' dir='ltr'>χαλεπαί-</span> 
     </span>
    </p>
   </div>
   <div class='ocr_carea' id='block_1_38' title="bbox 251 2061 1834 2140">
    <p class='ocr_par' dir='ltr' id='par_1_38' title="bbox 251 2061 1834 2140">
     <span class='ocr_line' id='line_1_38' title="bbox 251 2061 1834 2140; baseline 0.008 -30"><span class='ocrx_word' id='word_1_275' title='bbox 251 2076 402 2111; x_wconf 79' lang='grc' dir='ltr'>νουσι</span> <span class='ocrx_word' id='word_1_276' title='bbox 437 2064 555 2124; x_wconf 77' lang='grc' dir='ltr'>τοῖς</span> <span class='ocrx_word' id='word_1_277' title='bbox 582 2061 953 2134; x_wconf 74' lang='grc' dir='ltr'>θεραπεύουσι,</span> <span class='ocrx_word' id='word_1_278' title='bbox 981 2066 1048 2135; x_wconf 77' lang='grc' dir='ltr'>τῇ</span> <span class='ocrx_word' id='word_1_279' title='bbox 1081 2064 1244 2139; x_wconf 78' lang='grc' dir='ltr'><strong>ὀδύνῃ</strong></span> <span class='ocrx_word' id='word_1_280' title='bbox 1281 2067 1379 2137; x_wconf 79' lang='grc' dir='ltr'>τῆς</span> <span class='ocrx_word' id='word_1_281' title='bbox 1407 2069 1578 2140; x_wconf 84' lang='grc' dir='ltr'>τομῆς</span> <span class='ocrx_word' id='word_1_282' title='bbox 1605 2069 1834 2140; x_wconf 84' lang='grc' dir='ltr'>δριμυσ-</span> 
     </span>
    </p>
   </div>
   <div class='ocr_carea' id='block_1_39' title="bbox 242 2152 1829 2231">
    <p class='ocr_par' dir='ltr' id='par_1_39' title="bbox 242 2152 1829 2231">
     <span class='ocr_line' id='line_1_39' title="bbox 242 2152 1829 2231; baseline 0.007 -28"><span class='ocrx_word' id='word_1_283' title='bbox 242 2152 481 2220; x_wconf 76' lang='grc' dir='ltr'>σόμενοι</span> <span class='ocrx_word' id='word_1_284' title='bbox 503 2171 518 2184; x_wconf 92' lang='grc'><strong>·</strong></span> <span class='ocrx_word' id='word_1_285' title='bbox 568 2154 617 2206; x_wconf 83' lang='grc' dir='ltr'><strong>εί</strong></span> <span class='ocrx_word' id='word_1_286' title='bbox 644 2153 698 2205; x_wconf 81' lang='grc' dir='ltr'><strong>δὲ</strong></span> <span class='ocrx_word' id='word_1_287' title='bbox 726 2154 783 2207; x_wconf 81' lang='grc' dir='ltr'>τὸ</span> <span class='ocrx_word' id='word_1_288' title='bbox 809 2155 1072 2222; x_wconf 81' lang='grc' dir='ltr'>ὑγιαίνειν</span> <span class='ocrx_word' id='word_1_289' title='bbox 1100 2155 1189 2210; x_wconf 79' lang='grc' dir='ltr'>διὰ</span> <span class='ocrx_word' id='word_1_290' title='bbox 1216 2155 1405 2211; x_wconf 87' lang='grc' dir='ltr'>τούτου</span> <span class='ocrx_word' id='word_1_291' title='bbox 1445 2160 1796 2231; x_wconf 70' lang='grc' dir='ltr'>προσγένοιτο</span> <span class='ocrx_word' id='word_1_292' title='bbox 1814 2202 1829 2227; x_wconf 95' lang='grc'><strong>,</strong></span> 
     </span>
    </p>
   </div>
   <div class='ocr_carea' id='block_1_40' title="bbox 246 2243 1833 2322">
    <p class='ocr_par' dir='ltr' id='par_1_40' title="bbox 246 2243 1833 2322">
     <span class='ocr_line' id='line_1_40' title="bbox 246 2243 1833 2322; baseline 0.005 -26"><span class='ocrx_word' id='word_1_293' title='bbox 246 2245 334 2296; x_wconf 74' lang='grc' dir='ltr'>καὶ</span> <span class='ocrx_word' id='word_1_294' title='bbox 354 2244 391 2315; x_wconf 68' lang='grc' dir='ltr'>ἡ</span> <span class='ocrx_word' id='word_1_295' title='bbox 424 2244 528 2312; x_wconf 80' lang='grc' dir='ltr'>τῆς</span> <span class='ocrx_word' id='word_1_296' title='bbox 550 2243 795 2309; x_wconf 74' lang='grc' dir='ltr'>καύσεως</span> <span class='ocrx_word' id='word_1_297' title='bbox 826 2246 1075 2318; x_wconf 77' lang='grc' dir='ltr'>ἀλγηδὼν</span> <span class='ocrx_word' id='word_1_298' title='bbox 1098 2248 1377 2319; x_wconf 84' lang='grc' dir='ltr'><strong>παρέλθοι,</strong></span> <span class='ocrx_word' id='word_1_299' title='bbox 1410 2250 1570 2322; x_wconf 84' lang='grc' dir='ltr'>χάριν</span> <span class='ocrx_word' id='word_1_300' title='bbox 1598 2252 1833 2304; x_wconf 80' lang='grc' dir='ltr'>εἴσονται</span> 
     </span>
    </p>
   </div>
   <div class='ocr_carea' id='block_1_41' title="bbox 246 2335 1832 2413">
    <p class='ocr_par' dir='ltr' id='par_1_41' title="bbox 246 2335 1832 2413">
     <span class='ocr_line' id='line_1_41' title="bbox 246 2335 1832 2413; baseline 0.004 -25"><span class='ocrx_word' id='word_1_301' title='bbox 246 2339 353 2399; x_wconf 76' lang='grc' dir='ltr'>τοῖς</span> <span class='ocrx_word' id='word_1_302' title='bbox 375 2335 488 2407; x_wconf 73' lang='grc' dir='ltr'><strong>τὴν</strong></span> <span class='ocrx_word' id='word_1_303' title='bbox 515 2335 811 2408; x_wconf 81' lang='grc' dir='ltr'>θεραπείαν</span> <span class='ocrx_word' id='word_1_304' title='bbox 836 2339 924 2393; x_wconf 79' lang='grc' dir='ltr'>ἐπ’</span> <span class='ocrx_word' id='word_1_305' title='bbox 957 2339 1153 2404; x_wconf 74' lang='grc' dir='ltr'>αὐτοὺς</span> <span class='ocrx_word' id='word_1_306' title='bbox 1181 2341 1509 2413; x_wconf 84' lang='grc' dir='ltr'>ἐνεργήσασι</span> <span class='ocrx_word' id='word_1_307' title='bbox 1528 2358 1542 2371; x_wconf 90' lang='grc'><strong>·</strong></span> <span class='ocrx_word' id='word_1_308' title='bbox 1575 2341 1714 2396; x_wconf 76' lang='grc' dir='ltr'>κατὰ</span> <span class='ocrx_word' id='word_1_309' title='bbox 1743 2341 1832 2394; x_wconf 82' lang='grc' dir='ltr'>τὸν</span> 
     </span>
    </p>
   </div>
   <div class='ocr_carea' id='block_1_42' title="bbox 247 2428 1834 2508">
    <p class='ocr_par' dir='ltr' id='par_1_42' title="bbox 247 2428 1834 2508">
     <span class='ocr_line' id='line_1_42' title="bbox 247 2428 1834 2508; baseline 0.006 -28"><span class='ocrx_word' id='word_1_310' title='bbox 247 2428 411 2481; x_wconf 63' lang='grc' dir='ltr'><strong>αὑτῦι</strong></span> <span class='ocrx_word' id='word_1_311' title='bbox 460 2430 665 2500; x_wconf 80' lang='grc' dir='ltr'>τρόπον</span> <span class='ocrx_word' id='word_1_312' title='bbox 708 2433 830 2495; x_wconf 86' lang='grc' dir='ltr'>ταῖς</span> <span class='ocrx_word' id='word_1_313' title='bbox 871 2436 1107 2503; x_wconf 80' lang='grc' dir='ltr'><strong>μακραῖς</strong></span> <span class='ocrx_word' id='word_1_314' title='bbox 1154 2434 1421 2506; x_wconf 81' lang='grc' dir='ltr'>περιόδοις</span> <span class='ocrx_word' id='word_1_315' title='bbox 1465 2434 1834 2508; x_wconf 81' lang='grc' dir='ltr'>ἐξαιρεθέντος</span> 
     </span>
    </p>
   </div>
   <div class='ocr_carea' id='block_1_43' title="bbox 247 2518 1835 2597">
    <p class='ocr_par' dir='ltr' id='par_1_43' title="bbox 247 2518 1835 2597">
     <span class='ocr_line' id='line_1_43' title="bbox 247 2518 1835 2597; baseline 0.004 -25"><span class='ocrx_word' id='word_1_316' title='bbox 247 2518 335 2573; x_wconf 73' lang='grc' dir='ltr'>τοῦ</span> <span class='ocrx_word' id='word_1_317' title='bbox 380 2518 564 2573; x_wconf 83' lang='grc' dir='ltr'><strong>κακοῦ</strong></span> <span class='ocrx_word' id='word_1_318' title='bbox 610 2522 713 2591; x_wconf 82' lang='grc' dir='ltr'>τῆς</span> <span class='ocrx_word' id='word_1_319' title='bbox 766 2522 1014 2591; x_wconf 80' lang='grc' dir='ltr'>φύσεως,</span> <span class='ocrx_word' id='word_1_320' title='bbox 1064 2523 1158 2578; x_wconf 80' lang='grc' dir='ltr'>τοῦ</span> <span class='ocrx_word' id='word_1_321' title='bbox 1212 2523 1308 2578; x_wconf 80' lang='grc' dir='ltr'><strong>νῦν</strong></span> <span class='ocrx_word' id='word_1_322' title='bbox 1361 2525 1545 2590; x_wconf 83' lang='grc' dir='ltr'>αὐτοῖς</span> <span class='ocrx_word' id='word_1_323' title='bbox 1600 2544 1835 2597; x_wconf 68' lang='grc' dir='ltr'>διαταμι-</span> 
     </span>
    </p>
   </div>
   <div class='ocr_carea' id='block_1_44' title="bbox 246 2609 1833 2687">
    <p class='ocr_par' dir='ltr' id='par_1_44' title="bbox 246 2609 1833 2687">
     <span class='ocr_line' id='line_1_44' title="bbox 246 2609 1833 2687; baseline 0.005 -25"><span class='ocrx_word' id='word_1_324' title='bbox 246 2609 465 2679; x_wconf 76' lang='grc' dir='ltr'>χθοξντος</span> <span class='ocrx_word' id='word_1_325' title='bbox 516 2613 613 2665; x_wconf 81' lang='grc' dir='ltr'>καὶ</span> <span class='ocrx_word' id='word_1_326' title='bbox 649 2613 1023 2685; x_wconf 74' lang='grc' dir='ltr'>συμφυέντος,</span> <span class='ocrx_word' id='word_1_327' title='bbox 1068 2614 1283 2670; x_wconf 77' lang='grc' dir='ltr'>ἐπειδὰν</span> <span class='ocrx_word' id='word_1_328' title='bbox 1319 2618 1352 2687; x_wconf 76' lang='grc' dir='ltr'><strong>ἡ</strong></span> <span class='ocrx_word' id='word_1_329' title='bbox 1396 2619 1476 2679; x_wconf 88' lang='grc' dir='ltr'><strong>είς</strong></span> <span class='ocrx_word' id='word_1_330' title='bbox 1517 2615 1578 2669; x_wconf 85' lang='grc' dir='ltr'><strong>τὸ</strong></span> <span class='ocrx_word' id='word_1_331' title='bbox 1610 2617 1833 2687; x_wconf 81' lang='grc' dir='ltr'>ἀρχαῖον</span> 
     </span>
    </p>
   </div>
   <div class='ocr_carea' id='block_1_45' title="bbox 246 2704 1831 2781">
    <p class='ocr_par' dir='ltr' id='par_1_45' title="bbox 246 2704 1831 2781">
     <span class='ocr_line' id='line_1_45' title="bbox 246 2704 1831 2781; baseline 0.004 -26"><span class='ocrx_word' id='word_1_332' title='bbox 246 2704 696 2767; x_wconf 73' lang='grc' dir='ltr'>ἀποκατάστασις</span> <span class='ocrx_word' id='word_1_333' title='bbox 726 2704 838 2758; x_wconf 82' lang='grc' dir='ltr'>τῶν</span> <span class='ocrx_word' id='word_1_334' title='bbox 877 2705 973 2759; x_wconf 81' lang='grc' dir='ltr'>νῦν</span> <span class='ocrx_word' id='word_1_335' title='bbox 1004 2706 1063 2759; x_wconf 83' lang='grc' dir='ltr'>ἐν</span> <span class='ocrx_word' id='word_1_336' title='bbox 1092 2707 1260 2778; x_wconf 71' lang='grc' dir='ltr'>κακίᾳ</span> <span class='ocrx_word' id='word_1_337' title='bbox 1291 2706 1561 2778; x_wconf 81' lang='grc' dir='ltr'>κειμένων</span> <span class='ocrx_word' id='word_1_338' title='bbox 1586 2708 1831 2781; x_wconf 81' lang='grc' dir='ltr'>γένηται,</span> 
     </span>
    </p>
   </div>
   <div class='ocr_carea' id='block_1_46' title="bbox 245 2792 1831 2872">
    <p class='ocr_par' dir='ltr' id='par_1_46' title="bbox 245 2792 1831 2872">
     <span class='ocr_line' id='line_1_46' title="bbox 245 2792 1831 2872; baseline 0.006 -27"><span class='ocrx_word' id='word_1_339' title='bbox 245 2792 531 2863; x_wconf 57' lang='grc' dir='ltr'>ὀμόορωνος</span> <span class='ocrx_word' id='word_1_340' title='bbox 554 2795 876 2867; x_wconf 76' lang='grc' dir='ltr'>εὐχαριστία</span> <span class='ocrx_word' id='word_1_341' title='bbox 899 2796 1053 2867; x_wconf 76' lang='grc' dir='ltr'>παρὰ</span> <span class='ocrx_word' id='word_1_342' title='bbox 1080 2799 1260 2869; x_wconf 87' lang='grc' dir='ltr'>πάσης</span> <span class='ocrx_word' id='word_1_343' title='bbox 1282 2793 1434 2852; x_wconf 79' lang='grc' dir='ltr'>ἔσται</span> <span class='ocrx_word' id='word_1_344' title='bbox 1454 2802 1552 2872; x_wconf 79' lang='grc' dir='ltr'><strong>τῆς</strong></span> <span class='ocrx_word' id='word_1_345' title='bbox 1579 2801 1831 2867; x_wconf 80' lang='grc' dir='ltr'><strong>κτίσεως,</strong></span> 
     </span>
    </p>
   </div>
   <div class='ocr_carea' id='block_1_47' title="bbox 244 2887 1835 2962">
    <p class='ocr_par' dir='ltr' id='par_1_47' title="bbox 244 2887 1835 2962">
     <span class='ocr_line' id='line_1_47' title="bbox 244 2887 1835 2962; baseline 0.004 -23"><span class='ocrx_word' id='word_1_346' title='bbox 244 2887 334 2939; x_wconf 76' lang='grc' dir='ltr'>καὶ</span> <span class='ocrx_word' id='word_1_347' title='bbox 359 2887 474 2940; x_wconf 85' lang='grc' dir='ltr'>τῶν</span> <span class='ocrx_word' id='word_1_348' title='bbox 507 2889 572 2940; x_wconf 83' lang='grc' dir='ltr'>ὲν</span> <span class='ocrx_word' id='word_1_349' title='bbox 597 2891 665 2959; x_wconf 80' lang='grc' dir='ltr'>τῇ</span> <span class='ocrx_word' id='word_1_350' title='bbox 691 2887 955 2960; x_wconf 80' lang='grc' dir='ltr'>καθάρσει</span> <span class='ocrx_word' id='word_1_351' title='bbox 982 2888 1415 2961; x_wconf 80' lang='grc' dir='ltr'>κεκολασμένων,</span> <span class='ocrx_word' id='word_1_352' title='bbox 1445 2891 1540 2944; x_wconf 75' lang='grc' dir='ltr'><strong>καὶ</strong></span> <span class='ocrx_word' id='word_1_353' title='bbox 1562 2891 1669 2945; x_wconf 83' lang='grc' dir='ltr'>τῶν</span> <span class='ocrx_word' id='word_1_354' title='bbox 1699 2891 1835 2962; x_wconf 83' lang='grc' dir='ltr'><strong>μηδὲ</strong></span> 
     </span>
    </p>
   </div>
   <div class='ocr_carea' id='block_1_48' title="bbox 239 2980 1832 3053">
    <p class='ocr_par' dir='ltr' id='par_1_48' title="bbox 239 2980 1832 3053">
     <span class='ocr_line' id='line_1_48' title="bbox 239 2980 1832 3053; baseline 0.001 -19"><span class='ocrx_word' id='word_1_355' title='bbox 239 2980 338 3051; x_wconf 70' lang='grc' dir='ltr'><strong>τὴν</strong></span> <span class='ocrx_word' id='word_1_356' title='bbox 376 2981 566 3052; x_wconf 78' lang='grc' dir='ltr'>ἀρχὴν</span> <span class='ocrx_word' id='word_1_357' title='bbox 602 2980 996 3051; x_wconf 77' lang='grc' dir='ltr'>ἐπιδεηθέντων</span> <span class='ocrx_word' id='word_1_358' title='bbox 1036 2981 1374 3053; x_wconf 87' lang='grc' dir='ltr'>καθάρσεως.</span> <span class='ocrx_word' id='word_1_359' title='bbox 1422 2982 1606 3037; x_wconf 78' lang='grc' dir='ltr'>Ταῦτα</span> <span class='ocrx_word' id='word_1_360' title='bbox 1639 2983 1733 3036; x_wconf 74' lang='grc' dir='ltr'>καὶ</span> <span class='ocrx_word' id='word_1_361' title='bbox 1765 2985 1832 3036; x_wconf 77' lang='grc' dir='ltr'>τὰ</span> 
     </span>
    </p>
   </div>
   <div class='ocr_carea' id='block_1_49' title="bbox 236 3071 1833 3146">
    <p class='ocr_par' dir='ltr' id='par_1_49' title="bbox 236 3071 1833 3146">
     <span class='ocr_line' id='line_1_49' title="bbox 236 3071 1833 3146; baseline 0.001 -20"><span class='ocrx_word' id='word_1_362' title='bbox 236 3071 468 3126; x_wconf 72' lang='grc' dir='ltr'>τοιαῦτα</span> <span class='ocrx_word' id='word_1_363' title='bbox 520 3071 858 3144; x_wconf 80' lang='grc' dir='ltr'>παραδίδωσι</span> <span class='ocrx_word' id='word_1_364' title='bbox 903 3072 963 3125; x_wconf 75' lang='grc' dir='ltr'>τὸ</span> <span class='ocrx_word' id='word_1_365' title='bbox 1007 3073 1149 3144; x_wconf 83' lang='grc' dir='ltr'>μέγα</span> <span class='ocrx_word' id='word_1_366' title='bbox 1196 3074 1491 3146; x_wconf 83' lang='grc' dir='ltr'>μυστήριον</span> <span class='ocrx_word' id='word_1_367' title='bbox 1535 3074 1635 3143; x_wconf 83' lang='grc' dir='ltr'><strong>τῆς</strong></span> <span class='ocrx_word' id='word_1_368' title='bbox 1684 3072 1833 3137; x_wconf 86' lang='grc' dir='ltr'>θείας</span> 
     </span>
    </p>
   </div>
   <div class='ocr_carea' id='block_1_50' title="bbox 238 3157 1833 3238">
    <p class='ocr_par' dir='ltr' id='par_1_50' title="bbox 238 3157 1833 3238">
     <span class='ocr_line' id='line_1_50' title="bbox 238 3157 1833 3238; baseline 0 -19"><span class='ocrx_word' id='word_1_369' title='bbox 238 3164 734 3238; x_wconf 69' lang='grc' dir='ltr'>ῑνανθρωπήσεως.</span> <span class='ocrx_word' id='word_1_370' title='bbox 766 3164 847 3219; x_wconf 79' lang='grc' dir='ltr'><strong>Δι’</strong></span> <span class='ocrx_word' id='word_1_371' title='bbox 874 3157 950 3218; x_wconf 82' lang='grc' dir='ltr'>ὧν</span> <span class='ocrx_word' id='word_1_372' title='bbox 977 3164 1085 3238; x_wconf 71' lang='grc' dir='ltr'>γὰρ</span> <span class='ocrx_word' id='word_1_373' title='bbox 1122 3164 1424 3236; x_wconf 83' lang='grc' dir='ltr'>κατεμίχθη</span> <span class='ocrx_word' id='word_1_374' title='bbox 1455 3168 1523 3236; x_wconf 76' lang='grc' dir='ltr'>τῇ</span> <span class='ocrx_word' id='word_1_375' title='bbox 1553 3164 1833 3236; x_wconf 76' lang='grc' dir='ltr'>ἀνθρωπό-</span> 
     </span>
    </p>
   </div>
   <div class='ocr_carea' id='block_1_51' title="bbox 233 3255 1831 3330">
    <p class='ocr_par' dir='ltr' id='par_1_51' title="bbox 233 3255 1831 3330">
     <span class='ocr_line' id='line_1_51' title="bbox 233 3255 1831 3330; baseline -0.002 -18"><span class='ocrx_word' id='word_1_376' title='bbox 233 3275 385 3330; x_wconf 79' lang='grc' dir='ltr'>τητι,</span> <span class='ocrx_word' id='word_1_377' title='bbox 420 3257 519 3312; x_wconf 74' lang='grc' dir='ltr'><strong>διὰ</strong></span> <span class='ocrx_word' id='word_1_378' title='bbox 559 3258 774 3312; x_wconf 85' lang='grc' dir='ltr'>πάντων</span> <span class='ocrx_word' id='word_1_379' title='bbox 810 3257 920 3311; x_wconf 85' lang='grc' dir='ltr'><strong>τῶν</strong></span> <span class='ocrx_word' id='word_1_380' title='bbox 963 3256 1063 3327; x_wconf 81' lang='grc' dir='ltr'>τῆς</span> <span class='ocrx_word' id='word_1_381' title='bbox 1093 3255 1306 3325; x_wconf 81' lang='grc' dir='ltr'>φύσεως</span> <span class='ocrx_word' id='word_1_382' title='bbox 1346 3256 1649 3327; x_wconf 81' lang='grc' dir='ltr'>ἰδιωμάτων</span> <span class='ocrx_word' id='word_1_383' title='bbox 1677 3256 1831 3325; x_wconf 85' lang='grc' dir='ltr'>γενό-</span> 
     </span>
    </p>
   </div>
   <div class='ocr_carea' id='block_1_52' title="bbox 237 3348 1832 3420">
    <p class='ocr_par' dir='ltr' id='par_1_52' title="bbox 237 3348 1832 3420">
     <span class='ocr_line' id='line_1_52' title="bbox 237 3348 1832 3420; baseline -0.001 -17"><span class='ocrx_word' id='word_1_384' title='bbox 237 3367 430 3420; x_wconf 83' lang='grc' dir='ltr'>μενος,</span> <span class='ocrx_word' id='word_1_385' title='bbox 463 3349 731 3419; x_wconf 83' lang='grc' dir='ltr'>γενέσεώς</span> <span class='ocrx_word' id='word_1_386' title='bbox 752 3368 810 3403; x_wconf 85' lang='grc' dir='ltr'><strong>τε</strong></span> <span class='ocrx_word' id='word_1_387' title='bbox 842 3350 934 3404; x_wconf 78' lang='grc' dir='ltr'>καὶ</span> <span class='ocrx_word' id='word_1_388' title='bbox 956 3348 1266 3418; x_wconf 78' lang='grc' dir='ltr'>ἀνατροφῆς</span> <span class='ocrx_word' id='word_1_389' title='bbox 1294 3348 1387 3402; x_wconf 72' lang='grc' dir='ltr'><strong>καὶ</strong></span> <span class='ocrx_word' id='word_1_390' title='bbox 1412 3348 1710 3420; x_wconf 76' lang='grc' dir='ltr'>αὐξήσεως,</span> <span class='ocrx_word' id='word_1_391' title='bbox 1739 3348 1832 3402; x_wconf 81' lang='grc' dir='ltr'><strong>καὶ</strong></span> 
     </span>
    </p>
   </div>
   <div class='ocr_carea' id='block_1_53' title="bbox 238 3440 1833 3515">
    <p class='ocr_par' dir='ltr' id='par_1_53' title="bbox 238 3440 1833 3515">
     <span class='ocr_line' id='line_1_53' title="bbox 238 3440 1833 3515; baseline -0.001 -20"><span class='ocrx_word' id='word_1_392' title='bbox 238 3443 406 3514; x_wconf 80' lang='grc' dir='ltr'>μέχρι</span> <span class='ocrx_word' id='word_1_393' title='bbox 437 3444 544 3515; x_wconf 73' lang='grc' dir='ltr'>τῆς</span> <span class='ocrx_word' id='word_1_394' title='bbox 587 3442 679 3497; x_wconf 84' lang='grc' dir='ltr'>τοῦ</span> <span class='ocrx_word' id='word_1_395' title='bbox 710 3443 940 3497; x_wconf 85' lang='grc' dir='ltr'>θανάτου</span> <span class='ocrx_word' id='word_1_396' title='bbox 985 3442 1181 3514; x_wconf 85' lang='grc' dir='ltr'>πείρας</span> <span class='ocrx_word' id='word_1_397' title='bbox 1218 3440 1520 3507; x_wconf 82' lang='grc' dir='ltr'>διεξελθὼν,</span> <span class='ocrx_word' id='word_1_398' title='bbox 1548 3440 1617 3493; x_wconf 80' lang='grc' dir='ltr'>τὰ</span> <span class='ocrx_word' id='word_1_399' title='bbox 1650 3458 1833 3510; x_wconf 87' lang='grc' dir='ltr'>προει-</span> 
     </span>
    </p>
   </div>
   <div class='ocr_carea' id='block_1_54' title="bbox 243 3530 1832 3602">
    <p class='ocr_par' dir='ltr' id='par_1_54' title="bbox 243 3530 1832 3602">
     <span class='ocr_line' id='line_1_54' title="bbox 243 3530 1832 3602; baseline 0.001 -19"><span class='ocrx_word' id='word_1_400' title='bbox 243 3532 463 3602; x_wconf 68' lang='grc' dir='ltr'>ρημένα</span> <span class='ocrx_word' id='word_1_401' title='bbox 515 3533 691 3586; x_wconf 74' lang='grc' dir='ltr'>πάντα</span> <span class='ocrx_word' id='word_1_402' title='bbox 735 3531 1161 3602; x_wconf 86' lang='grc' dir='ltr'>κατείργασται,</span> <span class='ocrx_word' id='word_1_403' title='bbox 1196 3530 1287 3585; x_wconf 79' lang='grc' dir='ltr'>τόν</span> <span class='ocrx_word' id='word_1_404' title='bbox 1332 3547 1390 3584; x_wconf 86' lang='grc' dir='ltr'><strong>τε</strong></span> <span class='ocrx_word' id='word_1_405' title='bbox 1424 3530 1706 3602; x_wconf 80' lang='grc' dir='ltr'>ἄνθρωπον</span> <span class='ocrx_word' id='word_1_406' title='bbox 1732 3532 1832 3601; x_wconf 78' lang='grc' dir='ltr'>τῆς</span> 
     </span>
    </p>
   </div>
   <div class='ocr_carea' id='block_1_55' title="bbox 239 3622 1833 3696">
    <p class='ocr_par' dir='ltr' id='par_1_55' title="bbox 239 3622 1833 3696">
     <span class='ocr_line' id='line_1_55' title="bbox 239 3622 1833 3696; baseline 0.001 -22"><span class='ocrx_word' id='word_1_407' title='bbox 239 3623 447 3686; x_wconf 83' lang='grc' dir='ltr'>κακίας</span> <span class='ocrx_word' id='word_1_408' title='bbox 474 3622 800 3694; x_wconf 83' lang='grc' dir='ltr'>ἐλευθερῶν,</span> <span class='ocrx_word' id='word_1_409' title='bbox 829 3624 923 3676; x_wconf 80' lang='grc' dir='ltr'>καὶ</span> <span class='ocrx_word' id='word_1_410' title='bbox 950 3624 1109 3679; x_wconf 81' lang='grc' dir='ltr'>αὐτὸν</span> <span class='ocrx_word' id='word_1_411' title='bbox 1136 3625 1226 3677; x_wconf 84' lang='grc' dir='ltr'><strong>τὸν</strong></span> <span class='ocrx_word' id='word_1_412' title='bbox 1250 3624 1349 3696; x_wconf 76' lang='grc' dir='ltr'><strong>τῆς</strong></span> <span class='ocrx_word' id='word_1_413' title='bbox 1375 3625 1574 3688; x_wconf 85' lang='grc' dir='ltr'>κακίας</span> <span class='ocrx_word' id='word_1_414' title='bbox 1606 3623 1833 3694; x_wconf 78' lang='grc' dir='ltr'>εὑρετὴν</span> 
     </span>
    </p>
   </div>
   <div class='ocr_carea' id='block_1_56' title="bbox 240 3710 1833 3787">
    <p class='ocr_par' dir='ltr' id='par_1_56' title="bbox 240 3710 1833 3787">
     <span class='ocr_line' id='line_1_56' title="bbox 240 3710 1833 3787; baseline 0.004 -25"><span class='ocrx_word' id='word_1_415' title='bbox 240 3710 505 3781; x_wconf 73' lang='grc' dir='ltr'>ἰώμενος.</span> <span class='ocrx_word' id='word_1_416' title='bbox 535 3713 704 3776; x_wconf 81' lang='grc' dir='ltr'>Ἴασις</span> <span class='ocrx_word' id='word_1_417' title='bbox 718 3714 826 3785; x_wconf 87' lang='grc' dir='ltr'><strong>γάρ</strong></span> <span class='ocrx_word' id='word_1_418' title='bbox 852 3714 1000 3767; x_wconf 87' lang='grc' dir='ltr'>ἐστιν</span> <span class='ocrx_word' id='word_1_419' title='bbox 1013 3714 1320 3787; x_wconf 74' lang='grc' dir='ltr'>ἀρρωστίας</span> <span class='ocrx_word' id='word_1_420' title='bbox 1353 3716 1386 3786; x_wconf 75' lang='grc' dir='ltr'><strong>ἡ</strong></span> <span class='ocrx_word' id='word_1_421' title='bbox 1418 3714 1511 3769; x_wconf 75' lang='grc' dir='ltr'>τοῦ</span> <span class='ocrx_word' id='word_1_422' title='bbox 1533 3715 1833 3787; x_wconf 82' lang='grc' dir='ltr'>νοσήματος</span> 
     </span>
    </p>
   </div>
   <div class='ocr_carea' id='block_1_57' title="bbox 238 3805 1054 3883">
    <p class='ocr_par' dir='ltr' id='par_1_57' title="bbox 238 3805 1054 3883">
     <span class='ocr_line' id='line_1_57' title="bbox 238 3805 1054 3883; baseline 0.011 -24"><span class='ocrx_word' id='word_1_423' title='bbox 238 3805 555 3877; x_wconf 76' lang='grc' dir='ltr'>κάθαρσις,</span> <span class='ocrx_word' id='word_1_424' title='bbox 586 3806 687 3861; x_wconf 72' lang='grc' dir='ltr'>κᾶν</span> <span class='ocrx_word' id='word_1_425' title='bbox 722 3806 1054 3883; x_wconf 85' lang='grc' dir='ltr'>ἐπίπονος</span> 
     </span>
    </p>
   </div>
   <div class='ocr_carea' id='block_1_58' title="bbox 834 3985 1250 4042">
    <p class='ocr_par' dir='ltr' id='par_1_58' title="bbox 834 3985 1250 4042">
     <span class='ocr_line' id='line_1_58' title="bbox 834 3985 1250 4042; baseline 0.007 -3"><span class='ocrx_word' id='word_1_426' title='bbox 834 3987 1085 4039; x_wconf 80' lang='grc' dir='ltr'><strong>ΚΕΦΑΛ.</strong></span> <span class='ocrx_word' id='word_1_427' title='bbox 1125 3985 1250 4042; x_wconf 80' lang='lat' dir='ltr'><strong>KZ&#39;.</strong></span> 
     </span>
    </p>
   </div>
   <div class='ocr_carea' id='block_1_59' title="bbox 330 4073 1830 4152">
    <p class='ocr_par' dir='ltr' id='par_1_59' title="bbox 330 4073 1830 4152">
     <span class='ocr_line' id='line_1_59' title="bbox 330 4073 1830 4152; baseline 0.005 -25"><span class='ocrx_word' id='word_1_428' title='bbox 330 4073 665 4128; x_wconf 74' lang='grc' dir='ltr'>Ἀκόὶουθον</span> <span class='ocrx_word' id='word_1_429' title='bbox 698 4074 750 4129; x_wconf 81' lang='grc' dir='ltr'><strong>δὲ</strong></span> <span class='ocrx_word' id='word_1_430' title='bbox 783 4078 1016 4142; x_wconf 85' lang='grc' dir='ltr'>πάντως,</span> <span class='ocrx_word' id='word_1_431' title='bbox 1045 4079 1134 4132; x_wconf 85' lang='grc' dir='ltr'><strong>τὸν</strong></span> <span class='ocrx_word' id='word_1_432' title='bbox 1162 4079 1298 4151; x_wconf 76' lang='grc' dir='ltr'>πρὸς</span> <span class='ocrx_word' id='word_1_433' title='bbox 1334 4080 1432 4149; x_wconf 80' lang='grc' dir='ltr'><strong>τὴν</strong></span> <span class='ocrx_word' id='word_1_434' title='bbox 1463 4079 1623 4149; x_wconf 70' lang='grc' dir='ltr'>φύσιν</span> <span class='ocrx_word' id='word_1_435' title='bbox 1675 4079 1830 4152; x_wconf 72' lang='grc' dir='ltr'>ἡμῶν</span> 
     </span>
    </p>
   </div>
   <div class='ocr_carea' id='block_1_60' title="bbox 232 4167 1830 4244">
    <p class='ocr_par' dir='ltr' id='par_1_60' title="bbox 232 4167 1830 4244">
     <span class='ocr_line' id='line_1_60' title="bbox 232 4167 1830 4244; baseline 0.005 -25"><span class='ocrx_word' id='word_1_436' title='bbox 232 4167 710 4240; x_wconf 73' lang='grc' dir='ltr'>ἀνακιρνάμενον,</span> <span class='ocrx_word' id='word_1_437' title='bbox 743 4171 829 4224; x_wconf 73' lang='grc' dir='ltr'><strong>διὰ</strong></span> <span class='ocrx_word' id='word_1_438' title='bbox 851 4172 1066 4225; x_wconf 86' lang='grc' dir='ltr'>πάντων</span> <span class='ocrx_word' id='word_1_439' title='bbox 1094 4169 1350 4237; x_wconf 80' lang='grc' dir='ltr'>δέξασθαι</span> <span class='ocrx_word' id='word_1_440' title='bbox 1388 4174 1497 4226; x_wconf 83' lang='grc' dir='ltr'>τῶν</span> <span class='ocrx_word' id='word_1_441' title='bbox 1528 4174 1830 4244; x_wconf 83' lang='grc' dir='ltr'>ἰδιωμάτων</span> 
     </span>
    </p>
   </div>
   <div class='ocr_carea' id='block_1_61' title="bbox 230 4259 1828 4334">
    <p class='ocr_par' dir='ltr' id='par_1_61' title="bbox 230 4259 1828 4334">
     <span class='ocr_line' id='line_1_61' title="bbox 230 4259 1828 4334; baseline 0.004 -24"><span class='ocrx_word' id='word_1_442' title='bbox 230 4260 415 4328; x_wconf 40' lang='grc' dir='ltr'>αῆς</span> <span class='ocrx_word' id='word_1_443' title='bbox 445 4259 547 4329; x_wconf 69' lang='grc' dir='ltr'>τὴν</span> <span class='ocrx_word' id='word_1_444' title='bbox 575 4260 711 4332; x_wconf 68' lang='grc' dir='ltr'>πρὸς</span> <span class='ocrx_word' id='word_1_445' title='bbox 732 4261 876 4332; x_wconf 70' lang='grc' dir='ltr'>ἡμᾶς</span> <span class='ocrx_word' id='word_1_446' title='bbox 901 4262 1323 4332; x_wconf 78' lang='grc' dir='ltr'>συνανάχρασιν.</span> <span class='ocrx_word' id='word_1_447' title='bbox 1359 4261 1628 4334; x_wconf 82' lang='grc' dir='ltr'>Καθάπερ</span> <span class='ocrx_word' id='word_1_448' title='bbox 1652 4262 1760 4333; x_wconf 80' lang='grc' dir='ltr'>γὰρ</span> <span class='ocrx_word' id='word_1_449' title='bbox 1781 4264 1828 4316; x_wconf 90' lang='grc' dir='ltr'><strong>οί</strong></span> 
     </span>
    </p>
   </div>
   <div class='ocr_carea' id='block_1_62' title="bbox 228 4351 1829 4425">
    <p class='ocr_par' dir='ltr' id='par_1_62' title="bbox 228 4351 1829 4425">
     <span class='ocr_line' id='line_1_62' title="bbox 228 4351 1829 4425; baseline 0.001 -20"><span class='ocrx_word' id='word_1_450' title='bbox 228 4354 320 4405; x_wconf 73' lang='grc' dir='ltr'><strong>τὸν</strong></span> <span class='ocrx_word' id='word_1_451' title='bbox 352 4351 542 4422; x_wconf 73' lang='grc' dir='ltr'>ῥύπον</span> <span class='ocrx_word' id='word_1_452' title='bbox 570 4352 678 4405; x_wconf 81' lang='grc' dir='ltr'><strong>τῶν</strong></span> <span class='ocrx_word' id='word_1_453' title='bbox 707 4353 939 4423; x_wconf 78' lang='grc' dir='ltr'>ἱματίων</span> <span class='ocrx_word' id='word_1_454' title='bbox 968 4353 1343 4418; x_wconf 84' lang='grc' dir='ltr'>ἐκπλύνοντες,</span> <span class='ocrx_word' id='word_1_455' title='bbox 1372 4355 1432 4406; x_wconf 78' lang='grc' dir='ltr'>οὐ</span> <span class='ocrx_word' id='word_1_456' title='bbox 1462 4353 1532 4407; x_wconf 78' lang='grc' dir='ltr'>τὰ</span> <span class='ocrx_word' id='word_1_457' title='bbox 1577 4354 1673 4425; x_wconf 88' lang='grc' dir='ltr'><strong>μέν</strong></span> <span class='ocrx_word' id='word_1_458' title='bbox 1700 4354 1829 4407; x_wconf 85' lang='grc' dir='ltr'>ἐῶσι</span> 
     </span>
    </p>
   </div>
   <div class='ocr_carea' id='block_1_63' title="bbox 225 4444 1806 4519">
    <p class='ocr_par' dir='ltr' id='par_1_63' title="bbox 225 4444 1806 4519">
     <span class='ocr_line' id='line_1_63' title="bbox 225 4444 1806 4519; baseline 0.001 -22"><span class='ocrx_word' id='word_1_459' title='bbox 225 4447 342 4499; x_wconf 79' lang='grc' dir='ltr'><strong>τῶν</strong></span> <span class='ocrx_word' id='word_1_460' title='bbox 399 4444 795 4517; x_wconf 82' lang='grc' dir='ltr'>μολυσμάτων,</span> <span class='ocrx_word' id='word_1_461' title='bbox 852 4444 920 4498; x_wconf 81' lang='grc' dir='ltr'>τὰ</span> <span class='ocrx_word' id='word_1_462' title='bbox 966 4446 1023 4499; x_wconf 83' lang='grc' dir='ltr'><strong>δὲ</strong></span> <span class='ocrx_word' id='word_1_463' title='bbox 1068 4446 1526 4519; x_wconf 73' lang='grc' dir='ltr'>ἀπορρίπτουσιν·</span> <span class='ocrx_word' id='word_1_464' title='bbox 1576 4445 1689 4499; x_wconf 82' lang='grc' dir='ltr'>ἀλλ’</span> <span class='ocrx_word' id='word_1_465' title='bbox 1732 4447 1806 4500; x_wconf 74' lang='grc' dir='ltr'><strong>ἀπ’</strong></span> 
     </span>
    </p>
   </div>
   <div class='ocr_carea' id='block_1_64' title="bbox 224 4537 1826 4611">
    <p class='ocr_par' dir='ltr' id='par_1_64' title="bbox 224 4537 1826 4611">
     <span class='ocr_line' id='line_1_64' title="bbox 224 4537 1826 4611; baseline 0.001 -21"><span class='ocrx_word' id='word_1_466' title='bbox 224 4538 413 4607; x_wconf 71' lang='grc' dir='ltr'>ἀρχῆς</span> <span class='ocrx_word' id='word_1_467' title='bbox 443 4537 578 4609; x_wconf 77' lang='grc' dir='ltr'>ἄχρι</span> <span class='ocrx_word' id='word_1_468' title='bbox 605 4538 792 4601; x_wconf 83' lang='grc' dir='ltr'>τέλους</span> <span class='ocrx_word' id='word_1_469' title='bbox 836 4537 1223 4609; x_wconf 76' lang='grc' dir='ltr'>ἐκκαθαίρουσι</span> <span class='ocrx_word' id='word_1_470' title='bbox 1262 4539 1370 4591; x_wconf 85' lang='grc' dir='ltr'>τῶν</span> <span class='ocrx_word' id='word_1_471' title='bbox 1420 4538 1652 4611; x_wconf 83' lang='grc' dir='ltr'>κηλίδων</span> <span class='ocrx_word' id='word_1_472' title='bbox 1681 4538 1826 4592; x_wconf 74' lang='grc' dir='ltr'>ἅπαν</span> 
     </span>
    </p>
   </div>
   <div class='ocr_carea' id='block_1_65' title="bbox 221 4627 1827 4700">
    <p class='ocr_par' dir='ltr' id='par_1_65' title="bbox 221 4627 1827 4700">
     <span class='ocr_line' id='line_1_65' title="bbox 221 4627 1827 4700; baseline 0 -19"><span class='ocrx_word' id='word_1_473' title='bbox 221 4629 281 4681; x_wconf 62' lang='grc' dir='ltr'>τὸ</span> <span class='ocrx_word' id='word_1_474' title='bbox 310 4628 586 4699; x_wconf 67' lang='grc' dir='ltr'>ὕφασμα,</span> <span class='ocrx_word' id='word_1_475' title='bbox 609 4628 686 4691; x_wconf 83' lang='grc' dir='ltr'>ὡς</span> <span class='ocrx_word' id='word_1_476' title='bbox 712 4627 778 4681; x_wconf 77' lang='grc' dir='ltr'><strong>ἂν</strong></span> <span class='ocrx_word' id='word_1_477' title='bbox 806 4628 1065 4699; x_wconf 75' lang='grc' dir='ltr'>ὁμότιμον</span> <span class='ocrx_word' id='word_1_478' title='bbox 1088 4628 1263 4699; x_wconf 84' lang='grc' dir='ltr'>ἐαυτῷ</span> <span class='ocrx_word' id='word_1_479' title='bbox 1283 4628 1348 4682; x_wconf 84' lang='grc' dir='ltr'><strong>δι’</strong></span> <span class='ocrx_word' id='word_1_480' title='bbox 1378 4629 1500 4682; x_wconf 85' lang='grc' dir='ltr'>ὅλου</span> <span class='ocrx_word' id='word_1_481' title='bbox 1530 4628 1592 4682; x_wconf 82' lang='grc' dir='ltr'>τὸ</span> <span class='ocrx_word' id='word_1_482' title='bbox 1616 4628 1827 4700; x_wconf 84' lang='grc' dir='ltr'>ἱμάτιον</span> 
     </span>
    </p>
   </div>
   <div class='ocr_carea' id='block_1_66' title="bbox 223 4719 1829 4793">
    <p class='ocr_par' dir='ltr' id='par_1_66' title="bbox 223 4719 1829 4793">
     <span class='ocr_line' id='line_1_66' title="bbox 223 4719 1829 4793; baseline 0 -19"><span class='ocrx_word' id='word_1_483' title='bbox 223 4722 473 4788; x_wconf 71' lang='grc' dir='ltr'>γένοιτο,</span> <span class='ocrx_word' id='word_1_484' title='bbox 511 4720 575 4772; x_wconf 80' lang='grc' dir='ltr'>τὺ</span> <span class='ocrx_word' id='word_1_485' title='bbox 620 4720 763 4774; x_wconf 74' lang='grc' dir='ltr'>κατὰ</span> <span class='ocrx_word' id='word_1_486' title='bbox 806 4720 866 4775; x_wconf 79' lang='grc' dir='ltr'><strong>τὸ</strong></span> <span class='ocrx_word' id='word_1_487' title='bbox 914 4719 1032 4774; x_wconf 75' lang='grc' dir='ltr'>ἴσον</span> <span class='ocrx_word' id='word_1_488' title='bbox 1073 4721 1423 4793; x_wconf 82' lang='grc' dir='ltr'>λαμπρυνθέν</span> <span class='ocrx_word' id='word_1_489' title='bbox 1455 4722 1521 4774; x_wconf 86' lang='grc' dir='ltr'><strong>ἐκ</strong></span> <span class='ocrx_word' id='word_1_490' title='bbox 1567 4722 1665 4792; x_wconf 78' lang='grc' dir='ltr'>τῆς</span> <span class='ocrx_word' id='word_1_491' title='bbox 1695 4720 1829 4774; x_wconf 85' lang='grc' dir='ltr'>πλύ-</span> 
     </span>
    </p>
   </div>
   <div class='ocr_carea' id='block_1_67' title="bbox 224 4810 1830 4885">
    <p class='ocr_par' dir='ltr' id='par_1_67' title="bbox 224 4810 1830 4885">
     <span class='ocr_line' id='line_1_67' title="bbox 224 4810 1830 4885; baseline 0 -21"><span class='ocrx_word' id='word_1_492' title='bbox 224 4828 365 4874; x_wconf 73' lang='grc' dir='ltr'>σεως</span> <span class='ocrx_word' id='word_1_493' title='bbox 390 4830 407 4843; x_wconf 86' lang='grc'><strong>·</strong></span> <span class='ocrx_word' id='word_1_494' title='bbox 437 4811 627 4875; x_wconf 75' lang='grc' dir='ltr'>οὕτως</span> <span class='ocrx_word' id='word_1_495' title='bbox 659 4810 1014 4883; x_wconf 80' lang='grc' dir='ltr'>μολυνθείσης</span> <span class='ocrx_word' id='word_1_496' title='bbox 1047 4815 1111 4883; x_wconf 78' lang='grc' dir='ltr'>τῇ</span> <span class='ocrx_word' id='word_1_497' title='bbox 1141 4812 1384 4885; x_wconf 80' lang='grc' dir='ltr'>ἁμαρτίᾳ</span> <span class='ocrx_word' id='word_1_498' title='bbox 1421 4811 1522 4883; x_wconf 86' lang='grc' dir='ltr'>τῆς</span> <span class='ocrx_word' id='word_1_499' title='bbox 1555 4812 1830 4883; x_wconf 81' lang='grc' dir='ltr'>ἀνθρωπί-</span> 
     </span>
    </p>
   </div>
   <div class='ocr_carea' id='block_1_68' title="bbox 222 4903 1826 4977">
    <p class='ocr_par' dir='ltr' id='par_1_68' title="bbox 222 4903 1826 4977">
     <span class='ocr_line' id='line_1_68' title="bbox 222 4903 1826 4977; baseline -0.001 -20"><span class='ocrx_word' id='word_1_500' title='bbox 222 4923 317 4975; x_wconf 58' lang='lat' dir='ltr'><strong>tm;</strong></span> <span class='ocrx_word' id='word_1_501' title='bbox 343 4905 539 4975; x_wconf 74' lang='grc' dir='ltr'>ζωῆς,</span> <span class='ocrx_word' id='word_1_502' title='bbox 569 4906 630 4957; x_wconf 89' lang='grc' dir='ltr'><strong>ἐν</strong></span> <span class='ocrx_word' id='word_1_503' title='bbox 657 4905 799 4975; x_wconf 79' lang='grc' dir='ltr'><strong>ἀρχῇ</strong></span> <span class='ocrx_word' id='word_1_504' title='bbox 829 4922 887 4958; x_wconf 85' lang='grc' dir='ltr'><strong>τε</strong></span> <span class='ocrx_word' id='word_1_505' title='bbox 921 4906 1013 4958; x_wconf 79' lang='grc' dir='ltr'>καὶ</span> <span class='ocrx_word' id='word_1_506' title='bbox 1042 4904 1265 4977; x_wconf 77' lang='grc' dir='ltr'>τελευτῇ</span> <span class='ocrx_word' id='word_1_507' title='bbox 1288 4908 1380 4959; x_wconf 76' lang='grc' dir='ltr'>καὶ</span> <span class='ocrx_word' id='word_1_508' title='bbox 1407 4908 1520 4970; x_wconf 82' lang='grc' dir='ltr'>τοῖς</span> <span class='ocrx_word' id='word_1_509' title='bbox 1541 4903 1630 4959; x_wconf 83' lang='grc' dir='ltr'>διὰ</span> <span class='ocrx_word' id='word_1_510' title='bbox 1658 4905 1826 4977; x_wconf 84' lang='grc' dir='ltr'>μέσου</span> 
     </span>
    </p>
   </div>
   <div class='ocr_carea' id='block_1_69' title="bbox 222 4995 1830 5068">
    <p class='ocr_par' dir='ltr' id='par_1_69' title="bbox 222 4995 1830 5068">
     <span class='ocr_line' id='line_1_69' title="bbox 222 4995 1830 5068; baseline -0.002 -16"><span class='ocrx_word' id='word_1_511' title='bbox 222 4999 418 5061; x_wconf 69' lang='grc' dir='ltr'>εἰσιν,</span> <span class='ocrx_word' id='word_1_512' title='bbox 455 4996 574 5050; x_wconf 74' lang='grc' dir='ltr'>ἔδει</span> <span class='ocrx_word' id='word_1_513' title='bbox 596 4995 684 5049; x_wconf 79' lang='grc' dir='ltr'>διά</span> <span class='ocrx_word' id='word_1_514' title='bbox 710 4996 926 5049; x_wconf 83' lang='grc' dir='ltr'>πάντων</span> <span class='ocrx_word' id='word_1_515' title='bbox 951 4995 1203 5065; x_wconf 83' lang='grc' dir='ltr'>γενέσθαι</span> <span class='ocrx_word' id='word_1_516' title='bbox 1231 4998 1330 5068; x_wconf 79' lang='grc' dir='ltr'>τὴν</span> <span class='ocrx_word' id='word_1_517' title='bbox 1350 4996 1717 5051; x_wconf 83' lang='grc' dir='ltr'>ὲκπλύνουσαν</span> <span class='ocrx_word' id='word_1_518' title='bbox 1741 4996 1830 5050; x_wconf 82' lang='grc' dir='ltr'><strong>δύ-</strong></span> 
     </span>
    </p>
   </div>
   <div class='ocr_carea' id='block_1_70' title="bbox 221 5087 1829 5162">
    <p class='ocr_par' dir='ltr' id='par_1_70' title="bbox 221 5087 1829 5162">
     <span class='ocr_line' id='line_1_70' title="bbox 221 5087 1829 5162; baseline 0.001 -20"><span class='ocrx_word' id='word_1_519' title='bbox 221 5108 412 5161; x_wconf 80' lang='grc' dir='ltr'>ναμιν,</span> <span class='ocrx_word' id='word_1_520' title='bbox 445 5089 554 5143; x_wconf 71' lang='grc' dir='ltr'><strong>καὶ</strong></span> <span class='ocrx_word' id='word_1_521' title='bbox 577 5088 654 5159; x_wconf 78' lang='grc' dir='ltr'><strong>μὴ</strong></span> <span class='ocrx_word' id='word_1_522' title='bbox 676 5088 740 5142; x_wconf 80' lang='grc' dir='ltr'>τὸ</span> <span class='ocrx_word' id='word_1_523' title='bbox 770 5089 869 5159; x_wconf 87' lang='grc' dir='ltr'><strong>μέν</strong></span> <span class='ocrx_word' id='word_1_524' title='bbox 894 5106 948 5141; x_wconf 88' lang='grc' dir='ltr'><strong>τι</strong></span> <span class='ocrx_word' id='word_1_525' title='bbox 973 5087 1306 5161; x_wconf 79' lang='grc' dir='ltr'>θεραπεῦσαι</span> <span class='ocrx_word' id='word_1_526' title='bbox 1336 5089 1414 5161; x_wconf 81' lang='grc' dir='ltr'>τῷ</span> <span class='ocrx_word' id='word_1_527' title='bbox 1437 5090 1738 5162; x_wconf 83' lang='grc' dir='ltr'>καθαρσίῳ,</span> <span class='ocrx_word' id='word_1_528' title='bbox 1769 5090 1829 5144; x_wconf 85' lang='grc' dir='ltr'>τὸ</span> 
     </span>
    </p>
   </div>
   <div class='ocr_carea' id='block_1_71' title="bbox 221 5179 1829 5254">
    <p class='ocr_par' dir='ltr' id='par_1_71' title="bbox 221 5179 1829 5254">
     <span class='ocr_line' id='line_1_71' title="bbox 221 5179 1829 5254; baseline 0.002 -21"><span class='ocrx_word' id='word_1_529' title='bbox 221 5179 272 5233; x_wconf 71' lang='grc' dir='ltr'><strong>δὲ</strong></span> <span class='ocrx_word' id='word_1_530' title='bbox 325 5179 621 5251; x_wconf 76' lang='grc' dir='ltr'>περιιδεῖν</span> <span class='ocrx_word' id='word_1_531' title='bbox 672 5179 1075 5251; x_wconf 61' lang='grc' dir='ltr'>ἀθεράπευτον</span> <span class='ocrx_word' id='word_1_532' title='bbox 1121 5182 1310 5236; x_wconf 74' lang='grc' dir='ltr'>τούτου</span> <span class='ocrx_word' id='word_1_533' title='bbox 1347 5183 1506 5254; x_wconf 87' lang='grc' dir='ltr'>χάριν</span> <span class='ocrx_word' id='word_1_534' title='bbox 1549 5186 1650 5253; x_wconf 80' lang='grc' dir='ltr'>τῆς</span> <span class='ocrx_word' id='word_1_535' title='bbox 1682 5181 1829 5252; x_wconf 80' lang='grc' dir='ltr'>ζωῆς</span> 
     </span>
    </p>
   </div>
   <div class='ocr_carea' id='block_1_72' title="bbox 224 5268 1828 5344">
    <p class='ocr_par' dir='ltr' id='par_1_72' title="bbox 224 5268 1828 5344">
     <span class='ocr_line' id='line_1_72' title="bbox 224 5268 1828 5344; baseline 0.003 -22"><span class='ocrx_word' id='word_1_536' title='bbox 224 5270 378 5339; x_wconf 59' lang='grc' dir='ltr'>ἡμῶν</span> <span class='ocrx_word' id='word_1_537' title='bbox 403 5269 519 5323; x_wconf 78' lang='grc' dir='ltr'>δύο</span> <span class='ocrx_word' id='word_1_538' title='bbox 540 5268 774 5340; x_wconf 78' lang='grc' dir='ltr'>πέρασιν</span> <span class='ocrx_word' id='word_1_539' title='bbox 800 5270 1143 5342; x_wconf 78' lang='grc' dir='ltr'>ἑκατέρωθεν</span> <span class='ocrx_word' id='word_1_540' title='bbox 1166 5271 1572 5344; x_wconf 84' lang='grc' dir='ltr'>διειλημμένης.</span> <span class='ocrx_word' id='word_1_541' title='bbox 1601 5273 1664 5327; x_wconf 82' lang='grc' dir='ltr'><strong>τὸ</strong></span> <span class='ocrx_word' id='word_1_542' title='bbox 1688 5272 1828 5329; x_wconf 74' lang='grc' dir='ltr'>κατὰ</span> 
     </span>
    </p>
   </div>
   <div class='ocr_carea' id='block_1_73' title="bbox 226 5362 1829 5438">
    <p class='ocr_par' dir='ltr' id='par_1_73' title="bbox 226 5362 1829 5438">
     <span class='ocr_line' id='line_1_73' title="bbox 226 5362 1829 5438; baseline 0.002 -22"><span class='ocrx_word' id='word_1_543' title='bbox 226 5363 313 5433; x_wconf 58' lang='grc' dir='ltr'>τὴν</span> <span class='ocrx_word' id='word_1_544' title='bbox 332 5362 535 5435; x_wconf 74' lang='grc' dir='ltr'>ἀρχήν</span> <span class='ocrx_word' id='word_1_545' title='bbox 558 5379 706 5432; x_wconf 75' lang='grc' dir='ltr'>φημι</span> <span class='ocrx_word' id='word_1_546' title='bbox 743 5363 837 5417; x_wconf 79' lang='grc' dir='ltr'><strong>καὶ</strong></span> <span class='ocrx_word' id='word_1_547' title='bbox 866 5363 929 5416; x_wconf 78' lang='grc' dir='ltr'>τὸ</span> <span class='ocrx_word' id='word_1_548' title='bbox 952 5362 1124 5428; x_wconf 85' lang='grc' dir='ltr'>τέλος,</span> <span class='ocrx_word' id='word_1_549' title='bbox 1153 5363 1275 5419; x_wconf 84' lang='grc' dir='ltr'>καθ’</span> <span class='ocrx_word' id='word_1_550' title='bbox 1306 5366 1563 5437; x_wconf 78' lang='grc' dir='ltr'>ἑκάτερον</span> <span class='ocrx_word' id='word_1_551' title='bbox 1586 5365 1829 5438; x_wconf 85' lang='grc' dir='ltr'>εὑρίσκε-</span> 
     </span>
    </p>
   </div>
   <div class='ocr_carea' id='block_1_74' title="bbox 224 5450 1829 5525">
    <p class='ocr_par' dir='ltr' id='par_1_74' title="bbox 224 5450 1829 5525">
     <span class='ocr_line' id='line_1_74' title="bbox 224 5450 1829 5525; baseline 0.003 -21"><span class='ocrx_word' id='word_1_552' title='bbox 224 5465 308 5504; x_wconf 79' lang='grc' dir='ltr'><strong>ται</strong></span> <span class='ocrx_word' id='word_1_553' title='bbox 339 5453 543 5524; x_wconf 72' lang='grc' dir='ltr'>πέρας</span> <span class='ocrx_word' id='word_1_554' title='bbox 577 5453 613 5522; x_wconf 79' lang='grc' dir='ltr'>ὴ</span> <span class='ocrx_word' id='word_1_555' title='bbox 662 5450 990 5523; x_wconf 81' lang='grc' dir='ltr'>διορθωτικὴ</span> <span class='ocrx_word' id='word_1_556' title='bbox 1045 5453 1145 5524; x_wconf 82' lang='grc' dir='ltr'><strong>τῆς</strong></span> <span class='ocrx_word' id='word_1_557' title='bbox 1175 5453 1389 5522; x_wconf 82' lang='grc' dir='ltr'>φύσεως</span> <span class='ocrx_word' id='word_1_558' title='bbox 1432 5453 1682 5525; x_wconf 84' lang='grc' dir='ltr'>δύναμις,</span> <span class='ocrx_word' id='word_1_559' title='bbox 1734 5455 1829 5509; x_wconf 74' lang='grc' dir='ltr'><strong>καὶ</strong></span> 
     </span>
    </p>
   </div>
   <div class='ocr_carea' id='block_1_75' title="bbox 226 5539 1829 5617">
    <p class='ocr_par' dir='ltr' id='par_1_75' title="bbox 226 5539 1829 5617">
     <span class='ocr_line' id='line_1_75' title="bbox 226 5539 1829 5617; baseline 0.002 -22"><span class='ocrx_word' id='word_1_560' title='bbox 226 5539 316 5612; x_wconf 74' lang='grc' dir='ltr'>τῆς</span> <span class='ocrx_word' id='word_1_561' title='bbox 342 5542 545 5615; x_wconf 73' lang='grc' dir='ltr'>ἀρχῆς</span> <span class='ocrx_word' id='word_1_562' title='bbox 591 5541 873 5613; x_wconf 77' lang='grc' dir='ltr'>ἁψαμένη,</span> <span class='ocrx_word' id='word_1_563' title='bbox 912 5542 1007 5597; x_wconf 77' lang='grc' dir='ltr'>καὶ</span> <span class='ocrx_word' id='word_1_564' title='bbox 1058 5544 1222 5616; x_wconf 83' lang='grc' dir='ltr'>μέχρι</span> <span class='ocrx_word' id='word_1_565' title='bbox 1265 5543 1361 5597; x_wconf 79' lang='grc' dir='ltr'>τοῦ</span> <span class='ocrx_word' id='word_1_566' title='bbox 1403 5545 1589 5609; x_wconf 85' lang='grc' dir='ltr'>τέλους</span> <span class='ocrx_word' id='word_1_567' title='bbox 1634 5544 1829 5617; x_wconf 75' lang='grc' dir='ltr'>ἑαυτὴν</span> 
     </span>
    </p>
   </div>
   <div class='ocr_carea' id='block_1_76' title="bbox 228 5634 1830 5708">
    <p class='ocr_par' dir='ltr' id='par_1_76' title="bbox 228 5634 1830 5708">
     <span class='ocr_line' id='line_1_76' title="bbox 228 5634 1830 5708; baseline 0.002 -19"><span class='ocrx_word' id='word_1_568' title='bbox 228 5636 630 5699; x_wconf 63' lang='lat' dir='ltr'><strong>luminae,</strong></span> <span class='ocrx_word' id='word_1_569' title='bbox 665 5635 760 5689; x_wconf 79' lang='grc' dir='ltr'>καὶ</span> <span class='ocrx_word' id='word_1_570' title='bbox 786 5634 858 5689; x_wconf 80' lang='grc' dir='ltr'>τὰ</span> <span class='ocrx_word' id='word_1_571' title='bbox 882 5634 969 5690; x_wconf 72' lang='grc' dir='ltr'><strong>διὰ</strong></span> <span class='ocrx_word' id='word_1_572' title='bbox 1014 5637 1182 5708; x_wconf 86' lang='grc' dir='ltr'>μέσου</span> <span class='ocrx_word' id='word_1_573' title='bbox 1206 5636 1411 5692; x_wconf 81' lang='grc' dir='ltr'>τούτων</span> <span class='ocrx_word' id='word_1_574' title='bbox 1439 5638 1620 5693; x_wconf 87' lang='grc' dir='ltr'>πάντα</span> <span class='ocrx_word' id='word_1_575' title='bbox 1644 5637 1830 5693; x_wconf 85' lang='grc' dir='ltr'>διαλα-</span> 
     </span>
    </p>
   </div>
   <div class='ocr_carea' id='block_1_77' title="bbox 226 5724 1828 5806">
    <p class='ocr_par' dir='ltr' id='par_1_77' title="bbox 226 5724 1828 5806">
     <span class='ocr_line' id='line_1_77' title="bbox 226 5724 1828 5806; baseline 0.004 -27"><span class='ocrx_word' id='word_1_576' title='bbox 226 5724 419 5785; x_wconf 62' lang='lat' dir='ltr'><strong>irim.</strong></span> <span class='ocrx_word' id='word_1_577' title='bbox 456 5725 619 5793; x_wconf 69' lang='lat' dir='ltr'><strong>liti;</strong></span> <span class='ocrx_word' id='word_1_578' title='bbox 650 5726 707 5781; x_wconf 74' lang='grc' dir='ltr'>δὲ</span> <span class='ocrx_word' id='word_1_579' title='bbox 755 5727 920 5783; x_wconf 75' lang='grc' dir='ltr'>πᾶσιν</span> <span class='ocrx_word' id='word_1_580' title='bbox 959 5728 1267 5806; x_wconf 80' lang='grc' dir='ltr'>ἀνθρώποις</span> <span class='ocrx_word' id='word_1_581' title='bbox 1300 5730 1402 5803; x_wconf 77' lang='grc' dir='ltr'><strong>τῆς</strong></span> <span class='ocrx_word' id='word_1_582' title='bbox 1441 5733 1521 5797; x_wconf 83' lang='grc' dir='ltr'><strong>είς</strong></span> <span class='ocrx_word' id='word_1_583' title='bbox 1547 5730 1645 5805; x_wconf 75' lang='grc' dir='ltr'>τὴν</span> <span class='ocrx_word' id='word_1_584' title='bbox 1686 5731 1828 5805; x_wconf 77' lang='grc' dir='ltr'>ζωὴν</span> 
     </span>
    </p>
   </div>
   <div class='ocr_carea' id='block_1_78' title="bbox 1858 3126 1901 3184">
    <p class='ocr_par' dir='ltr' id='par_1_78' title="bbox 1858 3126 1901 3184">
     <span class='ocr_line' id='line_1_78' title="bbox 1858 3126 1901 3184; baseline 0 0"><span class='ocrx_word' id='word_1_585' title='bbox 1858 3126 1901 3184; x_wconf 89' lang='lat' dir='ltr'><strong><em>C</em></strong></span> 
     </span>
    </p>
   </div>
   <div class='ocr_carea' id='block_1_79' title="bbox 1936 1887 3511 1963">
    <p class='ocr_par' dir='ltr' id='par_1_79' title="bbox 1936 1887 3511 1963">
     <span class='ocr_line' id='line_1_79' title="bbox 1936 1887 3511 1963; baseline -0.004 -15"><span class='ocrx_word' id='word_1_586' title='bbox 1936 1892 2139 1957; x_wconf 85' lang='lat' dir='ltr'><strong>sarius,</strong></span> <span class='ocrx_word' id='word_1_587' title='bbox 2159 1891 2289 1963; x_wconf 91' lang='lat' dir='ltr'><strong>quin</strong></span> <span class='ocrx_word' id='word_1_588' title='bbox 2315 1889 2462 1961; x_wconf 92' lang='lat' dir='ltr'><strong>quod</strong></span> <span class='ocrx_word' id='word_1_589' title='bbox 2493 1887 2696 1945; x_wconf 82' lang='lat' dir='ltr'><strong>factum</strong></span> <span class='ocrx_word' id='word_1_590' title='bbox 2720 1896 2826 1952; x_wconf 86' lang='lat' dir='ltr'><strong>est,</strong></span> <span class='ocrx_word' id='word_1_591' title='bbox 2853 1889 3148 1959; x_wconf 89' lang='lat' dir='ltr'><strong>sitjustum</strong></span> <span class='ocrx_word' id='word_1_592' title='bbox 3169 1898 3222 1943; x_wconf 90' lang='lat' dir='ltr'><strong>et</strong></span> <span class='ocrx_word' id='word_1_593' title='bbox 3247 1888 3511 1953; x_wconf 87' lang='lat' dir='ltr'><strong>salutare,</strong></span> 
     </span>
    </p>
   </div>
   <div class='ocr_carea' id='block_1_80' title="bbox 1934 1979 3513 2048">
    <p class='ocr_par' dir='ltr' id='par_1_80' title="bbox 1934 1979 3513 2048">
     <span class='ocr_line' id='line_1_80' title="bbox 1934 1979 3513 2048; baseline -0.006 -8"><span class='ocrx_word' id='word_1_594' title='bbox 1934 1983 1981 2040; x_wconf 87' lang='lat' dir='ltr'><strong>si</strong></span> <span class='ocrx_word' id='word_1_595' title='bbox 2012 1981 2226 2039; x_wconf 83' lang='lat' dir='ltr'><strong>venerit</strong></span> <span class='ocrx_word' id='word_1_596' title='bbox 2273 1980 2339 2035; x_wconf 91' lang='lat' dir='ltr'><strong>ad</strong></span> <span class='ocrx_word' id='word_1_597' title='bbox 2389 1995 2613 2035; x_wconf 89' lang='lat' dir='ltr'><strong>sensum</strong></span> <span class='ocrx_word' id='word_1_598' title='bbox 2664 1980 2938 2034; x_wconf 81' lang='lat' dir='ltr'><strong>beneficii.</strong></span> <span class='ocrx_word' id='word_1_599' title='bbox 2998 1980 3160 2033; x_wconf 88' lang='lat' dir='ltr'><strong>Nunc</strong></span> <span class='ocrx_word' id='word_1_600' title='bbox 3210 1979 3356 2033; x_wconf 89' lang='lat' dir='ltr'><strong>enim</strong></span> <span class='ocrx_word' id='word_1_601' title='bbox 3401 1992 3513 2048; x_wconf 92' lang='lat' dir='ltr'><strong>quo</strong></span> 
     </span>
    </p>
   </div>
   <div class='ocr_carea' id='block_1_81' title="bbox 1934 2069 3513 2142">
    <p class='ocr_par' dir='ltr' id='par_1_81' title="bbox 1934 2069 3513 2142">
     <span class='ocr_line' id='line_1_81' title="bbox 1934 2069 3513 2142; baseline -0.004 -14"><span class='ocrx_word' id='word_1_602' title='bbox 1934 2071 2097 2128; x_wconf 90' lang='lat' dir='ltr'><strong>modo</strong></span> <span class='ocrx_word' id='word_1_603' title='bbox 2122 2071 2217 2142; x_wconf 89' lang='lat' dir='ltr'><strong>qui</strong></span> <span class='ocrx_word' id='word_1_604' title='bbox 2258 2078 2316 2124; x_wconf 93' lang='lat' dir='ltr'><strong>ut</strong></span> <span class='ocrx_word' id='word_1_605' title='bbox 2361 2078 2645 2134; x_wconf 87' lang='lat' dir='ltr'><strong>curentur,</strong></span> <span class='ocrx_word' id='word_1_606' title='bbox 2701 2077 2960 2125; x_wconf 87' lang='lat' dir='ltr'><strong>secantur</strong></span> <span class='ocrx_word' id='word_1_607' title='bbox 2994 2079 3049 2124; x_wconf 90' lang='lat' dir='ltr'><strong>et</strong></span> <span class='ocrx_word' id='word_1_608' title='bbox 3097 2076 3353 2134; x_wconf 89' lang='lat' dir='ltr'><strong>uruntur,</strong></span> <span class='ocrx_word' id='word_1_609' title='bbox 3404 2069 3513 2122; x_wconf 88' lang='lat' dir='ltr'><strong>ira-</strong></span> 
     </span>
    </p>
   </div>
   <div class='ocr_carea' id='block_1_82' title="bbox 1933 2158 3508 2229">
    <p class='ocr_par' dir='ltr' id='par_1_82' title="bbox 1933 2158 3508 2229">
     <span class='ocr_line' id='line_1_82' title="bbox 1933 2158 3508 2229; baseline -0.003 -13"><span class='ocrx_word' id='word_1_610' title='bbox 1933 2167 2163 2217; x_wconf 88' lang='lat' dir='ltr'><strong>scuntur</strong></span> <span class='ocrx_word' id='word_1_611' title='bbox 2189 2160 2256 2214; x_wconf 91' lang='lat' dir='ltr'><strong>iis</strong></span> <span class='ocrx_word' id='word_1_612' title='bbox 2305 2158 2399 2229; x_wconf 79' lang='lat' dir='ltr'><strong>qui</strong></span> <span class='ocrx_word' id='word_1_613' title='bbox 2427 2166 2644 2222; x_wconf 88' lang='lat' dir='ltr'><strong>curant,</strong></span> <span class='ocrx_word' id='word_1_614' title='bbox 2678 2166 2732 2211; x_wconf 88' lang='lat' dir='ltr'><strong>ut</strong></span> <span class='ocrx_word' id='word_1_615' title='bbox 2771 2158 2975 2228; x_wconf 86' lang='lat' dir='ltr'><strong>quibus</strong></span> <span class='ocrx_word' id='word_1_616' title='bbox 3010 2158 3155 2213; x_wconf 88' lang='lat' dir='ltr'><strong>acris</strong></span> <span class='ocrx_word' id='word_1_617' title='bbox 3203 2166 3258 2214; x_wconf 87' lang='lat' dir='ltr'><strong>et</strong></span> <span class='ocrx_word' id='word_1_618' title='bbox 3314 2173 3508 2229; x_wconf 86' lang='lat' dir='ltr'><strong>aspera</strong></span> 
     </span>
    </p>
   </div>
   <div class='ocr_carea' id='block_1_83' title="bbox 1934 2248 3510 2320">
    <p class='ocr_par' dir='ltr' id='par_1_83' title="bbox 1934 2248 3510 2320">
     <span class='ocr_line' id='line_1_83' title="bbox 1934 2248 3510 2320; baseline -0.002 -13"><span class='ocrx_word' id='word_1_619' title='bbox 1934 2251 2207 2307; x_wconf 76' lang='lat' dir='ltr'><strong>sentiatur</strong></span> <span class='ocrx_word' id='word_1_620' title='bbox 2236 2250 2411 2305; x_wconf 85' lang='lat' dir='ltr'><strong>sectio</strong></span> <span class='ocrx_word' id='word_1_621' title='bbox 2447 2248 2629 2320; x_wconf 91' lang='lat' dir='ltr'><strong>:quod</strong></span> <span class='ocrx_word' id='word_1_622' title='bbox 2667 2250 2714 2304; x_wconf 86' lang='lat' dir='ltr'><strong>si</strong></span> <span class='ocrx_word' id='word_1_623' title='bbox 2763 2250 3028 2305; x_wconf 85' lang='lat' dir='ltr'><strong>acciderit</strong></span> <span class='ocrx_word' id='word_1_624' title='bbox 3074 2257 3134 2304; x_wconf 92' lang='lat' dir='ltr'><strong>ut</strong></span> <span class='ocrx_word' id='word_1_625' title='bbox 3181 2265 3278 2320; x_wconf 88' lang='lat' dir='ltr'><strong>per</strong></span> <span class='ocrx_word' id='word_1_626' title='bbox 3310 2249 3361 2303; x_wconf 91' lang='lat' dir='ltr'><strong>id</strong></span> <span class='ocrx_word' id='word_1_627' title='bbox 3390 2249 3510 2305; x_wconf 87' lang='lat' dir='ltr'><strong>sani</strong></span> 
     </span>
    </p>
   </div>
   <div class='ocr_carea' id='block_1_84' title="bbox 1935 2339 3508 2412">
    <p class='ocr_par' dir='ltr' id='par_1_84' title="bbox 1935 2339 3508 2412">
     <span class='ocr_line' id='line_1_84' title="bbox 1935 2339 3508 2412; baseline -0.002 -15"><span class='ocrx_word' id='word_1_628' title='bbox 1935 2342 2088 2409; x_wconf 78' lang='lat' dir='ltr'><strong>ﬁant,</strong></span> <span class='ocrx_word' id='word_1_629' title='bbox 2119 2351 2172 2396; x_wconf 91' lang='lat' dir='ltr'><strong>et</strong></span> <span class='ocrx_word' id='word_1_630' title='bbox 2212 2339 2370 2397; x_wconf 84' lang='lat' dir='ltr'><strong>dolor</strong></span> <span class='ocrx_word' id='word_1_631' title='bbox 2397 2348 2639 2396; x_wconf 85' lang='lat' dir='ltr'><strong>transeat</strong></span> <span class='ocrx_word' id='word_1_632' title='bbox 2660 2341 2943 2408; x_wconf 89' lang='lat' dir='ltr'><strong>sectionis,</strong></span> <span class='ocrx_word' id='word_1_633' title='bbox 2969 2340 3248 2396; x_wconf 90' lang='lat' dir='ltr'><strong>habebunt</strong></span> <span class='ocrx_word' id='word_1_634' title='bbox 3275 2341 3508 2412; x_wconf 84' lang='lat' dir='ltr'><strong>gratiam</strong></span> 
     </span>
    </p>
   </div>
   <div class='ocr_carea' id='block_1_85' title="bbox 1933 2432 3512 2504">
    <p class='ocr_par' dir='ltr' id='par_1_85' title="bbox 1933 2432 3512 2504">
     <span class='ocr_line' id='line_1_85' title="bbox 1933 2432 3512 2504; baseline -0.001 -17"><span class='ocrx_word' id='word_1_635' title='bbox 1933 2434 2002 2488; x_wconf 90' lang='lat' dir='ltr'><strong>iis</strong></span> <span class='ocrx_word' id='word_1_636' title='bbox 2032 2433 2126 2504; x_wconf 90' lang='lat' dir='ltr'><strong>qui</strong></span> <span class='ocrx_word' id='word_1_637' title='bbox 2160 2434 2312 2504; x_wconf 90' lang='lat' dir='ltr'><strong>ipsos</strong></span> <span class='ocrx_word' id='word_1_638' title='bbox 2361 2436 2678 2489; x_wconf 82' lang='lat' dir='ltr'><strong>curaverint</strong></span> <span class='ocrx_word' id='word_1_639' title='bbox 2724 2432 2961 2489; x_wconf 88' lang='lat' dir='ltr'><strong>:eodem</strong></span> <span class='ocrx_word' id='word_1_640' title='bbox 3018 2432 3183 2488; x_wconf 89' lang='lat' dir='ltr'><strong>modo</strong></span> <span class='ocrx_word' id='word_1_641' title='bbox 3238 2447 3362 2487; x_wconf 91' lang='lat' dir='ltr'><strong>cum</strong></span> <span class='ocrx_word' id='word_1_642' title='bbox 3414 2448 3512 2503; x_wconf 79' lang='lat' dir='ltr'><strong>per</strong></span> 
     </span>
    </p>
   </div>
   <div class='ocr_carea' id='block_1_86' title="bbox 1934 2524 3509 2595">
    <p class='ocr_par' dir='ltr' id='par_1_86' title="bbox 1934 2524 3509 2595">
     <span class='ocr_line' id='line_1_86' title="bbox 1934 2524 3509 2595; baseline 0.001 -17"><span class='ocrx_word' id='word_1_643' title='bbox 1934 2524 2158 2595; x_wconf 89' lang='lat' dir='ltr'><strong>longum</strong></span> <span class='ocrx_word' id='word_1_644' title='bbox 2189 2525 2456 2594; x_wconf 88' lang='lat' dir='ltr'><strong>temporis</strong></span> <span class='ocrx_word' id='word_1_645' title='bbox 2490 2524 2758 2580; x_wconf 90' lang='lat' dir='ltr'><strong>ambitum</strong></span> <span class='ocrx_word' id='word_1_646' title='bbox 2804 2526 3046 2579; x_wconf 89' lang='lat' dir='ltr'><strong>ablatum</strong></span> <span class='ocrx_word' id='word_1_647' title='bbox 3084 2524 3249 2580; x_wconf 81' lang='lat' dir='ltr'><strong>fuerit</strong></span> <span class='ocrx_word' id='word_1_648' title='bbox 3296 2533 3509 2579; x_wconf 66' lang='lat' dir='ltr'><strong>natura:</strong></span> 
     </span>
    </p>
   </div>
   <div class='ocr_carea' id='block_1_87' title="bbox 1934 2615 3508 2686">
    <p class='ocr_par' dir='ltr' id='par_1_87' title="bbox 1934 2615 3508 2686">
     <span class='ocr_line' id='line_1_87' title="bbox 1934 2615 3508 2686; baseline 0 -18"><span class='ocrx_word' id='word_1_649' title='bbox 1934 2615 2160 2679; x_wconf 88' lang='lat' dir='ltr'><strong>malum,</strong></span> <span class='ocrx_word' id='word_1_650' title='bbox 2193 2615 2339 2686; x_wconf 88' lang='lat' dir='ltr'><strong>quod</strong></span> <span class='ocrx_word' id='word_1_651' title='bbox 2386 2631 2532 2671; x_wconf 85' lang='lat' dir='ltr'><strong>nunc</strong></span> <span class='ocrx_word' id='word_1_652' title='bbox 2560 2626 2645 2671; x_wconf 89' lang='lat' dir='ltr'><strong>est</strong></span> <span class='ocrx_word' id='word_1_653' title='bbox 2680 2616 2764 2671; x_wconf 91' lang='lat' dir='ltr'><strong>eis</strong></span> <span class='ocrx_word' id='word_1_654' title='bbox 2812 2615 3113 2671; x_wconf 88' lang='lat' dir='ltr'><strong>immistum</strong></span> <span class='ocrx_word' id='word_1_655' title='bbox 3145 2624 3200 2671; x_wconf 90' lang='lat' dir='ltr'><strong>et</strong></span> <span class='ocrx_word' id='word_1_656' title='bbox 3226 2616 3508 2682; x_wconf 82' lang='lat' dir='ltr'><strong>coalitum,</strong></span> 
     </span>
    </p>
   </div>
   <div class='ocr_carea' id='block_1_88' title="bbox 1934 2700 3506 2778">
    <p class='ocr_par' dir='ltr' id='par_1_88' title="bbox 1934 2700 3506 2778">
     <span class='ocr_line' id='line_1_88' title="bbox 1934 2700 3506 2778; baseline -0.001 -17"><span class='ocrx_word' id='word_1_657' title='bbox 1934 2714 2202 2761; x_wconf 88' lang='lat' dir='ltr'><strong>eteorum</strong></span> <span class='ocrx_word' id='word_1_658' title='bbox 2236 2708 2330 2778; x_wconf 90' lang='lat' dir='ltr'><strong>qui</strong></span> <span class='ocrx_word' id='word_1_659' title='bbox 2388 2723 2538 2763; x_wconf 89' lang='lat' dir='ltr'><strong>nunc</strong></span> <span class='ocrx_word' id='word_1_660' title='bbox 2567 2708 2754 2777; x_wconf 81' lang='lat' dir='ltr'><strong>jaceat</strong></span> <span class='ocrx_word' id='word_1_661' title='bbox 2801 2707 2856 2762; x_wconf 92' lang='lat' dir='ltr'><strong>in</strong></span> <span class='ocrx_word' id='word_1_662' title='bbox 2911 2707 3092 2773; x_wconf 89' lang='lat' dir='ltr'><strong>malis,</strong></span> <span class='ocrx_word' id='word_1_663' title='bbox 3126 2700 3180 2761; x_wconf 85' lang='lat' dir='ltr'><strong>in</strong></span> <span class='ocrx_word' id='word_1_664' title='bbox 3222 2707 3506 2777; x_wconf 90' lang='lat' dir='ltr'><strong>antiquum</strong></span> 
     </span>
    </p>
   </div>
   <div class='ocr_carea' id='block_1_89' title="bbox 1935 2798 3511 2869">
    <p class='ocr_par' dir='ltr' id='par_1_89' title="bbox 1935 2798 3511 2869">
     <span class='ocr_line' id='line_1_89' title="bbox 1935 2798 3511 2869; baseline -0.001 -16"><span class='ocrx_word' id='word_1_665' title='bbox 1935 2805 2137 2853; x_wconf 90' lang='lat' dir='ltr'><strong>statum</strong></span> <span class='ocrx_word' id='word_1_666' title='bbox 2198 2798 2340 2853; x_wconf 78' lang='lat' dir='ltr'><strong>facta</strong></span> <span class='ocrx_word' id='word_1_667' title='bbox 2376 2798 2540 2854; x_wconf 82' lang='lat' dir='ltr'><strong>fuerit</strong></span> <span class='ocrx_word' id='word_1_668' title='bbox 2588 2798 2885 2863; x_wconf 88' lang='lat' dir='ltr'><strong>restitutio,</strong></span> <span class='ocrx_word' id='word_1_669' title='bbox 2932 2813 3041 2853; x_wconf 91' lang='lat' dir='ltr'><strong>una</strong></span> <span class='ocrx_word' id='word_1_670' title='bbox 3100 2814 3234 2853; x_wconf 69' lang='lat' dir='ltr'><strong>voce</strong></span> <span class='ocrx_word' id='word_1_671' title='bbox 3278 2806 3511 2869; x_wconf 87' lang='lat' dir='ltr'><strong>agentur</strong></span> 
     </span>
    </p>
   </div>
   <div class='ocr_carea' id='block_1_90' title="bbox 1934 2886 3509 2958">
    <p class='ocr_par' dir='ltr' id='par_1_90' title="bbox 1934 2886 3509 2958">
     <span class='ocr_line' id='line_1_90' title="bbox 1934 2886 3509 2958; baseline 0 -17"><span class='ocrx_word' id='word_1_672' title='bbox 1934 2889 2122 2958; x_wconf 67' lang='lat' dir='ltr'><strong>gratiae</strong></span> <span class='ocrx_word' id='word_1_673' title='bbox 2154 2889 2223 2943; x_wconf 87' lang='lat' dir='ltr'><strong>ab</strong></span> <span class='ocrx_word' id='word_1_674' title='bbox 2251 2889 2508 2944; x_wconf 88' lang='lat' dir='ltr'><strong>universa</strong></span> <span class='ocrx_word' id='word_1_675' title='bbox 2543 2897 2816 2954; x_wconf 88' lang='lat' dir='ltr'><strong>creatura,</strong></span> <span class='ocrx_word' id='word_1_676' title='bbox 2849 2896 2903 2942; x_wconf 93' lang='lat' dir='ltr'><strong>et</strong></span> <span class='ocrx_word' id='word_1_677' title='bbox 2933 2888 3002 2941; x_wconf 92' lang='lat' dir='ltr'><strong>ab</strong></span> <span class='ocrx_word' id='word_1_678' title='bbox 3035 2887 3103 2942; x_wconf 88' lang='lat' dir='ltr'><strong>iis</strong></span> <span class='ocrx_word' id='word_1_679' title='bbox 3133 2886 3225 2957; x_wconf 90' lang='lat' dir='ltr'><strong>qui</strong></span> <span class='ocrx_word' id='word_1_680' title='bbox 3260 2886 3509 2957; x_wconf 85' lang='lat' dir='ltr'><strong>castigati</strong></span> 
     </span>
    </p>
   </div>
   <div class='ocr_carea' id='block_1_91' title="bbox 1936 2979 3506 3052">
    <p class='ocr_par' dir='ltr' id='par_1_91' title="bbox 1936 2979 3506 3052">
     <span class='ocr_line' id='line_1_91' title="bbox 1936 2979 3506 3052; baseline 0.001 -19"><span class='ocrx_word' id='word_1_681' title='bbox 1936 2981 2158 3037; x_wconf 80' lang='lat' dir='ltr'><strong>fuerunt</strong></span> <span class='ocrx_word' id='word_1_682' title='bbox 2189 2981 2243 3035; x_wconf 93' lang='lat' dir='ltr'><strong>in</strong></span> <span class='ocrx_word' id='word_1_683' title='bbox 2298 2981 2643 3052; x_wconf 86' lang='lat' dir='ltr'><strong>purgatione,</strong></span> <span class='ocrx_word' id='word_1_684' title='bbox 2692 2989 2747 3036; x_wconf 89' lang='lat' dir='ltr'><strong>et</strong></span> <span class='ocrx_word' id='word_1_685' title='bbox 2786 2981 2854 3036; x_wconf 86' lang='lat' dir='ltr'><strong>ab</strong></span> <span class='ocrx_word' id='word_1_686' title='bbox 2912 2980 2980 3036; x_wconf 92' lang='lat' dir='ltr'><strong>iis</strong></span> <span class='ocrx_word' id='word_1_687' title='bbox 3025 2979 3117 3050; x_wconf 91' lang='lat' dir='ltr'><strong>qui</strong></span> <span class='ocrx_word' id='word_1_688' title='bbox 3175 2996 3245 3035; x_wconf 89' lang='lat' dir='ltr'><strong>ne</strong></span> <span class='ocrx_word' id='word_1_689' title='bbox 3283 2981 3506 3034; x_wconf 89' lang='lat' dir='ltr'><strong>omnino</strong></span> 
     </span>
    </p>
   </div>
   <div class='ocr_carea' id='block_1_92' title="bbox 1935 3070 3509 3142">
    <p class='ocr_par' dir='ltr' id='par_1_92' title="bbox 1935 3070 3509 3142">
     <span class='ocr_line' id='line_1_92' title="bbox 1935 3070 3509 3142; baseline 0.001 -18"><span class='ocrx_word' id='word_1_690' title='bbox 1935 3070 2155 3141; x_wconf 85' lang='lat' dir='ltr'><strong>quidem</strong></span> <span class='ocrx_word' id='word_1_691' title='bbox 2188 3086 2328 3142; x_wconf 91' lang='lat' dir='ltr'><strong>opus</strong></span> <span class='ocrx_word' id='word_1_692' title='bbox 2359 3071 2670 3127; x_wconf 89' lang='lat' dir='ltr'><strong>habuerunt</strong></span> <span class='ocrx_word' id='word_1_693' title='bbox 2720 3079 2780 3126; x_wconf 92' lang='lat' dir='ltr'><strong>ut</strong></span> <span class='ocrx_word' id='word_1_694' title='bbox 2817 3079 3207 3142; x_wconf 89' lang='lat' dir='ltr'><strong>purgarentur.</strong></span> <span class='ocrx_word' id='word_1_695' title='bbox 3276 3070 3400 3125; x_wconf 57' lang='lat' dir='ltr'><strong>llatae</strong></span> <span class='ocrx_word' id='word_1_696' title='bbox 3453 3078 3509 3125; x_wconf 89' lang='lat' dir='ltr'><strong>et</strong></span> 
     </span>
    </p>
   </div>
   <div class='ocr_carea' id='block_1_93' title="bbox 1936 3161 3508 3233">
    <p class='ocr_par' dir='ltr' id='par_1_93' title="bbox 1936 3161 3508 3233">
     <span class='ocr_line' id='line_1_93' title="bbox 1936 3161 3508 3233; baseline 0.002 -20"><span class='ocrx_word' id='word_1_697' title='bbox 1936 3177 2057 3232; x_wconf 68' lang='lat' dir='ltr'><strong>quae</strong></span> <span class='ocrx_word' id='word_1_698' title='bbox 2101 3169 2231 3218; x_wconf 91' lang='lat' dir='ltr'><strong>sunt</strong></span> <span class='ocrx_word' id='word_1_699' title='bbox 2283 3161 2623 3232; x_wconf 90' lang='lat' dir='ltr'><strong>hujusmodi,</strong></span> <span class='ocrx_word' id='word_1_700' title='bbox 2660 3163 2830 3217; x_wconf 85' lang='lat' dir='ltr'><strong>tradit</strong></span> <span class='ocrx_word' id='word_1_701' title='bbox 2883 3177 3139 3233; x_wconf 88' lang='lat' dir='ltr'><strong>magnum</strong></span> <span class='ocrx_word' id='word_1_702' title='bbox 3188 3162 3508 3233; x_wconf 83' lang='lat' dir='ltr'><strong>mysterium</strong></span> 
     </span>
    </p>
   </div>
   <div class='ocr_carea' id='block_1_94' title="bbox 1935 3254 3508 3326">
    <p class='ocr_par' dir='ltr' id='par_1_94' title="bbox 1935 3254 3508 3326">
     <span class='ocr_line' id='line_1_94' title="bbox 1935 3254 3508 3326; baseline -0.002 -14"><span class='ocrx_word' id='word_1_703' title='bbox 1935 3264 2207 3326; x_wconf 71' lang='lat' dir='ltr'><strong>suscepta:</strong></span> <span class='ocrx_word' id='word_1_704' title='bbox 2243 3272 2273 3311; x_wconf 86' lang='lat' dir='ltr'><strong>a</strong></span> <span class='ocrx_word' id='word_1_705' title='bbox 2310 3255 2421 3312; x_wconf 86' lang='lat' dir='ltr'><strong>Deo</strong></span> <span class='ocrx_word' id='word_1_706' title='bbox 2473 3256 2852 3312; x_wconf 87' lang='lat' dir='ltr'><strong>humanitatis.</strong></span> <span class='ocrx_word' id='word_1_707' title='bbox 2906 3254 3011 3311; x_wconf 89' lang='lat' dir='ltr'><strong>Per</strong></span> <span class='ocrx_word' id='word_1_708' title='bbox 3052 3256 3155 3311; x_wconf 91' lang='lat' dir='ltr'><strong>hoc</strong></span> <span class='ocrx_word' id='word_1_709' title='bbox 3184 3256 3331 3311; x_wconf 89' lang='lat' dir='ltr'><strong>enim</strong></span> <span class='ocrx_word' id='word_1_710' title='bbox 3364 3254 3508 3325; x_wconf 89' lang='lat' dir='ltr'><strong>quod</strong></span> 
     </span>
    </p>
   </div>
   <div class='ocr_carea' id='block_1_95' title="bbox 1934 3338 3510 3413">
    <p class='ocr_par' dir='ltr' id='par_1_95' title="bbox 1934 3338 3510 3413">
     <span class='ocr_line' id='line_1_95' title="bbox 1934 3338 3510 3413; baseline 0.001 -11"><span class='ocrx_word' id='word_1_711' title='bbox 1934 3349 2130 3403; x_wconf 85' lang='lat' dir='ltr'><strong>mistus</strong></span> <span class='ocrx_word' id='word_1_712' title='bbox 2180 3348 2281 3402; x_wconf 83' lang='lat' dir='ltr'><strong>fuit</strong></span> <span class='ocrx_word' id='word_1_713' title='bbox 2344 3348 2694 3413; x_wconf 87' lang='lat' dir='ltr'><strong>humanitati,</strong></span> <span class='ocrx_word' id='word_1_714' title='bbox 2744 3363 2868 3401; x_wconf 86' lang='lat' dir='ltr'><strong>cum</strong></span> <span class='ocrx_word' id='word_1_715' title='bbox 2924 3346 3089 3403; x_wconf 81' lang='lat' dir='ltr'><strong>fuerit</strong></span> <span class='ocrx_word' id='word_1_716' title='bbox 3138 3348 3196 3402; x_wconf 90' lang='lat' dir='ltr'><strong>in</strong></span> <span class='ocrx_word' id='word_1_717' title='bbox 3252 3338 3510 3403; x_wconf 85' lang='lat' dir='ltr'><strong>omnibus</strong></span> 
     </span>
    </p>
   </div>
   <div class='ocr_carea' id='block_1_96' title="bbox 1934 3438 3505 3511">
    <p class='ocr_par' dir='ltr' id='par_1_96' title="bbox 1934 3438 3505 3511">
     <span class='ocr_line' id='line_1_96' title="bbox 1934 3438 3505 3511; baseline 0.001 -18"><span class='ocrx_word' id='word_1_718' title='bbox 1934 3447 2146 3494; x_wconf 87' lang='lat' dir='ltr'><strong>naturae</strong></span> <span class='ocrx_word' id='word_1_719' title='bbox 2194 3438 2651 3509; x_wconf 89' lang='lat' dir='ltr'><strong>proprietatibus,</strong></span> <span class='ocrx_word' id='word_1_720' title='bbox 2698 3454 2894 3509; x_wconf 89' lang='lat' dir='ltr'><strong>nempe</strong></span> <span class='ocrx_word' id='word_1_721' title='bbox 2937 3440 3313 3511; x_wconf 88' lang='lat' dir='ltr'><strong>generatione,</strong></span> <span class='ocrx_word' id='word_1_722' title='bbox 3366 3439 3505 3494; x_wconf 86' lang='lat' dir='ltr'><strong>edu-</strong></span> 
     </span>
    </p>
   </div>
   <div class='ocr_carea' id='block_1_97' title="bbox 1933 3529 3511 3601">
    <p class='ocr_par' dir='ltr' id='par_1_97' title="bbox 1933 3529 3511 3601">
     <span class='ocr_line' id='line_1_97' title="bbox 1933 3529 3511 3601; baseline -0.001 -16"><span class='ocrx_word' id='word_1_723' title='bbox 1933 3529 2152 3585; x_wconf 86' lang='lat' dir='ltr'><strong>catione</strong></span> <span class='ocrx_word' id='word_1_724' title='bbox 2183 3541 2237 3586; x_wconf 90' lang='lat' dir='ltr'><strong>et</strong></span> <span class='ocrx_word' id='word_1_725' title='bbox 2268 3531 2635 3594; x_wconf 91' lang='lat' dir='ltr'><strong>incremento,</strong></span> <span class='ocrx_word' id='word_1_726' title='bbox 2661 3537 2716 3586; x_wconf 91' lang='lat' dir='ltr'><strong>et</strong></span> <span class='ocrx_word' id='word_1_727' title='bbox 2764 3546 2941 3601; x_wconf 89' lang='lat' dir='ltr'><strong>usque</strong></span> <span class='ocrx_word' id='word_1_728' title='bbox 2971 3530 3040 3586; x_wconf 87' lang='lat' dir='ltr'><strong>ad</strong></span> <span class='ocrx_word' id='word_1_729' title='bbox 3083 3530 3279 3585; x_wconf 90' lang='lat' dir='ltr'><strong>mortis</strong></span> <span class='ocrx_word' id='word_1_730' title='bbox 3315 3545 3511 3601; x_wconf 78' lang='lat' dir='ltr'><strong>perva-</strong></span> 
     </span>
    </p>
   </div>
   <div class='ocr_carea' id='block_1_98' title="bbox 1934 3622 3507 3695">
    <p class='ocr_par' dir='ltr' id='par_1_98' title="bbox 1934 3622 3507 3695">
     <span class='ocr_line' id='line_1_98' title="bbox 1934 3622 3507 3695; baseline 0.001 -19"><span class='ocrx_word' id='word_1_731' title='bbox 1934 3623 2068 3677; x_wconf 91' lang='lat' dir='ltr'><strong>serit</strong></span> <span class='ocrx_word' id='word_1_732' title='bbox 2091 3623 2509 3693; x_wconf 78' lang='lat' dir='ltr'><strong>experientiam,</strong></span> <span class='ocrx_word' id='word_1_733' title='bbox 2533 3622 2717 3679; x_wconf 70' lang='lat' dir='ltr'><strong>cll‘ecit</strong></span> <span class='ocrx_word' id='word_1_734' title='bbox 2742 3638 2804 3678; x_wconf 90' lang='lat' dir='ltr'><strong>ea</strong></span> <span class='ocrx_word' id='word_1_735' title='bbox 2827 3623 3015 3678; x_wconf 88' lang='lat' dir='ltr'><strong>omnia</strong></span> <span class='ocrx_word' id='word_1_736' title='bbox 3038 3639 3161 3695; x_wconf 68' lang='lat' dir='ltr'><strong>quae</strong></span> <span class='ocrx_word' id='word_1_737' title='bbox 3183 3623 3337 3695; x_wconf 91' lang='lat' dir='ltr'><strong>prius</strong></span> <span class='ocrx_word' id='word_1_738' title='bbox 3360 3622 3507 3678; x_wconf 87' lang='lat' dir='ltr'><strong>dicta</strong></span> 
     </span>
    </p>
   </div>
   <div class='ocr_carea' id='block_1_99' title="bbox 1934 3714 3509 3779">
    <p class='ocr_par' dir='ltr' id='par_1_99' title="bbox 1934 3714 3509 3779">
     <span class='ocr_line' id='line_1_99' title="bbox 1934 3714 3509 3779; baseline 0.001 -9"><span class='ocrx_word' id='word_1_739' title='bbox 1934 3722 2084 3778; x_wconf 92' lang='lat' dir='ltr'><strong>sunt,</strong></span> <span class='ocrx_word' id='word_1_740' title='bbox 2110 3722 2164 3769; x_wconf 86' lang='lat' dir='ltr'><strong>et</strong></span> <span class='ocrx_word' id='word_1_741' title='bbox 2194 3714 2471 3769; x_wconf 86' lang='lat' dir='ltr'><strong>hominem</strong></span> <span class='ocrx_word' id='word_1_742' title='bbox 2512 3731 2543 3770; x_wconf 89' lang='lat' dir='ltr'><strong>a</strong></span> <span class='ocrx_word' id='word_1_743' title='bbox 2577 3715 2712 3770; x_wconf 75' lang='lat' dir='ltr'><strong>vitio</strong></span> <span class='ocrx_word' id='word_1_744' title='bbox 2759 3715 3026 3779; x_wconf 90' lang='lat' dir='ltr'><strong>liberans,</strong></span> <span class='ocrx_word' id='word_1_745' title='bbox 3058 3726 3112 3772; x_wconf 92' lang='lat' dir='ltr'><strong>et</strong></span> <span class='ocrx_word' id='word_1_746' title='bbox 3136 3716 3252 3771; x_wconf 86' lang='lat' dir='ltr'><strong>vitii</strong></span> <span class='ocrx_word' id='word_1_747' title='bbox 3282 3715 3509 3771; x_wconf 86' lang='lat' dir='ltr'><strong>medens</strong></span> 
     </span>
    </p>
   </div>
   <div class='ocr_carea' id='block_1_100' title="bbox 1933 3805 3507 3878">
    <p class='ocr_par' dir='ltr' id='par_1_100' title="bbox 1933 3805 3507 3878">
     <span class='ocr_line' id='line_1_100' title="bbox 1933 3805 3507 3878; baseline -0.001 -16"><span class='ocrx_word' id='word_1_748' title='bbox 1933 3806 2228 3862; x_wconf 72' lang='lat' dir='ltr'><strong>inventori.</strong></span> <span class='ocrx_word' id='word_1_749' title='bbox 2273 3805 2639 3878; x_wconf 69' lang='lat' dir='ltr'><strong>Aigritudinis</strong></span> <span class='ocrx_word' id='word_1_750' title='bbox 2686 3809 2833 3863; x_wconf 90' lang='lat' dir='ltr'><strong>cnim</strong></span> <span class='ocrx_word' id='word_1_751' title='bbox 2887 3807 3101 3865; x_wconf 90' lang='lat' dir='ltr'><strong>medela</strong></span> <span class='ocrx_word' id='word_1_752' title='bbox 3198 3815 3283 3864; x_wconf 88' lang='lat' dir='ltr'><strong>est</strong></span> <span class='ocrx_word' id='word_1_753' title='bbox 3328 3807 3507 3863; x_wconf 83' lang='lat' dir='ltr'><strong>morbi</strong></span> 
     </span>
    </p>
   </div>
   <div class='ocr_carea' id='block_1_101' title="bbox 1934 3900 2896 3973">
    <p class='ocr_par' dir='ltr' id='par_1_101' title="bbox 1934 3900 2896 3973">
     <span class='ocr_line' id='line_1_101' title="bbox 1934 3900 2896 3973; baseline -0.001 -17"><span class='ocrx_word' id='word_1_754' title='bbox 1934 3900 2209 3973; x_wconf 87' lang='lat' dir='ltr'><strong>purgatio,</strong></span> <span class='ocrx_word' id='word_1_755' title='bbox 2250 3900 2466 3956; x_wconf 89' lang='lat' dir='ltr'><strong>etiamsi</strong></span> <span class='ocrx_word' id='word_1_756' title='bbox 2494 3900 2565 3954; x_wconf 90' lang='lat' dir='ltr'><strong>sit</strong></span> <span class='ocrx_word' id='word_1_757' title='bbox 2598 3900 2896 3955; x_wconf 91' lang='lat' dir='ltr'><strong>laboriosa.</strong></span> 
     </span>
    </p>
   </div>
   <div class='ocr_carea' id='block_1_102' title="bbox 2472 3987 2952 4045">
    <p class='ocr_par' dir='ltr' id='par_1_102' title="bbox 2472 3987 2952 4045">
     <span class='ocr_line' id='line_1_102' title="bbox 2472 3987 2952 4045; baseline 0.002 -1"><span class='ocrx_word' id='word_1_758' title='bbox 2472 3987 2699 4044; x_wconf 82' lang='lat' dir='ltr'><strong>CAPUT</strong></span> <span class='ocrx_word' id='word_1_759' title='bbox 2738 3989 2952 4045; x_wconf 76' lang='lat' dir='ltr'><strong>XXVII.</strong></span> 
     </span>
    </p>
   </div>
   <div class='ocr_carea' id='block_1_103' title="bbox 2001 4078 3605 4151">
    <p class='ocr_par' dir='ltr' id='par_1_103' title="bbox 2001 4078 3605 4151">
     <span class='ocr_line' id='line_1_103' title="bbox 2001 4078 3605 4151; baseline 0 -16"><span class='ocrx_word' id='word_1_760' title='bbox 2001 4080 2359 4151; x_wconf 86' lang='lat' dir='ltr'><strong>Consequens</strong></span> <span class='ocrx_word' id='word_1_761' title='bbox 2385 4087 2569 4135; x_wconf 89' lang='lat' dir='ltr'><strong>autem</strong></span> <span class='ocrx_word' id='word_1_762' title='bbox 2606 4091 2744 4145; x_wconf 88' lang='lat' dir='ltr'><strong>erat,</strong></span> <span class='ocrx_word' id='word_1_763' title='bbox 2774 4089 2834 4135; x_wconf 92' lang='lat' dir='ltr'><strong>ut</strong></span> <span class='ocrx_word' id='word_1_764' title='bbox 2868 4080 2961 4150; x_wconf 89' lang='lat' dir='ltr'><strong>qui</strong></span> <span class='ocrx_word' id='word_1_765' title='bbox 2992 4087 3195 4135; x_wconf 68' lang='lat' dir='ltr'><strong>nostrae</strong></span> <span class='ocrx_word' id='word_1_766' title='bbox 3237 4078 3508 4136; x_wconf 88' lang='lat' dir='ltr'><strong>admisce-</strong></span> <span class='ocrx_word' id='word_1_767' title='bbox 3588 4094 3605 4113; x_wconf 72' lang='grc' dir='ltr'><strong><em>ο</em></strong></span> 
     </span>
    </p>
   </div>
   <div class='ocr_carea' id='block_1_104' title="bbox 1932 4169 3509 4242">
    <p class='ocr_par' dir='ltr' id='par_1_104' title="bbox 1932 4169 3509 4242">
     <span class='ocr_line' id='line_1_104' title="bbox 1932 4169 3509 4242; baseline -0.001 -16"><span class='ocrx_word' id='word_1_768' title='bbox 1932 4170 2096 4226; x_wconf 89' lang='lat' dir='ltr'><strong>batur</strong></span> <span class='ocrx_word' id='word_1_769' title='bbox 2126 4180 2361 4234; x_wconf 63' lang='lat' dir='ltr'><strong>natura,</strong></span> <span class='ocrx_word' id='word_1_770' title='bbox 2413 4186 2513 4242; x_wconf 88' lang='lat' dir='ltr'><strong>per</strong></span> <span class='ocrx_word' id='word_1_771' title='bbox 2546 4184 2739 4224; x_wconf 89' lang='lat' dir='ltr'><strong>omnes</strong></span> <span class='ocrx_word' id='word_1_772' title='bbox 2768 4170 2887 4237; x_wconf 87' lang='lat' dir='ltr'><strong>ejus</strong></span> <span class='ocrx_word' id='word_1_773' title='bbox 2917 4169 3286 4239; x_wconf 80' lang='lat' dir='ltr'><strong>proprietates</strong></span> <span class='ocrx_word' id='word_1_774' title='bbox 3328 4172 3509 4226; x_wconf 85' lang='lat' dir='ltr'><strong>susci-</strong></span> 
     </span>
    </p>
   </div>
   <div class='ocr_carea' id='block_1_105' title="bbox 1933 4259 3497 4333">
    <p class='ocr_par' dir='ltr' id='par_1_105' title="bbox 1933 4259 3497 4333">
     <span class='ocr_line' id='line_1_105' title="bbox 1933 4259 3497 4333; baseline 0.002 -18"><span class='ocrx_word' id='word_1_775' title='bbox 1933 4274 2085 4333; x_wconf 89' lang='lat' dir='ltr'><strong>peret</strong></span> <span class='ocrx_word' id='word_1_776' title='bbox 2112 4278 2232 4318; x_wconf 88' lang='lat' dir='ltr'><strong>eam</strong></span> <span class='ocrx_word' id='word_1_777' title='bbox 2254 4278 2373 4332; x_wconf 66' lang='lat' dir='ltr'><strong>qua:</strong></span> <span class='ocrx_word' id='word_1_778' title='bbox 2398 4262 2682 4317; x_wconf 88' lang='lat' dir='ltr'><strong>nobiscqu</strong></span> <span class='ocrx_word' id='word_1_779' title='bbox 2713 4259 2876 4315; x_wconf 79' lang='lat' dir='ltr'><strong>ﬂebat</strong></span> <span class='ocrx_word' id='word_1_780' title='bbox 2907 4264 3497 4333; x_wconf 90' lang='lat' dir='ltr'><strong>contemperationem.</strong></span> 
     </span>
    </p>
   </div>
   <div class='ocr_carea' id='block_1_106' title="bbox 1932 4351 3507 4422">
    <p class='ocr_par' dir='ltr' id='par_1_106' title="bbox 1932 4351 3507 4422">
     <span class='ocr_line' id='line_1_106' title="bbox 1932 4351 3507 4422; baseline 0.002 -15"><span class='ocrx_word' id='word_1_781' title='bbox 1932 4353 2053 4420; x_wconf 84' lang='lat' dir='ltr'><strong>Quo</strong></span> <span class='ocrx_word' id='word_1_782' title='bbox 2090 4355 2253 4408; x_wconf 85' lang='lat' dir='ltr'><strong>modo</strong></span> <span class='ocrx_word' id='word_1_783' title='bbox 2283 4354 2427 4408; x_wconf 86' lang='lat' dir='ltr'><strong>enim</strong></span> <span class='ocrx_word' id='word_1_784' title='bbox 2461 4352 2555 4422; x_wconf 92' lang='lat' dir='ltr'><strong>qui</strong></span> <span class='ocrx_word' id='word_1_785' title='bbox 2594 4351 2830 4408; x_wconf 79' lang='lat' dir='ltr'><strong>vestium</strong></span> <span class='ocrx_word' id='word_1_786' title='bbox 2876 4351 3070 4409; x_wconf 88' lang='lat' dir='ltr'><strong>sordes</strong></span> <span class='ocrx_word' id='word_1_787' title='bbox 3100 4353 3351 4419; x_wconf 88' lang='lat' dir='ltr'><strong>abluunt,</strong></span> <span class='ocrx_word' id='word_1_788' title='bbox 3394 4369 3507 4410; x_wconf 90' lang='lat' dir='ltr'><strong>non</strong></span> 
     </span>
    </p>
   </div>
   <div class='ocr_carea' id='block_1_107' title="bbox 1860 4444 3508 4536">
    <p class='ocr_par' dir='ltr' id='par_1_107' title="bbox 1860 4444 3508 4536">
     <span class='ocr_line' id='line_1_107' title="bbox 1860 4444 3508 4536; baseline 0.001 -37"><span class='ocrx_word' id='word_1_789' title='bbox 1860 4482 1902 4536; x_wconf 66' lang='grc' dir='ltr'>Β</span> <span class='ocrx_word' id='word_1_790' title='bbox 1933 4445 2040 4499; x_wconf 87' lang='lat' dir='ltr'><strong>alia</strong></span> <span class='ocrx_word' id='word_1_791' title='bbox 2080 4444 2302 4514; x_wconf 84' lang='lat' dir='ltr'><strong>quidem</strong></span> <span class='ocrx_word' id='word_1_792' title='bbox 2351 4444 2765 4514; x_wconf 90' lang='lat' dir='ltr'><strong>inquinamenta</strong></span> <span class='ocrx_word' id='word_1_793' title='bbox 2813 4452 3177 4512; x_wconf 80' lang='lat' dir='ltr'><strong>conservant,</strong></span> <span class='ocrx_word' id='word_1_794' title='bbox 3229 4446 3338 4501; x_wconf 88' lang='lat' dir='ltr'><strong>alia</strong></span> <span class='ocrx_word' id='word_1_795' title='bbox 3378 4462 3508 4503; x_wconf 80' lang='lat' dir='ltr'><strong>vero</strong></span> 
     </span>
    </p>
   </div>
   <div class='ocr_carea' id='block_1_108' title="bbox 1930 4535 3507 4607">
    <p class='ocr_par' dir='ltr' id='par_1_108' title="bbox 1930 4535 3507 4607">
     <span class='ocr_line' id='line_1_108' title="bbox 1930 4535 3507 4607; baseline 0.001 -16"><span class='ocrx_word' id='word_1_796' title='bbox 1930 4538 2289 4607; x_wconf 83' lang='lat' dir='ltr'><strong>abstergunt;</strong></span> <span class='ocrx_word' id='word_1_797' title='bbox 2324 4536 2421 4593; x_wconf 90' lang='lat' dir='ltr'><strong>sed</strong></span> <span class='ocrx_word' id='word_1_798' title='bbox 2457 4537 2527 4592; x_wconf 88' lang='lat' dir='ltr'><strong>ab</strong></span> <span class='ocrx_word' id='word_1_799' title='bbox 2568 4536 2728 4591; x_wconf 92' lang='lat' dir='ltr'><strong>initio</strong></span> <span class='ocrx_word' id='word_1_800' title='bbox 2777 4535 2845 4591; x_wconf 89' lang='lat' dir='ltr'><strong>ad</strong></span> <span class='ocrx_word' id='word_1_801' title='bbox 2900 4537 3058 4592; x_wconf 78' lang='lat' dir='ltr'><strong>linem</strong></span> <span class='ocrx_word' id='word_1_802' title='bbox 3110 4552 3287 4607; x_wconf 89' lang='lat' dir='ltr'><strong>usque</strong></span> <span class='ocrx_word' id='word_1_803' title='bbox 3334 4538 3507 4593; x_wconf 88' lang='lat' dir='ltr'><strong>totius</strong></span> 
     </span>
    </p>
   </div>
   <div class='ocr_carea' id='block_1_109' title="bbox 1931 4627 3506 4699">
    <p class='ocr_par' dir='ltr' id='par_1_109' title="bbox 1931 4627 3506 4699">
     <span class='ocr_line' id='line_1_109' title="bbox 1931 4627 3506 4699; baseline 0.002 -19"><span class='ocrx_word' id='word_1_804' title='bbox 1931 4627 2097 4696; x_wconf 83' lang='lat' dir='ltr'><strong>panni</strong></span> <span class='ocrx_word' id='word_1_805' title='bbox 2141 4628 2385 4683; x_wconf 86' lang='lat' dir='ltr'><strong>maculas</strong></span> <span class='ocrx_word' id='word_1_806' title='bbox 2412 4634 2738 4699; x_wconf 78' lang='lat' dir='ltr'><strong>expurgant,</strong></span> <span class='ocrx_word' id='word_1_807' title='bbox 2779 4635 2839 4682; x_wconf 93' lang='lat' dir='ltr'><strong>ut</strong></span> <span class='ocrx_word' id='word_1_808' title='bbox 2871 4629 2941 4684; x_wconf 90' lang='lat' dir='ltr'><strong>sit</strong></span> <span class='ocrx_word' id='word_1_809' title='bbox 2972 4628 3355 4684; x_wconf 76' lang='lat' dir='ltr'><strong>vestimentum</strong></span> <span class='ocrx_word' id='word_1_810' title='bbox 3385 4629 3506 4683; x_wconf 86' lang='lat' dir='ltr'><strong>ubi-</strong></span> 
     </span>
    </p>
   </div>
   <div class='ocr_carea' id='block_1_110' title="bbox 1929 4718 3503 4790">
    <p class='ocr_par' dir='ltr' id='par_1_110' title="bbox 1929 4718 3503 4790">
     <span class='ocr_line' id='line_1_110' title="bbox 1929 4718 3503 4790; baseline 0.001 -18"><span class='ocrx_word' id='word_1_811' title='bbox 1929 4734 2036 4788; x_wconf 90' lang='lat' dir='ltr'><strong>que</strong></span> <span class='ocrx_word' id='word_1_812' title='bbox 2069 4719 2313 4789; x_wconf 86' lang='lat' dir='ltr'><strong>ejusdem</strong></span> <span class='ocrx_word' id='word_1_813' title='bbox 2352 4720 2538 4790; x_wconf 90' lang='lat' dir='ltr'><strong>pretii,</strong></span> <span class='ocrx_word' id='word_1_814' title='bbox 2568 4736 2635 4775; x_wconf 78' lang='lat' dir='ltr'><strong>ex</strong></span> <span class='ocrx_word' id='word_1_815' title='bbox 2663 4734 2821 4790; x_wconf 77' lang='lat' dir='ltr'><strong>tequo</strong></span> <span class='ocrx_word' id='word_1_816' title='bbox 2862 4720 3112 4775; x_wconf 76' lang='lat' dir='ltr'><strong>effectum</strong></span> <span class='ocrx_word' id='word_1_817' title='bbox 3153 4718 3387 4776; x_wconf 85' lang='lat' dir='ltr'><strong>eluendo</strong></span> <span class='ocrx_word' id='word_1_818' title='bbox 3419 4720 3503 4774; x_wconf 90' lang='lat' dir='ltr'><strong>ni-</strong></span> 
     </span>
    </p>
   </div>
   <div class='ocr_carea' id='block_1_111' title="bbox 1931 4810 3507 4883">
    <p class='ocr_par' dir='ltr' id='par_1_111' title="bbox 1931 4810 3507 4883">
     <span class='ocr_line' id='line_1_111' title="bbox 1931 4810 3507 4883; baseline 0 -16"><span class='ocrx_word' id='word_1_819' title='bbox 1931 4812 2099 4867; x_wconf 86' lang='lat' dir='ltr'><strong>tidum</strong></span> <span class='ocrx_word' id='word_1_820' title='bbox 2133 4818 2188 4866; x_wconf 93' lang='lat' dir='ltr'><strong>et</strong></span> <span class='ocrx_word' id='word_1_821' title='bbox 2215 4810 2563 4882; x_wconf 88' lang='lat' dir='ltr'><strong>splendidum</strong></span> <span class='ocrx_word' id='word_1_822' title='bbox 2589 4832 2602 4867; x_wconf 86' lang='lat'><strong>:</strong></span> <span class='ocrx_word' id='word_1_823' title='bbox 2625 4810 2698 4866; x_wconf 90' lang='lat' dir='ltr'><strong>ita</strong></span> <span class='ocrx_word' id='word_1_824' title='bbox 2722 4827 2846 4865; x_wconf 90' lang='lat' dir='ltr'><strong>cum</strong></span> <span class='ocrx_word' id='word_1_825' title='bbox 2875 4812 2987 4866; x_wconf 75' lang='lat' dir='ltr'><strong>vita</strong></span> <span class='ocrx_word' id='word_1_826' title='bbox 3015 4812 3250 4866; x_wconf 88' lang='lat' dir='ltr'><strong>humana</strong></span> <span class='ocrx_word' id='word_1_827' title='bbox 3282 4819 3507 4883; x_wconf 86' lang='lat' dir='ltr'><strong>peccato</strong></span> 
     </span>
    </p>
   </div>
   <div class='ocr_carea' id='block_1_112' title="bbox 1929 4904 3503 4975">
    <p class='ocr_par' dir='ltr' id='par_1_112' title="bbox 1929 4904 3503 4975">
     <span class='ocr_line' id='line_1_112' title="bbox 1929 4904 3503 4975; baseline 0 -16"><span class='ocrx_word' id='word_1_828' title='bbox 1929 4912 2075 4960; x_wconf 86' lang='lat' dir='ltr'><strong>esset</strong></span> <span class='ocrx_word' id='word_1_829' title='bbox 2122 4904 2431 4975; x_wconf 88' lang='lat' dir='ltr'><strong>inquinata,</strong></span> <span class='ocrx_word' id='word_1_830' title='bbox 2465 4914 2521 4958; x_wconf 89' lang='lat' dir='ltr'><strong>et</strong></span> <span class='ocrx_word' id='word_1_831' title='bbox 2559 4904 2614 4958; x_wconf 92' lang='lat' dir='ltr'><strong>in</strong></span> <span class='ocrx_word' id='word_1_832' title='bbox 2655 4904 2948 4974; x_wconf 86' lang='lat' dir='ltr'><strong>principio,</strong></span> <span class='ocrx_word' id='word_1_833' title='bbox 2994 4912 3050 4960; x_wconf 90' lang='lat' dir='ltr'><strong>et</strong></span> <span class='ocrx_word' id='word_1_834' title='bbox 3096 4905 3152 4960; x_wconf 91' lang='lat' dir='ltr'><strong>in</strong></span> <span class='ocrx_word' id='word_1_835' title='bbox 3200 4904 3326 4971; x_wconf 80' lang='lat' dir='ltr'><strong>line,</strong></span> <span class='ocrx_word' id='word_1_836' title='bbox 3361 4913 3417 4960; x_wconf 90' lang='lat' dir='ltr'><strong>et</strong></span> <span class='ocrx_word' id='word_1_837' title='bbox 3449 4905 3503 4959; x_wconf 91' lang='lat' dir='ltr'><strong>in</strong></span> 
     </span>
    </p>
   </div>
   <div class='ocr_carea' id='block_1_113' title="bbox 1929 4995 3501 5068">
    <p class='ocr_par' dir='ltr' id='par_1_113' title="bbox 1929 4995 3501 5068">
     <span class='ocr_line' id='line_1_113' title="bbox 1929 4995 3501 5068; baseline 0.001 -17"><span class='ocrx_word' id='word_1_838' title='bbox 1929 4995 2136 5059; x_wconf 87' lang='lat' dir='ltr'><strong>medio,</strong></span> <span class='ocrx_word' id='word_1_839' title='bbox 2193 4995 2245 5050; x_wconf 74' lang='lat' dir='ltr'><strong>vi</strong></span> <span class='ocrx_word' id='word_1_840' title='bbox 2290 5004 2344 5050; x_wconf 92' lang='lat' dir='ltr'><strong>et</strong></span> <span class='ocrx_word' id='word_1_841' title='bbox 2389 5003 2662 5067; x_wconf 90' lang='lat' dir='ltr'><strong>potestate</strong></span> <span class='ocrx_word' id='word_1_842' title='bbox 2709 5011 2849 5067; x_wconf 90' lang='lat' dir='ltr'><strong>opus</strong></span> <span class='ocrx_word' id='word_1_843' title='bbox 2895 4996 3132 5053; x_wconf 89' lang='lat' dir='ltr'><strong>habebat</strong></span> <span class='ocrx_word' id='word_1_844' title='bbox 3174 5013 3271 5068; x_wconf 88' lang='lat' dir='ltr'><strong>per</strong></span> <span class='ocrx_word' id='word_1_845' title='bbox 3316 4998 3501 5053; x_wconf 87' lang='lat' dir='ltr'><strong>omnia</strong></span> 
     </span>
    </p>
   </div>
   <div class='ocr_carea' id='block_1_114' title="bbox 1930 5086 3500 5161">
    <p class='ocr_par' dir='ltr' id='par_1_114' title="bbox 1930 5086 3500 5161">
     <span class='ocr_line' id='line_1_114' title="bbox 1930 5086 3500 5161; baseline 0.003 -21"><span class='ocrx_word' id='word_1_846' title='bbox 1930 5086 2206 5153; x_wconf 84' lang='lat' dir='ltr'><strong>abluentc,</strong></span> <span class='ocrx_word' id='word_1_847' title='bbox 2241 5098 2297 5143; x_wconf 89' lang='lat' dir='ltr'><strong>et</strong></span> <span class='ocrx_word' id='word_1_848' title='bbox 2317 5088 2607 5159; x_wconf 80' lang='lat' dir='ltr'><strong>Oportebat</strong></span> <span class='ocrx_word' id='word_1_849' title='bbox 2632 5104 2740 5144; x_wconf 94' lang='lat' dir='ltr'><strong>non</strong></span> <span class='ocrx_word' id='word_1_850' title='bbox 2781 5089 2887 5144; x_wconf 93' lang='lat' dir='ltr'><strong>hoc</strong></span> <span class='ocrx_word' id='word_1_851' title='bbox 2930 5089 3148 5161; x_wconf 87' lang='lat' dir='ltr'><strong>quidem</strong></span> <span class='ocrx_word' id='word_1_852' title='bbox 3172 5104 3500 5161; x_wconf 76' lang='lat' dir='ltr'><strong>expurgare,</strong></span> 
     </span>
    </p>
   </div>
   <div class='ocr_carea' id='block_1_115' title="bbox 1931 5177 3501 5252">
    <p class='ocr_par' dir='ltr' id='par_1_115' title="bbox 1931 5177 3501 5252">
     <span class='ocr_line' id='line_1_115' title="bbox 1931 5177 3501 5252; baseline 0.003 -20"><span class='ocrx_word' id='word_1_853' title='bbox 1931 5177 2064 5233; x_wconf 92' lang='lat' dir='ltr'><strong>illud</strong></span> <span class='ocrx_word' id='word_1_854' title='bbox 2115 5194 2242 5234; x_wconf 84' lang='lat' dir='ltr'><strong>vero</strong></span> <span class='ocrx_word' id='word_1_855' title='bbox 2282 5181 2597 5252; x_wconf 90' lang='lat' dir='ltr'><strong>relinquere</strong></span> <span class='ocrx_word' id='word_1_856' title='bbox 2644 5196 2754 5236; x_wconf 91' lang='lat' dir='ltr'><strong>non</strong></span> <span class='ocrx_word' id='word_1_857' title='bbox 2816 5191 3176 5252; x_wconf 74' lang='lat' dir='ltr'><strong>expurgatum</strong></span> <span class='ocrx_word' id='word_1_858' title='bbox 3209 5182 3320 5236; x_wconf 89' lang='lat' dir='ltr'><strong>:ita</strong></span> <span class='ocrx_word' id='word_1_859' title='bbox 3374 5196 3501 5237; x_wconf 88' lang='lat' dir='ltr'><strong>cum</strong></span> 
     </span>
    </p>
   </div>
   <div class='ocr_carea' id='block_1_116' title="bbox 1930 5271 3503 5345">
    <p class='ocr_par' dir='ltr' id='par_1_116' title="bbox 1930 5271 3503 5345">
     <span class='ocr_line' id='line_1_116' title="bbox 1930 5271 3503 5345; baseline 0.002 -19"><span class='ocrx_word' id='word_1_860' title='bbox 1930 5272 2039 5326; x_wconf 81' lang='lat' dir='ltr'><strong>vita</strong></span> <span class='ocrx_word' id='word_1_861' title='bbox 2078 5282 2266 5326; x_wconf 89' lang='lat' dir='ltr'><strong>nostra</strong></span> <span class='ocrx_word' id='word_1_862' title='bbox 2299 5272 2518 5330; x_wconf 91' lang='lat' dir='ltr'><strong>duobus</strong></span> <span class='ocrx_word' id='word_1_863' title='bbox 2576 5273 2649 5328; x_wconf 76' lang='lat' dir='ltr'><strong>sit</strong></span> <span class='ocrx_word' id='word_1_864' title='bbox 2697 5274 3000 5343; x_wconf 87' lang='lat' dir='ltr'><strong>intercepta</strong></span> <span class='ocrx_word' id='word_1_865' title='bbox 3050 5271 3273 5334; x_wconf 82' lang='lat' dir='ltr'><strong>ﬁnibus.</strong></span> <span class='ocrx_word' id='word_1_866' title='bbox 3308 5288 3503 5345; x_wconf 74' lang='lat' dir='ltr'><strong>nempe</strong></span> 
     </span>
    </p>
   </div>
   <div class='ocr_carea' id='block_1_117' title="bbox 1932 5363 3507 5436">
    <p class='ocr_par' dir='ltr' id='par_1_117' title="bbox 1932 5363 3507 5436">
     <span class='ocr_line' id='line_1_117' title="bbox 1932 5363 3507 5436; baseline 0.003 -19"><span class='ocrx_word' id='word_1_867' title='bbox 1932 5363 2204 5434; x_wconf 89' lang='lat' dir='ltr'><strong>principio</strong></span> <span class='ocrx_word' id='word_1_868' title='bbox 2245 5371 2301 5419; x_wconf 88' lang='lat' dir='ltr'><strong>et</strong></span> <span class='ocrx_word' id='word_1_869' title='bbox 2327 5364 2456 5426; x_wconf 79' lang='lat' dir='ltr'><strong>(ine.</strong></span> <span class='ocrx_word' id='word_1_870' title='bbox 2489 5366 2545 5420; x_wconf 91' lang='lat' dir='ltr'><strong>in</strong></span> <span class='ocrx_word' id='word_1_871' title='bbox 2597 5372 2834 5436; x_wconf 85' lang='lat' dir='ltr'><strong>utroque</strong></span> <span class='ocrx_word' id='word_1_872' title='bbox 2870 5365 2977 5421; x_wconf 79' lang='lat' dir='ltr'><strong>[ine</strong></span> <span class='ocrx_word' id='word_1_873' title='bbox 3014 5364 3296 5420; x_wconf 83' lang='lat' dir='ltr'><strong>invenitur</strong></span> <span class='ocrx_word' id='word_1_874' title='bbox 3326 5367 3411 5422; x_wconf 82' lang='lat' dir='ltr'><strong>vis</strong></span> <span class='ocrx_word' id='word_1_875' title='bbox 3450 5374 3507 5422; x_wconf 85' lang='lat' dir='ltr'><strong>et</strong></span> 
     </span>
    </p>
   </div>
   <div class='ocr_carea' id='block_1_118' title="bbox 1930 5458 3508 5529">
    <p class='ocr_par' dir='ltr' id='par_1_118' title="bbox 1930 5458 3508 5529">
     <span class='ocr_line' id='line_1_118' title="bbox 1930 5458 3508 5529; baseline 0.003 -20"><span class='ocrx_word' id='word_1_876' title='bbox 1930 5463 2179 5526; x_wconf 86' lang='lat' dir='ltr'><strong>potestas</strong></span> <span class='ocrx_word' id='word_1_877' title='bbox 2236 5466 2448 5512; x_wconf 73' lang='lat' dir='ltr'><strong>natura:</strong></span> <span class='ocrx_word' id='word_1_878' title='bbox 2501 5458 2860 5528; x_wconf 68' lang='lat' dir='ltr'><strong>corrigendae,</strong></span> <span class='ocrx_word' id='word_1_879' title='bbox 2916 5464 2978 5511; x_wconf 87' lang='lat' dir='ltr'><strong>ut</strong></span> <span class='ocrx_word' id='word_1_880' title='bbox 3031 5472 3153 5528; x_wconf 73' lang='lat' dir='ltr'><strong>qua:</strong></span> <span class='ocrx_word' id='word_1_881' title='bbox 3198 5464 3254 5513; x_wconf 90' lang='lat' dir='ltr'><strong>et</strong></span> <span class='ocrx_word' id='word_1_882' title='bbox 3300 5459 3508 5529; x_wconf 87' lang='lat' dir='ltr'><strong>princi-</strong></span> 
     </span>
    </p>
   </div>
   <div class='ocr_carea' id='block_1_119' title="bbox 1930 5542 3509 5619">
    <p class='ocr_par' dir='ltr' id='par_1_119' title="bbox 1930 5542 3509 5619">
     <span class='ocr_line' id='line_1_119' title="bbox 1930 5542 3509 5619; baseline 0.001 -19"><span class='ocrx_word' id='word_1_883' title='bbox 1930 5546 2081 5617; x_wconf 90' lang='lat' dir='ltr'><strong>pium</strong></span> <span class='ocrx_word' id='word_1_884' title='bbox 2123 5546 2390 5617; x_wconf 90' lang='lat' dir='ltr'><strong>attigerit,</strong></span> <span class='ocrx_word' id='word_1_885' title='bbox 2433 5555 2488 5602; x_wconf 88' lang='lat' dir='ltr'><strong>et</strong></span> <span class='ocrx_word' id='word_1_886' title='bbox 2514 5556 2769 5616; x_wconf 89' lang='lat' dir='ltr'><strong>porrecta</strong></span> <span class='ocrx_word' id='word_1_887' title='bbox 2813 5548 2885 5604; x_wconf 91' lang='lat' dir='ltr'><strong>sit</strong></span> <span class='ocrx_word' id='word_1_888' title='bbox 2917 5563 3089 5619; x_wconf 84' lang='lat' dir='ltr'><strong>usque</strong></span> <span class='ocrx_word' id='word_1_889' title='bbox 3117 5548 3182 5603; x_wconf 84' lang='lat' dir='ltr'><strong>ad</strong></span> <span class='ocrx_word' id='word_1_890' title='bbox 3231 5542 3417 5614; x_wconf 63' lang='lat' dir='ltr'><strong>tinem,</strong></span> <span class='ocrx_word' id='word_1_891' title='bbox 3452 5556 3509 5604; x_wconf 88' lang='lat' dir='ltr'><strong>et</strong></span> 
     </span>
    </p>
   </div>
   <div class='ocr_carea' id='block_1_120' title="bbox 1929 5638 3508 5714">
    <p class='ocr_par' dir='ltr' id='par_1_120' title="bbox 1929 5638 3508 5714">
     <span class='ocr_line' id='line_1_120' title="bbox 1929 5638 3508 5714; baseline -0.003 -19"><span class='ocrx_word' id='word_1_892' title='bbox 1929 5640 2112 5695; x_wconf 84' lang='lat' dir='ltr'><strong>omnia</strong></span> <span class='ocrx_word' id='word_1_893' title='bbox 2144 5653 2267 5711; x_wconf 71' lang='lat' dir='ltr'><strong>quas</strong></span> <span class='ocrx_word' id='word_1_894' title='bbox 2305 5647 2435 5694; x_wconf 85' lang='lat' dir='ltr'><strong>sunt</strong></span> <span class='ocrx_word' id='word_1_895' title='bbox 2461 5638 2789 5696; x_wconf 88' lang='lat' dir='ltr'><strong>intermedia</strong></span> <span class='ocrx_word' id='word_1_896' title='bbox 2830 5640 3205 5714; x_wconf 84' lang='lat' dir='ltr'><strong>interceperit.</strong></span> <span class='ocrx_word' id='word_1_897' title='bbox 3235 5642 3372 5697; x_wconf 86' lang='lat' dir='ltr'><strong>Cum</strong></span> <span class='ocrx_word' id='word_1_898' title='bbox 3406 5654 3508 5693; x_wconf 59' lang='lat' dir='ltr'><strong>au-</strong></span> 
     </span>
    </p>
   </div>
   <div class='ocr_carea' id='block_1_121' title="bbox 1930 5730 3511 5795">
    <p class='ocr_par' dir='ltr' id='par_1_121' title="bbox 1930 5730 3511 5795">
     <span class='ocr_line' id='line_1_121' title="bbox 1930 5730 3511 5795; baseline -0.002 -8"><span class='ocrx_word' id='word_1_899' title='bbox 1930 5738 2040 5790; x_wconf 87' lang='lat' dir='ltr'><strong>tem</strong></span> <span class='ocrx_word' id='word_1_900' title='bbox 2070 5731 2329 5790; x_wconf 86' lang='lat' dir='ltr'><strong>omnibus</strong></span> <span class='ocrx_word' id='word_1_901' title='bbox 2363 5730 2681 5790; x_wconf 84' lang='lat' dir='ltr'><strong>hominibus</strong></span> <span class='ocrx_word' id='word_1_902' title='bbox 2725 5749 2870 5792; x_wconf 81' lang='lat' dir='ltr'><strong>unus</strong></span> <span class='ocrx_word' id='word_1_903' title='bbox 2915 5735 2989 5793; x_wconf 72' lang='lat' dir='ltr'><strong>sit</strong></span> <span class='ocrx_word' id='word_1_904' title='bbox 3022 5736 3079 5794; x_wconf 91' lang='lat' dir='ltr'><strong>in</strong></span> <span class='ocrx_word' id='word_1_905' title='bbox 3110 5736 3273 5794; x_wconf 79' lang='lat' dir='ltr'><strong>vitam</strong></span> <span class='ocrx_word' id='word_1_906' title='bbox 3304 5732 3511 5795; x_wconf 80' lang='lat' dir='ltr'><strong>aditus,</strong></span> 
     </span>
    </p>
   </div>
  </div>
