4072 6212
732 330 798 388 ’11
2068 323 2398 382 CRECORII
2420 323 2714 381 NYSSENI

729 452 1002 513 undenam
1043 451 1333 522 oportebat
1382 464 1506 506 eum
1554 449 1647 521 qui
1700 448 1765 505 ad
1824 465 1925 506 nos
1974 451 2337 522 ingreditur,‘

2267 466 2299 516 ι,
2331 467 2376 522 Α
2403 449 2564 521 οῠσης
2598 446 2854 520 παρόδου,
2888 445 3048 500 πόθεν
3094 445 3199 499 ἔδει
3247 443 3337 498 τὸν
3369 443 3603 499 εἰσιόντα
3650 441 3793 518 πρὸς
3840 446 3875 517 ἡ

730 546 786 601 in
823 544 930 599 vita
967 543 1268 597 collocari?
1315 541 1388 597 Ex
1437 542 1579 598 coelo
1627 542 1703 597 ait
1734 540 1967 598 fortasse
2005 543 2098 613 qui
2133 558 2304 613 genus

732 636 989 691 humana:
1032 634 1263 705 originis
1294 632 1514 704 despuit
1558 641 1823 704 tanquam
1855 641 2014 705 turpe
2064 643 2117 689 et
2153 633 2304 703 abje-

730 733 902 780 ctum.
947 724 1052 781 Sed
1080 725 1134 781 in
1170 726 1311 781 caelo
1341 741 1450 780 non
1483 732 1639 781 erant
1667 725 1952 792 homines;
1983 740 2083 780 nec
2115 725 2169 779 in
2195 726 2305 781 vita

698 802 701 806 ’
729 814 1174 886 supermundana
1211 817 1535 872 versabatur
1564 817 1792 872 morbus
1821 816 1958 870 vitii.
1989 814 2092 883 Qui
2125 826 2304 872 autem

730 922 856 959 cum
910 905 1130 960 homine
1174 906 1657 971 commiscebatur,
1695 907 1816 976 ejus
1845 916 1963 962 erat
2013 923 2215 977 scepus
2252 915 2307 961 et

730 995 1042 1050 institutum
1096 995 1151 1051 in
1199 997 1289 1051 illa
1337 999 1875 1069 contemperatione,
1919 1007 1978 1053 ut
2025 1000 2309 1070 prodesset

732 1087 964 1142 homini.
1002 1086 1104 1143 Ubi
1143 1104 1270 1157 ergo
1305 1105 1412 1145 non
1454 1098 1573 1146 erat
1605 1091 1829 1158 malum,
1866 1107 2043 1161 neque
2091 1092 2166 1147 ibi
2199 1093 2306 1145 vita

730 1179 1026 1249 degebatur
1054 1181 1313 1244 humana,
1359 1181 1821 1252 quemadmodum
1864 1184 2106 1254 postulat
2153 1182 2307 1255 quis-

730 1271 900 1340 piam,
948 1281 1008 1326 ut
1038 1269 1204 1324 homo
1239 1271 1390 1325 illinc
1439 1270 1548 1327 Deo
1596 1272 1984 1342 conjungatur,
2035 1273 2144 1326 imo
2179 1287 2308 1327 vero

730 1375 839 1413 non
886 1359 1071 1419 homo.
1110 1358 1206 1415 sed
1256 1360 1479 1430 aliquod
1531 1361 1910 1426 simulacrum,
1959 1370 2014 1418 et
2058 1361 2305 1435 quaedam

731 1453 1034 1509 similitudo
1069 1453 1352 1510 hominis?

803 1628 1061 1695 Quaenam
1099 1636 1281 1681 autem
1322 1626 1475 1680 fieret
1522 1632 1725 1679 nostra:
1772 1630 1985 1679 naturae
2014 1624 2305 1692 correctio,

731 1717 778 1774 si
813 1732 936 1772 cum
983 1723 1244 1771 terrestre
1274 1721 1593 1787 tegrotasset
1639 1714 1866 1774 animal.
1911 1714 2127 1784 aliquod
2160 1714 2307 1769 aliud

2404 540 2709 611 οίκισθῆναι
2744 538 2822 602 τῷ
2864 537 2991 609 ﬁfty;
3036 537 3127 603 Ἐξ
3149 536 3399 609 οὐρανοῦ,
3424 537 3559 606 φησὶ
3588 537 3755 606 τυχὸν
3796 537 3828 590 ὁ
3869 542 3876 586 l

2406 631 2589 684 πτὺων
2620 631 2695 694 ὡς
2725 630 2946 701 αἰσχρόν
2973 646 3032 683 τε
3060 628 3154 683 καὶ
3185 628 3368 695 ἀδοξον
3396 628 3459 682 τὸ
3488 623 3627 692 εἶδος
3649 629 3749 699 τῆς
3775 629 3874 683 ἀνθ

2406 723 2567 795 πίνης
2590 722 2877 792 γενέσεως.
2920 722 3057 776 Ἀλλ’
3083 722 3181 776 οὐκ
3201 718 3268 794 ἦν
3292 724 3349 776 ἐν
3373 721 3586 794 οὐρανῷ
3606 723 3670 777 τὸ
3704 721 3805 777 ἀνθ
3814 720 3876 794 pd

2406 832 2495 868 νον
2518 831 2529 843 °
2563 814 2682 870 οὑδέ
2718 832 2802 879 τις
2846 816 2904 868 ἐν
2940 817 3006 886 τῇ
3040 814 3393 887 ὑπερκοσμίῳ
3436 816 3547 887 ζωῇ
3601 815 3805 878 κακίας
3833 834 3876 870 νι

2407 904 2795 976 ἐπεχωρίασεν.
2839 904 2896 958 Ὀ
2940 904 2997 958 δέ
3040 904 3117 976 τῷ
3160 903 3432 976 ἀνθρώπῳ
3480 904 3875 976 καταμιγνύμε

2406 996 2484 1068 τῷ
2514 997 2698 1067 σκοπῷ
2729 997 2829 1066 τῆς
2854 996 3118 1066 ὠφελείας
3150 997 3380 1052 ἐποιεῖτο
3410 996 3510 1068 τὴν
3556 995 3873 1069 συνανάκρα

2413 1088 2583 1142 Ἔνθα
2606 1089 2784 1143 τοίνυν
2808 1089 2868 1143 τὸ
2898 1089 3064 1143 κακὸν
3095 1089 3195 1143 οὑκ
3221 1085 3309 1159 ἦν,
3340 1088 3461 1142 οὑδέ
3496 1086 3836 1159 ἀνθρώπινος
3860 1090 3876 1141 ἔ

2407 1186 2645 1240 λιτεὺετο
2670 1186 2801 1257 βίος,
2825 1185 2938 1249 πῶς
2962 1185 3202 1255 ἐπιζητεῖ
3224 1202 3304 1247 τις
3340 1185 3547 1237 ἐκεῖθεν
3574 1183 3651 1254 τῷ
3676 1182 3796 1254 Θεῷ
3832 1203 3873 1237 π

2409 1276 2678 1348 πλακῆναι
2716 1278 2804 1336 τὸν
2843 1277 3146 1349 ἄνθρωπον,
3195 1275 3393 1346 μᾶλλον
3434 1275 3490 1328 δὲ
3522 1275 3643 1345 οὑχὶ
3672 1274 3876 1348 ἄνθρωι

2408 1366 2541 1425 ἀλλά
2563 1365 2850 1443 ἀνθρώπου
2880 1385 2934 1421 τι
2958 1367 3173 1422 εἴδωλον
3199 1367 3292 1424 καὶ
3319 1366 3603 1441 όμοίωιια;

2479 1635 2575 1699 Τίς
2596 1635 2641 1690 δ’
2668 1634 2733 1690 ἄν
2753 1633 2965 1704 ἐγένετο
2991 1633 3086 1706 τῆς
3115 1632 3325 1703 φύσεως
3361 1630 3571 1703 ὴμῶνή
3600 1630 3876 1702 διόρθωσις

2409 1723 2502 1779 τοῦ
2537 1724 2779 1793 ἐπιγείου
2818 1723 2955 1789 ξώου
2981 1722 3347 1792 νενοσηκότος,
3381 1722 3563 1794 ἔτερόν
3589 1738 3642 1775 τι
3676 1721 3787 1774 τῶν
3813 1721 3873 1774 οὑ

732 1827 800 1867 ex
839 1810 1158 1866 caelestibus
1184 1809 1427 1864 divinum
1457 1809 1797 1878 suscepisset
1823 1806 2161 1863 adventum?
2185 1805 2305 1861 Non

2251 1822 2305 1861 ὶῐι
2341 1815 2381 1870 Β
2405 1817 2533 1871 νίων
2564 1815 2660 1888 τὴν
2690 1814 2838 1869 θείαν
2869 1814 3162 1884 ἐπιδημίαν
3187 1812 3430 1880 ἐδέξατος
3459 1813 3571 1865 Οὑκ
3602 1811 3717 1864 ἔστι
3750 1812 3859 1880 γὰρ

732 1910 912 1975 potest
968 1902 1114 1958 enim
1164 1900 1281 1956 ﬁeri
1330 1908 1391 1955 ut
1442 1909 1668 1955 curetur
1719 1900 1865 1969 quod
1915 1901 2149 1963 laborat,
2198 1901 2305 1955 nisi

733 2011 862 2065 pars
893 1994 1151 2047 laborans
1178 1990 1453 2061 propriam
1488 2005 1552 2044 ac
1581 1991 1911 2060 peculiarem
1937 1991 2176 2060 accipiat
2208 2005 2307 2046 eu-

732 2085 1024 2138 rationem.
1058 2081 1115 2136 Si
1151 2096 1280 2152 ergo
1322 2081 1468 2151 quod
1505 2080 1792 2136 laborabat
1835 2081 2080 2152 quidem,
2110 2080 2307 2139 fuisset

733 2176 791 2229 in
836 2184 1019 2239 terra;
1058 2174 1235 2228 virtus
1282 2181 1463 2226 autem
1506 2172 1689 2226 divina
1726 2172 1778 2227 id
1826 2174 1975 2243 quod
2022 2174 2307 2230 laborabat

734 2265 963 2320 minime
1008 2264 1299 2335 attigisset,
1339 2263 1616 2332 aSpiciens
1667 2263 1732 2317 ad
1769 2262 1821 2317 id
1857 2264 2003 2334 quod
2042 2263 2303 2334 decebat;

735 2358 929 2413 fuisset
970 2357 1129 2426 plane
1157 2354 1367 2409 homini
1401 2354 1596 2409 inutile
1642 2354 1842 2409 divinae
1869 2355 2093 2410 virtutis
2139 2369 2305 2425 nego-

731 2450 892 2513 tium,
925 2449 983 2503 in
1014 2447 1082 2503 iis
1131 2461 1360 2501 versans
1399 2460 1521 2514 quae
1561 2444 1845 2499 nobiscum
1889 2446 2094 2499 nullam
2143 2445 2307 2500 habe—

732 2541 864 2595 bant
896 2538 1357 2594 communionem.
1384 2535 1442 2590 ln
1483 2533 1772 2591 Divinitat‘e
1808 2536 1949 2592 enim
1981 2552 2135 2607 atque
2170 2535 2304 2591 fuis-

733 2642 818 2688 set
852 2632 1191 2696 indecorum,
1243 2630 1288 2685 si
1331 2629 1551 2699 quidem
1588 2628 1671 2684 fas
1714 2636 1800 2684 est
1833 2629 2059 2683 omnino
2095 2629 2301 2700 aliquid

732 2724 879 2779 aliud
914 2725 1156 2794 cogitare
1203 2721 1544 2787 indecorum,
1585 2727 1783 2790 praeter
1827 2721 2043 2785 vitium,
2083 2721 2131 2776 ei
2183 2722 2305 2791 qui-

735 2815 858 2871 dem
896 2815 989 2885 qui
1032 2813 1235 2884 pusillo
1268 2821 1320 2866 et
1350 2813 1561 2882 abjcclo
1610 2812 1792 2867 animo
1816 2811 2052 2867 divinam
2097 2814 2154 2868 in
2201 2813 2305 2868 hoc

734 2907 923 2963 statuit
953 2905 1290 2973 majestatem
1325 2911 1379 2958 et
1417 2903 1856 2973 amplitudinem,
1907 2904 2051 2974 quod
2103 2916 2305 2961 nostrae

733 3007 946 3056 naturae
1006 2998 1400 3068 proprietatum
1464 2997 1689 3053 minime
1738 2998 1977 3067 aliquam
2037 2999 2305 3069 suscipiat

734 3092 1311 3157 communicationem,
1349 3088 1521 3144 nihilo
1545 3088 1882 3144 tolerabilior
1926 3088 2143 3143 videtur
2182 3104 2304 3144 esse

2408 1907 2742 1981 ραπευθῆναι
2769 1906 2860 1959 τὸν
2899 1905 3195 1977 κάμνοντα.
3232 1905 3305 1976 μὴ
3334 1904 3424 1957 τοῦ
3462 1903 3746 1964 πονοῦντος
3779 1903 3876 1973 μέρ

2410 1998 2711 2063 ἰδιαζόντως
2732 1996 3023 2067 δεξαμένου
3051 1996 3149 2064 τὴν
3168 1996 3329 2050 ἴασιν.
3352 1995 3415 2048 Εἰ
3446 1990 3537 2048 οὗν
3565 1994 3625 2047 τὸ
3655 1994 3753 2064 μὲν
3773 1994 3876 2064 κάρ

2405 2087 2498 2140 ἐπὶ
2546 2087 2647 2157 γῆς
2690 2082 2776 2159 ἦν,
2811 2088 2845 2158 ἡ
2892 2086 2948 2139 δὲ
2987 2083 3106 2139 θεία
3139 2084 3365 2155 δύναμις
3410 2083 3504 2137 τοῦ
3553 2083 3857 2155 κάμνοντος

2406 2178 2670 2248 ἐφήψατο,
2712 2177 2847 2249 πρὸς
2891 2176 2950 2230 τὸ
2985 2176 3183 2246 ἐαυτῆς
3230 2175 3499 2247 βλέπουσα
3531 2176 3762 2245 πρέπον,
3809 2175 3876 2246 ἇχ

2407 2286 2529 2332 στος
2558 2263 2626 2339 ἦν
2660 2267 2737 2339 τῷ
2772 2266 3042 2339 ἀνθρώπῳ
3087 2269 3121 2338 ἡ
3153 2267 3280 2339 περὶ
3306 2267 3375 2321 τά
3418 2268 3580 2339 μηδὲν
3612 2268 3745 2338 ἡμῖν
3776 2271 3876 2320 ἐπιυ

2405 2358 2675 2412 νωνοῦντα
2702 2359 2800 2430 τῆς
2844 2357 2990 2422 θείας
3023 2357 3302 2430 δυνάμεως
3342 2357 3585 2429 ἀσχολία.
3618 2357 3692 2412 Τὸ
3741 2358 3839 2429 μέν
3872 2377 3876 2388 ι

2406 2450 2673 2522 ἀπρεπὲς,
2704 2450 2796 2503 ἐπὶ
2823 2450 2921 2522 τῆς
2943 2449 3203 2521 Θεότητος
3233 2445 3370 2515 ἴσον,
3406 2449 3565 2520 είπερ
3596 2448 3731 2512 ὅλως
3760 2448 3876 2518 θεμι

2405 2541 2553 2593 ἐστιν
2602 2540 2730 2595 ἀλλο
2772 2559 2823 2594 τι
2871 2540 3023 2612 παρά
3061 2540 3160 2614 τὴν
3209 2541 3406 2597 κακίαν
3460 2542 3706 2614 ἀπρεπὲς
3754 2543 3875 2595 ἐννο

2405 2631 2544 2701 πλὴν
2587 2630 2665 2702 τῷ
2721 2631 3069 2704 μικροψύχως
3108 2633 3166 2686 ἐν
3213 2633 3385 2704 τούτῳ
3414 2633 3651 2705 κρίνοντι
3681 2634 3779 2704 τὴν
3828 2631 3876 2685 θι

2406 2720 2819 2793 μεγαλειότητα,
2848 2722 2905 2775 ἐν
2950 2721 3027 2794 τῷ
3057 2722 3132 2794 μὴ
3173 2722 3425 2791 δέξασθαι
3472 2721 3581 2778 τῶν
3619 2722 3719 2791 τῆς
3763 2722 3875 2793 φὺσ

2403 2811 2560 2882 ἡμῶν
2594 2810 2899 2884 ἰδιωμάτων
2927 2812 3025 2884 τὴν
3050 2812 3353 2878 κοινωνίαν,
3384 2813 3535 2868 οὑδέν
3564 2812 3764 2883 μᾶλλον
3802 2832 3876 2866 πα

2407 2901 2654 2975 μυθεῖται
2695 2902 2756 2956 τὸ
2789 2904 2972 2971 ἄδοξον
3006 2904 3243 2976 οὐρανίῳ
3284 2903 3517 2976 σώματι,
3549 2904 3581 2976 ἢ
3626 2904 3854 2976 ἐπιγείῳ

2406 2995 2834 3066 σχηματισθῆναι
2862 2996 2923 3049 τὸ
2945 2996 3117 3050 Θεῖον.
3155 2994 3260 3049 Τοῦ
3291 2996 3398 3069 γὰρ
3426 2995 3647 3066 ὑψίστου
3678 2996 3773 3051 καὶ
3807 2995 3876 3049 ἀπ

2406 3086 2552 3139 σίτου
2588 3087 2728 3141 κατὰ
2754 3087 2814 3140 τὸ
2849 3086 2980 3158 ὕψος
3008 3089 3102 3158 τῆς
3131 3087 3362 3157 φύσεως,
3396 3089 3430 3159 ἡ
3456 3087 3632 3152 κτίσις
3661 3089 3811 3142 πᾶσα
3839 3107 3873 3141 κ

733 3181 1019 3253 turpitudo
1043 3190 1096 3236 et
1121 3180 1383 3244 dedecus,
1420 3179 1566 3250 quod
1610 3179 1755 3234 Deus
1784 3179 2025 3235 caelestis
2056 3180 2304 3250 corporis
2332 3182 2341 3233 l

2267 3182 2304 3236 is
2332 3177 2376 3238 C
2406 3175 2466 3228 τὸ
2488 3171 2604 3229 ἴσον
2645 3177 2736 3233 ἐπὶ
2765 3177 2824 3230 τὸ
2871 3177 3017 3232 κάτω
3056 3178 3351 3251 ἀφέστηκε,
3385 3179 3478 3232 καὶ
3522 3178 3799 3249 όμοτίμως
3829 3196 3875 3232 αι

734 3272 962 3344 figuram
994 3273 1299 3343 susceperit
1340 3287 1502 3342 quam
1544 3271 1846 3328 terrestris.
1879 3271 1960 3325 Ab
2005 3271 2124 3341 ejus
2163 3272 2305 3326 enim

2271 3288 2305 3326 ιι
2404 3267 2466 3320 τὸ
2503 3269 2610 3321 πᾶν
2655 3268 2984 3339 ὑποϐέϐηκε.
3034 3270 3108 3323 Τὸ
3151 3269 3258 3341 γὰρ
3301 3270 3529 3324 καθόλου
3577 3270 3867 3342 ἀπρόσιτον

733 3366 828 3437 qui
877 3373 961 3422 est
1011 3365 1334 3427 altissimus,
1383 3373 1437 3418 et
1488 3364 1555 3418 ad
1595 3364 1752 3433 cujus
1805 3364 2147 3418 altitudinem
2195 3379 2304 3418 non

2273 3379 2304 3418 n
2404 3359 2511 3412 τινὶ
2556 3360 2653 3430 μέν
2682 3361 2796 3413 ἐστι
2829 3361 3101 3432 προσιτὸν,
3129 3360 3207 3431 τῷ
3238 3361 3293 3414 δέ
3334 3362 3782 3433 ἀπροσπέλαστον
3803 3402 3818 3425 ,
3862 3363 3875 3415 ἐ

737 3462 881 3524 patet
915 3453 1117 3514 aditus.
1165 3459 1362 3505 natura
1411 3467 1477 3506 ex
1512 3465 1667 3520 atquo
1717 3452 1883 3505 distat
1941 3454 2119 3506 omnis
2152 3468 2307 3506 crea-

736 3552 880 3609 tura,
913 3548 1118 3597 etsunt
1146 3541 1328 3595 omnia
1373 3541 1421 3596 ei
1467 3540 1752 3611 aequaliter
1790 3540 2054 3610 subjecta.
2089 3542 2218 3595 Nam
2250 3543 2305 3597 id

734 3633 878 3702 quod
911 3641 995 3688 est
1042 3630 1336 3702 ejusmodi,
1387 3638 1447 3684 ut
1492 3631 1556 3686 ad
1607 3631 1658 3684 id
1696 3632 1920 3686 omnino
1971 3648 2079 3686 non
2126 3641 2306 3702 pateat

732 3726 936 3789 aditus,
974 3739 1082 3779 non
1116 3725 1277 3779 alicui
1309 3723 1528 3796 quidem
1574 3724 1778 3796 praebet
1821 3723 2049 3788 aditum,
2101 3726 2305 3797 aliquid

732 3830 861 3869 vero
889 3813 955 3868 ad
984 3813 1161 3883 ipsum
1207 3830 1314 3869 non
1348 3823 1525 3885 porest
1569 3814 2040 3885 appropinquare;
2091 3817 2184 3871 sed
2237 3833 2304 3873 ex

732 3920 889 3975 aequo
924 3905 1180 3960 universa
1216 3920 1336 3975 quae
1374 3912 1523 3967 sunt,
1547 3913 1783 3975 superat
1824 3913 1880 3960 et
1918 3909 2301 3977 supereminet.

732 3995 919 4063 Neque
951 4009 1084 4064 ergo
1122 4002 1269 4049 terra
1303 4002 1388 4051 est
1418 3995 1681 4050 remotior
1716 4011 1746 4050 a
1794 4012 2048 4067 suprema
2098 3999 2189 4055 illa
2219 3999 2304 4055 di-

731 4087 958 4157 gnitate,
1006 4101 1184 4156 neque
1241 4086 1439 4141 caelum
1500 4087 1898 4159 prepinquius;
1946 4104 2123 4160 neque
2174 4109 2299 4163 qua:

733 4177 899 4231 vitam
930 4175 1135 4248 degunt
1164 4176 1219 4231 in
1251 4185 1480 4246 utroque
1513 4177 1800 4244 elemento,
1834 4178 1934 4235 hac
1975 4179 2029 4234 in
2062 4196 2119 4235 re
2141 4183 2302 4252 quid«

733 4284 896 4339 quam
924 4284 953 4323 a
995 4284 1055 4324 se
1082 4269 1315 4323 invicem
1345 4267 1626 4332 differunt,
1662 4279 1722 4324 ut
1752 4270 1855 4324 alia
1887 4271 2104 4343 quidem
2139 4274 2304 4328 attin-

728 4369 861 4432 gant
901 4370 1155 4415 naturam
1188 4359 1256 4413 ad
1298 4374 1590 4432 quamnon
1619 4369 1765 4430 patet
1792 4363 1990 4429 aditus,
2037 4363 2142 4418 alia
2173 4379 2302 4420 vero

729 4374 861 4432 μοι
901 4374 1155 4415 naturam
1188 4374 1256 4413 ad
1298 4374 1402 4429 qua
1483 4375 1590 4414 non
1619 4374 1765 4430 patet
1792 4374 1990 4429 aditus,
2037 4374 2142 4418 alia
2173 4379 2299 4420 vero

729 4451 801 4506 ab
849 4466 913 4507 ea
968 4458 1346 4506 secernantur.
1406 4374 1548 4505 1ίὲιιιιι
1618 4453 1699 4507 sic
1752 4453 1968 4521 quidem
2019 4457 2299 4511 existima-

729 4557 938 4605 remus,
968 4542 1079 4596 vim
1109 4543 1258 4596 illam
1303 4556 1367 4595 ac
1398 4548 1722 4611 potestatem
1762 4557 1884 4611 quae
1914 4545 2098 4598 omnia
2122 4545 2301 4599 conti-

731 4642 848 4696 net,
901 4648 1011 4687 non
1047 4649 1113 4688 ex
1163 4648 1318 4702 aequo
1366 4647 1463 4702 per
1491 4631 1673 4687 omnia
1720 4632 2053 4703 pervadere;
2105 4636 2199 4689 sed
2245 4636 2297 4690 in

729 4725 854 4779 aliis
912 4723 1133 4794 quidem
1181 4738 1301 4777 eam
1369 4737 1499 4777 esse
1542 4722 2028 4791 abundantiorem;
2079 4724 2133 4779 in
2179 4726 2302 4783 aliis

726 4826 860 4867 vero
889 4812 1061 4883 magis
1090 4809 1320 4865 deficere
1340 4827 1355 4876 ;
1378 4820 1429 4864 et
1464 4824 1531 4864 ex
1566 4810 1794 4879 majoris
1826 4810 2164 4882 minorisque
2198 4812 2304 4869 dif-

731 4900 957 4956 ferentia
990 4899 1325 4969 compositus
1351 4914 1416 4955 ex
1446 4900 2105 4971 consequentiapparebit
2134 4902 2300 4971 Deus,

731 5000 790 5042 ut
838 4992 933 5060 qui
980 4990 1084 5047 sibi
1111 4990 1215 5060 ipsi
1274 5006 1383 5045 non
1422 4992 1733 5052 conveniat.
1787 4993 2058 5062 siquidem
2107 4995 2300 5066 procul

728 5096 851 5137 esse
899 5096 931 5136 a
986 5081 1150 5136 nobis
1190 5081 1536 5138 existimetur
1573 5084 1786 5139 ratione
1838 5092 2080 5153 naturae;
2134 5086 2298 5142 alicui

729 5180 910 5227 autem
961 5173 1051 5227 alii
1097 5173 1563 5244 apprOpiuquans,
1614 5190 1679 5229 ex
1709 5188 1775 5230 eo
1820 5175 1963 5243 quod
1999 5190 2164 5247 prope
2203 5177 2295 5241 sit,

729 5262 887 5317 facile
916 5265 1093 5335 possit
1121 5265 1472 5336 apprehendi.
1511 5263 1617 5321 Sed
1651 5281 1777 5321 vera
1805 5268 1967 5333 ratio,
1993 5270 2048 5324 in
2080 5270 2300 5326 excelsa

726 5362 782 5408 et
811 5354 1031 5409 sublimi
1071 5357 1162 5411 illa
1189 5358 1535 5420 auctoritate.
1564 5372 1743 5429 neque
1777 5359 2034 5416 deorsum
2075 5360 2296 5431 aspicit,

727 5459 905 5514 neque
925 5459 1145 5502 sursum
1180 5465 1278 5520 per
1303 5452 1788 5520 comparationem.
1825 5450 2019 5507 Omnia
2047 5450 2191 5506 enim
2224 5467 2292 5506 ex

723 5549 882 5605 nequo
913 5546 1043 5589 sunt
1080 5539 1324 5608 subjecta
1356 5542 1609 5612 potestati
1639 5542 1717 5597 illi
1752 5558 1873 5613 qum
1897 5552 2093 5612 praeest
2116 5542 2297 5597 omni-

2405 3451 2599 3520 ἐπίσης
2629 3453 2842 3506 πάντων
2875 3452 2982 3504 τῶν
3020 3452 3187 3505 ὄντων
3224 3453 3683 3525 ὑπερανέστηκεν.
3716 3453 3852 3509 Οὔτε

2403 3542 2436 3613 ἡ
2474 3544 2542 3612 γῆ
2580 3543 2904 3616 πορρωτέρω
2937 3544 3032 3614 τῆς
3060 3542 3214 3610 ἀξίας
3245 3544 3379 3609 ἐστὶ,
3418 3544 3539 3598 οὔτε
3582 3547 3811 3621 οὐρανὸς
3839 3566 3876 3599 π

2395 3635 2698 3707 σιέστερος,
2728 3635 2850 3689 οὔτε
2877 3635 2946 3689 τὰ
2980 3638 3038 3689 ἐν
3072 3636 3315 3708 ἐκατέρῳ
3336 3636 3443 3690 τῶν
3473 3639 3752 3709 στοιχείων
3782 3641 3870 3693 sva

2403 3725 2642 3797 τώμενα,
2665 3726 2910 3798 διαφέρει
2938 3746 2991 3781 τι
3019 3727 3261 3798 ἀλλήλων
3292 3731 3348 3782 ἐν
3375 3728 3451 3800 τῷ
3488 3728 3553 3800 μέ
3565 3747 3645 3801 ρει
3672 3730 3873 3802 τούτῳ,

2403 3817 2471 3871 τά
2499 3817 2597 3889 μὲν
2625 3818 2960 3888 ἐφάπτεσθαι
2982 3820 3079 3889 τῆς
3099 3819 3391 3890 ἀπροσίτου
3420 3819 3650 3890 φύσεως.
3672 3820 3743 3874 τὰ
3766 3821 3821 3874 δέ
3849 3822 3876 3874 ἀ

2403 3908 2700 3981 κρίνεσθαι,
2732 3909 2766 3979 ἢ
2796 3908 2920 3963 οὔτε
2949 3910 3000 3979 γ’
3024 3910 3087 3965 ἂν
3120 3913 3255 3983 μήτε
3287 3912 3375 3966 διὰ
3412 3914 3626 3967 πάντων
3667 3914 3862 3985 ἐπίσης

2403 3998 2562 4070 ήκειν
2585 3999 2684 4071 τὴν
2715 3999 2776 4052 τὸ
2810 4001 2915 4054 πᾶν
2953 4000 3350 4073 ἐπικρατοῦσαν
3376 4002 3602 4075 δύναμιν
3648 4005 3876 4075 ὑπονοήο

2407 4108 2526 4162 μεν,
2556 4091 2669 4146 ἀλλ’
2699 4092 2756 4145 ἐν
2795 4112 2905 4148 τισι
2940 4094 3356 4159 πλεονάζουσαν,
3389 4096 3445 4150 ἐν
3472 4096 3678 4167 ἐτέροις
3708 4097 3876 4150 ἐνδεεο

2407 4197 2504 4252 ραν
2534 4178 2692 4245 εἶναι,
2728 4184 2821 4237 καὶ
2842 4186 2908 4256 τῇ
2947 4185 3081 4255 πρὸς
3110 4185 3169 4239 τὸ
3206 4185 3425 4240 ἔλαττόν
3461 4203 3520 4240 τε
3560 4187 3652 4239 καὶ
3689 4186 3847 4239 πλέον

2401 4265 2563 4343 ἦττον
2607 4274 2841 4347 διαφορᾷ
2878 4276 3131 4329 σύνθετον
3172 4277 3236 4331 ἐκ
3280 4277 3373 4332 τοῦ
3402 4278 3690 4333 ἀκολούθου
3720 4279 3780 4333 τὸ
3816 4279 3876 4333 Θε

2401 4363 2827 4435 ἀναφανήσεται,
2856 4366 2986 4419 αὑτὸ
3011 4366 3147 4439 πρὸς
3175 4368 3337 4422 ἐαυτδ
3370 4369 3442 4441 μὴ
3466 4370 3777 4441 συμϐαῖνοθ,
3812 4372 3876 4425 είς

2403 4453 2558 4523 ἡμῶν
2593 4453 2872 4525 πόρρωθεν
2924 4456 3201 4511 ὑπονοοῖτο
3249 4456 3386 4514 εἶναι
3431 4459 3507 4531 τῷ
3558 4461 3700 4533 λόγῳ
3743 4464 3876 4533 τῆς‹

2407 4560 2544 4608 σεως
2565 4562 2579 4577 '
2620 4546 2791 4617 ἑτέρῳ
2818 4548 2875 4602 δέ
2904 4566 3009 4603 τινι
3047 4551 3315 4618 γειτνιῶν,
3359 4554 3451 4607 καὶ
3484 4553 3745 4625 εὑληπτος
3782 4557 3843 4608 ἐκ
3873 4580 3876 4588 ~

2407 4635 2669 4706 σύνεγγυς
2722 4640 2976 4708 γίγνοιτο.
3026 4642 3163 4695 Ἀλλ’
3202 4645 3230 4696 ό
3271 4644 3475 4715 ἀληθὴς
3525 4646 3679 4715 λόγος
3732 4648 3820 4701 ἐπὶ
3869 4667 3876 4683 ε

2400 4726 2611 4798 ὑψηλῆς
2651 4730 2829 4797 ἀξίας,
2879 4730 3000 4785 οὔτε
3049 4734 3199 4788 κάτω
3238 4733 3421 4805 βλέπει
3469 4735 3557 4790 διὰ
3609 4740 3876 4807 συγκρίσει

2398 4818 2522 4874 οὑτε
2554 4821 2685 4877 ἄνω.
2718 4823 2902 4877 Πάντα
2944 4824 3052 4895 γάρ
3079 4825 3221 4879 κατά
3266 4825 3325 4879 τὸ
3362 4822 3481 4881 ἴσον
3511 4827 3609 4898 τὴν
3646 4831 3736 4886 τοῦ
3772 4847 3875 4882 παν

2400 4910 2794 4969 ἐπιστατοῦσαν
2815 4914 3043 4987 δύναμιν
3066 4915 3423 4987 ὑποϐέϐηκεν.
3468 4918 3628 4972 Ὥστε
3656 4919 3702 4971 εί
3730 4918 3824 4990 τὴν
3847 4922 3870 4973 ἐ

2399 5020 2547 5073 γειον
2600 5004 2761 5074 φύσιν
2812 5006 3036 5072 ἀναξίαν
3077 5008 3176 5078 τῆς
3226 5007 3361 5079 πρὸς
3402 5009 3463 5062 τὸ
3500 5008 3651 5063 Θείον
3698 5012 3874 5082 οίήσον

2400 5095 2734 5167 συμπλοκῆς,
2762 5097 2871 5150 οὐδ’
2889 5098 2953 5152 ἂν
2970 5097 3102 5170 ἄλλη
3122 5116 3211 5163 τις
3240 5100 3485 5172 εὑρεθείη
3508 5117 3559 5154 τι
3584 5100 3729 5166 ἀξιον
3749 5101 3876 5173 ἐχουα

2398 5183 2461 5237 Ei
2486 5182 2544 5236 δὲ
2570 5185 2764 5255 ἐπίσης
2792 5185 2969 5239 πάντα
2989 5187 3088 5259 τῆς
3105 5187 3257 5256 ἀξίας
3285 5188 3736 5261 ἀπολιμπάνεται,
3763 5195 3871 5263 ἐμπ

2398 5290 2500 5327 πον
2545 5275 2662 5328 ἐστὶ
2694 5275 2772 5346 τῷ
2802 5276 2922 5348 Θεῷ
2955 5278 3016 5332 τὸ
3046 5279 3353 5351 εὑεργετείν
3396 5281 3484 5335 τὸν
3522 5282 3799 5353 δεόμενον*
3830 5284 3876 5337 ὃς

2397 5364 2580 5419 τοίνυν
2607 5361 2674 5437 ἦν
2707 5368 2741 5438 ἡ
2768 5368 2940 5435 νόσος,
2971 5370 3088 5423 ἐκεῖ
3121 5371 3373 5441 φοιτῆσαι
3408 5371 3507 5443 τὴν
3543 5375 3771 5445 ίωμένην
3809 5374 3876 5427 δύ·

2404 5470 2496 5524 μιν
2525 5454 2932 5524 ὁμολογοῦντες,
2953 5458 3007 5511 τί
3034 5458 3138 5525 ἔξω
3162 5460 3262 5531 τῆς
3286 5458 3625 5533 θεοπρεποῦς
3649 5461 3876 5532 ὑποληψε

2401 5544 2845 5614 πεπιστεύκαμεν
2860 5564 2876 5612 ;

725 5628 849 5682 bus.
915 5625 1287 5691 Quamobrem
1323 5634 1369 5687 si
1439 5641 1753 5691 terrestrem
1834 5641 2087 5688 naturam
2150 5635 2554 5690 existimabunt
2587 5637 2866 5709 indignam
2913 5655 3036 5711 qum
3071 5656 3195 5696 cum
3230 5641 3341 5699 Deo
3391 5648 3758 5709 connectatur,
3784 5657 3876 5711 neq

725 5722 837 5780 ulla
881 5721 1187 5779 invenietur
1236 5725 1417 5795 digna.
1475 5729 1630 5795 Quod
1680 5732 1724 5787 si
1777 5744 1842 5785 ex
1888 5744 2044 5800 aequo
2105 5729 2288 5784 omnia
2327 5739 2455 5787 sunt
2498 5730 2768 5800 indigna:
2837 5748 3007 5792 unum
3066 5744 3342 5807 superest,
3390 5738 3538 5809 quod
3589 5735 3695 5791 Deo
3758 5750 3876 5791 com
