2036 3106
331 188 366 216 :15
953 181 982 208 s.
997 172 1136 208 curauit

1178 175 1318 205 \‘YSSENI
1925 174 1946 199 7t

331 250 379 272 tur
393 245 488 274 oratio,
504 250 600 277 nempe
614 241 684 276 quod
696 248 741 276 per
758 240 930 275 sapientiam,
944 244 969 266 et
982 239 1042 272 ejus
1053 238 1123 272 quod

1178 236 1281 270 γέγονε,
1295 233 1342 261 καὶ
1358 233 1404 259 τοῦ
1421 231 1619 263 λυσιτελοῦντος
1632 232 1663 266 τῇ
1682 231 1759 265 τρύσει
1777 230 1929 266 προμηθείᾳ

334 294 435 317 nostrm
462 292 565 314 natm-xu
585 286 713 313 conducit
736 292 831 311 curam
856 291 888 311 ac
911 283 1122 318 providentiam,

335 332 459 361 beneficii
486 333 511 357 in
539 339 589 357 nos
614 330 704 357 collati
724 329 794 356 facta
817 328 867 355 fuit
890 326 1075 355 dilatio.Nam
1095 327 1123 354 in

335 379 439 407 morbis
456 377 644 412 corporalibus
661 375 770 410 quando
795 374 893 409 aliquis
910 374 1007 400 humor
1025 378 1124 407 pravus

335 430 362 452 et
376 428 522 459 corruptus
539 422 633 457 irrepit
647 421 679 448 ad
696 428 798 455 peros;
811 420 970 454 priusquam
985 418 1012 444 in
1031 423 1126 451 super-

338 472 397 498 fit-ie
419 473 541 505 apertum
563 468 644 494 fuerit
663 466 795 502 quidquid
815 468 857 492 est
874 469 971 499 prteler
988 467 1124 493 naturam,

337 517 443 552 corpori
469 514 665 543 condcnsnntia
683 520 736 539 non
757 511 887 539 adhibent
917 509 1125 538 medicamenta,

339 565 355 590 ii
373 564 417 598 qui
434 562 557 589 medendi
574 559 678 586 morbis
701 562 787 584 artem
805 556 968 592 profitentur
988 562 994 581 :
1013 553 1060 581 sed
1080 561 1127 580 ex—

338 611 462 643 spectant
475 608 560 633 donec
577 609 654 632 extra
670 604 801 639 prodierit
813 602 944 637 quidquid
963 601 1127 627 intrinsecus

338 657 366 681 in
386 653 440 680 imo
455 651 608 680 delitescit:
628 650 664 676 ita
682 648 761 676 nuda:
775 646 912 674 alfectioni
929 645 1058 672 adhibent
1073 651 1128 670 me-

338 699 468 727 dicinam.
483 697 630 731 Postquam
646 702 711 730 ergo
724 694 851 721 humanze
868 696 971 719 natura:
988 690 1071 718 semel
1087 691 1128 717 in-

339 744 435 772 cubuit
452 743 564 770 morbus
581 741 650 774 vitii,
666 740 834 775 exspectavit
850 737 972 765 modicus
989 736 1125 763 univcrsi-

339 792 417 823 tatis,
430 794 460 817 ut
475 789 579 816 nullum
595 791 668 815 esset
690 787 824 821 reliquum
838 792 924 820 genus
938 784 997 811 vitii
1015 782 1129 810 immisti

330 842 455 865 .naturze.
473 835 620 870 Propterea
640 840 694 860 non
709 832 801 859 statim
818 835 879 866 post
903 830 1042 860 invidiam,
1059 832 1086 855 et
1114 835 1130 854 a

340 883 408 911 Cain
424 882 522 909 factam
541 880 635 907 fratris
647 878 748 906 caedem
765 876 867 905 homini
888 875 999 902 adhibet
1016 873 1130 901 medici—

1174 281 1242 316 πρὸς
1264 280 1312 314 τὴν
1337 278 1496 312 εὐεργεσίαν
1518 277 1596 312 ἡμῶν
1617 276 1743 311 ἀναϐολή.
1763 276 1818 302 Καὶ
1841 276 1893 311 γὰρ
1916 277 1946 302 En

1175 327 1228 353 τῶν
1245 323 1408 361 σωματικῶν
1423 323 1593 358 νοσημάτων.
1611 323 1674 349 ὅταν
1695 331 1735 352 τις
1754 321 1900 357 διεφθορὼς
1915 331 1946 356 χυ

1178 372 1227 407 μὸς
1247 371 1357 406 ὐφέρπῃ
1379 369 1489 405 πόρους,
1505 370 1569 405 πρὶν
1588 369 1661 396 ἆπαν
1683 369 1729 395 ἐπὶ
1752 368 1800 403 τὴν
1817 367 1946 402 ἐμφάνεια

1177 415 1382 450 ὲκκαλυφθῆναι
1397 415 1470 449 παρὰ
1481 414 1561 448 φύσιν
1570 415 1736 449 ἐγκείμενον,
1746 413 1777 439 οὐ
1785 421 1946 448 καταφαρμο

1177 462 1286 489 κεὺεται
1306 462 1363 492 τοῖς
1384 460 1513 486 πνκνοῦσι
1531 460 1560 487 τὸ
1582 461 1661 495 σῶμα
1675 459 1749 494 παρὰ
1770 458 1824 485 τῶν
1834 459 1946 494 τεχνικῶ

1180 507 1377 543 μεθοδευόντων
1392 506 1426 532 τὶ
1449 505 1520 540 πάθη
1531 514 1538 521 ’
1549 505 1616 532 ἀλλὰ
1631 505 1740 540 μένουσι
1754 504 1786 531 τὸ
1805 503 1946 539 ὲνδομυχοῦ

1178 554 1251 581 ἅπαν
1266 553 1318 586 ἔξω
1335 552 1470 587 γενέσθαι,
1493 552 1540 579 καὶ
1562 551 1634 578 οὕτω
1647 549 1796 586 γυμνῷτῷ
1818 550 1897 576 πάθει
1916 551 1946 585 τὴ

1180 599 1301 634 ίατρείαν
1316 599 1506 633 προσάγουσιν.
1526 597 1635 633 Ἐπειδὴ
1647 598 1735 623 τοίνυν
1748 596 1819 629 amas
1834 596 1946 630 évéoxrd

1178 646 1211 680 τῇ
1225 644 1303 679 φύσει
1317 645 1366 679 τῆς
1382 643 1589 680 ἀνθρωπότητος
1604 645 1620 678 ἡ
1634 643 1683 678 τῆς
1696 643 1795 673 κακίας
1808 642 1892 673 νόσος,
1906 642 1946 668 ἀνέ

1183 701 1262 728 μενεν
1284 693 1298 718 ὁ
1316 692 1363 718 τοῦ
1382 692 1481 722 παντὸς
1499 691 1678 726 θεραπευτὴς,
1700 690 1783 725 μηδὲν
1807 688 1946 723 ὑπολειᾳθί

1182 747 1224 765 ναι
1241 739 1290 773 τῆς
1317 738 1450 773 πονηρίας
1477 735 1545 768 εἶδος
1567 736 1790 771 ἐγκεκρυμμένον
1817 737 1848 770 τῇ
1877 735 1941 768 φῦσε

1180 784 1229 811 Διὰ
1240 784 1319 811 τοῦτο
1329 784 1380 810 οὐκ
1389 783 1468 815 εὐθὺς
1482 783 1550 818 μετὰ
1563 783 1608 809 τὸν
1622 783 1727 817 φθόνον,
1739 783 1785 808 καὶ
1798 781 1845 816 τὴν
1857 781 1946 815 ἀδελᾳε

1182 831 1291 858 κτονίαν
1306 830 1354 857 τοῦ
1374 831 1444 857 Κάῖν
1466 831 1598 865 προσάγει
1617 828 1655 864 τῷ
1677 828 1814 863 ἀνθρώπῳ
1827 827 1874 863 τὴν
1890 827 1946 861 θερε

1184 876 1279 902 πείαν·
1294 875 1370 910 οὔπω
1383 876 1436 911 γὰρ
1451 875 1503 902 τῶν
1517 875 1563 902 ἐπὶ
1577 875 1638 901 Νῶε
1652 874 1880 909 καταφθαρέντων
1892 875 1907 908 ἡ
1921 883 1946 899 κε

341 936 421 961 nam;
440 926 561 955 nondum
576 925 649 953 enim
669 925 696 952 in
713 924 774 950 luce
792 922 948 958 prodierant
964 921 1066 948 scelera
1084 927 1130 946 eo—

1181 922 1226 949 κία
1245 921 1406 956 ἐξέλαμψεν,
1424 922 1484 948 οὐδὲ
1501 921 1551 956 τῆς
1573 921 1748 955 Σοδομιτικῆς
1769 920 1937 955 παρανομίας

342 981 402 1000 rum
418 973 463 1007 qui
484 971 579 998 Noemi
611 974 733 1004 tempore
749 969 889 1003 perierunt
905 976 913 999 ;
930 973 979 994 nec
1005 965 1131 992 Sodomi-

343 1020 401 1046 πίω)
416 1017 569 1052 iniquitatis
587 1015 769 1050 gravissimus
785 1013 830 1040 ille
855 1014 968 1039 morbus
985 1014 1068 1045 caput
1082 1017 1131 1036 ex-

342 1068 472 1096 crucrat;
490 1070 577 1098 neque
595 1060 786 1096 Aigyptiorum
816 1058 950 1086 adversus
969 1057 1052 1084 Deum
1083 1064 1133 1090 pu-

342 1119 409 1143 tum,
434 1117 521 1144 neque
552 1107 730 1142 Assyriorum
761 1105 909 1140 superbia,
942 1110 992 1130 ncc
1019 1105 1133 1129 cruenta

343 1154 541 1183 Juxta-eruntin
563 1153 609 1179 Dei
630 1155 741 1179 sant-tos
760 1150 862 1177 stevitia
875 1169 881 1181 ,
912 1155 999 1183 neque
1030 1146 1134 1173 nefaria

345 1201 380 1227 ab
395 1198 502 1226 llerode
512 1197 584 1224 facta
600 1195 687 1223 egedes
702 1194 847 1222 inf.mtium
864 1212 871 1225 ,
889 1200 939 1219 nec
965 1197 1135 1226 quaecunque

345 1246 398 1273 alia
417 1245 569 1272 litterarum
585 1241 769 1269 monumentis
785 1244 849 1268 sunt
864 1239 1002 1270 mandata,
1017 1242 1044 1265 et
1061 1244 1134 1272 quae-

345 1298 453 1325 cunque
472 1290 499 1317 in
516 1288 659 1324 gentilium
683 1287 799 1314 historia
820 1284 1052 1319 consequentibus
1083 1291 1133 1309 sa:-

346 1337 415 1371 culis
431 1339 506 1371 gesta
522 1337 687 1365 narrantur,
701 1340 763 1359 cum
779 1333 804 1358 in
832 1331 919 1358 libero
935 1329 1075 1356 hominum
1091 1336 1135 1355 ar-

347 1383 428 1410 bitrio
444 1380 620 1408 multifariam
638 1378 786 1412 multisque
803 1376 890 1403 modis
905 1375 1073 1411 germinarct
1090 1381 1134 1401 ra-

347 1430 392 1457 dix
407 1428 477 1456 vitii.
491 1427 638 1461 Postquam
667 1431 732 1459 ergo
749 1423 845 1450 vitium
868 1421 990 1457 pervenit
1010 1421 1043 1447 ad
1060 1427 1134 1447 sum-

347 1482 433 1505 nuun,
451 1479 500 1500 nec
514 1474 572 1499 erat
589 1469 670 1496 ullum
688 1475 774 1503 genus
797 1466 920 1496 sceleris,
938 1464 1012 1500 quod
1040 1464 1135 1490 admit-

348 1526 405 1547 tere
420 1526 474 1546 non
490 1516 549 1544 ausi
564 1518 655 1543 essent
671 1513 806 1544 homines,
822 1517 850 1539 ιιι
868 1519 915 1546 per
941 1517 1048 1538 omnem
1082 1510 1272 1544 aegritudinem
1309 1512 1471 1547 pervaderet
1504 1513 1649 1545 medicina,

349 1565 534 1600 incipientem,
549 1561 596 1590 sed
607 1562 662 1595 jam
679 1559 830 1595 perfectum
847 1558 970 1585 morbum
987 1560 1075 1584 curat.

632 1606 745 1635 CAPUT
765 1605 852 1632 XXX.

387 1658 414 1685 Si
426 1656 487 1693 quis
501 1659 590 1683 autem
604 1654 743 1682 existimat
754 1660 783 1680 se
794 1659 874 1687 posse
888 1650 1011 1678 refellere
1025 1650 1050 1676 id
1064 1648 1137 1683 quod

350 1704 477 1734 dicimus,
502 1701 631 1737 quoniam
658 1699 739 1727 etiam
758 1702 902 1733 postquam
936 1696 988 1723 fuit
1016 1695 1137 1722 adhibita

351 1748 496 1781 medicina,
514 1745 644 1782 peccandi
664 1744 784 1772 nondum
814 1743 893 1770 tinent
926 1741 993 1769 facit
1018 1741 1138 1768 humana

350 1795 406 1821 vita
419 1815 426 1826 ,
450 1793 473 1820 is
488 1792 579 1827 aliquo
594 1794 658 1818 noto
678 1793 704 1818 et
722 1788 850 1816 familiari
867 1787 990 1822 exemplo
1022 1786 1140 1813 deduca-

352 1846 398 1869 tur
412 1840 445 1868 ad
471 1840 622 1867 veritatem.
641 1835 785 1870 Quomodo
799 1835 871 1863 enim
892 1833 920 1861 in
948 1837 1086 1868 serpente,
1117 1833 1139 1859 si

352 1886 523 1915 mortiferum
538 1884 648 1919 aliquod
661 1883 761 1910 vulnus
777 1882 805 1908 in
817 1880 906 1916 capite
921 1878 1069 1914 acceperit,
1086 1886 1140 1905 non

353 1930 540 1964 statim,simul
554 1937 616 1956 cum
632 1928 721 1963 capite
740 1931 826 1954 morte
848 1925 963 1952 aflicitur
988 1925 1068 1952 etiam
1094 1923 1140 1958 qui

354 1987 424 2013 pone
436 1982 477 2005 est
491 1979 606 2007 tractus,
622 1974 669 2002 sed
692 1976 831 2000 mortuum
847 1970 958 2006 quidem
976 1974 1019 1997 est
1046 1973 1139 2004 caput,

353 2024 442 2051 cauda
456 2027 545 2050 autem
563 2020 675 2057 proprio
691 2019 784 2047 animo
800 2017 890 2045 adhuc
908 2020 950 2045 est
966 2016 1096 2047 animata,
1115 2019 1141 2043 et

353 2069 429 2097 vitali
448 2068 546 2096 virtute
562 2073 615 2094 non
633 2069 676 2093 est
692 2064 798 2100 privata
816 2072 822 2089 :
844 2063 881 2090 ita
903 2061 985 2089 etiam
1013 2061 1077 2088 licet
1098 2060 1140 2087 vi-

355 2117 420 2143 dero
434 2114 530 2141 vitium
547 2112 655 2141 letifero
667 2110 778 2146 quidem
793 2109 907 2136 vulnere
927 2106 1093 2138 confectum.
1114 2107 1140 2133 in

355 2161 414 2189 suis
428 2165 517 2187 autem
532 2157 656 2193 reliquiis
669 2157 732 2184 vitae
757 2155 887 2184 exhibere
905 2153 1068 2181 molestiam.
1089 2152 1141 2179 Sed

355 2214 418 2235 cum
435 2204 559 2241 mysterii
578 2203 710 2230 rationem
724 2201 751 2228 in
763 2200 808 2229 his
830 2198 1028 2235 reprehendere
1057 2197 1143 2225 desie-

356 2253 422 2284 rint,
439 2258 536 2279 rursus
552 2248 744 2278 criminantur,
761 2245 833 2281 quod
852 2245 919 2273 fides
944 2253 999 2272 non
1019 2252 1067 2279 per
1082 2251 1141 2270 om-

1182 967 1286 1002 χαλεπὴ
1301 967 1377 998 νόσος
1397 967 1569 1002 ἀνεκαλύφθη
1581 975 1587 981 ·
1604 967 1620 1002 ἢ
1641 967 1700 993 οὐδὲ
1716 967 1732 1002 ἡ
1749 966 1802 992 τῶν
1816 966 1945 1000 Αἰγυπτίαν

1183 1013 1326 1048 θεομαχία,
1342 1013 1428 1048 esset)
1444 1013 1498 1039 τῶν
1516 1012 1665 1047 Ἀσσυρίων
1679 1011 1861 1047 ὑπερηφανία,
1876 1011 1934 1037 οὐδὲ

1183 1058 1230 1084 τοῦ
1253 1058 1372 1093 Ἡρώδου
1393 1058 1551 1094 παράνομος
1577 1057 1744 1092 παιδοφονία,
1765 1058 1824 1084 οὐδὲ
1849 1057 1882 1083 τὰ
1906 1057 1946 1082 ἄλ)

1185 1104 1273 1130 πάντα
1293 1104 1343 1131 ὅσα
1364 1113 1392 1130 τε
1412 1105 1620 1139 μνημονεύεται,
1641 1104 1685 1130 καὶ
1708 1104 1756 1130 ὅσα
1774 1103 1825 1136 ἔξω
1838 1103 1885 1137 τῆς
1901 1103 1946 1128 ἐστι

1188 1150 1246 1184 pia;
1262 1150 1290 1175 ἐν
1302 1151 1362 1181 ταῖς
1380 1150 1497 1184 καθεξῆς
1510 1151 1616 1183 γενεαῖς
1631 1149 1807 1184 κατεπράχθη
1819 1157 1826 1164 ·
1843 1148 1943 1182 πολυτρ

1186 1202 1244 1225 πως
1258 1194 1307 1228 τῆς
1318 1194 1364 1220 τοῦ
1378 1194 1463 1220 κακοῦ
1477 1193 1555 1229 ῥίζης
1567 1195 1595 1219 ὲν
1607 1195 1666 1225 ταῖς
1679 1194 1733 1220 τῶν
1747 1192 1897 1227 ἀνθρώπων
1910 1201 1946 1225 πρ

1185 1239 1306 1274 αιρέσεσι
1327 1239 1535 1275 βλαστανούσης.
1556 1239 1632 1266 Ἐπεὶ
1646 1237 1692 1266 οὖν
1706 1239 1774 1274 προς
1784 1239 1814 1265 τὸ
1826 1239 1939 1273 ἀκρότατ

1186 1284 1287 1317 ἕςιοκσε
1304 1284 1401 1319 μέτρον
1416 1285 1432 1320 ἡ
1451 1285 1545 1314 κακία,
1557 1285 1603 1311 καὶ
1618 1284 1692 1310 οὐδὲν
1706 1284 1745 1310 ἔτι
1762 1283 1892 1318 πονηρίας
1907 1281 1944 1308 eis

1187 1330 1215 1355 ὲν
1234 1331 1288 1361 τοῖς
1312 1330 1465 1366 ἀνθρώποις
1480 1331 1630 1365 ἀτόλμητον
1644 1329 1687 1365 ἦν,
1710 1330 1748 1361 ὡς
1773 1329 1804 1356 ἂν
1818 1329 1861 1355 διὰ
1885 1329 1946 1354 “nia

1187 1376 1236 1410 τῆς
1246 1376 1400 1411 ἀρρωστίας
1415 1377 1616 1412 προχωρήσειεν
1629 1377 1646 1411 ἡ
1666 1376 1806 1411 Θεραπεία,
1822 1377 1913 1401 τούτου
1929 1384 1943 1408 χ

1191 1429 1232 1456 ριν
1246 1421 1296 1447 οὐκ
1312 1422 1477 1457 ἀρχομένην,
1491 1422 1558 1449 ἀλλὰ
1569 1422 1757 1448 τελειωθεῖπαν
1773 1421 1915 1457 θεραέύει
1928 1429 1946 1445 τ⁴

1192 1471 1279 1492 νοσον.

1687 1520 1719 1540 ea
1747 1513 1780 1540 de
1808 1520 1889 1540 causa
1922 1519 1946 1537 ιιι

1489 1604 1613 1631 ΚΕΨΑΑ.
1635 1606 1662 1631 Λ¹
1668 1624 1676 1631 .

1228 1650 1258 1676 ΕΞ
1273 1650 1302 1677 δέ
1321 1659 1362 1682 τις
1383 1650 1503 1686 ἐλέγχειν
1520 1651 1604 1678 οἴεται
1620 1651 1665 1677 τὸν
1686 1650 1820 1685 ἡμέτερον
1834 1649 1920 1684 λόγον.
1938 1650 1946 1676 ξ

1192 1695 1239 1720 καὶ
1256 1695 1324 1729 μετά
1340 1695 1370 1721 τὸ
1394 1695 1582 1730 προσαχθῆναι
1597 1696 1646 1731 τὴν
1668 1695 1813 1731 θεραπείαν
1830 1695 1870 1721 ἔτι
1890 1695 1941 1729 πλη

1194 1741 1314 1776 μελείται
1330 1742 1374 1769 διὰ
1397 1743 1451 1770 τῶν
1472 1743 1678 1778 ἁμαρτημάτων
1692 1743 1706 1768 ὁ
1727 1741 1895 1777 ἀνθρώπινος
1911 1741 1946 1775 βίη

1194 1788 1372 1823 ὑποδείγματι
1389 1797 1440 1815 τινι
1455 1789 1508 1814 τῶν
1522 1788 1666 1822 γνωρίμων
1680 1787 1840 1822 ὀδηγηθήτω
1850 1787 1915 1822 πρὸ;
1928 1795 1942 1812 τ

1193 1833 1331 1868 ἀλήθειαν.
1349 1834 1455 1869 Ὥσπερ
1469 1833 1523 1868 γὰρ
1538 1833 1584 1859 ἐπὶ
1601 1832 1647 1858 τοῦ
1667 1832 1755 1866 ὄφεως
1773 1833 1796 1858 εί
1814 1832 1884 1859 κατὰ
1899 1841 1946 1865 xz;

1193 1878 1242 1914 λῆς
1257 1879 1305 1914 τὴν
1328 1879 1438 1915 καιρίαν
1454 1878 1541 1910 λάϐοι,
1557 1878 1607 1904 οὐκ
1630 1878 1711 1908 εὐθὺς
1734 1877 1928 1911 συννεκροῦται

1194 1925 1297 1960 κεφαλῇ
1315 1925 1361 1951 καὶ
1373 1925 1387 1951 ὁ
1406 1924 1520 1951 κατόπιν
1535 1923 1621 1955 ὁλκὸς,
1634 1923 1691 1949 ἀλλ’
1706 1924 1723 1958 ἡ
1740 1922 1789 1958 μὲν
1806 1922 1933 1955 τέθνηκε,

1194 1971 1221 1997 δὲ
1236 1971 1330 2006 οὐρέον
1346 1970 1386 1997 ἐτι
1400 1970 1536 2005 ὲψύχωται
1549 1969 1588 2004 τῷ
1603 1969 1659 2004 ίδὶῳ
1670 1969 1701 1995 ου
1706 1969 1758 2004 μῷ,
1772 1969 1820 1995 καὶ
1834 1968 1883 2003 τῆς
1900 1969 1946 2000 ξω·

1194 2016 1245 2051 κῆς
1258 2015 1398 2050 δυνάμεως
1420 2015 1470 2041 οὐκ
1493 2014 1655 2049 ἐστέρηται*
1674 2013 1759 2045 οὕτως
1786 2012 1844 2039 ἐστι
1868 2013 1915 2038 καὶ
1933 2021 1946 2038 τ

1195 2061 1292 2087 κακίαν
1319 2060 1381 2087 ἰδεῖν
1395 2059 1435 2094 τῷ
1452 2060 1501 2095 μὲν
1525 2058 1624 2094 καιρίῳ
1650 2058 1806 2093 πληγεῖσαν,
1827 2057 1856 2083 ὲν
1879 2058 1908 2083 δὲ
1926 2066 1946 2082 τ‹

1194 2105 1330 2141 λειψάνοις
1362 2105 1460 2140 ἑαυτῆς
1487 2105 1528 2131 ἔτι
1560 2104 1716 2139 διοχλοῦσαν
1748 2103 1786 2139 τῷ
1818 2103 1877 2138 βίῳ.
1912 2103 1946 2129 Ἀἰ

1196 2152 1308 2185 ἀφέντες
1319 2151 1366 2178 καὶ
1379 2151 1423 2177 τὸν
1435 2151 1497 2186 περὶ
1510 2150 1610 2177 τούτων
1621 2150 1665 2177 τὸν
1677 2150 1754 2184 λόγον
1768 2149 1814 2176 τοῦ
1831 2149 1946 2184 μυστηρὲ

1197 2195 1361 2231 μέμφεσθαι,
1377 2195 1407 2221 τὸ
1420 2195 1457 2230 μὴ
1471 2195 1514 2221 διὰ
1526 2195 1634 2221 πάντων
1650 2194 1752 2229 διήκειν
1765 2194 1818 2219 τῶν
1830 2193 1946 2228 ἁνθρώπ

1194 2241 1244 2277 τὴν
1261 2241 1352 2267 πίστιν
1377 2241 1405 2267 ἐν
1423 2240 1496 2275 αἰτίᾳ
1521 2240 1669 2267 ποιοῦνται.
1687 2239 1740 2266 Καὶ
1762 2239 1789 2265 τί
1805 2239 1915 2273 δήποτε,
1932 2247 1946 2272 ᾳ

357 2306 406 2327 ncs
423 2297 553 2333 pervadat
570 2294 703 2323 homines.
728 2292 783 2320 Cur
799 2291 921 2324 tandem,
936 2290 1074 2324 inquiunt,
1091 2297 1135 2315 nov

1178 2290 1183 2310 ι
1197 2287 1248 2318 σὶν,
1263 2286 1312 2312 οὐκ
1327 2286 1372 2312 ἐπὶ
1385 2286 1487 2317 πάντας
1499 2283 1579 2321 ἦλθεν
1594 2286 1610 2320 ὴ
1622 2285 1711 2321 χάρις,
1725 2284 1792 2311 ἀλλά
1804 2293 1884 2310 τινων
1899 2292 1946 2319 πρ(

358 2344 392 2371 ad
410 2350 506 2371 omnes
523 2341 595 2369 venit
611 2338 709 2375 gratia,
729 2336 778 2365 sed
795 2344 857 2364 cum
880 2336 963 2370 aliqui
981 2335 1015 2362 ad
1031 2334 1143 2362 verbum

357 2389 404 2417 Dei
422 2386 598 2418 accesserint,
615 2392 669 2411 non
686 2389 767 2419 parva
786 2389 849 2418 pars
861 2385 904 2409 est
921 2387 1015 2408 eorum
1036 2380 1082 2414 qui
1099 2379 1145 2406 de-

359 2438 432 2467 sunt,
449 2440 510 2462 cum
526 2436 573 2459 aut
592 2431 665 2458 Deus
684 2429 804 2457 noluerit
815 2428 944 2455 onmibus
959 2427 1066 2455 abunde
1094 2428 1145 2452 im-

359 2480 461 2514 pertire
477 2476 651 2507 beneficium,
668 2478 714 2502 aut
730 2474 841 2501 omnino
854 2481 908 2500 non
925 2471 1065 2508 potuerit?
1080 2478 1146 2506 quo-

360 2533 419 2553 rum
433 2524 541 2561 quidem
560 2527 685 2550 neutrum
704 2520 918 2556 reprehensione
935 2523 1010 2546 caret
1024 2528 1030 2546 :
1057 2525 1145 2551 neque

359 2572 433 2599 enim
450 2570 505 2598 Dco
517 2568 644 2597 convenit
664 2566 737 2602 quod
759 2566 859 2593 bonum
885 2564 1005 2591 noluerit
1024 2584 1031 2596 ,
1057 2570 1146 2597 neque

361 2616 432 2650 quod
448 2623 501 2643 non
517 2613 646 2650 potuerit.
664 2612 692 2639 Si
718 2619 785 2647 ergo
809 2609 919 2645 aliquod
935 2610 1036 2636 bonum
1058 2611 1100 2635 est
1116 2608 1147 2635 ti-

362 2661 432 2687 tles:
453 2668 513 2692 cur,
528 2659 667 2695 inquiunt,
687 2664 741 2685 non
758 2655 790 2682 ad
816 2662 912 2682 omnes
940 2654 1013 2681 venit
1037 2653 1149 2689 gratia?

362 2707 451 2740 Atque
466 2706 489 2733 si
506 2706 563 2733 haec
579 2704 689 2740 quidem
712 2703 739 2730 in
759 2702 793 2729 iis
818 2708 879 2736 quae
893 2700 1010 2728 dicimus
1029 2706 1044 2726 a
1070 2699 1148 2726 nobis

364 2754 563 2782 astruerentur,
579 2750 652 2786 quod
678 2757 693 2777 a
717 2748 808 2776 divina
836 2747 974 2773 voluntate
993 2745 1150 2772 hominibus

365 2796 576 2824 distribueretur
592 2796 669 2828 ﬁdes,
685 2799 778 2830 utpote
791 2792 863 2828 quod
878 2792 922 2818 alii
938 2791 1046 2826 quidem
1069 2797 1149 2817 voca-

367 2847 474 2874 rentur,
492 2841 582 2869 caeleri
605 2845 696 2868 autem
713 2844 805 2868 essent
832 2842 959 2874 expertes
975 2836 1125 2863 vocationis
1142 2844 1149 2864 :

366 2897 448 2926 oppot
455 2894 521 2917 tune
530 2886 683 2922 hujusmodi
694 2884 870 2920 reprehensio
878 2883 1043 2917 obiit-eretur
1052 2886 1150 2915 mystc-

1196 2332 1316 2367 θεμένων
1332 2331 1370 2366 τῷ
1385 2332 1464 2367 λόγῳ,
1480 2332 1510 2358 οὺ
1529 2332 1625 2366 μικρόν
1650 2332 1708 2357 ἐστι
1724 2331 1754 2357 τὸ
1770 2330 1946 2365 ὑπολειπόμει

1198 2377 1321 2414 μέρης,ἣ
1348 2378 1384 2413 μὴ
1406 2377 1581 2413 βουληθέντος
1600 2377 1647 2404 τοῦ
1664 2377 1730 2404 Θεοῦ
1747 2377 1836 2403 πᾶσαν
1860 2375 1946 2410 ἀτξθόν

1196 2424 1245 2459 τὴν
1259 2424 1416 2459 εὐεργεσίαν
1431 2421 1509 2455 εἶναι,
1527 2424 1543 2458 ἥ
1565 2424 1602 2459 μὴ
1618 2423 1777 2458 δυνηθέντος
1791 2421 1914 2453 navews;
1933 2419 1946 2432 τ

1198 2469 1254 2495 οὐθ’
1268 2469 1361 2503 ἓτερον
1374 2468 1519 2503 καθαρεύει
1533 2469 1581 2503 τῆς
1598 2467 1742 2503 μέμψεως·
1758 2466 1818 2493 οὒτε
1832 2465 1887 2501 γὰρ
1901 2466 1946 2492 ἀ6ι

1199 2514 1278 2549 λητον
1295 2512 1407 2540 εἶναιτὸ
1425 2513 1525 2547 ἀγαθὸν
1542 2514 1675 2548 προσήκει
1695 2512 1735 2547 τῷ
1753 2510 1822 2545 θεῷ,
1838 2510 1900 2537 οὔτε
1923 2510 1946 2537 ἁὲ

1198 2569 1289 2588 νατον.
1304 2561 1334 2586 Εἰ
1348 2557 1395 2587 οὖν
1408 2559 1509 2593 ἀγαθόν
1524 2568 1550 2585 τι
1566 2560 1582 2593 ἡ
1600 2558 1701 2590 πίστις,
1716 2557 1761 2584 διὰ
1777 2557 1813 2588 τί,
1831 2557 1924 2591 φασὶν,
1936 2564 1946 2582 c

1199 2606 1245 2632 ἐπὶ
1260 2605 1363 2637 πάντας
1373 2605 1495 2639 ἡχάρις;
1508 2603 1540 2630 Εἰ
1556 2603 1604 2638 μὲν
1619 2601 1665 2630 οὖν
1677 2602 1762 2629 ταῦτα
1773 2602 1820 2628 καὶ
1830 2600 1894 2635 mp‘
1908 2601 1946 2635 ἡμ

1200 2652 1228 2678 ὲν
1243 2651 1281 2685 τῷ
1296 2650 1367 2686 λόγῳ
1377 2649 1600 2681 κατεσκευάζετο,
1614 2650 1688 2684 παρὰ
1704 2647 1751 2674 τοῦ
1767 2648 1839 2674 θείου
1852 2646 1946 2681 βουλή(-

1199 2705 1244 2728 τος
1260 2695 1479 2731 ἀποκληροῦσθαι
1493 2697 1550 2727 τοῖς
1572 2694 1727 2730 ἀνθρώποις
1749 2693 1798 2728 τὴν
1815 2693 1917 2722 πίστιν,
1933 2700 1946 2716 τ

1199 2742 1227 2769 δὲ
1246 2741 1294 2777 μὲν
1309 2741 1482 2776 καλουμένων
1509 2740 1564 2767 τῶν
1579 2740 1607 2766 δὲ
1621 2739 1721 2766 λοιπῶν
1738 2737 1924 2773 ἁμοιρούντων
1936 2744 1946 2761 1

1201 2788 1333 2822 κλήσεως,
1352 2786 1447 2822 καιρὸν
1461 2785 1517 2821 εἶχε
1534 2786 1565 2813 τὸ
1576 2785 1695 2812 τοιοῦτον
1709 2785 1834 2820 ἔγκλημα
1853 2782 1924 2809 κατὰ
1939 2790 1946 2807 1

1203 2832 1352 2867 μυστηρίου
1368 2831 1562 2867 προφέρεσθαι.
1582 2831 1613 2857 Εἰ
1627 2831 1655 2857 δὲ
1669 2830 1798 2864 ὁμότιμος
1819 2828 1866 2855 ἐπὶ
1884 2827 1946 2853 τεάνι

1206 2881 1221 2914 ἡ
1239 2879 1344 2913 κλῆσις,
1365 2877 1426 2904 οὒτε
1444 2877 1533 2910 ἀξίας,
1547 2877 1607 2903 οὗτε
1630 2875 1752 2912 ἡλικίας,
1770 2874 1830 2900 οὔτε
1844 2873 1894 2904 τὰς
1917 2880 1946 2898 κα
