  <div class='ocr_page' id='page_1' title='image "/cluster/home/n/w/nwhite01/storage/ocr_20150623/45/hvd.32044073501876/056.png"; bbox 0 0 4072 6212; ppageno 0'>
   <div class='ocr_carea' id='block_1_1' title="bbox 313 224 3574 296">
    <p class='ocr_par' dir='ltr' id='par_1_1' title="bbox 313 224 3574 296">
     <span class='ocr_line' id='line_1_1' title="bbox 313 224 3574 296; baseline 0.006 -21"><span class='ocrx_word' id='word_1_1' title='bbox 313 224 385 283; x_wconf 78' lang='grc' dir='ltr'><strong>τι</strong></span> <span class='ocrx_word' id='word_1_2' title='bbox 1551 226 1813 284; x_wconf 71' lang='lat' dir='ltr'><strong>ORATIO</strong></span> <span class='ocrx_word' id='word_1_3' title='bbox 1840 227 2339 286; x_wconf 74' lang='lat' dir='ltr'><strong>CATECIIETICA.</strong></span> <span class='ocrx_word' id='word_1_4' title='bbox 3507 239 3574 296; x_wconf 67' lang='grc' dir='ltr'><strong>τι</strong></span> 
     </span>
    </p>
   </div>
   <div class='ocr_carea' id='block_1_2' title="bbox 317 338 1913 422">
    <p class='ocr_par' dir='ltr' id='par_1_2' title="bbox 317 338 1897 416">
     <span class='ocr_line' id='line_1_2' title="bbox 317 338 1897 416; baseline 0.001 -23"><span class='ocrx_word' id='word_1_5' title='bbox 317 343 390 398; x_wconf 70' lang='grc' dir='ltr'>τὰ</span> <span class='ocrx_word' id='word_1_6' title='bbox 410 341 537 411; x_wconf 70' lang='grc' dir='ltr'>ἔθνη</span> <span class='ocrx_word' id='word_1_7' title='bbox 567 338 836 412; x_wconf 63' lang='grc' dir='ltr'>διαφορὰς</span> <span class='ocrx_word' id='word_1_8' title='bbox 866 338 1239 412; x_wconf 71' lang='grc' dir='ltr'><strong>διακρίνουσα.</strong></span> <span class='ocrx_word' id='word_1_9' title='bbox 1280 341 1378 396; x_wconf 87' lang='grc' dir='ltr'>Διά</span> <span class='ocrx_word' id='word_1_10' title='bbox 1411 341 1568 397; x_wconf 83' lang='grc' dir='ltr'>τοῦτο</span> <span class='ocrx_word' id='word_1_11' title='bbox 1605 342 1716 416; x_wconf 86' lang='grc' dir='ltr'><strong>γάρ</strong></span> <span class='ocrx_word' id='word_1_12' title='bbox 1743 343 1897 413; x_wconf 69' lang='grc' dir='ltr'>παρὰ</span> 
     </span>
    </p>
   </div>
   <div class='ocr_carea' id='block_1_3' title="bbox 2013 338 3568 422">
    <p class='ocr_par' dir='ltr' id='par_1_3' title="bbox 2013 345 3568 422">
     <span class='ocr_line' id='line_1_3' title="bbox 2013 345 3568 422; baseline 0.01 -27"><span class='ocrx_word' id='word_1_13' title='bbox 2013 345 2101 399; x_wconf 69' lang='lat' dir='ltr'><strong>rio.</strong></span> <span class='ocrx_word' id='word_1_14' title='bbox 2150 345 2206 398; x_wconf 88' lang='lat' dir='ltr'><strong>Si</strong></span> <span class='ocrx_word' id='word_1_15' title='bbox 2238 356 2418 400; x_wconf 84' lang='lat' dir='ltr'><strong>autem</strong></span> <span class='ocrx_word' id='word_1_16' title='bbox 2454 347 2659 418; x_wconf 87' lang='lat' dir='ltr'><strong>pariter</strong></span> <span class='ocrx_word' id='word_1_17' title='bbox 2710 348 2776 404; x_wconf 83' lang='lat' dir='ltr'><strong>ad</strong></span> <span class='ocrx_word' id='word_1_18' title='bbox 2808 362 2997 407; x_wconf 79' lang='lat' dir='ltr'><strong>otnnes</strong></span> <span class='ocrx_word' id='word_1_19' title='bbox 3037 352 3284 422; x_wconf 74' lang='lat' dir='ltr'><strong>procedit</strong></span> <span class='ocrx_word' id='word_1_20' title='bbox 3335 358 3568 418; x_wconf 80' lang='lat' dir='ltr'><strong>vocatio.</strong></span> 
     </span>
    </p>
   </div>
   <div class='ocr_carea' id='block_1_4' title="bbox 318 428 1900 504">
    <p class='ocr_par' dir='ltr' id='par_1_4' title="bbox 318 428 1900 504">
     <span class='ocr_line' id='line_1_4' title="bbox 318 428 1900 504; baseline 0 -21"><span class='ocrx_word' id='word_1_21' title='bbox 318 434 415 503; x_wconf 69' lang='grc' dir='ltr'>τὴν</span> <span class='ocrx_word' id='word_1_22' title='bbox 462 428 692 502; x_wconf 78' lang='grc' dir='ltr'>πρώτην</span> <span class='ocrx_word' id='word_1_23' title='bbox 734 429 912 502; x_wconf 76' lang='grc' dir='ltr'>ἀρχὴν</span> <span class='ocrx_word' id='word_1_24' title='bbox 966 430 1338 501; x_wconf 84' lang='grc' dir='ltr'>κηρύγματος,</span> <span class='ocrx_word' id='word_1_25' title='bbox 1388 433 1724 504; x_wconf 82' lang='grc' dir='ltr'>ὁμόγλωσσοι</span> <span class='ocrx_word' id='word_1_26' title='bbox 1768 434 1900 487; x_wconf 76' lang='grc' dir='ltr'>πᾶσι</span> 
     </span>
    </p>
   </div>
   <div class='ocr_carea' id='block_1_5' title="bbox 312 520 1904 592">
    <p class='ocr_par' dir='ltr' id='par_1_5' title="bbox 312 520 1904 592">
     <span class='ocr_line' id='line_1_5' title="bbox 312 520 1904 592; baseline 0.001 -16"><span class='ocrx_word' id='word_1_27' title='bbox 312 525 422 586; x_wconf 72' lang='grc' dir='ltr'>τοῖς</span> <span class='ocrx_word' id='word_1_28' title='bbox 452 520 671 575; x_wconf 72' lang='grc' dir='ltr'>ἔθνεσιν</span> <span class='ocrx_word' id='word_1_29' title='bbox 700 520 750 574; x_wconf 73' lang='lat' dir='ltr'><strong>oi</strong></span> <span class='ocrx_word' id='word_1_30' title='bbox 777 520 1152 586; x_wconf 79' lang='grc' dir='ltr'>διακονοῦντες</span> <span class='ocrx_word' id='word_1_31' title='bbox 1179 521 1272 576; x_wconf 81' lang='grc' dir='ltr'>τὸν</span> <span class='ocrx_word' id='word_1_32' title='bbox 1313 522 1469 592; x_wconf 89' lang='grc' dir='ltr'>λόγον</span> <span class='ocrx_word' id='word_1_33' title='bbox 1498 525 1564 577; x_wconf 81' lang='grc' dir='ltr'>ὲκ</span> <span class='ocrx_word' id='word_1_34' title='bbox 1593 522 1741 589; x_wconf 84' lang='grc' dir='ltr'>θείας</span> <span class='ocrx_word' id='word_1_35' title='bbox 1784 526 1904 577; x_wconf 77' lang='grc' dir='ltr'>ἐπι-</span> 
     </span>
    </p>
   </div>
   <div class='ocr_carea' id='block_1_6' title="bbox 310 613 1903 687">
    <p class='ocr_par' dir='ltr' id='par_1_6' title="bbox 310 613 1903 687">
     <span class='ocr_line' id='line_1_6' title="bbox 310 613 1903 687; baseline 0 -18"><span class='ocrx_word' id='word_1_36' title='bbox 310 614 507 677; x_wconf 81' lang='grc' dir='ltr'>πνοίας</span> <span class='ocrx_word' id='word_1_37' title='bbox 536 613 754 686; x_wconf 84' lang='grc' dir='ltr'>ἀθρόως</span> <span class='ocrx_word' id='word_1_38' title='bbox 796 614 1069 683; x_wconf 79' lang='grc' dir='ltr'>ἐγένοντο,</span> <span class='ocrx_word' id='word_1_39' title='bbox 1098 615 1177 679; x_wconf 85' lang='grc' dir='ltr'>ὡς</span> <span class='ocrx_word' id='word_1_40' title='bbox 1216 615 1283 670; x_wconf 80' lang='grc' dir='ltr'>ἂν</span> <span class='ocrx_word' id='word_1_41' title='bbox 1312 616 1501 687; x_wconf 78' lang='grc' dir='ltr'>μηδεὶς</span> <span class='ocrx_word' id='word_1_42' title='bbox 1535 616 1642 670; x_wconf 84' lang='grc' dir='ltr'><strong>τῶν</strong></span> <span class='ocrx_word' id='word_1_43' title='bbox 1681 616 1903 687; x_wconf 80' lang='grc' dir='ltr'>ἀγαθῶν</span> 
     </span>
    </p>
   </div>
   <div class='ocr_carea' id='block_1_7' title="bbox 307 703 1904 776">
    <p class='ocr_par' dir='ltr' id='par_1_7' title="bbox 307 703 1904 776">
     <span class='ocr_line' id='line_1_7' title="bbox 307 703 1904 776; baseline 0.003 -19"><span class='ocrx_word' id='word_1_44' title='bbox 307 705 678 776; x_wconf 64' lang='grc' dir='ltr'>ἀμοιρήσειν</span> <span class='ocrx_word' id='word_1_45' title='bbox 728 703 847 768; x_wconf 84' lang='grc' dir='ltr'><strong>πῶς</strong></span> <span class='ocrx_word' id='word_1_46' title='bbox 884 704 953 758; x_wconf 83' lang='grc' dir='ltr'>ἂν</span> <span class='ocrx_word' id='word_1_47' title='bbox 980 705 1123 759; x_wconf 85' lang='grc' dir='ltr'><strong>κατά</strong></span> <span class='ocrx_word' id='word_1_48' title='bbox 1148 704 1213 759; x_wconf 79' lang='grc' dir='ltr'><strong>τὸ</strong></span> <span class='ocrx_word' id='word_1_49' title='bbox 1257 704 1481 775; x_wconf 79' lang='grc' dir='ltr'>εὔλογον</span> <span class='ocrx_word' id='word_1_50' title='bbox 1515 708 1597 761; x_wconf 84' lang='grc' dir='ltr'><strong>ἑτι</strong></span> <span class='ocrx_word' id='word_1_51' title='bbox 1638 707 1729 761; x_wconf 81' lang='grc' dir='ltr'>τὸν</span> <span class='ocrx_word' id='word_1_52' title='bbox 1769 707 1904 762; x_wconf 78' lang='grc' dir='ltr'>Θεὸν</span> 
     </span>
    </p>
   </div>
   <div class='ocr_carea' id='block_1_8' title="bbox 307 792 1904 866">
    <p class='ocr_par' dir='ltr' id='par_1_8' title="bbox 307 792 1904 866">
     <span class='ocr_line' id='line_1_8' title="bbox 307 792 1904 866; baseline -0.001 -17"><span class='ocrx_word' id='word_1_53' title='bbox 307 793 589 866; x_wconf 77' lang='grc' dir='ltr'><strong>αἰτιῷντο,</strong></span> <span class='ocrx_word' id='word_1_54' title='bbox 609 792 707 849; x_wconf 78' lang='grc' dir='ltr'><strong>τοῦ</strong></span> <span class='ocrx_word' id='word_1_55' title='bbox 739 792 816 866; x_wconf 78' lang='grc' dir='ltr'>μὴ</span> <span class='ocrx_word' id='word_1_56' title='bbox 840 794 1058 848; x_wconf 73' lang='grc' dir='ltr'>πάντων</span> <span class='ocrx_word' id='word_1_57' title='bbox 1083 795 1449 866; x_wconf 69' lang='grc' dir='ltr'><strong>ἐπικρατῆσαι</strong></span> <span class='ocrx_word' id='word_1_58' title='bbox 1481 795 1570 848; x_wconf 77' lang='grc' dir='ltr'><strong>τὸν</strong></span> <span class='ocrx_word' id='word_1_59' title='bbox 1598 795 1800 862; x_wconf 69' lang='grc' dir='ltr'>Λόγονς</span> <span class='ocrx_word' id='word_1_60' title='bbox 1842 794 1904 847; x_wconf 85' lang='lat'><strong>&#39;0</strong></span> 
     </span>
    </p>
   </div>
   <div class='ocr_carea' id='block_1_9' title="bbox 307 885 1904 960">
    <p class='ocr_par' dir='ltr' id='par_1_9' title="bbox 307 885 1904 960">
     <span class='ocr_line' id='line_1_9' title="bbox 307 885 1904 960; baseline -0.002 -20"><span class='ocrx_word' id='word_1_61' title='bbox 307 886 425 958; x_wconf 74' lang='grc' dir='ltr'><strong>γὰρ</strong></span> <span class='ocrx_word' id='word_1_62' title='bbox 444 885 540 941; x_wconf 76' lang='grc' dir='ltr'>τοῦ</span> <span class='ocrx_word' id='word_1_63' title='bbox 573 886 775 952; x_wconf 84' lang='grc' dir='ltr'>παντὸς</span> <span class='ocrx_word' id='word_1_64' title='bbox 797 888 897 960; x_wconf 74' lang='grc' dir='ltr'>τὴν</span> <span class='ocrx_word' id='word_1_65' title='bbox 920 886 1170 955; x_wconf 75' lang='grc' dir='ltr'>ἐξουσίαν</span> <span class='ocrx_word' id='word_1_66' title='bbox 1193 887 1353 958; x_wconf 81' lang='grc' dir='ltr'>ἔχων,</span> <span class='ocrx_word' id='word_1_67' title='bbox 1376 887 1448 941; x_wconf 83' lang='grc' dir='ltr'><strong>δι’</strong></span> <span class='ocrx_word' id='word_1_68' title='bbox 1477 885 1783 958; x_wconf 73' lang='grc' dir='ltr'>ὑπερῦολὴν</span> <span class='ocrx_word' id='word_1_69' title='bbox 1805 886 1904 957; x_wconf 76' lang='grc' dir='ltr'>τῆς</span> 
     </span>
    </p>
   </div>
   <div class='ocr_carea' id='block_1_10' title="bbox 309 977 1905 1051">
    <p class='ocr_par' dir='ltr' id='par_1_10' title="bbox 309 977 1905 1051">
     <span class='ocr_line' id='line_1_10' title="bbox 309 977 1905 1051; baseline -0.002 -18"><span class='ocrx_word' id='word_1_70' title='bbox 309 982 398 1043; x_wconf 83' lang='grc' dir='ltr'><strong>είς</strong></span> <span class='ocrx_word' id='word_1_71' title='bbox 431 979 527 1033; x_wconf 70' lang='grc' dir='ltr'>τὸν</span> <span class='ocrx_word' id='word_1_72' title='bbox 555 977 841 1051; x_wconf 78' lang='grc' dir='ltr'>ἄνθρωπον</span> <span class='ocrx_word' id='word_1_73' title='bbox 872 979 1063 1051; x_wconf 80' lang='grc' dir='ltr'>τιμῆς,</span> <span class='ocrx_word' id='word_1_74' title='bbox 1097 978 1277 1050; x_wconf 74' lang='grc' dir='ltr'>ἀφῆκέ</span> <span class='ocrx_word' id='word_1_75' title='bbox 1306 996 1359 1032; x_wconf 90' lang='grc' dir='ltr'><strong>τι</strong></span> <span class='ocrx_word' id='word_1_76' title='bbox 1397 979 1493 1032; x_wconf 69' lang='grc' dir='ltr'>καὶ</span> <span class='ocrx_word' id='word_1_77' title='bbox 1521 977 1624 1032; x_wconf 76' lang='grc' dir='ltr'><strong>ὑπὸ</strong></span> <span class='ocrx_word' id='word_1_78' title='bbox 1647 977 1746 1049; x_wconf 82' lang='grc' dir='ltr'>τὴν</span> <span class='ocrx_word' id='word_1_79' title='bbox 1773 979 1905 1049; x_wconf 81' lang='grc' dir='ltr'>ἡμε-</span> 
     </span>
    </p>
   </div>
   <div class='ocr_carea' id='block_1_11' title="bbox 304 1063 1900 1141">
    <p class='ocr_par' dir='ltr' id='par_1_11' title="bbox 304 1063 1900 1141">
     <span class='ocr_line' id='line_1_11' title="bbox 304 1063 1900 1141; baseline -0.002 -18"><span class='ocrx_word' id='word_1_80' title='bbox 304 1068 483 1141; x_wconf 74' lang='grc' dir='ltr'>τέραν</span> <span class='ocrx_word' id='word_1_81' title='bbox 505 1068 755 1135; x_wconf 60' lang='grc' dir='ltr'>ἐξουσίαν</span> <span class='ocrx_word' id='word_1_82' title='bbox 792 1064 952 1135; x_wconf 78' lang='grc' dir='ltr'>εἶναι,</span> <span class='ocrx_word' id='word_1_83' title='bbox 979 1063 1039 1123; x_wconf 73' lang='grc' dir='ltr'><strong>οὗ</strong></span> <span class='ocrx_word' id='word_1_84' title='bbox 1073 1069 1233 1140; x_wconf 88' lang='grc' dir='ltr'>μόνος</span> <span class='ocrx_word' id='word_1_85' title='bbox 1266 1068 1497 1132; x_wconf 76' lang='grc' dir='ltr'>ἕκαστός</span> <span class='ocrx_word' id='word_1_86' title='bbox 1539 1070 1655 1122; x_wconf 77' lang='grc' dir='ltr'>ἐστι</span> <span class='ocrx_word' id='word_1_87' title='bbox 1695 1066 1900 1139; x_wconf 85' lang='grc' dir='ltr'>κύριος.</span> 
     </span>
    </p>
   </div>
   <div class='ocr_carea' id='block_1_12' title="bbox 311 1158 1905 1234">
    <p class='ocr_par' dir='ltr' id='par_1_12' title="bbox 311 1158 1905 1234">
     <span class='ocr_line' id='line_1_12' title="bbox 311 1158 1905 1234; baseline -0.001 -18"><span class='ocrx_word' id='word_1_88' title='bbox 311 1161 497 1217; x_wconf 72' lang='grc' dir='ltr'>Τοῦτο</span> <span class='ocrx_word' id='word_1_89' title='bbox 524 1161 583 1216; x_wconf 67' lang='grc' dir='ltr'>δέ</span> <span class='ocrx_word' id='word_1_90' title='bbox 628 1164 775 1216; x_wconf 71' lang='grc' dir='ltr'>ἐστιν</span> <span class='ocrx_word' id='word_1_91' title='bbox 811 1163 845 1234; x_wconf 77' lang='grc' dir='ltr'><strong>ἡ</strong></span> <span class='ocrx_word' id='word_1_92' title='bbox 895 1162 1235 1234; x_wconf 80' lang='grc' dir='ltr'>προαίρεσις,</span> <span class='ocrx_word' id='word_1_93' title='bbox 1287 1160 1586 1216; x_wconf 84' lang='grc' dir='ltr'>ἀδούλωτόν</span> <span class='ocrx_word' id='word_1_94' title='bbox 1614 1179 1668 1215; x_wconf 86' lang='grc' dir='ltr'><strong>τι</strong></span> <span class='ocrx_word' id='word_1_95' title='bbox 1713 1158 1905 1231; x_wconf 76' lang='grc' dir='ltr'>χρῆμα</span> 
     </span>
    </p>
   </div>
   <div class='ocr_carea' id='block_1_13' title="bbox 311 1254 1903 1327">
    <p class='ocr_par' dir='ltr' id='par_1_13' title="bbox 311 1254 1903 1327">
     <span class='ocr_line' id='line_1_13' title="bbox 311 1254 1903 1327; baseline 0.001 -18"><span class='ocrx_word' id='word_1_96' title='bbox 311 1257 415 1310; x_wconf 78' lang='grc' dir='ltr'><strong>καὶ</strong></span> <span class='ocrx_word' id='word_1_97' title='bbox 448 1254 797 1322; x_wconf 71' lang='grc' dir='ltr'>αύτεξούσιον</span> <span class='ocrx_word' id='word_1_98' title='bbox 819 1258 878 1309; x_wconf 79' lang='grc' dir='ltr'>ἐν</span> <span class='ocrx_word' id='word_1_99' title='bbox 910 1257 978 1327; x_wconf 78' lang='grc' dir='ltr'>τῇ</span> <span class='ocrx_word' id='word_1_100' title='bbox 1006 1254 1290 1326; x_wconf 73' lang='grc' dir='ltr'><strong>ἐλευθερίᾳ</strong></span> <span class='ocrx_word' id='word_1_101' title='bbox 1317 1254 1416 1324; x_wconf 80' lang='grc' dir='ltr'>τῆς</span> <span class='ocrx_word' id='word_1_102' title='bbox 1445 1255 1685 1320; x_wconf 76' lang='grc' dir='ltr'>διανοίας</span> <span class='ocrx_word' id='word_1_103' title='bbox 1712 1257 1903 1327; x_wconf 78' lang='grc' dir='ltr'>κείμε-</span> 
     </span>
    </p>
   </div>
   <div class='ocr_carea' id='block_1_14' title="bbox 305 1338 1903 1418">
    <p class='ocr_par' dir='ltr' id='par_1_14' title="bbox 305 1338 1903 1418">
     <span class='ocr_line' id='line_1_14' title="bbox 305 1338 1903 1418; baseline 0.001 -17"><span class='ocrx_word' id='word_1_104' title='bbox 305 1363 428 1401; x_wconf 80' lang='grc' dir='ltr'>νον.</span> <span class='ocrx_word' id='word_1_105' title='bbox 481 1344 693 1399; x_wconf 79' lang='grc' dir='ltr'>Οὐκοῦν</span> <span class='ocrx_word' id='word_1_106' title='bbox 732 1346 826 1399; x_wconf 74' lang='grc' dir='ltr'><strong>ἐπὶ</strong></span> <span class='ocrx_word' id='word_1_107' title='bbox 875 1348 1005 1411; x_wconf 79' lang='grc' dir='ltr'>τοὺς</span> <span class='ocrx_word' id='word_1_108' title='bbox 1163 1346 1569 1418; x_wconf 78' lang='grc' dir='ltr'><strong>προσαχθέντας</strong></span> <span class='ocrx_word' id='word_1_109' title='bbox 1607 1350 1673 1418; x_wconf 78' lang='grc' dir='ltr'>τῇ</span> <span class='ocrx_word' id='word_1_110' title='bbox 1721 1349 1903 1402; x_wconf 80' lang='grc' dir='ltr'>πίστει</span> 
     </span>
    </p>
   </div>
   <div class='ocr_carea' id='block_1_15' title="bbox 305 1437 1903 1513">
    <p class='ocr_par' dir='ltr' id='par_1_15' title="bbox 305 1437 1903 1513">
     <span class='ocr_line' id='line_1_15' title="bbox 305 1437 1903 1513; baseline 0.002 -20"><span class='ocrx_word' id='word_1_111' title='bbox 305 1437 655 1510; x_wconf 78' lang='grc' dir='ltr'>δικαιότερον</span> <span class='ocrx_word' id='word_1_112' title='bbox 684 1437 753 1493; x_wconf 80' lang='grc' dir='ltr'>ἂν</span> <span class='ocrx_word' id='word_1_113' title='bbox 785 1437 846 1492; x_wconf 76' lang='grc' dir='ltr'>τὸ</span> <span class='ocrx_word' id='word_1_114' title='bbox 882 1439 1120 1493; x_wconf 85' lang='grc' dir='ltr'>τοιοῦτον</span> <span class='ocrx_word' id='word_1_115' title='bbox 1147 1439 1402 1510; x_wconf 75' lang='grc' dir='ltr'>ἔγκλημα</span> <span class='ocrx_word' id='word_1_116' title='bbox 1429 1440 1773 1513; x_wconf 82' lang='grc' dir='ltr'>μετατεθείη,</span> <span class='ocrx_word' id='word_1_117' title='bbox 1802 1442 1903 1496; x_wconf 68' lang='lat' dir='ltr'><strong>of»:</strong></span> 
     </span>
    </p>
   </div>
   <div class='ocr_carea' id='block_1_16' title="bbox 307 1528 1904 1606">
    <p class='ocr_par' dir='ltr' id='par_1_16' title="bbox 307 1528 1904 1606">
     <span class='ocr_line' id='line_1_16' title="bbox 307 1528 1904 1606; baseline 0.003 -25"><span class='ocrx_word' id='word_1_118' title='bbox 307 1530 412 1583; x_wconf 70' lang='grc' dir='ltr'><strong>ἐπὶ</strong></span> <span class='ocrx_word' id='word_1_119' title='bbox 441 1530 538 1583; x_wconf 76' lang='grc' dir='ltr'>τὸν</span> <span class='ocrx_word' id='word_1_120' title='bbox 563 1528 873 1602; x_wconf 76' lang='grc' dir='ltr'><strong>κεκληκότα</strong></span> <span class='ocrx_word' id='word_1_121' title='bbox 898 1530 1035 1602; x_wconf 78' lang='grc' dir='ltr'>πρὸς</span> <span class='ocrx_word' id='word_1_122' title='bbox 1051 1531 1152 1602; x_wconf 77' lang='grc' dir='ltr'>τὴν</span> <span class='ocrx_word' id='word_1_123' title='bbox 1174 1532 1488 1587; x_wconf 79' lang='grc' dir='ltr'>κατάθεσιν.</span> <span class='ocrx_word' id='word_1_124' title='bbox 1518 1533 1651 1587; x_wconf 82' lang='grc' dir='ltr'>Οὐδὲ</span> <span class='ocrx_word' id='word_1_125' title='bbox 1681 1534 1788 1606; x_wconf 78' lang='grc' dir='ltr'>γὰρ</span> <span class='ocrx_word' id='word_1_126' title='bbox 1811 1534 1904 1586; x_wconf 73' lang='grc' dir='ltr'><strong>ἐπὶ</strong></span> 
     </span>
    </p>
   </div>
   <div class='ocr_carea' id='block_1_17' title="bbox 305 1621 1904 1696">
    <p class='ocr_par' dir='ltr' id='par_1_17' title="bbox 305 1621 1904 1696">
     <span class='ocr_line' id='line_1_17' title="bbox 305 1621 1904 1696; baseline 0.001 -21"><span class='ocrx_word' id='word_1_127' title='bbox 305 1621 413 1675; x_wconf 75' lang='grc' dir='ltr'><strong>τοῦ</strong></span> <span class='ocrx_word' id='word_1_128' title='bbox 450 1622 659 1695; x_wconf 80' lang='grc' dir='ltr'><strong>Πέτρου</strong></span> <span class='ocrx_word' id='word_1_129' title='bbox 694 1622 816 1678; x_wconf 85' lang='grc' dir='ltr'>κατ’</span> <span class='ocrx_word' id='word_1_130' title='bbox 867 1623 1053 1694; x_wconf 82' lang='grc' dir='ltr'>ἀρχὰς</span> <span class='ocrx_word' id='word_1_131' title='bbox 1078 1623 1171 1678; x_wconf 82' lang='grc' dir='ltr'>τὸν</span> <span class='ocrx_word' id='word_1_132' title='bbox 1212 1623 1370 1692; x_wconf 87' lang='grc' dir='ltr'>λόγον</span> <span class='ocrx_word' id='word_1_133' title='bbox 1410 1627 1467 1678; x_wconf 79' lang='grc' dir='ltr'>ἐν</span> <span class='ocrx_word' id='word_1_134' title='bbox 1498 1623 1904 1696; x_wconf 82' lang='grc' dir='ltr'>πολυανθρώπῳ</span> 
     </span>
    </p>
   </div>
   <div class='ocr_carea' id='block_1_18' title="bbox 2002 436 3572 513">
    <p class='ocr_par' dir='ltr' id='par_1_18' title="bbox 2002 436 3572 513">
     <span class='ocr_line' id='line_1_18' title="bbox 2002 436 3572 513; baseline 0.007 -24"><span class='ocrx_word' id='word_1_135' title='bbox 2002 451 2103 490; x_wconf 88' lang='lat' dir='ltr'><strong>nec</strong></span> <span class='ocrx_word' id='word_1_136' title='bbox 2133 436 2537 499; x_wconf 80' lang='lat' dir='ltr'><strong>auctoritatem,</strong></span> <span class='ocrx_word' id='word_1_137' title='bbox 2572 453 2673 493; x_wconf 80' lang='lat' dir='ltr'><strong>nec</strong></span> <span class='ocrx_word' id='word_1_138' title='bbox 2705 447 2941 508; x_wconf 66' lang='lat' dir='ltr'><strong>aetatem,</strong></span> <span class='ocrx_word' id='word_1_139' title='bbox 2974 455 3151 513; x_wconf 82' lang='lat' dir='ltr'><strong>neque</strong></span> <span class='ocrx_word' id='word_1_140' title='bbox 3175 442 3418 513; x_wconf 73' lang='lat' dir='ltr'><strong>gentium</strong></span> <span class='ocrx_word' id='word_1_141' title='bbox 3454 444 3572 500; x_wconf 84' lang='lat' dir='ltr'><strong>dis-</strong></span> 
     </span>
    </p>
   </div>
   <div class='ocr_carea' id='block_1_19' title="bbox 2002 528 3576 604">
    <p class='ocr_par' dir='ltr' id='par_1_19' title="bbox 2002 528 3576 604">
     <span class='ocr_line' id='line_1_19' title="bbox 2002 528 3576 604; baseline 0.006 -24"><span class='ocrx_word' id='word_1_142' title='bbox 2002 540 2234 583; x_wconf 81' lang='lat' dir='ltr'><strong>cernens</strong></span> <span class='ocrx_word' id='word_1_143' title='bbox 2283 528 2646 584; x_wconf 73' lang='lat' dir='ltr'><strong>differentiam</strong></span> <span class='ocrx_word' id='word_1_144' title='bbox 2703 528 3023 600; x_wconf 81' lang='lat' dir='ltr'><strong>(propterea</strong></span> <span class='ocrx_word' id='word_1_145' title='bbox 3081 533 3226 588; x_wconf 92' lang='lat' dir='ltr'><strong>enim</strong></span> <span class='ocrx_word' id='word_1_146' title='bbox 3289 535 3344 589; x_wconf 91' lang='lat' dir='ltr'><strong>in</strong></span> <span class='ocrx_word' id='word_1_147' title='bbox 3396 535 3576 604; x_wconf 89' lang='lat' dir='ltr'><strong>primo</strong></span> 
     </span>
    </p>
   </div>
   <div class='ocr_carea' id='block_1_20' title="bbox 2005 618 3575 692">
    <p class='ocr_par' dir='ltr' id='par_1_20' title="bbox 2005 618 3575 692">
     <span class='ocr_line' id='line_1_20' title="bbox 2005 618 3575 692; baseline 0.008 -20"><span class='ocrx_word' id='word_1_148' title='bbox 2005 618 2165 673; x_wconf 89' lang='lat' dir='ltr'><strong>initio</strong></span> <span class='ocrx_word' id='word_1_149' title='bbox 2193 618 2631 688; x_wconf 66' lang='lat' dir='ltr'><strong>praedicationis,</strong></span> <span class='ocrx_word' id='word_1_150' title='bbox 2661 619 2845 675; x_wconf 85' lang='lat' dir='ltr'><strong>divina</strong></span> <span class='ocrx_word' id='word_1_151' title='bbox 2892 621 3273 692; x_wconf 80' lang='lat' dir='ltr'><strong>inspiratione,</strong></span> <span class='ocrx_word' id='word_1_152' title='bbox 3308 626 3476 683; x_wconf 88' lang='lat' dir='ltr'><strong>unius</strong></span> <span class='ocrx_word' id='word_1_153' title='bbox 3517 636 3575 684; x_wconf 81' lang='lat' dir='ltr'><strong>et</strong></span> 
     </span>
    </p>
   </div>
   <div class='ocr_carea' id='block_1_21' title="bbox 2002 711 3573 786">
    <p class='ocr_par' dir='ltr' id='par_1_21' title="bbox 2002 711 3573 786">
     <span class='ocr_line' id='line_1_21' title="bbox 2002 711 3573 786; baseline 0.003 -18"><span class='ocrx_word' id='word_1_154' title='bbox 2002 711 2251 780; x_wconf 82' lang='lat' dir='ltr'><strong>ejusdem</strong></span> <span class='ocrx_word' id='word_1_155' title='bbox 2280 712 2504 781; x_wconf 56' lang='lat' dir='ltr'><strong>linguai,</strong></span> <span class='ocrx_word' id='word_1_156' title='bbox 2532 711 2694 782; x_wconf 88' lang='lat' dir='ltr'><strong>cujus</strong></span> <span class='ocrx_word' id='word_1_157' title='bbox 2726 727 2918 767; x_wconf 83' lang='lat' dir='ltr'><strong>omnes</strong></span> <span class='ocrx_word' id='word_1_158' title='bbox 2940 723 3152 784; x_wconf 72' lang='lat' dir='ltr'><strong>gentes,</strong></span> <span class='ocrx_word' id='word_1_159' title='bbox 3190 725 3413 786; x_wconf 84' lang='lat' dir='ltr'><strong>repente</strong></span> <span class='ocrx_word' id='word_1_160' title='bbox 3446 717 3573 773; x_wconf 81' lang='lat' dir='ltr'><strong>facti</strong></span> 
     </span>
    </p>
   </div>
   <div class='ocr_carea' id='block_1_22' title="bbox 2004 794 3680 872">
    <p class='ocr_par' dir='ltr' id='par_1_22' title="bbox 2004 794 3680 872">
     <span class='ocr_line' id='line_1_22' title="bbox 2004 794 3680 872; baseline 0.003 -13"><span class='ocrx_word' id='word_1_161' title='bbox 2004 812 2129 859; x_wconf 76' lang='lat' dir='ltr'><strong>sunt</strong></span> <span class='ocrx_word' id='word_1_162' title='bbox 2164 803 2256 872; x_wconf 86' lang='lat' dir='ltr'><strong>qui</strong></span> <span class='ocrx_word' id='word_1_163' title='bbox 2292 805 2518 858; x_wconf 88' lang='lat' dir='ltr'><strong>verbum</strong></span> <span class='ocrx_word' id='word_1_164' title='bbox 2550 803 2956 867; x_wconf 71' lang='lat' dir='ltr'><strong>ministrabant,</strong></span> <span class='ocrx_word' id='word_1_165' title='bbox 2986 814 3047 858; x_wconf 91' lang='lat' dir='ltr'><strong>ut</strong></span> <span class='ocrx_word' id='word_1_166' title='bbox 3086 819 3249 861; x_wconf 90' lang='lat' dir='ltr'><strong>nemo</strong></span> <span class='ocrx_word' id='word_1_167' title='bbox 3282 794 3432 863; x_wconf 80' lang='lat' dir='ltr'><strong>esset</strong></span> <span class='ocrx_word' id='word_1_168' title='bbox 3482 823 3577 863; x_wconf 81' lang='lat' dir='ltr'><strong>ex-</strong></span> <span class='ocrx_word' id='word_1_169' title='bbox 3676 848 3680 853; x_wconf 60' lang='grc' dir='ltr'><em>ρ</em></span> 
     </span>
    </p>
   </div>
   <div class='ocr_carea' id='block_1_23' title="bbox 2004 896 3577 968">
    <p class='ocr_par' dir='ltr' id='par_1_23' title="bbox 2004 896 3577 968">
     <span class='ocr_line' id='line_1_23' title="bbox 2004 896 3577 968; baseline 0.001 -15"><span class='ocrx_word' id='word_1_170' title='bbox 2004 912 2131 968; x_wconf 75' lang='lat' dir='ltr'><strong>pet&#39;s</strong></span> <span class='ocrx_word' id='word_1_171' title='bbox 2175 896 2519 964; x_wconf 87' lang='lat' dir='ltr'><strong>bonorum),</strong></span> <span class='ocrx_word' id='word_1_172' title='bbox 2552 897 3011 967; x_wconf 80' lang='lat' dir='ltr'><strong>quemadmodum</strong></span> <span class='ocrx_word' id='word_1_173' title='bbox 3065 896 3231 953; x_wconf 75' lang='lat' dir='ltr'><strong>fuerit</strong></span> <span class='ocrx_word' id='word_1_174' title='bbox 3285 911 3577 957; x_wconf 77' lang='lat' dir='ltr'><strong>consenta-</strong></span> 
     </span>
    </p>
   </div>
   <div class='ocr_carea' id='block_1_24' title="bbox 2002 986 3572 1058">
    <p class='ocr_par' dir='ltr' id='par_1_24' title="bbox 2002 986 3572 1058">
     <span class='ocr_line' id='line_1_24' title="bbox 2002 986 3572 1058; baseline 0.002 -15"><span class='ocrx_word' id='word_1_175' title='bbox 2002 1003 2190 1051; x_wconf 84' lang='lat' dir='ltr'><strong>neum,</strong></span> <span class='ocrx_word' id='word_1_176' title='bbox 2222 998 2280 1042; x_wconf 85' lang='lat' dir='ltr'><strong>ut</strong></span> <span class='ocrx_word' id='word_1_177' title='bbox 2307 986 2477 1044; x_wconf 85' lang='lat' dir='ltr'><strong>Deum</strong></span> <span class='ocrx_word' id='word_1_178' title='bbox 2500 987 2680 1043; x_wconf 87' lang='lat' dir='ltr'><strong>adhuc</strong></span> <span class='ocrx_word' id='word_1_179' title='bbox 2704 995 2986 1051; x_wconf 79' lang='lat' dir='ltr'><strong>accusent,</strong></span> <span class='ocrx_word' id='word_1_180' title='bbox 3020 986 3167 1058; x_wconf 88' lang='lat' dir='ltr'><strong>quod</strong></span> <span class='ocrx_word' id='word_1_181' title='bbox 3194 986 3435 1046; x_wconf 79' lang='lat' dir='ltr'><strong>Verbum</strong></span> <span class='ocrx_word' id='word_1_182' title='bbox 3464 1008 3572 1047; x_wconf 89' lang='lat' dir='ltr'><strong>non</strong></span> 
     </span>
    </p>
   </div>
   <div class='ocr_carea' id='block_1_25' title="bbox 2005 1079 3573 1153">
    <p class='ocr_par' dir='ltr' id='par_1_25' title="bbox 2005 1079 3573 1153">
     <span class='ocr_line' id='line_1_25' title="bbox 2005 1079 3573 1153; baseline 0.001 -18"><span class='ocrx_word' id='word_1_183' title='bbox 2005 1081 2062 1136; x_wconf 90' lang='lat' dir='ltr'><strong>in</strong></span> <span class='ocrx_word' id='word_1_184' title='bbox 2097 1094 2290 1136; x_wconf 88' lang='lat' dir='ltr'><strong>omnes</strong></span> <span class='ocrx_word' id='word_1_185' title='bbox 2320 1081 2660 1134; x_wconf 83' lang='lat' dir='ltr'><strong>dominatum</strong></span> <span class='ocrx_word' id='word_1_186' title='bbox 2698 1079 2998 1135; x_wconf 82' lang='lat' dir='ltr'><strong>obtinuerit</strong></span> <span class='ocrx_word' id='word_1_187' title='bbox 3018 1081 3044 1135; x_wconf 70' lang='lat'><strong><em>1</em></strong></span> <span class='ocrx_word' id='word_1_188' title='bbox 3074 1079 3209 1135; x_wconf 81' lang='lat' dir='ltr'><strong>Nam</strong></span> <span class='ocrx_word' id='word_1_189' title='bbox 3239 1083 3332 1153; x_wconf 91' lang='lat' dir='ltr'><strong>qui</strong></span> <span class='ocrx_word' id='word_1_190' title='bbox 3364 1083 3417 1137; x_wconf 91' lang='lat' dir='ltr'><strong>in</strong></span> <span class='ocrx_word' id='word_1_191' title='bbox 3449 1084 3573 1138; x_wconf 90' lang='lat' dir='ltr'><strong>uni-</strong></span> 
     </span>
    </p>
   </div>
   <div class='ocr_carea' id='block_1_26' title="bbox 2003 1171 3576 1246">
    <p class='ocr_par' dir='ltr' id='par_1_26' title="bbox 2003 1171 3576 1246">
     <span class='ocr_line' id='line_1_26' title="bbox 2003 1171 3576 1246; baseline 0.002 -20"><span class='ocrx_word' id='word_1_192' title='bbox 2003 1172 2318 1228; x_wconf 88' lang='lat' dir='ltr'><strong>versitatem</strong></span> <span class='ocrx_word' id='word_1_193' title='bbox 2373 1172 2598 1227; x_wconf 82' lang='lat' dir='ltr'><strong>liberam</strong></span> <span class='ocrx_word' id='word_1_194' title='bbox 2659 1171 2891 1226; x_wconf 87' lang='lat' dir='ltr'><strong>habebat</strong></span> <span class='ocrx_word' id='word_1_195' title='bbox 2946 1180 3292 1246; x_wconf 83' lang='lat' dir='ltr'><strong>potestatem,</strong></span> <span class='ocrx_word' id='word_1_196' title='bbox 3352 1183 3576 1246; x_wconf 80' lang='lat' dir='ltr'><strong>propter</strong></span> 
     </span>
    </p>
   </div>
   <div class='ocr_carea' id='block_1_27' title="bbox 2004 1245 3577 1323">
    <p class='ocr_par' dir='ltr' id='par_1_27' title="bbox 2004 1245 3577 1323">
     <span class='ocr_line' id='line_1_27' title="bbox 2004 1245 3577 1323; baseline 0.001 -3"><span class='ocrx_word' id='word_1_197' title='bbox 2004 1278 2281 1320; x_wconf 86' lang='lat' dir='ltr'><strong>summum</strong></span> <span class='ocrx_word' id='word_1_198' title='bbox 2316 1263 2370 1317; x_wconf 89' lang='lat' dir='ltr'><strong>in</strong></span> <span class='ocrx_word' id='word_1_199' title='bbox 2409 1263 2658 1319; x_wconf 79' lang='lat' dir='ltr'><strong>hbtuines</strong></span> <span class='ocrx_word' id='word_1_200' title='bbox 2684 1245 2974 1323; x_wconf 54' lang='lat' dir='ltr'><strong>honorem,</strong></span> <span class='ocrx_word' id='word_1_201' title='bbox 3008 1263 3217 1319; x_wconf 83' lang='lat' dir='ltr'><strong>dimisit</strong></span> <span class='ocrx_word' id='word_1_202' title='bbox 3257 1265 3424 1320; x_wconf 84' lang='lat' dir='ltr'><strong>etiam</strong></span> <span class='ocrx_word' id='word_1_203' title='bbox 3462 1245 3577 1321; x_wconf 10' lang='lat' dir='ltr'><strong>Vali-</strong></span> 
     </span>
    </p>
   </div>
   <div class='ocr_carea' id='block_1_28' title="bbox 2002 1353 3579 1425">
    <p class='ocr_par' dir='ltr' id='par_1_28' title="bbox 2002 1353 3579 1425">
     <span class='ocr_line' id='line_1_28' title="bbox 2002 1353 3579 1425; baseline 0.001 -17"><span class='ocrx_word' id='word_1_204' title='bbox 2002 1353 2135 1425; x_wconf 90' lang='lat' dir='ltr'><strong>quid</strong></span> <span class='ocrx_word' id='word_1_205' title='bbox 2171 1354 2226 1408; x_wconf 92' lang='lat' dir='ltr'><strong>in</strong></span> <span class='ocrx_word' id='word_1_206' title='bbox 2263 1363 2455 1408; x_wconf 89' lang='lat' dir='ltr'><strong>nostra</strong></span> <span class='ocrx_word' id='word_1_207' title='bbox 2490 1360 2780 1424; x_wconf 85' lang='lat' dir='ltr'><strong>potestate,</strong></span> <span class='ocrx_word' id='word_1_208' title='bbox 2839 1353 2996 1421; x_wconf 90' lang='lat' dir='ltr'><strong>cujus</strong></span> <span class='ocrx_word' id='word_1_209' title='bbox 3051 1355 3430 1425; x_wconf 84' lang='lat' dir='ltr'><strong>unusquisque</strong></span> <span class='ocrx_word' id='word_1_210' title='bbox 3477 1373 3579 1410; x_wconf 89' lang='lat' dir='ltr'><strong>no-</strong></span> 
     </span>
    </p>
   </div>
   <div class='ocr_carea' id='block_1_29' title="bbox 2004 1442 3575 1503">
    <p class='ocr_par' dir='ltr' id='par_1_29' title="bbox 2004 1442 3575 1503">
     <span class='ocr_line' id='line_1_29' title="bbox 2004 1442 3575 1503; baseline 0.001 -2"><span class='ocrx_word' id='word_1_211' title='bbox 2004 1454 2181 1501; x_wconf 86' lang='lat' dir='ltr'><strong>strum</strong></span> <span class='ocrx_word' id='word_1_212' title='bbox 2218 1445 2369 1501; x_wconf 89' lang='lat' dir='ltr'><strong>solus</strong></span> <span class='ocrx_word' id='word_1_213' title='bbox 2415 1454 2500 1500; x_wconf 88' lang='lat' dir='ltr'><strong>est</strong></span> <span class='ocrx_word' id='word_1_214' title='bbox 2563 1442 2840 1500; x_wconf 85' lang='lat' dir='ltr'><strong>dominus.</strong></span> <span class='ocrx_word' id='word_1_215' title='bbox 2903 1443 3016 1499; x_wconf 86' lang='lat' dir='ltr'><strong>lloc</strong></span> <span class='ocrx_word' id='word_1_216' title='bbox 3043 1456 3227 1500; x_wconf 89' lang='lat' dir='ltr'><strong>autem</strong></span> <span class='ocrx_word' id='word_1_217' title='bbox 3292 1453 3377 1501; x_wconf 90' lang='lat' dir='ltr'><strong>est</strong></span> <span class='ocrx_word' id='word_1_218' title='bbox 3415 1445 3575 1503; x_wconf 82' lang='lat' dir='ltr'><strong>liberi</strong></span> 
     </span>
    </p>
   </div>
   <div class='ocr_carea' id='block_1_30' title="bbox 2003 1536 3577 1608">
    <p class='ocr_par' dir='ltr' id='par_1_30' title="bbox 2003 1536 3577 1608">
     <span class='ocr_line' id='line_1_30' title="bbox 2003 1536 3577 1608; baseline -0.001 -15"><span class='ocrx_word' id='word_1_219' title='bbox 2003 1538 2221 1594; x_wconf 83' lang='lat' dir='ltr'><strong>arbitrii</strong></span> <span class='ocrx_word' id='word_1_220' title='bbox 2252 1538 2422 1593; x_wconf 89' lang='lat' dir='ltr'><strong>libera</strong></span> <span class='ocrx_word' id='word_1_221' title='bbox 2466 1537 2680 1600; x_wconf 87' lang='lat' dir='ltr'><strong>electio,</strong></span> <span class='ocrx_word' id='word_1_222' title='bbox 2729 1552 2850 1603; x_wconf 66' lang='lat' dir='ltr'><strong>quae</strong></span> <span class='ocrx_word' id='word_1_223' title='bbox 2898 1536 3092 1606; x_wconf 84' lang='lat' dir='ltr'><strong>subjici</strong></span> <span class='ocrx_word' id='word_1_224' title='bbox 3149 1538 3359 1608; x_wconf 78' lang='lat' dir='ltr'><strong>nequit,</strong></span> <span class='ocrx_word' id='word_1_225' title='bbox 3405 1547 3460 1592; x_wconf 88' lang='lat' dir='ltr'><strong>et</strong></span> <span class='ocrx_word' id='word_1_226' title='bbox 3491 1538 3577 1592; x_wconf 85' lang='lat' dir='ltr'><strong>sui</strong></span> 
     </span>
    </p>
   </div>
   <div class='ocr_carea' id='block_1_31' title="bbox 2000 1627 3572 1699">
    <p class='ocr_par' dir='ltr' id='par_1_31' title="bbox 2000 1627 3572 1699">
     <span class='ocr_line' id='line_1_31' title="bbox 2000 1627 3572 1699; baseline -0.001 -14"><span class='ocrx_word' id='word_1_227' title='bbox 2000 1630 2144 1699; x_wconf 80' lang='lat' dir='ltr'><strong>juris</strong></span> <span class='ocrx_word' id='word_1_228' title='bbox 2174 1634 2258 1684; x_wconf 92' lang='lat' dir='ltr'><strong>est</strong></span> <span class='ocrx_word' id='word_1_229' title='bbox 2302 1627 2357 1682; x_wconf 93' lang='lat' dir='ltr'><strong>in</strong></span> <span class='ocrx_word' id='word_1_230' title='bbox 2401 1628 2654 1682; x_wconf 82' lang='lat' dir='ltr'><strong>libertate</strong></span> <span class='ocrx_word' id='word_1_231' title='bbox 2711 1627 2912 1681; x_wconf 88' lang='lat' dir='ltr'><strong>mentis</strong></span> <span class='ocrx_word' id='word_1_232' title='bbox 2941 1634 2996 1682; x_wconf 93' lang='lat' dir='ltr'><strong>et</strong></span> <span class='ocrx_word' id='word_1_233' title='bbox 3047 1628 3397 1697; x_wconf 73' lang='lat' dir='ltr'><strong>cogitationis</strong></span> <span class='ocrx_word' id='word_1_234' title='bbox 3446 1629 3572 1684; x_wconf 86' lang='lat' dir='ltr'><strong>sita.</strong></span> 
     </span>
    </p>
   </div>
   <div class='ocr_carea' id='block_1_32' title="bbox 304 1703 1913 1787">
    <p class='ocr_par' dir='ltr' id='par_1_32' title="bbox 304 1713 1902 1787">
     <span class='ocr_line' id='line_1_32' title="bbox 304 1713 1902 1787; baseline 0.003 -20"><span class='ocrx_word' id='word_1_235' title='bbox 304 1713 428 1767; x_wconf 76' lang='grc' dir='ltr'>τῶν</span> <span class='ocrx_word' id='word_1_236' title='bbox 487 1714 762 1769; x_wconf 80' lang='grc' dir='ltr'>Ἰουδαίων</span> <span class='ocrx_word' id='word_1_237' title='bbox 832 1714 1128 1787; x_wconf 75' lang='grc' dir='ltr'>Ἐκκλησία</span> <span class='ocrx_word' id='word_1_238' title='bbox 1182 1715 1537 1787; x_wconf 77' lang='grc' dir='ltr'><strong>κηρύξαντος,</strong></span> <span class='ocrx_word' id='word_1_239' title='bbox 1589 1717 1902 1787; x_wconf 84' lang='grc' dir='ltr'>τρισχιλίων</span> 
     </span>
    </p>
   </div>
   <div class='ocr_carea' id='block_1_33' title="bbox 2013 1703 3569 1787">
    <p class='ocr_par' dir='ltr' id='par_1_33' title="bbox 2013 1709 3569 1786">
     <span class='ocr_line' id='line_1_33' title="bbox 2013 1709 3569 1786; baseline 0.001 -15"><span class='ocrx_word' id='word_1_240' title='bbox 2013 1716 2195 1786; x_wconf 88' lang='lat' dir='ltr'><strong>Itaque</strong></span> <span class='ocrx_word' id='word_1_241' title='bbox 2222 1716 2279 1770; x_wconf 89' lang='lat' dir='ltr'><strong>in</strong></span> <span class='ocrx_word' id='word_1_242' title='bbox 2318 1729 2413 1769; x_wconf 93' lang='lat' dir='ltr'><strong>cos</strong></span> <span class='ocrx_word' id='word_1_243' title='bbox 2448 1715 2540 1784; x_wconf 92' lang='lat' dir='ltr'><strong>qui</strong></span> <span class='ocrx_word' id='word_1_244' title='bbox 2570 1714 2635 1768; x_wconf 89' lang='lat' dir='ltr'><strong>ad</strong></span> <span class='ocrx_word' id='word_1_245' title='bbox 2670 1713 2827 1769; x_wconf 78' lang='lat' dir='ltr'><strong>fidem</strong></span> <span class='ocrx_word' id='word_1_246' title='bbox 2859 1709 3075 1769; x_wconf 81' lang='lat' dir='ltr'><strong>adducti</strong></span> <span class='ocrx_word' id='word_1_247' title='bbox 3110 1732 3217 1771; x_wconf 89' lang='lat' dir='ltr'><strong>non</strong></span> <span class='ocrx_word' id='word_1_248' title='bbox 3267 1726 3417 1784; x_wconf 88' lang='lat' dir='ltr'><strong>sunt,</strong></span> <span class='ocrx_word' id='word_1_249' title='bbox 3453 1718 3569 1773; x_wconf 82' lang='lat' dir='ltr'><strong>cri-</strong></span> 
     </span>
    </p>
   </div>
   <div class='ocr_carea' id='block_1_34' title="bbox 308 1803 1905 1878">
    <p class='ocr_par' dir='ltr' id='par_1_34' title="bbox 308 1803 1905 1878">
     <span class='ocr_line' id='line_1_34' title="bbox 308 1803 1905 1878; baseline 0.002 -21"><span class='ocrx_word' id='word_1_250' title='bbox 308 1804 464 1857; x_wconf 80' lang='grc' dir='ltr'><strong>κατά</strong></span> <span class='ocrx_word' id='word_1_251' title='bbox 491 1803 687 1857; x_wconf 80' lang='grc' dir='ltr'>ταύτὸν</span> <span class='ocrx_word' id='word_1_252' title='bbox 714 1804 1175 1876; x_wconf 78' lang='grc' dir='ltr'>παραδεξαμένων</span> <span class='ocrx_word' id='word_1_253' title='bbox 1203 1806 1301 1878; x_wconf 83' lang='grc' dir='ltr'><strong>τὴν</strong></span> <span class='ocrx_word' id='word_1_254' title='bbox 1338 1805 1541 1871; x_wconf 86' lang='grc' dir='ltr'>πίστιν,</span> <span class='ocrx_word' id='word_1_255' title='bbox 1572 1807 1791 1871; x_wconf 83' lang='grc' dir='ltr'>πλείους</span> <span class='ocrx_word' id='word_1_256' title='bbox 1817 1808 1905 1861; x_wconf 76' lang='lat' dir='ltr'><strong>6v-</strong></span> 
     </span>
    </p>
   </div>
   <div class='ocr_carea' id='block_1_35' title="bbox 308 1882 1903 1969">
    <p class='ocr_par' dir='ltr' id='par_1_35' title="bbox 308 1882 1903 1969">
     <span class='ocr_line' id='line_1_35' title="bbox 308 1882 1903 1969; baseline 0.004 -23"><span class='ocrx_word' id='word_1_257' title='bbox 308 1910 412 1957; x_wconf 80' lang='grc' dir='ltr'><strong>τες</strong></span> <span class='ocrx_word' id='word_1_258' title='bbox 440 1893 549 1947; x_wconf 81' lang='grc' dir='ltr'>τῶν</span> <span class='ocrx_word' id='word_1_259' title='bbox 585 1896 1026 1950; x_wconf 77' lang='grc' dir='ltr'>πεπιστευκότων</span> <span class='ocrx_word' id='word_1_260' title='bbox 1059 1897 1108 1950; x_wconf 87' lang='grc' dir='ltr'><strong>οί</strong></span> <span class='ocrx_word' id='word_1_261' title='bbox 1136 1882 1552 1967; x_wconf 85' lang='grc' dir='ltr'>ἀπειθήσαντες,</span> <span class='ocrx_word' id='word_1_262' title='bbox 1589 1898 1903 1969; x_wconf 71' lang='grc' dir='ltr'><strong>ἐμέμψαντο</strong></span> 
     </span>
    </p>
   </div>
   <div class='ocr_carea' id='block_1_36' title="bbox 305 1981 1904 2060">
    <p class='ocr_par' dir='ltr' id='par_1_36' title="bbox 305 1981 1904 2060">
     <span class='ocr_line' id='line_1_36' title="bbox 305 1981 1904 2060; baseline 0.004 -24"><span class='ocrx_word' id='word_1_263' title='bbox 305 1983 418 2037; x_wconf 69' lang='grc' dir='ltr'>τὸν</span> <span class='ocrx_word' id='word_1_264' title='bbox 463 1984 783 2039; x_wconf 77' lang='grc' dir='ltr'>Ἀπόστολον</span> <span class='ocrx_word' id='word_1_265' title='bbox 837 1987 923 2055; x_wconf 78' lang='grc' dir='ltr'><strong>ἐφ’</strong></span> <span class='ocrx_word' id='word_1_266' title='bbox 961 1981 1043 2050; x_wconf 71' lang='grc' dir='ltr'>οἷς</span> <span class='ocrx_word' id='word_1_267' title='bbox 1091 1987 1441 2059; x_wconf 70' lang='grc' dir='ltr'>ἐπείσθησαν.</span> <span class='ocrx_word' id='word_1_268' title='bbox 1491 1989 1624 2043; x_wconf 77' lang='grc' dir='ltr'>Ούδὲ</span> <span class='ocrx_word' id='word_1_269' title='bbox 1674 1989 1784 2060; x_wconf 69' lang='grc' dir='ltr'>γὰρ</span> <span class='ocrx_word' id='word_1_270' title='bbox 1835 1985 1904 2060; x_wconf 76' lang='grc' dir='ltr'>ἦν</span> 
     </span>
    </p>
   </div>
   <div class='ocr_carea' id='block_1_37' title="bbox 310 2077 1907 2151">
    <p class='ocr_par' dir='ltr' id='par_1_37' title="bbox 310 2077 1907 2151">
     <span class='ocr_line' id='line_1_37' title="bbox 310 2077 1907 2151; baseline 0.001 -18"><span class='ocrx_word' id='word_1_271' title='bbox 310 2078 503 2143; x_wconf 75' lang='grc' dir='ltr'>εἰκὸς,</span> <span class='ocrx_word' id='word_1_272' title='bbox 535 2080 597 2133; x_wconf 78' lang='grc' dir='ltr'>ἐν</span> <span class='ocrx_word' id='word_1_273' title='bbox 636 2078 793 2149; x_wconf 78' lang='grc' dir='ltr'>κοινῷ</span> <span class='ocrx_word' id='word_1_274' title='bbox 821 2077 1187 2151; x_wconf 80' lang='grc' dir='ltr'>προταθείσης</span> <span class='ocrx_word' id='word_1_275' title='bbox 1213 2079 1312 2151; x_wconf 83' lang='grc' dir='ltr'>τῆς</span> <span class='ocrx_word' id='word_1_276' title='bbox 1354 2080 1597 2151; x_wconf 79' lang='grc' dir='ltr'>χάριτος,</span> <span class='ocrx_word' id='word_1_277' title='bbox 1626 2080 1716 2134; x_wconf 87' lang='grc' dir='ltr'>τὸν</span> <span class='ocrx_word' id='word_1_278' title='bbox 1751 2081 1907 2134; x_wconf 79' lang='grc' dir='ltr'>ἐκου-</span> 
     </span>
    </p>
   </div>
   <div class='ocr_carea' id='block_1_38' title="bbox 310 2152 1904 2243">
    <p class='ocr_par' dir='ltr' id='par_1_38' title="bbox 310 2152 1904 2243">
     <span class='ocr_line' id='line_1_38' title="bbox 310 2152 1904 2243; baseline 0 -20"><span class='ocrx_word' id='word_1_279' title='bbox 310 2170 460 2235; x_wconf 75' lang='grc' dir='ltr'>βίως</span> <span class='ocrx_word' id='word_1_280' title='bbox 484 2152 961 2241; x_wconf 55' lang='grc' dir='ltr'>ἀποφοιτήσανταξ</span> <span class='ocrx_word' id='word_1_281' title='bbox 985 2168 1061 2242; x_wconf 79' lang='grc' dir='ltr'>μὴ</span> <span class='ocrx_word' id='word_1_282' title='bbox 1085 2168 1296 2235; x_wconf 76' lang='grc' dir='ltr'>ἑαυτὸν,</span> <span class='ocrx_word' id='word_1_283' title='bbox 1316 2168 1428 2223; x_wconf 79' lang='grc' dir='ltr'>ἀλλ’</span> <span class='ocrx_word' id='word_1_284' title='bbox 1450 2170 1638 2243; x_wconf 76' lang='grc' dir='ltr'>ἕτερον</span> <span class='ocrx_word' id='word_1_285' title='bbox 1660 2169 1758 2242; x_wconf 85' lang='grc' dir='ltr'><strong>τῆς</strong></span> <span class='ocrx_word' id='word_1_286' title='bbox 1782 2169 1904 2224; x_wconf 81' lang='grc' dir='ltr'>δυσ-</span> 
     </span>
    </p>
   </div>
   <div class='ocr_carea' id='block_1_39' title="bbox 309 2257 964 2331">
    <p class='ocr_par' dir='ltr' id='par_1_39' title="bbox 309 2257 964 2331">
     <span class='ocr_line' id='line_1_39' title="bbox 309 2257 964 2331; baseline 0 -16"><span class='ocrx_word' id='word_1_287' title='bbox 309 2257 559 2331; x_wconf 78' lang='grc' dir='ltr'>κληρίας</span> <span class='ocrx_word' id='word_1_288' title='bbox 589 2259 964 2315; x_wconf 74' lang='grc' dir='ltr'>ὲπαιτιᾶσθαι.</span> 
     </span>
    </p>
   </div>
   <div class='ocr_carea' id='block_1_40' title="bbox 2005 1805 3573 1878">
    <p class='ocr_par' dir='ltr' id='par_1_40' title="bbox 2005 1805 3573 1878">
     <span class='ocr_line' id='line_1_40' title="bbox 2005 1805 3573 1878; baseline 0.003 -18"><span class='ocrx_word' id='word_1_289' title='bbox 2005 1807 2234 1861; x_wconf 88' lang='lat' dir='ltr'><strong>minatio</strong></span> <span class='ocrx_word' id='word_1_290' title='bbox 2264 1806 2435 1860; x_wconf 91' lang='lat' dir='ltr'><strong>multo</strong></span> <span class='ocrx_word' id='word_1_291' title='bbox 2459 1805 2664 1875; x_wconf 82' lang='lat' dir='ltr'><strong>justius</strong></span> <span class='ocrx_word' id='word_1_292' title='bbox 2691 1805 2977 1861; x_wconf 73' lang='lat' dir='ltr'><strong>transferri</strong></span> <span class='ocrx_word' id='word_1_293' title='bbox 3016 1814 3208 1878; x_wconf 81' lang='lat' dir='ltr'><strong>queat,</strong></span> <span class='ocrx_word' id='word_1_294' title='bbox 3242 1824 3348 1863; x_wconf 89' lang='lat' dir='ltr'><strong>non</strong></span> <span class='ocrx_word' id='word_1_295' title='bbox 3381 1811 3434 1864; x_wconf 92' lang='lat' dir='ltr'><strong>in</strong></span> <span class='ocrx_word' id='word_1_296' title='bbox 3451 1826 3573 1864; x_wconf 83' lang='lat' dir='ltr'><strong>eum</strong></span> 
     </span>
    </p>
   </div>
   <div class='ocr_carea' id='block_1_41' title="bbox 2005 1896 3574 1968">
    <p class='ocr_par' dir='ltr' id='par_1_41' title="bbox 2005 1896 3574 1968">
     <span class='ocr_line' id='line_1_41' title="bbox 2005 1896 3574 1968; baseline 0.001 -16"><span class='ocrx_word' id='word_1_297' title='bbox 2005 1899 2099 1967; x_wconf 91' lang='lat' dir='ltr'><strong>qui</strong></span> <span class='ocrx_word' id='word_1_298' title='bbox 2137 1898 2354 1953; x_wconf 85' lang='lat' dir='ltr'><strong>vocavit</strong></span> <span class='ocrx_word' id='word_1_299' title='bbox 2410 1896 2477 1950; x_wconf 88' lang='lat' dir='ltr'><strong>ad</strong></span> <span class='ocrx_word' id='word_1_300' title='bbox 2511 1897 2953 1951; x_wconf 72' lang='lat' dir='ltr'><strong>“consensionem.</strong></span> <span class='ocrx_word' id='word_1_301' title='bbox 2991 1897 3177 1968; x_wconf 86' lang='lat' dir='ltr'><strong>Neque</strong></span> <span class='ocrx_word' id='word_1_302' title='bbox 3235 1900 3379 1955; x_wconf 89' lang='lat' dir='ltr'><strong>enim</strong></span> <span class='ocrx_word' id='word_1_303' title='bbox 3411 1922 3415 1925; x_wconf 55' lang='grc' dir='ltr'><strong>λ</strong></span> <span class='ocrx_word' id='word_1_304' title='bbox 3450 1916 3574 1954; x_wconf 91' lang='lat' dir='ltr'><strong>cum</strong></span> 
     </span>
    </p>
   </div>
   <div class='ocr_carea' id='block_1_42' title="bbox 2006 1986 3579 2059">
    <p class='ocr_par' dir='ltr' id='par_1_42' title="bbox 2006 1986 3579 2059">
     <span class='ocr_line' id='line_1_42' title="bbox 2006 1986 3579 2059; baseline 0.002 -15"><span class='ocrx_word' id='word_1_305' title='bbox 2006 1990 2199 2045; x_wconf 83' lang='lat' dir='ltr'><strong>Petrus</strong></span> <span class='ocrx_word' id='word_1_306' title='bbox 2233 1989 2287 2042; x_wconf 90' lang='lat' dir='ltr'><strong>in</strong></span> <span class='ocrx_word' id='word_1_307' title='bbox 2313 1987 2467 2041; x_wconf 89' lang='lat' dir='ltr'><strong>initio</strong></span> <span class='ocrx_word' id='word_1_308' title='bbox 2499 1986 2720 2042; x_wconf 85' lang='lat' dir='ltr'><strong>verbum</strong></span> <span class='ocrx_word' id='word_1_309' title='bbox 2754 1987 3105 2057; x_wconf 66' lang='lat' dir='ltr'><strong>praedicasset</strong></span> <span class='ocrx_word' id='word_1_310' title='bbox 3138 1990 3193 2043; x_wconf 93' lang='lat' dir='ltr'><strong>in</strong></span> <span class='ocrx_word' id='word_1_311' title='bbox 3246 1989 3579 2059; x_wconf 82' lang='lat' dir='ltr'><strong>frequentis-</strong></span> 
     </span>
    </p>
   </div>
   <div class='ocr_carea' id='block_1_43' title="bbox 2022 2076 3576 2142">
    <p class='ocr_par' dir='ltr' id='par_1_43' title="bbox 2022 2076 3576 2142">
     <span class='ocr_line' id='line_1_43' title="bbox 2022 2076 3576 2142; baseline 0 -7"><span class='ocrx_word' id='word_1_312' title='bbox 2022 2080 2162 2136; x_wconf 86' lang='lat' dir='ltr'><strong>sima</strong></span> <span class='ocrx_word' id='word_1_313' title='bbox 2209 2076 2519 2133; x_wconf 71' lang='lat' dir='ltr'><strong>Iudaeorum</strong></span> <span class='ocrx_word' id='word_1_314' title='bbox 2579 2078 2862 2142; x_wconf 87' lang='lat' dir='ltr'><strong>concione,</strong></span> <span class='ocrx_word' id='word_1_315' title='bbox 2931 2086 2985 2134; x_wconf 90' lang='lat' dir='ltr'><strong>et</strong></span> <span class='ocrx_word' id='word_1_316' title='bbox 3042 2078 3147 2133; x_wconf 87' lang='lat' dir='ltr'><strong>tria</strong></span> <span class='ocrx_word' id='word_1_317' title='bbox 3197 2080 3365 2136; x_wconf 83' lang='lat' dir='ltr'><strong>millia</strong></span> <span class='ocrx_word' id='word_1_318' title='bbox 3415 2081 3576 2137; x_wconf 89' lang='lat' dir='ltr'><strong>simul</strong></span> 
     </span>
    </p>
   </div>
   <div class='ocr_carea' id='block_1_44' title="bbox 2011 2167 3576 2239">
    <p class='ocr_par' dir='ltr' id='par_1_44' title="bbox 2011 2167 3576 2239">
     <span class='ocr_line' id='line_1_44' title="bbox 2011 2167 3576 2239; baseline -0.001 -12"><span class='ocrx_word' id='word_1_319' title='bbox 2011 2170 2173 2227; x_wconf 78' lang='lat' dir='ltr'><strong>ﬁdem</strong></span> <span class='ocrx_word' id='word_1_320' title='bbox 2231 2168 2591 2239; x_wconf 83' lang='lat' dir='ltr'><strong>accepissent,</strong></span> <span class='ocrx_word' id='word_1_321' title='bbox 2624 2167 2661 2221; x_wconf 92' lang='lat' dir='ltr'><strong>ii</strong></span> <span class='ocrx_word' id='word_1_322' title='bbox 2714 2168 2808 2238; x_wconf 82' lang='lat' dir='ltr'><strong>qui</strong></span> <span class='ocrx_word' id='word_1_323' title='bbox 2860 2184 2967 2223; x_wconf 89' lang='lat' dir='ltr'><strong>non</strong></span> <span class='ocrx_word' id='word_1_324' title='bbox 3026 2169 3397 2234; x_wconf 68' lang='lat' dir='ltr'><strong>crediderunt,</strong></span> <span class='ocrx_word' id='word_1_325' title='bbox 3452 2188 3576 2226; x_wconf 88' lang='lat' dir='ltr'><strong>cum</strong></span> 
     </span>
    </p>
   </div>
   <div class='ocr_carea' id='block_1_45' title="bbox 2014 2258 3580 2334">
    <p class='ocr_par' dir='ltr' id='par_1_45' title="bbox 2014 2258 3580 2334">
     <span class='ocr_line' id='line_1_45' title="bbox 2014 2258 3580 2334; baseline -0.002 -16"><span class='ocrx_word' id='word_1_326' title='bbox 2014 2263 2198 2334; x_wconf 90' lang='lat' dir='ltr'><strong>plures</strong></span> <span class='ocrx_word' id='word_1_327' title='bbox 2224 2258 2493 2316; x_wconf 88' lang='lat' dir='ltr'><strong>essentiis</strong></span> <span class='ocrx_word' id='word_1_328' title='bbox 2519 2258 2609 2329; x_wconf 91' lang='lat' dir='ltr'><strong>qui</strong></span> <span class='ocrx_word' id='word_1_329' title='bbox 2629 2258 2995 2326; x_wconf 84' lang='lat' dir='ltr'><strong>crediderant,</strong></span> <span class='ocrx_word' id='word_1_330' title='bbox 3025 2261 3076 2314; x_wconf 89' lang='lat' dir='ltr'><strong>in</strong></span> <span class='ocrx_word' id='word_1_331' title='bbox 3102 2262 3419 2331; x_wconf 77' lang='lat' dir='ltr'><strong>Apostolum</strong></span> <span class='ocrx_word' id='word_1_332' title='bbox 3450 2278 3580 2316; x_wconf 84' lang='lat' dir='ltr'><strong>cau-</strong></span> 
     </span>
    </p>
   </div>
   <div class='ocr_carea' id='block_1_46' title="bbox 311 2352 3579 2427">
    <p class='ocr_par' dir='ltr' id='par_1_46' title="bbox 311 2352 3579 2427">
     <span class='ocr_line' id='line_1_46' title="bbox 311 2352 3579 2427; baseline 0 -19"><span class='ocrx_word' id='word_1_333' title='bbox 311 2367 441 2408; x_wconf 79' lang='lat' dir='ltr'><strong>sam</strong></span> <span class='ocrx_word' id='word_1_334' title='bbox 489 2352 864 2419; x_wconf 82' lang='lat' dir='ltr'><strong>contulerunt,</strong></span> <span class='ocrx_word' id='word_1_335' title='bbox 915 2352 1060 2423; x_wconf 90' lang='lat' dir='ltr'><strong>quod</strong></span> <span class='ocrx_word' id='word_1_336' title='bbox 1125 2367 1232 2408; x_wconf 91' lang='lat' dir='ltr'><strong>non</strong></span> <span class='ocrx_word' id='word_1_337' title='bbox 1289 2354 1657 2410; x_wconf 87' lang='lat' dir='ltr'><strong>crediderunt.</strong></span> <span class='ocrx_word' id='word_1_338' title='bbox 1719 2354 1905 2427; x_wconf 79' lang='lat' dir='ltr'><strong>Neque</strong></span> <span class='ocrx_word' id='word_1_339' title='bbox 1942 2356 2087 2414; x_wconf 88' lang='lat' dir='ltr'><strong>enim</strong></span> <span class='ocrx_word' id='word_1_340' title='bbox 2121 2368 2218 2425; x_wconf 86' lang='lat' dir='ltr'><strong>par</strong></span> <span class='ocrx_word' id='word_1_341' title='bbox 2249 2361 2387 2418; x_wconf 87' lang='lat' dir='ltr'><strong>erat,</strong></span> <span class='ocrx_word' id='word_1_342' title='bbox 2417 2362 2520 2427; x_wconf 53' lang='lat' dir='ltr'><strong>ut,</strong></span> <span class='ocrx_word' id='word_1_343' title='bbox 2545 2352 2719 2423; x_wconf 75' lang='lat' dir='ltr'><strong>gratia</strong></span> <span class='ocrx_word' id='word_1_344' title='bbox 2748 2352 2801 2406; x_wconf 90' lang='lat' dir='ltr'><strong>in</strong></span> <span class='ocrx_word' id='word_1_345' title='bbox 2832 2367 3121 2409; x_wconf 82' lang='lat' dir='ltr'><strong>commune</strong></span> <span class='ocrx_word' id='word_1_346' title='bbox 3160 2356 3460 2425; x_wconf 84' lang='lat' dir='ltr'><strong>proposita,</strong></span> <span class='ocrx_word' id='word_1_347' title='bbox 3533 2355 3579 2410; x_wconf 83' lang='lat' dir='ltr'><strong>is</strong></span> 
     </span>
    </p>
   </div>
   <div class='ocr_carea' id='block_1_47' title="bbox 311 2443 3039 2516">
    <p class='ocr_par' dir='ltr' id='par_1_47' title="bbox 311 2443 3039 2516">
     <span class='ocr_line' id='line_1_47' title="bbox 311 2443 3039 2516; baseline 0.001 -18"><span class='ocrx_word' id='word_1_348' title='bbox 311 2446 418 2516; x_wconf 81' lang='lat' dir='ltr'><strong>qui</strong></span> <span class='ocrx_word' id='word_1_349' title='bbox 478 2443 792 2500; x_wconf 76' lang='lat' dir='ltr'><strong>voluntarie</strong></span> <span class='ocrx_word' id='word_1_350' title='bbox 825 2443 894 2499; x_wconf 87' lang='lat' dir='ltr'><strong>ab</strong></span> <span class='ocrx_word' id='word_1_351' title='bbox 959 2459 1022 2499; x_wconf 89' lang='lat' dir='ltr'><strong>ea</strong></span> <span class='ocrx_word' id='word_1_352' title='bbox 1079 2444 1443 2512; x_wconf 68' lang='lat' dir='ltr'><strong>abécesscrat,</strong></span> <span class='ocrx_word' id='word_1_353' title='bbox 1497 2463 1606 2502; x_wconf 89' lang='lat' dir='ltr'><strong>non</strong></span> <span class='ocrx_word' id='word_1_354' title='bbox 1644 2448 1772 2513; x_wconf 86' lang='lat' dir='ltr'><strong>sibi,</strong></span> <span class='ocrx_word' id='word_1_355' title='bbox 1813 2447 1907 2505; x_wconf 91' lang='lat' dir='ltr'><strong>scd</strong></span> <span class='ocrx_word' id='word_1_356' title='bbox 1947 2448 2038 2504; x_wconf 88' lang='lat' dir='ltr'><strong>alii</strong></span> <span class='ocrx_word' id='word_1_357' title='bbox 2070 2448 2267 2502; x_wconf 89' lang='lat' dir='ltr'><strong>malam</strong></span> <span class='ocrx_word' id='word_1_358' title='bbox 2299 2460 2452 2501; x_wconf 89' lang='lat' dir='ltr'><strong>suam</strong></span> <span class='ocrx_word' id='word_1_359' title='bbox 2484 2452 2686 2501; x_wconf 88' lang='lat' dir='ltr'><strong>sortem</strong></span> <span class='ocrx_word' id='word_1_360' title='bbox 2728 2445 3039 2500; x_wconf 86' lang='lat' dir='ltr'><strong>ascriberet.</strong></span> 
     </span>
    </p>
   </div>
   <div class='ocr_carea' id='block_1_48' title="bbox 907 2538 1324 2595">
    <p class='ocr_par' dir='ltr' id='par_1_48' title="bbox 907 2538 1324 2595">
     <span class='ocr_line' id='line_1_48' title="bbox 907 2538 1324 2595; baseline 0.002 -2"><span class='ocrx_word' id='word_1_361' title='bbox 907 2539 1158 2593; x_wconf 75' lang='grc' dir='ltr'><strong>ΚΕΦΑΛ.</strong></span> <span class='ocrx_word' id='word_1_362' title='bbox 1199 2538 1324 2595; x_wconf 80' lang='lat' dir='ltr'><strong>AA&#39;.</strong></span> 
     </span>
    </p>
   </div>
   <div class='ocr_carea' id='block_1_49' title="bbox 405 2627 1912 2705">
    <p class='ocr_par' dir='ltr' id='par_1_49' title="bbox 405 2627 1912 2705">
     <span class='ocr_line' id='line_1_49' title="bbox 405 2627 1912 2705; baseline 0.002 -22"><span class='ocrx_word' id='word_1_363' title='bbox 405 2628 547 2683; x_wconf 76' lang='grc' dir='ltr'>Ἀλλ’</span> <span class='ocrx_word' id='word_1_364' title='bbox 589 2627 693 2682; x_wconf 78' lang='grc' dir='ltr'>οὐκ</span> <span class='ocrx_word' id='word_1_365' title='bbox 737 2627 1036 2700; x_wconf 80' lang='grc' dir='ltr'>ἀποροῦσιν</span> <span class='ocrx_word' id='word_1_366' title='bbox 1074 2628 1193 2683; x_wconf 80' lang='grc' dir='ltr'>οὐδὲ</span> <span class='ocrx_word' id='word_1_367' title='bbox 1242 2630 1378 2701; x_wconf 76' lang='grc' dir='ltr'>πρὸς</span> <span class='ocrx_word' id='word_1_368' title='bbox 1427 2631 1494 2685; x_wconf 73' lang='grc' dir='ltr'><strong>τὰ</strong></span> <span class='ocrx_word' id='word_1_369' title='bbox 1542 2632 1767 2688; x_wconf 82' lang='grc' dir='ltr'>τοιαῦτα</span> <span class='ocrx_word' id='word_1_370' title='bbox 1812 2634 1912 2705; x_wconf 81' lang='grc' dir='ltr'>τῆς</span> 
     </span>
    </p>
   </div>
   <div class='ocr_carea' id='block_1_50' title="bbox 264 2719 1909 2794">
    <p class='ocr_par' dir='ltr' id='par_1_50' title="bbox 264 2719 1909 2794">
     <span class='ocr_line' id='line_1_50' title="bbox 264 2719 1909 2794; baseline 0.001 -18"><span class='ocrx_word' id='word_1_371' title='bbox 264 2735 271 2741; x_wconf 77' lang='lat'><strong><em>‘</em></strong></span> <span class='ocrx_word' id='word_1_372' title='bbox 314 2720 609 2792; x_wconf 69' lang='grc' dir='ltr'>ἐριστικῆς</span> <span class='ocrx_word' id='word_1_373' title='bbox 628 2719 956 2788; x_wconf 77' lang='grc' dir='ltr'>ἀντιλογίας.</span> <span class='ocrx_word' id='word_1_374' title='bbox 984 2721 1214 2790; x_wconf 83' lang='grc' dir='ltr'>Λέγουσι</span> <span class='ocrx_word' id='word_1_375' title='bbox 1236 2721 1345 2794; x_wconf 82' lang='grc' dir='ltr'>γὰρ</span> <span class='ocrx_word' id='word_1_376' title='bbox 1367 2720 1624 2778; x_wconf 79' lang='grc' dir='ltr'>δύνασθαι</span> <span class='ocrx_word' id='word_1_377' title='bbox 1645 2724 1737 2777; x_wconf 77' lang='grc' dir='ltr'><strong>τὸν</strong></span> <span class='ocrx_word' id='word_1_378' title='bbox 1756 2724 1909 2789; x_wconf 70' lang='grc' dir='ltr'>Θεδν,</span> 
     </span>
    </p>
   </div>
   <div class='ocr_carea' id='block_1_51' title="bbox 316 2809 1912 2883">
    <p class='ocr_par' dir='ltr' id='par_1_51' title="bbox 316 2809 1912 2883">
     <span class='ocr_line' id='line_1_51' title="bbox 316 2809 1912 2883; baseline 0.001 -17"><span class='ocrx_word' id='word_1_379' title='bbox 316 2813 482 2883; x_wconf 69' lang='grc' dir='ltr'>εἴπερ</span> <span class='ocrx_word' id='word_1_380' title='bbox 511 2809 787 2874; x_wconf 75' lang='grc' dir='ltr'>ὲῦούλετο,</span> <span class='ocrx_word' id='word_1_381' title='bbox 819 2811 913 2863; x_wconf 74' lang='grc' dir='ltr'>καὶ</span> <span class='ocrx_word' id='word_1_382' title='bbox 940 2810 1064 2874; x_wconf 72' lang='grc' dir='ltr'>τοὺς</span> <span class='ocrx_word' id='word_1_383' title='bbox 1092 2810 1397 2876; x_wconf 80' lang='grc' dir='ltr'>ἁντιτύπως</span> <span class='ocrx_word' id='word_1_384' title='bbox 1426 2812 1646 2882; x_wconf 73' lang='grc' dir='ltr'>ἔχοντας</span> <span class='ocrx_word' id='word_1_385' title='bbox 1670 2814 1912 2882; x_wconf 81' lang='grc' dir='ltr'>ἀναγκα-</span> 
     </span>
    </p>
   </div>
   <div class='ocr_carea' id='block_1_52' title="bbox 320 2900 1913 2977">
    <p class='ocr_par' dir='ltr' id='par_1_52' title="bbox 320 2900 1913 2977">
     <span class='ocr_line' id='line_1_52' title="bbox 320 2900 1913 2977; baseline 0 -18"><span class='ocrx_word' id='word_1_386' title='bbox 320 2905 529 2968; x_wconf 66' lang='grc' dir='ltr'>στικίἱκ</span> <span class='ocrx_word' id='word_1_387' title='bbox 562 2902 965 2972; x_wconf 72' lang='grc' dir='ltr'>ὲφελκύσασθαι</span> <span class='ocrx_word' id='word_1_388' title='bbox 1016 2902 1152 2973; x_wconf 77' lang='grc' dir='ltr'>πρὸς</span> <span class='ocrx_word' id='word_1_389' title='bbox 1190 2904 1290 2974; x_wconf 77' lang='grc' dir='ltr'>τὴν</span> <span class='ocrx_word' id='word_1_390' title='bbox 1338 2900 1646 2975; x_wconf 79' lang='grc' dir='ltr'>παραδοχὴν</span> <span class='ocrx_word' id='word_1_391' title='bbox 1686 2905 1780 2959; x_wconf 76' lang='grc' dir='ltr'>τοῦ</span> <span class='ocrx_word' id='word_1_392' title='bbox 1815 2924 1913 2977; x_wconf 87' lang='grc' dir='ltr'>κη-</span> 
     </span>
    </p>
   </div>
   <div class='ocr_carea' id='block_1_53' title="bbox 2571 2536 3035 2595">
    <p class='ocr_par' dir='ltr' id='par_1_53' title="bbox 2571 2536 3035 2595">
     <span class='ocr_line' id='line_1_53' title="bbox 2571 2536 3035 2595; baseline -0.006 0"><span class='ocrx_word' id='word_1_393' title='bbox 2571 2536 2799 2595; x_wconf 79' lang='lat' dir='ltr'><strong>CAPUT</strong></span> <span class='ocrx_word' id='word_1_394' title='bbox 2845 2536 3035 2593; x_wconf 73' lang='lat' dir='ltr'><strong>XXXI.</strong></span> 
     </span>
    </p>
   </div>
   <div class='ocr_carea' id='block_1_54' title="bbox 2085 2628 3579 2703">
    <p class='ocr_par' dir='ltr' id='par_1_54' title="bbox 2085 2628 3579 2703">
     <span class='ocr_line' id='line_1_54' title="bbox 2085 2628 3579 2703; baseline 0 -16"><span class='ocrx_word' id='word_1_395' title='bbox 2085 2631 2193 2703; x_wconf 85' lang='lat' dir='ltr'><strong>Sed</strong></span> <span class='ocrx_word' id='word_1_396' title='bbox 2220 2645 2398 2702; x_wconf 88' lang='lat' dir='ltr'><strong>neque</strong></span> <span class='ocrx_word' id='word_1_397' title='bbox 2426 2628 2494 2685; x_wconf 88' lang='lat' dir='ltr'><strong>ad</strong></span> <span class='ocrx_word' id='word_1_398' title='bbox 2524 2630 2637 2685; x_wconf 63' lang='lat' dir='ltr'><strong>haec</strong></span> <span class='ocrx_word' id='word_1_399' title='bbox 2670 2629 2907 2700; x_wconf 81' lang='lat' dir='ltr'><strong>litigiosa</strong></span> <span class='ocrx_word' id='word_1_400' title='bbox 2939 2639 3098 2701; x_wconf 79' lang='lat' dir='ltr'><strong>egent</strong></span> <span class='ocrx_word' id='word_1_401' title='bbox 3127 2632 3579 2689; x_wconf 83' lang='lat' dir='ltr'><strong>contradictione.</strong></span> 
     </span>
    </p>
   </div>
   <div class='ocr_carea' id='block_1_55' title="bbox 2012 2721 3583 2794">
    <p class='ocr_par' dir='ltr' id='par_1_55' title="bbox 2012 2721 3583 2794">
     <span class='ocr_line' id='line_1_55' title="bbox 2012 2721 3583 2794; baseline -0.003 -14"><span class='ocrx_word' id='word_1_402' title='bbox 2012 2725 2213 2780; x_wconf 90' lang='lat' dir='ltr'><strong>Dicunt</strong></span> <span class='ocrx_word' id='word_1_403' title='bbox 2250 2724 2396 2779; x_wconf 90' lang='lat' dir='ltr'><strong>enim</strong></span> <span class='ocrx_word' id='word_1_404' title='bbox 2427 2721 2596 2777; x_wconf 90' lang='lat' dir='ltr'><strong>Deum</strong></span> <span class='ocrx_word' id='word_1_405' title='bbox 2632 2736 2814 2792; x_wconf 84' lang='lat' dir='ltr'><strong>posse,</strong></span> <span class='ocrx_word' id='word_1_406' title='bbox 2845 2723 2890 2775; x_wconf 93' lang='lat' dir='ltr'><strong>si</strong></span> <span class='ocrx_word' id='word_1_407' title='bbox 2938 2721 3087 2786; x_wconf 83' lang='lat' dir='ltr'><strong>velit,</strong></span> <span class='ocrx_word' id='word_1_408' title='bbox 3134 2737 3229 2776; x_wconf 87' lang='lat' dir='ltr'><strong>eos</strong></span> <span class='ocrx_word' id='word_1_409' title='bbox 3274 2723 3434 2777; x_wconf 87' lang='lat' dir='ltr'><strong>etiam</strong></span> <span class='ocrx_word' id='word_1_410' title='bbox 3490 2723 3583 2794; x_wconf 87' lang='lat' dir='ltr'><strong>qui</strong></span> 
     </span>
    </p>
   </div>
   <div class='ocr_carea' id='block_1_56' title="bbox 2013 2808 3583 2895">
    <p class='ocr_par' dir='ltr' id='par_1_56' title="bbox 2013 2808 3583 2895">
     <span class='ocr_line' id='line_1_56' title="bbox 2013 2808 3583 2895; baseline -0.005 -24"><span class='ocrx_word' id='word_1_411' title='bbox 2013 2814 2322 2877; x_wconf 89' lang='lat' dir='ltr'><strong>resistunt,</strong></span> <span class='ocrx_word' id='word_1_412' title='bbox 2383 2809 2698 2866; x_wconf 87' lang='lat' dir='ltr'><strong>necessario</strong></span> <span class='ocrx_word' id='word_1_413' title='bbox 2755 2808 3132 2895; x_wconf 62' lang='lat' dir='ltr'><strong>compellqndo</strong></span> <span class='ocrx_word' id='word_1_414' title='bbox 3190 2812 3460 2866; x_wconf 78' lang='lat' dir='ltr'><strong>attrahere</strong></span> <span class='ocrx_word' id='word_1_415' title='bbox 3518 2815 3583 2864; x_wconf 80' lang='lat' dir='ltr'><strong>ad</strong></span> 
     </span>
    </p>
   </div>
   <div class='ocr_carea' id='block_1_57' title="bbox 2015 2902 3586 2975">
    <p class='ocr_par' dir='ltr' id='par_1_57' title="bbox 2015 2902 3586 2975">
     <span class='ocr_line' id='line_1_57' title="bbox 2015 2902 3586 2975; baseline -0.002 -14"><span class='ocrx_word' id='word_1_416' title='bbox 2015 2902 2421 2975; x_wconf 85' lang='lat' dir='ltr'><strong>suscipiendam</strong></span> <span class='ocrx_word' id='word_1_417' title='bbox 2457 2902 2922 2973; x_wconf 65' lang='lat' dir='ltr'><strong>praedicationem.</strong></span> <span class='ocrx_word' id='word_1_418' title='bbox 2965 2902 3069 2957; x_wconf 86' lang='lat' dir='ltr'><strong>Ubi</strong></span> <span class='ocrx_word' id='word_1_419' title='bbox 3103 2910 3188 2957; x_wconf 89' lang='lat' dir='ltr'><strong>est</strong></span> <span class='ocrx_word' id='word_1_420' title='bbox 3230 2918 3359 2972; x_wconf 74' lang='lat' dir='ltr'><strong>ergo</strong></span> <span class='ocrx_word' id='word_1_421' title='bbox 3389 2904 3443 2957; x_wconf 88' lang='lat' dir='ltr'><strong>in</strong></span> <span class='ocrx_word' id='word_1_422' title='bbox 3497 2905 3586 2958; x_wconf 79' lang='lat' dir='ltr'><strong>his</strong></span> 
     </span>
    </p>
   </div>
   <div class='ocr_carea' id='block_1_58' title="bbox 320 2984 1913 3073">
    <p class='ocr_par' dir='ltr' id='par_1_58' title="bbox 320 2993 1913 3073">
     <span class='ocr_line' id='line_1_58' title="bbox 320 2993 1913 3073; baseline -0.002 -20"><span class='ocrx_word' id='word_1_423' title='bbox 320 3002 634 3073; x_wconf 72' lang='grc' dir='ltr'>ρύγματος.</span> <span class='ocrx_word' id='word_1_424' title='bbox 662 2994 774 3048; x_wconf 77' lang='grc' dir='ltr'><strong>Ποῦ</strong></span> <span class='ocrx_word' id='word_1_425' title='bbox 797 2993 976 3048; x_wconf 87' lang='grc' dir='ltr'>τοίνυν</span> <span class='ocrx_word' id='word_1_426' title='bbox 1002 2994 1058 3047; x_wconf 78' lang='grc' dir='ltr'>ἐν</span> <span class='ocrx_word' id='word_1_427' title='bbox 1079 2993 1285 3058; x_wconf 80' lang='grc' dir='ltr'>τούτοις</span> <span class='ocrx_word' id='word_1_428' title='bbox 1312 2994 1372 3048; x_wconf 69' lang='grc' dir='ltr'>τὸ</span> <span class='ocrx_word' id='word_1_429' title='bbox 1402 2995 1777 3061; x_wconf 74' lang='grc' dir='ltr'>αὖτεξούσιονς</span> <span class='ocrx_word' id='word_1_430' title='bbox 1808 2996 1913 3050; x_wconf 76' lang='grc' dir='ltr'><strong>Ποῦ</strong></span> 
     </span>
    </p>
   </div>
   <div class='ocr_carea' id='block_1_59' title="bbox 2013 2984 3587 3073">
    <p class='ocr_par' dir='ltr' id='par_1_59' title="bbox 2018 2984 3587 3052">
     <span class='ocr_line' id='line_1_59' title="bbox 2018 2984 3587 3052; baseline -0.003 1"><span class='ocrx_word' id='word_1_431' title='bbox 2018 2997 2251 3052; x_wconf 90' lang='lat' dir='ltr'><strong>liberum</strong></span> <span class='ocrx_word' id='word_1_432' title='bbox 2281 2993 2567 3049; x_wconf 90' lang='lat' dir='ltr'><strong>arbitrium</strong></span> <span class='ocrx_word' id='word_1_433' title='bbox 2586 2993 2613 3047; x_wconf 83' lang='lat'><strong>?</strong></span> <span class='ocrx_word' id='word_1_434' title='bbox 2648 2992 2752 3049; x_wconf 85' lang='lat' dir='ltr'><strong>Ubi</strong></span> <span class='ocrx_word' id='word_1_435' title='bbox 2780 3000 2960 3048; x_wconf 88' lang='lat' dir='ltr'><strong>autem</strong></span> <span class='ocrx_word' id='word_1_436' title='bbox 2992 2984 3076 3048; x_wconf 81' lang='lat' dir='ltr'><strong>est</strong></span> <span class='ocrx_word' id='word_1_437' title='bbox 3105 2994 3325 3048; x_wconf 90' lang='lat' dir='ltr'><strong>virtus?</strong></span> <span class='ocrx_word' id='word_1_438' title='bbox 3370 2992 3470 3048; x_wconf 86' lang='lat' dir='ltr'><strong>Ubi</strong></span> <span class='ocrx_word' id='word_1_439' title='bbox 3504 3007 3587 3050; x_wconf 90' lang='lat' dir='ltr'><strong>est</strong></span> 
     </span>
    </p>
   </div>
   <div class='ocr_carea' id='block_1_60' title="bbox 318 3086 1915 3159">
    <p class='ocr_par' dir='ltr' id='par_1_60' title="bbox 318 3086 1915 3159">
     <span class='ocr_line' id='line_1_60' title="bbox 318 3086 1915 3159; baseline -0.011 -12"><span class='ocrx_word' id='word_1_440' title='bbox 318 3094 385 3149; x_wconf 67' lang='lat' dir='ltr'><strong>se</strong></span> <span class='ocrx_word' id='word_1_441' title='bbox 408 3092 516 3146; x_wconf 82' lang='grc' dir='ltr'><strong>τῶν</strong></span> <span class='ocrx_word' id='word_1_442' title='bbox 542 3087 956 3159; x_wconf 78' lang='grc' dir='ltr'>κατορθούντων</span> <span class='ocrx_word' id='word_1_443' title='bbox 978 3088 1008 3139; x_wconf 84' lang='grc' dir='ltr'><em>ὁ</em></span> <span class='ocrx_word' id='word_1_444' title='bbox 1032 3086 1247 3151; x_wconf 79' lang='grc' dir='ltr'>ἔπαινος</span> <span class='ocrx_word' id='word_1_445' title='bbox 1267 3103 1281 3152; x_wconf 87' lang='lat'><strong>;</strong></span> <span class='ocrx_word' id='word_1_446' title='bbox 1303 3087 1494 3142; x_wconf 85' lang='grc' dir='ltr'>Μόνων</span> <span class='ocrx_word' id='word_1_447' title='bbox 1518 3088 1628 3158; x_wconf 68' lang='grc' dir='ltr'><strong>γὰρ</strong></span> <span class='ocrx_word' id='word_1_448' title='bbox 1653 3088 1760 3142; x_wconf 82' lang='grc' dir='ltr'>τῶν</span> <span class='ocrx_word' id='word_1_449' title='bbox 1782 3088 1915 3159; x_wconf 53' lang='lat' dir='ltr'><strong>seu-</strong></span> 
     </span>
    </p>
   </div>
   <div class='ocr_carea' id='block_1_61' title="bbox 323 3177 1917 3255">
    <p class='ocr_par' dir='ltr' id='par_1_61' title="bbox 323 3177 1917 3255">
     <span class='ocr_line' id='line_1_61' title="bbox 323 3177 1917 3255; baseline -0.001 -21"><span class='ocrx_word' id='word_1_450' title='bbox 323 3202 441 3255; x_wconf 75' lang='grc' dir='ltr'><strong>χων</strong></span> <span class='ocrx_word' id='word_1_451' title='bbox 468 3183 504 3253; x_wconf 72' lang='grc' dir='ltr'>ἢ</span> <span class='ocrx_word' id='word_1_452' title='bbox 532 3180 649 3234; x_wconf 81' lang='grc' dir='ltr'><strong>τῶν</strong></span> <span class='ocrx_word' id='word_1_453' title='bbox 674 3178 885 3248; x_wconf 77' lang='grc' dir='ltr'>ἀλόγων</span> <span class='ocrx_word' id='word_1_454' title='bbox 916 3179 1033 3232; x_wconf 70' lang='grc' dir='ltr'>ἐστὶ</span> <span class='ocrx_word' id='word_1_455' title='bbox 1058 3177 1138 3248; x_wconf 84' lang='grc' dir='ltr'><strong>τῷ</strong></span> <span class='ocrx_word' id='word_1_456' title='bbox 1164 3178 1428 3251; x_wconf 79' lang='grc' dir='ltr'>ἀλλοτρίῳ</span> <span class='ocrx_word' id='word_1_457' title='bbox 1458 3178 1757 3251; x_wconf 77' lang='grc' dir='ltr'>βουλήματι</span> <span class='ocrx_word' id='word_1_458' title='bbox 1784 3181 1917 3251; x_wconf 79' lang='grc' dir='ltr'>πρὸς</span> 
     </span>
    </p>
   </div>
   <div class='ocr_carea' id='block_1_62' title="bbox 325 3268 1919 3343">
    <p class='ocr_par' dir='ltr' id='par_1_62' title="bbox 325 3268 1919 3343">
     <span class='ocr_line' id='line_1_62' title="bbox 325 3268 1919 3343; baseline -0.001 -16"><span class='ocrx_word' id='word_1_459' title='bbox 325 3274 390 3327; x_wconf 77' lang='grc' dir='ltr'><strong>τὺ</strong></span> <span class='ocrx_word' id='word_1_460' title='bbox 419 3270 619 3326; x_wconf 78' lang='grc' dir='ltr'>δοοιοῦν</span> <span class='ocrx_word' id='word_1_461' title='bbox 660 3268 1041 3341; x_wconf 83' lang='grc' dir='ltr'>περιάγεσθαι.</span> <span class='ocrx_word' id='word_1_462' title='bbox 1095 3269 1160 3322; x_wconf 86' lang='grc' dir='ltr'><strong>Ἦ</strong></span> <span class='ocrx_word' id='word_1_463' title='bbox 1190 3269 1247 3323; x_wconf 81' lang='grc' dir='ltr'>δὲ</span> <span class='ocrx_word' id='word_1_464' title='bbox 1280 3268 1470 3342; x_wconf 85' lang='grc' dir='ltr'>λογική</span> <span class='ocrx_word' id='word_1_465' title='bbox 1525 3288 1583 3324; x_wconf 87' lang='grc' dir='ltr'><strong>τε</strong></span> <span class='ocrx_word' id='word_1_466' title='bbox 1630 3271 1723 3325; x_wconf 72' lang='grc' dir='ltr'>καὶ</span> <span class='ocrx_word' id='word_1_467' title='bbox 1757 3271 1919 3343; x_wconf 73' lang='grc' dir='ltr'>νοερὰ</span> 
     </span>
    </p>
   </div>
   <div class='ocr_carea' id='block_1_63' title="bbox 326 3357 1918 3434">
    <p class='ocr_par' dir='ltr' id='par_1_63' title="bbox 326 3357 1918 3434">
     <span class='ocr_line' id='line_1_63' title="bbox 326 3357 1918 3434; baseline 0 -19"><span class='ocrx_word' id='word_1_468' title='bbox 326 3364 515 3434; x_wconf 72' lang='grc' dir='ltr'>φύσις,</span> <span class='ocrx_word' id='word_1_469' title='bbox 548 3362 651 3415; x_wconf 80' lang='grc' dir='ltr'><strong>ὲάν</strong></span> <span class='ocrx_word' id='word_1_470' title='bbox 673 3360 736 3414; x_wconf 82' lang='grc' dir='ltr'>τὸ</span> <span class='ocrx_word' id='word_1_471' title='bbox 762 3361 882 3413; x_wconf 85' lang='grc' dir='ltr'>κατ’</span> <span class='ocrx_word' id='word_1_472' title='bbox 909 3357 1157 3424; x_wconf 74' lang='grc' dir='ltr'>ἐξουσίαν</span> <span class='ocrx_word' id='word_1_473' title='bbox 1186 3358 1481 3431; x_wconf 80' lang='grc' dir='ltr'>ἀπόθηται,</span> <span class='ocrx_word' id='word_1_474' title='bbox 1511 3361 1604 3416; x_wconf 78' lang='grc' dir='ltr'><strong>καὶ</strong></span> <span class='ocrx_word' id='word_1_475' title='bbox 1630 3362 1731 3432; x_wconf 80' lang='grc' dir='ltr'>τὴν</span> <span class='ocrx_word' id='word_1_476' title='bbox 1758 3362 1918 3433; x_wconf 82' lang='grc' dir='ltr'>χάριν</span> 
     </span>
    </p>
   </div>
   <div class='ocr_carea' id='block_1_64' title="bbox 327 3451 1919 3529">
    <p class='ocr_par' dir='ltr' id='par_1_64' title="bbox 327 3451 1919 3529">
     <span class='ocr_line' id='line_1_64' title="bbox 327 3451 1919 3529; baseline -0.004 -16"><span class='ocrx_word' id='word_1_477' title='bbox 327 3458 424 3514; x_wconf 70' lang='grc' dir='ltr'>τοῦ</span> <span class='ocrx_word' id='word_1_478' title='bbox 448 3453 643 3529; x_wconf 77' lang='grc' dir='ltr'>νοεροῦ</span> <span class='ocrx_word' id='word_1_479' title='bbox 674 3451 1072 3507; x_wconf 81' lang='grc' dir='ltr'>συναπώλεσεν.</span> <span class='ocrx_word' id='word_1_480' title='bbox 1097 3452 1191 3516; x_wconf 84' lang='grc' dir='ltr'><strong>Εἰς</strong></span> <span class='ocrx_word' id='word_1_481' title='bbox 1212 3451 1263 3505; x_wconf 91' lang='grc' dir='ltr'><strong>τί</strong></span> <span class='ocrx_word' id='word_1_482' title='bbox 1289 3451 1398 3523; x_wconf 84' lang='grc' dir='ltr'><strong>γὰρ</strong></span> <span class='ocrx_word' id='word_1_483' title='bbox 1423 3452 1684 3523; x_wconf 81' lang='grc' dir='ltr'>χρήσεται</span> <span class='ocrx_word' id='word_1_484' title='bbox 1712 3456 1776 3525; x_wconf 80' lang='grc' dir='ltr'>τῇ</span> <span class='ocrx_word' id='word_1_485' title='bbox 1804 3453 1919 3508; x_wconf 81' lang='grc' dir='ltr'>δια-</span> 
     </span>
    </p>
   </div>
   <div class='ocr_carea' id='block_1_65' title="bbox 329 3540 1958 3621">
    <p class='ocr_par' dir='ltr' id='par_1_65' title="bbox 329 3540 1958 3621">
     <span class='ocr_line' id='line_1_65' title="bbox 329 3540 1958 3621; baseline -0.006 -18"><span class='ocrx_word' id='word_1_486' title='bbox 329 3549 450 3621; x_wconf 68' lang='grc' dir='ltr'>νοίᾳ</span> <span class='ocrx_word' id='word_1_487' title='bbox 477 3547 579 3618; x_wconf 79' lang='grc' dir='ltr'>τῆς</span> <span class='ocrx_word' id='word_1_488' title='bbox 610 3542 708 3599; x_wconf 74' lang='grc' dir='ltr'>τοῦ</span> <span class='ocrx_word' id='word_1_489' title='bbox 738 3542 1117 3616; x_wconf 79' lang='grc' dir='ltr'>προαιρεῖσθαι</span> <span class='ocrx_word' id='word_1_490' title='bbox 1140 3559 1193 3595; x_wconf 89' lang='grc' dir='ltr'><strong>τι</strong></span> <span class='ocrx_word' id='word_1_491' title='bbox 1215 3541 1322 3596; x_wconf 84' lang='grc' dir='ltr'><strong>τῶν</strong></span> <span class='ocrx_word' id='word_1_492' title='bbox 1345 3541 1486 3595; x_wconf 84' lang='grc' dir='ltr'><strong>κατά</strong></span> <span class='ocrx_word' id='word_1_493' title='bbox 1513 3540 1738 3613; x_wconf 82' lang='grc' dir='ltr'>γνώμην</span> <span class='ocrx_word' id='word_1_494' title='bbox 1767 3542 1918 3607; x_wconf 81' lang='grc' dir='ltr'>ὲξου-</span> <span class='ocrx_word' id='word_1_495' title='bbox 1948 3603 1958 3612; x_wconf 31' lang='grc' dir='ltr'><strong>υ</strong></span> 
     </span>
    </p>
   </div>
   <div class='ocr_carea' id='block_1_66' title="bbox 334 3629 1921 3707">
    <p class='ocr_par' dir='ltr' id='par_1_66' title="bbox 334 3629 1921 3707">
     <span class='ocr_line' id='line_1_66' title="bbox 334 3629 1921 3707; baseline -0.008 -13"><span class='ocrx_word' id='word_1_496' title='bbox 334 3640 457 3702; x_wconf 87' lang='grc' dir='ltr'>σίας</span> <span class='ocrx_word' id='word_1_497' title='bbox 480 3638 568 3707; x_wconf 66' lang='grc' dir='ltr'><strong>ἐφ’</strong></span> <span class='ocrx_word' id='word_1_498' title='bbox 600 3634 775 3707; x_wconf 76' lang='grc' dir='ltr'>ἑτέρῳ</span> <span class='ocrx_word' id='word_1_499' title='bbox 805 3632 1099 3703; x_wconf 74' lang='grc' dir='ltr'>κειμένηςς</span> <span class='ocrx_word' id='word_1_500' title='bbox 1132 3631 1196 3685; x_wconf 79' lang='lat' dir='ltr'><strong>Ei</strong></span> <span class='ocrx_word' id='word_1_501' title='bbox 1221 3629 1277 3683; x_wconf 79' lang='grc' dir='ltr'>δὲ</span> <span class='ocrx_word' id='word_1_502' title='bbox 1299 3630 1579 3701; x_wconf 82' lang='grc' dir='ltr'>ἄπρακτος</span> <span class='ocrx_word' id='word_1_503' title='bbox 1604 3631 1638 3700; x_wconf 76' lang='grc' dir='ltr'><strong>ἡ</strong></span> <span class='ocrx_word' id='word_1_504' title='bbox 1668 3629 1921 3700; x_wconf 83' lang='grc' dir='ltr'>προαίρε-</span> 
     </span>
    </p>
   </div>
   <div class='ocr_carea' id='block_1_67' title="bbox 337 3722 1916 3802">
    <p class='ocr_par' dir='ltr' id='par_1_67' title="bbox 337 3722 1916 3802">
     <span class='ocr_line' id='line_1_67' title="bbox 337 3722 1916 3802; baseline -0.008 -16"><span class='ocrx_word' id='word_1_505' title='bbox 337 3749 425 3795; x_wconf 68' lang='lat' dir='ltr'><strong>at;</strong></span> <span class='ocrx_word' id='word_1_506' title='bbox 481 3730 659 3802; x_wconf 75' lang='grc' dir='ltr'>μένοι,</span> <span class='ocrx_word' id='word_1_507' title='bbox 712 3727 1004 3797; x_wconf 67' lang='grc' dir='ltr'>ἠφάνισται</span> <span class='ocrx_word' id='word_1_508' title='bbox 1055 3724 1176 3777; x_wconf 78' lang='grc' dir='ltr'>κατ’</span> <span class='ocrx_word' id='word_1_509' title='bbox 1221 3723 1468 3793; x_wconf 81' lang='grc' dir='ltr'>ἀνάγκην</span> <span class='ocrx_word' id='word_1_510' title='bbox 1516 3724 1549 3794; x_wconf 80' lang='grc' dir='ltr'>ἡ</span> <span class='ocrx_word' id='word_1_511' title='bbox 1595 3722 1799 3793; x_wconf 79' lang='grc' dir='ltr'>ἀρετὴ.</span> <span class='ocrx_word' id='word_1_512' title='bbox 1851 3724 1916 3793; x_wconf 78' lang='grc' dir='ltr'>τῇ</span> 
     </span>
    </p>
   </div>
   <div class='ocr_carea' id='block_1_68' title="bbox 340 3813 1920 3892">
    <p class='ocr_par' dir='ltr' id='par_1_68' title="bbox 340 3813 1920 3892">
     <span class='ocr_line' id='line_1_68' title="bbox 340 3813 1920 3892; baseline -0.007 -14"><span class='ocrx_word' id='word_1_513' title='bbox 340 3821 606 3892; x_wconf 59' lang='grc' dir='ltr'>ἀκινησίᾳ.</span> <span class='ocrx_word' id='word_1_514' title='bbox 647 3820 745 3890; x_wconf 75' lang='grc' dir='ltr'>τῆς</span> <span class='ocrx_word' id='word_1_515' title='bbox 776 3816 1150 3888; x_wconf 62' lang='grc' dir='ltr'>προαιρέσεως</span> <span class='ocrx_word' id='word_1_516' title='bbox 1180 3813 1596 3887; x_wconf 82' lang='grc' dir='ltr'>ἐμποδισθεῖσα·</span> <span class='ocrx_word' id='word_1_517' title='bbox 1628 3814 1828 3886; x_wconf 81' lang='grc' dir='ltr'>ἀρετῆς</span> <span class='ocrx_word' id='word_1_518' title='bbox 1862 3814 1920 3867; x_wconf 72' lang='grc' dir='ltr'>δὲ</span> 
     </span>
    </p>
   </div>
   <div class='ocr_carea' id='block_1_69' title="bbox 343 3905 1921 3986">
    <p class='ocr_par' dir='ltr' id='par_1_69' title="bbox 343 3905 1921 3986">
     <span class='ocr_line' id='line_1_69' title="bbox 343 3905 1921 3986; baseline -0.006 -18"><span class='ocrx_word' id='word_1_519' title='bbox 343 3916 429 3986; x_wconf 72' lang='grc' dir='ltr'>μὴ</span> <span class='ocrx_word' id='word_1_520' title='bbox 469 3913 656 3984; x_wconf 68' lang='grc' dir='ltr'>οὔσης,</span> <span class='ocrx_word' id='word_1_521' title='bbox 692 3913 722 3964; x_wconf 76' lang='grc' dir='ltr'><strong>ὁ</strong></span> <span class='ocrx_word' id='word_1_522' title='bbox 759 3911 870 3981; x_wconf 85' lang='grc' dir='ltr'>βίος</span> <span class='ocrx_word' id='word_1_523' title='bbox 911 3909 1217 3980; x_wconf 70' lang='grc' dir='ltr'>ἠτίμωται.</span> <span class='ocrx_word' id='word_1_524' title='bbox 1268 3906 1363 3963; x_wconf 70' lang='grc' dir='ltr'>καὶ</span> <span class='ocrx_word' id='word_1_525' title='bbox 1408 3905 1532 3960; x_wconf 83' lang='grc' dir='ltr'>καθ’</span> <span class='ocrx_word' id='word_1_526' title='bbox 1580 3906 1921 3977; x_wconf 76' lang='grc' dir='ltr'>εἱμαρμένην</span> 
     </span>
    </p>
   </div>
   <div class='ocr_carea' id='block_1_70' title="bbox 334 3995 1920 4079">
    <p class='ocr_par' dir='ltr' id='par_1_70' title="bbox 334 3995 1920 4079">
     <span class='ocr_line' id='line_1_70' title="bbox 334 3995 1920 4079; baseline -0.008 -19"><span class='ocrx_word' id='word_1_527' title='bbox 334 4006 522 4079; x_wconf 77' lang='grc' dir='ltr'>χωρεῖ</span> <span class='ocrx_word' id='word_1_528' title='bbox 555 4004 584 4057; x_wconf 83' lang='grc' dir='ltr'><strong>ό</strong></span> <span class='ocrx_word' id='word_1_529' title='bbox 623 4001 801 4071; x_wconf 82' lang='grc' dir='ltr'>λόγος,</span> <span class='ocrx_word' id='word_1_530' title='bbox 830 4000 1110 4072; x_wconf 76' lang='grc' dir='ltr'>ἀφῄρηται</span> <span class='ocrx_word' id='word_1_531' title='bbox 1140 3997 1249 4052; x_wconf 85' lang='grc' dir='ltr'><strong>τῶν</strong></span> <span class='ocrx_word' id='word_1_532' title='bbox 1276 3996 1683 4069; x_wconf 81' lang='grc' dir='ltr'>κατορθούντων</span> <span class='ocrx_word' id='word_1_533' title='bbox 1706 3997 1736 4048; x_wconf 83' lang='grc' dir='ltr'>ὁ</span> <span class='ocrx_word' id='word_1_534' title='bbox 1762 3995 1920 4049; x_wconf 69' lang='grc' dir='ltr'>ἔπαι-</span> 
     </span>
    </p>
   </div>
   <div class='ocr_carea' id='block_1_71' title="bbox 330 4086 1922 4165">
    <p class='ocr_par' dir='ltr' id='par_1_71' title="bbox 330 4086 1922 4165">
     <span class='ocr_line' id='line_1_71' title="bbox 330 4086 1922 4165; baseline -0.008 -14"><span class='ocrx_word' id='word_1_535' title='bbox 330 4116 461 4163; x_wconf 77' lang='grc' dir='ltr'>νοςο</span> <span class='ocrx_word' id='word_1_536' title='bbox 496 4095 750 4165; x_wconf 55' lang='grc' dir='ltr'>ἀνίκητος</span> <span class='ocrx_word' id='word_1_537' title='bbox 786 4096 824 4165; x_wconf 71' lang='grc' dir='ltr'><strong>ἡ</strong></span> <span class='ocrx_word' id='word_1_538' title='bbox 863 4091 1139 4164; x_wconf 72' lang='grc' dir='ltr'>ἁμαρτία,</span> <span class='ocrx_word' id='word_1_539' title='bbox 1173 4090 1395 4160; x_wconf 75' lang='grc' dir='ltr'>ἄκριτος</span> <span class='ocrx_word' id='word_1_540' title='bbox 1430 4090 1465 4160; x_wconf 81' lang='grc' dir='ltr'><strong>ἠ</strong></span> <span class='ocrx_word' id='word_1_541' title='bbox 1506 4086 1647 4141; x_wconf 83' lang='grc' dir='ltr'><strong>κατά</strong></span> <span class='ocrx_word' id='word_1_542' title='bbox 1678 4087 1769 4140; x_wconf 74' lang='grc' dir='ltr'>τὸν</span> <span class='ocrx_word' id='word_1_543' title='bbox 1809 4086 1922 4155; x_wconf 83' lang='grc' dir='ltr'>βίον</span> 
     </span>
    </p>
   </div>
   <div class='ocr_carea' id='block_1_72' title="bbox 329 4177 1921 4260">
    <p class='ocr_par' dir='ltr' id='par_1_72' title="bbox 329 4177 1921 4260">
     <span class='ocr_line' id='line_1_72' title="bbox 329 4177 1921 4260; baseline -0.009 -17"><span class='ocrx_word' id='word_1_544' title='bbox 329 4188 591 4260; x_wconf 69' lang='grc' dir='ltr'>διαφορά.</span> <span class='ocrx_word' id='word_1_545' title='bbox 622 4185 718 4249; x_wconf 85' lang='grc' dir='ltr'>Τίς</span> <span class='ocrx_word' id='word_1_546' title='bbox 742 4185 850 4256; x_wconf 87' lang='grc' dir='ltr'><strong>γάρ</strong></span> <span class='ocrx_word' id='word_1_547' title='bbox 876 4183 945 4237; x_wconf 84' lang='grc' dir='ltr'><strong>ἃν</strong></span> <span class='ocrx_word' id='word_1_548' title='bbox 973 4182 1053 4236; x_wconf 73' lang='grc' dir='ltr'>ἔτι</span> <span class='ocrx_word' id='word_1_549' title='bbox 1081 4182 1223 4235; x_wconf 83' lang='grc' dir='ltr'><strong>κατά</strong></span> <span class='ocrx_word' id='word_1_550' title='bbox 1248 4178 1311 4232; x_wconf 74' lang='grc' dir='ltr'>τὸ</span> <span class='ocrx_word' id='word_1_551' title='bbox 1336 4178 1555 4247; x_wconf 74' lang='grc' dir='ltr'>εὔλογον</span> <span class='ocrx_word' id='word_1_552' title='bbox 1586 4179 1619 4248; x_wconf 81' lang='grc' dir='ltr'>ἢ</span> <span class='ocrx_word' id='word_1_553' title='bbox 1647 4177 1921 4231; x_wconf 75' lang='grc' dir='ltr'>διαὸάλλοι</span> 
     </span>
    </p>
   </div>
   <div class='ocr_carea' id='block_1_73' title="bbox 328 4269 1922 4347">
    <p class='ocr_par' dir='ltr' id='par_1_73' title="bbox 328 4269 1922 4347">
     <span class='ocr_line' id='line_1_73' title="bbox 328 4269 1922 4347; baseline -0.009 -10"><span class='ocrx_word' id='word_1_554' title='bbox 328 4283 436 4337; x_wconf 78' lang='grc' dir='ltr'>τὸν</span> <span class='ocrx_word' id='word_1_555' title='bbox 480 4279 805 4339; x_wconf 78' lang='grc' dir='ltr'>ἀκόλαστον,</span> <span class='ocrx_word' id='word_1_556' title='bbox 863 4276 898 4347; x_wconf 71' lang='grc' dir='ltr'>ἦ</span> <span class='ocrx_word' id='word_1_557' title='bbox 937 4272 1184 4344; x_wconf 76' lang='grc' dir='ltr'>ἐπαινοίη</span> <span class='ocrx_word' id='word_1_558' title='bbox 1236 4271 1327 4325; x_wconf 74' lang='grc' dir='ltr'>τὸν</span> <span class='ocrx_word' id='word_1_559' title='bbox 1383 4270 1670 4341; x_wconf 79' lang='grc' dir='ltr'>σώφρονα;</span> <span class='ocrx_word' id='word_1_560' title='bbox 1707 4269 1922 4340; x_wconf 80' lang='grc' dir='ltr'>Ταύτης</span> 
     </span>
    </p>
   </div>
   <div class='ocr_carea' id='block_1_74' title="bbox 2019 3083 3585 3156">
    <p class='ocr_par' dir='ltr' id='par_1_74' title="bbox 2019 3083 3585 3156">
     <span class='ocr_line' id='line_1_74' title="bbox 2019 3083 3585 3156; baseline -0.002 -13"><span class='ocrx_word' id='word_1_561' title='bbox 2019 3089 2142 3145; x_wconf 90' lang='lat' dir='ltr'><strong>laus</strong></span> <span class='ocrx_word' id='word_1_562' title='bbox 2169 3102 2358 3143; x_wconf 88' lang='lat' dir='ltr'><strong>eorum</strong></span> <span class='ocrx_word' id='word_1_563' title='bbox 2400 3087 2490 3156; x_wconf 90' lang='lat' dir='ltr'><strong>qui</strong></span> <span class='ocrx_word' id='word_1_564' title='bbox 2523 3100 2582 3141; x_wconf 91' lang='lat' dir='ltr'><strong>sc</strong></span> <span class='ocrx_word' id='word_1_565' title='bbox 2610 3093 2760 3140; x_wconf 88' lang='lat' dir='ltr'><strong>recte</strong></span> <span class='ocrx_word' id='word_1_566' title='bbox 2822 3084 3055 3155; x_wconf 79' lang='lat' dir='ltr'><strong>gerunt?</strong></span> <span class='ocrx_word' id='word_1_567' title='bbox 3085 3083 3180 3139; x_wconf 76' lang='lat' dir='ltr'><strong>BSt</strong></span> <span class='ocrx_word' id='word_1_568' title='bbox 3213 3085 3358 3140; x_wconf 89' lang='lat' dir='ltr'><strong>enim</strong></span> <span class='ocrx_word' id='word_1_569' title='bbox 3411 3088 3585 3142; x_wconf 86' lang='lat' dir='ltr'><strong>solum</strong></span> 
     </span>
    </p>
   </div>
   <div class='ocr_carea' id='block_1_75' title="bbox 2017 3180 3585 3247">
    <p class='ocr_par' dir='ltr' id='par_1_75' title="bbox 2017 3180 3585 3247">
     <span class='ocr_line' id='line_1_75' title="bbox 2017 3180 3585 3247; baseline -0.001 -10"><span class='ocrx_word' id='word_1_570' title='bbox 2017 3181 2410 3242; x_wconf 83' lang='lat' dir='ltr'><strong>lnauimorum,</strong></span> <span class='ocrx_word' id='word_1_571' title='bbox 2429 3188 2523 3232; x_wconf 91' lang='lat' dir='ltr'><strong>aut</strong></span> <span class='ocrx_word' id='word_1_572' title='bbox 2553 3192 2744 3233; x_wconf 89' lang='lat' dir='ltr'><strong>eorum</strong></span> <span class='ocrx_word' id='word_1_573' title='bbox 2772 3192 2893 3246; x_wconf 68' lang='lat' dir='ltr'><strong>qua:</strong></span> <span class='ocrx_word' id='word_1_574' title='bbox 2919 3186 3047 3232; x_wconf 91' lang='lat' dir='ltr'><strong>sunt</strong></span> <span class='ocrx_word' id='word_1_575' title='bbox 3067 3180 3312 3247; x_wconf 80' lang='lat' dir='ltr'><strong>expertia</strong></span> <span class='ocrx_word' id='word_1_576' title='bbox 3341 3180 3585 3242; x_wconf 88' lang='lat' dir='ltr'><strong>rationis.</strong></span> 
     </span>
    </p>
   </div>
   <div class='ocr_carea' id='block_1_76' title="bbox 2019 3267 3591 3337">
    <p class='ocr_par' dir='ltr' id='par_1_76' title="bbox 2019 3267 3591 3337">
     <span class='ocr_line' id='line_1_76' title="bbox 2019 3267 3591 3337; baseline 0 -12"><span class='ocrx_word' id='word_1_577' title='bbox 2019 3270 2197 3325; x_wconf 82' lang='lat' dir='ltr'><strong>aliena</strong></span> <span class='ocrx_word' id='word_1_578' title='bbox 2227 3269 2507 3324; x_wconf 83' lang='lat' dir='ltr'><strong>voluntate</strong></span> <span class='ocrx_word' id='word_1_579' title='bbox 2537 3268 2603 3322; x_wconf 86' lang='lat' dir='ltr'><strong>ad</strong></span> <span class='ocrx_word' id='word_1_580' title='bbox 2639 3268 2691 3321; x_wconf 91' lang='lat' dir='ltr'><strong>id</strong></span> <span class='ocrx_word' id='word_1_581' title='bbox 2724 3267 2865 3337; x_wconf 89' lang='lat' dir='ltr'><strong>quod</strong></span> <span class='ocrx_word' id='word_1_582' title='bbox 2902 3268 3117 3322; x_wconf 87' lang='lat' dir='ltr'><strong>videtur</strong></span> <span class='ocrx_word' id='word_1_583' title='bbox 3147 3268 3365 3323; x_wconf 89' lang='lat' dir='ltr'><strong>adduci.</strong></span> <span class='ocrx_word' id='word_1_584' title='bbox 3401 3268 3591 3326; x_wconf 73' lang='lat' dir='ltr'><strong>Iiatio-</strong></span> 
     </span>
    </p>
   </div>
   <div class='ocr_carea' id='block_1_77' title="bbox 2020 3356 3649 3428">
    <p class='ocr_par' dir='ltr' id='par_1_77' title="bbox 2020 3356 3649 3428">
     <span class='ocr_line' id='line_1_77' title="bbox 2020 3356 3649 3428; baseline 0.002 -15"><span class='ocrx_word' id='word_1_585' title='bbox 2020 3359 2106 3414; x_wconf 89' lang='lat' dir='ltr'><strong>nis</strong></span> <span class='ocrx_word' id='word_1_586' title='bbox 2134 3364 2314 3412; x_wconf 87' lang='lat' dir='ltr'><strong>autem</strong></span> <span class='ocrx_word' id='word_1_587' title='bbox 2350 3356 2627 3428; x_wconf 80' lang='lat' dir='ltr'><strong>particeps</strong></span> <span class='ocrx_word' id='word_1_588' title='bbox 2679 3365 2733 3410; x_wconf 89' lang='lat' dir='ltr'><strong>et</strong></span> <span class='ocrx_word' id='word_1_589' title='bbox 2763 3356 3072 3427; x_wconf 80' lang='lat' dir='ltr'><strong>intelligens</strong></span> <span class='ocrx_word' id='word_1_590' title='bbox 3102 3369 3318 3423; x_wconf 88' lang='lat' dir='ltr'><strong>natura,</strong></span> <span class='ocrx_word' id='word_1_591' title='bbox 3366 3363 3410 3416; x_wconf 87' lang='lat' dir='ltr'><strong>si</strong></span> <span class='ocrx_word' id='word_1_592' title='bbox 3458 3362 3591 3416; x_wconf 84' lang='lat' dir='ltr'><strong>libe-</strong></span> <span class='ocrx_word' id='word_1_593' title='bbox 3646 3370 3649 3373; x_wconf 85' lang='lat'>&#39;</span> 
     </span>
    </p>
   </div>
   <div class='ocr_carea' id='block_1_78' title="bbox 2019 3448 3583 3522">
    <p class='ocr_par' dir='ltr' id='par_1_78' title="bbox 2019 3448 3583 3522">
     <span class='ocr_line' id='line_1_78' title="bbox 2019 3448 3583 3522; baseline 0 -17"><span class='ocrx_word' id='word_1_594' title='bbox 2019 3466 2141 3505; x_wconf 89' lang='lat' dir='ltr'><strong>rum</strong></span> <span class='ocrx_word' id='word_1_595' title='bbox 2207 3448 2526 3520; x_wconf 86' lang='lat' dir='ltr'><strong>deposuerit</strong></span> <span class='ocrx_word' id='word_1_596' title='bbox 2581 3448 2908 3511; x_wconf 71' lang='lat' dir='ltr'><strong>arbitrium,</strong></span> <span class='ocrx_word' id='word_1_597' title='bbox 2959 3449 3121 3504; x_wconf 89' lang='lat' dir='ltr'><strong>simul</strong></span> <span class='ocrx_word' id='word_1_598' title='bbox 3188 3452 3352 3505; x_wconf 88' lang='lat' dir='ltr'><strong>etiam</strong></span> <span class='ocrx_word' id='word_1_599' title='bbox 3414 3454 3583 3522; x_wconf 83' lang='lat' dir='ltr'><strong>perdit</strong></span> 
     </span>
    </p>
   </div>
   <div class='ocr_carea' id='block_1_79' title="bbox 2020 3538 3592 3615">
    <p class='ocr_par' dir='ltr' id='par_1_79' title="bbox 2020 3538 3592 3615">
     <span class='ocr_line' id='line_1_79' title="bbox 2020 3538 3592 3615; baseline 0.001 -19"><span class='ocrx_word' id='word_1_600' title='bbox 2020 3541 2253 3615; x_wconf 74' lang='lat' dir='ltr'><strong>gratiam</strong></span> <span class='ocrx_word' id='word_1_601' title='bbox 2291 3539 2683 3610; x_wconf 70' lang='lat' dir='ltr'><strong>intelligentim.</strong></span> <span class='ocrx_word' id='word_1_602' title='bbox 2729 3538 2807 3593; x_wconf 85' lang='lat' dir='ltr'><strong>Ad</strong></span> <span class='ocrx_word' id='word_1_603' title='bbox 2857 3540 2988 3610; x_wconf 89' lang='lat' dir='ltr'><strong>quid</strong></span> <span class='ocrx_word' id='word_1_604' title='bbox 3038 3542 3183 3595; x_wconf 89' lang='lat' dir='ltr'><strong>enim</strong></span> <span class='ocrx_word' id='word_1_605' title='bbox 3236 3559 3336 3598; x_wconf 89' lang='lat' dir='ltr'><strong>sua</strong></span> <span class='ocrx_word' id='word_1_606' title='bbox 3410 3553 3592 3600; x_wconf 76' lang='lat' dir='ltr'><strong>utetur</strong></span> 
     </span>
    </p>
   </div>
   <div class='ocr_carea' id='block_1_80' title="bbox 2020 3629 3592 3706">
    <p class='ocr_par' dir='ltr' id='par_1_80' title="bbox 2020 3629 3592 3706">
     <span class='ocr_line' id='line_1_80' title="bbox 2020 3629 3592 3706; baseline 0.003 -21"><span class='ocrx_word' id='word_1_607' title='bbox 2020 3642 2203 3686; x_wconf 88' lang='lat' dir='ltr'><strong>mente</strong></span> <span class='ocrx_word' id='word_1_608' title='bbox 2228 3644 2290 3688; x_wconf 77' lang='lat' dir='ltr'><strong>ac</strong></span> <span class='ocrx_word' id='word_1_609' title='bbox 2319 3630 2666 3699; x_wconf 79' lang='lat' dir='ltr'><strong>cegitatione,</strong></span> <span class='ocrx_word' id='word_1_610' title='bbox 2688 3629 2734 3683; x_wconf 89' lang='lat' dir='ltr'><strong>si</strong></span> <span class='ocrx_word' id='word_1_611' title='bbox 2759 3637 3003 3699; x_wconf 86' lang='lat' dir='ltr'><strong>potestas</strong></span> <span class='ocrx_word' id='word_1_612' title='bbox 3026 3631 3145 3701; x_wconf 83' lang='lat' dir='ltr'><strong>ejus</strong></span> <span class='ocrx_word' id='word_1_613' title='bbox 3164 3634 3419 3703; x_wconf 80' lang='lat' dir='ltr'><strong>eligendi,</strong></span> <span class='ocrx_word' id='word_1_614' title='bbox 3446 3638 3592 3706; x_wconf 84' lang='lat' dir='ltr'><strong>quod</strong></span> 
     </span>
    </p>
   </div>
   <div class='ocr_carea' id='block_1_81' title="bbox 2021 3719 3595 3781">
    <p class='ocr_par' dir='ltr' id='par_1_81' title="bbox 2021 3719 3595 3781">
     <span class='ocr_line' id='line_1_81' title="bbox 2021 3719 3595 3781; baseline 0.001 -4"><span class='ocrx_word' id='word_1_615' title='bbox 2021 3736 2123 3777; x_wconf 90' lang='lat' dir='ltr'><strong>suo</strong></span> <span class='ocrx_word' id='word_1_616' title='bbox 2153 3722 2421 3775; x_wconf 88' lang='lat' dir='ltr'><strong>arbitratu</strong></span> <span class='ocrx_word' id='word_1_617' title='bbox 2455 3720 2762 3781; x_wconf 88' lang='lat' dir='ltr'><strong>constituit,</strong></span> <span class='ocrx_word' id='word_1_618' title='bbox 2794 3719 2897 3775; x_wconf 89' lang='lat' dir='ltr'><strong>sita</strong></span> <span class='ocrx_word' id='word_1_619' title='bbox 2929 3730 3013 3775; x_wconf 91' lang='lat' dir='ltr'><strong>est</strong></span> <span class='ocrx_word' id='word_1_620' title='bbox 3042 3722 3096 3775; x_wconf 92' lang='lat' dir='ltr'><strong>in</strong></span> <span class='ocrx_word' id='word_1_621' title='bbox 3125 3722 3282 3778; x_wconf 86' lang='lat' dir='ltr'><strong>alio?</strong></span> <span class='ocrx_word' id='word_1_622' title='bbox 3311 3722 3367 3777; x_wconf 89' lang='lat' dir='ltr'><strong>Si</strong></span> <span class='ocrx_word' id='word_1_623' title='bbox 3416 3736 3595 3779; x_wconf 89' lang='lat' dir='ltr'><strong>manet</strong></span> 
     </span>
    </p>
   </div>
   <div class='ocr_carea' id='block_1_82' title="bbox 2020 3810 3592 3869">
    <p class='ocr_par' dir='ltr' id='par_1_82' title="bbox 2020 3810 3592 3869">
     <span class='ocr_line' id='line_1_82' title="bbox 2020 3810 3592 3869; baseline -0.001 -1"><span class='ocrx_word' id='word_1_624' title='bbox 2020 3826 2202 3868; x_wconf 88' lang='lat' dir='ltr'><strong>autem</strong></span> <span class='ocrx_word' id='word_1_625' title='bbox 2242 3810 2487 3868; x_wconf 73' lang='lat' dir='ltr'><strong>inefﬁcax</strong></span> <span class='ocrx_word' id='word_1_626' title='bbox 2522 3820 2575 3865; x_wconf 87' lang='lat' dir='ltr'><strong>et</strong></span> <span class='ocrx_word' id='word_1_627' title='bbox 2602 3812 2806 3866; x_wconf 91' lang='lat' dir='ltr'><strong>nullius</strong></span> <span class='ocrx_word' id='word_1_628' title='bbox 2840 3828 2974 3869; x_wconf 91' lang='lat' dir='ltr'><strong>usus</strong></span> <span class='ocrx_word' id='word_1_629' title='bbox 3015 3812 3244 3869; x_wconf 88' lang='lat' dir='ltr'><strong>liberum</strong></span> <span class='ocrx_word' id='word_1_630' title='bbox 3281 3815 3444 3868; x_wconf 90' lang='lat' dir='ltr'><strong>animi</strong></span> <span class='ocrx_word' id='word_1_631' title='bbox 3507 3816 3592 3869; x_wconf 84' lang='lat' dir='ltr'><strong>in—</strong></span> 
     </span>
    </p>
   </div>
   <div class='ocr_carea' id='block_1_83' title="bbox 2022 3904 3596 3967">
    <p class='ocr_par' dir='ltr' id='par_1_83' title="bbox 2022 3904 3596 3967">
     <span class='ocr_line' id='line_1_83' title="bbox 2022 3904 3596 3967; baseline -0.001 -5"><span class='ocrx_word' id='word_1_632' title='bbox 2022 3911 2276 3962; x_wconf 87' lang='lat' dir='ltr'><strong>stitutum</strong></span> <span class='ocrx_word' id='word_1_633' title='bbox 2311 3916 2366 3959; x_wconf 91' lang='lat' dir='ltr'><strong>et</strong></span> <span class='ocrx_word' id='word_1_634' title='bbox 2395 3904 2613 3967; x_wconf 87' lang='lat' dir='ltr'><strong>electio,</strong></span> <span class='ocrx_word' id='word_1_635' title='bbox 2652 3905 2976 3960; x_wconf 85' lang='lat' dir='ltr'><strong>necessario</strong></span> <span class='ocrx_word' id='word_1_636' title='bbox 3025 3906 3187 3959; x_wconf 88' lang='lat' dir='ltr'><strong>etiam</strong></span> <span class='ocrx_word' id='word_1_637' title='bbox 3256 3906 3454 3960; x_wconf 88' lang='lat' dir='ltr'><strong>abolita</strong></span> <span class='ocrx_word' id='word_1_638' title='bbox 3510 3917 3596 3961; x_wconf 86' lang='lat' dir='ltr'><strong>est</strong></span> 
     </span>
    </p>
   </div>
   <div class='ocr_carea' id='block_1_84' title="bbox 2021 3994 3593 4066">
    <p class='ocr_par' dir='ltr' id='par_1_84' title="bbox 2021 3994 3593 4066">
     <span class='ocr_line' id='line_1_84' title="bbox 2021 3994 3593 4066; baseline -0.001 -14"><span class='ocrx_word' id='word_1_639' title='bbox 2021 3999 2221 4060; x_wconf 82' lang='lat' dir='ltr'><strong>virtus,</strong></span> <span class='ocrx_word' id='word_1_640' title='bbox 2251 3996 2510 4066; x_wconf 82' lang='lat' dir='ltr'><strong>impedita</strong></span> <span class='ocrx_word' id='word_1_641' title='bbox 2545 3996 2925 4049; x_wconf 88' lang='lat' dir='ltr'><strong>immobilitate</strong></span> <span class='ocrx_word' id='word_1_642' title='bbox 2952 3995 3106 4050; x_wconf 89' lang='lat' dir='ltr'><strong>liberi</strong></span> <span class='ocrx_word' id='word_1_643' title='bbox 3132 3994 3365 4051; x_wconf 88' lang='lat' dir='ltr'><strong>arbitrii.</strong></span> <span class='ocrx_word' id='word_1_644' title='bbox 3401 3996 3456 4050; x_wconf 90' lang='lat' dir='ltr'><strong>Si</strong></span> <span class='ocrx_word' id='word_1_645' title='bbox 3488 4014 3593 4050; x_wconf 85' lang='lat' dir='ltr'><strong>non</strong></span> 
     </span>
    </p>
   </div>
   <div class='ocr_carea' id='block_1_85' title="bbox 2022 4082 3596 4152">
    <p class='ocr_par' dir='ltr' id='par_1_85' title="bbox 2022 4082 3596 4152">
     <span class='ocr_line' id='line_1_85' title="bbox 2022 4082 3596 4152; baseline -0.003 -10"><span class='ocrx_word' id='word_1_646' title='bbox 2022 4088 2095 4143; x_wconf 89' lang='lat' dir='ltr'><strong>sit</strong></span> <span class='ocrx_word' id='word_1_647' title='bbox 2133 4094 2316 4141; x_wconf 84' lang='lat' dir='ltr'><strong>autem</strong></span> <span class='ocrx_word' id='word_1_648' title='bbox 2357 4087 2550 4147; x_wconf 88' lang='lat' dir='ltr'><strong>virtus,</strong></span> <span class='ocrx_word' id='word_1_649' title='bbox 2588 4085 2797 4137; x_wconf 91' lang='lat' dir='ltr'><strong>honore</strong></span> <span class='ocrx_word' id='word_1_650' title='bbox 2830 4082 3039 4152; x_wconf 85' lang='lat' dir='ltr'><strong>privata</strong></span> <span class='ocrx_word' id='word_1_651' title='bbox 3080 4090 3166 4138; x_wconf 86' lang='lat' dir='ltr'><strong>est</strong></span> <span class='ocrx_word' id='word_1_652' title='bbox 3195 4084 3324 4151; x_wconf 89' lang='lat' dir='ltr'><strong>vita,</strong></span> <span class='ocrx_word' id='word_1_653' title='bbox 3381 4095 3434 4140; x_wconf 91' lang='lat' dir='ltr'><strong>et</strong></span> <span class='ocrx_word' id='word_1_654' title='bbox 3486 4086 3596 4140; x_wconf 79' lang='lat' dir='ltr'><strong>fato</strong></span> 
     </span>
    </p>
   </div>
   <div class='ocr_carea' id='block_1_86' title="bbox 2021 4175 3597 4251">
    <p class='ocr_par' dir='ltr' id='par_1_86' title="bbox 2021 4175 3597 4251">
     <span class='ocr_line' id='line_1_86' title="bbox 2021 4175 3597 4251; baseline 0.001 -18"><span class='ocrx_word' id='word_1_655' title='bbox 2021 4179 2273 4251; x_wconf 87' lang='lat' dir='ltr'><strong>procedit</strong></span> <span class='ocrx_word' id='word_1_656' title='bbox 2301 4176 2462 4239; x_wconf 88' lang='lat' dir='ltr'><strong>ratio,</strong></span> <span class='ocrx_word' id='word_1_657' title='bbox 2504 4176 2684 4231; x_wconf 87' lang='lat' dir='ltr'><strong>ablata</strong></span> <span class='ocrx_word' id='word_1_658' title='bbox 2723 4182 2806 4229; x_wconf 80' lang='lat' dir='ltr'><strong>est</strong></span> <span class='ocrx_word' id='word_1_659' title='bbox 2833 4175 2952 4230; x_wconf 90' lang='lat' dir='ltr'><strong>laus</strong></span> <span class='ocrx_word' id='word_1_660' title='bbox 2985 4190 3177 4230; x_wconf 89' lang='lat' dir='ltr'><strong>eorum</strong></span> <span class='ocrx_word' id='word_1_661' title='bbox 3205 4179 3296 4247; x_wconf 90' lang='lat' dir='ltr'><strong>qui</strong></span> <span class='ocrx_word' id='word_1_662' title='bbox 3334 4193 3393 4234; x_wconf 91' lang='lat' dir='ltr'><strong>se</strong></span> <span class='ocrx_word' id='word_1_663' title='bbox 3451 4190 3597 4235; x_wconf 86' lang='lat' dir='ltr'><strong>recte</strong></span> 
     </span>
    </p>
   </div>
   <div class='ocr_carea' id='block_1_87' title="bbox 2024 4266 3594 4343">
    <p class='ocr_par' dir='ltr' id='par_1_87' title="bbox 2024 4266 3594 4343">
     <span class='ocr_line' id='line_1_87' title="bbox 2024 4266 3594 4343; baseline -0.002 -17"><span class='ocrx_word' id='word_1_664' title='bbox 2024 4279 2242 4343; x_wconf 76' lang='lat' dir='ltr'><strong>gerunt,</strong></span> <span class='ocrx_word' id='word_1_665' title='bbox 2298 4282 2524 4339; x_wconf 89' lang='lat' dir='ltr'><strong>peccare</strong></span> <span class='ocrx_word' id='word_1_666' title='bbox 2580 4266 2758 4324; x_wconf 87' lang='lat' dir='ltr'><strong>cuivis</strong></span> <span class='ocrx_word' id='word_1_667' title='bbox 2804 4268 3025 4338; x_wconf 88' lang='lat' dir='ltr'><strong>impune</strong></span> <span class='ocrx_word' id='word_1_668' title='bbox 3074 4269 3218 4333; x_wconf 89' lang='lat' dir='ltr'><strong>licet,</strong></span> <span class='ocrx_word' id='word_1_669' title='bbox 3265 4270 3391 4326; x_wconf 66' lang='lat' dir='ltr'><strong>vitae</strong></span> <span class='ocrx_word' id='word_1_670' title='bbox 3437 4272 3594 4326; x_wconf 85' lang='lat' dir='ltr'><strong>insti-</strong></span> 
     </span>
    </p>
   </div>
   <div class='ocr_carea' id='block_1_88' title="bbox 328 4338 1913 4442">
    <p class='ocr_par' dir='ltr' id='par_1_88' title="bbox 328 4338 1913 4442">
     <span class='ocr_line' id='line_1_88' title="bbox 328 4338 1913 4442; baseline -0.009 -13"><span class='ocrx_word' id='word_1_671' title='bbox 328 4373 482 4429; x_wconf 79' lang='grc' dir='ltr'><strong>κατά</strong></span> <span class='ocrx_word' id='word_1_672' title='bbox 503 4371 567 4425; x_wconf 81' lang='grc' dir='ltr'>τὸ</span> <span class='ocrx_word' id='word_1_673' title='bbox 599 4338 898 4442; x_wconf 68' lang='grc' dir='ltr'>πρόχειρον</span> <span class='ocrx_word' id='word_1_674' title='bbox 916 4364 1080 4435; x_wconf 70' lang='grc' dir='ltr'>οὔσης</span> <span class='ocrx_word' id='word_1_675' title='bbox 1106 4338 1320 4434; x_wconf 75' lang='grc' dir='ltr'>ὲκάστῳ</span> <span class='ocrx_word' id='word_1_676' title='bbox 1344 4363 1443 4434; x_wconf 82' lang='grc' dir='ltr'>τῆς</span> <span class='ocrx_word' id='word_1_677' title='bbox 1469 4338 1832 4433; x_wconf 79' lang='grc' dir='ltr'>ἀποκρίσεως.</span> <span class='ocrx_word' id='word_1_678' title='bbox 1860 4338 1913 4415; x_wconf 71' lang='grc' dir='ltr'>τὸ</span> 
     </span>
    </p>
   </div>
   <div class='ocr_carea' id='block_1_89' title="bbox 2013 4338 3600 4442">
    <p class='ocr_par' dir='ltr' id='par_1_89' title="bbox 2028 4360 3600 4432">
     <span class='ocr_line' id='line_1_89' title="bbox 2028 4360 3600 4432; baseline -0.002 -14"><span class='ocrx_word' id='word_1_679' title='bbox 2028 4362 2245 4418; x_wconf 67' lang='lat' dir='ltr'><strong>tuendae</strong></span> <span class='ocrx_word' id='word_1_680' title='bbox 2271 4360 2571 4417; x_wconf 88' lang='lat' dir='ltr'><strong>discrimen</strong></span> <span class='ocrx_word' id='word_1_681' title='bbox 2603 4361 2814 4416; x_wconf 91' lang='lat' dir='ltr'><strong>nullum</strong></span> <span class='ocrx_word' id='word_1_682' title='bbox 2846 4369 3118 4432; x_wconf 87' lang='lat' dir='ltr'><strong>superest.</strong></span> <span class='ocrx_word' id='word_1_683' title='bbox 3169 4360 3306 4428; x_wconf 80' lang='lat' dir='ltr'><strong>Quis</strong></span> <span class='ocrx_word' id='word_1_684' title='bbox 3336 4364 3506 4427; x_wconf 89' lang='lat' dir='ltr'><strong>enim,</strong></span> <span class='ocrx_word' id='word_1_685' title='bbox 3540 4377 3600 4418; x_wconf 89' lang='grc' dir='ltr'><strong>ιιι</strong></span> 
     </span>
    </p>
   </div>
   <div class='ocr_carea' id='block_1_90' title="bbox 327 4448 1922 4535">
    <p class='ocr_par' dir='ltr' id='par_1_90' title="bbox 327 4448 1922 4535">
     <span class='ocr_line' id='line_1_90' title="bbox 327 4448 1922 4535; baseline -0.008 -18"><span class='ocrx_word' id='word_1_686' title='bbox 327 4463 510 4535; x_wconf 72' lang='grc' dir='ltr'>μηδὲν</span> <span class='ocrx_word' id='word_1_687' title='bbox 545 4460 632 4530; x_wconf 70' lang='grc' dir='ltr'><strong>ἐφ’</strong></span> <span class='ocrx_word' id='word_1_688' title='bbox 681 4461 816 4529; x_wconf 74' lang='grc' dir='ltr'>ἡμῖν</span> <span class='ocrx_word' id='word_1_689' title='bbox 848 4457 955 4510; x_wconf 83' lang='grc' dir='ltr'><strong>τῶν</strong></span> <span class='ocrx_word' id='word_1_690' title='bbox 986 4454 1130 4509; x_wconf 84' lang='grc' dir='ltr'><strong>κατά</strong></span> <span class='ocrx_word' id='word_1_691' title='bbox 1169 4452 1395 4525; x_wconf 83' lang='grc' dir='ltr'>γνώμην</span> <span class='ocrx_word' id='word_1_692' title='bbox 1435 4448 1597 4517; x_wconf 80' lang='grc' dir='ltr'>εἶναι,</span> <span class='ocrx_word' id='word_1_693' title='bbox 1633 4452 1922 4524; x_wconf 66' lang='grc' dir='ltr'><strong>δυναστείᾳ⁵</strong></span> 
     </span>
    </p>
   </div>
   <div class='ocr_carea' id='block_1_91' title="bbox 319 4544 1921 4626">
    <p class='ocr_par' dir='ltr' id='par_1_91' title="bbox 319 4544 1921 4626">
     <span class='ocr_line' id='line_1_91' title="bbox 319 4544 1921 4626; baseline -0.009 -16"><span class='ocrx_word' id='word_1_694' title='bbox 319 4557 387 4611; x_wconf 71' lang='grc' dir='ltr'>δὲ</span> <span class='ocrx_word' id='word_1_695' title='bbox 419 4553 690 4626; x_wconf 76' lang='grc' dir='ltr'>κρείττονι</span> <span class='ocrx_word' id='word_1_696' title='bbox 725 4550 823 4613; x_wconf 71' lang='grc' dir='ltr'>τὶς</span> <span class='ocrx_word' id='word_1_697' title='bbox 849 4547 1196 4621; x_wconf 81' lang='grc' dir='ltr'>ἀνθρωπίνας</span> <span class='ocrx_word' id='word_1_698' title='bbox 1226 4544 1574 4618; x_wconf 75' lang='grc' dir='ltr'>προαιρέσεις</span> <span class='ocrx_word' id='word_1_699' title='bbox 1598 4546 1734 4617; x_wconf 79' lang='grc' dir='ltr'>πρὸς</span> <span class='ocrx_word' id='word_1_700' title='bbox 1759 4544 1822 4598; x_wconf 82' lang='grc' dir='ltr'>τὸ</span> <span class='ocrx_word' id='word_1_701' title='bbox 1845 4545 1921 4615; x_wconf 80' lang='grc' dir='ltr'>τῷ</span> 
     </span>
    </p>
   </div>
   <div class='ocr_carea' id='block_1_92' title="bbox 322 4635 1922 4718">
    <p class='ocr_par' dir='ltr' id='par_1_92' title="bbox 322 4635 1922 4718">
     <span class='ocr_line' id='line_1_92' title="bbox 322 4635 1922 4718; baseline -0.008 -18"><span class='ocrx_word' id='word_1_702' title='bbox 322 4643 633 4718; x_wconf 69' lang='grc' dir='ltr'>κρατοῦντι</span> <span class='ocrx_word' id='word_1_703' title='bbox 658 4639 848 4696; x_wconf 83' lang='grc' dir='ltr'>δοκοῦν</span> <span class='ocrx_word' id='word_1_704' title='bbox 877 4637 1252 4710; x_wconf 76' lang='grc' dir='ltr'>περιάγεσθαι.</span> <span class='ocrx_word' id='word_1_705' title='bbox 1278 4635 1489 4690; x_wconf 79' lang='grc' dir='ltr'>οὐκοῦν</span> <span class='ocrx_word' id='word_1_706' title='bbox 1515 4636 1578 4689; x_wconf 85' lang='grc' dir='ltr'>οὐ</span> <span class='ocrx_word' id='word_1_707' title='bbox 1600 4636 1698 4707; x_wconf 80' lang='grc' dir='ltr'>τῆς</span> <span class='ocrx_word' id='word_1_708' title='bbox 1719 4635 1922 4705; x_wconf 85' lang='grc' dir='ltr'>ἀγαθό-</span> 
     </span>
    </p>
   </div>
   <div class='ocr_carea' id='block_1_93' title="bbox 320 4727 1922 4806">
    <p class='ocr_par' dir='ltr' id='par_1_93' title="bbox 320 4727 1922 4806">
     <span class='ocr_line' id='line_1_93' title="bbox 320 4727 1922 4806; baseline -0.005 -17"><span class='ocrx_word' id='word_1_709' title='bbox 320 4752 504 4806; x_wconf 77' lang='grc' dir='ltr'>τητος</span> <span class='ocrx_word' id='word_1_710' title='bbox 534 4732 628 4788; x_wconf 79' lang='grc' dir='ltr'>τοῦ</span> <span class='ocrx_word' id='word_1_711' title='bbox 657 4731 796 4787; x_wconf 78' lang='grc' dir='ltr'>Θεοῦ</span> <span class='ocrx_word' id='word_1_712' title='bbox 827 4732 890 4786; x_wconf 78' lang='grc' dir='ltr'>τὸ</span> <span class='ocrx_word' id='word_1_713' title='bbox 918 4728 1185 4801; x_wconf 73' lang='grc' dir='ltr'>ἔγκλημα.</span> <span class='ocrx_word' id='word_1_714' title='bbox 1214 4729 1277 4783; x_wconf 79' lang='grc' dir='ltr'><strong>τὸ</strong></span> <span class='ocrx_word' id='word_1_715' title='bbox 1305 4727 1381 4800; x_wconf 76' lang='grc' dir='ltr'>μὴ</span> <span class='ocrx_word' id='word_1_716' title='bbox 1410 4730 1575 4782; x_wconf 76' lang='grc' dir='ltr'>πᾶσιν</span> <span class='ocrx_word' id='word_1_717' title='bbox 1603 4728 1922 4797; x_wconf 67' lang='grc' dir='ltr'>ἐγγενέσθαι</span> 
     </span>
    </p>
   </div>
   <div class='ocr_carea' id='block_1_94' title="bbox 319 4820 1922 4896">
    <p class='ocr_par' dir='ltr' id='par_1_94' title="bbox 319 4820 1922 4896">
     <span class='ocr_line' id='line_1_94' title="bbox 319 4820 1922 4896; baseline -0.003 -17"><span class='ocrx_word' id='word_1_718' title='bbox 319 4829 438 4896; x_wconf 76' lang='grc' dir='ltr'>τὴν</span> <span class='ocrx_word' id='word_1_719' title='bbox 488 4826 707 4889; x_wconf 81' lang='grc' dir='ltr'>πίστιν.</span> <span class='ocrx_word' id='word_1_720' title='bbox 745 4823 883 4880; x_wconf 71' lang='grc' dir='ltr'>ἀλλὰ</span> <span class='ocrx_word' id='word_1_721' title='bbox 919 4823 1018 4895; x_wconf 78' lang='grc' dir='ltr'>τῆς</span> <span class='ocrx_word' id='word_1_722' title='bbox 1052 4820 1344 4887; x_wconf 70' lang='grc' dir='ltr'>διαθέσεως</span> <span class='ocrx_word' id='word_1_723' title='bbox 1386 4820 1493 4876; x_wconf 84' lang='grc' dir='ltr'><strong>τῶν</strong></span> <span class='ocrx_word' id='word_1_724' title='bbox 1523 4820 1828 4893; x_wconf 80' lang='grc' dir='ltr'>δεχομένων</span> <span class='ocrx_word' id='word_1_725' title='bbox 1858 4820 1922 4874; x_wconf 83' lang='grc' dir='ltr'>τὸ</span> 
     </span>
    </p>
   </div>
   <div class='ocr_carea' id='block_1_95' title="bbox 321 4922 627 4990">
    <p class='ocr_par' dir='ltr' id='par_1_95' title="bbox 321 4922 627 4990">
     <span class='ocr_line' id='line_1_95' title="bbox 321 4922 627 4990; baseline -0.016 -1"><span class='ocrx_word' id='word_1_726' title='bbox 321 4922 627 4990; x_wconf 66' lang='grc' dir='ltr'>κήρυγμα.</span> 
     </span>
    </p>
   </div>
   <div class='ocr_carea' id='block_1_96' title="bbox 2026 4443 3600 4527">
    <p class='ocr_par' dir='ltr' id='par_1_96' title="bbox 2026 4443 3600 4527">
     <span class='ocr_line' id='line_1_96' title="bbox 2026 4443 3600 4527; baseline 0 -18"><span class='ocrx_word' id='word_1_727' title='bbox 2026 4465 2112 4519; x_wconf 86' lang='lat' dir='ltr'><strong>est</strong></span> <span class='ocrx_word' id='word_1_728' title='bbox 2142 4453 2342 4508; x_wconf 90' lang='lat' dir='ltr'><strong>rationi</strong></span> <span class='ocrx_word' id='word_1_729' title='bbox 2372 4462 2824 4516; x_wconf 88' lang='lat' dir='ltr'><strong>consentaneum,</strong></span> <span class='ocrx_word' id='word_1_730' title='bbox 2856 4443 3092 4525; x_wconf 63' lang='lat' dir='ltr'><strong>amplius</strong></span> <span class='ocrx_word' id='word_1_731' title='bbox 3115 4454 3199 4511; x_wconf 89' lang='lat' dir='ltr'><strong>vel</strong></span> <span class='ocrx_word' id='word_1_732' title='bbox 3232 4456 3600 4527; x_wconf 85' lang='lat' dir='ltr'><strong>intemperan-</strong></span> 
     </span>
    </p>
   </div>
   <div class='ocr_carea' id='block_1_97' title="bbox 2028 4545 3604 4618">
    <p class='ocr_par' dir='ltr' id='par_1_97' title="bbox 2028 4545 3604 4618">
     <span class='ocr_line' id='line_1_97' title="bbox 2028 4545 3604 4618; baseline -0.001 -15"><span class='ocrx_word' id='word_1_733' title='bbox 2028 4557 2138 4605; x_wconf 86' lang='lat' dir='ltr'><strong>tem</strong></span> <span class='ocrx_word' id='word_1_734' title='bbox 2170 4545 2605 4618; x_wconf 86' lang='lat' dir='ltr'><strong>reprchenderit,</strong></span> <span class='ocrx_word' id='word_1_735' title='bbox 2657 4546 2741 4601; x_wconf 84' lang='lat' dir='ltr'><strong>vel</strong></span> <span class='ocrx_word' id='word_1_736' title='bbox 2800 4553 3198 4616; x_wconf 86' lang='lat' dir='ltr'><strong>temperantem</strong></span> <span class='ocrx_word' id='word_1_737' title='bbox 3256 4547 3549 4603; x_wconf 78' lang='lat' dir='ltr'><strong>laudaverit</strong></span> <span class='ocrx_word' id='word_1_738' title='bbox 3577 4549 3604 4602; x_wconf 75' lang='grc' dir='ltr'><strong><em>τ</em></strong></span> 
     </span>
    </p>
   </div>
   <div class='ocr_carea' id='block_1_98' title="bbox 2027 4637 3601 4710">
    <p class='ocr_par' dir='ltr' id='par_1_98' title="bbox 2027 4637 3601 4710">
     <span class='ocr_line' id='line_1_98' title="bbox 2027 4637 3601 4710; baseline -0.002 -15"><span class='ocrx_word' id='word_1_739' title='bbox 2027 4652 2154 4695; x_wconf 87' lang='lat' dir='ltr'><strong>cum</strong></span> <span class='ocrx_word' id='word_1_740' title='bbox 2185 4637 2418 4709; x_wconf 88' lang='lat' dir='ltr'><strong>quilibet</strong></span> <span class='ocrx_word' id='word_1_741' title='bbox 2449 4638 2506 4691; x_wconf 91' lang='lat' dir='ltr'><strong>in</strong></span> <span class='ocrx_word' id='word_1_742' title='bbox 2550 4645 2805 4708; x_wconf 88' lang='lat' dir='ltr'><strong>promptu</strong></span> <span class='ocrx_word' id='word_1_743' title='bbox 2865 4637 3010 4694; x_wconf 88' lang='lat' dir='ltr'><strong>hanc</strong></span> <span class='ocrx_word' id='word_1_744' title='bbox 3057 4637 3251 4694; x_wconf 88' lang='lat' dir='ltr'><strong>habeat</strong></span> <span class='ocrx_word' id='word_1_745' title='bbox 3287 4641 3601 4710; x_wconf 87' lang='lat' dir='ltr'><strong>responsio-</strong></span> 
     </span>
    </p>
   </div>
   <div class='ocr_carea' id='block_1_99' title="bbox 2029 4728 3602 4800">
    <p class='ocr_par' dir='ltr' id='par_1_99' title="bbox 2029 4728 3602 4800">
     <span class='ocr_line' id='line_1_99' title="bbox 2029 4728 3602 4800; baseline -0.002 -15"><span class='ocrx_word' id='word_1_746' title='bbox 2029 4744 2177 4796; x_wconf 88' lang='lat' dir='ltr'><strong>nem,</strong></span> <span class='ocrx_word' id='word_1_747' title='bbox 2212 4728 2358 4800; x_wconf 88' lang='lat' dir='ltr'><strong>quod</strong></span> <span class='ocrx_word' id='word_1_748' title='bbox 2388 4729 2523 4783; x_wconf 89' lang='lat' dir='ltr'><strong>nihil</strong></span> <span class='ocrx_word' id='word_1_749' title='bbox 2553 4743 2743 4784; x_wconf 87' lang='lat' dir='ltr'><strong>eorum</strong></span> <span class='ocrx_word' id='word_1_750' title='bbox 2785 4744 2909 4799; x_wconf 67' lang='lat' dir='ltr'><strong>quae</strong></span> <span class='ocrx_word' id='word_1_751' title='bbox 2948 4739 3137 4785; x_wconf 86' lang='lat' dir='ltr'><strong>nostro</strong></span> <span class='ocrx_word' id='word_1_752' title='bbox 3171 4731 3435 4786; x_wconf 89' lang='lat' dir='ltr'><strong>arbitratu</strong></span> <span class='ocrx_word' id='word_1_753' title='bbox 3488 4738 3602 4785; x_wconf 85' lang='lat' dir='ltr'><strong>sta-</strong></span> 
     </span>
    </p>
   </div>
   <div class='ocr_carea' id='block_1_100' title="bbox 1990 4820 3601 4893">
    <p class='ocr_par' dir='ltr' id='par_1_100' title="bbox 1990 4820 3601 4893">
     <span class='ocr_line' id='line_1_100' title="bbox 1990 4820 3601 4893; baseline -0.003 -16"><span class='ocrx_word' id='word_1_754' title='bbox 1990 4823 2256 4887; x_wconf 80' lang='lat' dir='ltr'><strong>‘tuimus,</strong></span> <span class='ocrx_word' id='word_1_755' title='bbox 2287 4821 2342 4876; x_wconf 91' lang='lat' dir='ltr'><strong>in</strong></span> <span class='ocrx_word' id='word_1_756' title='bbox 2375 4831 2563 4876; x_wconf 87' lang='lat' dir='ltr'><strong>nostra</strong></span> <span class='ocrx_word' id='word_1_757' title='bbox 2604 4820 2676 4876; x_wconf 92' lang='lat' dir='ltr'><strong>sit</strong></span> <span class='ocrx_word' id='word_1_758' title='bbox 2703 4826 2972 4891; x_wconf 86' lang='lat' dir='ltr'><strong>potestate</strong></span> <span class='ocrx_word' id='word_1_759' title='bbox 2996 4862 3013 4885; x_wconf 89' lang='lat'><strong>,</strong></span> <span class='ocrx_word' id='word_1_760' title='bbox 3056 4821 3248 4893; x_wconf 85' lang='lat' dir='ltr'><strong>majori</strong></span> <span class='ocrx_word' id='word_1_761' title='bbox 3289 4835 3467 4877; x_wconf 87' lang='lat' dir='ltr'><strong>autem</strong></span> <span class='ocrx_word' id='word_1_762' title='bbox 3502 4837 3601 4892; x_wconf 83' lang='lat' dir='ltr'><strong>pn-</strong></span> 
     </span>
    </p>
   </div>
   <div class='ocr_carea' id='block_1_101' title="bbox 2026 4912 3602 4984">
    <p class='ocr_par' dir='ltr' id='par_1_101' title="bbox 2026 4912 3602 4984">
     <span class='ocr_line' id='line_1_101' title="bbox 2026 4912 3602 4984; baseline -0.003 -14"><span class='ocrx_word' id='word_1_763' title='bbox 2026 4913 2197 4970; x_wconf 86' lang='lat' dir='ltr'><strong>tentia</strong></span> <span class='ocrx_word' id='word_1_764' title='bbox 2226 4914 2464 4967; x_wconf 83' lang='lat' dir='ltr'><strong>humana</strong></span> <span class='ocrx_word' id='word_1_765' title='bbox 2519 4912 2802 4967; x_wconf 76' lang='lat' dir='ltr'><strong>trahantur</strong></span> <span class='ocrx_word' id='word_1_766' title='bbox 2835 4912 3086 4970; x_wconf 86' lang='lat' dir='ltr'><strong>instituta</strong></span> <span class='ocrx_word' id='word_1_767' title='bbox 3124 4922 3177 4968; x_wconf 89' lang='lat' dir='ltr'><strong>ct</strong></span> <span class='ocrx_word' id='word_1_768' title='bbox 3210 4915 3489 4984; x_wconf 86' lang='lat' dir='ltr'><strong>proposita</strong></span> <span class='ocrx_word' id='word_1_769' title='bbox 3535 4914 3602 4968; x_wconf 85' lang='lat' dir='ltr'><strong>ad</strong></span> 
     </span>
    </p>
   </div>
   <div class='ocr_carea' id='block_1_102' title="bbox 323 5005 3603 5082">
    <p class='ocr_par' dir='ltr' id='par_1_102' title="bbox 323 5005 3603 5082">
     <span class='ocr_line' id='line_1_102' title="bbox 323 5005 3603 5082; baseline -0.001 -16"><span class='ocrx_word' id='word_1_770' title='bbox 323 5014 387 5071; x_wconf 76' lang='lat' dir='ltr'><strong>id</strong></span> <span class='ocrx_word' id='word_1_771' title='bbox 447 5011 599 5082; x_wconf 76' lang='lat' dir='ltr'><strong>quod</strong></span> <span class='ocrx_word' id='word_1_772' title='bbox 645 5010 798 5066; x_wconf 85' lang='lat' dir='ltr'><strong>lubet</strong></span> <span class='ocrx_word' id='word_1_773' title='bbox 826 5009 880 5066; x_wconf 83' lang='lat' dir='ltr'><strong>ei</strong></span> <span class='ocrx_word' id='word_1_774' title='bbox 911 5007 1006 5079; x_wconf 83' lang='lat' dir='ltr'><strong>qui</strong></span> <span class='ocrx_word' id='word_1_775' title='bbox 1055 5007 1399 5063; x_wconf 84' lang='lat' dir='ltr'><strong>dominatum</strong></span> <span class='ocrx_word' id='word_1_776' title='bbox 1445 5008 1679 5063; x_wconf 87' lang='lat' dir='ltr'><strong>obtinet.</strong></span> <span class='ocrx_word' id='word_1_777' title='bbox 1714 5005 1770 5061; x_wconf 92' lang='lat' dir='ltr'><strong>In</strong></span> <span class='ocrx_word' id='word_1_778' title='bbox 1830 5008 1921 5063; x_wconf 88' lang='lat' dir='ltr'><strong>Dei</strong></span> <span class='ocrx_word' id='word_1_779' title='bbox 1956 5023 2090 5080; x_wconf 79' lang='lat' dir='ltr'><strong>ergo</strong></span> <span class='ocrx_word' id='word_1_780' title='bbox 2158 5008 2459 5064; x_wconf 85' lang='lat' dir='ltr'><strong>bonitatem</strong></span> <span class='ocrx_word' id='word_1_781' title='bbox 2515 5007 2677 5079; x_wconf 83' lang='lat' dir='ltr'><strong>culpa</strong></span> <span class='ocrx_word' id='word_1_782' title='bbox 2736 5022 2846 5065; x_wconf 90' lang='lat' dir='ltr'><strong>non</strong></span> <span class='ocrx_word' id='word_1_783' title='bbox 2897 5017 2983 5065; x_wconf 92' lang='lat' dir='ltr'><strong>est</strong></span> <span class='ocrx_word' id='word_1_784' title='bbox 3050 5005 3405 5072; x_wconf 80' lang='lat' dir='ltr'><strong>conferenda,</strong></span> <span class='ocrx_word' id='word_1_785' title='bbox 3458 5011 3603 5080; x_wconf 83' lang='lat' dir='ltr'><strong>quod</strong></span> 
     </span>
    </p>
   </div>
   <div class='ocr_carea' id='block_1_103' title="bbox 322 5096 3235 5172">
    <p class='ocr_par' dir='ltr' id='par_1_103' title="bbox 322 5096 3235 5172">
     <span class='ocr_line' id='line_1_103' title="bbox 322 5096 3235 5172; baseline -0.003 -13"><span class='ocrx_word' id='word_1_786' title='bbox 322 5119 455 5159; x_wconf 77' lang='grc' dir='ltr'>ιιοιι</span> <span class='ocrx_word' id='word_1_787' title='bbox 509 5101 566 5156; x_wconf 79' lang='lat' dir='ltr'><strong>in</strong></span> <span class='ocrx_word' id='word_1_788' title='bbox 610 5098 870 5157; x_wconf 80' lang='lat' dir='ltr'><strong>omnibus</strong></span> <span class='ocrx_word' id='word_1_789' title='bbox 939 5097 1103 5154; x_wconf 78' lang='lat' dir='ltr'><strong>fuerit</strong></span> <span class='ocrx_word' id='word_1_790' title='bbox 1132 5096 1288 5164; x_wconf 79' lang='lat' dir='ltr'><strong>ﬁdes,</strong></span> <span class='ocrx_word' id='word_1_791' title='bbox 1341 5098 1439 5155; x_wconf 76' lang='lat' dir='ltr'><strong>sed</strong></span> <span class='ocrx_word' id='word_1_792' title='bbox 1469 5098 1525 5154; x_wconf 86' lang='lat' dir='ltr'><strong>in</strong></span> <span class='ocrx_word' id='word_1_793' title='bbox 1580 5097 1923 5155; x_wconf 76' lang='lat' dir='ltr'><strong>aﬂ&#39;eclionem</strong></span> <span class='ocrx_word' id='word_1_794' title='bbox 1962 5114 2177 5167; x_wconf 83' lang='lat' dir='ltr'><strong>eorum,</strong></span> <span class='ocrx_word' id='word_1_795' title='bbox 2209 5100 2303 5172; x_wconf 90' lang='lat' dir='ltr'><strong>qui</strong></span> <span class='ocrx_word' id='word_1_796' title='bbox 2337 5098 2776 5170; x_wconf 68' lang='lat' dir='ltr'><strong>praedicationem</strong></span> <span class='ocrx_word' id='word_1_797' title='bbox 2805 5098 2955 5154; x_wconf 81' lang='lat' dir='ltr'><strong>verbi</strong></span> <span class='ocrx_word' id='word_1_798' title='bbox 2986 5096 3235 5154; x_wconf 88' lang='lat' dir='ltr'><strong>audiunt.</strong></span> 
     </span>
    </p>
   </div>
   <div class='ocr_carea' id='block_1_104' title="bbox 924 5193 1363 5248">
    <p class='ocr_par' dir='ltr' id='par_1_104' title="bbox 924 5193 1363 5248">
     <span class='ocr_line' id='line_1_104' title="bbox 924 5193 1363 5248; baseline 0.005 -2"><span class='ocrx_word' id='word_1_799' title='bbox 924 5193 1176 5247; x_wconf 66' lang='grc' dir='ltr'><strong>ΚΕΦΔΔ.</strong></span> <span class='ocrx_word' id='word_1_800' title='bbox 1240 5193 1363 5248; x_wconf 75' lang='lat' dir='ltr'><strong>AB&#39;.</strong></span> 
     </span>
    </p>
   </div>
   <div class='ocr_carea' id='block_1_105' title="bbox 2580 5190 3063 5249">
    <p class='ocr_par' dir='ltr' id='par_1_105' title="bbox 2580 5190 3063 5249">
     <span class='ocr_line' id='line_1_105' title="bbox 2580 5190 3063 5249; baseline -0.008 0"><span class='ocrx_word' id='word_1_801' title='bbox 2580 5190 2815 5249; x_wconf 81' lang='lat' dir='ltr'><strong>CAPUT</strong></span> <span class='ocrx_word' id='word_1_802' title='bbox 2846 5192 3063 5248; x_wconf 76' lang='lat' dir='ltr'><strong>XXXII.</strong></span> 
     </span>
    </p>
   </div>
   <div class='ocr_carea' id='block_1_106' title="bbox 406 5280 1913 5358">
    <p class='ocr_par' dir='ltr' id='par_1_106' title="bbox 406 5280 1913 5358">
     <span class='ocr_line' id='line_1_106' title="bbox 406 5280 1913 5358; baseline 0.003 -23"><span class='ocrx_word' id='word_1_803' title='bbox 406 5282 488 5336; x_wconf 83' lang='grc' dir='ltr'>τί</span> <span class='ocrx_word' id='word_1_804' title='bbox 524 5280 662 5356; x_wconf 76' lang='grc' dir='ltr'>πρὸς</span> <span class='ocrx_word' id='word_1_805' title='bbox 690 5281 900 5345; x_wconf 85' lang='grc' dir='ltr'>τούτοις</span> <span class='ocrx_word' id='word_1_806' title='bbox 933 5281 1013 5335; x_wconf 76' lang='grc' dir='ltr'>ἔτι</span> <span class='ocrx_word' id='word_1_807' title='bbox 1052 5281 1202 5355; x_wconf 78' lang='grc' dir='ltr'><strong>παρά</strong></span> <span class='ocrx_word' id='word_1_808' title='bbox 1234 5281 1343 5337; x_wconf 85' lang='grc' dir='ltr'><strong>τῶν</strong></span> <span class='ocrx_word' id='word_1_809' title='bbox 1379 5283 1766 5353; x_wconf 78' lang='grc' dir='ltr'>ἀντιλεγόντων</span> <span class='ocrx_word' id='word_1_810' title='bbox 1796 5302 1913 5358; x_wconf 75' lang='grc' dir='ltr'><strong>προ⁴</strong></span> 
     </span>
    </p>
   </div>
   <div class='ocr_carea' id='block_1_107' title="bbox 2013 5280 3607 5358">
    <p class='ocr_par' dir='ltr' id='par_1_107' title="bbox 2104 5282 3607 5355">
     <span class='ocr_line' id='line_1_107' title="bbox 2104 5282 3607 5355; baseline 0.003 -18"><span class='ocrx_word' id='word_1_811' title='bbox 2104 5283 2247 5351; x_wconf 81' lang='lat' dir='ltr'><strong>Quid</strong></span> <span class='ocrx_word' id='word_1_812' title='bbox 2279 5291 2474 5355; x_wconf 69' lang='lat' dir='ltr'><strong>praeter</strong></span> <span class='ocrx_word' id='word_1_813' title='bbox 2507 5284 2623 5339; x_wconf 61' lang='lat' dir='ltr'><strong>haec</strong></span> <span class='ocrx_word' id='word_1_814' title='bbox 2670 5282 2896 5338; x_wconf 72' lang='lat' dir='ltr'><strong>ali‘ertur</strong></span> <span class='ocrx_word' id='word_1_815' title='bbox 2947 5284 3017 5339; x_wconf 89' lang='lat' dir='ltr'><strong>ab</strong></span> <span class='ocrx_word' id='word_1_816' title='bbox 3056 5283 3125 5339; x_wconf 90' lang='lat' dir='ltr'><strong>iis</strong></span> <span class='ocrx_word' id='word_1_817' title='bbox 3179 5285 3273 5355; x_wconf 87' lang='lat' dir='ltr'><strong>qui</strong></span> <span class='ocrx_word' id='word_1_818' title='bbox 3325 5287 3607 5342; x_wconf 85' lang='lat' dir='ltr'><strong>contradi-</strong></span> 
     </span>
    </p>
   </div>
   <div class='ocr_carea' id='block_1_108' title="bbox 323 5373 1913 5448">
    <p class='ocr_par' dir='ltr' id='par_1_108' title="bbox 323 5373 1913 5448">
     <span class='ocr_line' id='line_1_108' title="bbox 323 5373 1913 5448; baseline -0.001 -18"><span class='ocrx_word' id='word_1_819' title='bbox 323 5376 618 5448; x_wconf 69' lang='grc' dir='ltr'>φέρεταιῖ.</span> <span class='ocrx_word' id='word_1_820' title='bbox 646 5374 719 5428; x_wconf 77' lang='grc' dir='ltr'><strong>Τὸ</strong></span> <span class='ocrx_word' id='word_1_821' title='bbox 744 5373 982 5446; x_wconf 79' lang='grc' dir='ltr'>μάλιστα</span> <span class='ocrx_word' id='word_1_822' title='bbox 1017 5373 1117 5445; x_wconf 70' lang='grc' dir='ltr'>μὲν</span> <span class='ocrx_word' id='word_1_823' title='bbox 1163 5374 1239 5446; x_wconf 74' lang='grc' dir='ltr'>μὴ</span> <span class='ocrx_word' id='word_1_824' title='bbox 1280 5374 1416 5439; x_wconf 84' lang='grc' dir='ltr'>ὅλως</span> <span class='ocrx_word' id='word_1_825' title='bbox 1453 5375 1561 5430; x_wconf 79' lang='grc' dir='ltr'>δεῖν</span> <span class='ocrx_word' id='word_1_826' title='bbox 1591 5377 1673 5440; x_wconf 85' lang='grc' dir='ltr'><strong>είς</strong></span> <span class='ocrx_word' id='word_1_827' title='bbox 1701 5376 1913 5432; x_wconf 76' lang='grc' dir='ltr'>θανάτοι</span> 
     </span>
    </p>
   </div>
   <div class='ocr_carea' id='block_1_109' title="bbox 2013 5373 3609 5448">
    <p class='ocr_par' dir='ltr' id='par_1_109' title="bbox 2034 5375 3609 5447">
     <span class='ocr_line' id='line_1_109' title="bbox 2034 5375 3609 5447; baseline -0.002 -14"><span class='ocrx_word' id='word_1_828' title='bbox 2034 5378 2199 5433; x_wconf 82' lang='lat' dir='ltr'><strong>cunt?</strong></span> <span class='ocrx_word' id='word_1_829' title='bbox 2216 5375 2446 5432; x_wconf 68' lang='lat' dir='ltr'><strong>Maxime</strong></span> <span class='ocrx_word' id='word_1_830' title='bbox 2464 5375 2706 5446; x_wconf 86' lang='lat' dir='ltr'><strong>quidem.</strong></span> <span class='ocrx_word' id='word_1_831' title='bbox 2727 5375 2871 5445; x_wconf 84' lang='lat' dir='ltr'><strong>quod</strong></span> <span class='ocrx_word' id='word_1_832' title='bbox 2904 5391 3011 5429; x_wconf 91' lang='lat' dir='ltr'><strong>non</strong></span> <span class='ocrx_word' id='word_1_833' title='bbox 3045 5386 3321 5447; x_wconf 82' lang='lat' dir='ltr'><strong>oporteret</strong></span> <span class='ocrx_word' id='word_1_834' title='bbox 3338 5392 3609 5433; x_wconf 76' lang='lat' dir='ltr'><strong>sumntum</strong></span> 
     </span>
    </p>
   </div>
   <div class='ocr_carea' id='block_1_110' title="bbox 326 5464 1913 5538">
    <p class='ocr_par' dir='ltr' id='par_1_110' title="bbox 326 5464 1913 5537">
     <span class='ocr_line' id='line_1_110' title="bbox 326 5464 1913 5537; baseline -0.001 -16"><span class='ocrx_word' id='word_1_835' title='bbox 326 5470 548 5537; x_wconf 69' lang='grc' dir='ltr'>πεῖραν</span> <span class='ocrx_word' id='word_1_836' title='bbox 574 5464 750 5520; x_wconf 69' lang='grc' dir='ltr'>ἐλθεῖν</span> <span class='ocrx_word' id='word_1_837' title='bbox 776 5466 878 5535; x_wconf 76' lang='grc' dir='ltr'><strong>τὴν</strong></span> <span class='ocrx_word' id='word_1_838' title='bbox 915 5464 1290 5536; x_wconf 63' lang='grc' dir='ltr'>ὑπερέχουσαν</span> <span class='ocrx_word' id='word_1_839' title='bbox 1320 5464 1501 5535; x_wconf 76' lang='grc' dir='ltr'>φύσιν.</span> <span class='ocrx_word' id='word_1_840' title='bbox 1524 5466 1660 5520; x_wconf 70' lang='grc' dir='ltr'>ἀλλὰ</span> <span class='ocrx_word' id='word_1_841' title='bbox 1685 5466 1778 5519; x_wconf 61' lang='grc' dir='ltr'><strong>κα)⁸</strong></span> <span class='ocrx_word' id='word_1_842' title='bbox 1807 5466 1913 5536; x_wconf 75' lang='grc' dir='ltr'><strong>δῖχα</strong></span> 
     </span>
    </p>
   </div>
   <div class='ocr_carea' id='block_1_111' title="bbox 2013 5464 3613 5538">
    <p class='ocr_par' dir='ltr' id='par_1_111' title="bbox 2032 5469 3613 5538">
     <span class='ocr_line' id='line_1_111' title="bbox 2032 5469 3613 5538; baseline -0.003 -13"><span class='ocrx_word' id='word_1_843' title='bbox 2032 5477 2086 5525; x_wconf 91' lang='lat' dir='ltr'><strong>et</strong></span> <span class='ocrx_word' id='word_1_844' title='bbox 2115 5469 2612 5538; x_wconf 86' lang='lat' dir='ltr'><strong>supereminentem</strong></span> <span class='ocrx_word' id='word_1_845' title='bbox 2643 5476 2893 5521; x_wconf 87' lang='lat' dir='ltr'><strong>naturam</strong></span> <span class='ocrx_word' id='word_1_846' title='bbox 2924 5469 3148 5524; x_wconf 89' lang='lat' dir='ltr'><strong>omnino</strong></span> <span class='ocrx_word' id='word_1_847' title='bbox 3177 5471 3374 5526; x_wconf 87' lang='lat' dir='ltr'><strong>mortis</strong></span> <span class='ocrx_word' id='word_1_848' title='bbox 3423 5472 3613 5526; x_wconf 86' lang='lat' dir='ltr'><strong>subire</strong></span> 
     </span>
    </p>
   </div>
   <div class='ocr_carea' id='block_1_112' title="bbox 325 5549 1913 5633">
    <p class='ocr_par' dir='ltr' id='par_1_112' title="bbox 325 5549 1913 5629">
     <span class='ocr_line' id='line_1_112' title="bbox 325 5549 1913 5629; baseline 0 -18"><span class='ocrx_word' id='word_1_849' title='bbox 325 5556 542 5612; x_wconf 67' lang='grc' dir='ltr'>τούτου</span> <span class='ocrx_word' id='word_1_850' title='bbox 566 5557 634 5625; x_wconf 77' lang='grc' dir='ltr'><strong>τῇ</strong></span> <span class='ocrx_word' id='word_1_851' title='bbox 664 5549 949 5626; x_wconf 62' lang='grc' dir='ltr'>περιουσίᾳ</span> <span class='ocrx_word' id='word_1_852' title='bbox 972 5556 1071 5627; x_wconf 82' lang='grc' dir='ltr'>τῆς</span> <span class='ocrx_word' id='word_1_853' title='bbox 1097 5556 1376 5627; x_wconf 61' lang='grc' dir='ltr'>δυνάμεως</span> <span class='ocrx_word' id='word_1_854' title='bbox 1403 5556 1664 5611; x_wconf 85' lang='grc' dir='ltr'>δύνασθαι</span> <span class='ocrx_word' id='word_1_855' title='bbox 1692 5557 1758 5611; x_wconf 77' lang='grc' dir='ltr'>ἂν</span> <span class='ocrx_word' id='word_1_856' title='bbox 1790 5558 1913 5629; x_wconf 81' lang='grc' dir='ltr'>μετᾶ</span> 
     </span>
    </p>
   </div>
   <div class='ocr_carea' id='block_1_113' title="bbox 2013 5549 3614 5633">
    <p class='ocr_par' dir='ltr' id='par_1_113' title="bbox 2032 5556 3614 5633">
     <span class='ocr_line' id='line_1_113' title="bbox 2032 5556 3614 5633; baseline -0.006 -17"><span class='ocrx_word' id='word_1_857' title='bbox 2032 5558 2446 5631; x_wconf 79' lang='lat' dir='ltr'><strong>experientiam,</strong></span> <span class='ocrx_word' id='word_1_858' title='bbox 2478 5556 2573 5613; x_wconf 87' lang='lat' dir='ltr'><strong>sed</strong></span> <span class='ocrx_word' id='word_1_859' title='bbox 2610 5557 2816 5629; x_wconf 88' lang='lat' dir='ltr'><strong>absque</strong></span> <span class='ocrx_word' id='word_1_860' title='bbox 2843 5574 2907 5614; x_wconf 88' lang='lat' dir='ltr'><strong>ea</strong></span> <span class='ocrx_word' id='word_1_861' title='bbox 2938 5575 3038 5616; x_wconf 89' lang='lat' dir='ltr'><strong>sua</strong></span> <span class='ocrx_word' id='word_1_862' title='bbox 3090 5561 3291 5633; x_wconf 74' lang='lat' dir='ltr'><strong>insigni</strong></span> <span class='ocrx_word' id='word_1_863' title='bbox 3320 5566 3373 5615; x_wconf 88' lang='lat' dir='ltr'><strong>et</strong></span> <span class='ocrx_word' id='word_1_864' title='bbox 3428 5556 3614 5615; x_wconf 50' lang='lat' dir='ltr'><strong>excel‘</strong></span> 
     </span>
    </p>
   </div>
   <div class='ocr_carea' id='block_1_114' title="bbox 330 5645 1929 5721">
    <p class='ocr_par' dir='ltr' id='par_1_114' title="bbox 330 5645 1929 5721">
     <span class='ocr_line' id='line_1_114' title="bbox 330 5645 1929 5721; baseline 0.003 -22"><span class='ocrx_word' id='word_1_865' title='bbox 330 5646 638 5721; x_wconf 62' lang='grc' dir='ltr'>ῥᾳστώνης</span> <span class='ocrx_word' id='word_1_866' title='bbox 670 5645 731 5699; x_wconf 81' lang='grc' dir='ltr'><strong>τδ</strong></span> <span class='ocrx_word' id='word_1_867' title='bbox 756 5645 940 5703; x_wconf 73' lang='grc' dir='ltr'>δοκοῦν</span> <span class='ocrx_word' id='word_1_868' title='bbox 972 5647 1431 5721; x_wconf 78' lang='grc' dir='ltr'>κατεργάσασθαι.</span> <span class='ocrx_word' id='word_1_869' title='bbox 1476 5648 1538 5704; x_wconf 85' lang='grc' dir='ltr'><strong>Εἰ</strong></span> <span class='ocrx_word' id='word_1_870' title='bbox 1579 5646 1633 5704; x_wconf 65' lang='grc' dir='ltr'>δὲ</span> <span class='ocrx_word' id='word_1_871' title='bbox 1667 5651 1757 5706; x_wconf 65' lang='grc' dir='ltr'>καὶ</span> <span class='ocrx_word' id='word_1_872' title='bbox 1795 5653 1929 5707; x_wconf 84' lang='grc' dir='ltr'>πάν-</span> 
     </span>
    </p>
   </div>
   <div class='ocr_carea' id='block_1_115' title="bbox 2037 5643 3618 5725">
    <p class='ocr_par' dir='ltr' id='par_1_115' title="bbox 2037 5643 3618 5725">
     <span class='ocr_line' id='line_1_115' title="bbox 2037 5643 3618 5725; baseline -0.006 -20"><span class='ocrx_word' id='word_1_873' title='bbox 2037 5652 2181 5709; x_wconf 87' lang='lat' dir='ltr'><strong>leutc</strong></span> <span class='ocrx_word' id='word_1_874' title='bbox 2211 5654 2409 5708; x_wconf 87' lang='lat' dir='ltr'><strong>virtute</strong></span> <span class='ocrx_word' id='word_1_875' title='bbox 2439 5658 2621 5722; x_wconf 81' lang='lat' dir='ltr'><strong>posset</strong></span> <span class='ocrx_word' id='word_1_876' title='bbox 2658 5649 2917 5707; x_wconf 79' lang='lat' dir='ltr'><strong>facillime</strong></span> <span class='ocrx_word' id='word_1_877' title='bbox 2958 5653 3103 5725; x_wconf 88' lang='lat' dir='ltr'><strong>quod</strong></span> <span class='ocrx_word' id='word_1_878' title='bbox 3153 5651 3443 5707; x_wconf 86' lang='lat' dir='ltr'><strong>videbatur</strong></span> <span class='ocrx_word' id='word_1_879' title='bbox 3504 5643 3618 5702; x_wconf 81' lang='lat' dir='ltr'><strong>etil-</strong></span> 
     </span>
    </p>
   </div>
  </div>
