4072 6212
584 219 647 268 ῗέι
1851 223 1906 271 Β,
1943 221 2152 276 (liilitil

2256 225 2265 272 i
2312 220 2350 271 λ
2365 219 2600 273 γεδεΝι
3765 224 3830 273 ιςο

575 356 714 396 eet'e.
751 341 910 406 Quod
974 339 1017 392 si
1067 340 1230 394 etiam
1267 356 1466 394 arcana
1534 342 1715 411 aliqua
1767 342 1976 396 ratione
2045 341 2144 392 hoc

2256 357 2355 403 τως
2390 341 2493 394 ἔδει
2528 343 2682 395 τοῦτο
2719 340 2854 395 κοιτὰ
2888 357 3003 393 τινα
3045 340 3199 407 λόγον
3231 339 3565 411 ἀπόρρητον·
3602 339 3712 393 ἀλλ’
3741 341 3830 395 οὖν

575 432 796 486 omnino
828 431 940 485 ﬁeri
1001 431 1304 499 oportebat,
1362 449 1468 486 non
1532 441 1710 488 tamen
1775 433 2149 502 ignominiosa:

576 522 770 576 mortis
805 521 940 576 allici
973 520 1263 576 dedecore.
1298 526 1427 588 Qum
1471 524 1615 578 enim
1667 540 1835 587 mors,
1874 525 2147 592 inquiunt,

586 621 670 667 est
701 611 1119 682 ignominiosior
1149 627 1209 666 ea
1242 628 1365 682 quae
1421 629 1514 684 per
1541 629 1756 669 crucem
1808 615 2153 669 sustinetur?

575 704 717 768 Quid
740 720 870 774 ergo
909 703 975 757 ad
1011 705 1124 758 lucc
1157 720 1373 775 quoque
1407 707 1638 761 dicimus
1665 707 1686 760 ?
1719 707 1909 762 Mortis
1929 707 2148 777 quidem

575 797 959 852 necessitatem
991 795 1154 850 cllicit
1204 795 1464 851 nascendi
1503 795 1767 852 conditio.
1828 797 1961 850 Eum
2006 797 2150 850 enim

528 890 670 962 _qui
728 887 894 942 semel
953 894 1220 940 statuerat
1272 902 1395 944 esse
1441 887 1714 956 particeps
1769 887 2150 952 humanitatis,

575 967 861 1052 oportebat
913 982 1209 1051 pervadere
1269 994 1458 1034 omnes
1510 987 1718 1034 natura:
1764 981 2148 1050 proprietates.

580 1071 636 1126 Si
677 1087 808 1142 ergo
836 1087 958 1126 cum
993 1070 1212 1125 duobus
1241 1070 1440 1126 ﬁnibus
1468 1079 1768 1139 intercepta
1800 1071 1872 1124 sit
1917 1071 2153 1124 humana

579 1174 796 1229 natura,
831 1165 881 1216 in
920 1180 1030 1217 uno
1074 1161 1286 1224 fuisset,
1329 1171 1382 1216 et
1436 1163 1667 1216 alterttm
1701 1178 1808 1214 non
1861 1163 2149 1230 attigisstet,

577 1255 1021 1326 semiperfeetum
1076 1255 1367 1308 mansisset
1424 1253 1800 1323 propositum,
1838 1262 1895 1306 ut
1928 1256 2018 1322 qui
2057 1271 2156 1308 no-

579 1357 706 1402 strm
740 1355 948 1400 natura'
999 1346 1228 1400 alteram
1265 1362 1373 1399 non
1429 1345 1702 1416 attigisset
1738 1347 2149 1415 proprietatem.

580 1439 836 1493 Fortasse
883 1448 1062 1493 autem
1099 1439 1395 1509 quispiam,
1443 1454 1568 1494 cum
1627 1439 1943 1510 mysterium
1991 1454 2154 1493 accu-

579 1540 696 1585 rate
730 1538 782 1584 et
809 1538 1000 1588 exacte
1036 1529 1308 1592 didicerit,
1335 1529 1508 1599 magis
1537 1537 1902 1586 consentanee
1933 1528 2150 1596 dixerit,

579 1637 686 1674 non
724 1623 972 1676 evenisse
1003 1633 1234 1675 mortem
1298 1630 1583 1691 propterea
1625 1622 1769 1692 quod
1823 1630 1983 1676 natus
2039 1623 2148 1688 sit,

579 1709 672 1763 sed
721 1720 910 1762 contra
948 1710 1139 1762 mortis
1196 1723 1360 1762 causa
1418 1709 1587 1764 fuisse
1621 1711 1692 1764 ab
1745 1726 1811 1764 eo
1875 1718 2150 1779 acceptam

578 1799 838 1852 nascendi
880 1799 1271 1853 conditionem.
1333 1798 1520 1868 Neque
1572 1802 1718 1854 enim
1778 1812 2014 1856 :etcrnus
2067 1801 2156 1857 ille

579 1903 898 1958 corpoream
941 1887 1148 1942 idcirco
1184 1891 1590 1959 generationem
1639 1891 1828 1954 subiit,
1882 1893 2012 1961 quia
2050 1893 2157 1947 vita

577 1984 758 2046 egeret
789 2020 803 2042 ,
849 1975 942 2031 sed
978 1991 1006 2029 a
1036 1985 1208 2032 morte
1243 1992 1344 2030 nos
1375 1976 1442 2030 ad
1471 1979 1636 2032 vitam
1683 1995 1969 2034 revocans.
2007 1982 2158 2045 Quo-

580 2067 724 2120 niam
759 2066 921 2137 igitur
952 2068 1237 2136 oportebat
1279 2075 1337 2120 ut
1399 2068 1570 2122 totius
1607 2077 1816 2124 naturm
1870 2083 2076 2126 nostra:
2128 2088 2156 2124 a

581 2158 811 2212 mortuis
844 2159 1176 2212 resurrectio
1201 2157 1380 2224 ﬁeret;
1411 2169 1666 2228 tanquam
1700 2176 1919 2214 manmn
1953 2163 2155 2229 jaeenti

582 2249 887 2318 porrigens,
918 2255 970 2302 et
1016 2255 1304 2317 propterea
1338 2248 1403 2302 ad
1448 2257 1694 2303 nostrum
1740 2250 1972 2306 cadaver
2016 2253 2159 2322 aspi-

581 2344 755 2402 t-iens,
792 2343 954 2397 morti
991 2350 1201 2396 tantum
1226 2343 1707 2412 appmpinquavit,
1764 2355 2031 2415 quantum
2076 2357 2157 2401 est

583 2436 829 2501 attigisse
879 2435 1276 2487 mortalitatem
1306 2473 1320 2494 ,
1369 2442 1422 2488 et
1466 2435 1678 2488 initium
1735 2439 2159 2494 resurrectionis

583 2543 682 2580 suo
710 2541 940 2595 corpore
963 2524 1185 2579 dedisse
1217 2532 1443 2588 naturae,
1483 2535 1541 2580 ιιι
1578 2527 1671 2595 qui
1719 2527 1918 2581 virtute
1948 2545 2009 2580 ac
2061 2545 2158 2599 po-

580 2626 779 2674 testate
803 2625 974 2672 totum
1009 2618 1280 2672 hominem
1307 2618 1468 2672 simul
1499 2621 1866 2674 suscitaverit.
1889 2621 2155 2686 Quoniam

581 2710 723 2764 enim
757 2724 866 2762 non
918 2708 1136 2762 aliunde
1159 2722 1321 2776 quam
1356 2723 1418 2761 ex
1444 2719 1626 2763 nostra
1648 2725 1826 2764 massa
1865 2726 1994 2764 caro
2019 2719 2156 2775 erat,

583 2819 702 2872 qua:
736 2803 902 2858 Deum
950 2807 1298 2870 susceperat,
1339 2815 1461 2869 qua:
1489 2802 1706 2870 quidem
1741 2817 1832 2869 per
1880 2818 2158 2856 resurrec-

589 2894 792 2948 tionem
849 2892 1009 2947 simnl
1054 2891 1288 2946 excitata
1344 2889 1447 2944 fuit
1485 2905 1612 2944 etun
1657 2892 1986 2959 divinitate;
2023 2909 2157 2964 quo-

584 2985 744 3039 modo
781 2985 834 3037 in
865 2993 1054 3038 nostro
1097 2998 1348 3052 corpore,
1375 2982 1538 3038 unius
1574 2999 1636 3036 ex
1666 2999 1925 3038 sensuum
1951 2985 2157 3039 instru-
2187 3024 2225 3077 (ἶ

582 3077 781 3128 mentis
809 3075 1059 3143 Operatio
1096 3073 1317 3129 deducit
1361 3090 1694 3130 consensum
1739 3075 1804 3129 ad
1842 3077 2155 3132 universum

583 3166 722 3235 parti
749 3166 959 3218 inritum
991 3185 1002 3217 :
1034 3166 1104 3220 ita
1137 3166 1299 3220 etiam
1330 3166 1557 3236 perinde
1583 3181 1646 3220 ac
1681 3167 1728 3222 si
1762 3178 1907 3222 esset
1934 3168 2156 3237 aliquod

583 3256 784 3309 animal
815 3257 1069 3312 universa
1104 3265 1320 3319 natura,
1355 3257 1529 3326 partis
1576 3259 1908 3312 resurrectio
1959 3261 2158 3314 transit

582 3347 648 3402 ad
675 3349 1011 3411 universmn,
1040 3356 1092 3401 et
1128 3365 1223 3417 pro
1259 3348 1621 3403 continuitate
1655 3349 2157 3421 conjunctioneque

583 3449 792 3495 natura:
822 3448 994 3495 totum
1025 3456 1088 3494 ex
1120 3449 1272 3510 parte
1294 3441 1593 3494 concurrit.
1623 3441 1763 3506 Quid
1788 3442 1931 3495 enim
1981 3458 2156 3496 remo-

583 3542 695 3586 tum
729 3548 758 3586 a
784 3532 1167 3602 probabilitate
1193 3541 1246 3586 et
1281 3531 1758 3587 verisimilitmline
1796 3531 2057 3587 discimus
2102 3535 2154 3590 in

584 3624 867 3694 mysterio,
905 3624 950 3677 si
989 3623 1078 3692 qui
1105 3631 1235 3682 stat,
1269 3622 1562 3676 inclinatur
1591 3623 1654 3676 ad
1681 3637 1803 3676 cum
1830 3621 1920 3690 qui
1940 3623 2154 3690 cecidit,

584 3723 677 3766 aut
714 3713 778 3765 ad
819 3713 1165 3766 excitandum
1192 3729 1314 3765 eum
1345 3715 1432 3780 qni
1462 3714 1632 3779 jacet?
1657 3715 1798 3766 Cum
1822 3724 1999 3767 autem
2028 3731 2154 3767 num

587 3806 821 3875 aliquam
849 3806 1011 3859 etiam
1040 3805 1199 3858 aliam
1239 3803 1646 3873 profundiorem
1679 3806 1954 3859 contineat
1991 3808 2157 3858 ratio-

587 3913 732 3960 nem,
769 3897 1005 3951 viderint
1038 3896 1070 3949 ii
1117 3896 1208 3964 qui
1265 3911 1349 3950 res
1394 3911 1622 3950 arcanas
1664 3905 1950 3952 noverunt.
1997 3898 2155 3964 Quod

583 3999 763 4044 autem
795 3989 860 4042 ad
890 4003 990 4044 nos
1032 3988 1178 4042 venit
1217 4004 1282 4042 ex
1344 3987 1654 4050 traditione,
1693 3997 1774 4042 est
1803 3989 2109 4057 hujusmodi
2139 4007 2152 4043 :

582 4081 850 4145 Quoniam
911 4079 1094 4134 omnia
1143 4079 1532 4136 convenienter
1574 4079 1883 4133 suliliiniori
1937 4081 2058 4136 vita:
2101 4081 2155 4136 in

583 4171 880 4242 Evangelia
901 4171 1044 4226 dicta
1081 4181 1133 4227 et
1169 4173 1308 4226 farta
1335 4181 1504 4234 sunt,
1542 4187 1715 4241 neque
1749 4170 2040 4241 quidquam
2075 4181 2158 4228 est

583 4265 876 4335 ejusmodi,
900 4273 958 4319 ut
987 4266 1113 4319 inde
1141 4281 1246 4318 non
1289 4273 1473 4332 aperte
1517 4272 1775 4333 appareat
1815 4266 2036 4317 onzniuo
2075 4266 2157 4318 di-

2255 433 2328 502 μὴ
2363 433 2438 503 τῷ
2469 435 2647 504 ἀτίμῳ
2676 434 2860 504 τρόπῳ
2878 433 2974 486 τοῦ
3003 433 3231 485 θανάτου
3258 431 3710 502 καθυϐρισθῆναι.
3737 435 3832 495 Τίς

2251 524 2357 592 γὰρ
2397 524 2462 577 ἂν
2495 526 2721 592 γένοιτο,
2762 524 2915 594 φησὶ,
2943 523 3036 577 τοῦ
3070 524 3154 576 διὰ
3186 522 3420 593 σταυροῦ
3454 524 3680 588 Θάνατος
3720 527 3830 578 ἀτι·

2255 613 2512 685 μότερος;
2557 615 2622 667 Τί
2667 611 2759 668 οὖν
2807 615 2897 668 καὶ
2935 615 3069 685 πρὶς
3103 613 3274 667 ταῦτά
3309 631 3523 685 φαμεν;
3566 613 3689 670 Ὀτι
3743 617 3832 670 τὸν

2252 703 2480 758 Θάνατον
2524 706 2623 775 μὲν
2656 707 2950 774 ἀναγκαῖον
2979 709 3010 776 ή
3035 706 3249 774 γένεσις
3278 708 3690 778 κατεργάζεται.
3729 711 3831 762 Τὸν

2252 797 2361 866 γὰρ
2404 798 2549 863 ἅπαξ
2599 801 2889 868 μετασχεῖν
2931 799 3208 866 ἐγνωκότα
3253 799 3350 868 τῆς
3393 799 3828 872 ἀνθρωπὸτητος,

2252 886 2340 940 διά
2366 887 2580 942 πάντων
2604 887 2710 940 ἔδει
2731 888 2984 955 γενέσθαι
3009 887 3119 941 τῶν
3141 889 3444 959 ἰδιωμάτων
3469 891 3566 960 τῆς
3594 891 3829 959 φύσεως,

2254 978 2318 1029 Et
2342 977 2518 1032 τοίνυν
2551 976 2644 1031 δύο
2679 978 2877 1049 πέρασι
2909 981 3008 1050 τῆς
3041 979 3386 1051 ἁνθρωπξνης
3417 979 3562 1050 ζωῆς
3589 981 3830 1052 διειλημ-

2259 1068 2460 1139 μένης,
2507 1071 2565 1122 ὲν
2608 1069 2685 1138 τῷ
2731 1069 2810 1121 ἐνὶ
2852 1070 3143 1139 γενόμενος
3176 1069 3269 1122 τοῦ
3311 1068 3506 1140 ἐφεξῆς
3551 1073 3626 1142 μὴ
3662 1089 3829 1142 προσ-

2255 1160 2448 1231 ήψατο,
2477 1162 2736 1233 ἡμιτελὴς
2768 1162 2834 1214 ἂν
2855 1163 2886 1230 ἡ
2907 1161 3159 1232 πῲθεσις
3186 1162 3385 1230 ἔμεινε,
3403 1163 3496 1216 τοῦ
3525 1165 3713 1236 ἑτέρου
3735 1167 3829 1234 τῆς

2255 1251 2472 1320 φύσεως
2489 1252 2643 1322 ἡμῶν
2673 1253 2958 1323 ἰδιώματος
2981 1253 3076 1322 οὐχ
3100 1253 3376 1322 ἁψαμένου
3395 1273 3407 1284 ο
3430 1255 3567 1324 τάχα
3585 1254 3628 1307 δ’
3655 1255 3718 1310 ἄν
3751 1275 3831 1318 τις

2253 1342 2322 1397 δι’
2353 1343 2637 1411 ἀκριϐεεας
2663 1342 2994 1413 καταμαθὼν
3035 1345 3096 1398 τὸ
3135 1347 3449 1416 μυστήριον,
3473 1346 3830 1417 εὐλογώτερον

2253 1433 2430 1496 εἴποι,
2475 1433 2548 1504 μὴ
2597 1433 2682 1486 διὰ
2728 1435 2828 1503 τὴν
2877 1435 3089 1502 γένεσιν
3141 1436 3541 1507 συμϐεϐηκέναι
3595 1436 3685 1490 τὸν
3739 1439 3833 1490 05t-

2254 1539 2444 1576 νατονο
2479 1523 2616 1578 ἀλλά
2646 1524 2706 1578 τὺ
2748 1524 2983 1594 ἔμπαλιν
3025 1523 3118 1576 τοῦ
3175 1525 3405 1579 θανάτου
3446 1527 3603 1597 χάριν
3659 1545 3832 1599 παρα-

2255 1615 2526 1686 ληφθῆναι
2544 1617 2642 1686 τὴν
2660 1617 2872 1684 γένεσιν
2894 1633 2905 1646 ’
2931 1618 2991 1670 οὗ
3013 1618 3121 1687 γὰρ
3137 1617 3230 1670 τοῦ
3249 1619 3689 1690 ζῆσαιδεόμενος.
3709 1625 3735 1674 ὁ
3752 1625 3834 1674 ἀεὶ

2257 1707 2364 1770 ζῶν
2395 1707 2490 1778 τὴν
2534 1709 2848 1780 σωματικὴν
2901 1710 3187 1763 ὑποδύεται
3217 1697 3498 1781 γέννησιν,
3529 1713 3642 1765 ἀλλ’
3688 1715 3831 1783 ἡμᾶς

2257 1798 2349 1850 ἐπὶ
2377 1797 2473 1868 τὴν
2503 1797 2646 1871 ζωὴν
2688 1801 2751 1853 ἐκ
2777 1798 2870 1852 τοῦ
2912 1800 3140 1854 θανάτου
3173 1802 3623 1873 ἀνακαλούμενος.
3680 1807 3831 1858 Ἑπεὶ

2255 1885 2350 1942 οὖν
2380 1889 2484 1943 ἔδει
2512 1891 2765 1959 γενέσθαι
2795 1892 2922 1962 ὅλης
2951 1893 3048 1963 τῆς
3085 1893 3298 1961 φύσεως
3330 1895 3486 1965 ἡμῶν
3513 1898 3576 1949 ὲκ
3606 1895 3698 1950 τοῦ
3739 1897 3832 1950 θα-

2258 1981 2418 2035 νάτου
2485 1981 2647 2036 πάλιν
2707 1984 2960 2036 ἐπάνοδον
2987 2024 2999 2047 ,
3058 1986 3218 2038 οἱονεὶ
3267 1987 3547 2058 χεῖρα³τῷ
3600 1989 3831 2059 κειμένῳ

2257 2072 2484 2143 ὀρέγων,
2519 2075 2612 2126 καὶ
2657 2073 2744 2128 διὰ
2791 2075 2948 2127 τοῦτο
2986 2076 3121 2146 πρὸς
3160 2076 3219 2127 τὸ
3259 2078 3526 2148 ἡμέτερον
3564 2079 3832 2147 ἐπικύψας

2262 2164 2481 2234 πτῶμα,
2511 2165 2760 2220 τοσοῦτον
2797 2167 2875 2236 τῷ
2915 2167 3127 2238 θανάτῳ
3158 2171 3548 2239 προσήγγισεν,
3579 2172 3702 2224 ὅσον
3735 2176 3832 2242 τῆς

2259 2257 2578 2328 νεκρὸτητος
2605 2257 2842 2326 ἅψασθαι
2861 2276 2874 2288 °
2901 2259 2994 2312 καὶ
3025 2261 3194 2332 ἀρχὴν
3220 2261 3399 2314 δοῦναι
3427 2263 3522 2334 τὴν
3553 2262 3713 2332 φύσιν
3735 2262 3832 2334 τῆς

2259 2348 2604 2410 ἀναστάσεως
2628 2347 2706 2418 τῷ
2735 2349 2849 2419 ἰδίῳ
2880 2349 3111 2420 σώματι,
3141 2352 3258 2404 ὅλον
3301 2355 3708 2424 συναναστήσας
3744 2355 3832 2406 τὸν

2259 2440 2540 2510 ἄνθρωπον
2568 2443 2632 2510 τῇ
2666 2440 2911 2510 δυνάμει.
2957 2430 3170 2512 Ἐπειδὴ
3194 2444 3302 2514 γὰρ
3327 2446 3427 2496 οὐκ
3453 2444 3690 2509 ἄλλοθεν,
3719 2445 3832 2498 ἀλλ’

2259 2531 2322 2582 ἐκ
2356 2529 2446 2581 τοῦ
2488 2530 2754 2601 ἡμετέρου
2786 2532 3106 2602 φυράματος
3149 2535 3180 2603 ἡ
3221 2533 3464 2606 θεοδόχος
3501 2535 3637 2609 σὰρξ
3674 2531 3760 2607 ἦν,
3797 2539 3828 2607 ἡ

2258 2621 2344 2674 διὰ
2373 2625 2470 2691 τῆς
2495 2621 2842 2684 ἀναστάσεως
2870 2623 3266 2693 συνεπαρθεῖσα
3291 2627 3356 2696 τῇ
3385 2625 3616 2696 θεότητι,
3648 2627 3832 2696 ὥσπερ

2259 2715 2350 2767 ἐπὶ
2377 2714 2470 2766 τοῦ
2524 2714 2644 2767 καθ’
2695 2716 2840 2784 ἡμᾶς
2871 2713 3119 2784 σώματος
3145 2718 3177 2786 ἡ
3208 2717 3299 2769 τοῦ
3346 2718 3462 2781 ἐνὸς
3507 2719 3613 2770 τῶν
3648 2719 3831 2788 αἰσθη-

2258 2804 2457 2876 τηρὲων
2482 2805 2728 2876 ἐνέργεια
2756 2804 2890 2876 πρὸς
2923 2807 3067 2858 ἅπαν
3114 2806 3208 2877 τὴν
3241 2805 3588 2878 συναίσθησιν
3615 2809 3733 2877 ἄγει
3774 2811 3833 2861 τδ

2259 2897 2534 2967 ἡνωμένον
2558 2897 2634 2966 τῷ
2662 2898 2817 2968 μέρει
2845 2913 2860 2928 ο
2885 2897 3056 2961 οὕτως
3085 2897 3333 2968 καθάπερ
3356 2899 3496 2962 τινος
3523 2899 3673 2963 ὃντος
3697 2895 3832 2964 ζώου

2261 2988 2442 3059 πάσης
2468 2988 2566 3059 τῆς
2608 2987 2839 3058 φύσεως,
2881 2990 2912 3058 ἠ
2954 2989 3047 3041 τοῦ
3083 2989 3280 3061 μέρους
3325 2993 3617 3054 ἀνάστασις
3653 2993 3742 3044 ἐπὶ
3773 2993 3833 3042 τὸ

2261 3083 2367 3135 πᾶν
2392 3079 2741 3151 διεξέρχεται,
2767 3081 2905 3133 κατᾶ
2928 3081 2985 3133 τὸ
3011 3083 3222 3152 συνεχές
3248 3101 3304 3136 τε
3329 3083 3420 3136 καὶ
3443 3083 3715 3153 ἡνωμένον
3734 3083 3833 3151 τῆς

2261 3176 2491 3244 φύσεως,
2529 3176 2592 3227 ἐκ
2641 3173 2733 3226 τοῦ
2767 3173 2964 3244 μέρους
3003 3175 3093 3226 ἐπὶ
3120 3179 3181 3227 τὸ
3224 3177 3340 3229 ὅλον
3369 3175 3734 3245 συνδιδομένη.
3768 3178 3832 3229 Τί

2259 3263 2348 3318 οὖν
2377 3265 2478 3330 ἔξω
2505 3264 2597 3317 τοῦ
2626 3265 2831 3326 εἰκότος
2870 3266 2926 3315 ἐν
2953 3264 3030 3334 τῷ
3075 3266 3355 3336 μυστηρίῳ
3392 3265 3751 3336 μανθάνομεν,
3784 3268 3831 3317 εξ

2259 3357 2453 3410 κὺπτει
2489 3356 2622 3426 πρὸς
2643 3357 2733 3410 τὸν
2767 3360 3091 3410 πεπτωκότα
3134 3361 3161 3410 ὁ
3203 3358 3390 3421 ἑστὼς,
3431 3356 3461 3427 ἦ
3496 3357 3587 3410 ἐπὶ
3613 3357 3674 3409 τὸ
3707 3358 3833 3410 ἀνα-

2261 3449 2453 3516 στῆσαι
2501 3446 2590 3498 τὸν
2623 3447 2907 3516 κείμενον;
2951 3449 2978 3500 ὁ
3024 3447 3077 3499 δὲ
3114 3447 3343 3517 σταυρὸς
3384 3448 3432 3498 εἰ
3469 3448 3540 3516 μή
3577 3463 3696 3499 τινα
3743 3447 3834 3498 καὶ

2226 3539 2443 3608 ,ἕτερον
2487 3538 2730 3609 περιέχει
2769 3537 2922 3605 λόγον
2955 3537 3278 3607 βαθύτερον,
3313 3537 3497 3590 εἰδοῖεν
3537 3536 3602 3590 ἂν
3630 3539 3676 3589 οἱ
3726 3535 3832 3589 τῶν

2259 3629 2647 3700 κρυπτομένων
2679 3629 2978 3698 ἐπίστῖρες.
3010 3630 3071 3680 ⁸⁸0
3099 3629 3141 3680 δ’
3163 3625 3252 3680 οὖν
3283 3631 3362 3690 εἰς
3391 3631 3535 3696 ἡμᾶς
3565 3632 3626 3680 ἐκ
3658 3645 3834 3698 παρα-

2257 3723 2454 3786 δόσεως
2503 3725 2658 3795 ἦκει,
2701 3722 2939 3774 τοιοῦτον
2987 3722 3165 3772 ἐστιν·
3215 3721 3428 3797 Ἐπειδὴ
3477 3720 3652 3772 πάντα
3688 3722 3829 3772 κατὰ

2257 3813 2347 3866 τὸν
2372 3813 2598 3882 ὑψηλότε
2611 3812 2698 3884 ρόν
2718 3828 2776 3862 τε
2797 3811 2892 3862 καὶ
2911 3809 3178 3880 θειότερον
3204 3809 3314 3878 βίον
3338 3811 3394 3862 ὲν
3415 3809 3488 3878 τῷ
3512 3810 3829 3878 Εὐαγγελίῳ

2257 3905 2468 3976 εἴρηται
2499 3903 2593 3957 καὶ
2632 3902 2922 3973 γεγένηται
2943 3921 2954 3931 ν
2992 3903 3081 3955 καὶ
3111 3902 3258 3954 οὐδὲν
3288 3901 3523 3954 τοιοῦτον
3552 3903 3697 3955 ἐστιν
3719 3945 3731 3965 ,
3776 3904 3832 3952 ἐν

2256 3990 2300 4064 ᾧ
2329 3996 2447 4066 οὐχ).
2489 3997 2704 4060 πάντως
2739 3995 2884 4067 μίξις
2911 4013 2993 4058 τις
3034 3995 3352 4064 ἐμφαίνεται
3387 3994 3477 4046 τοῦ
3513 3994 3654 4047 θείου
3694 3995 3830 4064 πρὸς

2257 4086 2317 4140 τὸ
2346 4085 2718 4156 ἀνθρώπινον,
2750 4084 2852 4153 τῆς
2888 4087 2985 4153 μὲν
3021 4085 3202 4154 φωνῆς
3239 4084 3270 4153 ἦ
3309 4083 3409 4152 τῆς
3456 4082 3702 4153 πράξεως
3736 4085 3828 4134 ἀν-

2259 4174 2548 4246 θρωπικῶς
2589 4173 3005 4241 διεξαγομένης,
3059 4172 3153 4224 τοῦ
3205 4173 3258 4225 δὲ
3303 4172 3443 4224 κατά
3485 4172 3545 4224 τὸ
3592 4173 3831 4242 κρυπτὸν

2258 4269 2545 4337 νοουμένου
2589 4266 2649 4318 τὺ
2689 4266 2830 4318 θεῖον
2876 4266 3261 4335 ἐμφαίνοντος⁸
3297 4265 3584 4318 ἀκόλουθον
3630 4265 3696 4317 ἂν
3743 4265 3830 4334 εἴη

581 4358 826 4411 vinilatis
855 4357 1038 4411 mistio
1071 4373 1191 4410 eum
1238 4355 1598 4420 humanitate,
1633 4371 1756 4410 cmn
1793 4372 1895 4410 vox
1933 4357 2148 4425 quidem

2257 4361 2348 4412 καὶ
2373 4361 2429 4411 ὲν
2458 4357 2535 4426 τῷ
2570 4355 2726 4426 μέρει
2759 4356 2932 4427 τούτῳ
2952 4398 2965 4419 ,
3001 4356 3074 4426 μὴ
3101 4357 3159 4409 τὸ
3191 4355 3288 4426 μὲν
3318 4355 3550 4424 βλέπειν,
3585 4359 3832 4426 παρορᾷν

582 4456 675 4501 aut
704 4449 846 4501 actio
870 4457 1116 4504 transeat
1143 4447 1482 4507 humanitus.
1527 4444 1578 4499 id
1607 4457 1786 4500 autem
1809 4448 1953 4516 quod
1980 4465 2042 4502 ex
2071 4464 2156 4502 oc-

581 4543 728 4595 culto
779 4541 1139 4611 intelligitur,
1207 4539 1461 4593 ostendat
1520 4537 1900 4593 divinitatem:
1958 4540 2010 4592 in
2056 4541 2157 4594 hac

582 4633 742 4686 etiam
772 4641 922 4701 parte
963 4632 1126 4686 fuerit
1155 4643 1520 4697 consequens.
1580 4636 1638 4681 ut
1696 4643 1803 4683 non
1855 4629 2156 4694 aspiciatur

586 4739 775 4785 unum,
803 4724 1030 4778 alterum
1058 4732 1236 4776 autem
1265 4720 1627 4790 despiciantur,
1654 4720 1746 4774 sed
1783 4720 1833 4773 in
1863 4719 2153 4776 immortali

583 4819 800 4886 quidem
833 4818 1060 4872 mortale
1091 4815 1496 4876 consideretur,
1530 4814 1582 4868 in
1615 4815 1835 4869 nomine.
1865 4823 2043 4868 autem
2103 4817 2154 4872 id

583 4911 724 4978 quod
766 4919 851 4964 est
891 4909 1133 4966 divinius
1186 4907 1333 4962 enini
1367 4907 1554 4962 studio
1608 4905 1970 4976 disquiratur.
2019 4905 2153 4962 Nam

583 5003 838 5070 quoniam
871 5003 1148 5074 proprium
1174 5010 1257 5057 est
1283 5001 1583 5056 divinitatis
1619 5001 1801 5054 omnia
1837 5000 2153 5069 pervadere,

583 5107 784 5151 (³1611111
827 5112 1014 5149 eorum
1047 5109 1165 5164 qua:
1199 5105 1324 5148 Slllll
1354 5102 1547 5148 natura
1573 5107 1666 5160 per
1699 5106 1913 5146 onmem
1948 5099 2154 5160 partem

581 5187 796 5240 extendi
829 5185 972 5256 (non
1008 5186 1152 5240 enim
1193 5185 1452 5239 manserit
1482 5183 1759 5253 quippiam
1797 5182 1850 5234 in
1898 5184 2153 5243 essentia,

583 5279 686 5333 nisi
719 5278 772 5331 in
806 5292 871 5329 eo
922 5278 1065 5347 quod
1106 5285 1188 5332 est
1236 5285 1471 5331 maneat.
1505 5275 1659 5340 Quod
1693 5284 1872 5328 autem
1940 5275 2157 5344 proprie

581 5378 666 5424 est
692 5375 744 5422 et
772 5367 967 5436 primo,
1001 5367 1185 5421 divina
1217 5377 1301 5421 est
1336 5377 1529 5421 natura
1558 5384 1570 5419 :
1610 5381 1772 5438 quam
1815 5377 1873 5420 ut
1895 5381 2154 5422 necessa-

583 5460 666 5512 Iio
705 5458 994 5512 credamus
1016 5474 1138 5513 csse
1185 5461 1238 5512 in
1273 5459 1489 5513 eunetis
1519 5474 1640 5527 qua:
1673 5465 1822 5521 sunt,
1868 5473 1967 5512 nos
2015 5458 2157 5525 cogit

579 5567 766 5604 eorum
798 5565 917 5618 quae
947 5558 1075 5602 sunt
1111 5552 1477 5618 permansio).
1523 5551 1624 5605 hoc
1669 5565 1764 5618 per
1791 5565 2008 5602 crucem
2057 5549 2156 5601 do-

578 5657 792 5701 cemur.
835 5657 955 5694 rnzn
991 5641 1109 5707 ejus
1149 5639 1539 5710 quadrilariam
1605 5641 1775 5712 ﬁgura
1828 5642 1898 5693 sit
1936 5640 2108 5694 divisa
2142 5680 2154 5703 ,

2255 4449 2312 4502 δὲ
2341 4448 2398 4500 τὸ
2423 4447 2607 4517 ἕτερον
2627 4462 2640 4474 ·
2667 4445 2781 4498 ἀλλ’
2808 4447 2864 4498 ἐν
2898 4447 2996 4515 μὲν
3017 4445 3094 4514 τῷ
3121 4445 3373 4514 ἀθανάτῳ
3398 4443 3635 4514 καθορᾷν
3655 4445 3713 4495 τὺ
3739 4446 3832 4496 ἁν-

2258 4537 2545 4609 θρώπινον,
2589 4539 2648 4590 ἐν
2693 4536 2748 4589 δὲ
2807 4537 2885 4606 τῷ
2936 4535 3204 4607 ἀνθρώπῳ
3253 4535 3727 4605 πολυπραγμονεῖν
3774 4536 3833 4588 τὸ

2259 4631 2545 4702 θειότερον.
2589 4629 2805 4700 Ἐπειδὴ
2848 4629 2956 4700 γὰρ
3001 4628 3129 4681 ἴδιόν
3167 4628 3281 4680 ἐστι
3325 4627 3425 4696 τῆς
3470 4627 3741 4698 θειότητος
3773 4627 3833 4679 τὸ

2257 4723 2346 4775 διὰ
2374 4722 2588 4775 πάντων
2618 4721 2790 4791 ἥκειν,
2823 4720 2915 4772 καὶ
2943 4721 3012 4790 τῇ
3040 4717 3198 4786 φύσει
3226 4717 3332 4770 τῶν
3360 4719 3528 4770 ὄντων
3558 4719 3696 4770 κατὰ
3725 4719 3831 4770 πᾶν

2261 4816 2423 4887 μέρος
2463 4812 3049 4884 συμπαρεκτείνεσθαι·
3087 4809 3148 4862 οὗ
3180 4809 3284 4880 γὰρ
3326 4809 3390 4862 ἄν
3420 4827 3470 4861 τι
3503 4809 3746 4878 διαμένοι
3776 4812 3833 4860 ἐν

2257 4907 2334 4977 τῷ
2359 4902 2517 4970 εἶναι,
2546 4905 2619 4976 μὴ
2649 4906 2707 4957 ἐν
2730 4903 2805 4973 τῷ
2825 4902 2935 4955 ὄντι
2961 4902 3138 4972 μένον.
3165 4900 3236 4952 Τὸ
3263 4901 3317 4952 δὲ
3343 4902 3544 4972 κυρίως
3565 4902 3659 4954 καὶ
3685 4901 3835 4972 πρώ-

2257 5017 2362 5062 τως
2388 4998 2468 5063 ’ὀν,
2500 4999 2532 5068 ἡ
2563 4997 2682 5050 θεία
2712 4995 2871 5066 φύσις
2903 4993 3074 5055 ἐστὶν,
3097 4995 3164 5063 ἢν
3198 4994 3256 5057 ἐξ
3287 4994 3530 5065 ἀνάγκης
3561 4993 3837 5046 πιστεύειν

2259 5092 2314 5142 ὲν
2361 5091 2524 5144 πᾶσιν
2573 5086 2710 5142 εἷναι
2746 5091 2859 5151 τοῖς
2891 5082 3074 5150 οὖσιν,
3116 5087 3149 5155 ή
3205 5085 3432 5155 διαμονὴ
3493 5085 3599 5138 τῶν
3666 5085 3835 5138 ὄντων

2259 5181 2683 5249 καταναγκάζειο
2731 5179 2891 5234 τοῦτο
2923 5178 3009 5232 διὰ
3042 5177 3134 5232 τοῦ
3173 5179 3407 5250 σταυροῦ
3447 5178 3830 5249 διδασκόμεθα,

2257 5275 2492 5344 τετραχῆ
2525 5272 2619 5325 τοῦ
2653 5273 2768 5324 κατ’
2793 5272 2953 5325 αὑτὸν
2981 5272 3257 5340 σχήματος
3276 5271 3608 5341 διῃρημένου
3627 5287 3640 5300 ·
3667 5271 3740 5332 ὡς
3771 5273 3834 5322 ἐκ

2257 5365 2348 5417 τοῦ
2388 5366 2576 5434 μέσου,
2617 5365 2752 5417 καθὸ
2795 5367 2931 5437 πρὸς
2963 5367 3152 5419 ἑαυτὸν
3184 5365 3531 5428 συνάπτεται,
3568 5365 3833 5434 τέσσαρας

2259 5457 2605 5528 ἀριθμεῖσθαι
2650 5456 2748 5520 τὰς
2799 5458 3067 5529 προϐολάς
3087 5473 3101 5487 ⁸
3137 5458 3217 5510 ὅτι
3261 5461 3290 5510 ὁ
3325 5458 3414 5511 ἐπὶ
3445 5457 3632 5510 τούτου
3673 5459 3731 5510 ἐν
3761 5455 3835 5525 τῷ

2259 5545 2435 5618 καιρῷ
2471 5549 2569 5616 τῆς
2598 5546 2737 5599 κατὰ
2763 5545 2855 5599 τὸν
2893 5546 3120 5599 Θάνατον
3144 5547 3454 5615 οἰκονομίας
3493 5545 3777 5607 διατεθεὶς.
3807 5546 3835 5596 ὁ

2260 5638 2319 5690 τὸ
2351 5639 2456 5689 πᾶν
2484 5638 2615 5706 πρὸς
2651 5637 2826 5708 ἐαυτῷ
2857 5637 3085 5689 συνδέων
3117 5654 3170 5688 τε
3209 5638 3298 5688 καὶ
3335 5636 3704 5706 συναρμόζων,
3739 5635 3831 5696 τὰς
