4072 6212
653 288 721 343 83
1886 291 1943 348 S.
1984 288 2313 346 GREGORH
2352 289 2644 345 NYSSENI
3828 293 3861 347 8

650 416 777 457 cum
806 419 871 459 ex
902 422 960 460 se
998 406 1113 476 ipsa
1146 406 1322 459 oratio
1352 406 1486 461 satis
1518 405 1718 460 indicet
1766 421 1829 461 ea
1889 422 2012 462 esse
2064 422 2227 477 supra

2332 409 2558 480 κονομία
2576 425 2590 440 ’
2613 408 2641 460 ὃ
2662 410 2769 460 εἴτε
2795 408 3096 478 βάπτισμα,
3126 409 3233 462 εἴτε
3262 409 3541 480 φώτισμα,
3569 412 3676 463 εἴτε
3707 410 3864 477 παλιγ

650 505 923 550 naturam.
960 497 1068 552 Sed
1090 499 1347 568 quoniam
1388 500 1740 568 mysticorum
1773 499 2226 555 documentorum

2332 500 2579 568 γενεσίαν
2612 499 2850 571 βούλοιτό
2877 517 2958 563 τις
2980 500 3467 570 όνομάζειν,,οὐδέν
3499 502 3635 572 πρὸς
3662 501 3758 571 τὴν
3786 502 3864 554 όνε

652 599 779 653 pars
810 594 894 640 est
922 589 1084 642 etiam
1115 587 1317 657 aliqua,
1351 604 1471 658 qua:
1520 588 1577 642 in
1606 588 1824 643 lavacro
1867 592 1925 643 tit
1953 590 2229 661 dispensa-

2336 593 2537 660 μασίαν
2563 592 2949 664 διαφερόμεθα,
2977 592 3156 657 καλῶς
3190 593 3256 647 ἂν
3283 592 3396 666 ἔχοι
3428 595 3520 648 καὶ
3552 595 3679 665 περὶ
3713 592 3864 649 τούτο

652 674 764 730 tio:
822 677 967 747 quod
994 680 1213 747 quidem
1246 680 1722 749 seu.haptismum,
1753 696 1851 737 seu
1886 682 2230 737 illuminatio-

2336 682 2539 753 βραχέα
2570 682 2874 750 διεξελθεῖν.

653 783 799 833 nem,
879 784 974 825 seu
1044 773 1508 841 regenerationem
1589 773 1722 828 velis
1757 772 2057 839 nominare,
2114 774 2182 830 de
2234 777 2454 831 nomine
2511 790 2619 829 non
2674 772 3076 839 contendimus,
3126 775 3264 830 bene
3310 776 3413 830 erit
3441 774 3678 831 breviter
3720 773 3788 829 de
3831 788 3863 830 e

653 859 861 917 dicere.

1184 953 1414 1009 CAPUT
1459 953 1705 1009 XXXI".

2899 949 3147 1004 ΚΕΦΔΛ.
3188 949 3309 1004 ΛΡ.

726 1041 858 1094 Nam
912 1052 1199 1113 postquam
1252 1059 1280 1097 a
1345 1045 1505 1100 nobis
1550 1046 1878 1109 audiverint,
1929 1043 2071 1115 quod
2108 1060 2231 1098 cum

2414 1044 2660 1098 Ἐπειδὰν
2687 1045 2793 1116 γὰρ
2845 1046 2974 1115 παρ’
3009 1042 3166 1113 ήμῶν
3193 1042 3256 1095 τὸ
3307 1042 3545 1095 τοιοῦτον
3575 1041 3864 1099 ἀκούσωσιτ

659 1132 885 1185 mortale
938 1141 1177 1188 transeat
1201 1132 1267 1187 ad
1292 1133 1481 1198 vitam,
1518 1150 1861 1205 consequens
1883 1144 2018 1196 erat.
2057 1132 2231 1203 prima

2325 1138 2405 1190 ὅτι
2432 1136 2524 1189 τοῦ
2570 1135 2764 1207 θνητοῦ
2794 1136 2932 1207 πρὸς
2956 1134 3053 1205 τὴν
3103 1133 3250 1204 ζωὴν
3295 1133 3716 1202 μεταϐαίνοντος
3738 1176 3752 1201 ,
3778 1137 3864 1190 ἀκ(

658 1224 1008 1294 generatione
1045 1225 1111 1279 ad
1157 1226 1323 1279 vitam
1374 1227 1658 1281 mortalem
1699 1225 2018 1287 deducente,
2067 1224 2229 1277 aliam

2325 1228 2509 1282 λουθον
2534 1225 2601 1299 ἦν
2623 1229 2722 1299 τῆς
2749 1228 2967 1300 πρώτης
2988 1226 3251 1296 γενέσεως
3290 1227 3385 1279 ἐπὶ
3414 1225 3507 1279 τὸν
3544 1226 3735 1298 θνητὸν
3767 1246 3864 1299 παι

659 1317 891 1372 inveniri
938 1318 1364 1387 generationem,
1414 1336 1536 1389 qua:
1582 1335 1759 1390 neque
1790 1319 1860 1373 ab
1899 1318 2118 1393 interitu
2146 1317 2228 1370 in-

2324 1320 2566 1391 αγούσης
2605 1320 2755 1390 βίον,
2802 1320 2995 1391 ἑτέραν
3034 1318 3285 1388 γέννησιν
3326 1317 3706 1389 ἐξευρεθῆναι,
3760 1322 3864 1391 μήτ

656 1408 884 1475 ciperet,
915 1425 1091 1479 neque
1125 1409 1401 1465 desineret
1425 1413 1479 1464 in
1507 1410 1783 1465 interitum
1811 1452 1828 1477 ,
1864 1409 1958 1464 sed
1985 1424 2104 1465 cum
2134 1408 2226 1478 qui

2329 1412 2437 1466 ἀπὸ
2463 1413 2663 1483 φθορᾶς
2689 1412 3018 1484 ἀρχομένην,
3052 1412 3185 1483 μήτε
3219 1412 3300 1473 εἰς
3331 1409 3536 1480 φθορὰν
3566 1410 3864 1481 καταλήγου

659 1500 855 1555 t'uissct
904 1509 1217 1571 generatus,
1260 1502 1328 1556 ad
1390 1504 1555 1557 vitam
1602 1502 1897 1558 deduceret
1950 1502 2231 1555 immorta-

2331 1519 2429 1558 σαν
2454 1520 2468 1534 ’
2501 1504 2614 1557 ἀλλ’
2636 1505 2715 1567 εἰς
2729 1504 2995 1558 ἀθάνατον
3024 1501 3168 1573 ζωὴν
3192 1503 3283 1555 τὸν
3307 1501 3699 1572 γεγεννημένον
3722 1504 3864 1574 παρά

662 1592 763 1644 lem
792 1591 1087 1661 (quomodo
1130 1593 1275 1647 enim
1322 1608 1389 1647 ex
1436 1594 1653 1648 mortali
1702 1594 2053 1664 generatione
2082 1608 2230 1647 mor-

2328 1612 2549 1664 γουσαν.
2580 1596 2789 1665 Ὠσπερ
2816 1594 2924 1666 γὰρ
2951 1597 3015 1647 ὲκ
3059 1593 3258 1664 θνητῆς
3289 1595 3592 1663 γεννήσεως
3620 1592 3809 1664 θνητὸν
3838 1596 3862 1647 ἐ

658 1684 767 1737 tale
817 1684 1129 1739 necessario
1180 1685 1389 1740 exstitit
1420 1686 1473 1739 id
1520 1686 1665 1756 quod
1714 1686 1813 1740 fuit
1868 1695 2224 1756 generatum:

660 1777 733 1827 ita
761 1773 904 1844 quod
932 1790 998 1829 ex
1028 1777 1376 1845 generatione
1405 1776 1457 1830 in
1482 1792 1641 1847 quam
1672 1792 1780 1831 non
1808 1776 1953 1830 cadit
1978 1777 2228 1832 interitus

659 1878 970 1936 generatur,
1008 1868 1203 1923 melius
1235 1866 1398 1923 fuerit
1450 1882 1514 1921 ac
1561 1867 1931 1937 praastantius,
1967 1883 2128 1937 quam
2170 1879 2229 1920 ut

660 1972 689 2009 a
731 1967 904 2011 morte
953 1958 1192 2027 patiatur
1238 1957 1563 2027 interitum),
1622 1965 1933 2027 postquam,
1984 1959 2227 2027 inquam,

658 2049 774 2103 haec
802 2048 1133 2115 audiverint,
1163 2057 1217 2105 et
1247 2064 1369 2119 qua:
1408 2057 1537 2103 sunt
1567 2048 1902 2118 hujusmodi,
1931 2056 1984 2103 et
2010 2049 2229 2104 modum

658 2140 812 2209 prius
851 2141 1165 2207 didicerint,
1211 2156 1405 2211 nempe
1442 2140 1588 2211 quod
1627 2141 1695 2196 ad
1740 2140 1907 2196 Deum
1938 2155 2149 2210 preces,
2177 2147 2231 2195 et

657 2235 848 2303 gratim
888 2233 1476 2294 cmlestis-invocatio,
1505 2241 1558 2286 et
1605 2246 1767 2302 aqua,
1815 2241 1869 2287 et
1916 2231 2072 2295 ﬁdes,
2102 2240 2232 2287 sunt

656 2336 719 2373 ca
758 2335 852 2390 per
883 2336 1006 2389 qua:
1038 2320 1295 2390 impletur
1328 2321 1650 2391 mysterium
1686 2324 2136 2392 regenerationis,
2165 2340 2229 2379 ea

657 2411 947 2466 dillicillter
984 2412 1064 2466 eis
1118 2411 1536 2481 persuadentur,
1588 2425 1646 2468 ut
1693 2417 1785 2485 qui
1836 2416 1901 2468 ad
1955 2415 2101 2485 quod
2136 2431 2233 2485 ap-

659 2510 813 2571 paret
859 2501 1147 2573 aspiciant,
1190 2512 1379 2572 utpote
1435 2505 1577 2574 quod
1627 2505 1677 2558 id
1726 2507 1871 2575 quod
1924 2507 1981 2559 iit
2032 2522 2232 2576 corpo-

663 2594 870 2658 raliter,
915 2609 1025 2649 non
1079 2594 1292 2649 accidat
1348 2596 1719 2665 promissioni.
1752 2598 2032 2664 Quomodo
2063 2600 2228 2666 enim,

658 2687 935 2756 inquiunt,
972 2702 1184 2757 preces,
1218 2696 1272 2741 et
1303 2687 1501 2742 divinae
1531 2689 1747 2743 virtutis
1787 2690 2077 2755 invocatio,
2112 2706 2233 2760 quae

663 2780 716 2831 Iit
768 2794 932 2846 super
973 2794 1195 2848 aquam,
1250 2780 1307 2832 lit
1359 2779 1469 2835 dux
1524 2791 1577 2835 et
1626 2781 1952 2851 principium
2004 2784 2125 2837 vitae
2165 2784 2231 2838 iis

658 2870 751 2938 qui
800 2870 1125 2924 initiantur?
1168 2870 1248 2925 Ad
1302 2888 1461 2943 quos,
1526 2872 1571 2925 si
1620 2887 1727 2926 non
1767 2873 1876 2926 sint
1915 2875 2079 2930 nimis
2109 2874 2231 2929 duri

659 2971 712 3013 et
743 2960 1077 3029 pervicaccs,
1114 2961 1345 3032 simplex
1376 2961 1649 3016 sullecerit
1678 2962 1855 3018 oratio
1881 2963 1949 3018 ad
1989 2964 2230 3020 efﬁcien-

660 3054 789 3105 dum
822 3062 879 3105 ut
927 3053 1300 3107 assentiuntur
1355 3053 1611 3123 dogmati.
1662 3054 1795 3108 Nam
1847 3055 2090 3111 vicissim
2136 3072 2231 3111 eos

664 3147 1088 3213 interrogemus,
1138 3160 1261 3200 cum
1320 3146 1515 3201 modus
1550 3146 1669 3215 ejus
1701 3162 1821 3217 qua:
1861 3162 1926 3202 ex
1970 3162 2134 3202 carne
2175 3148 2232 3201 ﬁt

660 3235 1025 3302 generationis
1044 3235 1114 3290 sit
1135 3236 1390 3292 omnibus
1412 3237 1752 3304 manifestus,
1780 3239 2232 3307 quemadmodum

664 3328 722 3378 tit
771 3325 935 3380 homo
984 3327 1038 3381 id
1101 3329 1247 3398 quod
1296 3329 1573 3399 dejicitur,
1616 3338 1675 3384 ut
1730 3347 1797 3385 ex
1851 3347 1917 3385 eo
1967 3332 2234 3386 eonsistat

660 3418 863 3471 animal
893 3418 916 3472 ?
942 3418 1107 3488 Atqui
1142 3420 1197 3473 in
1230 3435 1294 3474 co
1321 3421 1457 3474 nihil
1496 3422 1604 3475 dici
1641 3431 1837 3490 potest,
1868 3422 2010 3491 quod
2052 3423 2232 3492 aliqua

659 3511 877 3564 ratione
921 3511 1088 3564 ullam
1130 3512 1371 3567 inveniat
1406 3513 1865 3583 probabilitatem.
1919 3515 2057 3580 Quid
2089 3516 2231 3569 enim

660 3617 950 3657 commune
986 3602 1147 3658 habet
1184 3620 1367 3659 semen
1404 3604 1641 3660 hominis
1693 3620 1818 3659 cum
1875 3622 1937 3660 ea
1968 3606 2233 3676 qualitate

660 3709 782 3760 qum
842 3692 893 3746 in
957 3693 1048 3747 illo
1096 3694 1515 3748 consideratur?
1556 3693 1729 3749 llomo
1770 3697 2105 3764 compositus
2149 3705 2233 3751 est

661 3799 751 3836 res
811 3783 1059 3852 qumdam
1111 3784 1384 3854 particeps
1442 3786 1669 3840 rationis
1731 3795 1781 3840 et
1842 3787 2229 3856 intelligentia}.

661 3875 797 3928 ltlud
856 3890 1035 3929 amem
1080 3876 1457 3931 consideratur
1486 3877 1540 3931 in
1577 3879 1809 3946 quadam
1850 3878 2071 3932 humida
2099 3894 2234 3947 qua—

662 3968 813 4022 litate
834 4007 848 4031 ,
901 3977 956 4022 et
985 3968 1120 4022 nihil
1158 3968 1390 4039 amplius
1415 3970 1829 4039 comprehendit
1867 3972 2067 4025 mentis
2098 3986 2236 4025 con-

661 4058 860 4125 captio,
894 4072 1055 4126 quam
1088 4056 1230 4126 quod
1270 4074 1336 4114 ex
1389 4075 1555 4115 sensu
1601 4060 1859 4115 cernitur.
1903 4060 2057 4127 Quod
2102 4076 2234 4131 ergo

662 4149 731 4202 ab
752 4150 1122 4219 interrogatis,
1146 4152 1421 4220 quomodo
1447 4152 1517 4208 sit
1538 4154 1799 4208 credibile
1814 4168 1881 4208 ex
1912 4154 2004 4208 illo
2025 4152 2233 4209 constio

662 4238 795 4293 tisse
822 4240 1118 4305 hominem,
1141 4250 1565 4297 consentaneum
1588 4252 1673 4299 est
1694 4242 1852 4298 nobis
1878 4243 1991 4299 fieri
2016 4257 2234 4311 respon-

662 4345 807 4392 sum,
838 4330 941 4384 hoc
972 4331 1136 4385 etiam
1176 4332 1243 4385 de
1270 4335 1682 4403 regeneratione
1705 4352 1801 4405 per
1828 4350 2024 4405 aquam
2064 4334 2235 4389 inter-

662 4421 835 4489 rogati
862 4422 1328 4491 respondebimus.
1356 4422 1491 4478 Nam
1514 4433 1568 4479 et
1592 4426 1703 4479 illic
1729 4427 2023 4497 unicuique
2041 4440 2227 4482 eorum

661 4511 755 4579 qui
808 4511 1212 4585 interrogantur
1253 4513 1308 4567 in
1368 4526 1616 4585 promptu
1656 4526 1742 4571 est
1795 4518 2010 4583 dicere,
2084 4516 2233 4588 quod

660 4601 844 4657 divina
870 4604 1071 4659 virtute
1091 4605 1179 4659 ille
1202 4604 1255 4657 lit
1278 4605 1461 4669 homo,
1490 4621 1611 4676 qua:
1631 4607 1678 4663 si
1712 4623 1819 4663 non
1848 4608 2011 4672 adsit,
2044 4624 2228 4664 semen

661 4704 747 4749 est
798 4695 1075 4750 immobile
1120 4704 1175 4751 et
1224 4696 1502 4753 inefﬁcax.
1538 4699 1595 4753 Si
1631 4713 1761 4768 ergo
1799 4699 1909 4754 illic
1960 4713 2068 4753 non
2101 4700 2234 4756 sub-

658 4787 864 4853 jectum
918 4783 1050 4840 facit
1093 4787 1387 4852 hominem,
1424 4789 1520 4845 sed
1556 4790 1639 4846 vis
1680 4789 1864 4845 divina
1905 4799 2235 4846 transmutat

663 4878 715 4931 id
765 4878 908 4947 qttod
969 4887 1195 4949 apparet
1239 4881 1294 4936 in
1363 4888 1614 4935 naturam
1665 4881 1923 4947 hominis,
1980 4889 2234 4937 extrema:

662 4972 830 5026 fuerit
880 4971 1207 5043 insipientia:
1252 4972 1560 5044 ingratique
1584 4983 1639 5029 et
1671 4973 2007 5031 immemoris
2039 4977 2231 5041 animi,

663 5063 777 5117 illic
813 5062 923 5118 Deo
973 5071 1181 5117 tantam
1238 5063 1543 5121 tribuentes
1573 5066 1855 5131 virtutem,
1913 5064 2233 5122 ekistimare

664 5151 832 5209 Deum
884 5157 988 5213 hac
1020 5157 1076 5212 in
1126 5168 1279 5228 parte
1302 5174 1425 5214 esse
1462 5160 1792 5216 imbecillum
1839 5161 1905 5215 ad
1940 5177 2094 5216 suam
2133 5162 2232 5215 im—

662 5243 915 5309 plendam
935 5248 1288 5302 voluntatem.
1306 5247 1443 5313 Quid
1462 5264 1766 5312 commune,
1782 5248 2053 5318 inquiunt,
2074 5246 2233 5302 habet

664 5330 773 5383 vita
818 5349 941 5386 cum
982 5339 1167 5407 aqua?
1202 5337 1343 5405 Quid
1397 5339 1577 5395 aute'm
1628 5339 1730 5410 (eis
1771 5338 2041 5408 dicemus)
2087 5355 2234 5393 com-

589 5458 593 5462 .
663 5438 828 5477 mune
872 5425 1033 5481 habet
1083 5430 1277 5485 humor
1314 5439 1368 5486 et
1405 5432 1584 5503 imago
1620 5432 1757 5487 Dei?
1796 5433 1902 5488 Sed
1938 5433 2069 5488 nihil
2122 5432 2232 5486 illic

662 5521 747 5567 est
809 5514 1146 5581 admirabile,
1195 5521 1239 5575 si
1284 5521 1392 5577 Deo
1442 5524 1655 5579 volente
1701 5524 1899 5579 humor
1932 5523 2126 5578 transit
2178 5524 2229 5577 iu

664 5606 863 5660 annual
920 5604 1449 5678 prmstantissimum.
1501 5614 1573 5670 De
1615 5615 1718 5669 hoc
1778 5615 1942 5670 etiam
1982 5614 2232 5668 similiter

664 5697 928 5767 dicemus,
980 5700 1203 5758 minime
1252 5720 1372 5761 esse
1416 5706 1746 5776 mirandum,
1798 5706 1841 5762 si
1888 5705 2085 5761 divina:
2117 5707 2227 5761 vir-

2327 1686 2570 1756 ἀνάγκης
2620 1685 2683 1738 τὸ
2723 1683 3118 1755 γεγεννημένον
3164 1683 3372 1752 ὑπέστη
3400 1700 3416 1714 ·
3454 1683 3626 1747 οὕτως
3678 1686 3741 1738 ἐκ
3796 1685 3861 1753 τῆ

2260 1769 2303 1826 Β
2332 1776 2409 1847 μὴ
2451 1777 2897 1848 παραδεχομένης
2946 1775 3149 1846 φθορὰν
3179 1777 3483 1845 γεννήσεως
3507 1776 3597 1829 τὸν
3625 1776 3864 1847 γεννώμε

2329 1885 2417 1921 νον
2440 1907 2456 1933 ,
2495 1870 2741 1938 κρεῖττον
2785 1867 3009 1938 γένηται
3043 1867 3142 1935 τῆς
3191 1868 3255 1919 ἐκ
3290 1865 3382 1919 τοῦ
3414 1866 3640 1920 θανάτου
3670 1867 3864 1938 φθορᾶς

2374 1958 2586 2012 ἐπειδὰν
2617 1957 2820 2011 τούτων
2864 1958 2960 2010 καὶ
2999 1956 3108 2011 τῶν
3141 1956 3395 2010 τοιούτων
3448 1955 3754 2021 ἀκούσωσι,
3802 1974 3864 2010 κο

2330 2046 2727 2120 προδιδαχθῶσι
2754 2047 2844 2101 τὸν
2872 2047 3105 2119 τρόπον,
3147 2047 3228 2100 ὅτι
3267 2046 3399 2118 εὐχὴ
3434 2047 3569 2118 πρὸς
3610 2046 3770 2111 Θεὸν,
3803 2064 3864 2100 κο

2329 2139 2548 2209 χάριτος
2576 2139 2830 2209 οὐρανίας
2867 2138 3181 2207 ἐπίκλησις,
3217 2138 3311 2191 καὶ
3354 2138 3496 2209 ὕδωρ
3523 2179 3537 2201 ,
3581 2139 3675 2192 καὶ
3716 2138 3864 2191 πίστι

2329 2231 2468 2296 ἐστὶ,
2498 2231 2565 2283 δι’
2595 2224 2670 2284 ὧν
2704 2230 2765 2282 τὸ
2794 2230 2893 2300 τῆς
2922 2231 3331 2299 ἀναγεννήσεως
3367 2230 3665 2301 πληροῦται
3692 2233 3864 2300 μυστή

2332 2338 2467 2391 ριον,
2503 2321 2805 2385 δυσπειθῶς
2844 2322 3066 2392 ἔχουσι,
3119 2310 3253 2389 πρὸς
3296 2320 3358 2374 τὸ
3406 2322 3722 2392 φαινόμενον
3773 2320 3864 2391 βλέ

2330 2433 2520 2478 ποντες
2545 2456 2558 2479 ,
2591 2415 2665 2479 ὡς
2707 2415 2767 2469 οὐ
2801 2415 3092 2486 συμϐαῖνον
3121 2418 3186 2486 τῇ
3225 2416 3525 2487 ἐπαγγελίᾳ
3560 2415 3621 2469 τὸ
3653 2432 3863 2485 σωματι

2330 2508 2439 2572 κῶς
2464 2507 2867 2578 ἐνεργούμενον.
2897 2506 3022 2569 Πῶς
3053 2506 3162 2576 γὰρ
3184 2545 3197 2568 ,
3238 2506 3424 2574 φησιν,
3453 2505 3585 2576 εὐχὴ
3616 2507 3711 2559 καὶ
3746 2506 3864 2559 δυνά

2334 2618 2477 2670 μεως
2526 2600 2675 2663 θείας
2726 2599 3011 2669 ἐπίκλησις
3049 2599 3140 2652 ἐπὶ¹
3192 2597 3287 2651 τοῦ
3338 2596 3528 2658 ὓδατος
3578 2596 3864 2665 γιγνομέντ

2331 2690 2473 2761 ζωῆς
2523 2691 2761 2762 ἀρχηγὸς
2792 2693 2905 2753 τοῖς
2944 2688 3269 2761 μυουμένοις
3316 2687 3557 2756 γίνεται;
3597 2685 3738 2757 Πρὸς
3766 2684 3860 2748 οὓς

2331 2784 2486 2854 εἴπερ
2516 2782 2634 2835 λίαν
2667 2782 2835 2851 ἔχοιεν
2865 2781 3172 2843 ἀντιτύπως
3191 2822 3205 2845 ,
3229 2779 3433 2843 ἁπλοῦς
3468 2779 3688 2850 ἐξαρκεῖ
3718 2778 3864 2845 λόγος

2332 2875 2467 2947 πρὸς
2502 2874 2601 2945 τὴν
2632 2874 2724 2926 τοῦ
2756 2874 3025 2941 δόγματος
3058 2874 3284 2939 ἀγαγεῖν
3305 2866 3721 2937 συγκατάθεσιν.
3748 2866 3864 2917 Ἀντ

2328 2963 2591 3035 ερωτήσω
2629 2964 2727 3034 μὲν
2769 2962 2901 3032 γὰρ,
2927 2960 3022 3014 τοῦ
3049 2961 3249 3030 τρόπου
3275 2958 3370 3026 τῆς
3394 2955 3535 3009 κατὰ
3567 2954 3745 3024 σάρκα
3777 2969 3864 3020 γει

2333 3063 2540 3127 νήσεως
2573 3058 2735 3109 πᾶσιν
2763 3056 2914 3119 ὄντος
2939 3052 3226 3125 προδήλου,
3256 3049 3373 3112 πῶς
3412 3047 3696 3119 ἄνθρωπος
3722 3048 3864 3098 ἐκεῖν

2334 3149 2541 3217 γίνεται
2592 3147 2652 3199 τὸ
2699 3149 2778 3210 είς
2829 3144 3080 3216 ἀφορμὴν
3133 3142 3235 3212 τῆς
3279 3140 3587 3201 συστάσεως
3622 3136 3717 3189 τοῦ
3760 3135 3862 3200 {the

2336 3237 2835 3307 καταϐαλλόμενον;
2873 3235 3034 3288 Ἀλλὰ
3074 3234 3178 3303 μὴν
3228 3231 3401 3294 οὐδεὶς
3438 3230 3525 3282 ἐπ’
3570 3228 3781 3282 ἐκείνου
3814 3226 3860 3277 λι

2334 3350 2427 3401 γος
2450 3332 2616 3397 ἐστὶν,
2643 3333 2670 3384 ό
2708 3328 2953 3399 λογισμῷ
2976 3346 3082 3381 τινι
3111 3326 3171 3379 τὸ
3210 3324 3433 3377 πιθανὸν
3461 3322 3807 3393 ἐξευρίσκων.
3836 3320 3858 3368 Ἴ

2332 3423 2440 3493 γὰρ
2465 3422 2640 3475 κοινὸν
2676 3420 2947 3489 σπέρματι
2982 3416 3264 3485 ἀνθρώπου
3307 3414 3444 3484 πρὸς
3489 3413 3588 3481 τὴν
3622 3414 3679 3464 ἐν
3712 3410 3856 3463 ἐκείν

2334 3516 2712 3588 θεωρουμένην
2762 3512 3048 3581 ποιότητα;
3098 3507 3526 3579 Συγκρινόμενος
3557 3506 3586 3557 ὁ
3617 3501 3854 3573 ἄνθρωπε

2333 3608 2546 3676 λογικόν
2571 3625 2623 3659 τι
2661 3604 2847 3675 χρῆμα
2872 3602 2965 3655 καὶ
2986 3598 3321 3668 διανοητικόν
3355 3599 3469 3650 ἐστι
3489 3634 3503 3659 ,
3535 3594 3627 3648 νοῦ
3656 3595 3750 3648 κα)⁸
3783 3595 3852 3646 ἐπ

2337 3702 2550 3770 στήμης
2587 3694 2866 3749 δεκτικόνο
2911 3693 3085 3745 ἐκεῖνο
3120 3690 3178 3743 δέ
3223 3689 3365 3759 ὑγρᾷ
3406 3704 3510 3739 τινι
3554 3684 3849 3755 ἐνθεωρεῖτι

2336 3794 2617 3861 ποιότητι,
2647 3787 2737 3841 καὶ
2768 3787 2949 3840 πλεῖον
2981 3782 3130 3837 οὐδὲν
3176 3780 3271 3834 τοῦ
3318 3778 3437 3833 κατ’
3465 3776 3717 3845 αἴσθησιν
3762 3776 3848 3845 ὁρ(

2336 3886 2497 3956 μένου
2530 3880 2936 3951 καταλαμϐάνει
2978 3876 3172 3929 ἔννοια.
3203 3874 3306 3927 ’Ἡν
3349 3870 3524 3924 τοίνυν
3565 3868 3712 3930 εἰκός
3754 3867 3848 3919 ἐστ

2332 3977 2624 4047 ἀπόκρισιν
2661 3973 2917 4044 γενέσθαι
2962 3971 3094 4042 ήμῖν
3147 3965 3299 4039 παρά
3353 3964 3461 4017 τῶν
3496 3957 3846 4033 ἐρωτηθέντω

2333 4065 2414 4118 ὅτι
2443 4065 2567 4129 Πῶς
2590 4064 2705 4118 ἐστι
2731 4061 2919 4116 πιστὸν
2963 4060 3022 4125 ἐξ
3055 4057 3262 4111 ἐκείνου
3303 4053 3562 4123 συστῆναι
3594 4047 3844 4119 ἄνθρωπε

2260 3106 2303 3164 C

2333 4154 2494 4207 τοῦτο
2529 4154 2623 4206 καὶ
2648 4154 2777 4223 ’περὶ⁸
2813 4153 2912 4222 τῆς
2942 4152 3029 4205 διὰ
3070 4148 3186 4224 τοῦ.
3211 4147 3401 4209 ὓδατος
3443 4140 3733 4213 γινομένης
3780 4139 3842 4191 ἀν

2332 4248 2636 4316 γεννήσεως
2656 4242 3018 4314 ἐρωτηθέντες
3048 4236 3505 4311 ἀποκρινούμεθα.
3540 4234 3688 4288 Ἐκεῖ
3709 4247 3769 4284 τε
3796 4247 3840 4297 γι

2334 4337 2597 4409 πρότερόν
2629 4336 2777 4386 ἐστιν
2802 4333 3016 4401 ἑκάστῳ
3049 4330 3158 4384 τῶν
3190 4326 3559 4399 ἡρωτημένων
3588 4323 3761 4376 εἰπεῖν
3783 4321 3838 4385 ,ἱ

2260 4440 2305 4497 Ῑ)
2334 4427 2454 4498 θεία
2483 4426 2707 4494 δυνάμει
2737 4424 2941 4485 ἐκεῖνος
2960 4418 3244 4492 ἄνθρωπος
3272 4419 3537 4488 γίγνεται,
3563 4409 3632 4487 ἧς
3664 4412 3740 4484 μὴ
3766 4428 3836 4465 πσ

2336 4520 2537 4589 ούσης,
2580 4516 2834 4587 ἀκίνητόν
2872 4516 2989 4569 ἐστι
3033 4514 3127 4569 καὶ
3154 4510 3529 4581 ἀνενέργητον.
3564 4508 3628 4560 Ei
3669 4501 3763 4559 οὖν
3790 4504 3834 4556 ἐπ

2335 4612 2396 4664 οὺ
2424 4609 2483 4663 τὸ
2513 4608 2869 4678 ὑποκείμενον
2910 4607 3053 4659 ποιεῖ
3080 4603 3171 4656 τὸν
3220 4601 3501 4672 ἄνθρωπον
3522 4638 3538 4661 ,
3571 4597 3687 4651 ἀλλ’
3723 4597 3756 4664 ή
3787 4594 3834 4646 θι

2335 4703 2563 4772 δύναμις
2602 4702 2679 4763 εἰς
2707 4698 2991 4771 ἀνθρώπου
3026 4694 3186 4765 φύσιν
3232 4692 3513 4762 μεταποιεῖ
3553 4689 3615 4741 τὸ
3646 4686 3831 4756 φαινόρ

2336 4811 2445 4859 νον,
2472 4796 2571 4863 τῆς
2601 4792 2831 4861 ἐσχάτης
2880 4790 2948 4843 ἂν
2983 4789 3068 4859 εἴη
3109 4783 3497 4856 ἀγνωμοσύνης
3516 4823 3532 4849 ,
3566 4782 3685 4835 ἐκεῖ
3711 4797 3830 4834 τοσο

2335 4900 2431 4953 την
2455 4882 2533 4952 τῷ
2562 4880 2679 4950 Θεῷ
2710 4875 3263 4949 προσμαρτυροῦντας
3310 4871 3535 4942 δύναμιν
3560 4910 3574 4934 ,
3602 4870 3814 4923 ἀτονεῖν

2333 4972 2412 5043 τῷ
2442 4973 2594 5042 μέρει
2622 4968 2795 5038 τούτῳ
2820 4968 2880 5021 τὸ
2903 4970 3057 5023 Θεῖον
3079 4964 3285 5019 οἴεσθαι
3316 4962 3453 5035 πρὸς
3479 4961 3577 5031 τήν
3620 4960 3826 5030 ἐκπλήρ

2338 5082 2419 5118 σιν
2442 5063 2535 5117 τοῦ
2564 5061 2885 5132 θελήματος.
2920 5057 2985 5110 Τί
3024 5058 3219 5123 κοινὸν,
3249 5055 3433 5127 φασὶν,
3466 5054 3616 5108 ὕδατι
3644 5053 3740 5105 καὶ
3768 5052 3824 5114 Co

2335 5156 2401 5209 Ti
2421 5155 2477 5208 δὲ
2508 5153 2707 5218 κοινὸν,
2736 5152 2872 5223 πρὸς
2897 5150 3057 5204 αὑτὸν
3085 5148 3317 5220 ἐροῦμεν
3340 5187 3356 5214 ,
3396 5145 3655 5218 ὑγρότητι
3689 5143 3783 5197 καὶ

2335 5245 2451 5299 κόνι
2479 5242 2612 5298 Θεοῦ
2640 5260 2653 5309 ;
2708 5242 2846 5295 Ἀλλ’
2876 5242 3027 5295 οὐδὲν
3058 5242 3173 5294 ἐκεῖ
3202 5239 3265 5293 τὸ
3308 5237 3640 5310 παράδοξον,
3672 5238 3721 5290 εί
3767 5236 3820 5288 Oi

2336 5337 2657 5410 βουλομένου
2708 5334 2846 5406 πρὸς
2882 5334 2942 5387 τὸ
2967 5332 3293 5404 τιμιώτατον
3338 5329 3473 5395 ζῶον
3509 5329 3569 5382 τὸ
3599 5326 3762 5397 ὑγρὸν
3808 5342 3818 5395 ι

2333 5428 2596 5482 ταϐαίνει.
2642 5427 2716 5481 Τὸ
2762 5422 2878 5480 ἴσον
2935 5425 3029 5479 καὶ
3087 5424 3181 5476 ἐπὶ
3232 5423 3421 5475 τούτου
3467 5420 3679 5491 φαμὲν,
3740 5432 3815 5487 μη

2334 5516 2472 5573 εἶναι
2527 5518 2855 5590 θαυμαστὸν,
2898 5519 2945 5569 εἰ
2982 5515 3129 5578 θείας
3158 5512 3435 5583 δυνάμεως
3472 5508 3739 5581 παρουσία
3769 5523 3815 5573 πί

2333 5609 2639 5679 ἀφθαρσίαν
2672 5608 3061 5680 μετασκευάζει
3096 5606 3154 5660 τὸ
3183 5607 3241 5659 ἐν
3277 5604 3345 5675 τῇ
3381 5603 3593 5675 φθαρτῇ
3621 5598 3779 5669 φύσει
3807 5612 3814 5627 ⁴

2336 5702 2578 5773 νόμενον.
