4072 6212
315 225 391 280 85
1559 225 1818 285 ORATIO
1839 228 2343 286 CATECiIETlCA.
2612 286 2649 327 ‘
3530 220 3598 276 86

330 333 470 434 tutis
518 341 805 403 praesentia
857 338 1218 396 transformat
1257 341 1326 397 ad
1356 342 1826 418 incorruptionem
1857 346 1909 402 id
1950 345 2096 419 quod
2149 357 2337 401 natum
2385 344 2560 400 fuerat
2603 344 2658 425 in
2742 350 2939 399 natura
2983 341 3038 398 in
3088 356 3253 414 quam
3297 341 3446 399 cadit
3510 341 3599 405 in—

336 424 551 482 tet-itus.

901 521 1160 580 nam.
1191 526 1314 582 ΛΔν.
1772 582 1789 594 ,

409 607 575 666 Ἀλλά
611 610 869 682 ζητοῦσιν
912 615 1191 684 ἀπόδειξιν
1218 617 1313 673 τοῦ
1359 622 1614 692 παρεῖναι
1660 621 1722 676 τὸ
1760 622 1914 678 Θεῖον

322 702 420 755 ἰπὶ
449 702 746 775 άγιασμῶν
772 704 884 759 τῶν
902 707 1202 779 γινομένων
1228 709 1580 782 καλούμενον.
1597 711 1654 768 Ὀ
1678 711 1736 767 δὲ
1758 710 1918 766 τοῦτο

322 791 531 862 ζητῶν,
563 793 866 863 ἀναγνώτω
896 796 1060 851 πάλιν
1084 797 1154 853 τά
1182 799 1415 856 κατόπιν
1442 800 1808 875 ὶξητασμένα.
1852 804 1917 858 Ἠ

324 885 440 957 γὰρ
463 889 782 961 κατασκευὴ
817 889 913 944 τοῦ
938 891 1037 965 τὴν
1061 891 1150 947 διὰ
1171 894 1373 966 σαρκὸς
1401 895 1535 966 ἡμῖν
1562 897 1917 965 ἐπιφανεῖσαν

324 975 582 1048 δύναμιν,
607 977 830 1048 άληθῶς
861 979 1012 1035 θείαν
1029 978 1184 1056 εἶναι,
1202 982 1297 1038 τοῦ
1318 983 1585 1058 παρόντος
1613 984 1773 1053 λόγου
1801 999 1919 1038 συν-

321 1071 532 1142 ηγορία
562 1069 793 1140 γίνεται.
825 1073 1139 1145 Δειχθέντος
1189 1073 1300 1146 γὰρ
1344 1074 1438 1129 τοῦ
1483 1073 1615 1128 Θεὸν
1643 1069 1783 1129 εἶναι
1824 1074 1918 1130 τὸν

323 1166 391 1219 ἰν
419 1165 588 1237 σαρκὶ
625 1166 1032 1239 φανερωθέντα,
1058 1170 1171 1233 τοῖς
1201 1168 1291 1223 διὰ
1311 1167 1421 1223 τῶν
1448 1170 1749 1241 γινομένων
1780 1168 1916 1224 θαύ-

325 1273 471 1325 μασι
501 1258 601 1329 τὴν
653 1256 816 1326 φύσιν
859 1258 1055 1315 ἑαυτοῦ
1081 1260 1332 1327 δείξαντα
1354 1301 1371 1329 ,
1422 1260 1812 1333 συναπεδείχθη
1856 1256 1918 1316 τὸ

325 1350 589 1419 παρεῖναι
622 1351 737 1413 τοῖς
788 1349 1092 1422 γινομένοις
1136 1350 1300 1406 αὑτὸν
1348 1349 1489 1407 κατά
1520 1352 1698 1408 πάντα
1725 1351 1917 1423 καιρὸν

324 1437 701 1511 ἐπικλήσεως.
720 1440 934 1513 Ὠσπερ
959 1441 1068 1515 γὰρ
1090 1442 1322 1497 ἑκάστου
1352 1442 1463 1498 τῶν
1487 1443 1654 1498 ὄντων
1687 1444 1804 1498 ἔστί
1834 1460 1917 1508 τις

327 1528 539 1600 ἰδιότης
582 1531 617 1601 ἡ
667 1529 768 1602 τὴν
799 1529 961 1601 φύσιν
990 1532 1331 1606 γνωρίζουσα
1356 1551 1372 1567 ·
1422 1532 1595 1598 οὕτως
1624 1532 1753 1589 ῐδιόν
1798 1535 1916 1588 ἐστι

322 1619 435 1689 τῆς
472 1619 627 1685 Θείας
661 1620 879 1692 φύσεως
914 1624 949 1696 ἡ
980 1624 1228 1697 ἀλήθεια.
1272 1624 1433 1680 ’Δλλά
1483 1624 1590 1698 μὴν
1636 1625 1725 1681 ἀεὶ
1773 1642 1916 1697 παρ-

324 1710 557 1766 ἔσεσθαι
583 1714 698 1776 τοῖς
717 1713 1168 1786 ιπικαλουμένοις
1196 1716 1550 1788 ἐπήγγελται,
1567 1718 1663 1772 καὶ
1684 1718 1743 1771 ὲν
1768 1717 1918 1789 μέσῳ

325 1803 444 1857 τῶν
473 1803 838 1858 πιστευόντων
866 1801 1025 1872 εἶναι,
1057 1808 1151 1862 καὶ
1182 1809 1240 1861 ὲν
1275 1809 1411 1863 πᾶσι
1453 1808 1635 1880 μένειν
1667 1810 1761 1864 καὶ
1787 1809 1917 1864 ἑκά-

1942 535 1991 590 Α

2474 497 2482 504 ’
2529 516 2762 574 CAPUT
2841 515 3077 574 χχχιιι.

2090 614 2198 670 Sed
2247 619 2498 683 quaerunt
2565 618 2623 666 nt
2676 611 2778 666 sibi
2842 610 3197 675 ostendatur,
3252 607 3401 681 quod
3456 607 3601 666 Deus

2017 708 2162 765 adsit
2202 706 2489 762 invocatus
2523 703 2579 758 in
2614 702 2683 759 iis
2722 717 2844 774 quae.
2873 702 3010 757 fiunt
3043 702 3597 762 sanctiﬁcationibus.

2015 798 2117 866 Qui
2166 807 2348 852 autem
2376 795 2482 850 hoc
2506 792 2725 868 quaerit,
2755 799 2973 848 revocet
3008 791 3064 847 in
3096 802 3335 849 mentem
3386 807 3450 847 ea
3478 806 3601 864 quae

2016 899 2166 948 retro
2188 899 2319 947 sunt
2350 888 2683 945 examinata.
2709 884 3073 941 Conﬁrmatio
3102 884 3272 951 enim,
3303 885 3446 956 quod
3476 901 3600 958 qua:

2015 997 2114 1053 per
2142 996 2377 1037 carnem
2405 979 2570 1035 nobis
2609 978 2864 1051 apparuit
2892 977 3089 1045 virtus,
3117 992 3247 1034 vere
3279 977 3353 1035 sit
3384 975 3594 1043 divina,

2017 1070 2263 1127 defendit
2311 1069 2365 1126 id
2413 1070 2561 1142 quod
2601 1068 2837 1124 dicimus
2871 1067 2924 1124 in
2968 1065 3279 1140 praesentia.
3305 1064 3441 1122 Nam
3476 1082 3600 1123 cum

2016 1175 2301 1220 ostensum
2366 1163 2439 1220 sit
2494 1161 2638 1234 quod
2696 1161 2771 1219 sit
2815 1159 2960 1218 Deus
3004 1160 3099 1232 qui
3156 1176 3314 1221 suam
3362 1161 3604 1221 ostendit

2017 1264 2274 1312 naturam
2315 1254 2598 1313 miraculis
2635 1268 2731 1327 per
2766 1268 2833 1310 ea
2864 1268 2987 1325 quae
3029 1252 3186 1321 ﬁunt,
3240 1253 3403 1316 simul
3434 1252 3601 1311 etiam

2016 1356 2297 1405 ostensum
2343 1355 2449 1416 est,
2505 1362 2628 1404 eum
2672 1346 2869 1409 adesse
2905 1346 2974 1403 iis
3023 1361 3146 1423 qua:
3184 1346 3320 1406 ﬁunt
3354 1355 3602 1416 tempore

2017 1438 2405 1504 invocationis.
2457 1438 2746 1506 Quomodo
2789 1440 2936 1495 enim
2966 1437 3024 1494 in
3054 1452 3387 1514 unoquoque
3408 1451 3600 1499 eorum

2016 1549 2139 1605 qua:
2159 1540 2308 1599 sunt,
2340 1541 2425 1589 est
2445 1531 2692 1604 quaedam
2722 1531 3034 1604 proprietas
3060 1547 3185 1604 qua:
3201 1539 3384 1587 notam
3420 1529 3604 1587 reddit

2015 1635 2306 1692 naturam,
2363 1625 2441 1679 ita
2472 1623 2675 1680 divina:
2709 1633 2921 1685 natura}
2954 1623 3235 1696 proprium
3258 1631 3344 1679 est
3372 1622 3599 1680 veritas.

2015 1717 2179 1787 Atqui
2234 1716 2620 1779 invocantibus
2650 1732 2711 1777 se
2741 1731 2957 1788 semper
2987 1714 3284 1776 atIutnrum
3312 1724 3397 1773 est
3440 1714 3603 1786 polli-

2017 1810 2186 1875 citus,
2232 1816 2288 1865 et
2337 1807 2585 1865 futurum
2622 1807 2680 1864 in
2710 1807 2893 1864 medio
2919 1805 3283 1873 credentium,
3315 1816 3368 1863 et
3390 1805 3447 1861 in
3476 1821 3601 1863 om-

324 1913 448 1967 στω
471 1898 729 1962 συνεῖναι,
753 1896 850 1952 καὶ
864 1896 1043 1953 οὐκέτ’
1064 1898 1133 1953 ἀν
1152 1899 1345 1973 ἑτέρας
1369 1873 1466 1966 ιιίς⁷
1477 1901 1540 1956 τὸ
1564 1904 1821 1975 παρεῖναι
1853 1901 1916 1957 τὸ

2025 1903 2185 1959 nibus
2234 1915 2579 1966 mansurum,
2617 1907 2824 1957 etcum
2862 1913 3195 1971 unoquoque
3242 1906 3602 1955 conversatu-

324 1983 496 2038 Θεῖον
517 1986 631 2050 τοῖς
659 1988 962 2060 γινομένοις
1001 1989 1327 2069 ἀποδείξεως
1360 1993 1753 2066 προσδεοίμεθα
1775 2011 1791 2028 ·
1823 1994 1918 2051 τὸν

327 2073 449 2143 μὲν
480 2073 617 2128 Θεὸν
648 2069 777 2130 εἶναι
805 2078 893 2132 διὰ
922 2078 1035 2132 τῶν
1077 2078 1367 2152 θαυμάτων
1407 2082 1587 2137 αὐτῶν
1626 2100 1917 2138 πεπιστευ-

324 2166 504 2230 κότες
523 2207 541 2233 ,
564 2169 633 2220 ἐν-
648 2167 704 2221 δὲ
728 2168 803 2240 τῷ
829 2169 1054 2239 ἀψευδεῖ
1075 2172 1178 2243 τῆς
1202 2173 1546 2246 ὑποσχέσεως
1579 2177 1832 2249 παρεῖναι
1856 2174 1919 2230 τὸ

324 2256 748 2328 ἐπηγγελμένον
770 2259 869 2312 οὐκ
890 2259 1343 2331 ἀμφιϐάλλοντες.
1375 2261 1449 2316 Τὸ
1477 2262 1535 2316 δὲ
1558 2262 1918 2333 προηγεῖσθαι

323 2349 429 2420 τὴν
454 2350 548 2403 διὰ
574 2352 675 2422 τῆς
700 2350 864 2421 εὐχῆς
891 2351 1081 2422 κλῆσιν
1113 2352 1215 2423 τῆς
1248 2351 1400 2418 θείας
1438 2353 1748 2425 οἰκονομίας
1771 2395 1786 2420 ,
1822 2371 1918 2408 πεο

327 2441 552 2512 ριουσία
577 2441 665 2506 τίς
693 2444 810 2497 ἐστι
841 2444 943 2512 τῆς
974 2442 1300 2510 ἀποδείξεως
1332 2444 1426 2499 τοῦ
1460 2445 1602 2499 κατὰ
1633 2445 1766 2499 Θεὸν
1799 2446 1919 2499 ἐπιο

325 2529 606 2583 τελεῖσθαι
628 2531 690 2584 τὸ
713 2531 1121 2603 ὲνεργοῦμενον.
1148 2532 1210 2586 Ei
1237 2532 1347 2607 γὰρ
1370 2534 1464 2587 ἐπὶ
1487 2533 1579 2588 τοῦ
1606 2534 1793 2605 ἑτέρου
1819 2534 1918 2606 τῆς

324 2622 776 2692 ἀνθρωποποιῖας
813 2621 985 2688 εἴδους
1011 2664 1027 2689 ,
1082 2625 1138 2677 αἱ
1194 2622 1306 2677 τῶν
1359 2623 1674 2694 γεννώντων
1725 2624 1917 2697 ὁρμαὶ,

329 2712 439 2764 κᾶν
471 2711 549 2782 μὴ
580 2711 854 2785 ὲπικληθῇ
890 2713 1022 2783 παρ’
1049 2712 1243 2776 ,αὐτῶν
1260 2710 1331 2779 δι’
1353 2713 1518 2785 εὐχῆς
1544 2712 1606 2767 τὸ
1633 2714 1788 2769 Θεῖον
1806 2754 1820 2779 ,
1853 2714 1918 2785 τῇ

326 2802 424 2855 τοῦ
452 2802 596 2856 Θεοῦ
624 2803 876 2875 δυνάμει,
909 2803 1088 2868 καθὼς
1120 2806 1179 2857 ὲν
1204 2806 1317 2869 τοῖς
1346 2805 1652 2878 ἔμπροσθεν
1680 2805 1919 2878 εἴρηται,

329 2892 733 2949 διαπλάσσουσι
767 2895 830 2949 τὸ
858 2896 1194 2967 γεννώμενον
1213 2914 1228 2928 ο
1263 2892 1333 2971 ἦς
1353 2898 1713 2970 χωρισθείσης
1740 2898 1923 2969 ἄπρα-

329 2986 464 3050 κτός
490 2988 644 3040 ἐστιν
674 2989 707 3057 ἡ
752 2988 955 3059 σπουδὴ
985 2988 1077 3042 καὶ
1118 2976 1401 3061 ἀνόνητος’
1440 2988 1590 3061 πόσῳ
1618 2988 1817 3060 μᾶλλον
1864 2990 1922 3043 ἐν

329 3077 414 3149 τῷ
444 3080 807 3152 πνευματικῷ
831 3082 931 3151 τῆς
951 3081 1257 3152 γεννήσεως
1278 3080 1486 3153 τρόπῳ,
1504 3082 1598 3135 καὶ
1617 3080 1751 3134 Θεοῦ
1778 3097 1923 3152 παρ-

332 3171 564 3225 ἔσεσθαι
609 3175 725 3235 τοῖς
758 3172 1069 3245 γενομένοις
1096 3173 1529 3245 ἐπηγγελμένου,
1554 3175 1646 3227 καὶ
1674 3173 1770 3247 τὴν
1793 3174 1921 3247 παρ’

334 3264 539 3319 ἑαυτοῦ
572 3264 803 3335 δύναμιν
831 3264 1195 3330 ἑντεθεικότος
1225 3265 1303 3336 τῷ
1333 3265 1479 3337 ἔργῳ
1500 3307 1515 3332 ,
1548 3265 1732 3330 καθὼς
1765 3283 1924 3320 πεπι-

340 3357 656 3428 στεύκαμεν
680 3372 693 3386 ⁸
723 3358 818 3411 καὶ
859 3356 957 3429 τῆς
985 3356 1261 3429 ἡμετέρας
1296 3359 1667 3431 προαιρέσεως
1704 3358 1839 3428 πρὸς
1864 3357 1926 3412 τὸ

340 3448 783 3520 σπουδαζόμενον
815 3448 914 3521 τὴν
953 3450 1127 3522 ὁρμὴν
1153 3451 1382 3521 ἐχούσης
1409 3467 1423 3482 ·
1469 3452 1518 3505 εί
1564 3448 1924 3521 συμπαραλη-

342 3540 507 3611 φθείη
536 3540 888 3610 καθηκόντως
920 3541 954 3611 ἠ
998 3539 1086 3594 διὰ
1113 3540 1212 3611 τῆς
1242 3540 1408 3611 εὐχῆς
1440 3540 1723 3611 συμμαχία
1745 3581 1761 3606 ,
1792 3541 1928 3611 μᾶλ-

342 3635 438 3687 λον
467 3633 715 3698 ἐπιτελὲς
744 3632 899 3687 ἔσται
935 3631 997 3687 τὸ
1017 3632 1477 3704 σπουδαζόμενον;
1505 3632 1770 3704 Καθάπερ
1796 3633 1853 3686 δὲ
1878 3634 1927 3687 oi

346 3728 617 3796 ἐπιφᾶναι
655 3725 747 3779 τὸν
774 3725 927 3797 ἥλιον
966 3724 1149 3790 αὐτοῖς
1187 3724 1469 3795 εὐχόμενοι
1491 3723 1570 3794 τῷ
1597 3723 1715 3796 Θεῷ
1736 3764 1752 3790 ,
1778 3724 1928 3777 οὐδὲν

353 3817 689 3887 ἀμϐλύνουσι
735 3818 798 3872 τὸ
841 3817 1058 3880 πάντως
1088 3817 1398 3887 γινόμενον·
1441 3813 1562 3869 οὐδὲ
1604 3815 1712 3886 μὴν
1759 3816 1930 3889 ἀχρη-

364 3927 492 3963 στον
529 3905 663 3963 εἷναί
692 3927 774 3974 τις
805 3910 971 3980 φήσει
998 3908 1097 3981 τὴν
1132 3907 1240 3961 τῶν
1273 3906 1724 3979 προσευχομένων
1762 3924 1929 3961 σπου-

354 4002 483 4073 δὴν,
508 4003 558 4054 εί
585 4001 709 4072 περὶ
735 4000 821 4055 τοῦ
846 4001 1065 4064 πάντως
1095 3999 1351 4070 ἐσομένου
1379 3997 1472 4052 τὸν
1500 3997 1633 4052 Θεὸν
1657 3998 1931 4053 ἱκετεύου-

354 4108 449 4145 σιν
472 4106 488 4120 ·
521 4089 695 4155 οὕτως
726 4093 771 4145 οὶ
798 4089 1220 4161 πεπιστευμένοι
1238 4130 1254 4157 ,
1291 4088 1432 4144 κατά
1457 4089 1558 4160 τὴν
1598 4091 1807 4162 ἀψευδῆ
1835 4090 1929 4145 τοῦ

350 4183 831 4253 ἐπαγγειλαμένου
855 4182 1150 4255 ὑπόσχεσιν
1184 4181 1402 4246 πάντως
1430 4183 1684 4253 παρεῖναι
1711 4182 1808 4254 τὴν
1840 4184 1933 4253 χά-

280 4294 295 4333 !
352 4293 444 4346 ριν
464 4279 580 4340 τοῖς
603 4275 694 4330 διὰ
718 4276 818 4347 τῆς
846 4278 1115 4348 μυστικῆς
1136 4273 1340 4347 ταύτης
1367 4273 1678 4345 οίκονομίας
1703 4275 1933 4343 ἀναγεν-

348 4369 649 4441 νωμένοις,
672 4367 708 4440 ἢ
747 4369 1064 4441 προσθήκην
1095 4368 1219 4422 τινά
1250 4366 1529 4423 ποιοῦνται
1553 4369 1653 4441 τῆς
1690 4369 1930 4442 χάριτος,

346 4460 385 4532 ἢ
416 4459 518 4531 τὴν
534 4457 704 4515 οὖσαν
725 4460 827 4513 οὐκ
850 4458 1302 4530 ἀποστρέψουσιν.
1330 4458 1406 4513 Τὸ
1430 4459 1540 4532 γὰρ
1567 4460 1787 4526 πάντως
1808 4478 1935 4515 συν-

2017 2008 2191 2060 rum;
2247 2006 2427 2063 neque
2474 1991 2579 2051 alia
2627 1988 2792 2045 fuerit
2840 1989 3004 2045 nobis
3056 2004 3197 2061 opus
3248 1988 3601 2061 probatione.

2015 2084 2165 2157 quod
2208 2078 2351 2139 Deus
2390 2081 2536 2139 adsit
2574 2081 2643 2137 iis
2685 2095 2807 2152 qua
2833 2081 2993 2144 fiunt,
3016 2092 3142 2135 cum
3179 2077 3349 2135 Deum
3380 2079 3604 2151 quidem

2016 2192 2139 2234 esse
2166 2190 2261 2247 per
2287 2172 2405 2244 ipsa
2435 2171 2700 2227 miracula
2743 2170 3165 2249 crediderimus,
3213 2186 3392 2243 neque
3440 2170 3604 2234 dubi-

2016 2275 2218 2330 temus,
2261 2265 2315 2320 id
2355 2262 2504 2336 quod
2563 2261 2901 2332 promissum
2952 2270 3039 2316 est
3089 2260 3285 2318 adesse
3332 2260 3498 2318 certis
3548 2268 3606 2317 et

2018 2374 2049 2415 a
2104 2356 2396 2415 mendacio
2453 2354 2647 2410 alienis
2693 2352 3173 2424 promissionibus.
3221 2351 3379 2421 Quod
3423 2362 3606 2409 autem

2016 2465 2141 2522 quae
2189 2464 2285 2521 per
2346 2461 2537 2518 preces
2582 2444 2642 2500 fit
2689 2444 2986 2510 invocatio,
3036 2444 3277 2500 divinam
3334 2442 3607 2516 praecedat

2020 2539 2508 2613 dispensationem,
2566 2537 2701 2594 satis
2754 2552 3029 2608 superque
3082 2537 3300 2608 probat,
3349 2534 3496 2609 quod
3551 2535 3607 2591 id

2021 2614 2163 2703 quod
2207 2632 2286 2695 fit,
2338 2646 2407 2686 ex
2454 2628 2564 2685 Deo
2614 2628 2908 2700 peragitur.
2970 2626 3030 2683 Si
3094 2628 3239 2684 enim
3299 2627 3355 2683 in
3426 2626 3602 2682 altero

2021 2740 2219 2797 genere
2263 2721 2545 2777 hominum
2597 2720 3023 2793 procreationis,
3070 2733 3263 2774 eorum
3300 2718 3395 2789 qui
3445 2732 3605 2789 gene-

2021 2826 2147 2875 rant
2200 2817 2269 2873 ad
2322 2818 2379 2872 id
2440 2816 2683 2876 incitatae
2725 2814 3112 2886 appetitiones,
3159 2811 3378 2870 etiamsi
3423 2812 3491 2867 ab
3535 2811 3606 2867 iis

2022 2909 2169 2965 Deus
2199 2908 2456 2980 precibus
2496 2922 2607 2962 non
2642 2906 2950 2972 invocetur,
2980 2904 3168 2985 divina
3198 2903 3425 2968 virtute,
3461 2904 3609 2961 sicut

2025 3002 2179 3072 prius
2237 2998 2447 3054 dictum
2500 3006 2611 3062 est,
2665 2997 2936 3067 effingunt
2986 2996 3040 3052 id
3079 2995 3226 3068 quod
3270 3001 3607 3065 generatur,

2024 3108 2130 3164 qua
2151 3100 2404 3163 separata
2428 3089 2678 3146 inefficax
2714 3097 2770 3146 et
2795 3089 3008 3149 inutilis
3031 3103 3095 3143 ac
3124 3087 3278 3143 irrita
3299 3093 3383 3143 est
3417 3101 3609 3141 eorum

2024 3202 2191 3257 opera
2232 3203 2244 3238 :
2274 3190 2479 3254 quanto
2504 3181 2675 3253 magis
2709 3181 2763 3236 in
2800 3180 3073 3252 spirituali
3107 3178 3271 3234 modo
3298 3176 3611 3251 generatio-

2026 3279 2135 3342 nis,
2177 3290 2301 3329 eum
2332 3281 2386 3329 et
2413 3272 2579 3330 Deus'
2606 3273 2676 3331 iis
2707 3289 2829 3343 qum
2870 3271 3013 3333 facta
3058 3277 3188 3329 sunt
3217 3285 3275 3325 se
3307 3267 3609 3329 affuturum

2027 3367 2099 3423 sit
2138 3365 2450 3437 pollicitus,
2508 3373 2564 3419 et
2618 3378 2771 3419 suam
2818 3361 2973 3432 operi
3020 3361 3281 3417 virtutem
3331 3358 3611 3429 indiderit,

2030 3468 2087 3514 ut
2119 3456 2486 3522 credidimus,
2525 3464 2885 3525 nostrumque
2918 3452 3262 3529 propositum
3307 3462 3360 3509 et
3388 3450 3614 3510 institu-

2028 3558 2142 3604 tum
2180 3546 2387 3603 feratur
2431 3546 2500 3601 ad
2541 3546 2594 3601 id
2642 3546 2701 3600 in
2728 3545 2874 3616 quod
2903 3546 3142 3602 studium
3175 3554 3232 3603 et
3276 3562 3442 3617 opera
3476 3560 3611 3601 con-

2030 3640 2232 3705 fertur,
2288 3639 2333 3693 si
2366 3652 2555 3694 eorum
2604 3653 2835 3709 quorum
2880 3636 3035 3693 decet
3075 3637 3242 3694 simul
3289 3653 3385 3708 per
3426 3651 3615 3708 preces

2029 3739 2342 3788 assumatur
2360 3728 2642 3795 auxilium,
2668 3726 2840 3800 magis
2860 3727 2965 3783 erit
2993 3726 3294 3801 perfectum
3314 3727 3366 3783 id
3391 3727 3445 3781 in
3468 3725 3615 3799 quod

2030 3822 2309 3879 confertur
2327 3818 2590 3877 studium?
2611 3817 2733 3887 Quo
2762 3818 2925 3876 modo
2954 3828 3135 3875 autem
3165 3818 3258 3891 qui
3296 3816 3461 3874 Deum
3493 3833 3618 3890 pre-

2031 3922 2227 3973 cantur
2257 3921 2317 3969 ut
2338 3913 2442 3969 sibi
2475 3912 2558 3969 sol
2582 3912 2883 3978 illucescat,
2934 3913 2988 3969 id
3015 3912 3158 3983 quod
3189 3911 3245 3965 fit
3273 3925 3616 3981 nequaquam

2031 4011 2340 4067 obtundunt
2362 4021 2414 4069 et
2434 4013 2735 4069 obscurant
2763 4013 2782 4078 (
2797 4011 2892 4069 sed
2933 4026 3035 4071 nec
3059 4009 3250 4069 inutile
3277 4006 3618 4080 precantium

2034 4102 2239 4159 dixeris
2265 4120 2388 4161 esse
2410 4105 2673 4168 studium,
2704 4104 2748 4161 si
2773 4103 2840 4169 de
2868 4116 2935 4158 eo
2960 4100 3106 4171 quod
3128 4100 3352 4161 omnino
3372 4099 3618 4156 futurum

2031 4202 2117 4249 est
2137 4192 2246 4249 Deo
2268 4196 2623 4266 supplicant);
2643 4196 2715 4250 ita
2748 4194 2785 4247 ii
2809 4192 2903 4263 qui
2925 4188 3297 4259 crediderunt,
3320 4207 3621 4264 congruen-

2032 4291 2115 4340 ter
2143 4293 2306 4341 certa;
2363 4292 2418 4339 et
2446 4298 2479 4338 a
2509 4282 2798 4340 mendacio
2831 4282 3022 4340 alienae
3058 4282 3180 4355 ejus
3212 4282 3306 4356 qui
3341 4283 3619 4355 pollicitus

2036 4374 2137 4433 fuit
2180 4374 2556 4447 promissioni.
2581 4375 2807 4431 omnino
2828 4375 3021 4434 adesse
3049 4377 3282 4450 gratiam
3307 4377 3376 4434 iis
3408 4376 3503 4450 qui
3533 4392 3624 4434 re-

2032 4474 2366 4538 generantur
2390 4484 2485 4540 per
2507 4468 2653 4524 hanc
2684 4467 2971 4544 mysticam
3011 4467 3500 4541 dispensationem,
3526 4479 3625 4526 aut

346 4558 496 4609 εἶναι
542 4553 634 4635 διά
672 4553 736 4605 τὸ
764 4552 901 4607 Θεὸν
938 4548 1076 4606 εἶναι
1119 4550 1215 4608 τὸν
1246 4552 1711 4623 ἐπαγγειλάμενον
1767 4549 1924 4605 πεπί-

2038 4557 2228 4629 gratia:
2260 4557 2500 4630 aliquam
2540 4558 2748 4615 faciunt
2776 4559 3146 4637 accessionem
3167 4603 3183 4628 ,
3211 4571 3305 4617 aut
3328 4569 3478 4618 certe
3501 4576 3625 4617 eam

350 4628 891 4711 στευταιξἭδὲτῆς
923 4641 1188 4714 Θεότητος
1226 4643 1501 4717 μαρτυρία
1534 4644 1624 4700 διὰ
1662 4645 1761 4717 τῆς
1805 4644 1934 4699 θαυ-

345 4731 545 4800 μάτων
568 4730 738 4786 ἐστίν.
776 4731 942 4785 Ὥστε
961 4732 1049 4788 διὰ
1067 4735 1282 4789 πάντων
1308 4734 1367 4789 τὸ
1400 4737 1651 4805 παρεῖναι
1677 4738 1737 4792 τὸ
1753 4738 1929 4806 Θεῖον,

339 4818 613 4889 mpm
631 4821 964 4893 ἀμφιϐολίαν
988 4823 1118 4894 ἔχει.

957 5096 1209 5153 ΚΕΦΔΔ.
1246 5098 1368 5155 ΔΕ’.

436 5185 505 5239 ‘ll
532 5186 593 5241 δὲ
629 5188 717 5254 είς
735 5189 797 5243 τὸ
832 5189 979 5262 ὕδωρ
1010 5190 1270 5258 κάθοδος,
1306 5192 1399 5247 καὶ
1428 5193 1491 5248 τὸ
1536 5195 1656 5266 τρὶς
1692 5197 1754 5250 ὲν
1786 5197 1938 5270 αὑτῴ

350 5280 612 5349 γενέσθαι
643 5282 737 5335 τὸν
774 5283 1093 5356 ἄνθρωπον,
1124 5285 1310 5360 ἓτερον
1365 5287 1685 5360 ἐμπεριέχει
1732 5294 1939 5363 μυστή-

347 5387 497 5441 rm.
539 5370 758 5443 Ἐπειδὴ
782 5372 894 5445 γὰρ
934 5374 965 5427 ὁ
989 5374 1090 5444 τῆς
1124 5375 1393 5447 σωτηρίας
1421 5377 1579 5449 ἡμῶν
1604 5379 1806 5450 τρόπος
1874 5381 1937 5435 οὐ

342 5460 615 5515 τοσοῦτον
640 5466 706 5517 ἐκ
729 5466 832 5535 τῆς
873 5464 1015 5519 κατά
1052 5464 1301 5540 διαδοχὴν
1347 5468 1673 5541 ὐφηγήσεως
1719 5472 1940 5543 ἐνεργὸς

349 5552 586 5620 γέγονεν
608 5595 625 5619 ,
655 5554 781 5608 ὅσον
809 5555 876 5609 δι’
896 5557 1076 5612 αὐτῶν
1102 5553 1178 5614 ὦν
1209 5560 1464 5631 εποίησεν
1493 5563 1524 5616 ό
1558 5561 1656 5634 τὴν
1681 5562 1819 5634 πρὸς
1849 5561 1941 5617 τὸν

352 5642 650 5715 ἄνθρωπον
681 5647 916 5715 ὑποστάς
945 5652 1226 5710 κοινωνίαν
1249 5694 1263 5720 ,
1308 5649 1459 5728 ῑργῳ
1487 5655 1585 5729 τὴν
1610 5655 1756 5728 ζωὴν
1796 5659 1942 5733 ἐνερ-

2036 4665 2160 4722 quat
2183 4659 2267 4707 est
2294 4652 2515 4711 minime
2537 4658 2812 4709 avertunt.
2855 4650 2991 4707 Nam
3020 4653 3166 4724 quod
3197 4654 3421 4710 omnino
3452 4652 3621 4719 adsit,

2038 4757 2106 4798 ex
2157 4756 2224 4798 eo
2266 4752 2498 4810 constat,
2538 4744 2685 4817 quod
2731 4743 2875 4801 Deus
2908 4745 2982 4802 sit
3026 4745 3118 4817 qui
3149 4746 3417 4817 promisit.
3452 4745 3624 4801 Cane—

2041 4848 2162 4888 rum
2212 4832 2561 4893 Divinitatem
2618 4852 2743 4893 esse
2779 4837 3045 4894 miracula
3098 4845 3389 4895 testantur.
3433 4837 3625 4908 Itaque

2039 4923 2173 4995 quin
2211 4925 2354 4982 Deus
2399 4927 2453 4982 in
2500 4929 2760 4987 omnibus
2788 4929 2952 4996 adsit,
2988 4930 3137 4987 nulla
3164 4940 3249 4988 est
3269 4927 3490 4985 occasio
3519 4929 3625 4984 dn-

2042 5014 2278 5071 bitaudi.

2574 5109 2805 5167 CAPUT
2874 5110 3093 5167 XXXV.

2116 5197 2423 5257 Descensus
2440 5209 2621 5258 autem
2645 5202 2703 5257 in
2728 5216 2947 5273 aquam,
2978 5209 3034 5258 et
3062 5200 3205 5273 quod
3239 5200 3293 5256 in
3318 5217 3436 5257 eam
3460 5202 3624 5259 homo

2043 5297 2128 5345 ter
2163 5289 2437 5347 demissus
2465 5293 2559 5357 sit,
2584 5293 2816 5349 alterum
2838 5292 3080 5349 continet
3113 5295 3453 5365 mysterium.
3489 5293 3626 5353 Nam

2043 5381 2302 5453 quoniam
2338 5383 2534 5439 modus
2583 5392 2787 5442 uestra:
2820 5384 3013 5441 salutis
3043 5385 3109 5441 ad
3137 5385 3386 5443 effectum
3406 5394 3460 5444 et
3486 5402 3626 5459 opus

2045 5492 2157 5545 non
2179 5478 2314 5533 adeo
2351 5487 2436 5535 est
2449 5479 2719 5537 deductus
2741 5497 2807 5537 ex
2836 5490 3109 5551 praeeunte
3142 5482 3418 5547 doctrina,
3452 5502 3621 5555 quan-

2048 5576 2164 5624 tum
2207 5585 2302 5640 per
2353 5586 2416 5627 ea
2459 5571 2576 5642 ipsa
2599 5587 2720 5644 qua
2743 5571 2874 5628 fecit
2894 5573 2988 5644 qui
3043 5589 3167 5629 cum
3202 5573 3422 5632 homine
3453 5573 3623 5628 subiit

2051 5660 2390 5732 societatem,
2436 5662 2610 5739 utqui
2659 5664 2839 5737 reipsa
2883 5665 3051 5724 vitam
3087 5667 3159 5726 sit
3209 5670 3471 5739 operatus
3497 5702 3513 5726 .
3564 5667 3625 5715 ιιι
