4072 6212
272 266 347 324 ea
1086 310 1097 315 -
1490 279 1747 340 ORATIO
1779 284 2288 349 CATECHETICA.
2642 292 2673 327 κ
2852 259 2862 273 ’
3492 297 3561 354 90

277 384 383 481 τοῦ
414 383 662 481 σωματος
683 388 779 481 καὶ
800 389 903 460 τῆς
923 388 1104 463 ψυχῆς
1118 392 1432 467 ἔκρυείσης,
1470 399 1633 455 πάλιν
1656 401 1744 455 διὰ
1774 406 1849 475 τῆε

1977 415 2216 473 naturae,
2262 419 2321 465 ut
2351 424 2473 466 cum
2498 409 2802 470 efﬂuxisset
2828 415 3043 481 vitium,
3104 416 3161 473 in
3192 419 3558 479 dissolutione

281 475 635 540 ἀναστάσεως
692 477 854 547 σῶον,
914 481 1012 534 καὶ
1059 482 1269 555 ἀπαθῆ,
1316 486 1410 540 καὶ
1468 488 1750 560 ἀκέραιον,
1787 509 1849 545 κα

1984 501 2235 571 corporis
2296 511 2350 557 et
2415 503 2629 571 animae,
2682 521 2874 563 rursus
2929 522 3026 578 per
3088 500 3557 571 resurrectionem

280 568 466 638 πάσης
485 569 590 638 τῆς
611 571 753 624 κατὰ
772 574 972 628 κακίαν
1005 575 1287 646 ἐπιμιξίας
1321 578 1599 651 ἀλλότριον
1629 583 1847 638 ἀναστοι

1982 591 2190 657 salvus,
2225 592 2564 663 impatibilis,
2601 601 2656 650 et
2696 596 2925 667 integer,
2967 605 3022 654 et
3045 599 3256 657 alienus
3290 602 3359 658 ab
3402 618 3555 660 omni

274 659 579 731 χειωθῆναι
605 661 701 715 τὸν
728 662 1034 735 ἄνθρωπον.
1085 666 1225 721 Ἀλλ’
1252 668 1345 721 ἐπὶ
1371 669 1468 740 μὲν
1497 671 1589 724 τοῦ
1613 673 1880 745 καθηγου-

273 749 445 820 μένου
510 753 617 823 τῆς
672 755 947 826 σωτηρίας
996 756 1178 827 ἡμῶν,
1213 757 1277 812 τὸ
1321 760 1528 815 τέλειον
1560 765 1757 834 ἠκατά
1786 766 1877 819 τὸν

268 842 509 898 θάνατον
530 844 690 914 ἔσχεν
717 847 1024 919 οἰκονομία,
1053 850 1197 903 κατὰ
1224 851 1317 905 τὸν
1348 851 1479 906 ίδιον
1508 857 1711 911 σκοπὸν
1734 859 1877 912 ἐντε·

267 934 379 1000 λῶς
396 935 778 1007 πληρωθεῖσα.
803 940 1068 1013 Διεστάλη
1096 960 1155 996 τε
1172 943 1280 1015 γὰρ
1313 943 1403 998 διὰ
1430 946 1525 999 τοῦ
1549 947 1780 1002 θανάτου
1807 951 1876 1005 τὰ

267 1027 535 1099 ἡνωμένα
555 1045 570 1058 ·
603 1030 701 1082 καὶ
749 1031 917 1085 πάλιν
960 1034 1201 1107 συνήχθη
1243 1037 1312 1091 τὰ
1338 1037 1733 1111 διακεκριμένα
1752 1057 1765 1070 ’
1797 1042 1873 1105 ὡς

264 1116 337 1170 ἂν
366 1117 743 1192 καθαρθείσης
761 1121 862 1192 τῆς
886 1121 1101 1192 φύσεως
1133 1126 1193 1180 ἐν
1223 1129 1289 1199 τῇ
1321 1127 1430 1182 τῶν
1465 1130 1727 1201 ωμφυῶν
1755 1132 1871 1185 δια.

264 1208 447 1272 λύσει,
481 1209 664 1282 ψυχῆς
687 1228 747 1265 τε
775 1212 920 1282 λέγω
947 1217 1041 1269 καὶ
1075 1216 1349 1288 σώματος,
1379 1219 1541 1275 πάλιν
1570 1224 1602 1294 ἡ
1633 1224 1740 1277 τῶν
1779 1241 1859 1277 κε⁸

264 1300 634 1373 χωρισμένων
661 1305 922 1370 ἐπάνοδος
936 1307 1038 1377 τῆς
1050 1308 1336 1382 ἀλλοτρίας
1362 1313 1642 1384 ἐπιμιξίας
1658 1315 1870 1384 γένοιτο

264 1392 681 1464 καθαρεύουσα.
734 1395 860 1449 Ἐπὶ
879 1396 936 1449 δὲ
966 1400 1074 1452 τῶν
1116 1400 1556 1458 ἀκολουθούντων
1587 1405 1664 1477 τῷ
1698 1408 1870 1480 καθη-

262 1486 548 1575 γουμένῳ,
577 1487 639 1540 ού
687 1491 860 1560 χωρεῖ
894 1490 995 1561 τὴν
1046 1493 1249 1566 ἀκριϐῆ
1291 1496 1522 1570 μίμησιν
1564 1498 1632 1553 δι’
1661 1500 1798 1555 ὅλων
1831 1502 1871 1575 ἠ

262 1574 432 1642 φύσις
456 1592 472 1606 ⁸
496 1576 618 1631 ἀλλ’
652 1578 778 1632 ὅσον
804 1579 1047 1646 δυνατῶς
1100 1584 1234 1657 ἔχει,
1268 1588 1521 1644 τοσοῦτον
1551 1588 1645 1645 νῦν
1687 1574 1865 1665 παρα-ἓ

260 1666 565 1740 δεξαμένη,
615 1669 679 1723 τὸ
720 1671 907 1726 λεῖπον
945 1676 1005 1728 ἐν
1045 1676 1122 1747 τῷ
1153 1678 1292 1748 μετὰ
1322 1680 1497 1735 ταῦτα
1544 1683 1863 1755 ταμιεύεται

1980 683 2358 740 commistione
2389 685 2528 750 vitii,
2564 686 2727 742 homo
2762 688 3172 746 reformaretur.
3196 691 3302 747 Sed
3336 693 3391 748 in
3416 695 3557 751 duce

1978 776 2200 846 quidem
2265 774 2327 833 et
2374 786 2598 834 auctore
2648 788 2852 835 nostrae
2907 781 3103 838 salutis
3159 784 3552 853 perfectionem

1977 866 2169 923 habuit
2195 877 2465 940 susceptae
2496 871 2687 928 mortis
2721 870 3079 942 dispensatio,
3113 884 3171 930 ut
3203 891 3325 945 qua:
3349 893 3550 934 conve-

1976 959 2193 1015 nienter
2230 961 2332 1016 sub
2363 976 2532 1031 scopo
2576 971 2632 1018 et
2670 963 2927 1018 instituto
2958 966 3200 1034 perfecte
3248 965 3417 1023 fuerit
3454 968 3554 1022 ad-

1974 1052 2215 1122 impleta.
2276 1050 2411 1107 Nam
2443 1063 2498 1108 et
2556 1070 2659 1126 per
2710 1062 2940 1111 mortem
2996 1056 3278 1128 disjuncta
3330 1058 3558 1115 fuerunt

1973 1156 2094 1212 qua:
2115 1136 2272 1199 erant
2294 1145 2463 1208 unita,
2501 1152 2555 1200 et
2587 1156 2779 1201 rursus
2802 1145 3093 1216 conjuncta
3110 1158 3237 1204 sunt
3260 1164 3381 1220 qua:
3397 1159 3555 1205 erant

1970 1234 2207 1291 discreta
2227 1277 2240 1300 ,
2283 1244 2343 1290 ut
2376 1242 2603 1307 purgata
2633 1244 2831 1292 natura
2853 1237 2912 1291 in
2945 1237 3310 1297 dissolutione
3358 1254 3548 1296 eorum

1970 1341 2091 1396 qua:
2120 1327 2445 1382 naturaliter
2472 1327 2741 1393 coierant,
2780 1328 3000 1392 animae,
3046 1330 3293 1401 inquam,
3346 1340 3401 1387 et
3425 1346 3550 1388 cor-

1969 1416 2142 1487 poris,
2195 1432 2387 1472 eorum
2443 1434 2565 1488 quae
2615 1417 2836 1480 fuerant
2890 1431 3144 1490 separata
3208 1424 3418 1479 reditus
3480 1424 3550 1480 ab

1968 1509 2145 1564 aliena
2197 1508 2529 1566 admistione
2584 1518 2732 1566 esset
2773 1525 2967 1581 purus.
3020 1511 3079 1565 ln
3116 1512 3185 1567 iis
3224 1522 3409 1570 autem
3453 1515 3550 1585 qui

1965 1602 2158 1658 ducem
2185 1612 2512 1673 sequuntur,
2547 1611 2861 1658 accuratam
2897 1612 2952 1659 et
2998 1604 3299 1674 perfectam
3350 1607 3541 1661 imita-

1967 1695 2171 1749 tionem
2203 1710 2306 1749 non
2332 1695 2558 1751 omnino
2590 1695 2736 1765 capit
2761 1704 2957 1749 natura
2980 1738 2994 1762 ,
3061 1696 3159 1750 sed
3192 1712 3317 1750 cum
3365 1712 3549 1768 quan-

262 1759 463 1829 χρόνῳ.
502 1760 572 1814 Τί
600 1758 696 1816 οὖν
719 1765 865 1817 ἐστιν
893 1764 922 1818 δ
953 1770 1234 1838 μιμεῖταις
1267 1770 1340 1824 Τὸ
1369 1772 1467 1842 τῆς
1504 1775 1849 1847 ὲμμιχθείσης

1968 1793 2080 1841 tum
2114 1794 2295 1857 potest
2324 1801 2473 1842 nunc
2502 1754 2797 1856 accep-crit,
2816 1818 2831 1831 ς
2852 1786 2909 1841 in
2941 1795 3157 1858 tempus
3189 1754 3432 1842 fnturuin
3458 1802 3549 1844 re-

263 1850 463 1915 κακίας
492 1852 555 1904 ὲν
582 1855 648 1925 τῇ
688 1855 787 1925 τῆς
825 1856 1145 1928 νεκρώσεως
1176 1862 1344 1915 εἰκόνι
1374 1866 1439 1935 τῇ
1478 1867 1745 1938 γενομένῃ
1777 1868 1864 1923 διὰ

258 1940 355 1993 τοῦ
382 1940 587 2008 ὕδατος
616 1945 707 1999 τὸν
731 1947 1039 2019 ἀφανισμὸν
1065 1952 1384 2024 ἐμποιῆσαι,
1409 1956 1470 2009 ού
1501 1959 1608 2030 μὴν
1640 1958 1859 2025 τελείως

259 2033 614 2106 ἀφανισμὸν,
644 2037 776 2093 ἄλλα
816 2058 942 2095 τινα
985 2042 1250 2117 διακοπὴν
1277 2046 1374 2116 τῆς
1406 2047 1501 2101 τοῦ
1532 2051 1703 2103 κακοῦ
1737 2066 1860 2105 6W-

256 2129 475 2198 εχεεας,
533 2133 942 2206 συνδραμόντων
1003 2138 1146 2194 δυοῖν
1205 2141 1342 2214 πρὸς
1391 2143 1489 2217 τὴν
1534 2127 1633 2218 τῆς
1661 2148 1860 2215 κακίας

254 2221 569 2294 ἀναίρεσιν,
602 2226 702 2295 τῆς
740 2244 799 2280 τε.
825 2228 920 2282 τοῦ
949 2233 1435 2306 πλημμελήσαντος
1466 2239 1854 2310 μεταμελείας,

254 2315 352 2366 καὶ
385 2315 490 2385 τῆς
523 2316 620 2369 τοῦ
654 2317 883 2374 θανάτου
920 2328 1225 2395 μιμήσεως,
1260 2326 1326 2381 δι’
1358 2320 1433 2382 ὧν
1458 2330 1708 2385 ὲκλύεταί
1739 2350 1857 2398 πως

257 2404 287 2494 δ
312 2404 610 2476 ἄνθρωπος
632 2409 733 2480 τῆς
763 2412 900 2483 πρὸς
914 2413 973 2467 τδ
994 2415 1160 2469 κακὸν
1187 2420 1484 2489 συμφυΐας,
1515 2423 1580 2493 τῇ
1615 2438 1856 2494 μεταμε-

254 2492 377 2567 λείᾳ
408 2496 512 2565 μὲν
538 2498 619 2562 είς
646 2499 804 2569 μῖσός
826 2518 888 2555 τε
918 2503 1013 2557 καὶ
1032 2504 1387 2578 ἀλλοτρίωσιν
1402 2509 1501 2580 τῆς
1519 2492 1718 2576 κακίας
1740 2492 1853 2583 χω-

262 2586 391 2656 ρῶν,
414 2589 496 2660 τῷ
522 2587 580 2642 δὲ
608 2589 826 2664 θανάτῳ
856 2594 951 2649 τοῦ
981 2597 1151 2652 κακοῦ
1179 2598 1272 2652 τὸν
1293 2600 1597 2670 ἀφανισμὸν
1625 2602 1855 2674 ἐργαζό-

257 2695 438 2767 μενος.
474 2681 622 2735 Ἀλλ’
644 2686 693 2737 εί
735 2685 834 2755 μὲν
858 2681 926 2758 ἦν
958 2688 1200 2756 δυνατὸν,
1227 2690 1287 2745 ἒν
1314 2691 1503 2763 τελείῳ
1533 2692 1612 2765 τῷ
1637 2693 1855 2767 θανάτῳ

253 2762 510 2839 γενέσθαι
534 2774 629 2828 τὸν
658 2776 1015 2850 μιμούμενον,
1043 2780 1152 2834 οὐδ’
1183 2781 1252 2836 ἂν
1287 2773 1537 2856 μίμησις,
1564 2762 1699 2840 ἀλλὰ
1724 2762 1853 2842 ταύλ-

1965 1883 2149 1930 servat
2168 1876 2221 1929 id
2251 1874 2399 1945 quod
2432 1883 2624 1932 restat.
2685 1874 2826 1941 Quid
2879 1891 3013 1946 ergo
3068 1877 3347 1931 imitatur?
3388 1878 3544 1943 Quod

1964 1966 2079 2020 vitii
2115 1960 2339 2021 immisti
2380 1967 2437 2019 in
2470 1966 2954 2037 imaginemortis,
2988 1980 3113 2037 quae
3149 1965 3291 2020 facta
3330 1974 3416 2023 est
3449 1981 3546 2036 per

1962 2072 2184 2129 aquam,
2234 2058 2571 2128 expresserit
2611 2058 2959 2121 deletionem,
3006 2071 3115 2112 non
3144 2058 3441 2127 perfectam
3468 2066 3547 2112 ta-

1961 2165 2085 2208 men
2157 2152 2517 2217 deletionem,
2579 2150 2677 2207 sed
2735 2151 3031 2221 quamdam
3084 2150 3540 2220 interruptionem

1959 2243 2394 2299 continuationis
2435 2241 2574 2307 vitii,
2610 2257 2737 2298 cum
2770 2242 2879 2297 duo
2917 2241 3306 2297 concurrerint
3338 2240 3405 2295 ad
3433 2241 3544 2296 tol-

1958 2335 2179 2391 tendum
2207 2336 2422 2399 vitium,
2456 2349 2653 2404 nempe
2674 2343 2727 2390 et
2759 2334 2881 2404 ejus
2915 2333 3009 2406 qui
3060 2335 3308 2404 peccavit
3349 2335 3531 2405 paeni-

1958 2426 2287 2488 nitentia,et
2316 2425 2551 2480 imitatio
2590 2425 2807 2490 mortis,
2870 2441 2968 2495 per
3018 2440 3141 2495 quae
3191 2426 3357 2481 homo
3395 2441 3541 2497 quo-

1957 2518 2254 2574 dammodo
2300 2518 2631 2574 dissolvitur
2692 2533 2723 2573 a
2761 2518 3054 2588 congenita
3099 2533 3222 2573 cum
3254 2519 3385 2573 vitio
3409 2535 3539 2575 con-

1950 2607 2256 2679 junctione,
2290 2608 2610 2680 pmnitentia
2640 2607 2861 2678 quidem
2902 2606 3207 2676 procedens
3246 2606 3313 2660 ad
3342 2606 3533 2662 odium

1954 2699 2072 2753 vitii
2122 2707 2177 2754 et
2238 2699 2651 2761 alienationem,
2692 2702 2869 2752 morte
2909 2704 3091 2751 autem
3137 2696 3253 2750 vitii
3298 2711 3536 2767 operans

1953 2791 2304 2847 dclctionem.
2337 2789 2441 2846 Sed
2466 2790 2512 2845 si
2547 2789 2661 2845 fieri
2690 2788 2909 2859 quidem
2941 2796 3150 2858 posset,
3174 2797 3234 2842 ut
3262 2788 3315 2842 in
3350 2788 3534 2859 perfe-

252 2864 413 2938 τότης
434 2867 499 2921 τὸ
534 2868 821 2941 γινόμενον
868 2867 961 2944 ἦν,
1009 2874 1101 2929 καὶ
1132 2877 1212 2941 εἰς
1246 2877 1307 2931 τὸ
1329 2877 1589 2943 παντελὲς
1610 2879 1707 2951 τῆς
1746 2881 1849 2950 φύ-

1954 2890 2043 2938 cta
2075 2889 2251 2937 morte
2282 2891 2429 2938 esset
2472 2877 2521 2936 is
2555 2879 2651 2950 qui
2688 2877 2953 2944 imitatur,
2988 2892 3097 2932 non
3128 2886 3274 2933 esset
3307 2877 3358 2931 id
3387 2876 3536 2947 quod

253 2978 391 3025 σεως
426 2963 590 3034 ἡμῶν
614 2958 679 3018 τὸ
701 2965 869 3021 κακὸν
908 2963 1200 3037 ἠφανίζετο
1225 2988 1236 3000 °
1275 2969 1436 3038 ὥστε,
1470 2973 1652 3037 καθώς
1686 2991 1849 3044 φησιν

1954 2973 2013 3029 fit
2049 2972 2408 3038 imitatio,sed
2439 2986 2529 3028 res
2557 2970 2770 3035 eadem,
2824 2977 2879 3025 et
2907 2984 2938 3024 a
2963 2976 3151 3023 nostra
3186 2977 3381 3023 natura
3416 2984 3534 3023 ma-

247 3050 277 3103 ὃ
319 3055 676 3122 Ἀπόεστολος,
716 3059 804 3129 ἐφ’
844 3060 991 3127 ama
1022 3062 1266 3135 ἀποθάνῃ
1296 3066 1359 3136 τῇ
1388 3065 1650 3137 ἁμαρτίᾳ.
1698 3066 1849 3121 Ἐπεὶ

1957 3068 2066 3122 lum
2094 3067 2331 3136 perfecte
2360 3065 2660 3128 deleretur,
2718 3061 2854 3117 adeo
2891 3069 2970 3127 ut,
3017 3061 3163 3118 sicut
3198 3061 3332 3116 dicit
3373 3061 3521 3131 Apo—

246 3144 324 3209 εὲ,
377 3146 570 3211 καθὼς
624 3148 858 3222 εἴρηται,
891 3152 1141 3207 τοσοῦτον
1182 3153 1496 3226 μιμούμεθα
1528 3157 1628 3226 τῆς
1673 3154 1844 3227 ὑπερ-

246 3236 488 3309 εχούσης
520 3238 823 3310 δυνάμεως.
859 3236 981 3299 ὅσον
1026 3247 1194 3316 χωρεῖ
1221 3245 1377 3317 ἡμῶν
1407 3248 1440 3319 ὴ
1476 3246 1715 3318 πτωχεία
1744 3248 1846 3318 τῆς

248 3326 472 3394 ιρύσεως
493 3344 510 3358 ο
534 3328 598 3381 τὸ
623 3326 769 3400 ὕδωρ
808 3330 930 3402 τρὶς
981 3333 1353 3407 ὲπιχεάμενοι,
1384 3337 1478 3390 καὶ
1509 3338 1671 3390 πάλιν
1712 3338 1844 3391 ἁνα-

250 3417 449 3482 δὰντες
476 3417 587 3472 ἀπὸ
610 3420 706 3474 τοῦ
733 3418 947 3487 ὕδατος,
976 3422 1074 3495 τὴν
1106 3426 1371 3497 σωτήριον
1398 3424 1575 3499 ταςὴν
1603 3427 1697 3481 καὶ
1717 3426 1847 3481 ἀνά-

250 3523 444 3562 στασιν
479 3510 582 3582 τὴν
626 3513 687 3564 ἐν
727 3514 1014 3586 τριημέρῳ
1046 3515 1344 3587 γενομένην
1384 3515 1461 3588 τῷ
1500 3518 1674 3589 χρόνῳ
1703 3519 1840 3572 ἀπο-

249 3601 575 3671 κρινόμεθα,
602 3603 763 3658 τοῦτο
787 3604 1045 3669 λαϐόντες
1063 3606 1203 3661 κατὰ
1226 3607 1487 3676 διάνοιαν,
1511 3611 1592 3663 ὅτι
1617 3610 1692 3674 ὡς
1711 3612 1842 3683 ἡμῖν

248 3693 311 3745 τὸ
345 3692 497 3763 ὓδωρ
519 3696 577 3747 ὲν
609 3695 825 3768 ἐξουσίᾳ
859 3698 995 3764 ἐστὶ,
1026 3700 1119 3751 καὶ
1164 3700 1222 3753 ὲν
1254 3701 1402 3773 αύτῷ
1430 3701 1706 3770 γενέσθαι,
1746 3704 1841 3757 καὶ

249 3784 309 3850 ἐξ
337 3784 510 3838 αὐτοῦ
537 3787 698 3841 πάλιν
717 3788 997 3853 ἀναδὶναι,
1028 3792 1170 3846 κατὰ
1212 3794 1305 3847 τὸν
1342 3795 1503 3849 αὑτὸν
1525 3797 1725 3869 τρόπον
1751 3800 1840 3852 ἐπ’

246 3876 513 3941 ἐξουσίας
538 3874 607 3948 ἧν
651 3882 679 3932 ὁ
722 3880 813 3934 τοῦ
865 3885 1065 3950 παντὸς
1104 3884 1245 3957 ἔχων
1269 3886 1368 3958 τὴν
1394 3887 1729 3958 δεσποτείαν,
1764 3891 1842 3956 ὼς

246 3970 428 4039 ﬁget;
457 3969 516 4019 ἐν
538 3969 616 4037 τῷ
634 3968 982 4039 mutuati-rw;
1009 3976 1216 4039 ἐκεῖνος
1242 3978 1301 4030 ἰν
1324 3977 1401 4049 τῷ
1425 3978 1636 4051 θανάτῳ
1662 3998 1837 4037 κατα-

245 4060 422 4127 δυεὶς,
456 4060 621 4115 πάλιν
652 4062 740 4117 ἐπὶ
776 4064 873 4137 τὴν
911 4066 1048 4123 ίδίαν
1074 4062 1326 4124 ἀναλύειν
1362 4073 1760 4145 μακαριότητα.

318 4242 388 4294 Et
420 4237 512 4297 οὗν
562 4261 655 4308 τις
683 4245 824 4318 πρὸς
855 4246 916 4301 τὸ
948 4248 1095 4313 εἰκὸς
1147 4248 1358 4320 βλέποι,
1421 4252 1516 4306 καὶ⁸
1562 4254 1704 4309 κατὰ
1735 4255 1835 4328 τὴν

1954 3160 2217 3223 stolus",
2249 3157 2475 3212 omnino
2507 3163 2813 3210 moreretur
2839 3158 3087 3223 peccato.
3123 3152 3395 3219 Quoniam
3430 3167 3529 3205 au-

1954 3261 2085 3315 tem,
2121 3251 2265 3308 sicut
2289 3250 2497 3304 dictum
2549 3256 2654 3313 est,
2715 3260 2986 3317 suprema:
3036 3245 3186 3300 illius
3238 3246 3531 3314 potestatis

1954 3350 2166 3398 tantum
2210 3340 2516 3402 imitamur,
2560 3345 2829 3408 quantum
2878 3335 3025 3406 capit
3058 3342 3261 3390 nostra:
3317 3343 3532 3390 naturae

1954 3431 2284 3488 mendicitas
2315 3449 2329 3486 :
2360 3443 2501 3499 aqua
2532 3434 2617 3482 ter
2647 3425 2853 3493 infusa,
2900 3441 2964 3481 ex
2990 3441 3053 3481 ea
3088 3440 3286 3481 rursus
3330 3439 3531 3480 ascen-

1952 3524 2166 3589 dentes,
2231 3522 2525 3578 salutarem
2556 3518 2840 3573 imitamur
2885 3517 3221 3588 sepulturam
3259 3521 3313 3571 et
3343 3530 3531 3570 resur-

1949 3617 2245 3673 rectionem
2269 3627 2389 3684 quae
2418 3611 2563 3666 facta
2595 3618 2677 3666 est
2709 3610 2762 3663 in
2798 3617 3045 3679 tempore
3084 3605 3527 3670 triduano,hane

1948 3708 2310 3778 suscipientes
2341 3704 2746 3775 cogitationem,
2775 3701 2922 3771 quod
2957 3700 3101 3756 sicut
3133 3714 3276 3770 aqua
3320 3700 3375 3753 in
3422 3711 3525 3753 no-

1950 3811 2064 3857 stra
2081 3807 2166 3854 est
2192 3804 2482 3868 potestate,
2508 3804 2568 3851 ut
2598 3803 2651 3849 et
2674 3794 2727 3847 in
2762 3807 2826 3847 ea
2850 3792 3044 3855 simus,
3071 3798 3125 3846 et
3146 3806 3209 3847 ex
3245 3806 3308 3845 ca
3329 3803 3525 3845 rursus

1946 3868 2313 3961 emergamus,
2340 3889 2529 3943 eodem
2559 3886 2721 3941 modo
2751 3885 2804 3939 in
2829 3887 2974 3955 ejus,
3019 3884 3114 3953 qui
3151 3880 3524 3937 universitatis

1942 3982 2283 4038 dominatum
2340 3979 2576 4044 obtinet,
2643 3985 2731 4032 est
2777 3984 3067 4046 potestate,
3118 3981 3181 4028 ut
3222 3973 3366 4028 sicut
3418 3984 3517 4024 nos

1942 4088 2137 4145 aquas,
2171 4072 2244 4126 ita
2275 4071 2365 4126 ille
2397 4086 2502 4125 moi
2518 4077 2626 4125 tem
2658 4070 2903 4131 subiens,
2929 4080 3121 4120 rursus
3159 4062 3228 4116 ad
3244 4059 3521 4132 propriam

1936 4168 2166 4224 reducat
2189 4165 2608 4221 b.-atitudincm.

1962 4290 1973 4299 -
2009 4258 2068 4314 Si
2098 4259 2392 4328 quisquam
2421 4269 2553 4325 ergo
2588 4251 2821 4322 aspiciat
2854 4248 2922 4305 ad
2954 4246 3516 4312 verisimilitudinem,

244 4326 515 4401 ἐκατέρου
554 4331 782 4405 δύναμιν
832 4335 901 4390 τὰ
948 4335 1210 4409 γινόμενα
1243 4340 1437 4413 κρίνοι,
1478 4343 1734 4416 οὐδεμίαν
1778 4326 1835 4400 ἐν

1953 4358 1991 4407 :t
2012 4365 2076 4405 ex
2108 4326 2395 4416 utriusque
2425 4345 2626 4398 virtute
2654 4356 2719 4397 ea
2753 4356 2875 4412 qua:
2925 4339 3065 4394 fiunt
3106 4336 3340 4407 judicet,
3392 4335 3513 4390 nul-

243 4424 357 4485 τοῖς
386 4422 694 4492 γινομένοις
728 4425 951 4498 εὑρήσει
972 4428 1269 4500 διαφωνίαν
1300 4434 1583 4506 ἑκατέρου,
1608 4437 1751 4492 κατὰ
1774 4438 1836 4492 τὸ

1957 4457 2044 4497 am
2078 4441 2131 4494 in
2167 4439 2235 4494 iis
2264 4451 2384 4507 quae
2416 4436 2554 4489 tiunt
2582 4432 2825 4489 inveniet
2866 4431 3156 4501 utriusque
3193 4427 3518 4499 discrepan-

241 4514 342 4584 τῆς
368 4515 585 4585 φύσεως
618 4518 816 4590 μέτρον
841 4520 1283 4596 ἐξεργασαμένου
1314 4527 1379 4580 τὰ
1404 4527 1543 4605 κατα
1581 4508 1829 4602 δύναμιν.

1960 4533 2088 4599 iam,
2112 4538 2168 4585 ut
2200 4528 2292 4600 qui
2323 4534 2690 4599 congruenter
2725 4522 2887 4579 modo
2924 4536 3036 4579 suae
3067 4528 3279 4575 natura:
3333 4534 3398 4575 ea
3427 4517 3514 4574 ef-

252 4605 342 4671 'D;
376 4608 485 4679 γάρ
517 4608 667 4663 ἐστιν
692 4609 969 4685 ἀνθρώπῳ
1010 4614 1070 4667 τὸ
1100 4613 1265 4689 ὕδωρ,
1290 4619 1425 4690 πρὸς
1454 4618 1514 4673 τὸ
1532 4621 1829 4689 ἀκινδύνως

242 4698 643 4791 ξτιθιγγάνειν,
705 4703 755 4756 εἰ
801 4703 1065 4775 βούλοιτο,
1113 4708 1554 4781 ἀπειροπλασίως
1592 4719 1660 4788 τῇ
1711 4716 1830 4791 θείᾳ

237 4786 471 4861 δυνάμει
520 4792 641 4846 κατ’
695 4792 945 4848 εὐκολίαν
1009 4797 1237 4866 θάνατος
1284 4803 1589 4875 πρόκειται,
1638 4786 1732 4862 καὶ
1771 4812 1831 4865 ὲν

236 4881 393 4968 αύτῷ
423 4880 701 4951 γενέσθαι,
755 4886 851 4940 καὶ
909 4888 985 4960 μὴ
1027 4891 1302 4963 τραπῆναι
1338 4895 1475 4968 πρὸς
1502 4897 1693 4963 πάθος.
1730 4901 1829 4957 Διὰ

236 4967 400 5021 τοῦτο
425 4970 608 5025 τοίνυν
637 4974 935 5044 ἀναγκαῖον
956 4978 1089 5048 ἡμῖν
1130 4981 1192 5034 τό
1224 4983 1282 5036 ἐν
1317 4967 1397 5055 τῷ
1437 4984 1588 5042 ὕδατι
1624 5006 1829 5062 προμε-

237 5058 471 5150 latique
490 5063 591 5133 τὴν
616 5065 715 5135 τῆς
747 5064 1098 5134 ἀναστάσεως
1123 5070 1302 5141 χάριν,
1337 5072 1413 5139 ὡς
1439 5074 1505 5129 ἂν
1535 5058 1825 5150 είδείίημεν,

236 5150 405 5243 ὅτιτὸ
451 5147 725 5243 {sevi}va
764 5158 844 5222 είς
877 5158 1127 5215 εὐκολίαν
1158 5162 1326 5232 ἐστὶν,
1359 5164 1513 5221 ὕδατί
1536 5186 1597 5223 τε
1628 5147 1824 5243 βατττι-

242 5239 457 5309 σθῆναι,
499 5241 593 5295 καὶ
651 5244 715 5299 ἐκ
765 5246 862 5300 τοῦ
910 5249 1141 5306 θανάτου
1180 5255 1340 5310 πάλιν
1374 5239 1652 5316 ἀναδῦναι..
1689 5263 1827 5319 Ἀλλ’

238 5329 427 5405 εις-,τερ
459 5335 520 5388 ὲν
566 5339 680 5400 τοῖς
733 5338 875 5394 κατὰ
909 5343 1001 5397 τὸν
1038 5343 1152 5415 βίον
1177 5348 1487 5419 γενομένοις
1512 5353 1637 5408 τινά.
1662 5353 1824 5410 τινών

242 5424 387 5518 tactv
401 5428 852 5501 ἀρχηγικὼτερα,
876 5426 953 5487 ὧν
977 5435 1105 5492 ἄνευ
1140 5439 1240 5494 κᾶν
1256 5441 1315 5495 τὸ
1336 5443 1615 5514 γινόμενον
1638 5463 1822 5518 κατορ-

242 5512 458 5591 the”
511 5520 688 5574 καίτοι
744 5524 793 5576 εί
824 5526 957 5597 πρὸς
1011 5530 1071 5583 τό
1109 5533 1342 5608 πέραςή
1384 5512 1527 5611 ἀρχὴ
1564 5512 1822 5612 κρίνοιτο,

352 5694 394 5724 "
423 5693 589 5751 llom.
623 5713 744 5765 vui,
786 5702 871 5757 l2.

1935 4623 2128 4682 fecerit
2173 4636 2296 4692 qua:
2322 4635 2436 4676 sua:
2481 4628 2640 4675 erant
2689 4616 2996 4688 potestatis.
3045 4611 3330 4680 Quomodo
3367 4609 3515 4665 enim

1934 4725 2020 4774 est
2054 4717 2109 4772 in
2138 4721 2406 4787 potestate
2433 4711 2693 4775 hominis,
2717 4724 2938 4779 aquam,
2970 4705 3017 4763 si
3042 4706 3191 4768 velit,
3247 4703 3386 4759 citra
3425 4701 3526 4754 ul«.

1934 4808 2051 4864 lum
2079 4816 2302 4878 tangere
2339 4803 2667 4876 periculum,
2711 4801 2939 4857 infinitis
2991 4797 3237 4869 partibus
3294 4792 3513 4849 facilius

1938 4915 2088 4956 mors
2116 4905 2201 4955 est
2242 4896 2521 4967 proposita
2562 4894 2765 4949 divinae
2799 4889 3011 4955 virtuti,
3067 4898 3126 4944 ut
3159 4896 3213 4943 et
3244 4887 3299 4941 in
3326 4901 3388 4941 ea
3417 4884 3510 4949 sit,

1932 4997 1988 5046 et
2026 5005 2135 5045 non
2162 4996 2519 5044 convertatur
2549 4987 2615 5042 ad
2647 4982 2994 5041 affectionem
3028 4998 3150 5054 qua:
3184 4997 3251 5036 ex
3285 4979 3377 5033 illa
3412 4993 3508 5033 ac-

1932 5084 2154 5154 cipitur.
2178 5080 2476 5151 PrOpterea
2514 5093 2646 5151 ergo
2683 5077 2842 5133 nobis
2892 5090 3119 5132 necesse
3152 5082 3237 5129 est
3272 5073 3328 5126 in
3366 5084 3507 5141 aqua

1931 5174 2299 5249 praemeditari
2355 5177 2589 5245 gratiam
2637 5171 3089 5233 resurrectionis,
3145 5177 3203 5223 ut
3265 5166 3508 5222 sciamus

1930 5268 2076 5340 quod
2105 5283 2172 5323 ex
2205 5281 2362 5338 aequo
2387 5266 2548 5323 nobis
2595 5274 2682 5322 est
2706 5264 2863 5320 facile
2885 5272 2941 5319 et
2990 5276 3132 5331 aqua
3183 5259 3343 5331 tingi,
3383 5266 3438 5313 et
3475 5271 3507 5313 ο

1931 5366 2107 5415 morte
2136 5373 2333 5414 rursus
2366 5371 2670 5428 emergere.
2707 5354 2812 5411 Sed
2839 5369 2949 5426 quo
2992 5352 3157 5408 modo
3198 5351 3253 5406 in
3288 5352 3358 5406 iis
3386 5364 3509 5421 quae

1935 5448 2071 5504 fiunt
2115 5450 2168 5505 in
2196 5450 2327 5514 vita,
2373 5458 2502 5505 sunt
2545 5449 2728 5519 aliqua
2752 5445 3027 5517 aliquibus
3086 5444 3501 5517 principaliora,

1933 5544 2052 5598 sine
2089 5542 2285 5616 quibus
2314 5543 2479 5601 etiam
2528 5542 2579 5598 id
2635 5541 2783 5615 quod
2834 5541 2914 5609 fit,
2958 5556 3301 5616 nequaquam
3358 5544 3505 5593 recte
