4072 6212
706 307 766 362 91
856 360 865 370 ,
1953 294 2010 350 S.
2051 294 2380 355 GllEGORlI
2404 297 2698 356 NYSSENI
3850 300 3868 350 fe

713 415 1043 471 successerit
1108 412 1468 485 (quanquam
1524 414 1571 467 si
1625 426 1751 466 cum
1808 411 1915 469 fine
1961 414 2321 480 conferatur;

2259 432 2279 471 r
2306 422 2353 480 Δ
2379 416 2494 472 ἀντ’
2514 415 2732 492 ,οὐδενὸς
2764 409 2903 468 εἶναι
2931 415 3071 482 δόξει
3111 415 3206 468 τοῦ
3248 413 3569 487 πράγματος
3597 410 3773 486 ἡάρχὴ
3798 433 3867 470 συ·

709 505 1066 578 principium,
1118 519 1218 574 pro
1244 503 1416 559 nihilo
1442 518 1568 559 esse
1624 501 1900 559 videbitur
1934 503 2032 559 rei
2081 505 2281 576 princi-

2260 536 2281 547 -
2379 506 2675 577 κρινομένη
2733 503 2811 575 τῷ
2854 503 3017 557 τέλει.
3049 502 3113 555 Τί
3136 501 3244 583 γὰρ
3281 499 3396 554 ἴσον
3426 501 3713 571 ἄνθρωπος,
3740 504 3826 557 καὶ
3861 522 3867 537 ι

709 598 857 667 pium
886 611 1011 651 cum
1043 597 1149 650 line
1179 604 1590 666 comparatum:
1621 609 1783 667 quam
1808 595 1953 651 enim
1973 596 2176 653 habent
2201 613 2277 654 a2-

2259 627 2277 639 -
2381 596 2517 670 πρδς
2539 596 2638 667 τὴν
2670 594 2927 649 σύστασιν
2960 592 3053 649 τοῦ
3082 592 3222 659 ζώου
3252 591 3745 662 καταϐαλλόμενον;
3789 595 3867 649 ‘Ai

708 689 1030 760 qualitatem
1061 689 1248 755 homo,
1281 696 1336 744 et
1361 688 1507 758 quod
1542 685 1609 742 ad
1640 688 2041 759 procreandum
2074 690 2280 746 animal

2261 690 2280 746 ι
2376 690 2527 760 ὅμως
2556 687 2702 759 εἰμὴ
2734 689 2908 741 ἐκεῖνο
2944 688 3051 757 εἴη,
3086 685 3197 740 οὐδ’
3228 684 3296 740 ἂν
3321 683 3481 739 τοῦτο
3511 684 3724 753 γένοιτο.
3750 684 3867 741 Οὕτω

708 778 1007 850 dejicitur?
1033 778 1127 835 sed
1160 785 1342 835 tamen
1370 778 1478 833 nisi
1517 778 1651 833 illud
1692 779 1786 845 sit,
1831 777 1937 834 huc
1976 794 2087 834 non
2121 778 2273 852 fiet):

710 872 786 927 ita
808 871 974 928 etiam
997 871 1145 943 quod
1179 872 1237 925 in
1261 884 1460 943 magna
1492 870 1551 925 fit
1579 870 2012 934 resurrectione,
2044 884 2169 925 cum
2205 875 2280 927 sit

710 962 893 1033 majus
920 970 1144 1026 natura,
1199 962 1328 1016 hinc
1358 961 1525 1017 habet
1580 961 1736 1016 initia
1794 970 1849 1017 et
1899 976 2119 1017 causas.
2157 960 2280 1017 Non

704 1061 892 1127 potest
917 1054 1062 1110 enim
1090 1052 1209 1109 ﬁeri
1235 1060 1295 1107 ut
1321 1052 1453 1107 illud
1488 1051 1603 1117 fiat,
1631 1050 1739 1107 nisi
1774 1049 1879 1108 hoc
1908 1052 2275 1123 praecesserit.

709 1133 841 1201 Die'o
873 1152 1054 1202 autem
1083 1145 1200 1202 tieri
1244 1161 1354 1200 non
1386 1160 1548 1216 posse
1593 1151 1655 1200 ut
1684 1143 1849 1200 homo
1883 1145 1954 1201 sit
1995 1144 2053 1200 in
2091 1160 2278 1203 resur-

709 1236 954 1292 rectione
980 1237 1191 1308 absque
1232 1237 1435 1293 lavacri
1483 1237 1921 1308 regeneratione,
1974 1252 2085 1293 non
2137 1237 2282 1308 aspi-

709 1327 862 1383 ciens
890 1327 957 1382 ad
984 1342 1181 1384 massae
1208 1335 1411 1383 nostra:
1465 1328 1799 1383 relictionem
1841 1336 1897 1384 et
1935 1327 2281 1385 reformatio—

709 1435 858 1474 nem.
888 1419 970 1475 Ad
1004 1420 1108 1474 hoc
1143 1420 1291 1476 enim
1322 1420 1547 1476 omnino
1576 1428 1790 1492 oportet
1820 1419 2078 1477 devenire
2118 1429 2282 1477 natu-

709 1527 851 1577 ram,
889 1511 1105 1583 propria
1124 1512 1449 1569 necessitate
1476 1513 1916 1583 compulsam’ex
1960 1514 2283 1586 praescripto

708 1603 1137 1673 dispensationis
1178 1602 1300 1673 ejus
1323 1603 1419 1673 qui
1459 1602 1751 1667 ordinavit,
1777 1602 1894 1659 sive
1927 1602 2133 1659 lavacri
2157 1602 2282 1675 gra—

708 1695 840 1748 tiam
869 1694 1252 1764 assumpserit,
1297 1695 1414 1751 sive
1460 1693 1792 1751 initiationis
1835 1694 2152 1765 bujusmodi
2186 1710 2278 1751 exi

2378 780 2473 834 καὶ
2491 778 2554 834 τὸ
2583 777 2727 833 κατά
2752 779 2853 849 τὴν
2883 779 3123 850 μεγάλην
3151 777 3444 832 ἀνάστασιν
3463 776 3720 849 μεῖζονθν
3744 781 3804 851 τῇ
3828 797 3868 849 φτ

2380 886 2483 936 σει,
2516 869 2616 931 τάς
2661 868 2837 942 ἀρχὰς
2858 867 3106 923 ἐντεῦθεν
3132 867 3345 931 καὶτὰς
3373 867 3554 932 αἰτίας
3581 867 3704 939 ἔχει.
3728 870 3794 924 ού
3821 887 3868 939 γι

2378 963 2496 1015 ἐστι
2529 961 2750 1017 δυνατὸν
2790 963 2966 1015 ἐκεῖνο
2997 961 3269 1030 γενέσθαι,
3300 961 3350 1014 εί
3381 959 3457 1032 μὴ
3484 959 3638 1014 τοῦτο
3670 962 3868 1032 προκαθ·

2377 1054 2625 1125 γήσαιτο.
2650 1051 2744 1123 Μὴ
2773 1043 3031 1106 δύνασθαι
3065 1050 3122 1104 δέ
3141 1068 3285 1122 φημι
3309 1049 3432 1121 δίχα
3456 1050 3555 1122 τῆς
3577 1051 3708 1107 κατά
3737 1052 3793 1106 τδ
3816 1052 3868 1107 λο

2378 1140 2508 1214 τρὸν
2540 1141 2948 1211 ἀναγεννήσεως
2962 1141 3019 1193 ὲν
3043 1139 3336 1205 ἀναστάσει
3364 1137 3613 1207 γενέσθαι
3633 1139 3715 1195 τὸν
3743 1139 3867 1213 ἀνθρ

2381 1250 2501 1297 πον,
2534 1232 2595 1285 οὐ
2626 1230 2763 1303 πρὸς
2793 1231 2893 1302 τὴν
2921 1229 3017 1285 τοῦ
3068 1230 3440 1303 συγκρίματος
3464 1229 3618 1303 ἡμῶν
3650 1231 3868 1287 ἀνάπλασ

2380 1339 2439 1376 τε
2466 1322 2560 1377 καὶ
2581 1321 3022 1392 ἀναστοιχείωσιν
3048 1320 3462 1386 ἀναϐλέποντες.
3493 1320 3633 1393 Πρὸς
3660 1321 3805 1377 τοῦτο
3829 1341 3868 1392 γι

2379 1412 2460 1468 δεῖ
2489 1413 2701 1477 πάντως
2729 1412 3058 1484 πορευθῆναι
3111 1411 3404 1485 τὴν-φύσιν
3436 1412 3657 1476 οἰκείαις
3686 1414 3868 1483 ἀνάγκα

2381 1505 2523 1561 κατά
2546 1506 2644 1577 τὴν
2663 1504 2759 1558 τοῦ
2789 1504 3048 1572 τάξαντος
3075 1504 3385 1575 οἰκονομίαν
3404 1502 3815 1575 συνωθουμίνην,
3836 1522 3868 1558 κ

2383 1593 2663 1666 προσλάϐῃ
2717 1594 2817 1665 τὴν
2871 1596 2937 1648 ὲκ
2993 1590 3087 1646 τοῦ
3118 1591 3342 1664 λουτροῦ
3386 1593 3569 1664 χάριν,
3600 1591 3697 1646 κᾶν
3723 1593 3868 1664 άμοιε

2386 1684 2543 1758 μείνῃ
2573 1686 2672 1757 τῆς
2704 1676 2958 1756 τοιαύτης
2996 1685 3265 1756 μυήσεως,
3289 1682 3424 1737 ἀλλά
3453 1683 3552 1754 τὴν
3572 1683 3659 1737 ἐπὶ
3681 1683 3739 1737 τὸ
3769 1701 3868 1755 μακ

708 1800 836 1853 pars
865 1785 1150 1849 manserit,
1183 1785 1282 1842 sed
1329 1785 1736 1841 restitutionem
1781 1764 2163 1851 beatitudinis,
2192 1785 2276 1841 di-
2310 1765 2316 1821 λ

2259 1815 2276 1827 .
2310 1764 2353 1821 Β
2388 1779 2500 1851 ριόν
2528 1795 2586 1831 τε
2620 1778 2715 1831 καὶ
2737 1777 2884 1831 θεῖον
2930 1776 3024 1830 καὶ
3059 1775 3239 1846 πάσης
3278 1775 3579 1845 κατηφείας
3617 1790 3867 1846 κεχωρισμ

707 1877 953 1933 vinitatis
985 1886 1040 1934 et
1092 1878 1162 1933 ab
1219 1878 1370 1934 omni
1434 1893 1671 1935 maerore
1721 1877 2105 1934 immunitatis.
2155 1876 2279 1935 Non

705 1967 854 2021 enim
881 1983 1223 2038 qutecunque
1259 1983 1356 2038 per
1387 1968 1855 2024 resurrectionem
1891 1967 2127 2024 reditum
2186 1983 2279 2024 ac-

708 2058 917 2127 cipiunt
944 2059 1014 2114 ad
1064 2060 1380 2124 essentiam,
1408 2059 1476 2115 ad
1526 2059 1775 2115 eamdem
1813 2058 1982 2114 vitam
2024 2060 2277 2115 redeunt.

708 2149 816 2204 Sed
846 2149 1075 2204 multum
1108 2149 1338 2207 interest
1366 2151 1509 2206 inter
1541 2165 1637 2206 eos
1667 2150 1760 2221 qui
1807 2159 1936 2207 sunt
1969 2152 2277 2222 expurgati,

706 2247 761 2292 et
792 2253 887 2293 eos
915 2239 1008 2309 qui
1046 2239 1292 2310 indigent
1312 2240 1729 2311 expurgatione.
1775 2242 1834 2295 in
1883 2241 2085 2312 quibus
2128 2242 2278 2296 enim

709 2330 763 2384 in
819 2330 922 2384 hac
974 2330 1084 2384 vita
1115 2328 1394 2400 praecessit
1445 2346 1545 2401 per
1603 2330 1886 2385 lavacrum
1931 2334 2275 2404 expurgatio,

708 2420 776 2474 iis
803 2422 907 2476 erit
936 2421 1144 2477 reditus
1185 2420 1254 2497 ad
1292 2421 1347 2476 id
1381 2421 1527 2492 quod
1580 2431 1666 2477 est
1692 2422 1797 2477 sibi
1844 2432 2158 2493 cognatum.
2215 2423 2277 2479 Ei

708 2518 890 2566 autem
919 2512 1065 2581 quod
1093 2519 1177 2567 est
1209 2526 1408 2583 purum
1447 2519 1501 2567 et
1528 2512 1817 2575 mundum,
1870 2514 2149 2583 preprium
2194 2521 2279 2569 est

706 2610 761 2656 et
794 2600 1169 2658 familiaritate
1223 2602 1583 2673 conjunctum
1643 2602 1968 2673 impatibile.
2003 2602 2148 2671 Quin
2186 2620 2279 2659 au-

706 2704 815 2746 tem
850 2696 902 2749 in
942 2695 1344 2765 impatibilitate
1372 2695 1445 2752 sit
1487 2697 1709 2751 beatum
1741 2711 1884 2762 esse,
1912 2697 2136 2753 minime
2170 2699 2279 2754 du-

710 2782 934 2865 hitatur.
958 2784 1170 2850 Quibus
1192 2794 1374 2841 autem
1418 2784 1685 2841 induratae
1713 2787 2093 2843 occalluerunt
2145 2788 2280 2846 alie-

703 2876 939 2941 ctiones,
964 2891 1142 2947 neque
1171 2874 1413 2930 sordium
1436 2886 1489 2931 et
1512 2878 1852 2931 macularum
1890 2879 1999 2932 ulla
2054 2874 2155 2933 fuit
2183 2879 2280 2934 ad-

638 3004 639 3007 η
710 2970 878 3024 hibita
910 2969 1186 3039 purgatio,
1207 2983 1316 3023 non
1349 2982 1491 3039 aqua
1519 2969 1773 3040 mystica,
1801 2984 1910 3023 non
1948 2969 2145 3024 divinae
2173 2972 2282 3024 vir-

709 3057 841 3113 tutis
869 3057 1176 3121 invocatio,
1226 3072 1336 3112 non
1390 3056 1730 3114 inconcinna:
1777 3059 2057 3129 pravitatis
2098 3074 2280 3116 corre-

708 3140 819 3203 c'tio
844 3191 860 3215 ,
891 3164 1117 3205 necesse
1139 3157 1224 3204 est
1248 3160 1304 3204 ut
1333 3152 1369 3205 ii
1409 3167 1627 3222 quoque
1657 3151 1769 3207 sint
1798 3153 1852 3207 in
1881 3166 1946 3207 eo
1973 3151 2120 3223 quod
2154 3167 2279 3207 con-

708 3241 879 3294 venit.
915 3240 1265 3298 Manifestum
1308 3252 1393 3298 est
1422 3251 1604 3298 autem
1643 3258 1781 3298 auro
1811 3244 2121 3300 adulterino
2147 3260 2283 3299 con-

707 3327 939 3398 fusoque
1004 3338 1059 3385 et
1110 3347 1216 3385 non
1254 3330 1472 3387 sincero
1521 3333 1814 3388 convenire
1870 3332 2173 3404 fornacem,
2222 3340 2282 3387 ut

708 3432 831 3470 cum
863 3417 943 3472 cis
989 3418 1207 3473 mistum
1240 3420 1430 3473 vitium
1489 3418 1654 3473 fuerit
1685 3419 2056 3489 liquefactum,
2106 3420 2283 3489 longis

710 3515 895 3577 postea
923 3508 1141 3564 sarculis
1185 3509 1292 3564 Deo
1322 3525 1455 3580 pura
1493 3520 1852 3566 conservetur
1884 3518 2102 3564 natura.
2131 3511 2283 3576 Quo-

709 3603 856 3656 niam
891 3618 1020 3674 ergo
1040 3602 1094 3657 in
1133 3618 1273 3673 aqua
1307 3610 1359 3658 et
1390 3603 1513 3673 igne
1535 3613 1619 3659 est
1658 3604 1742 3658 vis
1773 3603 2020 3673 quaedam
2065 3605 2281 3659 abster-

711 3693 870 3762 gendi
898 3702 952 3747 et
980 3693 1302 3759 tnundaudi,
1353 3695 1445 3768 qui
1482 3710 1579 3766 per
1609 3709 1803 3763 aquam
1836 3696 2121 3765 mysticam
2164 3695 2279 3748 vitii

2384 1886 2473 1923 vov
2517 1868 2977 1941 ἀποκατάστασιν.
3027 1867 3102 1920 Οὐ
3143 1865 3252 1936 γὰρ
3282 1867 3381 1920 ὅσα
3408 1865 3475 1920 δι’
3496 1866 3825 1931 ἀναστάσεως
3847 1886 3868 1921 τ

2386 1961 2479 2014 ἐπὶ
2502 1961 2565 2013 τὸ
2586 1955 2725 2014 εἶναι
2777 1958 2939 2013 πάλιν
2983 1959 3238 2013 ἐπάνοδον
3265 1958 3498 2029 δέχεται,
3529 1958 3657 2031 πρδς
3675 1958 3760 2013 τὸν
3787 1961 3868 2012 αὐτ

2386 2053 2630 2106 ἐπάνεισι
2656 2050 2787 2122 βίον.
2830 2050 2992 2105 Ἀλλά
3019 2050 3152 2105 πολὺ
3180 2050 3241 2104 τὸ
3275 2050 3437 2121 μέσον
3461 2049 3570 2103 τῶν
3601 2067 3657 2103 τε
3682 2049 3868 2104 κεκαθο

2388 2145 2583 2217 μένων,
2611 2145 2703 2198 καὶ
2752 2143 2858 2199 τῶν
2886 2143 2981 2198 τοῦ
3026 2142 3318 2214 καθαρσίου
3356 2142 3756 2214 προσδεομένων
3781 2145 3868 2195 ὲστ

2397 2233 2515 2303 Ἐφ’
2539 2226 2613 2289 ὧν
2641 2230 2748 2305 γὰρ
2782 2232 2922 2286 κατά
2951 2232 3042 2286 τὸν
3069 2232 3181 2303 βίον
3205 2232 3391 2286 τοῦτον
3425 2232 3458 2303 ἠ
3484 2231 3570 2285 διὰ
3601 2230 3692 2286 τοῦ
3728 2230 3868 2301 λουτε

2387 2325 2848 2396 προκαθηγήσατο
2885 2324 3170 2399 κάθαρσις,
3188 2324 3323 2394 πρὸς
3356 2323 3417 2377 τδ
3466 2320 3719 2392 συγγενὲς
3747 2322 3868 2376 τούτ

2384 2416 2729 2489 ἀναχώρησις
2783 2416 2957 2471 ἔσται.
2990 2416 3081 2487 Τῷ
3107 2416 3165 2469 δὲ
3217 2414 3439 2488 καθαρῷ
3476 2414 3536 2468 τὸ
3561 2414 3759 2477 ἀπαθὲς
3784 2432 3868 2486 πρ‹

2385 2509 2674 2580 ῳκείωται.
2716 2509 2804 2563 Ἐν
2836 2508 2892 2561 δὲ
2929 2511 2997 2580 τῇ
3048 2509 3285 2580 ἀπαθείᾳ
3321 2508 3381 2561 τὸ
3411 2508 3674 2580 μακάριον
3692 2501 3823 2561 εἶναι
3853 2524 3868 2561 ‹

2384 2601 2803 2671 ἀμφιϐάλλεται.
2846 2596 2940 2662 Οἷς
2988 2601 3046 2655 δὲ
3097 2599 3508 2674 προσεπωρώθη
3557 2599 3625 2654 τὰ
3660 2599 3868 2671 πάθη,ε

2384 2693 2534 2747 οὐδὲν
2560 2694 2804 2765 προήχθη
2836 2695 2932 2764 τῆς
2952 2693 3165 2766 κηλίδος
3189 2693 3484 2765 καθάρσιον
3504 2707 3517 2721 ·
3550 2692 3649 2764 οὐχ
3681 2691 3821 2762 ὕδωρ
3853 2710 3868 2762 ε

2388 2785 2593 2849 στικὸν,
2646 2785 2745 2838 ούκ
2789 2784 3075 2854 ἐπίκλησις
3141 2784 3292 2850 θείας
3341 2785 3639 2855 δυνάμεως,
3671 2785 3768 2855 οὐκ
3813 2785 3846 2855 ἢ

2389 2875 2747 2948 μεταμελείας
2778 2874 3005 2947 δρθωσις
3031 2892 3047 2907 ·
3079 2876 3291 2947 ἀνάγκη
3336 2877 3504 2939 πᾶσαί
3532 2876 3624 2929 καλ⁹
3654 2875 3868 2939 τούτους

2384 2967 2463 3040 τῷ
2497 2967 2815 3039 καταλλήλῳ
2836 2968 3106 3038 γενέσθαι.
3144 2968 3490 3040 Κατάλληλον
3520 2968 3577 3022 δὲ
3603 2967 3680 3039 τῷ
3706 2967 3867 3022 tte-4:6

2385 3055 2629 3128 λευμένῳ
2653 3056 2858 3128 χρυσίῳ
2886 3057 2946 3109 τὸ
2975 3040 3354 3130 χωνευτήριον,
3386 3057 3462 3122 ὼς
3480 3058 3576 3130 τῆς
3601 3056 3868 3128 ὲμμιχθείι

2381 3147 2565 3210 αὐτοῖς
2617 3147 2816 3212 κακίας
2847 3148 3231 3219 ἀποτακείσης,
3285 3151 3513 3221 μακροῖς
3553 3147 3776 3220 ὕστερον
3800 3147 3868 3199 ait

2353 3235 2626 3309 ’καθαρὰν
2675 3238 3026 3308 ἀποσωθῆναι
3072 3238 3150 3310 τῷ
3183 3238 3302 3310 Θεῷ
3333 3239 3429 3311 τὴν
3460 3239 3641 3311 φύσιν.
3682 3239 3833 3293 Ἐπεὶ

2385 3329 2619 3400 ρυπτική
2652 3328 2736 3390 τίς
2766 3329 2881 3383 ἐστι
2930 3329 3158 3401 δύναμις
3186 3331 3245 3382 ὲν
3284 3330 3363 3400 τῷ
3396 3331 3526 3404 πυρὶ
3554 3331 3651 3384 καὶ
3678 3329 3755 3399 τῷ
3786 3329 3868 3382 ῦδε

2383 3417 2433 3469 οἱ
2461 3417 2549 3471 διὰ
2572 3419 2664 3470 τοῦ
2698 3417 2887 3484 ὓδατος
2909 3418 3003 3472 τοῦ
3033 3418 3295 3490 μυστικοῦ
3324 3420 3415 3473 τὸν
3438 3422 3536 3491 τῆς
3565 3419 3762 3483 κακίας
3797 3416 3861 3489 ρύ

2384 3507 2843 3579 ἀποκλυσάμενοι,
2894 3509 2988 3563 τοῦ
3046 3510 3232 3584 ἑτέρου
3283 3511 3393 3565 τῶν
3439 3510 3749 3583 καθαρσίων
3791 3507 3868 3560 εῖδ

2385 3602 2485 3654 οὐκ
2543 3601 2864 3656 ἐπιδέονται.
2905 3602 2967 3654 Oi
3003 3601 3058 3654 δὲ
3106 3601 3309 3671 ταύτης
3350 3602 3586 3673 ἀμύητοι
3629 3603 3730 3673 τῆς
3762 3599 3868 3654 καθ

2391 3711 2526 3757 σεως
2574 3693 2878 3761 ἀναγκαίως
2901 3691 2979 3762 τῷ
3002 3692 3134 3762 πυρὶ
3166 3691 3570 3762 καθαρίζονται.

711 3787 902 3840 sordes
984 3784 1318 3851 ablucrunt,
1386 3802 1496 3842 non
1555 3801 1690 3857 opus
1753 3786 1953 3840 habent
2021 3787 2194 3840 altero
2241 3801 2440 3857 genere
2506 3785 2866 3856 purgationis.
2927 3782 3030 3850 Qui
3091 3791 3272 3837 autem
3318 3797 3429 3838 non
3496 3782 3704 3839 fuerint
3767 3783 3868 3837 init

711 3878 970 3949 mysterio
1015 3877 1180 3947 hujus
1232 3878 1596 3948 purgationis,
1647 3878 1770 3949 igne
1831 3885 2135 3949 purgantur
2182 3877 2509 3934 necessario.

1237 4008 1470 4065 CAPUT
1507 4008 1750 4064 XXXVI.

777 4142 912 4197 Nam
946 4151 999 4197 et
1029 4140 1340 4196 communis
1380 4140 1522 4194 ratio
1552 4147 1607 4195 et
1631 4137 2051 4208 ‘Scripturarum
2095 4146 2280 4193 osten-

628 4270 637 4276 ο
709 4235 789 4289 dit
813 4236 1083 4300 doctrina,
1146 4234 1392 4289 divinum
1423 4240 1650 4287 chorum
1697 4248 1805 4287 non
1836 4246 1997 4302 posse
2051 4229 2283 4300 ingredi,

709 4327 800 4396 qui
827 4318 1016 4381 omnes
1066 4342 1129 4391 ex
1176 4326 1309 4380 vitio
1348 4333 1661 4380 contractas
1707 4325 1897 4379 sordes
1937 4339 2000 4377 ac
2040 4322 2283 4375 maculas

2952 4008 3204 4063 ΚΕΦΑΛ.
3249 4009 3391 4075 Acr.

2459 4143 2551 4214 Μὴ
2577 4143 2685 4215 γὰρ
2715 4138 2850 4196 εἶναι
2898 4114 3125 4196 ¹δυνατὸν
3163 4141 3192 4194 ὃ
3236 4157 3296 4194 τε
3328 4139 3502 4206 κοινὸς
3524 4141 3766 4197 δείκνυσι
3796 4142 3868 4197 λό’

2388 4235 2482 4289 καὶ
2506 4237 2538 4306 ἡ
2578 4234 2684 4287 τῶν
2714 4231 2944 4304 Γραφῶν
2972 4232 3283 4287 διδασκαλία
3301 4274 3316 4296 ,
3347 4233 3494 4297 ἐντὸς
3518 4233 3612 4287 τοῦ
3651 4233 3800 4287 θείου
3824 4252 3867 4301 γ‹

2391 4327 2512 4380 σθαι
2550 4324 2713 4397 χοροῦ
2740 4324 2832 4377 τὸν
2861 4324 2935 4395 μὴ
2970 4323 3225 4395 καθαρῶς
3271 4322 3479 4387 πάντας
3510 4326 3639 4389 τοὺς
3679 4326 3747 4380 ἐκ
3779 4344 3868 4380 x1:

709 4431 819 4472 non
864 4418 1076 4472 eluerit.
1134 4414 1246 4470 Hoc
1296 4416 1428 4471 illud
1462 4426 1566 4479 est,
1623 4418 1768 4487 quod
1811 4433 1932 4472 cum
1990 4419 2061 4473 sit
2113 4432 2176 4470 ex
2218 4422 2317 4469 sel

2259 4419 2353 4469 al)
2384 4418 2604 4480 σπίλους
2647 4415 3122 4487 ἀποῤῥυψάμενον.
3178 4414 3348 4468 Τοῦτό
3394 4418 3544 4470 ἐστιν
3597 4416 3628 4470 ὃ
3672 4418 3867 4490 μικρὸε.

712 4522 959 4576 parvum,
1008 4521 1328 4577 magnorum
1365 4514 1449 4561 est
1490 4505 1756 4561 bonorum
1799 4509 2013 4561 initium
2054 4518 2108 4562 et
2158 4506 2279 4560 fun-

710 4598 1046 4651 damentum.
1102 4596 1336 4651 Parvum
1372 4604 1554 4651 autem
1600 4596 1725 4651 dico
1774 4598 1845 4652 ob
1903 4608 2048 4653 recte
2088 4598 2279 4667 agendi

570 4706 581 4715 ~
688 4685 1047 4772 facilitatem.
1077 4685 1213 4754 Quis
1237 4685 1383 4742 enim
1405 4694 1487 4742 est
1517 4686 1621 4741 hac
1653 4687 1708 4741 in
1742 4704 1797 4743 re
1834 4688 2008 4755 labor,
2056 4689 2282 4743 credere

715 4778 879 4833 Deum
910 4793 1033 4834 esse
1081 4779 1325 4849 ubique:
1386 4794 1512 4834 cum
1532 4787 1712 4835 autem
1761 4781 1833 4835 sit
1890 4781 1943 4835 in
1999 4779 2276 4847 omnibus,

713 4862 905 4922 adesse
930 4868 1097 4923 etiam
1142 4868 1528 4926 invocantibus
1561 4871 1781 4926 vitalem
1831 4870 1952 4940 ejus
2001 4872 2278 4936 virtutem,

714 4967 1034 5031 praesentem
1061 4967 1242 5016 autem
1277 4959 1457 5043 facere
1485 4961 1537 5017 id
1571 4963 1715 5032 quod
1740 4969 1825 5018 est
1859 4963 1962 5018 sibi
1997 4963 2280 5033 preprium

711 5060 766 5106 ct
796 5051 1163 5107 conveniens?
1196 5051 1401 5108 Divina:
1430 5060 1613 5109 autem
1647 5052 1986 5125 operationis
2032 5061 2117 5111 est
2155 5068 2285 5124 pro-

712 5142 829 5213 pria
855 5144 1006 5198 salus
1036 5158 1226 5199 eorum
1269 5145 1364 5215 qui
1406 5145 1673 5212 indigent.
1720 5146 1840 5216 Ipsa
1863 5154 2048 5202 autent
2079 5146 2138 5201 fit
2172 5145 2285 5202 elli-

711 5248 810 5287 cax
843 5244 896 5288 et
925 5233 994 5288 ad
1022 5250 1160 5306 Opus
1183 5232 1475 5290 deducitur
1509 5250 1606 5306 per
1634 5250 1754 5291 eam
1789 5232 1911 5306 quae
1959 5236 2015 5291 in
2047 5250 2188 5308 aqua
2226 5239 2284 5293 fit

713 5337 776 5379 ex
788 5326 1183 5397 purgationem.
1202 5325 1305 5394 Qui
1328 5335 1414 5382 est
1440 5334 1621 5382 autem
1649 5334 2002 5397 expurgatus,
2023 5329 2131 5384 erit
2153 5343 2283 5399 par-

716 5414 890 5483 ticeps
920 5418 1195 5486 puritatis.
1220 5416 1375 5485 Quod
1415 5428 1593 5473 autem
1625 5433 1752 5474 vere
1798 5433 1992 5489 purum
2026 5426 2136 5486 est,
2197 5427 2283 5475 est

716 5502 997 5559 divinitas.
1026 5506 1191 5563 Vides
1220 5525 1383 5579 quam
1412 5508 1485 5566 sit
1519 5524 1768 5580 parvum,
1817 5517 1874 5566 et
1907 5525 2073 5581 quam
2117 5510 2282 5568 facile
2314 5555 2317 5557 -

718 5599 869 5648 recte
897 5592 1015 5649 ﬁeri
1044 5602 1226 5664 potest
1280 5599 1332 5653 id
1364 5599 1509 5669 quod
1535 5608 1620 5655 est
1652 5601 1708 5654 in
1754 5598 2046 5670 principio,
2078 5616 2275 5671 nempe

717 5682 849 5740 fides
880 5690 935 5740 st
970 5700 1110 5758 aqua
1140 5701 1153 5741 :
1186 5687 1277 5743 illa
1306 5691 1526 5762 quidem
1574 5692 1677 5749 sita
1704 5692 1757 5750 in
1804 5691 2031 5751 arbitrio
2085 5692 2271 5749 libera:

2386 4509 2509 4563 καθ’
2541 4507 2702 4561 ἑαυτὸ
2748 4506 2999 4577 μεγάλων
3046 4505 3267 4574 ἀγαθῶν
3295 4508 3437 4579 ἀρχή
3471 4525 3532 4561 τε
3579 4510 3676 4561 καὶ
3723 4510 3867 4563 ὑπόθ

2388 4604 2613 4671 γίνεται.
2650 4598 2859 4670 Μικρὸν
2880 4598 2938 4651 δέ
2972 4615 3115 4669 φημι
3142 4601 3208 4670 τῇ
3240 4599 3462 4672 εὐκολίᾳ
3490 4599 3583 4653 τοῦ
3615 4599 3868 4672 κατορθά

2386 4710 2498 4756 τος.
2523 4691 2619 4755 Τίς
2643 4690 2753 4761 γάρ
2783 4689 3015 4760 πάρεστι
3044 4688 3206 4753 πόνος
3236 4687 3313 4759 τῷ
3341 4690 3650 4760 πράγματι,
3683 4689 3868 4742 πιστεῖ

2388 4781 2666 4853 πανταχοῦ
2703 4779 2794 4833 τὸν
2819 4780 2949 4834 Θεὸν
2972 4776 3112 4834 εἶναι
3134 4796 3148 4810 ·
3190 4780 3248 4832 ὲν
3282 4780 3416 4833 πᾶσι
3453 4778 3510 4833 δὲ
3535 4779 3696 4844 ὄντα,
3728 4798 3868 4851 παρε

2387 4877 2483 4929 καὶ
2508 4876 2618 4944 τοῖς
2644 4871 3091 4943 ἐπικαλουμένοις
3130 4872 3227 4942 τὴν
3256 4870 3491 4943 ζωτικὴν
3518 4871 3691 4926 αὑτοῦ
3727 4870 3868 4926 δύνα

2389 4968 2632 5037 παρόντα
2679 4966 2736 5023 δὲ
2782 4965 2844 5019 τὸ
2901 4965 3098 5019 οἰκεῖον
3145 4965 3355 5029 ποιεῖνς
3386 4963 3544 5018 ’Ίδιον
3576 4963 3638 5018 δὲ
3685 4966 3794 5035 τῆς
3843 4965 3868 5018 θ

2390 5058 2671 5131 ἐνεργείας
2739 5058 2774 5129 ἡ
2821 5056 2929 5111 τῶν
2960 5055 3228 5128 δεομένων
3262 5057 3381 5110 ἐστὶ
3430 5055 3703 5126 σωτηρία.
3738 5055 3868 5109 Abt

2388 5149 2476 5204 διὰ
2515 5151 2610 5219 τῆς
2642 5151 2698 5202 ἐν
2724 5146 2877 5206 ὕδατι
2923 5144 3238 5217 καθάρσεως
3279 5145 3499 5218 ἐνεργὸς
3548 5145 3800 5216 γίνεται.
3846 5145 3867 5181 ⁸η

2390 5238 2744 5311 καθαρισθεὶς
2766 5225 2830 5292 ’ἐν
2867 5237 3125 5308 μετουσίᾳ
3153 5238 3254 5308 τῆς
3293 5235 3672 5307 καθαρότητος
3702 5235 3868 5290 ἔσται

2388 5328 2446 5382 δὲ
2467 5325 2684 5398 άληθῶς
2705 5324 2946 5397 καθαρὸν
2977 5327 3010 5395 ἠ
3040 5324 3234 5395 θεότης
3271 5324 3438 5380 ἐστίν.
3480 5325 3650 5397 Ὁρᾷς
3709 5324 3868 5388 ὅπως

2390 5418 2521 5488 κρὸν
2550 5432 2603 5471 τι
2640 5417 2703 5472 τὸ
2733 5416 2877 5486 κατά
2927 5415 3026 5487 τὴν
3052 5417 3225 5488 ἀρχήν
3261 5416 3376 5470 ἐστι
3418 5415 3512 5469 καὶ
3539 5414 3868 5486 εὐκατόρθιι

2392 5508 2574 5572 πίστις
2597 5507 2690 5561 καὶ
2715 5505 2860 5579 ὕδωρ
2878 5522 2891 5538 ⁸
2916 5507 2953 5578 η
2984 5506 3082 5576 μὲν
3109 5505 3258 5570 ἐντὸς
3284 5505 3383 5576 τῆς
3414 5505 3809 5577 προαιρέσεως
3840 5506 3868 5576 ἦ

2391 5597 2761 5670 ἀποκειμένη·
2814 5598 2877 5652 τὸ
2907 5598 2965 5652 δὲ
3023 5597 3318 5670 σύντροφον
3358 5598 3426 5669 τῇ
3471 5596 3809 5670 ἀνθρωπίνῃ
3856 5597 3868 5653 ἐ

2406 5690 2561 5746 Ἀλλὰ
2627 5692 2687 5747 τὸ
2750 5694 2814 5749 ὲκ
2873 5691 3076 5748 τούτων
3132 5692 3507 5764 ἀναφυόμενον
3580 5692 3810 5765 ἀγαθὸν
