4072 6212
264 318 341 376 95

1497 294 1763 372 onmo’
1787 310 2294 373 CATECllETlCA.

2449 176 2491 193 Α

3449 318 3521 379 94

266 429 370 484 καὶ
403 422 534 496 οἷον,
579 428 658 494 ὡς
699 428 836 502 πρὸς
877 427 1011 484 αὐτὸ
1060 428 1121 482 rb
1146 434 1300 490 Θεῖοι.
1336 423 1483 496 ἔχειν
1514 430 1614 503 τὴν
1651 431 1851 486 οἰκειό-

1958 439 2162 487 nostrae
2183 430 2501 499 electionis,
2544 429 2661 487 haec
2690 442 2822 486 vero
2854 440 2977 500 qua:
3017 423 3182 484 simul
3222 438 3353 481 cum
3406 422 3525 478 vita

262 534 441 590 τητας

865 791 1113 847 ΚΕΦΛΛ.
1141 793 1263 846 ΔΖ’.

339 884 489 939 Ἀλλ’
516 883 705 955 ἐπειδὴ
726 882 950 937 διπλοῦν
991 883 1053 936 rb
1079 881 1440 955 ἀνθρώπινον,
1473 883 1619 956 ψυχῇ
1658 901 1721 938 τε
1755 886 1851 940 καὶ

257 976 481 1047 σώματι
535 973 1001 1045 συγκεκραμένον,
1030 975 1242 1046 ἀνάγκη
1272 974 1350 1045 τῷ
1378 974 1515 1046 πρὸς
1564 976 1665 1047 τὴν
1706 975 1852 1047 ζωὴν

255 1066 698 1138 καθηγουμένῳ,
726 1064 794 1119 δι’
821 1065 1149 1138 ἀμφοτέρων
1204 1066 1331 1128 τοὺς
1390 1066 1729 1137 σωζομένους
1757 1068 1853 1137 ἐφ-

254 1157 513 1213 έπεσθαι.
554 1155 767 1210 οὐκοῦν
805 1158 841 1225 ἡ
870 1156 1017 1229 ψυχὴ
1046 1157 1146 1227 μὲν
1183 1155 1273 1211 διὰ
1301 1155 1537 1221 πίστεως
1582 1157 1720 1227 πρὸς
1752 1158 1852 1211 αὐ-

251 1250 351 1304 rbv
380 1248 755 1319 ἀνακραθείσα
774 1247 874 1312 τὰς
901 1247 1155 1319 ἀφορμάς
1180 1247 1432 1302 ἐντεῦθεν
1458 1249 1558 1320 τῆς
1580 1249 1853 1321 σωτηρίας

252 1343 372 1413 ἔχει
397 1358 414 1372 ⁸
447 1343 482 1413 η
521 1341 633 1412 γάρ
688 1339 825 1413 πρὸς
854 1339 956 1411 τὴν
1002 1338 1148 1412 ζωὴν
1180 1339 1377 1404 ἐνωσις
1441 1340 1542 1411 τὴν
1574 1340 1674 1412 τῆς
1706 1340 1857 1411 ζωῆς

255 1432 551 1486 κοινωνίαν
579 1432 717 1502 ἔχει.
742 1432 817 1485 Tb
837 1431 897 1485 δέ
935 1430 1095 1502 σῶμα
1123 1432 1311 1505 ἕτερον
1337 1431 1537 1504 τρόπον
1568 1434 1627 1486 ἐν
1657 1448 1853 1503 μετου-

256 1525 351 1596 σίᾳ
382 1541 445 1579 τε
477 1526 576 1579 καὶ
602 1523 911 1596 ἀνακράσει
951 1522 1047 1577 τοῦ
1091 1523 1357 1589 σώζοντος
1388 1523 1617 1593 γίνεται.
1642 1524 1851 1597 Ὥσπερ

254 1614 368 1684 γὰρ
389 1616 438 1669 oi
470 1613 798 1685 δηλητήριον
822 1613 889 1667 δι’
917 1613 1209 1684 ἐπιϐουλῆς
1238 1612 1514 1680 λαϐόντες,
1546 1614 1690 1686 ἄλλῳ
1711 1631 1853 1685 φαρ-

259 1707 425 1776 μάκῳ
455 1705 559 1774 τὴν
588 1703 914 1775 φθοροποιὸν
932 1703 1161 1773 δύναμιν
1186 1702 1415 1758 ἔσϐεσαν
1442 1720 1457 1733 ·
1494 1703 1601 1777 χρὴ
1638 1705 1694 1760 δέ
1726 1704 1851 1760 καθ’

253 1795 557 1867 ὁμοιότητα
585 1793 680 1849 τοῦ
704 1794 951 1866 ὀλεθρίου
984 1795 1079 1849 καὶ
1106 1794 1167 1849 rb
1199 1794 1538 1867 ἀλεξιτήριον
1566 1798 1717 1861 ἐντὸς
1742 1796 1850 1851 τῶν
1883 1788 1925 1842 Β

252 1888 623 1960 ἀνθρωπίνων
649 1887 903 1958 γενέσθαι
941 1887 1285 1959 σπλάγχνων,
1320 1886 1396 1951 ὡς
1428 1887 1496 1942 ἂν
1526 1887 1593 1941 δι’
1626 1888 1850 1943 ἐκείνων

250 1981 340 2048 ἐφ’
378 1981 538 2034 ἆπαν
592 1978 1023 2051 καταμερισθείη
1046 1979 1108 2033 rb
1134 1978 1293 2050 σῶμα
1332 1982 1365 2051 ἡ
1407 1978 1501 2033 τοῦ
1530 1979 1852 2051 βοηθοῦντος

245 2069 532 2140 δύικιμιςο
561 2068 700 2125 οὕτω
734 2069 827 2123 τοῦ
853 2069 1167 2134 διαλύοντος
1206 2069 1306 2142 τὴν
1337 2069 1496 2139 φύσιν
1531 2073 1564 2142 ἡ
1574 2071 1690 2141 μῶν
1718 2072 1855 2126 ἁπο-

131 2205 149 2231 ,
232 2163 623 2233 γευσάμενοι,
659 2161 814 2215 πάλιν
844 2162 1145 2230 ἀναγκαῖον
1181 2161 1257 2225 ὡς
1287 2162 1379 2215 καὶ
1402 2160 1495 2215 τοῦ
1530 2162 1854 2231 συνάγοντος

248 2257 315 2309 rb
336 2254 734 2326 διαλελυμένον
771 2254 1146 2326 ἐπεδεήθημεν
1171 2271 1185 2286 ·
1226 2254 1300 2319 ὡς
1347 2254 1413 2309 ἂν
1446 2257 1504 2308 ἐν
1534 2257 1667 2327 ἡμῖν
1694 2256 1851 2325 γενό-

146 2396 156 2408 ,
256 2364 422 2416 μενον
448 2346 517 2399 rb
540 2347 784 2401 τοιοῦτον
825 2346 1163 2419 ἀλεξιτὴριον
1188 2346 1290 2419 τὴν
1332 2347 1751 2417 προεντεθεῖσαν
1776 2346 1854 2417 τῷ

256 2438 478 2509 σώματι
504 2437 602 2491 τοῦ
623 2437 953 2511 δηλητηρίου
993 2437 1197 2509 βλάϐην
1230 2437 1318 2492 διὰ
1348 2438 1447 2509 τῆς
1471 2439 1679 2501 οἰκείας
1707 2438 1854 2491 ἀντι-

254 2531 493 2595 παθείας
524 2528 822 2585 ἀπώσοιτο.
852 2528 918 2583 Τί
949 2525 1042 2583 οὖν
1093 2518 1210 2582 ἐστι
1242 2528 1431 2594 τοῦτο;
1463 2528 1630 2582 Οὐδὲν
1668 2527 1854 2599 ἕτερον

252 2624 287 2695 ἢ
308 2625 491 2676 ἐκεῖνο
509 2623 574 2676 rb
605 2621 790 2694 σῶμα,
813 2621 844 2675 ὃ
871 2620 968 2675 τοῦ
998 2638 1057 2675 τε
1080 2620 1312 2675 θανάτου
1340 2622 1587 2691 κρεῖττον
1618 2619 1851 2690 ἐδείχθη,

254 2716 351 2769 καὶ
376 2716 481 2786 τῆς
512 2715 661 2786 ζωῆς
696 2714 856 2786 ἡμῶν
887 2712 1215 2786 κατήρξατο.
1248 2711 1517 2782 Καθάπερ
1540 2712 1650 2781 γὰρ
1680 2710 1854 2783 μικρά

254 2806 428 2877 ζύμη,
491 2804 681 2869 καθώς
723 2821 889 2876 φησιν
927 2807 956 2858 ὁ
1004 2803 1344 2870 Ἀπόστολος,
1384 2802 1505 2857 ὅλον
1530 2803 1592 2856 τὸ
1625 2801 1854 2875 φύραμα

257 2902 393 2971 πρὸς
416 2899 630 2971 ἑαυτὴν
682 2897 1038 2967 ωνεξομοιοῖ,
1083 2894 1258 2959 οὕτως
1296 2895 1359 2948 rb
1396 2893 1717 2949 θανατισθὲν
1749 2891 1856 2945 ὑπὸ

254 2992 349 3045 τοῦ
389 2989 535 3044 Θεοῦ
562 2987 728 3059 σῶμα
752 2988 812 3040 ἐν
837 2985 917 3057 τῷ
945 2985 1199 3059 ἡμετέρῳ
1235 2984 1547 3054 γενόμενον,
1576 2983 1697 3036 ὅλον
1717 2981 1856 3053 πρὸς

255 3084 423 3137 ἑαυτὸ
456 3083 755 3152 μεταποιεῖ
799 3080 896 3132 καὶ
928 3076 1302 3149 μετατίθησιν.
1347 3075 1433 3140 Ὠς
1466 3075 1576 3147 γὰρ
1601 3073 1695 3128 τοῦ
1724 3072 1854 3143 φθο-

258 3173 489 3245 ροποιοῦ
556 3171 699 3238 πρὸς
751 3171 815 3225 rb
869 3172 1107 3240 ὑγιαῖνον
1153 3167 1563 3240 ἀναμιχθέντος,
1605 3165 1751 3219 ἅπαν
1793 3164 1853 3218 rb

254 3263 581 3337 ἀιακραθέν
636 3260 1030 3333 συνηχρείωται
1051 3271 1071 3288 ⁶
1128 3259 1301 3323 οὕτως
1342 3259 1447 3312 καὶ
1491 3258 1553 3311 rb
1589 3256 1855 3311 ἀθάνατον

256 3359 426 3428 σῶμα
494 3357 556 3410 ἐν
576 3354 658 3426 τῷ
689 3353 1007 3409 ἀναλαϐόντι
1052 3352 1183 3407 αὐτὸ
1226 3351 1536 3422 γενόμενον,
1586 3348 1720 3420 πρὸς
1756 3348 1876 3419 τῆνο

259 3447 460 3501 tam?)
508 3445 673 3517 φύσιν
740 3445 836 3499 καὶ
880 3443 941 3498 rb
971 3445 1079 3496 πᾶν
1120 3440 1495 3513 μετεποίησεν.
1544 3438 1707 3493 Ἀλλὰ
1750 3438 1856 3509 μὴν

259 3541 367 3593 οὐκ
390 3540 542 3592 ἐστιν
571 3537 749 3601 άλλως
771 3536 924 3599 ἐντός
944 3552 998 3588 τι
1018 3533 1299 3604 γίγνεσθαι
1330 3530 1423 3585 τοῦ
1460 3530 1729 3600 σώματος,
1778 3528 1856 3601 μὴ

258 3630 359 3683 διὰ
387 3629 647 3702 βρώσεως
668 3629 766 3682 καὶ
791 3628 1002 3690 πόσεως
1029 3628 1142 3688 τοῖς
1167 3623 1493 3693 σπλάγχνοις
1521 3619 1855 3691 καταμιγνύ·

264 3739 463 3791 μενον.
498 3720 711 3789 οὐκοῦν
736 3719 1047 3788 ἐπάναγκες
1069 3717 1212 3772 κατά
1228 3715 1321 3770 τὸν
1348 3713 1570 3782 δυνατὸν
1603 3715 1670 3784 τῇ
1700 3712 1859 3781 φύσει

258 3812 481 3881 τρόπον
495 3810 595 3882 τὴν
610 3810 868 3874 Conﬁnth
887 3810 1115 3879 δύναμιν
1130 3804 1225 3859 τοῦ
1239 3803 1383 3861 Πνεύ
1390 3821 1557 3876 ματος
1584 3802 1855 3867 δέξασθαι.

262 3902 469 3957 Μόνον
494 3900 553 3954 δέ
570 3900 663 3955 τοῦ
690 3895 949 3972 Θεοδόχου
967 3897 1220 3971 σώματος
1249 3897 1460 3952 ἐκείνου
1479 3895 1682 3968 ταύτην
1709 3894 1863 3960 δεξα-

264 3992 460 4063 μένου
490 3990 592 4061 τὴν
627 3992 793 4062 χάριν,
816 3991 993 4055 ἄλλως
1019 3989 1077 4044 δέ
1101 3989 1404 4061 δειχθέντος
1434 3987 1509 4061 μὴ
1540 3983 1677 4041 εἶναι
1702 3986 1862 4040 δυνα-

258 4085 369 4137 τὸν
388 4086 454 4137 ἐν
477 4081 743 4154 ἀθανασίᾳ
795 4082 1048 4149 γενέσθαι
1097 4082 1160 4136 τὺ
1206 4080 1476 4153 ἡμέτερον
1499 4079 1679 4151 σῶμα,
1704 4079 1754 4131 εἰ
1785 4075 1860 4149 μὴ
1905 4087 1918 4099 ’

258 4175 362 4227 διὰ
382 4177 490 4245 τῆς
516 4172 654 4243 πρὸς
676 4176 737 4227 rb
766 4174 1033 4229 ἀθάνατον
1064 4171 1348 4236 κοινωνίας
1377 4172 1436 4226 ἐν
1477 4169 1736 4243 μετουσίᾳ
1761 4172 1861 4240 τῆς

260 4266 592 4339 ἀφθαρσίας
611 4266 904 4337 γενόμενον
921 4282 936 4296 ο
977 4265 1248 4335 σκοπῆσαι
1275 4263 1562 4334 προσήκει,
1598 4260 1716 4323 πῶς
1741 4258 1864 4328 ἐγέ-

262 4376 397 4413 νετο
418 4358 651 4414 δυνατὸν
707 4359 769 4413 τὸ
815 4359 875 4411 ἐν
908 4360 1082 4428 “sive
1108 4357 1268 4428 σῶμα
1289 4358 1409 4418 ταῖς
1432 4355 1721 4417 τοσαύταις
1753 4351 1861 4406 τῶν

254 4542 800 4615 καταμεριζόμενον,
834 4543 954 4597 ὅλον
986 4543 1044 4596 ἐν
1071 4541 1285 4612 ἐκάστῳ
1315 4536 1512 4593 διάτοῦ
1548 4536 1745 4608 μέρους
1771 4551 1864 4602 γε-

252 4636 486 4696 νέσθαι.
512 4636 611 4689 καὶ
658 4635 794 4690 αὐτὸ
834 4634 1015 4707 μένειν
1040 4635 1125 4704 ἐφ’
1153 4631 1348 4687 ἐαυτοῦ
1376 4631 1516 4685 ὅλον.
1550 4628 1759 4683 οὐκοῦν
1787 4628 1865 4691 ὡς

254 4728 331 4782 ἄν
388 4726 534 4798 πρὸς
586 4726 651 4779 rb
680 4725 971 4781 ἀκόλουθον
1001 4727 1134 4798 ἡμῖν
1160 4726 1196 4795 ἡ
1221 4723 1398 4786 πίστις
1426 4721 1718 4792 βλέπουσα,
1755 4736 1865 4792 μηδ

248 4819 471 4891 δεμίαν
525 4817 861 4887 ἀμφιϐολίαν
900 4816 1029 4890 περὶ
1069 4814 1165 4870 τοῦ
1207 4811 1568 4886 προκειμένου
1595 4811 1866 4883 νοήματος

253 4913 410 4982 ἔχοι,
445 4909 646 4983 μικρόν
675 4927 729 4964 τι
747 4912 1017 4982 προσήκει
1047 4904 1462 4978 παρασχολῑβαι
1488 4903 1581 4957 τὸν
1607 4901 1766 4971 λόγον
1785 4901 1867 4965 είς

250 5004 365 5074 τὴν
396 5000 755 5071 φυσιολογίαν
792 4998 888 5055 τοῦ
930 4997 1203 5071 σώματος.
1232 4998 1329 5061 Τίς
1353 4995 1463 5068 γὰρ
1492 4996 1593 5050 οὐκ
1622 4992 1760 5050 οἶδεν
1783 4993 1867 5047 ὅτι

250 5098 291 5166 ἡ
318 5094 433 5150 τοῦ
464 5092 718 5165 σώματος
745 5092 907 5166 ἡμῶν
923 5091 1086 5163 φύσις
1118 5089 1257 5162 αὕτη
1292 5088 1414 5143 καθ’
1448 5087 1648 5160 ἑαυτὴν
1678 5088 1736 5139 ἐν
1761 5083 1869 5156 ἰδίᾳ

246 5188 373 5240 τινὶ
423 5184 725 5239 ὑποστάσει
762 5182 908 5254 ζωὴν
961 5182 1064 5237 οὒκ
1101 5181 1252 5253 εχει·
1292 5180 1428 5235 ἀλλὰ
1451 5179 1539 5234 διὰ
1580 5182 1678 5250 τῆς
1709 5179 1869 5250 ἐπιρ-

254 5277 517 5347 ρωὐσης
541 5276 681 5346 αὐτῇ
730 5275 1015 5347 δυνάμεως
1042 5273 1254 5345 συνέχει
1278 5291 1338 5327 τε
1364 5273 1565 5344 ἑαυτὴν
1587 5271 1683 5326 καὶ
1710 5271 1770 5324 ἐν
1790 5269 1870 5342 τῷ

248 5366 417 5426 sitas
453 5367 629 5440 μένει,
649 5368 916 5440 ἀπαύστῳ
936 5369 1145 5440 κινήσει
1162 5366 1225 5421 rb
1247 5366 1491 5419 ἐλλεῖπον
1516 5362 1651 5435 πρὸς
1673 5361 1872 5434 ἑαυτὴν

252 5460 648 5531 ἐφελκομένη,
702 5460 798 5514 καὶ
846 5460 910 5513 rb
967 5457 1285 5532 περιττεῦον
1341 5454 1734 5527 ἀπωθουμένης
1761 5454 1871 5508 Καὶ

258 5551 475 5623 ὥσπερ
506 5569 593 5617 τις
622 5552 791 5617 ἀσκὸς
814 5552 980 5625 ὑγρυῦ
1009 5570 1150 5620 τινος
1184 5552 1396 5625 πλήρης
1425 5549 1518 5615 ὢν,
1547 5550 1594 5603 εἰ
1622 5546 1760 5602 κατά
1781 5544 1871 5599 τὸν

398 5734 448 5765 ι’
477 5732 642 5789 lCor.
679 5748 735 5797 ν,
760 5734 818 5791 6.

1951 527 2145 576 nostra
2195 508 2385 575 alitur.
2445 518 2556 575 Sed
2619 516 2767 591 quod
2818 532 2887 573 ex
2919 516 3004 574 bis
3064 514 3273 571 bonum
3317 512 3525 577 oritur,

1950 618 2217 683 quantum
2240 618 2328 666 est
2355 617 2411 666 et
2445 610 2628 682 quale,
2682 616 2743 663 ut
2769 620 2896 664 cum
2925 607 3048 678 ipso
3084 604 3200 662 Deo
3246 605 3413 661 homo
3445 602 3530 659 ia-

1952 704 2326 761 miliaritatem
2356 702 2557 759 habeat
2582 709 2638 758 et
2673 699 3126 769 coniunctionem
3149 698 3175 752 τ

2471 790 2703 849 CAPUT
2739 788 3006 846 XXXVII.

2024 886 2132 943 Sed
2163 885 2428 958 quoniam
2465 885 2632 940 homo
2669 891 2757 939 est
2785 880 3012 953 duplex,
3063 886 3127 935 ut
3156 879 3254 951 qui
3278 878 3351 935 sit
3369 891 3528 934 com-

1952 977 2167 1049 positus
2217 991 2283 1033 ae
2318 981 2765 1046 contemperatus
2810 988 2878 1029 ex
2926 970 3110 1028 anima
3161 976 3219 1026 et
3267 982 3523 1040 corpore,

1953 1083 2181 1125 necesse
2218 1074 2305 1124 est
2328 1076 2391 1123 ut
2416 1067 2512 1139 qui
2539 1074 2855 1132 servantur,
2899 1079 3000 1136 per
3027 1070 3327 1132 utrumque
3357 1060 3523 1119 attin-

1953 1167 2083 1232 gant
2103 1173 2229 1215 eum
2261 1158 2360 1230 qui
2383 1157 2536 1213 ducit
2568 1156 2637 1212 ad
2666 1157 2859 1213 vitam.
2891 1155 3037 1227 Ergo
3064 1153 3254 1209 anima
3294 1149 3526 1224 quidem

1952 1266 2078 1307 cum
2105 1252 2227 1322 ipso
2250 1256 2659 1322 contemperata
2689 1264 2785 1320 per
2847 1246 3007 1303 ﬁdem
3038 1244 3171 1301 hinc
3199 1244 3396 1303 salutis
3418 1243 3527 1299 ba-

1952 1343 2043 1399 bct
2092 1342 2460 1398 occasionem.
2518 1338 2655 1395 Nam
2687 1338 2820 1395 unio
2846 1352 2972 1393 eum
3025 1336 3138 1392 vita
3180 1336 3308 1392 vita
3361 1334 3526 1391 habet

1953 1434 2295 1489 societatem.
2331 1432 2547 1502 Corpus
2574 1437 2757 1487 autem
2789 1429 2898 1484 alio
2927 1427 3097 1484 modo
3130 1427 3284 1483 venit
3307 1426 3378 1483 ad
3407 1440 3527 1496 par-

1952 1522 2332 1595 ticipationem
2373 1528 2430 1577 et
2476 1517 3039 1591 contemperationem
3091 1515 3214 1585 ejus
3237 1512 3386 1585 quod
3430 1513 3528 1569 dat

1954 1602 2211 1671 salutem.
2251 1610 2375 1679 Quo
2394 1610 2559 1667 modo
2585 1611 2730 1665 enim
2761 1607 2855 1678 qui
2875 1620 3144 1663 venenum
3168 1609 3528 1674 sumpserunt

1953 1705 2080 1761 dolo
2123 1710 2179 1760 et
2204 1719 2273 1757 ex
2300 1701 2549 1765 insidiis,
2581 1700 2691 1754 alio
2724 1697 3124 1755 medicamento
3165 1696 3527 1766 extinguunt

1953 1798 2060 1852 vim
2099 1811 2221 1867 quae
2249 1795 2406 1850 aﬂert
2456 1793 2736 1848 interitum
2756 1830 2772 1856 ,
2810 1797 3026 1861 oportet
3050 1797 3233 1846 autem
3263 1788 3407 1844 sicut
3427 1803 3527 1843 ex-

1952 1890 2123 1949 itiale.
2151 1890 2224 1942 ita
2276 1888 2442 1942 etiam
2508 1884 2752 1939 salutare
2803 1882 3265 1937 medicamentum
3307 1878 3524 1935 admitti

1952 1983 2096 2037 intra
2149 1980 2362 2033 viscera
2394 1974 2656 2039 hominis,
2700 1980 2758 2026 ut
2803 1987 2901 2042 per
2934 1971 3026 2026 illa
3060 1970 3426 2026 distribuatur
3467 1969 3525 2023 in

1953 2073 2272 2129 universum
2305 2082 2510 2137 corpus
2536 2065 2712 2119 virtus
2739 2062 2860 2132 ejus
2902 2060 3051 2132 quod
3096 2059 3203 2116 fert
3231 2074 3389 2130 opem
3413 2062 3525 2114 :ita

1952 2178 2077 2218 cum
2108 2161 2161 2215 id
2190 2157 2594 2231 gustaverimus
2622 2152 2770 2224 quod
2797 2160 3045 2209 nostram
3069 2143 3325 2207 dissolvit
3359 2157 3526 2205 natu-

1953 2270 2094 2318 ram,
2121 2266 2323 2307 rursus
2346 2263 2576 2304 necesse
2602 2255 2687 2302 est
2716 2254 2775 2301 ut
2794 2262 2937 2317 opus
2950 2245 3252 2300 habeamus
3278 2257 3345 2299 eo
3364 2241 3516 2313 quod

1953 2342 2100 2413 cogit
2135 2356 2199 2396 ac
2224 2339 2482 2395 conciliat
2504 2338 2560 2393 id
2593 2337 2738 2407 quod
2777 2344 2894 2392 erat
2921 2335 3276 2400 dissolutum,
3301 2342 3362 2389 ut
3389 2348 3518 2389 eum

1954 2435 2098 2489 intra
2131 2449 2231 2489 nos
2261 2432 2423 2490 fuerit
2450 2431 2553 2487 hoc
2569 2422 3520 2491 salutaremedicamentum,veneni

1953 2526 2238 2592 damnum,
2289 2524 2435 2595 quod
2457 2524 2675 2595 corpori
2706 2522 2884 2578 fuerat
2934 2518 3191 2582 inditum,
3247 2533 3346 2588 per
3388 2532 3524 2573 con-

1954 2617 2182 2671 trariam
2215 2616 2447 2686 repellat
2484 2613 2852 2668 allectionem.
2907 2608 3051 2676 Quid
3084 2609 3190 2663 hoc
3213 2622 3346 2678 ergo
3395 2607 3527 2663 est?

1954 2708 2095 2763 Nihil
2124 2706 2274 2761 aliud
2308 2720 2471 2776 quam
2501 2704 2634 2759 illud
2667 2718 2892 2772 corpus,
2933 2698 3087 2768 quod
3117 2708 3174 2754 et
3213 2704 3394 2754 m'orte
3427 2712 3525 2753 os-

1955 2807 2169 2854 tensum
2212 2798 2314 2853 fuit
2343 2813 2467 2854 esse
2514 2796 2815 2867 potentius,
2876 2800 2932 2850 et
2987 2799 3194 2849 nostra;
3244 2792 3372 2846 vitae
3421 2788 3528 2845 fuit

1955 2890 2194 2945 initium.
2226 2888 2511 2955 Quomodo
2541 2888 2689 2944 enim
2718 2896 2910 2957 parum
2950 2884 3231 2949 fermenti,
3289 2889 3351 2938 ut
3388 2882 3527 2938 dicit

1952 2980 2249 3049 Apostolus
2267 2980 2333 3045 ¹⁸,
2352 2978 2456 3034 sibi
2473 2977 2744 3034 assimilat
2759 2982 2930 3032 totam
2952 2973 3425 3046 conspersionem,
3450 2972 3526 3027 ita

1957 3088 2158 3143 corpus
2180 3085 2212 3125 a
2244 3070 2352 3126 Deo
2374 3078 2548 3123 morte
2580 3066 2836 3123 affectum
2876 3080 3004 3121 eum
3044 3064 3211 3140 fuerit
3251 3064 3397 3121 intra
3425 3077 3529 3120 no-

1960 3170 2160 3226 strum,
2189 3167 2365 3214 totum
2391 3159 2460 3214 ad
2484 3173 2544 3214 se
2575 3162 2909 3214 transmutat
2951 3164 3005 3212 et
3035 3153 3323 3211 transfert.
3369 3152 3524 3222 Quo-

1959 3254 2123 3310 modo
2160 3251 2304 3307 euim
2331 3265 2455 3307 cum
2491 3247 2639 3319 quod
2666 3254 2751 3304 est
2778 3246 3023 3312 exitiale,
3072 3246 3296 3302 mistum
3355 3242 3527 3302 fuerit

1957 3361 2083 3402 eum
2143 3358 2301 3410 sano,
2368 3341 2632 3412 quidquid
2688 3347 2773 3395 est
2829 3345 3318 3408 contemperalum,
3364 3335 3530 3392 simul

1957 3436 2210 3492 redditur
2241 3432 2461 3500 inutile,
2493 3431 2568 3485 ita
2597 3430 2762 3485 etiam
2807 3441 3011 3498 corpus
3059 3423 3370 3479 immortale
3395 3436 3524 3478 cum

1959 3523 2125 3581 fuerit
2155 3523 2296 3577 intra
2325 3536 2451 3577 eum
2504 3518 2600 3590 qui
2634 3516 2894 3587 sumpsit,
2942 3514 3260 3570 universum
3304 3526 3529 3583 quoque

1960 3623 2293 3673 transmutat
2341 3615 2395 3669 in
2429 3627 2585 3668 suam
2618 3618 2897 3666 naturam.
2963 3606 3072 3664 Sed
3129 3606 3247 3662 ﬁeri
3284 3620 3396 3661 non
3430 3618 3531 3675 po-

1959 3715 2071 3763 test
2103 3715 2162 3761 ut
2208 3705 2282 3761 sit
2329 3702 2536 3773 aliquid
2587 3700 2749 3756 aliter
2799 3699 2944 3754 intra
2994 3711 3219 3769 corpus,
3277 3695 3384 3750 nisi
3436 3707 3534 3764 per

1959 3814 2114 3855 esum
2159 3804 2215 3852 et
2249 3796 2526 3867 potionem
2578 3794 2877 3849 misceatur
2928 3788 3257 3846 visceribus.
3295 3785 3536 3861 Necesse

1960 3900 2045 3947 est
2066 3904 2219 3960 ergo,
2248 3904 2315 3943 eo
2351 3885 2514 3941 modo
2543 3899 2654 3956 quo
2687 3891 2888 3939 natura
2929 3888 3134 3952 potest,
3161 3877 3402 3950 Spiritus
3450 3879 3536 3933 vi-

1959 3982 2175 4038 villcam
2222 3977 2506 4047 suscipere
2555 3976 2834 4029 virtutem.
2872 3969 3021 4027 Cum,
3041 3975 3224 4023 autem
3255 3966 3432 4021 solum
3466 3964 3537 4019 ιι-

1960 4073 2055 4130 lud
2088 4087 2293 4140 corpus
2337 4066 2484 4140 quod
2546 4066 2715 4121 Deum
2772 4059 3037 4129 suscepit,
3089 4059 3235 4111 banc
3296 4054 3532 4125 gratiam

1963 4165 2258 4237 acceperit,
2333 4167 2619 4217 ostensum
2673 4154 2748 4210 sit
2790 4159 2985 4206 autem
3027 4148 3190 4203 aliter
3240 4146 3357 4203 ﬁeri
3420 4159 3533 4201 non

1961 4236 2145 4330 posse,
2213 4261 2274 4309 ut
2313 4257 2564 4306 nostrum
2622 4258 2823 4313 corpus
2868 4241 2940 4295 sit
2995 4239 3053 4294 in
3095 4236 3534 4301 immortalitate,

1962 4327 2068 4406 nisi
2105 4362 2200 4419 per
2226 4338 2672 4399 communionem
2715 4350 2841 4390 cum
2884 4330 3174 4388 immortali
3216 4329 3417 4385 factum
3463 4327 3539 4384 sit

122 4489 151 4515 ,
258 4452 485 4506 πιστῶν
525 4450 755 4522 μυριάσι
787 4420 1144 4506 κατθπᾶσαν
1184 4420 1281 4519 τὴν
1318 4445 1644 4517 οἰκουμένην
1687 4442 1861 4497 εἰσαεὶ

1964 4441 2236 4515 particeps
2262 4428 2727 4501 incorruptionis:
2758 4431 2971 4496 oportet
2993 4420 3364 4487 considerare,
3389 4432 3539 4522 quo-

1967 4504 2132 4590 modo
2174 4504 2293 4584 iieri
2335 4522 2609 4596 potuerit,
2652 4528 2710 4575 ut
2755 4531 2925 4573 unum
2961 4512 3095 4570 illud
3126 4527 3359 4582 corpus,
3389 4504 3541 4581 quod

1969 4632 2080 4681 tam
2113 4619 2301 4676 multis
2328 4614 2567 4672 lidelium
2614 4610 2857 4669 millibus
2898 4607 2956 4662 in
2987 4605 3246 4661 universo
3274 4601 3408 4658 orbe
3439 4610 3545 4657 ter-

1968 4728 2153 4771 rarum
2184 4723 2397 4779 semper
2440 4702 2807 4766 distribuitur,
2856 4706 3029 4754 totum
3070 4709 3167 4766 per
3214 4700 3421 4764 partem
3470 4691 3543 4779 sit

1970 4807 2026 4862 iu
2064 4777 2430 4872 unoquodue,
2472 4803 2529 4852 et
2566 4794 2745 4865 ipsum
2788 4791 2844 4845 iu
2882 4803 2942 4847 se
2969 4795 3145 4843 totum
3193 4788 3433 4839 maneat.
3474 4777 3545 4837 Ut

1971 4915 2103 4972 ergo
2133 4896 2266 4953 ﬁdes
2308 4892 2382 4949 ad
2422 4891 2475 4948 id
2524 4889 2671 4962 quod
2723 4893 2809 4943 est
2849 4897 3203 4972 consequens;
3231 4877 3542 4972 aspiciens,

1970 4968 2061 5047 de
2083 5001 2250 5046 sensu
2294 4981 2579 5056 proposito
2627 4976 2834 5034 nullam
2878 4973 3079 5030 habeat
3113 4968 3542 5033 dubitationem,

1944 5084 2185 5151 .oportet
2216 5082 2459 5131 nostram
2496 5069 2801 5126 orationem
2845 5064 3123 5137 paulisper
3159 5057 3440 5117 immorari
3486 5058 3546 5112 in

1971 5149 2210 5227 naturali
2237 5162 2486 5236 corporis
2523 5158 2979 5217 consideratione.
3012 5152 3148 5221 Quis
3177 5151 3323 5210 enim
3369 5149 3548 5206 nescit

1973 5261 2121 5335 quod
2176 5256 2353 5315 nostri
2433 5252 2684 5324 corporis
2736 5257 2934 5306 natura
3001 5246 3120 5319 ipsa
3169 5259 3268 5317 per
3318 5258 3380 5301 se
3435 5257 3546 5298 non

1978 5354 2143 5413 habet
2178 5351 2346 5406 vitam
2382 5347 2436 5402 in
2478 5343 2713 5417 quadam
2752 5340 2973 5414 propria
3015 5336 3262 5410 corporis
3293 5336 3546 5392 substauo

1979 5451 2051 5505 tia
2078 5492 2093 5517 ,
2152 5445 2247 5504 sed
2299 5458 2395 5516 per
2460 5437 2755 5512 quamdam
2817 5433 3124 5490 afﬂuentem
3186 5430 3237 5488 ei
3288 5429 3545 5485 virtutem

1980 5549 2034 5597 et
2066 5539 2302 5610 seipsam
2341 5534 2617 5601 continet,
2648 5538 2701 5587 et
2731 5537 2913 5585 manet
2946 5527 3004 5586 in
3035 5524 3276 5585 essentia
3296 5560 3312 5585 ,
3354 5530 3548 5591 perpo-
