4072 6212
707 305 779 367 95
1982 295 2042 353 ε.
2076 295 2409 355 curacum!
2447 295 2738 357 stsem
3402 374 3404 377 τ

704 429 806 477 tua
835 418 1076 475 motione
1104 415 1170 470 ad
1203 431 1263 472 se
1291 414 1574 471 attraheus
1608 414 1659 469 id
1705 413 1851 484 quod
1893 413 2048 471 deest
2069 456 2085 481 ,
2116 423 2172 472 et
2203 431 2288 472 re-

2247 431 2288 472 3-
2317 423 2365 481 Α
2394 417 2644 488 πυθμένα
2698 416 2757 471 τὸ
2802 416 3117 488 ἐγκείμενον
3145 416 3370 483 ύπεξίοι,
3400 416 3500 471 οὐκ
3527 417 3592 471 ἂν
3623 416 3855 486 φυλάσσο

702 515 920 585 ,ροηουε
967 512 1019 565 id
1049 510 1193 580 quod
1240 516 1325 567 est
1358 508 1856 577 supervacaneum?
1900 507 1967 564 Et
2010 509 2289 578 quomodo

709 614 834 661 uter
857 603 1060 673 aliquis
1086 601 1270 672 aliquo
1290 601 1519 655 humore
1541 600 1754 670 plenus,
1782 600 1827 657 si
1845 602 1899 656 in
1916 600 2088 656 fundo
2125 608 2286 657 exeat

709 697 764 750 id
805 694 951 766 quod
1000 695 1054 747 in
1091 709 1159 750 eo
1199 701 1289 749 est
1321 693 1594 763 positum,
1631 694 1686 749 in
1719 694 2101 766 magnitudine
2129 708 2289 750 suam

710 798 822 842 non
855 787 1155 841 servaverit
1187 785 1450 856 ﬁguram,
1491 785 1597 841 nisi
1640 801 1876 856 superne
1910 803 2013 854 pro
2038 801 2106 841 eo
2143 786 2289 856 quod

704 880 845 935 exiit
872 878 1211 949 ingrediatur
1240 878 1389 933 aliud
1420 878 1487 932 ad
1521 877 1574 932 id
1601 878 1747 948 quod
1771 878 2122 957 exinanitum
2153 879 2291 935 adeo

708 979 773 1026 ιιι
806 970 916 1041 qui
964 967 1112 1024 videt
1146 967 1557 1040 magnitudine
1586 967 1884 1025 distentum
1931 968 2095 1038 hujus
2140 970 2290 1026 vasis

707 1062 1010 1124 ambitum,
1038 1061 1181 1118 sciat
1209 1072 1332 1115 eum
1366 1075 1475 1114 non
1514 1075 1638 1116 esse
1679 1061 1962 1131 proprium
1989 1060 2110 1130 ejus
2142 1062 2288 1130 quod

704 1160 934 1223 apparet
963 1194 981 1221 ,
1010 1154 1109 1208 sed
1130 1152 1189 1207 id
1215 1153 1362 1223 quod
1388 1152 1601 1219 induit,
1630 1166 1757 1209 cum
1788 1153 1843 1216 in
1872 1153 2134 1209 coluerit
2160 1155 2292 1224 ligu-

700 1258 832 1298 rare
885 1243 942 1298 id
999 1244 1145 1314 quod
1188 1244 1428 1300 continet
1477 1244 1953 1314 magnitudinem:
1988 1245 2063 1299 ita
2119 1247 2286 1301 etiam

705 1337 959 1403 corporis
1007 1337 1183 1391 nostri
1233 1337 1576 1393 constructio
1632 1336 1769 1393 nihil
1842 1336 2065 1406 quidem
2122 1337 2288 1397 habet

704 1429 993 1498 proprium
1026 1428 1190 1484 nobis
1212 1429 1498 1499 cognitum
1549 1427 1619 1483 ad
1669 1429 1757 1485 sui
1798 1429 2285 1495 constitutionem,

705 1535 804 1590 per
833 1536 962 1577 eam
991 1531 1174 1575 autem
1205 1536 1327 1590 quae
1366 1519 1756 1575 intromittitur
1797 1521 2057 1577 virtutem
2102 1527 2287 1576 manet

705 1614 761 1667 iu
793 1613 1053 1669 essentia.
1103 1607 1178 1666 Ea
1219 1621 1401 1667 autem
1431 1614 1610 1668 virtus
1637 1612 1958 1674 atimentum
1999 1618 2054 1669 et
2105 1620 2191 1668 est
2234 1620 2291 1668 et

2393 512 2520 580 περὶ
2545 509 2636 564 τὸν
2661 511 2822 579 ὄγκον
2850 508 3041 563 ἑαυτοῦ
3063 509 3267 579 σχῆμα,
3291 510 3364 580 μὴ
3387 510 3741 572 ἀντειπόντος
3764 508 3856 561 ἄνα

2391 605 2580 675 ἐτέρου
2637 605 2774 675 πρὸς
2822 603 2881 657 τὸ
2935 601 3260 673 κενούμενον
3283 619 3297 633 ·
3341 600 3480 654 ὥστε
3516 601 3605 655 τὸν
3641 601 3844 672 ὁρῶντα

2389 695 2602 767 ὀγκώδη
2620 695 2712 749 τοῦ
2739 695 2959 765 ἀγγείου
2990 695 3178 747 τούτου
3201 692 3477 764 περιοχὴν,
3507 693 3701 746 εἰδέναι
3725 691 3797 763 μὴ
3832 694 3856 745 ii

2389 783 2531 841 εἶναι
2560 787 2653 841 τοῦ
2676 787 2998 857 φαινομένου
3023 803 3036 816 ³
3061 785 3193 839 ἀλλᾶ
3231 784 3294 836 τὸ
3332 784 3541 855 εἰσρέον
3569 785 3625 836 ὲν
3658 783 3803 851 αύτῷ
3823 799 3856 849 γ

2393 894 2554 946 μενον
2595 876 2945 950 σχηματίζειν
2984 876 3045 931 τὸ
3080 876 3332 948 περιέχον
3366 875 3454 941 τὸν
3485 874 3670 943 δγκοψ
3708 872 3849 930 οὕτω

2389 972 2426 1041 ἡ
2447 969 2540 1024 τοῦ
2588 970 2837 1042 σώματος
2893 970 3048 1041 ἡμῶν
3077 967 3391 1039 κατασκευὴ
3423 967 3553 1022 ἴδιον
3580 966 3677 1036 μὲν
3709 966 3842 1038 πρὸς

2388 1063 2589 1134 ἑαυτῆς
2611 1062 2865 1116 σύστασιν
2886 1062 3035 1116 οὐδὲν
3066 1062 3197 1132 ἡμῖν
3215 1059 3489 1131 γνώριμον
3515 1058 3649 1130 ἔχει,
3674 1059 3760 1114 διὰ
3791 1058 3847 1111 δὲ

2387 1154 2824 1225 ἐπεισαγομένης
2877 1153 3178 1225 δυνάμεως,
3221 1154 3280 1206 έν
3324 1151 3402 1224 τῷ
3433 1148 3574 1206 εἶναι
3616 1152 3785 1223 μένει.
3814 1154 3856 1204 ,Ἰ

2387 1245 2616 1316 δύναμις
2644 1242 2780 1317 αὕτη
2814 1244 2987 1317 τροφὴ
3016 1244 3111 1298 καὶ
3137 1243 3252 1298 ἐστι
3273 1245 3368 1298 καὶ
3383 1243 3615 1312 λέγεται.
3652 1242 3770 1297 Ἔτι
3792 1243 3847 1296 δὲ

2387 1336 2421 1406 ἡ
2457 1335 2593 1406 αύτὴ
2618 1337 2752 1390 πᾶσι
2783 1338 2893 1399 τοῖς
2921 1336 3275 1408 τρεφομένοις
3301 1334 3535 1406 σώμασι,
3566 1334 3700 1389 ἀλλά
3734 1336 3856 1397 τιςέ

2390 1443 2501 1499 στῳ
2543 1426 2876 1498 κατάλληλος
2916 1426 3070 1500 παρὰ
3115 1427 3208 1482 τοῦ
3249 1427 3348 1498 τὴν
3379 1427 3539 1496 φύσιν
3564 1426 3856 1497 οἰκονομού

2389 1519 2860 1592 ἀποκεκλήρωται.
2897 1519 2980 1575 Τὰ
3009 1521 3106 1592 μὲν
3130 1520 3239 1592 γάρ
3263 1516 3374 1570 τῶν
3393 1510 3548 1580 ζώων
3569 1519 3856 1591 ῥιζωρυχοῐ

2386 1609 2648 1681 τρέφεται
2671 1626 2686 1641 ·
2734 1610 2942 1682 ἑτέροις
2969 1611 3119 1664 ἐστὶν
3150 1612 3184 1681 ὴ
3229 1610 3336 1664 πόα
3386 1610 3651 1680 τρόφιμος
3680 1627 3694 1643 ν
3727 1608 3855 1661 τινῶ

703 1705 928 1760 dicitur.
957 1704 1227 1761 Praeterea
1273 1713 1459 1760 autem
1509 1720 1618 1759 non
1660 1705 1803 1761 idem
1849 1704 2109 1759 omnibus
2163 1720 2286 1775 qum

2247 1720 2286 1760 te
2389 1703 2423 1773 ἠ
2456 1702 2630 1774 τροφὴ
2662 1702 2862 1774 σάρκες
2911 1701 3069 1756 εἰσίν.
3110 1701 3407 1774 Ἀνθρώπῳ
3439 1701 3494 1754 δὲ
3534 1701 3675 1755 κατὰ
3705 1699 3766 1753 τὸ
3801 1717 3855 1770 πε

705 1797 928 1848 aluntur
956 1795 1320 1864 corporibus,
1361 1793 1461 1849 sed
1496 1793 1772 1864 quoddam
1816 1795 2114 1863 unicuique
2151 1809 2286 1850 con-

2245 1812 2286 1850 I-
2313 1787 2356 1842 Β
2384 1792 2648 1864 γούμενον
2674 1795 2857 1866 ἄρτος,
2898 1793 2995 1847 καὶ
3027 1796 3107 1857 είς
3132 1793 3230 1864 τὴν
3264 1793 3360 1847 τοῦ
3391 1793 3558 1865 ὑγροῦ
3596 1791 3853 1864 διαμονὴν

703 1884 909 1952 gruem;
935 1886 1257 1940 attributum
1286 1894 1373 1940 est
1397 1885 1464 1939 ab
1491 1901 1561 1939 eo
1586 1885 1682 1954 qui
1712 1895 1964 1939 naturam
1994 1885 2280 1954 dispensat

2247 1894 2280 1941 ιι
2384 1886 2716 1957 συντήρησιν
2765 1885 2926 1938 ποτὸν
2953 1886 3182 1954 γίνεται,
3216 1886 3316 1940 οὐκ
3342 1885 3471 1939 αὐτὸ
3509 1885 3667 1955 μόνον
3715 1884 3776 1937 τὸ
3803 1884 3855 1937 {id

703 1989 752 2029 et
790 1977 1162 2030 administrat.
1211 1975 1346 2029 Nam
1378 1977 1483 2030 alia
1516 1977 1734 2045 quidem
1767 1977 2024 2030 animalia
2056 1976 2282 2032 aluntur

2255 1993 2282 2032 r
2385 1971 2501 2027 ἀλλ’
2529 1972 2657 2043 οἴνῳ
2686 1969 2942 2036 πολλάκις
2981 1972 3398 2044 ὲφηδυνόμενον,
3432 1971 3567 2042 πρὸς
3589 1970 3687 2042 τὴν
3711 1969 3803 2023 τοῦ
3844 1968 3855 2021 ί

702 2056 920 2124 rﬂ'ossis
948 2068 1229 2124 radicibus
1255 2085 1272 2135 ;
1309 2068 1415 2122 alia
1449 2077 1632 2124 autem
1667 2069 1894 2123 aluntur
1926 2068 2112 2124 herbis
2139 2085 2154 2133 ;
2184 2069 2284 2123 ali-

2247 2069 2284 2122 i-
2390 2064 2490 2135 μοῦ
2516 2062 2610 2118 τοῦ
2639 2066 2699 2118 ὲν
2730 2066 2861 2135 ἡμῖν
2921 2064 3255 2135 συμμαχίαν.
3291 2063 3498 2118 Οὐκοῦν
3535 2063 3566 2116 ό
3617 2061 3752 2134 πρὸς
3794 2077 3855 2115 τα

702 2176 934 2231 quorum
978 2168 1160 2215 autem
1205 2160 1603 2216 nutrimentum
1638 2165 1767 2214 sunt
1797 2174 2016 2215 carnes.
2063 2157 2284 2213 Homini

2247 2157 2284 2212 Ii
2389 2155 2624 2227 βλέπων,
2653 2155 2880 2225 δυνάμει
2906 2155 3042 2227 πρὸς
3069 2156 3160 2208 τὸν
3179 2154 3341 2224 ὅγκον
3359 2153 3454 2208 τοῦ
3483 2153 3750 2225 ἡμετέρου
3784 2151 3855 2205 odi

702 2263 885 2307 autem
914 2252 1189 2321 precipue
1213 2259 1301 2307 est
1332 2252 1491 2319 panis
1513 2291 1527 2315 ,
1559 2258 1614 2306 et
1642 2249 1709 2304 ad
1742 2250 1990 2306 humoris
2015 2247 2283 2321 perdura-

2241 2267 2283 2303 t-
2386 2246 2706 2318 τοςβλέπει.
2750 2246 2838 2300 Ἐν
2886 2247 3008 2316 ἐμοὶ
3043 2244 3152 2317 γὰρ
3195 2247 3381 2307 ἐκεῖνα
3412 2245 3678 2316 γενόμενα
3709 2239 3849 2315 αἷμα.

701 2342 907 2397 tionem
953 2350 1007 2397 et
1054 2341 1529 2397 conservationem
1581 2351 1779 2411 potus,
1828 2354 1938 2397 non
1991 2341 2109 2411 ipsa
2164 2340 2283 2396 sola

2231 2340 2283 2393 la
2385 2338 2544 2405 σῶμα
2579 2337 2789 2406 γίνεται
2823 2337 3196 2407 καταλλήλως,
3223 2337 3311 2391 διὰ
3341 2341 3440 2410 τῆς
3479 2335 3838 2406 άλλοιωτικῆς

701 2448 873 2504 aqua,
916 2434 1011 2489 sed
1041 2435 1171 2489 vino
1200 2450 1345 2504 saepe
1382 2435 1644 2503 condita,
1688 2435 1755 2489 ad
1797 2450 1956 2506 epcm
2000 2433 2278 2489 ferendam

2247 2448 2278 2485 η
2383 2427 2599 2500 νάμεως
2627 2428 2763 2500 πρὸς
2791 2427 2853 2482 τὸ
2880 2426 2973 2483 τοῦ
3006 2426 3258 2499 σώματος
3286 2424 3425 2494 εἶδος
3442 2431 3551 2503 *τῆς
3581 2428 3788 2500 τροφῆς
3813 2446 3855 2483 κε

703 2522 920 2579 interno
963 2530 1154 2579 nostro
1200 2524 1393 2579 calori.
1422 2523 1525 2589 Qui
1554 2539 1685 2593 ergo
1713 2525 1782 2580 ad
1825 2539 1889 2580 ea
1921 2524 2150 2594 aspicit.
2184 2536 2279 2593 po.
2378 2519 2677 2591 σταμὲνης.

702 2620 898 2672 testate
944 2616 1141 2684 aspicit
1189 2614 1256 2668 ad
1306 2614 1558 2684 corporis
1598 2616 1774 2671 nostri
1821 2614 2281 2687 magnitudinem.
2321 2608 2457 2664 Nam
2493 2624 2616 2665 cum
2650 2609 2743 2664 illa
2774 2609 2832 2665 in
2864 2626 2956 2666 me
2987 2608 3222 2677 fuerint,
3290 2607 3428 2664 ﬁunt
3495 2609 3721 2682 sanguis
3747 2614 3804 2663 et
3845 2624 3856 2660 ι

700 2720 839 2779 pus,
884 2709 1223 2764 nutrimento
1274 2723 1370 2777 per
1417 2709 1522 2763 vim
1573 2710 1845 2765 alterandi
1900 2715 2269 2781 congruenter
2305 2704 2527 2761 redacto
2555 2705 2622 2761 ad
2655 2705 2884 2779 formam
2915 2708 3187 2778 corporis.

769 2799 868 2855 Bis
892 2816 923 2854 a
954 2801 1114 2856 nobis
1140 2801 1244 2855 hoc
1275 2801 1437 2857 modo
1460 2801 1736 2858 distinctis
1763 2816 1829 2856 ac
1854 2801 2145 2857 declaratis
2167 2840 2180 2866 ,
2208 2801 2276 2856 ad

699 2909 763 2950 ea
808 2908 933 2965 qua:
979 2902 1109 2950 sunt
1156 2895 1475 2965 proposita,
1519 2894 1827 2949 revocanda
1872 2900 1956 2949 est
1995 2892 2275 2965 cogitatio.

698 2984 1061 3052 Qttterebatur
1085 2986 1230 3039 enim
1267 2984 1729 3054 quemadmodum
1759 2984 1907 3056 quod
1947 2992 2032 3041 est
2085 2985 2140 3039 iu
2181 2984 2276 3039 illo

698 3090 903 3145 corpus
925 3074 1130 3130 Christi
1149 3114 1163 3139 ,
1180 3075 1421 3130 viviﬁcat
1443 3089 1657 3130 omnem
1684 3075 1966 3130 hominum
1987 3084 2238 3130 naturam
2256 3114 2271 3141 ,

699 3164 754 3216 in
797 3164 999 3233 quibus
1046 3171 1131 3219 est
1172 3164 1340 3228 ﬁdes,
1385 3165 1644 3220 omnibus
1686 3146 2079 3231 distributum,
2111 3175 2166 3220 et
2193 3166 2275 3236 ip-

698 3268 823 3309 sum
853 3254 1077 3310 minime
1104 3255 1450 3311 diminutum.
1488 3254 1744 3312 Fortasse
1773 3271 1904 3328 ergo
1931 3272 2040 3311 non
2085 3258 2278 3327 procul

700 3346 966 3402 absumus
1003 3361 1033 3402 a
1074 3347 1342 3415 probabili
1375 3349 1609 3404 ratione.
1634 3347 1769 3402 Nam
1798 3348 1843 3404 si
1880 3348 2125 3419 cujusvis
2164 3364 2281 3404 cor-

697 3438 849 3506 poris
876 3437 1235 3494 subsistentia
1260 3439 1621 3503 nutrimento,
1645 3440 1905 3494 nimirum
1931 3441 2056 3495 cibo
2075 3448 2128 3496 et
2150 3449 2275 3511 potu

699 3535 950 3593 constet,
985 3529 1057 3585 sit
1085 3537 1267 3584 autem
1301 3529 1460 3585 cibus
1496 3530 1585 3585 ille
1614 3533 1769 3600 panis
1791 3573 1804 3596 ,
1840 3541 2109 3602 potuSqne
2138 3547 2277 3603 aqua

699 3618 827 3672 vino
865 3617 1212 3686 exhilarata;
1258 3618 1353 3674 Dei
1397 3627 1579 3674 autem
1626 3619 1902 3688 Verbum,
1940 3623 2086 3677 sicut
2126 3625 2278 3694 prius

697 3717 784 3765 est
808 3710 1094 3766 deﬁnitum
1116 3750 1132 3774 ,
1166 3711 1313 3781 quod
1351 3719 1435 3768 est
1476 3711 1620 3769 Deus
1647 3722 1702 3768 et
1729 3712 1966 3769 Verbum
1987 3756 2002 3781 ,
2040 3715 2277 3771 humana

698 3812 784 3857 est
814 3798 1006 3861 natura
1037 3812 1506 3872 contemperatum
1533 3821 1549 3870 ;
1576 3813 1631 3859 et
1664 3819 1788 3859 cum
1821 3815 1969 3861 esset
2001 3806 2055 3861 in
2088 3816 2277 3862 nostro

697 3904 958 3959 corpore,
989 3904 1099 3945 non
1129 3892 1368 3960 aliquam
1399 3892 1562 3947 aliam
1594 3895 1846 3949 humanae
1876 3903 2084 3950 natura:
2117 3898 2278 3951 iuno:-

696 3979 849 4033 vavit
872 3979 1323 4034 constitutionem
1352 4022 1366 4046 ,
1390 3979 1484 4035 sed
1512 3994 1610 4050 per
1627 3994 1691 4035 ea
1719 3996 1840 4051 quae
1863 3990 1990 4037 sunt
2012 3991 2278 4039 consueta

697 4079 752 4125 et
776 4072 1162 4141 congruentia,
1205 4085 1310 4126 suo
1349 4071 1569 4142 corpori
1610 4072 1757 4128 dedit
1794 4076 2229 4143 permansionem
2258 4118 2274 4145 ,

2455 2796 2672 2851 Τούτων
2709 2800 2841 2870 ἡμῖν
2884 2798 3072 2853 τοῦτον
3114 2799 3596 2872 διευκρινηθὲντων
3625 2797 3719 2852 τὸν
3747 2796 3856 2869 τρότ

2384 2888 2720 2943 ὲπανακτέον
2750 2889 2909 2944 πάλιν
2937 2890 3074 2963 πρὸς
3110 2891 3179 2945 τὰ
3216 2891 3550 2965 προκείμενα
3580 2891 3681 2962 τὴν
3710 2888 3856 2943 διᾶνο

2396 2979 2667 3052 Ἐζητεῖτο
2696 2980 2823 3052 γὰρ,
2857 2980 2975 3045 πῶς
3000 2982 3063 3035 τὸ
3087 2983 3145 3035 ὲν
3176 2983 3367 3054 ἐκείνῳ
3405 2982 3564 3054 σῶμα
3589 2981 3683 3034 τοῦ
3708 2981 3853 3052 Χρισ

2365 3074 2563 3133 ’πᾶσαν
2589 3074 2843 3138 ζωοποιεί
2872 3074 2969 3144 τὴν
3000 3074 3107 3127 τῶν
3149 3073 3449 3147 ἀνθρώπων
3479 3072 3675 3144 φύσιν,
3719 3074 3778 3126 ὲν
3827 3072 3855 3125 ὃ

2382 3163 2415 3235 ἠ
2446 3164 2625 3228 πίστις
2652 3164 2790 3228 ἐστὶ,
2821 3165 2956 3234 πρὸς
2981 3163 3187 3227 πάντας
3221 3162 3596 3236 μεριζόμενον,
3627 3164 3722 3218 καὶ
3749 3164 3856 3216 αὐτὸ

2385 3256 2725 3326 μειούμενον.
2774 3256 2926 3326 Τάχα
2977 3254 3152 3310 τοίνυν
3198 3257 3365 3325 ἐγγὺς
3408 3255 3504 3309 τοῦ
3557 3254 3767 3319 εἰκότος
3811 3254 3856 3308 λι

2379 3347 2657 3417 γινόμεθα.
2699 3348 2762 3401 Ei
2805 3348 2914 3417 γὰρ
2956 3346 3154 3411 παντὸς
3194 3347 3444 3418 σώματος
3491 3350 3523 3419 ἡ
3565 3346 3856 3410 ὑπόστασις

2378 3440 2477 3510 τῆς
2508 3438 2712 3509 τροφῆς
2745 3438 2970 3507 γίνεται,
3005 3436 3142 3509 αὕτη
3168 3438 3225 3490 δὲ
3257 3438 3460 3508 βρῶσις
3488 3438 3582 3492 καὶ
3617 3438 3778 3501 πόσις
3798 3439 3856 3491 ea

2379 3530 2493 3585 εστι
2524 3532 2579 3584 δὲ
2618 3534 2677 3585 ἐν
2700 3535 2765 3603 τῇ
2796 3530 2995 3602 βρώσει
3024 3532 3205 3603 ἄρτος,
3241 3534 3298 3585 ὲν
3336 3532 3392 3585 δὲ
3427 3535 3493 3604 τῇ
3540 3532 3695 3586 πόσει
3734 3530 3794 3584 τὸ
3826 3529 3855 3582 θ

2380 3622 2748 3692 ἐφηδυσμένον
2774 3620 2853 3692 τῷ
2878 3622 3004 3692 οἴνῳ
3024 3637 3037 3649 ·
3067 3624 3095 3675 ό
3117 3621 3172 3675 δὲ
3200 3621 3293 3675 τοῦ
3317 3622 3453 3675 Θεοῦ
3479 3623 3673 3691 Λόγος,
3698 3621 3852 3677 καθὼ

2377 3715 2492 3776 τοῖς
2519 3713 2755 3785 πρώτοις
2779 3712 3050 3785 διῄρηται,
3079 3716 3107 3768 ό
3148 3714 3241 3767 καὶ
3281 3713 3413 3778 Θεὸς
3449 3712 3526 3766 ὢν
3549 3714 3644 3767 καὶ
3671 3715 3849 3782 Λόγος

2378 3804 2693 3879 ἀνθρωπίνῃ
2721 3806 3027 3877 συνεκράθη
3056 3800 3236 3875 φύσει,
3268 3805 3362 3858 καὶ
3394 3806 3450 3858 έν
3478 3804 3554 3875 τῷ
3593 3803 3809 3875 σώματι
3842 3809 3856 3858 1'

2377 3898 2519 3968 τέρῳ
2566 3898 2887 3967 γενόμενος,
2934 3898 3034 3951 οὐκ
3078 3897 3244 3967 ἄλλην
3292 3894 3413 3950 τινὰ
3458 3896 3856 3966 παρεκαινοτόμ

2374 3990 2443 4057 τῇ
2473 3986 2787 4060 ἀνθρωπίνῃ
2809 3987 2968 4057 φύσει
2995 3988 3093 4059 τὴν
3123 3987 3377 4041 σύστασιν
3395 4002 3410 4017 ο
3441 3986 3578 4041 ἀλλὰ
3599 3986 3690 4041 διὰ
3709 3987 3820 4041 τῶν
3850 4008 3856 4035 α

2378 4078 2525 4149 ήθων
2552 4095 2611 4131 τε
2647 4078 2740 4133 καὶ
2771 4078 3122 4150 καταλλήλων
3149 4079 3316 4134 ἔδωκε
3347 4078 3425 4151 τῷ
3472 4078 3594 4132 καθ’
3638 4079 3833 4132 ἑαυτὸν

697 4163 824 4217 cibo
869 4169 925 4217 et
961 4170 1093 4232 potu
1137 4163 1433 4222 continens
1473 4165 1859 4221 substantiam.
1898 4166 2066 4225 Cibus
2096 4177 2275 4225 autem

2231 4184 2275 4224 ιη
2381 4192 2512 4249 ματι
2537 4176 2634 4247 τὴν
2659 4176 2935 4248 διαμονὴν,
2965 4176 3162 4249 βρώσει
3188 4178 3281 4231 καὶ
3307 4176 3461 4230 πόσει
3490 4170 3839 4246 περικρατῶν

697 4263 818 4309 erat
845 4256 1026 4324 panis.
1055 4254 1342 4323 Quomodo
1365 4273 1496 4328 ergo
1524 4258 1577 4312 in
1604 4259 1764 4315 nobis
1783 4294 1800 4324 ,
1831 4260 1977 4315 sicut
1995 4260 2108 4332 jam
2135 4276 2279 4331 saepe

2241 4278 2279 4319 ac
2378 4266 2695 4322 ὑπόστασιν,
2737 4268 2801 4320 ἸΙ
2850 4268 2907 4321 δὲ
2952 4267 3152 4340 βρῶσις
3195 4268 3359 4337 ἄρτος
3403 4262 3492 4337 ἦν.
3536 4266 3749 4334 ’Ὠσπερ
3787 4278 3849 4313 το

695 4345 903 4400 dictant
933 4354 1050 4410 est,
1080 4347 1173 4416 qui
1203 4363 1398 4416 panem
1429 4349 1592 4413 vidit,
1632 4351 1931 4406 humanum
1970 4368 2172 4423 corpus
2200 4355 2279 4408 vi-

700 4437 783 4462 ,ΙΑι
816 4438 1212 4462 -..-ΔΑ......ΑΛΑ
1285 4437 1424 4462 -..ι-..1
1462 4454 1578 4462 λη...
1628 4440 1715 4462 :II-
1759 4441 1809 4462 ξ..
1850 4458 1903 4462 __
1944 4440 2099 4462 ιαμ,μο.
2176 4444 2261 4462 ι.--

2247 4382 2279 4408 ι·
2376 4355 2463 4424 ἐφ’
2497 4354 2673 4425 ἡμῶν,
2709 4355 2890 4419 καθὼς
2924 4356 3022 4427 ἤδη
3056 4356 3322 4462 πολλάκϋ
3348 4354 3581 4427 εἴρηται,
3622 4354 3651 4405 ὁ
3679 4352 3771 4405 τὸν
3805 4350 3855 4420 ἃς

697 4437 788 4491 det
813 4438 1249 4507 quodammodo,
1280 4437 1428 4507 quod
1458 4454 1580 4492 cum
1627 4440 1719 4496 ille
1759 4441 1814 4495 in
1844 4458 1910 4497 eo
1943 4440 2145 4507 fuerit,
2176 4444 2276 4499 hoc

2247 4459 2276 4499 ο
2381 4445 2526 4512 ίδὼν,
2550 4447 2749 4516 τρόπον
2770 4448 2891 4503 τινὰ
2918 4448 2979 4502 τὸ
3002 4437 3337 4523 ἁνθρὼπιιῖν
3368 4449 3552 4519 βλέπει
3591 4446 3771 4517 σῶμα,
3801 4445 3855 4497 ὅτ

697 4527 795 4586 ﬁt:
831 4530 905 4584 ita
939 4530 1050 4586 illic
1090 4545 1309 4601 quoque
1336 4531 1483 4601 quod
1527 4531 1698 4587 Deum
1747 4535 1991 4604 suscepit
2035 4551 2269 4607 corpus,

2254 4575 2269 4602 ,
2306 4541 2347 4596 ο
2374 4534 2548 4604 τούτῳ
2584 4536 2762 4590 ἐκεῖνο
2806 4539 3112 4608 γενόμενον,
3160 4538 3319 4593 τοῦτο
3348 4539 3589 4607 γίνεταιο
3623 4534 3768 4589 οὕτω
3807 4550 3855 4586 κς

696 4638 822 4679 cum
854 4624 1010 4694 panis
1052 4625 1370 4679 alimentum
1410 4627 1744 4695 accepisset,
1773 4627 2009 4696 quadam
2049 4632 2265 4685 ratione

695 4711 840 4769 idem
867 4722 986 4771 erat
1009 4715 1156 4785 quod
1182 4715 1290 4781 ille,
1318 4715 1600 4781 alimento,
1625 4725 1685 4771 ut
1710 4718 1918 4773 dictum
1945 4728 2031 4776 est
2050 4758 2065 4785 ,
2095 4728 2272 4778 trans-

693 4815 861 4863 eunte
903 4807 959 4861 in
1003 4814 1257 4862 naturam
1288 4809 1556 4879 corporis.
1585 4808 1719 4863 Nam
1747 4811 1893 4881 quod
1923 4819 2007 4867 est
2027 4814 2269 4868 omnium

697 4897 978 4968 proprium
1003 4937 1017 4960 ,
1052 4896 1109 4952 id
1139 4912 1361 4969 quoque
1393 4914 1492 4969 pro
1524 4909 1676 4956 certo
1704 4910 1761 4957 et
1791 4904 2065 4957 constanti
2100 4912 2183 4959 est
2214 4906 2270 4958 in

697 4989 788 5043 illa
820 5004 1022 5054 carne,
1059 5005 1256 5061 nempe
1288 4992 1434 5062 quod
1473 4992 1606 5048 illud
1640 5009 1858 5064 quoque
1886 5008 2089 5065 corpus
2132 5010 2273 5066 pane

694 5080 1103 5137 continebatur.
1137 5081 1352 5153 Corpus
1393 5091 1575 5139 autem
1641 5084 1734 5140 Dei
1791 5083 1951 5140 Verbi
1992 5086 2271 5142 inhabita-

696 5172 849 5225 tione
879 5173 945 5227 ad
964 5173 1205 5228 divinam
1238 5181 1663 5230 trausmutatum
1682 5182 1766 5230 est
1792 5175 2133 5246 dignitatem.
2167 5176 2273 5232 Re-
2313 5196 2319 5200 '

696 5266 788 5313 cte
815 5274 945 5331 ergo
976 5278 1127 5320 nunc
1154 5278 1376 5337 quoque
1406 5262 1503 5320 Dei
1532 5263 1713 5321 Verba
1738 5267 2139 5322 sanctiﬁcatum
2176 5285 2271 5339 pa-

699 5358 825 5402 nem
859 5348 915 5403 in
939 5349 1033 5407 Dei
1057 5349 1220 5411 Verbi
1245 5368 1448 5425 corpus
1471 5353 1634 5410 credo
1657 5356 2031 5411 transmutari.
2058 5355 2267 5412 Etenim

700 5437 861 5509 panis
891 5452 1010 5496 erat
1045 5451 1313 5512 potestate
1345 5445 1477 5502 illud
1500 5446 1730 5517 "corpus.
1771 5446 1899 5502 Fuit
1928 5454 2108 5504 autem
2141 5463 2269 5504 sau-

702 5527 978 5587 ctiﬂcatus
1009 5532 1348 5594 habitatione
1377 5537 1537 5595 Verbi
1560 5583 1575 5607 ,
1606 5539 1751 5610 quod
1793 5547 2051 5610 tanquam
2099 5539 2152 5594 iu
2190 5548 2271 5594 ta-

706 5620 1004 5677 bernaculo
1051 5621 1315 5682 habitavit
1368 5630 1419 5683 in
1467 5646 1649 5687 carne.
1698 5632 1865 5700 Igitur
1898 5632 2038 5686 unde
2078 5632 2133 5685 iu
2184 5629 2274 5686 illo

705 5729 941 5787 corpore
988 5724 1384 5775 transmulatus
1440 5724 1595 5792 panis
1659 5724 1853 5780 transit
1934 5723 1988 5778 in
2037 5722 2273 5778 divinam

2374 4626 2436 4679 τὸ
2462 4625 2704 4698 θεοδόχον
2730 4628 2891 4699 σῶμα
2915 4629 3015 4700 τὴν
3040 4630 3247 4701 τροφὴν
3286 4630 3451 4701 ἄρτου
3499 4627 3856 4701 παραδεξάμεε

2373 4717 2516 4788 λόγῳ
2539 4721 2643 4773 τινὶ
2667 4720 2865 4775 ταύτὸν
2881 4716 2949 4793 ἦν
2981 4721 3193 4792 ἐκείνῳ,
3224 4721 3325 4793 τῆς
3348 4722 3572 4792 τροφῆς,
3610 4720 3795 4782 καθὼς
3816 4721 3856 4771 εἰ

2372 4823 2483 4873 ται,
2520 4809 2655 4880 πρὸς
2691 4809 2787 4880 τὴν
2819 4810 2910 4864 τοῦ
2942 4810 3193 4882 σώματος
3230 4811 3390 4882 φύσιν
3439 4811 3856 4882 μεθισταμένης.

2372 4896 2483 4968 γὰρ
2512 4898 2727 4952 πάντων
2760 4899 2910 4965 ἴδιον,
2936 4900 3027 4953 καὶ
3049 4900 3134 4953 ἐπ’
3161 4899 3375 4972 ἐκείνης
3401 4901 3500 4970 τῆς
3528 4899 3731 4971 σαρκὸς
3755 4897 3856 4967 ὡμ·

2378 4985 2543 5057 τήθη.
2570 4986 2651 5040 ὅτι
2682 4986 2832 5057 ἄρτῳ
2868 4988 3087 5042 κάκεῖνο
3131 4985 3193 5043 τὸ
3229 4989 3389 5059 σῶμα
3422 4989 3775 5061 διεκρατεῖτο.
3810 4987 3855 5038 Τ

2380 5076 2541 5147 σῶμα
2570 5080 2636 5149 τῇ
2674 5079 2942 5149 ἐνοικήσει
2974 5078 3067 5132 τοῦ
3089 5078 3225 5133 Θεοῦ
3248 5079 3422 5149 Λόγου
3460 5080 3598 5151 πρὸς
3637 5078 3735 5150 τὴν
3774 5079 3856 5131 θεῖ

2376 5168 2532 5234 ἀξίαν
2563 5172 2910 5242 μετεποιήθη.
2941 5170 3131 5235 Καλῶς
3169 5167 3267 5226 οὖν
3300 5170 3395 5226 καὶ
3443 5171 3539 5228 νῦν
3576 5172 3669 5226 τὸν
3699 5171 3777 5242 τῷ
3807 5173 3856 5225 Λα

2376 5260 2472 5315 τοῦ
2501 5261 2635 5315 Θεοῦ
2662 5260 3021 5333 άγιαζόμενον
3052 5264 3214 5334 ἄρτον
3256 5266 3336 5327 είς
3375 5262 3533 5335 σῶμα
3556 5262 3652 5318 τοῦ
3682 5262 3818 5316 Θεοῦ

2377 5368 2474 5420 γου
2512 5353 2916 5423 μεταποιεῖσθαι
2964 5353 3311 5425 πιστεύομαι.
3362 5356 3474 5409 Καὶ
3520 5354 3632 5426 γὰρ
3681 5355 3856 5408 έκεῖνο

2378 5445 2556 5516 σῶμα,
2589 5446 2751 5516 ἄρτος
2792 5448 2858 5518 τῇ
2902 5446 3128 5518 δυνάμει
3169 5442 3258 5518 ἦν.
3298 5447 3563 5518 Ἠγιάσθη
3619 5448 3676 5503 δὲ
3718 5451 3782 5519 τῇ
3838 5448 3856 5500 ἐ

2381 5536 2678 5606 σκνηνώσει
2706 5536 2799 5591 τοῦ
2832 5537 3002 5607 Λόγου
3033 5537 3127 5592 τοῦ
3161 5538 3535 5610 σκηνὼσαντος
3568 5541 3626 5595 ἐν
3664 5543 3727 5612 τῇ
3775 5557 3856 5611 aeq

2384 5627 2591 5682 Οὐκοῦν
2630 5629 2751 5683 ὅθεν
2797 5631 2825 5682 ό
2871 5632 2926 5683 ἐν
2970 5630 3161 5700 ἐκείνῳ
3203 5629 3280 5700 τῷ
3322 5630 3533 5703 σώματι
3575 5631 3856 5702 μεταποιηί

2386 5721 2567 5792 ἄρτος,
2598 5722 2673 5785 εἰς
2713 5721 2859 5776 θείαν
2890 5720 3111 5792 μεθίστη
3140 5721 3383 5793 δύναμιν,
3418 5722 3504 5776 διὰ
3537 5720 3629 5776 τού
3672 5721 3832 5775 αὐτοῦ
