4072 6212
705 268 810 342 ss'
1971 286 2030 343 s.
2059 286 2386 347 esseom:
2411 287 2705 349 NYSSENI

3816 299 3894 354 100

693 413 874 459 'stare
903 410 1173 456 naturam.
1204 399 1418 454 Dictum
1461 406 1546 474 est
1589 399 1737 456 enim
1769 401 1914 474 quod
1962 404 2033 460 sit
2068 405 2123 461 in
2173 406 2294 476 ejus

2285 422 2294 461 ι
2322 404 2369 463 Δ
2392 409 2518 472 τοὺς
2545 413 2872 484 γεννήτορας
2903 413 2932 466 6
2965 412 3205 478 τοιοῦτος
3239 415 3473 485 αἱρεῖται
3500 412 3655 479 τόκος.
3683 415 3790 487 Διχῆ
3814 418 3893 470 τοίη

726 500 997 565 potestate
1019 492 1220 563 eligere
1248 491 1542 562 genitores.
1578 493 1713 548 Cum
1736 509 1868 565 ergo
1897 510 1960 551 ea
1994 512 2116 568 quae
2142 505 2292 562 sunt,

727 584 1011 654 dispertita
1045 583 1154 640 sint
1180 581 1456 649 b-1‘ariam,
1504 599 1698 654 nempe
1742 585 1798 640 in
1827 594 2070 642 creatum
2110 597 2165 646 et
2211 590 2298 643 in-

727 683 994 740 creatum,
1049 682 1104 730 et
1145 675 1387 730 increata
1421 675 1642 746 quidem
1689 685 1889 732 natura
1945 679 2296 736 stabilitatem

727 767 872 823 inse
912 765 1108 822 habeat
1151 772 1206 822 et
1251 767 1778 837 immutabilitatem,
1835 771 1902 826 ad
1940 772 2298 828 mutationem

727 869 908 915 autem
937 860 1200 916 alteretur
1229 867 1512 917 creatura:
1548 861 1644 932 qui
1673 863 2022 919 considerate
2053 864 2202 934 eligit
2244 863 2298 918 id

727 953 874 1024 quod
904 962 990 1010 est
1035 953 1401 1019 conducibile,
1433 953 1720 1023 cujusnam
1757 955 1922 1009 malet
1967 970 2090 1010 esse
2132 955 2296 1022 lilius,

728 1045 922 1115 ejusne
945 1059 1066 1114 quae
1095 1044 1474 1100 consideratur
1492 1045 1550 1100 in
1583 1046 1906 1109 mutatione,
1939 1061 2007 1100 an
2036 1046 2157 1115 ejus
2176 1062 2301 1116 quae

730 1139 941 1193 tirmam
962 1146 1015 1193 et
1037 1135 1284 1192 stabilem
1307 1136 1828 1221 immutabilemque.
1842 1137 2004 1192 habet
2025 1147 2297 1203 naturam,

727 1239 784 1286 et
828 1231 884 1285 in
911 1230 1056 1284 bono
1081 1243 1295 1298 semper
1329 1228 1590 1285 similiter
1617 1237 1673 1284 et
1704 1229 1892 1284 eodem
1923 1230 2085 1285 modo
2109 1244 2170 1285 se
2199 1229 2298 1284 ba-

727 1321 983 1376 bentem?
1011 1319 1277 1387 Quoniam
1298 1335 1428 1392 ergo
1457 1320 1512 1375 in
1538 1312 1834 1390 Evangelia
1868 1329 1980 1377 tres
2015 1329 2143 1377 sunt
2175 1337 2299 1391 per-

729 1413 878 1468 sonaé
909 1421 964 1468 et
1000 1413 1242 1477 nomina,
1279 1427 1375 1483 per
1402 1427 1524 1482 quze
1554 1412 1622 1469 iis
1655 1413 1749 1482 qui
1787 1413 2019 1468 credunt
2057 1413 2210 1484 origo
2239 1413 2300 1467 ﬁt

731 1521 794 1560 ac
827 1506 1106 1578 generatio
1129 1507 1193 1570 “,
1248 1512 1542 1577 generatur
1588 1513 1770 1561 autem
1810 1521 1874 1561 ex
1923 1521 2079 1574 aequo
2111 1505 2201 1575 qui
2242 1505 2298 1562 in

729 1597 997 1652 Trinitate
1043 1603 1336 1668 generatur
1391 1610 1422 1649 a
1476 1595 1638 1650 Patre
1689 1603 1744 1650 et
1796 1595 1936 1650 Filio
1982 1605 2038 1652 et
2095 1593 2299 1666 Spiritu

2398 519 2493 555 νυν
2538 501 2648 557 τῶν
2697 504 2864 557 ὄντων
2917 505 3353 578 μεμερισμένων,
3401 507 3482 570 είς
3523 506 3580 560 τὸ
3621 507 3798 560 κτιστὸν
3827 510 3894 561 ml

2373 579 2458 644 ’τὸ
2487 592 2760 655 ἄκτιστον,
2794 596 2888 648 καὶ
2920 595 3017 665 τῆς
3053 595 3150 665 μὲν
3187 595 3437 650 ἀκτίστου
3473 594 3665 664 φύσεως
3694 596 3745 650 τὸ
3771 598 3894 668 ἄτρε·

2398 682 2530 736 πτὸν
2560 700 2620 736 τε
2671 685 2764 738 καὶ
2807 685 3139 755 ἀμετάθετον
3170 687 3227 740 έν
3260 687 3424 758 ἑαυτῇ
3476 687 3800 759 κεκτημένηςο
3825 690 3894 758 τῆς

2395 772 2454 826 δὲ
2494 774 2720 838 κτίσεως
2755 776 2893 847 πρὸς
2947 777 3152 850 τροπὴν
3187 779 3597 850 ἀλλοιουμένης·
3627 781 3652 832 6
3689 780 3804 833 κατὰ
3837 781 3894 834 λο·

2397 866 2595 935 γισμὸν
2623 867 2683 920 τὸ
2714 867 3020 924 λυσιτελοῦν
3038 870 3484 942 προαιρούμενος,
3511 871 3640 934 τίνος
3666 872 3886 943 αἱρήσεται

2400 956 2598 1026 μᾶλλον
2627 958 2877 1026 γενέσθαι
2909 961 3115 1023 τέκνον,
3149 963 3248 1033 τῆς
3276 963 3335 1016 ὲν
3364 965 3537 1034 τροπῇ
3569 961 3890 1034 θεωρουμένης

2391 1038 2430 1111 ἢ
2461 1047 2559 1116 τῆς
2585 1049 2955 1118 ἀμετάστατόν
2979 1067 3039 1105 τε
3084 1050 3176 1104 καὶ
3219 1052 3420 1119 παγίαν
3467 1051 3558 1105 καὶ
3585 1052 3658 1105 ἀεὶ
3690 1053 3894 1105 ὡσαύτω.

2396 1136 2624 1207 ἔχουσαν
2656 1139 2712 1192 ὲν
2743 1138 2819 1209 τῷ
2861 1139 3048 1210 ἀγαθῷ
3084 1140 3428 1211 κεκτημένης
3473 1141 3568 1211 τὴν
3596 1141 3758 1211 φύσινς
3783 1144 3893 1195 Ἑπε

2396 1223 2489 1283 οῦν
2516 1231 2574 1284 ὲν
2623 1230 2702 1302 τῷ
2744 1232 3057 1304 Εὐαγγελίῳ
3088 1233 3156 1286 τὰ
3179 1234 3304 1306 τρία
3330 1233 3668 1305 παραδέδοται
3693 1235 3889 1306 πρόσωπ

2397 1337 2457 1374 τε
2509 1322 2603 1375 καὶ
2652 1323 2910 1394 ὀνόματα,
2951 1324 3018 1377 δι’
3055 1317 3130 1377 ὧν
3179 1323 3470 1395 ήλγένεσις
3503 1327 3608 1388 τοῖς
3652 1327 3894 1382 πιστεύουε

2398 1413 2626 1482 γίνεται,
2659 1415 2910 1482 γεννᾶται
2937 1415 2992 1468 δὲ
3019 1414 3158 1469 κατὰ
3189 1415 3248 1468 τὺ
3268 1412 3383 1468 ἴσον
3409 1417 3438 1468 6
3461 1418 3518 1469 ὲν
3546 1419 3608 1487 τῇ
3627 1417 3790 1486 Τριάδι
3817 1434 3894 1485 γει

2398 1506 2636 1574 νώμενος
2673 1507 2824 1580 παρὰ
2854 1507 2948 1562 τοῦ
2977 1509 3187 1580 Πατρός
3223 1527 3282 1562 τε
3327 1509 3420 1562 καὶ
3457 1508 3550 1562 τοῦ
3590 1508 3706 1562 Υίοῦ
3735 1511 3816 1562 καὶ
3844 1527 3894 1562 το

2399 1596 2713 1667 Πνεύματος
2745 1598 2917 1667 ἁγίου.
2951 1597 3109 1652 Οῦτω
3133 1598 3240 1668 γάρ
3276 1616 3409 1669 φησι
3443 1600 3567 1669 περὶ
3594 1598 3675 1652 τοῦ
3706 1599 3894 1669 Πνεύμσ

729 1699 940 1743 sancto.
976 1689 1055 1742 Ita
1080 1688 1225 1742 enim
1249 1686 1317 1742 de
1341 1685 1550 1756 Spiritu
1583 1686 1718 1740 dicit
1741 1686 2114 1758 Evangelium,
2152 1687 2297 1758 quod

2285 1687 2297 1741 l
2338 1747 2376 1763 κ
2400 1705 2490 1751 τος
2520 1689 2870 1757 Εὑαγγὲλιον,
2903 1690 2985 1742 ὅτι
3008 1689 3080 1743 Τὸ
3101 1689 3496 1760 γεγεννημένον
3519 1693 3580 1743 ὲκ
3599 1690 3682 1744 τοῦ
3711 1693 3893 1763 Πνεύμε

731 1781 783 1834 id
818 1779 966 1850 quod
1000 1786 1085 1835 est
1121 1787 1438 1849 generatum
1490 1793 1556 1834 ex
1590 1778 1821 1848 Spiritu,
1870 1789 1954 1834 est
1983 1781 2208 1850 spiritus
2235 1781 2298 1845 ¹⁷,

728 1879 784 1925 et
811 1871 1011 1925 Paulus
1037 1869 1210 1942 gignit
1251 1871 1304 1924 in
1327 1869 1546 1924 Christo
1572 1870 1638 1934 ⁸⁸,
1684 1877 1739 1924 et
1767 1868 1928 1924 Pater
1949 1871 2192 1925 omnium
2219 1879 2303 1927 est

729 1971 886 2033 pater
911 1966 975 2017 ”.

799 2051 900 2107 Hic
924 2051 1058 2107 mihi
1086 2052 1158 2110 sit
1187 2051 1370 2107 sobria
1399 2065 1556 2107 mens
1587 2051 1876 2117 auditoris,
1921 2067 1988 2107 ne
2015 2066 2074 2108 se
2104 2051 2301 2107 eiliciat

729 2145 939 2215 prolem
957 2151 1168 2198 naturae
1200 2143 1500 2208 instabilis,
1531 2157 1658 2197 cum
1688 2143 1939 2198 stabilem
1967 2151 2023 2198 et
2052 2144 2305 2197 inaltera—

730 2236 895 2291 bilem
951 2234 1055 2289 sibi
1102 2235 1266 2289 liceat
1305 2248 1419 2289 suae
1463 2234 1590 2287 vita:
1642 2233 1945 2303 principem
1990 2232 2203 2288 ciiicere
2248 2240 2302 2288 et

729 2331 1030 2380 auctorem.
1074 2322 1212 2377 Nam
1259 2331 1422 2394 prout
1448 2323 1570 2393 ejus
1611 2323 1702 2392 qui
1735 2322 1800 2376 ad
1836 2323 2299 2393 dispensationem

729 2414 964 2477 accedit,
999 2427 1096 2468 cor
1125 2411 1377 2468 allectum
1405 2422 1509 2476 est,
1565 2411 1620 2466 id
1655 2412 1820 2467 etiam
1848 2415 1992 2483 quod
2039 2414 2300 2484 gignitur,

731 2507 873 2562 vires
902 2506 1083 2560 habet.
1115 2504 1374 2575 Quisquis
1402 2520 1531 2577 ergo
1578 2514 1824 2560 sanctam
1847 2505 2166 2563 Trinitatem
2214 2507 2302 2561 in-

728 2605 966 2654 creatam
993 2613 1116 2654 esse
1144 2598 1460 2664 confitetur,
1488 2599 1792 2667 ingreditur
1831 2589 1998 2652 vitam
2040 2598 2300 2654 immuta-

728 2691 893 2748 bilem
936 2698 992 2746 et
1039 2689 1474 2756 inalterabilem;
1526 2699 1762 2744 creatam
1798 2697 1980 2744 autem
2029 2689 2302 2758 aspiciens

728 2790 983 2836 naturam
1011 2779 1067 2834 in
1096 2778 1365 2834 Trinitate
1396 2779 1533 2834 falsa
1561 2780 1990 2842 existimatione,
2027 2788 2078 2834 et
2106 2779 2302 2834 deinde

729 2873 784 2927 in
809 2887 874 2928 ea
897 2872 1228 2943 baptizatus,
1261 2871 1610 2942 ingeneratur
1644 2887 1838 2926 rursus
1887 2873 1942 2925 in
1973 2871 2086 2924 vita
2118 2879 2293 2926 muta-

729 2965 828 3021 bili
851 2975 906 3020 et
923 2979 1045 3035 quae
1074 2963 1361 3018 alteratur.
1389 2959 1523 3016 Nam
1548 2962 1692 3032 quod
1717 2962 1980 3024 nascitur,
2006 2969 2089 3016 est
2113 2976 2302 3017 neces-

2334 1747 2378 1802 Β

2403 1795 2492 1842 τος
2528 1779 2747 1847 πνεῦμά
2793 1779 2931 1844 ἐστι,
2982 1779 3077 1833 καί¹
3110 1781 3137 1833 6
3172 1778 3384 1844 Παῦλος
3424 1782 3482 1833 ὲν
3525 1781 3727 1852 Χριστῷ
3765 1785 3894 1852 γεννᾷ

2402 1871 2496 1924 καὶ
2519 1871 2547 1923 6
2581 1871 2771 1942 Πατὴρ
2802 1872 3018 1924 πάντων
3051 1871 3165 1923 ἐστὶ
3198 1871 3403 1942 πατήρ.

2485 2053 2747 2110 Ἐνταῦθά
2781 2071 2872 2125 μοι
2909 2054 3124 2125 νηφέτω
3161 2054 3254 2108 τοῦ
3285 2055 3552 2128 ἀκροατοῦ
3581 2057 3610 2127 ἡ
3637 2055 3843 2120 διάνοια,
3874 2077 3894 2127 ρ

2402 2150 2500 2218 τῆς
2527 2145 2862 2216 ἀστατούσης
2881 2145 3093 2214 φύσεως
3127 2145 3322 2216 ἑαυτὴν
3353 2144 3571 2214 ἔκγονον
3601 2147 3803 2218 ποιήσῃ,
3838 2148 3893 2212 ὲξη

2402 2235 2500 2308 τὴν
2529 2235 2794 2306 ἄτρεπτόν
2838 2252 2898 2287 τε
2945 2235 3039 2288 καὶ
3086 2234 3438 2288 ἀναλλοίωτον
3476 2237 3706 2307 ἀρχηγὸν
3738 2239 3886 2308 ποιὴσ

2405 2309 2648 2398 σθαιτῆς
2701 2327 2854 2389 ἰδίας.
2883 2325 3046 2378 Κατά
3085 2326 3192 2396 γὰρ
3236 2325 3335 2398 τὴν
3363 2325 3596 2379 διάθεσιν
3627 2327 3717 2398 τῆς
3743 2328 3890 2397 καρδί

2401 2417 2494 2471 τοῦ
2541 2417 2852 2490 προσιόντος
2890 2419 2956 2487 τῇ
3009 2417 3307 2488 οἰκονομίᾳ,
3339 2418 3434 2470 καὶ
3460 2418 3520 2471 τὸ
3555 2418 3818 2488 γινόμενον
3864 2437 3892 2472 τ

2401 2507 2627 2577 δύναμιν
2671 2507 2804 2576 ἔχει.
2841 2508 3001 2560 Ὥστε
3065 2507 3144 2560 σὺν
3191 2507 3291 2577 μὲν
3333 2506 3582 2561 ἇκτιστον
3616 2507 3894 2577 ὁμολογοῦν

2401 2599 2499 2669 τὴν
2533 2599 2690 2669 ἁγίαν
2719 2599 2941 2670 Τριάδα,
2972 2601 3052 2663 είς
3081 2600 3179 2670 τὴν
3207 2599 3472 2669 ἄτρεπτόν
3495 2615 3552 2651 τε
3577 2598 3894 2650 καὶ-ἀναλλοί

2401 2709 2492 2745 τον
2515 2692 2772 2746 εἰσελθεῖν
2799 2691 2964 2760 ζωὴν,
2983 2692 3082 2761 τὴν
3109 2691 3164 2744 δὲ
3188 2691 3410 2762 κτιστὴν
3432 2691 3590 2760 φύσιν
3615 2691 3670 2745 ὲν
3689 2693 3751 2761 τῇ
3781 2692 3894 2761 Τρις

2401 2781 2488 2835 διὰ
2516 2782 2614 2852 τῆς
2639 2781 2996 2852 ὴπατημένης
3029 2779 3345 2851 ὑπολήψεως
3385 2779 3663 2850 βλέποντα,
3691 2780 3873 2832 ἔπειτα

2402 2871 2540 2942 αὐτῇ
2573 2869 2982 2942 βαπτιζόμενον,
3011 2869 3171 2922 πάλιν
3194 2868 3272 2940 τῷ
3291 2869 3509 2940 τρεπτῷ
3533 2886 3590 2921 τε
3619 2868 3707 2921 καὶ
3729 2867 3894 2921 ἀλλοις

2406 2961 2550 3032 μένῳ
2582 2956 3195 3031 ὲηεννηθῆναιβίῳπῇ
3231 2959 3336 3030 γὰρ
3357 2959 3463 3014 τῶν
3486 2959 3786 3028 γεννώντων
3816 2960 3885 3027 ερύ

729 3058 877 3114 sario
903 3055 1148 3126 ejusdem
1175 3055 1413 3126 generis,
1440 3055 1600 3124 cujus
1629 3063 1713 3110 est
1744 3063 1938 3108 natura
1964 3069 2152 3109 eorum
2179 3070 2300 3124 quae
2326 3099 2337 3145 γ

2264 3070 2300 3109 1:
2326 3093 2367 3145 η
2406 3053 2524 3106 κατ’
2553 3053 2797 3122 ἀνάγκην
2839 3052 3096 3122 ὁμογενές
3141 3053 3254 3104 ἐστι
3305 3053 3398 3104 καὶ
3439 3051 3499 3104 τὸ
3543 3053 3872 3122 τικτόμενον.

729 3154 1013 3219 generant.
1063 3145 1206 3212 Quid
1253 3159 1385 3216 ergo
1429 3143 1594 3200 fuerit
1633 3143 2056 3207 conducibilius,
2113 3144 2168 3198 in
2220 3143 2299 3196 vi-

729 3249 913 3294 tamne
953 3237 1162 3309 ingredi
1212 3236 1629 3298 immutabilem,
1675 3251 1742 3288 an
1794 3251 1988 3290 rursus
2037 3233 2302 3289 ﬂuctuare

731 3331 787 3384 in
808 3331 916 3386 vita
950 3329 1194 3385 instabili
1220 3337 1274 3385 et
1305 3344 1426 3398 quae
1457 3327 1765 3382 alteratur?
1804 3327 1937 3381 Cum
1968 3342 2098 3396 ergo
2127 3326 2302 3382 cuivis

731 3421 802 3475 sit
819 3419 1184 3490 perspicuum,
1211 3417 1302 3487 qui
1327 3417 1399 3472 sit
1422 3416 1602 3488 aliqua
1623 3415 1881 3485 praeditus
1901 3414 2294 3484 intelligentia,

730 3510 879 3580 quod
906 3510 959 3564 id
985 3509 1130 3579 quod
1161 3517 1272 3564 stat
1299 3523 1406 3562 non
1431 3515 1611 3563 stante
1637 3516 1719 3562 est
1747 3507 2117 3577 prmstuntius,
2147 3514 2202 3560 et
2237 3521 2303 3561 eo

732 3603 879 3673 quod
930 3602 1112 3657 deiicit
1165 3600 1217 3655 id
1271 3600 1417 3671 quod
1468 3610 1550 3656 est
1600 3599 1922 3671 perfectum,
1962 3607 2014 3653 et
2047 3614 2112 3651 eo
2158 3598 2304 3668 quod

735 3683 879 3766 eget,
933 3695 987 3750 id
1030 3693 1178 3764 quod
1231 3708 1340 3748 non
1379 3700 1520 3763 eget,
1569 3699 1625 3749 et
1673 3707 1738 3747 co
1791 3692 1934 3760 quod
1973 3690 2306 3761 proﬁciendo

735 3785 1004 3848 ascendit,
1041 3785 1094 3841 id
1127 3784 1271 3855 quod
1303 3801 1410 3838 non
1444 3784 1605 3838 habet
1637 3800 1746 3854 quo
1775 3783 2177 3855 progrediatur,
2210 3785 2306 3840 sed

733 3895 950 3950 semper
975 3886 1159 3934 manet
1191 3879 1244 3932 in
1272 3878 1400 3934 boni
1445 3876 1815 3948 perfectione:
1875 3894 2102 3934 necesse
2145 3878 2307 3932 fuerit

734 3980 796 4027 ut
823 3972 917 4043 qui
949 3972 1111 4042 sapit,
1147 3986 1317 4027 unum
1347 3986 1414 4026 ex
1441 3969 1657 4025 duobus
1688 3969 1872 4040 eligat,
1904 3985 2098 4040 nempe
2129 3980 2187 4024 ut
2213 3977 2306 4024 aut

734 4062 997 4118 increala:
1025 4068 1237 4117 naturae
1287 4069 1536 4117 sanctam
1581 4058 1769 4115 credat
1811 4075 1934 4116 esse
1963 4059 2305 4125 Trinitatem,

735 4162 790 4210 et
821 4155 894 4208 ita
951 4167 1047 4224 per
1093 4153 1432 4222 spiritualem
1482 4152 1889 4223 generationem
1938 4166 2059 4206 eam
2114 4148 2310 4204 eiiiciat

736 4243 1038 4316 principem
1091 4251 1146 4298 et
1195 4250 1481 4297 auctorem
1534 4256 1648 4296 sua:
1694 4243 1852 4297 vim:
1901 4250 1994 4294 aut
2056 4239 2102 4294 si
2157 4247 2311 4294 extra

737 4337 902 4407 primi
926 4344 982 4391 et
1009 4335 1124 4390 veri
1151 4343 1206 4388 et
1244 4336 1372 4390 boni
1395 4334 1496 4390 Dei
1523 4344 1800 4402 naturam,
1833 4334 2036 4402 Patris,
2064 4336 2309 4407 inquam,

2403 3140 2494 3198 οῦν
2533 3143 2597 3197 ἂν
2630 3142 2713 3213 εἴη
2762 3143 3219 3213 λυσιτελέστερον,
3265 3144 3342 3206 είς
3382 3143 3480 3214 τὴν
3531 3143 3796 3214 ἄτρεπτον
3842 3148 3893 3210 Ct

2402 3234 2747 3305 εἰσελθεῖν,ῆ
2795 3234 2955 3288 πάλιν
2999 3234 3075 3305 τῷ
3115 3233 3431 3288 ἀστατοῦντι
3480 3238 3574 3289 καὶ
3619 3236 3894 3308 ἀλλοιουμέ

2403 3326 2840 3399 ὲγκυματοῦσθαι
2867 3326 3001 3397 βίῳς
3044 3326 3194 3379 Ἐπεὶ
3228 3322 3319 3380 οὖν
3355 3329 3514 3380 παντὶ
3555 3327 3717 3398 δῆλόν
3745 3330 3884 3388 ἐστι,

2403 3420 2500 3474 καὶ
2521 3418 2767 3473 ὁπωσοῦν
2789 3419 3022 3481 διανοίας
3047 3419 3345 3488 μετέχοντι,
3372 3419 3453 3471 ὃτι
3490 3418 3550 3471 τὸ
3584 3416 3757 3481 ἑστὼς
3787 3418 3883 3470 τοῦ

2406 3512 2636 3575 ἑστῶτος
2658 3511 2789 3565 πολὺ
2837 3510 3178 3582 τιμιώτερον,
3221 3511 3314 3564 καὶ
3351 3510 3446 3564 τοῦ
3485 3510 3768 3573 ἐλλειποῦς
3807 3511 3869 3562 τὸ

2405 3605 2565 3669 λειον,
2601 3605 2694 3658 καὶ
2714 3603 2807 3657 τοῦ
2838 3603 3090 3674 δεομένου
3120 3602 3180 3656 τὸ
3218 3603 3293 3674 μὴ
3331 3603 3603 3674 δεόμενον,
3638 3603 3735 3657 καὶ
3772 3601 3870 3654 τοῦ

2408 3694 2693 3767 προκοπῆς
2724 3694 2962 3757 ἀνιόντος
2990 3694 3050 3746 τὸ
3090 3692 3164 3764 μὴ
3189 3692 3311 3764 ἕχον
3353 3695 3431 3756 είς
3457 3693 3486 3746 ὃ
3505 3709 3560 3747 τι
3593 3691 3863 3764 προέλθῃ,
3889 3715 3894 3740 l

2409 3787 2500 3839 ἐπὶ
2533 3785 2630 3854 τῆς
2662 3783 2990 3853 τελειότητος
3017 3782 3110 3836 τοῦ
3155 3781 3357 3851 ἀγαθοῦ
3407 3781 3563 3851 μένον
3599 3782 3715 3845 ἀεὶ,
3764 3783 3894 3836 ὲπάι

2409 3893 2501 3938 κες
2544 3875 2610 3928 ἂν
2648 3873 2730 3944 εἴη
2772 3873 2830 3926 ἓν
2863 3873 2922 3938 ἐξ
2963 3873 3285 3944 ἀμφοτέρων
3327 3870 3597 3943 αἱρεῖσθαι
3638 3871 3737 3924 τόν
3770 3888 3839 3939 γε
3886 3890 3894 3905 ·

2409 3967 2680 4038 ἔχοντα,ἢ
2723 3967 2822 4037 τῆς
2863 3965 3116 4019 ἀκτίστου
3155 3963 3365 4035 φύσεως
3413 3960 3550 4016 εἶναι
3591 3965 3888 4017 πιστεύειν

2411 4062 2573 4130 ἁγίαν
2598 4059 2824 4131 Τριάδα,
2859 4059 2954 4112 καὶ
2989 4057 3159 4120 οὕτως
3192 4056 3429 4128 ἀρχηγὸν
3466 4055 3555 4109 διὰ
3600 4055 3708 4123 τῆς
3761 4071 3894 4107 πνευ

2410 4155 2568 4225 τικῆς
2591 4150 2853 4219 γενέσεως
2889 4148 3155 4203 ποιεῖσθαι
3202 4149 3301 4219 τῆς
3348 4147 3482 4209 ἰδίας
3519 4146 3703 4216 ζωῆς·
3734 4145 3770 4216 ἢ
3812 4146 3864 4197 εί

2411 4246 2509 4316 τῆς
2546 4244 2639 4298 τοῦ
2677 4242 2894 4314 πρώτου
2935 4242 3028 4294 καὶ
3063 4239 3311 4311 ἀληθινοῦ
3352 4240 3445 4293 καὶ
3484 4237 3699 4308 ἀγαθοῦ
3744 4235 3894 4290 Θεοῦ

2416 4351 2573 4398 σεως,
2608 4334 2705 4403 τῆς
2740 4331 2833 4386 τοῦ
2878 4329 3092 4402 Πατρδς
3134 4329 3297 4398 λέγω,
3324 4328 3530 4399 νομίζοι
3571 4323 3723 4381 εἶναι
3765 4327 3865 4380 τὸν

738 4426 936 4482 Filium
964 4441 1089 4482 esse
1120 4425 1418 4490 existimat,
1462 4436 1556 4481 aut
1591 4415 1858 4498 spiritum
1893 4437 2167 4493 sanciunt,
2201 4443 2311 4483 non
2340 4425 2346 4482 l

2285 4445 2311 4482 rt
2340 4423 2389 4483 D
2416 4425 2448 4496 ἢ
2471 4425 2533 4477 τὸ
2557 4423 2781 4495 Πνεῦμα
2807 4423 2868 4478 τὸ
2892 4424 3065 4491 ἅγιον,
3094 4421 3169 4494 μὴ
3196 4420 3772 4493 συμπαραλαμϐάνων
3811 4418 3893 4488 τὴ

740 4519 904 4576 simul
942 4533 1227 4575 assumens
1257 4533 1377 4574 eam
1403 4533 1527 4588 quae
1549 4529 1633 4574 est
1662 4520 1716 4573 in
1746 4520 1863 4575 haec
1893 4519 2053 4575 [idem
2087 4521 2141 4575 in
2173 4528 2312 4575 tem-

739 4627 875 4684 pore
927 4609 1318 4683 generationis,
1371 4624 1440 4664 ne
1477 4608 1796 4681 imprudens
1846 4611 2086 4680 seipsum
2132 4611 2313 4666 tradat

739 4717 950 4758 manca:
985 4700 1319 4771 delectaeque
1356 4708 1588 4764 natura,
1643 4707 1700 4756 et
1731 4715 1852 4771 qua:
1888 4710 2004 4772 eget
2055 4716 2122 4758 eo
2167 4703 2309 4770 quod

741 4798 949 4853 bonum
982 4793 1182 4859 reddit,
1234 4804 1284 4849 et
1329 4807 1390 4849 se
1416 4792 1820 4864 quodammodo
1852 4809 2045 4850 rursus
2088 4793 2316 4850 reducat

741 4885 812 4942 ad
842 4884 896 4940 id
929 4883 1078 4956 quod
1113 4892 1199 4940 est
1228 4883 1477 4954 ejusdem
1509 4884 1744 4955 generis,
1769 4895 1830 4942 ut
1866 4885 2025 4956 cujus
2050 4885 2185 4942 tides
2216 4885 2313 4943 de-

743 4979 934 5034 fecerit
953 4991 984 5032 a
1005 4991 1218 5033 summa
1245 4984 1302 5033 et
1324 4977 1764 5047 supereminente
1796 4985 2014 5034 natura.
2039 4978 2143 5046 Qui
2169 4980 2314 5034 enim

742 5071 906 5126 alicui
934 5085 1000 5127 ex
1033 5069 1198 5126 rebus
1225 5070 1428 5126 creatis
1453 5071 1694 5140 seipsum
1727 5070 2032 5140 subiunxit,
2065 5086 2174 5126 non
2203 5073 2318 5128 ani-

743 5163 1059 5229 madvertit,
1095 5176 1156 5218 se
1183 5159 1238 5216 in
1263 5158 1375 5231 Deo
1399 5175 1550 5232 spem
1579 5177 1686 5217 non
1720 5162 1922 5218 habere
1947 5162 2162 5219 salutis.
2186 5165 2316 5218 Om-

745 5254 834 5309 nis
859 5255 1002 5310 enim
1023 5264 1295 5319 creatura,
1329 5267 1398 5309 ex
1435 5267 1502 5308 eo
1525 5253 1670 5324 quod
1701 5269 1766 5310 ex
1796 5269 1953 5325 aequo
1975 5253 2045 5310 ab
2070 5269 2138 5310 eo
2172 5255 2317 5326 quod

747 5360 856 5399 non
892 5354 976 5402 est
1011 5346 1258 5418 procedit
1283 5346 1354 5402 ad
1379 5348 1699 5413 essentiam,
1723 5341 1835 5403 sibi
1862 5346 1966 5416 ipsi
1993 5355 2079 5403 est
2097 5349 2318 5418 propria

749 5436 1155 5494 necessitudine
1179 5435 1474 5508 conjuncta
1499 5454 1516 5504 ;
1557 5444 1612 5492 et
1639 5436 1918 5507 quomodo
1946 5437 1999 5490 in
2026 5450 2316 5505 corporum

749 5526 1158 5582 constructione
1234 5527 1416 5582 omnia
1475 5527 1717 5584 membra
1765 5535 1893 5584 sunt
1937 5525 2042 5584 sibi
2087 5525 2318 5581 invicem

863 5727 904 5757 ἐ
938 5723 1122 5778 Matth.
1149 5739 1338 5794 xxvut,
1384 5729 1467 5783 19.
1550 5732 1588 5762 ¹⁷
1615 5727 1770 5785 Joan.
1798 5742 1876 5794 ιιι,
1909 5732 1963 5783 6.

2082 5729 2120 5759 "
2151 5726 2168 5781 l
2198 5726 2324 5783 Cor.
2353 5743 2423 5792 Iv,
2465 5727 2545 5780 15.

2415 4516 2588 4570 ταῦτα
2614 4516 2794 4569 πίστιν
2816 4518 2874 4569 ὲν
2893 4514 2972 4586 τῷ
2993 4513 3168 4586 καιρῷ
3194 4513 3291 4585 τῆς
3308 4513 3595 4581 γενέσεως,
3636 4512 3871 4583 μήποτε

2415 4608 2481 4676 τῇ
2513 4605 2748 4658 ἐλλειπεῖ
2775 4604 2933 4673 φύσει
2961 4605 3055 4657 καὶ
3094 4603 3323 4674 δεομένῃ
3354 4601 3448 4656 τοῦ
3485 4601 3882 4669 ἀγαθύνοντος

2415 4697 2505 4750 τὸν
2529 4695 2804 4761 εἰσποιῶν,
2827 4695 2924 4750 καὶ
2949 4695 3148 4766 τρόπον
3185 4693 3306 4747 τινὰ
3346 4692 3504 4747 πάλιν
3541 4694 3627 4756 είς
3666 4692 3734 4744 τὸ
3765 4694 3894 4762 ὁμο·

2417 4787 2610 4842 ἑαυτὸν
2629 4785 2917 4859 είσαγάγη,
2939 4787 3037 4858 τῆς
3056 4785 3426 4859 ὑπερεχούσης
3448 4785 3679 4855 φύσεως
3701 4784 3894 4837 ἀποστ

2417 4879 2516 4950 τὴν
2543 4879 2744 4934 πίστιν.
2781 4879 2838 4932 ’0
2861 4878 2970 4950 γάρ
2993 4894 3097 4932 τινι
3130 4877 3236 4932 τῶν
3279 4875 3511 4932 κτιστῶν
3545 4875 3764 4929 ἑαυτὸν
3799 4875 3894 4926 ὑπο

2419 4971 2536 5038 ξας,
2559 4969 2780 5040 λέληθεν
2811 4969 3001 5023 ἑαυτὸν
3025 4971 3124 5024 ούκ
3155 4972 3236 5033 είς
3275 4969 3337 5023 τὸ
3366 4971 3520 5027 Θεῖον
3551 4966 3664 5038 τὴν
3714 4965 3894 5019 ἑλπίδ

2422 5063 2693 5134 σωτηρίας
2715 5061 2876 5132 ἔχων.
2914 5062 3070 5114 Πᾶσα
3097 5061 3204 5132 γὰρ
3231 5063 3263 5132 η
3302 5058 3499 5124 κτίσις,
3526 5058 3610 5129 τῷ
3644 5055 3812 5110 κατά
3844 5055 3894 5108 τί

2421 5157 2486 5209 ὲκ
2508 5155 2600 5208 τοῦ
2636 5155 2710 5227 μὴ
2747 5154 2901 5218 ὄντος
2935 5155 3013 5218 εἰς
3045 5154 3106 5207 τὸ
3145 5149 3282 5206 εἶναι
3312 5153 3595 5223 προήκειν,
3629 5150 3887 5209 οἰκείως

2425 5246 2622 5316 ἑαυτὴν
2657 5245 2768 5315 ἔχει
2787 5262 2803 5277 ·
2830 5245 2923 5299 καὶ
2949 5243 3136 5316 ὥσπερ
3158 5245 3250 5298 ἐπὶ
3269 5243 3368 5315 τῆς
3395 5242 3503 5296 τῶν
3532 5241 3845 5312 σωμάτων
3890 5256 3894 5292 :

2427 5339 2626 5409 σκευῆς
2649 5337 2829 5390 πάντα
2853 5336 2922 5390 τὰ
2951 5336 3086 5408 μέλη
3109 5335 3244 5405 πρὸς
3263 5334 3432 5388 ἑαυτὰ
3462 5331 3758 5405 συμφυῶς
3788 5331 3893 5400 ἔχε

2425 5429 2493 5482 τὰ
2520 5429 2616 5500 μὲν
2639 5427 3036 5498 ύποϐεόηκότα,
3067 5426 3135 5481 τὰ
3176 5427 3232 5480 δὲ
3261 5424 3706 5496 ύπερανεστῶτα
3746 5421 3894 5492 τύχη

2425 5538 2533 5585 τως
2558 5521 2590 5590 ἡ
2617 5520 2806 5591 κτιστὴ
2829 5518 2988 5589 φύσις
3013 5521 3212 5590 ἥνωται
3239 5518 3375 5591 πρὸς
3418 5516 3624 5589 ἑαυτὴν
3657 5513 3831 5568 κατὰ
3859 5530 3894 5565 τ

2652 5727 2691 5755 ³³
2723 5720 2838 5776 Pliil
2903 5738 2939 5784 I,
2970 5721 3022 5774 2.
