4072 6212
269 268 378 323 NH

1496 272 1758 330 ORATIO
1795 271 2304 337 (ΖΑἸῈΕῘΠΞἸῚΟΑ⁸

3429 278 3534 333 102

277 396 378 446 γον
407 380 503 451 τῆς
529 379 778 444 κτίσεως,
813 384 906 437 καὶ
946 384 1103 441 οὐδὲν
1130 388 1162 458 ἠ
1205 389 1345 443 κατὰ
1379 389 1437 444 τὸ
1467 392 1730 463 ὑπερέχον
1768 392 1845 445 κα¹

1964 389 2259 457 conjuncta
2289 389 2631 455 naturaliter,
2656 388 2869 446 etiamsi
2903 390 3006 445 alia
3033 391 3254 461 quidem
3284 403 3411 448 sunt
3453 396 3534 451 in-

276 470 456 523 ἐνδέον
476 472 535 523 ὲν
562 472 698 541 ἡμῖν
715 471 951 545 διαφορά
975 473 1243 548 διῖστησιν
1264 480 1434 553 αὐτὴν
1455 483 1554 552 τῆς
1576 483 1710 554 πρὸς
1736 482 1861 547 ἐαυτ

272 562 373 629 τὴν
426 561 728 631 συμφυΐας.
779 556 880 616 Ὧν
930 565 1041 637 γὰρ
1088 568 1283 639 ὲπίσης
1346 576 1746 640 προεπινοεῖται
1822 572 1856 641 ἠ

269 651 606 723 ἁνυπαρξία,
640 653 745 707 κᾶν
788 657 847 708 ἐν
881 658 996 719 τοῖς
1026 656 1207 722 ἄλλοις
1246 658 1309 712 τὸ
1343 660 1595 731 διάφορον
1623 655 1679 734 ᾗ,
1712 660 1861 713 οὐδε-

270 740 403 811 μίαν
432 743 582 797 κατὰ
612 743 675 797 τὸ
709 744 877 816 μέρος
916 745 1074 802 τοῦτο
1111 748 1214 819 τῆς
1252 750 1466 820 φύσεως
1507 750 1860 822 παραλλαγὴν

266 836 687 908 ἰξευρίσκομεν.
732 839 798 892 El
850 834 945 894 οὖν
993 842 1206 907 κτιστὺς
1242 844 1341 914 μὲν
1385 842 1460 897 ὢν
1490 844 1518 896 ό
1553 844 1857 914 ἄνθρωπος,

267 928 492 981 κτιστὸν
527 928 584 981 δὲ
624 929 719 983 καὶ
758 930 819 984 τὸ
869 932 1116 1004 Πνεῦμα,
1158 935 1371 990 καὶτὸν
1420 938 1679 1007 μονογενῆ
1729 932 1860 990 Θεὸν

268 1016 409 1072 εἶναι
452 1017 689 1090 νομίζοι,
722 1022 950 1092 μάταιος
1001 1025 1070 1079 ἂν
1118 1027 1202 1099 είη
1249 1028 1491 1082 ἀνελπίδι
1530 1030 1629 1099 τῆς
1666 1031 1760 1084 ἐπὶ
1800 1029 1861 1083 τὺ

265 1112 522 1180 κρεῖττον
549 1114 937 1182 μεταστάσεως
960 1116 1099 1187 πρὸς
1130 1119 1322 1174 ἑαυτὸν
1347 1121 1610 1175 ἀναλύων.
1637 1123 1860 1193 Ὅμοιον

263 1202 379 1271 γάρ
408 1205 536 1265 ταῖς
564 1201 659 1256 τοῦ
706 1205 1013 1277 Νικοδήμου
1044 1208 1373 1281 ὐπολήψεσίν
1407 1216 1523 1266 ἐστι
1554 1212 1614 1266 τὸ
1645 1213 1862 1284 γινόμε-

263 1310 378 1355 νον,
404 1294 465 1359 ὃς
501 1296 631 1367 περὶ
676 1294 773 1349 τοῦ
807 1296 917 1351 δεῖν
961 1297 1169 1353 ἄνωθεν
1200 1298 1529 1373 γεννηθῆναι
1560 1303 1715 1374 παρὰ
1762 1303 1858 1358 τοῦ

265 1383 473 1456 Κυρίου
509 1385 719 1458 μαθὼν,
751 1385 932 1441 διὰτὸ
962 1389 1129 1460 μήπω
1155 1389 1403 1462 χωρῆσαι
1428 1391 1523 1446 τοῦ
1559 1396 1857 1467 μυστηρίου

262 1473 355 1526 τὸν
389 1473 572 1543 λόγον,
622 1475 715 1528 ἐπὶ
759 1476 852 1530 τὸν
903 1478 1153 1550 μητρῷον
1200 1480 1401 1535 κόλπον
1446 1486 1559 1547 τοῖς
1582 1484 1859 1556 λογισμοῖς

263 1564 622 1637 κατεσῠρετο.
658 1568 822 1621 Ὥστε
851 1570 899 1622 εἰ
933 1569 1007 1642 μὴ
1041 1570 1178 1641 πρὸς
1220 1573 1471 1627 ἄκτιστον
1509 1574 1690 1642 φύσιν,
1723 1576 1859 1631 ἀλλὰ

263 1654 402 1727 πρὸς
433 1657 538 1728 τὴν
571 1658 809 1729 συγγενῆ
843 1658 941 1713 καὶ
966 1660 1254 1731 ὁμόδουλον
1283 1663 1457 1717 κτίσιν
1497 1665 1686 1720 ἑαυτὸν
1711 1666 1856 1722 άπά-

1964 479 2183 544 feriora,
2216 478 2321 532 alia
2356 493 2485 533 vero
2518 477 2803 549 superiora
2826 498 2844 534 ε
2871 481 3163 538 ita—creata
3198 492 3395 539 natura
3427 485 3534 543 sibi
3644 514 3653 523 -

1960 580 2047 626 est
2080 570 2254 635 unita,
2295 570 2440 641 quod
2472 568 2538 624 ad
2569 572 2834 627 rationem
2876 573 3071 628 attinet
3100 584 3385 641 creatum,
3431 592 3534 634 nec

1959 674 2082 731 qua:
2123 660 2176 713 in
2214 674 2282 714 eo
2328 658 2475 730 quod
2527 668 2818 728 exsuperat
2862 666 2919 713 et
2951 659 3130 716 deﬁcit
3157 670 3243 717 est
3280 662 3336 718 in
3373 665 3535 720 nobis

1958 750 2290 815 ditl‘crentia,
2335 767 2456 807 eam
2486 751 2773 822 disiungit,
2808 766 2875 806 ne
2905 752 3006 807 sibi
3055 752 3157 821 ipsi
3187 752 3261 809 sit
3292 755 3530 810 naturali

1957 845 2252 913 conjuncta
2296 842 2705 913 conjunctione.
2746 841 2804 896 In
2850 842 3051 912 quibus
3091 844 3237 899 enim
3280 860 3347 899 ex
3375 858 3534 914 aequo

1958 936 2229 1006 cogitatur
2271 936 2420 1006 quod
2460 950 2567 990 non
2599 934 2709 989 sint
2750 948 2816 989 ac
2851 934 3176 999 consistant,
3215 935 3428 991 etiamsi
3475 937 3532 991 in

1958 1028 2082 1082 aliis
2111 1026 2385 1090 differant,
2432 1041 2621 1082 eorum
2661 1025 2715 1080 in
2751 1026 2853 1078 hac
2890 1033 3044 1094 parte
3082 1040 3189 1080 non
3226 1027 3533 1082 invenimus

1961 1122 2125 1176 ullam
2174 1128 2387 1177 naturae
2421 1123 2799 1177 mutationem.
2839 1120 2897 1176 Si
2941 1136 3072 1191 ergo
3105 1120 3266 1175 homo
3306 1134 3431 1173 cum
3459 1119 3533 1174 sit

1957 1219 2207 1277 creatus,
2250 1212 2511 1283 Spiritum
2560 1228 2779 1283 quoque
2828 1223 3070 1269 creatura
3097 1226 3240 1277 esse,
3295 1211 3533 1280 itemque
3634 1210 3637 1213 “

1959 1303 2297 1375 unigenitum
2342 1302 2511 1358 Deum
2548 1302 2798 1371 allirmat,
2856 1303 2903 1358 is
2947 1318 3084 1358 vana
3131 1317 3230 1373 spe
3277 1302 3530 1365 ducetur,

1956 1395 2159 1464 quippe
2186 1394 2280 1465 qui
2326 1394 2568 1464 seipsum
2604 1394 2674 1447 ab
2718 1393 2811 1447 illa
2848 1392 2900 1446 in
2933 1392 3132 1447 melius
3185 1390 3534 1446 restitutione

1958 1486 2199 1541 alienum
2247 1485 2434 1540 faciat.
2473 1484 2618 1540 ldem
2660 1484 2804 1540 enim
2833 1484 2887 1538 in
2935 1483 3038 1537 hac
3068 1497 3125 1538 re
3150 1480 3351 1537 accidit
3385 1479 3534 1551 quod

1955 1576 2284 1633 Nicodemus
2334 1577 2705 1641 existimabat,
2759 1576 2851 1647 qui
2897 1590 3020 1631 cum
3057 1591 3084 1628 a
3117 1574 3350 1630 Domino
3391 1572 3535 1627 didi-

1956 1671 2125 1725 cisset
2172 1684 2410 1740 superne
2457 1672 2608 1724 nasci
2647 1675 2922 1739 oportere,
2974 1666 3104 1737 quia
3138 1663 3381 1720 nondum
3417 1677 3536 1733 my-

262 1764 371 1816 τοι,
402 1751 510 1818 τῆς
550 1748 821 1811 κάτωθεν,
864 1750 926 1804 οὗ
976 1729 1074 1827 τῆς
1122 1751 1328 1808 ἄνωθέν
1376 1757 1492 1810 itm
1526 1760 1845 1831 γεννήσεως.

1958 1762 2111 1818 sterii
2139 1760 2406 1817 rationem
2444 1767 2684 1831 caperet,
2714 1759 2782 1814 ad
2811 1767 3120 1814 maternum
3147 1764 3363 1811 uterum
3390 1755 3536 1824 cogi-

260 1840 397 1910 Φησὶ
423 1839 487 1894 δὲ
515 1840 579 1894 τὸ
606 1841 955 1911 Εὑαγγέλιον,
983 1844 1187 1900 ἄνωθεν
1215 1843 1352 1901 εἶναι
1389 1848 1500 1904 τῶν
1531 1849 1851 1923 σωζομένων

258 1930 358 2001 τὴν
385 1930 667 2003 γέννησιν.

1960 1853 2262 1909 tationibus
2294 1853 2774 1909 devolvebatur”.
2814 1849 3174 1918 Quamobrem
3223 1848 3269 1903 si
3306 1862 3414 1902 non
3463 1846 3532 1900 ad

1957 1943 2257 1998 iucreatam
2290 1953 2564 2007 naturam,
2595 1941 2690 1997 sed
2716 1940 2782 1994 ad
2816 1946 3103 2009 cognatam
3126 1945 3181 1992 et
3207 1950 3533 1993 conservam

257 2028 584 2076 creaturam
624 2036 682 2078 se
707 2023 964 2093 abducat,
989 2034 1074 2082 est
1097 2030 1463 2099 generationis
1497 2047 1620 2104 quae
1643 2041 1729 2090 est
1760 2033 1994 2099 inferne,
2027 2050 2137 2090 non
2165 2035 2286 2106 ejus
2313 2049 2437 2105 qua:
2454 2039 2535 2090 est
2591 2032 2845 2103 desuper.
2913 2029 3052 2084 Dicit
3115 2038 3293 2084 autem
3355 2026 3532 2082 Evan-

249 2110 497 2183 gelium,
538 2110 768 2185 desuper
792 2131 918 2173 esse
968 2120 1379 2189 generationem
1409 2136 1602 2179 eorum
1635 2125 1729 2196 qui
1757 2124 1895 2181 salvi
1930 2124 2088 2181 lium.

857 2212 1110 2267 ΚΕΦΑΛ.
1151 2215 1244 2272 Μ’.

336 2299 483 2355 Ἀλλ’
508 2299 572 2355 οὔ
605 2319 696 2373 μοι
728 2302 875 2356 δοκεῖ
922 2304 1082 2377 μέχρι
1111 2306 1221 2361 τῶν
1258 2307 1566 2382 εἰρημένων
1593 2311 1842 2385 αὐτάρκη

249 2391 353 2461 τὴν
380 2392 743 2449 διδασκαλίαν
782 2397 818 2465 ὴ
864 2398 1165 2469 κατήχησις
1197 2399 1360 2471 ἔχειν.
1392 2403 1482 2455 Δεῖ
1505 2402 1634 2476 γὰρ,
1669 2400 1843 2476 οἶμαι,

251 2485 347 2538 καὶ
376 2484 441 2537 τὸ
471 2488 620 2557 μετὰ
650 2486 808 2542 τοῦτο
836 2492 1079 2554 σκοπεῖν,
1110 2490 1139 2544 ὃ
1172 2490 1353 2545 πολλοὶ
1377 2492 1486 2546 τῶν
1510 2496 1842 2566 προσιόντων

250 2580 318 2647 τῇ
338 2576 435 2630 τοῦ
464 2578 853 2652 βαπτίσματος
872 2580 1053 2652 χάριτι
1069 2583 1371 2654 παρορῶσι,
1388 2585 1454 2639 δι’
1482 2586 1693 2659 ἀπάτης
1712 2590 1841 2642 ἐαυ-

249 2671 375 2732 τοϋς
406 2671 777 2743 παράγοντες,
809 2673 905 2727 καὶ
934 2672 1013 2745 τῷ
1042 2674 1217 2729 δοκεῖν
1259 2677 1439 2754 μόνον,
1466 2679 1585 2751 οὐχὶ
1625 2680 1704 2751 τῷ
1731 2682 1843 2738 ὄντι

252 2757 618 2833 γεννώμενοι.
656 2759 723 2816 Ἡ
741 2760 852 2834 γάρ
868 2763 958 2818 διὰ
997 2765 1098 2837 τῆς
1125 2769 1533 2842 ἀναγεννήσεως
1584 2775 1840 2848 γινομένη

250 2854 350 2922 τῆς
373 2852 530 2936 ζῳῆς
558 2853 721 2924 ἡμῶν
742 2854 1120 2928 μεταποίησις,
1144 2861 1244 2913 οὐκ
1261 2859 1328 2914 ἂν
1351 2861 1435 2933 εἴη
1465 2865 1840 2936 μεταποίησις,

253 2943 300 2995 εί
330 2943 392 2995 ὲν
426 2933 476 3010 ᾧ
506 2943 680 3012 ὲσμεν
722 2941 1091 3017 δισμένοιμεν.
1137 2948 1244 3002 Τὸν
1269 2948 1380 3021 γὰρ
1412 2951 1470 3003 ὲν
1501 2954 1616 3017 τοῖς
1657 2933 1840 3020 αυτοῖς

250 3033 410 3127 ὅντα,
439 3034 548 3087 οὐκ
586 3029 707 3127 οἶδα
743 3034 859 3100 πιῖις
887 3032 1034 3090 ἐστιν
1074 3038 1230 3093 ἄλλον
1257 3039 1379 3096 τινὰ
1406 3043 1733 3114 γεγενῆσθαι
1758 3063 1842 3098 νου
1867 3069 1909 3127 C

252 3125 433 3194 μέσαι,
480 3128 572 3197 ἐφ’
605 3121 668 3182 οὗ
695 3128 864 3199 μηδὲν
898 3129 1008 3183 τῶν
1042 3132 1439 3205 γνωρισμάτων
1487 3137 1836 3211 μετεποιήθη.

248 3213 323 3267 τὸ
353 3213 474 3286 γάρ
502 3217 600 3270 ἐπὶ
631 3216 1013 3290 άνακαινισμῷ
1045 3221 1139 3274 καὶ
1169 3224 1235 3293 τῇ
1286 3224 1553 3297 μεταϐολῇ
1602 3227 1702 3298 τῆς
1740 3228 1841 3297 φύ-

250 3322 392 3370 σεως
414 3306 583 3378 ἡμῶν
608 3308 709 3379 τὴν
738 3310 1004 3381 σωτήριον
1025 3312 1543 3384 παραλαμϐάνεσθαι
1564 3318 1837 3391 γέννησιν,

250 3401 416 3453 παντὶ
453 3400 621 3473 δῆλόν
657 3404 828 3458 ἐστιν.
886 3403 1046 3458 ’Ἀλλὰ
1092 3405 1200 3475 μὴν
1243 3404 1661 3482 ἡὰνθρωπότης
1703 3411 1839 3484 αὐτὴ

250 3490 376 3543 καθ’
398 3492 608 3564 ἑαυτὴν
641 3492 946 3566 μεταϐολὴν
972 3495 1037 3548 ὲκ
1065 3494 1157 3548 τοῦ
1181 3494 1557 3570 βαπτίσματος
1585 3502 1643 3553 οὐ
1673 3517 1842 3573 προσ-

251 3582 426 3647 ίεται,
454 3582 584 3637 οὔτε
616 3584 679 3637 τὸ
714 3584 958 3654 λογικὸν,
984 3586 1107 3641 οὔτε
1142 3586 1204 3640 τὸ
1234 3587 1595 3661 διανοητικόν,
1626 3590 1750 3646 οὔτε
1779 3593 1840 3646 τὸ

244 3673 573 3746 ἐπιστήμης
617 3675 894 3743 δεκτικὸν,
942 3678 1062 3733 οὐδὲ
1109 3679 1238 3735 ἄλλο
1280 3697 1334 3735 τι
1363 3681 1472 3736 τῶν
1498 3699 1838 3755 χαρακτηρι-

243 3764 466 3829 CW
512 3765 658 3830 ἰδίως
695 3772 796 3840 τὴν
826 3770 1174 3844 ἀνθρωπίνην
1214 3771 1376 3843 φύσιν
1400 3773 1459 3827 ὲν
1483 3774 1838 3847 μεταποιήσει

239 3856 504 3924 γίνεται.
540 3859 655 3912 Καὶ
677 3860 782 3932 γὰρ
820 3861 885 3915 ἂν
921 3862 1061 3935 πρὸς
1096 3863 1161 3918 τὸ
1191 3866 1373 3937 χεῖρον
1404 3867 1438 3937 η
1484 3866 1840 3939 μεταποίησις

238 3952 367 4021 εἴη,
401 3948 462 4002 εἰ
493 3964 548 4000 τι
566 3949 765 4005 τούτων
782 3953 1149 4028 ὖπαμειφθείη
1176 3955 1288 4009 τῶν
1310 3956 1457 4010 ίδίων
1478 3956 1580 4027 τῆς
1601 3954 1834 4027 φύσεως.

236 4042 307 4095 Et
371 4036 477 4095 οὖν
513 4041 545 4110 ἡ
596 4040 793 4097 ἄνωθεν
841 4044 1095 4117 γέννησις
1147 4046 1586 4117 ἀναστοιχείωσίς
1636 4064 1696 4102 τε
1740 4047 1836 4102 τοῦ

236 4132 551 4207 ἑνθρὼπου
565 4132 796 4203 γίνεται,
815 4136 990 4192 ταῦτα
1019 4138 1077 4193 δὲ
1102 4138 1201 4211 τὴν
1235 4138 1539 4212 μεταϐολὴν
1564 4140 1626 4194 οὐ
1664 4157 1832 4213 προσ·

236 4226 431 4292 ίεται,
463 4226 730 4281 σκεπτέον
774 4228 919 4294 τίνος
961 4229 1446 4302 μεταποιηθέντος,
1490 4230 1707 4303 ἐντελὴς
1738 4235 1838 4304 τῆς

232 4318 670 4388 Was»;
694 4321 730 4389 ἡ
760 4320 920 4392 χάρις
962 4321 1099 4376 ἐστί.
1142 4320 1393 4392 Δηλονότι
1435 4321 1544 4378 τῶν
1585 4322 1837 4395 πονηρῶν

2548 2215 2780 2274 CAPUT
2809 2215 2922 2273 XL.

2022 2312 2127 2369 Sed
2148 2312 2279 2368 mihi
2309 2327 2419 2367 non
2451 2309 2670 2366 videtur
2695 2309 3000 2366 catecbesis
3025 2322 3201 2379 usque
3227 2307 3294 2363 ad
3325 2322 3387 2363 ea
3407 2322 3528 2378 qua:

1951 2407 2100 2463 dicta
2138 2414 2269 2462 sunt
2300 2400 2605 2460 doctrinam
2638 2403 2839 2458 habere
2883 2400 3260 2457 sufﬁcientem.
3301 2398 3529 2470 Oportet

1948 2499 2114 2561 enim,
2145 2497 2359 2569 Opinor,
2388 2495 2444 2550 id
2474 2509 2693 2565 quoque
2722 2492 2866 2563 quod
2901 2499 3089 2563 postea
3123 2492 3373 2563 sequitur
3391 2488 3527 2547 'con-

1948 2586 2210 2652 siderare,
2237 2587 2382 2659 quod
2416 2587 2892 2658 multi-ncgligunt
2919 2600 2986 2642 ex
3026 2585 3095 2640 iis
3123 2585 3215 2654 qui
3255 2586 3528 2639 accedunt

1945 2679 2013 2734 ad
2044 2679 2271 2750 gratiam
2316 2677 2684 2750 baptismatis,
2738 2676 2952 2747 seipsos
2981 2675 3036 2730 in
3077 2674 3321 2731 fraudem
3361 2674 3524 2729 indu.

1945 2756 2150 2836 centes,
2184 2771 2331 2840 quod
2360 2771 2650 2826 videantur
2677 2776 2912 2833 tantum,
2960 2776 3012 2822 et
3044 2782 3150 2822 non
3189 2766 3301 2822 sint
3333 2780 3523 2821 revera

1942 2860 2209 2931 generati.
2258 2859 2392 2915 Nam
2425 2875 2546 2930 qua:
2583 2874 2681 2930 per
2729 2856 3193 2928 regenerationem
3232 2864 3435 2911 nostra:
3465 2854 3522 2909 lit

1943 2952 2069 3005 vita:
2111 2950 2521 3014 transmutatio,
2574 2964 2685 3004 non
2717 2948 2880 3004 fuerit
2919 2946 3330 3011 transmutatio,
3387 2938 3433 3000 si
3465 2944 3523 3000 in

1941 3057 2008 3098 eo
2041 3046 2095 3097 in
2128 3058 2239 3113 quo
2268 3058 2481 3106 sumus,
2514 3054 2916 3111 permanemus.
2947 3037 3081 3092 Nam
3113 3037 3206 3108 qui
3244 3038 3298 3091 in
3330 3036 3520 3093 iisdem

1940 3145 2217 3197 versatur,
2264 3148 2371 3187 non
2421 3131 2579 3187 video
2613 3132 3074 3203 quemadmodum
3121 3129 3524 3185 existimandus

1941 3223 2015 3282 sit
2047 3222 2224 3278 {actus
2260 3237 2387 3279 esse
2419 3223 2582 3288 alius,
2630 3223 2686 3276 in
2726 3235 2837 3292 quo
2866 3219 3003 3275 nihil
3047 3226 3133 3275 est
3161 3227 3428 3274 mutatum
3453 3233 3520 3274 ex

1942 3314 2011 3371 iis
2035 3316 2237 3385 quibus
2262 3315 2632 3386 cognoscitur.
2664 3313 2819 3380 Quod
2842 3311 2987 3368 enim
3013 3309 3080 3366 ad
3114 3311 3520 3367 renovationctu

1939 3414 1994 3462 et
2033 3405 2387 3460 mutationem
2432 3412 2637 3460 nostra:
2672 3410 2880 3458 natura:
2914 3401 3171 3459 salutaris
3212 3408 3523 3457 assumatur

1940 3497 2239 3568 generatio,
2262 3496 2440 3552 cuivis
2464 3503 2550 3552 est
2580 3496 2954 3567 perspicuum.
2977 3495 3140 3565 Atqui
3174 3494 3295 3565 ipsa
3331 3494 3522 3548 huma-

1939 3586 2087 3644 nitas
2121 3602 2220 3659 per
2262 3602 2322 3643 se
2367 3586 2728 3642 mutationem
2763 3600 2870 3640 nou
2921 3583 3164 3639 admittit
3215 3584 3269 3638 in
3305 3582 3517 3653 baptis-

1938 3690 2105 3743 male,
2161 3694 2340 3751 neque
2384 3679 2468 3735 vis
2525 3676 2890 3735 ratiocinandi
2943 3684 3000 3732 et
3060 3675 3399 3747 intelligendi
3463 3683 3519 3730 et

1940 3770 2228 3827 scientiam
2276 3768 2638 3842 percipiendi,
2688 3784 2866 3840 neque
2914 3766 3121 3840 aliquid
3175 3766 3323 3822 aliud
3353 3765 3520 3821 exiis

1939 3875 2062 3932 quae
2088 3858 2383 3915 humanam
2417 3867 2669 3914 naturam
2700 3859 2922 3931 proprie
2963 3856 3301 3928 exprimunt,
3338 3865 3518 3911 trans-

1939 3958 2226 4020 mutatur;
2278 3960 2426 4008 esset
2454 3952 2598 4008 enim
2629 3951 2858 4005 mutatio
2886 3950 2941 4005 in
2986 3948 3252 4013 deterius,
3301 3947 3347 4001 si
3387 3945 3518 4016 quid

1938 4041 2216 4099 deleretur
2246 4058 2316 4099 ex
2344 4042 2412 4099 iis
2439 4056 2561 4112 quin
2589 4049 2720 4097 sunt
2764 4038 2987 4110 propria
3034 4046 3261 4092 naturae.
3298 4033 3356 4091 Si
3386 4051 3519 4107 ergo

1937 4150 2061 4206 quae
2087 4135 2146 4190 lit
2176 4133 2415 4205 desuper
2447 4131 2752 4205 generatio,
2786 4128 3106 4185 reformatio
3135 4128 3382 4199 quaedam
3431 4135 3517 4183 cst

1937 4225 2179 4283 hominis
2202 4266 2218 4291 ,
2269 4225 2385 4280 lucc
2418 4233 2598 4279 autem
2649 4221 3003 4277 mutationem
3051 4236 3160 4277 non
3191 4221 3513 4284 admittunt,

1938 4316 2397 4375 considerandum
2427 4323 2513 4372 est
2532 4328 2770 4386 quanam
2798 4312 3016 4370 tandem
3041 4328 3102 4368 re
3125 4320 3329 4370 mutata
3357 4327 3515 4385 rege-

230 4409 657 4479 τνωρισμάτων
707 4407 1129 4481 ὲξαλειφθέντων
1177 4411 1276 4484 τῆς
1320 4411 1538 4482 φύσεως
1579 4412 1770 4484 ἡμῶν,
1803 4415 1837 4485 ἡ

1945 4408 2251 4465 nerationis
2276 4408 2453 4480 gratia
2487 4406 2820 4480 perﬁciatur.
2852 4406 3008 4463 Malis
3037 4406 3248 4463 scilicet
3274 4406 3423 4464 notis
3460 4414 3517 4463 et

230 4499 388 4568 πρὸς
418 4498 484 4552 τὸ
510 4501 758 4571 κρεῖττον
787 4501 1115 4572 μετάστασις
1136 4502 1366 4573 γίνεται.
1394 4503 1603 4559 Οὐκοῦν
1634 4505 1706 4570 εί,
1737 4521 1840 4559 κα-

228 4588 351 4655 iob;
408 4607 586 4663 φησιν
641 4591 671 4646 ὁ
729 4593 1044 4666 προφήτης,
1091 4594 1413 4667 λουσάμενοι
1462 4596 1540 4668 τῷ
1592 4597 1840 4671 μυστικῷ

226 4682 425 4752 τούτῳ
466 4681 716 4754 λουτρῷ,
747 4682 977 4757 καθαροὶ
1010 4684 1110 4751 τάς
1142 4687 1489 4761 προαιρέσεις
1524 4689 1837 4762 γινοίμεθα,

224 4772 330 4838 τάς
387 4774 669 4845 πονηρίας
711 4774 819 4828 τῶν
862 4775 1050 4847 ψυχῶν
1085 4778 1521 4847 άποκλύσαντες,
1557 4781 1841 4854 κρείττους

220 4864 581 4936 γεγόναμεν,
610 4866 705 4919 καὶ
730 4866 865 4936 πρὸς
897 4867 958 4922 τὸ
981 4870 1226 4940 κρεῖττον
1245 4874 1582 4945 μεταπεποιή
1592 4872 1750 4944 μεθα.
1774 4873 1838 4927 Et

220 4953 279 5008 α
310 4955 385 5009 τδ
446 4955 681 5025 λουτρδν
727 4956 828 5027 μὲν
859 4957 1123 5030 ιπαχθείη
1165 4960 1242 5032 τῷ
1269 4960 1504 5032 σώματι,
1542 4964 1577 5034 ἡ
1607 4963 1665 5017 δὲ
1692 4962 1838 5036 ψυχὴ

216 5048 325 5110 τὰς
354 5045 653 5117 ἐμπαθεῖς
681 5045 905 5119 κηλίδας
949 5049 1026 5123 μὴ
1052 5050 1442 5124 ἁποῤῥίψοιτοο
1486 5053 1603 5109 ἀλλ’
1639 5054 1669 5106 ό
1702 5054 1840 5125 μετὰ

218 5138 321 5208 τήν
360 5136 589 5208 μύησιν
618 5135 733 5207 βίος
764 5139 1053 5211 συμϐαίνει
1080 5142 1160 5215 τῷ
1186 5144 1419 5217 άμυήτῳ
1444 5144 1563 5217 βίῳ,
1595 5144 1698 5200 κᾶν
1721 5146 1841 5201 τολ-

218 5231 419 5301 μηρὸν
460 5230 644 5283 εἰπεῖν
673 5226 731 5303 ᾖ,
755 5228 924 5297 λέξω,
965 5234 1061 5288 καὶ
1092 5234 1194 5290 οὐκ
1222 5237 1713 5310 ἀποτραπήσομαι,
1748 5239 1831 5292 ὅτι

219 5321 317 5373 ἰπὶ
352 5322 586 5377 τούτων
604 5321 670 5375 τὸ
696 5320 858 5394 ὕδωρ,
878 5321 1024 5397 ὕδωρ
1042 5324 1189 5379 ἐστὶν
1203 5364 1221 5392 ,
1241 5326 1474 5398 οὐδαμοῦ
1498 5326 1596 5399 τῆς
1625 5328 1832 5398 δωρεᾶς

217 5412 315 5466 τοῦ
345 5412 529 5483 ἁγίου
560 5411 878 5484 Πνεῦματος
905 5417 1263 5490 ἐπιφανείσης
1286 5417 1361 5490 τῷ
1393 5419 1680 5490 γινομένῳ,
1706 5419 1832 5475 ὅταν

223 5504 302 5576 μή
330 5504 522 5577 μόνον
546 5504 614 5558 τὸ
636 5505 779 5560 κατὰ
803 5506 896 5561 τὸν
928 5508 1100 5581 θυμὸν
1122 5504 1310 5583 αἶσχος
1336 5511 1530 5586 ὑερῖζῃ
1554 5513 1653 5585 τὴν
1683 5512 1832 5567 θείαν

326 5686 383 5718 ⁸³
406 5682 589 5740 Joau.
623 5698 706 5749 ut,
739 5686 776 5739 2
807 5700 928 5757 sqq.

1933 4502 2107 4575 signis
2136 4515 2205 4559 ex
2232 4500 2419 4556 anima
2463 4508 2653 4557 nostra
2686 4499 2906 4565 deletis,
2958 4498 3018 4555 tit
3060 4499 3329 4556 transitus
3361 4498 3429 4555 ad
3459 4499 3514 4555 id

1935 4594 2083 4668 quod
2109 4604 2194 4652 est
2219 4594 2438 4652 melius.
2468 4591 2526 4648 Si
2549 4608 2702 4664 ergo,
2727 4600 2787 4649 ut
2808 4592 2943 4650 dicit
2962 4591 3252 4664 propheta,
3281 4592 3518 4662 mystico

1934 4688 2157 4746 lavacro
2183 4688 2303 4753 loti,
2340 4686 2529 4744 mundi
2555 4685 2878 4751 elﬁciamur,
2918 4698 3143 4757 pravam
3175 4683 3514 4741 voluntatem

1934 4789 1988 4836 et
2008 4781 2152 4836 mala
2174 4777 2358 4836 studia
2378 4792 2444 4834 ac
2466 4776 2719 4835 instituta
2736 4776 2984 4833 eluentes
3004 4790 3071 4831 ex
3093 4775 3316 4840 animis,
3338 4772 3516 4837 εσσειί

1936 4887 2131 4929 sumus
2171 4870 2448 4935 meliores,
2482 4878 2538 4926 et
2566 4869 2917 4925 transmutati
2956 4882 3152 4925 sumus
3180 4867 3236 4923 in
3270 4865 3324 4923 id
3365 4865 3514 4937 quod

1935 4974 2020 5021 est
2048 4964 2267 5021 melius.
2294 4964 2394 5021 Sin
2421 4970 2605 5019 autem
2637 4962 2914 5018 lavacrum
2953 4959 3178 5032 quidem
3208 4958 3513 5015 adhibitum

1934 5054 2009 5112 sit
2024 5054 2267 5125 corpori.
2287 5053 2470 5110 anima
2492 5058 2673 5108 autem
2696 5058 2942 5106 motuum
2963 5061 3012 5107 et
3038 5048 3513 5122 perturbationum

1935 5147 2183 5202 maculas
2231 5161 2342 5201 non
2375 5144 2604 5210 eluerit,
2641 5143 2737 5200 sed
2778 5158 2900 5214 qua:
2937 5149 3061 5212 post
3111 5148 3512 5197 sacramentum

1938 5246 2253 5309 susceptum
2282 5237 2496 5310 degitur
2523 5237 2654 5302 vita,
2683 5234 2941 5292 convenit
2981 5232 3031 5289 ei
3064 5246 3186 5303 quae
3215 5231 3513 5303 degebatur

1940 5331 2254 5401 priusquam
2279 5334 2623 5385 sacramento
2646 5327 2986 5383 initiaretur:
3014 5323 3229 5379 etiamsi
3257 5322 3311 5379 id
3328 5322 3511 5380 dicere
3622 5399 3630 5407 Ι

1939 5421 2013 5478 sit
2042 5419 2328 5486 audacius,
2357 5418 2537 5474 dicam
2570 5427 2775 5481 tamen,
2796 5431 2894 5472 nec
2919 5423 3170 5471 avertor:
3200 5414 3331 5483 Qua:
3358 5413 3414 5467 iu
3443 5413 3512 5467 iis

1940 5511 2185 5569 adhibita
2233 5519 2318 5568 cst
2368 5522 2532 5581 aqua,
2571 5522 2713 5581 aqua
2763 5514 2869 5574 cst,
2915 5520 3039 5563 cum
3090 5504 3302 5589 denunt
3338 5502 3514 5558 sancti
