4072 6212
693 366 714 415 ι
727 362 793 416 1ὶὸ

1965 347 2021 400 S.
2067 343 2395 401 GREGDRII
2423 341 2720 398 NYSSI‘INI

3813 341 3900 395 Mi

695 475 932 544 Spiritus
953 471 1000 525 ei
1034 470 1126 537 qui
1152 471 1443 537 generatur
1472 463 1696 517 minime
1725 460 2025 530 advenerit,
2050 463 2268 532 quando

2379 460 2610 533 μορφὴν,
2645 459 2679 529 ἢ
2710 458 2769 510 th
2799 455 2941 509 κατὰ
2986 451 3296 519 πλεονεξίαν
3331 450 3527 514 πάθος,
3560 449 3706 520 καὶὴ
3737 448 3911 502 ἀκολα-

693 583 801 621 non
831 565 1006 619 solum
1033 551 1202 615 animi
1242 552 1774 628 turpitudol‘ormam
1803 555 2042 611 divinam
2068 555 2270 625 probro

692 657 876 718 allicit,
915 661 1010 706 aut
1048 651 1241 704 vitium
1289 649 1549 713 avaritiae,
1581 646 2000 717 impudicusque
2035 654 2091 700 et
2119 646 2272 699 inho-

693 753 886 800 nestus
933 741 1171 806 animus,
1205 738 1510 808 l'astusque,
1567 744 1619 791 et
1655 735 1879 801 invidia,
1911 743 1966 790 et
1991 735 2270 806 superbia,

693 837 788 894 sed
823 843 875 890 et
908 836 1060 889 lucra
1097 847 1220 903 qua:
1253 830 1382 886 fecit
1411 845 1473 886 ex
1505 828 1794 898 injustitia,
1829 829 1972 898 apud
2002 842 2124 882 eum
2159 843 2276 898 per-

692 938 939 994 manent,
967 938 1020 983 et
1043 941 1163 998 qua:
1192 924 1464 978 adulterio
1490 929 1573 976 est
1595 922 1642 975 ei
1671 927 1862 990 parata
1891 920 2087 973 mulier
2111 920 2274 974 etiam

693 1031 881 1092 postea
905 1020 1026 1089 ejus
1056 1019 1221 1073 servit
1247 1015 1640 1084 voluptatibus.
1671 1013 1725 1066 Si
1759 1012 1892 1076 hac,
1918 1019 1972 1066 et
2002 1027 2125 1081 quae
2147 1019 2276 1066 sunt

696 1110 1030 1181 hujusmodi,
1069 1122 1179 1162 non
1236 1121 1397 1161 secus
1448 1110 1613 1173 atque
1669 1103 1841 1170 prius,
1895 1111 2024 1156 sunt
2071 1101 2123 1153 in
2167 1099 2278 1152 vita

695 1209 816 1277 ejus
839 1206 929 1276 qui
961 1205 1168 1257 tinctus
1199 1201 1299 1254 fuit
1329 1197 1676 1266 baptismate,
1709 1209 1815 1250 non
1845 1208 2068 1264 possunt
2098 1191 2280 1246 videre

695 1304 748 1356 in
767 1314 1002 1370 quonam
1036 1297 1105 1352 sit
1124 1302 1385 1358 mutatus,
1415 1308 1538 1346 cum
1564 1290 1814 1344 ettmdem
1839 1287 2098 1356 aspiciam
2118 1299 2276 1354 quem

697 1389 872 1458 prius,
902 1387 993 1456 qui
1027 1385 1205 1439 fuerat
1234 1381 1433 1451 injuria
1463 1379 1708 1440 allectus,
1741 1378 1831 1446 qui
1860 1374 2150 1430 calumniis
2183 1389 2280 1442 ap-

697 1482 921 1549 petitus,
951 1479 1044 1548 qui
1081 1476 1239 1531 honis
1272 1474 1386 1530 suis
1415 1487 1639 1526 eversus
1671 1485 1734 1524 ac
1779 1467 2046 1536 deiectus,
2077 1464 2278 1519 nullam

699 1571 889 1625 videns
933 1568 1287 1622 mutationem
1343 1564 1466 1635 ejus
1515 1564 1607 1633 qui
1658 1569 1745 1617 est
1801 1567 2112 1632 generatus.
2161 1555 2279 1610 Non

702 1661 992 1714 audierunt
1019 1658 1084 1711 ab
1113 1672 1178 1712 eo
1201 1671 1389 1711 vocem
1419 1653 1632 1710 Zachaei
1657 1670 1669 1706 :
1701 1651 1761 1708 Si
1791 1667 1938 1721 quem
1969 1647 2281 1703 circumveni

699 1767 790 1821 per
821 1749 1164 1808 calumniam,
1200 1747 1360 1801 reddo
1393 1745 1744 1817 quadruplum
1770 1743 1835 1796 ".
1865 1741 1996 1808 Quae
2027 1739 2280 1794 dicebant

2374 573 2494 617 στος
2525 553 2615 606 καὶ
2643 555 2675 622 ὴ
2703 551 2965 620 ἀσχήμων
2997 547 3223 610 διάνοια,
3253 545 3345 598 καὶ
3369 543 3534 612 τύφος
3553 585 3566 607 ,
3593 543 3682 596 καὶ
3709 543 3881 610 φθόνος
3901 582 3914 601 ,

2371 648 2466 702 καὶ
2515 644 2896 717 ὑπερηφανία·
2948 640 3084 695 ἀλλὰ
3135 639 3228 692 καὶ
3287 636 3354 690 τὰ
3407 635 3464 702 ἐξ
3518 634 3720 696 ἀδικίας
3766 634 3914 702 κέρδη

2373 737 2667 812 παραμένῃ
2716 733 2864 804 αὐτῷ
2909 733 3002 786 καὶ
3048 732 3080 801 ἡ
3117 731 3181 783 ὲκ
3214 726 3458 799 μοιχείας
3500 725 3648 794 αὑτῷ
3683 724 3914 792 κτηθείσα

2371 832 2510 902 γυνὴ
2559 832 2680 892 ταῖς
2720 827 2937 897 ἡδοναῖς
2975 822 3139 878 αὐτοῦ
3171 821 3264 874 καὶ
3299 817 3436 890 μετὰ
3472 815 3630 870 τοῦτο
3659 816 3914 886 ὑπηρετεῖς

2376 940 2478 978 ται.
2521 920 2646 975 Ἐὰν
2675 919 2848 972 ταῦτα
2876 917 2972 970 καὶ
3000 912 3220 968 τοιαῦτα
3251 909 3450 981 ὁμοίως
3473 906 3728 979 πρότερον
3754 921 3807 957 τε
3837 905 3914 957 καὶ

2380 1017 2517 1082 μετὰ
2559 1011 2728 1065 ταῦτα
2778 1010 2906 1081 περὶ
2951 1008 3041 1060 τὸν
3089 1006 3198 1077 βίον
3233 1003 3327 1057 τοῦ
3364 993 3824 1072 βαπτισθέντοςῇ,
3876 1015 3914 1048 τι

2382 1104 2812 1178 μεταπεποίηται
2863 1101 2990 1154 ἰδεῖν
3033 1098 3132 1152 οὐκ
3183 1095 3262 1148 ἔνι
3295 1094 3430 1147 ’τὸν
3484 1091 3644 1149 αὐτὸν
3697 1091 3914 1161 βλέπων.

2377 1202 2545 1269 ὅνπερ
2578 1197 2671 1250 καὶ
2714 1194 2974 1266 πρότερον
2995 1233 3008 1256 ,
3039 1193 3068 1243 ὁ
3093 1186 3415 1260 ἠδικημένος
3436 1225 3450 1249 ,
3491 1186 3518 1238 ὁ
3550 1199 3914 1250 σεσυκοφαντη-

2384 1293 2573 1362 μένος,
2615 1291 2643 1343 ὁ
2671 1289 2778 1340 τῶν
2815 1286 2955 1340 ἰδίων
2998 1281 3301 1344 ἀπωσθεὶς,
3337 1278 3590 1347 οὐδεμίαν
3637 1274 3823 1344 ὁρῶσιν
3850 1276 3910 1340 ἐφ

2379 1385 2586 1438 ἑαυτῶν
2626 1383 2725 1451 τὴν
2756 1377 2848 1431 τοῦ
2894 1375 3184 1444 λεγομένου
3221 1371 3536 1443 μεταϐολήν.
3573 1367 3684 1421 Οὐκ
3710 1367 3914 1436 ἠκουσαη

2381 1478 2476 1530 καὶ
2504 1474 2655 1544 παρὰ
2678 1472 2864 1525 τούτου
2909 1470 3007 1540 τὴν
3039 1466 3305 1536 Ζακχαίου
3335 1463 3518 1532 φωνήν
3540 1501 3552 1520 ,
3592 1461 3670 1512 ὅτι
3693 1458 3761 1511 Εἴ
3783 1456 3914 1520 τινός

2379 1587 2434 1622 τι
2496 1562 3003 1633 ἐσυκοφάντησα,
3069 1555 3393 1624 ἀποδίδωμι
3451 1549 3912 1620 τετραπλασίων]

2388 1662 2455 1712 *Α
2506 1658 2610 1730 πρὸ
2643 1655 2735 1710 τοῦ
2773 1653 3141 1725 βαπτίσματος
3187 1649 3399 1716 ἔλεγον,
3429 1644 3498 1698 τὰ
3534 1643 3670 1697 αὐτὰ
3709 1641 3797 1694 καὶ
3845 1640 3914 1692 νῖν

2386 1751 2513 1823 περὶ
2543 1747 2637 1803 τοῦ
2671 1747 2832 1801 αὐτοῦ
2865 1742 3324 1816 διεξέρχονται,ὲκ
3345 1736 3451 1790 τῶν
3478 1734 3650 1790 αὐτῶν
3677 1732 3914 1802 δνομάτω

704 1851 828 1897 ante
862 1842 1220 1911 baptismum,
1259 1839 1449 1893 eadem
1489 1839 1654 1892 etiam
1685 1836 1753 1890 dc
1787 1849 1853 1889 eo
1890 1848 2037 1887 nunc
2065 1831 2275 1893 dicunt,

2382 1841 2831 1912 κατονομὰζουσι,
2856 1835 3201 1903 πλεονέκτην,
3236 1829 3342 1883 τῶν
3365 1826 3654 1898 ἀλλοτρίων
3682 1823 3907 1893 ὲπιθυμη

703 1943 756 1987 et
817 1934 1006 1988 iisdem
1067 1933 1232 1985 etiam
1290 1931 1606 1984 nominibus
1663 1929 1978 1997 appellant,
2031 1938 2275 1988 avarum,

705 2027 1005 2081 alienorum
1042 2025 1308 2079 bonorum
1347 2029 1713 2094 appetentem,
1753 2037 1818 2075 ex
1871 2021 2150 2073 hominum
2183 2032 2278 2071 ca-

705 2116 1042 2171 lamitatibus
1079 2114 1309 2170 delicias
1363 2114 1465 2168 sibi
1502 2123 1805 2183 parantem.
1841 2110 1943 2176 Qui
1988 2125 2120 2178 ergo
2158 2123 2282 2163 ver-

707 2218 861 2263 satur
897 2209 949 2262 in
984 2208 1200 2271 iisdem,
1249 2214 1305 2260 et
1355 2205 1554 2260 deinde
1586 2205 1756 2274 jactat
1792 2204 1846 2256 in
1879 2203 2077 2268 vulgus
2125 2214 2280 2256 suam

707 2316 805 2371 per
839 2300 1177 2368 baptismum
1211 2299 1265 2351 in
1289 2297 1488 2351 melius
1511 2297 1888 2359 mutationem,
1919 2293 2104 2347 audiat
2128 2293 2282 2346 Pauli

706 2406 893 2447 vocem
923 2409 936 2445 :
972 2391 1033 2445 Si
1059 2391 1175 2459 quis
1201 2389 1404 2444 videtur
1435 2387 1537 2442 sibi
1587 2403 1699 2442 esse
1727 2385 1953 2456 aliquid,
2001 2402 2117 2439 cum
2152 2385 2286 2438 nillil

709 2481 800 2545 sit,
830 2481 1054 2548 seipsum
1084 2480 1275 2548 decipit
1301 2480 1366 2532 ".
1395 2477 1512 2532 Non
1541 2491 1600 2532 es
1629 2477 1773 2531 enim
1801 2475 1945 2548 quod
1969 2491 2078 2530 non
2107 2475 2285 2530 lactus

707 2586 789 2626 es.
869 2570 1176 2639 Quicunque
1233 2585 1350 2623 eum
1412 2577 1759 2637 acceperunt,
1825 2567 1892 2622 de
1951 2566 2285 2636 regeneratis

709 2664 844 2717 dicit
875 2662 1248 2732 Evangelium,
1294 2662 1439 2715 dedit
1481 2661 1555 2716 eis
1598 2669 1913 2730 petestatem
1961 2669 2016 2714 ut
2053 2659 2154 2728 ﬁlii
2194 2658 2286 2712 Dei

709 2755 982 2825 ﬁerent".
1031 2755 1133 2821 Qui
1179 2764 1359 2808 autem
1411 2753 1591 2809 factus
1628 2763 1711 2810 est
1760 2753 1994 2824 alicujus
2045 2754 2206 2818 lilius,
2242 2753 2288 2808 is

710 2856 796 2901 est
829 2847 1056 2903 omnino
1102 2845 1350 2915 ejusdem
1389 2847 1606 2916 generis
1640 2846 1801 2916 cujus
1844 2847 1891 2901 is
1937 2846 2030 2916 qui
2080 2846 2286 2914 genuit.

715 2939 773 2994 Si
814 2955 946 3008 ergo
993 2937 1161 2992 Deum
1213 2938 1496 3006 accepisti,
1542 2949 1597 2992 et
1648 2938 1822 2991 factus
1878 2953 1938 2992 es
1986 2936 2079 2989 Dei
2124 2936 2288 3003 titius,

712 3029 1133 3087 ostende.etiam
1187 3027 1262 3080 tui
1318 3027 1483 3080 animi
1521 3027 1691 3081 libero
1740 3028 2026 3098 proposito
2071 3043 2135 3082 ac
2174 3029 2288 3083 ele-

719 3119 909 3172 ctione
937 3117 1102 3170 Deum
1132 3117 1237 3186 qui.
1267 3117 1321 3172 in
1376 3126 1428 3172 te
1463 3125 1567 3172 est.
1601 3119 1838 3174 Ostende
1888 3119 1940 3172 in
1970 3126 2022 3173 te
2045 3134 2168 3173 eum
2196 3120 2290 3188 qui

2382 1938 2505 2007 τὴν,
2541 1934 2648 1989 ἀπὸ
2685 1928 2975 2001 συμφορῶν
3020 1921 3368 1996 ἀνθρωπίνων
3397 1917 3697 1990 τρυφῶντα.
3743 1916 3801 1967 '0
3833 1916 3909 1966 τοί

2383 2045 2479 2084 νυν
2511 2029 2568 2080 ὲν
2595 2027 2706 2087 τοῖς
2745 2023 2924 2084 αὐτοῖς
2955 2017 3048 2082 ὢν,
3081 2017 3269 2071 ἔπειτα
3298 2008 3629 2083 ὲπιθρυλλῶν
3662 2007 3828 2076 ἐαυτῷ
3857 2007 3914 2059 δι.

2383 2119 2476 2174 τοῦ
2520 2118 2891 2189 βαπτίσματος
2930 2110 3028 2181 τὴν
3077 2107 3212 2178 πρὸς
3243 2105 3304 2158 τὸ
3334 2106 3579 2176 κρεῖττον
3620 2099 3906 2171 μεταϐολὴν

2385 2209 2670 2265 ἀκουσάτω
2697 2205 2793 2276 τῆς
2821 2202 3032 2257 Παύλου
3057 2198 3270 2268 φωνῆς’
3303 2197 3383 2249 ὃτι
3403 2194 3476 2246 El
3501 2211 3592 2258 τις
3617 2190 3779 2245 δοκεῖ
3798 2186 3914 2242 dra

2380 2302 2574 2374 μηδὲν
2627 2300 2729 2363 ῶν,
2777 2291 3122 2367 φρεναπατᾷ
3170 2289 3406 2346 ἑαυτόν.
3462 2289 3528 2340 Ὃ
3582 2285 3688 2356 γὰρ
3740 2285 3810 2354 μὴ
3859 2281 3914 2350 γέ

2385 2414 2547 2465 γονας
2577 2393 2676 2448 οὐκ
2704 2387 2772 2446 εἴ.
2803 2390 2976 2442 Ὅσοι
3008 2386 3229 2440 ἔλαϐον
3269 2383 3474 2439 αὑτὸν.
3511 2379 3643 2449 φησὶ
3681 2375 3803 2447 περὶ
3843 2374 3914 2426 τῶ

2386 2483 2855 2556 ἁναγεννηθὲντων
2929 2480 2991 2533 τὸ
3049 2475 3412 2545 Εὑαγγέλιον,
3473 2470 3698 2524 ἔδωκεν
3753 2466 3914 2521 αὑτοῖ

2387 2577 2681 2644 ἐξουσίαν
2704 2575 2884 2628 τέκνα
2914 2569 3061 2624 Θεοῦ
3090 2567 3383 2639 γενέσθαι.
3409 2565 3482 2618 Τὸ
3510 2563 3565 2616 δὲ
3590 2563 3776 2615 τέκνον
3803 2559 3914 2628 γενέ

2393 2670 2549 2741 μενόν
2580 2684 2751 2730 τινος,
2800 2663 3055 2736 ὁμογενὲς
3081 2657 3298 2721 πάντως
3333 2655 3450 2710 ἐστὶ
3493 2653 3571 2725 τῷ
3615 2654 3910 2721 γεννήσαντ

2390 2740 2453 2815 Εἰ
2505 2756 2598 2814 οὖν
2650 2757 2840 2820 ἔλαϐες
2883 2755 2972 2808 τὸν
3025 2752 3177 2816 Θεὸν,
3214 2750 3304 2802 καὶ
3355 2748 3544 2801 τέκνον
3577 2745 3761 2815 ἐγένου
3800 2740 3914 2794 Θεοί

2389 2853 2559 2920 δεῖξον
2591 2850 2677 2905 διὰ
2703 2851 2800 2921 τῆς
2828 2846 3196 2920 προαιρέσεως
3213 2843 3306 2896 καὶ
3331 2841 3426 2893 τὸν
3454 2841 3511 2892 ἐν
3543 2838 3624 2890 σοὶ
3649 2837 3781 2889 υδντα
3806 2835 3913 2885 Θεό

2393 2945 2574 3011 Δεῖξον
2617 2946 2674 2996 ὲν
2722 2940 2933 3011 σεαυτῷ
2975 2937 3067 2990 τὸν
3100 2937 3451 3005 γεννήσαντα.
3486 2931 3573 2997 Ἐξ
3604 2923 3676 2982 ὧν
3710 2928 3798 2980 τὸν
3831 2925 3914 2977 Θεί

2393 3035 2730 3106 γνωρίζομεν
2753 3077 2764 3092 ,
2799 3031 2865 3086 δι’
2901 3029 3122 3082 ἐκείνων
3146 3027 3413 3097 προσήκει
3437 3022 3708 3094 δειχθῆναι
3743 3018 3835 3071 τοῦ
3877 3035 3909 3084 γ

2397 3129 2620 3199 νομένου
2659 3123 2778 3181 υἱοῦ
2828 3123 2960 3177 Θεοῦ
3004 3121 3101 3191 τὴν
3149 3119 3285 3190 πρὸς
3316 3118 3407 3170 τὸν
3460 3115 3592 3168 Θεὸν
3638 3112 3913 3178 οἰκειότης

717 3210 926 3280 genuit.
981 3208 1086 3263 Per
1143 3210 1234 3263 illa
1292 3224 1357 3263 ex
1396 3209 1598 3279 quibus
1655 3209 1825 3264 Deum
1882 3210 2288 3280 cognoscimus,

2410 3219 2673 3284 Ἐκεῖνος
2688 3217 2906 3284 ἀνοίγει
2926 3213 3040 3280 τὴν
3063 3210 3249 3280 χεῖρα,
3279 3208 3373 3262 καὶ
3401 3202 3667 3276 ἐμπιπλεῖ
3686 3201 3808 3257 πᾶν
3825 3201 3914 3261 (clx

718 3309 936 3370 oportet
975 3301 1190 3355 ostendi
1225 3316 1348 3355 cum
1394 3301 1505 3357 Deo
1541 3302 1988 3372 conjunctionem
2021 3312 2072 3356 et
2105 3318 2294 3357 neces-

718 3393 1016 3448 situdinem
1045 3394 1166 3462 ejus
1212 3395 1306 3463 qui
1340 3393 1518 3448 l‘aetus
1551 3403 1634 3449 est
1675 3393 1817 3449 filius
1849 3395 1960 3450 Dei.
1996 3393 2098 3450 Ille
2125 3396 2292 3462 aperit

717 3502 953 3551 manum,
987 3496 1036 3538 et
1065 3488 1248 3555 implet
1307 3504 1456 3540 omne
1485 3489 1690 3541 animal
1721 3488 1856 3540 bona
1917 3488 2184 3540 uoluntate
2206 3487 2252 3518 ’θ
2279 3503 2294 3538 °.

717 3579 959 3632 transilit
1003 3579 1357 3647 iniquitates.
1405 3580 1473 3633 de
1521 3579 1666 3634 malo
1724 3581 1833 3648 agit
1889 3580 2290 3650 paenitentiam.

721 3667 910 3721 Suavis
971 3667 1231 3722 Dominus
1288 3670 1584 3734 universis,
1634 3687 1740 3723 non
1793 3669 1954 3739 infert
2023 3671 2158 3723 iram
2203 3684 2297 3735 per

721 3757 954 3825 singulos
988 3757 1098 3809 dies
1126 3757 1173 3791 ²⁵
1207 3774 1225 3811 ;
1283 3768 1454 3812 rectus
1504 3759 1758 3812 Dominus
1791 3759 1966 3826 Deus,
1993 3770 2042 3812 et
2073 3775 2176 3815 non
2219 3767 2296 3813 est

721 3850 776 3903 in
805 3866 866 3905 eo
906 3851 1161 3920 iniquitas
1197 3853 1265 3914 ’⁸,
1298 3861 1352 3906 et
1392 3868 1735 3922 quaecunque
1786 3854 2098 3922 hujusmodi
2137 3869 2295 3924 spar-

722 3942 827 3995 sim
852 3943 1114 3997 docemur
1135 3960 1163 3997 a
1183 3958 1339 3998 sacra
1361 3944 1668 4014 Scriptura.
1699 3944 1755 3998 Si
1783 3945 1835 4000 in
1859 3946 1943 4000 his
1966 3947 2294 4009 versaberis,

724 4037 904 4092 factus
944 4054 1004 4093 cs
1053 4054 1181 4093 vere
1218 4039 1361 4094 ﬂlius
1424 4039 1539 4093 Dei.
1577 4037 1635 4092 Si
1688 4047 1870 4093 autem
1920 4055 2210 4110 permancs
2243 4042 2297 4094 in

723 4132 895 4199 signis
941 4132 1196 4201 notisque
1231 4132 1368 4194 vitii,
1401 4139 1606 4186 temere
1652 4139 1703 4185 te
1748 4132 1815 4186 de
1853 4148 2088 4203 superna
2119 4134 2298 4203 jactas

726 4221 1095 4289 generatione.
1133 4221 1254 4276 Tibi
1301 4222 1446 4276 «licet
1480 4223 1762 4293 prophetia
1795 4243 1809 4278 :
1847 4222 1918 4276 Es
1948 4224 2093 4294 ﬁlius
2128 4224 2299 4278 homi-

726 4311 833 4374 nis,
869 4325 970 4363 non
999 4311 1146 4378 ﬁlius
1189 4313 1473 4365 Altissimi.
1526 4312 1718 4383 Diligis
1753 4315 2068 4378 vanitatem,
2103 4316 2298 4387 quau-is

727 4402 1058 4454 mendacium
1101 4405 1166 4454 ⁸⁷.
1219 4401 1412 4456 Nescis
1469 4407 1612 4471 quod
1667 4407 1831 4460 homo
1882 4421 1989 4460 non
2053 4407 2212 4460 aliter
2241 4405 2297 4464 fit

727 4491 820 4546 Dei
857 4493 1020 4555 filius,
1051 4509 1210 4563 quam
1243 4495 1287 4548 si
1327 4493 1421 4546 fiat
1454 4504 1679 4550 sanctus
1705 4498 1730 4549 ?

799 4583 1032 4638 Necesse
1060 4593 1239 4640 autem
1288 4585 1446 4640 fuerit
1498 4588 1661 4641 etiam
1705 4588 1789 4642 his
1829 4589 2031 4644 addere
2071 4591 2120 4643 id
2153 4591 2298 4660 quod

727 4685 921 4741 restat,
959 4693 1152 4746 nempe
1180 4676 1324 4746 quod
1381 4678 1520 4730 bona
1558 4693 1681 4748 qua:
1734 4682 1788 4732 in
1840 4682 2302 4748 promissionibus

730 4777 862 4821 sunt
909 4770 1192 4838 proposita
1246 4770 1316 4823 iis
1349 4769 1438 4838 qui
1494 4777 1644 4824 recte
1673 4769 1925 4824 vixerunt
1953 4813 1968 4837 ,
2030 4788 2136 4826 non
2175 4781 2305 4829 sunt

728 4859 1023 4927 ejusmodi,
1075 4870 1129 4913 ut
1183 4861 1365 4915 verbis
1423 4862 1638 4930 possint
1695 4862 1955 4917 describi.
2013 4863 2304 4929 Quomodo

729 4952 899 5013 enim,
929 4966 1055 5020 qua!
1092 4967 1269 5021 neque
1300 4953 1494 5007 oculus
1542 4954 1700 5017 vidit,
1736 4969 1837 5009 nec
1878 4956 2026 5010 auris
2073 4958 2304 5019 audivit,

733 5058 913 5113 neque
939 5044 994 5096 in
1013 5058 1114 5097 eor
1135 5045 1374 5099 hominis
1393 5045 1764 5101 ascenderunt
1789 5048 1834 5080 ⁸⁸
1854 5045 1878 5100 ?
1899 5046 2084 5119 Neque
2113 5051 2312 5104 misera

731 5148 788 5191 et
835 5141 1025 5194 dolore
1067 5140 1222 5209 plena
1277 5141 1391 5193 vita
1450 5154 1640 5195 eorum
1681 5143 1772 5212 qui
1814 5157 2180 5212 peccaverunt
2235 5155 2319 5200 est

735 5231 933 5286 similis
967 5233 1063 5286 ulli
1109 5247 1170 5286 ex
1226 5233 1294 5288 iis
1323 5247 1445 5303 qua:
1495 5249 1719 5289 sensum
1755 5233 1846 5288 hic
1899 5235 2166 5290 cruciant.
2209 5235 2315 5291 Sed

739 5323 844 5376 etsi
879 5324 1102 5394 aliquod
1151 5341 1213 5380 ex
1251 5326 1319 5380 iis
1348 5341 1470 5396 quae
1500 5325 1610 5381 illic
1633 5335 1762 5382 sunt
1790 5328 2100 5392 tormentis,
2136 5329 2317 5383 nomi-

739 5421 926 5466 natum
966 5415 1129 5470 fuerit
1162 5417 1479 5472 nominibus
1506 5433 1626 5487 quae
1649 5418 1737 5472 hic
1763 5427 1893 5473 sunt
1921 5419 2161 5490 cognita,
2198 5435 2304 5474 non

737 5511 824 5556 est
888 5509 1071 5560 tamen
1123 5522 1348 5578 parvum
1399 5507 1722 5564 discrimen.
1779 5508 1913 5563 Nam
1972 5524 2093 5564 cum
2131 5511 2308 5580 ignem

814 5703 854 5732 "
890 5703 1155 5769 Luc.x1x,
1177 5708 1229 5761 8.

743 5771 785 5801 ν
814 5711 866 5801 '1;
891 5711 1019 5801 Line.
1041 5722 1155 5794 XIX",
1177 5711 1229 5761 8.
1278 5711 1558 5801 .:"Galat.
1593 5728 1666 5776 νι,
1687 5713 1741 5767 '5.

773 5775 785 5804 ⁷
825 5775 969 5831 Psal.
1008 5793 1079 5840 Iv,
1119 5779 1170 5830 5.

1278 5781 1323 5811 ’⁸
1365 5782 1466 5835 lsa.
1490 5797 1635 5849 thv,
1670 5783 1741 5848 4;
1791 5781 1807 5834 Ι
1839 5783 1963 5837 Cor.
2000 5798 2059 5848 Il,
2094 5786 2145 5837 ‘J.

1819 5711 1866 5742 ’³
1905 5709 2062 5767 Joan.
2096 5728 2134 5774 ι,
2163 5712 2248 5766 l9.
2315 5713 2358 5744 ’⁵
2395 5711 2535 5769 Ρειιι.
2567 5729 2744 5781 cxuv,
2790 5716 2873 5770 l6.

2398 3312 2697 3376 εὐδοκίας,
2725 3307 3039 3379 ὑπερϐαίνει
3074 3304 3320 3373 ἀνομίας,
3345 3299 3594 3370 μετανοεῖ
3617 3296 3711 3349 ἐπὶ
3749 3291 3914 3345 κακία

2400 3402 2671 3473 Χρηστός
2702 3403 2913 3467 Κύμας
2941 3397 3063 3462 τοῖς
3095 3397 3388 3462 σύμπασι,
3413 3389 3493 3460 μὴ
3519 3389 3708 3459 (prin.
3739 3380 3913 3450 ἑπάγε

2400 3498 2529 3550 καθ’
2547 3494 2814 3560 ἑκάστην
2824 3490 3069 3559 ἡμέραν·
3093 3485 3271 3552 εὐθὺς
3291 3486 3498 3551 Κύριος
3517 3485 3548 3535 ὁ
3573 3481 3735 3544 Θειίς,
3757 3477 3849 3529 καὶ
3871 3493 3914 3527 c2:

2401 3589 2572 3642 ἔστιν
2595 3586 2795 3640 ἀδικία
2818 3583 2886 3635 ἐν
2919 3578 3111 3644 αὐτῷ,
3162 3577 3256 3630 καὶ
3289 3577 3386 3629 ὅσα
3435 3573 3657 3627 τοιαῦτα
3704 3567 3913 3639 σπορέιδ

2404 3682 2553 3752 παρὰ
2584 3682 2681 3751 τῆς
2724 3678 2946 3750 Γραφῆς
2979 3671 3359 3744 διδασκόμεθα.
3406 3670 3529 3722 Ἐὰν
3565 3671 3622 3720 ὲν
3653 3667 3865 3727 τούτοις
3895 3660 3914 3716 ἶ

2403 3770 2617 3842 ἀληθῶς
2663 3770 2849 3839 ἐγένου
2915 3767 3103 3819 τέκνον
3133 3764 3288 3817 Θεοῦ.
3326 3763 3385 3813 ΕΞ
3426 3760 3480 3812 δὲ
3513 3762 3623 3820 τοῖς
3655 3758 3756 3827 τῆς
3787 3755 3914 3808 κακέ

2404 3864 2681 3934 ὲπιμένεις
2727 3860 3104 3932 γνωρίσμασι,
3161 3858 3332 3926 μάτην
3373 3851 3714 3922 ὲπιθρυλλεῖς
3770 3866 3907 3900 σεαυ

2403 3956 2501 4026 τὴν
2548 3953 2752 4008 ἄνωθεν
2793 3952 3065 4021 γέννησιν.
3116 3949 3259 4016 Ἐρεῖ
3304 3944 3435 4017 πρὸς
3472 3943 3530 3994 σε
3561 3943 3595 4012 ἡ
3638 3938 3914 4011 προφγιτεί

2405 4050 2484 4102 ὅτι
2501 4048 2626 4112 Υἱὸς
2642 4044 2952 4114 ἀνθρώπου
2969 4040 3187 4110 εῖ,οὑχὶ
3213 4039 3342 4104 υίὸς
3371 4035 3689 4104 ’Υψίστοικ
3722 4033 3914 4098 Ἀγαπ

2401 4141 2797 4210 ματαιότητα,
2854 4136 3040 4204 ζῆτεῖς
3093 4133 3338 4205 ψεῦδος.
3379 4130 3492 4183 Οὐκ
3541 4128 3712 4196 ἔγνως
3761 4126 3845 4177 ὅτι
3903 4125 3914 4174 c'

2408 4235 2621 4306 θρωπος
2661 4232 2760 4286 οὐκ
2801 4229 2975 4293 ἄλλως
3018 4227 3132 4290 υἱὸς
3172 4223 3306 4280 Θεοῦ
3359 4223 3593 4294 γίνεται,
3641 4220 3689 4271 εἰ
3728 4217 3807 4287 μὴ
3848 4217 3914 4267 ὅσ

2408 4325 2664 4396 γένηται;

2491 4597 2809 4663 Ἀναγκαῖον
2838 4592 2902 4645 ἂν
2944 4591 3028 4660 εἴη
3067 4589 3272 4651 τούτοις
3307 4587 3615 4657 προσθεῖναι
3656 4585 3757 4636 καὶ
3788 4583 3851 4635 τὺ
3890 4583 3913 4634 λ

2411 4687 2670 4758 πόμενον,
2714 4685 2793 4737 ὅτι
2827 4683 2948 4736 οὒτε
2983 4681 3049 4734 τὰ
3085 4679 3265 4748 ἀγαθὰ
3291 4676 3359 4729 τὰ
3387 4678 3443 4729 ἐν
3489 4672 3855 4742 ἐπαγγελίαις
3895 4689 3914 4724 τ

2411 4776 2468 4836 εὖ
2503 4779 2787 4850 βεϐιωκόσι
2822 4775 3155 4847 προκείμενα
3184 4770 3406 4826 τοιαῦτά
3434 4773 3597 4828 ἐστιν,
3626 4767 3708 4829 ὡς
3741 4767 3826 4828 εἰς
3868 4767 3914 4817 ὑλ

2409 4871 2626 4945 γραφὴν
2654 4871 2808 4939 λόγου
2839 4869 3030 4922 ἐλθεῖν.
3053 4865 3176 4929 Πῶς
3203 4865 3326 4935 γὰρ,
3348 4862 3382 4917 ἃ
3399 4861 3522 4915 οὔτε
3544 4857 3832 4929 ὀφθαλμὸς
3843 4851 3914 4907 εἷξ

2412 4963 2534 5016 οὔτε
2559 4959 2648 5027 οὖς
2678 4964 2927 5034 ἤκουσεν,
2953 4958 3075 5012 οὔτε
3099 4959 3190 5011 ἐπὶ
3218 4956 3442 5026 καρδίαν
3467 4952 3760 5023 ανορώπου
3795 4947 3914 5000 ἀνέι

2412 5054 2549 5108 Οὖτε
2582 5055 2686 5126 μὴν
2710 5051 2979 5124 ἡὰλγεινὴ
3005 5051 3110 5104 τῶν
3141 5045 3679 5117 πεπλημμεληκότων
3716 5039 3839 5108 ζωὴ
3875 5055 3914 5088 π

2410 5163 2462 5200 τι
2493 5145 2599 5198 τῶν
2636 5146 2760 5216 τῇδε
2792 5142 3102 5196 λυπούντων
3131 5141 3230 5210 τὴν
3269 5137 3518 5208 αἴσθησιν
3545 5131 3838 5205 ὀμοτίμως
3877 5129 3914 5196 ἒς

2425 5236 2584 5291 Ἀλλὰ
2612 5237 2712 5290 κᾶν
2748 5233 3091 5306 ἐπονομασθῇ
3119 5250 3171 5285 τι
3203 5231 3308 5284 τῶν
3340 5231 3455 5282 ἐκεῖ
3478 5222 3872 5293 κολαστηρίων
3907 5238 3914 5251 ·

2411 5322 2512 5380 ὦδε
2535 5327 2951 5398 γνωριζομένοις
2972 5326 3246 5396 ὀνόμασιν,
3268 5323 3369 5375 οὐκ
3392 5323 3448 5374 ὲν
3467 5319 3635 5388 ὀλίγῳ
3655 5315 3762 5385 τὴν
3798 5330 3914 5383 παρ

2415 5419 2586 5488 λαῒὴν
2633 5419 2765 5489 ἔχει.
2817 5419 2929 5490 Πῦρ
2975 5417 3084 5489 γὰρ
3129 5413 3372 5477 ἀκούων,
3418 5409 3545 5465 ἄλλο
3576 5425 3628 5460 τι
3659 5403 3827 5475 παρᾶ
3856 5421 3914 5454 τε

2419 5513 2558 5565 νοεῖν
2587 5511 2887 5583 ἐδιδάχθης,
2913 5513 2978 5564 ἐκ
3008 5509 3101 5563 τοῦ
3127 5504 3445 5579 προκεῖσθαί
3474 5499 3622 5571 τιτῷ
3650 5513 3730 5552 πυ
3743 5496 3801 5568 pi.
3824 5496 3914 5548 ὲκε

2947 5717 2989 5746 ’⁵
3023 5714 3169 5769 Psal.
3204 5729 3302 5776 vn,
3333 5712 3418 5765 1'2.
3498 5708 3543 5740 “
3574 5703 3724 5761 Psal.
3764 5716 3914 5767 xcn,
