4072 6212
295 383 378 439 105
1465 373 1721 432 ORATIO
1743 374 1793 430 C.

1893 374 2241 432 ECHETICA.
2305 379 2314 384 ’
2361 431 2378 438 -

3370 364 3466 436 ιοσ

288 496 312 549 δ
340 495 386 552 ἐν
408 488 553 557 τούτῳ
589 487 688 541 οὐκ
716 487 849 542 ἐστι.
885 488 957 541 Τὸ
985 488 1083 559 μὲν
1117 489 1224 562 γὰρ
1247 490 1307 545 οὐ
1337 489 1646 548 σὸἐννυται·
1679 495 1793 546 τού·

1904 491 2081 555 audis,
2107 491 2346 548 didicisti
2373 492 2606 563 aliquem
2629 494 2822 552 abillo
2841 497 3114 552 diversum
3141 495 3465 567 intelligere.

284 599 356 637 tau
395 581 442 634 δὲ
476 578 640 632 πολλὰ.
687 578 837 650 παρά
881 579 980 649 τῆς
1013 580 1207 652 πείρας
1253 581 1538 654 ἐξεύρηται
1569 583 1636 637 τὸ.
1676 583 1797 636 σὸεο

279 675 461 744 ατήριαο
491 670 658 740 πολλὴ
685 670 742 724 δὲ
769 670 863 724 τοῦ
887 671 1244 742 σϐεννυμένου
1277 675 1412 746 πρὸς
1441 677 1504 730 τὸ
1530 675 1606 748 μὴ
1632 693 1803 747 παρα-

273 765 510 833 δεχόμενον
534 762 718 815 σϐέσιν
740 762 774 832 ἠ
795 761 1046 832 διαφορά.
1078 764 1284 818 Οὐκοῦν
1313 765 1437 819 ἄλλο
1461 784 1534 830 τι,
1568 767 1661 821 καὶ
1681 768 1801 836 οὐχὶ

270 853 394 906 τοῦτό
427 854 552 904 ἐστι.
584 851 750 906 Πάλιν
791 851 1046 924 σκώληκά
1081 871 1164 918 τις
1191 855 1447 920 ἀκούσας,
1484 858 1558 928 μὴ
1588 858 1676 912 διὰ
1701 858 1799 928 τῆς

268 943 535 1014 ὁμωνυμίας
588 942 726 1011 πρὸς
766 943 828 995 τὸ
867 943 1105 1012 ἐπίγειον
1165 945 1322 999 τοῦτο
1369 947 1552 1017 θηρίον
1595 947 1798 1017 ἀποφε-

266 1035 410 1106 ρέσθω
428 1037 486 1104 τῇ
514 1033 744 1103 διανοίᾳ.
775 1033 837 1085 Ἦ
871 1033 977 1105 γὰρ
1004 1035 1297 1107 προσθήκη·
1322 1035 1415 1089 τοῦ
1445 1036 1798 1108 ἀτελεύτητον

263 1123 402 1192 εἶναι,
443 1125 607 1195 ἄλλην
655 1125 779 1180 τινὰ
824 1125 984 1194 φύσιν
1033 1126 1184 1200 παρὰ
1235 1129 1335 1202 τὴν
1390 1131 1797 1201 γινωσκομένην

260 1222 376 1271 νοεῖν
415 1217 741 1270 ὑποτίθεται.
785 1217 936 1270 Ἐπεὶ
975 1213 1065 1272 οῦν
1096 1219 1268 1293 ταῦτα
1299 1221 1587 1292 πρόκειται
1613 1224 1676 1293 τῇ
1708 1222 1797 1276 ἐλ-

259 1310 351 1362 πίδι
375 1309 455 1362 τοῦ
492 1309 636 1379 μετὰ
677 1308 849 1362 ταῦτα
884 1307 1027 1378 βίου,
1059 1292 1403 1382 καταλλήλως
1436 1314 1498 1366 ὲκ
1529 1313 1629 1383 τῆς
1665 1292 1796 1369 ἑκά-

258 1419 358 1455 στου
386 1400 769 1471 προαιρέσεως,
799 1400 938 1454 κατὰ
976 1400 1072 1472 τὴν
1094 1401 1308 1455 δικαίαν
1331 1402 1425 1455 τοῦ
1456 1403 1589 1456 Θεοῦ
1617 1403 1796 1476 κρίσιν

257 1492 569 1562 ἀναφυόμενα
602 1490 681 1560 τῷ
713 1489 814 1560 βίῳ
835 1532 850 1557 ,
883 1492 1298 1561 σωφρονούντων
1326 1492 1394 1547 ἂν
1420 1495 1524 1566 εἴη,
1560 1493 1634 1566 μὴ
1662 1495 1795 1566 πρὸς

256 1582 304 1636 τὺ
331 1583 497 1653 παρὸν,
521 1581 665 1634 ἀλλὰ
697 1581 832 1651 πρὸς
854 1581 915 1634 τὸ
943 1582 1078 1653 μετὰ
1111 1582 1269 1636 τοῦτο
1298 1582 1537 1654 βλέπειν,
1572 1587 1664 1638 καὶ
1697 1587 1795 1658 τῆς

255 1675 498 1743 ἀορίστου
531 1673 937 1744 μακαριότητος
963 1675 1020 1725 ὲν
1043 1676 1110 1745 τῇ
1135 1674 1290 1746 ὀλίγῃ
1316 1675 1486 1748 ταύτῃ
1507 1677 1600 1730 καὶ
1631 1694 1796 1748 προσ-

254 1765 399 1837 καίρῳ
440 1766 551 1836 ζωῇ
595 1765 695 1828 τὰς
731 1765 985 1838 ἀφορμὰς
1025 1767 1487 1832 καταϐάλλεσθαι,
1549 1769 1642 1822 καὶ
1693 1773 1793 1842 τῆς

249 1857 336 1909 τῶν
375 1857 555 1910 κακῶν
609 1857 804 1928 πείρας
845 1857 912 1909 δι’
971 1857 1181 1928 ἀγαθῆς
1222 1860 1592 1930 προαιρέσεως
1637 1860 1792 1914 ἀλλο·
1827 1846 1863 1900 Β

247 1945 490 2016 τριοῦσθαι
515 1963 533 1977 ο
587 1945 682 2000 νῦν
730 1947 828 2014 μὲν
861 1947 1002 2000 κατὰ
1037 1947 1127 2000 τὸν
1178 1947 1310 2018 βίον,
1344 1948 1480 2018 μετὰ
1517 1947 1694 2002 ταῦτα
1736 1949 1791 2002 δὲ

245 2040 364 2090 κατὰ
411 2037 504 2107 τὴν
568 2036 789 2091 αἰωνίαν
845 2037 1110 2093 ἀντίδοσιν
1164 2041 1194 2093 ὁ
1249 2038 1482 2110 Χριστὸς
1541 2038 1790 2114 βούλεται

235 2130 468 2200 θεωρεῖν,
503 2128 602 2182 δύο
637 2129 822 2200 φύσεις
846 2129 1116 2193 οὑσιωδῶς
1138 2131 1421 2201 ἡνωμένας
1455 2129 1790 2201 ὁμολογοῦσα

240 2223 331 2274 κάκ
359 2222 545 2275 τούτου
585 2222 907 2293 παριστῶσα
930 2221 990 2274 τὸ
1021 2221 1303 2292 μεγαλεῖον
1329 2222 1422 2278 τοῦ
1456 2222 1667 2288 ἐλέους,
1697 2223 1790 2276 ml.

241 2311 332 2364 τῶν
353 2314 648 2384 οἰκτιρμῶν
681 2311 772 2366 τοῦ
799 2312 931 2367 Θεοῦ
966 2314 1096 2392 3:591
1136 2314 1316 2383 ἡμᾶς,
1349 2313 1790 2385 καταδεξαμένου

237 2402 311 2455 διὰ
337 2405 426 2474 τὴν
462 2405 607 2476 πρὸς
641 2406 790 2474 ἡμᾶς
829 2405 1092 2476 στοργὴν,
1137 2403 1373 2458 συνεῖναί
1418 2421 1478 2457 τε
1529 2405 1624 2459 καὶ
1669 2422 1792 2459 συν-

238 2494 560 2566 αριθμεῖσθαι
613 2489 692 2566 τῇ
745 2496 937 2550 ἑαυτοῦ
991 2496 1150 2565 φύσει
1200 2497 1298 2568 τὴν
1354 2496 1647 2568 ἡμετέραν.
1688 2495 1792 2552 Καὶ

236 2588 371 2658 χάρις
409 2589 485 2659 τῷ
530 2587 660 2658 Θεῷ
707 2588 799 2640 ἐπὶ
840 2591 903 2659 τῇ
961 2589 1333 2660 ἀνεκδιηγήτῳ
1380 2587 1544 2642 αὑτοῦ
1591 2589 1789 2661 δωρεᾷ.

237 2681 330 2732 Καὶ
370 2681 536 2736 ταῦτα
579 2681 680 2752 μὲν
714 2682 794 2745 είς
820 2681 1089 2734 τοσοῦτον.
1146 2679 1362 2752 Ἐπειδὴ
1395 2679 1451 2733 δὲ
1483 2681 1512 2734 ὁ
1553 2681 1792 2753 Σευῆρος

232 2769 388 2838 ψιλαῖς
426 2770 830 2842 προκαθέζεται
875 2777 1102 2840 φωναῖς,
1154 2772 1211 2824 ἐν
1263 2771 1467 2843 ῥήμασί
1511 2788 1571 2825 τε
1613 2773 1792 2843 μόνοις

232 2863 312 2914 καὶ
345 2864 492 2933 ἥκοις
528 2864 638 2935 τὴν
684 2862 963 2916 εὐσέϐειαν
1008 2863 1348 2930 ὑποτίθεται,
1381 2864 1558 2920 καίτοι
1601 2881 1667 2936 γε
1696 2865 1790 2930 τοῦ

243 2953 542 3008 ’ἀποστόλου
570 2954 820 3023 λὲγοντος
837 2971 852 2988 ο
886 2956 967 3008 Οὐ
996 2953 1106 3024 γὰρ
1134 2955 1204 3008 ἐν
1230 2956 1389 3025 λόγῳ
1432 2957 1470 3025 ἡ
1498 2958 1792 3026 ,ϐασιλεία

227 3045 318 3098 τοῦ
343 3047 486 3100 Θεοῦ
506 3087 523 3111 ,
561 3045 703 3100 ἀλλ’
742 3045 812 3098 ἐν
835 3043 1082 3115 δυνάμει
1113 3045 1210 3099 καί
1238 3046 1515 3116 ἀληθείᾳ·
1553 3042 1706 3112 οὗτος
1732 3048 1790 3104 δὲ

231 3138 341 3209 ςαρ’
381 3138 528 3209 αὐτῷ
565 3138 790 3209 Σευήρῳ
820 3137 1110 3209 κράτιστος
1141 3137 1389 3208 θεολόγος
1431 3139 1785 3210 γνωρίζεται,

226 3230 274 3292 ις
304 3231 368 3283 ἂν
403 3231 504 3295 τὰς
541 3229 881 3303 κατηγορίας
934 3229 1361 3300 Ἀριστοτέλους,
1403 3231 1497 3284 καὶ
1529 3231 1598 3285 τὰ
1629 3231 1790 3288 λοιπὰ

228 3320 320 3374 τῶν
372 3321 476 3386 ἔξω
522 3321 836 3392 φιλοσόφων
895 3319 1080 3390 κομψὰ
1131 3321 1440 3392 ἠσκημένος
1495 3321 1750 3392 τυγχάνοι
1774 3365 1788 3391 ,

224 3412 501 3481 ἀναγκαῖον
529 3415 686 3484 ἡμᾶς
706 3412 775 3466 τὰ
809 3413 1182 3484 σημαινόμενα
1201 3412 1435 3484 ἑκάστης
1459 3411 1655 3478 λέξεως
1680 3414 1788 3467 τῶν

224 3503 295 3562 εἰς
323 3503 391 3555 τε
427 3504 570 3574 πρὸς
608 3502 769 3556 αὑτὸν
791 3503 1027 3573 Σευῆρον
1056 3501 1325 3573 λεγόμενα
1353 3502 1628 3573 χρειωδῶς
1647 3502 1788 3574 λαμ·-

219 3592 545 3662 6ανομένων,
578 3596 670 3647 ἐπὶ
699 3593 893 3666 καιροῦ
927 3595 1220 3666 σαφηνίσαι
1249 3594 1388 3647 κατὰ
1414 3593 1504 3647 τὸν
1527 3594 1649 3648 νοῦν
1680 3594 1788 3648 τῶν

221 3685 682 3754 ὲκκλησιαστικῶν
728 3685 1094 3750 διδασκάλων,
1148 3683 1270 3738 καθ’
1323 3683 1382 3738 ὃν
1432 3684 1605 3739 ταῦτα
1655 3686 1790 3752 ἐξει-

214 3776 444 3846 λήφασιν
466 3796 483 3810 ο
538 3779 626 3832 ἴνα
675 3778 844 3850 ἔχοιεν
889 3780 936 3833 οἱ
987 3778 1403 3848 ἐντυγχάνοντες
1446 3781 1558 3842 τοῖς
1588 3778 1788 3846 ὑπογεο

215 3869 562 3940 γραμμὲδοις
600 3871 809 3939 λόγοις,
839 3871 905 3924 ὲκ
934 3869 1157 3943 πρώτης
1191 3870 1478 3938 ἐντεύξεως
1516 3871 1655 3923 νοεῐν
1683 3869 1789 3924 τῶν

212 3960 538 4032 λεγομένων
582 3962 828 4034 δύναμιν
875 3963 970 4018 καὶ
1022 3962 1096 4035 μὴ
1138 3961 1226 4017 διὰ
1275 3963 1376 4033 τὴν
1427 3959 1651 4029 ἄγνοιαν
1693 3961 1788 4017 τοῦ

213 4053 628 4125 σημαινομένου
662 4054 762 4109 τῶν
793 4054 990 4121 λέξεων
1028 4052 1164 4124 πρὸς
1203 4053 1302 4123 τὴν
1349 4051 1652 4122 κατάληψιν
1679 4051 1789 4106 τῶν

210 4143 264 4198 ἰν
287 4145 489 4208 αὐτοῖς
518 4144 885 4216 θεωρημάτων
911 4142 1406 4216 παραποδίζωνται.

1903 595 1967 633 ex
2015 595 2081 634 eo
2118 579 2260 649 quod
2295 567 2374 635 illi
2405 581 2514 652 igni
2548 582 2754 652 aliquid
2781 585 2852 638 sit
2883 584 3124 639 additum
3159 585 3305 654 quod
3357 579 3468 640 non

1904 671 2075 728 estin
2129 671 2254 726 hoc.
2314 669 2450 728 Nam
2504 673 2595 728 ille
2646 673 2866 743 quidem
2924 690 3030 728 non
3079 677 3468 745 exstinguitur,

1905 759 2050 815 hunc
2084 771 2264 817 autem
2300 764 2470 818 multa
2506 764 2725 820 inventa
2761 773 2890 820 sunt
2923 781 3043 836 qua:
3073 766 3420 837 exstinguant
3451 784 3466 831 ;

1902 866 2096 922 magna
2129 860 2212 908 est
2238 854 2758 910 auterndiﬂ‘erentia
2791 856 2932 910 inter
2957 871 3081 910 eum
3130 856 3223 926 qui
3259 857 3470 911 exstin-

1899 943 2172 1012 guitur,et
2193 959 2315 999 eum
2339 947 2431 1016 qui
2456 946 2660 1000 nullam
2689 947 2929 1002 admittit
2948 948 3371 1003 exstinctionem
3397 949 3465 1000 υ.

1901 1033 1997 1090 Est
2043 1051 2173 1107 ergo
2221 1037 2422 1107 aliquis
2463 1038 2626 1103 alius,
2661 1048 2713 1096 et
2761 1054 2869 1094 non
2919 1039 3008 1094 hic
3053 1040 3216 1110 ignis.
3253 1037 3468 1095 Rursus

1899 1141 2022 1181 cum
2057 1141 2295 1184 vermem
2326 1130 2588 1194 audieris,
2613 1146 2681 1186 ne
2727 1139 3012 1200 propterea
3043 1129 3188 1200 quod
3222 1130 3363 1185 idem
3397 1130 3469 1185 sit

1899 1233 2120 1284 nomen,
2147 1219 2214 1274 ad
2272 1228 2531 1277 terrestre
2566 1220 2671 1276 hoc
2701 1221 2902 1275 animal
2957 1231 3048 1276 tua
3083 1221 3287 1276 feratur
3321 1222 3468 1292 cogi-

1898 1310 2054 1364 talio.
2111 1311 2360 1380 Adjectio
2417 1311 2564 1366 enim
2622 1312 2743 1382 ejus
2807 1311 2954 1382 quod
3005 1329 3115 1368 non
3175 1312 3464 1379 moriatur,

1898 1400 2144 1471 suggerit
2177 1403 2334 1456 aliam
2364 1418 2487 1458 esse
2517 1403 2920 1473 intelligendam
2971 1412 3247 1466 naturam,
3299 1418 3465 1473 quam

1897 1507 2016 1547 eam
2068 1508 2188 1562 quae
2244 1494 2616 1564 cognoscitur.
2671 1493 2942 1561 Quoniam
2992 1509 3123 1565 ergo
3174 1494 3289 1548 hate
3339 1501 3468 1548 sunt

1896 1586 2178 1654 proposita
2231 1587 2346 1658 spei
2402 1587 2527 1641 vita:
2574 1594 2698 1656 post
2737 1585 2851 1641 hzec
2898 1583 3116 1650 futurae,
3159 1599 3280 1656 qua:
3331 1598 3467 1639 con-

1894 1687 2154 1744 gruenter
2186 1692 2249 1730 ex
2287 1677 2460 1732 libero
2505 1679 2940 1749 uniuscujusque
2978 1678 3228 1742 arbitrio,
3263 1691 3464 1734 conve-

1895 1767 2110 1823 nienter
2156 1769 2308 1839 justo
2343 1768 2439 1825 Dei
2483 1770 2692 1841 judicio
2750 1771 2877 1826 vita:
2927 1771 3271 1836 exoriuntur,
3303 1769 3467 1825 fuerit

1894 1861 2226 1930 sapientum,
2274 1877 2383 1916 non
2428 1862 2494 1916 ad
2528 1877 2769 1933 praesens
2818 1862 3040 1928 intueri,
3073 1861 3169 1917 sed
3197 1861 3265 1916 ad
3313 1860 3463 1916 futu-

1895 1967 2036 2018 rum,
2093 1959 2149 2007 et
2205 1951 2260 2006 in
2315 1952 2418 2007 hac
2471 1953 2619 2008 brevi
2675 1961 2729 2008 ct
2785 1952 3069 2021 temporali
3120 1953 3228 2006 vita
3277 1951 3464 2020 jacere
3555 1960 3563 1968 ‘

1895 2043 2173 2096 materiam
2203 2049 2258 2096 ct
2297 2049 2594 2099 sementem
2640 2041 2998 2098 beatitudinis
3049 2042 3340 2116 ineﬂabilis
3365 2059 3380 2108 ;
3409 2051 3463 2095 et

1896 2147 1992 2201 per
2022 2132 2226 2188 bonum
2260 2133 2602 2203 propositum
2631 2142 2686 2189 et
2717 2133 3041 2189 electionem
3095 2133 3304 2188 alienos
3343 2131 3459 2188 ﬁeri

1893 2239 1922 2278 α
1949 2223 2215 2278 malorum
2247 2223 2586 2293 experientia
2618 2243 2630 2279 :
2669 2239 2815 2279 nunc
2847 2223 3065 2294 quidem
3099 2225 3154 2280 in
3191 2223 3293 2279 hac
3325 2223 3459 2286 vita,

1893 2323 2015 2385 post
2048 2317 2163 2372 haec
2195 2327 2374 2371 autem
2424 2314 2480 2370 in
2527 2325 2730 2372 aeterna
2761 2316 3224 2380 remuneratione,
3259 2315 3376 2368 vult
3410 2324 3462 2369 te

1892 2405 2148 2463 Christus
2200 2405 2560 2476 contemplari
2618 2406 2757 2462 duas
2817 2414 3042 2461 naturas
3089 2404 3461 2462 essentialiter

1895 2497 2096 2563 unitas,
2129 2497 2472 2563 conﬁtentes,
2528 2503 2583 2551 et
2619 2511 2683 2551 ex
2715 2511 2780 2551 eo
2815 2496 3137 2552 exhibentes
3181 2495 3461 2566 magnitu-

1894 2589 2074 2643 dinem
2105 2587 2502 2642 misericordize
2531 2596 2585 2642 et
2632 2586 3046 2641 miserationum
3095 2585 3188 2640 Dei
3232 2585 3287 2640 in
3334 2599 3460 2650 nos,

1892 2681 1988 2752 qui
2037 2687 2260 2750 propter
2315 2679 2490 2734 nostri
2557 2692 2797 2732 amorem
2843 2679 2896 2732 in
2950 2676 3190 2731 animum
3245 2674 3462 2731 induxit

1894 2773 2180 2830 nobiscum
2211 2771 2439 2835 versari,
2467 2780 2520 2826 et
2551 2769 2720 2824 voluit
2758 2783 2882 2826 cum
2921 2784 3018 2824 sua
3071 2773 3270 2822 natura
3327 2781 3460 2822 noso

1893 2870 2034 2920 tram
2099 2862 2505 2920 connumerari.
2567 2861 2678 2917 Deo
2736 2867 2916 2914 autem
2983 2859 3095 2914 sint
3150 2857 3339 2930 gratim
3386 2857 3460 2913 ob

1892 2959 2096 3015 donum
2151 2957 2271 3028 ejus
2306 2955 2601 3011 ineli‘abile.
2653 2952 2720 3010 Et
2763 2953 2879 3008 hzec
2913 2951 3131 3024 quidem
3170 2951 3457 3006 hactenus.

1893 3052 2162 3118 Quoniam
2199 3058 2381 3104 autem
2422 3048 2659 3105 Severus
2695 3059 2720 3088 ο
2750 3047 2897 3103 solas
2925 3050 3166 3103 sectatur
3192 3056 3375 3105 voces,
3404 3048 3460 3095 et

1819 3174 1861 3231 α
1895 3145 1950 3198 in
2004 3142 2136 3199 solis
2187 3141 2367 3196 verbis
2428 3147 2483 3195 et
2541 3138 2692 3194 sonis
2731 3137 2963 3193 collocat
3018 3135 3298 3206 pietatem,
3331 3133 3464 3188 licet

1893 3235 2040 3290 dicat
2068 3232 2385 3304 Apostolus,
2421 3229 2546 3284 Non
2578 3231 2718 3285 enim
2749 3230 2804 3282 in
2837 3243 3074 3283 sermone
3122 3233 3199 3280 est
3246 3241 3460 3296 regnum

1898 3323 2012 3388 Dei,
2045 3321 2134 3378 sed
2165 3322 2218 3376 in
2245 3321 2438 3376 uirtute
2471 3331 2520 3374 et
2551 3319 2768 3374 veritate
2800 3316 2866 3384 ³⁸,
2897 3317 2944 3372 is
2980 3321 3158 3370 autem
3192 3313 3336 3384 apud
3364 3310 3464 3368 Sc-

1890 3430 2080 3471 verum
2115 3413 2354 3484 optimus
2379 3410 2692 3482 agnoscitur
2727 3407 3033 3477 theologus,
3063 3403 3158 3476 qui
3212 3403 3268 3458 in
3326 3415 3461 3474 pra:-

1893 3501 2220 3559 dicamentis
2271 3498 2624 3566 Aristotelis,
2673 3507 2726 3554 et
2756 3497 2811 3552 in
2869 3495 3082 3551 cazteris
3136 3506 3258 3564 qum
3315 3490 3458 3562 apud

1892 3601 2151 3648 externos
2181 3591 2538 3662 philosophos
2571 3597 2700 3644 sunt
2734 3586 3018 3660 praeclara,
3057 3583 3220 3640 fuerit
3248 3581 3460 3638 exerci-

1894 3693 2060 3749 tatus,
2111 3698 2339 3740 necesse
2386 3692 2471 3738 est
2515 3696 2615 3738 nos
2669 3679 2976 3752 signiﬁcata
3023 3674 3461 3746 uniuscujusque

1893 3777 2151 3832 dictionis
2179 3791 2368 3831 eorum
2397 3790 2520 3847 quae
2551 3773 2914 3844 accipiuntur,
2949 3776 3207 3841 tanquam
3241 3775 3461 3822 sentcn-

1893 3869 1984 3924 tim
2011 3867 2064 3923 in
2093 3868 2161 3923 iis
2186 3882 2306 3939 quae
2336 3866 2598 3922 dicuntur
2643 3861 2786 3935 apud
2823 3861 3111 3922 Severum,
3154 3867 3462 3928 opportune

1894 3958 2202 4024 declarare,
2225 3973 2288 4014 ex
2314 3955 2585 4014 sententia
2617 3954 2902 4010 doctorum
2934 3947 3458 4009 ecclesiasticorum,

1897 4052 1953 4106 in
1981 4067 2088 4122 qua
2117 4065 2180 4107 ea
2213 4055 2581 4120 acceperunt,
2613 4052 2673 4100 ut
2697 4043 2789 4115 qui
2817 4043 2873 4096 in
2917 4041 3087 4096 libros
3118 4036 3459 4105 subscriptos

1898 4143 2208 4210 inciderint,
2236 4140 2446 4214 possint
2471 4152 2595 4194 cum
2622 4137 2858 4207 primum
2884 4132 3132 4202 legerint,
3157 4129 3458 4200 intelligere

213 4238 312 4289 vim
344 4252 552 4292 eorum
588 4252 712 4307 qua:
764 4236 1065 4299 dicuntur,
1132 4247 1309 4304 neque
1362 4241 1585 4305 propter
1639 4230 2037 4304 ignorationem
2119 4229 2534 4310 signiﬁcationis
2587 4225 2888 4283 dictionum
2930 4222 3325 4302 impediantur,
3388 4233 3461 4275 ne

209 4325 686 4399 comprehendant
714 4339 778 4380 ea
801 4338 922 4395 quae
946 4330 1073 4380 sunt
1103 4323 1158 4379 in
1191 4321 1325 4394 ipsis
1353 4321 1710 4378 theoremata.

269 4485 314 4516 ¹⁹
345 4485 556 4542 Matth.
590 4500 679 4552 ιιι,
714 4483 816 4551 12;
854 4482 1015 4537 Marc.
1049 4495 1124 4547 Ix,
1147 4479 1253 4547 42;
1293 4475 1427 4533 Luc.
1470 4493 1552 4546 ιιι,
1594 4477 1681 4533 17.
1758 4475 1793 4509 ³⁸

1893 4473 2015 4530 Cor.
2047 4488 2120 4537 tv,
2155 4471 2246 4530 ω.

274 4653 298 4683 ⁸
323 4645 412 4704 οι,
446 4646 626 4708 Fabr.
667 4645 900 4711 Nomia,
972 4657 1158 4716 supra,
1200 4641 1305 4697 col.
1346 4637 1436 4694 21.

549 5917 824 5979 Panos.
866 5915 981 5979 Gs.
1023 5917 1210 5984 XLV.
