4072 6212
688 334 788 394 ὶΟἸ

1909 318 1962 373 S.
1993 327 2318 385 cnsuouu
2341 322 2638 382 mssast

3825 325 3876 386 lC

695 536 3282 566 ________________________.____________...__.___.___

1633 685 1860 774 ΤΟΥ
1918 685 2299 775 ΑΥΤΟΥ
2369 689 2988 776 ΓΡΗΓΟΡΙΟΥ

1935 859 2332 916 ΕΠΙΣΚΟΠΟΥ
2372 861 2418 914 Ν
2423 861 2640 915 ΥΣΣΗΣ

1035 1055 1474 1171 ΠΕΡΙ
1543 1055 1896 1166 ΤΗΣ
1975 1035 3553 1176 ΕΓΓΑΣΤΡΙΜΥΘΟΥ

1345 1296 1582 1348 ΠΡΟΣ
1637 1293 2150 1349 ΘΕΟΔΟΣΙΟΝ
2213 1293 2749 1348 ΕῙΙῙΣΚΟΠΟΝ
2799 1291 3242 1348 ΕΠΙΣΤΟΛΗ

1716 1608 2178 1691 EJUSDEM
2237 1607 2321 1686 S.
2376 1607 2866 1688 GBEGORII

1970 1787 2279 1845 EPISCOPI

1637 1971 1846 2082 DE
1935 1972 2258 2084 PYT

2329 1787 2620 1844 NYSSENI

2289 1967 2990 2086 HONISSA

1519 2188 1614 2243 AD
1679 2185 2176 2245 TIIEODOSIUM
2238 2185 2690 2257 EPISCOPUM,
2747 2183 3106 2243 EPISTOLA

1878 2469 2122 2518 Frontone
2168 2468 2343 2521 Ducam
2384 2466 2654 2533 interprete.

764 2799 867 2866 Qui
897 2795 1177 2866 discipulis
1209 2793 1322 2849 suis
1350 2791 1504 2858 dixit,
1523 2793 1754 2860 Quwrite
1771 2803 1820 2847 et
1836 2791 2108 2850 invenietis
2129 2793 2269 2860 Μ’,

700 2892 744 2946 is
772 2890 958 2961 procul
979 2887 1145 2942 dubio
1169 2885 1478 2940 facultatem
1506 2885 1670 2938 etiam
1697 2884 2005 2940 inveniendi
2023 2886 2266 2942 studiose

695 2978 1138 3050 perquirentibus
1162 3013 1175 3037 ,
1213 2985 1267 3032 et
1307 2991 1371 3031 ex
1421 2984 1688 3045 praacepto
1725 2973 1938 3030 Domini
1987 2975 2268 3032 recondita

701 3078 909 3126 secreta
952 3067 1335 3140 indagantibus
1369 3068 1648 3139 largietur.
1688 3067 1807 3124 Non
1843 3072 1987 3130 cnim
2038 3071 2266 3126 mendax

700 3165 813 3223 est,
850 3158 942 3228 qui
979 3157 1249 3228 promisit,
1281 3157 1440 3226 cujus
1481 3155 1854 3213 muniﬁcentia
1896 3158 2272 3229 donorumque

705 3248 917 3317 largitio
962 3247 1242 3319 magniﬁca
1301 3246 1548 3318 petitioni
1595 3247 1940 3302 corollarium
1986 3257 2040 3302 et
2085 3259 2272 3303 aucta-

705 3338 846 3392 rium
865 3336 1032 3391 addit.
1068 3335 1253 3405 Itaque
1285 3334 1491 3388 attende
1528 3334 1760 3396 lectioni.
1789 3336 1871 3404 ﬁli
1907 3335 2173 3391 Timothee
2204 3337 2270 3404 ⁸⁵,

699 3427 956 3484 convenit
986 3426 1152 3492 enim,
1179 3433 1236 3479 ut
1268 3425 1483 3495 Opinor,
1517 3433 1576 3478 ut
1599 3427 1774 3497 magni
1803 3427 1946 3482 illius
1971 3425 2122 3481 Pauli
2155 3443 2275 3482 vet-

703 3523 790 3575 bis
820 3520 1115 3574 bonitatem
1157 3525 1306 3572 tuam
1347 3517 1612 3587 alloquar,
1656 3530 1710 3574 et
1739 3517 1828 3574 det
1873 3519 1970 3574 tibi
2016 3519 2274 3577 Dominus

703 3612 1040 3667 intellectum
1087 3609 1142 3664 in
1173 3609 1447 3677 omnibus,
1495 3610 1567 3663 ita
1613 3617 1674 3663 ut
1702 3609 1852 3666 dives
1897 3612 1994 3666 tias
2026 3611 2080 3666 in
2126 3613 2275 3668 omni

705 3703 868 3760 verbo
900 3711 954 3757 et
989 3703 1045 3758 in
1089 3702 1238 3757 omni
1268 3703 1516 3758 scientia.
1557 3700 1713 3757 Nunc
1749 3711 1929 3758 autem
1959 3703 2027 3760 de
2058 3705 2126 3762 iis
2156 3721 2276 3776 qua:

699 3793 947 3864 jussisti,
987 3808 1326 3867 quaecunque
1386 3796 1718 3866 suggesserit
1758 3795 2040 3864 Dominus,
2099 3814 2275 3869 operae

707 3887 937 3957 pretium
965 3901 1052 3941 me
1075 3885 1342 3941 facturum
1371 3885 1580 3957 putavi,
1608 3886 1655 3942 si
1677 3888 1866 3957 paucis
1891 3895 1986 3944 tuo
2007 3889 2279 3948 desiderio

703 3978 1053 4049 obsequerer,
1086 3984 1145 4032 ut
1174 3992 1241 4032 ex
1269 3977 1353 4032 his
1384 3977 1691 4049 intelligas,
1726 3979 1869 4050 quod
1897 3995 1997 4037 nos
2029 3989 2279 4052 oporteat

709 4073 941 4127 invicem
973 4085 1070 4142 per
1105 4069 1427 4126 charitatem
1458 4071 1699 4137 servire.
1736 4071 1866 4128 dum
1897 4073 2128 4130 aliorum
2159 4091 2279 4132 mu-

705 4173 797 4217 tuo
831 4159 1096 4217 faciamus
1131 4161 1486 4218 voluntatem.
1517 4159 1768 4218 Primum
1812 4163 1980 4234 igitur
2016 4165 2308 4237 quoniam'

704 4259 759 4309 et
789 4252 881 4308 illa
910 4252 1051 4308 inter
1074 4260 1268 4307 canem
1295 4252 1474 4322 capita
1504 4253 1680 4323 prima
1714 4257 1996 4326 proposita
2026 4265 2130 4325 est,
2157 4273 2281 4330 quae

705 4343 1011 4414 exquiritur
1038 4341 1106 4399 de
1145 4341 1429 4408 Samuele,
1465 4346 1734 4400 sententia
1755 4388 1770 4414 ,
1805 4356 2071 4418 quantum
2109 4349 2164 4404 in
2194 4365 2280 4406 me

707 4437 869 4490 situm
900 4433 1041 4503 erit,
1071 4433 1182 4490 Deo
1214 4434 1410 4500 dante,
1441 4435 1634 4504 paucis
1658 4439 1842 4495 verbis
1874 4439 2006 4510 quid
2037 4439 2282 4496 videatur

698 4540 997 4597 exponam.
1027 4523 1364 4591 Quibusdam
1401 4531 1528 4580 ante
1559 4541 1661 4581 nos
1695 4527 1902 4597 placuit
1927 4544 2110 4584 veram
2134 4530 2280 4586 arbi-

699 4617 840 4672 trari
899 4615 1326 4688 praastigiatricis
1371 4615 1520 4670 illius
1573 4616 1630 4671 in
1685 4616 1938 4674 Samuele
1975 4621 2278 4677 animarum

707 4705 1078 4760 evocationem
1100 4745 1115 4770 ,
1155 4710 1320 4774 atque
1362 4701 1431 4758 ad
1462 4702 1737 4774 opinionis
1775 4721 1888 4760 suae
1918 4709 2279 4778 patrocinium

695 4795 974 4864 ejusmodi
1021 4795 1284 4850 rationem
1313 4795 1608 4866 quamdam
1650 4794 1918 4868 atterunt,
1959 4799 2106 4870 quod
2155 4815 2278 4856 cum

705 4897 926 4959 propter
961 4885 1141 4942 Saulis
1190 4887 1538 4956 rejectionem
1584 4891 1808 4946 tristitia
1873 4891 2099 4949 aﬂ‘ectus
2137 4905 2283 4950 esset

704 4980 952 5044 Samuel,
985 4993 1306 5048 semperque
1329 4977 1436 5034 Deo
1462 4993 1788 5050 proponeret
1820 4981 2037 5039 Saulem
2071 4985 2284 5055 praesti-

706 5069 824 5139 gias
870 5069 1359 5139 ventriloquorum,
1395 5070 1595 5141 quibus
1641 5071 1891 5130 homines
1938 5075 1993 5129 in
2033 5073 2280 5132 fraudem

708 5159 1026 5230 illiciebant,
1059 5161 1127 5219 de
1153 5162 1358 5234 populo
1391 5161 1648 5227 erasisse.
1684 5163 1916 5234 ideoque
1947 5179 2088 5235 aegre
2114 5165 2276 5222 ferret

706 5251 992 5320 propheta,
1032 5253 1177 5324 quod
1217 5268 1246 5308 a
1296 5269 1356 5310 se
1387 5253 1590 5324 reiecto
1615 5254 1819 5325 placari
1851 5256 2049 5323 nollet,
2076 5257 2276 5326 permi-

704 5343 851 5398 sisse
880 5342 1047 5400 Deum
1072 5345 1345 5417 inquiunt,
1375 5355 1434 5401 ut
1458 5361 1554 5416 per
1575 5345 1844 5416 ejusmodi
1866 5348 2107 5420 magicas
2133 5356 2280 5406 artes

710 5431 990 5504 prophetae
1012 5435 1193 5490 anima
1215 5443 1554 5502 evocaretur,
1580 5443 1641 5490 ut
1665 5435 1872 5493 videret
1901 5435 2118 5495 Samuel
2143 5437 2278 5496 falsa

713 5539 770 5579 se
801 5521 911 5578 Deo
943 5523 998 5577 in
1035 5525 1207 5594 ipsius
1248 5525 1622 5584 defensionem
1670 5527 1954 5600 allegasse,
1994 5545 2119 5586 cum
2153 5545 2276 5587 eum

705 5615 918 5672 diceret
957 5613 1230 5670 infensum
1254 5618 1615 5690 ventriloquis
1650 5627 1812 5690 atque
1841 5622 2051 5679 hostem
2086 5621 2274 5691 fuisse,

804 5716 928 5754 ac.“
960 5720 1142 5785 Μειιιιι⁸
1174 5739 1270 5791 νη,
1307 5725 1357 5782 7.
1464 5737 1508 5768 “
1546 5737 1560 5792 1
1597 5737 1735 5796 Tim.
1766 5757 1804 5809 ι,
1835 5745 1886 5801 4.

2300 2799 2344 2856 Α
2457 2797 2516 2849 '0
2558 2794 2728 2849 εἰπὼν
2756 2797 2868 2859 τοῖς
2907 2796 3095 2850 ἑαυτοῦ
3125 2795 3418 2868 μαθηταῖς,
3452 2796 3684 2866 Ζητεῖτε
3713 2796 3810 2851 καὶ
3846 2814 3872 2851 ε

2364 2884 2624 2953 ρήσετε,
2667 2883 2826 2939 δώσει
2867 2885 3082 2951 πάντως
3124 2889 3215 2941 καὶ
3258 2889 3357 2960 τὴν
3399 2888 3534 2960 πρὸς
3561 2887 3619 2942 τὸ
3652 2888 3876 2957 εὑρεῖνδ

2379 2993 2540 3046 ναμιν
2581 2977 2693 3040 τοῖς
2731 2977 3041 3049 φιλομαθῶς
3069 2978 3210 3032 κατὰ
3244 2979 3342 3051 τὴν
3363 2979 3579 3051 ἐντολὴν
3611 2978 3704 3032 τοῦ
3736 2979 3876 3050 Κυρξ

2373 3066 2835 3140 διερευνωμένοις,
2881 3069 2974 3122 καὶ
3014 3068 3338 3140 ἀναζητοῧσι
3363 3069 3430 3123 τὰ
3461 3068 3814 3141 κεκρυμμένα
3841 3085 3874 3138 μ

2381 3160 2596 3232 στήρια.
2649 3158 2911 3229 Ἀψευδὴς
2949 3158 3057 3230 γὰρ
3093 3161 3122 3212 ὁ
3161 3159 3642 3230 ἐπαγγειλάμενος,
3679 3157 3818 3228 ὑπὲρ
3848 3175 3874 3208 τ

2377 3251 2591 3322 αἴτησιν
2640 3251 3118 3322 ἐπιδαψιλούμενος
3141 3255 3204 3323 τῇ
3231 3251 3614 3324 μεγαλοδωρεᾷ
3643 3248 3749 3303 τῶν
3793 3266 3874 3319 χαλ

2379 3343 2619 3414 σμάτων.
2665 3342 2874 3398 Οὐκοῦν
2909 3343 3169 3412 πρόσεχε
3205 3342 3279 3410 τῇ
3311 3341 3642 3412 ἀναγνώσει
3669 3382 3684 3405 ,
3736 3343 3874 3393 τέκν

2383 3433 2619 3506 Τιμόθεε
2640 3452 2653 3466 °
2682 3435 2882 3506 πρέπει
2924 3435 3051 3505 γὰρ,
3090 3430 3263 3505 οἶμαι,
3303 3437 3368 3505 τῇ
3404 3433 3496 3487 τοῦ
3527 3432 3762 3505 μεγάλου
3797 3449 3874 3500 qm

2378 3527 2514 3598 πρὸς
2561 3528 2657 3598 τὴν
2711 3527 2810 3598 σὴν
2864 3525 3175 3596 ἀγαθότητα
3234 3524 3571 3598 χρήσασθαι,
3603 3525 3696 3578 καὶ
3730 3522 3843 3593 δώῃ

2378 3619 2582 3692 Κύριος
2611 3618 2823 3673 σύνεσιν
2854 3621 2912 3671 ὲν
2959 3619 3145 3682 πᾶσιν,
3181 3617 3320 3672 ὥστε
3349 3635 3408 3670 σε
3455 3615 3845 3685 πλουτισθῆναι

2380 3710 2542 3764 παντὶ
2561 3709 2702 3781 λόγῳ
2730 3711 2822 3763 καὶ
2859 3709 3008 3784 πάσῃ
3035 3709 3252 3779 γνώσει.
3277 3707 3388 3763 Νῦν
3419 3707 3475 3761 δὲ
3511 3708 3635 3777 περὶ
3655 3700 3731 3759 ὧν
3755 3704 3872 3759 ἐπέ·

2383 3801 2514 3867 ξας,
2573 3804 2780 3874 ὅσαπερ
2831 3801 2896 3856 ἂν
2950 3803 2979 3854 ὁ
3023 3801 3224 3874 Κύριος
3285 3798 3560 3871 ὑποϐάλῃ,
3611 3798 3679 3851 δι’
3753 3797 3872 3865 om

2310 3893 2350 3948 Β
2380 3890 2828 3963 ὑπηρετήσασθαί
2861 3906 2953 3944 σου
2985 3892 3052 3961 τῇ
3087 3888 3358 3962 προθυμίᾳ
3388 3886 3568 3951 καλῶς
3606 3885 3752 3958 ἔχειν
3780 3886 3868 3938 ὲδο

2381 3999 2530 4053 μασα
2550 4000 2564 4014 ο
2597 3983 2672 4046 ὼς
2707 3982 2772 4036 ἂν
2807 3981 2896 4035 διὰ
2925 3981 3130 4036 τούτων
3165 3981 3354 4052 μάθοις
3384 3980 3464 4032 ὅτι
3502 3978 3608 4050 χρὴ
3635 3977 3702 4031 δι’
3731 3977 3870 4044 ἁγάτ

2378 4072 2626 4144 ἀλλήλοις
2669 4071 2935 4126 δουλεύειν
2979 4072 3148 4142 ἡμᾶς,
3189 4073 3246 4124 ὲν
3287 4068 3366 4140 τῷ
3397 4072 3568 4124 ποιεῖν
3609 4067 3678 4121 τὰ
3703 4067 3870 4137 ἀλλήλ

2380 4164 2675 4237 θελήματα.
2709 4163 2929 4236 Πρῶτον
2957 4163 3135 4216 τοίνυν
3173 4161 3359 4231 ἐπειδὴ
3394 4163 3488 4214 καὶ
3514 4161 3621 4214 τῶν
3649 4159 3855 4214 λοιπῶν

2380 4255 2687 4326 κεφαλαίων
2707 4253 3141 4324 προτεταγμένον
3158 4252 3220 4306 τὸ
3251 4251 3379 4322 περὶ
3415 4250 3508 4304 τοῦ
3540 4250 3794 4321 Σαμουὴλ
3833 4250 3870 4301 ὲι

2381 4346 2708 4417 ζητούμενον
2757 4345 2954 4416 νόημα,
3007 4343 3095 4398 διὰ
3141 4342 3385 4414 βραχέων
3440 4341 3516 4405 ὡς
3566 4340 3679 4395 ἔστι
3729 4341 3870 4394 δυνα

2379 4435 2514 4490 Θεοῦ
2543 4435 2770 4500 διδόντος
2797 4435 3120 4506 ἐκθήσομαι.
3155 4431 3356 4505 Ἥρεσέ
3383 4449 3492 4486 τισι
3518 4430 3627 4485 τῶν
3659 4431 3768 4503 πρὸ
3797 4433 3868 4503 ήμ

2380 4528 2555 4598 ἀληθῆ
2598 4527 2814 4598 νομίσαι
2845 4526 2946 4596 τῆς
2997 4525 3280 4596 γοητρίδος
3310 4524 3524 4595 ἐκείνης
3559 4522 3659 4595 τὴν
3714 4520 3809 4574 ἐπὶ
3862 4541 3868 4556 ι

2381 4617 2630 4689 Σαμουὴλ
2677 4617 3048 4688 ψυχαγωγίαν,
3109 4616 3200 4672 καί
3240 4631 3364 4670 τινα
3409 4615 3564 4683 λόγον
3592 4611 3838 4667 τοιοῦτον

2381 4708 2704 4781 συνηγορίαν
2748 4708 2847 4777 τῆς
2891 4706 3210 4778 ὑπολήψεως
3241 4705 3419 4760 αὐτῶν
3445 4704 3648 4776 ταύτης
3687 4703 3868 4773 παρέχ

2379 4818 2503 4864 ται,
2550 4801 2629 4854 ὅτι
2674 4797 3009 4869 λυπουμένου
3061 4797 3153 4850 τοῦ
3186 4795 3437 4867 Σαμουὴλ
3485 4795 3577 4847 ἐπὶ
3607 4796 3673 4864 τῇ
3711 4793 3866 4847 ἀποϐσ

2379 4893 2474 4946 τοῦ
2497 4893 2685 4957 Σαοὺλ,
2722 4892 2815 4944 καὶ
2839 4890 3070 4943 πάντοτε
3099 4887 3192 4941 τοῦ
3221 4887 3296 4958 τῷ
3325 4886 3512 4956 Κυρίῳ
3550 4883 3864 4955 προσφέρον

2379 4983 2440 5037 τὸ
2478 4982 2559 5036 ὅτι
2590 4981 2732 5035 θέλει
2764 4982 2784 5004 ‘
2806 4981 2902 5051 τὴν
2932 4981 2997 5032 ὲκ
3025 4978 3128 5032 τῶν
3169 4973 3619 5048 ἐγγαστριμύθων
3659 4972 3866 5042 γινομέ·

2381 5071 2636 5144 γοητείαν
2666 5073 2758 5125 ἐπὶ
2786 5071 2969 5142 ἀπάτῃ
3023 5068 3131 5123 τῶν
3173 5067 3473 5140 ἀνθρώπων
3517 5065 3849 5136 ὲξεκάθηρεν

2380 5164 2476 5218 τοῦ
2525 5163 2654 5218 λαοῦ
2700 5163 2870 5217 Σαούλ
2892 5180 2906 5194 υ
2958 5163 3049 5216 καὶ
3094 5160 3182 5214 διὰ
3229 5157 3388 5212 τοῦτο
3413 5154 3866 5226 Δδυσανασχετοῦν

2383 5255 2476 5311 τοῦ
2524 5257 2803 5329 προφήτου
2857 5255 2948 5308 ἐπὶ
2975 5253 3054 5324 τῷ
3086 5252 3160 5324 μὴ
3191 5251 3410 5322 θελῆσαι
3447 5251 3538 5304 τὸν
3576 5248 3784 5319 Κύριον
3813 5246 3863 5298 δι

2382 5349 2613 5420 λαγῆναι
2653 5347 2731 5419 τῷ
2774 5345 3091 5416 ἀποὸλήτῳ,
3143 5341 3490 5412 συγχωρῆσαί
3524 5355 3654 5408 φασι
3702 5337 3794 5390 τὸν
3826 5335 3864 5388 Θ

2381 5439 2679 5510 ἀναχθῆναι
2718 5437 2811 5491 τοῦ
2861 5437 3141 5506 προφήτου
3197 5433 3374 5504 ψυχὴν
3411 5431 3496 5484 διὰ
3549 5433 3648 5502 τῆς
3703 5426 3856 5480 τοιαύ

2385 5531 2753 5603 μαγγανείαςο
2803 5529 2889 5581 ἵνα
2933 5527 3046 5598 είδῇ
3101 5527 3129 5579 ὁ
3161 5523 3414 5595 Σαμουὴλ
3451 5523 3532 5575 ὅτι
3587 5519 3762 5590 ψευδῆ
3818 5518 3864 5570 ὑ⁴

2381 5622 2545 5677 αύτοῦ
2594 5621 2672 5692 τῷ
2703 5619 2820 5690 Θεῷ
2874 5617 3242 5688 προετείνετο,
3277 5614 3451 5683 λέγων
3488 5612 3648 5667 αὑτὸν
3699 5610 3864 5680 πολέμ
