4072 6212
368 300 453 358 ιον
1654 295 1738 349 DE
1777 253 2227 358 PYTHONlSSA.

3460 305 3559 360 ΗΟ

367 415 476 472 εἶναι
517 415 619 475 ταῖς
661 410 1152 482 ἐγγαστριμύθοις,
1193 412 1283 467 τὸν
1327 412 1624 484 τηνικαῦτα
1666 414 1752 468 διὰ
1787 418 1851 485 τῆ

1989 417 2080 487 qui
2111 427 2220 473 tum
2249 422 2530 491 temporis,
2560 422 2688 477 dum
2718 422 2997 477 oraculum
3023 422 3282 486 consulit,
3306 424 3364 478 in
3393 437 3558 479 causa

360 503 502 557 αὐτῶν
539 499 781 570 γοητείας
819 499 916 570 τὴν
958 500 1144 554 ἄνοδον
1178 503 1277 572 τῆς
1321 502 1498 572 ψυχῆς
1545 502 1708 556 αὐτοῦ
1747 521 1884 573 μαν-

355 598 598 650 τεύσαντα.
641 591 781 661 Ἐγὼ
813 593 868 646 δὲ
903 593 1038 663 πρὸς
1064 591 1128 644 τὸ
1159 593 1512 661 εὐαγγελικὺν
1545 594 1731 664 χάσμα
1763 593 1886 662 βλέο

348 701 462 746 πων,
490 681 516 733 6
538 680 620 733 διὰ
649 681 812 750 μέσον
838 680 944 733 τῶν
977 680 1164 733 κακῶν
1195 697 1254 732 τε
1296 680 1390 732 καὶ
1419 681 1637 749 ἀγαθῶν
1666 683 1884 753 ἐστήρι-

346 793 464 836 κται,
509 773 662 842 φησὶν
702 772 731 822 6
775 771 1151 842 mrptépmg,
1213 771 1516 850 μᾶλλονδὲ
1563 774 1592 824 6
1635 773 1729 825 τοῦ
1776 791 1881 826 πα-

341 869 564 941 τριάρχου
608 867 812 938 Κύριος
835 907 850 930 ,
890 868 966 931 ὡς
997 868 1278 940 ἀμήχανον
1303 864 1441 940 εἶναι
1470 872 1582 934 τοῖς
1610 887 1671 922 τε
1715 887 1883 924 κατα-

343 962 517 1031 κρίτοις
540 960 625 1011 ἐπὶ
648 959 748 1030 τὴν
769 958 878 1012 τῶν
897 958 1120 1012 δικαίων
1147 959 1330 1014 ἄνεσιν
1353 961 1636 1030 ἀναϐῆναι,
1656 960 1750 1014 καὶ
1772 964 1882 1025 τοῖς

339 1053 485 1120 ἁγίοις
505 1049 631 1121 πρὸς
655 1049 746 1102 τὸν
775 1049 883 1102 τῶν
903 1049 1153 1120 πονηρῶν
1173 1050 1329 1122 χορὸν
1351 1049 1505 1104 διαπε
1514 1052 1693 1123 ράσαι·
1719 1051 1779 1104 οὐ
1806 1051 1883 1104 δέ-

336 1162 474 1214 χομαι
490 1143 704 1212 ἀληθεῖς
719 1137 857 1197 εἶναι
883 1143 983 1206 τὰς
1004 1143 1256 1206 τοιαύτας
1279 1141 1590 1213 ὑπολήψεις,
1615 1143 1880 1213 διδαχθεὶς

336 1239 470 1306 μόνον
497 1235 692 1304 ἀληθὲς
717 1232 857 1288 εῐναι
902 1234 1174 1291 πιστεύειν
1201 1236 1261 1288 τὸ
1279 1236 1624 1304 Εὐαγγέλιον.
1662 1236 1878 1307 Ἐπειδὴ

331 1326 479 1378 τοίνυν
499 1326 668 1396 μέγας
701 1327 759 1378 ἐν
788 1326 964 1393 ἁγίοις
985 1328 1013 1379 6
1039 1325 1309 1396 Σαμουὴλ,
1336 1327 1570 1398 πονηρὸν
1602 1325 1658 1379 δὲ
1693 1326 1878 1396 κτῆμα

331 1417 590 1488 ήγοητεία,
622 1417 686 1469 οὐ
719 1417 975 1487 πείθομαι
996 1418 1078 1470 ὅτι
1109 1419 1167 1470 ἐν
1195 1417 1432 1487 τοσούτῳ
1455 1418 1554 1486 τῆς
1584 1418 1717 1483 ἰδίας
1748 1420 1878 1472 ἀνα-

328 1508 548 1571 παύσεως
584 1509 614 1560 6
650 1508 906 1578 Σαμουὴλ
945 1509 1239 1572 καταστάς,
1273 1509 1332 1562 τὸ
1377 1510 1675 1562 ἁδιόδευτον
1703 1512 1877 1564 ἐκεῖνο

326 1599 484 1667 χάσμα
519 1599 655 1668 πρὸς
706 1598 830 1661 τοὺς
871 1598 1196 1663 ἀσεβοῦντας
1239 1601 1520 1671 διήρχετο,
1562 1601 1688 1655 οὕτε
1734 1602 1874 1656 ἑκὼν

323 1689 424 1742 οὔτε
455 1691 623 1742 ἄκωνο
664 1690 816 1742 ἄκων
849 1689 947 1759 μὲν
972 1687 1062 1743 οὖν
1090 1691 1190 1743 ούκ
1220 1691 1286 1743 ἂν
1308 1692 1387 1744 ἔτι
1417 1692 1678 1763 ὑπέμεινε
1703 1695 1763 1748 τὸ
1796 1695 1870 1765 μὴ

1989 504 2191 572 fuerat,
2247 514 2306 561 ut
2345 509 2465 578 ejus
2511 511 2691 564 anima
2730 521 3069 566 evocaretur.
3121 509 3232 582 Ego
3272 527 3400 566 vero
3426 513 3556 567 dum

1986 599 2119 652 mihi
2171 599 2224 653 in
2277 608 2509 656 mentem
2559 601 2705 656 venit
2764 603 3133 672 evangelicum
3179 603 3310 657 illud
3342 603 3551 667 chaos.

1986 688 2131 756 quod
2161 688 2214 742 in
2245 688 2423 744 medio
2452 691 2716 745 malorum
2745 691 3122 761 bonorumque
3154 691 3422 748 firmatum
3447 703 3552 758 est,

1984 777 2164 848 inquit
2196 779 2531 849 patriarcha,
2565 783 2647 837 vel
2683 784 2863 853 potius
2893 786 3211 854 patriarcha:
3243 786 3506 845 Dominus
3535 829 3550 851 .

1984 866 2056 920 ita
2082 876 2140 922 ut
2170 885 2346 940 neque
2369 873 2577 942 possint
2605 873 2844 928 damnati
2875 875 2940 930 ad
2968 885 3279 932 sanctorum
3314 880 3553 948 quietem

1983 961 2310 1026 ascendere,
2357 978 2533 1033 neque
2577 966 2750 1020 sancti
2804 964 2872 1019 ad
2920 967 3294 1037 improborum
3349 977 3552 1025 caelum

1982 1060 2306 1120 penetrare:
2339 1070 2496 1110 veras
2539 1070 2658 1111 esse
2693 1059 2992 1114 sententias
3017 1059 3287 1128 ejusmodi
3324 1077 3432 1116 non
3460 1063 3556 1117 ad-

1980 1139 2167 1205 mitto,
2197 1150 2382 1213 utpote
2405 1144 2495 1213 qui
2531 1145 2706 1199 solum
2739 1161 2922 1201 verum
2949 1148 3173 1203 credere
3200 1147 3552 1221 Evangelium

1980 1245 2100 1285 sum
2135 1231 2380 1286 edoctus.
2423 1233 2651 1299 Quando
2685 1235 2851 1306 igitur
2882 1251 3112 1308 magnus
3147 1239 3287 1293 inter
3323 1248 3547 1296 sanctos

1978 1331 2094 1376 erat
2125 1319 2378 1388 Samuel,
2429 1340 2517 1380 res
2551 1333 2732 1380 autem
2761 1327 2904 1381 mala
2945 1337 3029 1383 est
3058 1331 3234 1401 magia
3262 1339 3316 1386 et
3351 1333 3544 1388 incan-

1980 1412 2150 1476 tatio,
2197 1429 2322 1468 cum
2359 1415 2525 1471 tantis
2581 1416 2798 1472 Samuel
2854 1417 2908 1471 in
2945 1419 3156 1476 deliciis
3211 1431 3547 1490 versaretur,

1977 1519 2152 1572 neque
2201 1507 2469 1561 volentem
2519 1523 2642 1563 eum
2704 1525 2880 1580 neque
2932 1511 3159 1566 invitum
3217 1515 3546 1583 profundum

1976 1594 2127 1648 illum
2159 1595 2362 1650 hiatum
2392 1615 2584 1655 versus
2612 1602 2809 1669 impios
2838 1611 2890 1658 et
2921 1604 3089 1659 chaos
3120 1606 3438 1676 impervium
3466 1624 3551 1662 aro

1975 1685 2149 1740 bitror
2175 1689 2472 1758 trajecisse.
2504 1695 2632 1745 Nam
2667 1693 2871 1748 invitus
2902 1695 3120 1766 quidem
3155 1697 3205 1751 id
3229 1713 3340 1752 non
3377 1700 3548 1754 susti-‘

323 1783 542 1836 δύνασθαι
572 1783 635 1836 τὸ
663 1783 938 1853 δαιμόνιον
974 1782 1225 1854 διαϐῆναι
1251 1783 1312 1836 τὸ
1340 1784 1526 1854 χάσμα
1546 1826 1560 1849 ,
1589 1787 1682 1838 καὶ
1708 1787 1764 1838 ὲν
1795 1783 1861 1855 τᾷ

1974 1777 2202 1842 nuisset,
2248 1780 2392 1849 quod
2428 1781 2636 1837 hiatum
2667 1783 2878 1840 daemon
2917 1789 3252 1857 pertransire
3280 1805 3387 1844 non
3423 1807 3550 1860 pos-

321 1877 444 1946 χορῷ
481 1876 580 1928 τῶν
614 1875 786 1929 ὁσίων
817 1875 1106 1945 γενόμενον
1163 1875 1520 1946 μετακινῆσαι
1563 1875 1652 1928 τὸν
1683 1875 1864 1945 ἅγιον⁶

321 1968 441 2020 ἑκὼν
476 1968 530 2020 δὲ
559 1968 662 2020 οὐκ
715 1967 781 2021 ἂν
829 1965 986 2019 τοῦτο
1015 1964 1264 2035 ἐποίησε,
1308 1965 1385 2036 τῷ
1417 1968 1553 2037 μήτε
1582 1966 1864 2036 βούλεσθαι

315 2058 644 2128 ἐπιμιχθῆναι
682 2059 791 2120 τοῖς
824 2058 1043 2120 κακοῖς,
1077 2057 1215 2126 μήτε
1240 2054 1494 2110 δύνασθαι
1514 2073 1528 2086 ⁸
1554 2055 1633 2127 τῷ
1670 2057 1777 2129 γάρ
1806 2060 1864 2110 ἐν

314 2150 514 2215 ἀγαθοῖς
542 2148 655 2200 όντι
701 2145 998 2216 ἀὸούλητον
1032 2146 1140 2199 ἀπὸ
1168 2145 1277 2199 τῶν
1308 2148 1364 2199 ἐν
1392 2141 1472 2209 οἷς
1496 2146 1642 2200 ἐστιν
1666 2149 1698 2217 ή
1723 2147 1859 2218 πρὸς

313 2240 370 2293 τά
393 2239 592 2292 ἐναντία
622 2238 977 2308 μετάστασις.
1010 2237 1071 2290 Et
1099 2236 1155 2290 δέ
1193 2253 1274 2300 τις
1301 2238 1393 2289 καὶ
1420 2236 1699 2306 βούλεσθαι
1718 2237 1857 2307 δοίη,

313 2321 570 2392 ἁλλ’ἡτοῦ
618 2323 901 2393 χάσματος
938 2319 1096 2390 φύσις
1125 2321 1223 2374 οὐκ
1263 2321 1546 2392 ἐπιτρέπει
1594 2321 1691 2391 τὴν
1720 2320 1861 2392 πάρ-

311 2407 424 2460 οδον.

367 2489 423 2540 Τί
468 2485 554 2543 οὖν
603 2489 760 2540 ἐστιν
800 2487 828 2539 6
876 2487 1002 2558 mp‘t
1046 2485 1248 2538 τούτων
1295 2487 1453 2557 ἡμεῖς
1496 2485 1856 2556 λογιζόμεθα;

320 2580 512 2651 Ἐχθρὸς
533 2581 636 2649 τῆς
670 2577 1018 2650 ἀνθρωπίνης
1060 2576 1273 2648 φύσεώς
1301 2580 1447 2630 ἐστιν
1473 2579 1500 2630 6
1527 2577 1701 2640 κοινὸς
1723 2577 1856 2631 πάν-

307 2687 395 2723 των
425 2672 682 2742 πολέμιος
701 2711 715 2735 ,
741 2663 784 2737 ᾧ
813 2669 963 2723 πᾶσά
1001 2670 1145 2722 ἐστιν
1172 2668 1382 2722 ἐπίνοια
1409 2667 1503 2722 καὶ
1545 2668 1746 2738 σπουδὴ
1781 2669 1859 2732 είς

308 2763 425 2815 αὐτὰ
441 2765 504 2817 τά
520 2763 718 2834 καίρια
736 2761 991 2830 βλάπτειν
1015 2760 1102 2814 τὸν
1118 2759 1418 2833 ἄνθρωπον.
1451 2759 1544 2822 Τίς
1559 2758 1614 2812 δὲ
1636 2759 1855 2830 τοιαύτη

305 2853 465 2924 καιρία
491 2852 636 2906 κατὰ
669 2850 777 2904 τῶν
804 2850 1103 2922 ἀνθρώπων
1134 2847 1270 2919 άλλη
1299 2847 1499 2919 πληγὴ,
1536 2847 1611 2911 ὡς
1639 2847 1700 2901 τὸ
1724 2848 1858 2901 ἁπο-

1977 1876 2090 1933 set,
2126 1879 2288 1941 atque
2311 1889 2375 1928 ex
2407 1875 2587 1929 medio
2617 1876 2896 1932 beatorum
2921 1887 3066 1933 emtu
3100 1881 3273 1934 virum
3298 1892 3546 1937 sanctum

1975 1959 2080 2014 alio
2111 1963 2440 2031 transferre;
2480 1966 2666 2022 volens
2698 1977 2876 2022 autem
2905 1969 2956 2023 id
2991 1985 3098 2024 non
3133 1971 3370 2036 fecisset,
3401 1976 3546 2043 quod

1972 2061 2148 2116 neque
2185 2063 2308 2103 cum
2360 2051 2619 2121 improbis
2644 2056 2988 2110 commisceri
3028 2057 3183 2112 vellet
3218 2074 3394 2129 neque
3429 2076 3549 2129 pos-

1974 2145 2076 2192 set.
2126 2137 2226 2202 Qui
2261 2140 2405 2193 enim
2454 2141 2507 2194 in
2547 2141 2705 2198 bonis
2735 2151 3007 2211 versatur,
3046 2145 3115 2200 ab
3146 2147 3214 2201 iis
3254 2147 3309 2202 in
3344 2149 3547 2219 quibus

1976 2238 2224 2283 versatur
2261 2230 2328 2284 ad
2379 2234 2654 2287 contraria
2695 2243 2889 2304 sponte
2918 2252 3025 2292 non
3062 2239 3277 2294 transit.
3310 2239 3463 2306 Quod
3499 2243 3548 2297 si

1974 2320 2098 2389 quis
2155 2321 2318 2375 etiam
2371 2321 2534 2376 illum.
2581 2324 2818 2380 voluisse
2866 2326 3165 2392 concedat,
3203 2345 3312 2385 non
3364 2339 3546 2387 tamen

1977 2412 2147 2481 ipsius
2176 2411 2354 2468 hiatus
2379 2423 2572 2467 natura
2604 2416 2919 2471 transeundi
2952 2427 3274 2487 potestatem
3305 2421 3542 2479 fecisset.

2046 2505 2184 2570 Quid
2228 2520 2354 2575 ergo
2401 2512 2505 2568 est,
2561 2506 2705 2574 quod
2763 2507 2831 2561 de
2882 2507 2966 2563 his
3005 2510 3164 2565 nobis
3205 2512 3260 2565 in
3305 2521 3544 2568 mentem

1985 2593 2168 2647 venit?
2204 2591 2338 2647 Cum
2367 2603 2578 2648 natura:
2610 2593 2858 2649 humana:
2886 2596 2958 2650 sit
3001 2596 3257 2653 inimicus
3291 2614 3542 2656 commu-

1971 2682 2060 2738 nis
2089 2683 2332 2737 omnium
2368 2683 2566 2747 hostis,
2604 2683 2658 2737 id
2696 2699 2862 2738 unum
2895 2686 3103 2756 cogitat
3133 2687 3444 2759 studetquc,
3484 2703 3542 2745 ut

1972 2791 2080 2830 non
2132 2775 2363 2846 quodvis
2412 2776 2655 2842 homini,
2702 2777 2797 2832 sed
2850 2778 3010 2833 letale
3058 2780 3258 2836 vulnus
3307 2781 3536 2853 inlligat.

1967 2865 2250 2933 Quodnam
2286 2881 2447 2936 porro
2482 2867 2630 2923 aliud
2666 2869 2773 2924 tale
2799 2868 2998 2923 vulnus
3031 2862 3348 2927 hoininibus
3380 2873 3540 2928 letale

305 2940 536 3012 ωηθῆναι
582 2941 700 2995 ἀπὸ
742 2939 834 2994 τοῦ
864 2939 997 2993 Θεοῦ
1043 2938 1447 3004 ζωοποιοῦντος,
1481 2937 1736 3009 καὶπρὸς
1762 2937 1860 3009 τὴν

1967 2955 2138 3026 possit
2173 2955 2363 3027 indigi,
2396 2972 2559 3028 quam
2589 2957 2632 3013 si
2667 2971 2698 3010 a
2731 2957 2856 3014 vitae
2881 2968 3104 3014 auctore
3138 2958 3249 3015 Deo
3276 2961 3538 3031 rejieian-

301 3035 549 3088 ἀπώλειαν
565 3033 666 3088 τοῦ
685 3033 912 3087 θανάτου
931 3032 1190 3095 ἑκουσίως
1211 3029 1578 3101 αὐτομολῆσαι
1595 3048 1608 3094 ;
1638 3029 1854 3100 Ἐπειδὴ

301 3126 455 3180 τοίνυν
484 3126 691 3195 σπουδή
719 3125 800 3190 τίς
832 3127 946 3178 ἐστι
982 3125 1120 3178 κατά
1146 3125 1237 3178 τὸν
1267 3125 1378 3196 βίον
1400 3127 1510 3188 τοῖς
1542 3123 1854 3193 φιλοσωμά-

298 3236 396 3281 τοις
435 3220 633 3288 γνῶσίν
661 3236 784 3271 τινα
809 3218 919 3271 τῶν
951 3217 1250 3288 μελλόντων
1290 3217 1463 3286 ἔχειν’
1498 3216 1564 3269 δι’
1599 3210 1667 3288 ἦς
1701 3215 1851 3268 ἑλπί-

300 3309 514 3380 ζουσινῆ
540 3312 655 3364 τῶν
685 3309 870 3365 κακῶν
890 3310 1194 3380 ἀποφυγὴν,
1222 3308 1255 3378 ἢ
1289 3309 1424 3379 πρὸς
1447 3307 1516 3361 τὰ
1546 3307 1855 3378 καταθύμια

298 3407 647 3474 χειραγωγίαν
671 3421 686 3435 ο
716 3401 906 3456 τούτου
936 3402 1114 3472 χάριν,
1147 3401 1220 3464 ὡς
1249 3399 1314 3453 ἂν
1353 3399 1426 3470 μὴ
1455 3398 1590 3469 πρὸς
1616 3399 1706 3452 τὸν
1726 3397 1858 3451 Θεὸν

299 3498 340 3548 οἱ
363 3497 628 3567 ἂνθρωποι
663 3495 909 3565 βλέποιεν
929 3534 944 3557 ,
971 3493 1195 3556 πολλοὺς
1215 3491 1451 3563 τρόπους
1480 3491 1577 3561 τῆς
1601 3490 1694 3544 τοῦ
1728 3489 1855 3561 μὲλ-

298 3587 462 3652 λοντος
480 3587 738 3657 γνώσεως
767 3589 800 3657 ἡ
832 3583 1082 3656 ἀπατηλὴ
1103 3584 1211 3638 τῶν
1239 3584 1506 3654 δαιμόνων
1533 3582 1857 3652 ἐτεχνάσατο

299 3679 472 3746 φύσις,
499 3677 913 3740 οἰωνοσκοπίας,
963 3673 1482 3746 συμϐολομαντείας,
1511 3673 1820 3745 χρηστήρια
1839 3714 1853 3739 ,

295 3771 714 3841 ήπατοσκοπίας,
737 3769 976 3834 νεκυΐας,
1019 3765 1460 3835 ἐνθουσιασμοὺς,
1508 3765 1852 3835 κατακωχάς,

303 3861 635 3931 ὲμπνεύσεις,
682 3860 774 3914 καὶ
805 3859 940 3914 ἄλλα
985 3857 1210 3913 τοιαῦτα
1247 3857 1450 3911 πολλά·
1492 3857 1584 3910 καὶ
1615 3857 1753 3928 ὅπερ
1791 3857 1855 3911 ἄν

294 3969 382 4016 τις
410 3950 545 4015 εἶδος
577 3951 921 4022 προγνώσεως
954 3951 1016 4004 ἐκ
1055 3968 1198 4014 τινος
1236 3950 1450 4020 ἀπάτης
1482 3948 1677 4019 ἀληθὲς
1711 3946 1850 4003 εἶναι

290 4046 580 4115 νομίσειεν,
613 4047 780 4098 ἐκεῖνο
809 4043 871 4098 τὸ
900 4042 1178 4114 ἀπατηλὸν
1210 4042 1478 4113 δαιμόνιον
1515 4041 1853 4112 παραφαίνε-

287 4153 374 4192 ται
411 4139 492 4200 είς
533 4138 812 4190 δικαίωσιν
856 4136 955 4206 τῆς
989 4134 1345 4206 ἡπατημὲνης
1391 4132 1708 4203 ὑπολήψεως
1759 4133 1852 4186 τοῦ

285 4229 715 4301 πεπλανημένου.
746 4228 930 4291 Οὕτως
949 4227 1044 4280 καὶ
1064 4227 1161 4295 τὴν
1183 4225 1276 4279 τοῦ
1308 4225 1466 4278 ἀετοῦ
1499 4225 1693 4295 πτῆσιν
1719 4225 1855 4296 πρὸς

283 4321 373 4390 τὴν
397 4320 490 4374 τοῦ
556 4319 1070 4392 παρατετηρηκότος
1095 4317 1286 4371 ἐλπίδα
1325 4317 1647 4387 συνδραμεῖν
1680 4332 1852 4386 παρα-

283 4411 532 4474 σκευάζει
564 4413 594 4464 ὁ
631 4410 862 4480 δαίμων,
893 4407 1104 4461 καὶτοῦ
1137 4407 1343 4477 ἥπατος
1376 4406 1726 4476 τὸν,παλμὸν,
1761 4406 1852 4458 καὶ

276 4501 368 4571 τὴν
389 4502 455 4554 ὲκ
481 4501 581 4555 τοῦ
604 4500 880 4570 φυσὼδους
910 4498 1195 4570 γινομένην
1218 4497 1326 4551 τῶν
1367 4498 1644 4568 μηνίγγων
1676 4514 1852 4566 παρα-

277 4593 463 4662 φορὰν,
502 4595 602 4646 καὶ
629 4591 737 4645 τῶν
776 4592 1036 4662 ὀμμάτων
1061 4589 1472 4662 παραστροφὴν,
1503 4590 1596 4642 καὶ
1616 4589 1851 4660 ἑκάστην

277 4685 410 4736 κατά
430 4685 531 4755 τὴν
562 4684 961 4756 σημειωθεῖσαν
978 4685 1043 4738 ὲκ
1067 4684 1165 4754 τῆς
1179 4683 1394 4752 ἀπάτης
1418 4683 1798 4752 παρατήρησιν
1825 4683 1858 4751 ἡ

269 4768 356 4820 τοῦ
372 4767 641 4839 δαίμονος
657 4767 962 4838 πανουργία
975 4767 1133 4838 προδε
1143 4767 1257 4820 ίκνυ
1267 4783 1317 4819 σι
1333 4768 1443 4828 τοῖς
1459 4765 1853 4833 ἀπατωμένοις·

271 4855 404 4910 ὥστε
447 4857 805 4921 ἀποστάντας
848 4857 975 4920 τοὺς
1015 4854 1330 4927 ἀνθρώπους
1356 4853 1448 4908 τοῦ
1484 4852 1650 4918 Θεοῦ,
1688 4869 1856 4924 προσ⁴

271 4947 410 5018 ἐχειν
437 4952 511 5021 τῇ
551 4949 610 5002 θε
623 4948 819 5019 ραπεία
863 4947 972 5000 τῶν
1001 4947 1286 5017 δαιμόνων,
1315 4945 1381 4998 δι’
1411 4938 1486 4998 ὧν
1518 4943 1854 5015 ἐνεργεῖσθαι

268 5043 333 5092 τά
359 5042 600 5094 τοιαῦτα
628 5041 992 5093 πιστεύουσιν.
1028 5038 1122 5091 Ἓν
1149 5037 1327 5090 τοίνυν
1367 5037 1581 5108 ἀπάτης
1615 5031 1753 5098 εἶδος
1786 5029 1853 5104 ῆν

268 5132 438 5186 καὶτὸ
488 5133 610 5185 τῶν
649 5130 1130 5203 ἐγγαστριμύθων,
1175 5123 1248 5184 ὧν
1298 5132 1330 5201 ἡ
1382 5127 1684 5200 μαγγανεία
1731 5127 1850 5178 ἑπι-

270 5225 492 5277 στεύετο
512 5221 776 5276 δύνασθαι
812 5223 913 5285 τὰς
944 5221 1053 5274 τῶν
1075 5221 1469 5291 κατοιχομένων
1490 5219 1666 5290 ψυχάς
1689 5217 1848 5272 πάλιν

268 5314 398 5385 πρὸς
437 5316 538 5368 τὸν
575 5314 683 5367 ἀνω
715 5314 828 5383 βίον
869 5311 1211 5382 ἐφέλκεσθαι.
1248 5311 1352 5364 Τοῦ
1384 5310 1562 5363 τοίνυν
1591 5311 1764 5364 Σαοὺλ
1797 5311 1853 5364 ὲν

267 5406 591 5474 ἀπηγνὼπι
637 5406 907 5477 σωτηρίας
953 5403 1265 5472 γεγονότος,
1301 5402 1390 5456 διὰ
1417 5403 1476 5455 τὸ
1520 5406 1860 5475 πανστρατιᾷ

270 5489 707 5558 συγκεκινῆσθαι
758 5489 876 5544 κατ’
928 5487 1091 5542 αὐτοῦ
1137 5489 1242 5540 πᾶν
1289 5489 1349 5540 τὺ
1387 5486 1711 5557 ἀλλόφυλον,
1766 5489 1859 5542 καὶ

271 5583 356 5634 ἐπὶ
381 5581 609 5651 ταύτην
634 5581 873 5644 ἐλθόντος
897 5580 994 5651 τὴν
1016 5579 1256 5634 ἐπίνοιαν
1272 5619 1285 5642 ,
1317 5577 1453 5631 ὥστε
1485 5576 1576 5630 τὸν
1606 5576 1858 5646 Σαμουὴλ

271 5671 419 5744 αὐτῷ
464 5671 673 5743 τρόπον
707 5672 994 5728 ὑποθέσθαι
1025 5671 1145 5728 τινά
1183 5669 1481 5741 σωτηρίας·
1511 5669 1569 5722 τὸ
1612 5669 1858 5740 παραμέ-

1965 3053 2072 3111 tur,
2125 3053 2183 3099 ut
2234 3046 2290 3100 in
2327 3046 2520 3102 mortis
2553 3047 2780 3102 exitium
2815 3047 3120 3118 pra’eipites
3155 3050 3300 3105 ultro
3358 3051 3540 3107 feran-

1965 3139 2089 3192 tur?
2130 3137 2394 3204 Quoniam
2442 3138 2605 3208 igitur
2653 3139 2902 3195 homines
2932 3141 3221 3211 voluptarii
3256 3144 3537 3214 corporis-

1961 3245 2064 3301 que
2098 3229 2221 3300 plus
2264 3243 2421 3299 aequo
2456 3236 2702 3285 amantes
2740 3229 2794 3284 in
2825 3230 2928 3286 hac
2963 3233 3075 3286 vita
3106 3233 3292 3289 studio
3321 3251 3413 3292 res
3447 3235 3535 3290 fu-

1961 3328 2114 3376 turas
2139 3321 2346 3376 sciendi
2373 3328 2628 3376 tenentur
2657 3361 2673 3387 ,
2706 3338 2814 3392 qua
2849 3324 3166 3394 cognitione
3198 3327 3284 3382 vel
3314 3328 3455 3382 mala
3477 3345 3539 3386 se

1960 3412 2261 3467 evitaturos
2297 3419 2541 3482 sperant,
2580 3412 2665 3467 vel
2700 3413 2751 3468 id
2783 3414 2929 3483 quod
2963 3415 3279 3473 desiderant
3311 3433 3537 3475 assecu-

1961 3511 2116 3558 turos
2153 3520 2166 3556 :
2212 3503 2424 3558 idcirco
2457 3519 2526 3560 ne
2559 3519 2589 3558 a
2621 3503 2730 3560 Deo
2768 3505 3040 3575 pendeant
3090 3507 3362 3574 homines,
3396 3525 3537 3580 prte-

1959 3593 2199 3650 notionis
2233 3609 2417 3650 rerum
2460 3594 2767 3651 futurarum
2808 3596 2957 3651 varia
3006 3613 3205 3668 genera
3231 3597 3392 3655 fallax
3424 3600 3536 3656 da:-

1958 3699 2180 3739 monum
2204 3691 2398 3739 natura
2424 3695 2734 3740 commenta
2759 3695 2864 3751 est,
2889 3687 3140 3758 auguria,
3168 3688 3534 3746 divinationes

1960 3793 2057 3850 per
2085 3777 2353 3849 symbola,
2384 3777 2628 3844 oracula,
2675 3778 2971 3848 aruspicia,
3016 3791 3353 3836 mortuorum
3404 3797 3533 3837 evo-

1959 3871 2220 3935 cationes,
2259 3870 2466 3928 furoris
2507 3871 2745 3936 alllatus,
2796 3873 3042 3929 numinis
3082 3874 3400 3938 instinctus,
3448 3876 3533 3930 in-

1959 3962 2311 4033 spirationes,
2339 3963 2554 4034 aliaque
2588 3963 2823 4034 plurima
2870 3964 2924 4019 id
2960 3979 3130 4034 genus
3167 3983 3180 4019 :
3216 3971 3330 4019 tum
3381 3981 3532 4036 qure-

1957 4069 2173 4123 cunque
2200 4053 2556 4124 praenotionis
2585 4054 2795 4123 species
2832 4068 2900 4108 ex
2931 4054 3109 4122 aliqua
3149 4054 3360 4110 fallacia
3402 4071 3531 4112 vera

1957 4143 2192 4214 cuipiam
2223 4143 2494 4208 videatur,
2541 4143 2633 4196 illa
2677 4142 2940 4196 continuo
2984 4157 3014 4195 a
3060 4142 3240 4198 fallaci
3285 4145 3533 4202 daemone

1958 4242 2316 4300 monstratur,
2351 4241 2412 4287 ut
2458 4233 2561 4287 hoc
2597 4239 2854 4302 tanquam
2890 4234 3198 4304 patrocinio
3230 4235 3385 4306 ejus,
3434 4241 3531 4309 qui

1961 4324 2015 4378 in
2037 4323 2281 4379 fraudem
2311 4323 2525 4377 illectus
2552 4330 2656 4387 est,
2693 4323 2858 4378 fallax
2887 4323 3073 4394 opinio
3095 4324 3246 4396 justa
3276 4343 3531 4398 compro-

1960 4416 2136 4471 betur.
2193 4416 2284 4471 Sic
2332 4415 2494 4471 ellieit
2526 4414 2759 4482 daemon,
2810 4426 2870 4472 ut
2909 4419 3102 4488 aquilae
3147 4422 3362 4480 volatus
3404 4437 3529 4477 cum

1959 4506 2097 4576 ejus,
2139 4506 2231 4577 qui
2266 4505 2590 4571 observarit,
2627 4521 2724 4575 spe
2766 4512 2820 4560 et
2860 4507 3267 4576 exspectatione
3295 4523 3530 4564 concur-

1962 4607 2065 4662 rat,
2116 4605 2170 4652 et
2200 4603 2260 4651 ut
2288 4596 2492 4667 jecoris
2540 4595 2856 4665 palpitatio,
2902 4604 2957 4651 et
2992 4598 3429 4654 membranarum
3463 4611 3529 4651 ac

1959 4686 2335 4757 pellicularum
2362 4702 2426 4740 ex
2457 4685 2732 4740 inllatione
2758 4693 2878 4740 orta
2914 4687 3226 4752 titubantia,
3258 4693 3312 4741 et
3341 4686 3529 4741 oculo-

1958 4791 2079 4830 rum
2112 4775 2472 4838 inversiones,
2502 4783 2555 4829 et
2617 4788 2955 4844 unaquaque
3000 4781 3163 4845 prout
3195 4783 3383 4830 notata
3414 4774 3528 4829 fue-

1954 4867 2025 4920 rit
2072 4881 2137 4921 ex
2181 4865 2394 4920 fallacia
2444 4865 2796 4928 observatio,
2844 4865 3080 4936 deceptis
3131 4865 3442 4925 hominibus
3495 4882 3525 4919 a

1952 4955 2193 5010 versutia
2227 4954 2490 5010 daemonis
2520 4963 3018 5020 commonstretur;
3055 4965 3113 5009 ut
3143 4970 3173 5009 a
3206 4954 3313 5014 Deo
3345 4955 3526 5011 disce-

1953 5046 2142 5102 dentes
2177 5046 2484 5100 dazmonum
2515 5046 2686 5100 cultui
2718 5060 2776 5100 se
2802 5044 3078 5110 addicant,
3107 5060 3136 5098 a
3167 5046 3364 5114 quibus
3398 5047 3525 5100 talin

1953 5137 2139 5208 perlici
2169 5137 2418 5192 credunt.
2466 5136 2636 5193 Porro
2665 5153 2832 5192 unum
2880 5145 2997 5193 erat
3041 5137 3258 5192 ex-illis
3297 5137 3527 5194 fallaciae

1953 5229 2243 5300 generibus
2273 5227 2375 5282 hoc
2408 5228 2898 5297 ventriloquorum,
2929 5242 3022 5282 seu
3076 5226 3375 5298 Pythonem
3426 5231 3524 5284 ha-

1959 5319 2222 5384 bentimn,
2270 5334 2501 5389 quorum
2546 5320 2834 5390 praestigiae
2867 5334 3025 5387 posse
3059 5321 3268 5375 animas
3309 5336 3522 5382 eorum.

1955 5412 2046 5481 qui
2077 5411 2445 5474 decesserant,
2481 5427 2672 5466 rursus
2699 5411 2764 5465 ad
2797 5411 2936 5465 hanc
2970 5413 3324 5482 superstitum
3360 5414 3519 5466 vitam

1959 5503 2271 5574 protrahere
2301 5503 2680 5574 credebantur.
2717 5504 2850 5558 Cum
2899 5503 3082 5574 itaque
3131 5499 3259 5559 Saul
3314 5505 3391 5574 de,
3427 5520 3526 5557 sua

1957 5573 2130 5626 salute
2160 5571 2494 5642 desperaret,
2534 5572 2677 5642 quod
2711 5588 2901 5628 omnes
2934 5571 3118 5645 copias
3165 5592 3293 5631 suas
3331 5572 3522 5626 adter-

1957 5678 2050 5718 sus
2085 5663 2257 5734 ipsum
2291 5663 2603 5734 alienigena:
2648 5680 2836 5722 omnes
2872 5667 3256 5740 collegissent,
3311 5665 3522 5731 sibique
