4072 6212
621 347 721 398 1H

1849 346 1919 400 S.
1955 340 2276 400 GREGORII
2313 340 2600 396 NYSSEM
3756 342 3841 397 ηε

626 459 1006 532 persuasisset,
1033 473 1091 513 se
1123 471 1152 510 a
1189 455 1438 512 Samuele
1470 458 1608 512 viam
1644 457 1876 528 aliquam
1913 469 2074 528 atque
2106 475 2193 512 ra-

2306 478 2389 514 vov
2427 464 2494 532 τῇ
2533 455 2952 528 ὲγγαστριμύθῳ
2997 453 3288 524 δαιμόνιον,
3333 454 3398 508 δι’
3436 454 3501 510 οὗ
3534 455 3762 524 ἠπατᾶτο
3788 460 3846 509 ὲκ

627 556 829 608 tionem
877 550 1090 604 edoceri
1143 564 1344 618 posse,
1396 564 1503 618 qua
1553 550 1841 606 incolumis
1887 551 2186 615 evaderet;

627 641 771 713 quod
819 639 1171 708 venti-iloquaa
1217 638 1486 693 insidebat
1516 639 1862 702 daemonium,
1907 654 1935 692 a
1981 656 2091 710 quo
2126 643 2194 697 de

627 747 779 788 more
824 730 1141 785 muliercula
1186 729 1576 799 decipiebatur,
1629 731 1808 787 varias
1839 732 1942 787 sibi
1990 731 2195 787 formas

628 823 946 879 umbratiles
977 823 1030 874 in
1061 820 1394 876 muliercula:
1423 821 1598 876 oculis
1627 822 1931 891 ellingebat.
1959 837 2082 876 cum
2113 824 2196 877 in-

628 915 786 969 terim
837 914 974 968 nihil
1021 928 1234 978 eorum,
1276 928 1396 982 quae
1437 914 1807 984 eonspieiebat
1853 915 2192 977 muliercula,

631 1006 782 1060 Sauli
810 1015 1116 1075 appareret.
1167 1003 1235 1058 L’t
1269 1004 1412 1058 enim
1447 1005 1870 1059 incantationem
1923 1020 2076 1060 suam
2102 1020 2195 1074 ag-

626 1111 812 1167 gressa
860 1103 976 1160 est,
1023 1095 1242 1164 jamque
1291 1096 1625 1150 mulierculae
1675 1096 1744 1152 ob
1789 1097 1978 1150 oculos
2026 1096 2197 1166 plian-

629 1197 861 1244 tasmata
891 1197 944 1244 et
978 1195 1190 1257 spectra
1224 1186 1600 1251 versabantur,
1647 1204 1711 1244 ex
1759 1203 1826 1243 eo
1875 1187 2031 1243 fidem
2080 1188 2197 1244 suis

631 1281 1063 1353 apparitionibus
1091 1281 1386 1335 conciliare
1420 1281 1590 1336 voluit
1634 1281 1866 1345 dretnon,
1902 1280 2046 1351 quod
2078 1281 2198 1350 ejus

629 1386 940 1442 personam,
982 1371 1450 1440 quLdissimulato
1483 1372 1666 1426 habitu
1703 1372 1924 1436 latebat,
1956 1373 2199 1426 declara—

627 1465 720 1527 rit,
750 1478 870 1532 qua:
901 1477 986 1517 res
1015 1461 1270 1531 majorem
1306 1463 1358 1516 in
1401 1462 1811 1516 admirationem
1841 1462 2056 1516 Saulem
2087 1471 2198 1515 tra-

631 1553 818 1614 duxit,
855 1561 909 1604 ut
935 1553 1272 1607 existimaret
1302 1566 1409 1605 non
1441 1551 1812 1607 aberraturam
1840 1552 2096 1620 deinceps
2131 1551 2198 1605 ab

630 1646 794 1700 ullius
824 1645 900 1699 rei
931 1646 1239 1715 cognitione
1269 1646 1570 1712 mulierem,
1604 1659 1729 1699 cum
1765 1645 1956 1714 privati
1984 1643 2198 1698 habitus

630 1737 854 1805 magicae
885 1735 1125 1789 facultati
1177 1750 1283 1790 non
1319 1736 1688 1806 imposuisset.
1729 1735 2020 1804 Postquam
2068 1750 2198 1806 ergo

629 1825 767 1880 dixit
797 1827 884 1881 illa
909 1843 967 1882 se
997 1827 1128 1880 deos
1156 1827 1510 1881 ascendentes
1531 1827 1732 1892 videre,
1755 1835 1807 1882 et
1835 1828 2012 1881 virum
2044 1842 2194 1882 ercc~

621 1928 744 1972 tum
780 1920 1036 1973 amictum
1075 1920 1254 1988 pallio,
1294 1933 1402 1988 quo
1435 1927 1596 1988 pacto
1628 1919 1906 1972 stabilient
1938 1918 2084 1989 quod
2135 1920 2200 1973 ad

633 2010 916 2064 historiam
982 2010 1193 2072 attinet,
1235 2010 1328 2079 qui
1369 2009 1510 2063 servi
1543 2017 1670 2062 sunt
1704 2008 1936 2062 litterae?
1970 2009 2024 2060 Si
2055 2010 2196 2061 enim

631 2113 756 2154 vere
785 2099 1004 2154 Samuel
1032 2107 1115 2153 est
1149 2099 1235 2153 ille
1289 2097 1379 2168 qui
1407 2098 1558 2152 visus
1587 2098 1863 2168 est.plane
1894 2097 2059 2168 igitur
2089 2098 2198 2152 veri

630 2199 758 2246 sunt
800 2195 964 2246 etiam
1016 2191 1124 2254 dii,
1172 2191 1264 2260 qui
1302 2205 1330 2243 a
1363 2190 1600 2244 venefica
1643 2200 1768 2243 sunt
1800 2190 1938 2254 visi;
1994 2205 2116 2242 nam
2147 2198 2201 2244 et

624 2284 894 2337 dxemonia
917 2282 1049 2336 deos
1078 2281 1210 2334 dicit
1240 2279 1520 2349 Scriptura
1545 2296 1558 2332 :
1597 2278 1788 2334 Omnes
1814 2281 1949 2334 enim
1976 2279 2052 2332 dii
2078 2297 2201 2350 gen-

630 2376 761 2426 tium
785 2373 1050 2426 diemonia
1066 2371 1146 2435 “;
1198 2385 1328 2424 num
1363 2370 1528 2442 igitur
1557 2386 1679 2425 cum
1712 2371 2050 2426 damonibus
2099 2372 2203 2426 erit

628 2473 681 2516 et
715 2463 890 2516 anima
927 2461 1234 2517 Samuelis?
1263 2462 1435 2516 Absit.
1470 2459 1667 2516 Verum
1702 2461 1852 2526 illud,
1886 2463 2029 2532 quod
2059 2478 2203 2517 sem-

629 2569 728 2623 per
753 2553 1002 2609 veridicae
1021 2552 1445 2622 obsequebatur,
1471 2553 1796 2608 daemonium
1825 2555 2121 2625 assumpsit
2151 2563 2205 2608 ct

628 2647 736 2698 alia
788 2659 971 2699 secum
1017 2643 1320 2706 daemonia,
1375 2653 1434 2698 ut
1485 2661 1607 2700 cum
1658 2646 1938 2702 mulierem
1975 2645 2202 2710 falleret,

629 2744 744 2788 tum
773 2751 895 2789 cum
926 2735 1020 2804 qui
1050 2735 1118 2789 ab
1148 2736 1264 2805 ipsa
1296 2734 1580 2791 fallebatur
1614 2736 1830 2792 Saulem
1865 2755 1878 2804 ;
1926 2745 2089 2807 atque
2116 2738 2196 2793 ef-

633 2826 759 2880 fecit
791 2827 1010 2897 quidem
1043 2837 1101 2880 ut
1140 2827 1404 2880 daemonia
1434 2826 1508 2880 dii
1543 2842 1572 2880 a
1628 2829 1968 2898 ventriloqua
2013 2844 2202 2884 cense-

632 2921 840 2978 rentur,
871 2914 1051 2984 ipsum
1095 2922 1276 2968 autem
1310 2914 1402 2967 illa
1443 2929 1503 2969 se
1551 2916 1733 2984 specie
1758 2915 1936 2970 induit
1967 2921 2204 2987 quaere-

631 3005 968 3074 quirebatur,
998 3013 1052 3060 et
1095 3020 1257 3061 voces
1305 3006 1450 3062 illius
1500 3007 1794 3071 simulavit,
1846 3016 1898 3062 et
1936 3017 2198 3080 quantum

2302 553 2585 624 συνηθείας
2622 551 2682 604 τὸ
2702 549 2943 618 γύναιον,
2969 549 3047 609 είς
3070 547 3356 618 διαφόρους
3389 547 3602 618 μορφὰς
3625 547 3846 612 σκιωδῶς

2300 645 2357 697 ὲν
2387 646 2500 706 τοῖς
2525 641 2819 712 ὀψθαλμοῖς
2847 640 2941 694 τοῦ
2964 639 3190 708 γυναίου
3215 640 3344 710 ὲσχη
3355 639 3626 709 ματίζετο,
3653 639 3846 703 οὐδενὸς

2299 733 2376 804 τῷ
2415 734 2584 790 Σαοὺλ
2628 731 3060 805 προφαινομένου
3082 770 3095 788 .
3139 724 3213 784 ὧν
3243 729 3497 801 καθεώρα
3534 729 3593 784 τὸ
3623 731 3844 799 γύναιον.

2309 825 2397 887 Ὠς
2421 825 2528 896 γὰρ
2562 824 2736 893 ἥψατο
2761 823 2859 892 τῆς
2887 821 3156 892 γοητείας,
3188 825 3280 874 καὶ
3333 820 3434 891 ἤδη
3460 821 3536 892 τῷ
3565 823 3756 892 γυναίῳ
3787 819 3848 892 ἦν

2300 918 2354 969 ὲν
2393 914 2688 984 ὀφθαλμοῖς
2723 913 2789 966 τὶ
2831 915 3207 983 φαντάσματα,
3252 913 3434 966 πίστιν
3474 913 3565 966 τοῦ
3595 914 3757 984 ἀληθῆ
3785 917 3849 968 τὰ

2300 1010 2595 1080 φαινόμενα
2637 1002 2776 1066 εἶναι
2811 1003 3015 1073 ταύτην
3052 1007 3079 1056 ὁ
3118 1002 3325 1072 δαίμων
3357 1005 3758 1074 ἐμηχανήσατο,
3794 1005 3852 1056 τὸ

2301 1100 2515 1170 πρῶτον
2544 1097 2709 1152 αὑτοῦ
2734 1096 3116 1168 κεκρυμμένου
3144 1095 3203 1146 ὲν
3231 1094 3308 1164 τῷ
3342 1094 3470 1148 εῖδει
3499 1095 3592 1147 τοῦ
3631 1098 3853 1166 προσχή-

2304 1207 2468 1259 ματος
2501 1188 2850 1256 διασαφῆσαι,
2882 1185 2950 1238 δι’
2973 1180 3032 1238 οὗ
3057 1184 3253 1255 μᾶλλον
3273 1185 3303 1236 6
3325 1183 3496 1238 Σαοὺλ
3529 1186 3853 1254 κατεπλάγη,

2300 1283 2375 1345 ὡς
2424 1281 2576 1334 οὐδὲν
2625 1279 2706 1332 ἔτι
2755 1279 2852 1350 τῆς
2899 1276 3154 1346 γυναικὸς
3199 1275 3648 1347 σφαλησομένης,
3689 1277 3761 1347 τῷ
3803 1279 3858 1329 τδ

2304 1373 2566 1426 ἰδιωτικὸν
2591 1371 2770 1444 σχῆμα
2797 1369 2896 1440 τὴν
2927 1367 3186 1439 γοητικὴν
3214 1367 3438 1438 δύναμιν
3476 1368 3549 1438 μὴ
3581 1368 3852 1438 ἀγνοῆσαι.

2301 1461 2574 1522 Είπούσης
2607 1461 2782 1513 τοίνυν
2816 1459 2985 1528 αὐτῆς
3029 1459 3181 1520 θεοὺς
3225 1457 3522 1528 ἑωρακέναι
3563 1459 3862 1511 ἀναϐαίνον-

2299 1571 2398 1618 τας
2417 1593 2431 1616 ,
2461 1554 2552 1606 καὶ
2587 1552 2870 1622 ἄνθρωπον
2896 1549 3076 1621 ὄρθιον
3103 1551 3159 1601 ἐν
3187 1546 3433 1612 διπλεῖδι,
3470 1550 3583 1612 πῶς
3615 1553 3860 1620 στήσουσι

2301 1643 2361 1697 τὸ
2401 1641 2810 1712 καθ’·ίστορίαν
2839 1641 2888 1692 οἱ
2933 1639 3106 1691 δοῦλοι
3141 1639 3233 1692 τοῦ
3268 1639 3619 1708 γράμματος
3655 1641 3712 1692 Ei
3753 1643 3859 1710 γὰρ

2310 1735 2524 1806 ἀληθῶς
2569 1737 2598 1788 6
2657 1732 2910 1804 Σαμουὴλ
2971 1735 3116 1784 ἐστιν
3163 1732 3190 1783 ὁ
3244 1731 3459 1800 ὀφθεὶς,
3516 1732 3705 1785 οὐκοῦν
3745 1733 3859 1786 κατ’

2303 1828 2555 1898 ἀλήθειαν
2575 1827 2667 1880 καὶ
2690 1825 2799 1877 θεοί
2827 1825 2962 1876 εἰσιν
2984 1825 3032 1875 οἱ
3065 1822 3318 1892 ὀφθέντες
3347 1822 3497 1893 παρὰ
3524 1824 3619 1893 τῆς
3650 1841 3859 1895 φαρμα-

2312 1921 2454 1982 κίδος
2473 1935 2486 1949 ⁸
2533 1917 2685 1982 θεοὺς
2707 1918 2762 1970 δὲ
2796 1919 2829 1988 ἡ
2859 1915 3045 1986 Γραφὴ
3078 1915 3147 1966 τὰ
3173 1913 3418 1984 δαιμόνια
3443 1915 3588 1982 λέγει
3608 1931 3622 1944 ο
3645 1915 3863 1980 Πάντες

2315 2011 2426 2080 γὰρ
2457 2013 2512 2064 οἱ
2536 2011 2654 2064 θεοὶ
2695 2009 2814 2063 τῶν
2836 2006 3025 2062 ἐθνῶν
3043 2006 3315 2075 δαιμόνια
3335 2019 3350 2035 ⁸
3381 2002 3469 2077 ἆρ’
3503 2002 3594 2058 οὖν
3613 2007 3742 2076 μετὰ
3758 2007 3863 2058 τῶν

2306 2102 2573 2173 δαιμόνων
2595 2103 2687 2155 καὶ
2711 2103 2744 2174 ἡ
2769 2097 2913 2170 ψυχὴ
2941 2096 3034 2151 τοῦ
3062 2096 3331 2168 Σαμουήλ;
3361 2097 3450 2167 Μὴ
3478 2096 3681 2164 γένοιτο
3699 2112 3712 2126 °
3735 2097 3864 2151 ἀλλὰ

2305 2193 2367 2245 τὸ
2395 2193 2621 2246 πάντοτε
2655 2188 2926 2244 ὑπακοῦον
2965 2191 3031 2259 τῇ
3076 2185 3377 2258 φαρμακίδι
3411 2186 3678 2256 δαιμόνιον
3725 2203 3865 2258 παρ-

2308 2283 2468 2338 έλαϐε
2524 2285 2617 2336 καὶ
2660 2283 2793 2335 ἄλλα
2833 2279 3116 2350 πνεύματα
3159 2277 3293 2348 πρὸς
3349 2277 3564 2347 ἀπάτην
3608 2278 3770 2348 αὐτῆς
3809 2294 3866 2330 τε

2309 2374 2471 2448 [καὶ]
2497 2375 2596 2445 τῆς
2623 2375 2899 2444 γυναικὸς,
2932 2373 3025 2426 καὶ
3054 2369 3145 2424 τοῦ
3169 2371 3235 2424 δι’
3264 2371 3478 2442 ἐκείνης
3511 2371 3865 2441 ἀπατωμένου

2302 2467 2474 2520 Σαούλ
2495 2483 2508 2498 ο
2558 2468 2652 2520 καὶ
2679 2466 2744 2519 τὰ
2779 2466 2874 2536 μὲν
2906 2464 3154 2535 δαιμόνια
3187 2461 3342 2524 θεοὺς
3380 2463 3689 2532 νομίζεσθαι
3721 2464 3870 2534 παρὰ

2301 2559 2399 2629 τῆς
2443 2555 2883 2629 ὲγγαστριμύθου
2917 2555 3187 2626 ἐποίησεν,
3233 2555 3363 2608 αὐτὸ
3407 2554 3462 2607 δὲ
3510 2553 3638 2624 πρὸς
3670 2553 3728 2605 το
3754 2553 3870 2606 ἐπι-

2303 2646 2631 2720 ζητούμενον
2686 2642 2822 2710 εἷδος
2879 2648 3288 2720 ὲσχηματίσθη,
3355 2645 3450 2699 καὶ
3505 2646 3604 2706 τὰς
3665 2643 3871 2696 ἐκείνου

2309 2737 2490 2808 φωνὰς
2516 2737 2868 2809 ὑπεκρίνατο,
2907 2738 2998 2791 καὶ
3021 2739 3156 2809 ὅπερ
3189 2737 3333 2801 εἰκὸς
3359 2733 3425 2807 ἦν
3457 2737 3522 2788 ὲκ
3544 2734 3649 2787 τῶν
3688 2752 3874 2803 φαινο-

2310 2829 2484 2901 μένων
2513 2829 2849 2898 λογίσασθαι,
2884 2828 2980 2900 τὴν
3009 2832 3071 2883 ἐκ
3095 2829 3187 2882 τοῦ
3222 2827 3513 2882 ἀκολούθου
3549 2824 3874 2896 ὲκϐήσεσθαι

2307 2919 2766 2991 προσδοκηθεῖσαν
2806 2921 3099 2988 ἀπόφασιν,
3142 2919 3217 2984 ὡς
3260 2922 3316 2974 ὲν
3355 2918 3485 2971 εἴδει
3537 2917 3870 2987 προφητείας

2307 3010 2623 3081 ἐφθέγξατο.
2659 3010 2882 3080 Ἥλεγξε
2932 3011 2988 3064 δὲ
3038 3011 3130 3064 καὶ
3159 3010 3233 3072 ὠς
3276 3010 3374 3063 οὐκ
3409 3010 3652 3062 ἐϐούλετο
3686 3009 3875 3061 ἑαυτὸν

632 3097 830 3150 licebat
859 3097 1134 3151 verisimili
1165 3098 1383 3168 assequi
1423 3098 1737 3168 conjectura
1769 3115 1832 3154 ex
1864 3101 1929 3155 iis
1959 3114 2080 3170 quae
2109 3114 2201 3169 ap-

2307 3103 2334 3154 6
2366 3101 2572 3172 δαίμων
2616 3099 2782 3154 εἰπὼν
2828 3100 2925 3170 τὴν
2966 3099 3255 3170 ἀλήθειαν,
3293 3100 3375 3153 ὅτι
3407 3100 3628 3166 Αὔριον
3658 3097 3739 3150 σὺ
3775 3097 3875 3149 καὶ

636 3189 939 3259 parebant,
993 3187 1331 3244 conformato
1388 3191 1443 3245 in
1493 3191 1728 3262 speciem
1774 3193 2074 3262 prophetim
2122 3207 2207 3247 re-

636 3294 860 3350 sponso,
895 3295 1015 3350 qua:
1046 3295 1112 3335 ex
1142 3281 1534 3352 consequentia
1560 3291 1818 3337 eventura
1851 3283 2202 3352 putabantur,

634 3371 996 3427 denuntiavit.
1051 3371 1221 3427 Porro
1274 3374 1513 3442 seipsum
1560 3373 1748 3428 volens
1795 3375 1986 3429 nolens
2032 3376 2207 3444 arguit

636 3464 846 3517 daemon
875 3463 1103 3518 veritate
1129 3465 1359 3533 prolata,
1394 3465 1522 3518 dum
1559 3466 1694 3519 dixit
1725 3489 1735 3520 :
1769 3463 1902 3519 Cras
1937 3478 1993 3519 tu
2027 3477 2075 3520 et
2104 3465 2206 3520 Jo-

637 3553 836 3607 uathan
871 3553 1167 3620 mecum";
1219 3556 1265 3609 si
1299 3555 1442 3609 enim
1475 3571 1598 3610 vere
1639 3555 1855 3611 Samuel
1898 3567 2034 3623 erat,
2071 3575 2207 3630 quo-

638 3645 798 3699 modo
826 3643 940 3699 fieri
969 3655 1207 3714 poterat,
1243 3653 1302 3698 ut
1329 3646 1376 3701 is
1405 3647 1496 3716 qui
1521 3649 1760 3701 omnium
1786 3649 2048 3703 scelerum
2080 3665 2206 3706 reus

634 3746 772 3802 erat,
811 3750 934 3790 cum
965 3735 1057 3790 illo
1085 3737 1270 3792 esset?
1309 3736 1510 3792 Verum
1563 3737 1688 3792 hinc
1732 3741 1899 3809 liquet
1939 3739 2206 3798 Samuelis

637 3831 759 3883 loco
787 3829 1111 3883 daemonium
1143 3828 1274 3883 illud
1309 3817 1612 3899 improbum
1642 3831 1839 3893 visum,
1865 3847 1986 3886 cum
2020 3849 2203 3887 secum

638 3919 880 3973 futurqu
909 3920 1125 3974 Saulem
1161 3920 1318 3984 dixit,
1349 3922 1633 3990 mentitum
1663 3938 1770 3977 non
1797 3939 1936 3980 esse.
1972 3926 2082 3981 Etsi
2110 3941 2206 3980 au-

639 4017 744 4062 tem
780 4006 1062 4078 Scriptura
1105 4008 1253 4064 dicat
1299 4010 1484 4075 etiam,
1533 4008 1754 4067 Samuel
1796 4012 1900 4067 hoc
1934 4014 2091 4079 dixit,
2142 4031 2208 4070 ne

636 4107 1014 4154 commoveant
1060 4098 1174 4154 haec
1208 4101 1372 4156 verba
1401 4100 1636 4170 peritum
1667 4103 1946 4169 lectorem,
1980 4103 2073 4159 sed
2111 4105 2208 4159 ad-

636 4188 811 4242 ditum
883 4189 1183 4253 existimet,
1245 4190 1338 4261 qui
1414 4191 1706 4261 putabatur
1765 4207 1889 4250 esse
1962 4193 2204 4250 Samuel.

640 4278 792 4333 lianc
859 4280 1003 4336 enim
1031 4282 1489 4337 consuetudinem
1541 4299 1665 4340 esse
1692 4283 2209 4359 Seriptumcompe—

639 4391 652 4426 ι
673 4371 833 4437 imus,
848 4379 1066 4442 utsaepe
1085 4373 1160 4427 rei
1187 4388 1328 4428 verae
1353 4375 1472 4428 loco
1493 4375 1544 4428 id
1559 4375 1701 4445 quod
1722 4387 1946 4448 apparet
1965 4388 2203 4444 enarret,

640 4467 698 4513 ut
721 4461 776 4514 in
823 4459 1053 4516 historia
1083 4460 1299 4514 Balaam
1333 4477 1480 4517 nunc
1508 4463 1728 4532 quidem
1766 4467 1993 4552 dicente
2031 4468 2149 4538 ipso
2190 4484 2204 4521 :
2243 4449 2285 4503 θ

640 4552 872 4606 Audiam
926 4551 1052 4621 quid
1089 4551 1334 4622 loquetur
1388 4553 1445 4606 in
1485 4569 1566 4606 me
1607 4553 1793 4617 Deus;
1841 4557 2036 4612 deinde
2082 4574 2208 4614 vero

634 4658 766 4696 eum
801 4642 1041 4699 novisset
1074 4641 1292 4696 Balaam
1315 4643 1381 4708 ⁸⁸,
1431 4643 1574 4712 quod
1604 4645 1840 4713 placeret
1870 4644 1981 4701 Deo
2007 4655 2066 4700 ut
2100 4665 2208 4703 non

635 4735 1058 4790 malediceretur
1100 4733 1308 4797 Israeli,
1340 4749 1680 4805 nequaquam
1716 4737 1868 4802 abiit,
1907 4738 2050 4793 sicut
2079 4754 2212 4794 con-

638 4836 856 4881 suetum
886 4827 936 4880 ei
977 4832 1118 4888 erat,
1151 4825 1205 4879 in
1249 4839 1539 4880 occursum
1591 4828 1852 4898 auspiciis
1885 4848 1898 4883 :
1929 4831 2023 4901 qui
2063 4831 2207 4886 enim

639 4916 1079 4975 inconsideratus
1111 4915 1293 4980 fuerit,
1325 4917 1396 4972 ibi
1419 4933 1637 4989 quoque
1667 4936 1854 4975 verum
1886 4921 2054 4977 Deum
2084 4938 2208 4978 cum

640 5007 861 5064 Balaam
911 5010 1147 5080 colloqui
1195 5010 1572 5066 arbitrabitur.
1617 5011 1760 5068 Sane
1790 5013 2008 5084 quidem
2064 5018 2210 5086 quod

643 5098 934 5167 subjicitur
959 5107 1279 5170 argumento
1310 5106 1414 5163 est,
1455 5115 1577 5154 eum
1611 5102 1703 5170 qui
1737 5100 1955 5156 Balaam
1988 5106 2214 5174 putaba-

647 5197 756 5253 tur,
783 5189 942 5245 deum
979 5191 1059 5246 sic
1091 5189 1392 5260 appellasse
1413 5189 1775 5261 Scripturam,
1805 5209 1912 5248 non
1942 5210 2086 5257 eum,
2115 5197 2208 5266 qui

643 5294 771 5334 vere
803 5279 943 5336 Deus
976 5290 1140 5337 esset.
1183 5279 1275 5335 Sic
1309 5281 1475 5352 igitur
1505 5282 1593 5336 hic
1621 5298 1837 5354 quoque
1877 5285 1954 5348 is:
1983 5290 2075 5356 qui
2107 5287 2209 5342 Sa-

646 5371 790 5425 muel
819 5386 941 5426 esse
968 5374 1273 5440 videbatur,
1306 5375 1469 5429 verba
1507 5375 1616 5429 veri
1672 5373 1937 5432 Samuelis
1985 5379 2212 5434 simula-

646 5461 761 5527 bat,
803 5458 930 5514 dum
964 5462 1240 5532 ingeniose
1270 5465 1479 5520 daemon
1502 5507 1516 5531 ,
1566 5480 1632 5520 ex
1667 5463 1881 5537 iisquae
1933 5470 2211 5540 probabile

642 5559 762 5606 erat
789 5562 1066 5616 eventura,
1105 5557 1444 5624 prophetiam
1473 5559 1796 5614 imitaretur.
1841 5559 1994 5628 Quod
2029 5571 2207 5619 autem

642 5641 712 5694 de
745 5639 858 5693 Elia
889 5640 1254 5710 interrogasti,
1285 5648 1479 5715 majori
1504 5649 1706 5722 indiget
1729 5654 2166 5710 consideratione
2193 5675 2205 5711 :

643 5746 753 5785 non
792 5730 919 5784 item
947 5729 1000 5784 in
1022 5732 1297 5800 proposita
1330 5739 1642 5804 quaestione.
1674 5741 1878 5796 Etenim
1912 5745 2210 5814 quijussus

719 5845 767 5876 ⁸⁸
799 5841 944 5899 Psal.
976 5861 1094 5904 xcv.
1132 5845 1182 5900 5.

2319 3191 2600 3246 Ἰωνάθην
2623 3194 2748 3261 μετ’
2781 3192 2946 3260 ἐμοῦ.
2979 3193 3042 3245 Ei
3080 3192 3188 3262 γὰρ
3219 3190 3435 3262 ἀληθῶς
3457 3186 3524 3261 ἦν
3549 3191 3578 3242 6
3602 3188 3875 3259 Σαμουὴλ,

2309 3283 2424 3346 πῶς
2451 3283 2724 3354 ἐνεδέχετο
2743 3282 2832 3336 τὸν
2862 3284 2918 3335 ὲν
2941 3283 3087 3356 πάσῃ
3110 3282 3274 3353 κακίᾳ
3293 3280 3737 3351 κατεγνωσμένον
3760 3281 3880 3349 μετ’

2307 3373 2514 3426 ἐκείνου
2560 3371 2844 3441 γενέσθαις
2915 3372 3073 3425 Ἀλλὰ
3123 3371 3279 3442 δῆλον
3329 3372 3410 3424 ὅτι
3463 3371 3582 3424 ἀντὶ
3632 3370 3725 3422 τοῦ
3771 3370 3880 3421 Σα-

2310 3469 2481 3540 μουὴλ
2509 3467 2670 3536 ὀφθὲν
2697 3467 2758 3521 τὸ
2789 3468 3019 3538 πονηρὸν
3054 3469 3228 3519 ἐκεῖνο
3262 3466 3556 3536 δαιμόνιον,
3604 3463 3719 3534 μεθ’
3754 3463 3882 3514 ἑαυ-

2305 3561 2396 3614 τοῦ
2427 3561 2645 3615 ἔσεσθαι
2689 3560 2778 3612 τὸν
2827 3559 2999 3612 Σαοὺλ
3039 3557 3227 3622 εἰπὼν,
3273 3558 3371 3610 ούκ
3406 3557 3687 3626 ἐψεύσατο.
3733 3556 3796 3607 Εἰ
3825 3554 3882 3606 δὲ

2306 3649 2450 3718 λέγει
2487 3651 2518 3721 ἠ
2552 3650 2588 3701 Γ
2593 3649 2855 3720 pagoth
2889 3649 2999 3701 Καὶ
3024 3643 3177 3700 εἶπεν
3208 3650 3234 3700 6
3263 3647 3536 3717 Σαμουὴλ,
3569 3647 3642 3716 μὴ
3676 3662 3882 3713 ταρασ-

2307 3741 2445 3793 σέτω
2474 3741 2562 3794 τὸν
2608 3741 2942 3809 ἐπιστήμονα
2977 3742 3005 3792 6
3046 3739 3284 3798 τοιοῦτος
3325 3737 3479 3805 λόγος
3501 3753 3513 3765 ·
3543 3735 3678 3788 ἀλλὰ
3708 3751 3882 3804 προσ-

2306 3831 2514 3885 κεῖσθαι
2543 3829 2824 3900 νομιζέτω,
2886 3831 2969 3882 ὅτι
3020 3832 3048 3882 6
3101 3828 3370 3900 νομισθεὶς
3417 3823 3551 3879 εἶναι
3600 3824 3882 3894 Σαμουὴλ.

2305 3919 2643 3991 Εὑρίσκομεν
2689 3920 2798 3990 γὰρ
2848 3919 2948 3990 τὴν
2991 3921 3272 3990 Γραφικὴν
3308 3917 3588 3988 συνήθειαν
3613 3913 3882 3983 πολλαχοῦ

2303 4011 2362 4064 τὸ
2416 4011 2603 4064 δοκοῦν
2650 4011 2771 4064 ἀντὶ
2822 4009 2916 4063 τοῦ
2964 4009 3115 4074 ὄντος
3163 4008 3497 4076 διεξιοῦσαν,
3549 4007 3624 4068 ὡς
3657 4007 3752 4060 ἐπὶ
3790 4003 3882 4058 τοῦ

2309 4097 2554 4172 Βαλαὰμ,
2569 4101 2662 4156 νῦν
2696 4103 2792 4172 μὲν
2823 4100 3071 4170 λέγοντος
3102 4101 3286 4166 αὐτοῦ,
3319 4102 3400 4154 ὃτι
3442 4101 3789 4168 Ἆκούσομαι
3832 4101 3882 4148 τί

2305 4193 2563 4261 λαλήσει
2591 4193 2662 4246 ἐν
2700 4192 2829 4262 ἐμοὶ
2855 4196 2887 4246 ό
2911 4193 3085 4258 Θεός·
3118 4191 3254 4261 μετὰ
3283 4190 3453 4244 ταῦτα
3480 4189 3536 4242 δὲ
3555 4230 3570 4255 ,
3596 4189 3678 4241 ὅτι
3723 4187 3882 4255 γνοὺς

2304 4285 2359 4338 δὲ
2393 4287 2421 4338 6
2451 4283 2700 4354 Βαλαὰμ,
2745 4285 2826 4336 ὅτι
2851 4283 3076 4353 ἀρεστὸν
3100 4278 3167 4353 ἦν
3192 4282 3268 4353 τῷ
3297 4281 3415 4352 Θεῷ
3445 4280 3518 4351 μὴ
3541 4277 3882 4350 καταρᾶσθαι

2308 4378 2432 4440 τοὺς
2476 4375 2842 4448 Ἰσραηλίτας,
2896 4374 3079 4429 οὐκέτι
3113 4374 3252 4429 κατὰ
3295 4373 3355 4426 τὸ
3401 4371 3590 4435 εἰωθὸς
3644 4370 3882 4441 ἀπῆλθεκ

2309 4469 2388 4530 είς
2431 4468 2750 4536 συνάντησιν
2806 4468 2917 4529 τοῖς
2963 4468 3196 4529 οἰωνοῖς·
3243 4467 3271 4518 6
3307 4464 3414 4534 γὰρ
3488 4463 3882 4524 ἁνεπίσκεπτος

2309 4560 2468 4613 κάκεῖ
2493 4559 2581 4611 τὸν
2611 4557 2860 4628 ἀληθινὸν
2895 4556 3026 4610 Θεὸν
3053 4558 3260 4629 νομίσει
3293 4555 3636 4623 διαλέγεσθαι
3669 4552 3754 4623 τῷ
3782 4553 3882 4607 Βα-

2309 4649 2476 4720 λαάμ.
2525 4649 2592 4701 Ἢ
2633 4648 2813 4719 μέντοι
2857 4648 3120 4718 ἐπαγωγὴ
3167 4646 3473 4712 δείκνυσιν,
3522 4647 3604 4698 ὅτι
3646 4645 3741 4698 τὸν
3784 4645 3882 4698 ύπί

2308 4742 2402 4796 τοῦ
2446 4743 2673 4814 Βαλαὰμ
2713 4743 3064 4814 νομιζόμενον
3123 4741 3244 4794 θεὸν
3287 4741 3460 4804 οὕτως
3523 4738 3818 4809 ὠνόμασεν
3859 4740 3882 4790 εί

2310 4837 2520 4908 Γραφὴ,
2570 4837 2690 4908 ούχὶ
2722 4837 2812 4890 τὸν
2858 4836 3023 4899 ὅντως
3067 4835 3193 4889 ὄντα
3238 4834 3388 4886 Θεόν.
3423 4831 3629 4886 Οὐκοῦν
3662 4831 3758 4884 καὶ
3802 4831 3882 4882 ὲν-

2309 4925 2482 4980 ταῦθα
2507 4927 2536 4979 6
2563 4925 2719 4991 δόξας
2751 4921 2887 4979 εἶναι
2914 4922 3166 4994 Σαμουὴλ
3192 4924 3318 4986 τοὺς
3355 4921 3447 4975 τοῦ
3486 4918 3746 4990 ἀληθινοῦ
3789 4919 3882 4971 Σα-

2313 5016 2484 5089 μουὴλ
2528 5017 2856 5088 ὑπεκρίνατο
2894 5015 3118 5083 λόγους,
3149 5012 3363 5082 εὐφυῶς
3393 5011 3485 5065 τοῦ
3523 5010 3785 5080 δαίμονος
3830 5010 3882 5061 ὲ)

2308 5111 2418 5162 τῶν
2442 5108 2664 5162 εἰκότων
2688 5107 3021 5179 μιμουμένου
3049 5104 3148 5177 τὴν
3177 5097 3532 5176 προφητείαν.
3561 5103 3636 5156 Τὸ
3663 5103 3723 5155 δὲ
3747 5103 3882 5155 κατέ

2309 5199 2400 5254 τὸν
2440 5199 2624 5252 Ἠλίαν
2654 5197 2894 5260 πλείονος
2928 5197 3026 5265 μὲν
3054 5196 3246 5268 χρῄζει
3275 5197 3374 5265 τῆς
3401 5195 3662 5265 θεωρίαςο
3695 5194 3758 5246 οὐ
3787 5193 3882 5264 μὴ·

2311 5293 2369 5345 ὲν
2394 5289 2470 5361 τῷ
2507 5289 2820 5360 προτεθέντι
2849 5288 3141 5358 ζητήματι.
3177 5288 3286 5340 Καὶ
3307 5286 3414 5356 γὰρ
3439 5288 3502 5339 ὲκ
3526 5285 3619 5352 τοῦ
3647 5284 3882 5355 χειμὰρσ

2314 5384 2407 5453 ῥου
2440 5381 2584 5450 ὕδωρ
2618 5380 2790 5432 πίνειν
2834 5379 3195 5449 προσταχθεὶς
3211 5404 3238 5440 ,ο
3268 5377 3407 5430 κατὰ
3440 5377 3501 5429 τὸ
3537 5375 3768 5445 λεληθὸς
3800 5374 3882 5428 τοί

2311 5472 2444 5526 Θεοῦ
2480 5469 2922 5532 συνεϐουλεύετο,
2968 5467 3108 5521 ὥστε
3146 5468 3245 5539 τὴν
3290 5467 3436 5537 παρὰ
3474 5465 3569 5519 τοῦ
3599 5467 3882 5537 προφήτοι

2313 5561 2715 5632 ὲκφωνηθεῖσαν
2776 5559 2920 5614 κατὰ
2980 5557 3086 5612 τῶν
3157 5555 3502 5628 Ἰσραηλιτῶν
3573 5553 3882 5624 ἀνομϐρίας

2311 5657 2602 5725 ἀπόφασιν,
2643 5653 2708 5706 δι’
2732 5650 2894 5706 αὑτοῦ
2922 5650 3081 5705 πάλιν
3111 5649 3458 5719 ἁναλυθῆναι.
3485 5641 3555 5717 ᾯ
3582 5645 3692 5716 γὰρ
3730 5643 3882 5697 ἐδόθη

2319 5754 2381 5804 ἐκ
2407 5751 2565 5820 μόνου
2594 5747 2686 5801 τοῦ
2713 5747 3010 5818 χειμάρρου
3042 5743 3237 5807 πίνειν,
3273 5741 3364 5795 τοῦ
3396 5740 3450 5794 δὲ
3482 5739 3624 5793 κατὰ
3651 5739 3716 5793 τὸ
3746 5738 3876 5792 είκὸ

1289 5843 1333 5876 ⁸⁷
1372 5840 1392 5895 ι
1425 5845 1553 5914 Reg.
1603 5859 1790 5910 xxviii,
1831 5848 1917 5903 l9.
1992 5850 2035 5881 ³³
2069 5848 2223 5904 Num.
2261 5867 2392 5920 ml,
2432 5854 2493 5908 l7
2525 5869 2642 5922 sqq.
