4072 6212
334 326 441 384 113

331 528 476 596 φὴτῃ
506 521 584 595 μὴ
615 518 1010 592 εὐρισκομένης
1049 516 1184 587 πρὸς
1207 516 1307 588 τὴν
1336 515 1495 586 δίψαν
1522 516 1871 587 παραμυθίας
1891 556 1907 583 ,

323 617 411 672 διὰ
429 615 495 668 τὸ
515 610 848 684 ἀπειρῆσθαι
879 606 1029 679 αὐτῷ
1054 607 1348 678 ἀλλαχόθεν
1394 610 1535 661 πιεῖν
1554 647 1571 673 ,
1611 609 1921 676 ἐπάναγκες

321 707 391 782 ἦν
441 706 668 777 αἰτῆσαι
714 702 805 756 τὸν
851 701 1093 773 δμὸρον,
1121 701 1210 765 ἵνα
1254 700 1331 771 μὴ
1368 698 1622 773 ἐπιλείπῃ
1672 700 1733 753 τδ
1777 699 1921 771 ὕδωρ

318 801 413 854 τὸν
457 795 792 868 χείμαρρον
835 792 1045 860 γίνεται
1071 791 1130 844 δὲ
1180 789 1263 860 τῷ
1301 792 1557 862 προφήτῃ
1609 787 1768 860 παρὰ
1808 788 1921 843 τῶν

322 890 581 963 κοράκων
640 888 675 956 ἠ
722 883 831 939 τῶν
884 883 1020 954 πρὸς
1069 882 1171 953 τὴν
1223 881 1369 954 ζωὴν
1442 882 1752 951 ἀναγκαίων
1802 881 1920 935 δια-

323 980 517 1045 κονία,
569 973 876 1037 δεικνύντος
925 972 1015 1027 διὰ
1054 970 1261 1025 τούτων
1307 970 1404 1025 τοῦ
1453 971 1591 1025 θεοῦ
1654 971 1734 1043 τῷ
1789 987 1922 1043 προ-

321 1072 493 1142 φήτῃ,
536 1069 621 1121 ὅτι
654 1063 835 1118 πολλοί
888 1063 1026 1116 εἰσιν
1056 1063 1105 1116 οί
1151 1061 1676 1134 παραμεμενηκότες
1715 1063 1783 1132 τῇ
1824 1058 1919 1114 τοῦ

321 1160 462 1215 Θεοῦ
516 1154 771 1230 ἀληθινοῦ
837 1154 1079 1227 λατρεία,
1129 1153 1252 1208 ὅθεν
1299 1154 1615 1225 ἐχορηγεῖτο
1673 1151 1763 1206 διὰ
1812 1152 1923 1206 τῶν

323 1252 581 1325 ιοράκων
613 1251 648 1321 ἡ
691 1244 866 1319 τροφὴ
908 1243 986 1317 τῷ
1017 1245 1307 1318 προφήτῃο
1336 1242 1397 1298 οὐ
1420 1242 1531 1316 γὰρ
1563 1240 1631 1299 ἂν
1674 1239 1782 1299 τῶν
1821 1258 1921 1315 με-

325 1344 650 1420 μιασμένων
695 1341 848 1412 αὐτῷ
897 1338 1140 1412 προῆγον
1165 1339 1369 1411 ἀρτων,
1414 1339 1448 1409 ἤ
1482 1337 1544 1392 τὸ
1576 1336 1921 1392 εἰδωλόθυτον

322 1438 517 1509 κρέας.
542 1434 710 1486 Ὥστε
744 1430 840 1484 xa‘t
866 1428 958 1483 διὰ
991 1426 1192 1482 τούτων
1241 1427 1536 1499 ὲναχθῆναι
1568 1428 1660 1480 τὸν
1708 1426 1915 1495 Ἠλίαν,

322 1524 650 1596 καθυᾳεῖναί
679 1540 736 1576 τι
753 1520 849 1575 τοῦ
883 1519 1026 1575 κατά
1052 1518 1163 1575 τῶν
1192 1518 1542 1589 ἠσεϐηκότων
1571 1518 1769 1591 θυμοῦ,
1804 1535 1912 1589 μα-

321 1621 485 1674 θόντα
512 1617 602 1671 διὰ
645 1615 755 1669 τῶν
802 1613 1122 1683 γινομένων,
1151 1612 1235 1665 ὅτι
1283 1610 1467 1665 πολλοί
1509 1612 1649 1666 εἰσιν
1675 1610 1911 1681 οίιπρὸς

319 1714 409 1764 τὸν
429 1708 567 1763 Θεὸν
592 1706 769 1775 ὀρῶντ
782 1721 858 1769 ες,
899 1701 992 1767 οὓς
1021 1702 1120 1756 οὐκ
1146 1700 1262 1755 ἔστι
1287 1701 1495 1757 δίκαιον
1521 1699 1916 1770 συγκαταδικα-

320 1798 515 1867 σθῆναι
553 1765 670 1858 soi;
707 1765 999 1855 umbriae.
1046 1792 1140 1853 Είς
1160 1790 1218 1844 δὲ
1262 1789 1408 1861 πρωϊ
1440 1791 1538 1862 μὲν
1571 1765 1610 1844 ὁ.
1632 1791 1829 1863 ἄρτος,
1855 1793 1913 1844 ὲν
1951 1765 1989 1819 Β

318 1890 375 1942 δὲ
398 1891 469 1958 τῇ
498 1886 713 1957 ἑσπέρᾳ
736 1884 797 1937 τὸ
822 1883 991 1954 κρέας
1011 1880 1158 1952 αὑτῷ
1190 1881 1533 1937 διακονεῖται.
1557 1883 1715 1955 Ἴσως
1742 1882 1808 1935 δι’
1832 1884 1916 1936 ai-

318 1977 588 2049 νίγματος
640 1974 777 2046 πρὸς
813 1973 1070 2045 ἐνάρετον
1106 1972 1220 2042 βίον
1264 1971 1499 2043 σπουδὴν
1525 1970 1589 2025 τὸ
1631 1970 1917 2042 γινόμενον

315 2072 461 2141 ἔχει,
492 2070 581 2122 ὅτι
609 2064 714 2137 χρὴ
741 2064 1063 2136 ἀρχομένοις
1091 2061 1199 2116 τῶν
1230 2062 1595 2133 τελειοτέρων,
1626 2063 1769 2117 κατά
1815 2063 1915 2135 τὴν

314 2160 414 2213 τοῦ
445 2157 667 2212 Παύλου
691 2154 890 2225 φωνὴν,
917 2155 976 2217 ὃς
1007 2169 1167 2225 φησιν
1191 2191 1207 2216 ,
1237 2152 1319 2205 ὅτι
1368 2153 1617 2207 Τελείων
1635 2152 1705 2207 δέ
1745 2152 1916 2206 ἐστιν

316 2254 356 2319 ἦ
383 2248 607 2317 στερεὰ
643 2245 857 2316 τροφὴ,
887 2244 1011 2298 τῶν
1031 2243 1129 2298 διὰ
1156 2242 1272 2313 τὴν
1296 2242 1431 2308 ἕξιν
1460 2244 1532 2298 τὰ
1558 2243 1915 2314 αἰσθητήρια

317 2337 788 2411 γεγυμνασμένα
808 2338 1094 2407 ἐχόντων.
1124 2334 1196 2388 Τὸ
1232 2335 1289 2393 δὲ
1339 2335 1599 2406 κάλυμμα
1624 2334 1718 2389 τοῦ
1742 2336 1910 2390 Μωῦ.

316 2438 459 2500 σὲως
477 2436 584 2489 οὐκ
610 2436 902 2505 ἀγνοήσεις
930 2432 1066 2504 πρὸς
1097 2427 1128 2484 δ
1153 2447 1208 2483 τι
1239 2426 1447 2501 βλέπει,
1468 2428 1537 2499 τῇ
1563 2427 1700 2498 πρὸς
1726 2425 1913 2499 Κοριν-

316 2529 465 2593 θίους
510 2526 802 2599 Ἐπιστολῇ
835 2524 1049 2581 Παύλου
1084 2520 1472 2593 καθομιλήσας.
1515 2519 1655 2572 Ὅσα
1698 2517 1753 2571 δὲ
1786 2518 1914 2590 περὶ

313 2627 426 2679 τῶν
476 2622 686 2677 θυσιῶν
721 2619 1101 2692 ὲπεζήτησας,
1139 2617 1319 2682 καλῶς
1375 2616 1623 2685 ποιήσεις
1681 2614 1802 2669 ὅλον
1853 2614 1914 2668 τὸ

320 2714 612 2770 Λευῖτικὺν
663 2709 1095 2782 φιλοπονώτερον
1122 2707 1405 2775 ἐξετάσας.
1432 2705 1527 2759 καὶ
1560 2704 1698 2777 μετά
1739 2703 1911 2758 πλείο-

316 2824 406 2867 νος
429 2806 536 2876 τῆς
554 2802 887 2875 προσεδρίας
933 2798 1233 2863 καθολικῶς
1255 2797 1348 2852 τὸν
1372 2797 1430 2850 ὲν
1462 2794 1670 2859 τούτοις
1698 2794 1909 2866 θεωρήο

319 2912 421 2959 ca;
463 2897 659 2967 νόμον.
677 2886 835 2949 Οὕτω
858 2892 968 2965 γὰρ
990 2889 1551 2961 συγκατανοηθήσεται
1574 2887 1653 2958 τῷ
1677 2887 1782 2958 ὅλῳ
1814 2882 1908 2958 μὲ-

321 3005 444 3057 ροςο
476 2989 567 3056 ἔειφ’
595 2984 793 3040 ἑαυτοῦ
833 2983 943 3056 γὰρ
984 2983 1145 3037 τοῦτο
1176 2983 1333 3054 μόνον
1369 2981 1469 3035 οὐκ
1508 2979 1575 3034 ἂν
1606 2978 1912 3049 διευκρινη-

318 3080 437 3150 θείη
476 3077 589 3150 πρὸ
628 3076 733 3148 τῆς
772 3075 868 3130 τοῦ
900 3075 1100 3139 παντὸς
1134 3073 1387 3145 θεωρίας.
1424 3072 1511 3126 Ἐν
1541 3070 1598 3124 δὲ
1644 3072 1756 3132 τοῖς
1782 3070 1910 3142 περὶ
1938 3095 1981 3156 C

318 3170 420 3238 τῆς
448 3167 844 3237 ἀντικειμένης
870 3166 1150 3237 δυνάμεως
1173 3161 1612 3235 ὲπηπορημένοις
1643 3158 1908 3232 πρόδηλός

316 3264 472 3314 ἐστιν
503 3262 540 3332 ἡ
564 3260 740 3324 λύσις,
788 3258 870 3312 ὅτι
897 3259 996 3327 οὐχ
1016 3254 1204 3320 ἁπλῶς
1240 3254 1498 3324 ἄγγελος,
1536 3252 1651 3308 ἀλλ’
1677 3253 1735 3306 ὲν
1769 3253 1898 3324 ἀρχ-

318 3350 582 3419 αττέλοις
606 3343 676 3421 ἦν
707 3346 1039 3418 τεταγμένος
1061 3348 1090 3400 6
1126 3343 1436 3415 ἀποστάτης
1464 3340 1771 3412 γενόμενος.
1805 3341 1907 3411 Δῆ-

317 3442 409 3494 λον
427 3437 527 3496 οὖν
549 3441 637 3495 ὅτι
660 3442 727 3511 τῇ
766 3440 907 3511 ἀρχῇ
951 3435 1378 3490 συνενδείκνυται
1408 3433 1502 3487 καὶ
1530 3432 1592 3485 τὸ
1605 3427 1908 3500 ὑποχείριον

316 3533 534 3603 τᾶγμει,
566 3531 713 3585 ὥστε
742 3526 995 3582 λελύσθαι
1023 3525 1122 3597 τὴν
1155 3525 1379 3595 ζήτησιν
1416 3523 1543 3594 περὶ
1567 3520 1659 3574 τοῦ
1690 3518 1806 3583 πῶς
1825 3513 1907 3583 εἷς

313 3618 393 3692 ἦν
411 3623 509 3675 καὶ
540 3619 685 3691 μετά
711 3616 952 3687 πλήθους
980 3614 1096 3669 ἐστι
1114 3631 1129 3645 ο
1150 3614 1250 3683 τῆς
1273 3612 1382 3684 γὰρ
1411 3609 1722 3681 ὑποχειρίου
1746 3625 1911 3679 στρα-

310 3714 447 3775 τιᾶ-ς
478 3711 634 3781 αὐτῷ
665 3706 1097 3775 συναποστάσης,
1130 3705 1520 3774 σεσαφήνισται
1548 3700 1609 3754 τὸ
1643 3697 1910 3772 ζητούμε-

306 3817 434 3854 νον.
474 3798 553 3851 τδ
577 3798 635 3852 δὲ
665 3798 972 3851 τελευταῖον
997 3793 1107 3847 τῶν
1128 3791 1564 3864 ὲπιζητηθέντων
1593 3789 1907 3859 κεφάλαιον,
1938 3800 1942 3805 ‘

300 3893 485 3959 λέγω
507 3889 675 3959 bini),
700 3888 816 3953 πῶς
838 3886 1198 3958 παραγίνεται
1224 3884 1287 3939 τὸ
1312 3883 1535 3956 Πνεῦμα
1553 3884 1660 3955 πρὸ
1687 3882 1783 3937 τοῦ
1810 3882 1909 3954 βα-

298 3984 675 4052 πτίσματος,
719 3980 1048 4053 πλατυτέρας
1092 3976 1389 4043 ἑξετάσεώς
1419 3993 1479 4031 τε
1532 3976 1626 4032 καὶ
1676 3974 1910 4047 θεωρίας

290 4075 615 4143 δεόμενον,
669 4071 782 4142 ἰδίῳ
815 4070 1251 4144 περιγράψαντες
1282 4068 1456 4140 λόγῳ,
1487 4066 1623 4121 Θεοῦ
1645 4065 1905 4129 διδόντος,

900 370 918 383 ί
1651 315 1738 369 DE
1773 313 2229 370 PYTIIONISSA.

332 438 393 491 tv
418 436 528 497 τοῖς
577 428 809 500 αὐχμοῖς
865 425 1402 498 ἀποξηραινομένου,
1442 425 1611 497 ἄλλης
1656 426 1735 497 τῷ
1774 444 1909 499 προ-

2016 432 2096 481 est
2126 437 2322 494 aquam
2359 421 2543 480 bibere
2575 438 2639 479 ex
2673 394 2935 494 torrente,
2984 427 3215 484 latenter
3265 442 3293 483 a
3342 426 3452 485 Deo
3491 431 3586 484 ad-

3493 322 3597 377 ιιι·

2024 514 2351 569 monebatur
2373 512 2509 578 fore,
2543 522 2601 569 ut
2628 529 2658 570 a
2686 517 2946 587 propheta
2974 519 3182 590 prolata
3207 529 3397 577 contra
3423 519 3596 576 lsrae-

2022 605 2147 660 litas
2182 605 2450 661 sententia
2484 606 2743 662 siccitatis
2769 615 2825 663 et
2859 610 3097 678 penuriae
3140 610 3331 668 imbris
3381 613 3449 668 ab
3476 613 3596 683 ipso

2022 711 2217 754 rursus
2262 697 2689 753 reseintieretur.
2736 699 2837 754 Cui
2880 700 3023 756 enim
3057 700 3243 756 datum
3279 711 3383 768 est,
3433 713 3492 759 ut
3524 721 3588 761 ex

2023 790 2141 846 solo
2163 798 2404 846 torrente
2426 789 2655 857 biberet,
2684 790 2776 847 illo
2797 791 3037 862 quidem,
3064 801 3125 848 ut
3144 794 3435 852 verisimile
3454 806 3592 862 erat,

1968 902 1979 919 κ
2021 880 2246 937 testibus
2299 879 2599 945 exsiccato,
2648 896 2772 936 eum
2814 882 3035 938 aliunde
3091 882 3225 937 nihil
3281 893 3594 955 Suppeteret

2023 970 2324 1042 prophetae,
2350 986 2459 1042 quo
2481 971 2627 1028 sitim
2650 972 2875 1039 levaret,
2900 974 3339 1045 quandoquidem
3364 978 3591 1034 vetitum

2023 1062 2102 1117 illi
2134 1060 2331 1126 fuerat,
2366 1078 2435 1119 ne
2481 1063 2702 1120 aliunde
2733 1072 2918 1135 potum
2967 1075 3241 1132 sumeret,
3294 1071 3592 1127 necessitas

2023 1144 2392 1221 incumbebat,
2424 1166 2484 1211 ut
2505 1156 2740 1228 pluviam
2768 1157 3086 1228 postularet,
3121 1173 3190 1214 ne
3218 1164 3430 1217 torrens
3452 1176 3589 1232 aqua

2023 1243 2435 1306 destitueretur.
2460 1246 2628 1303 Porro
2666 1260 2697 1303 ε
2728 1246 2909 1304 corvis
2939 1249 3238 1322 prophetae,
3266 1266 3390 1322 quae
3414 1251 3483 1306 ad
3510 1254 3595 1308 vi-

2021 1342 2168 1405 ctum
2200 1344 2355 1391 erant
2400 1334 2732 1401 necessaria,
2767 1335 3255 1393 subministrantur
3283 1379 3299 1406 ,
3361 1340 3468 1397 Deo
3494 1357 3592 1413 per

2020 1429 2138 1485 haec
2169 1430 2443 1501 prophetae
2486 1429 2817 1493 deelarante,
2865 1430 3067 1486 multos
3095 1445 3220 1486 esse
3263 1429 3357 1502 qui
3405 1431 3459 1485 in
3495 1429 3587 1485 Dei

2018 1521 2134 1577 veri
2176 1523 2327 1578 cultu
2376 1530 2808 1593 perseverarent,
2859 1539 2925 1579 ex
2975 1537 3085 1594 quo
3124 1523 3277 1579 cibus
3311 1520 3587 1593 propheta:

2021 1613 2471 1683 suppeditabatur
2501 1633 2515 1669 :
2556 1629 2733 1684 neque
2762 1614 2906 1669 enim
2936 1613 3173 1684 pallidos
3201 1613 3250 1668 ei
3278 1628 3466 1684 panes,
3491 1621 3586 1669 aut

2022 1704 2187 1762 idolis
2219 1706 2527 1762 immolatas
2551 1721 2743 1763 carnes
2774 1706 3136 1778 porrigerent.
3170 1705 3347 1776 Atque
3376 1707 3454 1761 ita
3494 1721 3589 1777 per

2019 1793 2133 1849 haec
2157 1794 2489 1850 incitabatur
2513 1794 2684 1859 Elias,
2717 1802 2777 1850 ut
2799 1794 3008 1865 aliquid
3040 1796 3107 1851 de
3136 1809 3235 1851 sua
3265 1795 3322 1851 in
3351 1810 3466 1862 eos,
3493 1797 3587 1865 qui

2018 1882 2169 1953 impii
2205 1883 2259 1937 in
2302 1882 2473 1939 Deum
2521 1883 2757 1949 fuerant,
2787 1882 2868 1937 ira
2894 1883 3216 1949 remitteret,
3247 1899 3371 1939 cum
3415 1900 3482 1941 ex
3520 1886 3590 1941 iis

2017 1986 2138 2043 quae
2160 1971 2357 2027 ﬁebant
2387 1973 2730 2043 intelligeret,
2763 1973 2963 2028 multos
3000 1988 3124 2030 esse
3154 1976 3247 2045 qui
3292 1974 3461 2031 Deum
3494 1991 3590 2032 cos

2017 2066 2215 2132 lerent,
2244 2080 2383 2134 quos
2407 2079 2623 2135 aequum
2653 2079 2763 2119 non
2794 2064 2866 2120 sit
2893 2079 3017 2120 cum
3047 2064 3158 2122 reis
3192 2066 3394 2137 puniri.
3428 2066 3589 2134 Quod

2015 2170 2147 2212 vero
2176 2170 2335 2212 mane
2364 2156 2582 2226 quidem
2620 2157 2797 2227 panis,
2827 2171 3057 2227 vespere
3082 2166 3261 2215 autem
3292 2171 3488 2216 carnes
3510 2158 3586 2214 illi

2016 2247 2524 2313 subministrantur,
2572 2246 2805 2303 fortasse
2834 2262 2932 2319 per
2970 2248 3211 2320 aenigma
3248 2248 3402 2314 illud,
3442 2251 3587 2320 quod

2025 2337 2109 2403 iit,
2140 2332 2405 2405 studium,
2436 2350 2532 2391 seu
2558 2334 2891 2406 diligentiam
2941 2338 3009 2392 ad
3043 2337 3207 2392 vitam
3234 2352 3360 2393 cum
3390 2339 3593 2393 virtute

2017 2426 2426 2499 transigendam
2467 2440 2580 2498 prta
2611 2442 2672 2484 se
2704 2424 2828 2493 fert,
2871 2427 3020 2498 quod
3070 2428 3139 2484 iis
3187 2429 3279 2499 qui
3319 2429 3588 2499 incipiunt

2017 2534 2156 2591 opus
2193 2522 2264 2574 sit
2297 2519 2439 2583 cibo,
2471 2520 2565 2589 qui
2597 2526 2681 2574 est
2712 2517 3117 2589 periectiorum,
3140 2517 3295 2590 juxta
3321 2518 3474 2575 Pauli
3503 2520 3589 2574 di—

2015 2617 2163 2663 ctum
2192 2626 2206 2663 :
2241 2606 2605 2677 Perfectorum
2644 2616 2819 2662 autem
2853 2617 2931 2663 est
2964 2608 3169 2664 solidus
3207 2609 3378 2672 cibus,
3405 2625 3589 2663 eorum

2015 2700 2106 2771 qui
2155 2714 2252 2769 pro
2301 2699 2678 2754 consuetudine
2720 2700 3037 2754 exercitatos
3082 2716 3264 2755 sensus
3308 2699 3497 2755 habent
3519 2700 3587 2753 ".

2018 2788 2222 2860 Moysis
2245 2796 2424 2844 autem
2456 2789 2722 2853 velamen,
2756 2803 2865 2860 quo
2893 2796 3122 2863 spectet,
3154 2805 3262 2845 non
3293 2790 3589 2861 ignorabis,

2016 2881 2062 2938 si
2097 2878 2392 2950 Epistolam
2419 2878 2485 2935 ad
2514 2876 2827 2937 Corinthios
2863 2880 3127 2937 lectitaris
3149 2882 3239 2936 δ”.
3263 2880 3419 2948 Quod
3456 2895 3590 2937 vero

2015 2973 2208 3029 attinet
2234 2972 2302 3027 ad
2323 2988 2388 3030 ea
2415 2987 2540 3043 qua:
2571 2972 2639 3029 de
2679 2972 2967 3029 sacrificiis
3000 2980 3354 3045 percontatus
3386 2987 3471 3039 es,
3502 2987 3591 3028 re-

2014 3071 2101 3120 cte
2121 3063 2335 3131 feceris,
2368 3063 2415 3118 si
2447 3062 2750 3119 Leviticum
2766 3057 3070 3124 studiosius
3089 3072 3368 3121 scrutatus
3395 3063 3591 3130 fueris,

2018 3152 2320 3223 majorique
2364 3151 2688 3209 assiduitate
2727 3155 3027 3225 generatim
3059 3167 3154 3210 eas
3183 3168 3304 3227 quas
3334 3154 3401 3209 ad
3455 3153 3591 3225 istas

2015 3244 2287 3314 pertinent
2343 3243 2487 3316 leges
2532 3241 2986 3298 eonsideraveris.
3042 3241 3135 3298 Sic
3188 3242 3333 3299 enim
3383 3243 3492 3309 ﬂet,
3531 3250 3591 3298 ut

2019 3346 2144 3387 cum
2174 3338 2290 3387 toto
2323 3339 2535 3402 partem
2566 3331 2878 3404 intelligas;
2907 3331 3197 3402 separatim
3225 3346 3461 3401 namque
3486 3331 3590 3387 hoc

2014 3422 2191 3478 solum
2225 3436 2334 3477 non
2359 3421 2517 3479 facile
2549 3421 2715 3478 fuerit
2745 3422 3061 3479 discernere
3083 3434 3147 3479 ac
3169 3423 3443 3510 discutere
3465 3430 3592 3479 ante

2014 3515 2185 3571 totius
2215 3516 2429 3586 generis
2457 3514 2921 3586 disquisitionem.
2966 3514 3026 3570 in
3061 3515 3148 3571 his
3177 3530 3307 3571 vero
3336 3516 3592 3586 quaestio-

2012 3605 2211 3672 uibus,
2254 3622 2377 3678 qua:
2427 3607 2495 3663 ad
2539 3608 2873 3679 contrariam
2925 3608 3199 3681 pertinent
3242 3616 3588 3680 potestatem,

2012 3695 2298 3754 manifesta
2325 3706 2411 3755 est
2439 3700 2663 3765 solutio,
2689 3715 2799 3755 non
2828 3700 3151 3771 simpliciter
3178 3703 3428 3772 angelum
3457 3699 3587 3756 fuis-

2011 3802 2090 3855 se,
2107 3789 2203 3846 sed
2221 3791 2361 3846 inter
2375 3790 2731 3863 archangelos
2752 3793 3110 3849 constitutum
3137 3790 3308 3848 fuisse
3333 3807 3478 3858 eum,
3493 3791 3589 3863 qui

2010 3879 2259 3938 desertor
2292 3889 2378 3939 est
2412 3882 2609 3941 factus.
2659 3883 2853 3956 Liquet
2898 3900 3028 3959 ergo
3062 3901 3167 3941 una
3200 3900 3325 3939 cum
3357 3883 3587 3955 imperio

2011 3975 2281 4031 subditam
2330 3976 2409 4033 illi
2462 3984 2699 4033 turmam
2747 3977 2975 4033 indicari
3030 3977 3133 4039 sic,
3186 3986 3244 4030 ut
3292 3975 3469 4031 soluta
3518 3976 3591 4031 sit

2010 4067 2240 4138 quaestio
2277 4069 2390 4135 illa,
2420 4084 2530 4140 quo
2557 4076 2720 4137 pacto
2751 4083 2892 4123 unus
2932 4067 3118 4130 fuerit,
3157 4073 3213 4122 et
3249 4080 3373 4121 cum
3443 4067 3586 4122 mul-

288 4160 741 4234 ἀποστελοῦμέν
769 4179 863 4217 σου
883 4164 949 4234 τῇ
982 4161 1273 4232 τιμιότητι.

2016 4158 2247 4215 titudine
2271 4160 2378 4215 sit:
2416 4176 2543 4220 cum
2573 4160 2718 4218 enim
2753 4158 2825 4224 id,
2861 4158 3006 4228 quod
3032 4156 3337 4228 subjectum
3369 4159 3447 4215 illi
3474 4156 3591 4215 erat

283 4275 552 4332 agmen.
581 4271 709 4314 eam
740 4272 807 4313 eo
831 4254 1112 4321 defecerit,
1136 4253 1443 4327 expositum
1474 4260 1556 4309 est
1587 4250 1735 4323 quod
1794 4250 2163 4322 quaerebatur.
2210 4251 2554 4309 Postremum
2617 4265 2750 4307 vero
2795 4256 2960 4322 caput
3029 4250 3391 4324 quaestionum
3458 4264 3588 4322 pro-

282 4356 658 4427 pnsiurum,
692 4350 987 4424 quomodo,
1016 4350 1263 4420 inquam,
1291 4346 1532 4418 Spiritus
1573 4352 1700 4401 ante
1781 4343 2115 4415 baptismum
2159 4343 2429 4408 adveniat,
2492 4343 2741 4415 ampliori
2765 4342 2969 4415 indiget
2989 4342 3373 4415 disquisitione
3426 4352 3590 4416 atque

276 4448 799 4512 causidentione.
826 4446 969 4519 quod
1007 4459 1133 4501 cum
1179 4443 1402 4517 proprio
1441 4441 1584 4498 libro
1628 4438 1896 4511 complexi
1937 4436 2239 4506 fuerimus,
2290 4439 2398 4497 Deo
2438 4440 2623 4507 dante,
2658 4440 2727 4496 ad
2790 4444 2945 4495 tuam
2978 4442 3336 4495 reverentiam
3403 4448 3589 4496 trans-

276 4544 637 4599 Ismenius.

354 4683 411 4713 δ’
466 4679 653 4738 llcbr.
681 4700 737 4751 ν,
774 4684 861 4742 i3.
938 4689 1006 4721 ⁸³⁸
1046 4687 1089 4745 ιι
1115 4691 1243 4747 Cor.
1276 4705 1358 4761 Ill,
1398 4693 1482 4749 i3.
