4072 6212
638 404 759 472 'ms

671 559 1428 593 πεζαὶ-..πεῖ

1467 559 1555 566 _.—

1472 783 1700 870 ΤΟΥ
1778 785 1922 869 EN
2010 780 2374 868 ΑΓΙΟΙΣ

1859 403 1917 458 S.
1974 400 2309 492 GREGORIII
2339 398 2629 455 NYSSENI

1749 558 1936 566 ς---α-ῄ--ι
1950 557 2083 566 .n——..
2095 557 2366 566 ---...'——

1987 551 2994 581 mm

3761 388 3841 442 {l6

3191 549 3425 559 —-———————

2763 551 2994 562 ______
3038 550 3068 575 π
3081 551 3103 575 ,ε
3116 545 3639 575 ===_____=__..==.__

3651 545 3851 573 εῖτ-ι·-

2472 777 3094 866 ΓΡΗΓΟΡΙΟΥ
3181 837 3189 852 ,

1948 1031 2343 1088 ΕΠΙΣΚΟΠΟΥ
2373 1029 2648 1085 ΝΥΣΣΗΣ

819 1284 1208 1416 ΠΕΡΙ
1358 1277 1707 1413 ΤΟΥ
1777 1280 2036 1412 ΜΗ
2111 1269 2549 1404 ΕΙΝΑΙ
2623 1272 3100 1403 ΤΡΕΙΣ
3198 1267 3735 1404 ΘΕΟΥΣ

1979 1557 2176 1610 ΠΡΟΣ
2223 1555 2598 1611 ABAA-BION.

1756 1970 1849 2059 S.
1908 1970 2014 2056 P.
2089 1967 2207 2054 N.

2259 1941 2839 2056 GREGORII

1972 2225 2285 2283 EPISCOPI
2327 2224 2626 2282 NYSSENI

1299 2460 1691 2600 QUOD
1775 2458 2070 2577 NON
2134 2391 2145 2402 “
2217 2458 2551 2572 SINT
2642 2451 3004 2571 TRES
3085 2456 3294 2572 Dll

2031 2678 2129 2762 An
2159 2705 2563 2764 ABLABIUM.

1499 2894 1792 2961 (Laurentio
1813 2893 1980 2945 Sifano
2013 2890 2310 2955 interprete.
2335 2918 2395 2929 —
2425 2891 2515 2941 Ed.
2543 2890 2683 2950 1658,
2713 2897 2747 2941 t.
2772 2891 2859 2952 Ill,
2884 2905 2932 2954 p.
2964 2889 3065 2952 15.)

669 3257 932 3325 Ostendit,
978 3268 1082 3311 tres
1114 3255 1377 3311 Personas
1412 3254 1620 3310 divinas
1675 3271 1778 3310 non
1821 3269 1972 3322 posse
2027 3254 2135 3308 dici
2166 3263 2272 3308 tres
2314 3253 2460 3318 deos,
2511 3253 2602 3306 sed
2631 3270 2720 3307 eas
2755 3269 2918 3307 ummz
2975 3253 3137 3309 Deum
3167 3271 3297 3310 esse.
3352 3255 3673 3324 Opusculum
3707 3259 3806 3313 hoc
3840 3277 3860 3314 ε

735 3354 948 3408 nomine
977 3373 993 3404 ι
1039 3350 1301 3421 Epistola:
1335 3347 1404 3404 ad
1427 3349 1712 3404 Ablabium
1745 3350 1809 3404 de
1839 3347 1898 3404 S.
1935 3349 2190 3403 Trinitate
2225 3367 2243 3401 ι

2265 3349 2384 3418 jam
2422 3349 2550 3403 olim
2581 3348 2834 3421 Gregorio
2868 3348 3110 3422 Nysseno
3159 3351 3366 3418 tribuit,
3408 3352 3523 3407 loco
3559 3352 3680 3408 inde
3698 3355 3855 3422 prola

737 3458 884 3498 conc.
917 3440 1170 3497 Laterau.
1227 3441 1355 3496 anni
1386 3437 1510 3522 διν,
1537 3439 1678 3495 decr.
1711 3455 1761 3494 v.
1795 3437 2015 3508 (Mansi,
2053 3449 2092 3494 ι.
2135 3438 2205 3504 Χ,
2238 3439 2340 3496 col.
2376 3439 2556 3509 1075.)

739 3819 849 3876 Vos
888 3819 1132 3892 quidem,
1165 3820 1257 3892 qui
1278 3821 1435 3891 juxta
1469 3820 1747 3876 internum
1781 3820 2059 3876 hominem
2090 3821 2240 3876 omni

569 3933 572 3944 σ
663 3913 866 3968 robore
887 3913 1107 3984 vigetis,
1144 3928 1360 3982 aequum
1415 3920 1534 3968 erat
1567 3929 1692 3969 cum
1743 3911 2076 3968 adversariis
2107 3912 2247 3966 veri-

665 4004 800 4059 tatis
831 4003 1133 4070 decertare,
1173 4019 1412 4075 eumque
1463 4003 1610 4059 haud
1648 4005 1914 4076 gravatim
1965 4003 2248 4070 suscipere

665 4096 936 4164 laborem,
967 4103 1028 4151 ut
1052 4111 1154 4152 nos
1185 4102 1372 4166 patres
1402 4096 1683 4167 praeclaris
1737 4096 1976 4152 ﬁliorum
2030 4097 2248 4152 sudori-

666 4190 770 4245 bus
796 4189 1202 4244 oblectaremur
1232 4189 1362 4260 (hoc
1403 4189 1550 4244 enim
1585 4189 1829 4260 suggerit
1852 4187 1939 4243 lex
1971 4195 2203 4257 naturae)
2229 4205 2245 4255 ;

667 4280 763 4337 sed
792 4281 1053 4351 quoniam
1106 4280 1326 4337 inverso
1357 4281 1552 4337 ordine
1580 4281 1646 4337 ad
1677 4296 1780 4338 nos
1806 4281 1981 4336 mittis
2012 4279 2249 4352 impetus

665 4371 1001 4442 cuSpidum,
1052 4370 1256 4442 quibus
1312 4372 1614 4428 adversarii
1670 4374 1955 4428 veritatem
2013 4379 2246 4443 petunt,

667 4463 1025 4534 postulasque
1052 4477 1084 4518 a
1123 4461 1284 4518 nobis
1318 4463 1545 4520 senibus
1583 4463 1775 4535 clypeo
1810 4463 1934 4520 ﬁdei
1969 4464 2248 4535 exstingui

667 4555 939 4610 carbones
994 4555 1386 4619 desolatorios,
1417 4565 1471 4611 et
1515 4555 1737 4609 retundi
1785 4556 1889 4610 tela
1916 4571 2013 4625 per
2056 4555 2248 4610 falsam

668 4644 957 4698 scientiam
1007 4654 1194 4710 acuta,
1242 4645 1580 4714 suscipimus
1633 4659 1774 4700 onus
1820 4645 2150 4716 injunctum,
2185 4661 2251 4701 ac

666 4736 768 4791 tibi
815 4736 884 4791 ad
940 4751 1272 4807 propensam
1328 4736 1696 4793 obedientiam
1745 4737 1997 4808 exemplo
2033 4753 2247 4804 sumus,

668 4836 729 4882 ut
759 4829 923 4884 etiam
958 4830 1076 4899 ipse
1125 4829 1288 4884 nobis
1319 4827 1554 4884 invicem
1588 4843 1774 4899 parem
1806 4829 2052 4898 praebeas
2081 4830 2136 4884 in
2169 4829 2250 4886 si-

669 4920 896 4976 milibus
919 4918 1096 4989 jussis
1121 4918 1564 4984 retributionem,
1611 4918 1657 4974 si
1696 4919 1919 4990 quando
1945 4929 1998 4975 te
2026 4920 2092 4975 ad
2117 4920 2250 4976 talia

668 5011 973 5066 certamina
1002 5008 1452 5074 excitaverimns,
1489 5024 1523 5064 ο
1556 5017 1780 5066 strenue
1831 5010 2040 5066 Christi
2090 5011 2250 5068 miles

667 5104 914 5162 Ablabie.
944 5105 1042 5160 Est
1071 5110 1253 5158 autem
1280 5102 1429 5157 haud
1459 5117 1626 5172 parva
1654 5103 1887 5174 quaestio
1920 5103 2053 5169 hzec,
2085 5119 2249 5174 quam

617 5189 622 5194 '
671 5195 1010 5266 proposuisti
1056 5195 1239 5262 nobis,
1293 5210 1473 5267 neque
1521 5195 1814 5267 ejusmodi,
1863 5211 1986 5266 quae
2032 5197 2080 5252 si
2136 5212 2248 5252 non

671 5291 1065 5346 convenienter
1099 5303 1164 5345 ac
1193 5288 1357 5359 digne
1397 5295 1632 5344 tractata
1690 5295 1746 5344 et
1777 5289 2086 5344 examinata
2126 5287 2246 5345 fne-

671 5378 764 5440 rit,
798 5394 906 5434 non
943 5396 1138 5451 parum
1171 5381 1485 5438 detrimenti
1509 5381 1740 5435 allatura
1775 5381 1866 5435 sit.
1895 5379 2131 5436 Necesse
2161 5389 2248 5436 est

671 5467 817 5522 enim
851 5483 916 5522 ex
949 5471 1000 5523 vi
1038 5471 1413 5538 theorematis,
1449 5471 1751 5528 secundum
1787 5487 1912 5527 eum
1942 5471 2034 5541 qui
2068 5470 2242 5540 prima

672 5555 854 5612 fronte
885 5571 944 5612 se
979 5556 1137 5612 oﬂ‘ert
1172 5559 1532 5625 intellectum,
1575 5560 1631 5616 in
1667 5561 1988 5616 alterutrum
2019 5575 2246 5631 prorsus

671 5647 1025 5704 dissimilium
1063 5648 1293 5705 duorum
1337 5652 1583 5709 incidere
1616 5668 1879 5719 errorem,
1923 5660 1979 5708 et
2020 5653 2101 5707 vel
2132 5659 2246 5709 tres

672 5742 858 5797 dicere
883 5740 1017 5796 deos
1050 5741 1216 5810 (quod
1245 5743 1401 5799 nefas
1427 5743 1554 5810 est).
1587 5746 1667 5800 vel
1699 5741 2013 5800 testimonio
2054 5749 2244 5797 nostro

674 5851 785 5892 non
838 5833 1219 5914 comprobare,
1281 5835 1424 5906 quod
1465 5835 1602 5891 Filio
1659 5837 1998 5907 Spirituique
2052 5843 2244 5894 sancto

2274 3817 2318 3873 Α
2430 3819 2605 3889 ’Υμᾶς
2639 3820 2737 3891 μὲν
2764 3820 2970 3875 δίκαιόν
2996 3819 3114 3872 ἐστι
3146 3818 3273 3882 τοὺς
3315 3816 3666 3888 ἀκμάζοντας
3703 3819 3763 3871 ἐν
3796 3825 3860 3874 πό

2345 3907 2571 3978 δυνάμει
2598 3909 2739 3964 κατὰ
2767 3909 2857 3963 τὸν
2885 3909 2992 3963 ἔσω
3016 3908 3303 3980 ἄνθρωπον
3337 3907 3470 3977 πρὸς
3500 3907 3632 3970 τοὺς
3660 3908 3859 3962 ἐναντί

2346 4000 2446 4071 τῆς
2491 4000 2746 4072 ἀληθείας
2777 4001 3215 4071 διαγωνίζεσθαι,
3257 3987 3351 4054 καὶ
3381 3999 3456 4072 μὴ
3491 4002 3786 4054 κατοκνεῖν
3816 4019 3860 4053 π

2349 4092 2476 4155 τοὺς
2496 4092 2712 4157 πόνους,
2739 4093 2887 4157 ὅπως
2914 4092 2979 4147 ἂν
3000 4095 3160 4164 ἡμεῖς
3187 4093 3235 4145 οἱ
3271 4091 3506 4164 πατέρες
3537 4094 3652 4156 τοῖς
3674 4109 3851 4161 γεννα

2350 4183 2536 4256 ἱδρῶσι
2559 4185 2668 4240 τῶν
2694 4184 2898 4238 τέκνων
2925 4183 3416 4256 ἐπευφραινώμεθα
3445 4182 3631 4254 (τοῦτο
3661 4183 3774 4255 γὰρ
3801 4187 3832 4238 ὁ

2351 4277 2567 4348 φύσεως
2591 4277 2906 4332 ὑποτίθεται
2931 4277 3139 4349 νόμος)·
3171 4277 3360 4349 ἐπειδὴ
3390 4276 3448 4331 δὲ
3476 4276 3844 4350 ἀναστρέψας

2351 4368 2503 4434 τάξιν
2533 4369 2617 4439 ἐφ’
2647 4371 2794 4440 ἡμᾶς
2846 4370 3087 4442 πέμπεις
3115 4370 3213 4434 τὰς
3242 4369 3549 4442 προσϐολὰς
3578 4369 3696 4423 τῶν
3725 4370 3860 4423 ἀκίδ

2353 4455 2441 4526 αἷς
2460 4463 2508 4514 οἱ
2537 4461 2899 4532 ἀντικείμενοι
2921 4464 2986 4534 τῇ
3011 4461 3239 4533 ἀληθείᾳ
3268 4461 3546 4532 βάλλουσι,
3575 4462 3680 4516 καὶ⁵
3711 4461 3860 4514 κελει

2350 4552 2428 4622 τῷ
2457 4550 2636 4622 θυρεῷ
2662 4551 2761 4622 τῆς
2784 4551 3018 4614 πίστεως
3058 4553 3188 4624 παρ’
3212 4553 3370 4624 ἡμῶν
3395 4551 3506 4606 τῶν
3535 4552 3836 4623 γερόντων

2349 4642 2737 4697 τασϐέννυσθαι
2795 4645 2922 4708 τοὺς
2993 4645 3294 4715 ἐρημικοὺς
3355 4643 3644 4716 ἄνθρακας
3672 4682 3690 4707 ,
3746 4645 3860 4697 καὶ

2351 4734 2666 4806 ἠκονημένα
2696 4733 2786 4788 διὰ
2813 4737 2913 4806 τῆς
2935 4733 3287 4806 ψευδωνύμου
3317 4735 3576 4804 γνώσεως
3611 4734 3781 4805 βέλη,
3825 4736 3859 4788 δ

2355 4826 2494 4897 μεθα
2535 4825 2598 4879 τὸ
2640 4825 2950 4896 ἐπίταγμα,
3002 4827 3086 4880 σοὶ
3119 4827 3288 4890 τύπος
3316 4828 3415 4898 τῆς
3446 4828 3790 4892 εὐπειθείας
3830 4847 3860 4897 γ

2355 4936 2525 4989 μενοι,
2565 4918 2637 4984 ὡς
2670 4917 2736 4974 ἂν
2769 4919 2862 4973 καὶ
2893 4919 3055 4983 αὐτὸς
3087 4921 3215 4991 ἡμῖν
3240 4921 3636 4992 ἀντιπαρέχοις
3688 4921 3802 4993 τὴν

2351 5010 2582 5064 ἐπὶτῶν
2624 5010 2824 5082 ὁμοίων
2875 5011 3266 5082 ἐπιταγμάτων
3307 5012 3607 5074 ἀντίδοσιν,
3664 5012 3860 5066 εἴποτέ

2354 5099 2488 5170 πρὸς
2513 5100 2642 5163 τοὺς
2672 5099 2945 5165 τοιούτους
2976 5101 3169 5166 ἄθλους
3205 5102 3709 5174 διαναστήσαιμεν,
3761 5099 3816 5156 ὦ

2279 5173 2326 5234 Β
2353 5194 2466 5246 ναῖε
2511 5193 2606 5246 τοῦ
2638 5193 2873 5264 Χριστοῦ
2906 5195 3210 5266 στρατιῶτα
3253 5173 3519 5252 Ἀὃλάόιε.
3576 5173 3771 5251 ν”Εστι
3831 5199 3860 5250 δ

2357 5285 2550 5355 μικρὸς
2580 5278 2735 5350 οὗτος
2759 5288 2787 5340 ὁ
2814 5285 2967 5356 λόγος
2993 5288 3051 5340 ὃν
3079 5289 3394 5359 προέτεινας
3421 5290 3581 5361 ἡμῖν,
3613 5289 3757 5343 οὐδὲ
3806 5309 3860 5342 τι

2351 5393 2440 5440 τος
2466 5375 2540 5440 ὡς
2563 5375 2748 5446 ὀλίγην
2775 5378 2959 5450 φέρειν
2994 5378 3216 5450 ζημίαν,
3239 5382 3287 5433 εί
3316 5381 3393 5452 μὴ
3419 5381 3520 5452 τῆς
3551 5398 3859 5452 προσηκοη

2350 5467 2648 5534 ἐξετάσεως
2681 5468 2851 5540 τύχοι.
2899 5471 3133 5542 Ἀνάγκη
3175 5473 3283 5543 γὰρ
3315 5473 3378 5525 ἐκ
3402 5472 3499 5541 τῆς
3527 5472 3675 5542 βίας
3703 5473 3820 5525 τοῦ
3853 5477 3860 5518 i

2357 5557 2619 5629 ρήματος,
2660 5557 2717 5611 ἓν
2743 5559 2962 5624 πάντως
2987 5561 3096 5614 τῶν
3123 5563 3227 5614 ἀπε
3236 5563 3588 5632 μφαινόντων
3627 5581 3853 5617 συνενε

2352 5666 2439 5702 ναι
2485 5649 2624 5703 κατὰ
2673 5650 2766 5704 τὸν
2807 5651 3094 5724 πρόχειρον
3141 5653 3287 5718 νοῦν,
3337 5657 3432 5708 καὶ
3481 5655 3513 5726 ἦ
3560 5659 3744 5727 τρεῖς
3809 5657 3860 5708 λε

2353 5739 2520 5804 Θεοὺς
2556 5742 2712 5814 (ὅπερ
2743 5743 3038 5815 ἀθέμιτον),
3138 5747 3212 5818 μὴ
3241 5749 3722 5820 προσμαρτυρεῖν
3762 5748 3858 5816 τῷ

2356 5835 2447 5889 καὶ
2474 5834 2548 5906 τῷ
2592 5836 2729 5908 ἁγίῳ
2755 5829 3028 5911 Πνειύματι
3068 5838 3163 5910 τὴν
3193 5839 3417 5910 θεότητα
3443 5857 3454 5871 ·
3485 5843 3647 5911 ὅπερ
3683 5841 3860 5895 ἀσεει
