4072 6212
342 301 449 357 H7

1491 297 1678 364 QUOD
1719 295 1856 352 NON
1899 296 2052 352 SINT
2099 299 2278 356 TRES
2317 300 2429 356 Dll.

3521 312 3624 367 H8

343 426 439 480 ut
466 423 684 477 ἄτοπον.
731 422 804 474 Τὸ
832 421 886 475 δὲ
922 421 1209 493 λεγόμενον
1232 423 1378 495 παρά
1403 422 1497 476 σοῦ
1517 409 1754 476 τοιοῦτόν
1780 422 1896 475 ἐστι

2037 424 2212 481 (leitas
2265 425 2408 480 adsit
2445 445 2458 481 :
2497 429 2643 498 quod
2682 438 2736 484 et
2782 431 3009 503 impium
3057 442 3140 488 est
3193 440 3247 489 et
3292 434 3620 490 absurdum.

342 519 572 587 Πέτρος,
595 517 692 569 καὶ
727 515 1001 578 ’Ῑάκωῦος,
1031 518 1124 569 καὶ
1166 515 1435 588 Ἰωάννης,
1474 517 1532 570 ἐν
1564 518 1664 587 μιᾷ
1689 517 1839 579 ὄντες
1861 519 1928 588 τῇ

335 607 723 678 ἀνθρωτότητι
747 646 762 669 ,
811 609 963 677 τρεῖς
993 607 1266 678 ἄνθρωποι
1300 607 1569 676 λέγονται.
1625 609 1736 660 Καὶ
1775 607 1926 662 οὐδὲν

325 701 533 752 ἄτοπον
559 699 692 762 τοὺς
723 699 1100 770 συνημμένους
1125 700 1267 754 κατά
1299 700 1398 772 τὴν
1425 699 1605 769 φύσιν,
1637 703 1684 754 εί
1717 700 1933 764 πλείους

327 787 464 857 εἷεν,
512 793 577 845 ἐκ
603 791 699 844 τοῦ
727 791 1068 861 τῆς-φύσεως
1101 793 1368 863 ὀνόματος
1398 793 1779 863 πληθυντικῶς
1810 795 1932 866 ἀριέ

327 885 613 956 θμεῖσθαι.
649 886 712 938 Et
745 882 841 939 οὗν
872 887 992 939 ἐκεῖ
1018 884 1179 940 τοῦτο
1206 886 1421 940 δίδωσιν
1453 889 1483 957 ἡ
1522 887 1797 957 συνήθεια,
1837 886 1934 942 καὶ

328 981 358 1030 ὀ
389 978 756 1049 ἀπαγορεύων
784 979 886 1032 οὐκ
909 977 1024 1031 ἔστι
1055 977 1149 1032 δύο
1168 978 1349 1047 λέγειν
1376 981 1505 1044 τοὺς
1526 979 1637 1043 δύο,
1666 978 1761 1033 καὶ
1785 980 1932 1050 τρεῖς

327 1071 460 1134 τοὺς
505 1069 649 1140 ὑπὲρ
695 1069 824 1122 δύο·
869 1069 987 1135 πῶς
1036 1071 1128 1123 ἐπὶ
1170 1070 1281 1124 τῶν
1325 1071 1604 1142 μυστικῶν
1642 1071 1931 1141 δογμάτων

328 1163 428 1224 τὰς
475 1164 626 1231 τρεῖς
679 1161 1011 1225 ὑποστάσεις
1059 1162 1481 1233 ὁμολογοῦντες,
1529 1162 1623 1216 καὶ
1673 1163 1932 1233 οὐδεμίαν

325 1255 416 1305 ἐπ’
445 1253 629 1306 αὐτῶν
655 1252 758 1325 τὴν
789 1253 930 1306 κατά
959 1253 1118 1322 φύσιν
1145 1255 1409 1326 διαφορὰν
1446 1255 1772 1322 ἐννοοῦντες,
1822 1272 1929 1325 μα·-

323 1346 540 1415 χόμεθα
568 1345 775 1418 τρόπον
807 1345 932 1399 τινά
962 1349 1029 1418 τῇ
1065 1347 1348 1419 ὁμολογίᾳ,
1394 1348 1523 1418 μίαν
1553 1349 1650 1419 μὲν
1676 1349 1776 1419 τὴν
1808 1347 1926 1402 θεός

321 1452 464 1506 τητα
511 1434 610 1488 τοῦ
661 1435 878 1506 Πατρός
925 1437 1019 1489 καὶ
1043 1435 1140 1490 τοῦ
1169 1436 1300 1490 Υίοῦ
1327 1438 1422 1491 καὶ
1446 1437 1540 1491 τοῦ
1569 1438 1728 1507 ἁγίου
1758 1437 1930 1494 Πνεύ-

323 1545 501 1598 ματος
529 1527 801 1595 λέγοντες.
828 1531 976 1600 τρεῖς
995 1529 1050 1582 δὲ
1076 1528 1232 1594 θεοὺς
1251 1529 1434 1598 λέγειν
1455 1530 1890 1599 ἀπαγορεύοντες
1910 1547 1925 1597 ³

330 1620 391 1673 ’0
424 1621 527 1688 μὲν
557 1615 654 1672 οὖν
679 1618 857 1686 λόγος.
890 1619 1074 1684 καθὼς
1097 1619 1367 1692 προέφην,
1404 1621 1540 1674 πολὺ
1564 1621 1623 1674 τὸ
1649 1621 1924 1693 δυσμετα-

317 1714 602 1783 χείριστον
633 1730 646 1742 ·
696 1714 860 1782 ἡμεῖς
905 1711 961 1764 δὲ
995 1713 1043 1765 εί
1095 1711 1194 1782 μέν
1223 1729 1274 1765 τι
1307 1710 1549 1765 τοιοῦτον
1575 1710 1831 1787 εὕροιμεν
1857 1713 1926 1767 δι’

315 1800 378 1858 0‘5
402 1804 463 1857 τὸ
486 1802 792 1874 ἀμφίϐολον
820 1803 920 1874 τῆς
949 1803 1188 1867 διανοίας
1215 1803 1374 1874 ἡμῶν
1399 1803 1696 1874 ἐρεισθείη,
1726 1805 1925 1876 μηκέτι

315 1896 458 1963 πρὸς
486 1895 552 1947 τὸ
596 1893 884 1964 διάλημμα
930 1894 994 1946 τὸ
1039 1894 1139 1964 τῆς
1182 1894 1413 1958 ἀτοπίας
1448 1893 1794 1958 ἐπιδιστάζον
1829 1899 1924 1950 καὶ

314 1985 786 2055 κραδαινόμενον,
838 1980 898 2038 εὖ
953 1984 1020 2038 ἂν
1073 1983 1226 2054 ἔχοι*
1283 1984 1332 2036 εἱ
1373 1983 1431 2037 δὲ
1462 1984 1558 2038 καὶ
1588 1984 1922 2056 ἀτονώτερος

307 2077 615 2148 ἐλεγχθείη
662 2075 752 2130 τοῦ
797 2075 1185 2148 προϐλήματος
1233 2077 1262 2128 ὀ
1296 2075 1558 2147 ἡμέτερος
1588 2075 1780 2144 λόγος,
1821 2076 1922 2148 τὴν

311 2172 418 2240 μὲν
458 2170 762 2239 παράδοσιν
803 2170 870 2240 ἦν
919 2169 1072 2239 παρά
1105 2168 1212 2221 τῶν
1244 2167 1501 2238 πατέρων
1541 2167 1916 2239 διεδεξάμεθα,

310 2262 636 2332 φυλάξομεν
678 2263 759 2326 είς
789 2262 874 2314 άεὶ
903 2261 1126 2332 βεϐαίαν
1169 2277 1227 2313 τε
1271 2262 1364 2314 καὶ
1395 2260 1651 2329 ἀκίνητον
1680 2275 1695 2290 ο
1745 2260 1836 2313 τὸν
1864 2260 1922 2314 δὲ

312 2360 625 2429 συνήγορον
671 2355 771 2424 τῆς
818 2356 1056 2418 πίστεως
1103 2353 1260 2422 λόγον
1287 2396 1302 2420 ,
1369 2353 1519 2425 παρά
1565 2351 1660 2406 τοῦ
1712 2352 1919 2423 Κυρίου

309 2454 650 2524 ζητήσωμεν
679 2467 694 2480 ο
747 2449 806 2512 ὃς
857 2449 906 2502 εί
963 2447 1062 2518 μὲν
1118 2447 1368 2518 εὑρεθείη
1415 2446 1568 2517 παρά
1618 2462 1764 2508 τινος
1809 2444 1919 2498 τῶν

310 2546 549 2615 ἐχόντων
581 2543 685 2614 τὴν
711 2543 892 2614 χάριν,
935 2540 1403 2612 εὐχαριστήσομεν
1431 2538 1511 2608 τῷ
1541 2536 1795 2590 δεδωκότι
1821 2536 1919 2606 τὴν

308 2637 471 2706 χάριν
497 2651 512 2665 ο
569 2635 623 2688 εἰ
667 2634 727 2686 δὲ
765 2631 862 2704 μὴ,
909 2630 1060 2684 οὐδὲν
1090 2627 1253 2703 ἦττον
1284 2628 1377 2683 ἐπὶ
1416 2628 1527 2682 τῶν
1557 2625 1918 2698 ἐγνωσμένων

311 2732 414 2800 τὴν
450 2730 651 2782 πίστιν
674 2724 1016 2798 ἀμετάθετον
1045 2724 1259 2796 ἕξομεν.
1319 2756 1324 2760 -

2040 515 2213 571 Porro
2248 517 2391 588 quod
2417 517 2515 574 abs
2542 528 2595 575 te
2623 520 2848 589 dicitur,
2893 530 3002 579 tale
3028 535 3115 580 est
3160 543 3174 579 :
3203 525 3421 594 Petrus,
3450 535 3505 582 et
3529 525 3623 582 Ja-

2042 609 2218 665 cobus
2241 621 2294 664 et
2327 608 2595 678 Joannes,
2619 629 2743 668 cum
2777 616 2831 669 in
2864 633 2969 671 una
2996 617 3106 674 sint
3131 620 3368 674 humana
3395 629 3617 684 natura,

2035 707 2148 756 tres
2179 701 2432 759 homines
2486 703 2768 760 dicuntur.
2802 707 2880 762 Ac
2915 708 3067 763 nullo
3108 710 3271 765 modo
3318 712 3620 769 absurdum

2034 800 2138 859 est,
2173 803 2368 849 natura
2417 795 2766 866 conjunctos,
2805 799 2851 854 si
2898 800 3086 868 plures
3121 802 3253 870 sint,
3301 819 3366 858 ex
3399 807 3622 862 nomine

2035 893 2246 940 naturae
2271 887 2560 966 pluraliter
2581 892 2885 947 numerari.
2924 889 2982 947 Si
3016 892 3187 965 igitur
3220 895 3332 951 illic
3361 895 3462 952 hoc
3493 914 3621 953 con-

2035 979 2270 1034 suetudo
2296 980 2576 1047 concedit,
2608 996 2672 1036 ae
2727 998 2889 1039 nemo
2924 991 3070 1040 vetat
3103 983 3244 1040 duos
3290 985 3492 1052 dicere,
3525 990 3616 1060 qui

2032 1067 2142 1124 duo
2181 1078 2334 1134 sunt,
2379 1080 2447 1127 ct
2493 1083 2604 1128 tres
2643 1088 2740 1128 eos
2770 1075 2864 1145 qui
2903 1091 3069 1147 supra
3109 1076 3249 1133 duos
3299 1085 3468 1135 sunt:
3509 1095 3620 1150 quo

2034 1170 2196 1232 pacto
2227 1162 2282 1217 in
2334 1165 2584 1235 mysticis
2624 1165 2864 1221 decretis
2917 1175 3034 1222 tres
3089 1168 3415 1240 bypostases
3447 1173 3620 1227 conﬁ-
3665 1203 3678 1216 ι

2033 1257 2233 1317 tentes,
2266 1259 2320 1306 et
2352 1253 2556 1308 nullam
2589 1255 2644 1308 in
2679 1254 2748 1310 iis
2775 1257 2924 1312 circa
2969 1265 3219 1340 naturam
3254 1259 3617 1317 differentiam

2031 1351 2418 1412 agnoscentes,
2439 1347 2799 1403 adversamur
2824 1349 3230 1418 quodammodo
3254 1352 3612 1428 confessioni,

2031 1448 2196 1488 unam
2231 1433 2453 1505 quidem
2489 1437 2749 1495 deitatem
2788 1439 2969 1498 Patris
3000 1448 3053 1497 et
3097 1439 3222 1498 Filii
3261 1452 3316 1498 ct
3377 1443 3619 1515 Spiritus

2031 1525 2208 1580 sancti
2253 1526 2525 1595 dicentes,
2559 1536 2676 1586 tres
2727 1539 2908 1587 autem
2952 1531 3085 1588 deos
3122 1533 3305 1590 dicere
3331 1538 3620 1592 vetantes?

2030 1613 2201 1686 Igitur
2230 1617 2464 1687 quaestio
2489 1618 2734 1688 quidem,
2765 1621 3229 1691 quemadmodum
3272 1624 3437 1679 modo
3466 1625 3618 1686 dice-

2030 1707 2177 1774 bam,
2228 1715 2469 1763 tractatu
2531 1711 2763 1764 multum
2819 1711 3058 1768 diﬁicilis
3123 1720 3262 1768 est:
3327 1714 3618 1770 nobiscum

2029 1814 2182 1863 vero,
2217 1800 2264 1854 si
2324 1799 2546 1871 quidem
2585 1801 2793 1873 aliquid
2850 1803 2960 1859 tale
3010 1805 3290 1874 possimus
3348 1806 3616 1872 invenire,

2030 1907 2128 1962 per
2157 1893 2302 1963 quod
2335 1893 2534 1950 mentis
2573 1903 2780 1951 nostrae
2824 1896 3158 1967 ambiguitas
3199 1897 3530 1964 ﬁrmaretur,
3565 1908 3619 1954 et

2030 1998 2139 2038 non
2175 1985 2409 2054 amplius
2437 1985 2502 2039 ad
2534 1986 2835 2041 absurdum
2863 1987 3121 2043 dilemma
3145 1988 3308 2043 dubia
3335 1990 3618 2044 vacillaret

2028 2084 2193 2146 atque
2213 2077 2495 2148 penderet,
2513 2079 2776 2148 praeclare
2797 2089 3053 2150 ageretur
3072 2098 3086 2134 :
3107 2081 3191 2136 sin
3216 2089 3399 2137 autem
3427 2093 3614 2137 nostra
3703 2130 3706 2132 γ

2027 2169 2206 2223 oratio
2231 2169 2513 2240 proposita
2541 2171 2846 2242 qumstione
2875 2172 3150 2228 inﬁrmior
3181 2183 3468 2246 arguatur,
3501 2185 3616 2230 tra-

2029 2260 2291 2317 ditionem
2317 2261 2565 2332 quidem,
2587 2279 2750 2334 quam
2773 2279 2802 2318 a
2822 2265 3072 2335 patribus
3095 2282 3191 2337 per
3206 2270 3614 2324 successionem

2029 2355 2370 2424 accepimus,
2408 2356 2758 2411 servabimus
2818 2358 2873 2411 in
2909 2366 3236 2430 perpetuum
3305 2358 3515 2432 ﬁrmam
3562 2370 3617 2416 et

2027 2444 2309 2500 immotam
2338 2463 2352 2500 :
2389 2446 2695 2502 orationem
2721 2463 2876 2513 vero,
2910 2465 3038 2520 quae-
3063 2450 3187 2506 tldei
3215 2435 3614 2524 patrocinetnr.

2027 2550 2056 2589 a
2088 2535 2324 2593 Domino
2381 2539 2730 2609 requiremus
2770 2559 2783 2595 :
2817 2556 2945 2610 quae
2987 2541 3035 2596 si
3080 2543 3150 2598 ab
3181 2544 3369 2614 aliquo
3397 2560 3612 2609 eorum,

2024 2628 2118 2698 qui
2152 2614 2326 2700 gratia
2347 2631 2560 2701 prmditi
2597 2639 2746 2698 sunt,
2779 2631 3002 2688 inventa
3032 2633 3218 2698 fuerit,
3251 2638 3456 2706 gratias
3483 2653 3612 2708 age-

2023 2735 2148 2778 mus
2175 2722 2248 2787 ei,
2279 2723 2373 2793 qui
2415 2723 2647 2794 gratiam
2693 2723 2905 2781 dederit
2939 2745 2954 2781 :
3006 2726 3092 2784 sin
3134 2727 3318 2783 minus
3367 2728 3422 2782 id
3455 2728 3613 2784 nobis

308 2823 638 2896 contigerit,
679 2821 854 2877 nihilo
903 2819 1086 2877 secius
1119 2821 1177 2874 in
1231 2818 1302 2874 iis
1346 2832 1468 2890 qum
1494 2818 1714 2874 decreta
1757 2823 1925 2888 atque
1994 2823 2201 2873 statuta
2277 2827 2432 2888 sunt,
2490 2804 2650 2876 ﬁdem
2696 2821 2950 2878 stabilem
2981 2829 3036 2878 et
3084 2821 3298 2879 ﬁrmam
3348 2824 3613 2881 retinebi-

373 3019 444 3072 Τί
478 3019 691 3090 δήποτε
730 3013 911 3069 τοίνυν
956 3014 1014 3069 ἐν
1048 3015 1113 3085 τῇ
1150 3010 1270 3066 καθ’
1297 3011 1444 3081 ἡμᾶς
1494 3007 1753 3078 συνηθείᾳ
1796 3005 1920 3060 καθ’

304 3114 400 3167 ἕνα
433 3113 565 3176 τοὺς
600 3113 659 3163 ἐν
702 3111 770 3181 τῇ
803 3108 964 3179 φύσει
1013 3108 1080 3177 τῇ
1130 3106 1266 3174 αὐτῇ
1307 3100 1687 3169 δεικνυμένους
1715 3099 1917 3172 ἀπαρι-

306 3207 628 3276 θμήσαντες
655 3199 1034 3272 πληθυντικῶς
1061 3196 1418 3268 ὀνομάζομεν,
1445 3194 1634 3257 τόσους
1662 3192 1911 3262 λέγοντες

306 3300 436 3362 τοὺς
466 3293 812 3367 ἀνθρώπους,
861 3293 956 3345 καὶ
1002 3289 1122 3361 οὐχὶ
1156 3289 1252 3342 ἕνα
1296 3289 1421 3351 τοὺς
1469 3287 1698 3349 πάντας,
1737 3285 1829 3338 ἐπὶ
1851 3283 1910 3338 δὲ

306 3391 407 3458 τῆς
440 3388 598 3452 θείας
621 3386 837 3456 φύσεως
867 3381 1119 3436 ἐκϐάλλει
1147 3381 1206 3434 τὸ
1236 3379 1441 3449 πλῆθος
1468 3377 1578 3431 τῶν
1608 3376 1747 3431 θεῶν
1767 3379 1795 3432 ὀ
1813 3375 1906 3430 τοῦ

307 3483 584 3552 δόγματος
623 3479 817 3546 λόγος,
865 3475 961 3529 καὶ
1009 3472 1259 3544 ἀριθμῶν
1287 3470 1387 3534 τὰς
1419 3469 1767 3534 ὑποστάσεις,
1814 3467 1909 3522 καὶ

309 3575 407 3642 τὴν
435 3568 816 3642 πληθυντικὴ-θ
846 3564 1122 3637 σημασίαν
1150 3563 1209 3616 οὐ
1245 3561 1672 3633 προσδεχόμενος
1701 3578 1716 3627 ;
1752 3560 1908 3612 Ἔστι

311 3665 414 3734 μὲν
446 3659 543 3716 οὖν
576 3660 722 3715 κατά
751 3659 812 3712 τὸ
837 3657 1148 3730 πρόχειρον,
1182 3653 1342 3708 τοῦτο
1374 3655 1488 3716 τοῖς
1515 3652 1908 3723 ἁπλουστέροις

308 3755 565 3816 εἰπόντα,
615 3749 764 3814 δόξαι
806 3766 858 3802 τι
892 3747 1105 3816 λέγειν,
1153 3746 1234 3799 ὅτι
1269 3743 1486 3815 φεύγων
1532 3745 1562 3796 ὀ
1604 3742 1761 3812 λόγος
1809 3743 1908 3813 τῆς

319 3843 655 3912 Ἑλληνικῆς
678 3840 966 3903 πολυθεῖας
993 3837 1090 3910 τὴν
1109 3837 1424 3908 ὁμοιότητα,
1447 3834 1603 3898 θεοὺς
1629 3835 1688 3888 ὲν
1714 3833 1906 3906 πλήθει

306 3935 586 4006 ἀριθμεῖν
618 3935 983 4005 παρῃτήσατο,
1015 3931 1091 3994 ὡς
1120 3930 1186 3984 ἂν
1219 3929 1293 4000 μή
1329 3945 1412 3992 τις
1440 3927 1535 3980 καὶ
1559 3927 1670 3980 τῶν
1700 3927 1907 3998 δογμά-

301 4047 426 4083 των
455 4027 738 4099 νομισθείη
766 4027 1030 4097 κοινότης,
1059 4027 1108 4079 εἰ
1144 4026 1220 4097 μὴ
1259 4023 1577 4095 μοναδικῶς,
1609 4023 1747 4078 ἀλλὰ
1773 4025 1910 4096 πλη-

302 4121 594 4184 θυιηικῶς
626 4121 717 4173 καὶ
754 4121 880 4192 παρ’
920 4118 1077 4191 ἡμῶν
1126 4117 1412 4188 ἀριθμοῖτο
1453 4117 1514 4171 τὸ
1559 4116 1734 4178 θεῖον,
1785 4117 1908 4171 καθ’

299 4213 614 4284 ὁμοιότητα
645 4212 748 4282 τῆς
785 4211 916 4281 παρ’
942 4209 1120 4263 αὐτῶν
1153 4207 1443 4279 συνηθείας
1469 4223 1484 4238 ·
1527 4207 1686 4261 τοῦτο
1709 4208 1766 4261 δὲ
1796 4209 1908 4272 τοῖς

301 4306 408 4375 μὲν
441 4302 860 4375 ἀκεραιοτέροις
889 4300 1205 4370 λεγόμενον,
1254 4297 1386 4362 ἴσως
1428 4298 1494 4352 ἄν
1522 4316 1574 4352 τι
1613 4298 1783 4366 δόξειε
1817 4298 1906 4351 λέ-

297 4397 527 4464 γεσθαι,
565 4395 663 4448 ἐπὶ
718 4393 775 4447 δέ
815 4410 876 4462 γε
919 4391 1028 4445 τῶν
1070 4391 1246 4445 ἄλλων
1273 4390 1332 4444 τὸ
1370 4391 1558 4462 ἕτερον
1592 4391 1776 4455 αὐτοῖς
1805 4390 1907 4461 τῆς

2098 3002 2209 3058 Cur
2245 3002 2413 3074 igitur
2457 3003 2678 3060 tandem
2736 3003 2793 3060 in
2833 3014 3022 3062 nostra
3055 3008 3455 3064 consuetudine
3489 3023 3613 3064 cum

2029 3096 2309 3168 sigillatim
2339 3097 2818 3154 numeraverimus
2855 3113 2971 3164 eos,
3020 3100 3130 3171 qui
3177 3100 3231 3154 in
3279 3117 3386 3156 una
3415 3108 3613 3156 natura

1944 3149 1988 3209 ϐ
2024 3149 2501 3252 demonstrantur,
2543 3188 3003 3257 plurali’nomine
3023 3149 3278 3256 1utimur,
3310 3200 3393 3249 tot
3434 3193 3614 3248 homi-

2022 3295 2144 3344 nes,
2183 3285 2238 3335 et
2276 3291 2383 3333 non
2411 3293 2585 3332 unum
2635 3295 2830 3336 omnes
2873 3296 2999 3337 esse
3039 3281 3306 3348 dicentes,
3343 3284 3397 3339 in
3428 3284 3612 3339 divina

2021 3385 2154 3426 vero
2206 3378 2402 3424 natura
2459 3370 2604 3425 ratio
2658 3370 2866 3426 decreti
2917 3371 3148 3428 deorum
3207 3374 3612 3430 multitudinem

2013 3461 2258 3532 expellit,
2281 3470 2338 3516 et
2367 3460 2698 3533 bypostases
2719 3477 3041 3531 numerans,
3070 3471 3124 3519 et
3148 3464 3412 3534 pluralem
3442 3467 3614 3536 signi-

2013 3554 2325 3610 ﬁcationem
2386 3568 2500 3609 non
2531 3553 2867 3611 admittens?
2894 3553 2962 3610 Et
3022 3556 3246 3628 quidem
3289 3555 3494 3626 aliquid
3529 3556 3613 3611 di-

2010 3662 2135 3702 cere
2176 3646 2454 3710 videatur,
2489 3647 2537 3702 si
2591 3647 2716 3718 quis
2757 3647 3197 3718 simplicioribus
3255 3649 3311 3704 id
3369 3649 3518 3720 quod
3557 3650 3609 3704 in

2011 3740 2268 3804 promptu
2297 3741 2401 3799 est,
2424 3731 2594 3800 dicat,
2635 3735 2782 3806 quod
2825 3735 2968 3792 ratio
3015 3737 3227 3795 decreti
3260 3739 3488 3795 deorum
3517 3727 3630 3811 qui"

2011 3841 2041 3880 a
2070 3825 2279 3882 Graecis
2330 3825 2708 3894 celebrantur,
2751 3829 3126 3889 multitudinis
3185 3833 3604 3889 similitudinem

2010 3918 2215 3984 vitans,
2273 3917 2408 3976 deos
2462 3909 2651 3992 plures
2703 3938 2996 3981 numerare
3057 3925 3316 3990 noluerit,
3369 3941 3439 3980 ne
3491 3942 3601 3996 qua

2010 4010 2360 4068 decretorum
2395 4029 2616 4084 quoque
2647 4015 2996 4073 existimetur
3017 4033 3143 4073 esse
3185 4017 3520 4083 communio,
3555 4021 3605 4075 si

2010 4117 2121 4157 non
2151 4103 2524 4174 singulariter,
2557 4105 2652 4162 sed
2690 4107 2977 4177 pluraliter
3024 4109 3190 4164 etiam
3226 4124 3256 4163 a
3310 4111 3471 4166 nobis
3502 4128 3604 4167 nn-

2011 4209 2133 4249 men
2188 4206 2576 4252 numeraretur
2603 4197 2670 4251 ad
2705 4197 3134 4255 similitudinem
3186 4203 3606 4263 consuetudinis

2010 4282 2154 4352 apud
2187 4284 2310 4340 illos
2350 4284 2690 4354 obtinentis;
2727 4293 2895 4358 atque
2946 4287 3077 4356 hoc,
3121 4291 3390 4363 siquidem
3460 4295 3602 4352 inte-

2009 4375 2290 4446 grior-ibus
2331 4391 2397 4432 ac
2428 4377 2836 4438 sincerioribus
2863 4381 3102 4453 dicatur,
3137 4385 3370 4444 forsitan
3395 4389 3603 4461 aliquid

298 4488 642 4558 προτάσεως
682 4483 875 4554 στῆναι
927 4481 1255 4552 ζητούντων,
1303 4479 1337 4551 ἢ
1374 4481 1449 4552 μὴ
1493 4481 1776 4552 ὁμολογεῖν
1814 4481 1908 4534 ἐπὶ

2020 4469 2124 4525 dici
2170 4469 2444 4536 videatur,
2479 4471 2626 4544 apud
2676 4473 2818 4532 alios
2867 4485 3072 4544 autem,
3120 4469 3220 4550 ‘qui
3269 4483 3502 4540 alterum
3535 4500 3602 4541 ex

295 4578 410 4630 τῶν
442 4575 624 4647 τριῶν
661 4575 762 4645 τὴν
793 4572 1042 4643 θεότητα,
1091 4571 1124 4643 ἢ
1166 4575 1314 4643 τρεῖς
1360 4572 1578 4637 πάντως
1622 4572 1910 4650 ὀνομάζειν

292 4665 426 4727 τοῦς
471 4663 578 4734 τῆς
619 4662 791 4732 αὐτῆς
823 4659 1211 4724 κοινωνοῦντας
1234 4661 1508 4733 θεότητος,
1542 4660 1697 4716 οὔπω
1730 4663 1909 4717 τοιοῦ-

294 4756 389 4807 τόν
415 4757 545 4808 ἐστι
571 4754 633 4806 τδ
662 4753 970 4826 εἰρημένον,
997 4746 1108 4806 οἷον
1134 4753 1433 4825 ἐμποιῆσαί
1461 4770 1584 4808 τινα
1615 4753 1769 4810 λύσιν
1808 4754 1903 4810 τοῦ

295 4847 654 4917 ζητήματος

367 5118 600 5173 Οὐκοῦν
637 5117 949 5184 ἐπάναγκες
997 5114 1084 5170 διά
1132 5116 1394 5170 πλειόνων
1451 5115 1780 5187 ποιήσασθαι
1809 5116 1910 5190 τὴν

295 5215 635 5283 ἀπόκρισιν,
659 5212 806 5273 ὅπως
823 5209 891 5264 ἂν
913 5203 1027 5262 οἷόν
1041 5226 1098 5261 τε
1126 5205 1183 5282 ᾖ,
1209 5208 1267 5261 τὺ
1290 5208 1486 5280 ἀληθὲς
1505 5209 1906 5280 ἀνιχνεύοντας.

295 5308 370 5358 Οὐ
404 5306 535 5375 γὰρ
566 5303 696 5374 περὶ
728 5303 835 5356 τῶν
877 5301 1152 5373 τυχόντων
1198 5302 1226 5354 ὀ
1272 5301 1447 5370 λόγος.
1496 5301 1682 5373 Φαμὲν
1730 5303 1910 5358 τοίνυν

299 5398 538 5465 πρῶτον
572 5394 911 5466 κατάχρησίν
936 5409 1062 5446 τινα
1093 5391 1379 5461 συνηθείας
1410 5386 1547 5446 εἶναι
1582 5391 1642 5445 τὸ
1669 5393 1797 5456 τοὺς
1832 5393 1907 5462 μὴ

299 5487 684 5558 διῃρημένους
709 5489 774 5557 τῇ
799 5485 957 5555 φύσει
983 5485 1104 5538 κατ’
1135 5483 1266 5539 αὐτὸ
1288 5484 1350 5537 τὸ
1376 5483 1476 5554 τῆς
1496 5482 1708 5553 φύσεως
1739 5484 1910 5555 ὄνομα

303 5576 702 5648 show-“xci;
738 5575 1024 5646 ὀνομάζειν
1055 5576 1147 5629 καὶ
1191 5575 1389 5644 λέγειν,
1445 5576 1527 5629 ὅτι
1576 5575 1770 5628 Πολλοὶ
1814 5576 1909 5630 ἄν-

301 5668 530 5734 θρωποι
561 5684 575 5696 ο
625 5660 776 5739 ᾧπερ
819 5667 1003 5736 ὅμοιόν
1045 5669 1160 5722 ἐστι
1211 5669 1272 5722 τὸ
1324 5660 1535 5736 λέγειν,
1587 5667 1668 5721 ὅτι
1721 5667 1908 5721 πολλαὶ

305 5761 506 5826 ςὲσεις
545 5760 894 5829 ἀνθρώπιναι.
927 5760 1028 5815 Καὶ
1061 5763 1140 5818 ὅτι
1189 5761 1356 5816 ταῦτα
1383 5760 1553 5824 οὖτως
1581 5760 1711 5833 ἔχει,
1752 5759 1908 5831 δῆλον

2013 4562 2395 4634 propositione
2427 4563 2535 4620 sibi
2593 4564 2814 4623 ﬁrmum
2867 4584 2934 4625 ac
2968 4570 3168 4628 stabile
3202 4588 3426 4631 manere
3453 4577 3602 4633 desi-

2013 4651 2236 4721 derant,
2268 4663 2495 4713 autnon
2542 4657 2796 4715 conﬁteri
2832 4659 3090 4718 videlicet
3121 4663 3376 4720 deitatem
3412 4667 3602 4724 in-tri-

2019 4745 2145 4814 bus,
2173 4755 2269 4802 aut
2305 4756 2416 4805 tres
2463 4765 2694 4820 prorsus
2733 4753 3022 4812 nominare
3074 4771 3191 4822 eos,
3228 4759 3319 4828 qui
3354 4759 3601 4829 ejusdem

2012 4837 2314 4909 participes
2359 4847 2416 4895 et
2467 4841 2605 4896 socii
2639 4843 2752 4898 sint
2780 4842 3024 4910 deitatis,
3080 4849 3323 4903 nondum
3375 4852 3484 4907 tale
3518 4862 3603 4908 est

2013 4930 2092 4994 id,
2123 4930 2274 5000 quod
2303 4931 2573 5001 diximus,
2600 4942 2658 4990 ut
2691 4950 2957 5006 generare
3014 4946 3070 4994 et
3113 4941 3373 4999 inducere
3428 4945 3602 5015 possit

2012 5023 2254 5097 aliquam
2285 5025 2612 5094 quaestionis
2642 5029 2998 5086 solutionem.

2083 5119 2358 5186 Quocirca
2389 5133 2619 5177 necesse
2648 5131 2736 5178 est
2776 5123 3032 5193 pluribus
3076 5128 3436 5197 respondere,
3464 5147 3600 5202 quo-

2011 5209 2400 5283 modocunque
2432 5213 2736 5283 poterimus
2757 5215 3145 5286 investigando
3173 5219 3249 5274 rei
3289 5225 3596 5281 veritatem.

2010 5301 2128 5359 Non
2164 5305 2309 5359 enim
2345 5304 2413 5360 de
2449 5305 2614 5362 rebus
2659 5306 2872 5364 frivolis
2906 5323 2974 5363 ac
3019 5297 3335 5383 vulgaribus
3368 5321 3599 5388 quaestio

2019 5405 2125 5451 est.
2151 5394 2396 5452 Dicimus
2425 5397 2591 5470 igitur
2616 5401 2855 5470 primum
2885 5401 3117 5459 abusum
3151 5411 3445 5477 quemdam
3475 5429 3599 5471 esse

2011 5490 2450 5558 consuetudinis,
2472 5500 2639 5549 uteos
2666 5493 2759 5564 qui
2779 5504 2976 5552 natura
2996 5513 3105 5554 non
3136 5500 3297 5559 divisi
3331 5513 3481 5570 sunt,
3502 5521 3599 5578 per

2012 5581 2193 5651 ipsum
2245 5590 2460 5640 naturae
2518 5600 2719 5642 nomen
2773 5587 3065 5659 pluraliter
3128 5596 3479 5654 nominemus
3535 5612 3600 5651 ac

2010 5673 2282 5742 dicamus,
2337 5677 2490 5731 Multi
2550 5678 2802 5737 homines
2841 5701 2852 5736 :
2891 5684 2982 5741 cui
3023 5685 3204 5743 simile
3239 5697 3344 5754 est,
3382 5689 3428 5741 si
3475 5689 3599 5758 quis

2011 5763 2179 5849 dicat,
2231 5769 2418 5826 multae
2471 5778 2680 5828 natura:
2732 5773 3006 5833 humanm.
3061 5776 3224 5844 Quod
3257 5786 3441 5833 autem
3488 5778 3605 5834 haec
