4072 6212
641 300 742 355 “9

1887 300 1942 356 S.
1990 299 2314 356 οιιεσοιιιι
2369 300 2658 358 NYSSENI
3782 304 3868 360 1Ξο

643 423 719 474 ita
755 435 815 477 se
835 419 1092 484 habeant,
1118 420 1248 476 hinc
1289 420 1450 479 nobis
1477 391 1699 494 planum
1729 421 1841 476 liet-i
1870 423 2059 493 possit.
2085 421 2220 477 Cum

2326 424 2392 480 ἂν
2419 426 2548 496 ἡμῖν
2575 425 2818 479 ἐντεῦθεν
2849 425 3072 495 γένοιτο.
3110 423 3583 498 Προσκαλούμενοι
3611 421 3710 495 γάρ
3741 440 3867 490 τινα,

639 511 788 565 enim
819 509 1157 580 appellamus
1183 508 1443 582 aliquem,
1477 526 1584 567 non
1612 528 1677 570 ex
1709 518 1908 566 natura
1931 527 2058 571 eum
2115 528 2219 569 no-

643 601 940 666 mittamus,
990 616 1059 658 ne
1117 600 1258 659 forte
1311 617 1558 659 errorem
1607 603 1927 660 communio
1981 605 2224 661 nominis

643 690 889 757 inducat,
923 707 1254 765 unoquoque
1283 694 1376 765 qui
1413 694 1600 750 audiat
1623 696 1863 767 seipsum
1890 695 2222 767 appellatum

640 799 765 839 esse
814 784 1190 852 existimante,
1231 787 1378 858 quod
1409 803 1519 844 non
1551 789 1772 859 propria
1835 788 2250 859 appellatione,’

642 878 739 934 sed
765 894 832 936 ex
884 880 1164 937 communi
1215 880 1436 937 nomine
1488 889 1698 936 naturae
1741 883 1957 936 vocatio
1982 880 2096 948 fiat,
2126 879 2222 936 sed

640 969 919 1042 propriam
949 971 998 1026 ei
1017 971 1321 1042 impositam
1347 971 1805 1043 (signiﬁcatricem
1828 971 1951 1027 dico
1967 971 2224 1042 subjecti)

641 1077 832 1119 vocem
861 1063 1225 1135 proferentes,
1247 1064 1322 1119 ita
1366 1079 1490 1120 cum
1519 1078 1550 1118 a
1581 1063 1743 1136 vulgo
1773 1079 1837 1120 ac
1871 1065 2224 1120 multitudine

642 1168 987 1226 separamus.
1023 1153 1091 1210 Ut
1150 1155 1304 1212 multi
1347 1155 1568 1226 quidem
1622 1155 1733 1212 sint
1761 1156 2010 1213 eamdem
2042 1156 2224 1212 sortiti

641 1256 922 1313 naturam,
968 1249 1121 1304 verbi
1182 1248 1378 1320 gratia,
1404 1246 1684 1319 discipuli,
1731 1249 1815 1304 vel
1846 1249 2102 1320 apostoli,
2140 1249 2222 1305 vel

640 1349 934 1414 martyres,
970 1356 1113 1400 unus
1152 1357 1282 1399 vero
1335 1343 1390 1398 in
1415 1341 1673 1398 omnibus
1735 1342 1807 1397 sit
1856 1341 2044 1397 homo.
2075 1339 2220 1408 Quo-

640 1430 810 1498 niam,
843 1439 902 1486 ut
941 1431 1146 1488 dictum
1187 1441 1291 1497 est,
1319 1448 1428 1488 non
1463 1433 1759 1506 singularis
1791 1431 2097 1504 (alicujus),
2125 1431 2222 1488 sed

639 1525 1052 1582 communitatis
1070 1533 1281 1584 natura:
1315 1534 1401 1584 est
1427 1526 1612 1582 homo.
1647 1525 1824 1582 Homo
1853 1526 2002 1583 enim
2025 1534 2113 1583 est
2138 1526 2223 1582 vel

637 1614 842 1685 Lucas,
867 1617 952 1674 vel
989 1618 1302 1690 Stephanus
1354 1634 1512 1677 :non
1569 1628 1749 1676 tamen
1801 1621 1849 1677 si
1885 1621 2011 1692 quis
2059 1620 2224 1675 homo

598 1713 757 1774 .est,
821 1722 1053 1780 prorsus
1122 1711 1287 1766 etiam
1349 1707 1528 1766 Lucas
1592 1709 1677 1766 vel
1732 1709 2047 1782 Stephanus
2114 1717 2219 1766 est.

2325 515 2426 571 οὐκ
2453 519 2518 572 ὲκ
2541 519 2638 589 τῆς
2658 517 2871 588 φύσεως
2902 518 3062 573 αὐτὸν
3089 517 3447 589 ὀνομάζομεν,
3483 517 3560 580 ὡς
3587 516 3649 570 ἂν
3677 517 3744 587 μή
3763 533 3870 569 τινα

2327 607 2536 679 πλάνην
2566 609 2600 679 η
2633 610 2880 682 κοινότης
2917 609 3014 664 τοῦ
3045 609 3306 681 ὀνόματος
3349 609 3722 680 ἐμποιήσειεν,
3757 609 3872 662 ἑκά-

2330 718 2453 754 στου
2482 700 2589 755 τῶν
2629 703 2933 758 ἀκουόντων
2975 702 3165 756 ἑαυτὸν
3187 697 3342 755 εἶναι
3373 701 3464 755 τὸν
3491 700 3872 772 προσκληθέντα

2327 791 2658 862 νομίζοντος,
2683 794 2766 847 ὅτι
2801 792 2876 864 μὴ
2901 795 2968 864 τῇ
2999 791 3275 866 ἰδιαζούσῃ
3301 790 3658 862 προσηγορίᾳ,
3681 790 3785 843 ἀλλ’
3817 791 3874 842 ἐκ

2325 883 2418 936 τοῦ
2449 884 2629 938 κοινοῦ
2674 887 2773 956 τῆς
2822 885 3036 954 φύσεως
3072 885 3337 956 ὀνόματος
3377 885 3410 955 ἡ
3451 883 3638 954 κλῆσις
3666 882 3873 950 γίνεται,

2326 973 2462 1026 ἀλλά
2489 972 2588 1046 τὴν
2619 973 2754 1028 ίδίαν
2803 973 3159 1046 ἐπικειμένην
3201 972 3349 1044 αύτῷ
3405 972 3537 1044 (τὴν
3564 969 3874 1044 σημαντικὴν

2326 1064 2471 1133 λέγω
2501 1063 2593 1117 τοῦ
2625 1065 3008 1136 ὑποκειμένου)
3043 1064 3224 1136 φωνὴν
3257 1064 3523 1130 εἰπόντες,
3549 1060 3708 1127 οὕτως
3730 1060 3876 1115 αὐτὸν

2325 1155 2433 1209 τῶν
2474 1155 2684 1209 πολλῶν
2729 1155 3115 1228 ἀποκρίνομεν.
3149 1157 3312 1210 Ὥστε
3345 1155 3573 1216 πολλοὺς
3621 1155 3712 1226 μὲν
3749 1149 3876 1207 εἶναι

2327 1247 2452 1312 τοὺς
2486 1250 2888 1319 μετεσχηκότας
2923 1249 3021 1320 τῆς
3063 1247 3296 1318 φύσεως,
3344 1249 3476 1320 φέρε
3520 1249 3686 1301 εἰπεῖν
3716 1246 3876 1317 μαθη-

2327 1339 2444 1417 τάς,
2479 1339 2513 1411 ἢ
2545 1340 2900 1404 ἀποστόλους.
2939 1339 2972 1413 ἦ
3007 1341 3313 1412 μάρτυρας,
3350 1340 3447 1394 ἕνα
3475 1339 3531 1392 δὲ
3562 1340 3617 1392 ὲν
3644 1338 3767 1391 πᾶσι
3795 1335 3876 1388 τὸν

2326 1434 2629 1506 ἄνθρωπον.
2694 1432 2987 1504 Ἐπείπερ,
3035 1432 3218 1491 καθὼς
3241 1432 3479 1504 εἴρηται,
3509 1430 3628 1502 οὐχὶ
3652 1429 3740 1483 τοῦ
3769 1428 3878 1482 καθ’

2325 1526 2554 1582 ἕκαστον
2583 1567 2598 1592 ,
2650 1526 2786 1580 ἀλλά
2833 1525 2928 1581 τοῦ
2958 1524 3138 1579 κοινοῦ
3182 1525 3284 1596 τῆς
3329 1522 3543 1595 φύσεώς
3569 1523 3708 1574 ἐστιν
3736 1522 3762 1573 ὁ
3792 1520 3878 1575 ἄν·

2327 1618 2563 1690 θρωπος.
2597 1617 2915 1688 ’Ἄνθρωπος
2953 1617 3062 1687 γὰρ
3105 1618 3135 1668 ό
3165 1617 3412 1680 Λουκᾶς,
3469 1614 3502 1686 ἢ
3532 1617 3560 1668 ό
3593 1613 3878 1682 Στέφανος⁴

2326 1711 2385 1764 ού
2423 1708 2529 1781 μὴν
2559 1708 2611 1763 εἴ
2634 1727 2717 1773 τις
2744 1708 3052 1778 ἄνθρωπος,
3081 1708 3296 1772 πάντως
3338 1707 3433 1760 καὶ
3457 1706 3663 1767 Λουκᾶς
3690 1704 3829 1756 ἐστιν
3856 1702 3879 1770 ἦ

639 1796 748 1853 Sed
813 1798 1180 1872 bypostaseon
1241 1801 1461 1873 quidem
1522 1803 1664 1859 ratio
1744 1817 1840 1874 per
1901 1818 2036 1869 eas,
2101 1818 2223 1874 qnte

2329 1800 2615 1870 Στέφανος.
2673 1799 2808 1853 Ἀλλ’
2855 1802 2884 1854 ό
2938 1799 3036 1870 μὲν
3067 1798 3175 1854 τῶν
3205 1796 3556 1851 ύποστὰσεων
3605 1793 3753 1862 λόγος
3803 1791 3880 1844 διὸ

637 1893 694 1945 in
726 1907 1060 1965 unoquoque
1089 1895 1538 1960 considerantur,
1575 1895 1964 1966 proprietates.
2009 1896 2223 1966 disper-

635 1984 890 2041 titionem
931 1985 1194 2053 admittit,
1228 1995 1283 2042 et
1325 1987 1481 2056 juxta
1528 1987 1985 2058 compositionem
2012 1987 2068 2042 in
2117 2003 2224 2042 nu-

639 2089 794 2130 mero
832 2075 1240 2132 consideratur.
1287 2074 1496 2130 Natura
1527 2091 1658 2132 vero
1692 2092 1800 2132 una
1831 2086 1936 2142 cst,
1969 2077 2088 2147 ipsa
2139 2091 2228 2134 se-

638 2181 766 2221 cum
807 2167 982 2229 unita,
1016 2167 1346 2238 penitusque
1378 2182 1442 2222 ac
1475 2183 1703 2240 prorsus
1733 2169 1920 2224 unitas
1944 2167 2224 2224 individua

638 2263 745 2321 est,
769 2271 891 2328 qua:
947 2272 1126 2328 neque
1175 2257 1484 2327 adjectione
1537 2267 1770 2328 augetur
1800 2273 1980 2328 neque
2009 2259 2225 2314 subtra-

639 2348 824 2418 ctione
877 2348 1224 2415 diminuitur,
1288 2349 1386 2405 sed
1434 2350 1581 2420 quod
1628 2359 1735 2416 est,
1797 2366 1966 2405 unum
2015 2366 2117 2407 ens
2171 2359 2224 2405 et

640 2451 812 2492 unum
841 2453 1196 2510 permanens,
1241 2437 1458 2496 etiamsi
1512 2438 1568 2494 in
1604 2438 1958 2495 multitudine
1986 2455 2110 2497 esse
2147 2443 2224 2496 vi-

638 2530 854 2596 deatur,
893 2531 1158 2587 sectionis
1203 2546 1427 2602 expers,
1461 2531 1749 2598 continua,
1811 2531 2026 2603 integra
2059 2540 2224 2604 atque

637 2619 881 2692 perfecta
907 2631 1014 2686 est,
1047 2638 1169 2694 quae
1212 2638 1322 2679 non
1383 2639 1490 2678 una
1545 2637 1672 2678 cum
1707 2623 2082 2695 singularibus
2129 2623 2220 2695 qui

636 2713 758 2783 ejus
782 2715 1080 2787 participes
1130 2723 1261 2772 sunt
1313 2713 1598 2772 dividitur.
1627 2715 1706 2770 Ac
1752 2714 2218 2786 quemadmodum

637 2806 814 2878 plebs,
851 2807 1106 2878 populus,
1131 2806 1430 2870 exercitus,
1463 2807 1680 2874 concio,
1713 2807 2070 2878 singulariter
2103 2824 2223 2862 om-

636 2895 727 2951 nia
754 2895 1040 2963 dicuntur,
1078 2896 1510 2967 unumquodque
1541 2905 1723 2953 autem
1754 2897 1953 2952 horum
1985 2898 2038 2952 in
2081 2899 2224 2953 mul-

635 2988 873 3044 titudir.e
901 3004 1025 3046 esse
1053 2988 1424 3058 intelligitur:
1465 2988 1658 3045 eodem
1713 2989 1876 3044 modo
1917 2988 2221 3045 secundum

2325 1896 2422 1958 τὰς
2447 1893 2711 1966 ὲνθεωρου
2720 1893 2885 1965 μένας
2909 1892 3176 1963 ἰδιότητας
3202 1890 3417 1960 ἑκάστῳ
3436 1887 3526 1941 τὸν
3548 1884 3880 1956 διαμερισμίει

2327 1984 2652 2056 ἐπιδέχεται,
2684 1985 2776 2038 καὶ
2805 1984 2946 2038 κατά
2979 1983 3226 2037 σύνθεσιν
3269 1984 3327 2035 ἐν
3351 1977 3569 2051 ἀριθμῷ
3597 1975 3880 2047 θεωρεῖται.

2338 2077 2402 2131 Ἦ
2429 2077 2486 2131 δὲ
2512 2076 2673 2146 φύσις
2705 2076 2804 2147 μία
2831 2075 2981 2130 ἐστὶν
3002 2115 3016 2138 ,
3061 2074 3198 2146 αὐτὴ
3232 2072 3367 2144 πρὸς
3397 2069 3593 2140 ἑαυτὴν
3624 2065 3882 2140 ἡνωμένη,

2325 2169 2420 2222 καὶ
2447 2167 2775 2240 ἀδιάτμητος
2812 2166 3056 2240 ἀκριϐῶς
3083 2165 3273 2238 μονὰς,
3317 2163 3420 2218 οὐκ
3446 2160 3770 2231 αὐξανομένη
3804 2157 3882 2210 διὰ

2327 2259 2665 2332 προσθήκης,
2710 2261 2770 2314 ού
2806 2259 3100 2331 μειουμένη
3131 2259 3198 2312 δι’
3232 2256 3593 2328 ὑφαιρέσεως,
3623 2252 3730 2306 ἀλλ’
3755 2253 3882 2319 δπετ

2324 2352 2473 2408 ἐστὶν
2499 2353 2558 2406 ἒν
2580 2351 2737 2419 οὖσα,
2783 2353 2886 2407 κᾶν
2911 2354 2970 2406 ὲν
2995 2350 3191 2423 πλήθει
3220 2351 3478 2420 φαίνηται
3509 2345 3774 2417 ἄσχιστος,
3803 2344 3882 2397 κα’

2326 2447 2576 2517 συνεχὴς,
2608 2446 2704 2499 καὶ
2747 2445 3062 2518 ὁλόκληρος,
3104 2444 3199 2498 καὶ
3237 2446 3351 2506 τοῖς
3395 2441 3702 2513 μετέχουσιν
3729 2437 3884 2507 αὐτῆς

2324 2540 2435 2602 τοῖς
2463 2539 2584 2592 καθ’
2612 2539 2840 2592 ἕκαστον
2869 2538 2931 2591 ού
2961 2535 3432 2608 συνδιαιρουμένη.
3470 2533 3578 2588 Καὶ
3604 2531 3786 2601 ῶσπερ

2323 2645 2496 2697 γεται,
2527 2627 2675 2692 λαὸς,
2725 2627 3038 2698 καὶδῆμος,
3067 2625 3160 2680 καὶ⁵
3193 2626 3529 2698 στράτευμα,
3578 2623 3670 2678 καὶ
3702 2621 3884 2690 ἐκκλη-

2326 2721 2435 2784 σία,
2494 2719 2744 2791 μοναχῶς
2789 2718 2988 2782 πάντα,
3038 2719 3268 2772 ἕκαστον
3298 2717 3356 2770 δὲ
3387 2715 3589 2770 τούτων
3625 2717 3680 2769 ὲν
3712 2713 3878 2784 πλὴθε

2324 2816 2523 2867 νοεῖται
2545 2827 2558 2842 ο
2603 2811 2745 2865 οὕτω
2782 2811 2923 2867 κατά
2951 2811 3039 2866 τὸν
3077 2810 3467 2883 ἀκριϐέστερον
3498 2806 3652 2878 λόγον
3683 2807 3774 2861 καὶ
3807 2807 3886 2861 tiv-

2325 2906 2542 2976 θρωπος
2576 2901 2656 2969 εἷς
2687 2905 2891 2978 κυρίως
2920 2905 2986 2959 ἂν
3017 2905 3209 2977 ῥηθείη
3237 2945 3252 2968 ,
3307 2905 3413 2958 κᾶν
3449 2905 3496 2956 οἱ
3547 2905 3604 2956 ὲν
3646 2904 3711 2972 τῇ
3744 2900 3882 2970 φύσε

2321 3001 2390 3070 τῇ
2417 2999 2555 3071 αὐτῇ
2588 2998 2927 3072 δεικνύμενοι
2967 2999 3170 3071 πλῆθος
3211 2993 3343 3053 ὦσιν
3367 3039 3382 3064 ,
3433 2998 3510 3062 ὡς
3542 2997 3671 3050 πολῦ
3706 2995 3886 3067 μᾶλλον

637 3081 971 3136 exactiorem
1004 3088 1059 3134 et
1089 3080 1504 3150 exquisitiorem
1561 3079 1830 3137 rationem
1889 3079 2053 3135 homo
2081 3095 2222 3152 quo-

2327 3091 2509 3156 καλῶς
2556 3091 2700 3163 ἔχειν
2733 3094 2832 3164 τὴν
2879 3091 3227 3165 ὲσφαλμένην
3275 3092 3358 3162 ἐφ’
3387 3090 3542 3162 ἡμῶν
3580 3087 3880 3171 ἐπανορθοῦ

635 3186 746 3242 que
793 3185 938 3226 unus
973 3171 1192 3242 proprie
1221 3169 1331 3227 dici
1379 3179 1590 3244 posset,
1621 3171 1838 3227 etiamsi
1899 3171 1976 3238 bi,
2028 3173 2123 3243 qui
2168 3173 2222 3227 in

637 3261 830 3321 eadem
883 3273 1083 3318 natura
1132 3263 1607 3330 demonstrantur,
1641 3263 1937 3320 multitudo
2000 3264 2132 3331 sint,
2170 3273 2228 3319 ut

638 3357 812 3413 multo
841 3358 1048 3413 rectius
1103 3357 1298 3424 fuerit,
1349 3357 1555 3429 lapsam
1613 3357 1667 3412 in
1727 3357 1888 3414 nobis
1943 3357 2227 3428 corrigere

637 3449 1121 3514 consuetudinem,
1161 3460 1215 3505 et
1263 3464 1373 3504 non
1404 3449 1642 3522 amplius
1675 3459 1887 3505 natura:
1925 3465 2125 3505 nomen
2153 3449 2220 3505 ad

636 3539 1050 3602 multitudinem
1080 3538 1397 3603 extendere,
1454 3554 1624 3610 quam
1673 3537 2064 3596 consuetudini
2109 3555 2224 3596 ser-

635 3631 870 3698 vientes,
907 3643 1150 3685 errorem
1198 3630 1290 3699 qui
1320 3629 1408 3685 hic
1449 3629 1603 3696 latet,
1647 3629 1812 3685 etiam
1865 3629 1932 3686 ad
1974 3629 2222 3685 divinum

636 3722 832 3793 dogma
857 3721 1178 3779 transferre.
1216 3720 1324 3779 Sed
1344 3723 1606 3795 quoniam
1638 3722 2059 3779 consuetudinis
2097 3737 2224 3779 cor-

635 3816 808 3871 rectio
833 3812 1071 3871 diﬁicilis
1094 3823 1178 3873 est
1195 3815 1317 3890 (qui
1360 3817 1506 3872 enim
1539 3815 1703 3871 alicui
1743 3815 2064 3886 persuaderi
2096 3831 2222 3889 pos-

635 3908 730 3977 sit,
756 3916 818 3963 ut
849 3922 959 3964 non
995 3909 1197 3965 multos
1225 3909 1376 3965 dicat
1416 3907 1669 3966 homines
1689 3908 1782 3980 qui
1817 3909 1874 3965 in
1908 3909 2100 3966 eadem
2125 3926 2223 3966 na-

636 4011 762 4056 tura
794 4000 1290 4058 demonstrantur?
1317 4001 1523 4058 etenim
1575 4000 1630 4056 in
1659 4001 1811 4056 omni
1861 4016 1922 4059 re
1985 4017 2222 4059 consue-

2327 3182 2453 3238 σθαι
2485 3184 2770 3256 συνήθειαν
2804 3187 2884 3249 εἰς
2914 3185 2976 3239 τὸ
3012 3184 3208 3256 μηκέτι
3245 3184 3305 3238 τὸ
3347 3183 3444 3254 τῆς
3489 3181 3701 3253 φύσεως
3736 3180 3888 3250 δνομς

2327 3277 2463 3347 πρὸς
2489 3276 2690 3348 πλῆθος
2716 3278 2998 3341 ἐκτείνειν,
3040 3277 3073 3349 ἢ
3102 3277 3271 3349 ταύτῃ
3301 3275 3648 3338 δουλεύοντας
3677 3273 3769 3344 τὴν
3802 3267 3878 3326 ὢδ

2325 3366 2538 3438 πλάνην
2585 3369 2679 3420 καὶ
2731 3368 2824 3422 ἐπὶ
2876 3367 2938 3421 τὸ
2987 3368 3129 3422 θεῖον
3175 3368 3352 3438 δόγμα
3385 3366 3460 3439 μὴ
3504 3362 3887 3437 μεταϐιϐάζειν

2335 3459 2474 3513 Ἀλλ’
2507 3460 2694 3532 ἐπειδὴ
2729 3461 3006 3533 ἀμήχανος
3034 3462 3131 3532 τῆς
3161 3459 3449 3531 συνηθείας
3478 3461 3510 3531 ἡ
3539 3456 3882 3528 ὲπανόρθωσι

2323 3551 2462 3622 (πῶς
2493 3552 2603 3625 γὰρ
2642 3554 2707 3608 ἄν
2731 3571 2816 3619 τις
2857 3553 3136 3625 πεισθείη,
3180 3555 3229 3607 εἰ
3275 3553 3350 3625 μὴ
3380 3550 3608 3614 πολλοὺς
3638 3551 3784 3619 λέγει
3816 3551 3884 3603 ἀν

2323 3641 2572 3714 θρώπους
2637 3643 2762 3708 τοὺς
2826 3646 2885 3698 ὲν
2954 3645 3116 3715 φύσει
3173 3647 3240 3716 τῇ
3302 3645 3438 3716 αύτῇ
3491 3642 3876 3712 δεικνυμένους

2321 3730 2717 3805 δυσμετάθετον
2747 3736 2856 3809 γὰρ
2888 3738 2981 3792 ἐπὶ
3011 3737 3212 3801 παντὸς
3244 3738 3279 3809 ἡ
3325 3735 3640 3806 συνήθεια),
3667 3734 3762 3785 ἐπὶ
3812 3733 3887 3802 μὲ

2327 3828 2425 3898 τῆς
2470 3827 2620 3882 κάτω
2654 3829 2868 3899 φύσεως
2909 3832 2977 3902 τῇ
3013 3829 3290 3902 κρατούσῃ
3345 3827 3602 3898 συνηθείᾳ
3655 3825 3731 3897 μὴ
3763 3824 3888 3877 ἀντι

2329 3915 2627 3982 ϐαίνοντες,
2664 3920 2786 3973 οὐδὲ
2839 3919 2906 3974 ἂν
2937 3917 3191 3974 τοσοῦτον
3234 3919 3600 3991 ἁμάρτοιμεν,
3642 3915 3888 3986 μηδεμιᾶ

2327 4007 2494 4083 οὔσης
2539 4009 2744 4083 ζημίας
2791 4013 2855 4066 ὲκ
2899 4009 2998 4080 τῆς
3041 4011 3439 4083 ἡμαρτημὲνης
3481 4008 3590 4062 τῶν
3633 4006 3888 4076 ὀνομὰτω

636 4093 770 4150 tudo
805 4101 1018 4150 mutatu
1042 4093 1284 4150 dil‘licilis
1311 4093 1440 4164 est),
1471 4102 1740 4165 quantum
1775 4095 1967 4152 attinet
1998 4095 2067 4150 ad
2087 4097 2223 4153 banc

2330 4100 2599 4174 χρήσεως.
2642 4100 2766 4157 Ἐπὶ
2789 4103 2846 4157 δὲ
2875 4103 2968 4156 τοῦ
2997 4101 3142 4155 θείου
3172 4102 3456 4175 δόγματος,
3489 4098 3673 4152 οὐκέτι
3715 4097 3888 4167 ὁμοίω

639 4193 909 4245 internam
947 4188 1168 4259 quidem
1205 4196 1484 4255 naturam,
1520 4188 1568 4244 si
1595 4187 1868 4244 obtinenti
1929 4199 2223 4246 consuetu-

2331 4192 2613 4258 ἀκίνδυνος
2643 4196 2676 4266 ἡ
2704 4194 2958 4266 διάφορος
2987 4195 3181 4266 χρῆσις
3205 4193 3314 4246 τῶν
3345 4192 3646 4264 ὀνομάτων.
3703 4189 3778 4241 Οὐ
3808 4190 3885 4258 γά

636 4277 754 4335 dini
776 4294 885 4334 non
916 4279 1292 4343 adversemur,
1312 4293 1657 4349 nequaquam
1683 4287 1893 4348 tantum
1922 4281 2223 4351 peccaveri-

2334 4284 2529 4356 μικρὸν
2559 4285 2790 4340 ἐνταῦθα
2813 4287 2874 4341 τὸ
2907 4286 3057 4357 παρὰ
3087 4287 3300 4360 μικρόν.

637 4392 782 4442 mus,
811 4391 937 4431 cum
961 4374 1171 4429 nullum
1193 4374 1424 4429 exsistat
1460 4374 1845 4430 detrimentum
1879 4391 1947 4432 ex
1977 4392 2148 4448 pravo
2187 4379 2472 4435 nominum
2498 4397 2621 4438 usu.
2652 4380 2710 4436 In
2733 4382 2918 4438 divino
2951 4398 3082 4438 vero
3100 4382 3320 4439 decreto
3343 4397 3450 4437 non
3483 4382 3723 4454 amplius
3764 4397 3888 4452 aequ

637 4479 792 4528 tutus
822 4477 875 4527 et
891 4485 920 4525 a
937 4469 1181 4542 periculo
1204 4483 1433 4535 vacuus,
1450 4471 1800 4541 promiscuus
1820 4480 1874 4528 et
1898 4472 2216 4531 indiderens
2239 4476 2518 4532 nominum
2540 4493 2673 4535 usus
2687 4485 2791 4535 est.
2811 4477 2930 4535 Non
2953 4480 3098 4535 enim
3119 4494 3344 4550 parvum
3379 4478 3469 4533 hic
3498 4477 3645 4549 quod
3694 4491 3888 4547 perpai

637 4580 766 4623 vum
804 4571 913 4621 εει.

708 4658 882 4730 Igitur
905 4672 1048 4713 unus
1068 4655 1229 4714 nobis
1253 4655 1602 4713 conﬁtendus
1624 4663 1708 4711 est
1730 4655 1872 4711 Deus
1889 4653 2044 4725 juxta
2079 4655 2223 4713 Scri-

2401 4655 2610 4714 Ούκοῦν
2638 4647 2718 4718 εἷς
2746 4655 2877 4726 ἡμῖν
2907 4652 3265 4726 όμολογητέος
3296 4651 3426 4715 Θεὸς
3471 4650 3612 4705 κατὰ
3641 4649 3746 4721 τὴν
3782 4666 3888 4720 γρε

636 4761 811 4823 ptura:
836 4749 1220 4807 testimonium
1252 4765 1270 4806 :
1305 4766 1326 4801 ι
1348 4749 1512 4815 Audi,
1550 4747 1738 4816 Israel,
1767 4747 2034 4805 Dominus
2082 4748 2223 4808 Dens

2329 4748 2496 4821 φικὴν
2529 4746 2836 4819 μαρτυρίαν
2862 4762 2876 4775 ’
2934 4746 3187 4812 «Ἄκουε,
3226 4742 3464 4815 Ἰσραὴλ,
3500 4740 3711 4813 Κύριος
3733 4742 3763 4793 ό
3791 4741 3888 4793 Θει

639 4855 767 4900 tuus
821 4840 1086 4899 Dominus
1116 4856 1261 4898 unus
1302 4848 1387 4897 est
1424 4842 1440 4873 ³
1480 4860 1496 4897 :
1541 4860 1560 4894 ι
1591 4841 1808 4897 etiamsi
1848 4855 1954 4896 vox
2002 4841 2223 4900 deitatis

2330 4860 2425 4897 σου
2475 4841 2678 4913 Κύριος
2727 4833 2807 4902 εἷς
2851 4839 3000 4891 ἐστι’
3046 4856 3065 4889 ι
3122 4835 3224 4890 κᾶν
3273 4833 3487 4907 ήφωνὴ
3519 4833 3620 4904 τῆς
3662 4832 3888 4904 θεότητ‹

637 4943 882 5008 permeat
904 4941 1153 4990 sanctam
1195 4932 1542 4991 Trinitatem.
1602 4933 1728 4991 Haec
1763 4943 1944 4990 autem
1979 4934 2103 4992 dico
2131 4950 2222 4992 se-

637 5029 881 5085 cundum
912 5027 1181 5082 rationem
1236 5025 1505 5083 redditam
1565 5026 1619 5081 in
1674 5026 1913 5082 humana
1975 5033 2220 5082 natura:

637 5135 746 5189 qua
802 5118 1100 5176 didicimus
1152 5135 1261 5175 non
1318 5127 1574 5190 oportere
1603 5118 1800 5190 plurali
1833 5117 2216 5189 designatione

638 5213 872 5268 dilatare
900 5211 1322 5283 appellationem
1351 5224 1581 5268 natum.
1635 5209 1744 5267 Sed
1774 5215 2027 5268 exactius
2060 5211 2222 5268 nobis

638 5304 1023 5361 excutiendum
1077 5313 1164 5362 est
1227 5305 1408 5376 ipsum
1457 5320 1657 5361 nomen
1713 5303 1958 5369 deitatis,
2010 5311 2070 5359 ut
2125 5319 2223 5374 per

639 5409 782 5457 eam,
820 5409 940 5465 qua:
988 5397 1130 5452 inest
1159 5397 1306 5463 voci,
1342 5395 1802 5469 signiﬁcationem
1865 5395 2086 5467 aliquod
2119 5411 2220 5451 no-

640 5488 728 5545 bis
757 5486 1135 5567 adiumentum
1170 5490 1396 5548 accedat
1422 5491 1490 5546 ad
1537 5489 1966 5546 declarationem
2019 5503 2221 5560 propu-

637 5578 763 5635 sita:
789 5577 1131 5650 quastionis.
1167 5579 1286 5637 Vox
1347 5582 1512 5654 igitur
1545 5581 1768 5639 deitatis
1821 5579 1967 5652 vulgi
1998 5579 2219 5652 quidem

715 5761 730 5834 ξ
773 5760 930 5818 Deut.
967 5760 1108 5830 vt,4.

2326 4917 2502 5007 διήκεί
2531 4933 2620 4987 διά
2643 4932 2744 5000 τῆς
2778 4929 2938 5000 ἁγίας
2980 4927 3227 5000 Τριάδος.
3275 4927 3460 4980 Ταῦτα
3489 4925 3546 4979 δὲ
3579 4924 3732 4994 λέγω
3783 4943 3888 4977 κατ

2326 5028 2417 5081 τὸν
2441 5025 2769 5081 ἀποδοθέντα
2801 5024 2932 5094 ἡμῖν
2961 5022 3052 5073 ἐπὶ
3073 5020 3170 5090 τῆς
3203 5017 3547 5091 ἀνθρωπίνης
3576 5017 3807 5086 φύσεως
3839 5017 3888 5068 λε

2327 5137 2422 5189 γον
2448 5135 2463 5152 °
2511 5119 2570 5172 ὲν
2601 5110 2646 5186 ᾧ
2679 5115 3080 5188 μεμαθήκαμεν
3114 5111 3188 5184 μὴ
3217 5112 3326 5165 δεῖν
3359 5108 3712 5184 πληθυντικῷ
3743 5127 3888 5179 χαρσ

2326 5211 2489 5282 κτῆρι
2510 5209 2606 5281 τὴν
2628 5206 2998 5280 προσηγορίαν
3023 5203 3311 5258 πλατύνειν
3339 5203 3438 5271 τῆς
3465 5201 3706 5272 φύσεως.
3745 5204 3888 5272 ’Δκρ

2328 5301 2582 5373 ϐεστερον
2613 5299 2670 5352 δὲ
2697 5300 2828 5370 ἡμῖν
2859 5297 2994 5350 αὐτὸ
3025 5295 3087 5349 τὸ
3120 5295 3293 5366 ὄνομα.
3321 5293 3421 5365 τῆς
3446 5293 3704 5366 θεότητος
3734 5292 3888 5356 ὲξετι

2331 5393 2506 5457 στέον,
2540 5393 2689 5454 ὅπως
2721 5392 2788 5444 ἂν
2815 5389 2904 5444 διά
2933 5388 3030 5459 τῆς
3068 5385 3394 5457 ἐγκειμένης
3440 5387 3505 5456 τῇ
3537 5385 3694 5454 φωνῇ
3740 5400 3888 5452 σημε

2328 5486 2470 5548 σίας,
2494 5482 2703 5552 γένοιτό
2731 5498 2814 5546 τις
2844 5479 3103 5552 συνεργία
3129 5479 3263 5552 πρὸς
3297 5477 3395 5550 τὴν
3420 5475 3514 5531 τοῦ
3547 5475 3888 5552 προκειμένη

2331 5578 2646 5648 σαφήνειαν.
2701 5577 2858 5630 Δοκεῖ
2891 5573 2987 5646 μὲν
3032 5568 3126 5628 οὖν
3177 5574 3289 5638 τοῖς
3339 5569 3550 5636 πολλοῖς
3599 5567 3888 5633 ίδιαζόντο
