4072 6212
693 339 796 394 tas
1070 324 1071 327 ‘
1944 335 2008 393 s.
2050 335 2379 393 caecoun
2416 335 2713 394 NYSSEM
3785 337 3863 392 ιει

683 457 933 512 deitatem
967 453 1374 510 denominatam
1413 467 1537 508 esse
1583 451 1988 521 existimamus,
2015 457 2104 510 τὸν
2132 456 2257 511 θεα-
2290 516 2291 522 η

2290 468 2330 523 Α
2362 476 2448 522 τις
2481 458 2675 512 ταύτὸν
2704 454 2863 522 εἶναι,
2898 455 2960 510 τὸ
2997 454 3316 519 θεάσασθαι,
3347 455 3438 509 καὶ
3481 454 3537 508 τὺ
3563 455 3757 526 βλέπειν,
3793 458 3868 510 καὶ

683 547 783 619 τὴν
805 550 837 617 η
847 546 962 617 μῶν
991 545 1044 599 id
1072 553 1156 600 est
1178 546 1522 613 iuspcctorem
1542 545 2003 613 contemplatorem
2025 557 2265 601 nostrum

2262 587 2265 596 ν
2367 551 2457 604 τὸν
2505 549 2788 622 ἐφορῶντα
2835 548 3011 603 πάντα
3061 548 3212 612 Θεὸν,
3262 547 3454 618 ἔφορον
3494 547 3579 600 τοῦ
3605 546 3770 610 παντὸς
3794 547 3870 601 καὶ

683 648 735 692 ει
772 646 1091 698 curatorem,
1120 634 1275 702 Θεὸν,
1308 635 1359 690 id
1388 642 1473 691 est
1503 634 1693 709 Deum,
1718 645 1775 690 et
1808 651 1839 689 a
1870 638 2268 693 consuetudine

2262 657 2268 691 ι
2368 636 2511 696 εἶναι
2537 641 2631 696 καὶ
2656 639 2932 709 λέγεσθαι,
2957 638 3261 710 λογισάσθω
3287 640 3384 710 τὴν
3411 639 3662 709 ἐνέργειαν
3685 640 3870 707 ταύτην,

684 740 741 783 et
772 744 801 782 a
832 728 1238 800 Scripturarum
1291 728 1542 782 doctrina
1591 727 1853 798 appellari
1904 729 2261 783 arbitramur.

2369 729 2597 801 πότερον
2645 731 2725 783 ἐνὶ
2773 730 3032 801 πρόσεστι
3058 729 3166 782 τῶν
3196 731 3254 782 ἐν
3295 731 3361 798 τῇ
3400 728 3530 798 ἁγίςι⁴
3557 727 3716 798 Τρίαδι
3741 744 3872 782 πεπι·

682 819 841 885 Quod
894 820 941 875 si
1001 820 1127 891 quis
1171 819 1461 884 concedit,
1524 820 1665 875 idem
1724 834 1877 885 esse,
1943 819 2005 874 τὺ
2066 820 2266 874 θεάσαέ

2264 852 2266 859 ι
2370 818 2680 889 στευμένων
2713 818 3038 890 προσώπων,
3072 818 3106 889 ἢ
3149 818 3237 873 διὰ
3264 818 3374 872 τῶν
3403 817 3563 889 τριῶν
3600 819 3872 889 προσήκειὴ

684 910 829 976 σθαι,
865 911 919 966 id
981 919 1067 966 est
1121 920 1376 979 spectare,
1408 917 1466 965 et
1529 910 1590 963 τὸ
1626 910 1865 981 βλέπειν,
1920 911 2024 966 hoc
2054 920 2131 967 ast
2190 911 2269 965 vi-

2267 942 2269 951 ν
2368 908 2616 980 δύναμις.
2663 912 2727 964 Ei
2768 911 2875 982 γάρ
2903 910 3106 982 ἀληθὴς
3150 913 3185 982 ἡ
3229 912 3326 983 τῆς
3362 910 3600 982 θεότητος
3634 910 3875 981 ἑρμηνεία,

682 1001 804 1055 dere
837 1016 856 1053 :
891 1009 1055 1072 atque
1082 999 1264 1056 omnia
1296 998 1599 1071 ἐφορῶντα.
1629 1000 1734 1055 hoc
1779 1010 1863 1056 est
1904 1001 2268 1069 inspicientem

2370 1000 2462 1053 καὶ⁸
2494 1002 2561 1055 τά
2592 999 2846 1072 ὁρώμενα
2889 1000 3078 1065 θεατὰ,
3105 1002 3200 1055 καὶ
3226 1001 3295 1054 τὸν
3318 999 3583 1071 θεώμενον
3611 1000 3722 1063 Θεὸς
3747 999 3877 1067 λέγε-

682 1090 836 1157 Θεόν,
871 1091 924 1146 id
975 1099 1061 1147 est
1095 1090 1281 1152 Deum,
1308 1089 1529 1161 ’ἔφορον
1553 1090 1658 1146 hoc
1705 1097 1791 1146 est
1846 1092 2192 1159 ittspectorem
2217 1100 2267 1145 et

2367 1108 2489 1155 ται,
2538 1090 2722 1144 οὐκέτι
2772 1091 2840 1145 ἂν
2886 1091 3124 1160 εὐλόγως
3169 1091 3490 1164 ἀποκριθείη
3533 1109 3579 1144 τι
3617 1090 3710 1144 τῶν
3751 1093 3800 1144 ἐν
3827 1094 3877 1161 τῇ

681 1184 992 1253 pmfectum
1014 1198 1239 1237 summa?
1261 1199 1437 1238 rerum
1495 1190 1549 1237 et
1578 1198 1703 1239 esse
1742 1193 1797 1238 et
1825 1182 1935 1239 dici
1968 1206 1983 1238 ι
2016 1183 2272 1240 conside-

2269 1214 2272 1222 ν
2370 1179 2560 1253 Τριάδι
2589 1180 2894 1252 προσώπων
2918 1181 3019 1251 τῆς
3044 1181 3303 1251 τοιαύτης
3333 1180 3681 1253 προσηγορίας
3705 1179 3780 1235 διὰ
3803 1182 3877 1251 τὴι

682 1285 766 1330 ret
794 1276 938 1330 hanc
964 1274 1288 1338 efﬁcaciam,
1312 1284 1496 1330 utrum
1531 1274 1622 1329 uni
1659 1273 1805 1331 adsit
1832 1290 1900 1329 ex
1928 1274 2021 1338 iis,
2052 1289 2174 1345 quae
2212 1274 2267 1329 in

2368 1273 2693 1343 ὲγκειμένην
2721 1275 2788 1343 τῇ
2818 1275 2967 1344 φωνῇ
3002 1273 3297 1343 σημασίαν.
3345 1273 3418 1325 Τὸ
3449 1272 3550 1342 γὰρ
3574 1272 3762 1342 βλέπειν
3785 1273 3877 1325 ἐπί-

682 1376 877 1422 sancta
928 1365 1203 1423 Trinitate
1252 1352 1474 1422 creditae
1539 1374 1689 1431 sunt,
1742 1366 2016 1436 personis,
2076 1380 2147 1421 an
2199 1366 2270 1421 ad

2372 1382 2473 1435 σης
2501 1368 2770 1437 μαρτυρεῖ
2800 1367 2834 1437 ἡ
2866 1366 3055 1438 Γραφὴ
3081 1366 3176 1419 καὶ
3210 1365 3385 1436 Πατρὶ
3412 1365 3503 1418 καὶ
3529 1364 3630 1435 Υἱῷ
3667 1366 3749 1418 καὶ
3770 1366 3877 1434 ἁγίιε

679 1473 872 1513 omnes
924 1473 989 1513 ea
1028 1457 1203 1514 virtus
1232 1457 1529 1528 pertineat.
1592 1456 1726 1511 Nam
1770 1458 1817 1512 si
1846 1471 1980 1515 vera
2034 1464 2143 1523 est,
2170 1456 2272 1527 τῆς

2269 1476 2272 1484 '
2371 1457 2666 1530 Πνεύματι.
2708 1475 2728 1510 ι
2752 1456 3163 1529 ’Υπερασπιστὰ
3190 1457 3369 1528 ἡμῶν,
3399 1456 3497 1520 ἴδε,
3517 1459 3545 1510 6
3568 1457 3729 1521 Θεὸς,ι
3753 1458 3877 1528 φησι

681 1549 963 1621 θεότητος,
1006 1549 1060 1605 id
1093 1560 1177 1606 est
1213 1548 1427 1604 deitatis
1463 1548 1756 1619 explicatio
1777 1588 1793 1615 ,
1821 1557 1878 1605 et
1904 1563 1993 1614 ca,
2019 1563 2143 1619 qua:
2185 1548 2270 1604 vi-

2268 1580 2270 1587 ν
2372 1550 2402 1604 6
2425 1548 2608 1605 Δαϐίδ.
2646 1550 2741 1604 Ἐκ
2764 1534 2825 1604 δεῖ
2846 1548 3039 1625 τοῦτου
3073 1549 3438 1621 μανθάνομεν,
3465 1549 3597 1604 ίδὲαν
3621 1550 3758 1612 Θεοῦ,
3779 1551 3872 1604 καθ

680 1643 883 1696 dentur
939 1640 1123 1707 θεατά,
1174 1641 1228 1696 id
1285 1651 1370 1697 est
1425 1642 1655 1697 visibilia
1683 1656 1780 1698 seu
1833 1641 2169 1710 spectabilt'a,
2218 1649 2277 1697 et

2269 1656 2277 1695 ι
2372 1639 2505 1704 Θεὸς
2529 1641 2750 1704 νοεῖται,
2785 1638 2918 1693 ίδίαν
2948 1639 3227 1711 ἐνέργειαν
3255 1638 3349 1693 τοῦ
3370 1640 3519 1711 ὸρᾷν,
3547 1641 3605 1693 ἐκ
3625 1639 3708 1693 τοῦ
3727 1640 3877 1692 εἰπεῖν

679 1731 742 1784 τὸ
801 1731 1105 1803 θεώμενον,
1164 1732 1270 1787 hoc
1320 1742 1406 1788 est
1450 1730 1506 1786 id
1550 1732 1689 1802 quod
1738 1732 1877 1787 videt
1926 1740 1977 1785 et
2032 1741 2267 1801 spectat.

2382 1733 2541 1799 «Ἴδε,
2572 1735 2601 1787 6
2627 1732 2813 1796 Θεός.»
2850 1730 3010 1786 Ἀλλὰ
3044 1731 3138 1785 καὶ
3165 1732 3195 1784 6
3233 1729 3439 1800 Ἰησοῦς
3464 1730 3561 1801 ὁρᾷ
3588 1728 3673 1793 τὰς
3696 1727 3877 1800 deum

680 1821 835 1886 Θεός,
863 1821 915 1877 id
944 1832 1029 1878 est
1055 1821 1196 1877 Deus
1231 1821 1456 1885 dicitur,
1483 1823 1630 1877 nulla
1661 1822 1773 1891 jam
1805 1822 2071 1893 probabili
2103 1823 2270 1879 ratio.

2269 1854 2270 1859 η
2301 1814 2347 1869 Β
2376 1841 2490 1888 σεις
2516 1823 2624 1877 τῶν
2656 1823 3178 1892 καταγινωσκόντων
3206 1822 3341 1875 διότι
3368 1823 3626 1892 συγχωρεῖ
3646 1819 3734 1884 τὰς
3749 1821 3877 1890 ἁμαε

680 1927 749 1967 ne
772 1911 955 1982 aliqua
977 1926 1356 1982 personarum,
1390 1927 1512 1983 qua:
1534 1912 1588 1965 in
1629 1910 1899 1966 Trinitate
1928 1920 2081 1979 sunt,
2121 1927 2151 1965 a
2173 1912 2268 1967 tali

2374 1913 2496 1978 τίας
2520 1914 2578 1981 ἐξ
2606 1914 2892 1978 αὐθεντίας
2916 1913 3025 1969 τῶν
3047 1911 3370 1985 ἀνθρώπων.
3395 1932 3414 1965 ι
3443 1911 3582 1966 Ἰδὼν
3603 1912 3717 1983 γὰρ,
3738 1913 3877 1981 φησὶι

680 2002 1046 2073 appellatione
1073 2002 1442 2073 separabilur,
1506 2011 1729 2073 propter
1777 2004 1999 2059 insitam
2034 2002 2165 2075 voci,
2205 2004 2275 2059 si-

2269 2035 2275 2046 ι
2371 2007 2402 2061 6
2439 2005 2646 2077 Ἰησοῦς
2664 2006 2763 2070 τὰς
2789 2004 3114 2078 ἐνθυμήσεις
3142 2005 3341 2060 αὐτῶν.
3358 2024 3376 2057 ι
3399 2004 3509 2058 Kal.
3525 2004 3640 2076 περὶ
3653 2002 3738 2057 τοῦ
3759 2004 3877 2056 Πνετὶ

679 2092 1113 2166 guilicationem.
1171 2092 1304 2149 Nam
1355 2093 1503 2164 quod
1538 2092 1758 2149 videant
1812 2102 1869 2150 ct
1920 2094 2268 2161 intueantur,

2376 2110 2546 2165 ματος
2592 2093 2740 2163 λέγει
2789 2093 2923 2165 πρὸς
2968 2094 3059 2149 τὸν
3119 2094 3368 2150 Ἀνανίαν
3410 2096 3438 2148 6
3479 2094 3669 2165 Πέτρος
3689 2109 3703 2124 ·
3746 2094 3827 2146 ἵνα
3870 2110 3877 2126 ·

683 2187 971 2258 Scriptura
1001 2201 1102 2242 suo
1133 2187 1454 2243 testimonio
1481 2200 1545 2241 ex
1579 2201 1741 2256 atquo
1774 2185 2027 2241 attribuit
2063 2193 2120 2242 et
2166 2183 2268 2241 Pa-

2372 2186 2693 2259 ἐπλήρωσεν
2716 2189 2745 2240 6
2779 2189 3023 2252 Σατανᾶς
3044 2188 3145 2259 τὴν
3187 2187 3414 2259 καρδίαν
3442 2203 3532 2240 σου
3560 2185 3837 2256 ψεύσασθαί
3863 2202 3877 2237 ‹

681 2279 750 2333 tri
771 2287 825 2334 et
857 2277 993 2332 Filio
1021 2284 1077 2332 et
1112 2275 1342 2347 Spiritui
1392 2284 1608 2332 sancto.
1664 2295 1683 2328 ι
1726 2276 2012 2332 Protector
2061 2286 2269 2343 noster,

2371 2278 2437 2333 τδ
2467 2278 2693 2350 Πνεῦμα
2721 2278 2783 2332 τὸ
2810 2278 3006 2348 ἆγιον;
3066 2279 3301 2342 δεικνὺς,
3348 2279 3434 2332 ὅτι
3470 2276 3578 2331 τῶν
3615 2278 3669 2330 ἐν
3711 2292 3877 2349 κρυπτ

681 2370 891 2440 aspice,
927 2367 1094 2434 Deus,
1134 2386 1155 2420 ι
1184 2368 1361 2439 inquit
1389 2367 1560 2424 David
1593 2370 1635 2422 ³.
1677 2366 1815 2422 Nam
1862 2383 1931 2422 ex
1967 2367 2072 2423 hoc
2095 2367 2268 2423 disci-

2371 2371 2792 2443 τετολμημένων
2824 2369 2977 2442 παρὰ
3006 2369 3101 2424 τοῦ
3143 2369 3408 2434 Ἀνανίου,
3448 2370 3647 2440 μάρτυς
3675 2364 3739 2439 ἦν
3766 2368 3877 2437 eos

680 2478 805 2518 tuus
822 2462 1061 2532 speciem
1086 2460 1203 2526 Dei,
1224 2471 1496 2532 quatenus
1520 2459 1665 2516 Deus
1693 2459 2038 2530 intelligitur,
2066 2458 2271 2515 habere

2264 2477 2271 2513 ι
2370 2462 2467 2534 δὴς
2500 2463 2762 2535 ὲπιίστωρ
2789 2462 2853 2516 τὸ
2876 2461 3101 2533 Πνεῦμα
3127 2462 3189 2515 τὸ
3217 2460 3393 2531 ἅγιον,
3425 2460 3490 2515 δι’
3514 2454 3574 2514 οὗ
3602 2460 3690 2514 καὶ
3715 2459 3788 2530 τῷ
3829 2461 3872 2512 Π

681 2554 1013 2624 peculiarem
1061 2551 1367 2609 efﬁcaciam
1398 2551 1638 2619 videndi,
1673 2567 1740 2608 ex
1795 2565 1862 2607 eo
1895 2549 2043 2621 quod
2096 2550 2271 2617 dixit,

2269 2592 2271 2600 π
2371 2572 2486 2627 τρῳ
2514 2555 2623 2613 τῶν
2656 2555 3026 2615 λανθανόντων
3050 2555 3086 2626 ἡ
3128 2554 3433 2624 φανέρωσις
3473 2548 3560 2625 ἦν.
3602 2554 3656 2623 Ὀ
3687 2552 3778 2625 μὲν
3827 2554 3877 2622 γέ

686 2666 706 2699 ι
755 2647 976 2718 Aspice,
1005 2645 1169 2703 Deus.
1212 2665 1232 2700 ι
1278 2645 1425 2713 Quin
1451 2647 1617 2702 etiam
1674 2643 1844 2702 Iesus
1875 2643 2026 2699 videt
2055 2643 2269 2715 cogita-

2372 2647 2591 2716 ἐγένετο
2630 2647 2871 2716 κλέπτης
2902 2647 3065 2711 αὐτὸς
3110 2645 3302 2700 ἑαυτοῦ
3335 2644 3628 2710 λανθάνων,
3670 2644 3741 2709 ώς
3776 2644 3877 2715 (ρετ

682 2741 861 2798 tiones
887 2740 1266 2797 damnantium
1293 2779 1308 2805 ,
1340 2739 1505 2811 quod
1553 2753 1652 2809 pro
1721 2745 1990 2810 potestate
2043 2744 2270 2808 peccata

2237 2753 2270 2792 a
2372 2741 2610 2805 πάντας,
2657 2740 2754 2794 καὶ
2784 2731 2885 2811 τῆν
2927 2738 3203 2811 ἁμαρτίαν
3244 2737 3724 2810 ἐπικρυπτόμενος.
3771 2738 3845 2791 Τὸ

681 2831 966 2888 hominum
1003 2830 1363 2887 condonaret.
1402 2847 1420 2883 ι
1450 2828 1654 2884 Videns
1679 2829 1850 2892 enim,
1874 2828 2073 2897 inquit,
2108 2826 2270 2884 Jesus

2269 2868 2270 2873 η
2373 2831 2599 2903 Πνεῦμα
2630 2831 2692 2885 τὸ
2720 2832 2894 2901 ἅγιον,
2925 2830 3062 2902 ὁμοῦ
3092 2847 3155 2884 τε
3170 2833 3229 2885 ἐν
3256 2830 3449 2901 Πέτρῳ
3472 2824 3667 2900 ἦν,καὶ
3680 2829 3772 2901 τὴν
3803 2832 3877 2883 tm

681 2923 1041 2994 c0gitationes
1063 2936 1254 2976 eorum
1288 2920 1331 2976 ⁸.
1372 2939 1390 2972 ι
1426 2918 1559 2974 item
1597 2920 1665 2976 de
1716 2918 1923 2989 Spiritu
1953 2917 2150 2974 Petrus
2199 2919 2271 2975 ad

2269 2966 2271 2972 λ
2373 2939 2465 2976 νου
2503 2922 2739 2976 διάνοιαν
2772 2922 2908 2993 πρὸς
2943 2922 3043 2992 τὴν
3089 2919 3522 2991 φιλοχρηματίαν
3555 2922 3877 2989 καταουρεῖσ

680 3015 949 3069 Ananiam
978 3013 1112 3068 dicit
1145 3032 1159 3069 :
1191 3032 1210 3063 ι
1248 3011 1362 3067 Cur
1411 3012 1908 3082 implevitSatauas
1955 3025 2051 3065 cor
2083 3019 2266 3075 tuum,

2249 3049 2266 3075 ,
2373 3011 2652 3084 ἐφώρασε,
2699 3015 2794 3068 καὶ
2835 3014 2902 3067 δι’
2927 3011 3124 3066 ἐαυτοῦ
3154 3011 3338 3066 δίδωσι
3387 3010 3467 3081 τῷ
3516 3010 3700 3083 Πέτρῳ
3729 3011 3857 3065 ἰδεῖν

683 3114 744 3159 ut
777 3104 1090 3160 mentireris
1123 3102 1352 3174 Spiritui
1377 3113 1571 3159 sancto
1600 3102 1622 3135 ⁸
1658 3104 1682 3155 ’ί
1714 3120 1732 3154 ι
1768 3101 2088 3170 ostendens,
2117 3100 2265 3173 quod

2257 3101 2265 3155 l
2298 3153 2339 3179 η
2356 3104 2707 3179 λανθάνοντα
2733 3121 2747 3136 υ
2798 3104 2898 3158 οὐκ
2925 3102 2991 3157 ἂν
3019 3101 3263 3175 δηλονότι
3289 3100 3447 3156 τοῦτο
3473 3101 3677 3170 ποιοῦν,
3706 3101 3865 3174 εἴπερ

682 3210 894 3261 eorum,
944 3210 1066 3266 quae
1110 3195 1166 3249 in
1195 3195 1411 3250 occulto
1433 3210 1605 3251 ausus
1648 3202 1767 3250 erat
1797 3194 2063 3261 Ananias,
2114 3194 2272 3249 testis

1433 3210 1605 3251 ausus
1648 3202 1767 3250 erat
1797 3194 2063 3261 Ananias,
2114 3194 2272 3249 testis
2299 3193 2341 3212 ν
2378 3193 2486 3248 τῶν
2511 3194 2761 3265 κρυφίων
2790 3194 3037 3248 ἀθέατον.

683 3302 849 3343 verax
884 3296 940 3345 et
994 3288 1205 3346 arbiter
1233 3298 1379 3346 esset
1413 3289 1652 3360 Spiritus
1692 3295 1941 3353 sanctus,
1965 3303 2062 3359 per
2087 3304 2249 3359 quem
2306 3289 2471 3344 etiam
2502 3287 2665 3344 Petro
2696 3290 3069 3359 prodebantur
3094 3289 3332 3345 occulta.
3380 3288 3562 3360 Atque
3598 3286 3688 3343 ille
3724 3289 3878 3359 quidt

682 3380 770 3436 sui
799 3380 972 3451 ipsius
1020 3380 1112 3435 fur
1143 3389 1281 3446 erat,
1328 3381 1523 3438 fallens
1571 3397 1784 3445 omnes.
1828 3392 1888 3437 ut
1952 3383 2201 3452 putabat,
2249 3390 2305 3438 et
2341 3390 2628 3454 peccatum
2654 3384 2931 3457 occultum
2974 3383 3203 3440 habens.
3228 3382 3469 3454 Spiritus
3508 3388 3690 3438 autem
3728 3393 3878 3438 sanct

683 3472 853 3530 simul
883 3481 940 3528 et
969 3472 1024 3527 in
1053 3471 1218 3529 Petro
1243 3483 1384 3540 erat,
1429 3483 1485 3530 et
1529 3475 1676 3530 illius
1710 3484 1947 3530 mentem
1978 3475 2045 3530 ad
2101 3476 2387 3530 avaritiam
2452 3476 2751 3546 proiectam
2806 3476 3188 3546 deprellendit,
3238 3485 3294 3532 et
3340 3492 3437 3547 per
3506 3490 3629 3532 sese
3678 3472 3843 3530 Petro

682 3565 854 3622 tentia
885 3562 1105 3621 videndi
1143 3564 1461 3623 facultatem
1489 3566 1583 3621 dat
1609 3567 1750 3622 :hoc
1775 3565 2030 3622 videlicet
2047 3581 2158 3621 non
2186 3566 2454 3633 facturus,
2491 3569 2537 3625 si
2564 3569 2783 3623 occulta
2816 3568 3039 3625 videndi
3064 3570 3282 3632 virtutis
3307 3582 3506 3640 expers
3534 3577 3707 3623 esset.

753 3755 824 3810 At
866 3752 1111 3809 nondum
1151 3751 1364 3823 inquiet
1402 3752 1605 3823 aliquis
1646 3752 1718 3806 ad
1745 3751 1796 3807 id
1815 3753 1958 3822 quod
1987 3751 2272 3823 quaeritur,

2269 3794 2272 3811 .
2469 3751 2609 3806 Ἀλλ’
2655 3751 2809 3806 οὔπω
2854 3769 2938 3815 τις
2967 3753 3093 3825 ἐρεῖς
3129 3752 3265 3823 πρὸς
3293 3752 3354 3806 τὺ
3380 3750 3716 3824 ζητούμενον
3746 3749 3877 3819 me:

683 3845 954 3902 orationis
982 3852 1230 3915 spectare
1249 3853 1613 3900 structuram.
1630 3843 1816 3914 Neque
1835 3844 1980 3899 enim
2005 3845 2052 3900 si
2084 3845 2272 3899 datum

2269 3868 2272 3898 ι
2376 3847 2477 3919 τὴν
2506 3844 2851 3914 κατασκευὴν
2880 3843 2975 3897 τοῦ
3002 3843 3183 3913 λόγου.
3225 3843 3359 3897 Οὐδὲ
3387 3843 3493 3912 γὰρ
3518 3843 3569 3894 εἰ
3596 3841 3784 3913 δοθείη
3816 3860 3877 3895 κο

686 3937 851 3994 fuerit
897 3950 1189 3992 commune
1230 3942 1445 3990 natura:
1492 3934 1820 3990 vocabulum
1854 3950 1977 3991 esse
2018 3935 2267 4000 deitatis,

2254 3976 2267 4000 ,
2373 3937 2474 4007 τῆς
2505 3937 2720 4005 φύσεως
2744 3937 2777 4005 ἠ
2811 3933 3000 4004 κλῆσις
3026 3935 3124 4005 τῆς
3153 3934 3402 4006 θεότητος
3432 3931 3593 3997 εἶναι,
3643 3935 3753 4007 ήδη
3794 3936 3862 3988 τὸ

684 4030 796 4101 jam
833 4028 1131 4102 (protinus)
1172 4043 1269 4098 per
1305 4027 1411 4081 boc
1439 4026 1729 4098 probatum
1753 4024 1940 4090 fuerit,
1979 4026 2124 4096 quod
2158 4042 2271 4083 non

2269 4076 2271 4079 .
2372 4027 2487 4081 δεῖν
2512 4026 2692 4096 λέγειν
2719 4025 2874 4088 θεοὺς
2905 4025 2994 4079 διά
3016 4024 3204 4079 τούτου
3243 4026 3661 4096 κατεσκευάσθη
3684 4042 3699 4055 ο
3750 4026 3877 4079 τούν

686 4130 935 4194 oporteat
962 4121 1146 4179 dicere
1170 4121 1304 4179 deos
1335 4140 1348 4177 :
1376 4121 1625 4192 quinimo
1657 4130 1851 4176 contra
1886 4135 1950 4175 ex
1988 4121 2073 4178 his
2099 4122 2274 4190 magis

2269 4139 2274 4175 ἰ
2374 4119 2487 4172 τίον
2518 4119 2617 4190 μὲν
2643 4115 2737 4173 οὖν
2766 4120 2830 4171 ὲκ
2853 4116 3059 4171 τούτων
3084 4116 3507 4188 ἀναγκαζόμεθα
3540 4118 3753 4189 μᾶλλον
3796 4116 3877 4171 λέ-

686 4217 938 4287 cogimur
968 4215 1151 4272 dicere
1166 4215 1338 4271 .deos.
1380 4213 1737 4285 Reperiemns
1766 4212 1915 4268 enim
1954 4212 2009 4267 in
2039 4227 2276 4269 consue-

2260 4242 2276 4254 -
2377 4209 2552 4274 θεούς.
2569 4210 2906 4280 Εὑρίσκομεν
2928 4208 3038 4280 γάρ
3056 4209 3147 4262 ἐπὶ
3165 4209 3265 4277 τῆς
3285 4208 3639 4281 ἀνθρωπίνης
3660 4209 3868 4279 συνηθε

688 4309 880 4366 tudine
902 4309 1208 4368 hominum,
1236 4321 1344 4361 non
1371 4307 1548 4362 solum
1576 4320 1693 4372 eos,
1725 4306 1818 4376 qui
1851 4304 2099 4360 eamdem
2124 4310 2278 4359 natu-

2269 4333 2278 4345 -
2375 4304 2437 4358 οὐ
2487 4302 2644 4374 μόνον
2691 4302 2817 4364 τοὺς
2857 4300 2960 4371 τῆς
3001 4301 3171 4373 αὐτῆς
3200 4300 3414 4371 φύσεως
3451 4300 3753 4365 κοινωνίας
3775 4340 3792 4365 ,
3851 4302 3877 4354 ἀ

690 4412 808 4473 ram
833 4410 1178 4452 communem
1195 4394 1420 4460 habent,
1433 4397 1625 4451 veru’m
1640 4394 1804 4450 etiam
1821 4394 1867 4451 si
1884 4395 1979 4466 qui
1997 4394 2108 4450 sint
2123 4394 2275 4466 ejus-

2269 4423 2275 4433 ν
2378 4395 2481 4450 κᾶν
2506 4410 2652 4452 τινες
2676 4392 2773 4447 τοῦ
2801 4392 2966 4447 αὐτοῦ
2993 4386 3125 4448 ὦσιν
3160 4394 3624 4465 ἐπιτηδεύματος,
3650 4393 3759 4464 οὐχ
3788 4395 3877 4446 ἐνι

698 4484 822 4539 dem
852 4487 1042 4551 studii,
1065 4493 1120 4542 et
1142 4484 1326 4551 oﬂlcii,
1352 4499 1464 4541 non
1494 4485 1843 4556 singulariter
1863 4488 2062 4542 multos
2081 4487 2265 4543 nomi-

2376 4485 2505 4550 τοῦς
2531 4485 2763 4551 πολλοὺς
2792 4485 3318 4558 μνημονευομένους.
3349 4485 3499 4539 Καθό
3526 4502 3725 4556 φαμεν
3746 4487 3877 4557 ῥήτι

696 4575 845 4632 nari.
860 4576 976 4645 Qua
1001 4578 1217 4633 ratione
1239 4584 1487 4631 oratores
1510 4575 1712 4632 multos
1730 4585 1785 4631 et
1800 4584 2108 4646 geometras
2129 4576 2267 4632 dici-

2305 4562 2351 4619 Ῐ)
2378 4593 2439 4631 τε
2470 4575 2695 4641 πολλοὺς
2719 4577 2814 4631 καὶ
2841 4576 3179 4648 γεωμέτρας,
3204 4575 3482 4649 γεωργούς
3505 4593 3571 4630 τε
3596 4577 3702 4631 καὶ
3731 4593 3877 4630 σκυτ

697 4682 824 4723 mus
844 4668 1221 4739 agricolasque
1246 4676 1302 4722 et
1322 4675 1542 4722 sutores
1565 4684 1582 4721 :
1604 4675 1664 4721 et
1686 4667 1738 4720 in
1770 4668 1983 4723 caeteris
2008 4667 2266 4723 omnibus

2250 4683 2266 4723 ι
2383 4683 2538 4738 μους,
2579 4666 2771 4721 καὶτὰ
2797 4665 2932 4723 ἄλλα
2955 4666 3133 4720 πάντα
3159 4667 3439 4731 ὡσαύτως.
3482 4667 3599 4722 Καὶ
3645 4668 3700 4720 εί
3745 4668 3858 4738 μὲν

693 4756 887 4826 eodem
910 4755 1094 4813 modo.
1125 4756 1201 4809 Ac
1220 4754 1267 4808 si
1287 4752 1508 4823 quidem
1531 4762 1744 4810 natura:
1759 4753 2082 4811 vocabulum
2099 4755 2276 4812 deitas

2269 4773 2276 4811 l
2381 4776 2518 4823 σεως
2545 4754 2666 4832 ἦνὴ
2699 4757 2891 4832 θεότης
2919 4760 3284 4834 προσηγορία,
3316 4758 3516 4831 μᾶλλον
3549 4757 3623 4812 ἂν
3651 4752 3781 4829 εἶχε
3806 4776 3877 4812 κο

693 4854 863 4914 esset,
910 4846 1088 4918 magis
1149 4852 1478 4917 congrueret
1525 4852 1690 4915 atque
1740 4848 2062 4904 conveniret
2122 4848 2280 4917 juxta

2232 4855 2280 4904 la
2384 4851 2526 4906 κατὰ
2557 4851 2648 4905 τὸν
2682 4850 3055 4923 προαποθέντα
3095 4852 3251 4923 λόγον
3292 4852 3488 4916 ἑνικῶς
3518 4851 3631 4914 τὰς
3668 4854 3840 4923 τρεῖς

693 4947 823 4995 ante
847 4937 1110 4995 redditam
1138 4937 1401 4994 rationem
1427 4938 1664 5008 (omnes)
1682 4946 1791 4997 tres
1816 4940 2136 5011 hypostases
2164 4941 2280 4996 sin—

2269 4969 2280 4983 -
2384 4943 2603 5008 στάσεις
2628 4944 3078 5017 περιλαμϐάνειν,
3111 4944 3207 5000 καὶ
3246 4945 3344 4999 ἕνα
3368 4943 3505 4998 Θεὸν
3545 4944 3777 5013 λέγειν,
3828 4944 3877 4997 δι

578 5110 595 5119 ί
694 5032 961 5103 gulariter
996 5029 1482 5102 comprehendere,
1523 5037 1579 5087 et
1620 5047 1791 5086 unum
1845 5031 2015 5111 Deum
2067 5032 2186 5089 dice

2266 5074 2274 5099 ,
2381 5034 2481 5106 τῆς
2511 5034 2722 5105 φύσεως
2753 5036 2994 5109 ἄτμητόν
3023 5053 3084 5090 τε
3115 5035 3209 5091 καὶ
3251 5035 3584 5107 ἀδιαίρετον.
3657 5034 3874 5088 Ἐπειδ

694 5125 898 5195 quippe
930 5138 1054 5180 cum
1079 5133 1271 5178 natura
1294 5122 1421 5179 talis
1452 5123 1547 5188 sit,
1607 5132 1667 5177 ut
1703 5123 1756 5177 iu
1790 5130 1976 5193 partes
2003 5125 2181 5179 secari
2210 5140 2275 5180 ac

2269 5143 2275 5178 :
2379 5127 2787 5200 κατεσκευάσθη
2820 5128 2908 5182 διά
2949 5128 3058 5183 τῶν
3103 5129 3408 5201 εἰρημένων
3432 5124 3769 5199 ’ἐνέργειαν
3809 5142 3877 5195 σῖ

694 5215 865 5272 dividi
890 5231 1001 5272 non
1042 5215 1243 5288 possit.
1274 5214 1381 5271 Sed
1417 5215 1677 5286 quoniam
1729 5230 1827 5285 per
1858 5230 1944 5279 ea,
1970 5231 2093 5287 qum
2127 5216 2275 5273 dicta

2262 5234 2275 5273 ι
2379 5234 2510 5282 νειν,
2536 5220 2631 5273 καὶ
2650 5220 2771 5291 οὐχὶ
2794 5220 2955 5290 φύσιν
2984 5221 3046 5275 τὸ
3072 5222 3172 5294 τῆς
3198 5221 3453 5293 θεότητος
3481 5219 3703 5291 ὄνομα,
3742 5236 3870 5291 περ

698 5310 849 5369 sunt,
882 5305 1214 5361 afﬁrmatum
1241 5312 1348 5369 est,
1399 5303 1546 5374 quod
1588 5301 1835 5358 ofﬁcium
1860 5302 2276 5375 el‘ticaciamque

2269 5323 2276 5358 ε
2381 5310 2541 5364 πεταί
2573 5328 2689 5375 πως
2724 5312 2861 5383 πρὸς
2905 5313 3211 5369 τούναντίον
3238 5317 3303 5368 ἐκ
3328 5314 3438 5367 τῶν
3481 5313 3877 5377 κατασκευαζ

695 5403 752 5451 et
776 5409 884 5450 non
913 5404 1166 5453 naturam
1200 5395 1472 5468 signiticet
1507 5404 1703 5450 nomen
1736 5394 1976 5461 deitatis,
2038 5395 2104 5452 ad
2140 5411 2277 5453 cou-

2269 5426 2277 5439 ι
2380 5418 2486 5455 νων
2517 5402 2546 5454 6
2577 5402 2770 5472 λόγος,
2822 5405 2899 5469 ώς
2942 5406 3051 5459 δεῖν
3114 5406 3284 5480 ταύτῃ
3341 5406 3547 5477 μᾶλλον
3598 5405 3816 5474 λέγειν
3870 5423 3877 5437 ε

699 5487 927 5541 trarium
956 5488 1361 5557 quodammodo
1386 5503 1609 5545 sensum
1639 5502 1706 5543 ex
1727 5487 1809 5543 iis
1828 5505 1951 5559 quae
1976 5488 2273 5558 afﬁrmant,

2250 5530 2273 5556 ν,
2380 5491 2554 5559 θεοὺς,
2582 5495 2709 5559 τοὺς
2741 5499 2798 5550 ἐν
2827 5500 2893 5569 τῇ
2932 5500 3069 5571 αὐτῇ
3101 5501 3352 5571 ἐνεργείᾳ
3391 5499 3858 5570 θεωρουμένους

697 5578 878 5634 oratio
900 5578 1183 5650 redigitur,
1232 5587 1292 5635 ut
1336 5579 1543 5636 idcirco
1596 5577 1772 5649 magis
1810 5588 2059 5651 oporteat
2092 5579 2277 5638 dicere

2258 5597 2277 5638 Ξ
2380 5601 2510 5655 φασι
2552 5586 2805 5658 λέγεσθαι
2840 5593 2987 5664 τρεῖς
3033 5593 3370 5664 φιλοσόφους,
3404 5591 3436 5663 ἦ
3478 5592 3784 5665 ῥήτορας,
3823 5588 3866 5659 ἢ

806 5755 825 5786 ⁸
866 5753 1007 5812 l’sal.
1074 5771 1303 5823 unm,
1338 5758 1414 5814 iO.
1506 5759 1523 5788 ³
1567 5756 1701 5815 Luc.
1745 5775 1817 5827 Iv,
1860 5760 1941 5816 Π.
2024 5759 2038 5790 "
2079 5760 2199 5816 Act.
2243 5761 2371 5828 ",5.
