4072 6212
671 362 774 415 127

1872 358 1930 415 S.
1965 352 2291 413 GREGORII
2325 353 2625 412 NYSSENI
3807 357 3882 411 lii;

670 487 803 526 seon
857 477 1048 527 sancta
1121 469 1366 527 Trinitas
1401 485 1616 527 omnem
1644 473 1915 528 actionem
1962 479 2245 544 operatur,

2283 477 2319 530 Α
2353 470 2700 526 ὑποστάσεων
2750 472 2981 544 ἀριθμὸν
3031 473 3064 543 ἡ
3105 471 3234 541 άγία
3275 468 3474 538 Τριὰς,
3528 467 3659 523 ἀλλὰ
3694 467 3782 539 μία
3822 486 3881 529 τις

671 564 766 619 sed
794 578 938 618 unus
969 562 1186 633 quidem
1223 563 1378 620 boum
1408 565 1705 620 voluntatis
1740 577 1943 630 motus,
2004 579 2113 619 una
2141 558 2259 621 disJ

672 655 874 726 positio
937 662 1044 720 est,
1109 670 1231 725 quae
1258 671 1288 710 a
1323 654 1481 711 Patre
1531 669 1629 726 per
1665 653 1867 711 Filium
1895 655 1964 710 ad
1990 654 2256 725 Spiritum

676 763 849 816 usque
907 745 1198 803 deducitur
1238 754 1401 817 atque
1444 747 1744 819 dirigitur:
1795 746 2256 817 quemadmodum

677 853 785 894 non
812 839 1048 895 dicimus
1076 846 1189 895 tres
1218 839 1563 896 viviﬁcantcs
1589 856 1707 905 eos,
1765 841 1860 911 qui
1894 854 2059 894 unam
2085 838 2257 894 vitam

676 938 954 1001 praestant,
981 946 1155 1002 neque
1180 941 1291 987 tres
1336 932 1530 999 bonos,
1561 932 1654 1003 qui
1703 932 1760 986 in
1797 930 1986 988 eadem
2017 929 2260 986 bonitate

677 1019 1118 1082 considerantur,
1147 1034 1250 1075 nec
1274 1019 1485 1090 reliqua
1539 1021 1723 1074 omnia
1757 1020 2045 1091 pluraliter
2083 1034 2261 1075 enun-

677 1116 921 1170 tiamus:
977 1114 1169 1169 eodem
1218 1113 1381 1169 modo
1410 1130 1589 1186 neque
1619 1122 1733 1170 tres
1782 1115 1917 1171 deos
1972 1114 2262 1171 nominare

677 1222 971 1278 possumus
992 1222 1110 1269 eos,
1135 1207 1226 1277 qui
1264 1208 1405 1261 Itane
1425 1206 1635 1279 θεικήν,
1667 1207 1722 1262 id
1752 1217 1857 1271 est,
1881 1206 2117 1261 divinant
2149 1207 2265 1262 sive

676 1298 1037 1365 inspectricem
1084 1299 1342 1353 virtutem
1390 1306 1445 1354 et
1479 1299 1751 1354 actionem
1813 1307 1929 1352 tum
1989 1298 2045 1352 in
2079 1297 2262 1363 nobis,

678 1397 792 1443 tum
825 1389 880 1443 in
928 1389 1080 1444 omni
1111 1397 1384 1458 creatura,
1414 1390 1752 1460 coniunctim
1794 1398 1850 1445 et
1886 1404 1997 1444 non
2040 1402 2267 1459 separa-

678 1482 776 1535 tim
837 1497 934 1552 per
975 1496 1098 1537 sese
1147 1482 1382 1537 invicem
1435 1491 1712 1538 exercent.
1759 1479 1828 1536 Ut
1854 1481 2000 1537 enim
2033 1481 2105 1536 de
2155 1479 2268 1537 Deo

678 1586 906 1626 summa:
936 1586 1118 1627 rerum
1158 1570 1307 1626 docti
1340 1568 1627 1642 Scriptura
1672 1570 1908 1634 dicente,
1942 1569 2092 1641 quod
2118 1568 2270 1639 judi—

646 1646 765 1716 ἐει
782 1676 996 1716 omnem
1028 1669 1252 1724 terram,
1271 1660 1515 1731 iudicem
1534 1677 1657 1717 eum
1683 1661 2063 1718 universarum
2084 1674 2271 1717 rerum

680 1765 780 1820 per
814 1745 1169 1808 Filium'csse
1216 1751 1452 1808 dicimus
1494 1771 1508 1807 :
1542 1766 1608 1807 ac
1642 1767 1837 1809 rursus
1869 1752 1960 1808 ubi
1990 1750 2271 1808 audiveri-

2300 1812 2347 1870 Β

2356 564 2561 633 γίνεται
2597 563 2692 619 τοῦ
2736 562 2943 634 ἁγαθοῦ
2986 563 3288 634 θελήματος
3331 558 3542 631 κίνησίς
3574 576 3630 612 τε
3673 561 3758 612 καὶ
3793 558 3882 612 δια-

2358 654 2660 726 κόσμησις,
2703 658 2769 710 ὲκ
2807 654 3019 728 Πατρδς
3047 654 3135 707 διὰ
3152 652 3249 707 τοῦ
3278 651 3410 705 Υἰοῦ
3450 650 3585 722 πρὸς
3617 650 3673 704 τδ
3699 649 3882 722 Πνεῦμι

2358 745 2715 816 διεξαγομένη
2738 760 2754 776 ⁸
2797 746 2873 810 ὡς
2913 745 3020 816 γάρ
3058 745 3120 798 οὐ
3170 743 3406 813 λέγομεν
3447 743 3599 814 τρεῖς
3633 741 3882 806 (monarch.

2359 836 2485 899 τοὺς
2504 834 2605 907 τὴν
2627 835 2755 907 μίαν
2783 833 3139 907 ινεργοῦντας
3170 831 3339 905 ζωὴν,
3369 832 3491 885 οὐδὲ
3523 834 3667 903 τρεῖς
3687 830 3882 900 mea.

2358 926 2504 1004 robe.
2533 927 2592 979 ὲν
2639 927 2777 998 αὐτῇ
2808 929 2875 998 τῇ
2912 925 3208 997 άγαθότητι
3242 922 3680 996 θεωρουμένους,
3709 921 3818 976 οὐδὲ
3843 940 3882 974 τέ

2361 1015 2497 1070 ἄλλα
2531 1016 2708 1071 πάντα
2742 1016 3117 1088 πληθυντικῶς
3146 1015 3546 1086 ἐξαγγέλλομεν
3568 1033 3582 1047 ο
3611 1013 3773 1078 οὕτως
3799 1014 3882 1067 οὐδ

2361 1110 2511 1179 τρεῖς
2557 1106 2719 1172 θεοὺς
2765 1109 3053 1181 ὀνομάζειν
3096 1107 3408 1178 δυνάμεθα,
3444 1105 3572 1170 τοὺς
3613 1106 3707 1175 τὴν
3740 1103 3882 1175 θεϊκὴ

2363 1199 2589 1270 ταύτην,
2638 1201 2758 1271 ἦτοι
2808 1201 3113 1272 ἰποπτικὴν
3158 1199 3389 1270 δύναμίν
3425 1197 3625 1251 τεκαὶ
3656 1197 3882 1269 ἐνέργεια

2366 1292 2728 1364 συνημμένως
2753 1294 2847 1347 καὶ
2876 1292 3205 1364 άδιακρίτως
3228 1291 3297 1346 δι’
3319 1291 3561 1363 ἀλλήλων
3588 1290 3667 1360 ἐφ’
3693 1290 3835 1361 ἡμῶν
3864 1306 3882 1342 1

2366 1386 2464 1440 καὶ
2506 1385 2688 1458 πάσης
2734 1387 2834 1457 τῆς
2867 1385 3102 1448 κτίσεως
3150 1382 3528 1455 ἐνεργοῦντας.
3582 1382 3778 1454 Ὠσπερ
3818 1384 3882 1449 γᾶ

2371 1476 2632 1548 μαθόντες
2662 1476 2791 1549 περὶ⁸
2822 1475 2919 1530 τοῦ
2947 1475 3083 1530 Θεοῦ
3108 1474 3216 1529 τῶν
3235 1474 3373 1529 ὅλων
3392 1475 3489 1546 τῆς
3510 1470 3721 1545 Γραφῆς
3746 1474 3882 1543 λεγοι

2371 1585 2490 1639 σης,
2522 1568 2728 1640 κρίνειν
2762 1567 2926 1622 αὐτὸν
2955 1568 3135 1621 πᾶσαν
3167 1567 3266 1638 τὴν
3293 1566 3418 1636 γῆν,
3461 1566 3649 1639 κριτὴν
3676 1566 3762 1620 τοῦ
3792 1583 3882 1620 παι

2369 1661 2461 1725 τὸς
2480 1659 2645 1715 at?th
2669 1657 2809 1715 εἶναι
2836 1662 2923 1715 διὰ
2946 1661 3041 1715 τοῦ
3067 1659 3199 1714 Υἱοῧ
3228 1674 3429 1730 φαμεν.
3455 1660 3565 1712 Καὶ
3587 1660 3742 1713 πάλιν
3768 1660 3882 1712 ἀκοέ

2373 1769 2594 1818 σαντες,
2637 1752 2719 1808 ὅτι
2759 1755 2788 1808 ὁ
2823 1752 3012 1825 Πατὴρ
3047 1753 3224 1823 κρίνει
3264 1751 3454 1807 οὐδένα
3479 1792 3494 1817 ,
3526 1753 3622 1822 οὐχ
3663 1752 3882 1823 ἡγούμεί]

680 1857 825 1909 mus,
852 1843 998 1913 quod
1022 1842 1185 1900 Pater
1205 1844 1481 1900 neminem
1498 1842 1732 1914 judicet,
1749 1858 1859 1899 non
1885 1844 2267 1901 existimamus

2300 1842 2347 1870 ι’
2377 1843 2645 1914 μάχεσθαι
2677 1844 2815 1914 πρὸς
2848 1843 3048 1915 ἑαυτὴν
3085 1842 3186 1915 τὴν
3223 1843 3468 1916 Γραφήν.
3512 1844 3570 1898 '0
3602 1845 3715 1919 γάρ
3737 1845 3881 1916 κρίνει

682 1950 924 2005 pugnare
956 1951 1140 1991 secum
1171 1935 1537 2005 Scripturam.
1568 1934 1704 1989 Nam
1720 1935 2036 2006 quijudieat
2050 1950 2267 1991 omnem

683 2034 907 2094 terram,
941 2043 1037 2098 per
1067 2026 1289 2093 Filium,
1328 2027 1418 2082 cui
1447 2042 1610 2082 omne
1633 2028 1783 2084 dedit
1798 2029 2127 2099 judicium',
2165 2029 2268 2086 hoc

684 2119 816 2174 facit
847 2138 859 2174 :
889 2134 955 2174 ac
995 2120 1260 2191 quidquid
1292 2136 1390 2191 per
1427 2118 1782 2192 Unigenitum
1841 2120 1921 2186 iit,
1948 2120 2017 2176 ad
2049 2119 2267 2176 Patrem

682 2211 1006 2266 relationem
1036 2211 1218 2275 habet,
1252 2219 1313 2267 ut
1342 2218 1398 2267 et
1426 2212 1543 2281 ipse
1564 2206 2141 2281 judex'universarum
2180 2225 2271 2267 re—

684 2318 804 2356 rum
831 2302 924 2366 sit,
959 2310 1014 2358 et
1063 2301 1335 2357 neminem
1357 2302 1593 2372 judicet,
1640 2302 1841 2372 quippe
1896 2317 2046 2366 eum,
2094 2309 2155 2357 ut
2187 2301 2272 2357 di-

684 2402 834 2447 ctum
873 2401 981 2457 est,
1026 2392 1297 2462 judicium
1322 2408 1486 2471 oume
1541 2391 1684 2448 Filio
1722 2392 1956 2460 dederit,
1990 2402 2046 2449 et
2107 2408 2271 2449 omne

682 2484 949 2553 judicium
982 2484 1108 2540 Filii
1137 2500 1168 2540 a
1189 2471 1370 2542 Patris
1397 2487 1678 2545 voluntate
1702 2487 1982 2544 diversum
2014 2503 2124 2542 non
2151 2489 2224 2542 sit
2252 2505 2267 2542 :

687 2590 790 2631 nec
830 2584 975 2643 recte
1003 2575 1129 2647 quis
1158 2576 1381 2638 dixerit.
1425 2577 1511 2634 vel
1539 2577 1681 2634 duos
1730 2577 1973 2648 iudices,
2021 2578 2107 2633 vel
2135 2578 2272 2633 alte-

687 2682 807 2721 rum
836 2668 1103 2739 privatum
1131 2681 1196 2722 ac
1218 2668 1515 2740 spoliatum
1538 2684 1661 2726 esse
1684 2670 1885 2727 virtute
1910 2685 1975 2726 ac
1999 2678 2272 2742 potestate

684 2757 967 2826 iudicandi
1001 2777 1015 2814 :
1049 2760 1122 2813 ita
1148 2759 1312 2813 etiam
1347 2759 1401 2813 in
1424 2758 1725 2816 divinitatis
1756 2762 1985 2826 ratione,
2015 2760 2271 2818 Christus

690 2848 784 2904 Dei
814 2851 1011 2916 virtus,
1041 2858 1095 2906 et
1124 2849 1214 2905 Dei
1242 2851 1510 2921 sapientia
1535 2860 1620 2907 est
1656 2870 1671 2906 :
1700 2861 1864 2923 atque
1886 2852 2268 2923 inspectricem

690 2954 755 2995 ac
786 2941 1071 3012 θεατικὴνε
1104 2939 1157 2996 id
1199 2950 1303 3004 est,
1354 2942 1737 3010 spectauit-em
1804 2945 2070 3005 virtutem,
2107 2958 2271 3013 quam

692 3032 954 3086 nimirum
995 3031 1225 3102 θεότητα
1266 3032 1319 3087 id
1348 3040 1435 3087 est
1488 3032 1742 3088 deitatem
1773 3033 1892 3090 sive
1939 3034 2271 3090 divinitatem

691 3127 948 3193 dicimus,
975 3142 1072 3197 per
1102 3126 1455 3196 Unigenitum
1490 3123 1655 3184 Pater
1687 3137 1966 3200 Operatur,
2018 3125 2155 3184 Filio
2181 3145 2274 3185 au-
2299 3128 2327 3200 ,'

694 3227 802 3274 lem
826 3233 1041 3274 omnem
1071 3220 1324 3275 virtutem
1356 3220 1409 3275 in
1443 3215 1650 3291 Spiritu
1712 3230 1904 3278 sancto
1933 3221 2270 3294 perlicienle,

693 3324 757 3364 ac
783 3309 1069 3380 iudicante
1091 3311 1312 3380 quidem
1341 3353 1357 3377 ,
1388 3320 1448 3367 ut
1483 3312 1652 3370 Isaias
1678 3313 1831 3379 dicit,
1875 3313 1931 3368 in
1964 3313 2161 3384 spiritu
2181 3312 2274 3383 ju-

694 3404 848 3470 dicii,
884 3412 937 3459 et
965 3405 1167 3475 spiritu
1199 3405 1548 3461 adustionis“
1575 3425 1589 3462 :
1629 3414 1891 3477 operante
1923 3409 2050 3461 item
2075 3421 2276 3461 secun-

696 3494 827 3549 dum
857 3494 1135 3567 Evangelii
1176 3510 1385 3560 vocem,
1416 3509 1577 3566 quam
1603 3495 1668 3550 ad
1699 3494 1917 3552 Judeos
1959 3494 2149 3552 edidit.
2185 3493 2277 3550 Di-

696 3586 773 3639 cit
787 3584 935 3640 enim
959 3585 979 3616 '
1005 3601 1017 3638 :
1045 3603 1063 3637 ι
1096 3583 1152 3639 Si
1185 3592 1366 3640 autem
1396 3598 1497 3656 ego
1525 3586 1579 3641 in
1613 3584 1821 3656 Spiritu
1843 3586 1936 3643 Dei
1967 3586 2128 3657 ejicio
2166 3586 2278 3642 da:-

646 3709 653 3714 -
697 3675 881 3731 monia
915 3692 929 3729 :
976 3694 995 3728 ι
1028 3690 1058 3730 a
1083 3685 1237 3747 parte
1271 3680 1439 3730 totam
1466 3675 1704 3747 speciem
1735 3674 1987 3732 beneficii
2020 3690 2276 3747 compre-

699 3766 944 3823 itendens
961 3781 1057 3837 per
1074 3780 1194 3823 eam
1208 3779 1329 3839 quae
1346 3767 1492 3823 circa
1509 3766 1860 3823 efﬁcientiam
1878 3776 1960 3823 est
1975 3767 2238 3823 unitatem
2258 3783 2272 3819 :

698 3873 796 3928 per
830 3874 993 3929 quam
1017 3859 1285 3915 unitatem
1316 3868 1507 3914 mutua
1536 3873 1702 3930 opera
1741 3857 2028 3915 eliicientia
2058 3874 2281 3915 exerce-

697 3959 808 4011 tur,
840 3962 1009 4004 unum
1036 3964 1235 4003 nomen
1267 3949 1573 4005 eiiicientia:
1598 3950 1651 4004 in
1684 3950 1857 4004 multo
1901 3948 2184 4021 dispertiri
2217 3964 2282 4006 ac

698 4039 867 4095 dividi
917 4056 1025 4095 non
1059 4048 1261 4111 potest.
1299 4040 1572 4107 Quoniam
1618 4041 1764 4096 enim
1800 4056 1906 4096 una
1935 4040 2282 4113 inspectricis

698 4141 752 4186 et
779 4130 1126 4200 spectatricis
1153 4132 1377 4188 virtutis
1433 4132 1574 4188 ratio
1618 4132 1745 4202 (est)
1777 4130 1831 4187 in
1864 4130 2026 4189 Patre
2063 4138 2118 4187 et
2144 4129 2283 4188 Filio

699 4228 754 4274 ct
789 4218 998 4289 Spiritu
1050 4230 1264 4291 sancto,
1301 4221 1762 4294 quemadmodum
1798 4222 1853 4276 in
1905 4222 2283 4293 superioribus

624 4330 635 4341 κ
701 4312 907 4367 dictum
937 4320 1046 4380 est,
1073 4328 1196 4385 quae
1227 4329 1293 4369 ex
1322 4312 1489 4370 Patre
1519 4313 1749 4385 quidem
1772 4321 2034 4386 tanquam
2077 4325 2109 4368 a
2135 4314 2286 4371 ioiite

701 4402 939 4471 quodam
987 4401 1377 4473 proﬁciscitur,
1413 4419 1443 4457 a
1467 4400 1607 4459 Filio
1631 4416 1760 4459 vero
1786 4404 1855 4458 ad
1881 4403 2156 4459 aetionem
2191 4403 2286 4458 de-

2376 1934 2558 1989 πᾶσαν
2597 1934 2694 2006 τὴν
2735 1934 2840 2005 γῆν
2878 1934 2968 1988 διὰ
3003 1933 3100 1989 τοῦ
3136 1935 3264 1989 Υίοῦ
3286 1978 3301 2003 ,
3414 1938 3593 1991 πᾶσαν
3621 1936 3808 1990 δέδωκε
3838 1937 3882 1990 τί

2375 2025 2581 2097 κρίσιν,
2613 2024 2774 2079 τοῦτο
2805 2027 2952 2080 ποιεῖ
2971 2042 2986 2057 ο
3017 2025 3114 2079 καὶ
3162 2027 3270 2080 πᾶν
3299 2027 3363 2080 τδ
3391 2027 3544 2097 παρὰ
3578 2025 3669 2079 τοῦ
3710 2028 3882 2094 Μονογ

2374 2118 2502 2183 νοῦς
2525 2118 2830 2189 γινόμενον,
2867 2120 2945 2182 είς
2977 2117 3068 2172 τὸν
3108 2118 3326 2188 Πατέρα
3352 2117 3451 2190 τὴν
3504 2118 3773 2189 ἀναφορὰν
3804 2118 3882 2187 ἔχε

2375 2207 2517 2261 ὥστε
2540 2208 2632 2260 καὶ
2656 2207 2850 2279 κριτὴν
2880 2207 3041 2260 αὑτὸν
3072 2206 3166 2261 τοῦ
3194 2208 3394 2271 παντὸς
3427 2202 3585 2274 εἶναι,
3624 2206 3713 2262 καὶ
3737 2209 3881 2278 κρίνε

2378 2299 2585 2371 μηδένα
2606 2299 2693 2353 διὰ
2718 2299 2780 2352 τὸ
2803 2300 3003 2363 πᾶσαν,
3028 2299 3105 2364 ὡς
3134 2299 3374 2371 εἴρηται,
3399 2298 3496 2370 τὴν
3525 2298 3703 2371 κρίσιν
3726 2298 3800 2370 τῷ
3828 2299 3882 2352 ΥΙ

2375 2390 2698 2454 δεδωκέναι,
2728 2392 2822 2444 καὶ
2859 2391 3042 2444 πᾶσαν
3079 2390 3178 2461 τὴν
3210 2389 3304 2443 τοῦ
3335 2389 3469 2443 Υἱοῦ
3500 2389 3677 2460 κρίσιν
3717 2388 3808 2443 τοῦ
3841 2409 3881 2443 π

2373 2481 2566 2555 τρικοῦ
2604 2480 2679 2553 μὴ
2707 2478 3179 2552 άπηλλοτριῶσθαι
3221 2478 3592 2551 βουλήματοςο
3623 2477 3713 2531 καὶ
3752 2479 3850 2532 οὐκ
3878 2504 3882 2527 ι

2374 2593 2461 2640 τις
2491 2575 2748 2643 εὐλόγως,
2774 2573 2807 2646 ἢ
2835 2573 2929 2628 δύο
2957 2572 3151 2645 κριτὰς
3179 2570 3344 2637 εἴποι,
3384 2571 3545 2642 ἥ.τδν
3578 2570 3761 2642 ἕτερον
3791 2571 3882 2640 ὴλλ

2375 2665 2641 2739 τριῶσθαι
2668 2665 2767 2736 τῆς
2801 2666 2944 2720 κατὰ
2972 2665 3071 2737 τὴν
3098 2664 3279 2737 κρίσιν
3309 2663 3561 2729 ἐξουσίας
3589 2678 3648 2716 τε
3680 2663 3770 2716 καὶ
3794 2662 3882 2715 δυν

2380 2773 2557 2829 μεως’
2586 2756 2761 2821 οὕτως
2796 2757 2892 2811 καὶ
2918 2757 3013 2811 ἐπὶ
3044 2755 3141 2811 τοῦ
3175 2756 3273 2827 τῆς
3302 2755 3557 2827 θεότητος
3593 2755 3779 2825 λόγου,
3817 2756 3882 2826 Χε

2378 2848 2502 2913 στὸς
2532 2846 2667 2902 Θεοῦ
2710 2847 2973 2920 δύναμις,
3020 2848 3116 2902 καὶ¹
3155 2846 3290 2900 Θεοῦ
3332 2847 3521 2917 σοφίαο
3565 2846 3659 2900 καὶ
3696 2845 3792 2917 τὴν
3825 2847 3882 2900 ἔτι

2377 2940 2576 3011 πτικήν
2610 2934 2671 2993 τε
2704 2939 2798 2994 καὶ
2840 2938 3095 3010 θεατικὴν
3141 2937 3391 3008 δύναμιν,
3417 2939 3592 3010 ἤνπερ
3623 2936 3685 3008 δὴ
3729 2936 3882 3005 θεότη

2376 3032 2627 3103 λέγομεν,
2657 3031 2746 3084 διὰ
2773 3030 2866 3084 τοῦ
2892 3030 3230 3099 Μονογενοῦς
3253 3032 3280 3083 ό
3304 3029 3494 3100 Πατὴρ
3524 3030 3755 3100 ἐνεργεῖ,
3783 3027 3875 3080 τοῦ

2379 3120 2511 3176 Υίοῢ
2543 3121 2723 3174 πᾶσαν
2760 3120 2998 3190 δύναμιν
3033 3121 3091 3173 ὲν
3116 3118 3196 3190 τῷ
3226 3118 3363 3189 ἁγίῳ
3394 3118 3669 3189 Πνεύματι
3700 3117 3882 3169 τελειοθ

2373 3232 2499 3282 τος,
2548 3217 2643 3267 καὶ
2683 3213 2959 3283 κρίνοντος
3000 3211 3136 3282 μὲν,
3187 3209 3366 3274 καθὼς
3414 3208 3643 3275 Ἡσαΐας
3677 3210 3865 3280 φησιν.

2376 3306 2647 3378 πνεύματι
2673 3305 2928 3376 κρίσεως,
2960 3304 3053 3357 καὶ
3079 3301 3347 3373 πνεύματι
3374 3300 3642 3366 καύσεως·
3677 3299 3882 3370 ἐνεργοῑ

2376 3408 2468 3460 τος
2496 3396 2554 3451 δὲ
2600 3396 2741 3451 κατὰ
2785 3395 2883 3467 τὴν
2914 3393 3246 3463 Εὑαγγελίου
3288 3392 3488 3465 φωνὴν,
3535 3393 3602 3465 ἣν
3645 3392 3781 3464 πρὸς
3836 3410 3882 3444 τι

2392 3488 2677 3552 Ἰουδαίους
2707 3487 3020 3557 πεποίηται.
3052 3486 3215 3555 Λέγει
3236 3485 3363 3557 γάρ·
3396 3485 3460 3539 El
3483 3483 3538 3537 δὲ
3565 3483 3674 3554 ἐγὼ
3702 3485 3758 3537 ὲν
3793 3485 3882 3536 Πν;

2381 3599 2514 3655 ματι
2553 3578 2687 3636 Θεοῦ
2723 3578 2971 3633 ἐκϐάλλω
3011 3577 3080 3632 τὰ
3127 3578 3381 3649 δαιμόνια
3406 3592 3419 3608 ·
3465 3576 3572 3631 ἀπὸ
3609 3575 3811 3647 μέρους
3854 3593 3882 3627 n

2380 3670 2518 3736 εἶδος
2556 3671 2874 3745 εὐεργεσίας
2920 3668 3364 3742 περιλαμϐάνων,
3419 3666 3507 3721 διὰ
3539 3668 3637 3738 τῆς
3682 3665 3828 3720 κατὰ
3872 3685 3882 3699 α

2380 3765 2658 3836 ἐνέργειαν
2683 3764 2930 3833 ὲνότητος
2951 3779 2962 3793 ·
2988 3755 3068 3824 οἷς
3089 3761 3196 3833 γάρ
3221 3759 3287 3814 δι’
3313 3758 3553 3831 ἀλλήλων
3581 3760 3882 3829 ἐνεργεῖται

2381 3854 2461 3919 ἓν,
2496 3857 2575 3921 είς
2605 3854 2832 3919 πολλοὺς
2859 3850 3335 3925 καταμεμερίσθαι
3366 3851 3426 3904 τὸ
3451 3850 3621 3921 ὄνομα
3667 3851 3770 3920 τῆς
3810 3852 3882 3903 ὲνι

2380 3945 2535 4016 γείας
2569 3945 2630 3999 οὐ
2667 3943 2911 3999 δύναται.
2953 3941 3172 4015 Ἐπειδὴ
3206 3941 3316 4014 γὰρ
3350 3937 3432 4005 εἷς
3466 3942 3494 3993 ό
3520 3939 3620 4012 τῆς
3657 3941 3882 3993 ὲποπτιι

2380 4052 2441 4091 τε
2473 4039 2567 4092 καὶ
2595 4036 2853 4108 θεατικῆς
2897 4034 3178 4106 δυνάμεως
3205 4035 3363 4103 λόγος
3405 4035 3463 4087 ὲν
3494 4030 3678 4104 Πατρὶ
3719 4033 3818 4085 καὶ
3856 4033 3882 4083 Ἰ

2384 4131 2479 4197 καὶ
2515 4130 2793 4201 Πνεῦματι
2828 4127 2988 4199 ἁγίῳ,
3023 4125 3205 4188 καθὼς
3238 4127 3296 4178 ὲν
3324 4127 3435 4188 τοῖς
3474 4123 3792 4195 ἔμπροσθεν
3829 4122 3882 4175 εἴ

2382 4242 2510 4290 ται,
2540 4225 2605 4277 ὲκ
2633 4224 2731 4295 μὲν
2765 4222 2858 4281 τοῦ
2889 4220 3099 4293 Πατρδς
3119 4259 3133 4282 ,
3164 4214 3275 4274 οἷον
3303 4222 3366 4273 ἐκ
3392 4218 3574 4290 πηγῆς
3605 4234 3757 4280 τινος
3804 4215 3882 4284 ἀφ

2389 4315 2660 4389 μώμενος,
2703 4314 2808 4368 ὑπὸ
2852 4313 2909 4367 δὲ
2947 4312 3043 4367 τοῦ
3086 4311 3220 4366 Υἱοῦ
3259 4312 3691 4385 ὲνεργούμενος,
3721 4309 3781 4362 ὲν
3817 4308 3877 4361 δὲ

2386 4402 2614 4475 δυνάμει
2653 4402 2749 4458 τοῦ
2789 4402 3110 4474 Πνεύματος
3147 4402 3368 4456 τελειῶν
3402 4401 3500 4473 τὴν
3546 4401 3739 4473 χάριν,
3786 4399 3882 4453 καὶ

703 4494 945 4561 ducitur,
972 4503 1027 4551 et
1069 4495 1125 4550 in
1160 4495 1361 4552 virtute
1407 4492 1652 4567 Spiritus
1681 4492 1914 4567 gratiam
1960 4492 2176 4565 perlicit
2230 4503 2285 4551 et

2273 4503 2285 4550 l
2314 4517 2362 4580 υ
2387 4495 2727 4566 διακρίνεται
2765 4493 2901 4567 πρὸς
2930 4495 3030 4558 τὰς
3063 4494 3390 4558 ὑποστάσεις
3418 4491 3649 4564 οὐδεμία
3686 4489 3881 4562 ὲνέργε

704 4592 1058 4643 consummat
1100 4604 1114 4642 :
1184 4602 1247 4643 ac
1282 4599 1389 4641 non
1423 4599 1711 4656 separatur
1765 4584 1923 4656 iuxta
1955 4584 2285 4657 bypostases

708 4678 816 4733 nlla
851 4676 1171 4745 efﬁcientia,
1207 4690 1329 4749 qua:
1378 4676 1731 4749 peculiariter
1772 4690 1837 4732 ac
1873 4674 2190 4748 disjnnctim
2220 4677 2289 4733 ab

707 4785 1037 4841 unaquaque
1064 4770 1349 4842 hypostasl
1380 4770 1590 4841 absque
1622 4782 1708 4835 ea,
1747 4782 1870 4842 quae
1903 4782 2012 4824 una
2044 4769 2292 4826 conside-

707 4870 884 4928 ratur,
911 4861 1227 4934 periiciatur
1255 4881 1270 4919 :
1301 4862 1396 4918 sed
1425 4862 1606 4919 omnis
1653 4876 1786 4918 cura
1815 4859 2287 4933 providentiaque,

709 4963 764 5010 ct
793 4956 1173 5011 universarum
1204 4968 1389 5011 rerum
1417 4953 1744 5021 moderatio,
1770 4962 1884 5009 tam
1911 4968 2125 5021 earum;
2165 4968 2289 5024 quae

710 5049 859 5102 circa
887 5044 1200 5103 sensibilem
1221 5056 1552 5113 creaturam,
1570 5059 1732 5118 quam
1763 5046 2059 5118 quarcirca
2091 5056 2290 5116 supra-

712 5138 1047 5193 mundanam
1085 5143 1350 5199 naturam
1366 5143 1687 5208 spectantur
1716 5156 1729 5192 :
1763 5150 1938 5208 eaque
1973 5137 2147 5193 virtus
2168 5152 2291 5209 quae

2391 4587 2700 4653 ἰδιαζόντως
2750 4587 2881 4659 παρ’
2918 4587 3155 4658 ἑκάστης
3208 4587 3305 4640 καὶ
3352 4583 3828 4656 άποτεταγμένως
3866 4582 3882 4635 ί

2384 4679 2483 4750 τῆς
2520 4678 2996 4751 συνθεωρουμένης
3024 4677 3415 4750 ἐπιτελουμένη
3438 4694 3453 4708 θ
3490 4674 3632 4731 ἀλλὰ
3673 4677 3834 4729 πᾶσα
3866 4691 3882 4726 1

2386 4790 2505 4827 νοια
2532 4773 2625 4828 καὶ¹
2653 4771 2948 4845 κηδεμονία
2973 4812 2989 4837 ,
3024 4772 3119 4826 καὶ
3146 4770 3241 4826 τοῦ
3278 4772 3482 4836 παντὸς
3510 4770 3820 4825 ἐπιστασία
3843 4810 3859 4833 ,

2389 4883 2448 4920 τε
2478 4864 2621 4919 κατὰ
2646 4863 2745 4937 τὴν
2764 4862 3030 4936 αἰσθητὴν
3052 4864 3250 4928 κτίσιν,
3275 4864 3368 4918 καὶ
3391 4863 3499 4917 τῶν
3517 4862 3663 4916 κατὰ
3692 4860 3800 4933 τὴν
3826 4862 3882 4913 in

2389 4961 2615 5029 κόσμιον
2640 4956 2820 5027 φύσιν,
2842 4956 2940 5027 ἤτε
2969 4955 3337 5028 συντηρητικὴ
3363 4954 3472 5009 τῶν
3499 4953 3698 5017 ὄντων,
3720 4956 3826 5007 καί⁸
3847 4952 3877 5005 δ

2393 5050 2596 5123 θωτικὴ
2634 5049 2743 5103 τῶν
2808 5049 2914 5121 πλη
2925 5048 3316 5121 μμελουμένων
3338 5090 3355 5116 ,
3404 5048 3499 5103 καλ⁵
3539 5044 3840 5116 διδακτικὴ

2396 5139 2870 5214 κατορθουμένων,
2907 5139 3006 5210 μία
3043 5139 3159 5192 ἐστὶ
3192 5139 3288 5192 καὶ
3325 5136 3447 5209 οὐχὶ
3473 5138 3647 5209 τρεῖς,
3686 5132 3857 5206 παρὰ

708 5238 767 5283 ct
792 5244 880 5286 res
905 5236 1218 5295 conservat,
1241 5236 1296 5286 et
1326 5227 1529 5286 delicta
1579 5229 1827 5300 corrigit,
1880 5237 1935 5284 et
1970 5236 2119 5284 recte
2150 5228 2294 5285 facta

2263 5244 2294 5284 a
2391 5232 2491 5304 τῆς
2523 5232 2685 5301 ἁγίας
2721 5230 2952 5314 Τριάδος
2983 5231 3418 5303 κατορθουμένη,
3460 5229 3521 5284 οὐ
3555 5229 3669 5301 μὴν
3712 5225 3868 5281 κατὰ

713 5319 894 5383 docet,
924 5333 1033 5374 una
1060 5326 1149 5391 est
1179 5329 1356 5378 etnon
1387 5332 1519 5389 tres,
1581 5328 1705 5390 Quae
1763 5319 1983 5389 quidem
2012 5334 2042 5376 a
2099 5330 2293 5377 sancta

2273 5338 2293 5376 ι
2398 5320 2627 5395 ἀριθμὸν
2653 5323 2762 5377 τῶν
2809 5325 2868 5375 ὲν
2913 5324 2978 5393 τῇ
3024 5322 3204 5376 πίστει
3241 5320 3635 5394 θεωρουμένων
3674 5314 3881 5389 προσώ

714 5406 983 5489 Trinitate
1013 5410 1313 5484 peragitur,
1345 5427 1453 5468 non
1496 5419 1679 5467 tamen
1716 5423 1815 5482 pro
1842 5425 2074 5466 numero
2104 5426 2293 5483 perso-

2273 5444 2293 5454 -
2397 5416 2557 5487 τριχῇ
2591 5415 2897 5489 τεμνομένη
2920 5457 2936 5482 ,
2977 5416 3052 5482 ὡς
3078 5414 3309 5469 ἕκαστον
3336 5410 3445 5466 τῶν
3472 5408 3881 5483 ἐνεργημάτων

714 5484 932 5568 narum’,
974 5517 1096 5573 qua:
1127 5503 1180 5559 in
1217 5502 1321 5562 ﬁde
1372 5502 1814 5570 considerantur,
1852 5499 2116 5559 trifariam
2150 5504 2292 5561 divi-

788 5768 810 5802 "
846 5768 1003 5828 Joan.
1042 5788 1090 5839 v,
1126 5770 1217 5827 ‘22.
1292 5772 1310 5799 ‘
1348 5772 1446 5828 lsa.
1478 5788 1563 5841 tv,
1608 5771 1658 5828 ιι.
1739 5775 1755 5805 τ
1797 5770 1987 5827 Matth.
2022 5770 2223 5837 διπλᾶ

2398 5504 2591 5560 ἑαυτοῦ
2617 5505 3008 5580 θεωρούμενον,
3040 5508 3074 5579 ἢ
3099 5505 3193 5562 τοῦ
3216 5499 3427 5579 Πατρὸς
3454 5500 3593 5560 εἶναι
3621 5503 3827 5577 μόνου,
3854 5500 3882 5574 ἦ
