4072 6212
731 365 824 422 IS!
1485 431 1495 456 Ι
1959 353 2016 409 S.
2065 351 2394 410 GllEGUllll
2446 351 2741 410 NYSSENI
3851 358 3869 410 1

725 500 875 548 nem,
903 479 1197 536 accedente
1244 476 1312 531 ad
1347 483 1627 540 naturam,
1657 489 1783 530 cum
1833 475 1917 531 vel
1963 477 2018 530 in
2050 474 2303 545 pluribus
2331 526 2333 532 λ

2261 489 2303 530 IS
2331 477 2379 534 Α
2407 473 2695 546 θεωρῆται.
2730 476 2882 530 Μόνα
2921 475 3030 548 γάρ
3065 475 3208 531 κατά
3236 474 3486 530 σύνθεσιν
3512 474 3827 546 ἀριθμεῖται,
3852 477 3869 528 ξ

723 577 808 632 vel
835 572 1188 644 paucioribus
1216 575 1514 634 specletur.
1557 565 1632 621 Ea
1666 581 1907 638 namque
1949 567 2066 621 sola
2103 581 2302 622 secun-

724 667 854 722 dum
895 661 1356 733 compositionem
1400 667 1784 721 numerantur,
1832 671 1958 727 quae
1997 654 2300 712 secundum

724 754 1002 826 propriam
1057 748 1627 818 circumscriptionem
1679 745 2130 803 considerantur.
2178 744 2301 800 Cir-

725 843 1089 914 cumscriptio
1123 847 1305 894 autem
1340 839 1397 893 in
1445 837 1736 908 superﬁcie
1784 836 2053 907 corporis.
2084 835 2141 890 in
2182 849 2301 889 ma-

724 933 1032 1007 gnitudine,
1069 931 1126 985 in
1161 931 1304 993 loco,
1341 929 1397 982 iu
1439 927 1749 982 diﬁ'erentia
1795 927 1980 997 ﬁgure
2011 933 2066 981 et
2098 924 2301 980 coloris

725 1023 1231 1097 comprehenditur.
1257 1022 1326 1074 At
1357 1021 1502 1092 quod
1534 1029 1693 1075 extra
1739 1020 1854 1074 haec
1889 1019 2301 1084 consideratur,

725 1119 1080 1186 eﬁugiteam,
1122 1129 1245 1185 quae
1281 1127 1375 1183 per
1405 1112 1537 1166 talia
1583 1111 1666 1177 ﬁt,
1697 1110 2298 1180 circumscriptionem.

723 1207 880 1274 Quod
914 1214 1096 1260 autem
1133 1219 1240 1259 non
1276 1201 1772 1267 circumscribitur,
1797 1216 1908 1256 non
1946 1210 2302 1264 numeratur;

722 1309 779 1356 et
805 1299 952 1371 quod
987 1313 1096 1352 non
1130 1303 1471 1358 numeratur,
1497 1295 1554 1348 in
1579 1293 1928 1350 multitudine
1962 1293 2300 1349 considerari

722 1407 832 1446 non
866 1398 1064 1461 potest.
1091 1387 1226 1442 Nam
1261 1394 1316 1442 et
1346 1401 1563 1449 aurum,
1595 1385 1811 1440 etiamsi
1859 1385 1913 1439 in
1956 1386 2158 1440 multas
2189 1384 2300 1439 fore

697 1501 841 1542 unas
871 1493 925 1538 et
973 1483 1178 1552 ﬁguras
1230 1480 1537 1543 scindatur,
1574 1493 1742 1532 lllllttll
1773 1469 1827 1532 et
1856 1491 1980 1531 esse
2003 1485 2057 1530 et
2082 1475 2188 1530 dici
2221 1475 2302 1528 οἷς

725 1578 1041 1632 ﬁrmamus:
1069 1588 1324 1628 ﬂllllllllOS
1350 1584 1478 1624 vero
1501 1569 1702 1623 multos
1736 1583 1799 1622 ac
1833 1567 2033 1622 multos
2067 1574 2301 1621 stateres

724 1667 1101 1729 nominamus,
1135 1663 1340 1718 nullam
1378 1660 1497 1714 auri
1536 1668 1748 1713 natura:
1781 1657 2197 1713 redundantiam
2245 1656 2300 1708 in

723 1757 1078 1813 multitudine
1132 1763 1398 1811 staterum
1455 1750 1815 1821 reperientes.
1861 1748 2015 1804 [Inde
2065 1747 2297 1800 multum

720 1866 942 1921 quoque
982 1863 1176 1903 aurum
1205 1846 1430 1904 dicitur,
1464 1857 1588 1897 cum
1627 1841 1821 1910 majori
1854 1839 2094 1910 pondere
2126 1839 2212 1892 vel
2243 1837 2297 1891 in

720 1943 868 1996 vasis
892 1941 973 1996 vel
1015 1937 1258 1994 nummis
1290 1943 1590 2004 spectatur,
1618 1933 1784 1985 multa
1811 1943 1990 1985 autem
2011 1945 2143 1983 aura
2169 1945 2298 1999 pro-

720 2043 840 2104 pter
868 2029 1275 2087 multitudinem
1317 2025 1560 2080 materite
1607 2039 1716 2078 non
1759 2022 2116 2076 nominantur
2149 2039 2162 2074 :
2190 2020 2299 2076 nisi

719 2127 848 2196 quis
884 2125 958 2178 ita
987 2124 1155 2185 dicat,
1189 2134 1391 2174 aureos
1439 2117 1668 2179 multos,
1720 2115 1890 2170 veluti
1923 2114 2172 2176 Daricos,
2206 2123 2301 2167 aut

721 2225 956 2271 stateres
997 2233 1011 2269 :
1040 2214 1094 2267 in
1129 2212 1330 2282 quibus
1353 2224 1460 2263 non
1483 2207 1731 2268 materia.
1765 2207 1858 2261 sed
1884 2213 2100 2260 moneta
2137 2220 2297 2258 num-

721 2309 909 2378 tuique
984 2302 1358 2358 multitudinis
1437 2297 1895 2370 signiﬁcationem
1975 2295 2295 2350 admittunt.

720 2397 856 2452 Nam
889 2396 1108 2466 proprie
1154 2395 1254 2448 hos
1310 2407 1418 2447 non
1471 2389 1724 2461 χρυσούς,
1780 2387 1832 2442 id
1889 2397 1971 2442 est
1999 2401 2153 2450 aura,
2204 2385 2298 2440 sed

719 2489 1032 2561 χρυσείους,
1068 2485 1120 2540 id
1160 2495 1244 2541 est
1289 2499 1500 2549 aureos,
1529 2483 1718 2536 dicere
1759 2481 1901 2534 licet.
1933 2476 2301 2545 Quemadmm

721 2582 850 2635 dum
883 2579 1047 2649 igitur
1083 2576 1242 2631 multi
1273 2574 1494 2644 quidem
1553 2573 1704 2628 aurei
1762 2581 1890 2626 sunt
1918 2581 2174 2634 stateres,
2205 2585 2300 2622 au-

721 2685 846 2724 rum
875 2684 1003 2724 vero
1050 2683 1218 2720 unum
1251 2674 1335 2718 est
1369 2682 1382 2718 :
1415 2663 1606 2720 eodem
1655 2662 1818 2717 modo
1869 2662 2026 2715 nmlti
2075 2660 2295 2730 quidem

721 2763 1034 2834 singulares
1066 2760 1121 2812 in
1171 2765 1368 2812 natura
1410 2756 1649 2811 hominis
1678 2755 2066 2818 ostenduntur,
2102 2763 2160 2806 ut
2195 2751 2298 2806 Pe-

721 2863 861 2921 trus,
913 2853 1177 2916 Jacobus,
1229 2849 1469 2904 Joannes
1503 2864 1516 2900 :
1547 2864 1692 2903 unus
1723 2863 1852 2901 vero
1901 2848 1954 2901 in
2013 2845 2100 2901 his
2136 2844 2298 2899 homo

719 2954 825 3001 est.
869 2944 1023 3010 Quod
1057 2944 1102 2998 si
1135 2941 1422 3011 Scriptura
1478 2955 1674 2996 nomen
1704 2939 1899 2993 dilatat
1947 2947 2000 2992 et
2053 2937 2299 2991 extendit

721 3035 787 3088 ad
832 3033 1097 3104 pluralem
1135 3029 1614 3102 signiﬁcationem,
1655 3027 1786 3080 dum
1857 3025 2013 3087 dicit,
2049 3043 2066 3075 ι
2103 3021 2296 3077 Homi-

723 3139 819 3178 nes
843 3140 938 3194 per
969 3124 1233 3192 majorem
1252 3121 1525 3191 jurant”,
1553 3139 1570 3168 ι
1593 3127 1648 3174 ct
1675 3136 1692 3169 ι
1724 3116 1844 3170 Filii
1885 3115 2167 3170 hominum
2187 3116 2250 3180 ",
2275 3133 2292 3166 ι

719 3225 774 3270 et
805 3225 1003 3271 caetera
1039 3216 1261 3280 similia,
1305 3210 1664 3283 judicandum
1717 3218 1824 3272 est,
1877 3208 2023 3278 quod
2065 3221 2299 3261 consue-

721 3306 911 3361 tudine
959 3307 1257 3361 obtinentis
1295 3305 1495 3374 lingua:
1550 3300 1928 3372 proprietatis,
1965 3314 2130 3369 quam
2177 3295 2298 3350 διά-

703 3395 908 3448 λεκτον
963 3409 1246 3453 vocamus,
1300 3401 1507 3454 tttatur,
1566 3405 1674 3444 nou
1725 3391 1898 3460 legem
1954 3387 2297 3458 prmscribat,

719 3504 826 3557 qua
859 3487 941 3540 sic
969 3467 1218 3555 oporteat
1252 3485 1437 3553 potius
1461 3497 1622 3553 quam
1656 3481 1816 3534 aliter
1845 3480 2027 3534 verbis
2061 3480 2175 3533 uti:
2199 3495 2298 3535 nec

719 3577 1076 3634 attiﬁciosam
1095 3577 1334 3647 aliquam
1363 3575 1428 3629 de
1455 3575 1636 3629 verbis
1666 3571 1971 3627 doctrinam
2005 3570 2297 3628 instituens

720 3673 834 3727 haec
856 3671 1024 3736 dicat,
1056 3670 1152 3728 sed
1208 3670 1511 3727 secundum
1561 3668 1900 3722 obtinentem
1943 3666 2298 3722 consuetudi-

2403 568 2522 620 κατ’
2562 567 2697 620 ἰδίαν
2729 569 3077 641 περιγραφὴν
3099 569 3422 640 θεωρεῖται·
3461 570 3494 638 ἡ
3535 567 3591 620 δὲ
3621 585 3870 639 περιγραφ

2401 655 2458 708 ὲν
2477 656 2766 728 ἐπιφανείᾳ
2786 657 3033 728 σώματος
3049 658 3142 712 καὶ
3161 657 3378 728 μεγέθει
3394 657 3488 710 καὶ
3505 657 3654 725 τόπῳ
3671 657 3756 710 καὶ
3770 657 3866 727 τῇδ

2401 749 2543 818 φορᾷ
2559 750 2622 818 τῇ
2642 748 2850 802 κατὰτὸ
2865 753 3052 821 σχῆμα
3073 751 3166 803 καὶ
3186 749 3380 821 χρῶμα
3398 748 3869 820 ηταλαμὸάνεται.

2401 837 2459 891 δὲ
2491 838 2597 903 ἔξω
2629 838 2832 893 τούτων
2852 839 3245 912 θεωρούμενον,
3294 839 3553 908 ὲκφεύγει
3595 839 3688 912 τὴν
3725 840 3804 894 διὰ
3844 859 3870 894 τ

2401 930 2655 984 τοιούτων
2666 933 3034 1003 περιγραφήν.
3045 933 3110 986 Ὀ
3123 933 3182 986 δὲ
3205 932 3279 1004 μὴ
3297 950 3365 985 πε
3373 949 3460 1004 ριγ
3469 933 3692 1003 ράφεται
3707 933 3798 986 οὐκ
3811 933 3870 1004 ἀρ

2407 1023 2606 1090 μεῖται,
2623 1021 2684 1074 τὸ
2709 1022 2764 1074 δὲ
2789 1022 2864 1094 μὴ
2887 1022 3306 1094 ἀριθμούμενον,
3337 1023 3394 1075 ὲν
3417 1021 3607 1092 πλήθει
3635 1022 3870 1094 θεωρηθῆ

2402 1114 2462 1166 ού
2485 1111 2727 1167 δύναται.
2762 1114 2914 1167 Ἐπεὶ
2944 1115 3037 1168 καὶ
3061 1114 3152 1168 τὸν
3171 1113 3369 1186 χρυσόν
3391 1131 3591 1184 φαμεν,
3618 1113 3712 1168 κᾶν
3736 1115 3808 1178 είς
3825 1131 3870 1165 πη

2403 1201 2527 1288 λοὺς
2555 1203 3041 1276 διακερματίξηται
3073 1204 3274 1268 τύπους
3296 1243 3312 1268 ,
3347 1205 3442 1258 ἕνα
3473 1205 3568 1258 καὶ
3600 1200 3729 1258 εἶναι
3758 1205 3842 1258 uel.

2403 1297 2594 1365 γεσθαι
2619 1314 2632 1328 ·
2672 1299 2839 1352 πολλὰ
2872 1299 2929 1352 δὲ
2969 1300 3280 1372 νομίσματα
3317 1301 3412 1354 καὶ
3449 1301 3669 1363 πολλοὺς
3694 1301 3870 1371 στατῆε

2403 1388 2759 1462 ὀνομάζομεν.
2799 1391 2988 1445 οὐδένα
3020 1394 3118 1462 τῆς
3148 1391 3362 1460 φύσεως
3392 1391 3486 1446 τοῦ
3515 1390 3708 1463 χρυσοῦ
3739 1393 3870 1446 πλευ

2404 1477 2540 1548 σμὸν
2573 1480 2631 1532 ἐν
2659 1480 2738 1551 τῷ
2769 1481 2962 1552 πλήθει
3001 1482 3109 1535 τῶν
3153 1484 3439 1554 στατήρων
3476 1483 3824 1554 εὑρίσκοντες.
3866 1523 3870 1535 .

2404 1569 2498 1623 καὶ
2527 1571 2694 1634 πολὺς
2723 1571 2750 1622 ὁ
2795 1572 2996 1642 χρυσὸς
3024 1571 3274 1640 λέγεται,
3318 1573 3445 1626 ὃταν
3487 1572 3635 1643 ὄγκῳ
3677 1574 3864 1628 πλείούι

2408 1660 2683 1722 σκεύεσιν,
2715 1663 2746 1734 ἢ
2777 1663 3076 1733 νομίσμασι
3107 1663 3399 1734 θεωρῆται,
3431 1664 3612 1717 πολλοὶ
3630 1665 3683 1719 δὲ
3706 1667 3750 1718 οἱ
3773 1684 3868 1736 χρυ

2405 1753 2494 1806 διὰ
2525 1753 2585 1806 τὸ
2621 1753 2822 1824 πλῆθος
2851 1755 2950 1824 τῆς
2981 1753 3113 1825 ὕλης
3145 1755 3245 1808 οὐκ
3274 1755 3626 1820 ὀνομάζονται
3649 1773 3662 1786 ο
3692 1759 3737 1810 εί
3773 1759 3841 1827 μή

2405 1838 2548 1893 οὕτω
2578 1840 2725 1909 λέγοι
2744 1883 2758 1906 ,
2790 1842 3025 1912 χρυσοὺς
3062 1841 3286 1905 πολλοὺς
3305 1884 3317 1906 ,
3353 1842 3428 1906 ὡς
3462 1843 3587 1906 τοὺς
3614 1847 3870 1915 Δαρεικοὺς

2405 1933 2532 1995 τοὺς
2567 1933 2862 2002 στατῆρας,
2890 1932 2975 2001 ἐφ’
3013 1927 3087 1986 ὧν
3120 1933 3218 2003 οὐχ
3246 1934 3279 2004 ἡ
3311 1933 3443 2003 ὓλη,
3474 1933 3608 1987 ἀλλά
3631 1936 3693 1988 τά
3717 1936 3870 2005 κέρμι

2405 2023 2505 2096 τὴν
2548 2023 2642 2077 τοῦ
2693 2024 2932 2096 πλήθους
2977 2026 3248 2096 σημασίαν
3290 2026 3558 2092 ἐδέξαντο.
3605 2029 3810 2097 κυρίως
3853 2047 3870 2096 Ἰ

2408 2117 2553 2170 ἐστιν
2601 2117 2722 2186 οὐχ).
2750 2119 3014 2189 χρυσοῦς,
3049 2118 3182 2172 ἀλλά
3221 2121 3486 2191 χρυσέους
3517 2121 3731 2184 τούτους
3770 2124 3870 2175 εἰπε

2408 2207 2620 2280 Ὠσπερ
2643 2209 2821 2262 τοίνυν
2851 2210 3036 2264 πολλοὶ
3068 2211 3166 2282 μὲν
3192 2213 3239 2264 οί
3269 2211 3488 2281 χρύσεοι
3521 2215 3796 2284 στατῆρες,
3831 2233 3867 2284 χ

2409 2299 2500 2364 σὸς
2525 2301 2582 2354 δὲ
2607 2296 2707 2364 εἷς,
2738 2300 2882 2356 οὕτω
2907 2304 3001 2356 καὶ
3028 2304 3210 2357 πολλοὶ
3229 2305 3326 2376 μὲν
3352 2307 3399 2358 ei
3425 2305 3548 2359 καθ’
3573 2306 3790 2360 ἕκαστον
3820 2310 3870 2360 ὲν

2408 2390 2566 2459 φύσει
2613 2391 2707 2444 τοῦ
2749 2392 3039 2464 ἀνθρώπου
3077 2395 3444 2467 δεικνύμενοι,
3490 2392 3599 2452 οἷον
3641 2399 3836 2471 Πέτρος

2419 2483 2674 2548 Ἰάκωϐος
2707 2486 2801 2538 καὶ
2820 2486 3088 2558 ΙἸωάννης
3107 2503 3127 2547 .‘
3156 2481 3237 2550 εἷς
3265 2487 3320 2541 δὲ
3355 2489 3412 2542 ἐν
3442 2489 3647 2554 τούτοις
3668 2490 3870 2561 άνθρωτ

2408 2575 2528 2628 Κᾶν
2559 2578 2591 2647 ὴ
2628 2577 2816 2648 Γραφὴ
2845 2577 3087 2650 πλατύνῃ
3115 2579 3174 2632 τὸ
3199 2579 3368 2650 ὄνομα
3398 2580 3539 2634 κατὰ
3563 2583 3658 2653 τὴν
3685 2583 3870 2653 πληθυ·

2407 2667 2509 2739 κὴν
2543 2669 2818 2740 σημασίαν
2845 2671 2903 2723 ὲν
2932 2669 3009 2740 τῷ
3041 2671 3242 2740 λέγειν,
3284 2691 3302 2724 ι
3345 2672 3651 2744 Ἀνθρωποι
3691 2675 3830 2728 κατὰ

2410 2760 2654 2829 μείζονος
2701 2760 3009 2832 ὀμνύουσιν,
3049 2781 3067 2812 ι
3104 2762 3218 2831 καὶ,
3259 2781 3278 2815 ι
3316 2763 3434 2817 Υἱοὶ
3457 2765 3771 2836 ἀνθρώπων,
3821 2787 3841 2820 ι

2406 2850 2506 2904 ὅσα
2535 2851 2790 2915 τοιαῦτα,
2825 2852 3094 2922 γνωστέον
3125 2854 3294 2926 ὅτιτῇ
3329 2855 3587 2927 συνηθείᾳ
3611 2857 3704 2926 τῆς
3741 2859 3869 2911 ὲπικ

2408 2941 2607 3011 τούσης
2634 2941 2910 2996 διαλέκτου
2933 2943 3266 3014 κεχρημένη,
3299 2943 3418 3014 οὐχὶ
3461 2945 3734 3015 νομοθετεῖ
3765 2946 3826 2999 τὸ
3867 2973 3869 2990 ι

2408 3032 2644 3104 ούτωςῆ
2685 3034 2757 3097 ὡς
2795 3033 2994 3106 ἑτέρως
3039 3033 3336 3105 κεχρῆσθαι
3378 3037 3490 3098 τοῖς
3537 3038 3768 3108 ῥήμασιν
3794 3055 3808 3068 ·
3857 3057 3870 3090 ι

2407 3142 2528 3179 τινα
2553 3126 2808 3196 τεχνικὴν
2841 3125 2969 3196 περὶ
3000 3127 3260 3196 ῥημάτων
3297 3127 3643 3182 διδασκαλίαν
3679 3147 3868 3200 ποιουρ

2405 3215 2580 3270 ταῦτα
2611 3214 2884 3279 διέξεισιν,
2913 3215 3048 3270 ἀλλά
3079 3216 3222 3286 κατά
3265 3217 3363 3289 τὴν
3395 3219 3795 3288 ἐπικρατοῦσαν
3858 3239 3866 3269 ‹

2407 3306 2599 3377 ηθειαν
2632 3306 2828 3378 χρῆται
2859 3305 2937 3377 τῷ
2964 3306 3125 3377 λόγῳ,
3151 3308 3286 3378 πρὸς
3308 3309 3464 3361 τοῦτο
3492 3309 3757 3379 βλέπουσα
3792 3313 3861 3381 μό

2405 3399 2552 3461 ὅπως
2578 3396 2644 3451 ἂν
2673 3398 2958 3470 ὲπωφελὴς
2985 3398 3194 3466 γένοιτο
3235 3401 3346 3464 τοῖς
3391 3400 3700 3471 δεχομένοις
3729 3405 3756 3456 ὁ
3787 3402 3860 3456 λό·

2405 3485 2560 3538 οὐδὲν
2591 3485 3088 3557 ἀκριϐολογουμένη
3129 3487 3269 3541 κατὰ
3295 3488 3392 3559 τὴν
3420 3489 3587 3556 λέξιν,
3626 3493 3682 3544 ἐν
3720 3485 3801 3554 οἷς
3828 3510 3857 3545 o

2410 3577 2508 3646 μία
2561 3576 2733 3648 βλάϐη
2782 3578 2923 3632 κατά
2964 3579 3201 3633 διάνοιαν
3247 3581 3312 3633 ἐκ
3373 3581 3480 3634 τῶν
3533 3584 3793 3654 ῥημάτων

2407 3669 2643 3723 ίσταται.

718 3784 841 3824 nem
893 3768 1059 3823 verbo
1109 3777 1317 3830 utatur,
1353 3765 1404 3820 id
1453 3766 1629 3821 solum
1679 3772 1960 3833 spectans,
1997 3771 2057 3818 ut
2096 3764 2504 3835 accipientibus
2542 3767 2693 3822 utilis
2745 3767 2818 3822 sit
2869 3767 3068 3834 oratio,
3127 3768 3261 3823 nihil
3324 3769 3614 3824 admodum
3659 3769 3849 3841 disqui

717 3863 866 3918 circa
891 3860 1214 3924 dictionem,
1251 3858 1308 3913 in
1337 3857 1543 3929 quibus
1584 3856 1722 3912 locis
1771 3855 1983 3910 nullum
2036 3855 2299 3911 damnum
2339 3857 2490 3912 circa
2521 3860 2846 3914 sententiam
2879 3874 2942 3915 ex
2970 3859 3153 3915 verbis
3184 3859 3469 3915 conﬂatur.

787 4053 866 4103 Ac
918 4047 1142 4120 longum
1190 4045 1355 4101 fuerit
1402 4044 1469 4100 ad
1523 4042 1792 4098 dictorum
1829 4041 2201 4112 probationem
2233 4058 2300 4098 ex

718 4140 1006 4211 Scriptura
1044 4140 1303 4210 colligere
1349 4137 1794 4193 constructiones
1835 4135 2137 4190 solmcismi
2171 4149 2297 4206 spe-

716 4239 854 4289 ciem
885 4233 1146 4287 habentes
1184 4247 1203 4282 :
1253 4232 1307 4285 in
1359 4230 1559 4300 quibus
1619 4238 1799 4283 autem
1835 4227 2138 4298 periculum
2188 4233 2294 4290 est,

716 4340 786 4380 ne
815 4323 1206 4379 detrimentum
1239 4321 1482 4390 patiatur
1506 4321 1752 4375 veritatis
1785 4319 1969 4389 aliqua
2007 4333 2154 4389 pars,
2183 4332 2293 4371 non

2475 4044 2586 4100 Kal
2627 4046 2836 4116 μακρὸν
2875 4044 2942 4100 ἂν
2977 4045 3064 4116 είη
3094 4044 3193 4110 τὰς
3236 4044 3642 4115 σολοικοφανεῖς
3685 4044 3782 4098 τοῦ
3821 4046 3843 4098 >

2403 4135 2682 4202 συντάξεις
2717 4139 2782 4191 ὲκ
2819 4137 2920 4208 τῆς
2969 4138 3195 4208 Γραφῆς
3235 4138 3556 4206 καταλέγειν
3609 4139 3692 4202 είς
3730 4139 3831 4210 τὴν

2399 4230 2704 4300 εἰρημένων
2749 4229 3050 4295 ἀπόδειξιν·
3095 4232 3153 4282 ὲν
3198 4225 3281 4294 οἷς
3310 4230 3365 4284 δὲ
3398 4230 3642 4294 κίνδυνός
3680 4231 3802 4284 ἐστι

2399 4321 2558 4391 ϐῆναί
2593 4339 2642 4374 τι
2668 4321 2765 4392 τῆς
2789 4320 3066 4391 ἀληθείας,
3091 4321 3274 4375 ούκέτι
3309 4321 3368 4374 τὸ
3401 4321 3770 4376 ἀϐασάνιστον
3801 4341 3835 4377 τ

717 4416 842 4470 item
875 4414 1227 4484 promiscuus
1283 4421 1338 4467 et
1384 4411 1699 4466 indifferens
1744 4426 1902 4474 usus,
1954 4425 2055 4465 nec
2111 4408 2293 4463 indili-

2231 4408 2293 4508 li-
2329 4455 2368 4508 D
2398 4413 2686 4483 ἀδιάφορον
2717 4413 2775 4465 ὲν
2804 4416 2916 4477 τοῖς
2945 4416 3236 4484 γραφικοῖς
3263 4414 3576 4486 εὑρίσκεται
3615 4415 3831 4486 ῥήμασι

716 4505 902 4574 gentia
941 4501 1276 4559 discutiendi
1330 4509 1385 4556 et
1417 4499 1786 4555 examinandi
1838 4501 1893 4553 in
1931 4500 2111 4554 verbis
2143 4497 2286 4552 Scri-

717 4609 890 4668 pturae
934 4597 1228 4666 reperitur.
1262 4593 1478 4648 Idcirco
1523 4593 1772 4660 homines
1805 4592 2026 4661 quidem
2061 4591 2290 4660 plurali-

715 4699 798 4744 ter
829 4689 1116 4743 nominare
1153 4686 1430 4751 concedit,
1473 4684 1674 4755 quippe
1713 4699 1836 4738 cum
1873 4698 2033 4738 nemo
2069 4691 2291 4753 pr0pter

715 4777 1027 4848 hujusmodi
1054 4776 1278 4846 ﬁguram
1309 4775 1460 4830 vocis
1489 4775 1556 4829 ad
1594 4773 1998 4828 multitudinem
2037 4773 2290 4828 humani-

713 4878 883 4925 tatum
916 4870 1229 4939 suspicione
1257 4867 1594 4936 prolabatur,
1632 4881 1734 4921 nec
1763 4868 1966 4922 multas
2015 4867 2287 4922 humanas

714 4971 936 5018 naturas
965 4959 1262 5030 signiﬁcari
1285 4960 1579 5024 existimet,
1605 4969 1887 5030 propterea
1921 4959 2068 5030 quod
2092 4975 2289 5016 nomen

2397 4503 2556 4558 τοῦτο
2587 4503 2906 4576 ἀνθρώπους
2949 4507 3221 4575 συγχωρεῖ
3249 4505 3624 4576 πληθυντικῶς
3665 4507 3832 4576 ὀνομέ

2396 4593 2482 4646 διὰ
2514 4593 2576 4646 τὸ
2623 4594 2824 4664 μηδένα
2861 4593 2937 4664 τῷ
2965 4593 3189 4665 τοιούτῳ
3237 4596 3475 4664 σχήματι
3521 4594 3626 4664 τῆς
3673 4595 3828 4663 φωνὶ

2396 4685 2597 4756 πλῆθος
2649 4685 3079 4757 ἀνθρωποτὴτων
3149 4687 3269 4750 ταῖς
3326 4685 3608 4749 ὑπονοίαις
3668 4686 3826 4740 ἐκπίι

2397 4774 2533 4846 μηδὲ
2579 4773 2816 4844 νομίζειν
2860 4773 3058 4837 πολλὰς
3093 4773 3438 4844 ἀνθρωπίνας
3478 4773 3679 4842 φύσεις
3728 4791 3824 4846 om

2396 4867 2539 4930 σθαι,
2567 4867 2651 4922 διὰ
2671 4868 2732 4920 τὸ
2758 4865 3129 4930 πληθυντικῶς
3152 4865 3540 4936 ὲξαγγελθῆναι
3560 4865 3628 4918 τό
3654 4866 3818 4937 τῆςφ

2391 4960 2582 5031 ὄνομα.
2615 4956 2727 5031 Τὴν
2750 4959 2806 5013 δὲ
2848 4958 2979 5023 Θεὸς
3026 4959 3207 5030 φωνην
3258 4959 3818 5030 παρατετηρημένως

711 5063 921 5110 natura:
959 5051 1242 5122 pluraliter
1285 5052 1629 5105 enuntiatum
1659 5051 1752 5103 sit.
1783 5050 1852 5103 At
1911 5065 2098 5104 vocem
2149 5049 2291 5106 Deus

2206 5065 2291 5106 aus
2389 5052 2481 5106 τὸν
2507 5052 2683 5106 ἑνικὸν
2705 5050 3018 5119 ἐξαγγέλλει
3039 5051 3219 5115 τόπον,
3243 5049 3401 5103 τοῦτο
3425 5050 3814 5121 προμηθουμέ

712 5161 836 5200 cum
870 5146 1127 5200 cautione
1157 5151 1212 5197 et
1273 5141 1658 5197 observatione
1721 5157 1816 5210 per
1857 5141 2193 5212 singularem
2228 5139 2288 5195 ﬁ-

2393 5144 2468 5214 μὴ
2516 5143 2802 5214 διαφόρους
2847 5141 3038 5210 φύσεις
3082 5142 3174 5194 ἐπὶ
3222 5147 3324 5212 τῆς
3374 5141 3524 5204 θείας
3575 5142 3783 5204 οὐσίας

711 5251 898 5304 guram
920 5237 1186 5299 enuntiat,
1211 5234 1315 5288 hoc
1354 5233 1694 5304 prospiciens
1741 5243 1794 5287 et
1825 5249 2046 5298 cavens,
2084 5248 2152 5288 ne
2199 5233 2288 5288 di-

2202 5233 2288 5288 di-
2390 5235 2724 5307 πληθυντικῇ
2772 5234 3015 5305 σημασία
3042 5233 3148 5287 τῶν
3185 5233 3321 5287 θεῶν
3354 5230 3810 5301 παρεισάγεσθαι

711 5343 880 5381 versae
909 5338 1114 5383 naturze
1147 5327 1338 5398 plurali
1363 5325 1761 5395 signiﬁcatione
1795 5326 2018 5381 deorum
2057 5327 2111 5380 in
2146 5325 2288 5380 divi-

709 5433 776 5472 na
807 5419 1042 5472 essentia
1071 5416 1596 5474 subintroducantur
1633 5435 1646 5469 :
1684 5417 2063 5484 quamobrem,
2104 5433 2123 5466 ι
2181 5413 2285 5470 Βο·

710 5509 894 5564 minus
944 5505 1108 5572 Deus,
1148 5528 1165 5559 ι
1205 5509 1402 5577 inquit,
1449 5525 1467 5558 ι
1507 5505 1770 5561 Dominus
1803 5524 1946 5561 unus
1997 5516 2081 5560 est
2108 5508 2149 5538 “'
2200 5526 2213 5562 :
2262 5526 2280 5557 ο

706 5601 836 5672 quin
867 5597 1029 5654 etiam
1067 5598 1404 5669 unigenitum
1435 5597 1602 5654 Dcutu
1633 5613 1769 5653 voce
1791 5597 2010 5653 deitatis
2041 5611 2285 5668 pronun-

780 5783 822 5814 “
862 5780 1021 5838 llcbr.
1055 5797 1127 5847 vt,
1171 5780 1251 5833 12.
1324 5781 1363 5812 ¹¹
1409 5777 1555 5834 Psal.
1595 5794 1669 5845 tv,
1696 5779 1747 5832 '5.
1830 5780 1870 5810 ¹¹
1909 5779 2060 5832 Deut.
2112 5795 2182 5842 vt,
2216 5779 2269 5832 ι.

2395 5327 2547 5396 φησὶ,
2572 5344 2590 5376 ι
2621 5325 2821 5395 Κύριος
2837 5327 2864 5376 ό
2880 5325 3028 5388 Θεὸς,
3049 5324 3250 5396 Κύριος
3274 5320 3352 5388 εἷς
3376 5327 3544 5377 ἐστιν’
3584 5342 3604 5374 ι
3624 5323 3808 5376 ana:

2396 5417 2655 5487 μονογενῆ
2687 5416 2818 5469 θεὸν
2865 5419 2930 5487 τῇ
2956 5415 3058 5485 τῆς
3092 5414 3345 5486 θεότητος
3386 5415 3789 5486 ἀνακηρύσσει

2393 5509 2487 5560 καὶ
2519 5507 2580 5559 οὐ
2615 5505 2820 5573 διαλύει
2863 5508 2924 5558 τὸ
2954 5506 3012 5558 ἓν
3035 5508 3115 5569 είς
3142 5505 3331 5578 δυῖκὴν
3365 5506 3686 5577 σημασίαν,
3725 5504 3804 5556 ὥσ

2393 5597 2548 5662 θεοὺς
2578 5598 2668 5651 τὸν
2708 5598 2928 5668 Πατέρα
2957 5598 3051 5652 καὶ
3079 5597 3168 5650 τὸν
3202 5598 3328 5651 Υἰὺν
3356 5598 3635 5668 ὀνομάσαι
3666 5613 3679 5626 ο
3731 5593 3802 5648 κδ
