4072 6212
321 361 399 414 1λῖ
1420 351 1606 419 QUOD
1646 351 1785 409 NON
1822 354 1929 409 SlN

1877 354 1977 410 {NT
2004 355 2183 412 TRES
2205 358 2312 415 Dll.
3384 368 3485 422 im

317 494 431 547 τερος
452 473 554 536 Bai);
590 469 735 543 παρᾶ
767 471 873 522 τῶν
895 469 1065 538 ἁγίων
1097 468 1458 540 κηρύσσηται.
1502 470 1660 523 Ἀλλὰ
1687 470 1820 533 Θεὸς
1849 476 1895 533 Α

1877 478 1895 533 ι
1928 475 2026 527 tiat
2057 489 2071 526 :
2104 490 2167 529 ac
2203 491 2311 530 non
2343 475 2592 533 dissolvit
2617 477 2667 531 id
2698 476 2840 548 quod
2871 493 3036 533 unum
3071 489 3154 534 est
3186 481 3236 534 in
3273 479 3485 537 dualem

317 567 431 640 μὲνό
475 565 681 634 Πατήρ·
724 561 854 625 Θεὸς
881 562 938 614 δὲ
983 563 1010 615 6
1059 561 1218 623 Υἱός·
1256 555 1336 625 εἷς
1372 561 1428 614 δὲ
1458 563 1514 615 ὲν
1553 561 1630 631 τῷ
1672 561 1820 633 αὐτῷ

1928 565 2406 636 significationem,
2444 576 2502 620 ut
2525 567 2664 622 duos
2693 567 2826 622 deos
2856 566 3068 622 Patrem
3091 577 3143 623 ct
3171 567 3365 623 Filium
3389 586 3489 623 no-

313 658 561 730 κηρύγματι
589 655 618 706 6
648 654 814 717 Θεός·
855 652 943 706 διὰ
966 652 1026 705 τὸ
1053 653 1192 723 μήτε
1222 651 1458 722 φύσεως,
1493 653 1630 723 μήτε
1664 655 1806 725 ἐνερ-

1928 657 2136 712 minet:
2175 657 2389 712 tametsi
2415 665 2644 727 uterque
2670 656 2814 713 Deus
2846 673 2878 711 a
2915 659 3122 714 sanctis
3150 659 3488 729 praedicetur.

305 749 420 816 γείας
440 742 803 814 ἑνϐεωρεῖσθαί
831 759 952 797 τινα
975 742 1236 812 διαφορὰν
1261 744 1326 812 τῇ
1361 741 1595 812 θεότητι.
1621 744 1685 796 Εἰ
1714 743 1824 815 γὰρ

1932 747 2038 804 Sed
2063 748 2206 804 Deus
2232 749 2450 819 quidem
2497 749 2690 811 Pater;
2716 749 2860 806 Deus
2902 751 3030 805 item
3082 749 3301 807 Filius:
3349 768 3491 807 unus

303 837 599 910 παρήλλακτο
628 834 766 888 κατὰ
786 833 885 905 τὴν
915 833 1023 887 τῶν
1045 833 1413 904 ἠπατημένων
1446 833 1700 888 ὑπόνοιαν
1730 836 1825 889 ἐπὶ

1928 853 2057 893 vero
2090 838 2145 892 in
2170 838 2355 894 eadem
2382 837 2769 909 prtedicatione
2790 837 2931 894 Deus
2959 845 3043 893 est
3073 856 3087 892 :
3139 840 3340 910 quippe
3368 855 3490 894 cum

242 966 244 973 ι
299 933 376 1000 τῆς
412 928 548 996 ἁγίας
576 926 808 998 Τριὰδος
839 928 872 997 ή
913 924 1074 995 φύσις
1095 965 1110 989 ,
1139 924 1452 988 ἀκολούθως
1487 926 1567 988 εἰς
1625 925 1829 996 πλῆθος

1930 945 2108 999 neque
2137 940 2362 993 natum,
2398 946 2575 1001 neque
2610 930 2870 986 efficaciae
2892 930 3073 998 aliqua
3116 928 3417 985 differentia
3438 932 3493 986 in

299 1021 417 1074 Θεῶν
435 1016 694 1089 ὁάριθμὸς
714 1017 1062 1079 ἐπλατύνετο,
1095 1017 1162 1086 τῇ
1195 1015 1472 1086 ἑτερότητι
1497 1017 1596 1085 τῆς
1639 1016 1828 1080 οὐσίας

1932 1019 2134 1076 deitate
2182 1021 2584 1076 consideretur.
2633 1020 2769 1075 Nam
2821 1020 2866 1076 si
2902 1021 3138 1076 variaret
3187 1029 3243 1076 et
3278 1021 3493 1076 diversa

296 1112 384 1164 τῶν
417 1109 770 1180 ὑποκειμένων
805 1107 1296 1180 συνδιαιρούμενος.
1359 1108 1512 1164 Ἐπεὶ
1548 1108 1605 1160 δὲ
1646 1109 1828 1161 πᾶσαν

1930 1120 2074 1167 esset
2108 1113 2163 1167 in
2193 1122 2386 1168 sancta
2407 1111 2678 1168 Trinitate
2720 1121 2937 1175 natura,
2963 1119 3126 1182 prout
3147 1113 3499 1182 suspicantur

297 1201 543 1254 ἀπωθεῖται
575 1199 680 1271 τὴν
716 1198 835 1252 κατ’
864 1198 1049 1254 οὐσίαν
1088 1199 1378 1271 ἑτερότητα
1413 1200 1447 1269 ἠ
1475 1198 1594 1252 θεία
1634 1216 1694 1252 τε
1737 1197 1830 1254 καὶ
1879 1263 1885 1272 ⁸

1931 1204 2177 1258 nonnulli
2209 1218 2397 1259 errore
2436 1204 2667 1274 decepti,
2691 1204 3161 1273 consequenterin
3194 1204 3499 1258 multitudi-

296 1292 412 1361 ἁπλῆ
435 1291 514 1345 καὶ
539 1290 899 1353 ἀναλλοίωτος
931 1289 1112 1360 φύσις,
1163 1289 1240 1353 ὡς
1273 1289 1338 1343 ἂν
1371 1291 1466 1360 μία
1493 1284 1548 1364 ᾖ.
1593 1288 1830 1360 πλήθους

1933 1306 2057 1346 nem
2087 1291 2312 1347 deorum
2353 1308 2615 1347 numerus
2646 1293 2988 1358 dilataretur,
3040 1302 3204 1362 atque
3231 1307 3339 1347 una
3374 1307 3497 1348 cum

300 1382 524 1452 σημασίαν
548 1381 637 1450 ἐφ’
669 1380 866 1450 ἑαυτῆς
897 1380 957 1433 ού
995 1378 1298 1451 προσίεται.
1341 1379 1480 1434 Ἀλλ’
1510 1379 1695 1451 ὥσπερ
1734 1379 1831 1450 μία

1932 1382 2248 1437 diversitate
2289 1383 2543 1438 essentia:
2571 1383 2942 1451 subjectorum
2974 1382 3328 1437 divideretur.
3392 1380 3499 1436 Sed

294 1474 471 1540 λέγεται
500 1471 683 1541 φύσις,
723 1471 866 1524 οὕτω
899 1471 991 1524 καὶ
1020 1471 1087 1525 τὰ
1113 1470 1246 1524 ἄλλα
1284 1471 1462 1525 πάντα
1497 1471 1691 1534 ἑνικῶς
1715 1471 1835 1524 ὀνοο

1933 1475 2190 1544 quoniam
2223 1490 2437 1530 onmem
2481 1476 2626 1530 circa
2659 1475 2954 1530 essentiam
2994 1475 3365 1530 diversitatem
3417 1489 3501 1528 re-

299 1562 510 1632 μάζεται,
539 1561 675 1625 Θεὸς
695 1602 710 1626 ,
743 1560 967 1629 ἀγαθός.
995 1560 1147 1626 ἆγιος
1169 1601 1183 1624 ,
1210 1560 1413 1630 σωτὴρ,
1444 1560 1674 1623 δίκαιος,
1707 1578 1831 1630 κρι-

1930 1564 2278 1634 jicitdivina,
2336 1567 2586 1637 simplex,
2623 1577 2676 1623 et
2721 1567 2933 1622 variare
2976 1567 3266 1624 alterarive
3319 1567 3502 1622 nescia

296 1654 389 1724 τὴς,
409 1653 492 1706 καὶ
512 1652 562 1706 εἴ
585 1670 645 1706 τι
673 1652 802 1706 ἄλλο
829 1653 939 1705 τῶν
965 1650 1280 1723 Θεοπρεπῶν
1304 1651 1584 1722 ὀνομάτων
1608 1654 1830 1717 νοεῖται,

1935 1666 2152 1725 natura,
2185 1666 2244 1712 ut
2274 1674 2377 1712 una
2409 1661 2502 1721 sit,
2534 1659 2899 1714 multitudinis
2939 1659 3395 1730 significationem
3447 1663 3500 1712 in

295 1747 381 1798 ιίτε
403 1745 520 1817 πρὸς
538 1745 724 1814 φύσιν,
750 1747 859 1799 εἴτε
879 1743 1014 1816 πρὸς
1029 1743 1307 1814 ἐνέργειαν
1332 1742 1548 1813 βλέπειν
1568 1760 1651 1806 τις
1675 1741 1829 1814 λέγῃ,

1937 1762 2058 1802 sese
2090 1763 2200 1802 non
2227 1737 2485 1805 admittit.
2536 1750 2641 1806 Sed
2677 1757 2736 1804 ut
2766 1764 2873 1804 una
2920 1751 3125 1805 dicitur
3179 1759 3397 1815 natura,
3428 1750 3501 1803 ita

297 1836 344 1888 ού
370 1835 682 1906 διοισόμεθα.
1431 1864 1435 1865 ν
1863 1835 1905 1890 Β

297 1927 432 1990 Deus,
457 1929 655 1990 bonus,
687 1935 934 1990 sanctus,
968 1932 1234 1990 servator,
1260 1925 1466 1990 justus,
1523 1926 1710 1990 iudex,
1743 1927 1859 1984 etsi
1899 1950 1905 1980 ε

1892 1838 2133 1893 ιοαξιετο
2183 1857 2400 1912 quoque
2445 1842 2630 1897 omnia
2675 1842 3030 1990 singulariter
3082 1841 3439 1896 nominantur
3489 1860 3500 1893 :

1899 1931 2045 1990 quod
2079 1933 2222 1988 aliud
2245 1947 2533 1990 augustum
2569 1949 2634 1990 ac
2659 1935 2701 1988 D
2733 1951 2767 1989 o
2798 1935 3132 1990 conveniens
3161 1949 3359 1988 nomen
3425 1933 3500 1987 in-

296 1927 432 1994 Deus,
457 1929 655 1992 bonus,
687 1935 934 1990 sanctus,
968 1932 1234 1991 servator,
1260 1925 1466 1995 justus,
1523 1926 1710 1996 judex,
1743 1927 1859 1984 etsi
1899 1931 2045 1999 quod
2079 1933 2222 1988 aliud
2245 1947 2533 2005 augustum
2569 1949 2634 1990 ac
2659 1925 2767 1990 Deo
2798 1935 3132 1990 conveniens
3161 1949 3359 1988 nomen
3425 1933 3506 2005 in-

295 2020 541 2092 telligitur,
573 2017 724 2091 quod
751 2017 867 2073 sive
898 2016 966 2072 ad
1012 2027 1265 2072 naturam
1292 2018 1406 2074 sive
1429 2016 1497 2072 ad
1538 2017 1839 2074 efﬁcaciam
1880 2029 2130 2092 spectare
2158 2024 2279 2093 quis
2307 2002 2479 2092 dicat,
2507 2039 2615 2079 non
2651 2022 3067 2080 contendemns.
3458 2002 3476 2018 ’

350 2211 406 2262 Εἰ
438 2207 489 2262 δέ
511 2224 588 2272 τις
614 2205 979 2276 συκοφαντοίη
1006 2203 1095 2258 τὸν
1118 2205 1298 2274 λόγον,
1335 2205 1410 2270 ὼς
1437 2207 1502 2259 ὲκ
1528 2205 1622 2260 τοῦ
1652 2207 1726 2278 μὴ
1753 2207 1836 2261 δέ-

2017 2205 2172 2272 Quod
2215 2205 2261 2260 si
2294 2206 2416 2277 quis
2455 2207 2818 2262 calumnietur
2857 2204 3188 2268 orationem,
3243 2205 3398 2274 quasi
3441 2219 3506 2258 ex

288 2301 452 2370 χεσθαι
492 2300 588 2370 τὴν
642 2297 789 2351 κατὰ
833 2294 995 2365 φύσιν
1043 2295 1329 2368 διαφορὰν,
1380 2295 1525 2367 μίξιν
1572 2301 1699 2354 τινα
1728 2297 1836 2350 τῶν

1944 2314 2009 2356 eo
2031 2299 2174 2371 quod
2205 2314 2313 2354 non
2351 2299 2601 2354 admittat
2638 2297 2997 2374 differentiam
3031 2298 3178 2352 circa
3232 2305 3508 2355 naturam,

292 2389 608 2442 ὑποστάσεων
639 2387 740 2441 καὶ
759 2384 1128 2455 ἀνακύκλησιν
1148 2384 1628 2449 κατασκευάζοντα
1645 2403 1658 2416 ·
1681 2385 1838 2439 τοῦτο

1945 2391 2254 2447 mistionem
2287 2391 2577 2461 quamdam
2621 2400 2674 2445 et
2714 2388 3095 2444 confusionem
3147 2386 3510 2456 hypostaseon

287 2481 396 2551 περί
436 2480 529 2550 τῆς
564 2478 832 2550 τοιαύτης
864 2475 1314 2547 ἀπολογησόμεθα
1343 2475 1604 2547 μέμψεως
1628 2515 1642 2539 ,
1675 2475 1841 2530 ὅτιτὸ

1946 2484 2268 2540 facientem:
2330 2483 2433 2537 hoc
2456 2482 2523 2536 ad
2551 2481 2711 2535 talem
2747 2479 3156 2535 accusationem
3211 2476 3512 2546 responde-

237 2571 682 2649 /6uap&naxrov
714 2570 814 2641 τῆς
856 2567 1072 2638 φύσεως
1106 2567 1513 2640 ὁμολογοῦντες,
1559 2569 1659 2638 τὴν
1703 2567 1844 2621 κατὰ

1948 2576 2152 2639 bimus.
2187 2574 2332 2645 quod
2364 2588 2464 2629 nos
2492 2573 2584 2644 qui
2614 2571 2850 2626 divinam
2894 2579 3146 2624 naturam
3194 2566 3513 2623 differentiae

283 2663 334 2739 τὸ
357 2664 513 2718 αἰτιον
547 2665 646 2718 καὶ
675 2661 917 2716 αἰτιατὸν
937 2660 1200 2732 διαφορὰν
1219 2661 1319 2714 οὐκ
1341 2660 1672 2732 ἀρνούμεθα,
1708 2661 1766 2713 ἐν
1797 2653 1843 2727 ᾧ

1947 2666 2340 2722 variationisve
2363 2672 2638 2736 expertem
2683 2677 2808 2718 esse
2857 2661 3202 2718 confitemur,
3230 2674 3348 2713 eam
3394 2673 3515 2728 qua:

289 2753 415 2823 μόνῳ
439 2753 818 2826 διακρίνεσθαι
849 2751 910 2805 τὸ
928 2751 1112 2822 ἕτερον
1139 2750 1232 2805 τοῦ
1264 2750 1452 2823 ἐτέρου
1485 2749 1844 2820 καταλαμϐά-

1950 2754 2101 2809 circa
2135 2767 2361 2808 causam
2394 2759 2450 2806 et
2487 2756 2775 2806 causatum
2831 2747 3215 2804 consideratur
3259 2745 3515 2818 ὤσει-οη·

283 2861 443 2914 νομεν,
464 2844 542 2916 τῷ
571 2845 638 2898 τὸ
673 2843 776 2914 μὲν
795 2843 964 2896 αῐτιον
1001 2840 1279 2895 πιστεύειν
1310 2837 1467 2908 εἶναι,
1500 2843 1561 2896 τὸ
1584 2843 1640 2896 δὲ
1666 2845 1729 2895 ὲκ
1748 2839 1842 2894 τοῦ

1951 2846 2102 2910 tiam,
2135 2859 2246 2900 non
2280 2857 2564 2913 negamus,
2589 2856 2686 2912 per
2706 2840 2854 2911 quod
2885 2841 3064 2895 solum
3111 2839 3351 2894 discerni
3383 2839 3519 2892 alte—

282 2936 435 2988 αἱτίου
454 2952 467 2964 ·
498 2936 594 2990 καὶ
632 2933 736 2989 τοῦ
777 2934 837 2999 ἐξ
862 2933 1038 2996 αἰτίας
1064 2935 1234 2999 όντος,
1264 2933 1426 3006 πάλιν
1461 2933 1627 3002 ἄλλην
1664 2933 1846 3002 διαφο-

1950 2952 2072 2993 rum
2119 2937 2188 2991 ab
2231 2935 2404 2990 altero
2435 2931 2918 3004 deprehendimus,
2965 2930 3226 2986 nimirum
3252 2945 3318 2985 eo
3371 2927 3516 2998 quod

233 3061 250 3108 (
281 3024 371 3094 ρὰν
390 3025 706 3096 ἐννοοῦμεν.
729 3023 804 3076 Τὸ
831 3023 929 3095 μὲν
950 3024 1057 3095 γὰρ
1087 3025 1369 3095 προσεχῶς
1400 3025 1464 3077 ἐκ
1487 3022 1579 3077 τοῦ
1605 3024 1841 3095 πρώτου,

1953 3026 2230 3083 credimus
2257 3025 2402 3080 aliud
2431 3023 2648 3095 quidem
2676 3037 2899 3078 causam
2932 3037 3076 3088 esse,
3124 3021 3270 3076 aliud
3303 3034 3434 3076 vero
3455 3034 3521 3073 ex

277 3117 331 3170 τὸ
358 3117 412 3171 δὲ
440 3119 530 3172 διὰ
547 3117 645 3172 τοῦ
683 3116 964 3188 προσεχιῖκ
996 3119 1062 3172 ὲκ
1097 3114 1191 3170 τοῦ
1221 3116 1461 3189 πρώτου,
1497 3116 1637 3170 ὥστε
1671 3116 1848 3170 καὶτὸ

1954 3133 2160 3173 causa:
2199 3125 2253 3172 et
2285 3117 2406 3186 ejus
2433 3115 2578 3187 quod
2613 3131 2678 3171 ex
2721 3128 2888 3168 causa
2950 3121 3058 3178 est,
3116 3127 3313 3167 rursus
3361 3110 3522 3164 aliam

279 3209 571 3276 Μονογενὲς
593 3207 970 3279 ἀναμφίόολον
993 3209 1085 3262 ἐπὶ
1099 3208 1192 3262 τοῦ
1213 3208 1344 3262 Υἰοῦ
1370 3209 1570 3280 μένειν,
1593 3208 1686 3262 καὶ
1707 3207 1764 3261 τὸ
1785 3209 1849 3261 ὲκ

1916 3209 2322 3280 _diﬂ'erentiam
2388 3207 2823 3264 consideramus.
2893 3204 3029 3259 Nam
3090 3205 3238 3260 aliud
3304 3202 3524 3274 quidem

275 3300 361 3353 τοῦ
393 3268 605 3372 Πατρὸς
625 3268 776 3354 εἶναι
789 3300 852 3353 τὸ
873 3299 1096 3370 Πνεῦμα
1129 3301 1203 3371 μὴ
1233 3268 1610 3374 ἀμφιϐάλλειν,
1639 3300 1738 3370 τῆς
1761 3298 1854 3352 τοῦ
1880 3285 1883 3308 ⁴

1917 3270 2307 3356 ιοοῐιιὶηιεηιθι·
2356 3298 2432 3367 (et
2478 3296 2598 3352 sine
2650 3294 2851 3367 medio)
2872 3310 2938 3349 ex
2987 3294 3167 3366 primo
3219 3268 3336 3355 est;
3379 3289 3525 3346 aliud

281 3391 400 3444 Υίοῦ
436 3393 722 3463 μεσιτείας
747 3392 842 3445 καὶ
866 3391 1013 3461 αὐτῷ
1038 3391 1100 3445 τὸ
1135 3391 1430 3460 Μονογενὲς
1464 3391 1856 3462 φυλαττούσης,

1996 3405 2093 3445 ero
2125 3403 2223 3460 per
2252 3387 2304 3441 id
2337 3386 2482 3458 quod
2519 3384 2832 3441 immediate
2868 3395 2914 3440 et
2942 3400 3007 3439 ex
3052 3383 3359 3439 continenti
3420 3389 3527 3444 est,
3587 3375 3602 3428 ί

277 3486 364 3536 καὶ
385 3485 445 3538 τὸ
461 3483 702 3544 Πνεῦμα
719 3484 820 3555 τῆς
836 3483 1072 3554 φυσικῆς
1091 3483 1228 3556 πρὸς
1255 3483 1346 3536 τὸν
1374 3483 1592 3553 Πατέρα
1622 3481 1859 3553 σχέσεως

1965 3487 2025 3535 ut
2053 3487 2108 3534 et
2145 3477 2417 3550 Unigeniti
2465 3479 2776 3548 proprietas
2820 3478 3027 3546 absque
3059 3474 3420 3544 ambiguitate
3475 3471 3527 3524 in

280 3573 351 3644 μὴ
370 3575 774 3646 ἁπειργούσης.
805 3576 985 3628 Αἴτιον
1012 3574 1070 3628 δὲ
1101 3575 1196 3631 καὶ
1216 3572 1276 3626 τὸ
1301 3572 1360 3638 ἐξ
1382 3573 1562 3627 αἰτίου
1589 3572 1858 3641 λέγοντες,

1961 3567 2101 3624 Filio
2135 3575 2373 3632 maneat,
2405 3576 2459 3624 et
2485 3583 2551 3622 ex
2583 3567 2742 3622 Patre
2775 3564 3040 3636 Spiritum
3071 3580 3195 3620 esse
3227 3579 3338 3618 non
3372 3561 3527 3618 dubi-

273 3663 387 3732 ούχί
409 3664 573 3733 φύσιν
593 3665 694 3720 διὰ
711 3662 915 3718 τούτων
935 3665 1043 3718 τῶν
1066 3663 1346 3732 ὀνομάτων
1371 3661 1862 3733 σημαίνομεν.οὐδὲ

1967 3667 2145 3716 tetur:
2181 3659 2340 3725 Filio,
2370 3659 2463 3730 qui
2497 3659 2711 3714 medius
2746 3656 3059 3724 intercedit,
3089 3663 3143 3711 et
3195 3655 3300 3712 sibi
3343 3655 3529 3723 unige-

276 3757 382 3826 γὰρ
409 3757 502 3810 τὸν
535 3759 710 3813 αὐτὸν
737 3758 803 3812 ἄν
828 3774 914 3821 τις
950 3756 1129 3820 αἰτίας
1153 3756 1249 3809 καὶ
1281 3753 1497 3824 φύσεως
1521 3753 1747 3823 ἀποδοίη
1772 3751 1864 3806 λόι

1963 3752 2064 3808 niti
2093 3753 2480 3823 proprietatem
2515 3758 2788 3816 servante,
2839 3757 2894 3804 et
2922 3746 3188 3818 Spiritum
3229 3759 3259 3798 a
3294 3743 3530 3798 naturali

269 3863 392 3913 γαν,
421 3848 568 3902 ἀλλὰ
595 3849 703 3920 τὴν
709 3847 867 3916 iure
892 3847 953 3901 τὸ
981 3848 1098 3912 πῶς
1124 3843 1567 3918 εἶναινδιςιφορὰν
1599 3842 1858 3897 ὲνδεικνύ·

1965 3846 2030 3901 ad
2059 3845 2274 3900 Patrem
2310 3843 2497 3898 habitu
2531 3858 2640 3898 non
2675 3849 2920 3897 arcente.
2957 3839 3192 3894 Causam
3242 3844 3446 3900 autem,
3482 3842 3531 3887 et

275 3936 445 4005 μεθα.
478 3938 745 4001 Εἰπόντες
763 3939 870 4010 γὰρ
902 3938 994 3992 τὸν
1026 3937 1122 4009 μὲν
1149 3937 1409 4002 αἰτιατὸν,
1435 3933 1526 3988 τὸν
1548 3935 1604 3988 δὲ
1625 3933 1751 3988 ἄνευ
1781 3935 1867 3988 αἰ-

1969 3939 2022 3995 id
2051 3936 2198 4009 quod
2241 3951 2307 3991 ex
2333 3950 2500 3990 causa
2534 3943 2620 3990 est
2667 3933 2934 3997 dicentes,
2982 3945 3091 3985 non
3137 3934 3390 3982 naturam
3440 3939 3531 3994 per

265 4030 410 4092 τίας,
443 4027 580 4098 οὐχὶ
610 4028 713 4100 τὴν
738 4031 894 4098 φύσιν
921 4028 999 4101 τῷ
1023 4030 1164 4083 κατὰ
1182 4029 1244 4083 τὸ
1265 4027 1410 4098 λόγῳ
1434 4026 1829 4098 διεχωρίσαμεν
1847 4041 1863 4059 ·

1967 4031 2083 4085 hinc
2103 4027 2320 4083 nomina
2350 4025 2744 4096 significamus.
2773 4022 2956 4090 Neque
2983 4018 3130 4072 enim
3162 4015 3362 4086 aliquis
3389 4030 3533 4069 eam-

270 4119 406 4172 ἀλλὰ
444 4119 624 4189 μόνον
649 4120 714 4174 τὸ
740 4122 877 4192 μήτε
907 4120 1000 4174 τὸν
1031 4121 1160 4175 Υίὸν
1186 4120 1496 4190 ἁγεννήτως
1528 4117 1688 4185 εἶναι,
1729 4121 1866 4191 μήτε

1968 4122 2090 4178 dem
2118 4134 2301 4175 causa;
2330 4127 2385 4174 et
2410 4123 2619 4170 natum
2644 4114 2907 4168 rationem
2930 4107 3250 4174 reddiderit,
3281 4107 3374 4163 sed
3394 4123 3535 4171 eam,

267 4211 355 4266 τὸν
387 4213 631 4285 Πατέρα
666 4213 756 4267 διὰ
797 4213 1103 4284 γεννήσεως
1149 4211 1554 4282 ἐνεδειξάμεθα.
1597 4212 1867 4284 Πρότερον

1969 4229 2093 4285 qua:
2121 4223 2204 4268 est
2235 4209 2534 4266 secundum
2566 4204 2876 4274 aliqualiter
2904 4217 3026 4258 esse
3055 4199 3420 4256 differentiam
3459 4199 3534 4253 in-

270 4304 323 4357 δὲ
348 4307 500 4376 ἡμᾶς
526 4302 685 4359 εἶναι
718 4305 994 4359 πιστεύειν
1019 4322 1072 4358 τι
1105 4304 1445 4372 ἐπάναγκες·
1477 4304 1571 4358 καὶ
1595 4305 1715 4368 τότε
1754 4303 1872 4368 πῶς

1970 4304 2238 4360 dicamus.
2291 4299 2543 4360 Dicentes
2590 4297 2736 4352 enim
2793 4297 2962 4350 alium
2991 4294 3207 4365 quidem
3249 4298 3535 4348 causatum

265 4397 372 4450 ἐστι
399 4397 464 4452 τὸ
492 4395 954 4465 πεπιστευμένον
981 4393 1695 4468 περιεργὰσασθαι.-”Αλλος
1727 4389 1818 4447 οῦν
1844 4397 1873 4448 ό

1977 4403 2032 4452 et
2063 4410 2129 4450 ex
2157 4406 2325 4448 causa
2363 4397 2566 4455 ortum,
2611 4389 2780 4444 alium
2827 4405 2961 4446 vero
3009 4390 3129 4446 sine
3182 4404 3349 4444 causa
3401 4403 3537 4454 esse,

266 4487 353 4540 τοῦ
382 4489 435 4541 τί
465 4490 635 4552 ἐστι,
673 4487 772 4541 καὶ
810 4487 966 4550 ἄλλος
998 4489 1027 4540 6
1062 4486 1154 4540 τοῦ
1177 4486 1294 4549 πῶς
1322 4487 1437 4538 ἐστι
1458 4484 1615 4552 λόγος
1636 4499 1648 4512 ⁸
1684 4483 1745 4536 τὸ
1777 4478 1872 4536 οὗν

1979 4502 2087 4540 non
2123 4494 2371 4539 naturam
2407 4482 2574 4536 verbo
2603 4496 2785 4537 causa:
2807 4497 3160 4552 separamus:
3197 4481 3290 4537 sed
3335 4483 3538 4535 solum-

264 4577 586 4651 ἀτεννήτως
619 4575 775 4632 εἷναί
799 4595 852 4630 τι
873 4577 1070 4646 λέγειν,
1097 4576 1213 4640 πῶς
1241 4576 1340 4646 μέν
1360 4577 1506 4629 ἐστιν
1524 4573 1869 4627 ὑποτίθεται-

1931 4596 1948 4648 )
1979 4577 2142 4633 modo
2168 4593 2345 4648 neque
2379 4576 2574 4632 Filium
2611 4578 2685 4632 ita
2719 4593 2777 4634 se
2828 4578 3051 4641 habere,
3117 4579 3277 4648 quasi
3329 4578 3539 4648 genitus

275 4671 324 4721 τί
339 4672 396 4723 δέ
411 4673 542 4724 ἐστι
565 4672 643 4742 τῇ
673 4671 829 4741 φωνῇ
845 4669 1020 4740 ταύτῃ
1033 4669 1092 4722 ού
1112 4667 1559 4722 συνενδείκνυται.
1574 4664 1670 4718 Καί
1687 4666 1734 4718 εί
1752 4664 1877 4736 περὶ

1983 4685 2091 4725 non
2116 4670 2209 4732 sit,
2247 4685 2422 4739 neque
2453 4677 2661 4738 partem
2703 4685 2799 4740 per
2831 4671 3176 4726 nativitatem
3219 4678 3272 4726 et
3319 4684 3536 4742 genera-

266 4759 479 4832 δένδρου
515 4760 690 4824 τινὸς
716 4759 1007 4832 ἠρώτησας
1039 4759 1129 4814 τὸν
1158 4759 1423 4830 γεωργὸν,
1447 4758 1558 4812 εἴτε
1593 4759 1874 4829 φυτευτὸν,

1981 4762 2182 4817 tionem
2219 4776 2343 4816 esse
2373 4761 2700 4816 indicamus.
2725 4795 2728 4800 -
2753 4760 2914 4818 Prius
2952 4772 3134 4817 autem
3193 4778 3421 4818 necesse
3466 4772 3544 4815 est

265 4853 363 4906 ιῐτε
395 4853 760 4924 αὐτομάτως
789 4851 964 4905 ἐστίν·
985 4852 1015 4904 6
1047 4852 1104 4905 δὲ
1131 4851 1484 4923 ἀπεκρίνατο,
1511 4851 1544 4921 ἢ
1575 4849 1873 4921 ἀφύτευτον

1985 4869 2086 4909 nos
2117 4853 2340 4908 credere
2361 4852 2506 4923 quod
2541 4853 2745 4923 aliquid
2774 4854 2846 4908 sit
2872 4872 2885 4908 :
2919 4861 2972 4908 et
3003 4863 3134 4909 tunc
3181 4853 3454 4924 quomodo
3496 4853 3547 4907 id

266 4937 394 4998 εἶναι
433 4945 502 4998 τὸ
536 4942 819 5014 δένδρον,
851 4941 884 5013 ἢ
920 4943 982 4994 ὲκ
1014 4941 1237 5011 φυτείας
1257 4959 1269 4972 ο
1307 4938 1417 5014 ἄρα
1449 4944 1548 5015 τὴν
1597 4945 1758 5012 φύσιν
1790 4943 1874 4998 διὰ

1984 4945 2131 5016 quod
2163 4943 2432 4999 creditum
2463 4952 2572 5012 est,
2604 4946 2697 5012 sit,
2727 4946 2986 5000 scrutari.
3019 4947 3140 5000 Alia
3191 4946 3356 5017 igitur
3411 4946 3546 5000 ratio

263 5033 352 5101 τῆς
401 5033 795 5104 ἀποκρίσεως
822 5030 1119 5095 ἐνεδείξατο
1139 5049 1154 5098 ;
1175 5033 1252 5087 Οὐ
1283 5033 1380 5104 μὲν
1408 5028 1522 5088 οὖν.
1565 5033 1726 5088 Ἀλλὰ
1763 5034 1871 5097 πῶς

1984 5046 2070 5094 est
2092 5037 2234 5108 ejus,
2258 5036 2403 5108 quod
2433 5037 2562 5108 quid
2593 5047 2714 5106 cst;
2752 5039 2857 5092 alia
2893 5038 3019 5093 item
3047 5037 3188 5107 ejus,
3229 5037 3373 5107 quod
3419 5053 3546 5108 quo-

266 5127 402 5179 ἐστιν
421 5125 648 5191 εἰπὼν,
669 5121 869 5193 ἄδηλον
896 5125 990 5177 καὶ
1009 5125 1413 5196 ἀνερμήνευτον
1427 5125 1518 5179 τὸν
1537 5125 1635 5195 τῆς
1665 5124 1874 5194 φύσεως

1984 5130 2146 5186 modo
2172 5138 2276 5186 est.
2318 5129 2588 5195 Quocirca
2615 5131 2658 5184 si
2688 5130 2812 5200 quis
2843 5129 2991 5184 dicat
3037 5129 3244 5198 aliquid
3289 5129 3363 5182 ita
3408 5145 3549 5192 esse,

265 5217 496 5272 ἀπέλιπε
526 5219 744 5285 λόγον.
776 5213 961 5278 Οὕτως
987 5215 1082 5269 καὶ
1107 5213 1340 5269 ἐνταῦθα
1368 5215 1658 5286 ἀγέννητον
1690 5215 1873 5286 μαθόν·

1985 5223 2142 5293 quasi
2171 5236 2280 5275 non
2312 5222 2580 5291 genitum,
2605 5219 2880 5290 quomodo
2911 5221 3004 5282 sit,
3040 5219 3231 5288 ponit:
3289 5220 3420 5289 quid
3461 5235 3547 5272 au-

268 5322 373 5374 τις,
399 5312 568 5373 ὅπως
607 5307 736 5379 μὲν
756 5307 915 5362 αὐτὸν
945 5303 1081 5361 εἶναι
1123 5308 1218 5361 καὶ
1249 5308 1515 5380 προσήκει
1538 5309 1676 5361 νοεῖν
1707 5307 1876 5360 ἐδιδά-

1988 5320 2094 5367 tem
2127 5313 2217 5376 sit,
2251 5312 2353 5365 hac
2385 5325 2517 5365 voce
2544 5311 2706 5367 simul
2738 5325 2844 5365 non
2875 5310 3100 5364 indicat.
3165 5309 3374 5364 Etenim
3415 5311 3461 5364 si
3493 5311 3560 5363 de

267 5403 468 5473 εὑημεν
500 5421 516 5434 ·
553 5403 631 5456 τὸ
671 5399 746 5454 δὲ
767 5400 924 5455 τίδιὰ
955 5401 1054 5472 τῆς
1080 5401 1264 5472 φωνῆς
1288 5401 1386 5453 οὐχ
1409 5399 1739 5471 ἠκούσαμεν.
1769 5399 1875 5470 Τὴν

1987 5404 2182 5458 arbore
2217 5403 2396 5473 aliqua
2422 5402 2852 5473 interrogaveris
2886 5399 3206 5472 agricolam,
3238 5409 3423 5455 utrum
3468 5415 3548 5451 sa-

267 5489 348 5545 ὧν
371 5495 668 5564 τοιαύτην
703 5491 966 5565 διαφορὰν
996 5493 1089 5546 ἐπὶ
1119 5495 1218 5564 τῆς
1255 5491 1416 5560 ἁγίας
1438 5492 1667 5562 Τριάδος
1695 5491 1875 5559 λέγον-

1988 5494 2098 5548 tiva
2126 5493 2219 5554 sit.
2264 5508 2330 5547 an
2378 5503 2574 5564 sponte
2628 5493 2977 5563 provenerit;
3026 5491 3116 5546 ille
3153 5507 3286 5546 vero
3338 5505 3552 5560 respon-

269 5601 365 5649 τες,
393 5590 476 5651 ὡς
497 5590 570 5641 τὸ
599 5587 727 5656 μὲν
758 5584 943 5650 αίτιον,
970 5583 1033 5637 τὸ
1061 5584 1117 5638 δὲ
1137 5584 1196 5650 ἐξ
1225 5584 1399 5637 αἰτίου
1420 5579 1559 5636 εἶναι
1585 5583 1877 5643 πιστεύειν.

1987 5584 2150 5646 derit,
2186 5585 2269 5639 vel
2293 5600 2401 5638 non
2437 5584 2666 5641 salivam
2702 5597 2850 5645 esse,
2876 5582 2960 5637 ve!
2992 5582 3290 5652 plantatam
3332 5593 3527 5638 succre

269 5676 435 5732 ἄπιτ’
475 5682 552 5735 ἂν
596 5682 671 5732 ὲν
693 5674 785 5743 τῷ
815 5677 973 5748 κοινῷ
1002 5678 1100 5747 τῆς
1132 5677 1347 5748 φύσεως
1374 5677 1464 5730 τὸν
1496 5677 1604 5729 τῶν
1643 5676 1877 5730 ὑποστά-

1987 5679 2166 5731 visse:
2199 5675 2446 5746 nunquid
2476 5684 2725 5730 naturam
2751 5689 2846 5744 per
2871 5689 2989 5729 eam
3021 5675 3435 5744 responsionem
3476 5668 3553 5718 in-

271 5787 396 5824 πων
437 5774 627 5840 λόγον
669 5769 980 5822 συντίκτειν
1019 5770 1416 5841 αἰτιαθείημεν.
1456 5767 1672 5839 Ἐπειδὴ
1703 5769 1879 5822 τοίνυν

1989 5765 2232 5820 dicavit?
2267 5765 2504 5820 Minime.
2538 5764 2643 5819 Sed
2676 5765 2767 5819 ubi
2799 5764 3021 5829 dixerit,
3055 5762 3332 5834 quomodo
3363 5759 3452 5817 sif-
3478 5755 3555 5805 ίιι·

277 5864 357 5926 τὰς
387 5868 492 5931 μὲν
547 5859 908 5922 ὑποστάσεις
943 5861 1034 5929 τῆς
1075 5863 1237 5933 ἁγίας
1267 5861 1495 5933 Τριάδος
1533 5862 1560 5914 6
1592 5861 1680 5915 τοῦ
1715 5859 1881 5913 αἰτίου

1991 5866 2195 5938 rei-tam
2230 5865 2281 5913 et
2313 5857 2697 5930 incvplicatam
2745 5865 2950 5912 naturae
2998 5857 3269 5911 rationem
3318 5843 3553 5912 reliqui!-
