4072 6212
599 422 704 478 535

596 538 675 595 Ita
706 538 868 595 etiam
896 534 1005 599 hic,
1038 546 1164 587 cum
1192 530 1552 587 didicerimus
1583 544 1692 585 non
1725 530 1993 601 genitum,
2040 546 2182 600 quo-

598 627 761 684 modo
806 625 1027 697 quidem
1061 624 1240 696 ipsum
1272 610 1399 679 esse
1434 631 1600 693 atque
1647 622 1952 692 intelligere
1981 636 2184 676 conve-

599 720 735 785 niat,
770 717 953 775 edocti
998 732 1227 772 sumus:
1266 714 1321 771 id
1367 723 1552 770 autem
1588 713 1718 784 quid
1761 722 1871 777 est,
1926 727 2024 783 per
2058 726 2183 767 eam

602 819 789 860 vocem
814 819 921 859 non
953 803 1282 858 audivimus.
1320 800 1603 872 Ejusmodi
1632 803 1798 872 igitur
1819 800 2185 857 diﬂ‘erentiam

601 886 873 953 in'sancta
901 894 1169 950 Trinitate
1207 893 1456 957 edentes.
1501 902 1562 949 ut
1591 894 1738 949 aliud
1773 893 1997 965 quidem
2042 907 2184 947 cau~

603 1003 745 1053 sam,
776 987 921 1042 aliud
953 1003 1019 1043 ex
1051 1001 1215 1042 causa
1244 1002 1367 1043 esse
1398 987 1713 1053 credamus,
1743 1004 1851 1045 non
1904 988 2017 1059 jam
2057 1004 2179 1044 am-

1817 412 1873 468 S.
1907 409 2234 470 GREGORII
2268 404 2558 465 NYSSENI

3734 404 3828 461 l56

2281 526 2549 597 διακρίνει
2574 524 2752 592 λόγος,
2785 522 2847 576 τὸ
2882 522 2983 594 μὲν
3010 521 3269 586 ἀναιτίως
3296 513 3459 586 εἶναι,
3487 516 3548 572 τὸ
3570 517 3626 572 δὲ
3657 518 3714 573 lx
3745 518 3832 572 τοῦ

2283 617 2457 673 αἰτίου
2489 612 2808 689 πρεσϐεύων
2828 631 2844 646 ο
2877 616 2911 686 ή
2930 613 2986 667 δὲ
3010 613 3131 668 θεία
3163 612 3325 684 φύσις
3350 609 3754 681 ἀπαράλλακτός
3778 627 3833 663 τε

2284 713 2381 768 καὶ
2427 710 2730 782 ἀδιαίρετος
2765 709 2854 763 διὰ
2894 710 3073 782 πάσης
3102 709 3311 774 ἐννοίας
3337 706 3796 778 καταλαμβάνεται
3817 718 3831 732 ⁵

2285 804 2375 860 διὰ
2400 802 2558 858 τοῦτο
2597 800 2801 873 κυρίως
2860 802 2962 872 μία
2989 802 3200 875 θεότης,
3239 806 3333 856 καὶ
3357 784 3437 865 εἷς
3460 799 3594 862 Θεὸς
3616 839 3630 862 ,
3661 798 3747 853 καὶ
3771 797 3839 851 τὰ

2287 897 2424 953 ἄλλα
2462 895 2642 950 πάντα
2686 893 2797 949 τῶν
2834 894 3160 965 θεοπρεπῶν
3215 892 3499 966 ὀνομάτων
3562 888 3841 963 μοναδικῶς

2286 988 2686 1058 ἐξαγγέλλεται.

603 1077 749 1148 ptius
782 1077 1029 1133 accusari
1094 1078 1391 1147 possimus,
1439 1079 1588 1148 quod
1638 1095 1735 1149 per
1777 1080 2224 1136 communionem
2264 1088 2477 1134 natura:
2507 1079 2775 1133 rationem
2812 1076 3184 1148 hypostaseon
3244 1074 3665 1130 coul’undamus.
3710 1069 3848 1136 Quo-

604 1174 752 1227 niam
782 1172 949 1244 igitur
1003 1173 1326 1245 hypostases
1367 1176 1590 1245 quidem
1634 1182 1847 1231 sanctm’
1887 1175 2175 1231 Trinitatis
2214 1190 2399 1232 causa:
2433 1174 2573 1229 ratio
2606 1172 2891 1235 discernit,
2946 1170 3092 1226 aliud
3137 1171 3354 1242 quidem
3412 1169 3620 1240 absque
3671 1179 3847 1227 causa,

608 1262 755 1318 aliud
801 1278 931 1319 vero
973 1280 1041 1320 ex
1100 1279 1266 1319 causa
1311 1281 1435 1323 esse
1478 1267 1763 1337 postulans
1805 1283 1818 1319 :
1862 1266 2048 1321 divina
2115 1273 2296 1323 autem
2354 1275 2551 1322 natura
2593 1276 2648 1321 et
2695 1263 3020 1319 variatiouis
3061 1268 3116 1319 et
3160 1260 3449 1317 divisionis
3510 1276 3607 1333 por
3647 1273 3847 1313 omnem

594 1353 1099 1411 considerationem
1152 1370 1352 1425 expers
1402 1371 1526 1413 esse
1572 1357 1998 1427 deprehenditur
2039 1374 2054 1411 :
2097 1356 2305 1412 idcirco
2333 1357 2554 1430 proprie
2621 1371 2728 1411 uua
2790 1354 2988 1419 dcitas,
3033 1360 3088 1409 et
3150 1369 3292 1411 unus
3338 1350 3480 1408 Deus
3522 1358 3701 1419 est,et
3753 1350 3851 1404 alia

611 1448 793 1502 omnia
819 1446 929 1504 Deo
952 1449 1333 1505 convenientia
1373 1449 1593 1506 nomina
1629 1451 1986 1523 singulariter
2018 1451 2344 1509 elleruntur.

622 1680 2967 1727 Ἥ

1454 1937 1685 2026 ΤΟΥ
1754 1940 1902 2026 EN
1972 1934 2337 2031 ΑΓΙΟΙΣ
2408 1870 3031 2029 l‘PHI‘OPIOY

1682 2184 2044 2301 ΠΕΡΙ
2192 2183 2838 2350 ΠΙΣΤΕΩΣ

1887 2447 2087 2500 ΠΡΟΣ
2138 2446 2188 2499 Σ
2198 2443 2635 2499 ΪΜΠΛΙΚῙΟΝ.

1637 2819 1731 2908 S.
1855 2820 1962 2908 P.
2071 2819 2190 2909 N.

2208 2649 2280 2673 αι·-

2323 2814 2903 2914 GREGORII

1920 3053 2121 3167 DE
2216 3053 2616 3169 FIDE

1976 3296 2072 3353 AD
2106 3294 2565 3354 δωριισιωι

2215 3495 2316 3536 SEU

904 3682 1054 3771 DE
1156 3679 1534 3772 PATRE
1605 3677 1758 3768 ET
1822 3672 2157 3767 FILIO
2256 3675 2409 3765 ET
2527 3649 3016 3768 smm'ru
3125 3672 3617 3769 SANCTO.

1872 4043 2143 4097 Laurentio
2183 4040 2349 4096 Silano
2386 4040 2681 4111 interprete.

737 4370 881 4427 Deus
906 4382 1002 4439 per
1026 4365 1351 4436 Propiictam
1376 4365 1623 4438 prmcipit
1649 4379 1718 4422 ne
1745 4363 1917 4421 ullum
1941 4360 2106 4423 deum
2132 4379 2235 4422 no-

2406 4360 2634 4418 Κελεύει
2657 4362 2686 4417 ὀ
2708 4361 2841 4426 Θεδς
2867 4359 2958 4416 διὰ
2987 4358 3082 4416 τοῦ
3111 4359 3398 4434 Προφήτου
3439 4359 3642 4433 μηδένα
3665 4361 3900 4433 πρόσορα

664 4476 792 4516 vum
829 4458 997 4514 Deum
1045 4470 1170 4512 esse
1199 4454 1601 4519 existimemus,
1644 4470 1821 4526 neque
1847 4456 2010 4512 deum
2045 4456 2241 4512 adore-

665 4564 790 4607 mus
817 4548 1050 4603 alienum
1079 4547 1120 4603 ι.
1161 4543 1510 4600 Manifestum
1537 4551 1621 4602 est
1649 4554 1829 4601 autem
1858 4546 2005 4617 quod
2030 4561 2235 4602 novum

667 4642 867 4698 dicitur
899 4639 953 4694 id
985 4638 1129 4709 quod
1164 4651 1195 4690 a
1226 4641 1559 4707 sempiterno
1586 4650 1696 4692 non
1718 4644 1839 4703 est;
1864 4651 1929 4693 ac
1953 4653 2150 4693 rursus
2169 4652 2239 4693 ex

668 4729 967 4795 contrario,
1009 4726 1402 4797 sempiternum
1430 4723 1634 4781 dicitur
1680 4722 1828 4794 quod
1874 4740 2076 4780 novum
2128 4740 2239 4781 non

669 4830 773 4879 est.
826 4820 993 4892 Igitur
1046 4818 1140 4888 qui
1193 4831 1300 4872 non
1359 4831 1424 4876 ex
1490 4816 1824 4887 sempiterno
1887 4816 2241 4888 Unigenitum

672 4913 840 4970 Deum
873 4927 941 4969 ex
969 4909 1133 4965 Patre
1166 4924 1291 4969 esse
1326 4908 1522 4974 credit.
1567 4923 1769 4965 novum
1809 4923 1934 4966 eum
1970 4923 2094 4965 esse
2128 4924 2240 4965 non

672 5012 865 5076 negat;
898 5001 1041 5077 quod
1070 5000 1215 5056 enim
1249 5015 1358 5056 non
1391 5001 1807 5072 sempiternum.
1849 5015 2050 5057 novum
2087 5014 2245 5070 pror-

675 5114 771 5154 sus
800 5103 924 5164 est;
959 5092 1324 5167 quodcunque
1356 5102 1536 5149 autem
1569 5108 1773 5151 novum
1805 5101 1913 5158 est,
1960 5091 2105 5150 Deus
2136 5107 2244 5147 non

674 5192 780 5251 est,
813 5183 1271 5258 quemadmodum
1317 5181 1450 5238 dicit
1488 5181 1768 5253 Scriptura
1803 5200 1816 5239 :
1852 5202 1871 5237 σ
1896 5180 2017 5238 Non
2054 5183 2157 5238 erit
2191 5184 2246 5238 in

678 5284 732 5332 te
758 5274 902 5333 Deus
938 5291 1133 5331 novus.
1169 5275 1190 5305 ¹
1229 5291 1248 5326 ι
1289 5271 1434 5346 Ergo
1458 5274 1550 5345 qui
1582 5274 1735 5338 dicit,
1776 5273 1924 5344 quod
1956 5273 2249 5344 aliquando

681 5364 850 5420 Filius
881 5382 988 5422 non
1039 5375 1179 5435 erat,
1231 5366 1279 5424 is
1326 5376 1491 5439 negat
1528 5366 1648 5437 ejus
1691 5365 1974 5422 deitatem.
2035 5364 2251 5422 Rursus

680 5456 917 5510 alienum
948 5456 1121 5513 Deum
1146 5466 1292 5514 vetat
1318 5458 1566 5522 adorare.
1588 5458 1682 5529 qui
1714 5457 1848 5513 dicit
1873 5477 1889 5514 :
1918 5476 1939 5511 ί
1960 5456 2248 5529 Nunquam

680 5544 935 5603 adorabis
962 5548 1121 5604 deum
1150 5551 1391 5607 alienum
1420 5550 1442 5583 ³
1470 5568 1486 5607 :
1523 5568 1544 5602 ι
1590 5550 1806 5607 alienus
1831 5557 2015 5607 autem
2053 5549 2250 5605 collata

2339 4472 2430 4510 τον
2461 4454 2581 4508 Θεὸν
2606 4453 2739 4508 θεὸν
2768 4447 2907 4506 εἶναι
2953 4451 3225 4523 νομίζειν,
3283 4450 3420 4524 μηδὲ
3455 4455 3786 4522 προσκυνεῖν
3827 4454 3900 4507 ἁ)

2340 4546 2537 4619 λοτρίῳ
2569 4543 2694 4616 θεῷ.
2747 4543 2955 4600 Οὐκοῦν
2990 4543 3147 4615 δῆλον
3179 4545 3349 4610 ἐστιν,
3386 4544 3471 4599 ὅτι
3492 4543 3818 4616 πρόσφατον
3837 4545 3900 4601 λέ

2340 4653 2492 4705 γεται
2510 4634 2540 4688 ὃ
2563 4635 2638 4707 μὴ
2660 4632 2720 4699 ἐξ
2748 4634 2919 4687 ἀϊδίου
2940 4631 3055 4687 ἐστί
3079 4646 3095 4662 ·
3139 4632 3235 4687 καὶ
3263 4635 3329 4687 ἐκ
3360 4632 3457 4687 τοῦ
3480 4634 3729 4688 ἐναντίου
3760 4635 3900 4691 πάλι

2341 4728 2509 4783 ἀΐδιον
2536 4727 2751 4796 λέγεται
2791 4725 2819 4779 ὃ
2861 4724 2936 4798 μὴ
2967 4724 3277 4797 πρόσφατόν
3319 4725 3487 4780 ἐστιν.
3531 4726 3592 4780 '0
3628 4727 3822 4782 τοίνυν
3860 4747 3900 4801 μ

2343 4820 2401 4888 ἐξ
2423 4820 2590 4874 ἀϊδίου
2616 4818 2709 4873 τὸν
2730 4817 3005 4889 Μονογενῆ
3032 4816 3164 4871 Θεδν
3195 4819 3260 4871 ἐκ
3291 4816 3386 4870 τοῦ
3416 4818 3629 4889 Πατρδς
3661 4814 3810 4874 εἶναι
3839 4837 3891 4873 π

2346 4913 2568 4979 στεύων,
2592 4911 2901 4985 πρόσφααὲον
2930 4910 3089 4966 αὑτὸν
3117 4907 3256 4965 εἶναι
3279 4912 3378 4969 οὐκ
3409 4911 3655 4987 ἀρνεῖται
3680 4927 3699 4943 ο
3730 4911 3795 4965 τὸ
3820 4914 3900 4981 τά

2348 5007 2422 5079 μὴ
2445 5005 2631 5067 ἀΐδιον,
2665 5004 2972 5075 πρόσφατον
2994 5001 3210 5066 πάντως
3234 5018 3249 5032 ο
3280 5003 3387 5058 πᾶν
3407 5001 3462 5055 δὲ
3488 5001 3548 5055 τὸ
3581 5002 3900 5075 πρόσφατοι

2345 5098 2477 5162 Θεὸς
2523 5097 2622 5152 οὐκ
2665 5095 2847 5159 ἐστιν,
2890 5093 3071 5158 καθὼς
3105 5089 3257 5149 εἶπεν
3287 5094 3320 5169 ἡ
3345 5092 3577 5166 Γραφὴ,
3628 5094 3717 5148 ὅτι
3770 5112 3791 5146 ο
3823 5096 3900 5151 Ut‘

2348 5189 2499 5243 ἔσται
2529 5188 2587 5243 ἑν
2631 5186 2714 5242 σοὶ¹
2745 5187 2876 5251 Θεὸς
2920 5186 3245 5261 πρόσφατος.
3275 5204 3293 5238 ι
3353 5186 3494 5258 Ἀρα
3520 5187 3548 5240 ὁ
3576 5185 3762 5255 λέγων
3783 5226 3799 5246 .
3864 5188 3900 5241 ὃ

2349 5279 2478 5334 ποτὲ
2506 5279 2608 5333 οὐκ
2638 5275 2725 5351 ἦν,
2759 5272 2912 5342 οὗτος
2934 5277 3173 5349 ἀρνεῖται
3200 5274 3364 5334 αὑτοῦ
3390 5276 3487 5347 τὴν
3513 5274 3777 5345 θεότητα.
3835 5276 3900 5330 Π.

2348 5373 2430 5425 λιν
2456 5370 2731 5444 ἀλλότριον
2755 5369 2887 5424 Θεὸν
2914 5372 3236 5442 προσκυνεῖν
3260 5368 3458 5424 κωλύει
3480 5370 3508 5423 ὁ
3540 5367 3758 5438 λέγων,
3803 5387 3822 5419 ι
3852 5370 3900 5424 Ο

2348 5465 2538 5520 “me
2561 5462 2961 5535 προσκυνήσεις
2982 5461 3089 5534 θεῷ
3109 5460 3373 5533 ἀλλοτρίῳ
3390 5476 3403 5491 ·
3436 5480 3455 5514 ι
3506 5459 3535 5514 ὁ
3565 5458 3623 5513 δὲ
3647 5458 3895 5531 ἁλλότρι

2351 5560 2418 5627 τῇ
2452 5554 2588 5628 πρὸς
2616 5554 2703 5610 τὸν
2732 5555 2865 5609 ἴδιον
2888 5553 3045 5627 ήμῶν
3066 5553 3199 5608 Θεὸν
3221 5553 3591 5625 ἀντιδιαστολῇ
3615 5550 3900 5624 θεωρείτω

788 5813 969 5872 'Psal.
1022 5829 1185 5885 Lxxx,
1220 5814 1299 5872 l0.
1376 5814 1397 5847 ⁸
1436 5812 1609 5874 Exod.
1633 5829 1798 5870 xxxiv
1821 5852 1837 5870 .
1867 5813 1956 5870 η.
2032 5812 2054 5847 ³
2093 5810 2267 5870 Exod.
2299 5827 2365 5868 xx
2389 5851 2406 5879 ,
2438 5810 2491 5868 3.
