4072 6212
686 202 787 267 ita
1313 211 1322 219 ’
1929 207 1983 265 s.
2028 212 2350 271 GREGORII
2386 200 2678 270 N‘issext
3746 174 3753 185 ’
3821 214 3881 275 tt

683 330 884 385 ctionis
928 329 1193 401 largitur;
1237 328 1486 385 ercatura
1536 330 1979 404 subdit‘a(6)cst,
2026 334 2261 405 Spiritus

2369 337 2622 407 μονεύει·
2691 338 2724 407 ἡ
2775 335 2950 399 κτίσις
2987 333 3416 406 παρακαλεῖται,
3481 334 3542 389 τὸ
3605 334 3661 387 δὲ
3702 335 3894 407 Πνεῦμι

686 436 812 476 vero
834 429 1047 492 prtecst,
1072 428 1266 473 natura
1288 420 1723 475 consolationem
1748 430 1802 477 et
1822 422 2258 480 exhortationem

2362 426 2701 498 παρακαλεῖ·
2744 427 2777 496 ἡ
2806 426 2981 488 κτίσις
3017 424 3277 491 δουλεύει,
3299 425 3361 479 τὸ
3384 425 3443 479 δὲ
3467 425 3691 498 Πνεῦμα
3720 427 3890 480 ὲλευθε

684 513 905 581 accipit,
934 511 1173 580 Spiritus
1192 526 1324 567 vero
1347 513 1665 567 consolatur
1695 521 1748 569 et
1774 514 2131 584 exhortatur;
2159 533 2258 571 na—

684 589 805 655 tura
842 600 1030 667 servit,
1061 599 1301 671 Spiritus
1347 616 1476 657 vero
1510 602 1737 671 liberat;
1785 612 1983 659 natura
2041 607 2260 676 sapien-

683 693 815 746 tiam
850 692 1101 757 docetur,
1156 690 1398 763 Spiritus
1435 709 1567 749 vero
1600 695 1885 764 sapientia:
1933 696 2258 754 beneﬁcium

681 783 920 855 largitur
953 802 967 840 :
1002 795 1201 839 natura
1232 784 1624 842 beneﬁciorum
1656 802 1720 843 ac
1748 787 2018 844 donorum
2048 800 2258 860 partem

682 875 853 945 capit,
902 873 1143 946 Spiritus
1174 891 1304 932 vero
1356 878 1423 933 ad
1472 879 1758 935 arbitriUm
1809 895 1969 937 suum
2008 883 2255 954 largitur.

682 968 877 1023 Omnia
922 984 1161 1040 namque
1210 970 1326 1025 hare
1376 982 1633 1041 Operatur
1672 988 1813 1028 unus
1856 984 1908 1029 et
1957 974 2099 1032 idem
2137 973 2260 1044 Spi-
2298 978 2309 985 ‘

681 1059 846 1122 ritus,
878 1059 1211 1116 distribuens
1233 1062 1430 1133 cuique
1453 1062 1768 1134 singulatim
1797 1064 2258 1135 quemadmodum

682 1152 800 1206 Vult
827 1153 894 1206 ".
934 1152 1014 1206 Ac
1069 1163 1324 1208 sexcenta
1369 1154 1474 1207 alia
1507 1152 1917 1225 Scripturarum
1969 1157 2088 1212 loca
2136 1156 2260 1219 licet

682 1243 950 1308 invenire,
993 1243 1197 1314 quibus
1230 1244 1645 1299 demonstratur
1676 1245 1826 1315 quod
1869 1245 2056 1300 omnia
2086 1246 2260 1301 subli-

679 1334 792 1387 mia
824 1332 1107 1405 Deumque
1138 1333 1388 1391 decentia
1429 1335 1675 1401 nomina,
1717 1351 2058 1407 quaecunque
2110 1335 2258 1391 Patri

682 1434 737 1481 et
771 1425 910 1484 Filio
938 1441 968 1480 a
1004 1427 1295 1498 Scriptura
1330 1428 1837 1495 accommodantur,
1873 1443 1938 1483 ea
1966 1429 2111 1483 circa
2144 1428 2262 1497 Spi-

680 1517 847 1571 ritum
885 1530 1103 1588 quoque
1131 1526 1384 1577 sanctum
1416 1517 1843 1583 considerantur
1880 1536 1893 1573 :
1929 1518 2258 1589 incorrupti-

680 1608 870 1664 bilitas
910 1612 976 1663 ‘et
1026 1608 1340 1680 integritas,
1387 1609 1689 1677 beatitudo,
1748 1611 1976 1677 bonum,
2015 1612 2257 1682 sapiens,

2366 522 2448 591 ροί
2468 537 2480 550 ’
2506 520 2539 590 ἠ
2569 519 2746 581 κτίσις
2772 517 3067 587 σοφίζεται,
3099 518 3159 570 τὸ
3186 517 3243 571 δὲ
3267 516 3484 589 πνεῦμα
3501 517 3599 590 τὴν
3621 519 3717 590 τῆς
3738 519 3888 588 σοφία

2359 611 2541 665 δίδωσι
2574 611 2733 682 χάριν
2759 628 2771 642 ο
2813 613 2846 683 ἡ
2880 610 3057 675 κτίσις
3093 610 3497 682 μεταλαμϐάνει
3534 610 3644 665 τῶν
3658 612 3894 683 οχαρισμά

2359 703 2552 766 των,τὸ
2566 702 2624 757 δὲ
2646 701 2869 773 Πνεῦμα
2890 702 3245 767 κατεξουσίαν
3262 701 3568 774 χαρίζεται.
3596 704 3800 758 (Πάντα
3815 704 3894 774 γὰι

2360 793 2532 848 ταῦτα
2557 796 2769 866 ἐνεργεῖ
2794 794 2853 848 τὸ
2868 794 2925 848 ἓν
2946 796 3041 849 καὶ
3068 795 3127 849 τὸ
3146 794 3276 848 αὐτὸ
3302 794 3795 870 Πνεῦμα,’διαιροῦν
3821 797 3894 851 ίδίι

2361 885 2577 957 ἐκάστῳ
2603 885 2782 951 καθὼς
2814 886 3094 957 βούλεται·
3129 905 3147 938 ι
3177 886 3268 941 καὶ
3322 887 3517 958 μυρίας
3549 887 3708 952 ἄλλας
3736 888 3795 940 ἐκ
3816 887 3889 941 τῶ

2361 980 2591 1051 Γραφῶν
2625 981 2772 1035 ἔστιν
2806 979 3104 1044 ἀποδείξεις
3125 980 3325 1051 εὑρεῖν,
3348 980 3429 1033 ὅτι
3458 980 3632 1038 πάντα
3660 980 3725 1035 τὰ
3751 980 3893 1053 ὑψηλι

2360 1072 2452 1125 καὶ
2496 1070 2772 1143 θεοπρεπῆ
2803 1071 3064 1142 ὀνόματα,
3112 1071 3212 1124 ὃσα
3253 1069 3331 1142 τῷ
3358 1072 3536 1143 Πατρὶ
3574 1072 3666 1125 καὶ
3707 1071 3780 1143 τῷ
3811 1072 3894 1126 Υίέ

2361 1163 2511 1234 παρά
2535 1162 2635 1233 τῆς
2671 1160 2891 1234 Γραφῆς
2924 1162 3314 1233 ὲφαρμόζεται,
3357 1161 3532 1217 ταῦτα
3567 1164 3660 1217 καὶ
3697 1165 3816 1236 περὶ
3861 1182 3891 1217 τ

2362 1256 2515 1324 ἅγιον
2540 1255 2822 1328 θεωρεῖται
2852 1254 3076 1325 Πνεῦμα
3100 1271 3113 1284 ⁸
3149 1255 3182 1325 ἠ
3218 1252 3473 1327 ἀφθορία,
3508 1257 3542 1327 ἡ
3577 1256 3894 1329 μακαριότης

2360 1346 2420 1401 τὸ
2440 1345 2663 1415 ἀγαθὸν,
2702 1345 2762 1399 τὸ
2790 1344 2972 1416 σοφὸν,
3010 1344 3071 1398 τὸ
3098 1343 3339 1410 δυνατὸν,
3374 1344 3434 1417 τὸ
3466 1343 3686 1413 δίκαιον,
3719 1347 3893 1417 ἡάγιό

2360 1455 2457 1508 της
2483 1456 2498 1471 ·
2544 1439 2652 1492 πᾶν
2683 1438 2863 1508 τίμιον
2891 1436 3063 1507 ὄνομα
3092 1435 3266 1500 οὕτως
3293 1415 3509 1505 λέγεται
3544 1437 3638 1491 ἐπὶ
3656 1415 3747 1490 τοῦ
3772 1437 3891 1506 ἀγίο

2362 1529 2699 1599 Πνεύματος,
2731 1527 2806 1592 ὡς
2836 1527 2931 1581 καὶ
2959 1526 3053 1580 ἐπὶ
3085 1525 3179 1579 τοῦ
3207 1526 3419 1598 Πατρὸς
3458 1527 3553 1581 καὶ
3579 1527 3669 1580 ἐπὶ
3690 1527 3779 1581 τοῦ
3796 1528 3894 1583 Υίο

2361 1620 2596 1689 λέγεται,
2635 1619 2772 1690 πλὴν
2802 1618 3004 1672 τούτων
3044 1618 3110 1672 δι’
3138 1610 3213 1672 ὧν
3267 1619 3323 1671 αί
3361 1618 3686 1684 ὑποστάσεις
3720 1624 3894 1691 τρανῶ

678 1708 898 1769 potens,
935 1700 1168 1770 justum,
1200 1700 1483 1765 sanctitas,
1508 1717 1676 1757 omne
1698 1701 1933 1772 denique
1960 1703 2258 1773 pretiosum

2364 1728 2422 1764 τε
2455 1710 2547 1764 καὶ
2576 1708 2898 1779 ἀσυγχύτως
2930 1708 3027 1761 ἀπ’
3047 1708 3290 1778 ἀλλήλων
3315 1706 3741 1781 διαχωρίζονται.
3773 1709 3894 1777 Λέγι

676 1801 737 1846 et
774 1792 1096 1849 lionorabile
1128 1808 1326 1849 nomen
1358 1803 1465 1848 tam
1504 1793 1572 1850 de
1612 1794 1815 1865 Spiritu
1845 1802 2063 1860 sancto,
2093 1811 2257 1866 quam

682 1885 749 1939 de
799 1884 959 1941 Patre
1008 1893 1064 1941 et
1110 1884 1249 1940 Filio
1284 1886 1506 1951 dicitur,
1569 1889 1809 1956 exceptis
1851 1886 1940 1952 iis,
1993 1902 2091 1957 per
2140 1898 2260 1957 quae

685 1983 1003 2053 hypostases
1044 1980 1351 2052 perspicue,
1399 1981 1546 2037 clare
1581 1989 1637 2035 et
1685 1982 1893 2052 absque
1938 1981 2259 2038 confusione

682 2079 752 2133 ab
797 2078 1030 2134 invicem
1078 2086 1427 2147 separantur.
1471 2076 1600 2132 Dico
1646 2087 1829 2133 autem
1884 2067 2028 2149 quod
2083 2094 2261 2149 neque

2364 1802 2420 1855 δὲ
2444 1801 2524 1854 ὅτι
2551 1800 2673 1855 οὔτε
2703 1800 2891 1872 Πατὴρ
2926 1799 3142 1869 λέγεται
3178 1800 3238 1853 τὸ
3262 1798 3487 1870 Πνεῦμα
3510 1799 3579 1853 τὸ
3611 1800 3779 1869 ἅγιον,
3805 1799 3894 1853 061

2365 1894 2495 1957 Υἱός
2521 1912 2534 1925 ο
2562 1888 2630 1948 τὰ
2653 1892 2709 1947 δὲ
2736 1892 2868 1948 ἀλλα
2882 1893 2981 1945 ὅσα
3006 1894 3034 1945 6
3057 1891 3247 1963 Πατὴρ
3272 1892 3367 1946 καὶ
3391 1892 3420 1945 6
3443 1891 3568 1956 Υἱὸς
3586 1891 3883 1963 ὀνομάζετα

2366 1987 2538 2070 ταῦτα
2561 1988 2655 2041 καὶ
2682 1986 2760 2057 τῷ
2789 1987 2928 2057 ἁγίῳ
2955 1985 3233 2057 Πγεύματι
3274 1986 3426 2058 παρά
3453 1985 3551 2057 τῆς
3577 1986 3795 2059 Γμφῆς
3841 1986 3894 2053 ἐς

2350 2072 2683 2151 ἀρμόζεται.

684 2170 870 2235 Pater,
911 2184 1088 2239 neque
1119 2167 1292 2222 Filius
1330 2167 1534 2221 dicitur
1579 2167 1821 2237 Spiritus
1866 2177 2129 2235 sanctus;
2166 2177 2361 2223 ctetera
2416 2183 2546 2223 vero
2578 2168 2999 2238 quibusrunque
3066 2166 3384 2222 nominibus
3447 2163 3612 2221 Pater
3647 2174 3700 2221 et
3758 2162 3894 2219 Filiu

684 2263 1054 2333 appellantur,
1086 2276 1148 2317 ea
1183 2259 1409 2331 Spiritui
1441 2275 1660 2331 quoque
1692 2269 1884 2317 sancto
1916 2276 1945 2315 a
1976 2263 2260 2333 Scriptura
2300 2263 2648 2333 adaptantur.

754 2417 858 2473 Per
903 2419 1007 2473 hoc
1065 2418 1230 2488 igitur
1276 2416 1772 2488 deprehendimus,
1823 2417 1967 2487 quod
2020 2416 2259 2487 Spiritus

677 2523 909 2570 sanctus
937 2520 1019 2569 est
1051 2527 1220 2583 super
1260 2518 1515 2566 naturam
1544 2529 1558 2566 :
1594 2511 1855 2580 quocirca
1896 2510 1985 2564 ubi
2018 2509 2179 2564 Pater
2200 2516 2260 2564 ct

685 2606 775 2660 ubi
806 2603 979 2661 Filius
1016 2602 1356 2674 intelligitur,
1395 2601 1467 2656 ibi
1504 2599 1743 2670 Spiritus
1783 2614 2000 2670 quoque
2034 2606 2251 2654 sanctus

685 2695 1007 2766 intelligitur
1058 2712 1072 2748 :
1123 2707 1250 2748 nam
1291 2706 1459 2762 super
1506 2698 1762 2746 naturam
1798 2687 1958 2743 Pater
1996 2695 2051 2742 et
2087 2686 2259 2741 Filius

682 2798 791 2849 est.
822 2786 969 2857 quod
1016 2784 1248 2856 Spiritui
1291 2797 1511 2853 quoque
1543 2780 1937 2851 consequentia
1986 2779 2259 2834 sermonis

682 2886 994 2934 attestatur.
1026 2875 1129 2942 Qui
1159 2875 1323 2941 igitur
1346 2888 1513 2943 supra
1542 2882 1794 2927 naturam
1829 2869 2093 2942 Spiritum
2124 2886 2254 2925 san-

2431 2416 2529 2470 διά
2577 2415 2736 2469 τοῦτο
2772 2410 2866 2469 οῦν
2899 2414 3390 2487 καταλαμϐάνομεν
3410 2417 3492 2471 ὅτι
3530 2416 3644 2471 ἀνω
3679 2417 3777 2486 τῆς
3814 2412 3881 2470 it:

2364 2509 2500 2574 σεώς
2537 2508 2747 2573 ὲστιθτὸ
2781 2509 3006 2580 Πνεῦμα
3034 2509 3096 2563 τὸ
3134 2508 3309 2578 ἅγιον·
3349 2509 3546 2564 οὐκοῦν
3588 2511 3718 2564 ὅπου
3748 2512 3894 2564 Πατῦ

2365 2600 2457 2654 καὶ
2494 2600 2627 2652 ὅπου
2653 2599 2780 2663 Υίὸς
2816 2602 3036 2664 νοεῖται,
3062 2602 3179 2653 ἐκεῖ
3200 2602 3400 2655 νοεῖται
3423 2601 3515 2654 καὶ
3540 2600 3601 2654 τὸ
3631 2601 3849 2672 Πνεῦμα
3879 2620 3894 2636 ι

2366 2689 2515 2759 ἅγιον
2531 2708 2545 2721 ·
2568 2691 2678 2745 ἀνω
2698 2690 2806 2760 γὰρ
2822 2691 2919 2762 τῆς
2935 2691 3165 2758 κτίσεως
3180 2694 3208 2745 6
3228 2693 3417 2764 Πατὴρ
3430 2694 3670 2759 καὶΥἱὸς,
3685 2695 3819 2765 ὅπερ
3842 2713 3893 2748 κε

2361 2780 2440 2852 τῷ
2468 2781 2605 2851 ἁγίῳ
2627 2782 2905 2853 Πνεύματι
2937 2785 2969 2853 ἡ
2999 2782 3289 2837 ἀκολουθία
3317 2783 3412 2838 τοῦ
3442 2784 3597 2853 λόγου
3630 2800 3884 2855 προσεμα

2362 2873 2619 2944 τύρησεν.
2651 2874 2709 2926 Ὀ
2736 2874 2913 2927 τοίνυν
2935 2873 3246 2947 ὑπερτιθεὶς
3266 2875 3365 2946 τῆς
3390 2876 3618 2940 κτίσεως
3641 2875 3699 2929 τὸ
3719 2877 3894 2948 Πνεῦι.

648 2977 831 3041 _etuin
868 2967 1041 3037 ponit,
1069 2971 1475 3038 consequenter
1505 2972 1559 3019 et
1586 2970 1799 3019 rectum
1833 2970 1887 3018 et
1928 2977 2124 3017 sanum
2165 2976 2256 3016 ac-

2365 2965 2424 3019 τὸ
2455 2965 2630 3034 ἅγιον,
2652 2966 2958 3033 ἀκολούθως
2980 2968 3069 3023 τὸν
3094 2969 3251 3041 ὀρθόν
3270 2987 3330 3023 τε
3351 2971 3445 3024 καὶ
3471 2971 3599 3041 ὑγιῆ
3614 2970 3893 3042 παρεδέξαπ

683 3059 827 3129 cepit
849 3072 1160 3113 sermonem
1190 3066 1244 3111 et
1274 3056 1610 3128 opinionem.
1644 3054 1820 3110 Unam
1850 3054 1996 3111 enim
2028 3055 2259 3111 conﬁte-

683 3152 832 3205 bitur
867 3156 1117 3203 naturam
1159 3162 1270 3203 non
1321 3154 1590 3213 creatam,
1648 3159 1769 3217 quae
1811 3147 1960 3203 etin
1995 3146 2154 3202 Patre
2205 3155 2260 3202 et

681 3240 822 3297 Filio
846 3251 898 3297 et
928 3241 1137 3313 Spiritu
1177 3248 1371 3297 sancto
1405 3240 1812 3296 consideratur.
1854 3238 2124 3306 Quoniam
2170 3255 2260 3293 au-

681 3347 790 3393 tem
821 3337 888 3391 ad
918 3333 1432 3399 demonstrandum,
1470 3342 1532 3388 ut
1575 3342 1792 3404 putant,
1837 3332 1982 3403 quod
2021 3331 2259 3402 Spiritus

684 3428 910 3484 sanctus
943 3437 1162 3482 creatus
1196 3427 1291 3491 sit,
1328 3425 1609 3496 propheta:
1641 3439 1830 3479 vocem
1878 3423 2037 3478 nobis
2086 3423 2262 3493 profe-

684 3528 834 3585 runt,
884 3523 1008 3588 quae
1057 3518 1133 3571 ita
1170 3516 1335 3571 habet
1369 3534 1382 3570 :
1419 3533 1438 3566 ι
1471 3514 1575 3581 Qui
1618 3514 1801 3569 ﬁrmat
1841 3515 2172 3578 tonitruum,
2206 3524 2262 3570 et

684 3592 833 3667 creat
886 3609 1165 3679 spiritum,
1208 3616 1271 3662 'et
1312 3606 1604 3661 annuntiat
1653 3607 1706 3659 in
1758 3605 2073 3660 hominibus
2111 3604 2263 3659 Chri-

684 3712 826 3755 stum
850 3713 1012 3754 suum
1041 3698 1084 3730 "
1111 3715 1124 3751 ι
1152 3716 1171 3751 ι
1194 3698 1296 3753 hoc
1322 3697 1576 3752 convenit
1599 3696 1903 3768 intelligere
1924 3696 2070 3767 quod
2092 3697 2259 3752 alium

685 3793 939 3863 spiritum
988 3790 1043 3845 in
1100 3788 1439 3845 ﬁrmitudine
1486 3789 1716 3843 tonitrui
1772 3788 2037 3859 propheta
2083 3788 2258 3844 creari

682 3885 839 3948 dicit,
880 3896 934 3938 ct
970 3898 1083 3938 non
1116 3881 1381 3952 Spiritum
1418 3887 1670 3937 sanctum
1708 3900 1721 3935 :
1766 3881 2068 3938 tonitruum
2115 3881 2259 3936 enim

672 3976 950 4047 'tnysticus
992 3989 1175 4031 sermo
1213 3972 1564 4044 Evangelium
1599 3973 1867 4027 nominat.
1905 3971 2119 4038 Quibus
2160 3972 2263 4044 igi-

684 4079 770 4123 tur
805 4066 958 4123 ﬁrma
990 4082 1055 4123 ac
1086 4067 1303 4123 stabilis
1338 4065 1407 4123 de
1453 4065 1746 4137 Evangelio
1782 4065 1839 4119 ﬁt
1870 4052 2026 4130 ﬁdes,
2071 4065 2125 4120 hi
2166 4081 2264 4137 per

687 4159 852 4214 ﬁdem
885 4164 1172 4213 transeunt
1194 4156 1263 4212 ab
1291 4171 1356 4212 eo
1385 4156 1532 4227 quod
1563 4171 1760 4211 carnes
1784 4163 1935 4219 sunt,
1967 4155 2033 4210 ad
2075 4156 2178 4226 hoc
2204 4166 2263 4210 ut

683 4253 909 4322 spiritus
992 4249 1145 4314 ﬁant,
1214 4249 1673 4321 quemadmodum
1746 4248 1881 4303 dicit
1960 4246 2258 4303 Dominus:

2362 3057 2538 3126 λόγον.
2569 3058 2713 3113 Μίαν
2740 3058 2848 3131 γὰρ
2877 3060 3198 3133 ὁμολογήσει
3228 3061 3326 3133 τὴν
3347 3062 3600 3117 ἄκτιστον
3632 3062 3815 3132 φύσιν,
3838 3063 3894 3115 τέ

2361 3147 2419 3199 έν
2450 3147 2626 3219 Πατρῖ
2666 3147 2758 3202 καὶ
2785 3147 2899 3219 ru;
2935 3151 3027 3204 ml.
3052 3149 3331 3222 Πνεύματι
3361 3153 3501 3224 ἁγίῳ
3538 3153 3892 3224 θεωρουμένη

2372 3236 2526 3291 Ἐπεὶ⁵
2557 3238 2613 3291 δὲ
2642 3241 2721 3303 είς
2749 3240 3042 3306 ἀπόδειξιν,
3062 3242 3137 3306 ὠς
3161 3242 3384 3307 οἴονται,
3415 3243 3511 3297 τοῦ
3547 3245 3761 3299 κτιστὸν
3801 3240 3892 3298 εἴν

2360 3328 2421 3381 τὸ
2455 3327 2678 3400 Πνεῦμα
2713 3327 2774 3384 τὸ
2801 3330 2975 3399 ἅγιον,
3004 3331 3103 3402 τὴν
3143 3330 3237 3385 τοῦ
3268 3334 3547 3404 προφήτου
3598 3334 3780 3405 φωνὴν
3805 3336 3892 3404 ἡμ

2362 3421 2694 3493 προφέρουσι
2724 3422 2821 3491 τὴν
2849 3422 3141 3491 λέγουσαψ
3181 3444 3200 3476 t
3224 3423 3282 3479 Ὀ
3317 3424 3554 3496 στερεῶν
3590 3424 3816 3497 βροντὴν
3841 3444 3891 3479 κ

2362 3508 2559 3573 κτίζων
2589 3510 2828 3581 πνεῦμα,
2862 3512 2956 3564 καί⁵
2995 3512 3353 3582 ἀπαγγέλλων
3380 3514 3464 3578 είς
3500 3513 3823 3584 ἀνθρώπους
3849 3532 3892 3567 τ

2363 3600 2597 3671 Χριστὸν
2637 3603 2823 3667 αὑτοῦ,
2858 3621 2877 3655 ι
2930 3602 3091 3658 τοῦτο
3122 3605 3413 3676 τοπροσήκει
3441 3605 3653 3676 νοῆσαι,
3687 3608 3770 3660 ὅτι
3816 3607 3892 3660 ἀλ

2363 3695 2640 3759 κτίζεσθαι
2661 3696 2875 3767 πνεῦμα
2895 3698 2952 3750 ὲν
2971 3699 3037 3768 τῇ
3060 3696 3483 3769 στερεότητιτῆς
3503 3697 3754 3767 βροντῆς,
3770 3700 3799 3751 6
3824 3716 3892 3769 ττι

2364 3790 2541 3859 φήτης
2588 3788 2753 3857 λέγει,
2798 3788 2892 3841 καὶ
2932 3789 3053 3859 οὐχὶ
3092 3788 3152 3842 τὸ
3192 3787 3348 3857 ἅγιον
3387 3784 3610 3858 Πνεῦμα
3634 3804 3648 3819 ·
3714 3790 3891 3859 βροντ

2365 3882 2474 3953 γὰρ
2509 3881 2538 3933 6
2574 3881 2832 3951 μυστικὸς
2862 3879 3020 3949 λόγος
3062 3880 3122 3933 τὸ
3152 3880 3480 3949 Εὐαγγέλιον
3510 3879 3791 3949 ὀνομάζει.
3860 3882 3885 3901 ⁹

2364 3968 2445 4036 οἷς
2473 3968 2565 4027 οὖν
2592 3973 2801 4041 γίνεται
2824 3971 3016 4043 βεϐαία
3042 3973 3138 4026 καὶ
3166 3971 3498 4043 ἀμετάθετος
3523 3972 3657 4043 ἠείς
3677 3970 3740 4024 τὸ
3765 3971 3892 4023 Εὐα

2365 4065 2543 4135 γέλιον
2574 4065 2781 4131 πίστις,
2822 4059 2966 4119 οὗτοι
2997 4063 3085 4117 διά
3112 4064 3211 4133 τῆς
3243 4065 3482 4127 πίστεως
3528 4062 3892 4134 μεταϐαίνους

2366 4157 2475 4211 ἀπὸ
2507 4156 2601 4210 τοῦ
2645 4153 2780 4210 εἶναι
2825 4156 3046 4228 σάρκες,
3077 4156 3157 4219 είς
3200 4155 3262 4208 τὸ
3294 4154 3539 4224 γίνεσθαι
3571 4149 3819 4226 πνεῦμα,
3856 4173 3892 4208 >

2368 4249 2476 4313 θὼς
2522 4249 2669 4318 λέγει
2707 4251 2735 4303 6
2779 4246 3009 4320 Κύριος,
3057 4269 3075 4302 ι
3109 4248 3270 4302 ὅτιτὸ
3310 4247 3708 4320 γεγεννημένον
3748 4247 3817 4300 ὲκ
3858 4267 3892 4303 ’τ

688 4360 704 4394 ι
735 4343 889 4409 Quod
909 4349 1095 4398 natum
1114 4351 1199 4398 est
1218 4357 1281 4397 ex
1307 4356 1494 4405 carne,
1519 4356 1650 4395 caro
1677 4349 1781 4405 est,
1814 4350 1867 4396 ct
1897 4340 2042 4411 quod
2073 4348 2259 4394 natum

2370 4341 2571 4413 σαρκὸς
2595 4314 2735 4412 σάρξ
2755 4314 2903 4394 ἐστιν’
2935 4314 3107 4394 καὶτὸ
3133 4314 3622 4411 γεγεννημένον-ὲκ
3648 4335 3747 4391 τοῦ
3783 4337 3877 4391 Πν

681 4442 766 4488 est
798 4448 865 4488 ex
904 4433 1134 4505 Spiritu,
1156 4432 1384 4503 spiritus
1413 4440 1496 4489 est
1528 4433 1593 4486 “.
1620 4453 1637 4485 ι
1681 4432 1824 4489 Deus
1853 4435 2018 4505 igitur
2052 4441 2134 4488 est
2166 4434 2261 4503 qui

750 4699 828 4769 (ϐ)
854 4698 1066 4754 Natura
1118 4698 1351 4753 subdita.
1405 4696 1597 4762 Κτίσις
1631 4697 1829 4769 legitur
1881 4698 1935 4753 in
1969 4698 2055 4769 his
2117 4698 2254 4757 locis

678 4768 885 4834 Greece,
919 4779 973 4825 et
999 4770 1054 4825 in
1088 4785 1294 4825 excuso
1315 4777 1369 4824 et
1397 4770 1587 4837 iutns.
1617 4768 1802 4834 Caut.,
1830 4785 1939 4824 non
1967 4768 2257 4837 etim;,ubi

678 4853 732 4905 et
784 4842 1055 4911 interpres
1090 4838 1403 4912 Euthymii,
1443 4836 1540 4912 Res
1602 4849 1904 4909 procreatas
1964 4836 2109 4905 duci,
2176 4855 2256 4894 res

679 4922 886 4967 creatas
918 4910 1332 4965 Consolatione":
1360 4910 1613 4978 accipere,
1645 4926 1726 4964 res
1771 4924 1976 4965 creatas
2013 4927 2125 4965 esse
2147 4927 2258 4965 ser-

680 4999 802 5047 vas;
847 4982 1148 5051 eodemque
1208 4983 1396 5052 tnodo__
1423 4986 1585 5050 paulo
1611 4990 1735 5051 post
1766 4998 1780 5035 :
1812 4983 1957 5034 Ἀνω
1997 4982 2097 5052 τῆς
2139 4979 2255 5034 κτί-

680 5069 838 5117 σεως,
870 5068 1031 5121 supra
1058 5049 1332 5122 naturam,
1358 5049 1633 5122 Euthymii
1667 5054 1960 5121 interpres,
1991 5049 2251 5122 Spiritum

679 5120 943 5177 sanctum
988 5121 1142 5176 rebus
1206 5123 1398 5177 creatis
1454 5120 1566 5176 esse
1618 5120 2060 5190 pra'starttiarem.
2131 5120 2265 5176 Mox‘

677 5195 842 5246 ctiam
898 5194 1102 5248 citatur
1147 5194 1301 5248 locus
1344 5194 1511 5248 Amos
1583 5193 1858 5262 prophetae
1911 5207 1986 5254 tv,
2048 5192 2137 5254 l3,
2197 5193 2254 5244 '0

664 5262 915 5337 ’στερεῶν
950 5263 1201 5337 βροντήν.
1239 5263 1523 5337 Quiﬁrmo
1556 5263 1879 5337 tonitruum,
1908 5272 1958 5337 et
1984 5278 2103 5337 creo
2134 5262 2255 5331 Spi-

680 5332 864 5403 ritum,
895 5332 1148 5402 quodque
1193 5336 1296 5390 sub
1348 5334 1505 5387 liuent
1555 5334 1678 5387 libri
1718 5333 2077 5403 εὐαγγελικὴν
2143 5350 2255 5401 φω-

680 5401 799 5473 νήν,
823 5401 990 5456 vertit
1040 5401 1285 5469 Sifauus,
1324 5404 1698 5472 Evangelii-um
1746 5401 2055 5467 tonitruum,
2112 5403 2254 5473 apud

2373 4449 2540 4502 ματος
2560 4430 2775 4503 πνεῦμά
2797 4433 2929 4486 ἐστι.
2953 4450 2971 4484 ι
3006 4429 3137 4496 Θεὸς
3169 4425 3264 4484 οὗν
3289 4432 3319 4484 6
3342 4428 3430 4483 διά
3455 4427 3548 4482 τοῦ
3577 4443 3892 4499 στερεοποε

2365 4697 2715 4769 Euthymium
2776 4696 2856 4769 sic
2886 4694 3118 4769 elicrtur
3139 4696 3345 4769 aptius,
3382 4696 3889 4769 vocentepqngelic-

2354 4765 2688 4823 credentibus
2712 4768 3051 4838 conﬁrmans.
3088 4765 3260 4820 Solvit
3306 4768 3550 4829 eamdem
3576 4765 3890 4838 obiectio"

2357 4854 2424 4893 ex
2449 4838 2730 4908 Propheta
2764 4835 2883 4892 loco
2913 4837 3256 4908 desumptam
3298 4837 3563 4908 adversus
3594 4835 3865 4908 Spiritus

2360 4907 2639 4964 vinitatem
2691 4908 3027 4963 Athanasius
3073 4907 3135 4976 in
3166 4907 3329 4976 epist.
3368 4907 3436 4961 ad
3470 4907 3855 4976 Serapionem

2354 4979 2681 5035 Ambrosius
2736 4980 2829 5033 lib.
2874 4993 2945 5040 ll,
2997 4977 3064 5031 de
3113 4974 3322 5046 Spiritu
3395 4974 3630 5046 Sancto,
3674 4990 3838 5046 εον.

2354 5053 2445 5120 qui
2490 5050 2617 5120 legit
2654 5056 2748 5120 au_t
2777 5043 3447 5120 eli'ertbuucjersumtu
3471 5044 3651 5120 est_in_
3673 5043 3890 5101 Vatic:

2353 5114 2484 5176 euit.
2511 5114 2567 5174 εἰ
2598 5120 2654 5174 in
2695 5117 3039 5187 Germanicis
3094 5117 3311 5187 Dibliis,
3376 5116 3506 5169 Ἰδοὺ
3561 5114 3678 5184 ἐγὼ
3710 5131 3890 5187 nep:

2358 5189 2607 5262 βροντὴν,
2632 5189 2727 5243 καὶ
2760 5186 2958 5252 κτίζων
2973 5186 3224 5262 πνεῦμα.
3255 5186 3388 5241 Ecce
3413 5202 3507 5262 ego
3539 5187 3780 5262 ﬁrmans
3823 5186 3890 5241 ι(

2358 5255 2556 5325 tritum,
2587 5269 2638 5313 et
2690 5274 2876 5312 creans
2911 5255 3323 5327 spiritum,_non
3351 5266 3411 5311 ut
3442 5255 3496 5311 in
3538 5255 3889 5327 Complutes

2353 5340 2407 5387 et
2428 5323 2780 5394 Plautinian.,
2793 5327 2925 5382 διότι
2940 5323 3148 5399 Κύριος
3166 5323 3218 5381 εί
3241 5327 3497 5399 στερεῶν.
3516 5326 3661 5395 Quid
3682 5323 3834 5380 Dom
3847 5330 3877 5381 ἕ

2353 5418 2407 5455 es
2430 5401 2652 5468 ﬁrmans
2680 5401 2993 5455 tonitruum.
3026 5401 3100 5453 lo.

757 5676 799 5707 ί·
838 5671 861 5728 ι
897 5673 1021 5729 (lor.
1059 5690 1155 5744 xu,
1193 5674 1275 5731 ti.
1324 5748 1329 5753 _
1365 5676 1406 5710 ¹³
1434 5677 1600 5733 Amos
1640 5693 1711 5746 tv,
1750 5648 1836 5731 l5.
1916 5679 1957 5710 “
1996 5676 2153 5733 Joan.
2194 5691 2277 5747 tu,
2315 5676 2369 5733 θ.
