4072 6212
756 409 854 462 147

1968 411 2023 467 S.
2067 415 2395 474 GREGORII
2452 415 2750 485 ΝΥΒδΕΝΙ⁵

757 535 910 584 ctute
936 524 1197 593 suscepit,
1234 523 1280 578 si
1304 531 1485 577 tamen
1504 522 1555 578 id
1585 523 1823 580 hominis
1858 526 2026 583 luisse
2044 530 2333 586 consilium
2364 588 2365 594 η

2283 546 2333 585 m
2364 540 2407 596 Α
2436 549 2534 602 την
2581 530 2936 600 λογίσασθαι,
2970 534 3066 585 καὶ
3097 532 3172 603 μὴ
3221 532 3373 586 θείαν
3405 531 3525 587 τινά
3555 532 3847 607 συμμαχίαν
3887 558 3888 561 η

756 617 1091 676 censendum
1127 602 1233 683 est,
1260 634 1324 672 ac
1348 633 1454 672 non
1487 616 1727 685 divinum
1763 620 2034 689 quoddam
2067 624 2365 683 auxilium_

755 715 901 784 ejus,
937 712 1031 783 qui
1075 713 1372 767 humanum
1416 725 1590 781 genus
1628 720 1829 766 nostra:
1875 713 2127 768 utilitatis
2163 730 2330 769 causa

755 805 1045 877 gubernat.
1085 803 1220 858 Cum
1245 819 1374 874 ergo
1429 801 1805 873 magnitudine
1862 804 1940 861 rei
1990 814 2102 858 tum
2141 805 2331 861 obstu-

754 897 1020 968 puisscm,
1047 894 1140 977 qui
1194 902 1378 959 tantus
1407 893 1497 949 ille
1527 894 1628 958 vir,
1670 909 1862 965 magna
1902 896 2055 965 prius
2086 896 2330 957 imbutus

752 987 1011 1058 perﬁdia,
1045 986 1368 1041 exceilentia
1421 984 1545 1040 lidci
1611 985 1833 1041 modum
1872 987 2114 1056 perﬁdiae
2167 1003 2329 1058 supc-

753 1087 952 1150 rasset,
996 1091 1159 1149 atque
1190 1078 1242 1133 in
1278 1094 1572 1149 progressu
1597 1080 1854 1149 colloquii
1889 1080 2063 1135 nostri
2094 1081 2162 1136 de
2215 1082 2328 1137 t‘ato

754 1174 1039 1238 incidisset
1081 1186 1296 1226 sermo:
1354 1172 1662 1241 praecepisti
1706 1172 1874 1236 mihi,
1913 1174 2221 1228 venerabile
2272 1182 2328 1228 et

754 1279 971 1321 sacrant
1012 1271 1199 1332 caput,
1240 1261 1751 1333 utdisputationem
1776 1263 1843 1330 de
1881 1265 1984 1327 hoc
2004 1274 2326 1335 arguiriento

753 1361 808 1411 iu
839 1371 1032 1426 magna
1078 1356 1428 1411 Constantini
1466 1356 1598 1411 urbe
1635 1371 1758 1411 cmn
1805 1356 2043 1425 quodam
2080 1355 2325 1426 philoso-

753 1449 860 1519 pho
879 1447 1118 1516 habitam
1156 1448 1253 1501 tibi
1286 1463 1379 1518 per
1401 1447 1607 1513 litteras
1624 1447 1976 1517 explicarem.
2018 1447 2173 1512 Quod
2203 1462 2325 1517 pau-

753 1543 862 1594 lum
899 1540 993 1596 otii
1036 1539 1487 1613 nactus,paucis,
1515 1539 1763 1599 oratione
1795 1548 2060 1608 quantum
2096 1537 2207 1603 [teri
2238 1553 2327 1611 po-

686 1632 689 1643 '
753 1640 861 1687 test
898 1639 1203 1692 contracta.
1234 1630 1468 1701 simplici
1507 1630 1838 1700 minimeque
1867 1630 2147 1695 elaborata
2191 1646 2321 1685 nar-

752 1723 965 1778 ratione
992 1720 1214 1789 faciam,
1250 1722 1412 1792 idque
1448 1722 1527 1777 vel
1554 1721 1787 1777 maxime
1812 1722 2051 1789 cavebo,
2087 1737 2154 1775 ne
2203 1724 2322 1792 epi-

748 1814 900 1879 stolae
926 1814 1145 1868 modum
1189 1813 1438 1878 excedat,
1474 1823 1635 1884 atque
1673 1813 1738 1867 ad
1764 1813 2004 1869 historiae
2027 1814 2319 1885 longitudi-

748 1920 872 1958 nem
911 1904 1293 1973 protendatur.

822 1994 993 2050 Verba
1028 1996 1127 2050 ieci
1162 1995 1419 2050 nonnulla
1456 1992 1523 2050 de
1554 2002 1739 2048 nostra
1773 1995 2032 2065 religione
2063 1995 2184 2059 viro
2208 1995 2327 2056 cui:

638 2140 653 2151 κ
745 2089 869 2141 dam
910 2095 1149 2141 externae
1184 2085 1571 2155 philosophiae,
1618 2095 1676 2139 ut
1708 2102 1773 2141 ex
1803 2087 1961 2141 dictis
1993 2087 2112 2158 ejus
2150 2089 2326 2158 conjie

744 2191 869 2229 cere
901 2176 1112 2239 licebat,
1156 2174 1298 2228 haud
1338 2174 1576 2239 indocto,
1609 2176 1767 2245 eique
1800 2176 2128 2246 persuadere
2153 2192 2322 2233 cona-

745 2268 864 2330 bar,
897 2276 954 2319 ut
986 2284 1014 2318 a
1058 2265 1246 2320 Graeca
1283 2266 1673 2335 superstitione
1698 2269 1750 2320 in
1781 2276 2021 2323 nostram
2052 2270 2319 2324 concede-

722 2346 828 2409 ἰ’ρι
872 2358 1214 2411 sententiam.
1266 2355 1449 2412 lllultis
1487 2358 1632 2413 enim
1688 2358 2043 2413 confirmabat
2097 2377 2205 2415 non
2267 2363 2320 2416 in

744 2456 931 2501 nostra
963 2455 1228 2516 potestate
1254 2464 1375 2507 esse
1399 2450 1791 2504 sententiarum
1830 2451 1995 2505 animi
2029 2452 2320 2519 delectum,

744 2538 839 2591 5(‘01
867 2537 1101 2607 pendere
1126 2539 1402 2593 hominum
1430 2542 1591 2595 vitam
1617 2557 1683 2597 ex
1711 2545 2038 2599 necessitate
2061 2547 2318 2616 quadam,

743 2633 862 2685 sine
890 2647 994 2700 qua
1027 2632 1158 2685 nihil
1194 2632 1306 2685 ﬁeri
1338 2641 1521 2703 posset
1549 2650 1737 2688 eorum
1767 2650 1887 2705 quae
1922 2637 2115 2693 tierent
2138 2640 2190 2693 in
2219 2656 2317 2695 no-

746 2723 850 2776 bis.
890 2723 1069 2791 Atque
1106 2723 1159 2776 in
1199 2724 1344 2777 hunc
1376 2724 1596 2778 modum
1627 2725 1931 2781 orationem
1968 2744 2144 2784 meam
2199 2730 2319 2785 elu-

745 2812 931 2879 debat,
968 2813 1011 2867 si
1040 2813 1258 2883 quidem
1289 2814 1393 2883 ipsi
1432 2813 1593 2870 fatale
1615 2826 1760 2872 esset
1785 2818 1895 2874 ticri
1918 2818 2314 2887 Christianum,

744 2904 988 2956 futurum
1026 2919 1085 2959 se
1114 2904 1337 2958 omnino
1380 2902 1461 2959 v‘el
1493 2907 1801 2963 nolentibus
1837 2911 2041 2977 nobis;
2099 2913 2183 2968 sin
2220 2914 2317 2967 lati

740 2999 1072 3063 necessitate
1096 2998 1496 3067 prohiberetur,
1525 2999 1632 3055 fato
1662 3017 1721 3056 se
1746 3002 1850 3056 vim
1876 3001 2136 3059 adhibere
2165 3006 2316 3059 nulla

742 3088 953 3153 ratione
987 3103 1168 3157 posse.
1203 3087 1327 3144 llaec
1358 3090 1447 3144 ille
1480 3106 1600 3145 cum
1627 3091 1851 3157 diceret,
1890 3093 1941 3146 id
1969 3109 2092 3147 cum
2128 3110 2312 3167 agere,

741 3179 820 3234 uti
853 3180 1148 3235 verisimile
1194 3187 1311 3235 erat
1332 3223 1346 3247 ,
1383 3182 1682 3263 arbitratus
1724 3199 1869 3247 sum,
1904 3191 1961 3238 ut
1991 3186 2196 3241 Graecae
2221 3203 2314 3257 su-
2346 3220 2386 3277 ρ

720 3272 1255 3342 perstitionipenitus
1283 3274 1557 3338 addictus,
1603 3276 1737 3329 nihil
1772 3276 1837 3331 de
1861 3277 2175 3333 Christiana
2206 3279 2311 3334 title

742 3359 1071 3427 admitteret,
1107 3370 1269 3432 atque
1305 3363 1376 3416 ita
1412 3379 1636 3420 cursum
1678 3374 1881 3420 nostrze
1911 3368 2176 3423 orationis
2202 3368 2312 3421 im-

739 3455 967 3525 pediret.
998 3456 1195 3510 Eadem
1222 3457 1366 3511 enim
1393 3473 1609 3528 semper
1628 3460 1910 3514 inculcare
1936 3475 2045 3514 non
2078 3460 2308 3526 destitit,

740 3548 922 3600 onmia
962 3546 1107 3601 fatali
1146 3549 1392 3618 subjecta
1420 3562 1541 3607 esse
1569 3551 1918 3615 necessitati,
1953 3552 2187 3607 domina:
2227 3568 2314 3608 rc-

740 3654 887 3701 rum,
921 3638 1080 3708 cujus
1129 3641 1284 3693 uului
1326 3639 1610 3695 obedirent
1653 3642 1932 3706 universa,
1961 3644 2083 3697 vitae
2118 3645 2330 3712 modus,

743 3744 807 3784 ac
840 3729 962 3784 linis
989 3770 1003 3794 ,
1036 3729 1429 3786 dissimilitudo
1464 3748 1646 3787 rerum
1679 3774 1695 3801 ,
1729 3734 1945 3793 diversa
1986 3751 2186 3806 genera
2233 3739 2314 3792 vi~

742 3822 925 3888 vendi,
959 3837 1250 3893 corporum
1299 3826 1644 3893 constitutio,
1689 3828 2089 3899 inaequalitates
2138 3832 2313 3887 hono-

741 3930 901 3981 rum,
937 3928 994 3970 ut
1035 3917 1262 3986 imperio
1302 3919 1536 3991 quisque
1584 3921 1789 3990 potitus
1820 3923 1873 3977 in
1910 3930 2181 3993 potestate
2222 3925 2315 3979 ha—

739 4007 867 4061 beat
896 4009 1101 4074 omnia,
1127 4026 1248 4080 qua:
1266 4012 1315 4066 ei
1347 4013 1457 4067 sint
1478 4011 1690 4081 fatalia,
1718 4023 1812 4069 aut
1840 4017 2044 4073 serviat
2063 4017 2314 4073 eamdem

744 4098 827 4155 ob.
851 4114 1097 4164 causam,
1130 4100 1284 4157 dives
1315 4103 1443 4157 item
1480 4104 1552 4159 sit
1583 4111 1677 4175 aut
1712 4120 1941 4177 pauper,
1985 4108 2159 4163 valeat
2190 4123 2316 4163 cor-

739 4203 876 4259 pore
911 4190 996 4245 vel
1023 4200 1247 4263 aegrotet
1269 4212 1282 4258 ;
1307 4193 1598 4265 brevisque
1632 4202 1685 4251 et
1713 4197 1884 4267 longa:
1916 4197 2037 4253 vitae
2062 4198 2312 4254 eamdem

743 4298 868 4340 esse
896 4297 1141 4339 causam.
1179 4284 1315 4340 Nam
1361 4287 1475 4349 sive
1504 4289 1628 4358 quis
1659 4290 1856 4362 exiguo
1887 4298 2132 4362 tempore
2167 4293 2318 4348 vive-

740 4381 848 4438 ret,
885 4373 1002 4430 sive
1032 4374 1200 4429 vitam
1223 4375 1453 4448 .longius
1498 4379 1849 4450 produceret,
1879 4399 1991 4438 non
2018 4399 2083 4440 ex
2112 4383 2318 4455 impetu

742 4471 842 4518 aut
869 4462 1153 4523 att‘ectionc
1179 4466 1419 4535 quadam
1449 4471 1692 4539 propria,
1730 4472 1825 4527 sed
1856 4487 1924 4528 ex
1951 4474 2043 4528 illa
2076 4475 2319 4530 necessi-

2435 619 2766 683 διοικοῦντος
2807 622 2894 674 ἐπ’
2925 620 3117 692 ἀγαθῷ
3152 622 3214 674 τὸ
3240 621 3596 694 ἀνθρώπινον.
3643 621 3762 676 Τότε
3802 622 3859 694 δή

2433 713 2570 782 πρὸς
2612 713 2672 766 τὸ
2706 713 3006 783 παράδοξον
3060 714 3500 785 ἐκπεπληγμένῳ
3545 712 3637 768 τοῦ
3683 712 3890 783 θαύματι

2433 802 2549 866 πῶς
2589 804 2618 855 ὁ
2650 802 2889 866 τοιοῦτος
2922 806 2981 857 ἐν
3015 803 3243 876 ἀπιστίᾳ
3275 804 3336 858 τὸ
3367 804 3649 881 πρότερον,
3697 802 3890 856 πολλαπ

2434 910 2545 961 σιον
2574 893 2650 963 τῷ
2682 894 2898 965 μεγέθει
2926 896 3021 965 τῆς
3049 894 3282 960 πίστεως
3302 894 3601 965 ὑπερέϐαλε
3623 894 3714 965 τῆς
3744 895 3890 947 ἀπιστ

2429 986 2491 1037 τὸ
2520 985 2714 1056 μέτρον
2737 1025 2752 1049 ,
2789 985 2973 1057 ἐπειδὴ
3004 1003 3089 1050 τις
3113 985 3411 1057 προϊούσης
3438 972 3570 1056 ἡμῖν
3597 986 3690 1053 τῆς
3718 1001 3890 1038 συνουσ

2430 1075 2539 1129 τῶν
2568 1076 2707 1129 κατά
2736 1076 2834 1148 τὴν
2864 1078 3201 1148 εἱμαρμένην
3230 1077 3575 1148 ζητουμένων
3622 1076 3764 1146 λόγος
3800 1077 3890 1129 ὲνὲε

2431 1184 2545 1237 σεν,
2571 1166 2859 1234 ἐπέταξας,
2889 1162 2934 1221 ὧ
2966 1168 3119 1238 τιμία
3155 1185 3244 1240 μοι
3275 1168 3368 1222 καὶ
3390 1167 3510 1239 ίερά
3538 1168 3757 1239 κεφαλὴ,
3780 1168 3871 1238 τὴν

2429 1259 2658 1329 νομένην
2701 1260 2836 1331 πρός
2880 1277 3001 1312 τινα
3052 1260 3159 1312 τῶν
3211 1259 3517 1330 φιλοσόφων
3561 1258 3780 1325 διάλεξιν
3816 1261 3869 1312 ἐν

2431 1350 2638 1421 μεγάλη
2671 1349 2762 1402 τοῦ
2799 1350 3207 1417 Κωνσταντίνου
3241 1351 3392 1405 πόλει
3425 1351 3670 1422 περὶτῆς
3690 1349 3890 1403 timeas:

2426 1441 2628 1512 ταύτης
2680 1443 2972 1515 ἐγγράφως
3017 1459 3098 1495 σοι
3150 1442 3216 1495 δι’
3279 1443 3564 1513 ἐπιπολῆς
3620 1440 3890 1514 διηγήσασί

2426 1534 2644 1604 Μικρᾷς
2677 1533 2850 1593 τοίνυν
2892 1533 3165 1605 ἐπιτυχὼν
3200 1534 3413 1606 σχολῆς,
3435 1534 3499 1589 δι’
3538 1535 3744 1605 ὀλίγων,
3779 1534 3890 1599 ὡς(

2424 1640 2481 1676 τε
2505 1665 2518 1687 ,
2549 1622 2829 1694 συντεμὼν
2862 1623 2954 1683 τὸν
2987 1623 3163 1693 λόγον,
3209 1626 3491 1697 ἐκτίθεμαί
3529 1643 3609 1680 σοι
3632 1628 3686 1680 ἐν
3714 1622 3861 1693 ἀπλῷ

2424 1714 2887 1785 ἀκατασκευάστῳ
2905 1715 3063 1787 διηγή
3072 1732 3220 1786 ματι·
3237 1716 3636 1789 φυλασσόμενος
3651 1718 3725 1770 ὅτι
3745 1716 3890 1787 μάλιο

2424 1806 2486 1859 τὸ
2511 1808 2583 1878 μὴ
2603 1808 2791 1878 πόρρω
2811 1806 2919 1860 τῶν
2947 1807 3370 1878 ἐπιστολιμαίων
3396 1808 3611 1880 μέτρων
3638 1810 3875 1862 ἐκπεσεῖν

2354 1883 2395 1946 Β
2424 1896 2581 1965 λόγον
2615 1899 2693 1962 εἰς
2721 1897 3116 1970 λογογραφικὸν
3150 1899 3325 1970 μῆκος
3353 1900 3780 1970 ἁποτεινόμενον.

2498 1988 2780 2058 Προσῆγον
2820 1986 2929 2056 ἐγώ
2960 2006 3111 2053 τινας
3146 1988 3245 2059 τῆς
3280 1988 3402 2043 καθ’
3430 1992 3461 2059 ἡ
3473 1991 3576 2060 μᾶς
3608 1990 3876 2054 εὐσεϐείας

2425 2095 2553 2145 γους
2606 2078 2756 2148 ἀνδρί
2800 2095 2903 2132 τινι
2936 2078 3351 2151 πεπαιδευμένῳ
3389 2080 3487 2153 τὴν
3521 2079 3624 2147 ἔξω
3670 2082 3872 2151 σοφίαν,

2425 2171 2550 2241 ἐνῆν
2596 2172 2660 2224 ἐκ
2705 2171 2812 2224 τῶν
2857 2172 3164 2243 λεγομένων
3217 2172 3621 2244 στοχάσασθαι,
3659 2173 3750 2227 καὶ
3790 2174 3890 2225 risit

2425 2263 2738 2334 ἐπεχείρουν
2764 2266 2827 2317 ἐκ
2856 2264 2948 2317 τοῦ
2993 2263 3347 2336 Ἑλληνισμοῦ
3378 2264 3513 2332 πρὸς
3540 2264 3636 2335 τὴν
3667 2267 3890 2332 συγκατέ

2425 2371 2507 2408 σιν
2534 2353 2626 2407 τοῦ
2659 2354 2778 2407 καθ’
2813 2357 2959 2427 ἡμᾶς
3001 2355 3265 2426 δόγματος
3305 2355 3718 2426 μετατάξασθαι.
3760 2356 3890 2408 Ἐπε

2424 2446 2588 2509 πολὺς
2617 2441 2686 2517 ἦν
2711 2446 3137 2511 κατασκευάζων
3164 2448 3237 2518 μὴ
3260 2450 3377 2500 κατ’
3405 2447 3648 2512 ἐξουσίαν
3678 2451 3890 2519 προκεῖσ

2420 2541 2531 2601 τοῖς
2579 2539 2919 2610 βουλομένοις
2962 2538 3068 2592 τῶν
3117 2542 3259 2593 κατά
3307 2540 3533 2611 γνώμην
3590 2540 3684 2611 τὴν
3748 2541 3890 2610 αἵρεε

2421 2630 2555 2683 ἀλλὰ
2583 2631 2670 2684 διά
2697 2647 2839 2693 τινος
2874 2630 3123 2696 ἐξάπτων
3164 2631 3409 2703 ἀνάγκης
3442 2633 3539 2703 τὴν
3568 2632 3671 2684 τῶν
3696 2631 3890 2701 ἀνθρὼτ

2420 2719 2584 2792 ζωὴν,
2603 2718 2671 2786 ἧς
2693 2721 2820 2774 ἄνευ
2855 2720 2930 2793 μὴ
2960 2721 3024 2776 iv
3048 2739 3098 2775 τι
3122 2722 3374 2792 γενέσθαι
3403 2723 3509 2777 τῶν
3538 2725 3595 2776 ἐν
3625 2725 3751 2794 ἡμῖν
3777 2739 3890 2790 γινο

2420 2831 2524 2865 νων
2543 2849 2555 2870 ,
2598 2815 2691 2866 καὶ
2720 2814 2893 2883 τούτῳ
2924 2812 3001 2884 τῷ
3035 2814 3177 2886 λόγῳ
3212 2815 3303 2869 τὸν
3329 2816 3459 2886 ἐμὸν
3498 2815 3867 2888 παρεκρούετο

2419 2923 2513 2975 γον
2534 2924 2545 2934 ·
2585 2908 2659 2968 ὡς
2689 2908 2738 2958 εἰ
2778 2907 2875 2977 μέν
2908 2900 3171 2977 εἵμαρται
3194 2909 3354 2978 ἀὑτῴ
3386 2908 3637 2977 γενέσθαι
3669 2910 3890 2978 Χριστια

2418 2988 2703 3068 γενήσεται
2745 2998 2959 3063 πάντως
2997 2999 3097 3051 κάν
3144 3002 3304 3071 ἡμεῖς
3346 3000 3422 3071 μὴ
3465 2998 3781 3070 βουλώμεθα
3811 3016 3822 3027 ·
3853 3016 3874 3049 ε

2419 3088 2676 3143 κωλύοιτο
2698 3091 2763 3160 τῇ
2789 3089 2889 3158 τῆς
2912 3091 3254 3161 εἱμαρμένης
3285 3092 3519 3164 ἀνάγκη,
3556 3090 3629 3161 μὴ
3655 3088 3719 3143 ἂν
3744 3090 3888 3157 γενέι

2419 3181 2641 3233 δυνατὸν
2689 3182 2927 3249 ἐξευρεῖν
2968 3199 3089 3234 τινα
3146 3185 3391 3253 μηχανὴν
3434 3183 3470 3253 ἢ
3511 3183 3611 3252 τὴν
3663 3184 3888 3252 εἱμαρμε

2423 3271 2691 3341 βιάσεται.
2732 3271 3226 3342 Ταῦταλέγοντος,
3256 3274 3367 3343 ἐγὼ
3410 3276 3530 3345 μὲν,
3573 3276 3708 3345 ὅπερ
3739 3275 3884 3336 εἰκὸς

2421 3364 2641 3433 φεύγειν
2669 3363 2824 3434 ᾤμην
2861 3365 3022 3418 αὑτὸν
3052 3366 3113 3418 τὸ
3150 3366 3339 3437 μαθεῖν
3365 3383 3420 3419 τι
3456 3366 3586 3437 περὶ
3625 3365 3724 3436 τῆς
3764 3366 3888 3417 πίστ

2411 3452 2498 3520 ’τῷ
2550 3452 2884 3524 Ἑλληνισμῴ
2931 3453 3022 3507 διὰ
3062 3453 3259 3524 βάθους
3304 3456 3641 3527 ἐγκείμενον,
3687 3457 3781 3508 καὶ
3828 3473 3886 3507 το

2419 3547 2498 3619 τῷ
2527 3550 2714 3620 τρόπῳ
2737 3549 2835 3620 τὴν
2874 3548 3194 3603 ἀκολουθίαν
3234 3548 3328 3603 τοῦ
3357 3549 3626 3620 ἡμετέρου
3670 3565 3886 3618 παρακρ

2424 3639 2545 3691 σθαι
2570 3640 2747 3707 λόγου.
2788 3640 2940 3693 Ἐπεὶ
2975 3640 3029 3692 δὲ
3057 3628 3333 3694 σῦκ’άνίει
3364 3642 3476 3702 τοῖς
3497 3639 3679 3701 αὐτοῖς
3704 3639 3886 3707 ἐπιμέ·

2421 3731 2597 3784 πάντα
2622 3732 2793 3800 λέγων
2817 3731 3146 3803 ὑπεζεῢχθαι
3168 3735 3232 3802 τῇ
3259 3731 3359 3802 τῆς
3389 3730 3728 3803 εἱμαρμένης
3760 3732 3883 3793 civit

2422 3824 2678 3894 κάκείνην
2705 3826 3012 3878 ἐπιστατεῖν
3039 3824 3146 3877 τῶν
3174 3824 3363 3887 ὄντων,
3389 3824 3480 3877 καὶ
3502 3825 3565 3892 τῇ
3597 3825 3776 3893 τροπῇ
3806 3840 3883 3875 ταί

2424 3919 2599 3971 πάντα
2635 3917 2966 3973 ὑποκύπτειν
3015 3916 3085 3969 τά
3126 3916 3288 3981 ὄντα,
3344 3915 3488 3986 ζωῆς
3532 3932 3591 3967 τε
3649 3914 3873 3984 μέτρα,

2421 4007 2568 4077 ⁴ηθῶν
2596 4007 2877 4080 διαφοράς,
2904 4008 2997 4061 καὶ
3027 4006 3156 4078 βίων
3188 4008 3444 4079 αἱρέσεις,
3478 4008 3572 4060 καὶ
3599 4006 3876 4075 σωμάτων

2422 4101 2691 4164 τασκευάς
2712 4140 2725 4164 ,
2767 4101 2857 4154 καὶ
2907 4100 3005 4165 τάς
3036 4099 3144 4153 τῶν
3176 4099 3504 4170 ἀξιωμάτων
3543 4095 3865 4167 ἀνωμαλίας

2422 4194 2609 4266 ἄρχειν
2636 4211 2693 4246 τε
2720 4193 2935 4257 πάντως
2962 4193 3051 4246 τὸν
3080 4192 3200 4246 καθ’
3224 4189 3561 4263 εἱμαρμένην
3582 4189 3678 4242 ἐπὶ
3703 4188 3807 4258 τὴν
3835 4187 3882 4257 ιὶι1

2423 4287 2717 4358 παριόντα,
2757 4284 3028 4338 δουλεύειν
3058 4301 3116 4337 τε
3154 4283 3295 4337 κατὰ
3335 4284 3435 4352 τὴν
3462 4280 3630 4351 αὐτὴν
3672 4278 3880 4341 αἰτίαν,

2424 4375 2669 4429 πλουτεῖν
2698 4373 2957 4438 ὡσαύτως
2983 4374 3075 4426 καὶ
3109 4371 3366 4426 πένεσθαι
3392 4387 3405 4400 ’
3441 4366 3723 4441 ὲρρὦθαί
3752 4382 3817 4418 τε
3851 4382 3880 4417 τ

2423 4466 2502 4537 τῷ
2530 4466 2770 4536 σώματι,
2804 4465 2900 4519 καὶ
2931 4464 3169 4527 ἀσθενῶς
3190 4464 3334 4533 ἔχειν
3352 4479 3368 4496 ο
3409 4463 3471 4514 τό
3500 4477 3562 4513 τε
3589 4458 3880 4531 (Extinctam

741 4565 854 4612 tate
910 4571 1030 4612 eam
1094 4559 1270 4614 aetatis
1297 4557 1667 4629 diversitatem
1717 4563 2004 4633 exsistere.
2046 4564 2179 4631 Tam
2219 4568 2349 4625 vos}

2271 4531 2323 4625 ιέ
2346 4566 2391 4624 D
2419 4531 2484 4612 τδ
2511 4531 2825 4629 μακρόᾶιον,
2846 4556 2942 4643 τὴὶν
2965 4556 3132 4627 αὐτὴν
3162 4531 3276 4625 ἔχει
3301 4552 3376 4628 [ν]
3399 4553 3683 4608 αίτίαν.”0
3711 4569 3795 4643 τεῇ
3816 4550 3879 4620 γὲ

743 4647 1037 4702 luntariam
1087 4664 1252 4720 quam
1296 4661 1541 4706 coactam
1589 4661 1819 4715 mortem
1866 4654 1935 4710 ab
1972 4655 2162 4713 eadem
2214 4672 2314 4713 ne-

743 4741 1000 4796 cessitate
1046 4740 1244 4797 sortito
1288 4740 1537 4798 decerni.
1576 4742 1735 4800 \‘aria
1798 4760 1997 4817 genera
2055 4746 2309 4804 violenta:

741 4828 893 4884 necis
942 4836 1165 4898 pr0pter
1201 4830 1440 4888 incertos
1484 4846 1670 4901 casus,
1707 4834 1824 4891 sive
1856 4835 2274 4903 suﬂ‘oeationem
2298 4876 2321 4911 ,_

743 4920 860 4976 sive
894 4921 1221 4976 sententiam
1256 4922 1505 4993 iudicum
1535 4965 1549 4991 ,
1587 4925 1703 4987 siVe
1753 4926 1989 4993 insidias
2035 4929 2318 4985 imminen-

742 5018 858 5079 tes;
889 5011 1075 5068 clades
1111 5023 1373 5082 prteterea
1416 5014 1504 5072 his
1526 5016 1699 5089 magis
1726 5032 2048 5075 communes
2072 5058 2088 5085 ,
2121 5027 2175 5079 et
2201 5016 2318 5074 uni-

736 5103 1002 5173 versales,
1029 5113 1185 5159 terra:
1207 5112 1411 5173 motus,
1432 5106 2126 5177 naufragia,inundationes
2150 5123 2318 5179 aqua-

737 5188 901 5269 rum,
949 5197 1240 5261 incendia,
1291 5205 1344 5252 et
1390 5199 1571 5252 omnia
1605 5199 1659 5253 id
1694 5214 1865 5269 genus
1901 5200 2006 5254 alia
2060 5200 2202 5254 mala
2251 5216 2317 5256 ex

741 5284 833 5341 illa
871 5301 1037 5342 causa
1078 5287 1312 5358 pendere
1343 5286 1592 5351 dicebat,
1630 5288 1971 5359 addebatque
2005 5289 2127 5343 vitae
2150 5289 2315 5344 etiam

743 5372 993 5429 instituta
1021 5374 1517 5449 nequaquam‘esse
1548 5378 1602 5432 in
1628 5380 1893 5448 capientis
1921 5380 2149 5445 arbitrio
2175 5418 2190 5445 ,
2221 5379 2321 5443 sed

746 5477 936 5521 omnes
965 5472 1166 5537 potenti
1199 5470 1309 5525 l'ato
1359 5470 1581 5532 servire.
1627 5470 1742 5527 sive
1772 5471 1828 5525 in
1871 5472 2277 5543 philosophiam
2299 5512 2314 5536 ,

747 5554 860 5612 sive
889 5555 945 5610 in
982 5557 1344 5628 eloquentiam
1394 5560 1711 5616 incumbant
1732 5600 1747 5626 ,
1778 5562 1894 5617 sive
1923 5577 2084 5633 agros
2111 5561 2313 5624 colant,

748 5648 864 5705 sive
894 5649 1165 5705 nauticam
1198 5651 1398 5707 faciant
1428 5696 1441 5717 ,
1480 5653 1595 5709 sive
1631 5653 1994 5723 coniugalem,
2018 5654 2132 5710 sive
2160 5655 2317 5709 caeli-

749 5741 868 5795 hcm
924 5740 1088 5795 vitam
1124 5742 1428 5798 instituant.
1481 5738 1544 5796 lit
1578 5745 1796 5799 virtutis
1842 5753 1896 5799 et
1927 5745 2042 5798 vitii
2069 5744 2316 5800 eamdem

750 5852 869 5893 esse
902 5851 1154 5905 causam,
1189 5842 1239 5888 ut
1270 5848 1367 5905 pro
1396 5834 1720 5890 tuuuutabili
1749 5835 1837 5891 illa
1867 5836 2148 5891 sortitione
2179 5835 2317 5891 alius

2422 4651 2587 4721 ὀλίγῳ
2619 4642 3035 4721 μετασχὼντῆς
3072 4647 3239 4718 ζωῆς,
3267 4646 3362 4700 καῖ¹
3400 4648 3458 4699 ἐν
3487 4644 3691 4717 μακρῷ
3729 4642 3814 4713 τῷ
3841 4662 3878 4713 χ

2423 4741 2760 4814 παρατείνας
2789 4740 2881 4794 τὸν
2915 4739 3050 4811 βίον,
3079 4739 3308 4817 οὐθκατά
3330 4738 3535 4792 οἰκείαν
3567 4736 3779 4808 ὁρμὴν,
3818 4735 3878 4787 ἀ]

2421 4834 2522 4905 τῆς
2550 4834 2794 4904 ἀνάγκης
2834 4831 3052 4902 ἐκείνης
3083 4832 3139 4885 ἐν
3180 4829 3424 4902 ἐκατέρῳ
3463 4828 3735 4898 ἑκάτερος
3763 4826 3878 4895 γίνε

2421 4924 2512 4979 τόν
2542 4941 2600 4977 τε
2625 4923 2930 4993 αὐτόματον
2965 4922 3059 4979 καὶ
3086 4920 3177 4974 τὸν
3213 4918 3629 4991 ἠναγκασμένον
3660 4917 3876 4971 θάνατε

2423 5014 2595 5083 άλλως
2625 5014 2659 5087 ἢ
2709 5016 2837 5085 παρ’
2869 5013 3081 5083 ἐκείνης
3108 5010 3549 5082 ἀποπληροῦσθαι
3572 5053 3588 5076 ,
3619 5009 3721 5063 τοῦ
3753 5024 3818 5061 τε
3848 5008 3876 5079 β

2424 5107 2655 5160 θανάτου
2684 5108 2783 5168 τάς
2805 5105 3176 5176 πολυτρόπους
3202 5103 3483 5177 διαφοράς,
3514 5105 3572 5156 ἐν
3604 5101 3876 5172 συμπτώι

2424 5200 2457 5272 ἢ
2488 5198 2762 5268 ἀγχόναις,
2789 5197 2822 5269 ἢ
2853 5196 3018 5268 ψήφῳ
3039 5197 3344 5268 δικαστικῇ,
3376 5196 3411 5266 ἦ
3437 5196 3529 5248 καὶ
3555 5192 3682 5249 κατ’
3721 5192 3876 5245 ἐπιδ·

2425 5289 2792 5360 ἐπαγομένας.
2826 5289 2936 5351 Καὶ
2968 5288 3036 5342 τά
3077 5286 3157 5341 ἔτι
3198 5286 3408 5341 τούτων
3454 5283 3874 5354 καθολικώτερε

2424 5378 2934 5451 περιληπτικώτερα
2970 5378 3117 5449 πάθη
3141 5418 3156 5444 ,
3187 5378 3444 5448 σεισμοὺς
3480 5375 3577 5429 καὶ
3601 5375 3860 5443 ναυάγια

2426 5470 2735 5535 ἐπικλύσεις
2755 5470 2982 5536 ὑδάτων,
3015 5474 3107 5524 καὶ
3137 5469 3236 5533 τὰς
3260 5472 3323 5526 ἐκ
3349 5468 3519 5539 πυρὸς
3554 5466 3873 5538 συμφοράς

2424 5566 2522 5619 ὅσα
2561 5561 2785 5618 τοιαῦτα
2815 5561 2932 5634 εἴδη
2982 5561 3169 5617 κακῶν
3211 5560 3389 5615 πάντα
3433 5559 3534 5631 τῆς
3574 5558 3773 5622 αἰτίας
3812 5559 3872 5611 ἐκ

2425 5651 2694 5717 ἐξάπτων,
2729 5650 3035 5724 προσετίθει
3075 5650 3167 5703 καὶ
3208 5648 3318 5707 τῶν
3362 5649 3503 5703 κατά
3541 5648 3640 5703 τὸν
3674 5647 3803 5720 βίον
3835 5648 3872 5702 ἐι

2424 5743 2707 5815 δευμάτων
2736 5742 2984 5815 μηδαμοῦ
3015 5742 3105 5799 τὸν
3134 5742 3391 5815 λογισμὸν
3427 5742 3521 5798 τοῦ
3543 5743 3871 5817 αἱρουμένοη

2406 5853 2541 5922 ,ριον
2588 5830 2745 5907 εἶναι’
2798 5833 3003 5907 πάντας
3048 5833 3105 5889 δέ
3153 5832 3231 5922 τῷ
3276 5836 3465 5922 κράτει
3516 5834 3616 5915 τῆς
3670 5836 3870 5913 είμαρχ
