4072 6212
329 315 418 374 ἱίθ

1642 328 1925 386 CONTRA
1960 333 2215 391 FATUM.

3420 346 3522 406 {50

332 428 697 502 ὑπηρετοῦντας,
731 431 762 502 ἢ
798 431 1124 502 φιλοσοφεῖν,
1163 435 1193 505 ἢ
1236 436 1568 510 ῥητορεύειν,
1600 439 1630 509 ἢ
1666 456 1843 512 γεωρ-

1965 444 2165 499 vivendi
2198 463 2371 517 genus
2412 449 2554 501 colat
2582 450 2872 505 sublimius
2894 491 2907 515 ,
2940 450 3120 521 inops,
3158 463 3210 508 et
3236 452 3462 510 liberum
3500 477 3517 514 :

324 526 432 588 γεῖν,
458 522 481 590 ἦ
512 521 910 587 ναυτίλλεσθαι,
949 524 981 595 ἢ
1010 526 1066 577 ὲν
1096 526 1254 597 γάμῳ
1288 527 1405 597 ζῇν,
1440 529 1472 597 ἦ
1510 529 1598 582 τὸν
1633 529 1850 601 ἄγαμον

323 611 544 682 αἱρεῖσθαι
571 612 707 681 βίον,
743 614 946 685 ἀρετῆς
970 632 1028 668 τε
1063 618 1155 668 καὶ
1188 618 1382 682 κακίας
1405 619 1503 687 τὴν
1527 618 1695 692 αὐτὴν
1721 622 1845 676 ἀνά·
1920 624 1927 637 ‘

317 718 430 771 γίην
466 698 595 753 εἶναι
618 700 999 773 διισχυρίζετο.
1028 706 1187 759 Ὥστε
1214 708 1353 761 κατά
1380 709 1475 781 τὴν
1497 710 1852 782 ἀπαράϐατον

314 791 484 863 ταύτην
514 792 921 865 ἀποκλήρωσιν,
960 795 1050 850 τὸν
1103 795 1203 864 μὲν
1249 803 1315 871 τῇ
1348 800 1654 873 ὑψηλοτέρα
1686 819 1854 872 προσ-

312 885 495 953 ἀνέχειν
524 882 633 954 ζωῇ
668 886 725 937 ὲν
756 886 1025 958 ἀκτήμονι
1058 889 1149 941 καὶ¹
1185 889 1471 962 ἐλευθερίῳ
1511 892 1691 956 ζῶντα
1714 891 1813 963 βίῳ
1836 908 1850 922 θ

309 975 470 1043 ἕτερον
500 973 553 1025 δὲ
579 1016 592 1038 ,
628 973 1091 1047 τυμϐωρυχεῖν,ἥ
1125 978 1485 1049 πειρατεύειν,
1518 979 1554 1049 ἢ
1588 978 1855 1032 ἁσωτεύε-

311 1063 436 1125 σθαι,
460 1063 489 1132 ᾖ
516 1062 591 1133 τῷ
624 1064 885 1135 ἑταιρικῷ
920 1066 1019 1137 βίῳ
1047 1066 1505 1138 ἀποθηλύνεσθαι.
1536 1071 1645 1122 Καὶ
1678 1071 1855 1125 πάντα

310 1155 367 1208 τὰ
388 1153 594 1208 τοιαῦτα
627 1155 860 1222 διεξιὼν,
891 1156 1117 1228 ἰσχυρὰν
1142 1156 1278 1228 ᾤετο
1319 1158 1410 1212 τοῦ
1450 1159 1527 1231 μὴ
1556 1161 1857 1232 παραδέξα-

316 1245 418 1299 σθαι
442 1246 522 1300 τὸν
554 1247 719 1315 λόγον
757 1249 914 1318 ἡμῶν
940 1250 1117 1302 αἰτίαν
1150 1251 1506 1323 ἐπιδεδεῖχθαι
1530 1294 1544 1318 ,
1579 1253 1639 1306 τὸ
1669 1254 1742 1324 μὴ
1772 1256 1854 1324 ἐφ’

307 1337 418 1405 ἡμῖν
443 1331 569 1391 εἶναι
597 1338 739 1408 ὅπερ
765 1337 830 1391 ἀν
859 1338 1104 1410 θέλωμεν
1130 1341 1251 1394 κατ’
1285 1342 1533 1406 ἐξουσίαν
1563 1344 1853 1415 αἱρεῖσθαι,

309 1428 423 1481 ἀλλὰ
440 1428 541 1482 δεῖν
572 1430 866 1500 ἀναμεῖναι
898 1432 997 1502 τὴν
1024 1431 1269 1504 ἀνάγκην
1293 1434 1508 1505 ἐκείνην
1531 1476 1545 1502 ,
1578 1432 1645 1509 ἧς
1678 1437 1739 1489 τὸ
1772 1439 1858 1492 ὲν·-

304 1523 495 1592 δόσιμον
533 1523 678 1593 προς
712 1522 810 1596 τὴν
838 1525 1095 1597 τοιαύτην
1135 1526 1311 1600 ὁρμὴν
1356 1528 1742 1600 παρασχούσης
1771 1531 1857 1584 ἐπ’

307 1613 522 1684 ἀνάγκης
542 1614 686 1669 εἶναι
720 1615 1153 1688 προσθέσθαιτῷ
1182 1618 1343 1689 λόγῳ,
1370 1619 1464 1672 καὶ
1495 1620 1569 1690 μὴ
1603 1619 1858 1691 βουλόμε-

304 1723 408 1759 νον·
449 1705 570 1759 ἄνευ
616 1706 676 1759 δὲ
724 1708 969 1780 ἐκείνης,
1014 1710 1107 1764 καὶ
1149 1710 1357 1781 σφόδρα
1403 1711 1856 1783 προαιρουμένου,

1956 534 2099 587 alius
2126 537 2391 605 sepulcra,
2408 537 2570 591 violet
2594 578 2608 602 ,
2655 544 2746 592 aut
2781 540 3069 609 piraticam
3107 555 3397 611 exerceat,
3428 558 3520 603 aut

1956 626 2180 694 prodige
2210 630 2372 693 vivat,
2406 635 2501 681 aut
2530 630 2837 685 meretrieiu
2861 631 2986 687 vitae
3015 648 3215 704 genere
3237 635 3518 695 effemine~

1957 723 2064 767 tur.
2104 714 2315 781 Quibus
2350 717 2605 773 omnibus
2626 720 2952 789 pcrccnsitis
2973 765 2988 789 ,
3023 724 3233 780 firmam
3259 742 3317 782 se
3358 710 3519 799 puta-

1957 806 2047 860 bat
2096 824 2200 862 non
2251 809 2600 866 admittenda:
2655 819 2855 867 nostra:
2904 815 3168 871 orationis
3216 819 3523 877 reddidisse
3594 822 3605 836 '

1955 898 2256 963 rationem,
2291 916 2416 955 cum
2460 917 2568 956 non
2607 912 2754 959 esset
2799 904 2855 959 in
2896 920 3062 960 manu
3118 916 3344 975 nostra,
3376 912 3522 979 quod

1956 989 2279 1061 liberet,pro
2308 991 2574 1047 arbitratu
2597 993 2895 1064 suscipere,
2910 996 3003 1050 sed
3032 995 3124 1050 illa
3152 996 3290 1052 foret
3327 1013 3525 1069 exspe-

1956 1080 2153 1137 ctanda
2193 1084 2499 1140 necessitas
2532 1099 2546 1136 :
2580 1098 2701 1156 qua:
2746 1085 2793 1141 si
2820 1100 2983 1156 quem
3027 1087 3083 1143 in
3119 1102 3240 1144 eam
3282 1097 3519 1146 mentem

1958 1181 2218 1245 tanquam
2255 1175 2411 1246 signo
2440 1175 2568 1231 dato
2613 1178 2954 1248 impulisset,
3012 1180 3247 1235 orationi
3301 1196 3526 1238 necesse

1958 1282 2078 1322 esse
2101 1275 2160 1321 ut
2182 1268 2265 1323 vel
2293 1269 2484 1324 nolens
2505 1271 2839 1325 assentiatur
2861 1288 2875 1324 :
2900 1270 3045 1341 quod
3063 1270 3183 1327 sine
3206 1271 3318 1336 illa,
3343 1287 3527 1342 quam-

1958 1358 2042 1411 vis
2090 1372 2419 1429 magnopere
2450 1360 2644 1426 vellet,
2678 1360 2794 1416 fieri
2826 1376 2934 1417 non
2978 1369 3186 1434 posset.
3228 1363 3522 1433 Postquam

1958 1445 2072 1501 haec
2098 1447 2185 1502 ille
2211 1455 2265 1503 et
2287 1447 2408 1519 ejus
2432 1450 2650 1519 generis
2677 1451 2782 1505 alia
2807 1451 3178 1518 disseruisset,
3212 1453 3525 1509 sciscitatus

1957 1552 2025 1592 ex
2052 1552 2119 1593 eo
2149 1552 2292 1603 sum,
2330 1537 2569 1596 Deumne
2596 1542 2905 1612 quempiam
2962 1558 3086 1599 esse
3118 1552 3336 1614 putaret
3364 1584 3378 1608 ,
3429 1544 3525 1600 fati

1960 1628 2181 1684 nomine
2206 1630 2575 1700 appellatum,
2610 1633 2705 1702 qui
2736 1633 2982 1689 omnium
3024 1649 3207 1689 rerum
3239 1635 3523 1711 potiretur,

1959 1725 2014 1773 et
2038 1718 2200 1788 cujus
2228 1721 2514 1776 voluntate
2549 1721 2806 1778 universa
2832 1722 3082 1779 crederet
3130 1722 3525 1779 administrari.

306 1797 370 1867 μὴ
391 1797 603 1851 δυνατὸν
636 1793 776 1851 εἶναι
810 1798 1084 1867 γενέσθαι.
1127 1800 1267 1871 Ἐγὼ
1296 1802 1353 1856 δὲ
1377 1801 1546 1856 ταῦτα
1572 1803 1734 1857 αὑτοῦ
1766 1806 1859 1859 καὶ⁸

1965 1809 2031 1864 At
2065 1809 2155 1865 ille
2183 1826 2269 1866 me
2295 1811 2364 1865 ob
2411 1826 2531 1865 eam
2564 1812 3047 1884 interrogationem
3081 1814 3403 1884 ignorantia:
3431 1829 3528 1869 no-

302 1891 361 1944 τὲι
398 1892 616 1947 τοιαῦτα
658 1893 981 1962 διεξιόντος,
1010 1896 1226 1969 ἠρόμην
1262 1899 1445 1963 αὑτὸν,
1489 1901 1536 1952 εἱ
1572 1898 1707 1953 Θεόν
1738 1916 1860 1954 τινα

303 1985 554 2037 οῖεταιτῦν
583 1984 734 2038 κατά
770 1986 985 2040 πάντων
1034 1989 1225 2058 ἔχοντα
1264 1991 1483 2060 κράτος,
1522 1992 1612 2045 τὸν
1640 1991 1718 2061 τῷ
1748 1991 1861 2044 ὀνό-

302 2091 421 2145 ματι
447 2075 538 2144 τῆς
568 2077 918 2148 εἱμαρμένης
964 2080 1239 2134 ἀποκαλού
1248 2099 1406 2152 μενον
1429 2124 1443 2147 ,
1483 2078 1544 2138 οὗ
1569 2083 1645 2155 τῷ
1671 2084 1862 2154 βουλή-

304 2184 423 2236 ματι
457 2167 517 2219 τὰ
551 2166 677 2220 καθ’
704 2168 935 2223 ἕκαστον
957 2170 1356 2243 οἰκονομεῖσθαι
1381 2174 1760 2228 πεπίστευκεν.
1801 2175 1860 2226 '0

297 2254 347 2311 δὲ
380 2257 566 2329 πολλήν
597 2277 703 2330 μου
742 2262 1047 2331 καταγνοὺς
1084 2263 1411 2336 ἀϐελτηρίαν
1456 2267 1511 2320 ἐν
1553 2265 1628 2335 τῷ
1656 2267 1862 2336 ἐρωτή-

306 2367 441 2417 ματι,
487 2349 559 2404 Οὔ
593 2369 690 2421 μοι
721 2352 897 2416 δοκεῖς
927 2356 1404 2426 κατανενοηκέναι,
1444 2358 1597 2427 φησι,
1630 2356 1736 2409 τῶν
1774 2357 1861 2409 οὑ-

301 2440 482 2512 ρανίων
515 2442 697 2495 ούδὲν.
735 2439 815 2496 Ἦ
848 2443 956 2515 γὰρ
983 2444 1048 2498 ἂν
1076 2445 1247 2514 ἔγνως
1280 2448 1745 2520 τῆςεὶμαρμένης
1764 2450 1861 2519 τὴν

299 2533 537 2603 δύναμιν,
600 2535 701 2587 καὶ
754 2536 901 2599 ὅπως
960 2537 1274 2608 κατελήφθη
1328 2539 1436 2609 τῶν
1498 2537 1618 2594 καθ’
1674 2540 1862 2611 εἱρμὸν

299 2623 659 2694 ἀπαραὸατως
708 2625 1008 2697 γινομένων
1057 2629 1090 2696 ἡ
1139 2627 1385 2699 δύναμις.
1459 2629 1622 2700 Ἑμοῦ
1679 2631 1735 2683 δὲ
1770 2632 1864 2683 καὶ

300 2718 419 2783 πρὸς
452 2717 647 2770 τοῦτον
680 2716 1148 2790 ξενοφωνουμένου
1175 2721 1265 2773 τὸν
1292 2722 1469 2798 λόγον,
1494 2723 1587 2776 καί
1618 2740 1669 2775 τι
1705 2723 1864 2790 σαφέ-

300 2822 471 2877 στερον
499 2807 787 2875 ἀξιοῦντος
825 2808 1035 2879 μαθεῖν,
1069 2812 1296 2880 πότερον
1326 2812 1552 2884 δύναμίν
1585 2831 1705 2866 τινα
1740 2831 1866 2885 προο

298 2900 561 2971 αιρετικὴν
594 2900 912 2972 αὐτοκρατῆ
956 2918 1014 2954 τε
1053 2903 1143 2955 καὶ
1172 2903 1482 2969 ἀδέσποτον,
1520 2905 1576 2957 ἐν
1606 2905 1863 2975 ὑπερκεια⁴

299 2991 422 3059 μένῃ
451 2992 557 3044 τινὶ
586 2990 810 3062 ἐξουσίᾳ
835 2990 1212 3063 θεωρουμένην
1239 2994 1335 3065 τὴν
1364 2996 1700 3066 εἱμαρμένην
1730 2990 1866 3048 εἶναι

1960 1898 2107 1954 mine
2136 1914 2245 1953 non
2300 1900 2494 1955 leviter
2522 1903 2838 1957 accusabat.
2881 1901 2999 1957 Non
3032 1902 3235 1958 videris
3263 1944 3278 1968 ,
3321 1903 3522 1973 inquit.

1961 1988 2095 2042 mihi
2128 1987 2426 2059 quidquam
2463 1990 2771 2044 caelestium
2809 2005 2989 2045 rerum
3020 1992 3353 2061 percepisse.
3388 1992 3529 2046 Alio-
3566 2036 3571 2039 .

1960 2078 2093 2148 quin
2147 2079 2292 2132 enim
2342 2079 2694 2148 coguovisses
2753 2080 2998 2150 profecto
3036 2080 3325 2146 vim'fati,
3385 2080 3529 2135 unde

1913 2227 1919 2233 ,
1963 2169 2175 2225 scilicet
2221 2178 2276 2223 et
2303 2170 2579 2240 quomodo
2615 2171 2955 2241 deprehensa
3000 2172 3073 2226 sit
3104 2173 3188 2227 vis
3219 2186 3403 2228 rerum
3435 2174 3529 2226 im-

1962 2260 2210 2315 mutabili
2248 2262 2481 2331 quadam
2514 2264 2656 2319 serie
2705 2278 2955 2333 nexuque
2996 2264 3382 2320 evenientium.
3419 2262 3531 2335 Ego

1964 2353 2235 2409 sermonis
2268 2355 2506 2409 novitate
2531 2353 2963 2425 obstupefactus.
3008 2369 3132 2409 cum
3163 2369 3438 2424 rogassem
3473 2365 3529 2410 ut

1963 2458 2049 2497 me
2069 2444 2231 2513 paulo
2252 2444 2457 2497 clarius
2476 2442 2749 2510 edoceret,
2778 2452 2959 2498 utrum
2985 2443 3153 2498 fatum
3185 2444 3329 2513 quod
3349 2443 3531 2498 animo

1967 2533 2224 2601 ﬁngeret,
2254 2534 2362 2588 vim
2390 2533 2682 2604 quamdam
2717 2535 3081 2589 voluntariam
3107 2573 3121 2599 ,
3161 2535 3410 2601 liberam,
3445 2536 3530 2591 sui

1959 2625 2124 2693 juris,
2158 2640 2489 2696 summaeque
2514 2626 2788 2696 potentiae,
2819 2642 2887 2679 an
2918 2641 3048 2681 vero
3081 2626 3227 2680 aliud
3250 2626 3528 2696 quidpiam
3604 2702 3613 2703 ί

1965 2717 2032 2769 ab
2068 2716 2159 2769 illa
2213 2717 2489 2772 diversum
2531 2733 2654 2774 esse
2697 2725 2960 2773 statueret
3008 2737 3021 2772 :
3056 2718 3248 2773 eadem
3300 2718 3530 2787 repetita

1964 2808 2248 2862 oratione:
2290 2808 2415 2874 Qui,
2448 2808 2622 2879 inquit
2644 2849 2660 2871 .
2689 2809 3084 2878 contemplatus
3112 2816 3196 2865 est
3228 2808 3529 2864 caelestium

1965 2914 2253 2967 corporum
2309 2909 2556 2963 motum,
2612 2901 2894 2955 zodiacum
2945 2900 3252 2965 circulum,
3304 2900 3532 2969 ejusque

1966 2989 2291 3053 duodecim,
2342 3006 2462 3059 qua:
2517 2990 2570 3044 in
2616 3006 2683 3046 eo
2729 2989 3184 3060 conspiciuntur,
3244 2996 3526 3061 segmenta

296 3082 646 3149 φαντάζεται,
680 3082 710 3152 ἢ
740 3082 867 3136 ἀλλο
906 3100 957 3135 τι
985 3084 1134 3155 παρὰ
1166 3085 1323 3138 τοῦτο
1368 3085 1633 3156 ὑπείληφε
1653 3128 1668 3152 ,
1707 3086 1865 3140 πάλιν

1971 3083 2312 3154 aequabiliter
2346 3085 2488 3140 inter
2522 3101 2581 3141 se
2613 3085 2806 3141 dissita
2847 3104 2860 3139 :
2896 3100 2997 3142 nec
3036 3100 3144 3140 non
3187 3083 3530 3155 singulorum

292 3173 379 3225 τὸν
413 3174 569 3227 αὑτὸν
614 3175 974 3229 ἐπαναλαόὼν
1006 3175 1181 3243 λόγον,
1220 3176 1278 3229 ’0
1300 3178 1407 3233 τῶν
1443 3177 1723 3249 οὐρανίων,
1759 3194 1862 3248 φη-

295 3264 398 3325 σὶν,
441 3265 855 3336 ἐπεσκεμμένος
895 3267 993 3338 τὴν
1039 3267 1268 3339 κίνησιν,
1318 3269 1407 3321 τόν
1442 3285 1502 3321 τε
1544 3267 1865 3337 ζωδιοφόρον

294 3355 506 3420 κύκλον,
553 3357 654 3409 καὶ
702 3358 770 3410 τὰ
804 3359 861 3410 ἐν
907 3358 1053 3428 αύτῴ
1085 3360 1406 3412 δυοκαίδεκα
1451 3361 1748 3429 τμήματα,
1797 3360 1863 3429 τῇ

294 3451 608 3518 περιγραᾳῇ
647 3447 753 3499 τῶν
788 3446 1233 3518 ὲνθεωρουμένων
1265 3448 1468 3512 ζωδίων
1515 3448 1581 3501 δι’
1619 3446 1732 3500 ἴσου
1771 3448 1865 3502 ἀπ’

294 3538 532 3609 suam
582 3540 930 3610 διεστηκότα,
975 3540 1206 3613 ἑκόιστου
1257 3558 1314 3594 τε
1362 3540 1469 3593 τῶν
1508 3541 1722 3611 ἄστρων
1768 3540 1866 3611 τὴν

289 3628 513 3699 δύναμιν
550 3633 902 3702 κατανοήσας
926 3671 941 3694 ,
993 3632 1106 3685 τίνα
1149 3633 1248 3702 μὲν
1293 3632 1377 3702 ἐφ’
1411 3632 1604 3685 ἑαυτοῦ
1636 3633 1867 3687 ἕκαστον

291 3721 352 3772 ἐκ
390 3720 609 3788 φύσεως
643 3722 795 3791 is:le
824 3721 935 3791 ἔχει
957 3738 971 3752 ⁸
1005 3722 1055 3775 τί
1085 3720 1141 3776 δὲ
1168 3724 1202 3792 ἡ
1231 3721 1443 3786 σύνοδος
1470 3722 1647 3776 αὐτῶν
1685 3725 1749 3777 ὲκ
1768 3724 1868 3795 τῆς

290 3812 449 3873 ποιεῖς
486 3811 629 3881 πρὸς
661 3811 862 3880 ἄλληλα
893 3812 1138 3882 κράσεως
1170 3812 1560 3883 ἀπεργάζεται,
1595 3814 1693 3885 τῆς
1727 3813 1867 3869 κατά

292 3900 525 3970 δύναμιν
566 3902 792 3956 ἑκάστου
838 3902 1013 3955 αὐτῶν
1059 3902 1319 3974 ἰδιότητος
1370 3903 1653 3974 μιχθείσης
1693 3921 1750 3956 τε
1790 3904 1867 3974 τῷ

289 3993 693 4063 προσεγγίσμῷ
716 3995 848 4066 πρὸς
883 3993 977 4065 τὴν
1005 3995 1219 4064 ἑτέραν,
1254 3996 1346 4049 καὶ
1370 3994 1765 4066 ἀποκριθείσης
1781 3995 1867 4049 διὰ

281 4083 383 4151 τῆς
418 4085 772 4148 ἀποστάσεως
793 4104 807 4118 ι
836 4084 887 4138 τί
921 4103 977 4140 τε
1014 4086 1173 4140 πάλιν
1205 4088 1237 4158 ἡ
1266 4085 1357 4140 τοῦ
1392 4086 1698 4159 κατωτέρου
1736 4087 1869 4141 ὑπό-

282 4173 443 4233 εασις
486 4177 816 4247 ἐργάζεται·
864 4180 957 4231 καὶ
1001 4178 1052 4231 τί
1087 4179 1120 4248 ἡ
1155 4177 1250 4233 τοῦ
1268 4178 1681 4250 ,ὑπερκειμένου
1728 4178 1869 4233 κατὰ

279 4266 373 4336 τὴν
409 4267 655 4337 πάροδον
678 4267 935 4335 ἔκλειψις,
955 4268 1049 4321 καὶ
1081 4265 1240 4322 πάλιν
1267 4269 1729 4333 ἀποκατάστασις,
1758 4271 1787 4323 ὃ
1808 4286 1867 4322 τε

279 4360 525 4424 κοπιᾶπ
560 4358 675 4411 τῶν
707 4360 992 4413 συνιόντων
1022 4376 1079 4413 τε
1113 4361 1206 4414 καὶ
1235 4361 1618 4433 ἀφισταμένων
1651 4377 1868 4435 σχημαέ

1974 3184 2251 3232 astrorum
2288 3175 2602 3231 facultatem
2638 3192 2702 3230 ac
2736 3177 2884 3232 vires
2905 3192 3043 3247 quas
3070 3192 3166 3247 per
3193 3192 3253 3234 se
3277 3176 3535 3248 quodque

1970 3268 2025 3323 in
2055 3277 2175 3322 ortu
2211 3283 2312 3322 suo
2341 3267 2502 3321 habet
2536 3285 2549 3320 :
2582 3266 2714 3335 quid
2741 3282 2929 3323 eorum
2952 3268 3146 3324 efﬁciat
3177 3282 3532 3338 congressus.

1969 3358 2208 3430 propriis
2235 3358 2579 3429 singulorum
2617 3359 2912 3415 virtutibus
2941 3360 3085 3414 inter
3107 3375 3167 3415 se
3193 3360 3531 3429 temperatis.

1969 3455 2084 3507 sive
2128 3465 2207 3506 exe
2246 3450 2727 3516 commisceantur,
2777 3458 2837 3505 ut
2878 3466 3004 3506 cum
3046 3459 3258 3508 astrum
3305 3452 3535 3506 alterum

1969 3539 2367 3611 appropinquat
2391 3541 2568 3607 alteri,
2600 3542 2715 3596 sive
2741 3550 3123 3606 secernantur,
3162 3550 3221 3597 ut
3257 3557 3382 3597 cum
3400 3542 3534 3597 alte-

1968 3646 2091 3686 rum
2107 3631 2176 3686 ab
2192 3631 2364 3686 altero
2388 3631 2596 3688 recedit
2618 3651 2631 3687 :
2655 3632 2785 3702 quid
2810 3634 2937 3688 item
2961 3632 3239 3690 inferioris
3260 3647 3534 3693 recessus.

1968 3721 2097 3792 quid
2128 3722 2428 3793 superioris
2460 3723 2516 3778 in
2550 3726 2783 3780 transitu
2818 3723 3055 3780 defectio
3077 3767 3093 3790 ,
3125 3723 3256 3795 quid
3289 3721 3535 3792 ejusdem

1969 3814 2249 3868 restitutio
2280 3831 2293 3868 :
2326 3813 2458 3884 quid
2483 3806 2640 3869 varia
2670 3815 3138 3885 congredientium
3158 3823 3212 3870 et
3230 3814 3540 3884 digredien-

1972 3904 2105 3959 lium
2124 3903 2319 3968 forma,
2352 3904 2469 3961 sive
2486 3904 2770 3975 trianguli,
2789 3906 2904 3962 sive
2927 3905 3157 3970 scaleni,
3184 3910 3279 3957 aut
3297 3904 3343 3958 si
3371 3917 3535 3973 quam

1971 3998 2131 4051 aliam
2155 3999 2540 4067 geometricam
2582 3996 2811 4065 figuram
2839 3996 3082 4051 referunt
3112 4011 3128 4049 :
3165 3994 3258 4064 qui
3284 3993 3417 4055 hac.
3446 3992 3531 4048 in-

1970 4090 2110 4159 quit.
2141 4097 2196 4145 et
2226 4087 2543 4159 hujusmodi
2568 4089 2674 4141 alia
2695 4084 3539 4157 perspexerit,scietfatinomine

1970 4178 2025 4233 id
2055 4177 2392 4259 signiﬁcari,
2445 4176 2591 4246 quod
2640 4175 2780 4229 serie
2812 4171 3048 4242 quadam
3083 4172 3408 4229 immutabili
3441 4189 3539 4243 pro

1972 4268 2250 4323 stellarum
2308 4265 2697 4334 conjunctione
2750 4261 3063 4318 necessario
3106 4262 3355 4318 efﬁcitur.
3386 4261 3525 4318 Cum

1971 4358 2024 4413 id
2067 4371 2284 4426 quoque
2339 4355 2471 4409 mihi
2530 4352 2834 4408 inauditum
2887 4359 2938 4408 et
2988 4368 3191 4408 novum
3246 4351 3536 4409 accidisset

273 4450 493 4522 τισμὸς,
540 4452 607 4502 ἐν
643 4451 970 4521 τριγωνίοις,
1004 4450 1036 4520 ἢ
1075 4451 1358 4521 σκαληνοῖς
1385 4452 1865 4523 καταγραφόμενος

1974 4450 2105 4516 (non
2146 4448 2291 4505 enim
2326 4432 2623 4518 quidquam
2672 4461 2864 4502 eorum
2897 4461 3018 4516 quae
3065 4446 3291 4513 diceret,
3339 4444 3540 4501 intelli-

278 4543 561 4613 πήμασιν
585 4580 602 4603 ,
635 4541 669 4612 ἦ
702 4542 794 4594 καὶ
824 4541 951 4594 ἄλλο
983 4558 1034 4594 τι
1067 4540 1174 4596 τῶν
1197 4542 1337 4595 κατὰ
1370 4543 1706 4613 γεωμετρίαν
1738 4541 1861 4595 θεω-

277 4632 566 4701 ρουμένων
643 4633 936 4704 σχημάτων
995 4631 1305 4686 ἀποτελῶνν
1356 4637 1385 4688 ὁ
1432 4636 1604 4687 ταῦτα
1662 4634 1756 4687 καὶ
1800 4633 1871 4689 τὰ

272 4725 502 4779 τοιαῦτα
540 4726 912 4796 κατανοήσας,
943 4725 1147 4781 εἴσεται
1177 4726 1276 4797 τῆς
1309 4726 1643 4799 εἱμαρμένης
1675 4725 1737 4778 τὸ
1770 4742 1868 4796 ση-

272 4817 645 4887 μαινόμενον.
669 4815 751 4867 ὃτι
785 4814 847 4867 τὸ
886 4815 1063 4887 εἱρμῷ
1090 4833 1195 4869 τινι
1237 4812 1575 4885 ἀπαραϐἀτῳ
1607 4813 1747 4868 κατά
1773 4812 1870 4885 τὴν

273 4906 433 4957 ποιὰν
467 4904 809 4976 συμπλοκὴν
836 4904 944 4958 τῶν
978 4906 1221 4978 ἀστέρων
1249 4904 1559 4975 ἀναγκαίως
1580 4899 1872 4960 ἀποτελού-

271 5015 433 5068 μενον
488 4996 583 5068 ’τῷ
643 4996 866 5067 ὀνόματι
923 4996 1021 5069 τῆς
1074 4998 1412 5069 εἱμαρμένης
1458 4997 1868 5070 διηρμήνευται.

280 5087 437 5143 Ἐπεὶ
464 5088 531 5143 δέ
565 5104 651 5158 με
668 5087 938 5143 καὶτοῦτο
964 5088 1124 5143 πάλιν
1142 5088 1376 5156 ἐξένιζεν
1396 5105 1409 5120 ο
1432 5090 1493 5142 οὐ
1528 5088 1637 5159 γὰρ
1686 5088 1873 5159 συνίην

264 5180 374 5255 τῶν
406 5179 748 5252 λεγομένων
775 5180 945 5246 οὐδὲν,
981 5180 1074 5235 ἅτε
1110 5183 1185 5253 μὴ
1220 5180 1648 5253 πεπαιδευμένος
1671 5179 1874 5251 ταύτην

268 5275 368 5346 τὴν
393 5273 705 5327 παίδευσιν
725 5290 738 5305 ο
764 5271 968 5344 ἠξίουν,
995 5272 1063 5325 δι’
1091 5266 1165 5329 ὧν
1188 5269 1256 5344 ἦν
1295 5290 1384 5343 μοι
1417 5271 1641 5326 δυνατὸν
1670 5269 1874 5340 γνῶναι

268 5368 366 5439 τὴν
400 5368 514 5438 τῆς
556 5367 903 5436 εἱμαρμένης
935 5364 1192 5430 διάνοιαν,
1227 5364 1312 5419 διὰ
1342 5365 1544 5418 τούτων
1576 5381 1663 5436 μοι
1709 5378 1873 5431 φανε-

274 5458 363 5527 ρὸν
418 5457 626 5511 ποιεῖν
657 5455 715 5508 τὸ
755 5455 1061 5527 λεγόμενον.
1113 5456 1251 5518 Τοὺς
1302 5456 1411 5527 γὰρ
1456 5452 1731 5526 ἀστρῲους
1778 5451 1876 5505 κύο

272 5547 436 5609 κλους
462 5545 646 5603 ἄλλον
666 5545 807 5617 ἄλλῳ
828 5546 1123 5615 ἐγκεῖσθαι,
1152 5547 1244 5600 καὶ
1269 5547 1369 5617 τὴν
1389 5546 1634 5600 ἐναντίαν
1664 5544 1875 5614 κίνησιν

274 5639 339 5706 τῇ
388 5636 658 5690 ἀπλανεῖ
695 5638 964 5707 περιφορᾷ
1004 5636 1144 5690 κατὰ
1180 5636 1240 5689 τὸ
1275 5636 1424 5700 ἐντὸς
1471 5634 1874 5700 ἀνελίσσεσθαι,

277 5728 370 5781 καὶ
399 5728 641 5786 tim-t1;
667 5725 875 5789 τούτους
909 5728 981 5798 τῷ
1012 5724 1263 5798 ζωδιακῷ
1310 5726 1625 5781 ὲνδινεῖσθαι
1654 5726 1835 5798 κύκλῳ
1861 5742 1872 5756 ο

1931 5526 1946 5540 _
1977 5455 2224 5510 inferiori
2268 5454 2478 5510 directe
2517 5461 2826 5525 apponatur
2867 5470 2882 5507 :

1972 4543 2183 4613 gebam,
2216 4542 2416 4611 quippe
2444 4554 2508 4594 ea
2548 4537 2835 4608 disciplina
2865 4553 2972 4592 uon
3015 4535 3315 4606 eruditus),
3350 4533 3539 4606 rogavi

1974 4641 2028 4687 ut
2073 4647 2142 4686 eo
2188 4633 2349 4687 modo
2408 4631 2540 4685 mihi
2592 4629 2700 4683 vim
2750 4629 2901 4684 verbi
2931 4627 3255 4692 declararet,
3289 4640 3402 4697 quo
3443 4623 3540 4679 fati

1970 4723 2247 4779 notionem
2284 4720 2504 4790 assequi
2555 4733 2791 4789 possem.
2832 4716 2967 4771 Nam
3009 4716 3261 4772 caelestes
3298 4714 3541 4769 circulos

1972 4816 2138 4869 alium
2203 4814 2257 4869 in
2305 4814 2414 4868 alio
2453 4828 2597 4875 esse,
2651 4819 2705 4866 ct
2764 4818 2913 4865 motu
2968 4809 3249 4865 contrario
3303 4821 3542 4863 conver-

1972 4906 2116 4963 sioni
2152 4904 2475 4959 ﬁrmamenti
2509 4918 2606 4957 seu
2637 4901 2848 4972 aplanis
2879 4901 3112 4956 interius
3143 4898 3300 4965 cieri,
3340 4910 3543 4967 eosque

1973 5012 2165 5053 omnes
2181 4997 2237 5051 in
2267 4996 2492 5051 zodiaco
2512 4993 2867 5049 circumvolvi
2897 5010 2911 5048 :
2946 4993 3085 5059 haec,
3113 4992 3355 5061 inquam,
3377 4989 3541 5045 etiam

1973 5090 2044 5145 ab
2092 5088 2217 5144 aliis
2259 5087 2463 5151 audivi,
2507 5102 2571 5141 ac
2611 5084 2841 5157 proinde
2889 5083 3243 5139 luminarium
3295 5081 3546 5153 splendo-

1974 5197 2089 5238 rem
2144 5195 2246 5252 pro
2301 5181 2656 5235 conversione
2697 5179 2896 5249 cuique
2951 5176 3095 5233 coelo
3151 5175 3372 5246 propria
3427 5182 3544 5231 tum

1975 5272 2234 5333 accedere
2257 5279 2373 5326 tum
2408 5272 2685 5332 recedere,
2724 5278 2883 5340 atque
2929 5264 3190 5323 inferiore
3216 5275 3368 5322 astro
3407 5266 3545 5325 sub-

1974 5374 2139 5420 eunte
2186 5364 2301 5417 tolli
2333 5378 2364 5416 e
2392 5371 2687 5433 conspectu
2712 5369 2904 5417 nostro
2949 5358 3225 5431 superius.
3251 5359 3299 5416 si
3321 5358 3545 5431 quidem

2927 5461 2984 5509 et
3033 5466 3372 5524 quaecunque
3416 5451 3548 5507 hinc

1978 5555 2101 5617 apte
2123 5546 2533 5616 colligerentur,
2563 5546 2679 5601 sive
2705 5542 2936 5599 formam
2969 5544 3212 5616 aliquam
3236 5543 3541 5608 efﬁcerent,

1981 5645 2041 5692 ut
2087 5652 2210 5692 cum
2272 5636 2512 5691 circulus
2569 5634 2805 5707 spatium
2853 5637 3005 5707 quod
3051 5636 3107 5693 in
3170 5651 3230 5695 se
3275 5632 3542 5697 continet,

1986 5726 2058 5781 ita
2094 5735 2243 5781 motu
2276 5740 2379 5807 suo
2405 5723 2593 5790 ambit,
2630 5733 2692 5780 ut
2727 5725 2877 5785 sidus
2912 5726 2968 5785 in
3013 5725 3251 5785 transitu
3275 5731 3370 5780 aut
3399 5725 3549 5775 recta
