4072 6212
599 277 695 332 151

1845 273 1899 327 s.
1948 269 2269 328 GltEGOltll
2327 242 2652 324 urssmvr

3752 271 3856 328 152

585 394 892 465 'objiciatur
942 392 1236 463 superiori,
1264 402 1357 448 aut
1382 392 1655 458 declinet;
1696 390 1810 444 sive
1857 389 2004 444 brevi
2032 395 2162 443 tem-

2282 385 2437 440 ταῦτα
2472 384 2566 440 καί
2599 385 2726 456 παρ’
2763 384 2962 457 ἑτέρων
2997 382 3148 440 εἶπον
3183 382 3512 459 ἀκηκοέναι,
3546 388 3640 447 καὶ
3659 388 3721 443 ἐκ
3758 389 3852 455 τοῦ

598 486 751 555 poris
802 484 1114 547 intervallo,
1165 482 1281 539 sive
1328 482 1560 553 longiori
1596 481 1867 550 cujusque
1906 480 2170 535 circuitus

599 574 998 636 absolveretur,
1052 572 1494 643 quandoquidem
1543 586 1640 640 pro
1685 570 2026 641 singulorum
2052 582 2167 621 ma-

599 665 882 735 gnitudine
912 667 1230 724 necessario
1279 666 1361 720 vel
1391 664 1624 719 celerior
1665 663 1745 717 vel
1780 661 1988 716 tardior
2017 668 2164 715 ess._-t

597 771 905 811 COHVOI'SIO.

2277 476 2569 531 ἀκολούθου
2604 476 2679 548 μὴ
2701 476 3082 547 ἀμφιδάλλειν,
3106 478 3205 542 τὰς
3226 476 3334 530 τῶν
3356 479 3653 550 φωστήρων
3680 481 3854 549 αὑγᾲς

2279 569 2418 622 κατᾶ
2449 567 2545 639 τὴν
2588 567 2891 632 ἰδιάζουσαν
2917 568 3132 640 ἑκάστῳ
3158 567 3264 622 τῶν
3295 568 3472 623 πόλων
3493 569 3861 641 κυκλοφορίαν

2282 662 2660 735 προσεγγίζειν
2697 679 2756 715 τε
2791 662 2886 715 καὶ
2919 660 3267 730 ἀφίστασθαι,
3305 662 3398 715 καὶ
3427 660 3736 716 ὑποϐαίνειν
3763 662 3857 716 τὸν

2282 753 2616 825 κατώτερον,
2668 753 2763 805 καί⁸
2814 752 3153 824 κρύπτεσθαι
3192 752 3281 805 τὸν
3326 753 3719 824 ὑπερκείμενον
3748 749 3859 806 ἀπὸ

596 845 704 898 τῶν
751 846 1032 919 ἡμετέρων
1075 847 1270 918 ὄψεων,
1316 848 1364 899 εἰ
1413 846 1553 900 κατά
1602 844 1772 897 νώτου
1819 843 2027 911 γένοιτο
2077 842 2173 896 τοῦ
2211 844 2631 908 ὑποϐαίνοντος⁶
2656 844 2750 897 καὶ
2784 843 2960 898 πάντα
2978 843 3079 897 ὅσα
3109 844 3254 907 εἰκὸς
3288 843 3353 895 ἐκ
3406 843 3501 897 τοῦ
3558 842 3853 909 ἀκολούθου

598 934 937 1005 λογίσασθαι,
985 938 1093 990 εἴτε
1121 954 1174 991 τι
1209 937 1397 1007 σχῆμα
1427 935 1517 989 διὰ
1549 934 1753 987 τούτων
1781 932 2130 999 ἀποτελεῖται
2158 974 2172 996 ,
2213 936 2341 988 ὅταν
2372 937 2400 989 ὁ
2422 936 2618 999 κύκλος
2648 938 2878 1009 περιστῇ
2908 934 2993 989 διά
3025 937 3123 1005 τῆς
3148 935 3283 997 ἰδίας
3308 934 3571 1005 κινήσεως
3644 934 3706 988 τὸ
3770 935 3856 1004 ἑςι*

597 1025 790 1081 ἑαυτοῦ
824 1028 1074 1096 κείμενον
1121 1026 1319 1095 ἄστρον
1344 1044 1357 1057 ·
1403 1024 1543 1078 ὥστε
1588 1027 1621 1095 ἢ
1673 1028 1792 1079 κατ’
1822 1023 2038 1078 εὐθεῖαν
2069 1024 2163 1077 τοῦ
2202 1026 2595 1098 ὑπερκειμένου
2631 1028 2903 1096 γενέσθαι,
2939 1028 2971 1099 ἦ
3028 1027 3321 1097 πλαγιάσαι
3362 1026 3498 1080 κατά
3546 1025 3644 1097 τὴν
3716 1026 3858 1096 πάρ-

597 1116 736 1181 βδον,
789 1116 899 1171 εἴτε
950 1117 1014 1170 δι’
1063 1117 1239 1187 ὀλίγου
1297 1117 1386 1171 τοῦ
1426 1115 1671 1189 χρονικοῦ
1721 1117 2116 1187 διαστήματος,
2160 1118 2266 1187 εἴτε
2297 1119 2383 1173 διὰ
2415 1120 2655 1181 πλείονος
2710 1122 2938 1175 ἑκάστου
2995 1121 3255 1191 τούτωνή
3325 1119 3570 1191 περίοδος
3626 1119 3854 1188 γίνεται,

600 1210 742 1272 κατὰ
768 1210 829 1264 τὸ
858 1210 1083 1281 μέγεθος
1111 1214 1210 1282 τῆς
1240 1210 1362 1264 καθ’
1387 1210 1617 1263 ἑκαστον
1647 1208 1755 1263 τῶν
1784 1208 1999 1262 κύκλων
2040 1208 2359 1293 ἀναλογίας,
2392 1212 2703 1281 ἀναγκαίως
2734 1213 2766 1293 ἢ
2803 1212 2993 1266 θᾶττον
3061 1213 3089 1281 ἢ
3157 1213 3374 1285 βράδιον
3435 1214 3534 1285 τῆς
3595 1214 3856 1283 ἀναστρο-

598 1304 707 1372 φῆς
740 1304 1079 1375 κινουμένης.

673 1397 770 1452 His
799 1396 1057 1452 omnibus
1086 1395 1304 1450 silentio
1344 1395 1633 1466 praeteritis
1667 1395 1916 1457 orabam,
1957 1402 2014 1447 ut
2048 1401 2171 1446 tan—

602 1497 716 1542 tum
772 1485 867 1540 fati
912 1486 1020 1540 vim
1075 1486 1363 1556 perspicue
1415 1485 1546 1539 mibi
1593 1482 2174 1554 explicat'et,'Deusnc

604 1580 806 1649 aliquis
849 1577 944 1632 l‘ati
1002 1576 1222 1631 nomine
1272 1577 1694 1648 intelligeretur,
1744 1576 1909 1647 hujus
1934 1576 2176 1632 universi

604 1672 918 1740 imperator,
945 1682 1155 1724 summa
1188 1676 1455 1739 potestate
1474 1669 1752 1739 praeditus,
1774 1671 1975 1739 quique
1996 1669 2177 1739 omnia

2353 1390 2537 1444 Ταῦτα
2570 1392 2744 1444 πάντα
2775 1391 2869 1443 καὶ
2906 1390 2973 1450 τά
3004 1389 3227 1443 τοιαῦτα
3258 1393 3415 1462 σιγᾷν
3447 1390 3653 1462 ἠξίουν,
3695 1394 3857 1464 μόνον

2281 1484 2336 1537 δέ
2370 1501 2459 1554 μοι
2497 1482 2679 1551 σαφῶς
2706 1483 3064 1536 ἐκκαλύπτειν
3091 1484 3189 1553 τῆς
3213 1483 3551 1555 εἱμαρμένης
3581 1485 3679 1556 τὴν
3699 1486 3859 1542 δύναο

2286 1591 2399 1644 μιν,
2447 1574 2575 1636 Θεός
2609 1573 2688 1635 τίς
2742 1574 2886 1625 ἑστιν
2925 1574 2953 1625 ὁ
2990 1572 3067 1645 τῷ
3113 1572 3333 1643 ὀνόματι
3372 1573 3470 1644 τῆς
3518 1575 3858 1649 εἱμαρμένης

2284 1663 2403 1731 νοού
2412 1682 2588 1735 μενος,
2624 1666 2715 1729 καὶ
2746 1664 2840 1725 τοῦ
2866 1665 3067 1729 παντὸς
3093 1662 3397 1735 ἐξημμένος
3422 1666 3482 1719 τὸ
3508 1667 3704 1743 κράτος
3723 1711 3738 1735 ,
3764 1671 3860 1738 καὶ

607 1762 829 1816 haberet
862 1762 915 1815 in
943 1774 1247 1824 manusua,
1281 1768 1335 1813 et
1379 1760 1769 1829 proarbitratu
1817 1760 2175 1829 gubernaret:

2283 1754 2460 1807 πάντα
2505 1758 2625 1809 κατ’
2655 1754 2899 1823 ἐξουσίαν
2944 1756 3023 1827 τῷ
3058 1757 3375 1831 ὑπερέχοντι
3428 1757 3525 1829 τῆς
3570 1758 3854 1829 δυνάμεως

604 1868 674 1906 an
715 1867 841 1906 vero
888 1852 993 1905 lati
1040 1852 1293 1906 virtutem
1333 1852 1561 1904 alterius
1608 1851 1842 1920 alicujus
1878 1850 2179 1920 superioris

607 1940 1182 2021 virtutis‘ministram
1241 1946 1528 2001 statueret,
1580 1948 1642 1993 ut
1676 1948 1738 1993 ‘et
1796 1940 1911 2008 ipsa
1944 1939 2178 2009 quodam

605 2029 768 2084 modo
813 2028 967 2083 alteri
1025 2027 1136 2081 l'ato
1176 2026 1421 2097 subjecta
1451 2028 1543 2092 sit,
1572 2026 2018 2096 praECt‘chntim‘is
2053 2040 2183 2079 rau-

606 2136 687 2175 sre
718 2121 773 2174 in
829 2119 1304 2174 administratione
1348 2108 1515 2174 socia.
1569 2116 1703 2171 Nam
1752 2118 1798 2171 si
1846 2133 1964 2172 eam
2007 2121 2059 2171 in
2098 2134 2182 2172 res

605 2230 799 2276 nunties
845 2214 1130 2282 imperium
1185 2214 1434 2267 obtinere
1484 2211 1816 2266 credendum
1869 2221 2036 2269 esset.
2094 2226 2182 2263 ra-

607 2308 754 2360 tione
801 2319 901 2361 nos
966 2303 1173 2366 induci,
1232 2313 1288 2357 ut
1349 2304 1485 2357 nihil
1534 2303 1680 2356 illam
1765 2301 2176 2372 supereminere

607 2410 953 2452 censeamus.
1007 2392 1103 2448 Sin
1138 2409 1256 2449 eam
1312 2402 1586 2449 astrorum
1630 2388 1832 2448 motum
1901 2392 2077 2462 sequi,
2120 2406 2183 2446 ac

608 2487 684 2540 ita
738 2484 955 2539 demum
1017 2484 1255 2538 violenta
1306 2487 1542 2555 quadam
1595 2482 1924 2538 necessitate
1981 2482 2034 2534 in
2094 2494 2183 2534 res

609 2591 803 2632 omnes
852 2575 1125 2632 dominari
1179 2584 1544 2640 asseveraret,
1606 2575 1778 2630 satius
1827 2570 1998 2627 luisse
2048 2587 2181 2642 prae-

609 2666 826 2725 cedenti
877 2681 1038 2737 quam
1091 2667 1341 2735 sequenti
1409 2666 1833 2735 omnipotentem
1891 2649 2181 2715 illam'vim

610 2758 930 2823 attribuere,
992 2772 1058 2811 ac
1105 2757 1187 2812 vel
1234 2754 1412 2811 sidera
1474 2770 1656 2810 l'Cl‘ll.tl
1712 2756 1940 2808 istarum
1982 2768 2182 2815 causas

610 2864 734 2906 esse
784 2849 985 2912 dicere,
1056 2848 1139 2903 vel
1219 2847 1631 2901 conversionem
1685 2845 2034 2906 lirmamenti,
2096 2848 2182 2898 vel

592 2930 849 2996 'circulos
891 2942 983 3010 qui
1023 2940 1072 2992 in
1107 2955 1168 2993 ea
1217 2938 1655 3007 conspiciuntur,
1693 2938 1771 2991 vel
1813 2944 1958 2991 certe
2000 2938 2180 2991 circu-

611 3034 721 3086 lum
776 3031 1063 3102 qni'coclo
1101 3030 1320 3100 oblique
1369 3028 1708 3082 inscribitur.
1750 3028 1806 3081 Si
1860 3028 1983 3097 quis
2033 3028 2179 3081 enim

613 3114 938 3178 concederet
995 3131 1143 3181 astra
1207 3136 1382 3190 neque
1444 3135 1539 3191 per
1592 3135 1651 3173 se
1708 3120 1953 3185 moveri,
2009 3108 2182 3189 neque

615 3219 873 3283 perpetua
923 3213 1281 3268 conversione
1331 3212 1472 3264 inter
1527 3226 1585 3265 se
1636 3218 1729 3263 aut
1779 3209 2036 3278 conjungi
2091 3215 2183 3262 aut

612 3306 872 3374 disjungi,
919 3305 1018 3360 sed
1080 3303 1321 3358 eamdem
1390 3317 1605 3372 semper
1653 3301 1858 3356 referre
1905 3300 2133 3371 ﬁguram
2166 3339 2181 3363 ,

614 3396 785 3448 fatum
824 3408 929 3447 non
981 3392 1290 3448 exsisteret.
1352 3390 1531 3455 Quare
1578 3391 1623 3445 si
1660 3406 1727 3443 ex
1783 3389 2034 3445 siderum.
2071 3403 2185 3441 mo-

613 3485 765 3537 tione
818 3481 987 3535 latum
1038 3481 1240 3545 oritur,
1282 3478 1491 3534 frustra
1532 3479 1778 3548 profecto
1810 3477 1862 3531 id
1914 3478 2182 3532 dominari

614 3578 673 3630 in
721 3585 913 3628 ca'tera
961 3580 1204 3643 putatur,
1263 3572 1409 3643 quod
1463 3571 1734 3641 superiori
1768 3585 1949 3625 causa:
1995 3570 2182 3635 servit,

613 3680 791 3735 neque
845 3664 1064 3718 omnino
1128 3671 1275 3719 esset
1335 3662 1439 3717 nisi
1498 3671 1678 3715 motus
1728 3670 1895 3731 esset.
1954 3661 2021 3713 At
2075 3674 2183 3714 non

611 3772 700 3821 eo,
727 3757 902 3825 inquit
927 3755 1304 3826 philosophus,
1333 3763 1520 3809 nostra
1553 3761 1764 3822 spectat
1790 3752 1989 3818 oratio,
2025 3751 2184 3821 quasi

617 3848 792 3917 ipsum
817 3846 987 3899 fatum
1027 3860 1123 3915 per
1148 3859 1205 3900 se
1244 3852 1391 3900 esset
1453 3843 1635 3913 aliqua
1686 3850 1906 3909 natura,
1937 3842 2033 3897 sed
2059 3857 2182 3896 cum

614 3940 689 3994 sit
734 3938 980 4009 quaedam
1029 3952 1211 3993 rerum
1278 3943 1469 3992 mutua
1515 3935 1895 3991 convenientia
1947 3943 2003 3989 et
2050 3948 2183 3988 con-

611 4028 846 4099 iunctio,
879 4037 1043 4099 atque
1071 4028 1386 4089 universum
1433 4027 1579 4082 omni
1609 4042 1676 4082 ex
1710 4034 1865 4097 parte
1895 4025 2183 4088 cohaereat,

616 4117 1076 4187 quemadmodum
1109 4119 1271 4171 etiam
1305 4117 1359 4179 in
1391 4132 1505 4170 uno
1551 4116 1735 4186 aliquo
1784 4130 2016 4186 corpore
2037 4130 2186 4185 quae—

616 4210 739 4262 dam
765 4207 1009 4260 omnium
1055 4205 1427 4260 membrorum
1454 4205 1597 4260 inter
1635 4220 1695 4260 se
1724 4204 2185 4261 consentientium

536 4354 547 4359 ,
615 4299 859 4353 cernitur
890 4296 1207 4359 concordia,
1239 4311 1471 4366 cumque
1497 4297 1744 4366 superior
1790 4295 1978 4352 mundi
2008 4296 2187 4367 portio

616 4388 690 4443 sit
747 4385 1125 4456 praestantior:
1160 4384 1661 4440 idcircoinferiora
1706 4386 1868 4441 simul
1915 4401 2039 4440 cum
2077 4386 2186 4456 pri-

616 4477 787 4532 maria
820 4476 1065 4546 portione
1093 4482 1377 4547 reguntur,
1431 4475 1498 4530 ad
1545 4476 1772 4546 ejusque
1809 4477 1959 4531 velut
1992 4487 2182 4530 nutum

615 4566 823 4621 cmlesti
845 4566 1014 4623 motui
1033 4578 1155 4621 sese
1184 4564 1393 4635 lingunt
1424 4571 1481 4619 et
1513 4565 1951 4627 accommodant,
2004 4580 2182 4634 quan-

615 4657 908 4727 doquidem
959 4656 1269 4711 necessario
1314 4670 1378 4710 ac
1415 4654 1791 4721 multifariam,
1846 4658 1923 4710 uti
1976 4656 2183 4711 dictum

615 4758 720 4810 est,
787 4748 837 4801 vi
893 4748 1163 4817 cujusque
1221 4746 1421 4803 sideris
1484 4763 1592 4802 una
1647 4756 1954 4803 moventur.
2007 4747 2078 4804 Ut
2127 4750 2184 4804 in

615 4840 1015 4896 medicamento
1041 4840 1347 4909 specierum
1377 4841 1669 4911 qualitates
1719 4842 2016 4897 artiﬁciosa
2048 4858 2185 4912 qua-

614 4933 736 4988 dam
762 4932 970 4994 ratione
986 4930 1306 4997 commistae,
1333 4934 1608 4987 communi
1646 4932 1740 4987 illo
1756 4940 2185 5003 temperamento

613 5024 889 5093 quippiam
923 5020 1169 5077 alliciunt
1200 5021 1366 5085 aliud,
1395 5038 1569 5094 neque
1596 5024 1702 5079 tale
1730 5022 1910 5093 qualis
1929 5037 2187 5093 unaquae-

614 5127 720 5178 que
740 5120 864 5165 ante
881 5110 1166 5166 misturam
1185 5110 1208 5163 f
1208 5118 1361 5166 uerat
1376 5128 1388 5163 :
1405 5113 1486 5167 sic
1504 5096 2083 5167 cmlestium’virtutum
2102 5113 2184 5168 di-

616 5216 786 5256 versa:
818 5209 944 5257 sunt
975 5203 1354 5272 proprietates,
1380 5220 1611 5273 quarum
1649 5206 1798 5258 varia
1821 5221 1887 5259 ex
1911 5215 2181 5260 astrorum

616 5293 700 5353 vel
730 5307 952 5347 accessu
977 5295 1057 5347 vel
1088 5310 1306 5351 recessu
1327 5297 1568 5365 proiecta
1592 5296 1907 5365 coniunctio
1919 5298 2097 5351 varias
2120 5313 2185 5352 ac
2220 5292 2225 5303 ’

616 5384 860 5447 diversas
894 5384 1013 5438 vita:
1030 5386 1206 5442 reddit
1228 5390 1492 5456 actiones,
1520 5398 1776 5458 tauquam
1798 5389 2037 5445 inﬂuxus
2064 5390 2184 5460 qui-

618 5472 742 5543 dam
766 5470 888 5525 inde
909 5471 979 5529 ad
1008 5488 1106 5527 nos
1125 5474 1242 5531 sine
1283 5477 1690 5546 interruptione
1720 5477 2015 5534 derivetur.
2053 5480 2183 5543 Qua:

617 5563 778 5617 etiam
812 5571 1091 5622 causaest
1118 5566 1467 5634 quattiobrem
1511 5568 1567 5632 ii,
1600 5569 1689 5636 qui
1724 5568 1835 5623 lucc
1871 5569 2185 5639 diligentius

618 5654 962 5726 investigarit,
985 5655 1167 5709 futura
1185 5654 1404 5711 minime
1427 5657 1562 5715 falso
1579 5658 1891 5728 praedicant.
1912 5663 2179 5747 Quemad-

2282 1847 2416 1918 πρὸς
2443 1848 2503 1900 τὸ
2529 1847 2716 1901 δοκοῦν
2758 1848 3127 1920 διοικούμενος
3153 1868 3164 1880 ’
3213 1849 3246 1919 ἢ
3290 1848 3453 1920 ἄλλης
3499 1851 3641 1913 τινὸς
3679 1852 3852 1922 ὑπερο

2282 1939 2537 2010 κειμένης
2562 1941 2837 2011 ἐνεργείας
2862 1941 3133 2012 ὑπουργὸν
3163 1937 3300 1995 εἶναι
3340 1941 3437 2013 τὴν
3460 1942 3557 2014 τῆς
3592 1943 3857 2014 εἱμαρμέ-

2282 2048 2379 2099 νης
2399 2023 2705 2084 ὑποτίθεται
2729 2030 2955 2103 δύναμιν
2978 2074 2992 2099 ,
3023 2031 3162 2085 ὥστε
3197 2033 3290 2086 καὶ
3317 2031 3702 2104 αὑτὴντρόπον
3730 2033 3853 2087 τινὰ

2283 2118 2387 2173 ὑπὸ
2417 2122 2609 2192 ἑτέραν
2635 2121 2974 2193 εἱμαρμένην
3005 2122 3238 2187 κεῖσθαι,
3264 2125 3328 2193 τῇ
3360 2121 3697 2194 ὑπερεχούσῃ
3729 2140 3855 2176 συν-

2281 2210 2656 2283 διατιθεμὲνην
2686 2213 2853 2283 αἰτίᾳ.
2892 2213 2952 2265 Εἰ
2999 2214 3095 2284 μὲν
3139 2213 3244 2285 γὰρ
3278 2213 3413 2285 αὕτη
3452 2213 3511 2266 τὸ
3545 2214 3682 2267 κατά
3721 2215 3859 2281 πάνθ

2282 2319 2388 2355 των
2426 2302 2567 2372 ἔχειν
2601 2302 2798 2374 κράτος
2835 2304 3215 2380 πεπίστευται,
3242 2305 3303 2359 τὸ
3341 2305 3506 2376 μηδὲν
3535 2306 3855 2361 ὑποκεῖσθαι

2280 2393 2483 2465 ταύτης
2521 2396 2553 2464 ἡ
2584 2395 2871 2450 ἀκολουθία
2897 2395 2991 2449 τοῦ
3017 2396 3175 2465 λόγου
3213 2396 3424 2449 δίδωσιν
3458 2394 3686 2450 οῖεσθαι.
3710 2397 3773 2450 Εἰ
3800 2397 3857 2450 δὲ

2282 2485 2348 2553 τῇ
2384 2484 2590 2554 κινήσει
2635 2484 2740 2539 τῶν
2772 2486 2987 2558 ἄστρων
3018 2485 3411 2540 ἀκολουθοῦσαν
3440 2485 3538 2557 τὴν
3584 2486 3853 2558 εἱμαρμέο

2285 2592 2406 2644 νην,
2444 2578 2666 2646 κρατεῖν
2708 2576 2875 2649 αὐτὴν
2925 2577 3074 2648 βιαίᾳ.
3103 2579 3210 2630 τινὶ
3247 2577 3458 2647 ἀνάγκῃ
3490 2578 3597 2631 τῶν
3632 2579 3857 2633 πάντων

2285 2665 2706 2738 διισχυρίζεται,
2753 2668 3157 2739 ἀσφαλέστερον
3211 2663 3279 2740 ἦν
3316 2668 3407 2737 τῷ
3461 2671 3862 2742 προηγουμένῳ

2288 2757 2485 2828 μᾶλλον
2533 2758 2566 2829 ἢ
2611 2759 2689 2830 τῷ
2745 2760 2994 2830 ἑπομένῳ
3037 2759 3135 2830 τὴν
3192 2759 3596 2830 παντοδύναμον
3653 2760 3860 2832 ταύτην

2286 2853 2726 2922 προσμαρτυρεῖν
2751 2850 2999 2917 ἐξουσίαν
3020 2868 3034 2880 ο
3059 2852 3154 2903 καὶ
3180 2850 3247 2904 τὰ
3276 2850 3452 2923 ἄστρα
3476 2851 3678 2920 τούτων
3709 2852 3860 2922 αἴτια

2282 2937 2481 3006 λέγειν,
2525 2938 2557 3009 ἢ
2588 2932 2687 3009 την
2715 2938 2927 3008 ἀπλανῆ
2962 2938 3286 3012 περιφορὰν,
3326 2938 3359 3010 ἢ
3391 2934 3520 3003 ’τοὺς
3546 2940 3696 3004 ἐντὸς
3723 2944 3858 2995 ταύ-

2284 3046 2382 3100 της
2441 3029 2906 3100 ἑνθεωρουμένους
2945 3014 3200 3093 κύκλους,
3234 3029 3268 3100 ἢ
3296 3029 3388 3083 τὸν
3422 3029 3592 3095 λοξῶς
3623 3032 3859 3103 ἐγκεχα-

2288 3121 2557 3192 ραγμένον
2590 3121 2669 3191 τῷ
2715 3120 2861 3191 πόλῳ
2917 3118 3132 3174 κύκλον.
3174 3120 3238 3173 Εἰ
3292 3120 3399 3191 γάρ
3439 3137 3523 3184 τις
3563 3120 3678 3192 δοίη
3732 3122 3858 3193 καθ’

2286 3209 2540 3264 ὑπόθεσιν
2576 3211 2648 3280 μὴ
2694 3208 2959 3262 κινεῖσθαι
2990 3207 3183 3271 ταῦτα,
3221 3207 3353 3279 μηδὲ
3396 3207 3485 3260 διὰ
3530 3208 3629 3277 τῆς
3680 3208 3858 3262 ἀϊδίου

2285 3301 2667 3374 κυκλοφορίας,
2698 3301 2731 3372 ἢ
2756 3303 2812 3355 ὲν
2842 3300 3089 3371 ἀλλήλοις
3110 3303 3129 3323 ⁶
3157 3300 3251 3353 ἀπ’
3281 3299 3526 3370 ἀλλήλων
3564 3299 3809 3369 γίνεσθαι
3839 3340 3858 3365 ,

2286 3390 2401 3444 ἀλλ’
2436 3394 2528 3444 ἐπὶ¹
2575 3390 2667 3444 τοῦ
2704 3391 2868 3444 αὑτοῦ
2916 3392 3193 3462 σχήματος
3234 3390 3492 3454 ὡσαύτως
3536 3390 3678 3461 ἔχειν
3724 3390 3857 3443 ἀεί·

2286 3481 2384 3532 οὑκ
2417 3480 2481 3534 ἂν
2508 3482 2540 3550 ἡ
2592 3481 2897 3551 εἱμαρμένη
2937 3480 3186 3551 συσταίη.
3233 3480 3296 3533 Ei
3323 3475 3418 3533 οὖν
3448 3480 3481 3549 ὴ
3508 3478 3722 3549 κίνησις
3746 3479 3861 3544 τῶν

2286 3571 2501 3641 ἄστρων
2532 3570 2704 3623 τίκτει
2745 3570 2841 3641 τὴν
2872 3570 3233 3642 εἱμαρμένην,
3268 3571 3375 3643 ἄρα
3414 3570 3589 3641 μάτην
3623 3571 3860 3641 ἐπικρα-

2285 3663 2395 3714 τεῖν
2420 3660 2560 3731 αὕτη
2587 3662 2694 3712 τῶν
2720 3660 2894 3714 ἄλλων
2931 3660 3207 3732 νομίζεται
3234 3699 3251 3728 ,
3368 3662 3434 3731 τῇ
3481 3660 3858 3737 ὑπερκειμένας

2287 3754 2436 3825 αἰτίᾳ
2472 3753 2797 3807 δουλεύουσα
2825 3793 2839 3818 ,
2870 3753 2965 3806 καὶ
3005 3753 3079 3824 μὴ
3112 3752 3178 3807 ἂν
3206 3748 3362 3820 οὖσα,
3394 3744 3441 3805 εἱ
3471 3751 3545 3823 μὴ
3574 3753 3611 3824 ἡ
3642 3740 3864 3822 κίνησις

2285 3841 2374 3917 ἦν.
2420 3844 2559 3899 Ἀλλ’
2592 3844 2653 3897 οὑ
2682 3843 2857 3908 τοῦτο,
2906 3845 3072 3915 φησὶν
3112 3847 3140 3899 ὁ
3171 3844 3453 3915 φιλόσοφος
3495 3846 3721 3907 ἐκεῖνος,
3760 3844 3862 3922 οὐχ

2286 3939 2456 4001 οὕτως
2495 3939 2524 3990 ὁ
2565 3937 2827 4009 ἡμέτερος
2859 3937 3066 4008 νομίζει
3097 3937 3273 4007 λόγος,
3312 3936 3374 3990 τὸ
3403 3932 3541 3990 εἶναι
3574 3936 3741 4007 αὑτὴν
3773 3938 3859 4006 ἐφ’

2285 4030 2482 4101 ἑαυτὴν
2513 4029 2612 4101 τὴν
2643 4027 2979 4099 εἱμαρμένην
3008 4029 3066 4081 ἑν
3093 4028 3385 4083 ὑποστάσει
3414 4031 3521 4103 τινὶ
3551 4032 3863 4100 θεωρουμέτ

2291 4138 2409 4193 νην·
2448 4118 2561 4175 ἀλλ’
2591 4120 2776 4192 ἐπειδὴ
2807 4119 2903 4190 μία
2936 4120 3021 4184 τίς
3059 4122 3205 4174 ἑστιν
3240 4122 3306 4174 ’ἑν
3338 4122 3447 4188 τοῖς
3477 4117 3597 4173 οὖσι
3637 4119 3858 4190 συμπά-

2241 4198 2263 4276 ,’
2287 4213 2438 4276 θεια,
2472 4212 2565 4265 καὶ
2595 4211 2816 4281 συνεχές
2857 4212 2973 4264 ἑστι
3008 4209 3069 4263 τὸ
3110 4212 3217 4264 πᾶν
3256 4211 3434 4282 ἑαυτῷ
3456 4251 3470 4276 ,
3515 4210 3609 4283 καὶ
3638 4211 3707 4265 τά
3734 4210 3861 4263 καθ’

2287 4305 2513 4358 ἕκαστον
2542 4303 2601 4354 ὲν
2638 4300 2717 4371 τῷ
2749 4302 2910 4354 παντὶ
2942 4300 3288 4373 θεωρούμενα
3323 4298 3435 4354 οἷον
3470 4302 3561 4354 ἐπὶ
3606 4299 3862 4371 σώματος

2287 4397 2406 4458 ἑνὸς
2437 4397 2494 4449 ὲν
2529 4397 2628 4467 μιᾷ
2655 4396 2928 4466 συμπνοίᾳ
2952 4395 3424 4467 καταλαμϐάνεται
3443 4435 3457 4459 ,
3483 4394 3867 4467 πάντωῃπρδς

2288 4486 2492 4557 ἄλληλα
2519 4486 2629 4540 τῶν
2664 4488 2844 4557 μερῶν
2867 4486 3242 4551 συννευόντων,
3278 4486 3469 4539 τούτου
3493 4486 3653 4556 χάριν
3690 4485 3866 4556 ἀρχη-

2285 4563 2584 4648 γικωτέρας
2605 4569 2770 4648 οὔσης
2789 4578 2886 4649 τῆς
2918 4577 3028 4649 ἄνω
3060 4576 3285 4659 λήξεως,
3306 4577 3372 4630 τὰ
3403 4577 3659 4651 περίγεια
3682 4577 3869 4648 πάντα

2283 4666 2363 4737 τῷ
2409 4667 2806 4738 προηγουμένῳ
2860 4666 3253 4719 συνδιατίθεται
3287 4683 3300 4697 ·
3356 4667 3451 4720 κα)⁹
3497 4667 3633 4737 πρὸς
3682 4668 3866 4719 ἐκεῖνο

2286 4757 2429 4811 νεύει
2460 4758 2599 4811 κατά
2633 4761 2729 4827 τὴν
2761 4757 2870 4811 ἄνω
2901 4757 3111 4826 κίνησιν
3131 4799 3145 4822 ,
3177 4758 3270 4809 καὶ
3300 4756 3406 4809 τῶν
3434 4757 3558 4829 τῇδε
3607 4758 3870 4828 πραγμάτ

2285 4873 2393 4909 των
2421 4856 2481 4921 ἑξ
2506 4857 2752 4928 ἀνάγκης
2795 4855 3229 4927 συγκινουμένων
3246 4869 3261 4885 '
3287 4855 3342 4905 ἑν
3375 4851 3614 4921 διαφόρῳ
3639 4849 3696 4902 δὲ
3724 4886 3742 4912 ,
3766 4867 3869 4902 και

2286 4948 2395 5012 θῶς
2424 4949 2673 5021 εῖρηται,
2713 4951 2779 5020 τῇ
2815 4947 3040 5019 δυνάμει
3072 4947 3300 5000 ἑκάστου
3335 4943 3442 4997 τῶν
3472 4943 3688 5012 ἄστρων
3726 4940 3870 4997 θεω-

2290 5040 2572 5111 ρουμένου.
2602 5024 2811 5112 Ὥσπερ
2846 5039 2939 5093 ἐπὶ
2968 5039 3065 5110 τῆς
3104 5036 3354 5108 ἰατρικῆς
3383 5033 3734 5107 φαρμακείας
3753 5073 3769 5098 ,
3805 5035 3870 5105 αἱ

2283 5122 2393 5186 τῶν
2422 5132 2577 5197 εἰδῶν
2615 5134 2894 5202 ποιότητες
2928 5132 3079 5203 λόγῳ
3102 5131 3209 5185 τινὶ
3241 5129 3500 5201 τεχνικῶς
3534 5126 3870 5198 συμμιχθεῖ-

2288 5239 2398 5287 σαι,
2440 5222 2566 5278 ἄλλο
2596 5241 2648 5276 τι
2688 5223 2747 5276 τὸ
2792 5212 2855 5275 ἑκ
2880 5222 2974 5278 τοῦ
3023 5221 3215 5285 κοινοῦ⁴
3253 5214 3558 5293 συγκραθὲν
3590 5209 3869 5289 ἀπειργά-

2288 5327 2467 5382 σαντο,
2502 5313 2594 5363 καὶ
2623 5311 2720 5380 οὑχ
2738 5312 2874 5382 ὅπερ
2895 5311 3123 5364 ἕκαστον
3146 5305 3213 5381 ἦν
3241 5310 3346 5380 πρὸ
3369 5308 3469 5380 τῆς
3497 5307 3631 5379 πρὸς
3656 5306 3870 5383 ἄλληλα

2231 5451 2240 5461 ,
2290 5399 2513 5471 μίξεως
2542 5400 2683 5455 οὕτω
2715 5404 2809 5455 καὶ
2843 5403 2950 5453 τῶν
2983 5402 3242 5473 ἀστρῴων
3269 5401 3550 5472 δυνάμεων
3589 5400 3646 5452 ἑν
3676 5398 3870 5468 διαφὸξ

2288 5510 2400 5562 ροις
2451 5491 2673 5563 ἰδιότησι
2722 5493 3146 5566 θεωρουμένων,
3191 5496 3224 5565 ἡ
3278 5493 3496 5562 ποικίλη
3542 5489 3687 5545 κατά
3735 5490 3870 5561 τοὺς

2288 5585 2724 5652 προσεγγισμοὺς
2755 5583 2933 5637 αὑτῶν
2983 5584 3078 5638 καὶ
3108 5585 3205 5648 τὰς
3236 5584 3558 5646 ἀποστάσεις
3593 5579 3861 5650 γινομένη

2286 5669 2394 5741 τῶν
2427 5669 2698 5755 διαιξόρων
2750 5672 3053 5749 ἰδιωμάτων
3104 5671 3409 5743 συμπλοκὴ,
3461 5672 3557 5736 τὰς
3609 5669 3869 5731 ποικίλας
