4072 6212
290 336 404 395 153

1635 305 1909 383 tomus
1945 322 2204 380 FATUM.

3433 316 3537 372 £51

289 457 405 510 τῶν
438 451 579 506 κατά
617 449 713 504 τὸν
742 450 858 521 βίον
888 448 1338 521 ἀποτελουμένων
1367 447 1626 519 διαφορὰς
1652 446 1874 517 ἐξεργά-

1996 441 2198 496 nodum
2241 437 2386 493 enim
2430 436 2638 508 peritus
2679 433 2942 501 medicus,
2986 432 3032 490 si
3080 432 3538 489 medicamentum

290 549 471 612 ζεται’
498 537 611 596 οἷόν
648 558 792 605 τινος
825 542 1100 613 ἀπορροῆς
1138 538 1520 602 ἀδιασπάστως
1545 536 1752 590 ἐκεῖθεν
1784 536 1867 605 ἐφ’

286 639 433 710 ἡμᾶς
463 632 785 704 διηκούσης.
827 633 926 686 Διά
976 649 1059 685 τοι
1104 630 1261 685 τοῦτο
1298 630 1394 684 καὶ
1425 628 1578 699 παρὰ
1617 627 1726 705 τῷν
1754 628 1872 679 ἐπι-

288 724 620 797 μελέστερον
649 720 719 774 τὰ
758 719 986 793 τοιαῦτα
1026 719 1456 789 φιλοσοφούντων
1480 758 1495 780 ,
1528 718 1582 771 αἱ
1630 715 1873 788 προρρή-

287 832 398 879 σεις
422 813 538 867 τῶν
571 812 847 882 ἐσομένων
879 812 978 881 οὐχ
1006 810 1429 881 ἀμαρτάνονται.
1464 808 1552 871 Ὠς
1584 808 1693 877 γὰρ
1722 808 1749 859 ὁ
1775 805 1874 874 τῆς

289 906 549 977 ἰατρικῆς
586 905 933 975 ἐπιστήμων,
959 903 1007 955 εί
1035 902 1097 956 τὸ
1136 902 1336 973 θερμὸν
1363 902 1395 974 ἢ
1426 899 1704 970 ναρκῶδες
1743 897 1875 967 φάρ-

289 1013 471 1066 μακον
528 994 868 1065 ἀνακραθείη
928 994 1005 1065 τῷ
1054 992 1297 1064 ἁλμῶντι
1344 992 1377 1058 ἦ
1432 989 1873 1060 παραστύφοντι,

1972 533 2207 589 calidum
2266 537 2360 584 aut
2419 527 2695 599 ejusmodi
2744 526 2893 597 quod
2944 525 3386 589 dissolutionem,
3424 536 3540 581 stu-

1974 640 2181 696 porem,
2213 630 2557 692 torporemve
2595 619 2869 683 conciliet,
2902 633 3025 673 cum
3055 618 3240 688 aliquo
3263 617 3370 671 alio
3391 632 3542 672 com-

1976 717 2292 778 misceatur,
2327 714 2715 785 preprietatem
2756 726 2821 766 ex
2857 710 2949 764 illa
2988 709 3331 765 diversarum
3358 722 3542 764 rerum

1975 808 2207 863 mistura
2246 805 2534 861 oriundam
2577 801 2825 874 pmdicit
2861 818 2875 856 :
2910 802 3042 872 quid
3080 801 3205 856 item
3237 799 3456 863 eﬂlciat,
3489 807 3545 853 et

1974 898 2231 971 quamdiu
2278 898 2385 952 vim
2429 896 2683 959 retineat,
2733 893 2820 947 cui
2845 891 3240 963 perniciosum,
3281 890 3367 945 cui
3396 890 3545 943 salu-

1976 1000 2093 1046 tare
2126 992 2199 1047 sit
2228 1008 2240 1044 :
2279 990 2352 1044 ita
2386 989 2436 1043 is
2483 988 2669 1052 etiam,
2697 985 2788 1057 qui
2819 986 2885 1040 ad
2912 1000 2999 1040 res
3023 985 3274 1040 caelestes
3303 984 3546 1037 animum

285 1086 551 1158 προλέγει
596 1077 695 1157 τὴν
738 1083 1148 1155 συστησομένην
1196 1086 1260 1136 ὲκ
1296 1083 1393 1154 τῆς
1428 1081 1537 1135 τῶν
1572 1078 1876 1152 ἑτεροφυῶν

288 1178 493 1249 μίξεως
519 1177 781 1244 ἰδιότητα,
814 1175 907 1228 καὶ
937 1174 987 1228 τί
1021 1174 1414 1246 κατεργάζεται
1439 1213 1453 1239 ,
1484 1173 1578 1227 καὶ
1610 1173 1769 1242 μέχρι
1796 1170 1878 1222 τί-

284 1286 382 1332 νος
410 1268 511 1339 τὴν
541 1267 701 1337 ἰσχὺν
726 1266 859 1331 ἕξει,
884 1266 978 1320 καὶ
996 1266 1101 1319 τίνι
1129 1267 1225 1336 μὲν
1248 1264 1511 1337 όλέοριον,
1541 1264 1647 1316 τίνι
1672 1263 1728 1315 δὲ
1759 1261 1879 1315 ἀλε-

287 1362 538 1431 ξιτήρισν
589 1359 832 1431 γίνεται·
873 1357 1046 1421 οὕτως
1085 1357 1178 1410 καὶ
1209 1356 1238 1408 ὁ
1280 1360 1391 1420 τοῖς
1429 1357 1541 1410 ἅνω
1573 1355 1642 1408 δι’
1688 1356 1881 1423 ἐπιμε-

1996 1364 2056 1419 ’ἱε
2074 1362 2305 1434 spatium
2335 1361 2436 1417 sibi
2462 1360 2659 1416 similis
2677 1366 2793 1415 est:
2814 1358 2908 1414 sed
2931 1359 3058 1429 quia
3084 1357 3550 1428 congredientium

284 1451 441 1515 λείας
467 1449 887 1522 προπσχηκιῦς,
924 1450 1020 1502 καλ⁵
1045 1449 1144 1521 τὴν
1174 1450 1403 1503 ἑκάστου
1445 1447 1552 1501 τῶν
1579 1447 1749 1500 ὄντων
1775 1445 1879 1514 φύ-

1996 1453 2225 1509 siderum
2254 1467 2535 1521 nunquam
2560 1450 2776 1506 stabilis
2797 1459 2881 1506 est
2909 1458 3113 1513 motus,
3151 1448 3389 1504 inﬂexus
3415 1462 3554 1518 quo-

286 1560 376 1596 σιν
419 1542 772 1612 κατανοήσας
797 1580 813 1606 ,
863 1539 1067 1593 εἴσεται
1099 1539 1195 1611 τὴν
1240 1541 1304 1593 ἐκ
1342 1539 1444 1609 τῆς
1491 1540 1649 1601 ποιᾶς
1701 1537 1881 1590 αὐτῶν

1996 1562 2086 1617 ιιιε
2110 1561 2220 1600 una
2246 1561 2369 1600 cum
2392 1545 2483 1599 illa
2507 1551 2689 1600 motus
2711 1543 3035 1599 diversitate
3054 1543 3297 1598 varietur
3316 1556 3553 1612 semper,

290 1632 629 1705 συμπλοκῆς
654 1632 887 1703 δύναμιν
908 1633 961 1685 τί
991 1631 1342 1685 ἀποτελέσει·
1375 1630 1514 1702 αὕτη
1554 1630 1609 1684 δὲ
1638 1632 1671 1701 ἡ
1709 1630 1882 1699 ἀπορ-

1996 1637 2051 1691 ιι]
2099 1651 2329 1707 eamque
2350 1635 2702 1692 efﬁcientiam
2732 1650 2888 1691 suam
2924 1633 3296 1691 accommodet
3327 1647 3555 1689 necesse

293 1725 395 1796 ῥοὴ
452 1724 581 1778 οὐδὲ
621 1724 681 1775 ὲν
717 1722 883 1792 ὀλίγῳ
912 1722 1049 1794 πρὸς
1078 1721 1272 1793 ἑαυτὴν
1302 1718 1503 1792 ὁμοίως
1541 1720 1672 1790 ἔχει.
1724 1719 1883 1772 Ἀλλὰ

1996 1735 2089 1783 est.
2143 1728 2313 1798 Cujus
2362 1727 2599 1784 inﬂuxus
2629 1727 2933 1798 portionem
2968 1740 3201 1781 nascens
3247 1726 3477 1796 quisque
3500 1724 3557 1779 in

287 1793 393 1868 etei
421 1814 489 1867 τὸ
537 1814 800 1867 ἀπατᾶν
846 1814 936 1867 ἀεὶ
960 1793 963 1794 ν
991 1812 1100 1867 τῶν
1143 1814 1588 1885 ἐπιπλεκομένων
1644 1812 1886 1883 ἀλλήλως

1996 1830 2056 1872 eo
2108 1793 2368 1886 temporis
2396 1793 2672 1871 momento
2699 1818 2928 1871 sortitur
2972 1821 3025 1871 et
3059 1815 3214 1886 quasi
3252 1793 3444 1884 spiritu
3475 1821 3560 1866 at-

288 1907 514 1978 ἇστρων
540 1905 643 1977 τὴν
672 1906 909 1976 κίνησιν,
942 1904 1258 1973 ἀναγκαίως
1284 1906 1509 1977 κάκείνη
1538 1909 1606 1976 τῇ
1640 1905 1889 1976 συνεχείᾳ

1996 1906 2181 1971 trahit,
2216 1921 2281 1960 ac
2311 1906 2435 1961 talis
2468 1906 2670 1971 evadit,
2704 1906 2919 1976 qualem
2952 1922 3075 1960 eum
3110 1906 3381 1975 portionis
3412 1904 3560 1958 illius

288 1999 397 2069 τῆς
424 1996 579 2052 κατά
602 1996 700 2068 τὴν
730 1996 952 2067 κίνησιν
977 1996 1291 2068 ἑτερότητος
1327 1995 1730 2051 συναλλοιοῢται
1751 2015 1764 2028 ·
1803 1996 1889 2050 ἀεὶ

1996 1996 2295 2067 proprietas
2315 2003 2369 2050 et
2387 1995 2821 2067 praesignificavit
2848 2004 2902 2051 et
2926 1995 3125 2050 eﬂ'ecit.
3161 1995 3391 2049 Prorsus
3416 1995 3559 2049 enim

290 2086 867 2159 συμμετακιρναμένη
910 2088 978 2159 τῇ
1026 2086 1268 2158 ποικιλία
1313 2088 1412 2157 τῆς
1459 2088 1760 2159 κινήσεως,
1799 2087 1890 2140 καὶ

1996 2100 2221 2142 necesse
2259 2095 2367 2153 est,
2423 2093 2482 2139 ut
2534 2086 2806 2156 quomodo
2847 2084 3057 2156 efﬁgies
3107 2086 3264 2157 signo
3294 2085 3564 2155 insculpta

289 2181 395 2244 ei;
430 2178 722 2249 ἐνεργείας
768 2178 946 2248 αὐτῆς
989 2180 1055 2249 τῇ
1107 2178 1318 2250 κινήσει
1359 2178 1469 2234 τῶν
1515 2181 1731 2252 ἄστρων
1765 2196 1890 2233 συν-

1996 2193 2134 2234 cerae
2200 2177 2583 2247 imprimitur:
2632 2177 2712 2233 sic
2760 2177 2999 2232 hominis
3056 2191 3274 2248 quoque
3314 2177 3452 2239 vita,
3507 2176 3565 2232 in

292 2268 735 2336 εξαλλάσσουσα.
770 2260 881 2332 Ἦς
905 2266 1017 2321 τῶν
1059 2267 1152 2320 ἐπὶ
1205 2267 1295 2321 τὸν
1334 2267 1448 2338 βίον
1494 2266 1893 2339 παραγομένων

1998 2281 2160 2339 quam
2210 2276 2417 2337 partem
2454 2265 2735 2321 inﬂuentis
2782 2280 2848 2322 ex
2879 2274 3153 2322 astrorum
3189 2273 3339 2320 motu
3390 2265 3567 2320 virtu-

293 2360 555 2422 ἕκαστος,
601 2356 746 2411 κατά
784 2356 881 2428 τὴν
916 2357 976 2410 ὲν
1016 2356 1096 2428 τῷ
1137 2358 1334 2428 ἀκαρεί
1384 2357 1478 2412 τοῦ
1519 2358 1892 2429 διαστήματος

1998 2358 2072 2414 tis
2112 2356 2320 2422 incidit,
2356 2356 2422 2410 ad
2454 2356 2604 2412 illius
2641 2355 3030 2427 proprietatem
3072 2355 3468 2417 conformetur,
3505 2371 3569 2411 ac

1977 1082 2167 1140 sedulo
2207 1080 2518 1154 applicarit,
2561 1088 2615 1135 et
2642 1079 2911 1149 cujusque
2965 1086 3211 1132 naturam
3247 1076 3545 1147 perspexit,

1977 1178 2114 1234 sciet
2145 1175 2548 1244 coniunctionis
2592 1188 2781 1229 earum
2824 1187 2945 1244 quae
2983 1174 3054 1228 sit
3080 1172 3165 1228 vis
3217 1179 3272 1227 et
3309 1170 3550 1227 efﬁcaci-

1978 1279 2081 1325 tas.
2118 1268 2289 1323 Porro
2321 1266 2679 1322 iste’inﬂuxus
2709 1281 2778 1321 ne
2805 1265 2870 1320 ad
2900 1266 3063 1320 breve
3087 1263 3306 1334 quidem
3335 1271 3546 1331 tempo-

297 2447 681 2518 ὲπιτυχοῦσαν
734 2446 883 2518 αὐτῷ
915 2450 1115 2519 μοῖραν
1150 2449 1364 2512 σπάσας
1391 2488 1406 2514 ,
1443 2450 1616 2502 ἐκεῖνο
1644 2449 1852 2516 γίνεται
1877 2486 1892 2512 ,

296 2540 441 2609 ὅπερ
490 2540 526 2609 ή
573 2538 781 2609 ἰδιότης
818 2537 913 2591 τοῦ
963 2539 1163 2611 μέρους
1196 2539 1405 2593 ἐκείνου
1452 2539 1799 2611 προεμήνυσέ
1832 2555 1894 2591 τε

296 2630 392 2693 καὶ
416 2628 778 2683 ἀπετέλεσεν.
824 2628 1059 2700 ’Δνάγκη
1096 2630 1205 2701 γὰρ
1235 2631 1386 2683 πᾶσα
1423 2630 1676 2702 καθάπερ
1706 2632 1763 2684 ὲν
1802 2631 1895 2684 ὲκ-

300 2722 522 2791 μαγείῳ
570 2720 870 2792 σφραγῖδος
911 2720 991 2791 τῷ
1032 2719 1299 2777 ὲντεθέντι
1336 2720 1493 2793 κηρῷ
1530 2722 1591 2775 τὸ
1619 2720 1761 2776 κατὰ
1795 2721 1893 2793 τὴν

298 2812 522 2881 γλυφὴν
566 2806 715 2874 εῐεος
748 2809 1142 2881 περιτυποῦται
1163 2828 1178 2843 ο
1227 2810 1402 2875 οὕτως
1432 2812 1525 2866 καὶ
1557 2811 1651 2865 τοῦ
1687 2810 1893 2883 ἀνθρώ⁸

1998 2445 2122 2501 talis
2178 2444 2295 2509 ﬂat,
2335 2445 2549 2515 qualem
2606 2444 2660 2498 in
2714 2460 2774 2501 se
2835 2445 3148 2500 continebat
3200 2445 3290 2498 illa
3330 2444 3570 2499 inﬂuxus

1998 2538 2199 2609 portio,
2261 2551 2422 2607 quam
2478 2534 2712 2606 quisque
2764 2535 2921 2590 initio
2973 2538 3100 2590 vita:
3146 2537 3314 2590 veluti
3374 2536 3568 2606 spiritu

2001 2627 2340 2695 attrasisset,
2395 2634 2463 2682 et
2492 2640 2600 2696 qua
2634 2625 2837 2680 virtute
2880 2626 3049 2682 semel
3083 2627 3229 2681 velut
3275 2626 3572 2697 insignitus

1998 2725 2166 2782 esset,
2209 2732 2334 2772 cum
2371 2730 2435 2771 ea
2484 2716 2805 2771 necessario
2837 2715 3097 2786 deinceps
3150 2716 3469 2784 convenire,
3503 2718 3572 2773 iis

2000 2812 2166 2867 rebus
2222 2817 2334 2864 tum
2382 2806 2635 2879 gerendis
2676 2815 2787 2862 tum
2842 2807 3100 2875 ferendis,
3143 2824 3372 2879 quarum
3421 2809 3571 2879 prin-

294 2919 407 2957 που
438 2904 553 2958 τδν’
579 2902 718 2973 βίον,
748 2896 794 2971 ᾧ
822 2902 889 2959 ἂν
925 2898 1217 2975 συνενεχθῇ
1262 2903 1435 2974 μορίῳ
1459 2902 1557 2973 τῆς
1593 2900 1894 2975 ἀπορρεούέ

2001 2901 2145 2971 cipia
2195 2912 2462 2954 causasve
2505 2898 2751 2955 sidereus
2796 2899 2889 2955 ille
2931 2910 2986 2956 et
3043 2900 3301 2957 fortuitus
3338 2899 3574 2956 inﬂuxus

298 3012 404 3064 σης
436 2994 734 3064 δυνάμεως
770 2994 837 3047 ἐκ
867 2994 967 3066 τῆς
1008 2994 1119 3048 τῶν
1154 2995 1370 3066 ἄστρων
1418 2984 1720 3065 κινήσεως,
1756 2991 1894 3046 κατά

2001 2992 2351 3047 contulisset.
3268 3004 3269 3007 η

290 3090 400 3161 τὴν
428 3086 648 3144 ἐκείνου
678 3088 775 3142 τοῦ
812 3088 1008 3161 μέρους
1054 3089 1291 3161 ἰδιότητα
1319 3088 1641 3143 τυποῦσθαιο
1674 3089 1894 3142 κάκεῖνο
1930 3086 2197 3156 γίνεσθαι,
2220 3087 2357 3156 ὅπερ
2379 3083 2523 3157 εἶχεν
2539 3088 2596 3139 ἐν
2618 3087 2781 3158 ἑαυτῇ
2810 3086 2910 3157 τῆς
2933 3086 3232 3158 ἀπορροίας
3288 3089 3322 3160 ή
3388 3090 3575 3158 μοῖρα.

294 3184 370 3253 ἣν
417 3182 669 3237 ἔσπασεν
721 3182 881 3247 εὐθὺς
932 3182 1029 3236 τοῦ
1091 3183 1207 3254 βίου
1257 3183 1557 3256 ἀρχόμενος
1584 3200 1602 3217 ο
1745 3183 1892 3250 ἅπαξ
1932 3181 2357 3253 ἐνσφραγισθεὶς
2392 3181 2533 3235 κατά
2571 3180 2667 3251 τὴν
2712 3182 2831 3235 ἐκεῖ
2893 3180 3260 3253 θεωρηοεῖσαν
3329 3183 3575 3255 δύναμιν,

293 3280 635 3349 ἀναγκαίως
656 3282 715 3334 ὲν
743 3283 810 3352 τῇ
844 3279 989 3335 κατά
1014 3281 1106 3334 τὸν
1136 3282 1247 3354 βίον
1283 3282 1503 3353 ἰδιότητι
1537 3280 1951 3354 συμμορφοῦται
1974 3296 1988 3310 ⁸
2022 3278 2194 3340 ταῦτα
2269 3279 2438 3333 ποιῶν
2481 3278 2513 3350 ἢ
2562 3277 2806 3350 πάσχων,
2838 3270 2913 3333 ὧν
2953 3278 3052 3343 τὰς
3127 3278 3299 3351 ἀρχὰς
3375 3279 3408 3351 ἢ
3481 3281 3579 3340 τὰς

296 3375 500 3435 αἰτίας
526 3374 560 3443 η
592 3372 785 3443 πρώτη
811 3372 1048 3441 ἐντευξις
1073 3375 1173 3446 τῆς
1201 3375 1455 3447 ἀστρῴας
1486 3377 1704 3448 ἐκείνης
1727 3376 2005 3448 ἀπορροῆς
2033 3372 2376 3429 κατεϐάλετο.

388 3468 547 3537 Ἐγὼ
576 3470 636 3523 δὲ
670 3469 877 3522 τούτων
908 3469 1238 3541 λεγομένων,
1285 3472 1359 3526 Οὐ
1402 3471 1615 3544 παύσῃ,
1652 3473 1787 3544 πρὸς
1820 3473 1894 3526 αὐ

2087 3469 2219 3537 Quae
2251 3483 2374 3524 cum
2413 3468 2503 3524 ille
2540 3468 2767 3537 diceret,
2805 3468 2921 3525 Non
2948 3469 3185 3538 desines,
3210 3470 3456 3541 inquam,
3482 3487 3583 3525 nu-

294 3560 401 3615 τὺν
434 3555 619 3623 εἷπον,
634 3560 948 3632 φληνάφους
971 3562 1095 3633 ἐμοὶ
1118 3562 1309 3632 λόγους
1346 3564 1438 3617 καὶ
1456 3564 1654 3635 λήρους
1674 3562 1894 3629 διεξιὼν,

2013 3577 2110 3634 gas
2135 3569 2189 3617 et
2228 3560 2461 3631 ineptias
2490 3560 2625 3615 mihi
2664 3574 3120 3627 commemorare,
3170 3568 3225 3615 et
3252 3560 3585 3626 conﬁrmaro

294 3653 366 3705 τὸ
398 3652 621 3724 ἀμερὲς
646 3653 827 3705 ἐκεῖνο
858 3650 1026 3724 μέρος
1048 3655 1152 3725 τῆς
1176 3655 1235 3708 ὲν
1256 3655 1454 3725 ἀκαρεῖ
1480 3654 1766 3725 μετουσίας
1786 3697 1801 3721 ,
1832 3655 1894 3726 si;

2012 3650 2348 3705 individuam
2383 3649 2530 3704 illam
2573 3650 2880 3720 portionem
2924 3649 3291 3708 momentanei
3321 3649 3583 3713 inﬂuxus,

940 3730 1022 3812 ᾗς,
1053 3746 1298 3812 ὲπιρῤεξν
1347 3745 1456 3801 τῶν
1496 3748 1710 3802 πάντων
1742 3750 1911 3803 αἴτιον
2014 3756 2123 3812 quo
2152 3741 2209 3797 in
2242 3757 2365 3808 nos,
2408 3752 2467 3796 ut
2496 3742 2599 3808 ais,
2642 3756 2824 3799 causae
2857 3756 3047 3798 omnes
3079 3756 3111 3797 e
3132 3743 3288 3798 caelis
3327 3742 3581 3807 inﬂuant,

2014 3848 2142 3889 cum
2177 3843 2357 3890 tamen
2386 3848 2566 3905 neque
2597 3834 2752 3891 dicas
2776 3834 3149 3889 animatumne
3171 3834 3264 3897 sit,
3292 3848 3356 3888 ac
3381 3834 3584 3888 volun-

2015 3924 2149 3980 tatis
2199 3924 2528 3994 arbitriique
2579 3925 2878 3995 particeps,
2923 3938 3024 3979 nec
3079 3939 3188 3995 qua
3231 3924 3446 3980 ratione
3498 3940 3588 3981 res

2014 4016 2287 4071 animatas
2315 4022 2470 4087 regat
2506 4015 2560 4069 id
2599 4013 2745 4085 quod
2774 4029 2949 4083 neque
2975 4029 3071 4083 per
3102 4030 3162 4070 se
3191 4014 3465 4079 subsistit,
3489 4030 3587 4071 ne-

2015 4124 2124 4180 que
2155 4108 2359 4173 anima,
2390 4122 2566 4179 neque
2594 4108 2705 4162 ullo
2728 4115 2934 4161 natura:
2988 4106 3250 4162 instinctu
3298 4109 3586 4181 prmditum

298 3744 535 3800 ἄνωθεν
584 3744 739 3814 ἡμῖν,
777 3744 853 3808 ὡς
886 3746 1022 3821 φῂς,
1053 3746 1298 3818 ὲπιρῥεξν
1347 3745 1456 3801 τῶν
1496 3748 1710 3802 πάντων
1742 3750 1911 3803 αἴτιον

292 3835 429 3887 τῶν
472 3835 537 3886 ὲν
565 3835 697 3904 ἡμῖν
735 3836 1158 3901 κατασκευάζων
1178 3876 1192 3901 ,
1223 3835 1347 3891 οὔτε
1384 3840 1432 3892 εἰ
1480 3837 1720 3911 ἔμψυχον
1754 3838 1913 3893 τοῦτο

294 3926 418 3980 καὶ
458 3926 839 3995 προαιρετικόν
863 3928 979 3983 ἐστι
1003 3927 1178 3997 λέγων
1202 3969 1216 3995 ,
1250 3928 1373 3983 οὔτε
1406 3930 1554 3994 ὅπως
1580 3932 1915 4001 κατακρατεῖ

290 4016 425 4071 τῶν
464 4016 737 4087 ἐμψύχων
769 4019 825 4073 τὸ
868 4019 1075 4090 ἄψυχόν
1119 4037 1179 4074 τε
1229 4022 1322 4075 καὶ⁵
1372 4023 1738 4077 ἀνυπόστατον
1763 4062 1777 4089 ,
1818 4021 1915 4078 καὶ

296 4110 609 4181 μηδεμίαν
641 4112 702 4163 ἐκ
727 4110 942 4179 φύσεως
967 4112 1104 4166 ἰδίαν
1130 4111 1251 4185 ἔχον
1278 4114 1453 4186 ὁρμὴν
1482 4114 1651 4181 δεῖξαι
1676 4113 1913 4185 δυνάμε-

293 4219 399 4264 νος
421 4242 443 4268 ,
501 4200 645 4254 ἀλλά
693 4201 876 4271 πάσης
910 4201 1106 4273 βουλῆς
1137 4203 1232 4258 καὶ
1260 4206 1359 4275 τῆς
1397 4206 1461 4258 ὲκ
1504 4205 1611 4259 τῶν
1643 4204 1915 4277 λογισμῶν

293 4289 719 4362 προμηθείας,
760 4290 1092 4357 παιδεύσεως
1141 4310 1199 4347 τε
1260 4293 1353 4347 καὶ
1416 4294 1771 4365 ἐπιμελείας,
1820 4296 1916 4349 καὶ

286 4382 416 4434 τῶν
454 4382 589 4434 κατ’
616 4381 821 4453 ἀρετήν
850 4382 1296 4455 ἐπιτηδευμάτων
1317 4424 1332 4448 ,
1375 4385 1624 4459 καθάπερ
1653 4386 1775 4440 τινὰ
1820 4388 1915 4440 τύ·

289 4489 522 4542 ραν-δον
542 4471 593 4541 ,ἦ
616 4471 887 4542 δεσπότην
912 4513 927 4538 ,
961 4472 1023 4526 τὸ
1049 4473 1254 4546 ἄψυχόν
1294 4493 1354 4540 τε
1399 4476 1494 4530 καὶ
1532 4477 1913 4555 ἀπροαίρετον.

286 4557 562 4611 eum
593 4574 655 4609 τε
689 4560 788 4612 καὶ
831 4561 1119 4631 παροδικὺν
1146 4603 1160 4628 ,
1195 4564 1288 4618 καὶ
1330 4565 1562 4638 ἀμερὲς,
1595 4567 1689 4620 καὶ
1714 4567 1917 4633 ἀνυπό-

286 4665 522 4701 στατον
573 4647 882 4720 ἐπιστήσας
919 4649 996 4722 τῷ
1026 4650 1199 4723 λόγῳ;
1228 4653 1341 4726 Τῆς
1387 4655 1593 4711 ἐκείνου
1638 4657 1894 4729 δυνάμεω

2021 4654 2089 4709 ad
2119 4654 2279 4725 cujus
2313 4657 2611 4726 potentiam
2657 4673 2840 4713 rerum
2883 4662 3338 4718 constitutionem
3390 4671 3443 4719 et
3489 4680 3590 4735 gu-

284 4738 588 4804 ιξάπτεις
636 4739 738 4810 τὴν
770 4740 879 4794 τῶν
908 4742 1077 4799 ὄντων
1108 4743 1364 4801 σύστασίν
1402 4765 1462 4802 τε
1496 4749 1591 4804 καὶ
1631 4750 1894 4823 διοίκησιν

2022 4742 2399 4800 bernationem
2452 4747 2702 4802 oratione
2758 4758 2848 4802 tua
2894 4749 3111 4806 refers?
3145 4751 3228 4805 An
3283 4767 3391 4813 non
3442 4753 3594 4808 vides

280 4833 391 4885 καὶ
422 4833 555 4902 οὐχ
582 4832 724 4903 όρᾷς
775 4833 857 4898 εἰς
896 4834 1017 4899 οἵας
1062 4838 1092 4890 ό
1118 4836 1273 4906 λόγος
1320 4840 1550 4906 ἀτοπίας
1594 4814 1883 4913 ἐκφέρεται

1996 4826 2191 4906 ’(ιυοιη
2215 4836 2319 4891 hoc
2350 4837 2579 4893 auribus
2607 4839 2912 4909 animisque
2936 4842 3220 4896 hominum
3264 4843 3335 4899 sit
3389 4844 3593 4899 absur-

284 4921 354 4973 ει
388 4922 531 4992 γὰρ
564 4919 844 4992 τοσαύτην
867 4921 981 4994 ἔχει
1009 4923 1239 4997 δύναμιν
1270 4927 1486 5001 ἐκείνης
1514 4933 1612 5002 τῆς
1646 4929 1891 5003 ἀπορῤοῆ

2026 4925 2201 4981 dum?
2229 4923 2285 4979 Si
2317 4925 2461 4979 enim
2499 4932 2706 4980 tantam
2740 4927 2845 4980 vim
2881 4927 3043 4983 liabet
3086 4928 3350 4985 fortuitus
3382 4930 3472 4984 ille
3513 4930 3599 4983 iu-

280 5014 319 5083 q
351 5014 589 5084 μοῖρα,
616 5009 697 5075 ὡς
723 5012 845 5066 κατ’
870 5013 1042 5085 αὐτὴν
1068 5015 1193 5079 τοὺς
1230 5016 1380 5090 παρὰ
1408 5018 1507 5090 τήν
1535 5019 1757 5091 πρώτην
1784 5019 1894 5089 πάρ

2025 5016 2223 5085 ﬂuxus,
2268 5028 2461 5074 utnon
2521 5020 2798 5089 sequendo
2850 5020 2946 5075 sed
3003 5020 3360 5091 przecedendo
3412 5036 3594 5075 rerum

278 5105 414 5159 σόον
447 5104 778 5175 γεγονότας
822 5104 1108 5162 ἀποτελεῖν
1129 5124 1145 5140 ο
1191 5108 1407 5173 πάντως
1444 5111 1525 5164 ὅτι
1573 5111 1673 5164 οὐκ
1717 5112 1891 5164 ὲπακο

2023 5110 2472 5166 constitutionem
2507 5110 2821 5168 moderetur
2848 5130 2861 5166 :
2894 5120 3041 5167 certe
3069 5113 3338 5182 przecedet
3362 5128 3597 5168 nascen-

280 5193 676 5269 λωϐητικῶς
698 5235 716 5261 ,
749 5194 886 5249 ἀλλὰ
918 5198 1344 5270 προηγουμένως
1366 5201 1466 5270 τῆς
1497 5199 1606 5254 τῶν
1639 5200 1806 5255 όντων
1837 5217 1894 5254 συ

2022 5206 2157 5268 tem,
2190 5216 2254 5255 ac
2288 5216 2397 5257 non
2421 5201 2535 5271 jam
2589 5201 2703 5255 nati
2751 5202 2974 5257 casibus
3032 5202 3254 5257 serviet.
3311 5202 3590 5259 incertum

282 5290 581 5353 ademi;
642 5287 991 5362 ἐξηγήσεται.
1042 5288 1250 5344 Οὐκοῦν
1288 5290 1469 5364 ἐκείνη
1525 5291 1748 5364 προάξει
1781 5309 1894 5346 κατε

2023 5292 2168 5346 enim
2195 5292 2282 5346 hic
2320 5300 2404 5347 est
2436 5293 2571 5362 quid
2616 5309 2727 5361 quo
2783 5295 2857 5349 sit
2891 5295 3063 5365 prius,
3083 5308 3207 5348 cum
3239 5292 3304 5349 ad
3330 5304 3593 5367 punctum

280 5384 393 5455 τὴν
434 5382 619 5437 ἰδίαν
661 5379 892 5452 δύναμιν
930 5381 1025 5435 τὸν
1070 5382 1418 5454 τικτόμενον,
1461 5384 1554 5438 καὶ
1580 5384 1702 5455 οὐχ).
1729 5386 1795 5458 τῇ
1827 5385 1894 5438 τοι

2024 5382 2289 5453 temporis
2318 5394 2372 5437 et
2403 5382 2686 5453 aequaliter
2716 5384 2859 5440 inter
2889 5400 2947 5440 se
2965 5399 3028 5439 ac
3060 5384 3224 5440 simul
3251 5396 3594 5444 moveantur.

290 5472 751 5546 ἀποκυηΘέντος
819 5473 1079 5545 συντυχίᾳ
1129 5475 1480 5547 ὑπηρετήσει.
1538 5475 1761 5546 ’Ἄδηλον
1813 5476 1894 5545 γά

2024 5472 2159 5529 Nam
2193 5483 2244 5530 et
2284 5475 2446 5529 homo
2478 5474 2713 5530 necdum
2754 5476 2808 5531 in
2839 5477 3013 5533 lucem
3041 5477 3223 5534 editus
3271 5488 3422 5537 motu
3462 5495 3598 5552 quo-

286 5565 568 5622 ἆνεαῦθα
633 5566 786 5618 ποῖον
821 5566 964 5631 τίνος
1001 5566 1443 5640 ἀρχηγικώτερον
1467 5606 1482 5632 ,
1515 5567 1839 5639 ἀμφοτέρων
1866 5569 1890 5621 ὲ

2028 5564 2153 5620 dam
2207 5567 2405 5629 cietur,
2458 5566 2795 5621 decrementi
2856 5569 3108 5626 videlicet
3146 5579 3202 5626 et
3265 5573 3591 5628 incrementi

290 5658 373 5728 τῷ
410 5656 664 5727 ἀκειρεῖ
714 5655 856 5709 κατά
908 5655 968 5710 τὸ
1013 5652 1130 5711 ἶσον
1173 5657 1424 5731 ἀλλήλοις
1476 5659 1894 5730 συμφερομένων

2030 5656 2318 5721 naturalis,
2345 5674 2465 5727 qua:
2493 5656 2713 5729 quidem
2739 5660 2952 5731 species
2980 5674 3167 5721 motus
3187 5673 3313 5720 sunt
3335 5683 3350 5732 ;
3372 5673 3423 5719 et
3442 5663 3596 5717 stella

290 5750 365 5807 ὐ
395 5768 463 5805 τε
503 5749 647 5819 γὰρ
682 5745 967 5818 ἅνθρωπος
988 5748 1077 5804 καὶ
1110 5750 1335 5824 πρὸτῆς
1364 5748 1543 5815 ἐξόδου
1577 5749 1684 5803 τῶν
1720 5750 1894 5820 σπλάγ

2037 5757 2301 5820 movetur,
2335 5766 2507 5824 neque
2524 5750 2755 5825 quiescit
2771 5754 2926 5828 prius
2946 5752 3110 5827 etiam
3125 5769 3288 5827 quam
3305 5758 3466 5812 homo
3487 5751 3602 5818 spi-

2014 4199 2197 4270 possis
2228 4198 2521 4253 ostendere
2542 4238 2557 4263 ,
2595 4197 2689 4253 sed
2728 4197 2985 4253 omnibus
3014 4199 3281 4265 consiliis,
3301 4200 3589 4271 cogitatio-

2015 4290 2200 4357 nibus,
2231 4288 2605 4358 providentize,
2652 4289 3007 4357 institutioni,
3040 4307 3208 4357 curae,
3261 4294 3444 4349 studio
3478 4295 3589 4350 vir-

2017 4382 2150 4439 tutis
2172 4383 2330 4452 quasi
2357 4382 2648 4452 quemdam
2673 4391 2965 4455 tyrannum
3003 4390 3097 4437 aut
3140 4383 3423 4441 dominum
3464 4402 3591 4467 per.

2019 4469 2173 4527 ﬂcias
2209 4471 2512 4526 inanimum
2549 4473 2833 4542 quiddam,
2872 4474 3087 4529 arbitrii
3142 4489 3361 4547 expers,
3420 4477 3591 4540 insta-

2018 4561 2148 4625 bile,
2179 4560 2406 4629 ﬂuxum,
2445 4563 2762 4629 insecabile,
2818 4581 2920 4621 nec
2978 4583 3074 4638 per
3121 4583 3181 4624 se
3235 4571 3587 4627 subsistens:
