4072 6212
681 375 788 433 155

1911 368 1975 426 S.—
2027 365 2352 424 GREGORII
2405 364 2493 420 ΝΥ
2506 364 2704 421 SSENI
3786 372 3868 429 156

682 489 847 543 ritum
869 486 1050 541 ducat.
1071 483 1135 539 Et
1153 483 1409 554 quoniam
1431 483 1712 555 aequaliter
1740 496 1803 538 ac
1825 482 1985 538 simul
2008 497 2245 539 movean-

2362 498 2502 552 χνων
2525 481 2583 534 ὲν
2609 479 2817 549 κινήσει
2847 477 2962 541 πώς
2989 478 3127 540 ἐστι,
3158 478 3246 533 διὰ
3297 480 3568 550 gratiosam;
3602 499 3651 536 τε
3680 485 3760 540 καὶ
3790 490 3868 541 αύ·

686 585 796 640 tur,
827 581 978 630 certo
1022 573 1275 644 judicare
1306 587 1420 629 non
1460 588 1779 644 possumus,
1805 583 1925 628 uter
1960 571 2248 643 praecedat,

679 677 804 719 tum
833 672 887 718 et
916 664 1008 719 ille
1040 664 1380 720 circulorum
1415 664 1797 729 conversione,
1840 670 1893 719 et
1923 663 2012 717 hic
2044 670 2253 717 natura:

680 752 922 808 motione
970 753 1197 809 feratur.
1250 753 1418 820 Quod
1457 754 1587 809 siin
1641 768 1748 808 una
1796 761 1949 823 parte
1994 751 2254 822 temporis

682 845 1016 899 conveniunt
1065 845 1247 908 ambo,
1291 846 1441 915 quod
1488 846 1543 900 in
1576 846 1658 900 eis
1692 844 1991 900 discrimen
2023 852 2130 908 est,
2196 850 2255 897 ut

682 935 916 989 alterum
969 935 1038 990 ab
1096 936 1268 990 altero
1322 935 1559 1005 pendere
1600 934 1930 990 credamus?
1998 931 2056 987 Si
2108 934 2251 990 enim

682 1035 829 1082 astra
881 1027 1153 1082 hominem
1196 1028 1608 1097 progignerent,
1669 1033 1826 1080 ortus
1883 1040 2066 1080 rerum
2111 1032 2254 1079 esset

681 1116 998 1180 continuus,
1056 1134 1233 1188 neque
1274 1120 1357 1173 vel
1389 1119 1453 1173 ad
1492 1124 1827 1173 momentum
1860 1116 2122 1186 temporis
2154 1114 2255 1170 ho-

680 1210 891 1263 minum
923 1208 1239 1278 procreatio
1290 1207 1772 1262 intermitteretur.
1811 1204 1932 1258 Jatu
1968 1217 2096 1259 vero
2127 1216 2251 1255 cum

684 1301 829 1354 inter
852 1307 1144 1355 nascentes
1185 1298 1378 1356 crebra
1412 1298 1669 1355 intersint
1698 1295 2009 1356 intervalla,
2036 1294 2251 1365 perspi-

682 1407 847 1446 cuum
890 1391 948 1446 tit
982 1391 1262 1446 hominum
1311 1398 1490 1445 ortum
1522 1404 1631 1444 non
1672 1389 1826 1459 sequi
1866 1394 2073 1442 motum
2109 1386 2256 1441 side-

682 1498 824 1537 rum.
865 1481 964 1538 llic
1000 1481 1143 1537 enim
1173 1488 1472 1551 perpetuus
1514 1487 1622 1545 est,
1660 1479 1751 1534 ille
1781 1477 2200 1548 interrumpitur
2237 1495 2249 1532 :

682 1590 746 1635 ac
776 1589 876 1630 suo
914 1573 1150 1645 quodam
1184 1572 1447 1642 peculiari
1494 1587 1642 1627 nexu
1697 1577 1862 1641 atque
1894 1571 2087 1625 ordine
2133 1578 2246 1623 tam

2357 570 2565 642 ξήσεως
2612 571 2671 623 ἐν
2714 572 2777 640 τῇ
2813 568 2972 638 φύσει
3002 568 3316 639 κινούμενος
3349 570 3492 640 (ἐπεὶ
3524 573 3763 629 καὶτοῦτο
3798 596 3868 632 κι-

2355 663 2562 733 νήσεως
2587 657 2729 724 εἶδός
2752 660 2892 733 ἐστι)
2918 678 2930 691 ·
2968 660 3028 714 τό
3061 678 3117 715 τε
3147 662 3344 732 ἄστρον
3366 662 3460 716 καί
3490 664 3589 735 πρὸ
3607 666 3683 719 τοῦ
3702 669 3777 737 τὴν
3793 670 3868 723 ἄν·

2356 751 2571 822 θρωπον
2592 749 2686 802 τοῦ
2721 750 2879 821 ἀέρος
2907 751 3143 813 σπάσαι,
3175 750 3395 820 φέρεται
3429 752 3522 805 καὶ
3549 754 3636 823 οὐχ
3660 754 3868 809 ἵσταταιε

2355 843 2389 912 ἦ
2422 859 2478 894 τε
2514 843 2769 912 συντυχία
2794 841 2934 895 κατὰ
2972 841 3032 894 τὸ
3065 837 3179 894 ἴσον
3208 844 3315 896 τῶν
3344 843 3431 896 διὰ
3465 846 3706 915 κινήσεως
3736 848 3868 918 ἀλλή-

2355 931 2466 996 λοις
2497 934 2965 1003 συντυγχανὸντων
2988 973 3004 1000 ,
3043 932 3245 1005 ἄπορον
3282 938 3426 988 ποιεῖ
3455 936 3544 988 τοῦ
3586 942 3868 1010 προηγουμέ·

2355 1043 2446 1079 νου
2476 1018 2575 1097 τὴν
2610 1027 2807 1096 κρίσιν.
2837 1026 2945 1079 Καὶ
2993 1027 3103 1098 γὰρ
3138 1028 3366 1081 κάκεῖνα
3411 1032 3627 1083 κινεῖται
3661 1031 3738 1086 διά
3785 1030 3868 1084 τῶν

2356 1116 2602 1180 κύκλων,
2634 1118 2728 1171 καὶ
2767 1116 2923 1171 τοῦτο
2958 1118 3044 1171 διὰ
3077 1120 3175 1189 τῆς
3218 1120 3432 1189 φύσεως
3471 1120 3641 1175 ὁδεῦον
3667 1125 3860 1195 φέρεται

2356 1207 2418 1261 Εἰ
2440 1208 2497 1261 δὲ
2527 1210 2585 1262 ἐν
2615 1209 2693 1261 ἐνὶ
2723 1208 2877 1278 μέρει
2907 1208 3001 1262 τού
3032 1211 3219 1280 χρόνου
3254 1211 3627 1282 ἁμφοτέροιςή
3653 1215 3771 1285 πρὸς
3798 1215 3868 1267 ἁλι

2354 1300 2546 1371 λήλους
2582 1301 2794 1365 σύνοδος
2836 1302 3042 1369 γίνεται
3070 1341 3084 1366 ,
3132 1303 3216 1366 τίς
3249 1304 3283 1372 ἡ
3318 1304 3454 1373 πρὸς
3488 1304 3675 1374 ἄλληλα
3702 1306 3868 1359 τούτωπ.

2353 1394 2584 1465 διαφορὰ
2604 1434 2619 1457 ,
2644 1393 2783 1449 ὥστε
2810 1393 2901 1448 τοῦ
2950 1393 3133 1465 ἑτέρου
3160 1393 3222 1446 τὸ
3265 1393 3448 1465 ἕτερον
3477 1394 3764 1467 αἰτιώτερον
3791 1398 3867 1450 eis

2357 1486 2515 1551 σΟαι;
2547 1488 2609 1539 Εἰ
2637 1485 2745 1557 γὰρ
2773 1485 2860 1539 διὰ
2887 1486 2955 1546 τὰ
2989 1485 3163 1556 ἄστρα
3195 1487 3223 1537 6
3248 1468 3559 1554 ἄνθρωπος,
3589 1486 3793 1541 πάντοτε
3822 1489 3868 1543 ἂι

2355 1575 2502 1651 ἔρρει
2529 1577 2561 1646 ἡ
2589 1575 2749 1645 φύσις
2777 1574 2862 1627 διὰ
2889 1574 3211 1644 γεννήσεως,
3245 1572 3362 1627 οὐδὲ
3400 1575 3456 1625 ἐν
3484 1574 3669 1644 ἀκαρεῖ
3706 1591 3755 1627 τι
3784 1575 3868 1629 διάΔ

683 1662 932 1731 homines
968 1676 1133 1731 quam
1167 1670 1313 1717 astra
1351 1676 1447 1731 per
1476 1676 1536 1716 se
1569 1667 1879 1725 moventur,
1939 1674 2062 1715 cum
2104 1658 2245 1713 nulla

2354 1667 2560 1738 λειμμα
2593 1667 2694 1736 τῆς
2731 1665 3077 1738 ἀνθρωπίνης
3120 1664 3353 1735 παρόδου
3388 1664 3790 1721 ἐπιδεικνύουσα.
3828 1670 3866 1721 Ε

680 1752 984 1823 necessitas
1015 1752 1159 1816 inter
1197 1767 1255 1807 se
1297 1752 1515 1823 cOpulet
1550 1765 1613 1806 ea
1637 1765 1758 1822 qua;
1798 1759 1992 1805 natura
2037 1749 2245 1818 disiun-

2352 1758 2410 1815 δὲ
2442 1759 2632 1812 πολλαί
2665 1758 2772 1821 τῶν
2803 1757 3095 1828 γινομένων
3124 1757 3178 1810 αἰ
3213 1755 3415 1826 μεταξὺ
3448 1757 3736 1822 διαστάσεις
3758 1799 3771 1821 ,
3802 1776 3865 1813 σα

680 1846 778 1899 xit.
815 1843 885 1898 At
914 1842 961 1899 si
1000 1842 1053 1897 id
1084 1850 1267 1897 vestra
1299 1842 1404 1897 sibi
1434 1842 1554 1897 vult
1583 1842 1781 1907 oratio,
1825 1850 1884 1895 ut
1913 1841 1967 1894 in
1994 1839 2085 1895 illa
2115 1848 2245 1894 tem-

2354 1849 2469 1917 φῶς
2504 1849 2883 1912 ἀποδείκνυται
2909 1848 2995 1914 τὸ,
3020 1847 3096 1918 μὴ
3122 1849 3187 1918 τῇ
3214 1848 3423 1917 κινήσει
3455 1846 3563 1902 τῶν
3589 1846 3781 1919 ἄστρων
3798 1851 3862 1920 τὴ

680 1935 831 2006 poris
846 1933 1114 2004 particula
1143 1931 1303 1988 sitam
1318 1947 1439 1988 esse
1460 1931 1750 1989 credamus
1764 1928 1987 1986 causam
2009 1930 2245 1984 omnium

2355 1939 2699 2011 ἀνθρωπίνην
2729 1937 2954 2001 ἕπεσθαι
2987 1937 3218 2006 γένεσιν.
3255 1937 3318 1989 Ἦ
3351 1937 3448 2008 μὶν
3476 1937 3607 2008 γάρ,
3633 1939 3713 1993 ἀεὶ
3735 1945 3867 1993 κινεῖ

680 2041 802 2097 quae
819 2025 873 2079 in
894 2023 1172 2078 hominum
1195 2022 1304 2081 vita
1317 2022 1751 2087 committuntur,
1775 2020 1897 2076 vide
1913 2026 2044 2091 quot
2060 2022 2245 2097 myria

2353 2043 2443 2091 ται
2460 2045 2473 2057 ·
2508 2029 2541 2098 ἡ
2571 2027 2628 2081 δὲ
2647 2068 2662 2091 ,
2704 2028 2802 2082 οὐκ
2827 2026 2913 2081 ἀεὶ
2942 2029 3194 2096 γεννᾶται
3213 2039 3236 2057 '
3258 2025 3371 2080 ἀλλ’
3399 2027 3511 2098 ἰδίῳ
3532 2028 3677 2082 τοῦτο
3705 2030 3868 2101 εἰρμῷ

684 2126 788 2180 das
813 2123 1155 2179 dominorum
1177 2132 1607 2195 actvrannorum
1641 2120 1696 2175 in
1729 2119 1846 2176 dies
1880 2118 2145 2190 singulos,
2197 2118 2245 2173 in

2354 2121 2575 2174 κάκεῖνο
2611 2119 2771 2177 πάλιν
2803 2118 3108 2186 ἰδιαζόντως
3150 2119 3234 2189 ἐφ’
3258 2117 3450 2173 ἑαυτοῦ
3481 2119 3728 2190 φέρεται,
3756 2122 3868 2174 οὐδε

681 2219 927 2289 singulas
956 2217 1083 2272 item
1120 2222 1310 2270 noctes
1341 2230 1437 2284 per
1464 2222 1704 2269 minutas
1723 2213 1843 2267 illas
1875 2221 1929 2267 et
1947 2211 2245 2267 iudividuas

2356 2214 2484 2283 μιᾶς
2509 2212 2751 2283 ἀνάγκης
2779 2210 3154 2280 συναπτούσης
3178 2210 3312 2283 πρὸς
3337 2210 3538 2281 άλληλα
3568 2211 3628 2264 τὰ
3653 2210 3860 2265 διεστῶτ

678 2310 946 2380 temporis
971 2308 1245 2364 sectiones
1272 2305 1561 2370 exsistant,
1585 2304 1675 2359 die
1704 2318 1768 2359 ac
1792 2304 2026 2358 noctein
2062 2302 2245 2373 viginti

2351 2307 2417 2377 τῇ
2451 2303 2639 2372 φύσει·
2676 2305 2723 2356 εἰ
2753 2303 2808 2356 δὲ
2837 2302 2995 2356 τοῦτο
3041 2304 3069 2355 6
3102 2294 3371 2373 ’ὑμέτερος
3411 2304 3792 2369 κατασκευάζει
3817 2306 3868 2359 λέ

681 2405 940 2467 quatuor,
979 2404 1041 2452 ut
1083 2395 1290 2461 dicitis,
1339 2395 1505 2450 horas
1538 2394 1751 2459 divisis,
1790 2393 1988 2464 quavis
2033 2393 2168 2447 hora
2195 2393 2245 2448 in

2351 2412 2445 2465 γος
2469 2435 2484 2460 ,
2511 2394 2572 2449 τὸ
2609 2395 2694 2449 ἐπ’
2719 2393 2901 2466 ἐκείνῃ
2928 2396 2994 2465 τῇ
3044 2393 3208 2464 μοίρᾳ
3241 2394 3335 2447 τοῦ
3375 2397 3563 2464 χρόνον
3599 2395 3691 2467 τὴν
3728 2398 3868 2451 αἰτία

679 2489 962 2560 sexaginta
1005 2487 1236 2554 minuta,
1274 2486 1468 2556 quovis
1495 2486 1703 2541 minuto
1734 2485 1789 2541 iu
1832 2485 2114 2555 sexaginta
2164 2499 2251 2541 sev

680 2578 880 2643 cunda,
908 2577 1100 2648 quovis
1139 2576 1402 2642 secundo,
1440 2583 1497 2630 ut
1526 2581 1780 2630 asserunt
1810 2590 1874 2629 ex
1899 2574 2055 2629 vobis
2094 2574 2131 2629 ii
2155 2574 2249 2644 qui

679 2671 797 2727 haec
845 2669 1101 2725 subtilius
1158 2664 1538 2737 pertractanda
1596 2674 1978 2736 susceperunt,
2035 2671 2249 2719 retento

678 2761 866 2817 eodem
898 2759 1252 2830 sexagenario
1276 2772 1527 2822 numero,
1557 2757 1612 2811 in
1643 2756 1922 2827 sexaginta
1948 2755 2129 2810 tertia.
2164 2754 2246 2809 Ex

678 2854 877 2927 quibus
916 2854 971 2909 in
998 2866 1165 2908 unum
1198 2849 1414 2906 collecti
1461 2848 1831 2906 momentanei
1879 2849 1960 2903 illi
2001 2848 2078 2903 dii
2131 2848 2247 2904 sive

680 2944 918 3017 tyranni,
938 2943 1053 2999 sive
1073 2940 1471 3010 nescioquibus
1489 2940 1611 2996 aliis
1628 2938 1941 2994 nominibus
1956 2938 2244 3002 alliciendi,

681 3035 914 3104 amplius
951 3046 1112 3086 unam
1142 3041 1195 3085 et
1212 3029 1401 3101 viginti
1420 3028 1694 3101 myriadas
1717 3027 2034 3099 coniiciunt.
2058 3024 2178 3080 Jam
2195 3025 2242 3080 si

682 3142 788 3180 uua
811 3126 941 3179 hora
973 3131 1052 3179 tot
1078 3123 1232 3183 nobis
1248 3121 1482 3192 partium
1506 3118 1783 3191 myriadas
1803 3118 2139 3188 suppeditat,
2156 3119 2242 3171 vi-

679 3217 813 3288 ginti
832 3225 1065 3286 quatuor
1077 3190 1422 3285 prOportione
1436 3190 1597 3267 unius
1610 3212 1833 3266 omnino
1852 3210 2241 3281 multiplicata,
2269 3190 2313 3247 (ἶ

682 3309 920 3363 inliuitas
935 3306 1169 3360 fatorum
1200 3304 1473 3377 myriadas
1496 3303 1795 3374 proierent.
1814 3301 1884 3356 At
1911 3304 2054 3357 enim
2073 3301 2248 3372 quod-

683 3401 766 3456 vis
806 3416 872 3455 ex
912 3399 1020 3453 illis
1040 3397 1333 3452 inevitabili
1371 3395 1611 3465 potentia
1652 3394 1935 3464 praeditum
1958 3408 2080 3448 esse
2112 3377 2245 3448 con-

680 3493 950 3558 ﬁrmatis;
985 3505 1050 3544 ex
1083 3502 1191 3558 quo
1224 3487 1453 3542 cﬂicitur
1484 3487 1696 3541 nullum
1726 3501 1913 3541 eorum
1944 3502 2065 3542 esse
2096 3486 2241 3556 quod

680 3600 787 3641 non
824 3590 968 3654 agat.
1007 3580 1193 3651 Neque
1236 3580 1381 3635 enim
1416 3577 1674 3649 potentiae
1705 3580 1983 3649 preprium
2012 3593 2135 3633 esse
2164 3579 2248 3634 di-

678 3677 825 3733 xeris
855 3682 914 3728 ut
944 3689 1050 3728 non
1084 3679 1244 3743 agat,
1276 3669 1720 3741 quandoquidem
1782 3669 2028 3739 potentia
2062 3671 2242 3725 omnis

679 3770 735 3823 in
767 3768 979 3822 actione
1009 3766 1356 3836 perspicitur.
1392 3762 1647 3833 Equalia
1692 3771 1820 3817 sunt
1868 3761 2034 3832 igitur
2076 3763 2242 3816 etiam

684 3857 935 3925 potentia:
966 3855 1195 3910 etIecta:
1242 3867 1409 3923 quare
1451 3858 1584 3920 quot
1619 3858 1746 3905 sunt
1785 3858 2063 3919 segmenta
2099 3857 2240 3904 tem-
2266 3912 2271 3917 π

676 3950 855 4016 poris,
887 3947 1107 4001 totidem
1139 3959 1354 4014 quoque
1389 3942 1635 3998 homines
1670 3941 1818 3996 horis
1862 3941 2090 4012 singulis
2141 3955 2241 3995 na-

676 4048 921 4103 scantur,
955 4052 1179 4093 necesse
1209 4044 1310 4091 est.
1345 4032 1515 4090 Porro
1559 4037 1603 4089 si
1648 4034 1823 4089 cuivis
1864 4034 1973 4087 fato
2017 4035 2241 4104 aequalis

677 4133 917 4209 potentia
950 4130 1278 4200 assignanda
1312 4137 1397 4183 est
1417 4167 1431 4193 ,
1463 4133 1626 4185 erunt
1655 4142 1843 4183 omnes
1874 4143 1939 4181 ex
1966 4143 2123 4197 usque
2156 4143 2241 4183 reo

674 4239 801 4300 ges,
870 4222 1129 4291 longaevi,
1193 4228 1477 4291 potentes,
1543 4218 1845 4285 fortunati,
1904 4220 2122 4285 felices,
2188 4229 2241 4274 et

673 4312 938 4383 quidquid
969 4321 1228 4382 praeterea
1256 4314 1311 4365 in
1355 4314 1513 4367 bonis
1560 4321 1898 4376 numeratur,
1933 4312 2236 4382 acquirent.

676 4405 807 4459 Nam
839 4406 885 4458 si
918 4405 1040 4473 quis
1069 4418 1258 4457 eorum
1292 4402 1535 4457 defectus
1562 4411 1645 4457 est
1667 4445 1681 4470 ,
1718 4404 1936 4473 aliquod
1966 4410 2111 4461 certe
2139 4404 2239 4467 im-

2348 2488 2457 2541 τῶν
2488 2488 2625 2541 κατὰ
2663 2487 2752 2541 τὸν
2783 2487 2895 2558 βίον
2923 2488 3177 2542 ἁπάντων
3208 2488 3452 2553 κεῖσθαι,
3492 2488 3752 2559 σκόπησον
3779 2492 3868 2544 ὅσα

2353 2578 2617 2649 μυριάδας
2643 2578 2913 2633 δεσποτῶν
2952 2579 3045 2633 καὶ
3070 2578 3347 2648 τυράννων
3366 2616 3383 2643 ,
3431 2581 3610 2650 ἡμέρα
3637 2582 3780 2635 πᾶσα
3812 2600 3868 2635 κο

2348 2669 2445 2733 νὺξ
2489 2670 2750 2734 ὡσαύτως
2778 2669 2920 2725 κατὰ
2942 2670 3040 2735 τὰς
3084 2669 3284 2734 λεπτὰς
3315 2671 3649 2735 ὲκείνας.καὶ
3688 2674 3868 2744 ἀκαρεῖ

2347 2760 2438 2816 τοῦ
2475 2761 2666 2833 χρόνου
2710 2762 2884 2835 τομὰς
2931 2748 3332 2835 ἀπεργάζεται’
3376 2764 3454 2829 εἰς
3506 2762 3770 2837 τέσσαρας
3817 2783 3868 2819 κε

2346 2852 2549 2909 εἴκοσιν
2579 2853 2727 2925 ὥρας
2754 2855 2946 2919 νυκτὸς
2979 2856 3073 2908 καὶ
3115 2857 3324 2929 ἡμέρας
3348 2896 3365 2920 ,
3405 2857 3480 2921 ὣς
3525 2875 3656 2927 φατε
3676 2900 3690 2921 ,
3723 2859 3868 2931 διῃργ

2350 2947 2525 3015 μένων
2550 2962 2565 2978 ·
2601 2946 2834 3017 ἑκάστης
2871 2947 2924 3000 δὲ
2959 2946 3137 3021 ὥρας,
3173 2949 3434 3016 ἑξήκοντα
3472 2951 3715 3020 τμήμασι
3753 2969 3868 3024 μερτ

2347 3034 2617 3108 ζομένης·
2663 3026 2826 3091 πάλιν
2855 3038 2911 3090 δὲ
2940 3037 3047 3090 τῶν
3095 3039 3396 3109 τμημάτων
3443 3040 3644 3093 τούτων
3683 3042 3868 3096 execr:

2347 3126 2489 3181 κατὰ
2534 3127 2596 3180 τὸ
2642 3127 2923 3199 ἰσάριθμον
2969 3126 3470 3201 κερματιζομένουο
3510 3130 3585 3194 ὡς
3634 3131 3690 3184 δέ
3752 3150 3863 3200 (pater

2348 3217 2502 3288 ὑμῶν
2523 3219 2572 3270 οἰ
2601 3220 2680 3282 εἰς
2701 3219 2798 3289 τὴν
2819 3218 3144 3290 λεπτοτέραν
3174 3219 3283 3276 τῶν
3312 3221 3569 3274 τοιούτων
3597 3225 3868 3293 παρατήρι

2352 3325 2435 3361 σιν
2477 3308 2552 3380 τῷ
2592 3308 2734 3379 λόγῳ
2765 3309 3099 3381 διαδυόμενοι
3124 3350 3139 3377 ,
3186 3311 3267 3365 ὅτι
3312 3312 3404 3364 καὶ
3458 3312 3657 3375 τούτων
3689 3315 3868 3370 ἕκαστι

2349 3402 2508 3455 πάλιν
2540 3401 2648 3455 τῶν
2682 3402 2984 3473 λεγομένων
3015 3402 3319 3472 τμημάτων
3355 3404 3624 3476 ἰσαρίθμῳ
3655 3406 3868 3478 διαιρέσ

2347 3494 2781 3548 ὲπιλεπτύνεται.
2823 3494 2896 3548 Τὸ
2943 3494 3121 3549 τοίνυν
3181 3498 3242 3549 ὲκ
3286 3495 3490 3550 τούτων
3534 3498 3867 3568 ἀθροιζόμεν

2348 3582 2548 3653 πλῆθος
2570 3582 2674 3636 τῶν
2700 3582 3001 3653 ἀκαριαίων
3027 3584 3248 3637 ἐκείνων
3302 3582 3460 3648 θεῶν,
3495 3584 3526 3655 ἢ
3555 3585 3859 3649 δεσποτῶν,

2345 3675 2617 3746 τυράννων
2642 3715 2658 3739 ,
2693 3675 2725 3747 ἢ
2761 3675 2863 3727 οὐκ
2888 3670 2985 3727 οἶδ’
3011 3675 3159 3738 ὅπως
3195 3673 3301 3745 χρὴ
3331 3674 3507 3742 λέγειν
3530 3716 3545 3741 ,
3581 3679 3714 3743 μιᾶς
3760 3678 3865 3730 πλέ

2347 3767 2439 3819 καὶ
2470 3767 2640 3820 εἴκοσι
2662 3764 2948 3838 ,μυριάδων
2979 3766 3146 3820 ἐστίν.
3186 3768 3251 3819 Εἰ
3278 3767 3334 3820 δὲ
3364 3768 3459 3837 μία
3504 3766 3621 3837 ὥρα
3650 3769 3867 3822 τοσαύτη

2348 3858 2699 3930 μοιρῶνὴμῖν
2732 3857 2996 3930 μυριάδας
3035 3861 3197 3924 ποιεῖ,
3231 3859 3286 3911 αἰ
3322 3858 3582 3930 τέσσαρες
3613 3860 3712 3912 καὶ
3749 3860 3868 3915 εἶκε

2344 3951 2485 4021 κατὰ
2512 3950 2667 4020 λόγον
2717 3950 2818 4017 τῆς
2872 3952 3001 4020 μιᾶς
3042 3952 3256 4012 πάντως
3304 3951 3868 4005 πολλαπλασιασθεῖσι

2341 4043 2441 4106 τὰς
2491 4041 2749 4115 ἀπείρους
2801 4042 2907 4095 τῶν
2974 4040 3177 4113 μοιρῶν
3219 4040 3483 4112 μυριάδας
3526 4040 3868 4108 ἀπογεννῶσι

2363 4133 2526 4187 Ἀλλὰ
2578 4134 2683 4205 μὴν
2734 4133 2936 4205 τούτων
2981 4132 3214 4201 ἑκάστην
3270 4128 3624 4201 ἀπαράϐατον
3693 4129 3868 4199 δύναμ

2342 4223 2483 4295 ἔχειν
2512 4225 2540 4277 6
2581 4203 2851 4295 νύμέτερος
2901 4221 3287 4292 διισχυρίζεται
3337 4221 3512 4288 λόγος.
3546 4220 3764 4274 Ούκούν
3803 4221 3868 4273 ἀ>

2341 4312 2526 4367 λουθον
2559 4311 2826 4382 μηδεμίαν
2856 4309 3034 4398 αὐτῶν
3068 4310 3346 4380 ἄπρακτον
3394 4304 3551 4361 εἶναι.
3593 4308 3673 4360 υύ
3726 4307 3844 4377 γὰρ

2339 4398 2437 4466 τῆς
2463 4396 2745 4466 δυνάμεως
2784 4397 2913 4451 ἴδιον
2941 4395 3038 4466 τὴν
3066 4395 3335 4467 ἀπραξίαν
3362 4397 3535 4459 εἴποις
3563 4436 3577 4460 ,
3610 4396 3734 4449 ἀλλ’
3770 4398 3831 4448 ἐν

678 4496 923 4551 becillius
972 4506 1024 4549 et
1070 4491 1445 4562 imperfectius
1493 4492 1850 4560 iudicandum
1898 4503 2001 4551 est.
2051 4496 2239 4564 Neque

2341 4489 2591 4560 ἐνεργείᾳ
2622 4488 2835 4553 πάντως
2876 4488 3172 4559 καθορᾶται
3220 4487 3252 4557 ή
3296 4486 3542 4557 δύναμις.
3573 4486 3801 4540 Οὐκοῦν
3850 4483 3868 4539 ἶ

673 4587 818 4643 enim
848 4587 1108 4656 aqualem
1140 4582 1435 4654 potentiam
1467 4584 1723 4640 tribuet-is
1744 4625 1759 4650 ,
1788 4593 1893 4636 tam
1922 4587 1973 4640 ei
2002 4586 2091 4654 qui
2127 4600 2240 4647 ma—

672 4692 776 4748 gna
801 4717 815 4742 ,
846 4691 1005 4745 quam
1030 4673 1121 4742 qui
1169 4686 1335 4742 parva
1381 4671 1715 4741 prrestiterit.
1766 4669 2004 4741 Exempli
2036 4687 2200 4728 causa
2220 4714 2236 4740 ,

673 4767 815 4830 alius
845 4764 1199 4819 centesimum
1233 4761 1509 4832 superavit
1535 4776 1757 4825 annum,
1793 4777 1954 4816 senex
1976 4802 1991 4827 ,
2015 4765 2240 4834 opulenv

675 4869 762 4911 tus
785 4899 800 4923 ,
852 4855 1015 4919 felix,
1053 4851 1309 4908 omnibus
1344 4852 1397 4905 in
1447 4850 1612 4906 rebus
1651 4850 1946 4911 secundam
1982 4863 2238 4924 expertus

673 4950 978 5012 fortunam,
1007 4943 1299 5015 nepotibus
1329 4942 1559 5012 stipatus
1582 4984 1597 5009 ,
1628 4949 1984 5014 pronepotum
2015 4952 2238 5015 aspectu

672 5041 860 5103 lactus,
908 5050 1107 5101 sanus,
1153 5034 1444 5089 incolumis
1470 5073 1486 5100 ,
1529 5034 1866 5097 honoratus,
1895 5034 2099 5090 doloris
2139 5051 2235 5095 ex-

670 5148 829 5204 pers,
865 5129 1060 5203 opibus
1090 5126 1350 5203 ailluens,
1382 5133 1436 5181 et
1470 5125 1515 5181 si
1548 5124 1678 5196 quid
1711 5125 1859 5180 aliud
1895 5124 1949 5180 in
1981 5124 2083 5181 bac
2124 5127 2235 5183 vita

669 5226 969 5294 pretiosum
1001 5229 1084 5278 est
1103 5259 1119 5286 ,
1168 5218 1332 5274 rebus
1363 5217 1621 5274 omnibus
1648 5217 1864 5273 beatus.
1892 5217 2048 5275 Alius
2072 5219 2234 5274 simul

669 5322 830 5383 atque
859 5331 926 5371 ex
971 5321 1220 5371 materno
1252 5321 1405 5367 utero
1450 5308 1688 5381 prodiit,
1725 5307 2045 5365 suffocatur.
2080 5307 2232 5365 Multi

669 5403 868 5474 quippe
921 5421 985 5460 ex
1041 5403 1417 5460 meretricibus
1473 5408 1567 5455 aut
1611 5400 1873 5457 adulteris
1930 5410 2234 5457 nascuntur

669 5493 939 5554 infantes.
990 5510 1128 5562 quos
1175 5502 1361 5563 utpote
1404 5492 1601 5547 nothos
1648 5490 1763 5547 suis
1810 5490 1940 5562 ipsa:
1981 5490 2233 5546 manibus

669 5593 870 5642 matres
901 5585 1262 5651 obtruncant,
1287 5584 1543 5654 caedeque
1575 5581 1834 5652 ﬂagitium
1864 5580 2228 5650 supprimunt.

668 5675 798 5744 Qua:
832 5674 925 5730 fati
970 5674 1206 5742 potentia
1254 5676 1306 5727 iu
1354 5675 1440 5730 his
1470 5672 1681 5730 enitet?
1717 5687 1785 5725 an
1835 5671 1956 5725 istis
1985 5685 2138 5741 atque
2167 5686 2229 5725 ac

2342 4579 2433 4629 καὶ
2468 4577 2535 4629 τὰ
2557 4579 2656 4648 τῆς
2688 4577 2965 4649 δυνάμεώς
2997 4582 3142 4632 ἐστιν
3175 4578 3591 4647 ἀποτελέσματα
3615 4594 3629 4607 ⁵
3657 4579 3812 4632 ὥστε
3840 4580 3868 4632 ὅ

2339 4671 2640 4741 τμήματα,
2672 4670 2928 4724 τοσαῦται
2963 4670 3055 4722 καὶ
3095 4669 3203 4723 τῶν
3231 4668 3534 4741 ἀνθρώπων
3582 4669 3852 4737 γενέσεις

2339 4740 2733 4829 ἀνάγκηςθκαίν
2760 4761 2995 4833 ἑκάστην
3025 4756 3172 4831 ὥραν
3205 4761 3584 4830 συστήσονται.
3615 4761 3739 4812 Καὶ
3777 4761 3868 4812 εῖτ

2339 4849 2541 4923 ἑκάστη
2588 4851 2750 4923 μοίρᾳ
2784 4852 2843 4905 τὸ
2872 4852 3090 4906 δυνατὸν
3118 4852 3321 4928 ὁμοίως
3367 4850 3868 4922 προσμαρτυρείσί

2338 4941 2643 5012 προσήκει,
2692 4943 2899 5005 πάντας
2936 4943 3023 4997 ἐπ’
3060 4941 3179 5012 ἴσης
3227 4940 3519 5011 βασιλέας,
3555 4939 3868 5011 μακροὸίοδ

2336 5032 2623 5099 δυνατοὺς,
2663 5032 2960 5106 εύκλήρους
2983 5074 3001 5096 ,
3036 5034 3387 5105 εὐδαίμονας,
3422 5031 3516 5086 καὶ
3556 5032 3668 5085 ὅσα
3710 5033 3825 5102 τῆς

2339 5124 2610 5194 μιωτέρας
2640 5123 2843 5195 λήξεως
2876 5123 3013 5190 εἶναι
3052 5126 3363 5197 νομίζεται,
3394 5125 3459 5178 τὸ
3494 5125 3599 5196 τῆς
3637 5125 3868 5199 δυνάμε

2335 5216 2593 5286 ὁμότιμον
2617 5216 2986 5288 ἀπεργάζεται
3006 5234 3020 5251 ⁸
3049 5219 3082 5289 η
3110 5217 3216 5290 γὰρ
3249 5216 3482 5287 ἔλλειψις
3509 5216 3741 5283 τούτων
3771 5234 3868 5271 τιν

2333 5307 2425 5361 τοῦ
2456 5308 2595 5362 κατὰ
2629 5308 2725 5382 τὴν
2745 5309 2971 5380 δύναμιν
2995 5309 3217 5373 ἀτελοῦς
3242 5309 3546 5381 κατηγορία
3574 5308 3843 5378 γίνεται.

2333 5401 2442 5470 γὰρ
2493 5399 2557 5454 ἄν
2584 5417 2667 5464 τις
2701 5402 2822 5471 τσην
2871 5401 3384 5474 προσμαρτυρήσειε
3420 5389 3666 5471 δύναμιν
3688 5440 3709 5461 ,
3758 5400 3857 5470 τῷ

2334 5490 2544 5561 μεγάλα
2573 5492 2660 5544 καὶ
2690 5490 2862 5563 μικρὰ
2893 5492 3264 5562 ὲνεργήσαντι.
3296 5486 3439 5556 Οἷον,
3471 5491 3500 5544 6
3537 5489 3649 5561 μὲν
3695 5489 3867 5560 ὑπερ

2332 5580 2501 5650 6ηκεν
2534 5580 2726 5635 ἑκατὸν
2781 5580 2875 5652 ἐτη
2932 5582 2990 5635 ὲν
3021 5582 3168 5653 γήρᾳ
3212 5579 3425 5652 λιπαρῷ
3477 5581 3575 5634 καὶ
3611 5579 3868 5649 εὐδαίμς

2331 5672 2516 5751 παισὶν
2568 5671 2985 5744 εύθηνούμενος.
3016 5672 3256 5741 ἐκγόνοις
3284 5671 3790 5743 δορυφορούμενος
3812 5712 3828 5733 ,

668 5771 775 5828 illis
807 5770 1117 5825 diuturnam
1148 5765 1309 5821 vitam
1341 5767 1470 5823 dare
1502 5781 1607 5821 non
1641 5763 1867 5835 potest?
1895 5762 1949 5820 Si
1984 5764 2228 5820 asseritis

2337 5763 2406 5834 τῷ
2442 5763 2578 5835 μετά
2604 5764 2822 5828 τούτους
2848 5764 3282 5837 ἐπαγαλλόμενος
3312 5764 3480 5833 γένει,
3512 5765 3730 5827 ἄνοσος
3758 5802 3777 5828 ,
3808 5766 3868 5818 dt:
