4072 6212
399 395 494 453 15τ

1696 391 1973 449 CONTRA
2030 390 2289 448 FATUM.

3517 396 3623 450 {58

392 528 512 583 μων,
553 509 796 579 ἐπίτιμος
819 548 834 573 ,
863 508 1066 572 ἄλυπος
1086 549 1101 573 ,
1132 507 1360 564 πλούτου
1392 512 1627 583 δαψιλῶς
1651 514 1819 586 ἔχων,
1851 510 1942 585 καὶ

2046 526 2237 582 posse,
2264 507 2518 565 omnibus
2550 506 2602 560 in
2636 505 2800 567 rebus
2826 519 2891 560 ex
2919 518 3074 576 teque
3106 504 3332 575 vis'ejus
3357 507 3615 564 elucehit.

384 607 433 657 εί
454 620 500 657 τι
530 603 652 658 ἄλλο
675 602 782 656 τῶν
816 601 957 655 κατὰ
990 601 1079 655 τὸν
1106 600 1226 672 βίον
1253 603 1440 658 τοῦτον
1482 608 1540 659 ὲν
1566 607 1765 678 τιμίοις
1794 606 1942 659 νενό-

383 711 584 767 μισται,
612 693 697 747 διὰ
746 694 963 748 πάντων
1005 696 1464 767 μακαριζόμενος.
1500 698 1762 768 Ἕτερος,
1805 694 1941 766 όμοῦ

375 784 445 854 τῷ
473 780 817 854 παραχθῆναι
845 787 925 848 είς
957 783 1073 853 φῶς
1098 824 1113 849 ,
1154 787 1455 857 κατεπνίγη
1483 803 1496 817 ·
1526 782 1613 840 οἷα
1659 786 1721 856 δὴ
1774 785 1945 841 πολλὰ

373 875 471 930 τῶν
491 875 785 946 γινομένων
807 876 957 929 ἐστὶν
983 877 1289 949 ἑταιρικαῆ
1319 879 1553 949 μοιχίδια
1580 878 1776 950 βρέφη,
1801 878 1944 946 άπερ

373 967 481 1019 τῶν
503 967 751 1038 μητέρων
789 968 846 1021 αἱ
875 967 1207 1038 παρανόμως
1235 968 1509 1039 κυήσασαι
1534 1008 1548 1032 ,
1578 972 1697 1031 ταῖς
1736 967 1942 1027 ἑαυτῶν

2049 600 2235 671 Neque
2264 600 2410 655 enim
2441 597 2584 652 aliud
2616 597 2852 667 poterit,
2882 596 3027 651 aliud
3056 608 3163 652 non
3200 598 3429 669 poterit,
3462 599 3507 654 si
3540 615 3622 653 re-

2050 707 2176 746 vera
2222 691 2462 761 potentia
2503 688 2688 743 valet':
2721 695 2773 739 at
2803 688 3043 755 potentia
3074 702 3141 743 ex
3172 672 3387 764 effectis
3414 704 3621 760 cogno—

2050 783 2248 838 scitur.
2298 781 2453 835 Nulla
2486 794 2617 850 ergo
2648 779 2878 833 exsistet
2905 780 3027 833 vita:
3058 780 3451 835 dissimilitudo
3474 822 3488 846 ,
3525 781 3617 837 sed

2049 889 2318 930 summam
2353 874 2453 927 sibi
2490 870 2800 926 felicitatem
2832 871 3036 940 pariter
3065 888 3258 927 omnes
3289 876 3622 943 pollicentiu-

2049 972 2160 1028 tur,
2193 979 2259 1019 eo
2298 962 2441 1032 quod
2471 975 2536 1016 et
2580 969 2763 1017 vestra
2807 962 3082 1016 sententia
3122 977 3317 1018 omnes
3363 964 3472 1017 fato
3509 966 3621 1018 sint

2049 1056 2312 1125 subjecti,
2342 1056 2632 1125 ipsumque
2660 1052 2830 1107 fatum
2866 1068 3083 1123 semper
3116 1056 3298 1109 omnia
3327 1057 3520 1124 possit.

374 1058 514 1130 χερσὶ
568 1058 1031 1129 διαχειριζόμεναι
1060 1100 1075 1125 ,
1129 1058 1347 1130 θανάτῳ
1388 1060 1478 1115 τὸν
1538 1060 1756 1130 ἔλεγχον
1814 1058 1941 1113 κλέ-

372 1168 549 1205 πτουσι
574 1168 589 1184 ⁸
624 1153 733 1208 ποῦ
771 1155 804 1223 η
833 1150 1060 1225 δύναμις
1091 1154 1183 1208 ἐπὶ
1227 1155 1431 1210 τούτων
1457 1156 1559 1227 τῆς
1586 1156 1815 1226 μοίρας;
1848 1153 1971 1216 Πῶς
2004 1152 2083 1216 είς
2109 1151 2169 1203 τὸ
2193 1148 2321 1203 αὐτὸ
2349 1150 2449 1220 τῆς
2473 1148 2618 1219 ζωῆς
2650 1149 2843 1220 μέτρον
2869 1151 2902 1219 ή
2931 1148 3030 1219 τῆς
3090 1150 3427 1222 εἱμαρμένης
3469 1152 3619 1220 ἰσχὺς

372 1244 461 1296 οὐκ
480 1244 818 1316 ἑξήρκεσενς
847 1246 909 1298 Ei
931 1246 1040 1318 γὰρ
1064 1246 1124 1300 τὸ
1158 1248 1380 1302 δυνατὸν
1416 1250 1552 1319 αὐτῇ
1586 1248 2028 1320 προσμαρτυρεῖν
2052 1247 2081 1298 ὀ
2115 1242 2377 1315 ὑμέτερος
2424 1242 2578 1311 λόγος
2648 1243 2815 1295 οἴεται
2860 1240 3002 1307 δεῖν,
3070 1243 3264 1313 ἐπίσης
3331 1246 3463 1298 πᾶσι
3507 1248 3619 1307 τοῖς
3673 1243 3687 1252 ’

370 1328 507 1385 οὖσιν
543 1336 578 1403 ἡ
610 1332 773 1404 laxi);
800 1335 970 1406 αὐτῆς
1031 1337 1353 1407 φανήσεται.
1425 1337 1501 1390 Οὐ
1566 1327 1675 1408 γάρ
1698 1337 1760 1390 τὸ
1791 1336 1888 1407 μὲν
1915 1333 2120 1405 ἰσχύσει
2144 1372 2160 1400 ,
2193 1335 2255 1388 τὸ
2281 1334 2337 1387 δὲ
2361 1333 2423 1388 οὔ
2463 1334 2790 1405 δυνήσεται,
2841 1331 3000 1403 εἴπερ
3038 1332 3253 1403 ἀληθῶς
3306 1336 3363 1387 ὲν
3394 1335 3618 1406 δυνάμει

370 1424 882 1499 καταλαμϐάνεται·
935 1430 1049 1500 ἠδὲ
1082 1430 1354 1503 δύναμις,
1399 1429 1490 1484 διὰ
1557 1430 1667 1492 τῶν
1737 1428 2192 1500 ἀποτελεσμάτων
2240 1429 2583 1499 γνωρίζεται.
2670 1426 2876 1480 Οὐκοῦν
2925 1425 3180 1496 οὐδεμίαν
3230 1427 3543 1500 ἀνωμαλίαν
3588 1430 3618 1488 ὁ

370 1513 476 1584 βίος
501 1516 636 1581 tau,
676 1516 894 1572 πάντων
932 1519 1131 1590 ὁμοίως
1157 1519 1218 1573 τὸ
1248 1519 1546 1592 ἀκρότατον
1578 1520 1676 1590 τῆς
1704 1515 2048 1588 εὐδαιμονίας
2105 1515 2300 1588 μέτρον
2337 1517 2395 1578 ὲν
2449 1515 2662 1577 ἑαυτοῖς
2710 1514 3032 1569 δεικνύντων
3055 1554 3068 1580 ,
3135 1515 3224 1569 διὰ
3291 1518 3353 1571 τὸ
3414 1520 3620 1586 πάντας
3678 1540 3694 1561 ι

369 1592 460 1677 μὲν
484 1609 626 1663 κατὰ
660 1608 753 1664 τὸν
784 1609 947 1689 λόγον
965 1612 1117 1682 ὑμῶν
1141 1653 1156 1677 ,
1184 1593 1291 1665 ὐπδ
1326 1610 1423 1683 τὴν
1455 1610 1795 1689 ιίμαρμένην
1826 1606 2059 1674 κεῖσθαι,
2102 1608 2277 1662 πάντα
2308 1608 2363 1661 δὲ
2394 1607 2596 1676 ταύτην
2624 1606 2712 1661 ἀεὶ
2739 1605 2998 1661 δύνασθαι
3028 1606 3206 1676 λέγειν
3225 1607 3389 1678 ὑμᾶς.

433 1707 492 1758 Εἰ
517 1701 611 1760 οὖν
671 1705 764 1758 καὶ
793 1688 969 1759 πάντα
1005 1706 1097 1765 καὶ
1146 1706 1236 1759 ἀεὶ
1280 1706 1502 1761 δύναται
1547 1707 1581 1777 ἡ
1632 1704 1936 1775 εἱμαρμένη

2117 1700 2174 1755 Si
2210 1715 2341 1771 ergo
2369 1701 2632 1789 etiomnia
2662 1708 2717 1755 et
2749 1715 2967 1770 semper
3005 1709 3186 1771 potest
3230 1701 3399 1757 fatum
3437 1704 3617 1775 istud,

365 1798 523 1866 αὓτη,
561 1798 752 1851 πάντα
772 1797 864 1851 ἐπὶ
887 1797 1107 1851 πάντων
1128 1796 1450 1868 δυνήσεται..
1475 1796 1633 1850 Ἀλλὰ
1680 1794 1939 1867 μὴντιολο

2044 1793 2226 1848 omnia
2258 1795 2313 1847 in
2347 1792 2602 1847 omnibus
2648 1791 2871 1862 poterit.
2907 1790 3071 1862 Atqui
3120 1794 3289 1848 multa
3334 1795 3476 1850 inter
3521 1796 3618 1851 ho-

365 1890 447 1943 λαὶ.
472 1863 563 1943 καὶ
584 1888 840 1942 ποικίλαι
870 1890 986 1950 τοῖς
1024 1863 1329 1959 ἀνθρώποις
1361 1863 1455 1942 tofi
1506 1887 1623 1958 βίου
1667 1863 1939 1957 διαφοραὶ,

2046 1886 2218 1941 mines
2243 1893 2296 1939 et
2326 1885 2474 1939 varia
2503 1882 2722 1938 vivendi
2753 1890 2881 1937 sunt
2910 1899 3110 1953 genera
3133 1924 3147 1948 ,
3179 1900 3303 1939 cum
3328 1885 3614 1957 dignitate,

365 1981 497 2035 κατά
530 1997 590 2033 τε
613 1980 727 2043 τὰς
757 1977 914 2044 ἀξίας
956 1978 1049 2033 καὶ
1086 1979 1184 2041 τὰς
1213 1979 1560 2050 περιουσίας,
1590 1979 1684 2033 καὶ
1724 1977 1791 2031 τὰ
1834 1978 1942 2035 τῶν

366 2073 559 2144 χρόνων
590 2070 781 2141 μέτρα
808 2109 824 2131 ,
853 2070 947 2123 καὶ
979 2068 1076 2133 τὰς
1110 2069 1218 2123 τῶν
1268 2069 1534 2140 σωμάτων
1560 2071 1782 2139 κράσεις
1805 2107 1820 2134 ,
1850 2069 1942 2121 καὶ

366 2163 528 2217 πάντα
557 2164 671 2215 ὅσα
689 2160 760 2213 δι’
785 2154 861 2214 ὧν
888 2161 923 2231 ἢ
975 2161 1308 2231 μακαριστός
1339 2176 1423 2223 τις
1472 2159 1505 2229 ἢ
1539 2159 1721 2222 ἄθλιος
1749 2159 1945 2226 όνομά-
1977 2236 1985 2244 ⁸

363 2254 521 2320 (stat.
556 2256 717 2325 Ἀρα
748 2253 810 2307 τδ
846 2252 920 2323 μὴ
950 2253 1125 2306 πάντα
1163 2251 1418 2306 δύνασθαι
1449 2253 1547 2321 τὴν
1585 2250 1945 2304 ἀναπλασθεῖ-

364 2362 454 2399 σιν
478 2346 708 2416 ἐκείνην
732 2344 811 2413 τῷ
838 2343 980 2413 λόγῳ
1031 2346 1224 2415 μοῖραν
1273 2344 1306 2415 ἢ
1338 2343 1677 2415 εἱμαρμένην
1700 2383 1716 2408 ,
1752 2344 1786 2412 ἡ
1836 2341 1943 2394 τῶν

363 2435 819 2505 ἀποτελεσμάτων
843 2431 1096 2501 ἀνισότης
1123 2431 1307 2501 σαφῶς
1339 2430 1716 2483 ἐπιδείκνυσιν.
1748 2430 1810 2481 Ei
1835 2428 1941 2498 γάρ

357 2526 418 2576 τὸ
450 2522 759 2595 μακρόϐιον
787 2521 1067 2592 δυνάμεως
1114 2520 1273 2590 ἔργον
1306 2518 1596 2589 νομίζομεν
1618 2557 1632 2579 ,
1665 2516 1943 2578 ἀσθενείας

362 2616 568 2678 πάντως
596 2613 730 2667 ἐστὶ
754 2613 816 2666 τὸ
849 2612 1157 2682 ὠκύμορον.
1189 2609 1421 2674 Οὐκοῦν,
1449 2609 1547 2680 τὴν
1577 2608 1674 2678 μὲν
1700 2608 1943 2661 ἀσθενεῖν

362 2708 460 2760 τῶν
487 2706 849 2777 είμαρμένων
894 2704 990 2775 τὴν
1017 2704 1073 2757 δὲ
1122 2700 1379 2755 δύνασθαι
1407 2699 1751 2772 δογματίζειν
1773 2718 1941 2773 προσ-

364 2800 497 2869 ήκει.
541 2797 775 2864 Ἐπειδὴ
808 2797 916 2865 γάρ
952 2794 1189 2848 ἐναντίον
1233 2779 1313 2863 τῷ
1359 2794 1692 2865 πολυχρονίῳ
1738 2794 1800 2847 τὸ
1838 2793 1945 2848 ὀλι-

362 2889 535 2958 γόϐιον
554 2928 568 2952 ,
598 2890 707 2965 διὰ.
728 2888 838 2942 τῶν
886 2887 1140 2941 ἐναντίων
1161 2887 1467 2957 ὑφίσταται
1502 2886 1715 2952 πάντως
1742 2887 1944 2940 τούτων

366 2982 643 3053 ίκάτερον.
679 2981 757 3033 Οὐ
800 2978 908 3050 γὰρ
935 2979 1001 3033 ἄν
1031 2994 1115 3041 τις
1145 2978 1246 3047 τῆς
1288 2977 1459 3046 αὐτῆς
1502 2979 1681 3042 αἰτίας
1727 2979 1942 3048 ἐξάψειε

368 3075 720 3146 μακαρισμόν
748 3092 806 3127 τε
841 3074 931 3126 καὶ
962 3072 1251 3144 ἀθλιότητα
1274 3113 1290 3138 ,
1315 3071 1598 3147 ἀλλἐἴπερ
1611 3071 1769 3139 τοῦτο
1813 3089 1945 3129 κατι

2043 1985 2096 2032 et
2125 1976 2343 2046 Opibus,
2377 1984 2491 2029 tum
2524 1984 2828 2043 temporum
2854 1988 3255 2045 corporumque
3284 1985 3616 2045 temperatu-

2045 2083 2126 2132 ra,
2158 2068 2522 2137 omnibusque
2544 2065 2668 2120 aliis
2687 2065 2872 2129 rebus,
2898 2065 3096 2134 quibus
3121 2067 3314 2121 beatus
3341 2069 3615 2137 quispiam

2044 2167 2139 2214 aut
2169 2161 2335 2215 miser
2369 2160 2618 2214 habetur.
2670 2158 2858 2228 Itaque
2890 2160 3321 2231 commentitium
3356 2161 3487 2215 illud
3524 2178 3619 2215 ve-

2046 2261 2218 2308 strum
2256 2251 2424 2305 fatum
2459 2266 2566 2305 non
2612 2251 2794 2304 omnia
2842 2267 3037 2321 posse,
3083 2251 3396 2307 ellectorum
3438 2253 3616 2309 diver-

2044 2343 2178 2398 sitas
2225 2343 2433 2413 liquido
2480 2343 2743 2396 declarat.
2796 2343 3008 2397 Etenim
3054 2344 3099 2397 si
3144 2343 3308 2396 vitam
3341 2345 3551 2413 longam
3584 2359 3614 2398 a

2047 2435 2286 2506 potentia
2339 2434 2614 2507 proficisci
2662 2434 3043 2488 existimamus
3072 2476 3085 2500 ,
3114 2435 3329 2489 brevem
3375 2436 3616 2505 proferto

2046 2527 2113 2579 ab
2142 2526 2457 2595 impotentia
2487 2539 2812 2594 promanare
2850 2525 3032 2578 doceri
3072 2534 3304 2595 oportet.
3341 2527 3415 2579 lla
3445 2527 3613 2580 fatum

2045 2616 2190 2670 aliud
2218 2617 2491 2670 infirmum
2514 2654 2529 2680 ,
2558 2615 2705 2667 aliud
2734 2623 2927 2683 potens
2953 2615 3298 2669 statuendum
3326 2619 3449 2670 erit.
3476 2618 3614 2682 Quia

2044 2712 2187 2767 enim
2236 2712 2356 2763 vita:
2406 2709 2692 2779 longitudo
2735 2708 2979 2776 ejusdem
3027 2709 3281 2763 brewtali
3334 2713 3612 2765 contraria

2043 2809 2162 2864 est,
2198 2801 2465 2870 principia
2500 2802 2686 2870 utique
2720 2801 2858 2854 inter
2889 2814 2948 2853 se
2968 2801 3255 2853 .contraria
3289 2802 3389 2856 sibi
3439 2802 3614 2856 vindi-

2045 2892 2263 2945 cabunt.
2298 2888 2578 2958 Siquidem
2624 2905 2783 2943 nemo
2817 2888 2881 2941 ad
2912 2888 3154 2943 eamdem
3200 2906 3418 2945 causam
3463 2902 3612 2946 retu-

2044 2982 2166 3037 letit
2200 2993 2249 3038 et
2277 2983 2662 3037 beatitudinem
2712 2990 2767 3035 et
2808 2983 3111 3047 miseriam;
3158 2983 3249 3037 sed
3295 2985 3338 3037 si
3386 2986 3474 3037 illa
3519 3002 3613 3054 per

2045 3076 2338 3142 potentiam
2376 3075 2672 3144 potiantur,
2700 3074 2813 3127 haec
2845 3076 3065 3129 omnino
3094 3086 3311 3145 propter
3340 3075 3608 3131 defectum

365 3162 631 3239 ορθωθείη
692 3165 785 3219 διὰ
822 3163 917 3217 τοῦ
949 3162 1205 3218 δύνασθαι
1234 3204 1248 3225 ,
1285 3161 1346 3215 τὸ
1395 3162 1581 3233 ἕτερον
1609 3164 1669 3216 οὐ
1711 3164 1937 3235 συνέστη

2046 3166 2306 3235 potentim
2334 3182 2441 3220 non
2469 3168 2595 3220 erit.
2627 3167 2841 3221 Miseria
2871 3170 3069 3237 quippe
3097 3172 3148 3221 in
3181 3186 3243 3222 eo
3268 3172 3346 3223 vel
3377 3173 3609 3227 maxime

369 3258 583 3320 πάντως
608 3257 762 3327 παρὰ
788 3256 888 3327 τὴν
908 3253 1009 3325 τῆς
1034 3254 1316 3324 δυνάμεως
1338 3252 1588 3323 ἔλλειψιν.
1622 3255 1809 3309 Οὐδενὶ
1834 3256 1942 3327 γὰρ

368 3347 511 3417 ἄλλῳ
540 3350 570 3419 ἡ
606 3347 865 3415 ἁθλιότης
891 3344 1363 3414 καταλαμϐάνεται
1390 3384 1402 3407 ,
1433 3345 1465 3413 ἢ
1501 3347 1559 3398 ὲν
1582 3344 1658 3413 τῷ
1686 3345 1759 3415 μὴ
1788 3344 1944 3414 δυνη-

367 3436 521 3506 θῆναι
551 3435 814 3503 γενέσθαι
856 3435 1143 3504 μακάριον.
1193 3432 1352 3486 Ἀλλά
1389 3434 1493 3503 μὴν
1542 3432 1758 3495 πλείους
1794 3434 1943 3500 παρὰ

368 3527 453 3577 τὸν
492 3525 605 3595 βίον
644 3528 694 3577 οἱ
728 3524 923 3578 ἄθλιοι.
965 3521 1172 3576 Οὐκοῦν
1197 3560 1213 3585 ,
1249 3512 1449 3574 πλείων
1485 3523 1518 3592 ἡ
1566 3521 1815 3574 ἀσθένεια
1846 3522 1943 3590 τῆς

371 3618 709 3687 εἱμαρμένης
746 3618 895 3687 παρὰ
922 3615 1020 3687 τὴν
1044 3617 1270 3687 δύναμιν
1298 3614 1681 3673 ἐπιδείκνυται.
1714 3613 1822 3665 Ποῦ
1851 3609 1945 3672 οὖν

371 3711 406 3776 ἡ
430 3708 641 3777 ἄμαχος
667 3707 849 3776 ἐκείνη
900 3709 992 3761 καὶ
1021 3707 1423 3777 παντοδύναμος
1472 3708 1565 3759 καὶ
1592 3705 1945 3777 ἀπαράϐατος

375 3800 583 3867 ἀνάγκη
607 3840 623 3863 ,
653 3798 793 3851 ὥστε
818 3800 904 3851 ἐπ’
932 3800 1115 3871 ἐκείνῃ
1143 3800 1379 3853 τίθεσθαι
1409 3800 1624 3853 πάντων
1667 3799 1774 3851 τῶν
1804 3798 1944 3852 κατὰ

377 3888 470 3941 τὸν
499 3890 608 3958 βίον
633 3891 1092 3961 οἰκονομουμένων
1122 3891 1219 3962 τὴν
1258 3891 1521 3956 ἐξουσίαν.
1552 3891 1672 3958 ἣτις
1703 3890 1944 3959 ἀπηλέγ-

376 3976 483 4049 χθη
535 3979 623 4033 διὰ
664 3981 761 4052 τῆς
789 3981 1108 4045 ἀκολουθίας
1139 3984 1232 4035 τοῦ
1269 3982 1424 4050 λόγου
1473 3982 1700 4051 ἀσθενὴς
1734 3983 1790 4033 ὲν
1834 3984 1943 4044 τοῖς

374 4071 648 4137 πλείοσινς
693 4073 830 4125 Ἀλλ’
862 4076 1037 4144 ὲρεῖς.
1088 4074 1168 4125 ὅτι
1213 4071 1384 4141 τούτῳ
1424 4071 1521 4139 μὲν
1570 4070 1727 4122 τοῦτο
1760 4069 1943 4139 βούλε-

369 4181 455 4218 ται
479 4179 493 4194 ⁸
518 4165 597 4236 τῷ
623 4166 682 4220 δὲ
714 4166 889 4237 ἑτέρῳ
931 4166 994 4218 τὸ
1038 4160 1154 4216 ἴσον
1202 4164 1261 4215 οὐ
1295 4162 1572 4231 βούλεται·
1601 4158 1823 4212 δύναται
1850 4160 1943 4212 καὶ

369 4256 452 4308 ἐπ’
482 4258 687 4327 ἀμφοῖν
715 4258 852 4326 ὅπερ
875 4256 1151 4326 βούλεται·
1184 4254 1397 4315 πάντως
1421 4248 1512 4305 οὖν
1536 4251 1628 4305 καὶ
1649 4252 1745 4321 τὴν
1767 4251 1942 4303 αἰτίαν

366 4348 701 4419 προσθήσεις
738 4348 834 4417 τῆς
866 4346 972 4400 τῶν
1008 4346 1372 4419 προαιρέσεων
1405 4343 1608 4396 τούτων
1657 4343 1937 4413 διαφορᾶς.

366 4438 694 4509 Ἀνθρωπος
731 4433 884 4501 οὗτος
923 4438 1017 4491 καὶ
1045 4433 1199 4500 οὗτος
1223 4476 1237 4500 ,
1270 4435 1523 4507 οὐδεμίαν
1555 4436 1695 4487 κατὰ
1720 4433 1819 4502 τὴν

2047 3259 2336 3321 Consistit,
2391 3258 2534 3326 quod
2585 3258 2977 3312 beatitudinem
3024 3261 3147 3329 quis
3197 3264 3457 3327 consequi
3510 3281 3613 3318 non

2047 3349 2241 3418 possit.
2289 3349 2579 3403 Enimvero
2626 3350 2809 3417 plures
2853 3351 3017 3402 vitam
3066 3352 3270 3419 degunt
3316 3355 3612 3424 miseram;

2047 3439 2140 3493 fati
2168 3455 2299 3508 ergo
2329 3438 2620 3492 infirmitas
2652 3453 2810 3506 quam
2846 3441 3086 3508 potentia
3124 3454 3206 3495 est
3241 3446 3413 3507 maior
3447 3455 3499 3500 et
3536 3445 3615 3501 ef-

2049 3531 2291 3585 ficacior.
2326 3529 2422 3583 L'bi
2458 3544 2607 3583 nunc
2638 3538 2720 3584 est
2753 3529 2953 3583 invii-ta
2988 3531 3079 3584 illa
3106 3574 3120 3594 ,
3172 3541 3225 3585 et
3271 3536 3617 3602 multipotens

2046 3629 2208 3690 atque
2272 3620 2639 3673 ineluetabilis
2682 3620 3017 3687 necessitas,
3071 3631 3130 3674 ut
3169 3622 3220 3674 in
3264 3638 3325 3677 ea
3372 3626 3616 3680 omnium

2045 3725 2225 3764 rerum
2260 3708 2619 3762 humanarum
2659 3717 2980 3778 potestatem
3021 3724 3142 3764 esse
3186 3714 3415 3781 positam
3463 3722 3617 3784 pute-

2044 3818 2186 3867 mus,
2220 3816 2381 3871 quam
2412 3801 2605 3869 majori
2635 3816 2697 3855 ex
2729 3809 2881 3871 parte
2910 3801 3182 3855 infirmam
3216 3819 3336 3857 esse
3368 3820 3617 3873 compro-

2043 3895 2335 3949 bavimus?
2370 3894 2476 3949 Sed
2511 3893 2658 3949 dices
2694 3896 2799 3947 hoc
2833 3894 2995 3947 istum
3020 3934 3035 3956 ,
3069 3894 3231 3946 alitnn
3265 3896 3408 3946 aliud
3447 3896 3616 3969 vello,

2044 3985 2096 4039 in
2136 3993 2366 4054 utroque
2398 3992 2577 4038 tamen
2613 3982 2662 4036 id
2699 3985 2879 4037 valere
2920 3984 3063 4053 quod
3109 3985 3255 4036 velit.
3304 3982 3433 4048 Quae
3487 4002 3615 4037 vero

2046 4077 2207 4146 liujus
2244 4077 2581 4129 voluntatum
2611 4074 2944 4127 diversitatis
2970 4084 3049 4125 est
3082 4074 3291 4126 causa?
3331 4073 3615 4130 Faciamus

2042 4184 2165 4224 esse
2214 4169 2350 4223 duos
2396 4166 2680 4227 homines,
2732 4165 2822 4233 qui
2869 4165 3004 4218 nihil
3052 4165 3193 4218 inter
3234 4181 3293 4219 se
3324 4166 3612 4235 diﬂerant,

2044 4270 2234 4316 neuter
2260 4263 2373 4317 sive
2398 4261 2598 4313 bonum
2638 4259 2752 4313 sive
2782 4259 2985 4311 malum
3021 4260 3161 4311 ultro
3191 4259 3261 4312 sit
3296 4257 3612 4329 amplexus,

2043 4353 2135 4406 sed
2170 4352 2256 4405 hic
2286 4351 2446 4424 paulo
2483 4356 2606 4404 ante
2644 4366 2709 4405 ex
2750 4359 2997 4404 maturae
3045 4360 3198 4405 utero
3233 4352 3534 4420 protlierit,
3567 4354 3611 4408 si

2022 4457 2171 4498 casu
2205 4444 2284 4498 sic
2316 4458 2437 4497 eum
2472 4452 2666 4496 natura
2699 4442 2981 4507 effuderit,
3014 4434 3100 4498 ille
3129 4444 3212 4497 vel
3245 4447 3504 4499 continuo
3531 4445 3614 4498 vel

364 4546 448 4584 σιν
481 4531 845 4602 παραλλαγὴν
875 4529 960 4582 ἐπ’
986 4529 1308 4601 ἀμφοτέρων
1334 4528 1549 4599 βλέπεις
1573 4569 1587 4591 ,
1614 4524 1737 4579 οὔτε
1769 4524 1941 4595 τούτῳ

2043 4536 2203 4605 paulo
2235 4544 2376 4605 post.
2410 4532 2535 4590 Non'
2564 4536 2752 4589 eadem
2805 4534 3073 4589 ambobus
3106 4534 3214 4587 vita
3249 4544 3398 4591 sorte
3432 4523 3615 4590 obtin-

360 4621 421 4676 τὸ
456 4622 630 4676 καλὸν
654 4664 670 4687 ,
704 4621 738 4691 ἦ
772 4619 970 4690 φαῦλον
989 4623 1052 4674 ἐκ
1080 4621 1448 4692 προαιρέσεως
1471 4660 1485 4683 ,
1525 4618 1647 4671 οὔτε
1669 4617 1747 4687 τῷ
1774 4616 1939 4687 ἄλλῳἱ

360 4714 474 4767 ἀλλ’
495 4708 662 4778 οὗτος
686 4713 880 4784 μικρόν
908 4730 959 4765 τι
1010 4711 1103 4765 τοῦ
1133 4712 1324 4782 χρόνου
1357 4710 1638 4780 προλαϐὼν
1664 4751 1678 4772 ,
1710 4709 1808 4778 τῆς
1846 4724 1944 4777 μη-

354 4806 542 4877 τρῴας
571 4803 767 4876 νηδύος
799 4802 1063 4873 ἐξέθορεν,
1104 4802 1246 4856 οὕτω
1273 4801 1414 4856 κατὰ
1443 4800 1501 4854 τὸ
1530 4800 1741 4871 συμϐάν
1778 4800 1940 4855 αὐτ³ν

357 4894 895 4964 ἁτοοσκευασαμὲνης
924 4894 1022 4963 τῆς
1049 4894 1260 4962 φύσεως
1286 4908 1298 4922 ·
1339 4894 1542 4955 ἐκεῖνος
1573 4892 1627 4957 δὲ.
1657 4890 1790 4961 μετά
1821 4891 1942 4943 toﬁ.-

355 5003 444 5040 τον
468 5029 485 5053 ,
542 4987 581 5057 ἦ
626 4986 787 5050 εὐθὺς
832 4984 866 5057 ἢ
897 4987 1014 5055 μετ’
1040 4985 1238 5054 ὀλίγον.
1268 4984 1376 5038 Καὶ
1421 4970 1557 5055 μετὰ
1591 4983 1748 5036 τοῦτο
1777 4983 1874 5053 οὐχ
1911 4983 1940 5036 ὁ

353 5078 521 5142 αὐτὸς
572 5078 909 5150 ἀμφοτέροις
946 5076 1058 5147 βίος
1103 5076 1540 5149 άποκληροῦται,
1592 5076 1705 5141 ἀλλ’
1750 5077 1779 5130 ό
1820 5076 1937 5146 μὲν,

353 5169 674 5240 εὐδαίμων,
721 5168 756 5240 ἢ
790 5168 1076 5240 βασιλεὺς,
1109 5168 1176 5223 ἂν
1212 5167 1356 5245 οὕτω
1387 5168 1559 5240 τύχῃ,
1611 5166 1795 5239 χρυσῷ
1845 5168 1939 5221 καὶ

354 5261 662 5331 πορφυρίδι
690 5262 841 5334 παρὰ
859 5263 958 5333 τὴν
987 5260 1211 5334 πρώτην
1238 5260 1451 5331 γένεσιν
1478 5259 1843 5330 ἐνειλούμενος
1869 5276 1885 5293 ⁸
1911 5261 1940 5314 ό

346 5346 428 5409 δὲ,
454 5347 613 5411 τινὸς
639 5348 744 5402 τῶν
769 5349 1039 5421 πενιχρῶν
1064 5350 1097 5419 ἢ
1123 5350 1349 5411 δούλων.
1389 5350 1507 5403 οὐδὲ
1542 5349 1751 5422 ῥακίοις
1788 5352 1939 5419 παρὰ

347 5439 459 5492 τῶν
513 5441 941 5512 γεννησαμένων
989 5442 1149 5495 αὑτὸν
1196 5440 1696 5513 σπαργανούμενος.
1735 5441 1802 5494 Τί
1844 5436 1938 5495 οὖν

350 5526 659 5599 ἠδίκησεν.
683 5530 717 5602 ἢ
745 5530 1033 5602 προλαϐὼν
1069 5531 1103 5604 ἢ
1144 5530 1503 5601 ἑφυστερίσας
1546 5529 1625 5601 τῷ
1650 5531 1825 5602 χρόνῳ
1860 5548 1939 5602 μιι

352 5621 507 5689 σιρὸν.
542 5621 616 5674 οὐ
655 5622 771 5677 κατ’
801 5625 1008 5680 οίκείαν
1042 5623 1304 5696 πρόθεσιν
1323 5664 1339 5689 ,
1383 5621 1517 5677 ἀλλὰ
1542 5622 1684 5677 κατὰ
1710 5622 1810 5694 τὴν
1838 5624 1939 5693 τῆς

354 5710 583 5779 φύσεως
612 5711 837 5783 κίνησιν,
868 5714 942 5780 ὡς
968 5713 1136 5770 αὐτοῦ
1176 5714 1368 5769 τούτου
1394 5715 1577 5767 ἕνεκεν
1621 5712 1941 5786 ἀποκληρωο

356 5804 520 5873 eam
584 5804 833 5889 τοῦαβίον
879 5806 973 5880 τὴν
1014 5808 1275 5878 ἀτιμίανς
1315 5806 1473 5861 ποίαν
1510 5805 1606 5871 τῆς
1644 5804 1935 5875 δεσποίνης

2044 4626 2119 4695 git
2142 4665 2157 4687 ,
2189 4624 2281 4679 sed
2316 4625 2453 4678 alter
2486 4624 2615 4678 felix
2649 4634 2743 4677 aut
2772 4624 2996 4679 omnino
3025 4639 3115 4678 rex
3152 4624 3440 4687 fortassis,
3478 4641 3616 4682 aura

2043 4723 2093 4770 et
2137 4728 2378 4783 purpura
2425 4721 2587 4767 natus
2632 4729 2753 4768 mox
2806 4714 3126 4779 involvitur,
3167 4714 3305 4768 alter
3357 4715 3614 4784 pauperis

2042 4804 2312 4873 alicujus,
2358 4813 2451 4858 aut
2493 4802 2656 4857 etiam
2705 4804 2845 4858 servi
2885 4806 3029 4860 filius
3066 4821 3134 4860 ne
3174 4805 3369 4861 laceris
3392 4806 3610 4876 quidem

2041 4897 2238 4966 pannis
2267 4910 2296 4948 a
2338 4895 2657 4965 parentibus
2704 4895 2983 4965 integitnr.
3026 4895 3169 4963 Quid
3213 4913 3343 4968 ergo
3384 4898 3612 4967 deliquit

2040 4976 2184 5058 quod
2241 4987 2402 5057 paulo
2455 4987 2616 5043 citius
2652 4988 2751 5055 vel
2797 4989 3007 5045 tardius
3055 4994 3227 5045 altero
3258 4991 3330 5046 sit
3369 4994 3615 5062 progeni-

2041 5087 2130 5135 tus
2151 5120 2165 5143 ,
2201 5078 2361 5148 idque
2396 5094 2504 5133 non
2535 5094 2634 5133 suo
2662 5081 2895 5134 consilio
2915 5123 2929 5147 ,
2960 5082 3052 5135 sed
3091 5093 3301 5137 natura:
3333 5093 3481 5136 motu
3506 5126 3519 5149 ,
3555 5092 3613 5136 ut

2039 5168 2246 5226 idcirco
2293 5170 2457 5224 vitam
2508 5171 2800 5226 sortiretur
2851 5173 3275 5227 inhonoratam?
3303 5173 3477 5241 Quam
3516 5192 3610 5231 vos

2041 5262 2128 5316 hic
2157 5260 2527 5317 defensionem
2566 5278 2666 5333 pro
2696 5275 2875 5319 vestra
2925 5264 3011 5318 illa
3063 5265 3282 5318 domina
3328 5265 3611 5323 afferetis!

2044 5352 2141 5408 Ubi
2182 5353 2391 5422 justitia
2416 5393 2432 5417 ,
2467 5354 2556 5408 ubi
2593 5355 2798 5425 pictas,
2834 5355 2922 5409 ubi
2975 5357 3225 5411 numen?
3274 5373 3403 5413 num
3460 5359 3610 5415 dices

2039 5441 2207 5497 fatum
2261 5443 2399 5497 nihil
2450 5444 2644 5499 horum
2689 5460 2923 5512 curare,
2959 5463 3137 5517 neque
3181 5452 3402 5507 virtutis
3440 5452 3609 5507 ratio-

2038 5547 2160 5587 nem
2207 5532 2443 5598 habere,
2483 5549 2661 5604 neque
2706 5535 2845 5591 bono
2887 5538 3144 5610 cuiquam
3201 5542 3606 5614 providere?si

2039 5637 2145 5675 non
2175 5620 2327 5685 istis,
2376 5622 2563 5692 utique
2604 5625 2897 5679 contrariis
2939 5629 3139 5683 studiis
3173 5630 3427 5693 vacabit,
3478 5630 3606 5699 quia

2036 5722 2253 5768 constat
2282 5713 2425 5783 quod
2461 5729 2489 5765 a
2521 5714 2663 5770 bono
2697 5715 2988 5785 abhorret,
3034 5719 3087 5773 id
3132 5735 3257 5774 cum
3304 5719 3448 5773 malo
3489 5731 3611 5773 esse

2038 5805 2414 5877 conjunctum.
2478 5804 2662 5865 Neque
2720 5809 2862 5873 hoc,
2924 5811 3182 5885 inquies,
3236 5821 3410 5874 neque
3471 5804 3612 5864 illud
