4008 6210
536 404 637 461 139

1731 396 1789 452 S.
1821 391 2150 452 GREGORll
2182 390 2477 451 NYSSENI

3686 326 3703 343 Ι

3668 390 3767 445 160

531 522 581 573 ei
623 533 770 573 curae
818 525 941 573 est.
975 514 1285 571 Inanimum
1335 528 1467 587 ergo
1491 552 1509 579 ,
1570 528 1752 583 neque
1789 510 2100 567 voluntario

2211 509 2359 588 ὐμῶν
2383 509 2598 580 ἐκείνης
2621 506 2714 561 ἐπὶ
2734 507 2850 571 τοῖς
2870 505 3132 569 τοιούτοις
3159 502 3451 571 ἀπολογίαν
3479 502 3729 574 εὑρήσετε
3749 522 3762 566 ς

530 606 763 675 judicio,
812 620 989 674 neque
1025 604 1155 659 boni
1202 603 1400 657 malive
1446 602 1760 673 cognitione
1812 602 2098 672 praeditum

531 711 657 751 esse
680 695 943 758 aﬂirmas,
970 695 1019 750 si
1048 695 1253 758 anima,
1278 695 1514 756 ratione;
1538 700 1594 748 et
1629 693 1906 747 voluntate
1927 698 2099 755 caret,

533 801 712 855 neque
740 801 839 855 per
863 800 925 840 se
952 785 1225 841 subsistit.
1257 785 1325 837 Et
1368 783 1552 838 adhuc
1597 791 1804 837 tantam
1855 784 1905 839 ei
1937 782 2103 853 largi-

533 875 666 930 mini
716 882 1074 946 potestatem,
1126 883 1190 929 ut
1244 874 1554 930 animantes
1612 873 1827 927 arbitrii
1870 887 2103 943 capaces

533 966 867 1030 moderetur,
906 974 962 1021 et
990 972 1141 1035 regat
1171 980 1235 1021 ea
1291 980 1416 1035 qua
1461 964 1793 1031 subsistunt,
1848 964 1904 1018 id
1957 962 2103 1034 quod

534 1058 761 1113 minime
824 1057 1120 1123 subsistit,
1170 1071 1366 1127 expers
1421 1056 1545 1111 vita:
1599 1055 1897 1126 participes
1951 1056 2100 1119 vitaz,

535 1149 804 1205 animatas
856 1148 1182 1215 inanimum,
1239 1162 1432 1203 exsors
1485 1147 1700 1202 consilii
1754 1155 1809 1202 et
1863 1146 2101 1213 virtutis,

534 1248 859 1306 consortes;
893 1240 1150 1311 denique,
1178 1240 1322 1295 entia
1354 1253 1463 1294 non
1484 1253 1604 1294 ens.
1630 1236 1765 1291 Nam
1785 1252 1896 1309 quo
1918 1252 2102 1292 rerum

535 1345 734 1400 genere
784 1329 1096 1385 continetur
1150 1328 1320 1390 istud,
1355 1326 1514 1396 cujus
1563 1342 1763 1382 nomen
1818 1335 2106 1397 tantopere

533 1419 780 1489 jactatis,
817 1419 987 1474 fatum
1010 1420 1035 1472 2
1084 1418 1301 1473 Animal
1333 1433 1443 1473 non
1475 1426 1585 1485 est,
1627 1420 1685 1473 in
1733 1419 1961 1475 zodiaco
1992 1434 2104 1473 non

536 1512 803 1575 cernitur,
833 1509 979 1567 Deus
1009 1526 1116 1565 non
1154 1511 1406 1566 habetur.
1438 1511 1543 1578 Qui
1581 1511 1727 1566 enim
1761 1510 1905 1567 Deus
1933 1520 2107 1579 esset,

538 1602 632 1670 qui
654 1616 829 1672 neque
855 1602 1091 1665 virtutis,
1110 1617 1288 1672 neque
1310 1601 1585 1672 aequitatis
1610 1600 1776 1657 ducat
1797 1602 2105 1656 rationem?

538 1692 695 1758 Quod
730 1707 859 1748 vero
885 1692 1017 1747 nihil
1049 1708 1116 1749 ex
1143 1692 1228 1746 his
1260 1692 1423 1748 rebus
1445 1692 1695 1762 est,quid
1732 1692 1947 1747 tandem
1975 1700 2059 1747 est
2079 1692 2104 1744 ἶ)

540 1784 647 1840 Sed
690 1785 904 1841 videtur
956 1800 986 1838 a
1025 1784 1181 1839 vobis
1221 1784 1391 1838 fatum
1424 1783 1532 1840 dici
1581 1785 1813 1854 quodvis
1842 1784 2104 1854 temporis

2200 602 2314 656 Ποῦ
2341 600 2402 655 τὸ
2437 601 2677 665 δίκαιον;
2702 598 2815 653 Ποῦ
2849 599 2912 651 τὺ
2939 597 3197 662 εύσεὸές;
3230 595 3341 650 Ποῦ
3386 594 3446 649 τὸ
3482 596 3657 662 adiuv;
3696 597 3764 653 Ἣ

2202 692 2409 746 τούτων
2435 692 2647 754 οὐδενος
2681 689 2862 761 μέλειν
2891 688 2997 759 φῂς
3031 689 3096 758 τῇ
3126 685 3457 758 εἱμαρμένῃ.
3488 684 3605 737 οὐδὲ
3637 682 3767 754 πρὸς

2203 782 2400 854 ἀρετὴν
2434 782 2652 853 βλέπειν
2674 820 2693 845 ,
2737 779 2857 833 οὐδέ
2885 795 3030 841 τινος
3054 778 3164 830 τῶν
3209 776 3427 845 ἀγαθῶν
3458 774 3767 845 ἐπιμέλειαν

2203 872 2379 942 ἐχειν;
2408 869 2616 923 Οὐκοῦν
2655 872 2705 923 εἰ
2755 869 2830 940 μὴ
2870 868 3042 922 ταῦτα
3068 867 3157 920 διά
3185 866 3418 937 σπουδῆς
3445 865 3592 918 ἐστιν
3613 865 3765 934 αὐτῇ,

2205 962 2333 1033 mp‘.
2354 960 2416 1017 τὸ
2444 962 2684 1015 ἐναντίον
2724 960 2939 1023 πάντως
2972 958 3399 1030 ἀσχοληθήσεται
3426 974 3442 989 ⁸
3484 960 3519 1029 ἡ
3547 958 3654 1029 γὰρ
3676 957 3765 1011 τοῦ

2203 1052 2409 1121 ἀγαθοῦ
2439 1052 2789 1123 ἀλλοτρίωσις
2810 1093 2827 1119 ,
2865 1050 3135 1122 τῆν’πρὺς
3166 1050 3229 1102 τὸ
3270 1050 3437 1104 κακὸν
3470 1048 3768 1120 οἰκειότητα

2206 1145 2393 1216 σαφῶς
2447 1145 2830 1197 ἐπιδείκνυσιν.
2882 1141 3021 1196 Ἀλλ’
3053 1139 3175 1195 οὔτε
3211 1142 3367 1199 τοῦτο
3415 1142 3577 1213 τυχὸν
3599 1182 3615 1205 ,
3653 1143 3771 1199 οὐδὲ

2205 1237 2382 1290 ἐκεῖνο
2409 1234 2497 1287 διὰ
2525 1234 2805 1304 φροντίδος
2831 1228 2968 1285 εἶναι
2994 1231 3175 1300 λέγεις
3204 1232 3375 1302 αὐτῇς
3410 1217 3618 1286 Οὐκοῦν
3638 1233 3772 1303 ἀψυ·

2204 1343 2299 1396 χον
2331 1326 2463 1379 αὐτὸ
2491 1327 2599 1399 φῂς
2625 1321 2761 1381 εἶναι
2787 1324 2881 1379 καὶ
2911 1323 3289 1394 ἀπροαίρετον,
3344 1323 3439 1376 καὶ
3473 1322 3638 1377 καλοῦ
3676 1324 3769 1377 καὶ

2204 1416 2447 1487 χείρονος
2498 1415 2895 1485 ἀνεπαίσθητον
2932 1431 2948 1447 ·
3010 1415 3060 1468 εί
3109 1414 3167 1466 δὲ
3222 1415 3357 1485 μήτε
3406 1414 3581 1486 ψυχὴν
3637 1417 3769 1486 μήτε

2205 1509 2522 1579 προαίρεσιν
2546 1507 2678 1578 ἔχει,
2710 1508 2847 1578 μήτε
2877 1507 2997 1565 κατ’
3040 1506 3176 1559 ἰδίαν
3210 1506 3493 1577 θεωρεῖται
3536 1508 3767 1563 ὑπόστα-

2207 1618 2319 1659 σιν·
2353 1600 2468 1664 πῶς
2494 1599 2762 1671 τοσαύτην
2802 1601 3160 1672 μαρτυρεῖται
3199 1599 3326 1671 παρ’
3352 1599 3480 1669 ὑμῖν
3505 1598 3644 1669 ἔχειν
3671 1599 3770 1670 τὴν

2204 1692 2467 1763 δύναμιν,
2504 1692 2644 1744 ὥστε
2688 1690 2797 1744 τῶν
2833 1690 3226 1763 προαιρετικῶν
3255 1688 3409 1754 ζώων
3445 1690 3768 1755 ἐπιστατεῖν,

2207 1784 2303 1838 καὶ
2333 1785 2554 1854 κρατεῖν
2599 1783 2708 1834 τῶν
2748 1778 3073 1851 ὑφεστώτων
3117 1783 3175 1836 τὸ
3224 1781 3589 1836 ἀνυπόστατον
3611 1822 3625 1846 ,
3665 1782 3770 1836 τῶν

540 1885 914 1932 momentum:
976 1875 1246 1946 siquidem
1297 1884 1514 1945 tempus
1569 1891 1692 1931 sese
1755 1876 1822 1930 ad
1885 1889 2104 1930 omnem

2212 1845 2545 1945 μετεχδντων
2584 1873 2731 1943 ζωῆς
2784 1845 2846 1926 τὸ
2891 1873 3156 1944 ἀμέτοχον
3185 1913 3201 1939 ,
3256 1872 3366 1926 τῶν
3410 1873 3664 1944 ἐμψύχων
3711 1873 3773 1927 τὸ

540 1978 747 2024 motum
770 1970 885 2025 sive
912 1967 1195 2022 ﬂuminum
1227 1967 1342 2022 sive
1362 1966 1644 2022 stellarum
1674 1966 1791 2021 sive
1821 1966 2104 2021 hominum

538 2042 802 2115 extendit.
837 2057 1023 2129 Neque
1072 2056 1241 2113 refert
1300 2058 1416 2111 sive
1466 2056 1614 2110 ﬂuvii
1652 2066 1803 2111 motu
1855 2056 2107 2128 designes

541 2149 855 2207 insecabilia
883 2148 1182 2219 cujuslibet
1211 2145 1470 2203 instantis
1504 2148 1768 2217 temporis
1807 2154 2106 2217 segmenta,

542 2243 655 2297 sive
682 2240 838 2298 navis
870 2240 922 2294 vi
957 2248 1244 2294 ventorum
1280 2239 1516 2308 agitatae,
1549 2237 1664 2293 sive
1696 2238 1975 2292 hominum
2005 2237 2108 2291 iter

541 2332 880 2396 facientium,
931 2330 1045 2387 sive
1100 2336 1374 2385 astrorum
1413 2342 1534 2398 quae
1578 2335 1918 2382 moveantur.
1960 2327 2109 2382 Unus

541 2426 687 2481 enim
716 2432 801 2479 est
831 2421 1076 2477 omnium
1106 2435 1229 2491 qua:
1258 2419 1377 2475 loco
1403 2424 1691 2473 moventur
1728 2418 2015 2484 terminus,
2049 2424 2108 2471 ut

543 2516 776 2586 migrent
810 2528 877 2568 ex
903 2528 970 2568 eo
1003 2514 1058 2567 in
1091 2526 1199 2581 quo
1229 2519 1377 2575 sunt,
1416 2510 1513 2564 vel.
1553 2510 1612 2564 in
1655 2508 1710 2563 id
1760 2510 1815 2563 in
1856 2524 1968 2580 quo
2000 2524 2107 2563 non

543 2615 690 2663 sunt.
727 2604 882 2672 Quod
923 2604 968 2661 si
997 2619 1173 2674 neque
1203 2602 1513 2665 ﬂuminum,
1559 2616 1737 2672 neque
1767 2602 2105 2672 navigiorum

543 2705 747 2763 motus,
774 2711 952 2766 neque
982 2694 1264 2749 hominum
1306 2693 1607 2748 ambulatio
1655 2694 1941 2748 intervalla
1973 2703 2108 2748 tem-

550 2787 700 2857 poris
730 2785 1132 2856 designantium
1162 2783 1405 2840 efficiunt
1457 2782 1626 2838 fatum
1658 2802 1672 2837 :
1706 2798 1806 2837 cur
1851 2782 2109 2852 temporis

545 2876 765 2949 punctis
810 2892 878 2934 ex
931 2876 1171 2933 motione
1232 2874 1514 2931 stellarum
1568 2872 1706 2928 ortis
1767 2871 1938 2927 fatum
1993 2871 2109 2927 ﬂeri

546 2968 784 3041 fingitis?
809 2983 907 3023 cur
934 2965 1116 3023 dicitis
1148 2972 1328 3019 motus
1354 2971 1579 3020 caeteros
1610 2977 1732 3018 esse
1751 2963 1836 3018 vel
1866 2972 2109 3033 tempora

544 3061 630 3115 vel
683 3058 883 3115 indicia
935 3056 1236 3128 temporis;
1294 3062 1349 3109 at
1394 3069 1616 3109 veroex
1658 3063 1805 3109 metu
1867 3052 2108 3109 siderum

546 3152 716 3205 fatum
750 3150 1015 3204 exsistere
1044 3147 1391 3201 observatum
1421 3159 1542 3200 esse
1564 3145 1587 3197 ’ἰ
1609 3143 1720 3198 Cur
1741 3158 1851 3199 non
1880 3144 2110 3215 singulis

546 3240 833 3299 momentis
899 3238 1099 3308 singuli
1160 3236 1408 3291 homines
1472 3237 1812 3291 nascuntur?
1864 3244 2104 3307 repetam

546 3330 690 3386 enim
718 3328 1052 3401 superiorem
1080 3327 1401 3381 orationem.
1429 3324 1698 3392 Quoniam
1725 3324 1915 3381 eadem
1941 3339 2110 3381 causa

545 3429 719 3478 estut
763 3420 925 3474 homo
975 3417 1047 3473 sit
1102 3417 1293 3473 beatus
1352 3416 1437 3471 vel
1488 3415 1675 3483 miser,
1707 3423 1761 3471 et
1799 3423 1859 3471 ut
1888 3416 2111 3472 omnino

545 3514 653 3574 sit;
684 3512 730 3568 si
766 3518 914 3566 astra
962 3517 1091 3566 sunt
1151 3522 1332 3563 causae
1365 3514 1680 3571 eventuum,
1733 3506 1827 3576 qui
1877 3507 2111 3562 hominis

545 3613 726 3661 ortum
766 3609 1090 3674 sequuntur,
1143 3614 1368 3671 prorsus
1414 3604 1467 3653 et
1525 3598 1700 3669 ipsius
1752 3598 1917 3652 etiam
1955 3606 2112 3656 ortus

545 3712 723 3753 causa:
760 3704 927 3751 sunt:
961 3694 1047 3749 sin
1079 3691 1242 3761 hujus
1277 3704 1456 3746 causae
1494 3703 1604 3743 non
1664 3695 1812 3755 sunt,
1853 3703 1954 3745 nec
1987 3689 2111 3746 illo-

546 3802 665 3843 rum
694 3787 881 3856 utique
915 3793 1064 3840 sunt.
1097 3782 1166 3837 At
1218 3796 1347 3836 vero
1391 3788 1539 3835 astra
1597 3794 1709 3835 non
1766 3795 1887 3837 esse
1915 3794 2111 3838 causas

544 3887 719 3943 ortus,
752 3876 835 3932 vel
864 3891 928 3931 ex
964 3889 1031 3929 eo
1065 3874 1254 3947 liquet,
1296 3870 1447 3941 quod
1493 3871 1725 3941 tempori
1767 3872 2111 3928 continenter

544 3966 732 4022 ﬂuenti
765 3978 1106 4035 nequaquam
1153 3960 1444 4019 continens
1491 3959 1768 4015 hominum
1823 3969 1978 4015 ortus
2023 3978 2110 4016 re-

546 4058 830 4131 spondeat,
868 4056 963 4112 sed
1002 4056 1474 4123 interrumpatur;
1528 4052 1618 4105 illa
1669 4059 1851 4108 autem
1884 4051 1995 4108 fata
2045 4070 2111 4110 ex

545 4151 731 4207 ﬂuenti
782 4157 1033 4220 tempore
1063 4162 1126 4202 ac
1186 4146 1519 4216 sempiterna
1576 4143 1817 4200 siderum
1872 4146 2113 4202 motione

546 4242 664 4303 siue
692 4240 801 4296 ullo
830 4248 1133 4295 nascuntur
1172 4237 1485 4303 intervallo,
1520 4236 1667 4307 quod
1716 4237 1802 4293 vel
1828 4253 1993 4294 sensu
2030 4239 2113 4295 vel

546 4331 903 4401 intelligentia
953 4329 1159 4401 percipi
1212 4338 1398 4398 queat.
1460 4327 1749 4395 Quodnam
1803 4328 1972 4401 igitur
2031 4339 2115 4386 est

546 4418 692 4477 istud
725 4417 942 4472 fatum?
968 4417 1113 4488 quod
1141 4432 1383 4472 unumne
1415 4417 1488 4472 sit
1530 4420 1802 4488 generale,
1856 4436 1924 4478 an
1957 4421 2114 4491 plura

2207 1966 2444 2035 ἄψυχον,
2477 1963 2586 2015 τῶν
2617 1964 2675 2017 ἐν
2713 1963 3032 2034 προαιρέσει
3071 1962 3353 2027 συζώντων
3381 1964 3443 2017 τὸ
3483 1963 3773 2034 ἀπροαίρε-

2206 2074 2298 2112 τον
2318 2098 2333 2120 .
2362 2055 2471 2110 τῶν
2503 2056 2703 2127 ἀρετὴν
2738 2054 3027 2126 μετιόντων
3057 2054 3118 2109 τὸ
3142 2056 3342 2127 ἀρετῆς
3369 2055 3735 2127 ἀπαράδεκτον
3755 2071 3770 2086 ο

2208 2145 2436 2199 καθόλου
2462 2144 2569 2205 τῶν
2597 2143 2771 2198 ὄντων
2796 2142 2857 2195 τὸ
2887 2142 2961 2213 μὴ
2990 2143 3075 2210 ὅν;
3121 2144 3209 2197 Ἑν
3232 2144 3338 2197 τίνι
3366 2144 3474 2215 γὰρ
3499 2145 3771 2215 καταλαμ-

2208 2238 2428 2297 δάνεται
2461 2236 2553 2290 τοῦ
2586 2236 2982 2308 θρυλλουμένου
3027 2236 3217 2290 τούτου
3251 2236 3510 2308 ὀνόματος
3559 2240 3593 2307 ὴ
3646 2239 3775 2290 ὑπὸ·

2210 2348 2431 2396 στασις;
2468 2330 2612 2384 Ζῶον
2649 2330 2748 2382 οὐκ
2786 2327 2965 2393 ἔστιν,
3010 2330 3068 2381 ἐν
3098 2332 3409 2400 περιγραφῇ
3442 2329 3542 2400 οὐχ
3565 2332 3773 2401 ὁρᾶται,

2207 2420 2341 2484 Θεὸς
2383 2420 2443 2473 οῦ
2476 2418 2774 2489 νομίζεται.
2807 2417 2931 2481 Πῶς
2961 2418 3069 2489 γὰρ
3097 2417 3230 2482 Θεὸς
3250 2458 3265 2482 ,
3300 2421 3329 2472 ὁ
3484 2421 3617 2490 πρὸς
3650 2420 3778 2492 ἀρε-

2209 2511 2307 2582 τὴν
2340 2511 2433 2564 καὶ
2453 2510 2514 2563 τὸ
2535 2509 2738 2563 δίκαιον
2769 2508 3018 2579 βλέπων;
3052 2509 3117 2561 Ὃ
3140 2508 3196 2561 δὲ
3224 2508 3389 2580 μηδέν
3417 2511 3531 2563 ἐστι
3553 2510 3774 2574 τούτων,

2207 2602 2261 2655 τί
2295 2604 2469 2667 ἐστιν;
2510 2600 2655 2653 Ἀλλ’
2687 2600 2831 2654 ἔοικε
2866 2599 2995 2670 παρ’
3026 2599 3178 2669 ὑμῶν
3213 2599 3274 2653 τὺ
3305 2600 3392 2653 ἀεὶ
3426 2599 3655 2664 ἐνεστὼς
3683 2601 3774 2654 τοῦ

2210 2695 2423 2764 χρόνον,
2453 2693 2759 2763 εἱμαρμένη
2792 2690 3045 2759 λέγεσθαι
3070 2706 3084 2720 ο
3116 2690 3265 2761 πάσῃ
3298 2691 3406 2762 γὰρ
3437 2694 3644 2764 κινήσει
3667 2694 3776 2746 εἴτε

2210 2783 2471 2854 ποταμῶν
2491 2824 2507 2849 ,
2542 2783 2648 2835 εἴτε
2684 2783 2961 2853 ἀστέρων,
3007 2782 3115 2835 εἴτε
3148 2781 3476 2852 ἀνθρώπων,
3521 2785 3564 2847 ὁ,
3590 2785 3777 2855 χρρνος

2212 2875 2754 2947 συμπαρεκτείνεται.
2783 2874 3037 2945 Διαφέρει
3070 2874 3124 2943 δὲ
3148 2874 3296 2927 οὐδὲν
3320 2915 3335 2938 ,
3358 2875 3393 2945 ἢ
3426 2875 3579 2928 ὕδατι
3609 2881 3778 2941 atpos-

2214 2967 2522 3037 καθήμενον
2583 2967 2649 3036 τῇ
2728 2966 2936 3035 κινήσει
2972 2963 3064 3017 τοῦ
3106 2964 3371 3034 ῥεύματος
3415 2957 3780 3037 ἀποσημειοῦξ

2214 3056 2433 3115 σθαιτά
2464 3056 2644 3130 ἀκαρῆ
2682 3055 2768 3109 διὰ
2813 3054 2907 3108 τοῦ
2956 3055 3043 3108 ἀεὶ
3083 3055 3375 3120 ἐνεστῶτος
3424 3057 3614 3128 χρόνου
3646 3060 3782 3129 τμή·

2137 3173 2181 3231 c
2217 3162 2383 3215 ματα,
2414 3145 2448 3216 ἢ
2486 3143 2621 3207 νεὼς
2648 3143 2714 3197 δι’
2753 3144 2953 3213 ἀνέμου
2996 3143 3388 3214 κομιζομένης,
3417 3144 3450 3214 ἢ
3481 3144 3780 3216 ἀνθρώπων

2215 3234 2633 3307 ὁδοιπορούντων
2657 3275 2673 3300 ,
2714 3235 2747 3306 ἢ
2791 3234 3122 3304 κινουμένων
3151 3236 3394 3306 ἄστρων..
3417 3231 3511 3299 Εἷς
3550 3237 3657 3308 γὰρ
3686 3239 3779 3291 ἐπὶ

2213 3328 2433 3383 -πάντων
2455 3327 2564 3379 τῶν
2592 3326 2968 3395 μεταϐατικῶς
2999 3325 3330 3395 κινουμένων
3349 3328 3472 3397 ὅρος
3492 3329 3778 3399 κινήσεως,

2216 3418 2250 3489 ἢ
2280 3417 2386 3472 ἀπὸ
2413 3416 2507 3470 τοῦ
2542 3417 2597 3470 ἐν
2629 3410 2674 3484 ᾧ
2703 3418 2867 3483 ἐστιν,
2898 3416 2930 3486 ἢ
2960 3415 3051 3468 ἐπὶ
3075 3416 3137 3469 τὸ
3161 3416 3221 3469 ἐν
3322 3417 3420 3470 οὐκ
3449 3416 3583 3483 ἔστι,
3613 3420 3778 3486 μετά-

2218 3524 2426 3572 στασις.
2453 3509 2516 3561 Εἰ
2539 3507 2594 3560 δὲ
2623 3505 2746 3560 οὔτε
2786 3509 2820 3577 ἡ
2839 3508 2962 3560 ’τῶν
3000 3506 3229 3578 ῥείθρων
3257 3507 3396 3580 φορά
3415 3548 3429 3571 ,
3458 3509 3578 3562 οὔτε
3608 3512 3639 3580 ἡ
3671 3510 3782 3563 τῶν

2217 3599 2416 3653 πλοίων
2445 3598 2658 3669 κίνησις
2679 3636 2694 3662 ,
2727 3596 2848 3651 οὔτε
2878 3600 2911 3667 ἠ
2963 3596 3070 3651 τῶν
3110 3597 3409 3668 ἀνθρώπιον
3453 3600 3645 3670 πορεία
3686 3619 3785 3671 ση-

2220 3689 2511 3763 μειουμένη
2565 3687 2658 3743 τοῦ
2698 3688 2895 3760 χρόνον
2941 3687 3008 3742 τά
3044 3688 3385 3762 διαστήματα
3444 3690 3785 3762 εἱμαρμένας

2218 3785 2379 3848 ποιεῖ,
2407 3782 2525 3845 πῶς
2554 3780 2622 3834 τά
2659 3780 2882 3852 χρονικά
2916 3779 3118 3853 σημεῖα
3155 3783 3252 3852 τῆς
3295 3783 3400 3839 τῶν
3428 3783 3673 3853 ἀστέρων
3701 3802 3787 3847 χι..

2218 3875 2424 3943 νήσεως
2462 3873 2542 3936 είς
2586 3872 2926 3943 εἱμαρμένης
2954 3874 3166 3941 γένεσιν
3198 3873 3482 3940 πλάσσετε,
3515 3874 3609 3928 καί
3643 3892 3786 3943 φατε

2216 3968 2372 4039 τήνδε
2395 3967 2494 4038 τὴν
2508 3965 2686 4038 ὥραν,
2715 3967 2748 4039 ἢ
2775 3969 2873 4037 τῆς
2904 3967 3051 4039 ὥρας
3082 3969 3143 4022 τὸ
3169 3968 3621 4040 πολλοστημόριον
3645 3969 3786 4041 ὅπερ

2218 4060 2353 4129 τῷδε
2410 4058 2485 4130 τῷ
2528 4058 2739 4133 σημείῳ
2785 4059 2882 4129 τῆς
2925 4059 3033 4112 τῶν
3082 4060 3294 4129 ἄστρων
3348 4060 3611 4131 κινήσεως
3656 4062 3785 4130 ἐσηο

2222 4149 2425 4223 μειὼθη
2448 4189 2466 4215 ,
2496 4148 2832 4221 εἱμαρμένην
2869 4149 3149 4217 γίνεσθαι;
3187 4150 3251 4203 Τί
3283 4145 3375 4204 οὖν
3406 4151 3525 4220 οὐχὶ
3567 4151 3787 4212 πάντως

2219 4242 2382 4297 παντὶ
2408 4240 2617 4311 σημείῳ
2665 4242 2758 4293 καὶ
2787 4240 2844 4291 al
2874 4239 3115 4308 γενέσεις
3161 4237 3268 4295 τῶν
3308 4236 3609 4311 ἀνθρώπων
3649 4255 3789 4307 συμ-

2221 4333 2506 4404 φέρονται;
2534 4329 2701 4383 Πάλιν
2733 4328 2841 4400 γάρ
2866 4328 2956 4382 τὸν
2982 4327 3142 4382 αὐτὸν
3167 4328 3585 4399 ἐπαναλήψομαι
3605 4326 3789 4392 λόγον.

2217 4423 2356 4494 Παρ’
2386 4416 2460 4477 ὧν
2490 4421 2599 4490 γὰρ
2628 4421 2661 4491 ὴ
2702 4420 2850 4473 αἰτία
2885 4418 2979 4472 τοῦ
3027 4413 3087 4472 εὖ
3125 4419 3158 4491 ἢ
3193 4419 3376 4484 κακῶς
3409 4413 3546 4472 εἶναι
3575 4416 3669 4473 τὸν
3697 4417 3793 4471 ἀν-

546 4509 883 4564 sectionihus
941 4507 1204 4579 temporis
1246 4509 1474 4562 *minute
1535 4510 1801 4575 concisa,
1866 4512 2108 4571 nondum

2222 4514 2437 4586 θρωπον
2457 4552 2471 4576 ,
2500 4510 2652 4582 παρὰ
2698 4510 2804 4564 τῶν
2836 4510 3013 4563 αὐτῶν
3047 4510 3141 4563 καὶ
3183 4511 3216 4581 ἡ
3250 4509 3344 4563 τοῦ
3381 4503 3518 4563 εῖναι
3568 4508 3792 4573 πάντως

548 4599 759 4653 ratione
800 4597 1055 4669 colligere
1095 4598 1267 4667 potui.
1319 4596 1521 4653 Moveri
1556 4608 1705 4653 astra
1753 4598 1958 4665 dicitis,
2013 4617 2113 4657 nos

546 4707 763 4763 quoque
793 4690 1032 4747 vicissim
1064 4688 1348 4745 ﬂuminum
1400 4699 1607 4744 motum
1647 4689 2015 4760 proferimus;
2058 4701 2114 4749 at

549 4784 640 4837 illa
659 4799 891 4854 semper,
919 4783 1032 4838 haec
1056 4782 1241 4837 itidem
1260 4789 1548 4853 perpetuo,
1571 4791 1627 4836 at
1648 4783 1741 4836 illa
1762 4782 1816 4836 in
1845 4790 2108 4854 tempore,

548 4887 724 4941 neque
759 4872 872 4926 hmc
899 4880 1052 4925 extra
1082 4879 1334 4939 tempus;
1367 4879 1422 4924 at
1450 4870 1505 4924 in
1534 4870 1642 4925 illis
1690 4882 1870 4927 motus
1897 4873 2111 4928 initium

549 4964 793 5018 invenire
840 4980 949 5019 non
1001 4977 1325 5035 possumus;
1354 4976 1531 5032 neque
1568 4962 1623 5017 in
1670 4962 1777 5017 his.
1802 4962 1909 5016 Par
1933 4964 2114 5035 itaque

548 5062 631 5108 est
660 5055 875 5111 illorum
924 5065 979 5112 et
1027 5056 1219 5111 horum
1267 5054 1565 5125 eademque
1617 5055 1773 5111 ratio.
1834 5054 1946 5111 Nec
1985 5073 2113 5113 vero

548 5143 1118 5203 contrarium‘motum
1150 5146 1420 5216 quispiam
1452 5146 1539 5200 his
1573 5146 1955 5218 assignaverit,
1986 5163 2110 5202 cum

547 5252 688 5305 aqua
719 5239 1040 5295 naturaliter
1076 5253 1292 5308 semper
1328 5252 1358 5291 ε
1389 5237 1670 5305 superiore
1708 5238 1828 5294 loco
1873 5238 1929 5293 in
1975 5238 2113 5294 infe-

548 5328 747 5381 riorem
796 5329 1012 5386 deﬂuat.
1047 5329 1177 5398 Qua:
1214 5344 1336 5390 cum
1393 5329 1468 5383 ita
1522 5329 1655 5393 sint,
1705 5338 1799 5384 aut
1825 5328 2110 5385 ﬂuminum

547 5433 764 5489 quoque
796 5428 998 5474 motum
1031 5421 1139 5475 fata
1173 5419 1421 5492 quaedam
1459 5419 1623 5476 edere
1670 5421 1976 5487 concedite,
2016 5430 2112 5476 aut

548 5524 722 5581 neque
753 5523 854 5563 nos
884 5499 1001 5563 ea'm
1040 5512 1146 5566 vim
1179 5520 1453 5567 astrorum
1501 5510 1672 5566 motui
1721 5512 2107 5568 eoneedemus.

549 5604 615 5656 At
636 5616 699 5656 ea
730 5599 813 5655 vis
843 5607 949 5664 est,
975 5602 1150 5670 inquit
1185 5602 1295 5666 ille,
1328 5603 1551 5669 Arietis,
1575 5602 1742 5658 Tauri
1782 5612 1835 5658 et
1864 5604 2108 5674 cujusvis

548 5695 795 5766 planetae,
833 5700 890 5746 ut
920 5691 965 5746 si
997 5692 1120 5761 quis
1146 5693 1250 5746 sub
1281 5694 1467 5765 aliquo
1501 5711 1567 5751 ex
1595 5694 1662 5751 iis
1691 5700 1970 5758 nascatur,
1996 5695 2109 5749 sive

549 5788 764 5863 aliquod
799 5788 1089 5855 erraticum
1121 5785 1272 5845 sidus
1317 5790 1514 5860 solum,
1547 5792 1661 5851 sive
1710 5806 1833 5846 cum
1882 5790 2004 5847 aliis
2053 5791 2106 5845 in

2221 4604 2370 4659 αἰτία
2398 4603 2576 4657 ἐστίν’
2614 4604 2663 4656 εἰ
2691 4598 2783 4656 οὖν
2831 4602 2889 4655 τὸ
2922 4601 3059 4672 μετὰ
3095 4601 3191 4672 τὴν
3231 4601 3441 4670 γένεσιν
3486 4601 3615 4672 παρ’
3647 4600 3795 4655 ἐκεί-

2220 4714 2325 4751 νων
2346 4736 2365 4771 ,
2401 4696 2615 4759 πάντως
2648 4695 2799 4767 παρὰ
2821 4692 2930 4747 τῶν
2969 4694 3146 4747 αὐτῶν
3183 4694 3276 4747 καὶ
3307 4694 3340 4763 ἡ
3370 4691 3611 4761 γένεσις·
3657 4694 3705 4745 εί
3730 4690 3789 4749 δὲ

2218 4790 2375 4845 τοῦτο
2402 4789 2500 4841 οὐκ
2534 4789 2591 4839 ἐν
2624 4786 2884 4852 ἐκείνοις,
2928 4786 3142 4848 πάντως
3184 4784 3303 4838 οὐδὲ
3341 4784 3401 4837 τὸ
3431 4783 3567 4854 μετά
3606 4783 3790 4837 τοῦτο.

2232 4880 2392 4935 Ἀλλά
2433 4878 2538 4949 μὴν
2571 4878 2632 4931 τὸ
2672 4878 2746 4948 μὴ
2785 4879 2843 4931 ἐν
2876 4877 3101 4939 ἐκείνοις
3142 4872 3280 4930 εἶναι
3314 4875 3423 4946 τὴν,
3443 4875 3658 4944 γένεσιν
3679 4916 3694 4940 ,
3729 4877 3796 4929 ὲκ

2219 4972 2407 5026 τούτου
2433 4970 2589 5040 δῆλόν
2625 4971 2770 5022 ἐστιν
2793 4984 2808 4998 ·
2842 4970 2906 5022 ἐκ
2950 4968 3044 5023 τοῦ
3082 4968 3156 5040 μὴ
3185 4967 3542 5029 ἀδιαλείπτως
3568 5007 3588 5031 ,
3618 4982 3796 5025 ποτα-

2222 5062 2324 5133 μοῦ
2357 5061 2547 5131 δίκην,
2578 5060 2655 5132 τῷ
2712 5061 2924 5129 συνεχεῖ
2973 5057 3072 5128 τῆς
3125 5057 3422 5128 παροδικῆς
3450 5057 3545 5110 τοῦ
3595 5057 3796 5128 χρόνου

2221 5153 2350 5222 ῥοῆς
2373 5192 2387 5213 ,
2416 5152 2511 5203 καὶ
2546 5151 2643 5215 τὰς
2675 5148 3019 5221 ἀνθρωπίνας
3047 5147 3293 5219 συρρέειν
3317 5148 3425 5202 τῶν
3454 5148 3797 5218 τικτομένων

2218 5244 2458 5313 γενέσεις
2479 5284 2494 5307 ,
2524 5242 2639 5296 ἀλλ’
2668 5244 2725 5296 ἐν
2750 5242 3099 5312 διαλείμμασι
3134 5241 3231 5311 μὲν
3254 5236 3393 5295 εἶναι
3416 5241 3541 5303 τοὺς
3572 5241 3795 5303 τόκους*

2217 5335 2405 5407 τῆςεδὲ
2440 5334 2550 5389 τῶν
2585 5335 2787 5405 μοιρῶν
2815 5333 3039 5386 ἐκείνων
3076 5330 3379 5399 γενέσεως,
3408 5330 3475 5396 ἃς
3527 5332 3557 5383 ὁ
3598 5331 3799 5401 χρόνος

2219 5427 2357 5497 ῥέων
2382 5426 2462 5495 τῷ
2482 5426 2773 5495 ἀεικινήτῳ
2806 5426 2904 5495 τῆς
2933 5421 3040 5477 τῶν
3060 5424 3271 5493 ἄστρων
3307 5424 3478 5494 φορᾶς
3504 5419 3801 5492 ἐξεργάζε-

2216 5534 2306 5570 ται
2331 5532 2345 5548 ·
2379 5516 2487 5569 οὐδ’
2513 5513 2689 5569 ὁτιοῦν
2726 5514 2841 5568 ἔστι
2873 5514 3168 5585 διάλειμμα
3195 5512 3321 5567 οὔτε
3362 5514 3483 5569 κατ’
3511 5511 3797 5583 αἴσθησιν,

2217 5608 2342 5662 οὔτε
2369 5611 2436 5678 τῇ
2478 5607 2686 5679 διανοίᾳ
2727 5606 2929 5661 λαϐεῖν.
2966 5606 3060 5670 Τίς
3089 5601 3180 5659 οὖν
3219 5605 3399 5677 ἐκείνη
3453 5604 3797 5675 εἱμαρμένη.

2215 5701 2310 5754 εἴτ’
2337 5695 2430 5753 οὖν
2467 5699 2564 5769 μία
2602 5698 2955 5769 γενικωτέρα,
2997 5697 3096 5750 εἴτ’
3130 5691 3223 5750 οὖν
3253 5696 3443 5752 πολλαί¹
3474 5698 3531 5751 αι
3558 5697 3653 5750 ἐπὶ
3679 5698 3801 5758 τοῖς

2214 5791 2307 5845 τοῦ
2351 5791 2541 5863 Χρόνου
2572 5792 2817 5862 τμήμασι
2862 5788 3524 5861 συλλεπτυνόμεναιιοῦπω
3554 5787 3801 5843 καταλα-
