4008 6210
306 235 424 297 ‘61

1655 237 1933 295 CONTRA
1994 237 2251 295 FATUM.

3461 244 3564 300 162

324 359 444 414 θεῖν
469 359 538 412 δι’
563 357 858 412 ἀκολούθου
885 357 1028 423 τινὸς
1057 359 1086 410 ο
1119 326 1276 428 λόγος
1295 358 1597 429 δεδύνηται.
1622 352 1900 414 mercem

2007 359 2138 427 orbe
2163 359 2597 422 circumferatur,
2633 359 2742 414 vita
2774 357 2921 415 illius
2946 357 3038 430 qui
3066 358 3121 413 in
3154 373 3272 413 eam
3313 359 3567 415 inciderit

326 453 396 505 τά
426 451 598 521 ἄστρα
628 449 801 519 φατές
832 450 943 504 Καὶ
982 451 1092 522 γάρ
1142 452 1233 504 καὶ
1275 452 1437 521 ἡμεῖς
1469 450 1569 521 τὴν
1600 451 1704 504 τῶν
1733 468 1898 503 ποτα-

328 536 444 610 μῶν
461 539 936 610 ἀντιπροφέρομεν
967 539 1198 610 κίνησιν.
1236 538 1398 593 Ἀλλά
1422 538 1510 593 διὰ
1541 539 1738 603 παντὸς
1762 540 1902 592 ἐκεῖ·

320 645 421 693 να,
464 629 566 683 καὶ
611 627 786 682 ταῦτα
832 630 1097 693 ὡσαύτως
1133 630 1201 684 δι’
1244 630 1385 684 ὅλου.
1440 630 1576 683 Ἀλλ’
1610 631 1790 684 ἐκεῖνα
1841 634 1899 684 ἐν

319 719 532 791 χρόνῳ;
565 719 701 774 οὐδέ
725 720 899 775 ταῦτα
924 720 1029 787 ἔξω
1064 720 1157 775 τοῦ
1195 721 1409 792 χρόνου.
1450 720 1609 775 Ἀλλά
1641 722 1898 793 χρονικὴν

315 813 418 867 οὐκ
445 812 597 865 ἐστιν
623 814 712 866 ἐπ’
744 812 968 866 ἐκείνων
1000 814 1175 884 ἀρχὴν
1202 814 1443 884 ἐξευρεῖν
1467 815 1565 883 τῆς
1595 816 1894 887 κινήσεως;

319 903 493 959 Ποίαν
519 904 577 957 δέ
594 904 815 986 ,τούτοις
843 906 1150 978 ἐπινοήσεις
1177 906 1276 976 τὴν
1315 905 1423 961 ἀπὸ
1453 905 1657 977 χρόνων
1689 907 1894 977 ἀρχὴν;

331 995 476 1049 Ἀλλ’
505 998 688 1050 ἐκεῖνα
713 998 855 1051 κατά
876 997 945 1050 τὰ
971 998 1109 1050 αὐτὰ
1135 998 1229 1051 καὶ
1249 997 1510 1062 ὡσαύτως
1533 998 1619 1051 ἀεὶ
1644 1002 1894 1065 κινεῖται;

320 1089 457 1142 om
504 1089 714 1153 τούτοις
754 1090 820 1143 ἀν
846 1108 930 1154 τις
958 1092 1058 1162 τὴν
1093 1090 1339 1145 ἐναντίαν
1390 1092 1897 1162 προσμαρτυρήσειε

322 1180 560 1251 κίνησιν,
587 1181 834 1250 φυσικῶς
860 1177 947 1235 ἀεὶ¹
967 1181 1063 1235 τοῦ
1089 1180 1278 1245 ὓδατος
1309 1182 1416 1235 ἀπὸ
1441 1181 1534 1235 τοῦ
1562 1180 1897 1252 ὑπερκειμέ-

321 1285 414 1323 νου
463 1270 604 1343 πρὸς
632 1271 697 1325 τὸ
739 1272 941 1344 πρανὲς
968 1271 1379 1343 καταρρέοντος.
1416 1270 1579 1325 Ὥστε
1605 1271 1638 1341 ἢ
1669 1271 1763 1325 καὶ
1797 1269 1896 1341 τὴν

319 1359 538 1430 κίνησιν
577 1361 687 1413 τῶν
735 1360 994 1431 ποταμῶν
1031 1360 1370 1431 είμαρμένας
1411 1360 1564 1424 τινὰς
1598 1361 1896 1431 ἀπογεννᾷν

320 1452 717 1522 συγχωρήσατε
739 1491 754 1515 ,
784 1452 818 1522 ἢ
861 1452 981 1506 ούδέ
1004 1454 1168 1523 ἡμεῖς
1205 1455 1269 1524 τῇ
1312 1452 1419 1506 τῶν
1440 1452 1659 1524 ἄστρων
1688 1454 1895 1523 κινήσει

317 1542 418 1613 τῆς
438 1542 724 1613 δυνάμεως
752 1542 955 1613 ταύτης
985 1545 1477 1616 παραχωρήσομεν.
1519 1543 1675 1596 Ἀλλά
1711 1545 1892 1614 τῆσδε,

316 1631 477 1702 φησὶ,
508 1631 611 1702 τῆς
629 1631 907 1701 διινάμεω(⁹
932 1670 948 1695 ,
977 1634 1006 1685 ὁ
1032 1632 1198 1703 Κριὸς
1225 1632 1258 1704 ἢ
1284 1634 1313 1685 ὁ
1342 1632 1575 1704 Ταῦρος,
1611 1632 1705 1687 καὶ
1733 1633 1895 1701 τῆσδε

2004 451 2218 514 horam,
2275 453 2643 507 intercedente
2685 453 2947 507 virtutum
3005 451 3391 522 conjunctione
3437 469 3565 508 cum

1999 547 2123 595 ortu
2162 541 2493 595 consentiat.
2534 540 2580 596 0
2609 539 3114 610 vaniloquentiam!
3159 539 3381 609 inquam
3438 554 3564 609 ego.

1997 635 2238 689 Taurum
2255 632 2391 688 adeo
2407 630 2654 688 servilem
2692 631 2833 687 forte
2869 623 3153 701 propterea
3184 632 3397 696 dicitis,
3436 633 3566 702 quia

1999 723 2055 778 id
2093 725 2291 780 animal
2316 723 2447 794 jugo
2473 722 2748 788 domatur,
2774 723 3010 778 Arietem
3038 730 3229 777 contra
3261 723 3564 778 beneﬁcum

1997 817 2144 885 quod
2166 818 2342 871 lanam
2392 815 2577 870 ferat:
2624 830 2687 868 ac
2728 814 2775 869 si
2823 813 2950 883 quis
2982 813 3085 868 sub
3121 814 3346 867 istorum
3391 813 3565 867 altero

1999 916 2181 976 natus,
2214 916 2309 963 aut
2339 908 2480 964 alius
2505 907 2749 963 vicissim
2778 918 2823 961 ’e
2852 905 3032 960 medio
3084 904 3329 959 sublatus
3376 903 3561 966 fuerit,

1998 989 2300 1054 commistis
2336 997 2762 1068 proprietatibus
2801 1004 3004 1050 certam
3034 992 3325 1064 quamdam
3358 1001 3562 1048 sortem

1997 1090 2351 1145 nascentibus
2370 1090 2649 1145 obvenire.
2675 1087 2816 1155 Quid
2845 1086 3015 1157 ergo?
3037 1086 3125 1140 dic
3156 1085 3290 1139 mihi
3310 1127 3325 1150 ,
3353 1095 3566 1155 sponte-

1996 1196 2067 1236 ne
2100 1190 2191 1237 aut
2215 1191 2405 1238 taurus
2438 1182 2540 1237 sub
2565 1178 2711 1252 jugis
2742 1187 2851 1242 est,
2886 1189 2980 1234 aut
3007 1180 3151 1234 aries
3181 1178 3398 1248 gaudet,
3439 1193 3563 1233 cum

1996 1273 2295 1329 tondetur?
2326 1272 2519 1327 Damni
2556 1274 2683 1327 item
2723 1288 2785 1326 ae
2811 1269 3048 1341 torporis
3091 1266 3350 1323 aﬂcrcudi
3392 1268 3564 1323 facul-

1997 1371 2083 1417 tas
2112 1373 2195 1418 est
2231 1362 2279 1418 ei
2312 1362 2403 1431 qui
2436 1360 2551 1415 obit
2579 1366 2893 1431 supremum
2935 1358 3157 1421 coelum,
3189 1357 3272 1412 vel
3307 1358 3563 1412 caliditas

1998 1454 2176 1518 Marti,
2210 1454 2291 1509 vel
2337 1454 2514 1508 cuivis
2552 1454 2641 1528 alii
2671 1452 2843 1508 stellae
2876 1450 3080 1506 volenti
3124 1464 3223 1504 sua
3269 1447 3352 1503 vis
3400 1449 3562 1513 inest,

1998 1554 2065 1597 an
2096 1543 2321 1597 invitae?
2355 1541 2411 1596 Si
2438 1542 2657 1612 quidem
2685 1542 2931 1597 volentes
2983 1542 3039 1595 in
3094 1539 3252 1599 malis
3296 1548 3444 1605 sunt,
3501 1554 3565 1595 ac

1994 1634 2303 1688 voluntaria
2340 1633 2641 1688 nocendivi
2672 1632 2930 1703 praeditas,
2968 1633 3216 1703 quisquis
3256 1633 3308 1688 id
3343 1633 3564 1695 fatetur,

316 1720 428 1775 τῶν
456 1720 746 1790 πλανητῶν
773 1720 1019 1783 ἕκαστος.
1054 1720 1222 1774 Ὅταν
1250 1717 1343 1775 οὖν
1375 1721 1433 1775 ἐν
1459 1720 1539 1774 ἐνὶ
1564 1719 1767 1774 τούτων
1804 1719 1897 1788 γέ-

2000 1726 2178 1797 palam
2216 1726 2459 1781 infelices
2491 1700 2828 1794 pronuutiat,
2872 1700 3017 1795 quod
3058 1700 3334 1780 meliorem
3363 1731 3565 1780 sortem

317 1810 508 1881 θηται,
549 1812 583 1882 ἢ
621 1812 762 1864 κατά
800 1804 966 1882 μόνας
997 1811 1031 1881 ἢ
1076 1810 1194 1881 μεθ’
1239 1811 1438 1882 ἐτέρων
1469 1809 1787 1883 περιοδικῶς
1815 1828 1897 1873 τις

317 1901 431 1955 τῶν
463 1901 753 1972 πλανητῶν
784 1902 890 1956 ὑπὸ
920 1901 1015 1955 τοῦ
1048 1902 1246 1957 κύκλου
1281 1903 1705 1974 περιαγόμενος,
1731 1905 1764 1974 ἡ
1800 1902 1898 1971 τῆς

318 1992 601 2063 δυνάμεως
630 1992 844 2056 σύνοδος
864 1992 1013 2047 τόνδε
1042 1995 1134 2048 τὸν
1162 1994 1276 2064 βίον
1322 1993 1400 2064 τῷ
1427 1992 1796 2063 συνενεχθέντι
1827 1992 1897 2062 τῇ

319 2084 446 2156 ῶρᾳ
472 2083 645 2155 ταύτῃ
685 2084 825 2138 κατά
865 2085 963 2155 τὴν
1013 2085 1230 2153 γένεσιν
1272 2084 1659 2155 ἀπειργάσατο.
1696 2085 1759 2136 Ὢ
1798 2083 1907 2154 τῆς

322 2174 746 2246 ματαιολογίαςῐ
791 2174 1024 2229 δούλειον
1076 2175 1142 2229 ἂν
1178 2175 1349 2239 οὕτως
1390 2176 1526 2246 τύχῃ
1560 2174 1651 2228 τδν
1685 2174 1898 2244 Ταῦρον

320 2265 527 2333 λέγετε,
565 2264 657 2317 διὰ
678 2263 739 2317 τὸ
765 2264 870 2317 ὑπὸ
901 2265 1048 2334 ζυγῷ
1072 2265 1133 2318 τὸ
1171 2265 1307 2330 ζῶον
1346 2263 1504 2317 τοῦτο
1528 2261 1861 2333 δαμάζεσθαι
1882 2279 1895 2293 ·

321 2356 416 2409 καὶ
440 2354 788 2425 εὐεργετικὸν
809 2356 900 2409 τὸν
919 2355 1108 2427 Κριὸν,
1131 2355 1217 2409 διὰ
1239 2356 1338 2426 τὴν
1357 2355 1463 2408 τῶν
1479 2355 1683 2427 ἐρίφων
1705 2354 1895 2426 φοράν⁹

326 2451 384 2501 ἐν
429 2448 509 2500 ἐνὶ
540 2447 602 2501 δὲ
653 2446 858 2500 τούτων
899 2446 1222 2518 γενόμενον,
1274 2448 1308 2518 ἢ
1338 2447 1488 2500 τόνδε
1531 2446 1639 2498 τῶν
1671 2444 1813 2499 κατά
1839 2445 1900 2499 τὸ

322 2536 565 2601 ἐναντίον
592 2531 989 2605 ἀνειλουμένων
1010 2573 1025 2597 ,
1055 2533 1199 2588 κατά
1244 2533 1344 2604 τὴν
1373 2530 1616 2603 φυσικῶς
1664 2530 1900 2600 ἐνυπάρο

319 2642 525 2696 χουσαν
549 2624 702 2695 αύτῷ
723 2623 951 2694 δύναμιν
982 2623 1069 2678 διὰ
1104 2625 1204 2694 τῆς
1234 2623 1343 2677 τῶν
1374 2623 1676 2694 ἰδιωμάτων
1710 2625 1899 2692 ἐπιμιι

322 2715 461 2780 ξίας,
484 2714 694 2769 τοιάνδε
720 2714 831 2768 τῶν
851 2714 1183 2785 τικτομένων
1218 2716 1410 2788 μοῖραν
1445 2715 1895 2779 κατασκευάζειν.

322 2806 389 2859 Τί
438 2802 564 2869 οὗν;
601 2805 722 2858 είπέ
756 2823 882 2876 μοι,
911 2804 1051 2859 ἐκὼν
1091 2808 1118 2860 ό
1154 2804 1353 2877 ταῦρός
1394 2808 1539 2858 ἐστιν
1573 2805 1895 2872 ύποζύγιοςς

324 2905 425 2957 καὶ
463 2896 808 2967 καταθύμιον
831 2897 909 2969 τῷ
951 2897 1091 2970 κριῷ
1120 2898 1180 2952 τὸ
1207 2897 1484 2969 κείρεσθαι
1525 2896 1697 2965 λέγεις
1724 2915 1737 2962 ;
1766 2898 1898 2950 Τότε

323 2988 625 3057 βλαπτικὸν
678 2989 772 3041 καὶ
828 2989 1100 3061 ναρκῶδες
1148 2988 1228 3060 τῷ
1276 2990 1373 3055 τὸν
1416 2991 1673 3044 ἀνωτάτω
1744 3005 1897 3061 περι-

318 3046 565 3131 οδεύοντι
593 3079 826 3149 πόλον,ἥ
939 3046 1139 3151 θερμδν
1169 3046 1246 3151 τῶ
1275 3046 1595 3151 πυρόεντι,ἢ
1624 3080 1774 3151 ἄλλῳ
1793 3046 1900 3134 τίνὶ
1929 3046 1972 3105 c

320 3168 436 3221 τῶν
466 3167 876 3238 θεωρουμένων,
902 3171 935 3240 ἡ
965 3171 1338 3241 ἐνυπάρχουσα
1365 3171 1590 3241 δύναμις
1617 3173 1896 3237 ἑκουσίως,

317 3260 355 3328 ἢ
394 3259 545 3313 κατά
575 3260 637 3312 τὺ
677 3262 930 3315 ἀκούσιον
959 3262 1285 3334 πρόσεστιν;
1325 3264 1385 3315 Εἰ
1440 3264 1537 3333 μὲν
1569 3264 1651 3316 ὅτι
1686 3264 1902 3327 ἑκόντες

2000 1818 2053 1871 in
2089 1832 2185 1872 sua
2221 1825 2489 1887 potestate
2524 1832 2647 1871 cum
2681 1824 2922 1882 teneant,
2952 1816 3190 1872 deterior
3220 1817 3353 1884 ipsis
3380 1815 3568 1883 volup.

1999 1908 2097 1961 tati
2145 1908 2238 1963 sit.
2304 1907 2400 1961 Sin
2466 1908 2610 1961 haud
2652 1922 2750 1961 sua
2796 1915 2990 1977 sponte
3045 1906 3182 1961 tales
3220 1914 3348 1962 sunt
3379 1906 3566 1974 quahs

2000 1998 2407 2061 existimantur,
2458 1998 2551 2053 sed
2604 1997 2917 2052 necessario
2975 1996 3112 2052 tales
3160 1997 3347 2066 quales
3410 1995 3567 2050 facta:

2001 2098 2131 2146 sunt
2162 2108 2181 2146 ι
2212 2090 2431 2159 aliquod
2470 2104 2601 2159 ergo
2632 2088 2780 2143 aliud
2808 2088 3060 2158 superius
3082 2087 3251 2142 fatqu
3296 2087 3382 2142 his
3425 2103 3564 2156 quo—

2000 2197 2106 2251 que
2137 2189 2387 2235 naturam
2425 2196 2489 2235 ac
2535 2180 2798 2235 virtutum
2854 2179 3210 2250 proprietates
3253 2179 3562 2234 destinavit.

2000 2272 2119 2338 Quo
2156 2272 2234 2335 fit,
2278 2283 2337 2325 ut
2375 2270 2685 2326 aliasidera
2714 2268 2801 2325 bis
2832 2269 3114 2339 superiora
3141 2267 3428 2338 quaerenda
3459 2268 3567 2338 siut

2004 2378 2108 2416 uua
2128 2378 2251 2416 cum
2286 2370 2432 2416 motu
2463 2376 2622 2431 quem
2651 2361 2756 2415 sibi
2796 2359 3097 2424 vindicent,
3137 2353 3367 2430 quor’um
3418 2370 3566 2414 certa

2000 2453 2321 2522 conjunctio
2352 2452 2507 2507 fatali
2548 2453 2781 2521 quadam
2835 2447 3188 2515 necessitate,
3229 2457 3323 2503 aut
3355 2459 3566 2503 laurum

2002 2543 2287 2617 servilem,
2329 2548 2423 2594 aut
2471 2541 2695 2596 arietem
2746 2540 3105 2601 damnosum,
3159 2545 3253 2592 aut
3308 2553 3565 2592 cancrum

2001 2634 2178 2704 capite
2203 2634 2451 2687 mutilum
2482 2631 2744 2696 effcccrit,
2780 2641 2874 2685 aut
2913 2631 2959 2685 si
2991 2630 3118 2701 quid
3167 2630 3309 2683 aliud
3346 2629 3409 2682 de
3455 2628 3571 2682 siu-

2002 2726 2144 2796 gulis
2172 2725 2338 2779 astris
2366 2724 2627 2793 sophista:
2661 2730 2953 2793 nugautur.
2994 2723 3073 2775 Ac
3107 2721 3153 2776 si
3196 2736 3258 2776 ea
3301 2734 3422 2790 qua:
3467 2733 3568 2773 no-

2003 2813 2086 2867 bis
2109 2818 2398 2882 apparent,
2432 2810 2762 2867 necessitate
2790 2810 3077 2879 cujusdam
3105 2810 3200 2864 fati
3248 2818 3377 2865 sunt
3418 2808 3569 2878 ejus.

2002 2906 2169 2971 modi,
2203 2913 2351 2959 certe
2379 2905 2543 2959 etiam
2580 2901 3060 2973 superiorisillius
3090 2899 3437 2956 necessitatis
3485 2900 3570 2953 iu-

2003 3010 2167 3064 super
2198 2994 2301 3048 alia
2337 2993 2435 3047 tibi
2487 3007 2654 3048 causa
2715 2990 3021 3047 necessaria
3062 2987 3418 3057 excogitanda
3468 2986 3569 3039 erit

2005 3082 2277 3153 ejusmodi
2310 3080 2744 3143 constitutionis,
2777 3088 2828 3133 et
2863 3078 3028 3146 hujus
3073 3076 3203 3139 alia,
3259 3076 3566 3143 iterumque

2007 3176 2148 3229 alius
2186 3173 2313 3237 alia,
2338 3181 2500 3242 atque
2525 3172 2596 3225 ita
2642 3169 2850 3224 infinite
2877 3167 3044 3222 fatum
3073 3166 3189 3229 fati,
3221 3166 3386 3220 sortis
3425 3179 3566 3226 sors,

2008 3264 2352 3320 necessitatis
2391 3263 2692 3318 necessitas
2734 3260 2840 3314 alia
2870 3272 3082 3327 semper
3111 3255 3493 3326 coniungenda.

317 3356 383 3409 ἐν
407 3357 601 3418 κακοῖς
627 3357 732 3408 είσι
757 3396 773 3419 ,
804 3337 898 3409 καί
921 3355 1203 3426 βλαπτικώ.
1232 3358 1297 3410 ἐκ
1326 3358 1695 3429 προαιρέσεως
1730 3358 1983 3426 γίνονται,
2013 3357 2300 3428 δυστυχίαν
2332 3358 2588 3427 ἄντικρυς
2640 3353 2818 3408 αὐτῶν
2859 3355 2888 3406 ό
2935 3351 3106 3405 ταῦτα
3168 3350 3341 3418 λέγων
3401 3365 3573 3402 κατα·-

318 3444 651 3515 ψηφίζεται,
673 3447 753 3517 τῷ
780 3450 901 3500 κατ’
933 3446 1179 3512 ἐξουσίαν
1204 3448 1385 3511 αὐτοῖς
1411 3448 1773 3518 προκειμένης
1797 3447 1895 3518 τῆς
1931 3449 2236 3519 κρείττονος
2257 3445 2482 3518 λήξεως,
2518 3446 2577 3498 ἐν
2598 3444 2760 3515 ἡδονῇ
2823 3442 2884 3496 τὸ
2917 3442 3233 3511 ἀτιμότερον
3300 3437 3566 3492 τίθεσθαι’

322 3540 373 3591 ει
404 3538 461 3592 δέ
483 3542 589 3593 οὐκ
617 3542 683 3594 ἐκ
709 3542 1075 3617 προαιρέσεως
1102 3542 1306 3594 τούτων
1328 3540 1556 3594 ἕκαστόν
1602 3540 1772 3595 ἐστιν
1831 3543 1966 3614 ὅπερ
2004 3540 2272 3613 νομίζετε,
2298 3539 2412 3595 ἀλλ’
2434 3539 2498 3592 ἐκ
2524 3554 2666 3601 τινος
2693 3536 2939 3605 ἀνάγκης
2966 3532 3200 3603 ἐγένετο,
3227 3530 3332 3602 ἄρα
3361 3546 3445 3593 τις
3475 3530 3568 3582 καὶ

321 3636 533 3698 τούτοις
563 3636 934 3708 ὑπερκειμένη
967 3636 1126 3691 πάλιν
1165 3636 1341 3690 αὐτῶν
1380 3637 1684 3707 εἱμαρμένη
1752 3637 1933 3709 ἑτέρα,
1969 3638 2067 3701 τὰς
2100 3637 2208 3691 τῶν
2233 3634 2446 3705 φύσεων
2481 3652 2539 3688 τε
2574 3633 2669 3687 καὶ
2697 3621 2975 3702 δυνάμεων
3003 3626 3310 3681 ἐπέκλωσεν
3377 3623 3571 3691 ἰδιότη-

322 3743 446 3790 τας.
498 3726 667 3780 Ὥστε
703 3727 884 3797 ζητεῖν
936 3729 1244 3799 ἐπάναγκες
1293 3729 1426 3784 ἄλλα
1476 3731 1650 3801 ἄστρα
1701 3731 1902 3785 τούτων
1938 3731 2232 3802 ὑπέρτερα,
2269 3730 2363 3784 καὶ
2391 3729 2601 3799 κίνησιν
2626 3726 2711 3797 ἐφ’
2741 3723 2948 3780 ἑαυτῶν
2984 3720 3286 3786 ἰδιάζουσαν
3309 3759 3326 3784 ,
3393 3710 3468 3771 ὧν
3535 3717 3569 3786 ἠ

324 3817 460 3874 ποιὰ
497 3818 785 3890 συμπλοκὴ
820 3820 961 3875 κατά
998 3839 1120 3876 τινα
1187 3821 1523 3892 εἱμαρμένης
1569 3821 1847 3893 ἀνάγκην,
1892 3823 1926 3894 ἢ
1966 3821 2200 3876 δούλειον
2251 3816 2389 3874 εἶναι
2437 3819 2527 3873 τὸν
2570 3818 2802 3889 ταῦρον,
2850 3814 2884 3886 ἢ
2934 3811 3222 3883 ἐπιζήμιον
3263 3809 3355 3862 τδν
3415 3806 3568 3877 κριδν

329 3907 740 3978 ἀπειργάσατο,
766 3911 799 3981 ἢ
829 3909 922 3965 τὸν
962 3912 1222 3980 καρκῖνον
1257 3911 1545 3980 ἀκέφαλον,
1584 3912 1617 3983 ἢ
1657 3914 1710 3965 εῐ
1750 3929 1802 3965 τι
1844 3912 1969 3967 ἄλλο
2003 3913 2131 3985 περ)⁵
2163 3912 2392 3966 ἑκάστου
2424 3909 2626 3963 τούτων
2651 3909 2701 3960 οἱ
2724 3907 2880 3977 λῆροι
2906 3903 3014 3957 τῶν
3045 3900 3222 3968 σοφῶν
3243 3898 3566 3966 διέρχονται.

330 3998 446 4054 Καὶ
477 4001 528 4053 εί
567 4000 731 4056 ταῦτα
759 4003 829 4057 τά
868 4002 1165 4075 φαινόμενα
1194 4004 1325 4076 ἡμῖν
1353 4006 1474 4059 κατ’
1500 4004 1745 4074 ἀνάγκην
1772 4003 1918 4071 τινὸς
1954 4005 2292 4077 εἱμαρμένης
2325 4006 2442 4057 ἐστὶ
2504 4001 2749 4063 τοιαῦτα,
2793 3996 3008 4058 πάντως
3038 3994 3133 4046 κοιλ⁵
3191 3991 3290 4059 τῆς
3319 3990 3568 4057 ὑπερκει-

333 4095 745 4168 μένης’ἐκείνης
787 4097 1030 4169 ἀνάγκης
1066 4098 1258 4168 ἑτέραν
1292 4097 1468 4152 αίτίαν
1532 4099 1932 4170 ἀναγκαστικὴν
1968 4099 2069 4170 τῆς
2096 4099 2353 4169 τοιαύτης
2397 4096 2779 4155 καταστάσεως
2822 4086 3239 4161 προσεπινοήσει
3292 4084 3322 4136 ὁ
3387 4083 3565 4149 λόγος,

330 4186 590 4258 κάκείνης
621 4186 809 4258 ἀλλην,
835 4187 930 4240 καὶ
957 4187 1115 4242 πάλιν
1142 4187 1308 4259 ἄλλην
1335 4190 1435 4259 τῆς
1459 4188 1658 4265 ἄλλης,
1707 4191 1801 4242 καὶ
1834 4189 2005 4252 οὕτως
2043 4191 2122 4253 εἰς
2153 4190 2377 4260 ἄπειρον
2412 4184 2612 4257 προῖὼν
2670 4184 2700 4234 ό
2758 4180 2912 4247 λόγος
2937 4217 2951 4241 ,
3016 4172 3248 4245 οὐδαμοῦ
3316 4172 3567 4243 στήσεται

330 4283 671 4354 ιειωρμένην
717 4278 1054 4354 εἱμαρμένης
1079 4322 1095 4345 9
1150 4283 1244 4336 καὶ
1283 4287 1475 4355 μοῖραν
1523 4285 1716 4357 μοίρας
1742 4324 1756 4347 ,
1806 4286 1901 4339 καὶ
1932 4285 2173 4355 ἀνάγκης
2194 4284 2436 4351 ἀνάγκην
2468 4276 2987 4348 προσαναπλάσσων.

397 4373 585 4428 Ταῦτα
634 4372 695 4425 δέ
737 4388 840 4442 μου
884 4370 1190 4436 διεξιόντος,
1228 4373 1321 4426 καλ¹
1356 4373 1443 4426 διά
1483 4374 1593 4427 τῶν
1643 4372 1898 4427 τοιούτων

2074 4371 2169 4427 llis
2208 4386 2238 4425 a
2303 4384 2389 4423 me
2432 4368 2505 4421 ita
2555 4363 2882 4435 disputatis,
2948 4358 3306 4432 philosophus
3344 4358 3564 4426 quicum

334 4465 619 4536 νοημάτων
668 4461 807 4534 πρὸς
848 4461 911 4515 τὸ
956 4461 1154 4515 ἄτοπον
1197 4462 1288 4516 τὸν
1331 4463 1488 4531 λόγον
1532 4463 1899 4531 ἐκδάλλοντος,

335 4555 598 4625 ἐπικύψας
630 4552 838 4626 μεταξὺ
864 4553 951 4607 διὰ
992 4556 1304 4625 καταφορᾶς
1336 4555 1592 4626 προϊόντα
1633 4555 1724 4610 τὸν
1748 4557 1902 4625 λόγον

338 4643 911 4717 δπροσδιαλεγόμενός
960 4661 1049 4715 μοι
1083 4644 1386 4715 φιλόσοφος.
1420 4645 1485 4698 Τί
1532 4646 1702 4717 μάχῃ.
1747 4646 1901 4717 φησι,

343 4737 402 4805 τῇ
425 4734 675 4806 ἐνεργείᾳ
696 4750 712 4799 ;
738 4733 793 4787 τί
819 4733 877 4787 δέ
898 4733 995 4804 οὐχ
1019 4732 1127 4805 ἔπῃ
1154 4734 1267 4796 τοῖς
1291 4732 1375 4785 διὰ
1398 4732 1503 4786 τῶν
1526 4732 1775 4803 ἀριθμῶν
1802 4750 1904 4786 πα-

350 4831 734 4907 ρατετηρηκόσι
792 4829 892 4901 τὴν
934 4827 1043 4881 τῶν
1084 4827 1218 4881 ὅλων
1250 4826 1520 4895 ἀλήθειαν,
1549 4821 1628 4889 οἷς
1672 4827 1721 4878 εἰ
1767 4826 1904 4896 πρὸς

347 4922 617 4992 ἀκρίϐειαν
640 4923 674 4993 ἡ
705 4921 827 4991 ὥρα
843 4919 1073 4992 ληφθείη
1106 4918 1206 4988 τῆς
1230 4917 1324 4972 τοῦ
1357 4916 1756 4988 ἀποκυηθέντος
1782 4928 1904 4985 γεν-

350 5013 559 5084 νήσεως,
586 5013 767 5065 πᾶσαν
789 5011 857 5065 δι’
888 5008 1178 5065 ἀκολούθου
1208 5007 1307 5079 τὴν
1333 5005 1476 5079 ζωὴν
1504 5006 1595 5061 τοῦ
1622 5007 1904 5077 τεχθέντος

354 5103 764 5174 προαγορεύουσι
782 5120 797 5134 ·
820 5101 913 5154 τὸν
942 5100 1154 5172 χρόνον,
1177 5099 1268 5153 τὸν
1294 5099 1511 5170 τρόπον,
1538 5096 1606 5151 τά
1628 5097 1734 5150 τῶν
1753 5096 1902 5167 ἠθῶν

356 5192 618 5264 ξδαῦματα,
651 5193 751 5257 τὰς
790 5191 1126 5256 κινδυνώδεις
1171 5191 1534 5262 περιστάσεις,
1565 5191 1776 5259 γάμους
1808 5188 1904 5243 καὶ

353 5284 675 5349 παιδοποιίας
702 5286 798 5339 καὶ
838 5283 1164 5355 ἀξιωμάτων
1196 5282 1494 5353 ἐπιτυχίας,
1520 5282 1552 5353 ἢ
1586 5282 1681 5336 καὶ
1709 5280 1769 5335 τὸ
1801 5280 1899 5351 ἐμ-

354 5376 515 5441 ταλιν,
550 5375 809 5440 ἀπαιδίας
849 5376 946 5429 καὶ
978 5373 1187 5438 νόσους,
1225 5373 1320 5428 καὶ
1357 5373 1599 5443 ἀτιμίας,
1633 5372 1727 5426 καὶ
1769 5371 1901 5441 βρα-

355 5467 541 5535 χύτητα
572 5467 721 5537 βίου,
752 5468 846 5521 καὶ
868 5466 937 5520 τά
960 5467 1025 5519 ἐκ
1053 5465 1240 5529 πενίας
1270 5463 1448 5529 κακὰς
1478 5464 1693 5517 Τούτων
1721 5458 1811 5516 οὖν
1835 5462 1900 5515 δι’

354 5558 618 5625 ἀκριϐείας
648 5556 1157 5629 προσημανθέντων,
1189 5556 1281 5610 καὶ
1309 5558 1373 5627 τῇ
1406 5554 1628 5609 ἐκϐάσει
1647 5554 1745 5624 τῆς
1770 5552 1901 5623 άλη-

358 5644 487 5712 θεὶας
531 5647 995 5721 μαρτυρηθείσηςο
1050 5648 1130 5713 τίς
1168 5648 1243 5701 ἔτι
1292 5662 1371 5701 σοι
1403 5646 1556 5716 λόγος
1597 5647 1740 5700 ἐστὶν
1772 5646 1900 5699 em.

2001 4461 2347 4531 disputabam
2380 4456 2695 4528 hujusmodi
2737 4452 3043 4508 rationibus
3077 4450 3129 4504 in
3160 4464 3256 4504 eas
3288 4447 3565 4519 angustias

2003 4556 2277 4616 redactus,
2304 4551 2567 4606 orationis
2596 4547 2811 4617 longius
2833 4553 3103 4612 provecta:
3136 4540 3282 4595 filum
3308 4541 3363 4595 in
3386 4539 3568 4594 medio

2002 4645 2213 4711 incidit,
2246 4649 2300 4698 ct
2340 4640 2505 4708 Quid,
2543 4639 2741 4710 inquit,
2773 4649 2981 4707 pugnas
3028 4647 3151 4688 cum
3188 4631 3280 4686 vi?
3327 4646 3426 4685 cur
3456 4644 3562 4684 nou

2002 4734 2248 4805 sequeris
2292 4747 2408 4795 eos,
2466 4730 2559 4800 qui
2596 4742 2779 4785 rerum
2833 4714 3115 4780 veritatem
3171 4736 3269 4792 per
3298 4733 3564 4775 numeros

2002 4826 2415 4894 indagaverunt,
2457 4835 2522 4875 ac
2567 4827 2810 4888 tempore
2839 4823 3095 4870 accurate
3138 4810 3355 4882 cognito
3394 4817 3565 4865 totam

2002 4917 2258 4986 deinceps
2309 4914 2586 4971 nascentis
2637 4912 2805 4965 vitam"
2853 4907 3178 4978 pradicant,
3204 4911 3441 4963 atatem,
3482 4901 3567 4955 in.

2002 5007 2239 5078 genium,
2275 5020 2475 5069 mores,
2491 5001 2749 5074 pericula,
2783 5014 2965 5062 casus,
2998 4995 3271 5066 conjugia,
3308 5005 3564 5062 procrea-

2004 5100 2180 5155 tiones
2229 5099 2544 5163 liberorum,
2589 5096 2847 5155 honores,
2900 5095 2994 5144 aut
3040 5095 3230 5142 contra
3268 5084 3566 5139 liberorum

2002 5190 2314 5252 orbitatem,
2362 5190 2603 5248 morbos,
2648 5182 2998 5255 ignominias,
3049 5178 3175 5233 vitae
3220 5174 3565 5235 brevitatem,

2003 5281 2348 5338 incommoda
2383 5276 2763 5352 paupertatis?
2797 5275 2929 5340 Quae
2969 5284 3094 5325 cum
3135 5278 3387 5323 accurate
3432 5278 3568 5336 prato

2003 5370 2399 5437 signiﬁcentur,
2446 5358 2782 5435 eventusque
2830 5361 2901 5418 sit
2928 5358 3086 5416 testis
3126 5356 3410 5413 veritatis:
3443 5368 3568 5425 qua!

2004 5461 2098 5515 tibi
2133 5459 2341 5528 reliqua
2375 5464 2459 5512 est
2489 5457 2651 5519 ratio,
2685 5452 3035 5526 quamobrem
3064 5449 3157 5505 fati
3187 5447 3564 5504 necessitatem

2003 5568 2124 5608 esse
2153 5567 2259 5605 non
2296 5547 2687 5606 credas?Tum
2723 5559 2823 5616 ego
2855 5543 3123 5613 ejusmodi
3155 5539 3565 5613 przedictionum

2006 5658 2198 5698 causas
2228 5658 2312 5698 me
2341 5640 2500 5712 paulo
2538 5644 2655 5709 post
2699 5638 2988 5692 allaturum
3025 5635 3319 5707 pollicitus,
3357 5627 3564 5698 rogavi,
