4008 6210
631 253 737 322 tot

1870 258 1926 313 S.
1968 255 2288 315 GREGORII
2332 247 2622 312 NYSSENI

3669 249 3839 306 -168

632 375 871 443 vehitur,
902 392 971 430 an
1002 388 1110 447 quo
1132 374 1301 429 clavis
1331 387 1545 428 asseres
1572 372 2032 443 compinguntur?
2064 369 2197 423 Nam

2316 371 2361 423 τὸ
2404 368 2829 439 σπουδαζόμενον
2872 369 3056 438 ἔσχεν;
3090 370 3116 422 ὁ
3145 368 3200 421 δὲ
3256 367 3311 419 ἐν
3349 364 3421 436 τῷ
3461 366 3691 436 ἐνεργεῖν
3727 363 3845 415 καθ-

633 483 759 522 cum
790 468 958 521 multa
991 476 1044 520 et
1069 467 1282 521 diversa
1308 464 1535 518 diverso
1556 473 1796 532 tempore
1820 462 1997 517 studia
2031 474 2198 515 cona-

636 572 832 629 tusque
862 558 1125 613 adversus
1148 556 1491 627 naufragium
1515 555 1904 619 adhibeantur,
1924 552 2198 624 quodnam

635 659 851 717 tempus
877 649 1002 702 navi
1031 646 1194 701 fatale
1219 646 1551 715 assignabis.
1586 654 1644 699 ut
1676 645 1917 699 instante
1944 642 2200 698 interitus

635 741 966 792 necessitate
998 746 1246 792 vectores
1274 750 1384 790 una
1410 750 1595 790 secum
1628 733 1857 805 perdat?
1899 732 2039 799 Quid
2087 731 2200 802 jam

634 826 786 882 dices
809 828 878 881 de
903 825 1252 881 civitatibus?
1275 841 1344 879 an
1378 834 1491 879 tum
1520 826 1574 879 in
1608 814 1702 878 cas
1729 823 1996 879 dominari
2029 822 2199 876 fatum

636 924 848 987 putant,
879 931 1003 970 cum
1028 914 1068 969 ii
1097 915 1188 985 qui
1223 929 1342 970 eam
1376 915 1432 968 in
1458 928 1569 982 rem
1607 912 1950 979 incumbunt,
1979 911 2046 966 de
2070 927 2203 966 con-

635 1008 827 1063 dendis
875 1005 1169 1062 consilium
1221 1005 1466 1075 capiunt,
1518 1020 1586 1058 an
1635 1019 1759 1059 cum
1801 1013 2051 1059 naturam
2097 1003 2200 1058 loci

635 1096 1007 1161 considerant,
1039 1111 1111 1150 an
1143 1110 1267 1150 cum
1299 1096 1575 1166 exemplar
1597 1090 1883 1161 efformant
1910 1102 2002 1148 aut
2033 1093 2203 1149 fabris

638 1182 841 1243 ferrum
872 1187 1171 1251 advehunt,
1200 1192 1297 1239 aut
1324 1185 1528 1255 lapides
1585 1192 1857 1254 reponunt
1890 1191 1985 1237 aut
2027 1192 2201 1238 mate-

636 1280 775 1335 riam
818 1278 1199 1348 comportant?
1244 1274 1513 1342 Quidnam
1551 1291 1615 1331 ex
1644 1276 1727 1330 his
1753 1283 1837 1331 est
1872 1274 2201 1345 principium

637 1368 1032 1425 constituendae
1061 1366 1338 1422 civitatis?
1383 1365 1522 1431 Quid
1573 1380 1733 1434 porro
1760 1363 1913 1419 dices
1942 1362 2010 1418 de
2043 1371 2201 1433 gente

640 1460 850 1513 bellicis
911 1456 1314 1512 calamitatibus
1370 1454 1596 1510 attrita?
1648 1453 1778 1520 Qua:
1832 1450 2050 1506 tandem
2111 1456 2205 1501 aut

640 1551 784 1605 unde
808 1560 927 1604 orta
959 1549 1187 1602 adversa
1225 1560 1346 1602 sors
1380 1546 1515 1601 alios
1551 1545 1833 1608 interimit,
1866 1544 2001 1598 alios
2034 1540 2205 1612 capti-
2229 1560 2247 1575 ~

639 1658 736 1698 vos
764 1642 819 1695 in
858 1641 1176 1695 servitutem
1208 1638 1437 1709 redigit?
1465 1637 1569 1703 Qui
1598 1641 1798 1690 factum
1839 1643 1921 1690 est
1952 1642 2009 1688 ut
2035 1632 2207 1686 Anni-

2299 461 2510 529 ορᾶται.
2543 459 2679 511 Πότε
2711 457 2888 510 τοίνυν
2917 459 2981 527 τῇ
3008 454 3094 527 νηῒ
3116 455 3214 526 τὴν
3248 451 3584 524 εἱμαρμένην
3625 450 3669 502 οἱ
3706 448 3845 516 σοφοὶ

2299 549 2710 620 ὲπιστήσουσινς
2750 540 2875 601 Ὅτε
2919 547 3134 600 ὠνεῖται
3166 543 3225 598 τό
3270 534 3447 631 ξρλον,
3489 542 3522 614 ἢ
3557 541 3640 594 ὅτε
3669 539 3846 611 τέμνε-

2299 658 2411 705 ται,
2446 642 2479 711 ἦ
2510 643 2597 694 ὅτε
2623 638 3072 711 μεταχειρίζεται,
3109 638 3253 710 seu
3286 620 3481 700 ε’πάγει
3513 620 3603 686 τδν
3630 631 3845 703 σίδηρον,

2300 734 2334 804 ἢ
2368 733 2455 785 ὅτε
2505 731 2828 803 συναρμόζει
2861 733 2985 793 ’τοῖς
3033 730 3296 800 γόμφοικ
3350 724 3570 781 Πολλῶν
3618 723 3716 793 γάρ
3765 722 3852 775 καὶ

2300 824 2570 895 διαφόρων
2595 823 2762 876 ὄντων
2804 822 2912 875 τῶν
2938 819 3078 874 κατά
3116 820 3213 891 τὴν
3243 816 3552 889 ναυπηγίαν
3575 804 3854 878 ’σπουδαζο-

2306 916 2503 987 μένων,
2532 916 2626 969 καὶ
2650 914 2710 967 οὐ
2739 913 2879 968 κατὰ
2905 913 2994 967 τὸν
3032 912 3195 967 αὑτὸν
3233 910 3484 982 ἀλλήλοις
3527 908 3707 981 χρόνον
3736 924 3854 960 συν-

2305 1007 2624 1077 ισταμένων,
2662 1006 2811 1057 ποῖον
2833 1003 3089 1075 ἀναθήσει
3110 1002 3298 1074 χρόνον
3328 998 3393 1072 τῇ
3427 998 3745 1071 εἱμαρμένῃ,
3774 995 3854 1050 ἵνα

2303 1098 2399 1169 τὴν
2429 1097 2669 1168 ἀνάγκην
2690 1099 2786 1168 τῆς
2809 1094 3010 1149 καταδῦ
3020 1099 3153 1158 said;
3173 1079 3462 1165 δεξαμένη,
3491 1089 3854 1161 συνδιαφθείρῃ

2309 1189 2426 1260 μεθ’
2456 1190 2654 1259 ὲαυτῆς
2685 1190 2810 1252 τοὺς
2846 1187 3220 1259 ἐμπλέονταςς
3254 1185 3318 1241 Τί
3346 1183 3391 1237 δ’
3444 1184 3509 1238 ἂν
3536 1183 3699 1246 εἴποις
3739 1182 3854 1252 περὶ

2304 1277 2412 1330 τῶν
2453 1277 2693 1343 πόλεων;
2744 1277 2878 1329 Πότε
2926 1276 3094 1346 αὐτῆς
3124 1275 3348 1345 κρατεῖν
3387 1272 3487 1343 τὴν
3539 1262 3854 1342 εἱμαρμένην

2305 1368 2499 1423 οἴονται
2527 1385 2541 1434 ;
2569 1370 2697 1422 Ὅτε
2756 1367 2916 1440 βουλή
2961 1386 3042 1431 τις
3070 1367 3162 1421 τοῦ
3193 1363 3445 1436 οἰκισμοῦ
3492 1366 3601 1427 τοῖς
3647 1363 3854 1416 σπουδά-

2307 1461 2456 1525 ζουσι
2503 1461 2742 1529 γίνεται;
2797 1460 2986 1514 Ὁπότε
3037 1459 3131 1513 τοῦ
3174 1458 3339 1512 τόπου
3373 1457 3470 1528 τὴν
3510 1456 3723 1525 εὐφυΐαν
3753 1456 3854 1507 ὲπι·

2306 1551 2623 1620 λογίζονται,
2711 1552 2798 1605 ὅτε
2827 1551 2888 1604 το
2916 1552 3098 1621 σχῆμα
3131 1550 3658 1620 καταχαράσσουσιν,
3692 1545 3854 1617 ἢὸται.

2307 1643 2582 1711 ἐπάγωσιν
2618 1643 2719 1714 ἤδη
2743 1646 2806 1713 τῇ
2844 1642 3075 1713 ἐργασία
3099 1641 3187 1693 τὸν
3220 1640 3461 1711 σίδηρον,
3495 1638 3527 1710 ἦ
3557 1638 3674 1701 τοὺς
3697 1636 3854 1697 λίθους

639 1734 748 1799 bal,
778 1741 871 1786 aut
893 1729 1523 1793 CassamautAlexander
1547 1727 1768 1782 Macedo
1799 1725 1906 1779 fata
1927 1731 2204 1794 aequarent

2316 1733 2791 1805 ὲναποτίθενται,ἢ
2848 1731 3183 1803 συμφοροῦσι
3238 1731 3338 1794 τὰς
3372 1730 3535 1796 ’ὑλας;
3580 1729 3643 1781 Τί
3676 1726 3853 1781 τούτωι

637 1824 881 1878 omnium
927 1824 1253 1892 quibuscum
1308 1820 1509 1875 bellum
1567 1819 1846 1889 gerebant,
1909 1831 2083 1885 usque
2138 1825 2206 1869 eo

640 1916 966 1971 necessitate
990 1915 1080 1967 ilia
1106 1913 1454 1975 valentiores,
1474 1918 1533 1964 ut
1553 1910 1743 1964 iisdem
1768 1909 1926 1978 plane
1953 1916 2006 1962 ct
2028 1921 2208 1975 :rqua-

640 2005 782 2079 libus
863 2003 1099 2058 hostium
1177 2002 1335 2056 malis
1377 1992 1591 2055 'omnia
1669 1999 2023 2070 diriperent?
2076 1994 2209 2053 Sed

638 2097 785 2151 enim
843 2096 1064 2149 minime
1121 2094 1417 2149 verisimile
1468 2108 1622 2156 esse,
1681 2093 1869 2147 eadem
1925 2092 2208 2145 civitatum

642 2194 772 2249 lata,
810 2185 1141 2253 eosdemque
1184 2183 1468 2238 stellarum
1527 2183 1665 2236 situs
1710 2181 1941 2243 efficere,
1994 2190 2050 2234 ut
2099 2190 2210 2235 ter-

643 2279 958 2335 rannotibus
1016 2287 1289 2346 quassatae
1352 2274 1510 2327 ruina
1565 2274 1987 2344 opprimantur,
2043 2288 2109 2326 ex
2143 2282 2208 2325 eo

643 2368 959 2439 perspicere
1003 2365 1185 2436 quivis
1233 2366 1452 2434 poterit,
1488 2364 1632 2435 quod
1674 2379 1833 2419 nemo
1863 2364 2073 2418 nesciat
2103 2360 2208 2415 hu-

638 2455 947 2529 juseemodi
977 2465 1132 2510 terra:
1155 2453 1466 2511 affectiones
1488 2470 1595 2508 non
1620 2455 1795 2509 solum
1821 2453 1875 2507 in
1902 2452 2033 2507 locis
2055 2451 2209 2505 habi-

643 2550 794 2613 tatis,
818 2548 910 2603 sed
939 2548 1101 2603 etiam
1120 2547 1174 2601 in
1210 2546 1656 2602 inhabitabilibus
1686 2546 1969 2600 exsistere.
2004 2544 2059 2598 Si
2087 2544 2210 2614 quis

647 2642 996 2711 Sanga’orum
1029 2647 1266 2693 montem
1306 2638 1361 2691 in
1404 2630 1667 2709 Bithynia:
1707 2636 1903 2692 finibus
1928 2636 2093 2690 situm
2124 2634 2209 2689 vel

646 2733 764 2803 ipse
784 2731 919 2785 vidit
939 2729 1019 2785 vel
1053 2729 1176 2784 aliis
1204 2728 1565 2785 referentibus
1594 2729 1820 2794 audivit,
1851 2727 1995 2798 quod
2034 2727 2209 2780 dicam

646 2837 831 2876 verum
866 2835 989 2875 esse
1031 2820 1351 2889 comperiet,
1402 2828 1573 2875 totum
1602 2820 1791 2890 jugum
1825 2820 1878 2873 in
1910 2819 2048 2872 viam
2085 2817 2212 2873 Stib-

645 2912 875 2978 scdisse,
912 2927 976 2966 ac
1004 2911 1247 2966 terribile
1281 2913 1732 2981 praetereuntibus
1773 2911 2015 2981 praebere
2054 2923 2212 2980 spec-

648 3004 908 3056 taculum.
963 3000 1243 3070 Ejusmodi
1289 3017 1505 3072 quoque
1543 3010 1673 3056 sunt
1711 3002 2088 3073 Paphlagonia:
2132 2999 2214 3053 af»

2308 1824 2451 1876 ἐστὶν
2480 1821 2743 1893 ἀρχὴτῆς
2774 1824 3115 1887 συστάσεω;;
3160 1820 3223 1875 Τί
3254 1820 3311 1874 δὲ
3342 1820 3405 1875 ἂν
3435 1821 3603 1885 εἴποις
3633 1821 3754 1890 περὶ
3778 1819 3854 1871 to".

2309 1912 2513 1975 ἔθνους,
2545 1912 2573 1964 ὃ
2622 1914 2739 1974 ταῖς
2789 1911 2928 1965 κατὰ
2974 1911 3209 1981 πόλεμον
3255 1912 3561 1982 συμφοραῖς
3599 1909 3835 1987 ὲξεῆτρίόη

2310 2000 2404 2066 Τίς
2440 2002 2472 2073 ἢ
2505 2002 2664 2055 πόθεν
2684 2002 2804 2055 κατ’
2833 2001 3010 2056 αὐτῶν
3036 2001 3129 2073 τὴν
3160 2002 3339 2073 ἀρχὴν
3360 2001 3596 2054 λαϐοῦσα
3625 2003 3657 2072 ἡ
3694 2003 3848 2071 μοῖρα

2309 2097 2433 2158 τοὺς
2473 2094 2571 2164 μὲν
2612 2094 2988 2163 κατεφόνευσε,
3017 2097 3140 2158 τοὺς
3161 2095 3216 2147 δὲ
3249 2095 3320 2147 δι’
3352 2081 3719 2165 αἰχμαλωσίας
3750 2112 3846 2146 κατ

2308 2184 2664 2249 εδουλώσατο;
2723 2176 2844 2249 Πῶς
2896 2184 3140 2248 ’Λννίϐας
3187 2184 3219 2256 ἢ
3257 2184 3492 2253 Καῖσαρ,
3536 2185 3568 2254 ἦ
3613 2186 3701 2237 καὶ
3743 2186 3770 2236 ὁ
3813 2186 3854 2235 ἐς

2309 2275 2642 2338 Μακεδονίας
2684 2274 3024 2347 Ἀλέξανδρος
3066 2275 3192 2347 παρ’
3222 2270 3301 2337 οἷς
3341 2275 3406 2329 ἂν
3452 2276 3692 2343 ἐγένοντο
3719 2293 3851 2345 στρα

2308 2368 2603 2437 τευόμενοι,
2636 2369 2797 2420 πᾶσιν
2835 2366 3121 2438 όμοτιμίαν
3153 2365 3498 2437 εἱμαρμένης
3546 2364 3854 2436 εἰργάσαντο

2309 2457 2557 2511 τοσοῦτον
2579 2459 2674 2528 τῆς
2697 2457 2938 2528 ἀνάγκης
2960 2457 3173 2528 ἐκείνης
3204 2458 3231 2509 ὑ
3246 2474 3305 2509 πε
3315 2455 3650 2533 ρισχύοντεις,
3677 2455 3748 2519 ὡς
3771 2459 3853 2508 τοῖ

2310 2548 2491 2611 αὐτοῖς
2521 2547 2613 2600 τοῦ
2644 2545 2812 2599 κακοῦ
2855 2550 3070 2618 μὲτροις
3101 2549 3275 2600 πάντα
3308 2544 3639 2613 συνάγεσθαι
3666 2565 3678 2611 ;
3726 2546 3854 2598 Ἀλλ,

2314 2638 2418 2709 μὴν
2448 2638 2509 2690 τὸ
2535 2635 2741 2690 οἴεσθαι
2767 2636 2864 2699 τὰς
2897 2637 3002 2690 τῶν
3032 2637 3235 2690 πόλεων
3261 2637 3609 2709 ἐίμαρμὲνας
3633 2679 3644 2697 ,
3689 2638 3745 2690 ἐν
3773 2642 3853 2690 τοῖ

2310 2728 2417 2781 τῶν
2466 2728 2702 2798 σεισμῶν
2742 2726 3141 2798 καταπτώμασι
3186 2727 3285 2789 τὰς
3323 2734 3652 2799 συναστρίας
3689 2732 3854 2781 ποιεῖκ.

2311 2818 2386 2882 ὡς
2411 2818 2513 2883 ἔξω
2559 2820 2654 2872 τοῦ
2702 2819 2910 2881 εἰκότος
2937 2821 2964 2872 ό
3000 2819 3155 2888 λόγος
3200 2820 3371 2883 ἐστὶν,
3427 2819 3671 2872 ἐντεῦθεν
3709 2820 3772 2873 ἄν
3806 2837 3854 2872 τι

2313 2911 2547 2963 κατίδοι·
2579 2911 2675 2974 Τίς
2701 2910 2800 2964 οὐκ
2828 2907 2963 2963 οἶδεν
2992 2911 3073 2964 ὅτι
3105 2911 3172 2964 τά
3211 2909 3431 2963 τοιαῦτα
3467 2911 3611 2983 πάθη
3637 2912 3734 2983 τῆς
3762 2912 3854 2981 γῆς

2314 2999 2373 3051 οὐ
2408 2998 2563 3069 μόνον
2591 3001 2647 3052 ὲν
2672 3003 2781 3064 τοῖς
2811 3000 3145 3071 οἰκουμένοις
3165 3000 3367 3065 τόποις,
3405 3001 3548 3054 ἀλλά
3580 3004 3672 3055 καὶ
3696 3004 3752 3055 ἐν
3778 3007 3854 3056 toi

650 3095 954 3148 l'ectiOnes:
1006 3093 1094 3147 ubi
1149 3093 1313 3148 etiam
1370 3095 1735 3150 habitationes
1794 3094 2073 3149 hominum
2124 3092 2210 3149 his

2318 3091 2588 3161 ἀοικήτοις
2614 3091 2954 3159 συνίσταται;
2991 3092 3057 3144 Εἴ
3080 3109 3162 3155 τις
3200 3092 3258 3146 τὸ
3298 3093 3410 3146 τῶν
3440 3093 3737 3163 Σαγγαγῶν
3768 3095 3852 3166 ὄρ(

651 3185 826 3261 modis
866 3198 972 3238 una
1004 3200 1147 3254 saepe
1196 3186 1473 3239 convulsa:
1511 3196 1675 3241 sunt:
1731 3194 1891 3255 atque
1930 3184 2051 3240 ideo
2086 3199 2210 3239 cum

649 3277 789 3329 tales
820 3284 999 3330 motus
1019 3276 1292 3339 oriuntur,
1322 3277 1477 3331 locus
1500 3276 1589 3331 ille
1615 3275 1682 3330 ab
1705 3276 1896 3331 incolis
1919 3274 2209 3330 deseritur.

650 3367 790 3432 Quid
822 3367 1099 3439 sigillatim
1129 3368 1312 3422 dicere
1344 3382 1488 3437 opus
1521 3380 1606 3422 est
1640 3366 1891 3438 Cyprios,
1918 3364 2131 3420 Pisidas
2161 3374 2214 3419 et

648 3458 923 3522 Achivos,
966 3457 1109 3527 apud
1143 3473 1281 3527 quos
1314 3458 1505 3511 harum
1543 3473 1724 3512 rerum
1762 3458 1930 3511 multa
1967 3466 2094 3511 sunt
2128 3456 2215 3509 in-

650 3550 836 3606 dicia?
868 3548 1067 3604 Verum
1096 3549 1254 3619 cujus
1291 3551 1462 3619 gratia
1507 3550 1839 3605 mentionem
1863 3563 2050 3603 earum
2083 3546 2215 3602 feci-

654 3656 793 3703 mus,
828 3639 881 3694 id
908 3641 1107 3705 dieam,
1149 3655 1342 3695 omnes
1375 3639 1644 3708 ejusmodi
1689 3647 1871 3695 motus
1904 3646 2064 3693 terrae
2094 3652 2217 3692 esse

652 3731 988 3787 affectiones.
1020 3730 1076 3785 Si
1113 3746 1244 3801 ergo
1277 3732 1350 3784 ita
1378 3732 1590 3785 accidat
1634 3738 1694 3785 ut
1733 3730 1897 3785 etiam
1931 3729 2213 3784 hominum

654 3822 919 3875 habitatio
948 3836 1014 3877 eo
1047 3822 1101 3875 in
1136 3822 1254 3875 loco
1285 3821 1612 3887 inveniatur,
1650 3821 1751 3891 ipsi
1783 3834 2002 3891 quoque
2040 3819 2212 3875 infor-

653 3911 869 3967 tunium
923 3911 1055 3965 illud
1097 3911 1198 3966 loci
1243 3911 1553 3967 necessario
1604 3911 1970 3981 participant:
2025 3911 2110 3965 sin
2168 3910 2216 3965 is

654 4003 725 4056 ab
765 4001 960 4056 incolis
990 3992 1066 4056 sit
1087 4016 1312 4067 vacuus,
1355 4000 1712 4057 infortunium
1755 4002 1859 4057 luci
1907 4001 2218 4057 hominibus

655 4093 841 4147 damni
885 4093 980 4148 dat
1011 4093 1169 4148 nihil.
1223 4094 1355 4160 Quae
1402 4095 1568 4165 igitur
1612 4102 1696 4151 est
1744 4093 1838 4148 fati
1890 4097 2214 4158 necessitas,

655 4200 782 4240 cum
814 4201 881 4241 ex
919 4201 1078 4255 aequo
1117 4187 1234 4242 loca
1267 4186 1504 4241 habitata
1526 4194 1580 4240 et
1612 4185 1987 4240 inhabitabilia
2024 4185 2218 4254 hujus-

661 4275 809 4328 modi
842 4274 1221 4331 affectionibus
1275 4276 1388 4331 sint
1424 4277 1694 4333 obnoxia?
1737 4275 1869 4329 Nam
1914 4275 1961 4330 si
1998 4282 2219 4345 possent

658 4364 1037 4421 demonstrare
1086 4374 1285 4420 terrain
1331 4368 1697 4437 particulatim
1744 4384 1808 4422 ac
1848 4383 1955 4423 non
2000 4368 2221 4421 univer'L

658 4470 777 4511 sam
820 4457 984 4512 simul
1017 4456 1290 4512 conditam
1322 4473 1481 4512 esse:
1513 4459 1919 4528 vaniloquentia
1963 4460 2064 4513 ista
2095 4473 2223 4527 spe-

658 4548 802 4603 ciem
835 4546 1088 4605 fortassis
1108 4548 1343 4618 aliquam
1374 4564 1482 4619 prae
1504 4564 1562 4604 se
1590 4550 1772 4614 ferret,
1809 4559 1955 4603 certa
1982 4549 2225 4604 siderum

659 4637 1049 4707 conjunctione
1094 4645 1260 4692 certae
1298 4636 1437 4706 parti
1484 4646 1640 4691 terra:
1685 4650 1949 4697 connexa,
1984 4635 2089 4689 hoc
2133 4644 2227 4689 aut

661 4728 797 4783 illud
851 4729 1164 4783 necessario
1221 4728 1357 4782 fieri.
1422 4728 1689 4793 Quoniam
1750 4740 1876 4780 vero
1927 4725 2108 4780 omnia
2165 4740 2225 4781 se

652 4827 854 4874 mutuo
892 4819 1346 4888 complectuntur,
1379 4820 1599 4880 cmlum,
1641 4827 1804 4881 terra,
1840 4832 2008 4879 mare.
2040 4826 2225 4887 atque,

661 4921 720 4968 ut
754 4908 968 4982 Moyses
996 4911 1094 4973 ait,
1136 4920 1280 4965 terra
1309 4911 1472 4964 etiam
1504 4910 1656 4979 prius
1685 4910 1903 4964 condita
1946 4917 2031 4964 est
2060 4925 2223 4980 quam

659 5012 808 5060 astra
864 5016 987 5056 eum
1034 5007 1184 5055 motu
1230 5016 1376 5055 suo:
1424 5015 1525 5053 cur
1561 5008 1748 5054 eorum
1799 5009 1921 5069 quae
1966 4999 2020 5052 in
2062 4998 2227 5055 certis

658 5102 821 5147 terrae
854 5093 1099 5162 partibus
1132 5078 1671 5153 eveniuntfeausam
1704 5092 1768 5145 ad
1813 5091 2053 5145 siderum
2086 5089 2227 5146 refe-

662 5190 789 5235 runt
824 5182 1167 5237 motionem?
1203 5181 1545 5252 Quapropter
1591 5195 1714 5235 cum
1760 5188 1907 5235 terra
1952 5180 2024 5235 sit
2065 5180 2228 5235 astris

660 5287 920 5341 aequaeva,
958 5286 1131 5343 neque
1162 5274 1325 5326 ullam
1360 5273 1483 5327 inde
1510 5272 1591 5327 vel
1624 5269 1948 5326 concidendi
1981 5270 2063 5323 vel
2097 5284 2225 5339 per-

663 5363 897 5417 durandi
934 5378 1156 5418 causam
1192 5363 1390 5434 capiat,
1424 5378 1658 5433 ctunque
1693 5363 1744 5416 in
1783 5362 1949 5416 certis
1984 5361 2228 5430 partibus

664 5452 928 5518 ejusmodi
960 5455 1230 5509 exsistant
1262 5454 1606 5509 affectiones:
1650 5469 1757 5506 non
1787 5452 1973 5520 utique
2005 5450 2099 5503 fati
2130 5465 2227 5504 ue-

668 5543 918 5607 cessitas,
974 5546 1066 5598 sed
1119 5545 1229 5598 a‘lia
1274 5545 1518 5613 quaedam
1571 5544 1623 5597 in
1684 5544 1750 5597 iis
1804 5544 1940 5598 locis
1992 5543 2225 5595 istorum

670 5645 895 5685 casuum
953 5632 1167 5701 propria
1223 5650 1387 5687 causa
1435 5644 1537 5689 est.
1605 5635 1832 5699 Quando
1902 5635 2063 5707 igitur
2125 5634 2229 5688 tale

2318 3183 2377 3235 τὸ
2406 3183 2540 3251 πρὸς
2559 3186 2668 3246 τοῖς
2700 3182 2867 3254 ὁρίοις
2894 3183 2999 3237 τῶν
3030 3184 3264 3238 Βιθυνέδν
3310 3186 3585 3255 κείμενον,
3614 3187 3649 3256 ἦ
3680 3189 3745 3257 τῇ
3772 3204 3851 3239 και

2320 3273 2508 3326 ἑαυτὸν
2537 3272 2676 3341 ἔγνω
2714 3274 2875 3346 πείρᾳ
2912 3274 2944 3346 ἢ
2977 3277 3039 3328 ὲκ
3077 3275 3411 3347 διηγήματος
3455 3276 3709 3347 ἤκουσεν,
3737 3280 3852 3349 εὑρη

2323 3382 2402 3417 σει
2425 3365 2522 3434 τὴν
2549 3363 2643 3417 τοῦ
2674 3365 2831 3433 λόγου
2870 3366 3144 3436 ἀλήθειαν,
3179 3368 3257 3419 ὅτι
3290 3367 3409 3420 κατ’
3443 3368 3612 3432 αὑτάς
3637 3368 3737 3439 τῆς
3775 3372 3852 3422 ὁδε

2320 3455 2417 3517 τὰς
2473 3454 2794 3525 ὑπερϐολάς,
2844 3458 2991 3509 πᾶσα
3046 3458 3079 3526 ή
3134 3456 3410 3529 ἀκρώρεια
3460 3460 3852 3532 ὐπονοστήσασ;

2322 3546 2548 3618 φοϐερὸν
2584 3546 2761 3618 θέαμα
2791 3550 2901 3609 τοῖς
2932 3547 3221 3601 διοδεύουσι
3267 3549 3496 3617 γίνεται.
3535 3551 3771 3604 Τοιαῦτα
3804 3570 3852 3605 κ;

2323 3639 2449 3710 περὶ
2475 3638 2572 3702 τὰς
2599 3638 2780 3709 χώρας
2812 3638 2919 3693 τῶν
2960 3640 3326 3708 Παφλαγόνων
3358 3642 3425 3700 τὰ
3472 3642 3617 3714 πάθη
3640 3662 3653 3674 σ
3687 3645 3805 3697 ἔστι
3845 3669 3850 3691 α

2322 3731 2453 3783 ὅπου
2491 3732 2584 3783 καὶ
2624 3730 2865 3799 οἰκήσεις
2908 3729 3208 3801 ἀνθρώπων
3258 3736 3369 3796 τοῖς
3402 3736 3641 3804 χάσμασι
3689 3736 3850 3788 τοῦτο

2328 3821 2915 3891 συγκατεσπάσθησαν·
2962 3822 3202 3893 πολλαχῆ
3227 3824 3283 3877 δὲ
3331 3825 3435 3876 τῶν
3472 3826 3778 3897 οἰκητόρων
3808 3846 3849 3896 γ

2329 3919 2456 3980 μνος
2498 3911 2527 3962 ὁ
2560 3909 2733 3981 χῶρος
2783 3912 2840 3963 ὲν
2872 3910 2948 3980 τῷ
2983 3912 3206 3982 τοιούτῳ
3258 3912 3527 3966 δείκνυται
3571 3914 3758 3967 πάθει.
3793 3916 3849 3967 Κί

2325 4002 2375 4055 τί
2420 4001 2524 4074 χρὴ
2571 4001 2692 4054 καθ’
2750 4002 2977 4056 ἕκαστον
3023 4004 3330 4074 Κυπρίους,
3389 4005 3481 4058 καὶ
3537 4006 3765 4068 Πισίδας
3808 4024 3845 4059 κ

2340 4093 2620 4163 Ἀχαιούς’
2665 4093 2722 4145 ὲν
2772 4086 2853 4154 οἷς
2907 4092 3071 4145 πολλὰ
3121 4093 3229 4146 τῶν
3276 4094 3580 4164 λεγομένων
3628 4095 3747 4147 ἐστὶ
3818 4097 3850 4146 τ

2327 4185 2567 4254 κμήρια;
2613 4183 2752 4235 Ἀλλ’
2784 4175 2845 4236 οὗ
2881 4184 3037 4254 χάριν
3067 4182 3173 4236 τῶν
3200 4183 3498 4254 εἰρημένων
3528 4183 3848 4255 ὲμνήσθημε

2326 4275 2407 4327 ὅτι
2430 4275 2604 4327 πάντα
2628 4273 2696 4327 τά
2719 4274 2963 4337 τοιαῦτα,
2986 4274 3086 4344 γῆς
3113 4275 3226 4325 ἐστι
3255 4273 3417 4344 πάθη.
3435 4274 3497 4326 Εἰ
3528 4274 3628 4344 μὲν
3660 4270 3757 4327 οὖν
3783 4291 3848 4326 συ

2328 4366 2569 4436 ενεχθείη
2609 4365 2702 4418 καὶ
2731 4365 2942 4435 οἴκησιν
2983 4365 3284 4436 ἀνθρώπων
3312 4364 3598 4435 εὑρεθῆναι
3625 4365 3707 4435 τῷ
3730 4367 3848 4418 τότε

2326 4456 2466 4509 κατὰ
2491 4457 2669 4509 πᾶσαν
2685 4457 2928 4526 ἀνάγκην
2943 4457 3182 4510 κάκεῖνοι
3198 4455 3291 4509 τοῦ
3312 4457 3452 4510 κατὰ
3475 4458 3566 4511 τὸν
3585 4452 3755 4511 τόπον
3784 4458 3848 4510 δυ

2325 4547 2634 4617 τυχήματος
2683 4548 3146 4618 παραπήλαυσαν·
3183 4548 3231 4598 εἰ
3271 4546 3326 4599 δὲ
3362 4546 3644 4617 ἐλεύθερος
3681 4547 3771 4617 εἴη
3803 4565 3848 4599 τι

2327 4636 2646 4707 οἰκητόρων,
2697 4636 2951 4706 οὐδεμίαν
2996 4635 3301 4708 ἀνθρώποις
3340 4638 3538 4708 ἤνεγκε
3588 4637 3805 4707 βλάσην

2329 4726 2456 4797 περὶ
2478 4725 2569 4778 τὸν
2595 4725 2757 4779 τόπον
2781 4725 3119 4796 δυστύχημα.
3148 4727 3243 4790 Τίς
3273 4723 3418 4797 οὖνὴ
3442 4727 3540 4797 τῆς
3561 4727 3609 4778 εί
3618 4729 3846 4798 μαρμέν

2332 4817 2568 4887 ἀνάγκη,
2601 4817 2796 4887 ἐπίσης
2818 4817 2927 4870 τῶν
2951 4833 3009 4869 τε
3030 4816 3360 4887 οἰκουμένων
3382 4817 3474 4870 καὶ
3499 4817 3608 4871 τῶν
3635 4819 3842 4889 ἁοικὴτ

2327 4912 2387 4963 τὸ
2412 4909 2651 4963 τοιοῦτον
2687 4908 2855 4973 πάθος
2891 4910 3305 4981 ὑπομενόντωνς
3349 4911 3408 4963 Et
3458 4910 3555 4981 μὲν
3603 4910 3719 4982 γάρ
3771 4907 3846 4981 εἶά

2329 4998 2720 5063 ἀποδεικνύειν,
2753 4999 2894 5053 κατά
2930 5002 3068 5073 μέρη
3101 5001 3222 5054 τινὰ
3250 5002 3341 5054 καὶ
3363 5002 3436 5073 μὴ
3466 5002 3607 5055 κατά
3631 5001 3700 5055 τὺ
3721 5001 3846 5075 ἀθρι

2329 5093 2510 5145 πᾶσαν
2539 5089 2969 5145 κατεσκευάσθαι
3000 5091 3098 5161 τὴν
3131 5091 3252 5161 γῆν,
3281 5087 3426 5162 εἶχεν
3460 5092 3526 5145 ἂν
3558 5091 3754 5155 αὐτοῖς
3789 5091 3846 5144 ῖσ

2329 5183 2519 5253 καιρὸν
2551 5183 2585 5253 ἠ
2634 5182 3009 5251 ματαιολογία’
3043 5182 3179 5253 τῷδε
3218 5181 3294 5253 τῷ
3334 5184 3486 5255 μέρει
3522 5183 3625 5254 τῆς
3660 5183 3771 5255 γῆς
3799 5200 3843 5237 κ

2330 5272 2582 5342 ζομὲνης,
2611 5272 2773 5342 τῆσδε
2805 5272 2913 5325 τῶν
2945 5273 3158 5344 ἄστρων
3193 5275 3507 5345 συμπλοκῆς
3541 5275 3844 5345 ἐφαρμοσο

2332 5376 2452 5431 σης,
2487 5362 2519 5431 ἢ
2564 5363 2779 5434 τοῦτοῆ
2811 5365 2985 5418 ἐκεῖνο
3010 5364 3262 5433 γενέσθαι
3303 5365 3424 5420 κατ’
3449 5366 3728 5437 ἀνάγκην.
3770 5365 3843 5418 Ἐκ

2329 5453 2384 5505 δὲ
2406 5452 2580 5505 πάντα
2603 5453 2719 5522 μετ’
2743 5454 2985 5525 ἀλλήλων
3010 5455 3508 5526 καταλαμϐάνεται,
3533 5457 3802 5529 οὐρανδς,
3833 5475 3844 5488 ·

2332 5542 2589 5609 θάλαττα,
2614 5543 2752 5597 κατὰ
2778 5544 2834 5597 δὲ
2861 5544 2949 5597 τδν
2979 5544 3221 5610 Μωσέως
3252 5546 3427 5616 λόγον,
3460 5549 3554 5601 καὶ
3578 5545 3765 5618 ’προτε
3779 5563 3843 5618 ρε

2335 5634 2367 5703 ἡ
2393 5635 2460 5703 γῆ
2489 5633 2582 5704 τῆς
2604 5633 2711 5688 τῶν
2735 5634 2947 5707 ἄστρων
2977 5637 3322 5710 κατασκευῆς
3347 5640 3436 5693 καί
3464 5640 3742 5710 κινήσεως
3765 5654 3777 5665 '
3821 5656 3844 5687 π
