4008 6210
284 330 373 386 169

1566 333 1845 392 CONTRA
1883 330 2143 392 FATUM.

3382 331 3483 389 170

288 449 379 502 τῶν
393 444 605 519 μερικῶν
631 446 770 500 κατὰ
794 449 893 520 τὴν
921 450 1026 521 γῆν
1054 454 1473 525 συμπτωμάτων
1502 456 1599 526 τὴν
1625 455 1803 509 αἰτίαν

1924 454 2184 524 juidpiam
2217 463 2376 508 terra:
2406 453 2624 517 accidit,
2667 462 2830 522 atque
2857 426 3130 521 ejusmodi
3166 451 3361 522 aliqua:
3394 467 3486 507 ca-

280 544 346 605 είς
366 540 447 609 τήν
474 537 574 592 τῶν
600 539 817 610 ἄστρων
846 544 1205 615 άναθήσονται
1250 547 1496 617 κίνησιν;
1528 548 1590 600 El
1629 547 1806 599 τοίνυν

275 635 525 702 ὁμάχρονος
568 633 679 695 τοῖς
708 632 927 704 ἄστροις
966 635 998 705 ἡ
1043 636 1138 707 γῆ.
1179 637 1272 689 καὶ
1298 636 1553 707 οὐδεμίαν
1601 635 1810 688 ἐκεῖθεν

269 723 370 775 οὐδὲ
396 720 755 789 συμπτώσεως
775 722 900 776 οὔτε
925 725 1186 796 διαμονῆς
1213 727 1393 780 αἰτίαν
1432 728 1694 794 ἐπάγεται
1716 748 1725 754 -
1761 727 1808 776 εἰ

270 813 490 883 μερικαῐς
515 812 573 864 δέ
603 829 711 866 τισι
756 814 935 868 τόπων
964 825 1332 887 περιγραφαῖς
1368 818 1434 871 τὰ
1459 818 1681 871 τοιαῦτα
1709 818 1809 885 ὑφ-

270 905 453 957 ίσταται
482 903 662 973 πάθη·
698 905 806 976 ἄρα
849 906 948 977 οὐχ
973 909 1313 980 εἱμαρμένης
1369 908 1634 979 ἀνάγκην,
1670 908 1808 962 άλλά

267 1012 369 1048 τινα
396 996 577 1066 ἑτέραν
602 997 908 1062 ἰδιάζουσαν
945 1001 1123 1054 αίτίαν
1156 1004 1213 1054 ἐν
1240 1006 1352 1066 τοῖς
1380 1003 1641 1067 τοιούτοις
1673 1019 1812 1072 συμ-

265 1085 486 1155 πτώμασι
515 1087 782 1153 γίνεσθαι.
801 1090 973 1143 Ὅταν
1002 1089 1096 1146 οὖν
1128 1092 1275 1164 πάθῃ
1297 1110 1351 1146 τι
1382 1094 1619 1148 τοιοῦτον
1650 1096 1683 1163 ή
1717 1094 1810 1161 γῆ,
1834 1149 1847 1159 ,

266 1180 345 1230 καί
372 1192 512 1240 τινας
539 1178 797 1243 τοιαύτας
825 1171 1108 1254 συμφορὰς
1145 1184 1564 1255 κατεργάζεται,
1599 1184 1706 1237 τῶν
1733 1186 1813 1237 οί-

263 1268 479 1339 ητὸρων
511 1272 1088 1337 συγκατασεισθέντων
1137 1272 1217 1344 τῷ
1245 1274 1495 1344 πτώματι
1524 1290 1537 1303 '
1577 1274 1629 1327 τί
1662 1274 1816 1346 ἐροῦ-

264 1373 337 1409 σιν
356 1358 402 1409 oi
442 1358 873 1428 προσκυνοῦντες
908 1360 1005 1431 τὴν
1045 1363 1407 1434 εἱμαρμένην,
1451 1363 1546 1417 καὶ
1578 1363 1676 1435 τὴν
1708 1364 1816 1417 τῶν

259 1446 449 1517 ἄστρων
486 1446 706 1519 κίνησιν
737 1452 1046 1505 ἐπιστατεῖν
1076 1453 1185 1507 τῶν
1224 1453 1392 1508 ὄντων
1420 1452 1813 1525 διοριζόμενοι;

260 1537 367 1600 Πῶς
390 1540 500 1592 ἐκεῖ
518 1540 587 1592 τὸ
615 1541 828 1611 νήπιον,
858 1533 921 1595 τὸ
946 1542 1163 1613 βρέφος,
1187 1544 1248 1597 τὸ
1274 1546 1580 1616 μειράκιον,
1604 1548 1630 1598 ὁ
1656 1545 1815 1615 ἀνὴρ,

256 1628 486 1696 ὁπατὴρ,
517 1631 550 1682 ὁ
601 1631 933 1701 πρεσῦύτης,
979 1635 1007 1686 ὁ
1045 1625 1289 1705 εὐγενὴς.
1336 1636 1364 1686 ὁ
1410 1633 1757 1704 εὐπατρίδης,
1788 1636 1818 1686 ὁ

262 1718 520 1787 μισθωτὸς,
546 1720 580 1772 ὁ
606 1720 922 1792 δεσμώτης;
952 1722 1089 1777 Οὔτε
1112 1724 1189 1795 τῷ
1213 1725 1387 1795 χρόνῳ
1408 1727 1508 1794 τῆς
1532 1725 1815 1791 γενέσεως,

1912 546 2185 600 lamitates
2212 546 2338 600 inde
2382 546 2655 609 oriuntur,
2680 545 2841 598 etiam
2888 544 3080 599 incolis
3117 544 3274 597 ruina
3311 544 3484 598 obru-

1913 637 2014 691 tis:
2063 635 2193 705 quid
2226 636 2428 699 dicent,
2462 635 2554 705 qui
2606 634 2774 688 fatum
2823 634 3073 698 adorant,
3106 642 3159 687 ct
3208 644 3485 689 astrorum

1914 735 2119 781 motum
2170 726 2336 781 rebus
2381 742 2614 796 prreesse
2655 726 2990 794 opinantur?
3034 727 3123 795 qui
3170 726 3228 779 [it
3278 736 3336 780 ut
3391 742 3486 781 oc.

1914 817 2064 870 cidat
2088 816 2291 882 infans,
2318 819 2659 879 adolescens,
2694 817 2796 880 vir,
2829 825 3000 885 pater,
3046 832 3230 879 senex,
3266 817 3483 879 nobilis,

1917 907 2199 977 patricius,
2224 910 2619 970 mercenarius,
2653 907 2908 962 vinctus?
2936 921 3036 961 cur
3066 923 3243 978 neque
3273 916 3485 978 tempus

1916 1001 2213 1065 nascendi,
2263 1014 2441 1070 neque
2486 998 2787 1055 discrimen
2822 999 3103 1069 dignitatis
3143 1000 3313 1053 ullum
3364 1015 3487 1069 pro-

1917 1086 2092 1151 hibet,
2155 1103 2264 1158 quo
2317 1090 2500 1143 minus
2556 1088 2671 1158 pari
2731 1087 3039 1142 calamitate
3099 1086 3490 1141 involvantur?

1916 1178 2116 1233 Adliaec
2142 1180 2269 1250 quis
2300 1181 2514 1250 ignorat
2543 1186 2846 1234 extremum
2878 1177 3077 1232 malum
3109 1193 3254 1242 esse,
3286 1179 3487 1248 corpus

1915 1282 2039 1322 cum
2084 1269 2194 1324 tilia
2237 1271 2617 1335 commiscere,
2663 1270 2870 1324 violare
2929 1268 3200 1325 matrem?
3240 1268 3387 1339 quod
3442 1271 3489 1326 si

1916 1359 2145 1429 quadam
2180 1361 2346 1415 sortis
2383 1361 2708 1416 necessitate
2742 1361 2894 1415 ﬁeret
2919 1398 2933 1421 ,
2975 1362 3163 1430 utique
3205 1361 3347 1432 apud
3390 1377 3491 1417 nos

1915 1465 2131 1520 quoque
2163 1450 2350 1507 ﬁeret:
2396 1468 2542 1507 nunc
2575 1460 2755 1507 autem
2789 1452 2931 1524 apud
2978 1454 3126 1510 solos
3172 1452 3391 1517 Persas,
3439 1464 3494 1509 et

1918 1541 2012 1610 qui
2062 1540 2281 1595 illorum
2331 1541 2511 1597 edocti
2566 1551 2697 1598 sunt
2747 1543 3024 1608 instituta,
3079 1543 3343 1615 ﬂagitium
3391 1544 3493 1598 hoc.

1920 1638 2282 1700 perpetratur.
2331 1630 2404 1685 Ex
2447 1646 2558 1701 quo
2594 1632 2817 1704 planum
2864 1631 2944 1697 tit,
2977 1642 3179 1688 sortem
3221 1646 3284 1688 ac
3320 1632 3490 1685 fatum

1919 1734 2041 1774 esse
2089 1720 2358 1790 cujusque
2405 1722 2739 1778 voluntatem
2791 1737 2890 1792 pro
2946 1722 3175 1778 arbitrio
3214 1723 3494 1793 quodlibet

257 1807 362 1862 οὔτε
390 1809 626 1882 διαφορᾷ
657 1829 763 1866 τινι
791 1814 889 1883 τῆς
915 1813 1071 1879 ἀξίας
1102 1814 1183 1877 είς
1210 1814 1309 1884 τὴν
1337 1813 1445 1867 τῶν
1482 1811 1665 1866 κακῶν
1691 1815 1819 1880 ὁμο-

1924 1809 2359 1878 amplectentcm.
2465 1856 2469 1860 .

257 1903 418 1972 τιμίαν
446 1902 773 1960 κωλύονται.
806 1903 927 1957 Ἔτι
968 1903 1103 1975 πρὸς
1176 1906 1383 1967 τούτοις
1403 1920 1418 1935 σ
1463 1905 1546 1967 τίς
1585 1904 1684 1955 οὐκ
1750 1899 1887 1954 οἶδεν
1926 1900 2008 1953 ὅτι
2041 1900 2239 1963 παντὸς
2271 1900 2438 1969 ἄγους
2468 1900 2692 1971 ἔσχατόν
2724 1902 2870 1955 ἐστιν
2899 1904 2931 1971 ή
2959 1902 3370 1973 θυγατρομιξία,
3402 1908 3492 1959 καὶ

257 1996 632 2067 ἁδελφογαμία,
684 1999 778 2051 καὶ
827 1998 908 2062 είς
951 1999 1192 2071 μητέρας
1243 2000 1594 2070 παρανομία;
1647 1997 1816 2050 Ἰὀῦτο
1850 1995 2029 2048 τοίνυν
2062 1996 2110 2047 εί
2140 1994 2283 2049 κατά
2308 2012 2428 2049 τινα
2453 1995 2647 2065 μοίρας
2674 1995 2920 2065 ἀνάγκην
2985 1995 3212 2063 ἐγίνετο,
3277 1997 3494 2060 πάντως

256 2087 313 2140 ἂν
339 2088 426 2139 καὶ
447 2088 505 2140 ὲν
530 2089 655 2150 τοῖς
691 2088 813 2141 καθ’
844 2089 991 2158 ἡμᾶς
1031 2089 1302 2160 ἐτολμήθη
1339 2090 1552 2152 τόποις*
1596 2089 1717 2140 ἐπεὶ
1768 2086 1825 2138 δὲ
1862 2085 2005 2156 μόνῳ
2028 2083 2108 2155 τῷ
2137 2083 2277 2138 ἔθνει
2325 2084 2569 2155 Περσῶν,
2606 2088 2700 2138 καὶ
2739 2088 2851 2150 τοῖς
2892 2085 2958 2138 τὰ
3001 2085 3222 2138 ἐκείνων
3289 2086 3503 2156 νόμιμα

254 2176 656 2249 smnpm“,
695 2180 756 2234 τὸ
822 2180 1056 2234 τοιοῦτον
1125 2183 1254 2249 άγος
1294 2180 1583 2251 τολμᾶται’
1631 2179 1787 2251 δῆλον
1821 2182 1884 2232 ἐκ
1921 2177 2015 2230 τοῦ
2057 2177 2369 2243 ἀκολούθου,
2400 2179 2479 2230 ὅτι
2524 2181 2692 2248 μοῖρα
2721 2180 2814 2231 καὶ
2846 2178 3153 2250 εἱμαρμένη
3189 2181 3222 2247 ἡ
3263 2180 3493 2234 ἑκάστου

256 2271 548 2341 προαίρεσις
589 2272 824 2339 γίνεται,
863 2274 926 2325 τὸ
951 2272 1139 2326 δοκοῦν
1183 2276 1304 2327 κατ’
1345 2274 1590 2338 ἐξουσίαν
1629 2269 2054 2343 προαιρουμένη.

317 2367 426 2419 Ἔτι
449 2366 596 2437 πρὸς
642 2367 873 2434 τούτοις,
902 2368 979 2431 ὡς
1008 2368 1074 2421 ἂν
1105 2368 1241 2438 μηδὲ
1267 2370 1327 2422 τὸ
1358 2369 1596 2424 τοιοῦτον
1638 2369 1812 2439 ἔχοιεν

254 2455 428 2522 λέγειν,
471 2458 561 2510 ὅτι
619 2457 758 2512 κατὰ
791 2458 891 2521 τὰς
927 2458 1085 2523 ποιὰς
1131 2460 1466 2530 περικλίσεις
1506 2460 1616 2515 τῶν
1640 2461 1819 2514 τόπων

254 2546 532 2612 ἰδιάζουσαι
572 2565 728 2611 τινες
762 2549 978 2622 ἄστρων
1008 2552 1251 2622 κινήσεις
1286 2552 1817 2622 καταλαμϐάνονται,

253 2640 333 2692 καὶ
356 2640 438 2693 διὰ
463 2640 658 2707 τοῦτο,
688 2643 737 2694 οἱ
768 2641 865 2712 μὲν
895 2642 1360 2715 μητρογαμοῦσιν,
1391 2646 1439 2697 oi
1472 2644 1528 2697 δὲ
1574 2643 1820 2707 ξενοκτο-

252 2728 385 2783 νινόσι
415 2732 507 2785 καὶ
556 2730 1044 2803 ἀνθρωποϐοροῦσι
1068 2749 1079 2763 ·
1104 2734 1204 2805 τῆς
1248 2734 1307 2794 δὲ
1330 2735 1439 2789 τῶν
1469 2734 1684 2807 ἄστρων
1722 2733 1821 2804 τῆς

250 2819 435 2885 θέσεως
451 2822 698 2885 ἐκείνοις
721 2821 1027 2887 ἰδιαζόντως
1055 2824 1477 2895 ἐπιπιπτούσης,
1506 2825 1555 2878 εί
1577 2825 1673 2878 καὶ
1694 2841 1821 2878 παν-

250 2911 434 2966 τάπασι
475 2913 597 2968 τῶν
631 2914 970 2969 ἀπαιδεύτων
998 2917 1091 2971 καὶ
1115 2917 1214 2988 τῆς
1257 2916 1364 2970 τῶν
1392 2917 1559 2971 ὄντων
1589 2915 1822 2988 θεωρίας

244 3004 655 3059 ἀνεπισκέπτων
697 3007 728 3058 ὁ
753 3005 992 3071 τοιοῦτος
1026 3006 1186 3076 λόγος
1233 3007 1370 3072 ἐστὶ,
1403 3008 1513 3062 τῶν
1557 3008 1817 3079 οίομένων

244 3094 321 3149 ὅτι
345 3096 482 3150 κατὰ
510 3097 623 3160 τὰς
652 3097 813 3161 ποιὰς
849 3099 946 3169 τῆς
969 3098 1075 3169 γῆς
1113 3099 1458 3171 περιγραφὰς
1486 3100 1580 3153 καὶ
1611 3101 1643 3170 ή
1674 3100 1817 3154 ἄνω-ο

246 3188 331 3240 θεν
351 3188 537 3252 αὐτοῖς
559 3188 721 3257 λῆξις
750 3189 1135 3242 ὲπιτυποῦται’
1162 3189 1304 3242 οὕτω
1331 3190 1440 3259 γὰρ
1465 3190 1531 3244 ἂν
1564 3189 1815 3260 εὑρεθείη
1844 3234 1886 3289 c

243 3278 309 3331 τὰ
332 3280 496 3348 τήῖνα
515 3279 632 3333 τῶν
650 3281 919 3351 οὐρανίων
937 3281 1373 3354 ἀρχηγικώτερα,
1407 3281 1455 3333 εί
1488 3281 1629 3335 κατὰ
1646 3280 1816 3334 ταῦτα

245 3369 511 3438 νομίζοιτο
536 3371 774 3424 κάκεῖνα
808 3370 950 3440 ἔχειν
972 3387 985 3401 ·
1016 3372 1167 3442 ὅμως
1194 3372 1289 3424 καὶ
1326 3370 1483 3424 τοῦτο
1511 3370 1817 3443 προσθήσο-

247 3474 340 3527 μεν
356 3460 496 3530 πρὸς
517 3460 747 3531 ἔλεγχον
764 3460 868 3530 τῆς
896 3461 1251 3531 ήπατημένης
1272 3462 1452 3516 αὐτῶν
1477 3462 1794 3533 ὑπολήψεως
1807 3476 1822 3490 ⁸

246 3549 422 3605 Πάντα
461 3551 660 3622 σχεδὸν
710 3552 779 3605 τὰ
829 3552 967 3624 μέρη
1003 3552 1105 3622 τῆς
1152 3554 1255 3624 γῆς
1304 3554 1367 3606 τὸ
1404 3553 1514 3607 τῶν
1560 3553 1819 3609 Ἰουδαίων

245 3640 548 3714 ἐπενεμήθη
575 3643 756 3711 γένος,
782 3644 1106 3708 άνατολικοὶ,
1130 3644 1315 3708 νότιοι,
1345 3645 1700 3714 μεσογεῶται,
1729 3645 1819 3697 δυ-

246 3732 403 3797 uitet,
436 3735 859 3805 προσαρκτικοὶ,
891 3734 1067 3790 πάντα
1101 3734 1284 3805 σχεδὸν
1314 3735 1381 3789 τὰ
1407 3736 1533 3807 ἔθνη
1562 3737 1820 3806 μέμικται

245 3823 377 3892 πρὸς
401 3824 505 3893 τὴν
543 3822 658 3877 τῶν
708 3823 972 3878 Ἰουδαίων
1011 3825 1336 3893 συνοίκησιν.
1371 3825 1496 3888 Πῶς
1524 3825 1702 3877 τοίνυν
1727 3827 1819 3878 οὺ-

242 3910 408 3982 δεμία
431 3913 545 3964 τῶν
573 3915 784 3985 ἄστρων
819 3915 1031 3986 ἀνάγκη
1063 3917 1149 3967 ἐπ’
1179 3915 1389 3979 οὐδενὸς
1430 3915 1608 3968 αὐτῶν
1637 3916 1820 3985 ἴσχυσέ

242 4020 350 4056 τινι
378 4004 493 4056 τῶν
520 4006 589 4057 ἐκ
612 4004 700 4058 τοῦ
727 4005 913 4069 ἔθνους
932 4006 1258 4075 χαρίσασθαι
1285 4007 1346 4059 τὸ
1379 4006 1680 4076 ἀλώϐητον,
1705 4006 1819 4059 ἀλλ’

246 4096 300 4145 ἐν
321 4097 447 4158 ταῖς
469 4096 859 4166 μυριοτρόποις
887 4097 996 4148 τῶν
1022 4097 1236 4166 ἄστρων
1262 4097 1602 4161 ἐπιπλοκαῖς,
1631 4096 1820 4167 ὥσπερ

244 4187 308 4239 ἂν
343 4189 645 4260 συνενεχθῇ
689 4187 753 4240 τὸ
800 4188 1136 4258 τικτόμενον,
1181 4190 1239 4241 ἐν
1275 4189 1353 4260 τῷ
1383 4190 1554 4259 ὁμοίῳ
1605 4190 1821 4252 πάντως

244 4275 375 4339 ἐστὶ,
429 4280 582 4331 κατὰ
629 4278 731 4348 τήν
781 4279 1117 4349 τεταγμένην
1157 4278 1265 4332 τῶν
1310 4280 1533 4350 ἡμερῶν
1579 4279 1821 4349 περίοδον

241 4366 628 4440 ὕπομενούσης
670 4372 770 4440 τὴν
811 4370 991 4439 λώϐην
1021 4371 1122 4438 τῆς
1149 4372 1404 4440 φύσεωςς
1440 4373 1497 4425 ὐ
1530 4368 1609 4435 δὲ,
1636 4370 1821 4424 Ταῦτα

244 4460 334 4525 μὲν
375 4460 563 4522 οὔπω,
608 4461 796 4531 φησὶν,
828 4459 1116 4532 ἐξήτασται
1164 4464 1470 4533 παρ’ήμῖν,
1520 4463 1625 4515 τίνι
1677 4462 1821 4532 λόγῳ

1988 2362 2252 2419 Praeterea
2293 2379 2362 2421 ne
2419 2365 2546 2435 quid
2590 2367 2700 2421 tale
2734 2367 2944 2436 possint
2984 2366 3185 2431 dicere,
3228 2367 3280 2421 in
3329 2368 3495 2423 certis

1920 2456 2057 2512 locis
2078 2458 2326 2527 proprias
2354 2458 2616 2525 quasdam
2648 2467 2920 2512 astrorum
2949 2461 3219 2514 motiones
3247 2461 3494 2529 reperiri,

1921 2556 2088 2617 atque
2130 2547 2253 2603 ideo
2288 2534 2427 2603 alios
2475 2556 2680 2602 matres
2712 2549 2922 2604 .ducere
2959 2549 3019 2603 in
3062 2550 3489 2615 matrimonium,

1922 2638 2058 2694 alios
2084 2638 2337 2694 occidere
2362 2638 2626 2707 hospites,
2661 2648 2716 2693 ct
2744 2639 3016 2694 humanas
3049 2654 3242 2695 vorare
3278 2656 3493 2706 carnes,

1921 2725 2067 2794 quod
2102 2734 2286 2782 certus
2323 2726 2545 2798 quidam
2583 2736 2856 2783 astrorum
2903 2729 3042 2785 situs
3074 2732 3183 2784 vim
3231 2746 3386 2786 suam
3438 2733 3493 2786 in

1925 2814 2048 2870 illos
2077 2815 2333 2886 privatim
2376 2827 2669 2872 exerceat:
2721 2819 2936 2873 tametsi
2990 2819 3104 2874 hau:
3138 2835 3365 2890 prorsus
3406 2822 3492 2877 iu-

1926 2907 2214 2961 doctorum
2267 2906 2550 2961 hominum
2581 2906 2654 2961 sit
2680 2907 2880 2971 oratio,
2931 2922 3107 2978 neque
3148 2924 3332 2963 rerum
3371 2924 3496 2963 con-

1925 2996 2259 3065 templationi
2324 2994 2658 3058 deditorum,
2715 2996 2812 3052 sed
2863 2999 3290 3052 existimantium
3347 3009 3493 3053 certa

1924 3097 2080 3140 terrae
2108 3088 2281 3158 spatia
2309 3089 2477 3142 certis
2508 3088 2851 3157 portionibus
2879 3090 3093 3158 superis
3118 3090 3493 3144 circumscribi

1920 3179 2024 3250 (sic
2052 3187 2231 3233 autem
2265 3179 2548 3233 terrestria
2596 3178 2774 3233 forent
2806 3181 3014 3249 potiora
3058 3181 3390 3243 cmlestihus,
3422 3182 3495 3236 si-

1919 3270 2132 3339 quidem
2188 3268 2383 3323 horum
2436 3269 2760 3324 constitutio
2815 3285 2883 3325 ex
2926 3271 3142 3324 illorum
3184 3271 3496 3326 conditione

1921 3360 2225 3430 penderet),
2250 3368 2431 3415 tamen
2459 3361 2561 3415 hoc
2583 3376 2803 3432 quoque
2822 3370 3196 3432 argumentum
3222 3362 3495 3433 adjiciam,

1920 3468 2029 3521 quo
2066 3452 2241 3520 magis
2286 3452 2506 3507 illorum
2560 3454 2698 3508 falsa
2748 3453 3016 3509 refutetur
3056 3454 3261 3523 opinio.
3305 3470 3495 3509 omnes

1920 3542 2313 3612 prepemodum
2342 3552 2501 3598 terra:
2528 3553 2713 3614 partes
2751 3560 2782 3598 a
2814 3544 3298 3615 genteJudacorum
3332 3546 3497 3600 fuisse

1923 3631 2215 3696 habitatas,
2251 3632 2564 3697 orientales,
2592 3634 2882 3700 australes,
2907 3634 3361 3700 mediterraneas,
3394 3650 3493 3688 oc-

1921 3720 2236 3785 cidentales,
2270 3724 2748 3791 septentrionales,
2807 3734 2996 3793 gentes
3050 3726 3284 3795 denique
3329 3725 3497 3779 ferme

1921 3828 2110 3867 omnes
2144 3814 2452 3883 promiscue
2482 3828 2607 3868 cum
2628 3814 2833 3872 Judaais
2865 3817 3163 3873 habitasse.
3199 3817 3337 3882 Quid
3368 3833 3496 3883 «τευ

1920 3912 2252 3967 οίιιιδεεοιιιι,
2273 3918 2372 3957 cur
2391 3905 2539 3957 nulla
2565 3906 2803 3960 siderum
2832 3908 3133 3964 necessitas
3162 3907 3216 3960 in
3258 3906 3366 3958 ullo
3403 3922 3489 3958 eoo

1922 4013 2043 4050 rum
2086 3996 2341 4056 valuerit.
2365 4002 2425 4050 ut
2456 3997 2766 4066 quem-piam
2801 3998 3059 4065 gentilem
3099 4004 3383 4065 prtestaret
3412 3998 3497 4049 in-

1921 4087 2194 4150 demnem,
2214 4086 2307 4141 scd
2330 4086 2579 4155 quamvis
2596 4087 2705 4141 sint
2722 4086 2948 4140 inﬁnitae
2971 4087 3387 4155 conjunctiones
3403 4103 3494 4143 as-

1922 4186 2127 4233 trorum
2142 4177 2569 4247 diversae,qualis
2582 4176 2812 4245 quisque
2827 4176 2965 4232 forte
2981 4176 3200 4232 fortuna
3216 4188 3374 4233 natus
3390 4192 3492 4244 est,

1924 4272 2047 4326 talis
2090 4285 2303 4339 semper
2321 4278 2487 4334 esset,
2511 4283 2572 4322 ac
2590 4268 2871 4338 praeﬁnitis
2897 4268 3087 4324 diebus
3110 4270 3369 4324 damnum
3398 4287 3495 4325 na.-

1924 4371 2045 4415 tura
2067 4363 2187 4431 ejus
2210 4361 2446 4417 faceret?
2466 4360 2576 4415 Hoc
2591 4361 2713 4415 loco
2731 4360 2841 4424 ille,
2866 4360 3114 4417 Nondum
3136 4362 3237 4416 ista
3256 4362 3496 4432 quidem,

1927 4454 2122 4523 inquit,
2141 4453 2280 4523 apud
2304 4467 2402 4508 nos
2418 4453 2700 4522 explorata
2723 4464 2872 4519 sunt,
2891 4468 2997 4523 qua
3021 4453 3231 4508 ratione
3250 4470 3338 4510 res
3355 4456 3499 4524 apud

235 4547 517 4620 δια-φεύγει
572 4554 677 4623 τὴν
718 4554 781 4606 ἐκ
825 4552 933 4605 τῶν
983 4552 1199 4624 ἄστρων
1235 4553 1480 4620 ἀνάγκην
1520 4555 1587 4606 τὰ
1637 4553 1821 4622 νόμοις

1929 4545 2131 4599 inultas
2162 4556 2351 4614 gentes
2397 4544 2608 4613 legibus
2646 4546 2958 4600 constituta:
2984 4545 3274 4599 imminens
3306 4562 3370 4599 ex
3410 4562 3497 4599 σεο

238 4643 634 4714 κεκρατημένα
669 4644 821 4715 παρᾶ
867 4643 1081 4708 πολλοῖς
1124 4644 1234 4697 τῶν
1289 4644 1455 4697 ἐθνῶν
1492 4659 1506 4673 '
1555 4645 1589 4713 ἡ
1643 4644 1822 4714 μέντοι

238 4735 545 4806 πρόρρησις
595 4735 706 4787 τῶν
741 4735 1188 4807 ἀποϐησομένων,
1232 4736 1331 4788 οὐκ
1378 4733 1443 4788 ἂν
1494 4734 1687 4805 μικρὸν
1744 4736 1824 4797 είς

238 4824 514 4890 ἀπόδειξιν
549 4825 862 4895 νομισθείη,
907 4825 1001 4878 τοῦ
1034 4827 1403 4895 ἀπαραϐάτως
1455 4826 1598 4894 ἔχειν
1628 4827 1697 4879 τὰ
1730 4842 1822 4896 με·

238 4917 552 4985 μοιραμένα
617 4915 849 4984 ἑκάστῳ.
920 4913 1045 4976 Πῶς
1094 4913 1205 4985 γὰρ
1252 4916 1280 4966 ὁ
1325 4914 1490 4975 δεῖνα,
1540 4914 1689 4967 τόνδε
1734 4915 1824 4968 τὸν

235 5005 459 5075 ἀριθμὸν
505 5004 630 5057 τῶν
674 5005 811 5058 ἐτῶν
858 5004 1171 5074 βιοτεύσειν,
1220 5007 1314 5058 καὶ
1359 5005 1592 5058 τοιαῖσδε
1632 5022 1823 5059 συντυ-

236 5096 371 5159 risu;
424 5094 583 5148 κατά
638 5093 728 5148 τὸν
781 5094 896 5163 βίον
947 5095 1426 5164 συνενεχοήσεσθαι
1487 5096 1783 5168 προμαθὼν
1805 5136 1820 5160 ,

234 5184 290 5232 οὐ
317 5182 652 5251 διεψεύσθη,
675 5183 724 5234 εί
753 5184 828 5252 μή
856 5199 941 5245 τις
968 5182 1179 5252 ἀνάγκη
1215 5184 1357 5237 κατὰ
1384 5185 1445 5238 τὸ
1471 5184 1823 5257 ἀπαράϐατον

238 5272 421 5343 ἐκείνῳ
460 5291 528 5326 τε
569 5272 746 5326 ταῦτα
778 5273 1030 5341 γενέσθαι
1073 5274 1289 5338 πάντως
1322 5276 1619 5343 ἐπέκλωσε,
1659 5277 1736 5346 τῷ
1766 5295 1824 5330 τε

237 5364 675 5436 προαγορεύοντι
706 5364 791 5418 διὰ
831 5365 931 5435 τῆς
972 5367 1132 5429 ποιᾶς
1167 5366 1275 5419 τῶν
1305 5367 1447 5421 κατὰ
1480 5365 1571 5421 τὸν
1599 5368 1830 5440 ἀριθμὸν

242 5455 709 5527 πσημειωμένων
739 5462 1175 5531 παρατηρήσεως
1197 5460 1352 5532 δῆλον
1389 5460 1675 5531 ὲποίησενς
1706 5460 1829 5531 Εγὼ

240 5545 289 5598 Ε
314 5553 584 5617 κρεῖττον
615 5548 710 5618 μὲν
735 5550 870 5620 ἔφην
896 5552 954 5604 ἐν
978 5554 1090 5614 τοῖς
1119 5552 1378 5617 τοιούτοις
1401 5552 1575 5607 δοκεῖν
1595 5554 1828 5621 ἀγνοεῖν,

242 5632 274 5702 ἦ
311 5638 565 5703 τϋωτος
630 5637 873 5710 ἀφορμὴν
928 5645 1227 5713 παρασχεῖν
1282 5645 1394 5707 τοῖς
1442 5642 1832 5717 ἀμαθεστέροις

240 5726 339 5781 τίη
369 5730 680 5801 ἡμετέρων
710 5730 987 5801 δογμάτων
1010 5750 1023 5764 ·
1067 5734 1206 5806 πλὴν
1235 5734 1368 5790 ἀλλὰ
1411 5737 1579 5809 μικρὰ
1611 5736 1828 5809 φροντί-

575 5823 847 5887 Ριτιιοι.
895 5827 1004 5890 Gn.
1057 5832 1241 5894 XLV.

1932 4644 2034 4699 tris
2073 4643 2242 4697 fatum
2274 4642 2508 4696 evitent:
2550 4643 2858 4695 futurorum
2882 4649 3062 4695 tamen
3092 4641 3369 4710 praedictio
3392 4655 3504 4709 ma-
3578 4704 3581 4707 _

1928 4749 2035 4803 gno
2055 4741 2374 4803 argumento
2402 4733 2584 4796 fuerit,
2621 4733 2788 4785 fatum
2820 4732 3088 4801 cujusque
3116 4748 3236 4786 esse
3268 4732 3501 4785 inevita-

1929 4826 2055 4881 bile.
2080 4824 2362 4891 Quomodo
2385 4825 2530 4879 cuim
2556 4824 2827 4893 quispiam
2861 4839 2966 4878 nou
2986 4821 3125 4877 falso
3159 4823 3500 4892 praevideret,

1927 4929 2059 4988 quat
2083 4932 2256 4971 anuos
2285 4917 2373 4969 hic
2407 4924 2500 4969 aut
2531 4916 2620 4969 ille
2646 4916 2718 4970 sit
2747 4914 3016 4977 victurus,
3052 4931 3282 4985 qumque
3311 4916 3358 4968 ei
3382 4916 3494 4971 sint

1931 5016 2216 5073 eventura,
2249 5008 2353 5061 nisi
2387 5008 2566 5076 aliqua
2613 5006 2915 5061 necessitas
2945 5015 2999 5061 et
3044 5007 3121 5060 illi
3153 5008 3264 5061 hare
3309 5006 3383 5060 ita
3418 5007 3501 5060 fu-

1930 5108 2054 5155 tura
2084 5100 2437 5164 decrevisset,
2482 5107 2540 5153 ut
2571 5115 2680 5153 non
2717 5100 2930 5168 possint
2965 5114 3070 5153 non
3105 5100 3240 5161 tieri,
3270 5106 3324 5173 et
3355 5114 3498 5169 prte-

1931 5191 2207 5246 nuntianti
2256 5205 2355 5259 per
2399 5199 2606 5245 certam
2654 5204 3006 5245 numerorum
3058 5191 3499 5246 observationem

1931 5281 2109 5351 palam
2136 5280 2388 5336 fecisset?
2418 5281 2527 5350 Ego
2554 5296 2682 5336 vero
2708 5283 2880 5337 satius
2904 5295 3026 5335 esse
3053 5281 3284 5349 aiebam,
3310 5298 3397 5338 mc
3424 5298 3504 5339 re-

1932 5389 2054 5428 rum
2086 5371 2460 5441 hujuscemodi
2487 5373 2734 5442 ignarum
2769 5373 2963 5435 videri,
2993 5389 3155 5442 quam
3188 5385 3501 5430 nostrorum

1933 5466 2247 5535 dogmatum
2301 5461 2614 5517 rudiorihus
2664 5477 2853 5517 ansam
2908 5464 3148 5532 prichere
3185 5466 3361 5534 risus;
3411 5482 3508 5520 ve-

1935 5560 2241 5609 rumtamen
2270 5552 2531 5623 neglectis
2568 5568 2692 5623 qua:
2732 5553 2960 5610 ridicule
2994 5555 3153 5610 nobis
3194 5557 3501 5627 objicercno

1935 5658 2045 5711 tur,
2087 5661 2250 5718 quam
2284 5661 2499 5716 possem
2540 5648 2886 5716 paucissimis
2918 5664 3135 5704 omnem
3177 5663 3367 5705 earnm
3418 5660 3505 5701 re-

1936 5754 2060 5795 rum
2093 5752 2316 5796 causam
2341 5738 2771 5809 complexurum.
2801 5741 2916 5807 Est,
2948 5742 3191 5812 inquam,
3225 5736 3503 5796 hominum

3056 5833 3093 5891 6
