4008 6210
602 346 693 397 171

1835 356 1893 415 S.
1930 357 2254 416 GREGORII
2293 359 2583 417 NYSSENI
3711 361 3798 415 l7!

596 462 784 534 generi
830 474 1023 522 natura
1077 469 1272 534 hostis,
1332 470 1416 526 vis
1455 471 1701 542 quaedam
1754 474 1909 531 bonae
1952 488 2163 534 naturae

2276 496 2365 542 τας
2393 478 2502 531 τῶν
2525 481 2582 532 ἐν
2605 478 2796 547 γέλωτι
2829 479 2894 532 τά
2926 479 3043 533 καθ’
3077 480 3222 549 ἡμᾶς
3264 476 3555 548 τιθεμένων
3576 517 3590 540 ,
3621 477 3677 531 δι’
3705 479 3800 534 ὀλί-

598 557 931 613 adversaria.
985 558 1156 629 Cujus
1207 561 1287 616 rei
1342 573 1599 618 sexcenta
1654 580 1827 634 eaque
1887 568 2157 623 evidentia

599 649 777 701 allerri
818 659 1044 717 possunt
1073 662 1410 723 argumenta,
1440 655 1532 710 sed
1566 670 1671 710 non
1705 658 1941 712 arbitror
1964 673 2156 715 neces—

599 738 803 790 sarium
856 754 979 794 esse
1029 740 1083 794 in
1128 743 1377 811 praesenti
1433 747 1685 814 persequi
1732 746 1925 801 ordine
1977 749 2158 801 onmia

600 829 799 896 quibus
832 831 989 885 fidem
1030 831 1208 888 facere
1248 849 1463 905 queam.
1498 835 1633 890 Cum
1673 851 1802 907 ergo
1830 837 2025 891 divina:
2059 853 2160 891 na-

601 927 736 974 turae
769 922 1001 990 quodvis
1032 924 1234 979 bonum
1277 926 1392 980 sive
1425 925 1717 996 cogitatum
1766 927 1881 983 sive
1909 928 2162 983 nomina-

601 1022 714 1066 tum
748 1018 1059 1082 couve‘niat,
1089 1032 1118 1071 a
1146 1033 1253 1088 qua
1288 1018 1655 1089 proﬁciscitur
1683 1019 1815 1084 vita,
1858 1021 1971 1081 lux,
2021 1021 2163 1074 veri—

601 1113 707 1170 tas,
752 1105 988 1175 iustitia,
1025 1110 1309 1177 sapientia,
1364 1111 1766 1174 immortalitas,
1816 1120 1868 1166 et
1899 1113 2160 1182 quidquid

600 1196 727 1249 boni
758 1195 1053 1253 benevolus
1076 1199 1292 1254 animus
1320 1208 1500 1271 potest
1530 1202 1851 1271 concipere:
1898 1218 2045 1268 cum,
2075 1205 2161 1257 in-

598 1300 787 1354 quam,
843 1288 966 1342 talis
1012 1290 1084 1343 sit
1115 1290 1297 1344 divina
1343 1301 1559 1355 natura,
1602 1307 1666 1345 ac
1705 1293 1831 1346 talia
1874 1293 2159 1363 largiatur,

600 1376 967 1432 adversariam
994 1380 1285 1449 quamdam
1334 1383 1440 1435 vim
1471 1384 1647 1438 cuivis
1683 1383 1826 1437 bono
1858 1385 2161 1454 oppositam

599 1471 743 1529 esse,
777 1467 923 1520 omni
961 1482 1023 1521 ex
1053 1484 1251 1539 genere
1279 1471 1607 1542 colligimus.
1640 1472 1770 1539 Qua:
1796 1475 2024 1544 proinde
2044 1474 2163 1530 loco

600 1556 723 1608 vitae
752 1568 1007 1623 mortem,
1039 1558 1158 1614 loco
1182 1562 1431 1618 veritatis
1480 1563 1746 1627 fraudem,
1784 1565 1905 1619 loco
1937 1566 2162 1636 cujusli-

600 1652 691 1705 bet
752 1650 878 1705 boni
934 1652 1248 1720 oppositum
1304 1656 1505 1709 malum
1568 1655 1880 1713 hominibus
1926 1659 2160 1729 irrogat:

601 1742 803 1812 quippe
833 1743 921 1796 cui
977 1743 1028 1796 id
1065 1754 1278 1814 gratum
1329 1747 1420 1809 sit,
1472 1747 1615 1817 quod
1664 1758 1873 1803 natura:
1915 1749 2165 1805 humana:

2269 586 2401 637 γων,
2432 568 2508 632 ὼς
2544 568 2608 622 ἂν
2635 564 2746 632 οἷός
2768 585 2827 621 τε
2861 563 2926 633 ὦ,
2955 571 3135 623 πᾶσαν
3161 568 3259 639 τὴν
3287 568 3413 639 περὶ
3454 567 3628 621 τούτου
3653 569 3807 623 αἰτίαν

2270 661 2591 731 ἐκθήσομαι.
2626 660 2881 729 Ἔστιτῷ
2910 660 3054 730 γένει
3102 660 3210 712 τῶν
3238 657 3537 730 ἀνθρώπων
3569 658 3690 711 κατά
3722 658 3809 726 φύς

2269 767 2352 802 σιν
2385 750 2639 819 πολέμιος
2663 749 2888 820 δύναμίς
2931 768 3015 813 τις
3052 754 3116 803 ἑκ
3145 750 3252 801 τῶν
3286 748 3539 801 ἐναντίων
3567 750 3624 818 τῇ
3655 749 3807 818 ἀγαθῇ

2269 841 2425 907 φύσει
2463 840 2855 911 γινωσκομένη.
2901 841 3098 894 Τούτου
3137 840 3194 893 δὲ
3226 838 3422 910 μυρίας
3470 839 3564 909 μὲν
3593 839 3694 891 ἐστι
3725 840 3811 903 τὰς

2269 930 2567 996 ἀποδείξεις
2614 929 2672 995 ἐξ
2717 931 2959 1001 ἐναργῶν
3002 931 3351 1002 παραστῆσαι
3386 930 3717 1000 πραγμάτων.
3746 931 3811 981 Οὐ

2272 1019 2377 1089 μὴν
2428 1021 2721 1088 ἀναγκαῖον
2767 1021 3005 1093 ἡγοῦμαι
3043 1021 3122 1093 τῷ
3172 1022 3397 1090 παρόντι
3449 1020 3613 1092 καιρῷ
3659 1021 3814 1073 πάντα

2270 1113 2408 1167 κατά
2457 1114 2516 1167 τὸ
2561 1113 2850 1167 ἀκόλουθον
2900 1113 3172 1180 διεξιέναι,
3222 1112 3290 1164 δι’
3338 1104 3412 1163 ὧν
3465 1110 3627 1164 ταῦτα
3661 1109 3817 1172 οὕτως

2268 1203 2410 1274 ἔχειν
2437 1205 2807 1258 πεπίστευται.
2838 1206 2946 1274 Τῆς
2974 1203 3148 1257 τοίνυν
3172 1201 3322 1264 θείας
3347 1201 3557 1268 φύσεως
3590 1201 3642 1253 ἐν
3671 1201 3816 1252 παντὶ

2268 1295 2455 1365 ἀγαθῷ
2486 1296 2712 1366 νοήματί
2759 1313 2817 1348 τε
2861 1296 2954 1348 καὶ
3002 1294 3225 1363 ὀνόματι
3274 1291 3659 1363 θεωρουμένης,
3701 1293 3816 1361 παρ’

2266 1381 2335 1455 ἧς
2368 1388 2400 1455 ἠ
2441 1385 2574 1455 ζωὴ,
2598 1386 2658 1437 τὸ
2685 1386 2821 1452 φῶς,
2864 1388 2897 1455 η
2927 1384 3168 1452 ἀλήθεια,
3200 1383 3260 1436 τὸ
3286 1382 3490 1436 δίκαιόν
3529 1400 3584 1435 τε
3629 1382 3710 1435 καὶ
3738 1398 3821 1434 σο-

2270 1476 2500 1544 φὸν,κα“ι
2518 1475 2805 1547 ἄφθαρτον,
2834 1477 2928 1530 καὶ
2956 1478 3062 1529 πᾶν
3093 1477 3121 1528 ὅ
3141 1473 3193 1528 τί
3220 1491 3326 1546 περ
3357 1473 3468 1527 ἑστι
3498 1473 3611 1527 κατ’
3633 1472 3821 1525 ἔννοιαν

2267 1564 2448 1618 λαϐεῖν
2480 1565 2699 1633 ἀγαθόν,
2736 1566 2891 1618 τοῦτο
2929 1564 3093 1634 οὔσης
3140 1565 3231 1618 καὶ
3266 1563 3424 1617 τοῦτο
3455 1562 3818 1635 χαριζομένης,

2269 1658 2301 1725 ἡ
2336 1659 2397 1709 ἐκ
2442 1656 2547 1709 τῶν
2581 1657 2832 1709 ἐναντίων
2861 1656 3234 1729 γνωριζομένη
3266 1654 3490 1725 δύναμις
3528 1657 3587 1707 ἐκ
3623 1654 3824 1707 πάντων

2269 1746 2408 1799 κατά
2435 1746 2495 1799 τὸ
2520 1747 2885 1816 ἀντικείμενον
2915 1748 3125 1816 ἑκάστῳ
3157 1745 3263 1797 τῶν
3285 1744 3501 1812 ἀγαθῶν
3533 1743 3827 1815 θεωρουμέ-

601 1833 912 1889 exitiosum.
960 1832 1065 1889 Sed
1099 1836 1552 1906 quemadmodum
1595 1839 1688 1908 qui
1719 1840 1976 1895 veneficia
2009 1856 2165 1897 exer-

2276 1853 2369 1889 νων
2404 1836 2893 1906 καταλαμϐάνεται.
2927 1836 3087 1887 Ὥστε
3130 1837 3249 1889 ἀντὶ
3282 1834 3378 1904 μὲν
3407 1832 3568 1904 ζωῆς,
3593 1833 3828 1893 θάνατον,

603 1931 750 1987 cent,
799 1924 959 1979 letale
987 1925 1341 1996 pharmacum
1377 1929 1537 1983 melle
1583 1929 1819 1985 reddunt
1844 1931 2022 1993 dulce,
2058 1947 2165 1985 non

603 2031 669 2068 eo
721 2016 903 2071 animo
938 2026 996 2070 ut
1040 2019 1376 2073 comedentis
1420 2026 1695 2090 gustatum
1743 2022 2034 2086 oblectent,
2073 2022 2167 2077 sed

604 2122 672 2161 ne
699 2107 860 2163 letale
888 2123 1010 2163 esse
1037 2110 1349 2166 sentiatur:
1398 2111 1477 2165 sic
1510 2112 1787 2168 mortifera
1826 2113 1915 2167 illa
1954 2123 2166 2172 natura.

604 2214 727 2253 cum
751 2214 804 2253 tn
833 2199 1016 2253 animo
1039 2200 1254 2266 habeat,
1285 2202 1556 2257 hominem
1580 2203 1857 2269 inducere,
1887 2213 1943 2258 ut
1967 2218 1999 2258 a
2028 2205 2169 2258 bona

606 2297 803 2342 natura
834 2289 1129 2352 desciscat,
1178 2290 1444 2345 bonarum
1487 2306 1669 2346 rerum
1719 2292 1924 2348 formas
1970 2293 2166 2356 induit,

607 2395 672 2434 ac
703 2379 921 2434 fraudes
959 2381 1121 2450 tegit:
1160 2390 1217 2434 ut
1250 2382 1435 2438 miseri
1473 2385 1731 2441 mortales
1763 2386 1828 2440 ad
1868 2387 1921 2440 id
1954 2387 2167 2452 intenti,

609 2470 771 2539 idque
799 2471 1002 2525 bonum
1046 2486 1167 2527 esse
1207 2472 1337 2537 rati,
1373 2474 1518 2530 illius
1545 2477 1689 2545 quod
1737 2485 1927 2532 natura
1968 2478 2168 2533 bonum

606 2573 713 2625 est,
745 2564 1018 2622 desiderio
1049 2582 1117 2623 ne
1147 2574 1456 2625 teneantur.
1498 2569 1783 2637 Quomodo
1813 2585 1993 2631 autem
2027 2576 2172 2630 acci-

606 2657 703 2722 dit,
740 2665 800 2711 ut
829 2658 954 2727 quis
990 2675 1085 2730 per
1115 2660 1362 2718 fraudem
1416 2663 1652 2735 aliquam
1701 2680 1760 2720 se
1797 2664 1969 2720 futuri
2016 2668 2172 2736 quid-

609 2748 750 2813 piam
798 2750 1117 2817 profiteatur
1155 2751 1577 2821 prmdicturum:
1633 2754 1713 2809 sic
1756 2762 1810 2809 et
1836 2753 2170 2810 frauduleuti

607 2842 881 2895 daemones
911 2841 1114 2897 faciunt
1142 2843 1196 2896 in
1234 2843 1439 2912 jecoris
1473 2845 1951 2915 contemplatione,
1987 2846 2040 2899 iu
2076 2860 2175 2900 au-

606 2931 801 3000 guriis,
825 2934 879 2985 in
902 2933 1197 3001 ominibus,
1226 2933 1281 2988 in
1313 2935 1552 2989 manium
1579 2936 1919 2991 evocatione.
1954 2936 2009 2991 in
2042 2938 2174 2991 vati-

609 3021 771 3076 ciniis
806 3036 872 3075 ex
902 3021 1067 3074 natali
1106 3022 1312 3091 petitis,
1351 3037 1476 3077 cum
1504 3025 1782 3093 quodlibet
1826 3025 2020 3079 horum
2065 3041 2171 3081 non

610 3107 798 3162 eodem
854 3109 951 3163 sed
996 3110 1214 3165 diverso
1259 3113 1425 3167 modo
1478 3113 1719 3168 futurum
1771 3117 2170 3185 praesignificet.

611 3197 796 3267 Itaque
822 3210 883 3252 ut
908 3200 1001 3269 qui
1037 3215 1100 3253 ex
1135 3201 1380 3269 insiieCIo
1403 3200 1606 3270 iecore.
1636 3212 1729 3256 aut
1748 3218 1813 3257 ex
1838 3204 2021 3259 omine
2048 3219 2174 3274 quo-

612 3286 755 3354 piam
791 3285 1085 3353 coujeetat,
1122 3295 1214 3341 aut
1254 3304 1319 3343 ex
1352 3297 1573 3359 aspectu
1601 3292 1836 3346 volantis
1869 3293 2006 3357 avis,
2064 3311 2171 3348 non

613 3393 706 3446 per
758 3377 853 3431 fati
912 3380 1292 3435 necessitatem
1353 3395 1415 3436 ea
1471 3397 1530 3437 se
1602 3382 1893 3451 praedicere
1938 3375 2175 3454 pollice.

612 3479 730 3522 tur:
761 3469 836 3523 ita
859 3483 982 3523 cum
1009 3470 1237 3539 hujusce
1269 3472 1672 3527 vaticinationis
1703 3474 1772 3529 sit
1802 3478 1959 3529 unica
1985 3490 2171 3539 causa,

613 3559 761 3615 fraus
782 3559 1031 3616 videlicet
1057 3569 1110 3615 et
1144 3578 1306 3633 opera
1332 3563 1660 3630 daemonum,
1693 3568 1949 3636 quoniam
1974 3570 2174 3639 aliquid

614 3651 1033 3719 praenuntiatum
1071 3652 1366 3723 aliquando
1415 3654 1717 3724 perfectura
1765 3668 1848 3712 est
1882 3658 1956 3727 (si
1999 3669 2175 3714 tamen

610 3742 836 3797 omnino
868 3744 1168 3814 perfectum
1201 3746 1339 3815 est),
1378 3761 1487 3801 non
1537 3748 1933 3803 continuo‘l‘ati
1967 3752 2049 3806 vis
2079 3750 2177 3805 de-

615 3842 970 3898 monstratur,
1000 3836 1126 3906 quia
1154 3851 1316 3892 omne
1344 3837 1749 3894 vaticinationis
1777 3854 1948 3910 genus
1984 3840 2179 3896 habere

613 3926 720 3979 vitii
754 3941 907 3981 suam
945 3941 1008 3981 ex
1055 3925 1168 3981 fato
1197 3926 1320 3997 jure
1352 3926 1644 3982 diceretur.
1689 3927 1781 3983 Sic
1812 3944 1977 3983 unum
2010 3928 2177 3983 fatqu

612 4025 756 4070 esset
783 4017 1077 4080 somnium,
1114 4018 1260 4072 aliud
1293 4034 1356 4073 ex
1402 4019 1773 4088 palpitatione.
1809 4019 1951 4074 aliud
1984 4037 2047 4074 ex
2082 4036 2180 4075 att-

611 4108 804 4177 guriis,
842 4109 924 4162 vel
956 4108 1249 4175 ominibus,
1281 4110 1364 4164 vel
1399 4111 1727 4181 quibusdam
1753 4113 2014 4182 symbolis
2052 4128 2181 4168 con-

611 4206 801 4253 staret.
861 4197 1015 4264 Quod
1073 4200 1118 4255 si
1177 4200 1232 4253 in
1283 4200 1369 4256 his
1400 4201 1535 4256 nihil
1569 4201 1817 4273 prohibet
1859 4217 1969 4274 quo
2002 4205 2181 4258 minus

616 4291 929 4346 vaticinatio
951 4291 1022 4346 sit
1052 4293 1173 4348 sine
1198 4291 1341 4360 fato;
1378 4308 1554 4365 neque
1584 4296 1628 4351 si
1656 4295 1747 4366 qui
1781 4294 1990 4350 fortuiti
2019 4312 2183 4352 even-

614 4392 702 4436 tus
732 4398 857 4437 cum
892 4383 1245 4451 praedictione
1281 4386 1646 4449 consentiant,
1681 4387 1816 4443 satis
1847 4387 1901 4443 id
1930 4387 2096 4443 fuerit
2126 4394 2184 4442 ut

2270 1928 2387 1980 ἀντὶ
2405 1927 2460 1980 δὲ
2483 1927 2754 1998 ἀληθείας⁹
2779 1928 3011 1997 ἀπάτην,
3034 1927 3126 1980 καὶ
3150 1927 3264 1979 ἀνθ’
3282 1925 3507 1979 ἑκάστου
3530 1924 3629 1978 τῶν
3651 1923 3834 1993 βελτιό-

2270 2040 2393 2083 νων,
2418 2021 2515 2092 τὴν
2558 2020 3121 2091 ἀντιδιαστελλομένην
3146 2019 3340 2073 κακίαν
3368 2022 3494 2089 παρ’
3520 2019 3693 2082 αὐτοῖς
3728 2021 3833 2080 τοῖς

2270 2110 2573 2181 ἀνθρώποις
2608 2110 2907 2179 ἐπάγεσθαι
2929 2126 2943 2140 '
2984 2107 3121 2163 εἶναι
3164 2110 3270 2181 γὰρ
3313 2109 3448 2179 αύτῇ
3481 2107 3632 2161 τοῦτο
3669 2107 3833 2175 φίλον,

2269 2204 2404 2273 ὅπερ
2432 2200 2498 2256 ἂν
2523 2204 2589 2273 τῇ
2620 2201 2776 2270 φύσει
2807 2203 2918 2264 τοῖς
2954 2199 3257 2271 ἀνθρώποις
3290 2201 3375 2253 ἐπ’
3398 2198 3599 2269 ὀλέθρῳ
3616 2197 3835 2265 γίνεται.

2272 2294 2482 2365 Ὠσπερ
2532 2292 2588 2346 δὲ
2635 2294 2684 2346 οἱ
2737 2292 2823 2345 διὰ
2866 2292 2976 2345 τῶν
3027 2290 3364 2363 δηλητηρίων
3411 2287 3839 2351 κακοποιοῦντες.

2271 2382 2526 2446 πολλάκις
2547 2384 2641 2436 καὶ
2668 2382 2844 2452 μέλιτι
2872 2382 2933 2434 τὸ
2952 2381 3168 2453 φθεῖρον
3199 2379 3516 2449 ἐφηδύνουσι
3538 2378 3838 2448 φάρμακον,

2268 2474 2369 2527 οὐκ
2413 2475 2676 2545 εὐφρᾶναι
2722 2476 2786 2544 τῇ
2827 2472 3010 2541 γεύσει
3067 2472 3157 2524 τὸν
3199 2470 3560 2541 βλαπτόμενον
3611 2468 3842 2537 σπουδὴ-ι

2271 2564 2601 2635 ποιούμενοι,
2639 2565 2753 2618 ἀλλ’
2783 2563 3041 2633 ἐκκλέψαι
3071 2563 3166 2632 τὴν
3201 2562 3294 2615 τοῦ
3325 2561 3626 2632 φθείροντος
3656 2559 3842 2628 αἴσθη-

2273 2674 2393 2711 σινο
2442 2656 2584 2710 οὕτω
2638 2657 2731 2710 καὶ
2774 2658 2807 2723 η
2863 2654 3183 2726 φθοροποιὸς
3242 2652 3377 2722 αὕτη
3429 2651 3604 2720 φύσις,
3650 2651 3842 2703 σκοπὸν

2273 2746 2470 2816 ἔχουσα
2513 2744 2615 2814 τῆς
2665 2745 2871 2813 ἀγαθῆς
2916 2743 3126 2812 φύσεως
3173 2742 3475 2812 ἀποστῆσαι
3516 2740 3603 2793 τὸν
3646 2738 3842 2810 άνθρω⁴

2275 2853 2395 2897 πον,
2427 2834 2648 2903 ἀγαθῶν
2693 2853 2852 2888 τινων
2903 2835 3242 2905 πραγμάτων
3290 2832 3502 2904 μορφάς
3543 2830 3841 2884 ὑποδύεται

2275 2926 2609 2999 προρρήσεσι
2657 2944 2767 2979 τισι
2818 2927 2910 2980 καὶ
2962 2926 3222 2996 ίατρείαις
3273 2924 3364 2977 τὸν
3409 2921 3842 2993 ἐγκεκρυμμένον.

2274 3020 2374 3088 τῆς
2399 3018 2612 3090 ἀπάτης
2639 3019 2794 3087 λόγον
2826 3018 3283 3071 ἐπικαλύπτουσαο
3313 3016 3386 3080 ὡς
3414 3015 3479 3071 ἂν
3500 3014 3667 3083 τούτῳ
3688 3030 3836 3083 προσ

2278 3110 2490 3179 έχοντες
2523 3108 2583 3161 τὸ
2620 3108 2845 3160 δείλαιον
2894 3106 3003 3159 τῶν
3046 3105 3345 3178 ἀνθρώπων
3377 3106 3552 3174 γένος,
3598 3102 3757 3156 τοῦτό
3800 3120 3842 3153 τι

2278 3199 2586 3270 νομίζοντες
2610 3198 2811 3266 ἀγαθὸν
2838 3193 2996 3261 εἷναι,
3019 3196 3111 3250 τοῦ
3155 3197 3324 3260 ὅντως
3360 3195 3499 3250 κατά
3524 3195 3680 3264 φύσιν
3715 3196 3842 3262 ἁγαι

2276 3290 2369 3343 θοῦ
2400 3290 2668 3362 μηδεμίαν
2707 3290 2878 3361 ἔχοιεν
2908 3289 3218 3358 ἐπιθυμίαν.
3263 3289 3361 3341 Διά
3403 3304 3482 3340 τοι
3515 3285 3670 3339 τοῦτο
3694 3284 3842 3339 καθά

2278 3396 2379 3449 περ
2401 3379 2467 3433 ἀν
2494 3395 2579 3441 τις
2611 3377 2968 3448 προγνώσεως
2993 3373 3129 3441 εἶδος
3170 3376 3259 3431 διά
3293 3393 3435 3439 τινος
3474 3375 3686 3443 ἀπάτης
3723 3390 3841 3445 προ

2276 3471 2389 3542 ειλη
2399 3470 2598 3541 μμένος
2631 3469 2789 3539 τύχῃ,
2812 3469 2929 3523 κατ’
2950 3471 3121 3524 ἐκεῖνο
3144 3469 3237 3522 καὶ
3259 3471 3292 3541 ἡ
3326 3466 3574 3537 ἀπατηλὴ
3599 3465 3704 3519 τῶν
3750 3464 3842 3518 δαι

2281 3563 2454 3631 μόνων
2480 3562 2751 3631 ὑπήκουσε
2772 3560 2831 3613 δύ
2841 3578 3014 3630 ναμις,
3037 3562 3094 3613 ἐν
3122 3558 3550 3630 ήπατοσκοπίαις
3581 3556 3673 3609 καὶ
3695 3558 3833 3608 οἰων

2281 3655 2452 3721 σμοῖς,
2486 3654 2543 3706 ἐν
2574 3651 2843 3722 κληδόσιν,
2888 3652 2946 3704 ἐν
2981 3651 3242 3712 νεκυίαις.
3262 3651 3318 3702 ἐν
3373 3646 3842 3716 γενεθλιαλογίαις

2279 3743 2503 3797 ἑκάστου
2536 3744 2759 3806 τούτων,
2793 3741 2953 3814 [ἀλλ’]
3003 3743 3063 3795 ού
3100 3741 3241 3796 κατά
3288 3740 3379 3793 τὸν
3427 3739 3587 3793 αὑτὸν
3642 3737 3842 3809 τρόπω

2279 3834 2415 3889 ἀλλά
2433 3834 2702 3905 διαφόρως
2719 3835 2781 3888 τὸ
2807 3833 2997 3904 ἐφεξῆς
3025 3830 3663 3906 προμηνύοντος.“οσπερ
3684 3829 3842 3882 τοίνυ

2278 3930 2308 3980 ὀ
2335 3926 2411 3997 τῷ
2437 3926 2606 3996 ἥπατι
2646 3926 2706 3979 τὸ
2747 3926 2937 3996 μέλλον
2970 3925 3359 3996 διασημαίνων,
3391 3926 3419 3975 ό
3444 3921 3534 3975 διά
3562 3936 3710 3982 τινος
3745 3921 3842 3975 κλτ

2279 4018 2427 4079 δόνος
2461 4018 2792 4088 προεικάσας
2828 4017 2889 4071 τὸ
2936 4018 3210 4088 ἐσόμενον,
3243 4016 3275 4087 ἦ
3311 4018 3339 4069 ό
3377 4014 3509 4086 πρὸς
3537 4013 3639 4083 τὴν
3670 4011 3833 4081 πτῆσ

2279 4111 2372 4164 τοῦ
2406 4111 2596 4164 οίωνοῦ
2634 4110 2864 4181 βλέπων,
2887 4111 2949 4164 ού
2973 4112 3039 4181 τῇ
3069 4110 3166 4180 τῆς
3191 4108 3529 4180 εἱμαρμένης
3558 4107 3789 4175 ἀνάγκη
3816 4123 3842 4157 τ

2283 4204 2504 4258 τοιαῦτα
2550 4202 2941 4275 προαγορεύειν
2991 4199 3521 4270 κατεπαγγέλλεται·
3570 4197 3667 4250 τὸν
3712 4196 3842 4249 αὐτὶ

2282 4294 2480 4363 τρόπον
2517 4294 2645 4364 μιᾶς
2697 4291 2863 4361 οὔσης
2910 4291 3108 4354 αἰτίας,
3151 4288 3335 4352 καθὼς
3382 4288 3618 4358 εἴρηται,
3664 4286 3777 4355 τῆς
3834 4303 3842 4317 ι

2283 4383 2491 4437 τοιοῦτο
2536 4384 2637 4453 τῆς
2682 4384 3038 4454 προρρήσεως
3082 4375 3219 4444 εἶδος
3274 4378 3584 4451 μετιούσης,
3632 4376 3796 4444 λέγω
3840 4406 3841 4415 ι

615 4472 894 4541 probetur,
949 4490 1056 4529 non
1099 4474 1260 4530 facile
1315 4476 1440 4530 talia
1482 4478 1815 4547 contingere.
1858 4480 2173 4549 Quanquam

2285 4474 2383 4543 τῆς
2429 4472 2571 4526 κατά
2611 4474 2711 4544 τὴν
2753 4471 3036 4543 ἀπατηλὴν
3079 4470 3186 4525 τῶν
3226 4470 3493 4541 δαιμόνων
3551 4469 3842 4540 ἐνέργεια·

613 4580 789 4635 neque
810 4572 972 4620 certae
992 4574 1047 4620 et
1081 4566 1399 4621 indubitatae
1420 4567 1780 4623 divinationes
1802 4578 1929 4624 sunt
1964 4585 2179 4634 eorum,

610 4656 704 4727 qui
722 4672 841 4712 eam
865 4665 1034 4711 artem
1056 4656 1396 4725 profitentur,
1416 4658 1509 4714 sed
1529 4659 1696 4713 multa
1721 4659 1822 4713 sibi
1840 4658 2037 4730 elIugia
2057 4675 2182 4731 pro-
2228 4692 2231 4695 λ

615 4748 817 4813 vident,
851 4737 976 4803 utsi
1017 4749 1327 4803 contrarius
1364 4759 1591 4804 eventus
1625 4750 1877 4805 vanitatis
1903 4766 1998 4806 eos
2028 4766 2184 4806 coar-

611 4848 762 4909 guat,
821 4838 1036 4909 possint
1086 4839 1339 4903 evadere,
1397 4839 1625 4910 prolatis
1683 4841 1987 4898 rationibus
2048 4857 2185 4912 quas

614 4932 1081 5000 praemeditantur.
1133 4931 1208 4984 Ex
1241 4947 1350 5000 quo
1389 4931 1631 4987 efficitur
1676 4946 1854 5002 neque
1900 4933 2183 4988 scientiam

612 5039 803 5080 eormn
837 5025 999 5079 ullam
1032 5039 1174 5087 esse,
1209 5025 1315 5079 nisi
1346 5033 1405 5078 ut
1432 5025 1486 5078 in
1514 5038 1636 5079 eum
1666 5025 1758 5095 qui
1789 5025 1845 5079 in
1876 5026 2007 5081 hora
2040 5026 2184 5081 iudi-

614 5116 787 5170 canda
814 5114 1104 5177 erraverit,
1139 5114 1355 5184 culpam
1388 5113 1676 5169 conferant
1710 5116 1938 5179 erroris,
1997 5116 2186 5187 sicque

616 5210 998 5276 praedictiones
1048 5207 1302 5277 ambigue
1332 5213 1387 5261 et
1427 5207 1482 5260 in
1519 5214 1810 5276 utramque
1839 5216 2047 5278 partem
2090 5223 2186 5276 pa-

618 5306 763 5352 ratas
793 5300 1103 5360 instituant,
1136 5306 1194 5351 ut
1222 5297 1489 5368 quidquid
1508 5298 1766 5360 evenerit,
1795 5298 1845 5352 id
1868 5297 2184 5366 praedictum

617 5399 738 5438 esse
767 5388 1030 5444 videatur.
1083 5387 1238 5460 Stepe
1280 5388 1424 5444 enim
1459 5387 1721 5442 eximium
1755 5388 1886 5458 quid
1928 5398 1983 5443 et
2020 5403 2186 5458 supra

619 5474 756 5529 alios
783 5487 1101 5534 eventurum
1142 5478 1306 5535 alicui
1338 5478 1592 5549 praedixit
1623 5479 1671 5534 is
1705 5481 1795 5550 qui
1823 5478 2013 5533 horam
2048 5480 2188 5534 nati-

622 5563 805 5619 vitatis
836 5567 1237 5623 consideravit:
1283 5569 1481 5626 deinde
1506 5576 1689 5623 autem
1718 5583 1844 5623 cum
1887 5568 1977 5623 ille
2013 5568 2065 5622 in
2095 5583 2188 5623 ex-

621 5664 792 5708 trema
818 5657 957 5709 mala
1001 5670 1065 5710 ac
1109 5660 1448 5716 calamitates
1490 5674 1602 5715 non
1630 5660 1879 5728 vulgares
1912 5659 2183 5725 inciderit,

622 5762 729 5803 non
765 5760 822 5802 sc
868 5744 1150 5802 aberrasse
1192 5760 1222 5801 a
1265 5748 1617 5818 praedictione
1662 5749 1947 5806 afﬁrmavit
1998 5757 2184 5821 vates;

2284 4565 2385 4619 ούκ
2427 4564 2612 4634 ἐπειδή
2658 4564 2785 4617 ποτέ
2821 4581 2873 4617 τι
2913 4562 3053 4617 κατά
3095 4563 3157 4616 τὺ
3201 4562 3412 4633 συμϐὰν
3452 4558 3738 4630 ἐπετέχθη
3781 4560 3842 4613 τε

2283 4652 2587 4723 εἰρημένων
2612 4652 2800 4727 (εἴπερ
2824 4652 2888 4724 δὴ
2921 4652 3056 4715 ὅλως
3090 4651 3188 4722 μὲν
3216 4649 3539 4726 ἑπετέχθη),
3564 4648 3660 4702 διὰ.
3690 4648 3842 4702 tot}:

2284 4744 2318 4813 ἡ
2357 4744 2455 4813 τῆς
2505 4743 2842 4815 εἱμαρμένης
2886 4743 3265 4797 ἀποδείκνυται
3309 4742 3560 4813 δύναμις,
3609 4740 3749 4794 ἐπεὶ
3788 4759 3842 4794 π

2286 4835 2640 4906 προρρήσεως
2687 4830 2826 4896 εἶδος
2899 4834 3121 4899 εἰκότως
3175 4833 3239 4888 ἂν
3287 4833 3345 4900 ἐξ
3392 4832 3756 4904 εἱμαρμένης
3800 4850 3842 4886 τ

2289 4926 2441 4995 ἰσχὺν
2489 4925 2633 4996 ἔχειν
2678 4925 3149 4990 κατασκευάζοιτο.
3186 4927 3349 4981 ’Ὥστε
3394 4928 3527 4997 ἡμῖν
3582 4926 3730 4996 μίαν
3802 4945 3842 4998 μ

2287 5016 2623 5087 εἱμαρμένην
2654 5010 2792 5070 εἶναι
2819 5016 2908 5069 τὸν
2931 5015 3139 5087 ὄνειρον
3160 5033 3175 5046 σ
3199 5017 3390 5088 ἑτέραν
3417 5016 3474 5070 δέ
3502 5016 3607 5088 τὴν
3642 5019 3718 5071 ἑκ
3763 5035 3842 5073 πε

2289 5107 2403 5177 μῶν
2434 5107 2844 5178 παρατήρησιν’
2876 5107 3040 5178 ἀλλην
3071 5108 3147 5170 δὲ,
3183 5107 3241 5174 ἐξ
3286 5108 3617 5179 οίωνισμῶν,
3669 5108 3708 5179 ἢ
3769 5111 3842 5162 κ]

2285 5200 2470 5265 δόνων,
2500 5201 2534 5270 ἦ
2567 5217 2725 5252 τινων
2762 5200 3043 5270 συμόόλων
3077 5199 3490 5271 συνισταμένην.
3527 5201 3593 5253 Εἰ
3645 5200 3713 5254 δὲ
3746 5201 3842 5254 οὐὶ

2287 5294 2373 5345 ἐπ’
2402 5290 2624 5344 ἐκείνων
2662 5289 2858 5344 κωλύει
2904 5292 2999 5345 καὶ
3036 5292 3338 5362 πρόρρησιν
3365 5287 3505 5345 εἶναι
3546 5292 3651 5344 καὶ
3688 5294 3842 5362 είμσ

2291 5381 2456 5451 μένην
2489 5382 2563 5452 μη
2588 5376 2727 5434 εἶναι
2751 5398 2764 5413 ο
2796 5381 2915 5436 οὐδὲ
2940 5382 3098 5445 εἴτις
3120 5382 3179 5446 ἐξ
3205 5381 3437 5453 ἀριθμοῦ
3462 5382 3580 5445 τοῖς
3608 5381 3842 5451 γενεθλ

2286 5472 2535 5541 λογοῦσιν
2572 5473 2868 5545 ἑπετεύχθη
2903 5474 3223 5546 πρόρρησις,
3272 5473 3517 5546 ἀρκοῦσα
3562 5473 3815 5539 γένοιτο

2290 5567 2469 5628 πίστις
2504 5565 2583 5628 είς
2607 5565 2668 5619 τὸ
2710 5565 2784 5637 μὴ
2817 5566 3013 5638 ῥᾳδίως
3042 5567 3110 5622 τὰ
3135 5566 3360 5622 τοιαῦτα
3391 5564 3842 5634 ἐπιτυγχάνεσθ

2291 5656 2482 5709 Καίτοι
2519 5672 2580 5723 γε
2626 5655 2750 5711 οὔτε
2781 5659 3026 5732 ἀκριϐεῖς
3072 5677 3129 5714 τε
3175 5660 3269 5713 καλ⁵
3313 5657 3692 5730 ἀναμφίὸολοι
3752 5674 3842 5710 πε

2288 5748 2396 5801 τῶν
2428 5747 2493 5800 τά
2528 5748 2748 5805 τοιαῦτα
2782 5752 3255 5825 ἐπαγγελλομένων
3288 5754 3342 5805 αἱ
3375 5747 3784 5823 προμηνύσεις
