4008 6210
384 341 460 397 Ιῖὅ
1647 340 1923 398 CONTRA
1969 334 1999 392 θ
2017 332 2229 397 Α’ῘὌΜ.
3454 340 3537 397 f'a'l

372 474 545 523 mm,
596 454 726 510 ἀλλά
781 454 981 520 πολλὰς
1030 454 1241 519 ἑαυτοῖς
1294 454 1665 525 ἀναχωρήσεις
1720 471 1895 524 παρα-

2007 472 2120 509 uam
2157 458 2207 510 id
2236 456 2386 528 quod
2429 456 2638 526 insigne
2674 454 2914 511 futurum
2961 462 3077 511 erat
3119 463 3173 512 et
3207 469 3372 528 supra
3406 460 3561 525 alios,

370 544 675 609 σκευάζουσιν
721 535 817 598 ἐπὶ
965 546 1208 610 ἐκϐάσει,
1255 548 1304 600 εί
1350 546 1488 617 πρὸς
1533 544 1838 598 τούναντίον
1874 547 1903 597 ὁ

361 640 493 707 λόγος
523 638 805 707 ἐλέγχοιτο,
837 637 932 690 καί
980 654 1103 691 τινα
1144 636 1653 709 προτεχνολογοῦσιν
1691 638 1904 699 ἑαυτοῖς

358 725 426 790 οἷς
447 726 632 779 τούτων
655 725 806 795 μέλει
825 742 840 755 ο
867 724 1006 778 ὥστε
1036 725 1112 795 μὴ
1140 725 1239 794 τῆς
1263 725 1565 795 ἐπιστήμης
1605 723 1682 793 τῷ
1704 722 1901 791 ἐσφαλ-

359 816 499 887 μένῳ,
552 813 684 866 ἀλλά
737 816 837 883 τῆς
884 813 1026 866 κατά
1070 812 1168 883 τὴν
1215 811 1363 884 ὤραν
1411 811 1761 881 σημειώσεως
1807 808 1905 879 τὴν

357 905 622 975 ἀποτυχίαν
648 905 975 972 λογίζεσθαι,
1008 904 1101 957 καὶ
1141 903 1290 970 λοξαὶ
1315 903 1392 967 ὡς
1416 904 1618 956 ἐπίπαν
1649 902 1742 954 καὶ
1772 902 1905 971 πρὸς

355 997 405 1050 τι
422 995 623 1050 διπλοῦν
659 996 766 1048 τῶν
807 996 1081 1049 ἐκϐάσεων
1122 993 1648 1064 ἐπαμφοτερίζουσαι
1669 991 1905 1060 γίνονται

355 1088 463 1157 παρ’
489 1086 664 1139 αὐτῶν
701 1089 757 1138 αἱ
798 1074 1147 1157 προρρήσεις,
1176 1084 1242 1137 ἶν’
1266 1085 1403 1154 ὅπερ
1444 1082 1511 1136 ἂν
1557 1084 1714 1154 ἐκϐῇ,
1748 1082 1906 1136 τοῦτο

353 1177 779 1248 προμεμηνύσθαι
810 1177 952 1248 δόξῃ.
988 1176 1251 1237 Πολλάκις
1278 1175 1386 1244 γάρ
1418 1174 1479 1226 τὸ
1517 1173 1810 1244 περιφανές
1842 1189 1906 1226 τε

349 1270 428 1321 καὶ
454 1269 507 1320 τὸ
532 1267 677 1338 ὑπὲρ
717 1268 842 1330 τοὺς
882 1267 1072 1329 ἄλλους
1117 1269 1145 1319 ὁ
1183 1265 1278 1336 τὴν
1319 1264 1469 1335 ὤραν
1509 1266 1606 1335 τῆς
1643 1266 1907 1333 γενέσεως

350 1360 662 1427 κατανοήσας
694 1360 980 1428 ἐμήνυσεν.
1019 1355 1147 1409 Εἶτα
1185 1359 1242 1409 ἐν
1270 1355 1523 1422 ἐξαισίοις
1564 1358 1672 1410 τισὶ
1701 1372 1909 1426 συμφο-

347 1454 453 1520 ραῖς
481 1449 669 1503 τούτου
699 1450 1001 1517 γεγονότος,
1031 1450 1183 1502 οὐδὲν
1211 1445 1528 1518 διεσφάλθαι
1575 1447 1907 1519 προαγορεύ-

345 1557 431 1603 σας
466 1541 855 1612 διισχυρίσατο.
910 1537 1037 1609 Εἶχε
1083 1540 1190 1609 γὰρ
1240 1540 1383 1611 ὑπὲρ
1435 1542 1560 1603 τοὺς
1606 1541 1797 1605 ἄλλους
1844 1539 1908 1593 τὸ

340 1632 481 1683 πλέον
512 1632 601 1694 είς
636 1634 736 1701 τὴν
772 1630 878 1683 τῶν
922 1630 1104 1684 κακῶν
1157 1631 1441 1701 μετουσίαν
1461 1649 1476 1664 ο
1507 1632 1601 1685 καὶ
1634 1631 1834 1686 τούτων
1871 1632 1904 1701 ἠ

339 1721 447 1774 καθ’
471 1724 626 1793 ἡμεῖς
659 1721 866 1791 ἱστορία
899 1721 1103 1791 μάρτυς
1137 1722 1303 1777 ἐστίν.
1338 1723 1632 1786 Οὐάλεντος
1668 1724 1774 1794 γάρ
1804 1724 1899 1777 τοῦ

336 1812 582 1883 βασιλέως
618 1814 710 1866 ἐπὶ¹
740 1813 839 1883 τῆς
864 1813 975 1865 τῶν
1004 1813 1288 1884 Ῥωμαίων
1315 1813 1468 1877 ὄντος
1489 1814 1683 1887 ἀρχῆς,
1715 1815 1898 1887 ἀπάτη

335 1918 407 1968 τις
432 1904 657 1973 τοιαύτη
703 1904 838 1973 πρὸς
882 1905 978 1975 τὴν
1020 1904 1274 1974 ἅνταρσιν
1309 1904 1409 1975 τῆς
1458 1894 1631 1975 ἀρχῆς
1676 1898 1903 1977 παρεκί-

336 2011 466 2064 νησε.
510 1996 631 2047 Καὶ
662 1996 693 2046 ὁ
729 1995 828 2065 μὲν
854 1995 1111 2068 ὥρμησεν
1142 1996 1349 2064 ἐφόδιον
1396 1995 1532 2066 πρὸς
1567 1994 1665 2066 τὴν
1700 1997 1903 2068 τόλμαν

332 2085 425 2137 τῶν
468 2084 1024 2153 γενεθλιαλογούντων
1078 2086 1470 2157 προαγόρευσιν
1516 2086 1655 2157 ἔχων
1675 2102 1689 2117 ⁸
1736 2084 1797 2141 τδ
1847 2087 1903 2141 δὲ

334 2176 487 2246 πέρας
515 2178 626 2247 τῆς
655 2178 1019 2247 ἐγχειρήσεως
1059 2176 1298 2230 τοιοῦτον
1329 2175 1562 2243 ἐγένετο,
1588 2176 1730 2232 ὥστε
1744 2176 1906 2231 αὐτὸν

329 2268 409 2320 τὸν
440 2268 527 2320 ἐπὶ
561 2269 699 2330 ταῖς
743 2267 1026 2338 μεγίσταις
1057 2266 1250 2338 ἀρχαῖς
1295 2265 1693 2340 γνωρισθέντα.
1740 2269 1797 2322 ἐν
1828 2269 1907 2340 τῷ

331 2358 531 2427 μεγέθει
573 2358 685 2427 ’τῆς
715 2358 998 2427 συμφορᾶς
1050 2355 1302 2425 γενέσθαι
1352 2356 1768 2430 διασημότερον·
1807 2360 1907 2415 καὶ

327 2448 468 2503 τοῦτο
517 2448 787 2518 συνεργία
857 2448 955 2518 τῆς
1019 2448 1452 2517 γενεθλιαλογίας
1519 2452 1628 2512 τοῖς
1692 2450 1908 2515 πολλοῖς

328 2537 599 2609 ἐνομίσθη,
650 2538 731 2590 ὅτι
768 2534 831 2589 τὸ
879 2536 1020 2589 κατὰ
1055 2536 1337 2607 συμφορὰν
1389 2536 1615 2607 μέγεθος
1662 2538 1782 2593 ἀντὶ
1811 2539 1905 2594 τοῦ

329 2626 573 2695 μεγέθους
612 2625 722 2678 τῶν
748 2625 966 2691 ἀγαθῶν
1006 2624 1081 2696 τῷ
1107 2626 1258 2696 ἀνδρὶ
1293 2628 1607 2699 συνηνέχθη.
1670 2630 1811 2699 Ἐγὼ
1851 2637 1908 2690 δὲ

1928 1772 1976 1834 B

2005 548 2058 603 in
2097 549 2378 603 adversam
2415 563 2477 603 ac
2508 546 2702 601 malam
2733 554 2937 615 partem
2967 555 3217 602 eventum
3248 548 3415 604 fuisse
3447 563 3567 604 sora

2006 641 2162 693 titum
2190 659 2203 693 :
2259 639 2419 709 idque
2455 653 2545 693 res
2570 646 2753 694 nostra
2788 640 3047 693 memoria
3081 647 3244 710 gestm
3272 647 3564 696 testantur.

2006 727 2231 783 Valente
2284 730 2425 783 enim
2471 726 2840 783 Romanorum
2891 728 3216 797 imperatore
3248 731 3373 786 talis
3415 730 3569 786 fraus

2005 827 2058 874 et
2100 819 2401 889 impostura
2435 818 2724 889 quemdam
2786 820 2850 871 ad
2881 818 3167 887 imperium
3207 820 3567 875 aﬂectandum

2006 911 2290 981 permovit.
2320 912 2543 965 Animos
2573 910 2649 963 illi
2678 909 2895 979 quidem
2928 908 3157 963 faciebat
3194 898 3567 967 audaciorem-

2005 1017 2111 1071 que
2144 1000 2405 1054 reddebat
2436 999 2900 1068 genethliacorum
2931 999 3231 1069 praedictio,
3270 1002 3363 1055 sed
3388 1002 3569 1056 exitus

2006 1102 2303 1148 conatuum
2335 1091 2603 1162 ejusmodi
2637 1090 2760 1153 fuit,
2799 1098 2857 1143 ut
2882 1091 2999 1160 ipse
3026 1092 3255 1147 summis
3282 1093 3569 1163 magistra~

2007 1185 2154 1240 tibus
2185 1184 2350 1254 gestis
2377 1184 2579 1245 clarus,
2639 1180 2788 1235 fieret
2840 1182 3210 1253 magnitudine
3242 1184 3569 1241 calamitatis

2008 1273 2306 1343 insignior:
2340 1272 2504 1341 idque
2533 1270 2891 1340 patrocinium
2921 1274 3348 1345 genethlialogize
3378 1275 3571 1345 pleris-

2006 1380 2112 1433 que
2158 1363 2333 1417 visum
2373 1370 2479 1427 est,
2533 1363 2678 1433 quod
2728 1380 2815 1418 res
2856 1379 3129 1434 prospera:
3167 1366 3267 1418 viri
3313 1365 3570 1421 adversas

2006 1464 2401 1523 exzequassent.
2439 1442 2638 1508 Verum
2678 1470 2776 1523 ego
2813 1454 2967 1509 falsis
2999 1455 3228 1509 istorum
3262 1456 3571 1525 praedictio-

2007 1546 2170 1599 nibus
2199 1544 2265 1597 ad
2295 1543 2461 1597 fatum
2491 1544 2842 1599 refellendum
2866 1560 2973 1598 non
3005 1545 3190 1612 nitor;
3223 1546 3315 1600 sed
3351 1548 3439 1600 illa
3472 1562 3571 1618 po-

2008 1637 2117 1691 tius
2169 1637 2398 1699 ratione,
2450 1637 2595 1705 quod
2650 1637 2867 1694 fallaces
2914 1652 2978 1692 ac
3034 1638 3246 1692 subdoli
3297 1639 3571 1694 daemones

2008 1727 2193 1781 multis
2220 1727 2382 1781 etiam
2410 1728 2531 1781 aliis
2557 1728 2731 1782 modis
2759 1728 3173 1784 vaticinationes
3206 1728 3575 1785 fraudulenter

2007 1819 2518 1874 comminiscuntur.
2579 1817 2712 1871 Nam
2761 1819 3087 1872 divinato’ria
3133 1820 3379 1889 quaedam
3434 1834 3571 1889 aqua

2007 1920 2162 1979 epota
2203 1910 2254 1962 in
2307 1909 2504 1963 mentis
2532 1923 2770 1962 errorem
2804 1919 2858 1960 et
2901 1908 3169 1962 insaniam
3222 1910 3468 1977 inducit;
3520 1922 3575 1966 ct

2009 2001 2235 2070 spiritus
2269 2015 2503 2069 superne
2530 2015 2627 2069 per
2653 1997 2924 2069 quoddam
2961 1998 3229 2054 orificium
3265 2016 3568 2070 permeans,

2009 2092 2263 2161 intraque
2293 2087 2522 2144 feminea
2549 2089 2760 2145 viscera
2805 2100 3077 2159 receptus,
3126 2096 3179 2144 et
3206 2100 3361 2145 utero
3394 2101 3575 2151 tumo-

2006 2198 2121 2240 rem
2168 2191 2223 2238 et
2270 2183 2437 2237 menti
2472 2180 2708 2235 furorem
2759 2195 2822 2234 ac
2850 2179 3100 2234 delirium
3138 2182 3413 2237 conciliat.
3444 2183 3575 2248 Qum

2007 2275 2190 2331 omnia
2246 2274 2430 2329 divina
2454 2282 2506 2328 et
2533 2272 2789 2328 vaticinia
2822 2272 3075 2326 videntur
3103 2286 3286 2328 errore
3312 2272 3573 2345 deceptis.

2007 2366 2149 2434 Quin
2183 2364 2345 2420 etiam
2379 2380 2567 2419 omnes
2610 2364 2707 2428 illi,
2771 2363 2862 2434 qui
2913 2380 2978 2418 ex
3025 2364 3210 2432 jccore
3260 2372 3354 2419 aut
3403 2366 3576 2436 signis

2007 2456 2331 2530 quibusdam
2362 2456 2523 2526 ignis,
2571 2463 2665 2509 aut
2693 2471 2756 2509 ex
2795 2456 2974 2509 avium
3024 2455 3207 2509 volatu
3241 2455 3420 2510 futura
3449 2473 3577 2511 con-

2008 2549 2236 2619 jcctant,
2261 2546 2369 2599 vim
2396 2545 2636 2598 vaticinii
2664 2559 2771 2598 non
2797 2544 2862 2597 ad
2897 2543 3088 2609 fatum,
3117 2545 3211 2600 sed
3243 2545 3316 2600 ad
3337 2545 3575 2601 amatum

2012 2635 2299 2712 quemdam
2330 2635 2633 2689 daemonum
2666 2634 2928 2690 referunt.

325 2716 380 2768 σὺ
421 2718 514 2788 μὲν
562 2716 996 2788 πεπλανημένας
1038 2717 1138 2781 τὰς
1184 2718 1312 2789 περὶ
1352 2719 1554 2776 τούτων
1603 2726 1844 2793 γίνεσθαι
1889 2729 2331 2807 προαγορεύσεις,
2369 2726 2521 2779 οὔπω
2566 2726 2705 2796 μέγα
2747 2725 3001 2797 ποιοῦμαι
3042 2729 3335 2799 τεκμήριον
3366 2728 3461 2782 τοῦ
3502 2730 3577 2799 μὴ

325 2808 528 2865 ἑστάναι
550 2810 664 2881 τῆς
695 2810 1032 2881 εἱμαρμένης
1062 2808 1153 2864 τὸν
1179 2809 1366 2879 λόγον·
1407 2812 1520 2867 ἀλλ’
1557 2816 1742 2891 ἐπειδὴ
1789 2826 2009 2891 πολλαῖς
2080 2823 2172 2877 καὶ
2205 2820 2388 2881 ἄλλαις
2427 2818 2689 2880 ἐπινοίαις
2748 2820 2781 2888 ὴ
2828 2817 3076 2889 ἁπατηλὴ
3134 2818 3242 2872 τῶν
3310 2818 3578 2889 δαιμόνων

325 2897 532 2969 δύναμις
553 2899 668 2963 τὰς
692 2901 1020 2970 προρρήσεις
1044 2900 1338 2969 σοφίζεται.
1368 2902 1476 2957 Καὶ
1504 2905 1613 2976 γὰρ
1634 2911 1725 2963 καὶ
1750 2912 1890 2984 ὕδωρ
1927 2931 1979 2968 τι
2012 2909 2288 2984 μαντικὸν,
2316 2906 2641 2979 παραφοράς
2670 2907 2763 2960 καὶ
2789 2907 2984 2977 μανίας
3052 2911 3161 2971 τοῖς
3225 2910 3579 2978 γευσαμένοις

325 2993 769 3063 ἐνεργαζόμενον,
820 2993 912 3045 καὶ
957 2992 1172 3063 πνεῦμα
1209 2994 1449 3049 κάτωθεν
1476 2997 1562 3053 διά
1603 3019 1745 3067 τινος
1774 3006 1992 3077 στομίου
2030 3003 2466 3075 διεξερχόμενον·
2535 3000 2672 3068 ὅπερ
2751 2999 2800 3051 εί
2875 3000 2933 3051 ἐν
2975 2998 3303 3067 γυναικείοις
3373 3000 3579 3068 γένοιτο

327 3088 649 3158 σπλάγχνοις
676 3086 1004 3156 ἐξῳδηκέναι
1037 3088 1133 3158 τὴν
1166 3089 1403 3161 γαστέρα
1443 3092 1635 3160 ἐποίει,
1676 3098 1770 3151 καὶ
1798 3100 1897 3169 τῆς
1965 3098 2203 3160 διανοίας
2231 3096 2505 3154 ἔκστασιν,
2542 3094 2636 3147 καὶ
2676 3092 2996 3163 παραφορὰν
3028 3091 3122 3145 τοῦ
3187 3090 3577 3164 καθεστηκότος

321 3183 628 3251 εἰργάξετο.
698 3176 877 3252 "Amp
924 3181 1099 3234 πάντα
1185 3181 1304 3236 θεῖά
1347 3202 1407 3237 τε
1455 3188 1548 3240 καὶ
1583 3191 1817 3259 μαντικά
1854 3194 1966 3257 τοῖς
2002 3191 2379 3262 ἀπατωμένοις
2411 3190 2603 3251 ἐδόκει,
2631 3186 2738 3239 τῶν
2769 3203 2827 3240 τε
2869 3185 2929 3250 ἐξ
2972 3187 3179 3256 ἥπατος
3211 3187 3244 3258 ἢ
3279 3188 3446 3258 πυρὸς
3483 3204 3582 3258 σγ,-

329 3275 495 3344 μείοις
523 3275 637 3328 τισὶ
662 3266 724 3326 τὺ
756 3272 946 3336 μέλλον
981 3271 1425 3340 προεικαζόντων,
1454 3275 1487 3349 ἤ
1515 3278 1622 3333 τῶν
1648 3281 1781 3350 πρὸς
1800 3281 1898 3345 τὰς
1935 3283 2158 3352 πτήσεις
2191 3278 2300 3332 τῶν
2367 3275 2589 3347 ὀρνέων,
2661 3273 2832 3337 οὐδεὶς
2884 3275 3111 3344 ἀνέθηκε
3161 3276 3226 3345 τῇ
3274 3276 3579 3349 εἱμαρμένῃ

323 3367 418 3439 τήν
447 3368 548 3439 τῆς
586 3368 950 3439 προρρήσεως
996 3365 1250 3434 δύναμιν*
1308 3366 1445 3421 ἀλλά
1493 3388 1596 3424 τινι
1649 3372 1899 3445 δαιμονίᾳ⁸
1934 3355 2229 3441 κατακωχῇ
2260 3370 2319 3423 τὸ
2349 3367 2586 3422 τοιοῦτον
2617 3365 2936 3434 λογίζονται.

390 3461 542 3512 Οὕτω
568 3460 739 3530 φημὶ,
777 3458 811 3528 ἢ
850 3457 924 3527 μὴ
957 3452 1094 3509 εἶναι
1132 3455 1360 3511 καθόλου
1396 3461 1790 3532 προαγόρευσιν
1814 3463 1902 3516 διὰ

2077 3465 2256 3527 Quare
2283 3459 2534 3514 existimo
2566 3469 2658 3510 aut
2688 3471 2794 3510 non
2823 3469 2946 3510 esse
2996 3454 3216 3509 omnino
3255 3470 3380 3511 vera
3432 3457 3574 3509 vati»

327 3552 383 3606 τὸ
416 3554 636 3615 πολλοῖς
672 3553 1033 3619 ἐναντιώμασι
1070 3551 1168 3614 τὰς
1205 3551 1534 3622 προρρήσεις
1569 3552 1904 3623 ἐλέγχεσθαι,

323 3640 358 3712 ἦ
401 3644 557 3714 εἴπερ
610 3641 953 3695 ἀποδείκνυσί
1000 3658 1081 3704 τις
1130 3642 1296 3712 αὐτὴν
1337 3642 1412 3706 ὡς
1457 3643 1824 3714 προλέγουσάν
1856 3662 1908 3698 τι

327 3733 429 3785 τῶν
458 3733 862 3804 ἐκϐησομένων,
893 3733 1028 3803 ὅπερ
1073 3733 1164 3784 ἐπὶ
1197 3732 1304 3785 τῶν
1345 3732 1516 3786 ἄλλων
1542 3734 1769 3787 ἑκάστου
1795 3734 1905 3788 τῶν

325 3822 468 3875 κατά
508 3824 814 3896 πρόρρησιν
866 3823 1370 3892 ἐπιτυγχανομένων
1400 3822 1907 3893 καταλαμδάνομεν,

330 3911 487 3964 τοῦτο
513 3915 609 3965 καὶ
640 3915 729 3966 ἐπὶ
777 3911 870 3966 τοῦ
915 3915 1150 3965 τοιούτου
1197 3913 1292 3982 τῆς
1344 3914 1700 3985 προρρήσεως
1731 3916 1902 3979 εἴδους

322 4001 555 4070 οἰόμεθα
582 4003 770 4071 χρῆναι
804 4001 1060 4071 νομίζειν.
1094 3996 1239 4053 Ἷσον
1276 4001 1383 4072 γὰρ
1415 4003 1506 4053 ἐπὶ
1543 4002 1757 4055 πάντων
1786 4002 1906 4056 τού-

324 4105 433 4144 των
482 4091 621 4153 ἐστὶ,
658 4093 724 4145 τὸ
766 4094 825 4143 ἐν
864 4094 973 4155 τοῖς
1003 4091 1207 4144 πλείοσι
1230 4089 1634 4161 διαμαρτάνειν,
1665 4092 1726 4144 τό
1760 4109 1818 4145 τε
1853 4093 1910 4148 ἐν

322 4198 463 4235 τισιν
490 4181 672 4235 δοκεῖν
706 4183 783 4253 μὴ
813 4181 916 4246 ἔξω
956 4182 1053 4251 τῆς
1097 4179 1202 4233 τῶν
1247 4178 1626 4249 ἐκϐησομένων
1655 4179 1910 4250 ἀληθείας

320 4272 474 4340 ἄγειν
502 4274 610 4345 τὴν
644 4274 945 4344 πρόρρησιν
964 4289 978 4302 ’
1011 4271 1103 4323 καὶ
1132 4272 1196 4340 τῇ
1226 4269 1472 4339 ἀπατηλῇ
1505 4270 1611 4323 τῶν
1638 4269 1909 4340 δαιμόνων

2008 3552 2173 3615 cinia,
2204 3550 2349 3621 quod
2384 3548 2568 3603 multis
2611 3546 2894 3603 eventibus
2927 3547 3218 3601 contrariis
3249 3547 3557 3602 convelluno

2010 3646 2134 3701 tur;
2166 3647 2258 3693 aut
2298 3640 2346 3695 si
2377 3639 2500 3709 quis
2534 3634 2787 3692 ostendat
2821 3635 2989 3691 fatum
3028 3637 3446 3706 prazsigniticare
3475 3638 3567 3691 ab-

2008 3750 2167 3804 quem
2201 3733 2438 3787 futurum
2462 3739 2735 3793 eventum.
2769 3728 2914 3800 quod
2943 3728 2997 3781 in
3031 3728 3154 3782 aliis
3187 3727 3463 3791 omnibus,
3497 3728 3571 3782 itu

2010 3825 2085 3878 uti
2119 3823 2479 3893 prmnuntiata
2528 3818 2763 3884 fuerant,
2817 3816 3194 3873 evenientibus
3245 3816 3573 3883 reperimus.

2008 3914 2064 3970 id
2096 3915 2151 3969 in
2183 3912 2489 3984 hujusmodi
2536 3925 2755 3980 quoque
2802 3907 3202 3961 vaticinationis
3239 3920 3437 3975 genere
3475 3920 3568 3957 ne-

2008 4004 2254 4059 cessario
2293 4000 2517 4071 reperiri
2545 4013 2851 4054 censemus.
2882 3995 2987 4049 Par
3013 3996 3156 4049 enim
3202 3994 3255 4047 in
3289 3993 3375 4050 bis
3402 3995 3578 4047 omni-

2010 4095 2113 4150 bus
2144 4101 2226 4150 est
2256 4094 2418 4167 ratio,
2472 4100 2530 4144 ut
2560 4088 2767 4143 fatidici
2817 4086 2908 4139 ubi
2946 4086 3000 4138 in
3054 4085 3328 4156 plerisque
3356 4101 3576 4141 errave-

2009 4185 2138 4247 rint,
2168 4186 2222 4237 in
2247 4180 2574 4252 quibusdam
2603 4184 2752 4232 certe
2784 4175 3092 4229 futurorum
3115 4184 3409 4232 eventuum
3442 4179 3579 4231 veri.

2010 4280 2173 4328 tatem
2214 4267 2597 4325 vaticinatione
2647 4267 2935 4320 videantur
2968 4266 3233 4322 assecuti.
3270 4267 3448 4336 Atque
3493 4265 3575 4321 in»

2009 4373 2125 4415 star
2154 4358 2623 4413 fraudulentorum
2653 4356 2957 4409 daemonum
2989 4354 3043 4408 in
3088 4370 3208 4410 eam
3237 4370 3352 4410 rem
3384 4370 3576 4409 omnes

2010 4449 2370 4520 cogitationes
2424 4445 2715 4502 conferunt
2766 4452 2820 4500 et
2864 4460 3047 4507 curas,
3104 4453 3164 4500 ut
3208 4445 3479 4516 hominem
3510 4462 3577 4499 eo

2010 4543 2258 4612 redigant
2297 4556 2364 4597 ne
2411 4540 2601 4596 oculos
2643 4538 2711 4593 ad
2742 4536 2910 4593 Deum
2955 4544 3254 4601 convertat,
3308 4538 3376 4592 ab
3402 4552 3576 4607 eoque

314 4364 476 4433 γύσει
519 4363 749 4435 ὁμοίως,
788 4363 881 4416 καὶ
920 4362 1006 4415 διὰ
1049 4362 1250 4431 ταύτης
1277 4362 1370 4415 καὶ
1404 4362 1581 4431 πάσης
1610 4361 1852 4424 ἐπινοίας
1880 4365 1909 4416 ό

318 4457 521 4521 σκοπὸς
555 4454 946 4527 κατορθοῦταν
986 4456 1047 4506 το
1077 4453 1185 4524 γὰρ
1225 4452 1526 4523 ἀποστῆσαι
1568 4453 1659 4506 τὸν
1701 4452 1910 4524 ἀνθρω-

316 4566 417 4602 suav
444 4549 547 4602 τοῦ
584 4548 722 4618 πρὸς
753 4547 844 4599 τὸν
888 4545 1018 4598 Θεὸν
1049 4544 1285 4614 βλέπειν,
1320 4544 1570 4597 κάκεῖθεν
1613 4544 1787 4615 ἐαυτῷ
1814 4545 1908 4616 τὴν

312 4640 417 4692 τῶν
440 4639 677 4707 ἀγαθῶν
704 4641 897 4709 μοῖραν
934 4635 1388 4708 παρασκευάζειν,
1418 4634 1537 4688 ἀντὶ
1566 4634 1769 4699 παντὸς
1796 4638 1904 4699 τοῖς

2008 4633 2193 4687 omnia
2228 4631 2369 4687 bona
2418 4630 2695 4695 obtineat;
2749 4636 2911 4698 atque
2941 4628 3078 4683 adeo
3119 4628 3432 4689 consilium,
3467 4643 3577 4697 quo

308 4729 534 4801 δαίμοσι
574 4730 951 4793 σπουδάζεται.
989 4728 1062 4780 Τὸ
1096 4728 1273 4780 τοίνυν
1314 4723 1603 4778 πεπεῖσθαι
1646 4725 1773 4787 τοὺς
1817 4726 1904 4777 εὐ-

2011 4725 2260 4780 homines
2289 4725 2565 4794 simplices
2592 4731 2646 4778 et
2670 4720 2899 4777 fallaciis
2928 4720 3147 4775 obnoxii
3186 4734 3216 4772 a
3262 4719 3443 4774 divina
3477 4736 3575 4775 vo-

310 4820 709 4893 ιξαπατήτους,
759 4820 835 4891 μὴ
864 4821 959 4873 ἐπὶ
1004 4819 1081 4889 τῷ
1136 4818 1263 4889 θείῳ
1303 4816 1597 4888 βουλήματι
1646 4816 1714 4869 τὰ
1762 4817 1902 4870 κατά

2007 4819 2214 4871 luntate
2230 4815 2604 4887 amplectenda
2633 4821 2961 4868 revocantur
3005 4813 3072 4865 ad
3104 4812 3371 4880 ejusmodi
3398 4820 3578 4867 astro--

310 4909 400 4964 τὸν
446 4912 574 4981 βίον
623 4910 863 4963 κεῖσθαιο
907 4908 1019 4962 ἀλλ’
1071 4909 1164 4961 ἐπὶ
1209 4909 1275 4977 τῇ
1321 4905 1494 4975 τοιᾷδε
1543 4904 1650 4957 τῶν
1686 4905 1900 4976 ἄστρων

2007 4924 2126 4962 rum
2148 4908 2583 4977 conjunctiouem
2606 4921 2670 4961 ac
2690 4906 2797 4960 vim
2824 4905 2946 4961 inde
2968 4904 3311 4968 deﬂuentem,
3340 4906 3576 4959 maxime

305 4998 609 5071 διαπλοκῇ,
639 5002 734 5054 καὶ
775 5003 840 5072 τῇ
889 4998 1094 5052 ἐκεῖθεν
1127 4997 1467 5069 ἀπορῤεούσῃ
1496 4996 1742 5068 δυνάμει,
1770 4994 1901 5049 πάν-

308 5105 413 5145 των
438 5094 690 5164 μάλιστα
716 5094 851 5161 πρὸς
878 5093 970 5144 τὸν
996 5090 1196 5142 σκοπὸν
1218 5090 1314 5160 τῆς
1338 5089 1634 5159 βλαπτικῆς
1655 5087 1762 5140 τῶν
1789 5086 1902 5139 δαι-

308 5183 492 5249 μόνων
528 5181 744 5251 φύσεως
775 5181 979 5250 βλέπει.
1010 5180 1073 5233 Εἰ
1099 5175 1190 5232 οὖν
1227 5178 1615 5249 κεχαρισμένον
1648 5178 1763 5229 ἐστὶ
1788 5178 1901 5239 τοῖς

305 5270 560 5342 δαίμοσι,
596 5272 685 5325 τοῦ
710 5271 842 5325 Θεοῦ
875 5272 1177 5339 ἀποστῆσαι
1201 5268 1289 5320 τὸν
1316 5269 1616 5339 ἄνθρωπον,
1642 5266 1899 5335 ἀφίστησι

300 5363 355 5415 ἃ
387 5367 425 5434 ἡ
461 5364 607 5437 περὶ
629 5363 803 5418 ταῦτα
845 5363 1041 5431 πλάνη,
1084 5359 1460 5413 ἀποδείκνυται
1500 5359 1682 5426 σαφῶς
1712 5357 1900 5426 δαιμο-

306 5454 391 5505 νία
426 5471 521 5517 τις
580 5450 711 5508 οὖσα
759 5453 1026 5523 ἐνέργεια,
1075 5452 1142 5504 δι’
1188 5450 1401 5521 ἀπάτης
1446 5447 1898 5521 παρακρουομένη

302 5548 426 5608 τοὺς
456 5547 655 5597 πᾶσαν
684 5544 785 5612 μὲν
829 5545 885 5594 ἐν
927 5541 1134 5605 τούτοις
1173 5542 1272 5612 τὴν
1315 5539 1541 5609 δύναμιν
1582 5533 1720 5591 εἶναι
1750 5535 1899 5607 νομί-

306 5635 503 5699 (me;
521 5652 539 5666 ο
584 5636 715 5707 πρὸς
742 5635 798 5687 δὲ
829 5634 1117 5688 παντοδύνα
1128 5650 1226 5706 μον
1256 5631 1350 5687 τοῦ
1381 5631 1515 5686 Θεοῦ
1546 5631 1793 5698 ἐξουσίαν
1821 5628 1894 5699 μὴ

302 5725 517 5779 ἀπνῶέ
526 5739 746 5783 ποντας.

2005 4999 2071 5053 ad
2113 5001 2471 5069 malignorum
2506 4998 2809 5053 dwmonum
2854 5004 3066 5066 spectat
3106 5011 3356 5065 scopum.
3386 4994 3576 5065 Itaque

2005 5091 2050 5145 si
2094 5090 2395 5159 jucundum
2429 5100 2513 5145 est
2562 5089 2899 5143 daanmnibus
2929 5088 3141 5143 animos
3187 5087 3469 5141 hominum
3505 5091 3574 5140 at»

2008 5180 2244 5232 amicitia
2273 5176 2364 5233 Dei
2395 5189 2660 5242 avertere,
2690 5179 2879 5247 sicque
2903 5177 3100 5232 avertit
3127 5175 3354 5230 istarum
3387 5192 3569 5233 rerum

2009 5268 2259 5323 fallacia:
2316 5270 2662 5339 perspicuum
2719 5267 2777 5321 fit
2830 5267 2881 5321 id
2934 5269 3241 5322 daemonum
3296 5268 3569 5338 quoddam

2003 5375 2126 5416 esse
2174 5374 2331 5429 opus,
2381 5368 2753 5429 comparatum
2817 5359 2882 5412 ad
2936 5358 3283 5428 decipiendos
3324 5373 3439 5421 eos,
3477 5360 3570 5428 qui

2002 5466 2217 5506 omnem
2246 5451 2393 5504 illam
2438 5451 2542 5505 vim
2573 5450 2721 5505 hisce
2751 5450 2913 5504 rebus
2957 5450 3221 5505 contineri
3254 5450 3567 5520 opinantur,

2000 5557 2179 5611 neque
2227 5542 2416 5598 oculos
2459 5542 2526 5596 ad
2573 5540 2664 5595 Dei
2721 5556 2989 5598 summam
3046 5550 3370 5598 convertunt
3420 5547 3569 5608 pote-

2002 5643 2194 5691 atatem
2205 5676 2218 5689 .
