4008 6210
515 397 621 454 175
1758 411 1814 466 S.
1838 408 2098 465 CREGOI‘

2147 410 2162 463 l
2196 408 2488 464 NYSSENI
3640 405 3724 459 l76

512 534 2612 567 wﬁm
2618 544 2705 565 Ξ

1440 702 1663 787 ΤΟΥ
1760 702 2135 788 ΑΥΤΟΥ
2250 702 2455 784 ΓΡΗ
2467 699 2865 785 ΓΟΡΙΟΥ

1857 884 2048 935 ΠΡΟΣ
2074 885 2214 936 ΕΛΛ
2226 884 2412 934 ΗΛἉΣ

1082 1050 1295 1169 ΕΚ
1382 1053 1683 1166 ΤΩΝ
1779 1049 2380 1164 ΚΟΙΝΩΝ
2463 1047 3189 1163 ΕΝΝΟΙΩΝ.

2618 538 3728 568 ωτι-22³

1513 1453 1639 1539 EJ
1664 1453 2048 1541 USDEM
2121 1452 2211 1541 S.
2271 1449 2843 1542 GREGORII

1574 1642 1993 1699 TRACTATUS
2026 1643 2412 1701 ADVERSUS
2456 1645 2765 1703 GRAECOS

924 1818 1128 1931 EX
1206 1820 2270 1938 COMMUNIBUS
2330 1820 3359 1939 NOTIONIBUS.

1510 2038 1779 2088 Federicus
1802 2037 2202 2089 Morellusinler.
2224 2039 2349 2102 Reg.
2393 2037 2569 2089 Latine
2617 2039 2778 2091 vertit.

598 2333 654 2388 Si
684 2348 878 2389 nomen
921 2333 1023 2389 hoc
1070 2333 1214 2391 Deus
1260 2352 1615 2407 personarum
1670 2337 2089 2408 siguilicalivum
2121 2342 2164 2396 Α

2266 2337 2325 2388 El
2375 2335 2433 2388 τὸ
2468 2334 2598 2399 Θεὸς
2638 2335 2806 2405 ὄνομα
2846 2332 3146 2403 προσώπων
3182 2331 3472 2404 δηλωτικὸν
3514 2334 3711 2404 ὑπῆρχε
3737 2374 3751 2398 ,

527 2433 692 2490 esset,
728 2440 850 2481 cum
904 2436 1016 2485 tres
1062 2443 1321 2499 personas
1368 2429 1619 2492 dicimus,
1665 2446 1731 2485 ex
1765 2431 2088 2487 necessitate

2190 2429 2315 2501 τρία
2343 2429 2603 2499 πρόσωπα
2643 2428 2909 2495 λέγοντες,
2947 2425 3005 2489 ἐξ
3032 2425 3273 2496 ἀνάγκης
3306 2424 3371 2478 ἂν
3410 2427 3556 2495 τρεῖς
3586 2424 3755 2493 ἐλέγο-

527 2524 639 2570 tres
667 2516 971 2574 diceremus
992 2519 1143 2586 deos;
1179 2518 1322 2589 quod
1351 2520 1394 2574 si
1417 2519 1557 2575 Deus
1585 2514 1835 2576 essentne
1864 2520 2089 2576 denota-

2196 2535 2292 2589 μεν
2314 2515 2496 2579 θεούςο
2522 2519 2567 2570 εί
2601 2516 2657 2569 δὲ
2691 2516 2820 2578 Θεὸς
2856 2516 3026 2584 ὄνομα
3059 2515 3241 2577 οὐσίας
3274 2517 3598 2586 σημαντικόν
3623 2518 3752 2578 ἐστι,

527 2607 694 2662 tivum
723 2594 918 2665 nomen
945 2619 1047 2678 est,
1090 2611 1216 2666 dum
1250 2625 1411 2665 unam
1443 2613 1733 2666 essentiam
1769 2612 2090 2667 confitemur

2227 2608 2321 2661 ,ίαν
2373 2606 2559 2660 οὐσίαν
2607 2605 2987 2677 ὁμολογοῦντες
3037 2608 3134 2676 τῆς
3185 2604 3342 2673 ἁγίας
3386 2606 3627 2677 Τριάδος,
3664 2605 3757 2657 ἕνα
3796 2622 3810 2659 t

529 2706 730 2753 sancta:
751 2697 1054 2766 Trinitatis,
1084 2715 1251 2755 unum
1273 2699 1441 2754 Deum
1474 2701 1667 2755 merito
1700 2700 2087 2770 gloriﬁcamus,

2190 2695 2320 2748 Θεὸν
2353 2694 2575 2757 εἰκότως
2617 2693 2934 2763 δοξάζομεν·
2972 2693 3092 2744 ἐπεὶ
3129 2694 3255 2763 μιᾶς
3295 2694 3479 2757 οὐσίας
3508 2693 3563 2746 ἒν
3595 2693 3756 2761 ὄνομα

528 2791 654 2860 quia
692 2791 853 2847 unius
883 2792 1202 2847 substantiae
1233 2807 1400 2845 unum
1438 2806 1657 2853 nomen,
1694 2790 1836 2846 Deus
1862 2799 1967 2847 est.
2008 2790 2091 2845 ld-

2188 2783 2249 2837 τὸ
2280 2784 2410 2849 Θεός
2439 2786 2572 2837 ἐστι.
2611 2783 2700 2836 Διὸ
2736 2782 2830 2836 καὶ
2859 2780 3161 2846 ἀκολούθως
3206 2787 3269 2853 τῇ
3299 2802 3357 2837 τε
3390 2783 3544 2855 οὐσίᾳ
3570 2784 3659 2837 καὶ
3682 2783 3758 2851 τῷ

528 2879 678 2933 circo
714 2889 1076 2951 congruenter
1110 2887 1164 2934 et
1207 2879 1524 2934 substantize
1570 2888 1622 2933 et
1674 2880 1903 2945 nomini,
1948 2895 2091 2934 unus

2188 2870 2431 2940 ὀνόματι,
2459 2865 2538 2933 εἷς
2586 2871 2699 2923 ἐστι
2743 2868 2894 2934 Θεὸς,
2932 2869 2992 2922 οὐ
3026 2873 3193 2941 τρεῖς.
3224 2871 3362 2926 Οῦτε
3392 2873 3499 2945 γὰρ
3521 2873 3646 2927 Θεὸν
3670 2874 3760 2928 καὶ

526 2976 613 3024 est
640 2967 804 3033 Deus,
839 2978 894 3024 et
923 2985 1031 3023 non
1076 2977 1206 3024 tres.
1240 2967 1423 3039 Neque
1468 2971 1611 3024 enim
1644 2968 1809 3025 Deum
1839 2984 1890 3025 et
1925 2971 2087 3025 Deum

2191 2959 2321 3014 Θεὸν
2364 2960 2457 3014 καὶ
2505 2960 2633 3013 Θεόν
2681 2976 2877 3030 φαμεν,
2921 2958 3107 3031 ὥσπερ
3152 2962 3378 3033 λέγομεν
3423 2965 3635 3036 Πατέρα
3668 2967 3762 3019 καὶ

527 3071 581 3113 et
609 3058 776 3114 Deum
804 3059 1056 3125 dicimus,
1089 3059 1235 3115 velut
1279 3058 1517 3115 dicimus
1545 3058 1759 3115 Patrem
1809 3068 1863 3116 et
1892 3059 2089 3115 Filium

2191 3051 2317 3104 Υίὸν
2347 3051 2439 3105 καὶ
2489 3052 2642 3119 ἅγιον
2686 3051 2927 3120 Πνεῦμα,
2975 3050 3067 3103 ἐπὶ
3113 3055 3221 3116 τοῖς
3258 3054 3482 3126 ὀνόμασι
3525 3059 3633 3119 τοῖς
3658 3056 3761 3109 τῶν

529 3155 583 3201 et
643 3146 902 3215 Spiritum
956 3155 1226 3213 sanctum,
1294 3148 1608 3204 nominibus
1657 3164 1775 3218 qua:
1830 3164 2092 3220 personas

2195 3139 2497 3209 προσώπων
2536 3144 2886 3211 σημαντικοῖς
2937 3142 3332 3212 συμπλέκοντες
3363 3145 3454 3197 τὸν
3504 3146 3597 3200 καὶ
3642 3146 3765 3200 σύν-

534 3233 863 3304 signilicant,
918 3244 1307 3293 connectentes
1349 3237 1465 3308 (et)
1515 3238 1979 3308 conjunctionem.
2017 3239 2092 3294 Eo

2190 3230 2406 3302 δεσμον.
2437 3230 2535 3285 Διὰ
2578 3231 2638 3284 τὸ
2666 3232 2739 3302 μὴ
2784 3232 2952 3286 ταύτὰ
2985 3229 3117 3287 εἶναι
3150 3234 3217 3287 τὰ
3248 3236 3529 3306 πρόσωπα,
3557 3239 3767 3310 ἑτεροῖα

531 3325 675 3396 quod
708 3340 813 3381 non
841 3328 1039 3383 eaedem
1067 3328 1177 3384 sint
1210 3342 1475 3399 personae,
1502 3328 1596 3384 sed
1625 3328 1853 3384 diversa:
1885 3328 2089 3397 potius,

2191 3319 2498 3389 δὲμᾶλλον,
2543 3320 2637 3374 καὶ
2684 3320 3003 3392 διαφέροντα
3053 3324 3291 3394 ἀλλήλων
3338 3326 3479 3379 κατὰ
3527 3328 3623 3398 τὴν
3661 3328 3766 3381 τῶν

532 3424 585 3471 et
618 3431 647 3470 a
675 3424 732 3473 Se
764 3417 994 3473 invicem
1034 3434 1131 3487 pro
1166 3418 1472 3489 signiﬁcatu
1525 3419 1808 3473 nominum
1840 3417 2094 3475 dill‘eren-

2191 3411 2466 3481 ὀνομάτων
2496 3412 2786 3481 σημασίαν.
2840 3412 2929 3483 Τῷ
2972 3413 3027 3465 δὲ
3069 3414 3199 3478 Θεὸς
3240 3416 3462 3486 ὀνόματι
3490 3419 3770 3491 δηλωτικῷ

532 3514 637 3560 tes.
667 3504 864 3560 Verum
902 3507 1104 3561 nomini
1143 3506 1350 3578 (Deus)
1379 3508 1525 3577 quod
1556 3508 1972 3579 signiﬁcativum
2011 3518 2091 3565 est

2192 3501 2290 3571 τῆς
2319 3501 2505 3564 οὐσίας
2533 3502 2644 3554 ὄντι
2674 3502 2736 3555 ἐκ
2774 3520 2914 3567 τινος
2954 3504 3237 3575 ἰδιώματος
3266 3507 3555 3579 προσόντος
3580 3510 3768 3581 αὐτῆς,

534 3594 790 3650 essentia:
817 3609 882 3650 ex
911 3596 1086 3664 aliqua
1115 3597 1463 3666 praprietate,
1499 3612 1618 3667 quae
1646 3596 1749 3667 ipsi
1785 3600 1945 3658 inest,
1980 3616 2084 3652 non

2194 3588 2255 3640 οὐ
2287 3589 2627 3660 συνάπτομεν
2651 3590 2739 3643 τὸν
2772 3593 2865 3644 καὶ
2893 3591 3207 3664 σύνδεσμον,
3228 3593 3366 3648 ὥστε
3397 3596 3572 3664 λέγειν
3601 3601 3770 3668 ἡμᾶς,

534 3683 916 3754 conjungimus
961 3684 1207 3754 copulam
1245 3684 1361 3756 (et)
1397 3692 1454 3739 ut
1507 3686 1773 3751 dicamus,
1836 3685 1999 3740 Deum
2040 3693 2093 3740 et

2194 3681 2325 3735 Θεὸν
2357 3682 2450 3735 καὶ
2495 3682 2624 3734 Θεὸν
2677 3682 2770 3735 καὶ
2809 3683 2939 3736 Θεόν
2959 3699 2974 3715 ο
3009 3683 3235 3756 ἐπείπερ
3258 3684 3290 3755 ἡ
3310 3686 3445 3759 αὑτὴ
3469 3687 3553 3740 ἐπ’
3572 3692 3591 3710 '
3616 3690 3776 3742 οὐσία

540 3774 705 3829 Deum
739 3784 794 3828 et
824 3772 991 3829 Deum
1016 3794 1028 3828 :
1060 3776 1186 3845 quia
1212 3775 1399 3831 eadem
1439 3785 1522 3831 est
1548 3776 1809 3843 essentia,
1835 3792 1953 3847 quae
1976 3793 2094 3847 per-

2194 3774 2229 3843 ἥ
2259 3774 2371 3824 ἐστι
2406 3772 2473 3825 τὰ
2495 3772 2775 3843 πρόσωπα.
2813 3774 2904 3826 καὶ
2931 3773 2995 3844 ἣν
3036 3776 3283 3845 σημαίνει
3316 3775 3374 3828 τὸ
3399 3774 3527 3838 Θεὸς
3567 3777 3773 3848 ὄνομα·

538 3877 686 3920 sonte
708 3870 856 3929 sunt,
900 3870 958 3918 et
989 3878 1151 3934 quam
1200 3878 1400 3919 nomen
1437 3865 1538 3918 hoc
1570 3864 1773 3935 (Deus)
1803 3866 2092 3939 significat,

2202 3864 2275 3917 διὸ
2301 3863 2393 3915 καὶ
2430 3863 2458 3915 6
2486 3863 2646 3926 αὐτὸς
2680 3865 2707 3916 6
2738 3862 2888 3927 Θεός.
2932 3864 2989 3918 Ὀ
3019 3864 3072 3917 δὲ
3108 3865 3268 3922 αὐτὸς
3316 3866 3409 3921 xal.
3450 3865 3785 3937 ἐπιδηλώσει

536 3964 823 4026 propterea
850 3953 996 4023 quod
1039 3954 1201 4009 etiam
1232 3954 1371 4008 idem
1415 3953 1530 4024 ipse
1566 3953 1745 4010 Deus:
1795 3954 1934 4009 idem
1969 3971 2097 4012 vero

2198 3951 2289 4005 τοῦ
2325 3952 2487 4006 αὑτοῦ
2520 3954 2580 4006 οὐ
2610 3952 2976 4021 συμπλέκεται
3012 3972 3161 4010 ποτε.
3213 3956 3273 4009 El
3311 3955 3367 4008 δὲ
3400 3954 3628 4027 λέγομεν
3665 3953 3781 4010 Παέ

538 4043 748 4114 adjecta
770 4043 1134 4100 declaratione
1156 4045 1327 4115 ipsius
1346 4061 1453 4100 non
1474 4046 1818 4101 connectitur
1836 4062 2094 4116 unquam.

2197 4043 2329 4114 τέρα
2353 4042 2502 4103 Θεὸν,
2541 4044 2632 4096 καὶ
2664 4043 2790 4096 Υἱὸν
2826 4044 2975 4108 Θεὸν,
3020 4046 3114 4098 καὶ
3147 4044 3370 4115 Πνεῦμα
3415 4045 3568 4114 ἅγιον
3620 4045 3779 4111 Θεὸν,

539 4137 695 4203 Quod
739 4136 784 4191 si
812 4136 1049 4193 dicimus
1082 4134 1297 4193 Patrem
1350 4136 1542 4201 Deum,
1595 4146 1648 4192 et
1683 4135 1878 4192 Filium
1908 4136 2097 4201 Deum,

2202 4134 2232 4204 ἢ
2282 4134 2412 4186 Θεὸν
2462 4134 2696 4205 Πατέρα,
2748 4134 2839 4186 καὶ
2887 4134 3014 4189 Θεὸν
3055 4135 3201 4199 Υἱὸν,
3247 4136 3339 4189 καὶ
3377 4137 3507 4189 Θεὸν
3550 4137 3785 4209 Πνεῦμα

538 4236 593 4281 et
620 4224 886 4296 Spiritum
926 4232 1174 4281 sanctum
1208 4224 1396 4288 Deum,
1446 4227 1527 4281 vel
1557 4225 1723 4281 Deum
1763 4225 1998 4291 Patrem,
2047 4234 2100 4281 ct

2209 4224 2370 4293 ἅγιον,
2398 4225 2485 4278 τὸν
2514 4225 2607 4279 καὶ.
2636 4224 2927 4295 σύνδεσμον
2957 4227 3075 4281 κατ’
3100 4227 3308 4281 ἔννοιαν
3339 4230 3448 4292 τοῖς
3476 4229 3585 4282 τῶν
3608 4246 3792 4299 προσ-

543 4315 707 4371 Deum
738 4315 954 4381 Filium,
995 4324 1050 4372 et
1079 4316 1248 4371 Deum
1285 4316 1550 4386 Spiritum
1605 4325 1876 4385 sanctum,
1925 4318 2101 4375 notio-

2211 4312 2361 4367 ὧπων
2400 4316 2618 4385 ὀνόμασι
2649 4316 3005 4385 συνάπτομεν.
3039 4315 3182 4381 Οἷον,
3225 4319 3447 4390 Πατέρι,
3480 4317 3615 4388 mp,
3638 4320 3794 4391 ἁγιῳ

541 4420 665 4460 nem
718 4419 1073 4475 personarum
1130 4406 1445 4461 nominibus
1503 4409 1846 4478 copulamus,
1908 4425 2101 4479 nempe

2210 4404 2495 4476 Πνεῦματι,
2536 4405 2623 4459 ἵνα
2752 4407 2960 4478 Πατὴρ,
2999 4407 3143 4471 Υἱὸς,
3183 4409 3275 4461 καὶ
3326 4410 3479 4477 ἄτιον
3527 4409 3793 4479 Πνεῦμα,

473 4482 483 4492 '
536 4493 709 4559 Patri,
749 4492 908 4563 Filio,
960 4502 1154 4551 sancto
1193 4494 1444 4565 Spiritui,
1492 4506 1550 4551 ut
1602 4501 1669 4554 sit
1717 4498 1893 4565 Pater,
1930 4499 2056 4554 Filii

2211 4497 2441 4550 τουτέστι
2479 4497 2786 4567 πρόσωπον,
2825 4497 2919 4551 καὶ
2963 4498 3271 4570 πρόσωπον,
3317 4499 3409 4553 καὶ
3459 4499 3794 4570 πρόσωπον.

534 4583 844 4661 θῑβρίιδίιιιε
861 4588 1104 4646 sanctus,
1123 4584 1223 4638 hoc
1241 4593 1324 4639 est
1340 4600 1568 4654 persona
1587 4595 1638 4640 et
1656 4596 1954 4656 personaet
1974 4603 2103 4658 per-

2220 4587 2290 4640 ltb
2317 4586 2410 4640 καὶ
2437 4587 2561 4656 τρία
2594 4587 2875 4665 πρόσωπα.
2917 4589 2989 4641 Τὸ
3031 4588 3087 4640 δὲ
3125 4588 3254 4653 Θεὸς
3278 4589 3465 4659 ὄνομα,
3495 4580 3803 4653 ἀπολὺτως

539 4677 919 4733 sona.ldcirco
938 4686 990 4733 et
1009 4685 1119 4733 tres
1139 4686 1266 4732 sunt
1291 4693 1551 4747 personae.
1572 4677 1775 4733 Nomen
1798 4687 1976 4734 autem
1999 4680 2101 4735 hoc

2221 4679 2294 4731 ιαὶ
2323 4677 2581 4741 ὡσαύτως
2630 4679 3011 4749 κατηγορεῖται
3060 4680 3288 4732 ἑκάστου
3326 4679 3433 4733 τῶν
3471 4677 3804 4749 προσώπων

539 4768 746 4840 (Deus)
780 4769 1024 4824 absolute
1048 4778 1100 4824 et
1126 4768 1314 4824 eodem
1341 4769 1497 4824 modo
1526 4770 1851 4839 prmdicatur
1874 4770 1940 4825 de
1966 4787 2101 4825 una-

2225 4769 2327 4821 ἱνευ
2355 4767 2447 4820 τοῦ
2479 4769 2573 4821 καὶ
2609 4768 2923 4838 συνδέσμου,
2950 4768 3089 4822 ὥστε
3128 4770 3200 4839 μὴ
3230 4769 3483 4823 δύνασθαι
3511 4770 3670 4839 ἡμᾶς
3705 4769 3808 4823 λέ-

539 4875 753 4932 quaque
774 4875 1151 4931 personarum.
1174 4860 1380 4929 absque
1402 4860 1787 4928 conjunctione
1810 4860 1927 4931 (et),
1953 4862 2023 4915 ita
2045 4869 2101 4915 ut

2226 4876 2317 4912 ἐιν
2344 4858 2494 4924 Θεὸν,
2529 4859 2621 4912 καὶ
2659 4858 2809 4921 Θεὸν,
2850 4860 2942 4913 καὶ⁷
2978 4860 3137 4913 Θεόν·
3170 4859 3303 4913 ἀλλὰ
3330 4863 3466 4913 νοεῖν
3511 4861 3574 4913 τὸ
3613 4860 3809 4930 ὄνομα

540 4968 647 5008 non
676 4951 951 5022 possimus
976 4950 1157 5007 dicere
1186 4950 1351 5005 Deum
1386 4961 1439 5012 et
1478 4951 1642 5007 Deum
1672 4963 1724 5007 et
1758 4952 1924 5007 Deum
1951 4971 1966 5019 ;
2006 4954 2100 5008 sed

2231 4950 2381 5023 ‘plrov
2429 4950 2525 5019 μὲν
2574 4951 2858 5021 λεγόμενον
2895 4954 2960 5022 τῇ
3008 4956 3177 5023 φωνῇ,
3209 4952 3295 5006 διὰ
3342 4955 3409 5005 τὰ
3444 4949 3814 5021 ὑποκείμενα

538 5043 838 5115 intelligere
909 5056 1103 5097 nomen
1169 5044 1332 5097 tertio
1383 5044 1598 5113 quidem
1665 5045 1867 5098 dictum
1947 5060 2101 5111 voce,

2228 5015 2491 5112 ερόσωπ-α,
2524 5015 2959 5113 προϐαλλόμενον.
3004 5015 3059 5095 δὲ
3209 5042 3526 5113 δευτερώσει
3731 5045 3811 5112 τῇ

542 5140 763 5203 prepter
808 5145 1071 5201 personas
1114 5130 1419 5200 subjectus,
1465 5133 1800 5202 propositum
1856 5147 1984 5186 vero
2013 5147 2102 5187 se-

2232 5131 2475 5202 τριτώσει,
2509 5131 2636 5185 ἄνευ
2664 5131 2757 5183 τοῦ
2791 5132 2882 5184 καὶ
2920 5133 3234 5202 συνδέσμου,
3266 5134 3353 5187 διὰ
3389 5132 3450 5185 τὸ
3483 5131 3557 5203 μὴ
3596 5132 3815 5203 ἕτερον

538 5223 718 5277 eunda
761 5232 815 5278 et
862 5222 1022 5278 tertia
1077 5222 1400 5292 repetitione
1445 5223 1652 5292 absque
1713 5221 2102 5291 conjunctione

2233 5223 2297 5275 :al.
2340 5222 2524 5293 ἕτερον
2557 5218 2691 5276 εἶναι
2724 5222 2874 5277 Θεόν.
2914 5224 2987 5277 Οὐ
3021 5224 3128 5294 γὰρ
3163 5224 3297 5277 καθὸ
3338 5224 3433 5296 τὴν
3484 5223 3816 5294 ἑτερότητα

540 5312 823 5383 (et),quia
874 5328 981 5367 non
1038 5312 1178 5367 alius
1238 5320 1400 5383 atque
1447 5312 1584 5367 alius
1631 5312 1774 5368 Deus
1826 5321 1929 5367 est.
1982 5311 2098 5366 Non

2230 5312 2366 5377 τώζει
2400 5313 2587 5385 Πατὴρ
2620 5314 2755 5383 πρὸς
2789 5313 2933 5380 Υἱὸν,
2970 5316 3108 5368 κατὰ
3155 5315 3311 5369 τοῦτο
3343 5316 3472 5379 Θεὸς
3504 5316 3532 5367 6
3568 5315 3813 5385 Πατήρ.

539 5402 683 5458 enim
732 5410 1003 5472 quatenus
1036 5402 1197 5459 Pater
1225 5401 1495 5458 diversam
1527 5404 1907 5474 proprietatem
1943 5417 2096 5475 suam

2237 5402 2360 5457 υῦτω
2387 5404 2494 5475 γὰρ
2520 5405 2621 5467 οὐκ
2647 5404 2712 5458 ἂν
2744 5405 2873 5470 Θεὸς
2899 5407 2927 5459 6
2956 5406 3109 5471 Υἱός⁸
3138 5409 3187 5459 εί
3228 5409 3336 5480 γὰρ
3374 5407 3494 5460 ἐπεὶ
3532 5406 3752 5475 Πατὴρ
3785 5408 3820 5458 ὁ

542 5502 725 5550 servat
776 5494 918 5564 apud
952 5493 1175 5560 Filium,
1223 5496 1379 5566 juxta
1435 5496 1536 5550 hoe
1588 5495 1730 5551 Deus
1776 5503 1861 5550 est
1899 5494 2097 5549 Pater:

2238 5496 2417 5565 ἰατὴρ,
2447 5494 2534 5548 διὰ
2559 5495 2714 5549 τοῦτο
2736 5497 2829 5549 καὶ
2852 5497 2982 5559 Θεὸς
3010 5500 3039 5551 6
3064 5499 3251 5568 Πατήρ
3269 5514 3280 5527 ·
3322 5499 3442 5551 ἐπεὶ
3484 5498 3557 5568 μὴ
3594 5496 3821 5566 Πατὴρ

544 5598 778 5654 namque
826 5584 898 5638 ita
949 5599 1054 5638 non
1111 5585 1252 5642 Deus
1294 5595 1440 5643 esset
1468 5586 1682 5654 Filius;
1729 5587 1820 5640 sed
1875 5587 2019 5639 enim
2057 5585 2101 5639 si

2267 5586 2411 5650 Υἱὸς,
2436 5588 2498 5639 οὐ
2537 5587 2666 5650 Θεὸς
2697 5589 2725 5639 6
2761 5588 2916 5651 Υἱόςο
2952 5589 2999 5641 εἰ
3026 5589 3080 5643 δὲ
3119 5589 3249 5653 Θεὸς
3285 5592 3313 5643 6
3350 5590 3494 5655 Υἱὸς,
3526 5589 3635 5641 οὐκ
3675 5587 3824 5638 ἐπεὶ

541 5676 671 5748 quia
723 5673 884 5730 Pater
932 5683 1016 5731 est
1063 5674 1242 5742 Pater,
1297 5688 1579 5750 propterea
1635 5687 1688 5733 et
1741 5677 1882 5731 Deus
1919 5674 2100 5738 Pater,

2243 5679 2353 5742 ’ἱό;.
2395 5678 2622 5748 Ὁμοίως
2652 5680 2745 5732 καὶ
2782 5681 2810 5733 6
2836 5680 3041 5751 Πατὴρ,
3070 5681 3169 5734 οὐκ
3202 5678 3322 5734 ἐπεὶ
3370 5681 3582 5750 Πατὴρ,
3620 5678 3783 5740 Θεός
3810 5693 3826 5707 ·

545 5766 801 5839 quoniam
853 5779 963 5821 non
1015 5763 1179 5821 Pater
1212 5764 1405 5829 Filius.
1449 5784 1555 5824 non
1590 5767 1733 5822 Deus
1779 5763 1951 5819 Filius
1992 5782 2006 5817 :
2057 5764 2104 5817 si

2246 5769 2324 5824 ).λ’
2362 5770 2481 5824 ἐπεὶ
2524 5771 2679 5825 οὐσία
2710 5772 2906 5839 τοιάδε,
2944 5769 3024 5837 εἷς
3054 5774 3168 5827 ἐστι
3204 5773 3413 5844 Πατὴρ,
3458 5772 3552 5824 καὶ
3597 5770 3630 5822 ὁ
3669 5768 3829 5833 Υἱὸς
