4008 6210
367 330 446 388 177

1446 331 1530 386 DE
1568 329 2022 388 COMMUNIBUS
2063 325 2502 384 NOTIONIBUS.

3448 323 3550 376 1⁵18

364 445 478 510 Θεός.
501 445 590 497 Καὶ
607 445 669 497 δι’
693 444 759 514 ἢν
784 447 961 500 αἰτίαν
986 447 1178 518 Πατὴρ
1193 447 1342 511 Θεὸς,
1367 449 1458 500 καὶ
1482 449 1607 510 Υἱὸς
1621 449 1881 513 Θεὸς,καὶ

2004 460 2114 502 iero
2141 441 2287 500 Deus
2319 441 2512 504 Filius,
2544 455 2650 496 non
2692 440 2820 512 quia
2854 440 3059 496 Filius:
3102 437 3355 496 similiter
3383 435 3551 492 etiam

362 531 540 600 Πνεῦμα
570 530 716 598 ἅγιον
743 529 876 594 Θεός
897 544 909 559 ·
947 531 1021 601 μὴ
1059 531 1437 603 διαιρουμένης
1482 532 1538 585 δὲ
1572 535 1668 604 τῆς
1699 533 1883 596 οὐσίας

355 625 400 676 ἐι
413 622 599 690 ἑκάστῳ
613 621 717 674 τῶν
738 620 1066 692 προσώπων,
1087 621 1227 676 ὥστε
1252 623 1345 676 καὶ
1368 625 1516 693 τρεῖς
1537 617 1676 676 εἶναι
1700 622 1884 685 οὐσίας

353 710 467 765 κιτὰ
486 709 548 762 τὰ
582 711 865 780 πρόσωπα,
893 709 1047 780 δῆλον
1070 711 1152 763 ὅτι
1176 708 1300 762 οὐτε
1327 709 1387 762 τὸ
1415 708 1582 780 ὄνομα
1608 702 1883 778 διαιρεθή-

352 818 475 855 σεται
500 801 625 872 ὅπερ
660 801 913 872 σημαίνει
935 802 1034 872 τὴν
1061 801 1268 864 οὐσίαν,
1294 801 1416 854 οὐτε
1457 801 1518 854 τὸ
1553 800 1682 865 Θεὸς
1722 803 1799 864 εἰς
1827 800 1886 852 τὸ

349 886 463 944 εἶναι
485 892 618 960 τρεῖς
659 891 847 956 θεούς·
882 892 997 946 ἀλλ’
1035 891 1221 964 ὥσπερ
1258 895 1410 946 οὐσία
1437 895 1464 947 ὁ
1494 894 1702 964 Πατὴρ,
1731 893 1885 946 οὐσία

348 980 510 1044 ὁΥίὸς,
535 979 686 1032 οὐσία
713 979 775 1033 τὸ
809 981 961 1048 ἅγιον
1001 982 1218 1052 Πνεῦμα
1238 999 1250 1012 ·
1285 984 1376 1035 καὶ
1411 983 1471 1036 οὐ
1502 987 1648 1054 τρεῖς
1675 982 1850 1035 οὐσίαι
1869 998 1883 1012 ’

345 1071 464 1122 οὕτω
488 1071 572 1122 καὶ
598 1069 732 1134 Θεὸς
757 1075 784 1124 ὀ
807 1073 956 1142 ﬂuxi;
965 1090 1014 1142 ρ,
1042 1073 1174 1136 Θεὸς
1203 1076 1230 1126 ὁ
1259 1073 1406 1138 Υἱὸς,
1432 1074 1564 1138 Θεὸς
1584 1073 1644 1127 τὸ
1667 1073 1890 1144 Πνεῦμα

275 1179 286 1216 t
343 1162 394 1214 τὸ
416 1162 568 1230 ἄτιον,
597 1163 693 1216 καὶ
726 1163 785 1216 οὐ
824 1165 971 1236 τρεῖς
997 1163 1125 1218 θεοί.
1166 1160 1257 1228 Εἷς
1286 1165 1393 1236 γὰρ
1419 1165 1548 1228 Θεὸς
1589 1166 1680 1218 καὶ
1722 1167 1750 1219 ὁ
1793 1165 1886 1219 αὐ-

467 1254 579 1306 ἑπεὶ
603 1254 701 1308 καὶ
734 1255 831 1324 μία
854 1255 1010 1308 οὐσία
1049 1256 1082 1326 ἡ
1125 1256 1259 1326 αὐτή
1278 1272 1292 1288 ο
1327 1258 1373 1309 εί
1401 1256 1494 1310 καὶ
1524 1255 1750 1310 ἕκαστον
1781 1255 1889 1308 τῶν

343 1343 616 1413 προσώπων
651 1343 892 1414 λέγεται,
926 1345 1018 1400 καὶ
1049 1347 1286 1400 ὲνούσιον
1329 1348 1421 1400 καὶ
1458 1347 1617 1411 Θεόςο
1650 1347 1742 1402 καὶ
1782 1347 1889 1417 γὰρ

339 1433 521 1504 ἀνάγκη
565 1437 718 1504 τρεῖς
763 1435 942 1504 λέγειν
983 1437 1171 1502 οὐσίας
1215 1438 1452 1509 Πατέρος
1499 1439 1592 1492 καὶ
1628 1437 1753 1492 Υίοῦ
1797 1438 1892 1492 καὶ

337 1525 468 1592 ἁγίου
484 1525 623 1579 Πνεύ
632 1543 800 1598 ματος
816 1543 832 1559 ο
856 1529 977 1582 ἐπεὶ
1003 1527 1158 1582 οὐσία
1180 1528 1288 1582 τῶν
1317 1527 1620 1600 προσώπων
1641 1529 1887 1582 ἕκαστον·

331 1615 446 1688 ὅπερ
469 1617 617 1670 ἐστὶν
651 1617 957 1686 ἀλόγιστον·
977 1616 1135 1673 ὀὐδὲ
1155 1619 1263 1691 γὰρ
1308 1619 1510 1692 Πέτρον
1552 1619 1647 1672 καὶ
1684 1617 1894 1672 Παῦλον

305 1707 410 1800 Χκαί
445 1707 752 1800 Θαρνάϐαν,
785 1711 936 1781 τρεῖς
979 1709 1165 1800 (fﬁcia;
1207 1709 1414 1780 φαμέν·
1466 1709 1601 1764 ἀλλὰ
1641 1707 1764 1779 μίαν
1800 1709 1892 1762 καὶ

334 1797 445 1868 μίαν
467 1799 719 1869 λέγοντες
745 1800 955 1867 οὐσίαν,
987 1795 1052 1872 ἧς
1099 1801 1213 1854 ἐστι
1267 1802 1452 1874 Πατὴρ
1501 1803 1594 1856 καὶ
1637 1801 1762 1864 Υἱὸς
1801 1802 1893 1854 καὶ

331 1888 463 1958 ἄτιον
496 1891 749 1963 Πνεῦμα,
794 1893 890 1946 ἕνα
943 1893 1246 1958 ἀκολούθως
1296 1895 1473 1964 φαμὲν
1515 1895 1676 1948 Θεόνο
1709 1894 1756 1947 εί
1803 1893 1894 1947 καὶ

333 1980 423 2033 τῶν
452 1982 762 2054 προσώπων
787 1983 880 2037 καὶ
911 1983 1146 2036 ἑνούσιον
1180 1985 1274 2037 καὶ
1309 1983 1440 2036 Θεὸν
1469 1978 1607 2038 εἶναι
1645 1983 1893 2037 πιστεύο-

337 2090 436 2142 μεν.
456 2075 673 2146 Ὠσπερ
696 2075 804 2146 γὰρ
821 2074 898 2144 τῷ
918 2074 1190 2146 διαφέρειν
1216 2073 1306 2128 τὸν
1330 2075 1546 2146 Πατέρα
1566 2074 1656 2128 τοῦ
1679 2091 1736 2128 τε
1763 2072 1894 2127 Υίοῦ

331 2165 411 2216 καὶ
448 2163 533 2218 τοῦ
599 2165 754 2233 ἁγίου
801 2157 1146 2235 Πνεύματος,
1195 2165 1322 2237 τρία
1374 2165 1551 2236 φαμὲν
1595 2165 1892 2236 πρόσωπα·

327 2255 476 2320 οὕτως
500 2257 636 2310 ἐπεὶ
667 2255 742 2328 μὴ
765 2255 1076 2326 διαφέρουσι
1107 2257 1247 2310 κατὰ
1272 2257 1372 2326 τὴν
1399 2257 1604 2321 οὐσίαν,
1636 2257 1748 2310 ἀλλ’
1781 2257 1894 2310 ἔστι

329 2348 428 2400 κατ’
457 2347 636 2418 αὐτὴν
667 2347 775 2400 τῶν
833 2345 1140 2417 προσώπων
1167 2347 1448 2419 ταυτότης,
1496 2347 1644 2401 ἔσται
1683 2349 1896 2412 πάντως

329 2439 408 2493 καὶ
434 2439 570 2492 κατὰ
621 2438 682 2490 τὸ
713 2437 844 2500 Θεὸς
875 2437 1064 2508 ὄνομα.
1112 2437 1412 2508 Δηλωτικὸν
1443 2437 1548 2509 γὰρ
1599 2437 1756 2492 τοῦτο
1799 2439 1897 2508 τῆς

327 2528 508 2592 οὐσίας,
534 2530 611 2582 οὗ
649 2528 711 2583 τὸ
735 2529 787 2582 τί
816 2531 987 2599 αὐτῆς
1016 2529 1314 2599 παριστῶν,
1341 2529 1463 2583 ἐπεὶ
1496 2529 1894 2599 ἀκατάληπτον,

326 2619 427 2672 ἀλλ’
449 2620 554 2674 ἀπό
589 2635 736 2681 τινος
775 2618 1080 2688 ἰδιωμάτων
1134 2619 1418 2690 προσόντος
1455 2619 1590 2690 αὐτῇ
1630 2620 1898 2690 λαμϐανό-

330 2725 507 2776 μενον,
557 2708 916 2779 παραδηλοῦν
965 2709 1151 2780 αὐτήν.
1187 2707 1340 2762 Ἔστι
1395 2711 1502 2780 γὰρ
1566 2709 1758 2780 ἰδίωμα
1800 2710 1898 2780 τῆς

324 2798 476 2853 ἀϊδίου
510 2800 734 2865 οὐσίας,
763 2795 832 2871 ἧς
871 2799 1080 2872 Πατὴρ,
1130 2799 1255 2863 Υίὸς
1298 2786 1403 2853 ’καὶ
1446 2799 1600 2868 ἅγιον
1652 2799 1894 2869 Πνεῦμα,

327 2890 380 2942 τὸ
406 2889 583 2944 πάντα.
617 2889 938 2943 ἐποπτεύειν
983 2889 1076 2942 καὶ
1119 2887 1341 2960 θεωρεῖν
1370 2890 1461 2942 καὶ
1492 2888 1777 2956 γινώσκειν
1807 2889 1900 2940 καὶ

326 2981 451 3034 αὐτὰ
496 2982 563 3036 τὰ
630 2980 853 3054 κρύφια.
917 2979 1194 3034 Ἐντεῦθεν
1259 2981 1584 3052 εἰλημμένον
1647 2980 1708 3034 τὸ
1768 2977 1898 3044 Θεὸς

1988 533 2164 594 Pater,
2237 546 2344 586 non
2399 529 2657 600 quoniam
2723 528 2904 592 Pater,
2958 529 3132 592 Deus;
3186 523 3374 582 verum
3425 526 3552 597 quia

1985 622 2224 678 essentia
2283 621 2410 676 talis
2449 635 2594 675 unus
2637 627 2719 675 est
2766 618 2944 684 Pater,
2977 628 3030 675 et
3073 617 3246 673 Filius
3276 615 3420 672 Deus
3457 632 3470 669 :
3502 619 3556 668 et

1987 728 2151 788 quam
2199 717 2270 770 ob
2314 729 2538 769 causam
2585 712 2742 767 Pater
2781 711 2946 773 Deus,
2983 719 3036 766 et
3079 709 3252 765 Filius
3301 706 3466 771 Deus,
3502 712 3553 761 et

1989 809 2228 878 Spiritus
2274 813 2500 862 sanctus
2538 803 2701 860 Deus.
2742 801 2878 858 Cum
2915 812 3095 857 autem
3135 816 3243 856 non
3283 798 3558 854 dividatur

1987 901 2227 957 essentia
2282 899 2336 953 in
2379 910 2708 968 unaquaque
2771 908 3148 966 personarum,
3215 893 3288 946 ita
3339 899 3398 946 ut
3445 897 3559 944 tres

1989 993 2098 1048 sint
2132 992 2386 1049 essentia:
2419 988 2721 1046 secundum
2766 1001 3052 1057 personas,
3099 983 3353 1038 videlicet
3387 996 3562 1050 neque

1990 1098 2186 1138 nomen
2233 1081 2527 1144 dividetur,
2579 1078 2726 1149 quod
2775 1075 3048 1147 signiﬁrat
3091 1071 3426 1137 essentiam;
3465 1085 3564 1124 ne-

1989 1189 2095 1242 que
2151 1172 2317 1237 Deus,
2379 1180 2436 1226 ut
2476 1169 2588 1225 sint
2623 1176 2736 1223 tres
2769 1166 2846 1222 dii
2879 1185 2892 1220 :
2927 1165 3022 1222 sed
3069 1164 3214 1220 sicut
3258 1159 3564 1220 substantia

1990 1265 2168 1328 Pater,
2222 1262 2530 1320 substantia
2573 1257 2768 1324 Filius,
2801 1255 3114 1314 substantia
3172 1254 3410 1326 Spiritus
3439 1267 3567 1309 san-

1991 1364 2134 1421 ctus,
2165 1364 2217 1410 et
2261 1372 2369 1409 non
2406 1363 2516 1409 tres
2556 1351 2879 1408 substantia:
2927 1368 2940 1403 :
2973 1349 3053 1404 sic
3082 1348 3244 1405 etiam
3287 1345 3430 1402 Deus
3459 1342 3564 1398 Pa-

1994 1456 2092 1512 ter,
2128 1446 2270 1502 Deus
2293 1445 2488 1509 Filius,
2525 1444 2666 1500 Deus
2709 1442 2950 1513 Spiritus
2986 1445 3254 1506 sanctus;
3299 1451 3405 1492 non
3456 1442 3567 1490 tres

1993 1537 2088 1592 dii.
2137 1537 2271 1594 Nam
2323 1553 2466 1591 unus
2523 1535 2666 1590 Deus
2728 1541 2783 1590 et
2832 1533 2997 1601 idem,
3045 1529 3176 1602 quia
3227 1543 3335 1583 una
3401 1525 3566 1580 etiam

1995 1627 2305 1684 substantia
2357 1627 2584 1693 eadem;
2651 1624 2752 1680 etsi
2803 1618 3298 1694 quaaque'persona
3333 1615 3566 1675 dicatur.

1995 1727 2048 1774 et
2065 1717 2302 1785 essentia
2327 1717 2636 1773 subsistens
2658 1723 2710 1769 ct
2736 1714 2879 1770 Deus
2903 1731 2917 1781 ;
2945 1711 3148 1768 etenim
3181 1722 3407 1766 necesse
3425 1713 3570 1766 esset

1995 1817 2108 1864 tres
2159 1807 2345 1863 dicere
2397 1807 2738 1863 substantias
2764 1803 2944 1860 Patris
2972 1810 3028 1860 et
3062 1800 3189 1857 Filii
3236 1806 3291 1856 et
3330 1796 3570 1868 Spiritus

1994 1901 2188 1966 sancti,
2233 1899 2496 1970 quoniam
2534 1898 2840 1954 substantia
2889 1907 2974 1951 est
3010 1905 3350 1963 unaquaeque
3379 1902 3570 1960 perso-

1994 2008 2214 2054 narum,
2247 1989 2394 2062 quod
2431 2006 2460 2044 a
2493 1991 2704 2044 ratione
2759 1988 2996 2042 alienum
3044 1992 3152 2040 cst.
3209 1981 3396 2052 Neque
3424 1980 3569 2036 enim

1994 2083 2216 2139 Petrum
2258 2092 2310 2138 et
2351 2080 2578 2134 Paulum
2624 2090 2679 2134 et
2728 2078 3032 2132 Barnabam
3085 2083 3198 2131 tres
3233 2070 3629 2145 substantias,

1996 2173 2269 2238 dicimus;
2307 2173 2401 2228 sed
2430 2187 2595 2226 unam
2631 2181 2684 2225 et
2711 2185 2874 2224 unam
2905 2168 3158 2222 dicentes
3181 2161 3568 2226 substantiam,

1997 2280 2118 2338 qua:
2141 2274 2224 2320 est
2265 2261 2426 2318 Pater
2457 2269 2512 2316 et
2544 2258 2719 2315 Filius
2752 2269 2802 2314 et
2845 2255 3085 2328 Spiritus
3131 2261 3376 2317 sanctus,
3404 2266 3572 2306 unum

1997 2360 2396 2426 consequenter
2425 2353 2665 2408 dicimus
2707 2349 2873 2406 Deum
2915 2345 3171 2403 :tametsi
3215 2355 3574 2412 unamquam-

1997 2465 2102 2520 que.
2128 2461 2416 2520 personam
2440 2441 2965 2498 consubstantialem
3003 2448 3056 2494 et
3078 2436 3251 2492 Deum
3305 2447 3428 2490 esse
3455 2446 3575 2488 cre—

1998 2542 2201 2596 dimus.
2234 2537 2368 2592 Nam
2401 2531 2886 2606 quemadmodum,
2907 2545 2974 2586 eo
2991 2529 3138 2602 quod
3171 2526 3386 2582 diﬁ'erat
3413 2523 3575 2578 Pater

1999 2645 2026 2684 a
2064 2627 2200 2684 Filio
2225 2635 2278 2682 et
2303 2626 2514 2697 Spiritu
2549 2630 2743 2680 sancto
2774 2630 2888 2678 tres
2927 2619 3226 2675 asserimns
3264 2629 3528 2686 personas
3558 2631 3571 2668 :

1999 2719 2185 2798 itidem
2231 2717 2360 2789 quia
2399 2732 2509 2771 non
2551 2714 2812 2770 dili‘erunt
2841 2709 3140 2769 secundum
3190 2705 3574 2767 substantiam,

1999 2811 2092 2867 sed
2145 2795 2230 2866 est
2270 2809 2424 2880 juxta
2484 2807 2657 2877 ipsam
2711 2817 3066 2876 personarum
3129 2798 3423 2856 identitas:
3472 2795 3578 2852 erit

2001 2903 2164 2958 etiam
2197 2901 2420 2957 omnino
2459 2897 2758 2956 secundum
2794 2909 2989 2950 nomen
3021 2887 3450 2965 [Deus],quippe
3471 2889 3576 2943 hoc

2001 2993 2363 3051 substantiam
2387 2989 2700 3046 declarandi
2738 2988 2845 3042 vim
2874 2984 3039 3040 habet
3073 2997 3220 3037 :non
3260 2979 3406 3052 quod
3444 2979 3576 3050 quid

326 3069 480 3140 ὐνομα
501 3072 719 3144 κυρίως
745 3070 1034 3142 λεγόμενον
1061 3071 1310 3140 σημαίνει
1331 3069 1426 3142 τὴν
1453 3071 1640 3125 οὐσίαν
1664 3071 1896 3141 ἐκείνην.

2007 3083 2124 3153 ipsa
2181 3083 2254 3139 sit
2297 3087 2682 3152 repraesentet,
2737 3076 3005 3147 siquidem
3048 3069 3578 3140 incomprehensibi-

327 3163 464 3226 Μιᾶς
489 3162 785 3233 τοιγαροῦν
807 3161 1152 3233 ὑπαρχούσης
1183 3163 1280 3232 τῆς
1303 3162 1554 3232 τοιαύτης
1581 3161 1786 3226 οὐσίας,
1813 3163 1906 3216 καὶ

330 3253 442 3316 ἐνὸς
482 3254 576 3308 τοῦ
620 3254 1054 3326 παραδηλοῦντος
1084 3255 1252 3326 αὐτὴν
1299 3255 1559 3326 ὀνόματος
1610 3253 1800 3324 (φημὶ
1841 3253 1906 3325 δὴ

327 3344 418 3397 τοῦ
451 3345 628 3417 Θεὸς)·
660 3339 739 3410 εἷς
770 3347 975 3418 κυρίως
1001 3347 1152 3401 ἔσται
1177 3347 1306 3410 Θεὸς
1337 3345 1413 3418 τῷ
1432 3346 1574 3416 λόγῳ
1595 3346 1692 3416 τῆς
1719 3345 1908 3410 οὐσίας

327 3435 634 3499 ἀκολούθως
655 3453 668 3466 ·
711 3437 830 3490 ἐπεὶ
867 3437 940 3507 μὴ
984 3437 1275 3509 πρόσωπον
1310 3437 1460 3508 δηλοῖ
1490 3438 1551 3489 τὸ
1582 3436 1734 3499 Θεὸς,
1773 3434 1920 3494 ἀλλὰ,

330 3525 420 3596 τὴν
442 3528 653 3582 οὐσίαν.
693 3529 756 3582 Ei
797 3529 904 3600 γὰρ
929 3531 1216 3601 πρόσωπον
1245 3531 1432 3602 ἐδήλου
1465 3531 1525 3583 τὸ
1549 3529 1699 3593 Θεὸς,
1727 3527 1785 3582 ἓν
1813 3529 1908 3584 καὶ

299 3604 308 3623 ’
331 3618 482 3687 μόνον
503 3620 620 3672 τῶν
645 3619 949 3690 προσώπων
974 3621 1185 3691 ἐλέγετο
1231 3624 1381 3688 Θεὸς,
1409 3624 1544 3696 ὅπερ
1589 3625 1907 3697 ἐσημαίνετο

331 3707 403 3778 τῷ
430 3711 620 3782 τοιῷδε
655 3712 900 3782 ὐνόματι’
934 3713 1122 3785 ὥσπερ
1155 3710 1246 3767 οὖν
1292 3717 1386 3768 καλ⁸
1427 3715 1636 3786 Πατὴρ,
1687 3716 1843 3786 μόνος
1879 3719 1908 3770 ὁ

330 3801 516 3875 Πατὴρ
565 3803 809 3874 λέγεται,
851 3805 938 3859 διὰ
985 3807 1044 3860 τὸ
1099 3807 1388 3878 προσώπου
1439 3806 1730 3878 δηλωτικὸν
1769 3804 1906 3863 εἶναι

333 3891 489 3948 τοῦτο
509 3897 571 3948 τὸ
602 3895 781 3969 ὐνομα.

329 4000 694 4058 congruenter
730 3977 928 4047 rationi
983 3993 1233 4048 essentia:
1289 4012 1300 4045 :

2007 3174 2076 3230 lis
2105 3182 2211 3239 est,
2237 3173 2333 3229 sed
2357 3172 2426 3228 ab
2455 3171 2638 3241 aliqua
2669 3165 3090 3240 proprietatum,
3123 3179 3244 3234 quae
3275 3161 3379 3234 ipsi
3415 3161 3578 3229 inest,

2009 3273 2285 3334 sumptum
2328 3278 2447 3318 eam
2491 3261 2762 3331 designat.
2795 3256 2890 3312 Est
2912 3255 3057 3312 enim
3097 3253 3402 3326 proprietas
3433 3264 3577 3306 scm-

2008 3357 2240 3430 piterna:
2268 3354 2611 3417 substantiae,
2643 3351 2804 3421 cujus
2836 3347 3020 3410 Pater,
3057 3345 3228 3402 Filius
3256 3352 3310 3401 et
3353 3351 3580 3400 sanctus

2010 3447 2272 3519 Spiritus,
2324 3445 2508 3501 omnia
2567 3443 2786 3506 intueri,
2818 3449 2872 3497 et
2895 3438 3254 3510 contemplari
3292 3444 3348 3492 ct
3375 3449 3578 3508 cogno-

2011 3554 2190 3604 scere,
2219 3539 2382 3594 etiam
2413 3553 2474 3594 ea
2506 3551 2628 3608 qua:
2655 3535 2870 3591 occulta
2923 3539 3075 3588 sunt.
3129 3529 3261 3586 Inde
3301 3536 3582 3598 acceptum

2011 3646 2208 3686 nomen
2271 3629 2412 3685 Deus
2465 3628 2686 3700 prOprie
2732 3625 2964 3689 dictum,
3017 3621 3380 3680 substantiam
3435 3618 3580 3673 illam

2013 3723 2306 3792 signiﬁcat.
2333 3721 2697 3788 Quamobrem
2728 3734 2853 3774 cum
2889 3732 2998 3770 una
3020 3712 3290 3785 ejusmodi
3327 3710 3582 3767 substan-

2012 3817 2086 3872 tia
2128 3816 2394 3884 exsistat;
2439 3817 2678 3884 itemque
2719 3828 2913 3869 nomen
2964 3827 3130 3868 unum
3171 3823 3280 3879 quo
3324 3807 3440 3878 ipsa
3499 3805 3587 3860 de-

2017 3905 2276 3972 claratur,
2339 3921 2531 3977 nempe
2563 3903 2778 3979 [Deus],
2828 3919 2966 3959 unus
3038 3899 3256 3972 proprie
3294 3896 3438 3952 Deus
3482 3895 3586 3951 erit

1367 3993 1633 4064 siquidem
1677 3993 1818 4050 Deus
1857 4012 2142 4066 personam
2202 4016 2312 4056 non
2353 4001 2614 4067 declarat,
2668 3999 2765 4056 sed
2825 3997 3210 4052 substantiam.
3260 3990 3474 4046 Etenim
3539 3991 3584 4045 si

331 4086 476 4144 Deus
535 4104 825 4158 personam
898 4088 1182 4150 indicaret,
1224 4103 1328 4142 una
1395 4097 1448 4144 et
1492 4091 1606 4144 sola
1655 4107 1718 4144 ex
1777 4093 2023 4160 personis
2055 4095 2330 4151 diceretur
2369 4095 2529 4162 Deus,
2572 4108 2694 4164 quae
2740 4091 2832 4146 tali
2871 4089 3090 4144 nomine
3155 4085 3586 4158 signiﬁcaretur;

326 4181 468 4237 sicut
521 4182 782 4235 nimirum
853 4179 1203 4236 Pater'solus
1233 4181 1434 4236 dicitur
1455 4181 1634 4246 Pater,
1675 4184 1800 4252 quia
1824 4199 2020 4240 nomen
2049 4187 2190 4242 istud
2225 4198 2513 4257 personam
2544 4181 2794 4254 Signandi
2832 4181 2941 4236 vim
2994 4180 3176 4234 habet.

395 4273 459 4325 Et
499 4272 558 4325 δὲ
592 4273 727 4344 φαίη
766 4289 849 4334 τις
887 4271 964 4326 ὅτι
1010 4271 1216 4342 Πέτρον
1252 4273 1343 4324 καὶ
1385 4270 1594 4325 Παῦλον
1635 4272 1725 4324 καὶ
1771 4272 1912 4342 Βαρ-

323 4365 493 4421 νάϐαν
541 4365 724 4436 φαμὲν
771 4365 917 4434 τρεῖς
949 4361 1155 4428 οὐσίας,
1195 4361 1424 4437 μερέκὰς
1464 4361 1725 4431 δηλονότι,
1763 4377 1914 4413 τουτ-

2094 4273 2249 4339 Quod
2291 4275 2336 4330 si
2385 4275 2508 4345 quis
2555 4271 2776 4337 dixerit,
2818 4269 2966 4339 quod
2999 4268 3216 4326 Petrum
3249 4274 3302 4322 et
3353 4264 3579 4320 Paulum

2020 4375 2074 4419 et
2105 4365 2405 4420 Darnabam
2436 4362 2676 4418 dicimus
2695 4370 2810 4418 tres
2837 4358 3174 4417 substantias
3203 4355 3580 4429 particulares,

325 4458 472 4510 ἐστιν
507 4456 687 4519 ῖδικὰς
713 4453 890 4524 (τοῦτο
910 4454 1018 4524 γὰρ
1049 4453 1379 4524 κυριώτατον
1407 4456 1622 4523 εἰπεῖν),
1651 4455 1731 4508 ὅτι
1762 4471 1902 4526 μερι-

2022 4455 2272 4511 videlicet
2315 4455 2566 4526 preprias
2599 4453 2726 4523 (hoc
2767 4453 2912 4509 enim
2963 4458 3049 4507 est
3088 4449 3325 4504 maxime
3370 4445 3589 4518 proprie

323 4547 424 4620 κήν
459 4547 681 4610 οὐσίαν,
711 4543 987 4599 τουτέστιν
1030 4545 1200 4615 ίδικὴν
1241 4543 1504 4611 λέγοντες,
1551 4545 1699 4598 οὐδὲν
1732 4545 1916 4616 ἓτερον

325 4637 576 4706 σημᾶναι
602 4633 926 4705 βουλόμεθα,
955 4633 987 4704 ἢ
1023 4633 1241 4702 ᾶξομον,
1284 4634 1421 4705 ὅπερ
1453 4634 1568 4686 ἐστὶ
1607 4634 1922 4709 πρρσωπον·

334 4726 652 4797 προσώποις
675 4725 732 4779 δὲ
755 4725 853 4795 οὐχ
877 4724 1068 4779 ἕπεται
1093 4726 1152 4778 τὸ
1175 4724 1324 4790 Θεὸς,
1351 4725 1531 4789 καθὼς
1552 4725 1834 4780 δέδεικται.
1854 4727 1918 4780 Τί

319 4816 413 4872 οὗν
433 4818 664 4873 λεκτέον
707 4817 844 4887 πρὸς
882 4817 1084 4881 ἐκεῖνο,
1117 4817 1198 4869 ὅτι
1231 4816 1431 4887 Πέτρον
1464 4815 1558 4870 καὶ
1588 4814 1796 4870 Παῦλον
1827 4815 1918 4869 καὶ

325 4910 640 4981 Βαρνὰὗαν,
685 4911 834 4978 τρεῖς
877 4925 1055 4978 φαμεν
1103 4906 1454 4978 ἀνθρώπουςς
1501 4909 1611 4979 Οὐχ
1645 4907 1720 4972 ὼς
1751 4911 1918 4962 ταῦτα

325 5005 640 5074 πρόσωπα,
676 5002 947 5073 πρόσωπα
985 4999 1043 5052 δὲ
1083 4999 1159 5069 τῷ
1205 4999 1520 5071 σημαντικῷ
1559 5000 1780 5070 ὀνόματι
1821 5000 1920 5070 τῆς

323 5093 520 5163 κφινῆς
553 5095 738 5157 οὐσίας
765 5092 826 5146 οὐ
854 5092 1196 5163 σημαίνεται.
1225 5091 1356 5144 Οὐδὲ
1379 5094 1410 5162 ὴ
1442 5092 1640 5163 μερικη
1656 5089 1920 5162 λεγομένη

319 5184 444 5251 ἦτοι
505 5182 654 5255 ιδικὴ
689 5183 866 5244 οὐσία,
898 5180 1094 5234 ταύτὸν
1139 5180 1276 5251 αὐτὴ
1325 5181 1401 5252 τῷ
1449 5181 1743 5252 προσώπῳ.
1778 5182 1922 5246 τίνος

321 5274 492 5345 χάριν
538 5277 686 5346 τρεῖς
726 5271 1046 5346 ἀνθρώπους
1096 5273 1292 5342 φαμὲν,
1337 5272 1535 5337 αὐτοὺς
1577 5274 1705 5344 μιᾶς
1735 5274 1922 5337 οὐσίας

265 5385 276 5430 ι
318 5368 702 5439 ὐιάρχοντας,
751 5362 819 5440 ἧς
863 5369 982 5421 ἐστι
1027 5365 1087 5419 τὸ
1157 5365 1470 5436 ἅνθρωπος
1505 5366 1832 5436 δηλωτικόν;
1859 5370 1921 5423 Εἰ

323 5462 472 5530 μήτε
510 5457 603 5512 διὰ
635 5459 706 5512 τὰ
751 5458 1038 5530 πρόσωπα,
1071 5458 1207 5528 μήτε
1245 5458 1333 5512 διὰ
1366 5457 1426 5510 τὸ
1466 5457 1714 5526 λέγεσθαι
1769 5477 1920 5530 μεριο

321 5549 430 5622 κὴν
463 5549 682 5614 οὐσίαν,
713 5549 832 5621 ἦτοι
883 5547 1075 5618 ίδικὴν,
1125 5548 1506 5619 ὲκφωνοῦμεν,
1549 5549 1704 5602 τοῦτό
1744 5567 1922 5620 φαμεν

321 5641 408 5694 ὅτι
467 5637 931 5712 καταχρηστικῶς
982 5640 1072 5692 καὶ
1120 5640 1181 5693 οὐ
1229 5640 1430 5712 κυρίως
1473 5641 1628 5694 τοῦτο
1667 5641 1922 5710 λέγομεν,

319 5731 418 5787 διὰ
465 5748 598 5785 τινα
643 5730 924 5800 συνήθειαν
973 5729 1026 5796 ἐξ
1075 5733 1378 5801 ἀναγκαίων
1420 5732 1604 5787 αἰτιῶν
1653 5733 1924 5804 κρατήσει-

2021 4547 2208 4618 loqui),
2269 4549 2397 4618 quia
2458 4545 2842 4617 particularelu
2912 4541 3302 4604 substantiam,
3353 4539 3457 4594 hoc
3506 4545 3592 4592 est

2019 4639 2292 4710 propriam
2315 4639 2582 4700 dicentes,
2621 4634 2756 4690 nihil
2789 4633 2940 4688 aliud
2972 4631 3283 4704 signiﬁcare
3315 4629 3588 4692 volumus,

2018 4745 2178 4802 quam
2222 4729 2581 4794 individuam,
2617 4727 2761 4798 quod
2792 4735 2875 4782 est
2918 4741 3198 4797 persona;
3238 4733 3400 4792 atque
3443 4719 3587 4776 Deus

2021 4839 2128 4876 non
2167 4821 2416 4893 designat
2448 4835 2732 4892 personas,
2769 4828 2828 4873 ut
2854 4817 3144 4888 probatura
3177 4821 3293 4871 est:
3317 4812 3446 4885 quid
3485 4811 3589 4884 igi-

2019 4923 2107 4968 tur
2143 4914 2430 4969 dicendum
2457 4920 2542 4967 cst
2573 4911 2640 4966 ad
2668 4910 2822 4969 illud.
2851 4909 2996 4980 quod
3025 4907 3242 4964 Petrum
3279 4912 3334 4960 et
3361 4903 3588 4960 Paulum

2019 5011 2073 5060 et
2089 5002 2390 5058 Barnabam
2412 5011 2524 5056 tres
2543 5001 2778 5056 dicimus
2797 4998 3080 5055 homines?
3096 5012 3201 5052 non
3227 5005 3283 5050 ut
3304 4996 3385 5050 liae
3403 5008 3591 5066 perso-

2022 5112 2103 5150 na:
2119 5102 2267 5161 sunt;
2289 5109 2535 5165 persona?
2554 5101 2732 5149 autem
2751 5091 3106 5161 signiﬁcativo
3125 5089 3340 5143 nomine
3352 5103 3594 5143 commu-

2024 5189 2108 5244 nis
2136 5187 2456 5244 substantia:
2486 5199 2594 5240 non
2617 5185 2923 5252 signantur.
2957 5179 3139 5249 Neque
3164 5194 3228 5233 ea
3265 5194 3386 5248 quae
3424 5179 3593 5249 parti-

2022 5279 2466 5343 cularisdicitur,
2491 5277 2606 5332 sive
2628 5274 2922 5346 peculiaris
2942 5280 2993 5325 et
3021 5271 3235 5340 propria
3254 5269 3590 5335 substantia;

2023 5373 2148 5444 quia
2167 5372 2306 5426 idem
2325 5371 2442 5441 ipsa
2459 5378 2541 5424 est
2556 5385 2676 5424 cum
2696 5379 2924 5436 persona
2943 5381 2955 5416 :
2972 5378 3078 5432 qua
3107 5361 3174 5416 dc
3191 5377 3353 5418 causa
3376 5369 3485 5416 tres
3505 5361 3596 5414 ho-

2025 5464 2198 5518 mines
2219 5460 2473 5523 dicimus,
2497 5474 2624 5513 cum
2656 5457 2758 5528 ipsi
2781 5456 2943 5510 unius
2965 5454 3284 5510 substantia:
3303 5454 3589 5514 exsistant,

2023 5568 2185 5623 quam
2215 5566 2409 5607 nomen
2438 5551 2538 5603 hoc
2589 5548 2741 5602 homo
2763 5545 3014 5615 designat
3060 5562 3071 5599 :
3125 5544 3394 5614 siquidem
3420 5555 3592 5608 neque

2027 5653 2245 5716 propter
2267 5657 2546 5714 personas,
2573 5635 2748 5710 neque
2768 5654 2831 5694 eo
2852 5637 2996 5708 quod
3015 5637 3228 5693 dicatur
3247 5629 3592 5706 particularis

2028 5732 2356 5798 substantia,
2417 5727 2672 5785 nimirum
2731 5726 2971 5799 propria,
3022 5725 3369 5783 enuntiamus
3413 5733 3430 5776 ι
3484 5717 3587 5769 hoc
