4008 6210
441 389 542 444 179
1662 379 1718 437 S.
1756 373 2079 434 CRECOR"
2120 368 2407 427 NYSSENI
3575 353 3678 407 {80

441 508 740 565 asserimns
783 503 927 576 quod
975 501 1201 558 abusive
1245 511 1299 556 et
1356 515 1464 554 non
1517 496 1735 568 proprie
1788 499 1890 551 hoc
1932 494 2006 549 di-

2110 510 2206 544 σαν
2251 489 2357 557 τῶν
2397 487 2470 558 μὴ
2513 487 2604 539 ἐπὶ
2649 482 2746 553 τῆς
2806 481 2963 548 άγίας
3012 477 3237 549 Τριάδος
3275 472 3682 546 θεωρουμένων,

441 603 616 661 cimus
641 582 665 665 ξ
706 604 928 669 propter
958 593 1410 650 consuetudinem
1441 590 1734 662 quamdam
1768 606 1888 659 qua:
1917 605 2009 643 ne-

2112 583 2233 637 Είσ“ι
2258 582 2314 634 δὲ
2357 574 2547 633 αὗται·
2591 575 2716 645 ὄρος
2762 571 2854 625 τοῦ
2894 568 3175 640 ἀνθρώπου
3218 567 3319 620 οὐκ
3362 565 3446 618 ἀεὶ
3491 564 3547 615 ὲν
3578 566 3684 625 τοῖς

440 689 700 750 cessariis
738 688 805 743 de
850 687 1036 742 causis
1065 685 1299 741 obtinuit
1330 685 1594 737 adversus
1628 697 1690 734 ea
1746 695 1867 750 quae
1903 695 2009 733 non

2113 675 2294 735 αὐτοῖς
2326 672 2547 741 ἀτόμοις
2585 668 2702 737 ἦτοι
2738 662 3044 735 προσώποις
3085 660 3384 729 θεωρεῖται.
3434 654 3555 707 Τῶν
3591 654 3686 723 μὲν

438 782 497 844 in
535 790 726 837 sancta
772 778 1039 835 Trinitate
1087 776 1510 831 considerantur
1566 790 1580 828 :
1634 779 1763 827 sunt
1833 778 2010 826 autem

2114 764 2224 836 γὰρ
2255 763 2535 835 προτέρων
2566 755 2954 819 τελευτώντων,
3000 754 3162 823 ἕτερα
3201 748 3314 804 ἀντ’
3355 746 3533 800 αὐτῶν
3566 762 3688 797 συν-

440 870 756 942 ejusmodi:
817 868 1066 924 deﬁnitio
1116 867 1355 921 hominis
1400 880 1521 936 quae
1564 878 1672 919 non
1714 877 1929 931 semper
1960 860 2013 915 in

2119 854 2359 908 ίσταταιο
2390 852 2484 906 καὶ
2529 850 2688 904 πάλιν
2735 849 2842 901 τῶν
2891 844 3068 899 αὐτῶν
3122 841 3375 902 πολλάκις
3426 836 3690 908 μενόντων

441 965 579 1039 ipsis
623 961 938 1027 individuis,
990 960 1104 1014 sive
1142 957 1391 1030 personis
1451 962 1750 1026 spectatur.
1803 951 2014 1006 Etenim

2116 946 2250 1000 ἄλλα
2278 944 2406 1019 τινὰ
2432 943 2762 1011 ὲπιγίνεται’
2797 938 2871 1001 ὡς
2900 936 3030 990 ποτὲ
3061 934 3158 1005 μὲν
3197 934 3254 985 ὲν
3287 930 3514 991 τούτοις,
3562 924 3691 979 ποτὲ

2123 1038 2131 1039 ε
2149 1037 2156 1039 ε
2425 1035 2434 1039 -
2688 1033 2699 1039 -
2862 1029 2875 1039 ι
2983 1028 2996 1039 ι
3094 1028 3107 1039 α
3236 1024 3252 1038 η
3305 1024 3316 1039 ν
3468 1037 3500 1039 ,Α
3514 1037 3524 1039 _
3538 1019 3587 1039 μὶ
3642 1017 3691 1039 θλ

443 1017 718 1125 prioribus
741 1050 1120 1114 morientibus,
1144 1017 1254 1101 alia
1290 1046 1572 1101 individua
1623 1046 1865 1115 ipsorum
1897 1042 2019 1099 loco

2116 1037 2172 1092 δὲ
2210 1017 2293 1090 ὲν»
2321 1035 2570 1097 ἐκείνοις,
2619 1033 2712 1087 καὶ
2759 1029 2886 1085 ποτὲ
2942 1028 3038 1099 μὲν
3091 1028 3148 1079 ὲν
3196 1024 3422 1085 πλείοσι,
3462 1019 3591 1072 ποτὲ
3637 1017 3693 1070 δὲ

442 1153 834 1207 construuntur
861 1160 874 1198 :
894 1156 956 1195 ac
976 1155 1170 1197 rursus
1193 1139 1382 1194 iisdem
1400 1149 1771 1207 saepenumero
1798 1148 2020 1188 maneno

2119 1130 2175 1181 ὲν
2225 1128 2465 1182 ἐλάττοσι
2511 1123 2847 1198 θεωρεῖσθαι·
2899 1119 2992 1173 καὶ
3044 1117 3134 1171 ἐπὶ
3188 1116 3289 1186 τῆς
3332 1112 3697 1183 ἀφαιρέσεως,

443 1233 611 1296 tibus,
643 1233 746 1287 alia
769 1230 1016 1301 quaedam
1039 1227 1432 1299 superveniunt
1453 1202 1561 1280 :ita
1582 1232 1643 1279 ut
1660 1219 1949 1292 aliquando
1965 1219 2021 1273 in

2118 1221 2219 1291 τῆς
2253 1237 2314 1272 τε
2350 1216 2699 1279 ἀποὸιώσεως
2744 1214 2836 1268 καὶ
2878 1212 3180 1281 γεννήσεως
3223 1206 3331 1261 τῶν
3371 1204 3605 1274 ἀτόμων,
3642 1202 3700 1253 ὲν

444 1326 550 1391 his,
573 1291 867 1394 aliquando
903 1321 956 1375 in
979 1291 1417 1387 illim-interdum
1459 1315 1513 1369 in
1554 1291 1821 1385 pluribus,
1854 1311 2023 1364 inter-

2121 1307 2200 1375 οἷς
2251 1312 2528 1382 θεωρεῖται
2570 1311 2598 1362 ό
2642 1305 2733 1360 τοῦ
2778 1302 3062 1375 ἀνθρώπου
3101 1301 3245 1370 ὅρος,
3279 1291 3702 1364 ἀναγκαζόμεθα

446 1417 575 1473 dum
599 1418 652 1473 in
678 1413 1029 1487 pauciorihus
1045 1411 1493 1467 considerentnr:
1519 1409 1757 1475 itemque
1780 1406 1836 1459 in
1851 1404 2027 1459 detra-

2125 1404 2216 1456 καὶ
2265 1401 2489 1465 πολλοὺς
2552 1398 2729 1466 λέγειν
2796 1391 3111 1466 ἀνθρώπους
3185 1389 3278 1442 καί
3331 1386 3583 1454 ὀλίγους,
3630 1386 3703 1453 τῇ

444 1510 648 1573 ctione,
679 1508 827 1563 exitu
853 1505 971 1560 vita:
998 1514 1051 1559 et
1092 1502 1468 1573 procreatione
1505 1498 1932 1559 individuorum,
1970 1495 2024 1551 in

2123 1496 2297 1566 τροπῇ
2332 1494 2425 1545 καὶ
2467 1488 2744 1545 ἀλλοιώσει
2782 1486 2891 1538 τῶν
2922 1480 3225 1554 προσώπων
3279 1474 3705 1549 ὲκκρουσθείσης

450 1598 650 1670 quibus
678 1594 918 1651 hominis
952 1591 1195 1647 deﬁnitio
1238 1600 1537 1661 spectatur,
1573 1589 1821 1659 cogimur
1861 1585 2025 1642 etiam

2128 1585 2220 1655 τῆς
2259 1584 2443 1651 κοινῆς
2491 1579 2790 1649 συνηθείας,
2831 1577 2925 1629 καὶ
2972 1571 3122 1643 παρὰ
3161 1569 3321 1623 αὐτὸν
3354 1567 3444 1621 τὸν
3491 1566 3590 1636 τῆς
3620 1564 3711 1616 οὐ.

451 1689 653 1751 multos
685 1688 866 1742 dicere
890 1685 1158 1748 homines,
1210 1693 1261 1737 et
1284 1696 1510 1753 paucos,
1535 1657 1839 1734 mutatione
1857 1685 1911 1732 et
1932 1688 2026 1729 va-

2129 1679 2249 1739 σίας
2293 1675 2480 1735 λόγον·
2512 1672 2650 1726 ὥστε
2700 1666 3046 1739 συναριθμεῖν
3086 1665 3195 1726 τοῖς
3248 1657 3554 1733 προσώποις
3581 1657 3711 1710 τινὰ

453 1780 683 1835 riatione
697 1794 791 1834 seu
816 1777 1134 1831 alteratione
1155 1788 1538 1845 personarum,
1553 1772 1774 1842 expulsa
1790 1784 2029 1824 commu-

2127 1769 2326 1837 τρόπον
2393 1766 2486 1819 καὶ
2542 1761 2745 1825 οὐσίας.
2815 1758 2937 1812 Ἐπὶ
2996 1756 3052 1810 δὲ
3103 1756 3201 1825 τῆς
3266 1752 3422 1820 ἁγίας
3477 1748 3710 1821 Τριάδος

453 1874 507 1928 ni
530 1870 946 1935 consuetudine,
974 1878 1027 1922 et
1055 1879 1247 1936 praeter
1269 1867 1443 1936 ipsam
1470 1865 1735 1918 rationem
1753 1861 2021 1922 essentire,

2132 1859 2274 1913 οὐδὲν
2322 1855 2559 1909 τοιοῦτον
2626 1850 2908 1921 συμϐαίνει
2967 1848 3135 1910 ποτὲ,
3193 1845 3281 1899 διὰ
3334 1843 3394 1896 τὸ
3442 1840 3512 1895 τὰ
3567 1840 3715 1893 αὐτὰ

454 1973 515 2027 ιιι
545 1980 666 2020 cum
689 1961 941 2034 personis
973 1967 1437 2013 connumerentur
1462 1952 1861 2026 quodammodo
1894 1952 2027 2005 snh-

2132 1949 2430 2021 πρόσωπα,
2483 1943 2575 1997 καὶ
2638 1943 2734 2010 οὐχ
2796 1940 2957 2010 ’ἑτερα
3025 1938 3120 1991 καὶ
3177 1935 3341 2003 ’ἐτερα
3411 1928 3715 1998 λέγεσθαι,

456 2055 688 2114 stantiae.
752 2054 813 2107 In
868 2058 1059 2105 sancta
1100 2064 1231 2102 vero
1271 2046 1543 2101 Trinitate
1596 2044 1734 2099 nihil
1786 2057 2026 2113 unquam

2165 2038 2268 2092 ατὰ
2293 2038 2352 2090 τὸ
2373 2035 2500 2090 αὐτὸ
2531 2034 2621 2087 καὶ
2651 2031 2907 2094 ὡσαύτως
2953 2029 3170 2101 ἔχοντα·
3212 2028 3349 2097 μήτε
3383 2022 3710 2095 προσθήκην
3738 2048 3743 2053 ·

455 2143 725 2216 ejusmodi
777 2141 1052 2200 usuvcnit.
1123 2154 1189 2193 eo
1228 2137 1372 2208 quod
1418 2136 1620 2190 eaedem
1673 2150 1934 2204 personae,
1976 2138 2033 2186 et

2133 2130 2248 2187 τινὰ
2285 2128 2531 2197 δέχεσθαι
2561 2123 2726 2193 αὐτὴν
2762 2125 2839 2185 είς
2881 2120 3137 2192 τετράδα·
3180 2118 3315 2187 μήτε
3347 2115 3586 2187 μείωσιν,
3606 2112 3716 2181 τὴν

458 2251 567 2291 non
612 2233 729 2287 aliae
780 2239 943 2300 atque
996 2229 1116 2282 aliae
1169 2227 1441 2291 dicantur,
1489 2225 1583 2281 sed
1636 2224 1702 2278 ad
1753 2225 1891 2278 idem
1933 2237 2030 2276 eo-

2134 2225 2209 2281 είς
2241 2222 2435 2274 δυάδα⁹
2473 2216 2596 2270 οὐτε
2645 2215 2752 2284 γὰρ
2777 2214 3024 2282 γεννᾶται
3070 2211 3103 2281 ἢ
3138 2207 3491 2280 ἐκπορεύεται
3524 2207 3588 2258 ἐκ
3612 2204 3717 2257 τοῦ

458 2328 689 2396 demque
740 2322 902 2378 modo
973 2337 1033 2376 se
1089 2320 1361 2382 habeant,
1414 2334 1592 2388 neque
1638 2318 2029 2371 incrementum

2137 2311 2419 2384 Πατέροςῆ
2443 2309 2500 2373 ἐξ
2529 2308 2644 2371 ἐνὸς
2673 2306 2780 2358 τῶν
2812 2302 3118 2375 προσώπων
3139 2339 3154 2364 ,
3186 2300 3325 2353 ὥστε
3355 2299 3446 2356 καὶ
3476 2297 3720 2366 τετράδα

463 2419 629 2475 ullum
681 2417 797 2486 ipsa
847 2412 1091 2468 Trinitas
1122 2410 1394 2475 admittat,
1441 2387 1513 2465 uti
1539 2409 1605 2463 ad
1642 2409 1903 2463 tetradem
1938 2421 2032 2461 ac-

2134 2401 2270 2459 εἶναί
2302 2420 2429 2457 ποτε
2475 2400 2571 2468 τὴν
2621 2397 2822 2468 Τριάδα
2849 2412 2860 2425 ·
2897 2393 3018 2447 οὐτε
3058 2393 3280 2460 τελευτᾷ
3328 2406 3458 2442 ποτε
3508 2387 3564 2444 ἓν
3598 2387 3717 2439 τῶν

462 2508 641 2573 cedat,
668 2479 841 2573 neque
864 2501 1306 2564 diminutionem,
1337 2508 1395 2552 ut
1433 2499 1497 2553 ad
1522 2498 1696 2569 dyada
1725 2497 2029 2567 ridigatur:

2137 2495 2296 2567 τριῶν
2354 2493 2556 2546 τούτων
2609 2488 2937 2559 προσώπων,
2976 2484 3115 2537 ὥστε
3160 2482 3325 2535 δυάδα
3369 2480 3465 2549 τὴν
3505 2479 3720 2549 Τριὰδα

464 2610 641 2666 neque
682 2593 826 2648 enim
873 2600 1164 2662 generatur
1194 2598 1287 2643 aut
1320 2589 1565 2658 procedit
1593 2604 1623 2641 a
1664 2586 1822 2641 Patre
1862 2587 1942 2641 vel
1968 2602 2033 2640 cx

2133 2585 2397 2656 γίνεσθαι.
2457 2581 2779 2651 Προσθήκης
2823 2575 2879 2628 δὲ
2929 2575 3021 2631 καὶ
3067 2570 3364 2644 μειώσεως,
3403 2569 3611 2639 τροπῆς
3652 2583 3715 2620 τε

465 2700 573 2740 una
619 2698 650 2738 e
698 2681 979 2752 personis,
1033 2678 1170 2733 adeo
1202 2688 1258 2731 ut
1294 2657 1535 2732 Trinitas
1567 2680 1728 2731 etiam
1765 2684 1931 2730 tetras
1966 2676 2037 2731 sit

2136 2678 2228 2731 καὶ
2265 2672 2597 2733 ἀλλοιώσεως
2650 2668 2915 2739 μηδεμιᾶς
2958 2681 3088 2717 ποτε
3117 2661 3404 2732 γινομένης
3428 2660 3538 2721 τοῖς
3562 2657 3716 2729 τρισὶ

466 2772 791 2853 aliquando;
839 2784 1015 2838 neque
1069 2767 1255 2821 interit
1305 2782 1543 2836 unquam
1585 2782 1690 2818 una
1738 2782 1801 2818 ex
1863 2766 2038 2820 tribus

2139 2762 2464 2835 προσώποις,
2504 2760 2700 2813 ἄτοπον
2748 2755 2881 2824 πρὸς
2933 2755 3046 2816 τοῖς
3094 2750 3239 2822 τρισὶ
3284 2746 3594 2819 προσώποις
3618 2746 3722 2798 καὶ

469 2842 859 2941 his—personis,
894 2868 952 2913 ut
983 2857 1223 2913 Trinitas
1262 2858 1351 2912 ﬁat
1396 2857 1550 2928 dyas.
1594 2855 1713 2910 Jam
1754 2873 1882 2911 vero
1912 2871 2037 2909 cum

2139 2860 2283 2928 τρεῖς
2315 2855 2490 2922 λέγειν
2519 2849 2693 2913 θεούς.
2725 2848 2891 2902 Πάλιν
2914 2846 2980 2901 τὰ
3015 2844 3109 2900 τοῦ
3139 2843 3426 2917 ἀνθρώπου
3448 2842 3722 2911 πρόσωπα

470 2956 613 3010 nulla
645 2954 880 3008 accretio
931 2963 1031 3004 nec
1075 2948 1385 3012 diminutio,
1416 2963 1514 3003 nec
1550 2948 1833 3003 conversio
1882 2957 2041 3016 atque

2142 2950 2335 3012 πάντα,
2363 2946 2462 2998 οὐκ
2492 2943 2597 2997 ἀπὸ
2625 2941 2718 2995 τοῦ
2767 2937 2932 2994 αὐτοῦ
2963 2937 3253 3010 προσώπου
3283 2932 3423 2988 κατὰ
3455 2932 3515 2986 τὸ
3556 2946 3725 3001 προσ-

471 3044 719 3100 alteratfo
774 3054 1015 3113 unquam
1074 3037 1165 3092 ﬁat
1216 3038 1392 3093 tribus
1435 3038 1700 3107 personis,
1743 3037 2036 3093 absurdum

2146 3042 2257 3112 εχὲς
2288 3040 2399 3111 ἔχει
2428 3037 2488 3089 τὸ
2517 3029 2656 3088 εἶναι
2680 3050 2693 3063 °
2723 3032 2859 3087 ἀλλὰ
2903 3030 2971 3084 τὸ.
3003 3031 3098 3099 μὲν
3124 3030 3187 3081 ὲκ
3213 3027 3401 3080 τούτου
3435 3040 3448 3052 ·
3478 3023 3546 3076 τὰ
3568 3021 3625 3075 δὲ
3662 3020 3729 3086 ἐξ

470 3143 613 3191 esset
659 3148 822 3209 super
860 3132 1035 3186 tribus
1058 3129 1487 3200 personis-etiam
1536 3138 1647 3184 tres
1680 3128 1860 3183 dicere
1886 3129 2036 3183 deos.

2146 3132 2347 3187 ἐκείνου
2384 3131 2460 3192 είς
2485 3127 2651 3181 πολλὰ
2684 3126 2778 3179 καὶ
2798 3124 3025 3195 διάφορα
3061 3116 3197 3174 εῖναι
3234 3118 3368 3189 πρὸς
3398 3118 3510 3179 τοῖς
3541 3115 3729 3169 αίτια-

2203 3229 2223 3232 _.
2377 3223 2388 3232 .
2497 3221 2507 3232 .
2600 3221 2620 3232 ..
2794 3219 2806 3232 ο
2860 3218 2872 3232 ι
2926 3215 2968 3232 με
3056 3214 3081 3226 ~
3161 3212 3309 3232 x.,,r_,A
3345 3207 3571 3232 rlh.-.’.:--
3623 3205 3728 3232 -3...

473 3225 683 3279 Rursus
718 3206 952 3278 hominis
983 3236 1228 3291 persona:
1251 3234 1441 3275 omnes
1471 3234 1577 3273 non
1612 3220 1680 3274 ah
1711 3220 1899 3276 eadem
1925 3235 2041 3289 per-

2147 3229 2253 3290 τοῖς
2307 3223 2400 3278 καὶ
2454 3221 2520 3277 τὰ
2561 3221 2747 3273 αἴτια⁸
2790 3218 2882 3270 ἐπὶ
2923 3215 2978 3269 δὲ
3021 3214 3118 3283 τῆς
3153 3212 3311 3281 ἁγίας
3345 3207 3592 3280 Τριάδος,
3621 3205 3730 3276 οὐχ

474 3332 606 3373 sona
629 3313 927 3371 secundum
950 3314 1271 3372 continuum
1306 3313 1502 3369 habent
1534 3329 1654 3373 esse
1685 3329 1903 3369 :vcrum
1931 3313 2042 3369 hac

2147 3317 2331 3380 οὕτως.
2364 3316 2457 3368 Ἓν
2492 3313 2597 3385 γὰρ
2623 3312 2715 3365 καὶ
2750 3310 2810 3364 τὸ
2842 3307 2972 3363 αὐτὸ
2998 3306 3286 3377 πρόσωπον
3314 3301 3408 3355 τοῦ
3455 3300 3730 3371 Πατὲρος,

473 3408 689 3479 quidem
741 3424 806 3462 ex
857 3407 969 3471 illa,
1019 3407 1133 3460 haec
1181 3413 1360 3469 autem
1394 3420 1457 3459 ex
1510 3405 1601 3463 illa
1640 3405 1693 3460 in
1755 3406 1926 3459 multa
1989 3414 2044 3460 et

2153 3408 2201 3474 ἐξ
2227 3401 2286 3461 οῦ
2312 3409 2339 3459 ὁ
2370 3406 2492 3467 Υἱὸς
2524 3403 2798 3473 γεννᾶται,
2841 3399 2933 3452 καὶ
2961 3398 3022 3450 τὸ
3053 3395 3273 3465 Πνεῦμα
3305 3392 3364 3446 τὸ
3390 3393 3539 3460 ἆγιον
3555 3391 3736 3444 ἐκπο-

474 3502 689 3557 diversa
737 3514 858 3555 esse
911 3513 1075 3566 super
1134 3496 1373 3553 causatis
1430 3497 1592 3551 etiam
1645 3512 1839 3553 causas
1884 3517 1897 3554 :
1952 3513 2043 3553 ve-

2151 3500 2381 3571 ρεύεται.
2415 3496 2504 3550 Διὸ
2531 3496 2624 3548 καὶ
2648 3493 2850 3561 κυρίως
2892 3489 2981 3541 τὸν
3005 3486 3100 3540 ἕνα
3138 3487 3307 3539 αἴτιον
3336 3481 3597 3536 ὅντα’τῶν
3622 3481 3734 3537 αὐ-

478 3607 596 3645 rum
644 3590 697 3644 in
739 3596 927 3643 saneta
980 3586 1251 3641 Trinitate
1298 3602 1406 3641 non
1447 3587 1522 3641 ita
1581 3602 1640 3642 se
1688 3602 1777 3642 res
1838 3587 2042 3657 habet;

2153 3592 2235 3645 τοῦ
2267 3588 2542 3651 αἰτιατῶν,
2570 3587 2667 3641 Eva
2695 3584 2826 3638 Θεόν
2876 3596 3052 3651 φαμεν
3072 3596 3086 3612 ·
3118 3578 3239 3630 ἐπεὶ
3271 3575 3362 3629 καὶ
3393 3573 3736 3643 συνυπάρχει

480 3698 607 3739 nam
653 3695 761 3736 una
812 3689 869 3735 et
896 3680 1087 3734 eadem
1118 3692 1351 3749 persona
1396 3677 1596 3744 Patris,
1631 3694 1694 3735 ex
1739 3693 1848 3749 quo
1876 3677 2045 3732 Filius

2155 3683 2341 3744 ιύτοῖς,
2369 3678 2503 3737 Οὐτε
2533 3676 2641 3749 γὰρ
2666 3674 2841 3747 χρόνῳ
2862 3673 3145 3741 διαιρεῖται
3176 3666 3418 3737 ἀλλήλων
3454 3664 3521 3718 τὰ
3551 3664 3738 3735 πρόσ-

479 3781 770 3849 generatur
813 3782 868 3827 et
923 3769 1162 3841 Spiritus
1202 3778 1426 3826 sanctus
1477 3770 1743 3840 procedit.
1779 3770 2044 3836 Quocirca

2154 3791 2267 3833 ωπα
2304 3772 2403 3842 τῆς
2431 3770 2700 3836 θεότητος,
2723 3764 2843 3825 οὐτε
2877 3764 3046 3831 τόπῳ,
3092 3762 3151 3815 οὐ
3186 3759 3369 3831 βουλῇ,
3401 3757 3499 3811 οὐκ
3531 3758 3737 3830 ἐπιτη-

478 3866 642 3922 etiam
683 3861 901 3935 proprie
945 3874 1113 3916 unum
1160 3868 1439 3916 auctorem
1502 3875 1692 3915 eorum
1744 3876 1865 3931 quae
1907 3876 1936 3915 a
1990 3875 2048 3916 se

2151 3864 2392 3934 δεύματι,
2427 3861 2524 3914 οὐκ
2554 3855 2822 3928 ἐνεργείᾳ,
2843 3854 2903 3908 οὐ
2932 3853 3091 3908 πάθει
3112 3850 3287 3904 οὐδενὶ
3314 3850 3419 3903 τῶν
3441 3846 3734 3914 τοιούτων,

481 3965 541 4012 ut
559 3970 725 4011 causa
755 3953 1084 4024 dependent,
1112 3968 1282 4007 unum
1316 3951 1483 4007 Deum
1512 3952 1811 4006 asserimus
1836 3969 1849 4004 :
1877 3967 2050 4022 quan-

2160 3942 2342 4025 ›ἷάπερ
2389 3953 2671 4023 θεωρεῖται
2711 3948 2802 4010 ἐπὶ
2835 3945 2942 4009 τῶν
2969 3941 3360 4019 ἀνθρώπωΨῆ
3397 3941 3552 4011 μόνον
3581 3940 3674 3994 ὅτι
3710 3944 3743 3996 ὁ

482 4048 772 4119 doquidem
797 4060 903 4101 una
925 4043 1088 4100 etiam
1118 4057 1241 4098 cum
1271 4042 1406 4113 ipsis
1428 4041 1663 4097 exsistit.
1698 4040 1884 4112 Neque
1904 4042 2048 4096 enim

2160 4045 2357 4117 Πατὴρ,
2385 4044 2573 4113 Πατήρ
2621 4042 2759 4105 ἐστι,
2790 4038 2885 4091 καὶ
2932 4036 3030 4108 οὐχ
3064 4034 3192 4098 Υἱός
3216 4050 3230 4064 ·
3271 4032 3417 4096 Υἱὸς,
3456 4030 3584 4094 Υἱός
3612 4033 3743 4085 ἐστι

483 4149 726 4208 tempore
754 4135 1071 4191 dividuntur
1109 4149 1139 4188 a
1180 4149 1241 4189 se
1279 4134 1509 4188 invicem
1539 4148 1783 4203 personae
1810 4132 2048 4200 deitatis,

2151 4138 2241 4192 καὶ
2303 4137 2363 4188 οὐ
2418 4134 2646 4204 Πατήρ·
2686 4129 2886 4200 ὁμοίως
2925 4127 3019 4184 καὶ
3063 4124 3124 4178 τὸ
3173 4123 3397 4193 Πνεῦμα
3446 4120 3507 4176 τὸ
3540 4121 3734 4190 ἅγιον,

485 4244 663 4299 neque
682 4229 823 4294 loco,
851 4240 1028 4307 neque
1052 4225 1332 4280 voluntate
1352 4223 1668 4289 consiliove,
1691 4239 1863 4293 neque
1890 4224 2050 4278 insti-

2166 4226 2265 4280 ιύδὲ
2298 4224 2506 4294 Πατὴρ,
2533 4220 2649 4275 οὐδὲ
2680 4218 2821 4281 Υἱός.
2842 4215 3039 4284 Διόπερ
3062 4212 3284 4282 οὐδεμία
3307 4209 3519 4279 ἀνάγκη
3542 4226 3749 4282 παρα-

487 4330 626 4387 tuto,
639 4335 812 4390 neque
823 4306 1156 4389 Operatione,
1174 4310 1351 4387 néque
1363 4316 1648 4371 affectione
1662 4317 1770 4370 ulla
1783 4315 2051 4386 ejusmodi

2164 4315 2407 4379 σκευάζει
2441 4313 2586 4382 ἡμᾶς
2612 4311 2757 4380 τρεῖς
2795 4307 2948 4367 θεοὺς
2989 4305 3161 4361 εἰπεῖν
3188 4301 3257 4365 τὰ
3281 4299 3408 4372 τρία
3439 4299 3747 4369 πρόσωπα,

486 4426 607 4482 quae
639 4411 1018 4466 consideratur
1056 4408 1110 4463 in
1137 4407 1472 4471 hominibus,
1499 4408 1593 4463 sed
1625 4408 1892 4463 duntaxat
1921 4409 2047 4479 quia

2167 4408 2335 4477 ὒσπερ
2365 4406 2446 4473 ἐφ’
2479 4401 2633 4473 ἡμῶν
2651 4398 2874 4460 πολλοὺς
2903 4393 3220 4466 ἀνθρώπους
3251 4393 3429 4464 φαμὲν
3458 4390 3526 4444 τὰ
3560 4392 3750 4447 πολλὰ

485 4481 668 4556 Pater.
686 4497 845 4553 Pater
861 4506 963 4562 est,
985 4505 1038 4553 et
1060 4512 1168 4552 non
1185 4494 1378 4563 Filius;
1393 4494 2048 4564 Filius,Filinsest,etnon

2173 4496 2422 4566 πρόσωπα
2449 4489 2537 4543 διὰ
2574 4488 2673 4551 τὰς
2703 4485 2995 4556 εἰρημένας
3043 4482 3240 4545 αἰτίας,
3272 4482 3364 4534 καὶ
3391 4481 3451 4533 οὐ
3482 4482 3633 4534 κατὰ
3664 4482 3756 4536 λό-

486 4587 673 4641 Pater:
698 4585 949 4640 similiter
968 4584 1130 4640 etiam
1155 4583 1390 4654 Spiritus
1412 4591 1652 4649 sanctus,
1680 4600 1852 4654 neque
1872 4583 2051 4648 Pater,

2171 4601 2253 4652 γον
2290 4581 2584 4648 ἀναγκαῖον
2611 4576 2672 4629 τὸ
2694 4573 2853 4629 αὐτὸν
2885 4573 3023 4626 κατὰ
3056 4570 3238 4637 αὐτὸν,
3266 4569 3322 4622 ἓν
3348 4569 3440 4622 καὶ
3472 4569 3656 4624 πολλὰ
3685 4575 3754 4626 οὐ

490 4697 668 4752 neque
694 4677 868 4735 Filius
889 4685 993 4734 est.
1022 4677 1364 4747 Quapropter
1389 4676 1541 4730 nulla
1566 4678 1869 4733 necessitas
1901 4686 2055 4749 urget

2171 4670 2379 4728 δυνατὸν
2417 4665 2574 4722 εἶναι.
2607 4666 2762 4719 Ἐστι
2796 4665 2851 4718 δὲ
2876 4666 2968 4717 καὶ
2995 4662 3214 4732 Πέτρος,
3255 4662 3347 4714 καὶ
3376 4660 3619 4727 Παῦλος,
3652 4667 3754 4718 καὶ

490 4784 590 4827 nos
612 4772 677 4826 ad
703 4770 990 4826 dicendum
1011 4777 1122 4824 tres
1147 4768 1277 4823 deos
1297 4783 1416 4823 esse
1437 4782 1696 4836 personas
1723 4747 2058 4840 tres:quem—

2173 4760 2476 4831 Βαρνάϐας,
2518 4757 2659 4812 κατὰ
2712 4756 2794 4820 τὸ,
2831 4754 3141 4826 ἄνθρωπος,
3174 4747 3254 4817 εἷς
3295 4751 3606 4822 ἄνθρωπος,
3654 4757 3756 4810 καὶ

491 4862 778 4919 admodum
810 4862 864 4915 in
892 4861 1047 4927 nobis
1083 4860 1282 4914 multos
1323 4858 1572 4912 homines
1594 4858 1825 4914 dicimus
1859 4860 2057 4915 multas

2174 4855 2303 4913 κατὰ
2334 4852 2394 4907 τὸ
2424 4850 2555 4905 αὐτὸ
2605 4847 2781 4910 τοῦτο,
2818 4847 2958 4900 κατὰ
2989 4845 3073 4909 τὸ,
3110 4843 3414 4914 ἄνθρωπος,
3456 4843 3654 4898 πολλοὶ
3690 4849 3757 4900 οὐ

490 4968 775 5025 personas,
806 4961 1027 5023 propter
1066 4966 1159 5006 eas
1183 4964 1319 5020 quas
1350 4949 1585 5003 diximus
1624 4963 1840 5016 causas,
1875 4958 2056 5005 etnon

2176 4946 2414 5001 Βύνανται
2443 4938 2601 4996 εἶναι.
2648 4940 2908 5008 Λέγονται
2948 4937 3005 4990 δὲ
3038 4935 3221 4989 πολλοὶ
3250 4934 3525 5006 ἄνθρωποι
3564 4952 3759 4990 κοιτα-

492 5046 643 5116 juxta
663 5046 925 5099 rationem
951 5040 1335 5104 necessariam,
1375 5038 1520 5109 quod
1564 5038 1702 5092 idem
1741 5050 1824 5093 est
1860 5054 1955 5108 per
1978 5054 2057 5102 se,

2178 5032 2493 5107 χρηστικῶς,
2524 5031 2617 5084 καὶ
2644 5030 2703 5082 οὐ
2744 5027 2944 5098 κυρίως
2966 5043 2978 5056 ·
3008 5025 3133 5078 τὸδὲ
3165 5024 3628 5095 καταχρηστικῶς
3663 5026 3761 5080 λε-

494 5153 663 5193 unum
682 5147 737 5192 et
773 5135 940 5191 multa
975 5148 1078 5187 non
1106 5139 1280 5202 potest
1308 5146 1448 5184 esse.
1479 5127 1575 5183 Est
1603 5128 1763 5181 etiam
1789 5126 1985 5181 Petrus
2008 5134 2062 5182 et

2174 5116 2413 5197 γὸξιενον,
2443 5126 2543 5177 οὐκ
2576 5122 2641 5176 ἂν
2680 5124 2788 5183 τοῖς
2814 5115 2871 5172 εὖ
2912 5116 3167 5188 φρονοῦσι
3190 5115 3284 5170 τοῦ
3313 5116 3514 5184 κυρίως
3543 5132 3757 5187 προτι-

495 5227 698 5283 Paulus
712 5237 766 5283 et
786 5227 1063 5282 Barnabas
1079 5222 1378 5279 secundum
1401 5220 1694 5281 hominem,
1720 5233 1861 5273 unus
1877 5218 2053 5288 homo;

2177 5216 2388 5287 μηθείη.
2417 5213 2506 5280 Διὸ
2529 5214 2587 5265 οὐ
2614 5210 2831 5271 λεκτέον
2866 5209 2957 5261 ἐπὶ
2983 5208 3088 5260 τῶν
3110 5207 3273 5278 τριῶν
3302 5204 3614 5277 προσώπων
3644 5210 3760 5279 τῆς

497 5328 552 5376 et
575 5320 873 5375 secundum
896 5319 1000 5373 hoc
1025 5319 1222 5387 ipsum,
1246 5322 1519 5385 quatenus
1548 5310 1733 5372 homo,
1768 5309 1919 5363 multi
1951 5324 2063 5363 non

2176 5307 2318 5369 θείας
2346 5304 2528 5365 οὐσίας
2556 5304 2702 5373 τρεῖς
2747 5300 2900 5362 θεοὺς
2936 5295 3100 5363 εἶναι,
3131 5296 3270 5349 κατὰ
3297 5296 3357 5348 τὸ
3372 5295 3501 5357 Θεός
3523 5311 3537 5325 ο
3572 5290 3665 5361 εἷς
3698 5301 3759 5353 δὲ

501 5366 552 5376 ν-
576 5366 873 5375 --ν-πη.--
900 5366 1000 5373 --η
1025 5366 1222 5387 -.τ-γρ,
1254 5366 1335 5385 ,ψ
1392 5366 1400 5367 κ
1722 5366 1731 5372 ,

501 5421 725 5481 possunt
758 5427 880 5466 esse
923 5411 1214 5467 :dicuntur
1250 5416 1424 5461 autem
1461 5402 1613 5457 multi
1660 5402 1905 5456 homines
1936 5402 2065 5455 abu-

2214 5396 2299 5458 εὸς
2322 5393 2414 5447 καὶ
2431 5394 2458 5445 ὁ
2482 5391 2641 5453 αὐτὸς
2666 5389 2755 5443 διὰ
2769 5390 2865 5461 τὴν
2880 5386 3181 5456 ταυτότητα
3194 5385 3292 5455 τῆς
3309 5384 3493 5447 οὐσίας
3522 5378 3599 5455 ἧς
3630 5388 3764 5443 ἐστι
3788 5366 3794 5419 έ

502 5505 617 5558 sive
670 5516 733 5555 ac
771 5516 874 5555 non
917 5501 1181 5569 proprie:
1230 5496 1372 5567 quod
1420 5508 1550 5548 vero
1598 5508 1692 5562 per
1745 5492 2061 5546 abusionem

1598 5508 1692 5562 per
1745 5492 2061 5546 abusionem
2168 5488 2298 5551 Θεὸς
2331 5483 2681 5555 σημαντικὸν,
2716 5480 2897 5544 καθὼς
2929 5479 3169 5550 εἴπομεν.

502 5592 723 5654 dicitur,
752 5564 1165 5657 haudquaquam
1197 5564 1338 5656 apud
1390 5602 1484 5639 eos
1512 5584 1602 5653 qui
1685 5583 1901 5652 sapiunt
1968 5578 2299 5650 praeponitur
2359 5575 2409 5630 ei
2463 5573 2607 5643 quod
2656 5573 2895 5642 proprie.
2952 5568 3218 5635 Quocirca
3311 5564 3530 5620 minime
3625 5583 3766 5636 pro.

505 5682 763 5738 titendum
814 5689 897 5735 est
938 5680 991 5731 in
1043 5679 1219 5733 tribus
1255 5678 1503 5746 personis
1557 5676 1751 5730 divina‘
1789 5676 2041 5729 essentia:
2103 5681 2213 5726 tres
2262 5670 2395 5724 deos
2422 5682 2565 5729 esse,
2602 5675 2870 5737 quatenus
2898 5662 3040 5718 Deus
3072 5680 3085 5716 :
3115 5676 3259 5715 unus
3290 5673 3420 5712 vero
3477 5663 3531 5711 et
3603 5658 3768 5720 idem

506 5775 646 5843 heus
700 5779 919 5851 propter
942 5771 1277 5829 identitatcm
1310 5769 1647 5832 substantim,
1679 5768 1836 5837 cujus
1868 5765 1929 5819 τὸ
1950 5766 2089 5821 Deus
2128 5772 2210 5820 est
2258 5759 2698 5835 signiﬁcativum,
2752 5767 2811 5817 ut
2853 5756 3057 5813 dictum
3104 5765 3188 5810 est
3243 5767 3273 5805 a
3339 5747 3519 5805 nobis.
