4008 6210
287 398 364 455 l8!

1295 378 1379 432 DE
1421 371 1873 432 COMMUNIBUS
1913 369 2341 428 NOTIONIBUS.

3336 367 3437 421 13?.

339 512 385 564 Ei
418 508 463 562 δὲ
502 502 631 572 λέγοι
683 518 798 564 τις·
844 503 954 557 Καὶ
986 499 1100 563 πῶς
1145 502 1177 570 ὴ
1231 498 1422 569 Γραφὴ
1464 494 1780 566 συναριθμτῖ

1950 494 2101 560 Quod
2143 494 2189 550 si
2223 496 2347 565 quis
2391 493 2564 556 dicat,
2607 492 2671 546 Et
2704 491 2974 563 quomodo
3010 489 3290 561 Scriptura
3325 499 3438 545 tres

303 642 328 672 Γ

275 695 393 759 ἅγιον
416 687 611 757 Πνεῦμα
640 684 855 738 διδοῦσα
881 687 914 755 ἠ
939 683 1131 754 ι’ραφὴ
1146 684 1241 737 καὶ
1266 680 1398 734 Θεὸν
1425 680 1616 747 Λόγον,
1648 677 1780 729 Θεὸν

275 785 333 853 μὴ
350 782 508 847 Λόγον,
526 776 786 843 τουτέστι,
801 775 934 829 Θεὸν
957 775 1197 844 Πατέρα,
1217 772 1349 826 Θεὸν
1373 769 1594 839 Πνεῦμα
1608 768 1777 836 ἅγιον·

270 874 373 925 Θεὸν
392 866 729 940 παραδιδοῦσα
752 907 767 930 ,
803 865 1030 919 καθόλου
1063 864 1409 933 παραιτεῖται
1452 861 1599 931 τρεῖς
1631 857 1782 919 θεοὺς

271 964 423 1024 είπεῖν,
454 958 690 1013 ἀσέϐειαν
740 955 1017 1027 ἡγουμένη
1052 954 1149 1025 τὴν
1201 951 1510 1016 πολυθεΐαν,
1557 949 1652 1002 καὶ
1688 948 1784 999 ἕνα

267 1052 372 1105 Θεὸν
397 1050 543 1103 διόλου
588 1048 954 1120 κηρύττουσα,
993 1048 1130 1118 μήτε
1163 1044 1231 1097 τὰ
1276 1043 1539 1114 πρόσωπα
1577 1037 1786 1107 συμφὺ-

270 1160 419 1214 ρουσα,
468 1142 592 1212 μήτε
653 1141 754 1209 τὴν
817 1139 1047 1209 θεότητα
1084 1137 1365 1209 διαιροῦσα
1389 1153 1402 1167 ·
1451 1134 1786 1204 φυλάττουσα

265 1231 308 1282 δὲ
337 1229 503 1300 μᾶλλον
548 1227 853 1297 ταυτότητα
893 1226 1142 1298 θεότητος
1180 1226 1238 1279 ἐν
1270 1225 1523 1294 ἰδιότησιν
1552 1222 1786 1275 ὑποστά-

268 1338 393 1382 σεων,
410 1320 440 1390 ἦ
460 1319 524 1382 ὡς
542 1320 711 1389 τριῶν
742 1317 1067 1389 προσώπων.
1096 1318 1161 1371 Ei
1176 1316 1229 1369 δὲ
1248 1315 1494 1387 βούλεται
1520 1314 1548 1364 ὁ
1568 1311 1788 1365 τοιαῦτα

262 1412 402 1480 λέγων
426 1410 600 1481 μαθεῖν
651 1412 716 1464 τὸ
754 1409 973 1480 ἀληθὲς,
1011 1407 1327 1476 γινωσκέτω
1364 1406 1436 1470 ὡς
1471 1406 1618 1473 τρεῖς
1643 1403 1790 1473 λέγει

262 1505 287 1573 ἡ
313 1503 467 1574 Γραφή
489 1519 502 1531 ·
534 1501 742 1571 καίπερ
762 1501 859 1552 ἕνα
887 1498 1169 1569 ἄνθρωπον
1194 1498 1320 1560 τοὺς
1345 1495 1669 1564 σύμπαντας
1710 1509 1789 1560 γι-

261 1590 512 1656 νώσκουσα,
560 1591 719 1645 κατὰ
762 1591 842 1651 τὸ,
899 1591 1240 1656 Ἀνθρωπος
1292 1585 1433 1640 ὡσεὶ
1479 1585 1691 1654 χόρτος
1733 1586 1791 1635 αλ

261 1684 435 1752 ἡμέραι
474 1682 662 1736 αὐτοῦ
689 1699 704 1712 ν
743 1676 830 1734 οῗα
876 1679 1075 1751 τροφὸς
1109 1678 1307 1748 ἀγαθὴ,
1354 1676 1446 1729 καὶ
1483 1675 1586 1728 ἴδια
1621 1672 1793 1744 βρέφη

259 1777 356 1838 reb;
384 1772 694 1844 ἀνθρώπους
725 1770 1051 1842 λογιζομένη
1075 1786 1087 1798 ·
1122 1771 1215 1823 καὶ
1245 1770 1413 1822 ἐνίοτε
1448 1769 1627 1828 αὐτοῖς
1652 1782 1788 1834 συμ-

256 1864 546 1932 ὑελλίζουσα,
584 1865 691 1916 καὶ
746 1862 1006 1934 χρωμένη
1058 1861 1255 1932 ὁμοίως
1297 1860 1523 1921 ἐκείνοις
1547 1857 1654 1911 τῶν
1682 1856 1795 1909 ὀνο-

1907 1861 2045 1930 prios
2081 1861 2221 1917 fetus
2281 1862 2527 1917 homines
2600 1863 2843 1932 singulos
2891 1869 3105 1931 reputat

261 1956 410 2024 μάτων
449 1956 614 2017 τισὶν,
670 1954 732 2006 οὑ
787 1956 1281 2024 παραγινώσκουσα
1345 1949 1406 2002 τὸ
1450 1948 1671 2002 τέλειον.
1730 1946 1794 1999 ἸΙ

257 2047 367 2116 αὐτὴ
416 2046 515 2117 γὰρ
563 2047 670 2098 καὶ
729 2038 865 2109 ὦτα,
918 2044 1013 2097 καὶ
1057 2042 1384 2112 ὀφθαλμοὺς,
1420 2040 1511 2093 καὶ
1543 2038 1701 2091 λοιπὰ
1732 2036 1797 2109 δὴ

261 2138 392 2208 μόρια
419 2138 670 2208 σώματος
698 2137 839 2206 ἔχειν
871 2136 1100 2203 λέγουσα
1133 2135 1222 2189 τὸν
1261 2132 1412 2196 Θεὸν,
1433 2132 1492 2185 οὑ
1526 2131 1699 2199 δόγμα
1739 2128 1798 2181 τὸ

255 2230 424 2282 τοιοῦτο
454 2230 795 2300 παραδίδωσι
816 2272 830 2292 ,
887 2228 1137 2282 σύνθετον
1181 2225 1469 2296 ὁριζομένη
1520 2224 1580 2276 τὸ
1610 2223 1761 2274 Θεῖον
1782 2240 1795 2252 ·

257 2320 365 2373 ἀλλά
383 2321 513 2374 κατὰ
566 2321 671 2374 τὸν
700 2321 985 2391 εἰρημένον
1032 2320 1230 2391 τρόπον
1262 2321 1325 2371 ὲκ
1362 2317 1670 2388 μεταφορᾶς
1694 2313 1800 2366 τῶν

252 2411 512 2483 ἡμετέρων,
560 2412 712 2484 πρὸς
772 2410 1059 2481 ἀναγωγὴν
1083 2410 1189 2464 τῶν
1241 2409 1314 2480 μὴ
1354 2408 1574 2479 ἀμέσως
1620 2406 1710 2459 ἐπὶ
1734 2404 1801 2457 τὰ

255 2498 480 2570 ἀσώματα
513 2504 724 2572 χωρεῖν
756 2501 1086 2570 δυναμένων,
1122 2499 1189 2551 τὰ
1225 2498 1465 2567 δόγματα
1496 2494 1798 2549 ἐκτίθεται*

254 2588 441 2660 Πνεῦμα
490 2592 735 2659 λέγουσα
767 2589 857 2643 τὸν
887 2588 1019 2641 Θεὸν
1050 2585 1209 2648 εῖναι,
1246 2590 1337 2641 καὶ
1373 2585 1646 2656 πανταχοῦ
1678 2584 1803 2637 ἔνθα

253 2695 320 2742 τις
345 2683 638 2754 πορευθείη
671 2684 925 2753 παρεῖναι
957 2681 1017 2736 τὸ
1048 2680 1251 2736 ἁπλοῦν
1284 2678 1449 2734 αὑτοῦ
1489 2680 1582 2734 καὶ
1610 2678 1803 2749 ἀπερί-

254 2785 450 2841 τριτον,
481 2775 640 2845 ἡμᾶς
684 2768 1088 2827 ὲκδιδάσκουσα.
1116 2771 1272 2826 Οὑτω
1310 2773 1403 2826 καὶ
1433 2774 1580 2843 τρεῖς
1608 2771 1805 2842 ἄνδρας

250 2862 449 2931 λέγουσα
483 2865 571 2919 διὰ
619 2864 941 2934 συνήθειαν,
978 2864 1063 2931 ἵνα
1102 2866 1176 2935 μὴ
1210 2862 1390 2934 ξενίζη
1417 2862 1478 2915 τὸ
1510 2862 1686 2915 κοινὸν
1714 2861 1808 2913 καὶ

251 2955 301 3006 ἐν
317 2960 495 3027 χρήσει
540 2957 662 3011 τῶν
700 2956 909 3009 πολλῶν
948 2957 1208 3027 ὑπάρχον.
1258 2956 1366 3009 Καὶ
1421 2954 1517 3008 ἕνα
1570 2954 1704 3025 φησὶ
1741 2953 1805 3006 δι’

250 3046 521 3115 ἀιρίδειαν,
568 3049 668 3101 ἵνα
724 3049 798 3118 μὴ
834 3047 1185 3118 παρασαλεύῃ
1230 3047 1290 3100 τὸ
1328 3047 1500 3110 τέλος,
1530 3047 1624 3099 καὶ
1651 3049 1708 3098 έν
1740 3047 1809 3115 τῇ

252 3136 390 3204 φύσει
411 3139 515 3192 τῶν
544 3140 897 3211 πραγμάτων
916 3139 1119 3210 θεωρου
1129 3138 1281 3209 μένη.
1314 3139 1423 3192 Καὶ
1447 3137 1508 3191 τὸ
1527 3138 1623 3207 μὲν
1648 3136 1809 3235 ἡγοῦ·
1835 3182 1878 3239 C

250 3227 372 3296 μεθα
393 3229 803 3297 συγκατάδασιν
831 3229 923 3281 ἐπὶ
956 3230 1207 3299 χρησίμῳ
1232 3228 1326 3280 καὶ
1351 3226 1679 3297 συμφέροντι
1701 3224 1810 3277 τῶν

250 3318 680 3391 νηπιωδεστέρων
712 3318 1074 3388 γεγενημένον
1095 3336 1109 3348 ·
1146 3317 1206 3370 τὸ
1237 3317 1292 3370 δὲ
1320 3316 1608 3388 ὁριζόμεθα
1638 3315 1812 3386 δόγμα

247 3406 327 3458 ἐπὶ
350 3406 643 3475 βεϐαιώσει
685 3409 782 3461 καὶ
812 3407 1105 3476 παραδόσει
1136 3408 1235 3478 τῆς
1255 3406 1584 3479 τελειότητος
1607 3402 1813 3459 ἑκτιθέυ

252 3512 411 3563 μενον.
453 3499 621 3552 Ἀλλὰ
675 3499 833 3553 πάλιν
864 3499 993 3568 φασί
1041 3514 1181 3561 τινες
1211 3499 1311 3563 ὅτι,
1352 3497 1541 3568 ὥσπερ
1560 3498 1818 3567 λέγομενο

259 3582 1012 3662 ⁸Υπόστασιςὺποστάσεως,ή
1030 3593 1341 3655 ὑπόστασις,
1368 3590 1518 3644 οὐδὲν
1550 3589 1811 3660 διαφέρει·

250 3675 332 3725 καὶ
347 3677 407 3727 οὑ
438 3680 592 3749 παρὰ
630 3678 793 3733 τοῦτο
834 3681 931 3750 μία
959 3682 1251 3746 ὑπόστασις
1292 3684 1346 3736 αί
1378 3683 1546 3735 πᾶσαι
1576 3678 1820 3733 ὑποστά-

245 3781 352 3830 σεις
374 3785 391 3801 ⁹
417 3770 512 3823 καὶ
543 3770 742 3842 ὥσπερ
791 3772 968 3836 οὐσία,
1003 3773 1187 3835 οὑσίας
1232 3772 1379 3828 οὑδὲν
1409 3771 1689 3842 διαφέρει·
1723 3772 1817 3825 καὶ

245 3857 300 3909 οὑ
332 3860 488 3929 παρὰ
508 3863 672 3915 τοῦτο
702 3863 798 3933 μία
828 3864 987 3917 οὐσία
1017 3865 1070 3917 αἱ
1102 3866 1269 3918 πᾶσαι
1304 3864 1479 3918 οὑσίαι
1504 3882 1518 3895 σ
1547 3861 1720 3925 οὕτως
1750 3860 1815 3914 ἂν

244 3948 517 4022 εἴποιμεν,
550 3954 680 4018 Θεὸς
703 3955 838 4009 Θεοῦ
870 3956 1020 4009 οὐδὲν
1040 3956 1284 4027 διαφέρει
1305 3973 1316 3984 ’
1345 3957 1436 4010 καὶ
1458 3955 1518 4009 οὐ
1551 3955 1636 4009 διὰ
1661 3954 1817 4008 τοῦτο

245 4037 318 4104 si;
345 4043 510 4109 Θεὸς,
574 4045 631 4098 αί
678 4049 828 4118 τρεῖς
878 4048 1220 4109 ὑποστάσεις,
1280 4040 1529 4125 καθ’θςῶν
1586 4045 1647 4098 τὸ
1684 4045 1815 4107 Θεὸς

245 4137 648 4205 κατηγορεῖται.
672 4138 780 4190 Καὶ
807 4135 992 4201 πάλιν,
1018 4138 1147 4190 Ἀνο
1156 4152 1334 4208 ρωπος
1354 4135 1638 4207 ἀνθρώπου
1662 4136 1814 4190 οὐδὲν

241 4221 504 4294 διεξέρει,
533 4225 811 4293 λέγοντεςε
851 4226 952 4278 οὑκ
976 4226 1305 4296 άναιροῦμεν
1344 4226 1403 4278 τὸ
1435 4228 1579 4297 τρεῖς
1606 4223 1815 4294 ἀνθρώ-

244 4329 369 4378 πως
398 4314 544 4371 εἶναι
586 4318 792 4389 Πέτρον
839 4318 934 4372 καὶ
977 4317 1185 4371 Παῦλον
1215 4321 1310 4371 καὶ
1359 4318 1659 4390 Βαρνάὸαν.
1687 4319 1816 4369 Δια-

240 4403 385 4472 ςέρει
412 4406 528 4478 γὰρ
563 4407 726 4460 οὑσία
782 4407 969 4470 οὐσίας
995 4423 1009 4436 ο
1045 4408 1139 4460 καὶ
1196 4409 1255 4460 οὑ
1312 4407 1443 4461 καθὸ
1470 4408 1645 4472 οὐσία,
1681 4405 1816 4459 ἀλλὰ

283 603 392 667 τρεῖς
434 598 599 667 ἄνδρας
630 594 771 647 κατὰ
818 592 1131 665 περιουσίαν
1159 608 1175 657 ς
1206 591 1384 661 δράτω
1413 589 1494 642 ὅτι
1530 586 1655 639 Υἰὸν
1687 585 1779 638 καὶ

1907 586 2023 642 iros
2091 594 2450 641 conuumerat
2515 600 2580 639 ex
2639 583 3013 639 abundantia?
3059 582 3234 638 videat
3294 582 3439 651 quod

1881 676 2075 731 Filium
2112 685 2166 731 et
2206 688 2454 732 sanctum
2490 675 2753 747 Spiritum
2796 676 3016 732 tradens
3049 674 3356 747 Scriptura,
3389 683 3439 729 et

1883 771 2047 823 Deum
2104 768 2337 824 Verbum
2402 777 2457 822 et
2502 767 2669 823 Deum
2719 782 2826 821 non
2881 765 3141 831 Verbum,
3201 766 3305 821 hoc
3359 775 3443 822 est

1885 859 2051 913 Deum
2096 858 2333 923 Patrem,
2387 856 2553 911 Deum
2600 855 2863 927 Spiritum
2920 864 3212 911 sanctum:
3275 854 3440 910 Deum

1883 950 2104 1005 tradens
2146 948 2514 1019 proﬁtensque
2557 948 2781 1002 omnino
2812 955 3025 1002 recusat
3054 955 3167 1001 tres
3198 945 3330 1001 deos
3366 948 3447 1000 di-

1884 1055 2037 1103 cere,
2087 1039 2417 1109 impietatem
2471 1053 2701 1093 censetis
2746 1037 2971 1093 deorum
3022 1035 3444 1100 multitudinem,

1885 1136 1939 1185 et
1988 1145 2155 1183 unum
2208 1128 2374 1184 Deum
2428 1128 2631 1199 ubique
2681 1128 3060 1199 promulgans,
3113 1142 3291 1198 neque.
3329 1143 3453 1198 per-

1887 1234 2054 1276 sonas
2116 1220 2485 1286 conl‘undens,
2541 1236 2718 1293 neque
2778 1221 3119 1277 divinitatem
3176 1221 3448 1286 dividens,

1888 1312 1998 1366 imo
2034 1310 2341 1367 divinitatis
2376 1313 2715 1368 identitatem
2752 1328 3090 1370 conservans
3130 1313 3184 1368 in
3213 1314 3454 1384 praprie-

1889 1406 2095 1461 tatibus
2157 1405 2514 1477 hypostaticis
2570 1408 2732 1461 trium
2778 1420 3154 1477 personarum.
3199 1403 3353 1470 Quod
3406 1406 3452 1459 si

1892 1495 1984 1565 qui
2009 1496 2123 1551 haec
2154 1496 2288 1550 dicit
2318 1513 2501 1552 verum
2551 1497 2760 1552 discere
2810 1497 2947 1560 vult,
2987 1503 3279 1566 cognoscat
3310 1491 3456 1549 Scri-

1893 1593 2107 1656 pturam
2144 1594 2254 1643 tres
2292 1586 2492 1651 dicere,
2523 1586 2734 1640 tametsi
2778 1601 2945 1640 unum
2989 1584 3265 1639 hominem
3294 1597 3455 1637 omne

1893 1694 2064 1750 genus
2101 1679 2394 1734 humanum
2423 1690 2737 1749 cognoscat,
2770 1680 2925 1748 juxta
2953 1678 3105 1741 illud,
3143 1676 3313 1733 [Iomo
3342 1687 3456 1731 tan-

1895 1788 2049 1840 quam
2095 1771 2269 1840 [eitum
2305 1771 2414 1825 dies
2458 1772 2592 1840 ejus,
2624 1772 2788 1826 veluti
2827 1771 3010 1825 nutrix
3045 1771 3206 1834 bona,
3258 1777 3317 1828 et
3338 1785 3457 1840 pro-

3162 1879 3177 1915 :
3232 1868 3287 1917 et
3334 1876 3457 1915 cunt

1898 1952 2029 2019 ipsis
2061 1953 2328 2005 interdum
2364 1952 2689 2016 balbutiens,
2720 1960 2775 2006 et
2805 1954 2838 1989 ⁸⁸
2858 1952 3059 2021 pariter
3091 1951 3352 2006 nonnulla
3392 1967 3456 2005 ex

1900 2041 2004 2097 illis
2028 2042 2288 2098 vocabula
2322 2045 2386 2096 ad
2413 2060 2577 2098 unum
2608 2043 2892 2108 exhibens,
2915 2057 3023 2097 non
3049 2058 3236 2114 parum
3270 2041 3457 2098 videns

1900 2136 2224 2202 ignoransve
2259 2135 2399 2205 quod
2425 2134 2720 2205 perfectum
2752 2142 2861 2189 est.
2905 2132 3040 2188 Nam
3072 2134 3272 2191 eadem
3302 2150 3459 2191 sacra

1902 2225 2206 2298 Scriptura,
2255 2237 2308 2283 et
2353 2243 2533 2291 aures,
2573 2237 2627 2283 et
2651 2227 2840 2282 oculos
2892 2242 2955 2281 ac
3000 2226 3237 2297 reliquos
3276 2228 3462 2297 utique

1903 2328 2079 2384 artus,
2125 2330 2173 2374 et
2209 2319 2503 2389 particulas
2547 2321 2792 2389 corporis
2825 2318 2988 2374 Deum
3016 2318 3213 2373 habere
3251 2319 3459 2382 dicens,

1902 2426 2009 2464 non
2080 2412 2384 2465 doctrinam
2443 2411 2711 2481 ejusmodi
2773 2411 2956 2478 tradit,
2995 2422 3053 2466 ut
3108 2411 3464 2482 compositam

1903 2499 2130 2556 deliniat
2179 2501 2538 2566 divinitatem,
2590 2502 2686 2557 sed
2739 2504 2901 2559 modo
2949 2503 3208 2572 praedicto
3238 2505 3469 2559 transla-

1905 2591 2052 2645 tione
2074 2592 2237 2647 ducta
2270 2608 2299 2645 a
2335 2593 2501 2647 rebus
2529 2594 2739 2649 nostris
2768 2594 2833 2648 ad
2866 2593 3220 2649 elevationem
3251 2609 3463 2659 eorum,

1904 2681 1997 2751 qui
2054 2697 2159 2735 non
2214 2681 2422 2751 absque
2489 2681 2670 2736 medio
2735 2683 2969 2752 quodam
3025 2684 3091 2737 ad
3145 2684 3467 2754 incorporea

1907 2771 2164 2827 accedere
2214 2780 2467 2843 possunt,
2515 2773 2737 2843 exponit
2789 2774 3053 2829 decreta:
3102 2774 3230 2829 dum
3289 2773 3465 2845 Spiri~

1909 2874 2022 2921 tum
2081 2866 2212 2921 dicit
2243 2864 2410 2921 Deum
2436 2881 2578 2928 esse,
2609 2877 2662 2921 et
2685 2878 3010 2937 quocunque
3049 2868 3289 2924 locorum
3315 2868 3435 2938 quis
3456 2896 3473 2909 ο

1892 2953 2060 3023 iterit,
2078 2957 2381 3028 simplicem
2421 2967 2476 3013 et
2512 2960 2677 3015 nullis
2707 2959 2966 3014 cancellis
2999 2959 3469 3030 circumscriptam

1907 3048 2028 3117 ejus
2082 3058 2331 3103 naturam
2367 3049 2558 3106 adesse
2592 3065 2693 3117 nos
2742 3050 2933 3105 edocet
2962 3069 2976 3103 :
3030 3050 3283 3106 similiter
3309 3052 3470 3104 etiam

1911 3148 2023 3194 tres
2082 3155 2232 3196 viros
2293 3140 2483 3196 dicens
2536 3156 2603 3196 ex
2647 3154 2818 3203 more,
2878 3141 2954 3194 uti
3011 3156 3079 3194 ne
3128 3139 3471 3211 peregrinum

1912 3244 2221 3300 novumque
2259 3239 2519 3301 appareat
2553 3230 2699 3302 quod
2727 3246 3016 3286 commune
3059 3241 3111 3287 et
3140 3231 3283 3303 quod
3319 3230 3474 3302 vulgo

1912 3321 2173 3376 usitatum
2209 3329 2312 3376 est.
2371 3322 2551 3376 Unum
2603 3330 2783 3376 autem
2809 3321 2941 3376 dicit
2973 3329 3230 3376 accurato
3260 3321 3475 3376 dicendi

1910 3426 2111 3482 genere
2159 3426 2227 3466 ne
2279 3411 2553 3466 transiliat
2593 3410 2753 3466 ﬁnem
2786 3426 2850 3466 ac
2908 3410 3155 3476 limitem,
3201 3413 3365 3467 etiam
3421 3411 3476 3466 in

1912 3515 2096 3556 rerum
2142 3509 2335 3556 natura
2385 3501 2751 3557 considerata.
2794 3501 3034 3573 Itemque
3077 3511 3137 3557 ut
3190 3501 3325 3557 illud
3352 3503 3475 3572 qui--

1912 3593 2033 3650 dem
2057 3593 2437 3651 existimemus
2456 3594 2908 3661 condescensum,
2932 3594 2997 3649 ad
3024 3594 3077 3649 id
3098 3594 3241 3665 quod
3265 3593 3479 3664 expedit

1914 3694 1969 3742 et
2019 3686 2238 3741 confert
2288 3687 2357 3742 iis
2407 3686 2501 3756 qui
2548 3687 2891 3742 imbecilliori
2934 3693 3060 3741 sunt
3113 3686 3331 3758 ingenio
3388 3700 3480 3740 ac-

1914 3777 2318 3834 commodatum
2346 3796 2361 3846 ;
2390 3779 2495 3833 hoc
2538 3794 2671 3835 vero
2715 3786 3016 3835 statuamus
3043 3778 3323 3834 decretum
3358 3793 3480 3833 esst:

1916 3866 1984 3922 ad
2013 3867 2486 3925 conﬁrmationem
2532 3877 2589 3925 et
2621 3868 2971 3923 traditionem
3010 3867 3359 3938 perfectionis
3387 3882 3479 3921 ex-

1917 3957 2179 4025 positum.
2216 3954 2324 4014 Sed
2358 3973 2554 4014 rursus
2583 3957 2734 4012 aiunt
2769 3957 2987 4027 quidam
3022 3955 3476 4025 quemadmodum

1916 4063 2039 4102 cum
2082 4048 2319 4104 dicimus
2355 4068 2367 4104 :
2396 4047 2634 4104 Persona
2666 4063 2907 4116 personae
2935 4059 3163 4112 persona
3202 4052 3307 4107 est,
3346 4045 3476 4099 nihil

1918 4140 2119 4205 diﬂ‘ert,
2162 4151 2215 4195 et
2255 4156 2359 4196 non
2412 4147 2695 4207 propterea
2742 4151 2846 4188 una
2884 4151 3112 4204 persona
3164 4144 3247 4192 cst
3291 4152 3498 4190 omnes

1919 4231 2239 4301 hypostases
2271 4247 2286 4294 ;
2320 4238 2373 4282 ct
2419 4227 2580 4280 veluti
2623 4226 2859 4280 essentia
2890 4227 3024 4279 nihil
3054 4224 3233 4280 dill‘ert
3274 4226 3344 4281 ab
3391 4242 3474 4280 es-

1919 4314 2118 4388 sentia,
2176 4328 2230 4376 et
2279 4334 2388 4374 non
2433 4318 2554 4373 ideo
2603 4334 2709 4371 una
2772 4317 3078 4372 substantia
3120 4332 3310 4372 omnes
3350 4317 3480 4372 sub-

1918 4409 2134 4475 stantia:
2185 4419 2355 4464 sunt:
2386 4407 2467 4462 sic
2515 4406 2678 4461 etiam
2725 4405 2910 4459 dicere
2942 4420 3245 4476 possemus,
3284 4404 3425 4461 Deus
3450 4422 3480 4461 a

242 4496 569 4552 ιιθὸτοιάδε
599 4499 757 4552 οὑσία
778 4515 793 4529 ·
824 4502 916 4552 καὶ
950 4500 1241 4562 ὑπόστασις
1288 4500 1652 4565 ὑποστάσεως,
1682 4499 1807 4553 καθὸ

1927 4503 2033 4558 Deo
2067 4501 2199 4556 nihil
2224 4499 2423 4565 differt,
2454 4507 2509 4554 et
2534 4514 2640 4553 non
2676 4506 2962 4569 propterea
2991 4514 3133 4554 unus
3178 4497 3344 4564 Deus,
3372 4509 3483 4553 tres

236 4588 401 4641 τοτάδε
434 4590 763 4655 ὑπόστασις,
798 4594 887 4645 καὶ
924 4592 1205 4662 ἄνθρωπος
1235 4592 1516 4663 ἀνθρώπου
1614 4592 1815 4645 τοιόσδε

239 4673 543 4746 ἄνθρωπος.
569 4682 678 4733 Καὶ
705 4682 867 4735 πάλιν
890 4682 1021 4745 Θεὸς
1044 4682 1177 4735 Θεοῦ
1252 4682 1446 4735 τοιόσδε
1478 4683 1606 4746 Θεός
1626 4700 1639 4714 ο
1672 4682 1732 4735 τὸ
1762 4683 1818 4735 δὲ

234 4769 431 4822 τοιόσδε
454 4771 492 4841 ἢ
530 4772 762 4828 τοιόσδε.
795 4772 889 4824 ἐπὶ
919 4771 1012 4823 δύο
1047 4771 1079 4842 ἢ
1111 4772 1202 4824 καὶ
1235 4772 1490 4824 πλειόνων
1516 4773 1701 4825 εἴωθεν
1735 4773 1819 4825 λέ-

236 4856 440 4919 γεσθαι.
491 4860 660 4913 Ἀλλὰ
692 4859 864 4912 ταῦτα
895 4860 994 4930 μὲν
1038 4862 1229 4913 ἐκεῖνοι
1258 4878 1269 4891 ·
1303 4864 1462 4932 ἡμεῖς
1489 4862 1545 4914 δὲ
1576 4862 1819 4931 δείξομεν

234 4946 471 5017 σόφισμα
523 4951 596 5002 τὸ
637 4954 747 5004 πᾶν
801 4947 974 5012 εἶναι,
1022 4951 1202 5015 αὑτοῖς
1230 4954 1340 5014 τοῖς
1374 4953 1679 5023 εἰρημένοις
1723 4971 1812 5006 κε-

236 5039 532 5104 χρημένοι,
586 5041 675 5093 καὶ
720 5040 1026 5103 δεικνύντες
1065 5039 1138 5112 μὴ
1174 5041 1302 5105 δεῖν,
1332 5043 1528 5096 τοιόνδε
1552 5042 1685 5096 Θεὸν
1723 5044 1815 5096 καὶ

230 5126 453 5191 τοιάνδε,
485 5129 525 5199 ἢ
565 5130 766 5183 τοιόνδε
794 5130 1077 5200 ἄνθρωπον
1105 5133 1196 5186 καὶ
1225 5133 1422 5187 τοιόνδε
1467 5133 1642 5203 λέγειν
1661 5150 1676 5166 ·
1701 5133 1814 5186 ἀλλ’

232 5213 265 5281 ἦ
300 5218 406 5286 ip:
428 5219 652 5272 τοιάνδε
682 5221 980 5275 ὑπόστασιν
1003 5222 1137 5275 Θεοῦ
1170 5226 1263 5277 καὶ
1287 5224 1491 5278 τοιάνδε
1520 5225 1814 5279 ὑπόστασιν

230 5302 550 5377 ἀνθρώπου.
592 5310 792 5373 Πολλὰς
824 5311 931 5383 γὰρ
975 5313 1293 5379 ὑποστάσεις
1341 5314 1433 5369 τοῦ
1456 5316 1573 5380 ἑνὸς
1606 5315 1816 5387 ἀνθρώ-

234 5408 351 5458 ‘am,
382 5400 493 5453 καὶ
521 5404 678 5470 τρεῖς
729 5403 1056 5469 ὑποστάσεις
1092 5406 1187 5459 τοῦ
1218 5408 1335 5472 ἐνὸς
1373 5409 1507 5463 Θεοῦ
1538 5428 1717 5483 φαμεν
1745 5411 1822 5464 δι-

236 5487 417 5553 καίως.
454 5490 545 5545 Τδ
585 5494 678 5561 μὲν
713 5493 807 5550 οὖν
830 5497 1028 5550 τοιόνδε
1059 5497 1365 5569 λεγόμενον,
1396 5501 1665 5572 διακρῖναι
1696 5504 1819 5573 βού-

234 5572 378 5629 λεταί
420 5579 484 5632 τί
530 5596 682 5646 τινος
720 5584 1099 5649 κοινωνοῦντος
1133 5589 1252 5640 κατ’
1286 5590 1460 5643 ἐκεῖνο
1489 5572 1744 5660 τοῦνομα,
1780 5588 1825 5661 ᾧ

238 5664 542 5755 ῖδγτοιάνδι
600 5675 938 5744 προστίθεται
956 5693 973 5707 °
1008 5672 1119 5731 οἷον
1155 5677 1291 5742 ζῶον
1316 5681 1513 5736 τοιόνδε
1538 5683 1716 5755 φαμὲν
1735 5685 1828 5736 τὸν

232 5753 568 5828 “pacm,
619 5760 886 5834 διακρῖναι
934 5764 1091 5819 αὑτὸν
1143 5764 1453 5841 βουλόμενοι
1495 5770 1590 5826 τοῦ
1621 5753 1826 5835 νῖππου,

1928 4603 2056 4650 sunt
2074 4606 2323 4664 personae
2348 4590 2416 4646 de
2431 4590 2630 4661 quibus
2660 4589 2801 4645 Deus
2818 4590 3141 4660 praedicatur
3164 4609 3176 4645 :
3197 4598 3249 4645 et
3266 4605 3479 4655 rursus,

1932 4681 2326 4739 llomohomini
2359 4681 2495 4736 nihil
2526 4682 2770 4745 interest,
2805 4680 3075 4747 dicentes,
3110 4695 3218 4735 non
3241 4681 3481 4736 tollimus

1920 4783 2031 4827 tres
2061 4771 2308 4827 homines
2336 4786 2456 4827 esse
2477 4769 2697 4825 Petrum
2725 4779 2778 4824 et
2824 4768 3049 4825 Paulum
3081 4780 3133 4824 ct
3154 4769 3477 4824 Barnabam.

1924 4866 2029 4919 Sed
2061 4865 2208 4920 enim
2246 4864 2424 4919 diﬂ‘ert
2461 4864 2767 4920 substantia
2807 4879 2838 4918 a
2884 4864 3191 4919 substantia
3223 4881 3237 4918 :
3285 4875 3339 4919 et
3374 4880 3482 4918 non

1923 4964 2192 5022 quatenus
2240 4954 2570 5017 substantia,
2624 4953 2717 5010 sed
2756 4960 3030 5024 quatenus
3068 4955 3194 5009 talis
3234 4952 3479 5023 quaedam

1922 5044 2231 5100 substantia
2264 5052 2349 5100 est
2378 5063 2390 5098 :
2422 5053 2477 5100 et
2523 5043 2833 5115 hypostasis
2863 5041 2932 5098 ab
2971 5043 3251 5114 hypostasi
3281 5041 3480 5107 differt,

1920 5147 2193 5207 quatenus
2224 5137 2353 5191 talis
2385 5135 2633 5206 quadam
2671 5132 3026 5191 subsistentia
3066 5142 3173 5199 est,
3219 5142 3272 5188 et
3320 5134 3484 5187 homo

1922 5229 1991 5281 ab
2048 5227 2269 5281 homine
2298 5241 2403 5295 qua
2439 5224 2568 5279 talis
2624 5224 2845 5294 quidam
2888 5223 3050 5276 homo
3088 5229 3213 5278 est:
3248 5222 3485 5292 itemque

1925 5317 2070 5373 Deus
2101 5331 2130 5370 a
2177 5316 2287 5371 Deo
2317 5326 2587 5385 quatenus
2621 5315 2746 5370 talis
2777 5312 2956 5369 Deus:
2999 5321 3057 5366 ut
3095 5326 3225 5369 vero
3246 5312 3477 5379 dicatur,

1918 5408 2046 5463 talis
2073 5413 2166 5461 aut
2195 5407 2343 5470 talis,
2399 5405 2467 5460 de
2491 5406 2705 5460 duobus
2729 5414 2891 5475 atque
2930 5404 3180 5474 pluribus
3205 5406 3314 5461 dici
3347 5422 3481 5462 Con-

1920 5498 2099 5554 suevit
2125 5517 2139 5551 :
2167 5512 2351 5551 verum
2377 5496 2565 5551 isthmc
2587 5494 2801 5563 quidem
2828 5495 2904 5549 illi
2930 5514 2942 5549 :
2976 5512 3075 5552 nos
3101 5504 3281 5553 autem
3311 5508 3487 5554 osten-

1922 5590 2114 5645 demus
2182 5596 2353 5641 totnm
2418 5585 2562 5641 istud
2601 5587 2901 5655 captiosum
2952 5595 3006 5641 et
3055 5589 3482 5645 commentitium

1924 5693 2047 5736 esse
2083 5698 2097 5732 :
2128 5677 2197 5732 iis
2231 5677 2365 5748 ipsis
2391 5692 2511 5748 quae
2550 5675 2697 5732 dicta
2722 5685 2850 5733 sunt
2886 5679 2952 5733 ad
3002 5696 3162 5736 usum
3203 5679 3482 5738 adhibitis,

1934 5782 1987 5831 et
2032 5783 2139 5826 non
2173 5779 2423 5844 Oportere
2469 5767 2632 5824 talem
2668 5768 2834 5827 Deum
2881 5780 2934 5827 et
2973 5774 3151 5837 talem,
3192 5781 3285 5827 aut
3323 5768 3481 5825 talcnt
