4008 6210
588 368 690 426 185

1793 364 1850 421 S.
1891 362 2212 421 GREGORH
2239 366 2519 423 NYSSENI
3701 360 3786 417 ιει

586 489 855 544 hominem
882 494 1043 556 atque
1068 486 1230 540 talem
1255 484 1435 542 dicere
1473 485 1798 557 probantes;
1834 501 2020 541 verum
2060 494 2146 539 ta-

2251 489 2381 561 φέρε
2424 490 2615 551 εἰπεῖν,
2664 485 3039 550 κοινωνοῦντος
3077 484 3224 556 αὑτῷ
3275 483 3415 538 κατὰ
3457 481 3679 550 τοὺνομα
3707 481 3788 535 τοῦ

586 586 689 641 lem
720 586 813 641 Dei
849 600 1135 656 personam
1168 593 1223 641 et
1256 585 1416 641 talem
1447 580 2147 652 subsistentiam'hominis;

585 699 710 739 nam
758 685 960 741 multas
1007 685 1170 739 unius
1227 683 1471 738 hominis
1531 682 1875 754 bypostases,
1932 689 1986 737 et
2042 689 2154 736 tres

585 782 748 837 unius
770 781 861 837 Dei
892 796 1156 852 personas
1177 782 1302 852 jure
1325 782 1584 839 dicimus.
1620 781 1984 848 Quamobrem
2008 781 2153 852 quod

583 883 692 937 tale
729 882 935 937 dicitur
960 882 1272 937 discernere
1305 883 1419 937 vult
1454 881 1663 953 aliquid
1699 897 1728 935 a
1761 881 1996 953 quodam
2030 895 2153 951 paro

584 976 842 1047 ticipante
860 993 1058 1033 nomen
1082 978 1214 1033 illud
1238 980 1325 1034 cui
1357 980 1463 1035 tale
1479 979 1611 1050 quid
1643 979 1925 1049 adjicitur.
1944 977 2152 1045 Quem-

584 1075 875 1131 admodum
892 1077 1095 1132 animal
1116 1078 1221 1134 tale
1242 1078 1478 1135 dicimus
1495 1078 1800 1145 hominem,
1823 1093 1949 1134 cum
1969 1078 2148 1148 ipsum

583 1175 918 1247 distinguere
958 1177 1212 1234 volumus
1270 1178 1340 1233 ab
1388 1194 1552 1249 equo,
1599 1180 1749 1234 verbi
1802 1179 2001 1250 gratia,
2058 1177 2152 1246 qui

583 1291 871 1331 commune
894 1279 1111 1349 quidem
1142 1292 1338 1333 nomen
1365 1277 1624 1333 animalis
1654 1277 1819 1333 habet
1852 1292 1976 1333 cum
2006 1277 2148 1348 ipso,

585 1377 681 1433 sed
717 1378 785 1430 ab
837 1392 903 1432 eo
950 1378 1307 1449 distinguitur
1351 1393 1447 1448 per
1475 1377 1742 1431 rationale
1798 1384 1852 1430 et
1907 1375 2147 1430 brutum.

586 1475 927 1530 Discernitur
958 1483 1138 1530 autem
1168 1475 1374 1547 aliquid
1412 1476 1480 1530 ab
1506 1475 1708 1546 aliquo,
1758 1481 1852 1528 aut
1894 1473 2151 1529 substan-

586 1576 682 1639 tia,
731 1586 826 1631 aut
860 1591 1117 1646 persona,
1154 1586 1249 1632 aut
1287 1577 1524 1633 essentia
1547 1620 1562 1642 ,
1610 1585 1772 1648 atque
1810 1589 2043 1646 persona
2087 1588 2149 1629 ac

586 1667 892 1724 substantia
947 1668 1168 1738 quidem
1236 1669 1592 1740 distinguitur
1652 1668 1815 1724 homo
1868 1668 1935 1723 ab
1980 1681 2143 1736 equo,

584 1774 819 1830 persona
858 1776 988 1816 vero
1036 1759 1237 1816 Paulus
1280 1777 1310 1815 a
1353 1759 1550 1829 Petro;
1602 1761 1838 1816 essentia
1874 1766 2053 1813 autem
2097 1765 2149 1812 et

585 1851 979 1919 subsistentia,
1056 1852 1170 1906 haec
1240 1852 1476 1907 hominis
1533 1850 1886 1906 subsistentia
1935 1848 2002 1904 ab
2048 1848 2149 1903 hac

584 1938 707 2007 equi
743 1938 1118 1993 subsistentia.
1168 1937 1367 1995 Verum
1394 1939 1665 2011 patefacta
1711 1939 1921 1995 ratione
1958 1954 2146 1993 eorum

585 2044 707 2098 qua:
755 2028 1055 2083 secundum
1114 2028 1546 2094 subsistentiam,
1598 2038 1652 2084 at
1695 2044 1803 2084 non
1845 2029 2147 2087 secundum

584 2122 877 2175 essentiam
933 2119 1231 2174 diﬂ'erunt:
1276 2118 1565 2176 manifesta
1617 2135 1834 2191 quoque
1876 2119 2150 2175 ﬁet'ratio

582 2225 771 2265 eorum
797 2225 917 2281 quae
947 2210 1249 2266 secundum
1299 2211 1660 2265 substantiam
1698 2211 1961 2265 distincta
2000 2218 2146 2264 sunt.

586 2300 718 2362 Nam
754 2301 903 2374 quod
939 2310 1054 2356 tum
1088 2316 1151 2356 ea
1194 2316 1314 2371 qua:
1366 2301 1665 2357 secundum
1697 2301 1992 2358 essentiam
2040 2298 2147 2355 dil-

587 2391 765 2448 ierunt
788 2392 908 2447 duae
944 2398 1123 2447 tresve
1155 2392 1406 2447 essentia:
1444 2390 1715 2457 dicantur,
1764 2400 1877 2446 tum
1923 2405 1985 2445 ea
2029 2403 2150 2459 quae

585 2481 887 2538 secundum
927 2482 1342 2538 subsistentiam
1405 2482 1694 2548 dissident,
1740 2483 1928 2540 eodem
1984 2483 2147 2538 modo

584 2575 705 2628 dua:
737 2574 819 2629 vel
848 2582 962 2629 tres
989 2574 1308 2646 hypostases
1338 2574 1715 2641 enuntientur,
1748 2584 1803 2630 et
1834 2575 1938 2645 ipsi
1970 2573 2148 2631 faten-

584 2676 675 2718 tur
710 2673 766 2719 et
800 2679 901 2720 nos
933 2683 946 2719 :
976 2663 1278 2720 dillerimus
1320 2671 1498 2721 autem
1530 2664 1585 2719 in
1622 2680 1686 2720 eo
1720 2666 1864 2735 quod
1899 2666 1955 2720 in
1988 2662 2149 2720 Petro

582 2754 802 2825 quidem
832 2761 887 2809 et
926 2752 1097 2809 Paulo
1126 2754 1275 2809 aiunt
1326 2754 1509 2809 dicere
1553 2757 1806 2825 oportere
1852 2754 2098 2809 homines
2130 2771 2144 2808 :

584 2862 684 2901 nos
711 2861 842 2901 vero
864 2860 972 2899 non
1001 2847 1217 2915 preprie
1255 2854 1308 2900 et
1347 2844 1647 2901 secundum
1678 2846 1941 2901 rationem
1962 2847 2144 2901 scien-

583 2938 785 2993 tillcam
818 2955 833 2991 :
867 2952 976 2992 una
1029 2936 1229 3006 quippe
1281 2937 1421 2990 ratio
1461 2950 1609 2991 nunc
1652 2945 1734 2992 est
1780 2952 1807 2990 a
1871 2926 2146 2995 communi

584 3036 746 3098 atque
786 3028 1015 3083 abusivo
1072 3043 1198 3083 usu.
1254 3026 1354 3082 Hic
1403 3028 1547 3083 enim
1602 3045 1777 3099 neque
1810 3029 1876 3084 ad
1921 3031 2144 3086 exitium

2250 578 2391 643 ζώου
2418 597 2431 610 ·
2467 580 2813 651 διαφέροντος
2845 578 2900 632 δὲ
2924 577 3001 649 τῷ
3021 576 3221 648 λογικῷ
3246 575 3340 631 καὶ
3364 575 3443 647 τῷ
3475 576 3663 646 ἀλόγῳ.
3686 576 3793 627 Δια-

2251 668 2493 739 κρίνεται
2549 670 2608 723 δέ
2655 669 2707 723 τί
2738 686 2902 733 τινος,
2932 668 2965 739 ἢ
3002 667 3179 734 οὑσία,
3204 667 3238 737 ἢ
3266 664 3625 734 ὑπόστασις,ῆ
3653 663 3794 736 οὐσίᾳ

2251 757 2345 811 καὶ
2367 759 2676 828 ὑποστάσει·
2704 760 2798 813 καὶ
2813 757 2969 827 οὐσίᾳ
3001 757 3096 828 μὲν
3117 755 3448 826 διακρίνεται
3488 753 3793 855 ό
3811 749 3842 855 η’

2251 849 2342 901 τοῦ
2377 848 2573 902 ἵππουσ
2601 848 2893 902 ὑποστάσει
2930 848 2986 901 δὲ
3036 846 3267 912 Παῦλος,
3296 846 3524 917 Πέτρου.
3564 842 3715 915 Dacia
3742 843 3817 897 δὲί

2251 938 2345 991 καὶ
2396 938 2716 1003 ὑποστάσει,
2766 937 2858 1008 ἥδε
2898 921 3043 990 ἐστὶν
3076 938 3110 1008 ἡ
3143 936 3437 998 ὑπόστασις
3482 932 3574 988 τοῦ
3610 931 3796 1003 ἀνθρώ-

2250 1045 2376 1093 που,
2409 1026 2567 1098 τῆσδε
2593 1028 2939 1090 ὑποστάσεως
2975 1027 3067 1080 τοῦ
3107 1027 3295 1079 ἵππου.
3357 1024 3517 1078 Ἀλλὰ
3558 1040 3797 1095 φανερου-

2254 1118 2417 1188 μένου
2459 1118 2553 1171 τοῦ
2610 1117 2766 1186 λόγου
2819 1118 2927 1171 τῶν
2978 1120 3097 1173 κατ’
3138 1116 3322 1173 οὑσίαν
3352 1116 3557 1181 ἁπλῶς,
3589 1114 3797 1169 καὶτῶν

2252 1209 2370 1262 καθ’
2398 1209 2693 1264 ὑπόστασιν
2713 1209 2808 1263 καὶ
2828 1211 2888 1262 οὑ
2913 1210 3028 1262 κατ’
3056 1210 3244 1263 οὑσίαν
3275 1208 3652 1279 διαφερόντων,
3677 1206 3799 1278 πρό-

2249 1300 2405 1371 δηλος
2430 1300 2580 1357 ἔσται
2607 1302 2701 1356 καὶ
2726 1304 2755 1356 ό
2786 1303 2939 1383 amp?
2964 1301 3071 1355 τῶν
3106 1304 3225 1356 κατ’
3251 1301 3440 1356 οὑσίαν
3472 1301 3800 1372 διακεκριμέ-

2250 1408 2355 1445 νων
2386 1391 2558 1460 λόγος.
2597 1392 2718 1445 Ὅτι
2749 1392 2847 1463 μὲν
2880 1391 2988 1464 γὰρ
3010 1392 3103 1446 κα)⁸
3135 1390 3205 1445 τὰ
3242 1390 3563 1462 διαφέροντα
3585 1390 3695 1445 κατ’
3718 1390 3801 1444 οὑ-

2253 1485 2392 1545 σίαν,
2420 1484 2664 1553 λέγονται
2690 1483 2835 1556 δύοῆ
2874 1486 3022 1555 τρεῖς
3044 1482 3221 1538 οὑσίαι
3245 1500 3259 1515 ο
3285 1484 3379 1536 καὶ
3404 1481 3473 1536 τὰ
3495 1481 3802 1551 διαφέροντα

2250 1575 2371 1628 καθ’
2421 1575 2737 1639 ὑπόστασιν,
2799 1574 3059 1639 ὡσαύτως
3110 1575 3356 1644 λέγονται
3405 1574 3497 1627 δύο
3545 1574 3634 1628 καὶ
3662 1577 3802 1645 τρεῖς

2251 1666 2595 1730 ὑποστάσεις,
2625 1666 2939 1737 ὁμολογοῦσι
2973 1667 3063 1720 καὶ
3101 1666 3272 1728 αὑτοὶ,
3300 1666 3394 1719 καὶ
3415 1667 3591 1737 ἡμεῖς.
3618 1666 3801 1734 Διαφε-

2254 1756 2457 1827 ρόμεθα
2480 1758 2557 1822 δὲ,
2582 1759 2661 1811 ὅτι
2691 1759 2782 1811 ἐπὶ
2808 1758 2905 1829 μὲν
2937 1755 3142 1829 Πέτρου
3167 1756 3269 1820 ,καὶ
3307 1756 3518 1810 Παύλου
3551 1756 3675 1826 φασὶ
3698 1756 3803 1808 δεῖν

2183 1829 2222 1882 Β
2250 1849 2424 1917 λέγειν
2484 1848 2818 1920 ἀνθρώπους.
2869 1850 3060 1920 Ἡμεῖς
3112 1848 3167 1902 δὲ
3202 1849 3263 1902 οὑ
3309 1848 3508 1920 κυρίως
3547 1849 3805 1901 καὶκατὰ

2248 1940 2338 1993 τὸν
2359 1942 2772 2012 ἐπιστημονικὸν
2787 1939 2962 2010 λόγον.
2992 1941 3123 1995 Οὑδὲ
3142 1935 3221 2005 εἷς
3241 1940 3349 2011 γὰρ
3369 1941 3521 2009 λόγος
3548 1940 3639 1993 νῦν
3663 1940 3805 2008 παρὰ

2250 2031 2431 2099 κοινῆς
2476 2048 2535 2084 τε
2592 2031 2687 2086 atati.
2740 2030 3178 2102 καταχρηπικῆς
3218 2031 3484 2103 χρήσεως.
3523 2027 3664 2099 Αὕτη
3700 2027 3805 2099 γὰρ

2248 2121 2368 2174 οὑδὲ
2399 2121 2533 2191 πρὸς
2564 2121 2840 2192 ἀναίρεσίν
2868 2138 3011 2185 τινος
3038 2120 3159 2175 οὔτε
3189 2121 3325 2191 πρὸς
3347 2120 3599 2175 σύστασιν
3621 2120 3804 2190 ίσχύει.

2250 2212 2632 2284 Σαφηνιζὲσθω
2667 2213 2952 2283 τοιγαροῦν
2975 2212 3238 2284 πρότερον
3260 2215 3393 2285 ἡμῖν
3414 2212 3502 2267 τὸν
3534 2211 3807 2284 ἄνθρωπον

2251 2306 2342 2359 καὶ
2371 2306 2462 2359 τὸν
2493 2306 2676 2369 ἵππον,
2706 2306 2738 2377 ἢ
2774 2306 2862 2359 τὸν
2890 2306 3053 2359 ἵππον
3087 2305 3181 2359 ttat
3208 2303 3296 2358 τὸν
3324 2303 3461 2357 κύνα
3484 2304 3624 2367 τίνος
3655 2303 3809 2374 χάριν

2248 2396 2524 2468 διαφέρειν
2549 2396 2799 2468 λέγομεν,
2820 2396 2955 2450 καθὸ
2974 2396 3148 2451 τοιάδε
3174 2395 3349 2449 οὑσία·
3381 2395 3414 2467 ἢ
3440 2394 3809 2466 πρόδηλον,ὅτι

2249 2488 2369 2541 ἐπεὶ
2410 2487 2752 2558 διαφέρουσιν
2803 2486 3044 2560 ἀλλήλων
3081 2487 3218 2541 κατὰ
3247 2487 3314 2541 τὰ
3355 2487 3606 2559 χωρίζειν
3630 2487 3810 2551 οὐσίας

2249 2578 2503 2634 είωθότα’
2532 2574 2642 2633 οἷον
2669 2579 2871 2651 λογικῷ
2897 2580 2990 2635 καὶ
3017 2578 3216 2651 ἀλόγῳ,
3253 2577 3665 2650 χρεμετιστικῷ,
3691 2579 3812 2633 ὑλαο

2248 2670 2452 2742 κτικῷο
2507 2671 2600 2725 καὶ
2647 2671 2702 2724 εί
2734 2687 2840 2725 τινι
2876 2670 3122 2742 τοιούτῳ.
3168 2670 3242 2723 Τὸ
3289 2669 3398 2743 γὰρ
3424 2670 3600 2738 λέγειν
3626 2669 3811 2724 οὑσίαν

2246 2758 2477 2823 τοιάνδε,
2508 2757 2658 2811 οὐδὲν
2688 2758 2872 2828 ἕτερον
2912 2757 3164 2827 λέγομεν,
3190 2756 3223 2828 ἢ
3252 2756 3479 2830 ὓπαρξιν
3503 2757 3647 2826 ζωῆς
3681 2774 3810 2827 μετε-

2249 2848 2476 2918 ἐχουσαν
2503 2848 2638 2920 πρὸς
2653 2848 3056 2920 ἀντιδιαστολὴν
3076 2850 3173 2919 τῆς
3196 2849 3271 2919 μὴ
3289 2850 3563 2918 τοιαύτης,
3585 2848 3618 2919 ἢ
3645 2848 3814 2919 ὑπαρ-

2250 2941 2328 3006 ξιν
2361 2941 2667 3010 λογίζεσθαι
2698 2944 3020 3011 πεφυκυῖαν,
3051 2942 3213 3013 ’πρὸς
3242 2943 3511 3013 διάκρισιν
3546 2942 3645 3012 τῆς
3685 2942 3811 2997 ἀλο-

2248 3033 2342 3104 γίᾳ
2363 3031 2755 3105 διαφερούσης·
2788 3034 2820 3103 ἢ
2851 3032 3102 3103 ὓπαρξιν,
3132 3033 3191 3085 τὸ
3222 3033 3628 3104 χρεμετιστικὸν
3656 3031 3813 3103 ἔχουν

584 3120 848 3189 alicujus,
881 3133 1057 3189 neque
1082 3120 1622 3176 ad‘constitutionem
1651 3123 1810 3177 valet.
1859 3122 2147 3178 Enimvero

2252 3141 2350 3179 σαν
2402 3125 2911 3196 χαρακτηριστικδν,
2949 3125 3043 3177 καὶ
3072 3124 3124 3176 εί
3151 3140 3202 3177 τι
3227 3122 3483 3178 τοιοῦτον.
3530 3123 3673 3176 ’Λντὶ
3703 3123 3814 3193 γὰρ

584 3210 742 3265 nobis
777 3211 928 3280 prius
969 3211 1253 3280 perspicue
1295 3211 1623 3279 declaretur,
1667 3213 1823 3282 cujus
1858 3213 1936 3268 rei
1982 3229 2145 3270 causa

584 3301 854 3362 hominem
884 3310 938 3357 et
960 3317 1158 3372 equum
1177 3310 1231 3358 et
1258 3319 1449 3359 canem
1478 3303 1696 3360 dill‘erre
1721 3305 1996 3369 dicamus,
2016 3322 2149 3376 qua—

584 3403 741 3449 tenus
769 3394 892 3448 talis
922 3395 1166 3463 qumdam
1206 3396 1533 3463 substantia,
1578 3396 1764 3466 utique
1793 3396 1949 3452 valde
1975 3398 2148 3452 mani-

589 3482 786 3538 festum
813 3492 918 3548 est,
965 3482 1106 3554 quod
1139 3499 1167 3538 a
1210 3500 1271 3540 se
1308 3487 1533 3541 invicem
1585 3485 1861 3552 diﬂ‘erunt,
1908 3487 2061 3558 juxta
2086 3503 2147 3545 ea

583 3589 703 3644 qua:
728 3589 981 3643 separare
1027 3576 1205 3631 solent
1241 3578 1538 3640 essentias,
1596 3592 1791 3648 nempe
1837 3579 2147 3635 rationabili

583 3671 636 3718 et
663 3664 1049 3729 inrationabili,
1083 3665 1338 3720 binnibili
1375 3673 1429 3722 et
1471 3665 1706 3723 latrabili
1731 3710 1746 3735 ,
1801 3678 1856 3723 et
1892 3669 1937 3722 si
1965 3669 2146 3739 aliqua

584 3754 898 3825 hujusmodi
925 3757 993 3812 sit
1029 3756 1357 3813 diﬂerentia.
1396 3755 1530 3811 Nam
1559 3757 1742 3813 dicere
1786 3758 2145 3815 substantiam

586 3849 775 3912 talem,
833 3847 968 3903 nihil
1011 3850 1155 3904 aliud
1190 3857 1274 3905 est
1327 3849 1510 3905 dicere
1551 3865 1714 3921 quam
1768 3852 2145 3907 exsistcntiam

583 3939 711 3994 vita:
758 3940 1078 4011 participem
1116 3941 1182 3995 ad
1237 3941 1636 3996 distinctionem
1670 3940 1838 4007 illius,
1886 3957 2005 4011 qua:
2035 3958 2144 3996 non

582 4040 668 4085 est
699 4030 1004 4101 ejusmodi;
1039 4031 1147 4093 vel,
1179 4032 1556 4087 exsistentiam
1587 4045 1708 4101 quas
1746 4038 1877 4085 nata
1913 4040 1998 4087 est
2021 4040 2146 4101 apta

584 4122 650 4176 ad
683 4122 1143 4185 ratiocinandum,
1192 4132 1250 4176 ut
1274 4122 1616 4177 discernatur
1641 4121 1708 4175 ab
1734 4135 1797 4176 ea
1836 4136 1957 4192 qua:
1989 4122 2146 4177 bruta

584 4222 781 4268 natura
809 4214 1031 4285 praedita
1053 4224 1135 4269 est
1161 4233 1174 4269 :
1197 4227 1289 4269 aut
1316 4214 1695 4269 exsistentiam
1744 4229 1864 4283 qua:
1886 4214 2148 4285 insignita

582 4314 666 4359 est
699 4313 824 4361 nota
858 4305 1161 4361 habilitatis
1190 4290 1258 4357 aii
1296 4305 1685 4372 hinniendum;
1722 4315 1776 4361 et
1805 4306 1851 4361 si
1881 4307 2009 4376 quid
2043 4307 2149 4362 tale

582 4402 855 4451 occurrat.
903 4394 1116 4451 Etenim
1170 4396 1293 4451 loco
1349 4396 1661 4466 hujnsmodi
1714 4396 2145 4453 differentiarum

2247 3215 2501 3269 τοιούτων
2524 3214 2797 3286 διαφορῶν
2835 3216 2928 3268 καὶ
2952 3215 3119 3282 ἰδίων,
3148 3214 3460 3286 προτίθεται
3489 3215 3554 3287 τῇ
3578 3215 3755 3286 οὑσίᾳ,
3776 3216 3811 3285 ἢ

2248 3306 2341 3358 καὶ
2374 3304 2534 3358 παντὶ
2563 3303 2730 3372 γένει,
2760 3303 2895 3374 πρὸς
2929 3303 3198 3374 διάκρισιν
3233 3302 3339 3356 τῶν
3378 3302 3470 3356 ὑπ’
3500 3302 3631 3356 αὑτὸ
3657 3302 3815 3355 εἰδῶν

2246 3394 2307 3446 τὸ
2328 3391 2596 3464 τοιόνδε,ἢ
2625 3392 2825 3447 τοιόνδε
2849 3391 2988 3456 ζῶον
3011 3392 3130 3446 ἀντὶ
3155 3391 3250 3445 τοῦ
3281 3391 3564 3463 λογικὸν.ῆ
3598 3392 3815 3460 ἄλογον.

2247 3486 2357 3538 Καὶ
2387 3484 2546 3537 πάλιν
2595 3483 2856 3553 λέγομεν.
2884 3484 3138 3554 Διαφέρει
3184 3484 3386 3554 Πέτρος
3417 3482 3650 3548 Παύλου,
3681 3482 3821 3537 καθὸ

2244 3576 2422 3628 τοιάδε
2456 3574 2749 3636 ὑπόστασις
2800 3573 3014 3644 ἑκάστῳ
3045 3572 3256 3626 αὑτῶν·
3291 3573 3412 3625 ἐπεὶ
3465 3572 3821 3645 διαφέρουσιν

2245 3663 2484 3735 ἀλλήλων
2531 3663 2670 3717 κατά
2716 3679 2838 3716 τινα
2891 3662 2997 3717 τῶν
3039 3662 3335 3716 ὑπόστασιν
3365 3662 3461 3716 καὶ
3496 3664 3597 3716 οὑκ
3625 3662 3825 3717 οὐσίαν

2248 3755 2498 3825 συνιστᾷν
2528 3753 2844 3823 πεφυκότων
2866 3768 2878 3781 ·
2905 3748 3017 3807 οἷον
3040 3752 3442 3824 φαλακρότητα,
3471 3754 3823 3825 μακρότητα,

2247 3844 2580 3915 πατρότητα,
2635 3842 2883 3912 υίότηταο
2925 3844 3020 3896 καὶ
3061 3841 3114 3894 εἴ
3138 3859 3189 3895 τι
3219 3841 3476 3896 τοιοῦτον.
3516 3842 3800 3914 Πρόδηλον

2246 3937 2352 4006 γὰρ
2379 3935 2455 3999 ὡς
2485 3935 2546 3995 οὑ
2584 3934 2777 3987 ταὺτδν
2800 3929 2938 3998 εἶδος
2967 3935 3059 3988 καὶ
3082 3933 3279 4005 ἄτομον
3299 3951 3313 3964 ·
3344 3934 3500 3988 τοῦτο
3528 3935 3693 3989 οὑσία
3725 3938 3827 3989 καὶ

2248 4028 2541 4089 ὑπόστασις
2566 4043 2579 4057 °
2614 4028 2647 4103 ᾖ
2680 4026 2786 4099 γὰρ
2816 4025 3113 4087 ὑπόστασις
3141 4026 3300 4090 eoos;
3333 4027 3431 4099 τὴν
3459 4027 3703 4081 διάνοιαν
3725 4028 3826 4082 τοῦ

2247 4118 2596 4191 ἀκροωμένου
2619 4119 2855 4187 παράγει
2874 4116 3010 4189 πρὸς
3024 4115 3085 4169 τὸ
3102 4116 3330 4187 ζητῆσαι
3350 4116 3533 4188 οὐλὴν,
3557 4116 3826 4185 γλαυκὸν,

2250 4208 2484 4280 πατέρα,
2511 4208 2627 4261 υίὺν
2656 4247 2671 4271 ,
2707 4206 2802 4259 καὶ
2824 4205 2877 4258 εἰ
2892 4222 2943 4257 τι
2966 4206 3168 4275 ὅμοιον.
3199 4204 3355 4274 Λέγω
3386 4205 3444 4258 δὲ
3476 4203 3634 4271 εἶδος,
3665 4223 3833 4260 τουτ-

2249 4300 2394 4352 έστιν
2421 4299 2609 4352 οὑσίαν
2662 4298 2798 4368 πρὸς
2830 4298 2892 4350 τὸ
2916 4298 3116 4366 γνῶναι
3145 4297 3383 4367 δηλονότι
3414 4299 3552 4364 ζῶον
3574 4299 3832 4368 λογικὸν,

2250 4390 2460 4461 θνητὸν,
2479 4388 2569 4443 νοῦ
2599 4389 2692 4442 καὶ
2706 4389 3013 4459 ἐπιστήμης
3027 4388 3293 4453 δεκτικὸν,
3315 4389 3451 4455 ζῶον
3473 4390 3547 4462 μὴ
3575 4391 3832 4460 λογικὸν,

582 4495 635 4541 et
679 4486 1023 4555 propriorum
1082 4487 1225 4551 loco,
1285 4488 1618 4555 prteponitur
1667 4489 2007 4550 substantiae,
2054 4496 2147 4540 aut

2252 4481 2459 4550 θνητὸν,
2487 4480 2915 4551 χρεμετιστικὸν,
2945 4480 3038 4533 καὶ
3062 4480 3132 4533 τὰ
3150 4481 3373 4536 τοιαῦτα
3397 4499 3411 4515 ·
3437 4484 3486 4536 ει
3510 4483 3567 4537 δὲ
3589 4482 3669 4555 μὴ
3701 4484 3838 4537 ταὺο

582 4578 743 4629 etiam
785 4576 962 4631 cuivis
1015 4575 1225 4646 generi,
1272 4575 1339 4629 ad
1392 4576 1801 4631 distinctionem
1838 4576 2143 4645 specierum

584 4668 685 4737 ipsi
730 4668 1121 4738 subjectarum,
1166 4682 1361 4736 nempe
1415 4667 1683 4735 ejusmodi
1706 4676 1799 4719 aut
1847 4667 1950 4720 tale
2001 4666 2144 4735 quod

583 4759 802 4824 animal,
853 4774 953 4828 pro
1004 4757 1338 4820 rationabili,
1395 4758 1477 4812 vel
1515 4757 1741 4811 rationis
1775 4764 2021 4826 experte.
2070 4755 2146 4810 Ae

583 4866 776 4906 rursus
805 4850 1055 4911 dicimus.
1112 4848 1308 4904 Petrus
1342 4847 1520 4903 didert
1570 4864 1599 4902 a
1639 4847 1829 4912 Paulo,
1872 4857 2144 4918 quatenus

584 4943 708 4997 talis
728 4940 972 5011 quaedam
1003 4940 1315 5010 liypostasis
1343 4954 1530 4994 eorum
1553 4940 1748 5008 cuique
1769 4946 1873 5004 est,
1899 4940 2144 5008 quando-

582 5033 801 5101 quidem
833 5029 1089 5085 dill'erunt
1115 5045 1142 5083 a
1177 5045 1236 5083 se
1263 5030 1517 5095 invicem,
1566 5029 1864 5085 secundum
1896 5026 2139 5098 quaedam

2251 4573 2341 4625 τὸν
2368 4571 2524 4626 οὑσία
2578 4572 2670 4626 καὶ
2727 4572 2947 4642 ἄτομον,
2987 4573 3125 4642 ὅπερ
3165 4573 3312 4628 ἐστὶν
3343 4574 3672 4639 ὑπόστασις’
3702 4576 3839 4629 οὑδὲ⁹

2251 4661 2422 4714 ταύτὰ
2446 4662 2513 4715 τὰ
2544 4661 3015 4732 χαρακτηρίζοντα
3045 4662 3249 4732 ταύτην
3270 4681 3329 4716 τε
3348 4665 3640 4736 κάκείνην.
3680 4667 3751 4720 Εἰ
3774 4668 3839 4721 δὲ

2254 4749 2592 4821 κα“ι“ταύτην
2604 4755 2665 4808 οὑ
2684 4752 2868 4817 ταύτὰ,
2896 4752 3013 4805 οὐδὲ
3042 4756 3151 4816 τοῖς
3186 4755 3367 4818 αὑτοῖς
3399 4756 3629 4827 ὀνόμασι
3659 4756 3842 4812 δυνα-

2252 4842 2344 4894 τὸν
2379 4841 2738 4895 συνάπτεσθαι
2759 4858 2773 4872 ’
2811 4841 2945 4895 ἀλλὰ
2976 4843 3045 4896 τὰ
3074 4843 3194 4912 μὲν,
3230 4846 3340 4906 τοῖς
3381 4847 3501 4899 κατ’
3536 4846 3763 4909 οὐσίαν,
3805 4851 3845 4919 ἢ

2249 4932 2435 4996 οὐσίας
2474 4933 2747 5003 κειμένοις
2771 4949 2784 4963 ο
2810 4933 2877 4985 τὰ
2902 4933 2956 4987 δὲ
2981 4975 2994 4998 ,
3029 4936 3139 4997 τοῖς
3176 4934 3315 4987 κατὰ
3341 4936 3541 5007 ἄτομον
3582 4936 3844 5007 λεγομέ-

2250 5044 2378 5087 νοις.

583 5143 770 5183 eorum
799 5140 918 5196 quae
947 5125 1309 5194 hypostasim,
1338 5133 1526 5179 etnon
1558 5124 1990 5187 subsistentiam,
2028 5121 2362 5176 constituere
2398 5121 2611 5175 solent:
2679 5122 2985 5191 cujusmodi
3053 5133 3180 5179 sunt
3248 5127 3516 5190 calvities,
3580 5132 3847 5188 statura,

582 5223 901 5289 paternitas,
935 5221 1149 5281 ﬁlialio.
1196 5229 1249 5273 et
1299 5220 1341 5273 si
1376 5218 1521 5289 quod
1572 5219 1676 5272 tale
1710 5226 1811 5272 cst.
1846 5216 1977 5270 Nam
2020 5217 2366 5289 perspicuum
2392 5225 2494 5279 est,
2525 5232 2632 5271 non
2665 5216 2805 5270 idem
2836 5233 2959 5272 esse
3021 5220 3256 5287 speciem
3321 5228 3376 5276 et
3450 5220 3847 5277 individuum,

584 5313 833 5378 idemque
913 5312 1272 5367 substantiam
1346 5311 1746 5382 elbypostasim
1783 5328 1794 5363 :
1863 5309 2212 5365 subsistentia
2252 5310 2394 5362 enim
2446 5308 2632 5363 statim
2678 5309 2955 5364 audientis
2998 5320 3232 5365 mentem
3269 5311 3531 5367 transfert
3566 5311 3637 5365 ad
3674 5328 3849 5379 qun:-

584 5406 808 5457 rendum
863 5408 1125 5476 crispum,
1177 5406 1420 5470 cresium,
1504 5414 1731 5475 patrem,
1795 5406 1983 5467 lilium,
2024 5421 2087 5458 ac
2142 5406 2186 5459 si
2228 5405 2355 5474 quid
2392 5404 2588 5458 simile.
2655 5402 2784 5459 Dico
2817 5420 2947 5460 vero
2985 5407 3242 5475 speciem,
3297 5423 3490 5477 nempe
3560 5410 3851 5463 substan-

581 5502 710 5553 tiam
745 5502 811 5553 ad
841 5501 1277 5571 cognoscendum
1312 5502 1510 5555 animal
1537 5500 1878 5559 rationabile.
1911 5501 2162 5562 mortale,
2207 5498 2403 5552 mentis
2426 5505 2477 5550 et
2506 5497 2750 5552 scientia:
2783 5512 2976 5568 capax,
3007 5506 3061 5553 et
3089 5499 3290 5554 animal
3329 5501 3559 5557 rationis
3595 5517 3844 5566 expers,

498 5608 511 5669 ρ
580 5590 831 5654 mortale,
883 5592 1163 5656 hinnibilc,
1190 5592 1243 5649 et
1276 5602 1467 5650 caetera
1500 5594 1788 5663 ejusmodi.
1866 5593 2034 5645 Porro
2079 5608 2183 5645 non
2260 5591 2400 5643 idem
2426 5599 2550 5645 sunt
2600 5590 2917 5647 substantia:
2963 5601 3017 5647 et
3046 5591 3403 5655 individuum,
3433 5594 3576 5664 quod
3604 5605 3694 5650 est
3735 5596 3849 5663 hv-

496 5677 508 5745 ἶ·
583 5685 860 5767 postasis;
908 5702 1083 5759 neque
1117 5689 1306 5744 eadem
1336 5706 1454 5759 qua:
1485 5691 1771 5759 designant
1847 5703 1908 5742 ac
1952 5694 2141 5741 notant
2182 5686 2319 5741 hanc
2349 5696 2403 5740 et
2439 5686 2602 5740 illam.
2636 5687 2790 5751 Quod
2823 5686 2867 5743 si
2897 5686 3012 5743 hch
3041 5686 3225 5743 eadem
3262 5701 3371 5742 non
3436 5697 3584 5756 sunt,
3645 5703 3849 5756 neque
