4008 6210
273 348 372 407 185

1340 348 1427 403 DE
1468 345 1918 404 COMMUNIBL'S
1955 346 2391 410 NOTIONIBUS.

3372 362 3474 417 186

272 465 421 519 etiam
468 460 770 518 nominibus
831 460 1023 517 iisdem
1089 461 1342 534 conjungi
1390 472 1656 535 possunt;
1693 462 1785 518 sed
1829 461 1944 515 hac
1977 462 2192 531 quidem
2226 466 2293 521 iis
2337 483 2456 537 qua
2507 477 2598 523 aut
2665 472 2963 527 secundum
3037 458 3352 531 essentiam.
3380 477 3512 528 aut’

276 555 565 610 substantiis
596 554 979 625 imponuntur;
1027 556 1116 610 illa
1157 569 1335 614 autem
1378 560 1444 613 iis
1476 575 1594 627 qua
1638 554 1935 612 secundum
1971 558 2309 612 individuum
2342 562 2620 625 dicuntur,
2662 574 2988 636 congruunt.

328 649 449 720 Τρία
489 647 660 702 τοίνυν
700 650 849 703 ἐστὶν
907 652 1145 723 ὀνόματα
1202 654 1328 726 περὶ
1360 648 1464 721 ὧν,
1491 656 1524 724 ὴ
1563 654 1809 723 ζήτησις.

1985 651 2111 707 Tria
2141 655 2306 726 igitur
2336 659 2557 713 nomina
2604 649 2727 714 sunt
2761 661 2828 716 de
2869 662 3071 731 quibus
3103 663 3334 733 quastio
3367 671 3472 726 est,

262 740 417 800 οὐσία,
440 738 653 808 ἄτομον,
677 740 962 810 ἄνθρωπος
977 759 991 773 ’
1023 744 1118 796 καὶ
1137 746 1202 817 τῇ
1237 745 1336 814 μὲν
1366 744 1524 815 οὐσίᾳ
1545 743 1806 796 συνάπτο-

262 845 350 898 μεν
373 826 437 882 τά
475 827 673 891 τοιάδε,
704 830 799 883 καὶ
840 830 1229 902 συζεύγνυμεν,
1257 834 1391 904 πρὸς
1420 833 1710 904 διάκρισιν,
1734 832 1809 896 ώς

259 916 413 984 εἶπον,
440 918 545 973 τῶν
582 919 674 972 ὑπ’
695 920 868 992 αὐτὴν
898 922 1052 976 είδῶν
1073 924 1193 977 κατ’
1214 924 1404 978 οὐσίαν
1429 925 1674 996 ἀλλήλων
1702 925 1809 978 διας

259 1009 526 1081 ςερόντων.
558 1010 639 1081 Τῇ
686 1010 745 1064 δὲ
789 1012 1083 1067 ὑποστάσει
1122 1014 1284 1069 πάλιν
1312 1016 1511 1086 ὁμοίως
1534 1015 1602 1070 τὰ
1631 1016 1806 1070 τοιάδε

257 1100 623 1171 συζεύγνυμεν,
650 1102 786 1175 πρὸς
812 1102 1078 1175 διαίρεσιν
1100 1104 1406 1177 προσώπων
1424 1106 1532 1160 τῶν
1559 1105 1808 1177 ἀλλήλοις

257 1190 629 1245 κοινωνούντων
648 1193 843 1249 τούτου
866 1194 960 1248 τοῦ
981 1196 1265 1265 ὀνόματος,
1282 1196 1526 1251 τουτέστι
1548 1197 1648 1268 τῆς
1671 1198 1801 1250 ὐπο-

256 1282 491 1347 στάσεως,
531 1281 905 1354 διαφερόντων
928 1286 1171 1356 ἀλλήλων
1195 1287 1259 1340 οὐ
1291 1289 1403 1351 τοῖς
1433 1288 1621 1352 οὐσίας
1642 1304 1808 1358 χαρα-

252 1372 595 1442 κτηρίζουσιν,
619 1374 759 1429 ἀλλὰ
780 1379 894 1440 τοῖς
913 1376 1224 1446 λεγομένοις
1246 1377 1662 1449 συμϐεϐηκόσιν.
1690 1379 1807 1431 Τίνι

251 1458 330 1517 οὖν
358 1462 634 1531 βούλονται
668 1465 857 1536 τρόπῳ
888 1466 1118 1536 συνάψαι
1146 1466 1224 1537 τῷ
1254 1466 1559 1538 ἅνθρωπος
1585 1467 1806 1537 ὀνόματι

254 1554 302 1608 ιδ
322 1555 508 1607 τοιόνδε
535 1571 551 1620 ;
589 1555 694 1609 Ἐκ
729 1556 841 1627 γὰρ
896 1557 1002 1611 τῶν
1035 1557 1227 1622 κοινῶς
1252 1557 1693 1629 ὁμολογουμένων
1740 1556 1808 1611 τὰ

251 1644 677 1716 άμφιϐαλλὸμενα
707 1646 921 1717 δέχεται
942 1649 1037 1719 τὴν
1067 1648 1248 1702 λύσιν’
1280 1649 1355 1713 ώς
1379 1651 1442 1720 τῇ
1470 1648 1627 1719 οὐσίᾳ
1654 1647 1806 1701 ἔσται

250 1733 309 1786 τά
325 1734 407 1786 ὑπ’
426 1734 595 1805 αὐτὴν
631 1734 878 1789 οὐσιώδει
932 1736 1162 1807 διαφορᾷ
1203 1735 1595 1807 διακεκριμένα
1646 1736 1806 1806 ἀλλή-

251 1826 338 1879 λων
356 1845 368 1857 '
390 1826 520 1897 ὅπερ
540 1827 654 1880 οὐκ
683 1826 852 1882 ἔστιν.
882 1827 1046 1881 Οὐδὲν
1078 1827 1187 1899 γὰρ
1208 1828 1453 1899 διαφέρει
1484 1828 1601 1881 κατ’
1622 1826 1806 1880 οὐσίαν

252 1916 434 1981 Παῦλος
450 1918 691 1989 Πέτρου,
734 1919 857 1973 καθ’
887 1912 962 1973 ὧν
982 1924 1367 1992 κατηγορεῖται
1393 1920 1453 1973 τὸ
1478 1919 1804 1989 ἄνθρωπος’

225 2008 345 2089 (ἀλλ’
365 2009 435 2072 ώς
459 2013 525 2080 τῇ
558 2010 866 2065 ὑποστάσει
904 2010 1219 2084 προσώπου.
1246 2013 1386 2082 Ἀρα
1428 2009 1721 2083 δηλωτικὸν
1749 2010 1810 2063 τὸ
1841 1992 1882 2048 Β

249 2100 525 2167 ἄνθρωπος
548 2100 664 2155 οὐκ
710 2100 922 2165 οὐσίας,
959 2101 1097 2174 ὅπερ
1136 2101 1337 2155 ἄτοπον
1367 2101 1546 2171 λέγειν
1567 2118 1580 2133 ·
1614 2099 1676 2158 τὸ
1696 2117 1811 2154 κοι-

249 2190 437 2262 νὸνγάρ
467 2191 565 2262 τῆς
616 2191 805 2255 οὐσίας
841 2192 1097 2263 σημαίνει
1128 2193 1188 2245 τὸ
1218 2193 1545 2260 ἄνθρωπος,
1576 2192 1668 2246 καὶ
1710 2190 1809 2245 οὐκ

222 2281 391 2350 tibi.be
424 2283 754 2352 πρόσωπον,
804 2282 1017 2337 Παύλου
1064 2284 1197 2355 φέρε
1239 2285 1427 2349 εἰπεῖν,
1461 2284 1494 2356 ἢ
1533 2283 1804 2355 Βαρνάϐα.

250 2371 344 2425 Οὐκ
362 2372 463 2445 ἄρα
472 2373 663 2428 οὐδενὶ
686 2374 874 2446 τρόπῳ
893 2375 1069 2430 τοιάδε
1091 2376 1379 2430 συνέπεται
1403 2374 1482 2446 τῷ
1502 2375 1810 2444 ἅνθρωπος

250 2465 369 2518 κατά
392 2481 453 2532 γε
475 2465 568 2520 τὸν
617 2466 1036 2538 ἐπιστημονικὸν
1064 2467 1239 2536 λόγον.
1266 2468 1326 2520 El
1352 2467 1408 2520 δὲ
1442 2466 1594 2538 κοινὴ
1617 2466 1809 2538 χρῆσις

250 2554 450 2626 ἀποροίη
482 2556 732 2621 τούτοις,
777 2559 874 2610 καὶ
904 2557 1307 2627 κατακέχρηται
1348 2559 1457 2621 τοῖς
1489 2557 1586 2627 τῆς
1622 2556 1809 2616 οὐσίας

251 2646 479 2716 ὀνόμασιν
534 2650 632 2711 εἰς
684 2648 992 2722 προσώπων
1031 2649 1301 2718 δήλωσιν,
1342 2647 1491 2702 οὐδὲν
1544 2646 1680 2719 πρὸς
1716 2647 1807 2700 τὸν

252 2735 427 2808 ἀκριϐῆ
473 2740 690 2794 κανόνα
744 2740 847 2811 τῆς
910 2741 1132 2812 λογικῆς
1175 2741 1499 2811 ἐπιστήμης.
1555 2739 1714 2793 Ἀλλὰ
1754 2740 1808 2792 τί

249 2830 541 2903 κατατρέχω
583 2830 693 2902 τῆς
750 2832 1011 2903 συνήθους
1058 2835 1467 2904 καταχρήσεως,
1499 2832 1808 2906 ἀπορούσης

250 2920 319 2983 είς
361 2920 426 2974 τά
470 2922 729 2985 τοιαῦτα,
765 2923 1041 2978 λανθάνων
1075 2924 1156 2978 δτι
1187 2924 1443 2989 πολλάκις
1474 2923 1681 2996 κυρίοις
1707 2924 1807 2977 οὐκ

248 3010 615 3082 εὐποροῦντες,
639 3013 846 3086 ἑτέροις
879 3016 974 3068 καὶ
999 3015 1149 3067 αὐτοὶ
1166 3014 1566 3085 καταχρώμεθα
1583 3014 1806 3084 ὀνόμασι

249 3102 700 3171 καταχρηστικῶς
755 3103 891 3175 πρὸς
933 3105 1274 3172 παράστασιν
1316 3102 1409 3156 τοῦ
1473 3101 1804 3171 λεγομένου;

250 3188 380 3260 Πλὴν
411 3193 595 3245 ἐκεῖνο
620 3192 790 3260 σαφὲς
809 3194 944 3263 ἡμῖν
973 3193 1133 3255 ἔστω,
1161 3194 1350 3265 ὅτιπερ
1371 3194 1419 3246 εἰ
1444 3192 1699 3263 ἐλέγομεν
1715 3191 1808 3243 ἐπὶ

248 3280 442 3351 Πέτρου
500 3282 602 3336 καὶ
646 3280 881 3348 Παύλου,
914 3284 1245 3366 Ἀνθρωπος
1280 3280 1610 3350 ἀνθρώπου,
1631 3273 1673 3350 ᾖ
1702 3279 1807 3331 ἄν·
1832 3307 1877 3366 c

247 3370 479 3437 ορωκος,
494 3370 685 3425 οὐδὲν
701 3370 962 3441 διαφέρει
979 3388 994 3403 ’
1018 3372 1154 3428 ἀλλ’
1174 3365 1215 3443 ᾗ
1229 3370 1463 3424 τοιόσδε
1477 3369 1803 3437 ἄνθρωπος·

251 3459 355 3527 καὶ,
382 3462 582 3515 οὑσιά
600 3462 837 3527 οὐσίας,
866 3456 906 3533 ᾖ
933 3461 1131 3526 οὐσία,
1158 3459 1339 3515 οὐδὲν
1362 3456 1645 3528 διαφέρει,
1670 3456 1809 3511 ἀλλ’

251 3541 285 3619 ᾗ
308 3548 496 3604 τοιάδε
525 3550 736 3612 οὐσία,
774 3549 953 3619 λέγειν
984 3548 1070 3603 ἐπ’
1102 3548 1281 3602 αὐτῶν
1304 3547 1633 3618 ⁴ίλδυνάμεθα..
1663 3548 1727 3600 Ei
1753 3547 1811 3600 δὲ

248 3639 393 3692 τοῦτο
408 3639 596 3709 λέγειν
626 3641 703 3712 μὴ
730 3640 973 3706 δυνατὸν,
1012 3639 1135 3694 ἐπεὶ
1164 3640 1257 3694 καὶ
1283 3640 1318 3711 ἡ
1353 3639 1491 3711 αὐτὴ
1520 3637 1678 3697 οὐσία
1708 3637 1811 3691 Πέ-

250 3744 368 3799 τρου
418 3731 515 3785 καὶ
550 3731 791 3798 Παύλου,
839 3730 961 3784 οὐδὲ
1006 3731 1115 3803 ἄρα
1156 3730 1275 3784 οὐδὲ
1327 3730 1532 3783 έκεῐνω
1581 3727 1811 3799 ἐπείπερ

244 3821 425 3885 οὐσίας
444 3821 747 3893 δηλωτικὸν
777 3822 836 3875 τὸ
856 3822 1163 3891 ἄνθρωπος
1180 3820 1368 3891 ὄνομα·
1390 3821 1440 3873 εί
1461 3818 1519 3872 δὲ
1535 3818 1594 3872 τὸ
1614 3817 1812 3875 τοιάδε

250 3912 342 3964 καὶ
385 3914 622 3967 τοιόσδε
647 3914 747 3968 οὐκ
802 3912 1093 3968 ἀκόλουθον
1136 3910 1368 3975 συνάψαι
1397 3910 1475 3982 τῷ
1505 3909 1812 3977 ἄνθρωπος

244 4002 467 4072 ὀνόματι
493 4020 509 4034 ⁸
534 4004 641 4057 οὐδ’
665 4006 773 4076 ἄρα
809 4004 930 4058 οὐδὲ
949 4003 1065 4067 δύο,
1087 4002 1122 4073 ἢ
1148 4004 1295 4074 τρεῖς
1350 4000 1553 4072 κυρίως
1582 3999 1812 4070 λέγομεν

250 4094 578 4164 ἀνθρώπους.
614 4096 727 4151 Καὶ
766 4098 814 4149 εἰ
853 4096 946 4149 ἐπὶ
979 4093 1075 4147 τοῦ
1102 4090 1413 4160 ἀνθρώπου
1441 4090 1611 4144 ταῦτα
1643 4090 1811 4144 δέδει-

249 4203 392 4240 κται·
424 4188 582 4258 πόσῳ
644 4188 844 4259 μᾶλλον
893 4187 986 4240 ἐπὶ
1012 4185 1109 4255 τῆς
1141 4183 1309 4238 ἀϊδίου
1350 4183 1442 4236 καὶ
1457 4181 1604 4242 θείας
1624 4181 1813 4244 οὐσίας

250 4281 571 4351 κυριώτερον
600 4279 835 4351 ἁρμόσει
882 4277 944 4331 τὸ
1001 4277 1076 4348 μὴ
1103 4274 1308 4328 τοιόσδε
1339 4273 1469 4337 Θεὸς
1489 4273 1583 4326 καὶ
1608 4272 1812 4325 τοιόσδε

247 4366 489 4436 λέγεσθαι
512 4370 627 4423 τῶν
657 4366 1007 4423 ὐποστάσεων
1063 4363 1298 4432 ἑκάστην
1322 4380 1335 4394 ο
1381 4361 1514 4432 μηδὲ
1551 4359 1680 4413 Θεὸν
1717 4359 1813 4411 καὶ

249 4456 370 4511 Θεὸν
401 4460 497 4514 καὶ
519 4458 657 4512 Θεὸν
701 4455 1062 4527 ἐπιφωνεῖσθαι
1082 4454 1174 4508 τὸν
1199 4453 1417 4524 Πατέρα
1446 4450 1652 4505 καὶτὸν
1682 4448 1811 4503 Υίὺν

249 4549 335 4603 καὶ
364 4550 429 4604 τὸ
478 4551 639 4618 ἅγιον
664 4548 892 4621 Πνεῦμα
916 4568 931 4580 ’
964 4547 1099 4618 μηδὲ
1139 4547 1308 4617 τρεῖς,
1340 4543 1445 4597 κᾶν
1472 4544 1530 4596 έν
1557 4543 1622 4612 τῇ
1652 4539 1809 4594 ἐνθυ-

1911 744 2236 812 substantia,
2315 748 2676 816 individuum,
2750 752 2912 806 homo
2955 771 2968 806 :
3012 768 3076 807 ac
3155 755 3475 809 substantia

1911 837 2132 907 quidem
2191 842 2566 897 connectimus
2611 849 2665 896 et
2726 843 3114 914 conjungimus
3163 844 3352 899 isthac
3405 845 3472 899 ad

1909 928 2337 996 distinctionem,
2383 939 2443 986 ut.
2493 932 2627 997 dixi,
2677 935 2985 1002 specierum
3025 950 3148 1004 qua
3194 935 3299 989 sub
3353 934 3470 1004 ipsa

1910 1026 2062 1083 sunt,
2090 1035 2195 1090 qua
2223 1022 2523 1077 secundum
2547 1025 2839 1079 essentiam
2876 1039 2907 1077 a
2947 1040 3006 1080 se
3037 1024 3268 1080 invicem
3313 1025 3471 1082 ditl’e-

1910 1117 2058 1164 runt.
2117 1108 2334 1168 Rursus
2362 1113 2730 1170 subsistentia
2758 1115 2962 1186 pariter
2978 1115 3093 1171 hac
3123 1115 3470 1186 copulamus,

1908 1200 1975 1254 ad
2014 1201 2336 1259 divisionem
2383 1219 2762 1275 personarum,
2813 1221 2934 1276 qua
2964 1204 3207 1274 ejusdem
3254 1205 3471 1276 quidem

1909 1291 2169 1357 nominis,
2200 1309 2393 1365 nempe
2431 1295 2768 1366 hypostasis,
2822 1303 2952 1350 sunt
3006 1295 3323 1367 participes,
3376 1296 3469 1351 sed
3564 1334 3567 1335 ν

1909 1378 2227 1436 differunta
2267 1398 2326 1439 se
2359 1384 2615 1451 invicem,
2661 1399 2770 1439 non
2816 1384 2887 1439 iis
2937 1399 3058 1454 qua
3104 1385 3469 1440 substantiam

1907 1472 2190 1539 denotant,
2223 1488 2405 1528 verum
2439 1474 2506 1529 iis
2534 1490 2656 1544 qua
2695 1474 2954 1531 dicuntur
2977 1476 3298 1531 accidentia.
3324 1474 3472 1542 Quo-

1910 1575 2033 1614 nam
2066 1576 2196 1631 ergo
2231 1563 2392 1618 modo
2422 1565 2755 1635 conjungere
2804 1565 2991 1621 volunt
3037 1566 3246 1621 nomini
3292 1564 3469 1629 homo,

1909 1651 2015 1707 tale
2042 1653 2335 1722 quiddam?
2361 1653 2495 1709 Nam
2529 1671 2595 1711 ex
2627 1657 2695 1711 iis
2720 1671 2841 1726 qua
2883 1658 3157 1713 communi
3201 1672 3471 1718 consensu

1906 1741 2148 1795 omnium
2198 1745 2593 1813 approbantur,
2652 1748 2977 1803 solutionem
3023 1748 3320 1803 admittunt
3352 1764 3473 1819 qua

1909 1831 1961 1884 in
2003 1836 2433 1890 controversiam
2484 1826 2765 1892 vocantur.
2808 1837 2897 1903 Ut,
2939 1855 3037 1909 per
3081 1840 3470 1906 substantiam,

1909 1937 2028 1990 qua
2056 1921 2159 1976 sub
2182 1921 2297 1991 ipsa
2316 1933 2444 1978 sunt
2472 1924 2751 1979 essentiali
2776 1924 3076 1980 diﬂ'erentia
3090 1926 3348 1980 distincta
3368 1941 3397 1979 a
3413 1940 3473 1981 se

1912 2013 2141 2068 invicem
2175 2022 2359 2080 erunt,
2404 2016 2548 2085 quod
2601 2016 2818 2085 quidem
2854 2031 2964 2071 non
2987 2024 3095 2072 est.
3147 2016 3294 2071 Nihil
3318 2019 3465 2071 enim

1910 2103 2089 2160 differt
2144 2103 2338 2164 Petrus
2386 2120 2417 2160 a
2452 2105 2621 2163 Paulo
2684 2108 2985 2164 secundum
3042 2107 3358 2172 essentiam,
3402 2107 3472 2163 de

1910 2197 2107 2269 quibus
2156 2199 2484 2267 pradicatur
2530 2199 2726 2265 homo;
2783 2200 2877 2255 sed
2915 2207 2974 2254 ut
3023 2199 3307 2271 hypostasi
3342 2213 3469 2269 per-

1910 2303 2080 2345 sona.
2116 2288 2305 2360 Itaque
2346 2290 2410 2344 τὸ
2449 2290 2601 2345 Ιιοηιο
2655 2305 2763 2346 non
2806 2289 3173 2346 substantiam
3224 2289 3469 2355 denotat,

1908 2380 2052 2451 quod
2103 2380 2321 2450 quidem
2376 2380 2676 2437 absurdum
2729 2393 2817 2437 est
2865 2381 3012 2437 dictu
3054 2400 3068 2436 :
3106 2396 3231 2435 nam
3303 2380 3469 2436 homo

1908 2486 2200 2527 commune
2230 2472 2554 2529 substantia
2601 2473 2894 2542 signiﬁcat,
2946 2482 2998 2527 et
3028 2488 3136 2527 non
3169 2471 3471 2551 particula-

1908 2575 2022 2617 rem
2070 2576 2379 2630 personam,
2435 2560 2590 2615 Pauli
2651 2569 2781 2631 puta
2831 2567 2926 2615 aut
2974 2558 3255 2614 Barnabas.
3310 2557 3473 2615 Nullo

1910 2645 2076 2716 igitur
2104 2653 2266 2716 pacto
2307 2648 2412 2703 tale
2438 2646 2572 2717 quid
2619 2647 2977 2717 subsequitur
3012 2646 3236 2710 homini,
3272 2648 3470 2701 saltem

1903 2735 2056 2806 juxta
2114 2737 2470 2793 scientillcam
2524 2738 2813 2792 rationem.
2860 2734 3019 2803 Quod
3061 2736 3107 2791 si
3159 2734 3470 2791 communis

1908 2841 2043 2881 usus
2066 2827 2155 2882 his
2186 2825 2538 2891 destituatur,
2584 2834 2639 2901 et
2683 2826 3007 2883 substantia
3055 2825 3372 2881 nominibus
3400 2826 3471 2881 ad

1910 2931 2270 2986 personarum
2308 2916 2732 2973 declarationem
2768 2915 3088 2980 abutantur,
3118 2914 3254 2970 nihil
3283 2914 3386 2968 hoc
3402 2913 3470 2969 ad

1907 3017 2154 3064 exactam
2186 3009 2375 3078 logica
2411 3008 2656 3063 scientia
2682 3009 2928 3078 regulam
2960 3008 3223 3078 pertinet.
3269 3004 3470 3062 Verum

1909 3113 2007 3153 cur
2030 3099 2084 3152 in
2127 3100 2443 3155 abusionem
2476 3106 2793 3155 consuetam
2842 3097 3110 3153 invectiva
3160 3105 3307 3163 utor,
3353 3112 3474 3167 qua

1909 3190 1963 3243 in
1983 3189 2315 3259 ejuscemodi
2348 3189 2529 3245 deﬁcit
2560 3207 2575 3243 :
2609 3203 2719 3244 non
2751 3189 3220 3254 animadvertens,
3255 3199 3314 3243 ut
3366 3189 3470 3258 ipsi

1909 3293 2051 3350 sape
2079 3277 2324 3334 destituti
2369 3276 2623 3348 propriis,
2652 3277 2775 3333 aliis
2814 3276 3111 3330 abutamur
3158 3277 3475 3332 nominibus

1913 3368 2230 3440 impropriis
2259 3367 2326 3422 ad
2357 3383 2470 3422 rem
2505 3367 2573 3423 de
2604 3381 2713 3437 qua
2732 3366 2912 3437 agitur
2935 3365 3477 3436 repraesentandam?
3520 3370 3529 3375 '

1911 3459 2182 3516 Duntaxat
2209 3457 2339 3513 illud
2373 3466 2563 3529 aperte
2590 3457 2751 3514 nobis
2780 3465 3019 3520 constet,
3054 3465 3113 3511 ut
3154 3457 3340 3512 dicere
3361 3470 3473 3511 non

1910 3559 2237 3607 cunctamur
2267 3549 2324 3604 in
2349 3550 2512 3604 Petro
2538 3557 2592 3604 et
2609 3547 2799 3627 Paulo,
2825 3545 2998 3602 Homo
3019 3547 3085 3600 ab
3111 3548 3474 3614 nomine,un—

1912 3650 2061 3696 tenus
2088 3640 2264 3704 homo,
2291 3640 2423 3694 nihil
2445 3641 2647 3709 differt,
2681 3638 2772 3693 sed
2796 3654 2901 3709 qua
2926 3638 3050 3691 talis
3070 3635 3285 3707 quidam
3297 3633 3474 3693 homo;

1912 3731 1999 3780 et:
2025 3724 2356 3792 Substantia,
2376 3738 2633 3797 quatenus
2662 3725 2984 3786 substantia,
3032 3722 3164 3776 nihil
3217 3720 3395 3789 differt
3436 3736 3471 3775 ο

1917 3815 2215 3871 substantia
2237 3831 2257 3882 ;
2282 3815 2373 3869 sed
2388 3830 2493 3885 qua
2517 3815 2641 3869 talis
2668 3812 3225 3885 qucmbstantia
3248 3819 3348 3874 est,
3368 3810 3472 3867 hoc

1910 3907 2200 3962 enuntiare
2229 3905 2299 3962 de
2357 3906 2494 3976 ipsis
2527 3905 2832 3977 potuimus.
2877 3903 2972 3958 Sin
3018 3902 3225 3969 minus,
3275 3908 3331 3957 et
3369 3899 3474 3957 hoc

1911 3999 2094 4054 dicere
2125 3997 2207 4054 fas
2228 4011 2339 4053 non
2368 4004 2473 4065 est,
2525 3994 2966 4067 quandoquidem
3010 3992 3197 4048 eadem
3218 3998 3305 4046 est
3340 3990 3476 4047 sub-

1913 4088 2112 4143 stantia
2156 4086 2298 4144 Petri
2338 4093 2393 4141 et
2428 4085 2617 4150 Pauli;
2661 4099 2839 4152 neque
2871 4096 3009 4136 sane
3048 4079 3184 4135 illud
3228 4093 3470 4149 quoque.

1912 4179 2177 4246 Quoniam
2212 4192 2409 4234 nomen
2438 4178 2591 4231 homo
2634 4175 2738 4229 vim
2786 4174 2950 4228 habet
2987 4170 3303 4228 declarandi
3340 4172 3471 4227 sub—

1912 4271 2191 4326 stantiam.
2223 4268 2282 4322 Si
2328 4282 2458 4322 vero
2491 4267 2597 4320 hoc
2630 4265 2851 4319 nomine
2901 4263 3058 4318 homo
3082 4262 3317 4334 prolato,
3363 4278 3474 4316 non

1912 4371 1997 4415 est
2020 4360 2071 4413 ei
2094 4371 2436 4427 consequens
2467 4356 2575 4411 tale
2620 4354 2703 4410 vel
2735 4354 2845 4409 tale
2871 4352 3006 4424 quid
3034 4372 3048 4408 :
3101 4352 3269 4424 igitur
3298 4368 3477 4421 neque

1912 4451 2071 4517 duos,
2108 4457 2202 4503 aut
2223 4455 2337 4504 tres
2362 4448 2585 4520 proprie
2630 4446 2871 4503 dicimus
2907 4444 3192 4511 homines;
3252 4442 3393 4514 quod
3429 4444 3476 4499 si

1913 4545 1968 4597 in
2003 4540 2226 4596 homine
2250 4540 2367 4595 hac
2397 4540 2624 4610 probata
2667 4545 2834 4601 sunt,
2887 4545 3095 4607 quanto
3129 4536 3307 4605 magis
3350 4550 3476 4603 pro-

252 4646 425 4713 μὴσει,
469 4644 918 4716 δογματίζεσθαι.
959 4643 1288 4712 Συνέστηκεν
1307 4634 1399 4693 οὖν
1429 4639 1537 4710 ἄρα
1574 4637 1651 4707 τῷ
1674 4636 1808 4708 πρὸς

1917 4634 2029 4705 prie
2056 4633 2109 4687 in
2139 4631 2468 4702 sempiterna
2497 4639 2551 4685 et
2597 4629 2782 4685 divina
2816 4627 3056 4683 essentia
3099 4632 3387 4694 congruat,
3419 4632 3480 4678 ut

250 4734 394 4803 ἡμῶν
424 4738 624 4808 δικαίῳ
650 4738 746 4790 καὶ
777 4734 1053 4805 ἀκολούθῳ
1086 4733 1179 4788 καὶ
1206 4735 1400 4800 επιστη
1409 4730 1612 4801 μονικῷ
1639 4729 1708 4781 τὰ
1733 4727 1811 4799 τῷ

1918 4743 2023 4781 non
2056 4726 2181 4780 talis
2208 4722 2352 4777 Deus
2385 4729 2439 4777 et
2469 4721 2594 4775 talis
2633 4719 2849 4774 dicatur
2896 4731 3239 4785 unaquaque
3290 4729 3481 4783 perso-

250 4823 403 4896 ὶὸτφ,
447 4826 532 4896 ὡς
564 4805 663 4882 ενα
679 4827 815 4881 Θεόν
831 4842 1011 4896 φαμεν
1040 4825 1131 4879 τὸν
1155 4823 1261 4877 τῶν
1276 4823 1528 4877 απάντων
1556 4820 1811 4891 δημιουρ-

1920 4833 2144 4876 narum;
2194 4829 2373 4883 neque
2407 4815 2548 4867 Deus
2597 4819 2648 4866 et
2697 4810 2860 4873 Deus,
2896 4815 2952 4861 et
2995 4808 3138 4861 Deus
3169 4805 3483 4860 enuntietur

248 4915 354 4983 τὸν,
381 4919 435 4971 εί
460 4919 556 4972 καὶ
577 4922 637 4973 ἐν
662 4918 811 4991 τρισὶ
831 4916 1140 4989 προσώποις
1162 4916 1195 4987 ἦ
1224 4915 1298 4978 ὡς
1328 4912 1652 4967 ὑποστάσεσι
1681 4910 1811 4965 θεω-

1920 4909 2082 4963 Pater
2107 4915 2163 4963 et
2196 4906 2368 4961 Filius
2401 4913 2457 4959 et
2511 4902 2753 4973 Spiritus
2800 4907 3068 4965 sanctus;
3120 4911 3297 4965 neque
3349 4906 3482 4956 tres,

253 5008 439 5071 ρεῖται,
475 4986 811 5081 [ἰατρὸς-καὶ
839 4986 972 5061 flor")
997 5008 1091 5062 καὶ
1121 4986 1275 5075 ἁγίου
1304 5003 1636 5074 Πνεύματος.

1924 4999 2176 5069 quamvis
2208 4996 2391 5051 animo
2427 5000 2639 5047 tantum
2666 4999 2721 5046 et
2756 4990 3110 5061 cogitatione,
3159 4986 3481 5042 doceantur.

248 5096 470 5151 Constat
525 5077 703 5170 itaque
732 5102 881 5167 justa
911 5105 966 5153 et
988 5105 1349 5153 consentanea
1400 5094 1741 5162 maximeque
1770 5092 1986 5163 propria
2011 5086 2323 5144 dissertatio
2348 5092 2535 5139 nostra
2555 5121 2570 5145 ,
2609 5080 2755 5151 quod
2782 5093 2949 5134 unum
2995 5077 3162 5170 Deum
3186 5077 3485 5170 asserimus

250 5196 488 5248 omnium
522 5168 791 5268 opilieem,
815 5193 1037 5249 tametsi
1068 5193 1121 5247 in
1151 5191 1326 5247 tribus
1348 5189 1600 5259 personis
1627 5206 1723 5247 seu
1750 5184 2138 5260 hypostasibus
2162 5174 2776 5244 consideretur,Patris,
2798 5171 2920 5227 Filii
2949 5179 3001 5227 et
3022 5169 3259 5241 Spiritus
3287 5168 3484 5224 sancti.
