4008 6210
566 306 665 359 187

1100 456 1466 466 ς--κς--ι-θ--οη

572 461 1314 488 W27;

1862 299 1920 355 S.
1962 296 2291 354 GREGORII
2327 296 2615 355 NYSSENI

3328 471 3727 482 M

1479 612 1706 699 ΤΟΥ
1776 610 2152 698 ΑΥΤΟΥ
2219 609 2839 695 ΓΡΗΓΟΡΙΟΥ

1680 800 2035 917 ΠΕΡΙ
2073 756 2633 913 ΨΥΧΗΣ.

1337 1183 1975 1276 EJUSDEM

2091 1181 2187 1270 S.
2265 1175 2960 1277 GBEGORH

1742 1399 1921 1509 DE
1983 1396 2506 1508 'ANIMA.

1361 1620 1646 1691 Inlcrprete
1677 1618 1798 1675 eod.
1827 1616 2013 1673 Feder.
2038 1614 2262 1670 Morello
2293 1618 2532 1686 I’rofess.
2568 1618 2688 1689 Reg.
2721 1618 2945 1674 Decan‘o.

2119 1780 2159 1789 σ’-
2181 1780 2191 1787 .

1044 1934 1171 1989 Sl-IR
1184 1932 1275 1987 νο
1313 1928 1569 1985 l‘RlMUS
1593 1942 1639 1982 ιι.

621 2051 897 2106 Dissident
923 2050 1033 2104 fere
1066 2048 1278 2116 antiqui
1306 2061 1496 2099 omnes
1535 2044 1606 2097 de
1637 2042 1834 2095 anima:
1859 2042 1983 2094 vict
2021 2054 2111 2092 na-

550 2154 693 2199 tura.
730 2140 1072 2197 Democritus
1089 2139 1234 2193 enim
1267 2146 1318 2191 et
1356 2135 1644 2204 Epicurus,
1681 2139 1736 2187 et
1756 2130 1933 2184 omnis
1962 2129 2114 2197 Stoi-

549 2251 739 2290 corum
783 2230 1229 2303 philosophorum
1260 2236 1455 2289 cattus,
1498 2226 1733 2279 animam
1758 2237 1960 2291 corpus
1994 2235 2117 2276 esse

550 2330 889 2383 asseverant,
938 2330 992 2373 et
1041 2319 1118 2372 illi
1173 2319 1275 2387 ipsi
1311 2321 1403 2386 qui
1439 2327 1641 2384 corpus
1692 2320 1951 2367 asserunt
1990 2322 2113 2363 esse

549 2414 813 2475 animam,
843 2410 911 2485 de
945 2408 1185 2464 essentia
1229 2407 1403 2475 ipsius
1437 2402 1723 2458 dissident.
1760 2398 1894 2454 Nam
1944 2396 2114 2451 Stoici

548 2519 669 2558 eam
701 2502 954 2571 spiritum
988 2513 1113 2554 esse
1163 2496 1305 2567 ignei
1333 2493 1539 2565 vigoris
1578 2499 1631 2547 et
1685 2490 1910 2546 numine
1960 2487 2115 2542 afﬂa-

549 2601 659 2646 tum
695 2592 905 2645 dicunt.
931 2589 1134 2644 Critias
1168 2593 1348 2641 autem
1375 2585 1718 2653 sanguinem,
1753 2579 1965 2651 "ippon
1988 2579 2115 2649 phi-

549 2682 808 2751 losophus
847 2695 1081 2750 aquam;
1115 2677 1455 2732 Democritus
1509 2676 1733 2746 ignem;
1788 2671 1985 2727 etenim
2047 2670 2115 2725 ﬁ-

548 2787 714 2841 guras
778 2769 1114 2825 orbiculatas
1175 2773 1518 2829 atomorum,
1579 2763 1757 2833 ignem
1801 2769 1856 2815 et
1912 2773 2114 2822 aerem,

549 2859 883 2925 compositas
914 2859 990 2911 ait
1038 2856 1274 2911 animam
1315 2852 1591 2924 perlicere.
1632 2850 1944 2905 Heraclitus
1990 2850 2115 2902 uni-

552 2952 690 3004 versi
724 2948 942 3018 quidem
987 2948 1227 3001 animam
1273 2957 1527 3013 vaporem
1574 2957 1636 2997 ex
1691 2940 1934 2995 humidis
1976 2954 2101 2994 esse

549 3046 774 3103 censet;
805 3036 1040 3090 animam
1066 3047 1214 3094 vero,
1263 3047 1382 3102 qua:
1436 3032 1490 3085 in
1531 3030 1904 3084 animantibus
1948 3028 2112 3091 inest,

549 3126 1034 3198 evaporationibus
1061 3123 1327 3187 externis,
1368 3108 1429 3177 et
1457 3137 1523 3177 ea
1555 3137 1674 3190 quae
1705 3121 1757 3173 in
1792 3122 1909 3190 ipsa
1947 3120 2115 3173 insita

549 3226 650 3279 est,
685 3217 847 3269 unius
871 3212 1223 3284 ejusdemque
1253 3210 1470 3282 generis
1503 3218 1773 3264 constare.
1813 3208 2021 3262 Ilursus
2049 3220 2100 3262 rt
2145 3243 2189 3299 Β

551 3310 619 3363 iis
645 3307 736 3376 qui
761 3304 955 3359 dicunt
1002 3304 1239 3359 animam
1281 3302 1664 3371 incorpoream
1714 3315 1836 3354 esse
1903 3300 2115 3352 inlinita

549 3398 797 3452 exoritur
821 3394 1226 3463 discrepantia:
1257 3406 1381 3444 cum
1406 3391 1496 3444 alii
1556 3389 1918 3444 substantiam
1966 3403 2118 3443 cam-

550 3502 655 3559 que
685 3485 1047 3542 immortalem
1068 3498 1193 3537 esse
1212 3482 1433 3548 dicant;
1467 3482 1560 3534 alii
1593 3481 1972 3549 incorpoream
2001 3479 2120 3547 qui—

550 3582 696 3644 dem,
723 3592 832 3631 non
862 3586 1041 3631 tamen
1073 3573 1460 3634 substantiam,
1494 3586 1674 3641 neque
1711 3585 1841 3625 vero
1887 3569 2115 3623 immor-

550 3672 741 3724 talem.
776 3668 1066 3722 Enimvero
1099 3664 1301 3720 Thales
1341 3665 1551 3733 primus
1591 3663 1829 3715 animam
1866 3660 2118 3715 immobi-

484 3742 489 3750 ί
553 3761 656 3815 lem
685 3769 739 3814 et
761 3773 856 3829 per
881 3773 940 3813 se
962 3757 1215 3811 mobilem
1263 3769 1387 3809 esse
1435 3753 1740 3807 contendit.
1782 3750 2118 3822 Pythagoras

552 3862 838 3903 numerum
862 3862 922 3901 se
951 3847 1128 3915 ipsum
1160 3851 1483 3898 moventem.
1517 3842 1672 3896 Plato
1712 3841 2007 3897 essentiam
2035 3841 2119 3893 in-

551 3939 911 3993 tellectualem
939 3952 968 3989 a
998 3951 1057 3990 se
1089 3935 1207 4005 ipsa
1235 3942 1435 3987 motum
1464 3933 1754 3987 habentem
1789 3947 1883 4002 per
1915 3947 2111 3986 nume-

552 4046 672 4085 rum
702 4029 1075 4083 harmouicmn
1109 4037 1165 4082 et
1193 4025 1543 4080 concinnum.
1580 4023 1900 4079 Aristoteles
1932 4033 2115 4076 actum

552 4122 787 4190 primum
803 4120 1051 4189 corporis
1067 4116 1353 4183 naturalis,
1375 4121 1640 4185 potestate
1659 4114 1824 4169 vitam
1842 4113 2113 4169 habentis.

553 4210 860 4265 Dinarchus
897 4208 1241 4263 harmoniam
1270 4214 1507 4276 quatuor
1539 4205 1934 4261 elementorum
1962 4223 1977 4270 ;
2018 4219 2118 4259 nec

550 4316 681 4355 vero
703 4300 995 4370 phthongis
1014 4299 1234 4353 sonisve
1249 4305 1617 4363 constantem;
1634 4296 1727 4352 sed
1746 4296 2116 4351 harmonicam

552 4391 864 4460 temperiem
890 4399 944 4445 et
968 4396 1291 4444 concentum
1313 4386 1612 4442 calidorum
1628 4395 1678 4441 et
1700 4387 2047 4441 bumidorum
2065 4395 2119 4440 et

552 4483 870 4553 l'rigidorum
923 4490 978 4534 et
1031 4481 1303 4535 siccorum
1358 4479 1414 4533 in
1466 4492 1715 4545 corpore.
1764 4475 2116 4544 Perspicuum

2146 1907 2194 1964 Α

2839 1926 3055 1979 ΛΟΓΟΣ
3092 1929 3166 1982 Λο.

2289 2033 2642 2101 Διαφωνετται
2671 2032 2855 2103 σχεδὸν
2876 2034 3048 2089 ἆτεασι
3073 2038 3184 2100 τοῖς
3209 2038 3455 2102 παλαιοῖς
3479 2043 3506 2092 ὁ
3537 2056 3599 2091 πε
3611 2041 3662 2110 pi.
3688 2041 3787 2111 τῆς

2216 2123 2391 2193 ψυχῆς
2414 2122 2587 2189 λόγος.
2642 2124 2976 2192 Δημόκριτος
3012 2125 3110 2193 μὲν
3151 2124 3257 2195 γάρ
3307 2126 3402 2178 καὶ
3444 2126 3782 2197 Ἐπίκουρος,

2218 2215 2310 2266 καὶ
2345 2213 2451 2265 πᾶν
2479 2212 2539 2265 τὸ
2565 2211 2672 2266 τῶν
2705 2212 2947 2265 στωῖκῶν
2982 2213 3286 2283 φιλοσόφων
3322 2214 3592 2286 σύστημα,
3625 2216 3784 2284 σῶμα

2215 2302 2313 2371 τὴν
2342 2301 2517 2371 ψυχὴν
2545 2301 2966 2371 ἀποφαίνονται·
3003 2303 3097 2357 καὶ
3123 2303 3272 2357 αὐτοὶ
3293 2304 3349 2357 δὲ
3375 2297 3520 2357 οὗτοι
3541 2307 3590 2358 οί
3625 2307 3783 2373 σῶμα

2214 2392 2312 2460 τὴν
2344 2390 2521 2462 ψυχὴν
2561 2392 3004 2463 ἀποφαινόμενοι,
3044 2394 3388 2466 διαφέρονται
3424 2399 3553 2466 περὶ
3580 2401 3677 2469 τῆς
3696 2400 3784 2451 ού-

2217 2486 2336 2547 σίας
2395 2485 2583 2553 αὐτῆς.
2635 2487 2698 2538 υἱ
2739 2486 2836 2556 μὲν
2867 2486 2973 2557 γάρ
2994 2485 3238 2552 Στωϊκοὶ,
3274 2489 3489 2559 πνεῦμα
3539 2490 3783 2557 λέγουσιν

2214 2577 2382 2648 αὐτὴν
2425 2578 2685 2649 ἔνθερμον
2735 2579 2829 2632 καὶ
2883 2578 3164 2650 διάπυρον·
3220 2581 3447 2651 Κριτίας
3497 2581 3553 2634 δὲ
3604 2580 3778 2653 αἷμα·

2216 2670 2424 2723 Ἵππων
2450 2671 2506 2724 δὲ
2543 2671 2571 2723 ὁ
2598 2671 2883 2741 φιλόσοφος
2939 2672 3081 2743 ὕδωρ
3106 2689 3121 2705 ο
3172 2673 3509 2744 Δημόκριτος
3538 2674 3593 2727 δὲ
3636 2675 3747 2746 πῦρ
3766 2694 3780 2708 ο

2213 2759 2281 2813 τὰ
2307 2758 2417 2830 γὰρ
2444 2760 2755 2831 σφαιροειδῆ
2801 2762 3057 2830 σχήματα
3097 2761 3204 2814 τῶν
3244 2763 3460 2833 ἀτόμων
3494 2764 3781 2833 συγκρινό·

2217 2866 2372 2919 μενα,
2399 2848 2509 2920 πῦρ
2541 2865 2599 2901 τε
2631 2850 2725 2902 καὶΙ
2759 2848 2885 2920 ἀὴρ,
2909 2850 3087 2921 ψυχὴν
3108 2852 3408 2905 ἀποτελεῖν.
3433 2851 3784 2922 Ἡράκλειτος

2213 2941 2268 2995 δὲ
2298 2940 2396 3012 τὴν
2429 2940 2526 3011 μὲν
2569 2939 2664 2992 τοῦ
2716 2941 2914 3005 παντὸς
2955 2941 3152 3011 ψυχὴν,
3181 2943 3542 3013 ἀναθυμίασιν
3573 2946 3636 2997 ἐκ
3672 2944 3782 2998 τῶν

2216 3031 2415 3102 ὑγρῶψ
2435 3031 2533 3101 τὴν
2548 3031 2602 3083 δὲ
2620 3033 2678 3084 ὲν
2701 3034 2811 3095 τοῖς
2839 3030 3017 3097 ζώοις,
3048 3033 3156 3087 ἀπό
3177 3051 3233 3087 τε
3260 3034 3367 3087 τῶν
3394 3034 3551 3097 ἐκτὸς
3579 3036 3782 3105 καὶτῆς

2215 3124 2272 3175 ἐν
2294 3124 2429 3193 αὐτῇ
2451 3121 2889 3192 ἀναθυμιάσεως,
2909 3124 3144 3194 ὁμογενῆ
3179 3125 3496 3193 πεφυκέναι.
3527 3125 3692 3179 Πάλιν
3724 3126 3781 3178 δὲ

2216 3215 2308 3266 καὶ
2328 3202 2435 3268 τῶν
2456 3214 2720 3283 λεγόντων
2741 3214 3031 3284 ἀσώματον
3060 3211 3199 3270 εἶναι
3216 3217 3313 3288 τὴν
3332 3216 3529 3288 ψυχὴν,
3559 3217 3784 3287 ἄπειρος

2216 3304 2434 3372 γέγονεν
2466 3306 2498 3373 ἡ
2524 3303 2785 3371 διαφωνία
2806 3321 2821 3335 ·
2853 3304 2961 3359 τῶν
2994 3304 3091 3375 μὲν
3116 3306 3301 3359 οὐσίαν
3337 3308 3505 3377 αὐτὴν
3529 3307 3623 3360 καὶ
3647 3306 3783 3360 ἀθά-

2214 3406 2371 3443 νατον
2387 3390 2654 3458 λεγόντων
2673 3406 2687 3420 ·
2715 3391 2822 3443 τῶν
2841 3392 2897 3446 δὲ
2916 3393 3207 3463 ἀσώματον
3227 3395 3346 3465 μὲν,
3359 3396 3420 3449 οὐ
3449 3397 3554 3466 μὴν
3573 3396 3783 3460 οὐσίαν,

2214 3481 2335 3535 οὐδὲ
2387 3481 2675 3535 ἀθάνατον.
2728 3482 2910 3552 Θαλῆς
2963 3482 3063 3552 μὲν
3105 3484 3215 3555 γὰρ
3245 3485 3458 3557 πρῶτος
3481 3487 3578 3558 τὴν
3607 3486 3786 3557 ψυχὴν

2215 3571 2414 3643 ἔφησεν
2468 3572 2724 3641 ἀκίνητον
2785 3572 2882 3625 καί⁵
2948 3572 3317 3644 αὐτοκίνητον.
3364 3574 3683 3647 Πυθαγόρας
3729 3576 3786 3628 δὲ

2215 3660 2447 3731 ἀριθμὸν
2471 3658 2662 3713 ἑαυτὸν
2711 3660 2986 3714 κινοῦντα.
3026 3659 3246 3715 Πλάτων
3269 3662 3325 3715 δὲ
3352 3664 3536 3717 οὐσίαν
3562 3665 3785 3734 νοητὴν,

2216 3748 2274 3814 ἐξ
2302 3750 2468 3820 αὐτῆς
2497 3749 2839 3821 κινουμένην,
2864 3750 3005 3804 κατά
3038 3751 3266 3823 ἀριθμὸν
3295 3752 3626 3821 ἐναρμόνιον.
3649 3755 3787 3824 ’Δριο

2217 3840 2467 3910 στοτέλης
2513 3840 2570 3894 δὲ
2619 3840 2952 3911 ἐντελέχειαν
3007 3840 3229 3913 πρώτην
3254 3844 3502 3913 σώματος
3530 3845 3783 3911 φυσικοῦ,

2216 3932 2525 4003 ὀργανικοῦ,
2553 3932 2777 4002 δυνάμει
2821 3930 2966 4005 ζωὴν
3012 3932 3244 4003 ἔχοντος.
3273 3935 3561 4005 Δείναρχος
3597 3934 3653 3986 δὲ
3684 3936 3786 4003 ἀρ-

2220 4024 2408 4093 μονίαν
2433 4023 2541 4077 τῶν
2576 4023 2855 4093 τεσσάρων
2884 4024 3160 4092 στοιχείων
3182 4041 3195 4054 ο
3221 4025 3281 4077 ού
3317 4024 3424 4095 γὰρ
3461 4024 3559 4093 τὴν
3586 4025 3649 4076 ὲκ
3673 4023 3786 4074 τῶν

2218 4112 2467 4182 φθόγγων
2499 4110 2916 4181 συνισταμένην,
2946 4110 3083 4164 ἀλλά
3105 4111 3203 4181 τὴν
3235 4110 3340 4163 τῶν
3375 4113 3431 4163 ὲν
3462 4108 3540 4179 τῷ
3571 4106 3787 4177 σώματι

2218 4204 2433 4274 θερμῶν
2458 4203 2551 4257 καὶ
2572 4203 2773 4273 ὑγρῶν,
2807 4204 2902 4255 καὶ
2932 4202 3176 4271 ψυχρῶν,
3208 4202 3301 4255 καὶ
3334 4199 3514 4271 ξηρῶν
3547 4199 3780 4269 ἐναρμό-

2217 4311 2326 4347 νιον
2348 4294 2542 4365 κρᾶσιν
2570 4294 2661 4347 καὶ
2693 4292 3010 4363 συμφωνίαν
3038 4291 3281 4362 βούλεται
3307 4291 3502 4360 λέγειν.
3527 4290 3697 4360 Δῆλον
3731 4290 3789 4341 δὲ

2217 4390 2297 4442 ὅτι
2334 4388 2426 4440 καὶ
2458 4386 2681 4449 τούτοιν,
2713 4388 2760 4439 οί
2787 4382 2885 4455 μὲν
2906 4386 3052 4439 ἄλλοι
3067 4385 3164 4456 τὴν
3183 4384 3358 4455 ψυχὴν
3385 4380 3521 4438 εἶναι
3536 4383 3789 4450 λέγουσιν

2217 4479 2402 4532 οὐσίαν
2420 4494 2434 4508 ·
2467 4476 2838 4549 Ἀριστοτέλης
2856 4477 2912 4530 δὲ
2938 4477 3031 4530 καὶ
3058 4476 3342 4547 Δείναρχος
3382 4474 3639 4529 ὲνούσιον.
3665 4474 3790 4528 Ἐτι

548 4572 713 4628 etiam
744 4578 850 4631 est,
889 4576 947 4623 ut
970 4585 1034 4620 ex
1070 4568 1264 4620 horum
1288 4578 1517 4618 numero
1556 4563 1647 4616 alii
1694 4562 1934 4615 animam
1986 4576 2109 4616 esse
2139 4592 2143 4625 ι

2216 4569 2271 4622 δὲ
2302 4569 2437 4639 πρὸς
2460 4568 2690 4631 τούτοις,
2724 4571 2771 4622 οἱ
2803 4569 2899 4637 μὲν
2919 4567 3047 4638 μίαν
3080 4563 3217 4621 εἶναι
3250 4568 3341 4621 καὶ
3364 4570 3461 4639 τὴν
3476 4566 3644 4638 αὐτὴν
3676 4568 3793 4619 τῶν

550 4660 909 4717 substantiam
945 4656 1259 4727 proferant;
1296 4653 1618 4707 Aristoteles
1670 4668 1799 4706 vero
1827 4661 1881 4706 et
1909 4651 2108 4704 Dinar-

2219 4661 2434 4714 πάντων
2469 4659 2645 4730 ψυχὴν
2692 4659 3024 4728 νενομίκασι,
3060 4657 3670 4729 κατακερματιζομένην
3709 4662 3793 4720 εἰς

549 4756 688 4808 clins
736 4749 1171 4805 substantialcm-
1212 4754 1451 4816 putant:
1492 4752 1747 4813 praeterea
1800 4744 1890 4797 alii
1950 4759 2113 4797 unam

2216 4750 2282 4804 τὰ
2315 4750 2645 4811 καθέκαστα,
2684 4750 2778 4803 καὶ
2816 4749 2975 4803 πάλιν
3016 4749 3095 4812 είς
3139 4748 3336 4819 ἑαυτὴν
3369 4746 3676 4808 συνιοῦσαν,
3715 4750 3795 4809 ὡς

494 4869 527 4913 ς,
549 4858 672 4898 esse
727 4839 1085 4907 eamdemque
1137 4836 1382 4889 omnium
1440 4835 1677 4887 animam
1738 4834 2108 4896 arbitrantur,

2216 4843 2262 4895 οἱ
2294 4840 2577 4909 Μανιχαῖοι
2607 4840 2702 4893 καὶ
2754 4839 2901 4892 ἄλλοι
2929 4840 3089 4902 τινές.
3132 4841 3195 4893 υἱ
3232 4840 3288 4892 δὲ
3320 4839 3518 4903 πολλὰς
3546 4840 3640 4892 καὶ
3673 4840 3799 4891 διαι-

551 4932 879 5003 discerptam
915 4927 967 4980 in
995 4924 1207 4992 singula
1231 4965 1245 4988 ,
1284 4939 1347 4976 ac
1380 4937 1571 4976 rursus
1603 4922 1657 4976 in
1693 4938 1753 4977 se
1803 4931 2112 4987 coeuntem,

2218 4932 2413 5002 φόρους
2448 4931 2565 4983 κατ’
2593 4925 2730 4991 εἶδος
2753 4947 2769 4972 ε
2797 4930 2846 4981 οἱ
2875 4928 2933 4981 δὲ
2962 4928 3090 4997 μίαν
3125 4930 3216 4981 καὶ
3252 4928 3470 4990 πολλάς.
3503 4929 3661 4981 Πᾶσα
3684 4929 3797 4979 'tof-

482 5013 611 5105 ιιι
644 5018 921 5074 Manichzei
955 5026 1010 5072 et
1061 5015 1282 5085 quidam
1308 5015 1422 5067 alii.
1476 5012 1615 5066 Sunt
1668 5014 1760 5083 qui
1808 5014 2009 5068 multas
2052 5030 2116 5067 ac

2217 5039 2311 5074 νυν
2336 5021 2545 5091 ἀνάγκη
2579 5019 2812 5091 μηκῦναι
2835 5018 2925 5072 τὸν
2957 5018 3132 5087 λόγον,
3163 5018 3454 5083 τοσαύταις
3477 5017 3657 5084 δόξαις
3697 5019 3797 5071 άν-

549 5111 796 5165 diversas
825 5109 1003 5179 specie
1065 5107 1400 5161 existiment.
1438 5104 1542 5158 Alii
1583 5119 1746 5159 unam
1788 5114 1842 5159 et
1892 5106 2114 5159 multas.

2218 5112 2514 5181 τιλέγοντα.
2537 5112 2702 5181 Κοινῇ
2728 5110 2826 5180 μὲν
2855 5105 2946 5163 οὖν
2970 5110 3105 5181 πρὸς
3123 5110 3328 5175 πάντας
3357 5112 3482 5175 τοὺς
3531 5108 3801 5178 λέγοντας

552 5197 784 5253 Prorsus
819 5213 947 5267 ergo
987 5211 1210 5261 necesse
1243 5203 1327 5251 est
1354 5208 1659 5249 sermonem
1689 5196 2006 5264 producere,
2038 5204 2118 5250 tot

2218 5205 2377 5275 σῶμα
2415 5205 2514 5273 τὴν
2560 5202 2756 5273 ψυχὴν,
2795 5201 3017 5272 ἀρκέσει
3057 5202 3121 5255 τά
3149 5203 3300 5273 παρὰ
3349 5203 3659 5272 ’Δμμωνίου
3703 5204 3801 5250 τού

551 5287 901 5356 opinionibus
923 5289 1324 5343 adversantem.
1349 5284 1694 5354 QuaprOpter
1721 5286 1775 5339 in
1805 5302 2002 5355 genere
2027 5288 2119 5342 ad-

552 5392 744 5432 versus
788 5391 976 5433 omnes
1022 5379 1113 5448 qui
1163 5378 1353 5432 dicunt
1414 5376 1652 5430 animam
1712 5391 1912 5448 corpus
1968 5396 2111 5443 esse.

2215 5293 2531 5347 διδασκάλου
2566 5291 2859 5353 Πλωτίνου,
2901 5290 2995 5344 καὶ
3025 5289 3325 5362 Νουμηνίου
3355 5289 3448 5343 τοῦ
3487 5289 3802 5359 {1146:1705};—

2215 5383 2315 5439 κοῦ
2338 5381 2598 5453 εἰρημένα
2618 5397 2632 5411 ·
2655 5381 2762 5434 εἰσὶ
2787 5380 2843 5433 δὲ
2881 5379 3067 5433 ταῦτα·

550 5463 815 5522 sulﬁeient
842 5478 962 5530 quae
1001 5468 1068 5519 ab
1112 5467 1398 5521 Ainmonio
1427 5465 1651 5519 doctore
1682 5464 1879 5523 Plotini
1904 5479 1959 5525 et
1986 5470 2255 5529 Nnmenio
2280 5472 2641 5545 Pythagorico
2676 5471 2823 5526 dicta
2861 5478 3011 5533 sunt,
3046 5469 3161 5525 haec
3193 5468 3491 5524 nimirum:

656 5575 955 5657 QfLIngjf:
967 5577 1494 5657 ρξξιὶςικξρρςεηεεξε
1618 5579 1724 5657 ISch
1743 5595 1807 5631 ne
1826 5586 1942 5657 quid
1970 5587 2156 5657 anubis
2181 5586 2604 5657 prglemittahtur,
2627 5585 2756 5657 quod
2779 5584 2995 5657 habetur
3012 5586 3306 5646 impressum
3333 5584 3534 5634 nomine
3554 5580 3788 5645 Gregorii

547 5639 781 5705 ἄγεσθαί,
797 5642 1012 5689 sermoni
1033 5641 1100 5691 De
1119 5639 1283 5689 (mima
1302 5643 1352 5691 in
1376 5643 1598 5693 editione
1617 5643 1705 5692 hac
1728 5639 1943 5697 omnium
1966 5639 2196 5710 ejusdem‘
2225 5648 2452 5708 Gregorii
2482 5639 2703 5708 Onerum
2722 5647 2884 5697 locum
2907 5639 3110 5698 fecimus
