4008 6210
686 318 782 371 191

1947 308 2003 363 S.
2039 311 2361 365 GREGORII
2404 310 2694 366 Ni'SSENI
3794 314 3870 367 ltl'.‘

620 468 630 478 -
689 430 953 487 Similiter
981 437 1161 484 autem
1197 436 1479 499 argentum
1514 440 1566 484 ct
1597 445 1811 493 aurum,
1846 446 2077 501 quorum
2123 425 2246 500 par-

2365 431 2774 501 5πολειπόμενον
2822 428 2977 499 α“μα,
3008 431 3129 482 ὅσον
3158 431 3219 483 ἂν
3246 430 3351 499 εἴη,
3391 431 3535 500 ψυχή
3563 433 3708 493 ἐστιν,
3744 432 3870 503 εἴπερ

689 533 773 579 tes
805 538 914 578 non
942 522 1258 593 discrepant
1288 537 1316 575 a
1348 538 1407 578 se
1454 522 1681 577 invicem
1724 523 1880 593 juxta
1920 523 2246 578 essentiam:

689 613 770 666 sic
805 611 973 681 igitur
1001 612 1228 681 sanguis
1271 612 1433 666 etiam
1466 612 1556 681 qui
1592 613 1937 681 relinquitur,
1990 622 2253 683 quantus-

689 716 910 772 cunque
958 700 1157 769 fuerit,
1215 704 1397 758 anima
1448 712 1564 768 est,
1613 703 1879 772 siquidem
1933 704 2114 757 anima
2171 710 2253 759 est

690 794 915 866 sanguis
946 813 959 849 :
995 795 1125 849 illud
1162 808 1294 864 ergo
1326 796 1507 864 potius
1539 794 1828 848 dicendum
1863 803 1981 857 est,
2026 794 2172 866 quod
2205 795 2252 850 si

690 886 793 941 hoc
827 894 974 942 esset
1000 885 1203 949 anima,
1243 901 1353 955 quo
1393 885 1610 940 sublato
1661 895 1964 942 moreretur
2011 887 2250 941 animal:

688 991 915 1047 prorsus
952 976 1114 1032 etiam
1150 975 1341 1045 tlegma
1372 975 1635 1045 pituitave
1668 976 1848 1031 anima
1879 985 1984 1039 est,
2018 985 2073 1030 et
2132 977 2255 1033 bilis

688 1076 962 1138 utraque;
999 1080 1122 1121 nam
1163 1066 1542 1135 qualecunque
1570 1065 1763 1120 borum
1797 1066 2051 1132 defuerit,
2095 1066 2252 1121 tinem

688 1168 743 1216 et
768 1159 993 1215 exitium
1022 1157 1229 1213 inducit
1259 1158 1519 1212 animali:
1555 1157 1806 1229 idemque
1853 1159 2029 1228 jecur,
2060 1166 2114 1214 et
2166 1172 2257 1213 ce-

690 1253 931 1315 rebrum,
963 1256 1018 1305 et
1049 1263 1166 1324 cor,
1207 1256 1261 1303 et
1317 1250 1655 1313 stomachus,
1700 1260 1756 1305 et
1803 1263 1983 1313 renes,
2019 1259 2073 1304 et
2118 1250 2256 1305 inte-

689 1346 854 1410 stina,
884 1350 938 1399 et
970 1343 1075 1397 alia
1106 1341 1402 1412 pleraque;
1433 1358 1557 1396 nam
1590 1358 1699 1412 quo
1729 1343 1959 1398 istorum
2003 1349 2256 1411 exempto

600 1426 605 1429 ’
691 1452 798 1493 non
825 1443 1130 1491 moreretur
1157 1434 1402 1487 animal?
1444 1434 1745 1505 Caeteroqui
1776 1433 1943 1487 multa
1988 1439 2117 1488 sunt
2158 1448 2255 1487 οπ-

689 1530 917 1602 sanguia
955 1526 1198 1599 quidem,
1228 1525 1321 1581 sed
1350 1525 1589 1579 animata
1625 1540 1639 1588 ;
1672 1533 1728 1579 ut
1760 1524 1941 1594 pisces
1975 1521 2257 1591 cartilagi-

689 1624 809 1678 nosi
841 1627 894 1676 et
928 1620 1134 1689 absque
1165 1615 1429 1687 squamis,
1471 1630 1535 1668 ac
1575 1614 1784 1679 molles,
1835 1614 2001 1668 veluti
2063 1612 2254 1680 sepi.e,

689 1722 744 1770 et
770 1710 1063 1774 teuthides,
1087 1709 1293 1778 lolligo,
1325 1706 1488 1776 myle,
1512 1712 1674 1774 atque
1709 1703 1955 1765 testacci.
1985 1710 2038 1757 et
2067 1716 2256 1756 omnes

2350 521 2494 591 ψυχὴ
2519 522 2576 573 τὸ
2599 518 2754 593 αἷμα.
2776 522 2977 574 Ἐκεῖνο
2998 520 3092 575 οὖν
3119 521 3314 591 μᾶλλον
3335 520 3570 581 λεκτέον,
3597 521 3668 573 ὅτι
3685 522 3727 573 εί
3745 520 3872 574 τοῦτό

2354 615 2466 665 ἐστι
2496 613 2661 684 ψυχὴ,
2685 609 2745 667 οὗ
2771 613 3151 684 ὲξαιρουμένου
3179 613 3396 683 θνήσκει
3424 612 3485 665 τὸ
3511 611 3665 676 ζῶον·
3694 613 3872 675 πάντως

2354 707 2446 759 xui
2477 706 2535 758 τὸ
2562 705 2777 775 φλέγμα
2813 705 2957 775 ψυχή
3006 707 3142 768 ἐστι,
3178 706 3271 757 xui
3302 706 3357 757 ui
3395 704 3549 775 χολαὶ
3579 704 3848 775 ἀμφότεραι

2354 798 2533 849 ὁποῖον
2562 796 2671 866 γάρ
2698 795 2899 849 τούτων
2948 796 3013 851 ἂν
3055 796 3237 868 λείπῃ,
3271 795 3420 858 τέλος
3448 795 3634 862 ἐπάγει
3652 793 3719 864 τῷ
3745 794 3855 864 ζώω

2355 889 2431 941 ἔτι
2459 888 2513 940 δὲ
2547 888 2639 940 xui
2653 887 2712 940 τὸ
2739 884 2892 959 ἧπαρ
2918 887 3009 940 xui
3032 889 3059 940 6
3082 885 3513 955 ἐγκέφαλος,καὶ
3534 888 3567 955 ἡ
3597 884 3787 955 καρδία,
3808 901 3873 937 κα

2353 981 2381 1033 6
2409 978 2695 1049 στόμαχος,
2722 980 2816 1032 καὶ
2869 979 2918 1031 oi
2956 980 3161 1048 νεφροὶ.
3192 978 3285 1029 xui
3319 978 3387 1030 τά
3421 978 3629 1046 ἔντερα,
3658 976 3744 1030 xui
3773 975 3874 1028 ἀλλι

2356 1070 2543 1123 πολλὰ.
2577 1070 2734 1133 Τίνος
2757 1069 2866 1141 γὰρ
2882 1070 3083 1123 τούτων
3106 1069 3494 1142 ἐξαιρεθέντος,
3521 1071 3582 1122 οὐ
3612 1068 3873 1138 τεθνήξετα

2354 1161 2414 1212 τὸ
2431 1160 2566 1225 ζῶον
2586 1178 2601 1224 ;
2626 1161 2834 1223 ’Λλλως
2852 1177 2910 1212 τε
2931 1160 3098 1214 πολλά
3119 1160 3287 1223 ἐστιν,
3311 1160 3512 1230 ἄναιμα
3533 1163 3551 1183 ⁹
3568 1159 3678 1230 μὲν,
3699 1159 3874 1230 ἔμψυχι

2354 1249 2431 1314 δὲ,
2489 1250 2564 1313 ὡς
2606 1251 2675 1304 τά
2715 1251 2985 1322 σμύραινα
3025 1252 3118 1305 xui
3153 1250 3413 1322 μαλάκια,
3465 1246 3574 1304 οἷον
3609 1250 3789 1321 σηπίας
3814 1269 3874 1303 xu

2354 1340 2612 1404 τευθίδες,
2655 1343 2748 1395 xui
2799 1341 3011 1410 σμύλοι,
3045 1344 3138 1395 xui
3188 1343 3363 1396 πάντα
3399 1342 3465 1395 τά
3503 1343 3876 1414 ὀστρακόδερμα

2357 1433 2452 1485 xui
2482 1432 2887 1504 ἀπαλόστρακα,
2919 1433 2995 1497 ὡς
3010 1435 3057 1487 οἱ
3090 1433 3344 1503 κάραϐοι,
3378 1435 3471 1487 xui
3500 1436 3792 1505 οἱκαρκϊνοι
3813 1451 3876 1487 κα

2356 1522 2583 1575 ἀστακοί
2637 1524 2699 1576 Εί
2731 1524 2908 1577 τοίνυν
2938 1525 3083 1578 ἐστὶν
3115 1524 3331 1595 ἔμψυχα
3363 1524 3480 1594 μὲν,
3505 1524 3705 1594 ἄναιμα
3728 1524 3796 1588 δὲ,
3819 1526 3876 1596 δῆ

2358 1614 2447 1666 λον
2468 1615 2544 1678 ὡς
2569 1616 2666 1668 οὐκ
2689 1615 2832 1668 ἔστιν
2855 1610 2992 1686 αἷμα
3025 1619 3057 1686 ἡ
3086 1616 3253 1686 ψυχή.
3284 1617 3426 1687 Πρὸς
3452 1616 3508 1669 δὲ
3528 1618 3647 1680 τοὺς
3671 1617 3876 1683 λέγοντα

2359 1704 2502 1774 ὕδωρ
2548 1700 2685 1758 εἶναι
2731 1706 2830 1775 τὴν
2863 1705 3061 1776 ψυχὴν,
3116 1706 3197 1759 ὃτι
3244 1706 3303 1758 τὸ
3335 1705 3478 1776 ὕδωρ
3509 1705 3742 1776 φαίνεται
3782 1707 3876 1769 {ex

691 1813 830 1861 testa
862 1817 962 1873 pro
989 1809 1113 1856 cute
1142 1797 1347 1870 praediti
1380 1803 1435 1851 et
1467 1797 1614 1850 molli
1643 1803 1778 1851 testa
1813 1795 2032 1859 muniti,
2068 1794 2252 1849 carabi

2365 1795 2542 1864 γονοῦν
2584 1797 2777 1860 πάντα,
2810 1800 2904 1850 xui
2938 1797 3106 1867 χωρὶς
3136 1795 3328 1860 ὓδατος
3362 1796 3619 1866 βιοτεύειν
3646 1796 3878 1850 ἀδύνατοι

691 1904 745 1953 et
772 1895 952 1950 cancri
981 1900 1035 1949 et
1058 1891 1251 1947 astaci.
1285 1889 1341 1943 Si
1386 1889 1551 1958 igitur
1583 1896 1710 1942 sunt
1767 1887 2003 1940 animata
2038 1886 2257 1957 quidem

692 1986 791 2044 sed
851 1984 1167 2053 exsanguia,
1201 1980 1542 2050 perspicuum
1573 1986 1656 2033 est
1706 1977 1943 2031 animam
1973 1992 2080 2030 non
2138 1992 2259 2032 esse

693 2078 1052 2146 sanguinem;
1081 2074 1278 2127 etenim
1319 2071 1581 2125 adversus
1643 2084 1738 2124 eos
1767 2069 1858 2137 qui
1914 2068 2105 2123 dicunt
2144 2070 2261 2123 ani-

693 2183 837 2224 mam
866 2181 988 2223 esse
1017 2177 1236 2234 aquam,
1273 2177 1338 2218 eo
1371 2161 1515 2232 quod
1550 2175 1687 2227 aqua
1719 2160 1966 2215 videatur
1984 2160 2260 2215 viviﬁcare

694 2256 902 2320 omnia,
939 2262 992 2309 et
1024 2254 1232 2321 absque
1261 2265 1400 2320 aqua
1447 2251 1628 2304 vivere
1660 2248 1743 2303 fas
1798 2265 1905 2303 non
1948 2251 2056 2304 sit:
2091 2250 2258 2304 inter-

694 2350 824 2405 dum
863 2346 1033 2400 multa
1058 2358 1275 2415 quoque
1305 2341 1681 2396 iutercidenlia
1706 2358 1721 2407 ;
1745 2356 1920 2410 neque
1948 2342 2090 2395 enim
2131 2342 2257 2395 abs-

692 2454 800 2510 que
850 2438 1111 2493 alimento
1169 2435 1294 2503 quis
1345 2434 1510 2486 vitam
1563 2432 1759 2503 degere
1815 2441 2030 2502 potest:
2094 2434 2260 2504 igitur

693 2529 953 2591 animam,
989 2533 1044 2582 et
1074 2525 1329 2581 alimenta
1364 2523 1544 2577 omnia
1569 2522 1845 2592 sigillatim
1879 2523 2107 2578 dicenda
2163 2538 2260 2593 per

693 2636 789 2678 se:
825 2617 1023 2675 deinde
1055 2617 1222 2672 multa
1254 2615 1507 2669 animalia
1548 2622 1677 2669 sunt
1736 2629 1856 2683 quae
1891 2630 1997 2669 non
2045 2615 2256 2680 bibunt,

693 2720 755 2766 ut
784 2712 853 2767 de
882 2707 1208 2781 quibusdam
1250 2706 1451 2775 aquilis
1475 2712 1752 2771 narratur,
1773 2712 1826 2760 et
1857 2706 2043 2774 perdix
2079 2706 2260 2760 vivere

689 2809 871 2875 potest
899 2802 1106 2871 absque
1146 2808 1296 2868 potu.
1347 2795 1451 2850 Sed
1510 2811 1609 2850 cur
1659 2797 1839 2866 potius
1879 2811 2018 2866 aqua
2053 2804 2106 2850 et
2150 2812 2257 2850 non

691 2894 830 2951 aer?
853 2907 979 2948 nam
1014 2890 1080 2945 ad
1115 2889 1342 2943 multmn
1377 2895 1590 2956 tempus
1632 2887 1745 2941 lieri
1779 2894 1955 2956 potest
1982 2896 2040 2940 ut
2087 2888 2258 2942 absti-

692 2992 886 3043 neatur
912 2997 1074 3052 aqua.
1112 2980 1207 3036 sed
1242 2993 1349 3032 non
1405 2978 1618 3048 spirare
1668 2992 1819 3040 aera,
1879 2994 1947 3032 ne
1986 2978 2257 3032 tantillum

2362 1891 2490 1943 ποτὲ
2538 1892 2703 1944 πολλὰ
2771 1892 2841 1945 τὰ
2900 1892 3305 1945 ἀντιπίπτοντα.
3368 1891 3502 1943 Οὐδὲ
3560 1891 3667 1961 γὰρ
3718 1891 3878 1961 τροφῆ

2360 1982 2525 2050 χωρὶς
2576 1978 2684 2035 οἶόν
2739 1998 2795 2034 τε
2856 1982 2994 2050 ζῇν*
3058 1980 3237 2051 ψυχὴν
3318 1981 3438 2048 ἄρα,
3497 1979 3589 2032 xui
3647 1978 3741 2041 τάς
3796 1996 3878 2048 τρι

2361 2072 2466 2141 φὰς
2523 2073 2701 2137 πάσας
2780 2074 2902 2127 καθ’
2975 2074 3212 2144 ἑκάστην
3269 2073 3461 2144 ῥητέον
3519 2072 3636 2125 κατ’
3710 2071 3871 2135 αὑτάς

2360 2162 2549 2217 ἔπειτα
2587 2163 2754 2217 πολλά
2796 2163 2905 2217 τῶν
2952 2163 3105 2228 ζώων
3143 2165 3258 2217 ἐστὶ
3309 2164 3386 2235 μὴ
3433 2163 3674 2228 πίνοντα,
3711 2163 3781 2227 ὡς
3828 2164 3878 2215 ὲτ

2358 2271 2517 2308 τινων
2552 2255 2724 2309 ἀετῶν
2761 2255 3071 2326 ἱστόρηται·
3114 2256 3208 2308 xui
3252 2254 3441 2324 πέρδιξ
3479 2254 3535 2308 δὲ
3577 2254 3789 2308 δύναται
3823 2255 3880 2325 ζῇ

2358 2346 2526 2415 χωρὶς
2555 2346 2646 2401 τοῦ
2683 2347 2876 2400 πίνειν.
2920 2348 3017 2401 Διά
3050 2347 3102 2399 τί
3136 2347 3192 2400 δὲ
3226 2347 3423 2416 μᾶλλον
3451 2347 3511 2400 τὸ
3538 2346 3678 2418 ὕδωρ
3710 2348 3797 2400 xui
3824 2348 3880 2400 οὒ

2358 2438 2387 2489 6
2415 2437 2550 2507 ἀήρ;
2585 2437 2811 2501 ’Υδατος
2849 2438 2945 2508 μὲν
2983 2436 3091 2508 γάρ
3132 2437 3225 2490 xui
3272 2438 3366 2490 ἐπὶ
3399 2437 3531 2489 πολὺ
3571 2436 3785 2490 δυνατὸν
3817 2438 3880 2489 ἀτ

2361 2526 2598 2596 έχεσθαιο
2642 2527 2734 2581 τοῦ
2763 2527 2818 2581 δὲ
2850 2529 3105 2581 ἀναπνεῖν
3129 2527 3219 2580 τὸν
3245 2527 3403 2598 ἀέρα,
3433 2527 3551 2580 οὐδὲ
3578 2526 3638 2580 τὸ
3664 2525 3880 2597 βραχύτι

2359 2635 2482 2672 τονι
2519 2619 2632 2672 ἀλλ’
2681 2619 2800 2671 οὐδὲ
2837 2621 2865 2672 6
2899 2620 3008 2691 ἀὴρ
3045 2618 3211 2690 ψυχή.
3246 2618 3420 2672 Πολλά
3463 2618 3570 2689 γάρ
3600 2618 3712 2671 ἐστι
3753 2617 3882 2682 ζῶνει

2364 2708 2482 2779 μὲν,
2532 2709 2606 2782 μὴ
2662 2709 2997 2762 ἀναπνέοντα
3040 2709 3097 2762 δὲ
3138 2710 3230 2762 τὸν
3274 2708 3443 2779 ἀέρα,
3494 2708 3569 2772 ὡς
3612 2709 3676 2762 τὰ
3731 2708 3882 2780 έντομ

2361 2800 2559 2863 πάντα,
2611 2794 2722 2853 οἷον
2762 2801 3026 2871 μέλιτται,
3075 2802 3168 2853 xui
3200 2800 3426 2871 σφῆκες,
3479 2800 3571 2854 xui
3619 2800 3882 2871 μύρμηκε.

2361 2891 2454 2944 xui
2493 2893 2561 2944 τὰ
2607 2892 2837 2963 ἄναιμα,
2884 2893 2976 2945 xui
3020 2892 3129 2944 τῶν
3172 2891 3469 2945 θαλαττίων
3500 2891 3571 2945 τὰ
3615 2892 3798 2957 πολλὰ,
3838 2911 3882 2945 xc

2362 2983 2541 3037 πάντα
2574 2986 2674 3038 ὅσα
2713 2986 2811 3037 ούκ
2852 2984 2962 3054 ἔχει
3009 2983 3301 3055 πνεύμονα.
3356 2985 3521 3037 υύδὲν
3554 2984 3660 3056 γὰρ
3698 2987 3774 3056 μὴ
3812 2987 3882 3056 ἔχε

692 3075 911 3147 quidem
944 3071 1204 3142 temporis
1232 3069 1494 3140 possibile
1525 3076 1609 3123 est
1642 3088 1655 3123 :
1694 3084 1880 3125 verum
1915 3084 1983 3123 ne
2016 3085 2110 3123 aer
2136 3070 2259 3139 qui-

2371 3076 2651 3146 πνεύμονα
2676 3076 2905 3130 ἀναπνεῖ
2926 3077 3018 3129 τὺν
3049 3076 3184 3146 ἀέρα
3208 3091 3222 3105 ·
3261 3076 3355 3129 xui
3382 3076 3743 3147 ἀντιστρέφει,
3781 3079 3884 3132 ούδί

693 3167 815 3222 dem
863 3166 1045 3219 anima
1098 3171 1220 3227 est;
1277 3162 1477 3217 etenim
1512 3162 1678 3215 multa
1715 3172 1844 3217 sunt
1879 3177 2000 3232 quae
2050 3163 2261 3229 vivunt,

693 3273 797 3313 nec
824 3263 1003 3312 tamen
1032 3255 1245 3325 spirant
1268 3268 1472 3318 aerem,
1499 3262 1557 3305 ut
1581 3253 1786 3307 insecta
1809 3253 2012 3313 omnia.
2033 3262 2092 3306 ut
2112 3268 2260 3323 apes,

695 3348 829 3414 fuci,
859 3364 1058 3419 vespae,
1116 3347 1376 3412 formicaz,
1413 3356 1466 3402 et
1515 3347 1837 3416 exsanguia,
1874 3355 1929 3401 et
1980 3361 2011 3400 e
2037 3347 2265 3400 marinis

695 3440 887 3504 multa,
927 3441 1110 3495 omnia
1141 3439 1376 3507 denique
1402 3453 1522 3507 qum
1555 3438 1813 3503 pulmone
1849 3445 2060 3491 carent.
2117 3434 2262 3490 Nihil

603 3597 606 3601 ἢ
695 3533 840 3589 enim
869 3531 1015 3602 quod
1050 3530 1361 3602 pulmonem
1400 3544 1506 3603 non
1545 3529 1706 3583 habet
1745 3529 1917 3599 spirat
1954 3544 2131 3583 aerem
2165 3546 2181 3595 ;
2213 3536 2266 3584 et

696 3625 753 3682 id
789 3635 935 3680 retro
966 3622 1205 3677 vicissim
1241 3627 1530 3683 commeat,
1564 3620 1697 3674 nihil
1721 3634 1909 3674 eorum
1940 3634 2061 3688 quae
2095 3619 2268 3689 respi-

697 3725 825 3773 rant
860 3730 1059 3778 aerem,
1092 3715 1347 3784 pulmone
1380 3721 1551 3768 caret.
1602 3711 2054 3782 Quandoquidem
2102 3713 2266 3766 etiam

696 3805 979 3864 Cleanthis
1021 3805 1218 3870 Stoici,
1267 3812 1322 3860 et
1360 3803 1650 3875 Chrysippi
1689 3806 1939 3859 feruntur
1988 3819 2268 3860 sermones

597 3910 603 3916 '
697 3897 919 3968 quidam
959 3911 1066 3950 non
1107 3894 1511 3958 contemnendi,
1547 3894 1883 3965 exponendas
1912 3902 2039 3949 sunt
2072 3894 2266 3948 horum

698 3988 862 4043 etiam
894 3987 1214 4052 solutiones,
1257 3996 1317 4039 ut
1351 3986 1631 4041 solverunt
1665 4000 1759 4041 eas
1808 3985 2054 4040 Platonis
2100 3986 2269 4041 disci-

699 4077 1141 4148 puli.Cleanthcs
1172 4076 1333 4131 talem
1365 4076 1887 4147 argumentationem
1923 4072 2094 4130 nectit
2120 4074 2267 4130 :Non

700 4172 904 4235 solum,
938 4169 1137 4239 inquit,
1169 4167 1378 4223 similes
1409 4167 1727 4237 parentibus
1764 4165 2041 4221 nascimur
2078 4181 2269 4221 secun-

700 4264 831 4319 dum
864 4276 1086 4332 corpus,
1116 4275 1302 4315 verum
1353 4260 1517 4315 etiam
1563 4259 1719 4329 juxta
1758 4259 2021 4323 animam,
2059 4258 2270 4312 ratione

700 4350 1016 4411 allectuum,
1048 4363 1282 4411 morum,
1316 4348 1663 4401 allectionum
1691 4365 1706 4415 ;
1740 4362 1942 4417 corpus
1989 4357 2167 4401 autem
2196 4347 2270 4401 si-

2371 3167 2446 3237 μὴ
2479 3167 2743 3220 ἀναπνέον
2787 3169 2877 3221 τὸν
2918 3166 3374 3238 ἀέρα,πνεύμονα
3402 3166 3535 3236 ἔχει.
3590 3167 3805 3239 Ἐπειδὴ
3846 3187 3879 3222 κ

2368 3258 2673 3322 Κλεάνθους
2720 3257 2816 3310 τοῦ
2864 3257 3126 3321 Στωϊκοῦ,
3177 3258 3270 3310 xui
3311 3259 3632 3327 Χρυσίππου
3683 3260 3880 3329 φέροντ

2368 3349 2512 3417 λόγοι
2542 3349 2682 3411 τινὲς
2730 3350 2829 3402 οὐκ
2881 3349 3364 3420 εὐκαταφρόνητοι,
3406 3351 3662 3420 ὲκρητέον
3695 3352 3792 3403 xui
3824 3368 3884 3404 το

2367 3457 2475 3493 των
2504 3438 2603 3503 τὰς
2639 3438 2841 3502 λύσεις,
2889 3440 2964 3502 ὠς
2992 3441 3268 3494 ἀπέλυσαν
3298 3442 3348 3493 oi
3383 3439 3490 3493 ἀπὸ
3533 3441 3839 3505 Πλάτωνος.

2369 3529 2648 3599 Κ)εάνθης
2707 3531 2908 3583 τοιόνδε
2957 3531 3143 3585 πλέκει
3190 3530 3567 3601 συλλογισμόν*
3619 3532 3694 3585 Ού
3759 3533 3884 3601 μόντ

2371 3622 2553 3691 φησὶν,
2588 3624 2761 3692 ὅμοιοι
2778 3625 2904 3685 ,τοῖς
2929 3622 3146 3691 γονεῦσι
3175 3624 3433 3693 γινόμεθα
3465 3623 3603 3677 κατά
3650 3624 3711 3675 τὸ
3762 3623 3884 3694 σῶμ

2369 3713 2503 3767 ἀλλὰ
2534 3715 2625 3767 xui
2658 3713 2795 3767 κατὰ
2833 3713 2928 3784 τὴν
2950 3714 3146 3785 ψυχὴν,
3195 3716 3308 3776 τοῖς
3351 3714 3567 3776 πάθεσι,
3607 3716 3724 3777 τοῖς
3764 3714 3884 3785 ῆθες

2370 3808 2488 3869 ταῖς
2539 3806 2827 3859 διαθέσεσι.
2883 3805 3136 3876 Σὼματος
3174 3805 3229 3858 δὲ
3278 3806 3339 3858 τὸ
3376 3807 3556 3876 ὅμοιον
3604 3806 3701 3858 xui
3746 3806 3811 3858 1:6
3858 3805 3884 3859 ό

2369 3897 2571 3966 όμοιον,
2603 3898 2722 3967 οὐχὶ
2745 3898 2800 3951 δὲ
2831 3898 3138 3967 ἀσωμάτου·
3179 3895 3336 3966 σῶμα
3370 3896 3474 3967 ἄρα
3505 3897 3538 3965 ή
3569 3894 3743 3966 ψυχή.
3787 3895 3883 3948 Ἀλ

2372 3988 2587 4058 πρῶτον
2614 3989 2713 4057 μὲν
2738 3988 2802 4040 ὲκ
2828 3986 2934 4040 τῶν
2960 3986 3051 4039 ἐπὶ
3082 3985 3281 4056 μέρους
3306 3984 3374 4037 τὰ
3396 3982 3623 4037 καθόλου
3670 3999 3884 4050 συγκατ

2374 4080 2725 4144 σκευάζεται·
2769 4079 2905 4148 πρὸς
2933 4077 3105 4147 τούτῳ
3144 4076 3220 4139 δὲ,
3252 4077 3345 4128 xui
3381 4075 3441 4127 τὸ
3465 4075 3584 4145 οὐχὶ
3620 4074 3690 4126 δι’
3720 4076 3884 4142 ἀσωμ

2371 4188 2493 4234 του,
2548 4170 2740 4240 ψεῦδός
2789 4170 2923 4222 ἐστι.
2982 4169 3222 4237 Λέγομεν
3264 4167 3371 4237 γὰρ
3420 4167 3685 4237 ἀριθμοὺς
3733 4167 3884 4235 ὁμοί(

2373 4256 2530 4324 εἶναι,
2557 4255 2632 4313 ὧν
2672 4262 2725 4312 ui
2769 4259 3001 4330 πλευραὶ
3036 4258 3285 4326 ἀνάλογοι
3325 4259 3493 4310 εἰσιν·
3532 4258 3606 4319 ὡς
3635 4258 3732 4310 τὸν
3763 4256 3827 4321 ιε
3869 4275 3884 4309 3

2371 4353 2462 4404 τὸν
2495 4351 2921 4420 εἰκοσιτέσσαρα.
2973 4348 3207 4418 Πλευραὶ
3262 4349 3369 4419 γὰρ
3418 4348 3508 4401 τοῦ
3553 4348 3611 4414 ἓξ
3659 4348 3758 4401 xui
3792 4348 3823 4399 6
3870 4348 3884 4398 ί

701 4442 863 4499 miles
888 4451 1071 4513 partes
1093 4441 1275 4503 habet,
1298 4449 1351 4495 et
1374 4439 1689 4502 dissimiles,
1718 4455 1826 4493 non
1852 4435 2262 4509 incorporeum;

2371 4444 2463 4496 xui
2495 4445 2522 4495 6
2557 4444 2734 4511 τρεῖς·
2775 4440 2867 4492 τοῦ
2906 4440 2961 4491 δὲ
3008 4440 3436 4511 εἰκοσιτέσσαρα,
3479 4441 3507 4490 6
3544 4438 3820 4508 τέσσαρα,
3866 4455 3884 4489 δ

703 4549 904 4604 corpus
930 4534 1094 4604 igitur
1123 4533 1323 4586 anima.
1365 4530 1469 4586 Sed
1529 4531 1762 4599 primum
1814 4529 2033 4598 quidem
2091 4544 2156 4584 ex
2205 4528 2272 4582 iis

702 4640 825 4695 quae
856 4624 1200 4695 particularia
1229 4628 1376 4685 sunt,
1415 4636 1523 4673 una
1554 4620 1911 4675 constituitur
1950 4619 2095 4688 quod
2148 4618 2271 4672 uni-

701 4732 921 4772 versum
950 4722 1033 4770 est
1064 4733 1077 4769 :
1110 4714 1176 4767 ad
1214 4713 1327 4766 haec
1362 4726 1490 4767 vero
1519 4711 1680 4766 etiam
1714 4709 1861 4780 quod
1900 4725 2011 4764 non
2069 4720 2151 4764 est
2185 4710 2271 4763 in-

703 4817 1047 4874 corporeum,
1089 4800 1430 4856 mendacium
1462 4808 1587 4865 cst;
1627 4797 1861 4853 dicimus
1898 4798 2041 4852 enim
2083 4812 2275 4851 nume-

703 4911 795 4952 ros
822 4894 1027 4951 similes
1056 4908 1197 4955 esse,
1223 4906 1455 4962 quorum
1481 4890 1650 4944 latera
1676 4890 2099 4960 proportionalia
2124 4896 2270 4955 sunt;

614 5056 619 5063 .
704 4996 763 5043 ut
781 5001 877 5042 sex
900 4993 953 5039 et
981 4984 1167 5055 viginti
1185 4991 1439 5054 quatuor;
1473 4983 1640 5037 latera
1662 4982 1804 5036 enim
1832 4980 2042 5035 numeri
2075 4980 2276 5035 senarii

704 5085 833 5133 sunt
858 5073 971 5129 duo
996 5083 1052 5147 et
1081 5081 1193 5127 tres
1218 5089 1233 5139 ;
1272 5071 1459 5143 viginti
1496 5078 1676 5127 autem
1702 5081 1956 5141 quatuor,
1990 5080 2277 5140 quaterna-

702 5166 820 5223 rius
843 5175 896 5223 et
927 5165 1198 5221 senarius.
1230 5163 1389 5233 Atqui
1420 5162 1719 5233 analogiam
1752 5173 1807 5217 et
1865 5162 2270 5232 proportionem

705 5259 908 5315 habent
937 5256 1045 5313 duo
1067 5258 1134 5313 ad
1173 5264 1430 5325 quatuor,
1464 5262 1518 5310 et
1547 5256 1650 5308 tria
1685 5255 1749 5308 ad
1812 5269 1904 5308 sex
1934 5269 1948 5317 ;
2003 5254 2056 5307 in
2110 5253 2272 5323 dupla

704 5348 848 5403 enim
880 5351 1089 5405 ratione
1120 5350 1581 5408 considerantur:
1626 5364 1750 5402 nam
1802 5356 2044 5416 quatuor
2107 5346 2270 5414 dupla

706 5447 834 5494 sunt
857 5441 1108 5504 duorum,
1139 5449 1193 5495 et
1231 5456 1322 5495 sex
1354 5441 1555 5505 trium;
1612 5440 1920 5509 incorporei
1976 5455 2105 5494 vero
2170 5454 2273 5491 nu-

708 5528 864 5593 meri,
908 5536 961 5584 et
1001 5530 1183 5600 ﬁgurae
1236 5546 1393 5600 pares
1445 5538 1594 5593 sunt,
1652 5545 1992 5600 quaecunque
2041 5529 2270 5599 angulos

707 5635 868 5692 pares
900 5620 1119 5687 habent,
1160 5634 1214 5678 ct
1248 5624 1419 5679 latera
1467 5638 1589 5693 qure
1636 5622 1781 5677 circa
1828 5637 1985 5691 pares
2041 5621 2272 5691 angulos

708 5716 857 5777 sunt,
893 5712 1356 5782 proportionalia:
1423 5713 1648 5783 ﬁguram
1686 5727 1814 5769 vero
1875 5713 2039 5769 etiam
2097 5712 2273 5781 ipsam

2373 4534 2401 4585 6
2437 4532 2495 4598 ἒξ
2516 4548 2530 4563 ·
2564 4530 2852 4599 ἀναλογίαν
2880 4529 2936 4581 δὲ
2969 4528 3078 4599 ἔχει
3109 4531 3139 4582 6
3170 4529 3261 4582 δύο
3296 4530 3431 4601 πρὸς
3456 4528 3523 4583 τὰ
3550 4529 3830 4599 τέσσαρα,
3871 4546 3884 4580 1

2371 4626 2400 4676 6
2426 4621 2549 4693 τρία
2576 4623 2709 4693 πρὸς
2742 4622 2833 4674 τὸν
2863 4621 2940 4685 ἓξ.
2989 4621 3076 4677 Ἐν
3104 4620 3402 4673 διπλασίονι
3420 4619 3527 4691 γάρ
3549 4620 3699 4690 λόγῳ
3730 4620 3884 4688 θεωρ

2371 4731 2480 4767 ται.
2508 4713 2588 4766 Tu
2615 4713 2724 4784 γάρ
2750 4714 2990 4785 τέσσαρα
3038 4712 3145 4766 τῶν
3169 4711 3259 4765 δύο
3286 4711 3618 4773 διπλασίονα,
3663 4712 3768 4769 xui
3806 4712 3882 4765 τὰ

2373 4807 2479 4859 τῶν
2507 4805 2670 4877 τριῶν
2695 4822 2705 4833 ’
2741 4804 3027 4875 ἀσώματον
3055 4803 3110 4856 δὲ
3152 4804 3202 4856 οἱ
3230 4803 3449 4875 ἀριθμοί
3469 4821 3482 4834 ·
3516 4804 3584 4857 τά
3612 4805 3884 4874 σχήματα

2376 4899 2645 4968 σχήμασιν
2676 4898 2839 4967 ὅμοιά
2867 4899 3036 4960 ἐστιν,
3066 4900 3165 4951 ὅσα
3207 4898 3303 4961 τάς
3334 4914 3392 4950 τε
3422 4896 3621 4964 γωνίας
3652 4897 3786 4959 tua;
3830 4896 3884 4965 ἔ)

2375 4992 2467 5045 xui
2498 4990 2596 5054 τάς
2626 4991 2752 5060 περί⁸
2783 4990 2881 5054 τὰς
2911 4992 3030 5054 tau;
3058 4991 3259 5059 γωνίας
3298 4989 3535 5060 πλευρὰς
3565 4989 3883 5058 ἀνάλογονο

2374 5085 2428 5138 δὲ
2460 5083 2647 5155 σχῆμα
2673 5083 2765 5137 xui
2788 5084 2919 5137 αὐτὸ
2957 5084 3244 5155 ἀσώματον
3286 5082 3378 5137 xui
3413 5083 3564 5137 αὐτοὶ
3594 5082 3884 5152 ὁμολογοῦ

2376 5169 2533 5227 εἶναι.
2571 5171 2691 5225 Ἔτι
2734 5171 2809 5234 ὡς
2835 5171 2926 5224 τοῦ
2959 5170 3125 5226 ποσοῦ
3158 5170 3284 5223 ἴδιόν
3313 5172 3428 5223 ἐστι
3455 5170 3514 5223 τὸ
3545 5166 3665 5224 ἴσον
3716 5172 3822 5223 xui
3863 5173 3884 5226 ἑ

2378 5282 2468 5318 σον
2490 5307 2503 5327 ,
2539 5263 2680 5317 οὕτω
2716 5264 2807 5316 xui
2846 5262 2936 5316 τοῦ
2971 5262 3124 5315 ποιοῦ
3152 5263 3211 5315 τὸ
3234 5263 3416 5331 ὅμοιον
3441 5262 3531 5314 xui
3570 5261 3632 5315 τὸ
3664 5260 3883 5330 ἀνόμοιι

2376 5354 2664 5423 ἀσώματον
2692 5354 2745 5406 δὲ
2785 5357 2817 5423 ἠ
2853 5354 3072 5423 ποιότης
3112 5353 3288 5406 ἐστίν’
3332 5352 3459 5420 ἄρα,
3514 5353 3605 5404 xui
3658 5350 3884 5419 ἀσώμα

2376 5446 2651 5517 ἀσωμάτῳ
2695 5447 2893 5515 ὅμοιον.
2934 5446 3150 5510 Ἔτιδὲ,
3186 5446 3346 5515 φησιν
3392 5447 3419 5497 6
3460 5444 3778 5513 Κλεάνθης,
3818 5445 3884 5495 ού

2377 5534 2664 5605 ἀσώματον
2700 5535 3006 5605 συμπάσχει
3052 5534 3281 5603 σώματι,
3314 5536 3435 5589 οὐδὲ
3482 5536 3776 5606 ἀσωμάτῳ
3833 5553 3884 5587 σι

2379 5624 2575 5692 πάσχει
2626 5624 2803 5693 σῶμα,
2853 5623 2985 5676 ἀλλά
3025 5623 3177 5694 σῶμα
3230 5623 3477 5695 σώματι·
3527 5626 3869 5695 συμπάσχει

2377 5718 2410 5786 ἡ
2443 5715 2586 5785 ψυχὴ
2627 5716 2701 5785 τῷ
2738 5714 2945 5785 σώματι
2981 5716 3238 5785 νοσοῦντι,
3270 5718 3359 5771 xui
3390 5718 3739 5788 τεμνομένῳ,
3779 5719 3883 5771 καὶ
