4008 6210
220 368 311 426 .93
1603 356 1691 411 DE
1720 355 1961 413 ANIMA.

3320 371 3422 428 194

216 487 356 557 σῶμα
384 486 437 555 τῇ
464 483 618 553 ψυχῇ.
651 477 1052 551 Αἰσχυνομένης
1083 477 1192 547 γὰρ
1236 473 1466 546 ἐρυθρὸν
1515 474 1744 543 γίνεται,

1854 477 2233 546 incorpoream
2267 478 2368 549 ipsi
2407 479 2644 535 fatentur
2677 496 2817 538 esse.
2858 482 3124 539 Praeterea
3155 489 3215 537 ut
3242 498 3425 554 quan-

214 577 297 632 xei
321 574 625 645 φοϐουμένης
659 572 834 642 ὠχρόν
855 587 869 602 ’
914 569 1069 641 σῶμα
1099 569 1206 639 ἄρα
1232 568 1266 637 ἡ
1296 565 1462 635 ψυχή.

1852 561 2026 620 titatis
2051 566 2330 635 proprium
2364 581 2443 623 est
2475 584 2574 638 par
2607 578 2661 625 et
2689 571 2902 640 impar:
2933 574 3013 627 sic
3035 574 3198 628 etiam
3243 575 3425 644 quali-

215 673 323 725 tatis
347 669 510 724 simile
542 675 595 722 et
620 666 910 722 dissimile.
938 664 1324 734 lncorporeum
1352 674 1482 715 vero
1511 656 1748 729 qualitas
1787 664 1872 711 est
1897 674 1909 710 :
1936 673 2066 730 ergo
2106 662 2493 732 incorporeum
2532 665 2855 736 incorporeo
2890 669 3087 723 simile.
3158 668 3240 723 Ad
3283 669 3421 735 haec,

214 764 460 822 Cleanthes
507 762 702 833 inquit,
776 762 913 817 nihil
1010 762 1393 830 incorporeum
1449 754 1655 825 patitur
1695 767 1816 808 cum
1844 768 2091 823 corpore,
2113 773 2288 828 neque
2328 775 2452 814 cum
2485 761 2810 832 incorporeo
2832 777 3031 833 corpus
3053 749 3273 834 patitur,
3324 767 3421 822 sed

210 873 378 928 corpus
404 871 519 911 cum
553 870 826 925 corpore;
864 869 1054 909 verum
1099 854 1281 907 anima
1330 848 1495 905 simul
1539 846 1744 918 patitur
1780 857 1903 898 cum
1930 859 2161 917 corpore
2191 860 2487 921 aegrotante
2512 864 2565 908 et
2598 870 2722 909 cum
2772 865 3026 923 secatur;
3090 864 3145 912 et
3217 872 3422 927 corpus

208 970 309 1010 cum
332 954 498 1007 animo
517 951 836 1016 cruciatur;
871 950 1069 1005 etenim
1098 948 1459 1004 erubescente
1497 950 1551 998 et
1592 937 1904 1011 pudibunda
1940 940 2149 1010 anima,
2224 961 2427 1016 corpus
2475 949 2700 1003 rubrum
2779 948 3032 1015 cllicitur,
3081 959 3135 1005 et
3180 965 3243 1005 ea
3310 966 3425 1005 mc-

207 1060 382 1113 tuente,
412 1049 653 1120 pallescit
681 1067 696 1111 ;
724 1065 929 1120 corpus
952 1064 1081 1119 ergo
1110 1056 1195 1103 est
1224 1045 1425 1100 anima.

265 1142 398 1194 Ἕστι
439 1140 492 1193 δὲ
538 1139 601 1193 τὸ
628 1140 818 1211 ἕτερον
860 1139 970 1193 τῶν
1014 1138 1318 1211 λημμάτων
1345 1135 1557 1208 ψεῦδος,
1603 1130 1743 1187 κατὰ

204 1233 466 1305 πρόσληψιν
492 1233 871 1303 συγκείμενον,
897 1232 959 1286 τὸ
987 1232 1166 1301 λέγον,
1198 1230 1392 1285 οὐδὲν
1423 1228 1745 1298 ἀσώματον

202 1325 394 1395 σώματι
422 1323 790 1394 συμπάσχει.
834 1325 899 1377 Τί
926 1325 1034 1397 γὰρ
1063 1328 1112 1378 εί
1146 1324 1283 1395 μόνῃ
1313 1325 1377 1393 τῇ
1407 1322 1554 1393 ψυχῇ
1589 1319 1746 1373 τοῦτο

201 1416 478 1485 πρόσεστιν;
517 1416 731 1487 Ὠσπερ
760 1415 815 1469 εί
842 1433 925 1479 τις
951 1416 1119 1484 λέγοι,
1148 1414 1313 1469 Οὐδὲν
1343 1414 1481 1479 ζῶον
1509 1411 1607 1483 τὴν
1632 1410 1745 1465 ἄνω

201 1505 330 1573 γένυν
359 1508 519 1559 κινεῖ·
565 1508 595 1560 ὁ
628 1506 687 1559 δὲ
727 1506 1067 1577 κροκόδειλος
1111 1506 1210 1578 τὴν
1241 1506 1353 1561 ἄνω
1396 1506 1558 1575 γένυν
1585 1506 1740 1558 κινεῖ.

209 1593 313 1648 Ἰδοὺ
339 1594 438 1666 γὰρ
462 1595 490 1648 6
510 1595 858 1667 κροκόδειλος
882 1598 977 1650 καὶ
1002 1596 1159 1662 ζῶον,
1192 1597 1285 1650 καὶ
1310 1596 1408 1667 τὴν
1438 1596 1550 1648 ἄνω
1580 1593 1743 1664 γένυν

199 1686 311 1738 κινεῖ
329 1701 341 1715 '
388 1686 473 1738 τὸν
524 1686 699 1740 αὑτὸν
738 1686 797 1739 δὲ
847 1688 1048 1758 τρόπον
1089 1688 1182 1741 καὶ
1223 1687 1350 1739 ὃταν
1398 1683 1531 1756 λέγῃ
1553 1682 1748 1754 μηδὲν

1919 1127 2016 1184 Est
2050 1130 2214 1185 etiam
2235 1133 2404 1187 altera
2441 1134 2818 1203 sumptionum
2868 1132 3027 1199 falsa,
3053 1134 3210 1204 juxta
3242 1139 3425 1207 prole-

1850 1222 1972 1291 psin
2009 1225 2499 1293 praeceptionemve
2539 1226 2866 1297 composita,
2914 1242 3035 1297 qua:
3077 1227 3229 1296 dicit,
3274 1228 3425 1285 Nihil

1847 1310 2209 1381 incorporeum
2263 1316 2536 1370 condolere
2578 1333 2696 1370 cum
2741 1334 2955 1386 corpore
2991 1319 3161 1389 :quid
3198 1321 3342 1376 enim
3375 1325 3423 1378 si

1849 1404 1951 1459 soli
1978 1405 2183 1464 anima:
2215 1407 2319 1462 hoc
2344 1407 2532 1463 inest?
2567 1409 3026 1479 quemadmodum
3085 1410 3132 1464 si
3178 1412 3304 1481 quis
3337 1412 3423 1466 di-

1848 1503 2017 1558 ceret,
2054 1491 2269 1549 Nullum
2301 1497 2501 1551 animal
2537 1500 2873 1568 superiorem
2897 1502 3169 1556 maxillam
3205 1512 3422 1571 movet;

1847 1584 1944 1639 sed
1984 1587 2295 1642 crocodilus
2351 1590 2688 1658 superiorem
2745 1592 3022 1647 maxillam
3058 1594 3245 1663 agitat.
3283 1594 3425 1650 Ecce

1845 1676 1988 1730 enim
2020 1678 2352 1744 crocodilus,
2402 1689 2457 1736 et
2491 1682 2717 1751 animal,
2755 1690 2809 1739 et
2848 1686 3186 1756 superiorem
3230 1689 3427 1744 maxil-

199 1772 1119 1848 ἀσώματονσώματισυμπάσχειν
1140 1791 1156 1807 ·
1184 1773 1588 1845 προσλαμὸἀνει
1632 1770 1741 1841 γὰρ

1849 1765 1949 1819 lam
1974 1775 2173 1823 movet.
2194 1767 2509 1839 Eodemque
2531 1772 2691 1827 modo
2712 1774 2873 1827 etiam
2892 1790 3015 1830 cum
3035 1774 3184 1843 dicit,
3201 1777 3425 1833 Nullum

197 1860 243 1912 τδ
262 1857 562 1929 ζητούμενον
598 1864 671 1932 τῇ
704 1863 1003 1933 ἀποφάσει·
1034 1865 1083 1917 εί
1112 1864 1168 1918 δέ
1199 1882 1283 1929 τις
1322 1865 1575 1919 ὑπόθοιτο
1610 1863 1742 1935 ἁλη-

197 1947 266 2013 οὲς
298 1944 422 2004 εἷναι
451 1950 509 2004 τὺ
540 1944 738 2023 ⁴μηδὲν
771 1953 1063 2026 ἀσώματον
1111 1955 1324 2027 σώματι
1365 1955 1738 2027 συμπάσχειν·

196 2037 302 2091 ἀλλὰ
335 2038 391 2092 τὸ
429 2040 781 2113 ἐπαγόμενον
831 2043 933 2097 οὐκ
975 2043 1123 2099 ἔστιν
1166 2046 1615 2117 ὁμολογούμενον,
1659 2046 1742 2100 ὅτι

198 2130 463 2199 συμπάσχει
509 2132 542 2201 ἡ
592 2130 744 2203 ψυχὴ
782 2132 1026 2187 νοσοῦντι
1061 2132 1157 2187 καὶ
1182 2132 1501 2205 τεμνομένῳ
1527 2132 1607 2203 τῷ
1638 2131 1744 2185 σώ-

196 2236 312 2288 ματι.
354 2220 785 2291 Ἀμφιὸἁλλεται
812 2222 923 2294 γὰρ
953 2222 1064 2277 εἴτε
1106 2222 1168 2276 τὸ
1213 2222 1373 2293 σῶμα
1422 2222 1582 2293 μόνον
1625 2220 1743 2276 ἐστὶ

192 2311 241 2363 τὸ
260 2312 448 2380 ἀλγοῦν,
472 2313 654 2366 λαϐὸν
675 2313 827 2385 παρὰ
854 2318 953 2386 τῆς
982 2312 1161 2385 ψυχῆς
1186 2316 1284 2385 τὴν
1310 2313 1580 2385 αἴσθησιν,
1603 2312 1741 2385 αὕτη

191 2398 236 2454 ἃ
252 2401 379 2472 μένει
406 2402 637 2474 ἀπαθής
656 2422 671 2432 υ
725 2402 835 2457 εἴτε
866 2403 960 2458 καὶ¹
989 2404 1242 2471 συναλγεῖ
1265 2402 1343 2475 τῷ
1373 2404 1605 2474 σώματι.
1633 2402 1745 2456 Καὶ

194 2495 350 2562 κρατεῖ
376 2492 577 2564 μᾶλλον
629 2497 781 2567 παρὰ
813 2497 925 2559 τοῖς
956 2494 1315 2567 ὲνδοξοτέροις
1340 2494 1401 2548 τὸ
1442 2494 1705 2567 πρότερον
1724 2508 1740 2526 ο

190 2581 330 2647 οὐδεὶς
350 2583 401 2639 δὲ
424 2584 488 2639 ἐκ
513 2584 639 2638 τῶν
669 2585 1163 2657 ἀμφιϐαλλομένων
1196 2585 1418 2655 συνάγει
1443 2586 1569 2650 τοὺς
1618 2584 1746 2639 συλ-

188 2670 456 2744 λογισμοὺς,
482 2675 614 2729 ἀλλ’
659 2677 725 2730 ὲκ
750 2676 860 2730 τῶν
898 2676 1344 2748 ὁμολογουμένων
1364 2693 1380 2709 ’
1427 2676 1493 2729 ὲκ
1526 2693 1744 2747 περιου-

188 2759 286 2827 σίας
322 2763 373 2817 δὲ
412 2765 699 2819 δείκνυται
729 2765 822 2819 καί
869 2784 992 2820 τινα
1039 2766 1307 2837 ἀσώματα
1349 2766 1745 2839 συμπάσχοντα

185 2854 276 2916 τοῖς
316 2854 585 2927 σώμασιν.
636 2856 703 2909 Ai
748 2856 1033 2929 ποιότητες
1077 2856 1210 2926 γοῦν
1258 2857 1541 2929 ἀσώματοι
1583 2855 1742 2913 οὖσαι

185 2947 467 3018 πασχόντων
504 2948 632 3003 τῶν
678 2949 945 3018 σωμάτων
974 2948 1071 3002 καὶ
1110 2949 1274 3003 αὐταὶ
1305 2949 1739 3019 συμπάσχουσιν,

186 3036 231 3089 εν
252 3055 304 3092 τε
341 3042 403 3109 τῇ
432 3040 620 3112 φθορᾷ
652 3042 747 3094 καὶ⁵
771 3043 837 3112 τῇ
879 3041 1130 3112 γεννήσει
1160 3039 1634 3110 συναλλοιούμεναι
1663 3038 1742 3110 τῷ

188 3107 393 3198 σώματι.
431 3107 769 3204 ἀζριίστιππος
811 3107 1103 3202 iisque-tv,
1149 3133 1230 3185 ὅτι
1281 3133 1311 3185 ὁ
1359 3107 1588 3196 θάνατός
1625 3107 1742 3184 ἐστι
1768 3107 1811 3165 C

182 3224 429 3294 χωρισμὸς
457 3225 642 3296 ψυχῆς
682 3224 793 3278 ἀπὸ
836 3224 1122 3295 σώματος’
1158 3224 1310 3278 οὐδὲν
1355 3223 1412 3277 δὲ
1452 3223 1743 3295 ἀσώματον

184 3314 274 3367 ἀπὸ
297 3314 539 3387 σώματος
585 3318 899 3387 χωρίζεται.
930 3316 1064 3370 Οὐδὲ
1090 3316 1198 3387 γὰρ
1226 3316 1527 3385 ἐφάπτεται
1558 3314 1743 3385 σώμα-

183 3422 258 3470 τος
281 3406 600 3480 ἀσώματον·
651 3411 686 3480 ὴ
726 3410 784 3464 δὲ
824 3408 969 3481 ψυχὴ
1000 3409 1093 3463 καὶ
1122 3409 1422 3479 ἐφάπτεται
1458 3409 1553 3463 καὶ
1580 3408 1744 3481 χωρί-

185 3496 316 3560 ζεται
357 3499 450 3553 τοῦ
502 3499 793 3571 σώματος’
845 3499 945 3553 οὐκ
995 3500 1103 3571 ἄρα
1152 3496 1444 3571 ἀσώματος
1486 3501 1520 3571 ἡ
1571 3498 1737 3570 ψυχή.

181 3587 376 3644 τούτων
414 3591 477 3645 τὸ
524 3590 634 3663 μὲν
675 3591 766 3645 τὸν
809 3591 1036 3645 θάνατον
1081 3590 1359 3663 χωρισμὸν
1388 3584 1529 3644 εἶναι
1564 3589 1744 3662 ψυχῆς

183 3677 277 3731 ἀπὸ
314 3679 588 3751 σώματος,
634 3679 836 3753 ἀληθές
881 3682 1028 3733 ἐστι’
1074 3679 1135 3734 τὸ
1184 3680 1240 3734 δὲ
1289 3680 1364 3751 μὴ
1405 3680 1741 3749 ἐφάπτεσθαι

181 3769 444 3841 ἀσώματον
477 3771 758 3842 σώματος,
787 3771 979 3842 ψευδὲς
1020 3770 1120 3843 μέν
1164 3773 1280 3825 ἐστι
1323 3770 1554 3825 καθόλου
1585 3770 1741 3840 λεγό-

185 3880 358 3933 μενον⁵
393 3866 486 3919 ἐπὶ
510 3866 571 3920 δὲ
593 3866 693 3937 τῆς
723 3866 902 3938 ψυχῆς
930 3865 1127 3936 ἀληθές
1149 3882 1165 3899 ·
1191 3865 1385 3937 ψεῦδος
1417 3866 1535 3937 μὲν,
1555 3865 1742 3939 ἐπειδὴ

182 3955 260 4009 καὶ
282 3955 318 4026 ή
348 3955 584 4028 γραμμὴ
616 3956 903 4029 ἀσώματος
946 3952 1100 4020 οὖσα,
1147 3958 1451 4027 ἐφάπτεται
1495 3957 1742 4028 σώματος

183 4047 264 4099 καὶ
294 4046 609 4119 χωρίζεται,
668 4048 871 4119 ὁμοίως
917 4049 1011 4103 καὶ
1034 4049 1068 4119 ἡ
1094 4049 1385 4120 λευκότης’
1439 4049 1531 4103 ἐπὶ
1556 4049 1612 4103 δὲ
1643 4048 1743 4121 τῆς

180 4135 338 4210 ψυχῆς
360 4140 583 4211 ἀληθές.
640 4140 716 4195 Οὐ
772 4138 884 4212 γὰρ
931 4140 1234 4210 ἐφάπτεται
1279 4138 1374 4193 τοῦ
1425 4139 1675 4212 σώματος
1704 4141 1739 4212 ἡ

178 4228 330 4302 ψυχή.
359 4230 425 4285 El
450 4232 563 4303 γὰρ
585 4231 912 4300 ἐφάπτεται,
938 4230 1178 4302 δηλονότι
1205 4231 1532 4302 παράκειται
1561 4231 1739 4303 αὐτῷ*

180 4322 222 4374 εί
256 4323 311 4377 δὲ
352 4324 537 4391 τοῦτο,
588 4326 687 4395 οὐχ
741 4324 847 4391 ὅλῳ
896 4325 1245 4395 παράκειται.
1306 4324 1590 4379 Ἀδύνατον
1635 4325 1744 4395 γὰρ

1843 1857 2209 1928 incorporeum
2236 1877 2356 1915 cum
2386 1878 2603 1929 corpore
2632 1867 2952 1933 compatitur
2977 1882 2996 1930 ;
3024 1869 3240 1923 atenim
3262 1886 3423 1926 assu-

1842 1946 1943 2000 mit
1969 1947 2115 2016 quod
2156 1952 2503 2019 quaerebatur
2544 1954 2596 2007 in
2629 1956 2954 2012 assertione.
3015 1955 3072 2012 Si
3119 1975 3248 2015 vero
3301 1963 3426 2031 quis

1844 2038 2195 2108 supposuerit
2240 2056 2431 2094 verum
2458 2057 2603 2107 esse.
2630 2044 2843 2099 nullum
2875 2047 3261 2118 incorporeum
3293 2066 3426 2107 con-

1844 2126 2031 2184 dolere
2076 2130 2337 2199 corpori:
2395 2140 2637 2189 attamen
2680 2134 2828 2205 quod
2868 2135 3149 2194 inducitur
3197 2155 3305 2195 non
3342 2149 3426 2196 est

1842 2232 2196 2288 concessum,
2220 2221 2365 2291 quod
2396 2224 2578 2278 anima
2598 2224 2889 2281 condoleat
2911 2242 3021 2282 una
3046 2242 3172 2283 cum
3192 2243 3427 2301 corpore

1844 2310 1990 2383 quod
2041 2322 2270 2383 aegrotat
2325 2322 2380 2370 et
2438 2323 2678 2372 secatur.
2745 2318 2959 2389 Quippe
3024 2320 3317 2391 ambigitur
3354 2337 3425 2378 an

1844 2418 2048 2475 corpus
2072 2406 2251 2460 solum
2276 2406 2370 2470 sit,
2398 2407 2546 2478 quod
2576 2408 2758 2465 doleat
2784 2426 2951 2466 sensu
2999 2412 3069 2466 ab
3106 2415 3286 2467 anima
3333 2429 3427 2470 ac-

1845 2503 2028 2564 cepto,
2095 2504 2148 2552 et
2206 2496 2322 2565 ipsa
2363 2507 2581 2554 maneat
2623 2499 2830 2556 doloris
2879 2516 3110 2572 expers;
3168 2517 3237 2558 an
3297 2520 3427 2560 vero

1844 2586 2025 2642 doleat
2053 2601 2178 2641 cum
2213 2603 2464 2659 corpore.
2525 2587 2749 2644 Obtinet
2806 2599 2987 2644 autem
3046 2592 3231 2661 potius
3281 2594 3426 2663 apud

1844 2676 2107 2733 clariores
2158 2678 2309 2733 viros
2357 2678 2506 2749 quod
2564 2679 2716 2750 prius
2747 2687 2850 2736 est.
2914 2682 3081 2751 Atqui
3146 2697 3309 2737 nemo
3356 2699 3422 2739 ex

1848 2769 2225 2825 controversis
2248 2770 2458 2841 colligit
2487 2778 2542 2825 et
2588 2771 2873 2826 concludit
2899 2773 3425 2843 argumentationes,

1846 2876 2033 2916 verum
2060 2877 2122 2915 ex
2151 2862 2220 2918 iis
2240 2878 2361 2931 qua:
2392 2863 2792 2918 conceduntur.
2828 2863 2999 2918 Porro
3026 2880 3091 2919 ex
3126 2866 3426 2922 abundanti

1846 2952 2113 3021 probatur
2146 2953 2309 3006 etiam
2335 2954 2583 3023 quasdam
2620 2953 2943 3025 incorporea
2997 2956 3106 3026 pati
3146 2972 3270 3011 cum
3305 2972 3428 3012 cor-

1846 3044 2094 3115 poribus.
2145 3044 2328 3111 Quare
2358 3046 2657 3115 qualitates
2713 3047 3050 3117 incorporeas
3105 3063 3229 3103 cum
3289 3049 3426 3112 sint,

1845 3134 1971 3189 dum
2024 3136 2307 3206 patiuntur
2358 3152 2612 3207 corpora,
2667 3138 2801 3209 ipsa:
2840 3154 3061 3209 quoque
3099 3139 3426 3205 condolent,

1843 3227 1972 3281 dum
2008 3227 2061 3280 in
2099 3236 2223 3282 ortu
2272 3237 2436 3298 atque
2469 3229 2694 3285 interitu
2724 3230 2885 3285 aliter
2929 3229 3244 3286 alliciuntur
3298 3246 3426 3287 cum

1843 3331 2092 3386 corpore.
2115 3316 2453 3389 Chrysippus
2478 3328 2659 3374 autem
2688 3320 2764 3374 ait
2814 3328 3044 3374 mortem
3094 3336 3219 3376 esse
3272 3337 3429 3392 sepa-

1848 3408 2112 3461 rationem
2145 3409 2340 3462 animae
2368 3424 2400 3463 a
2428 3424 2660 3479 corpore
2689 3426 2704 3476 ;
2736 3408 2847 3480 jam
2874 3425 3003 3465 vero
3058 3410 3194 3465 nihil
3238 3411 3426 3466 incor-

1842 3514 2070 3570 poreum
2094 3514 2125 3553 a
2157 3516 2388 3571 corpore
2413 3509 2701 3571 separatur
2727 3518 2743 3569 ;
2771 3517 2950 3572 neque
2971 3502 3117 3556 enim
3163 3503 3429 3575 incorpo-

1844 3609 2000 3649 reum
2028 3594 2300 3665 contingit
2329 3609 2533 3665 corpus
2557 3612 2573 3661 ;
2593 3595 2775 3648 anima
2802 3609 2933 3649 vero
2960 3603 3013 3649 et
3053 3594 3271 3667 attingit
3302 3610 3427 3651 eor-

1843 3699 1947 3755 pus
1975 3692 2029 3740 et
2060 3696 2352 3756 separatur
2384 3686 2452 3741 ab
2480 3701 2567 3741 eo.
2596 3684 2716 3740 Non
2744 3693 2830 3742 est
2886 3686 3055 3758 igitur
3100 3687 3285 3741 anima
3333 3688 3423 3742 in-

1842 3791 2125 3847 corporea.
2158 3776 2238 3832 Ex
2267 3778 2356 3834 bis
2385 3794 2574 3834 verum
2613 3778 2759 3834 istud
2786 3787 2894 3841 est,
2940 3795 3135 3849 nempe
3189 3788 3422 3835 mortem

1842 3883 1962 3923 esse
1995 3868 2392 3938 separationem
2421 3869 2614 3923 animae
2641 3885 2668 3922 a
2698 3884 2964 3939 corpore;
3020 3871 3114 3925 sed
3156 3868 3286 3923 illud
3327 3868 3430 3924 fal-

1843 3975 1963 4016 sum
1987 3976 2110 4015 cum
2151 3960 2205 4014 in
2249 3976 2449 4031 genere
2480 3959 2704 4025 dicitur,
2740 3960 2886 4029 quod
2932 3962 3315 4029 incorporeum
3341 3966 3427 4014 est

1844 4066 1950 4105 non
1991 4049 2258 4122 attingere
2300 4066 2544 4121 corpus;
2594 4050 2688 4105 sed
2731 4065 2919 4104 verum
2964 4059 3047 4104 est
3097 4050 3151 4103 in
3201 4049 3425 4116 anima;

1844 4142 1977 4197 illud
2018 4153 2165 4199 certe
2193 4142 2410 4205 falsum,
2456 4145 2715 4211 quoniam
2746 4141 2886 4194 linea
2928 4156 3049 4210 qum
3103 4141 3425 4211 incorporea

1842 4244 1948 4296 est,
1980 4234 2201 4304 attingit
2231 4247 2456 4301 corpus,
2503 4238 2557 4284 et
2594 4237 2911 4297 separatur:
2962 4230 3217 4285 similiter
3263 4231 3426 4284 etiam

1846 4324 2057 4380 candor
2088 4341 2102 4390 ;
2134 4325 2188 4378 in
2218 4323 2401 4376 anima
2434 4328 2615 4376 autem
2648 4335 2859 4374 verum.
2895 4321 3013 4374 Non
3057 4320 3202 4375 enim
3244 4321 3427 4375 anima

183 4411 323 4484 θῶμα
349 4414 712 4487 σιῦματιιὸλον
738 4415 845 4486 ὅλῳ
872 4416 1239 4488 παρακεῖσθαι
1258 4433 1272 4447 °
1324 4418 1415 4471 καὶ
1440 4416 1612 4481 οὕτως
1640 4417 1741 4471 οὐκ

1849 4430 2051 4485 corpus
2074 4412 2331 4482 attingit;
2365 4428 2490 4466 nam
2515 4411 2562 4467 si
2584 4411 2899 4481 attingeret,
2934 4411 3211 4481 adjaceret
3243 4413 3314 4467 ei.
3367 4413 3426 4468 Si

179 4503 314 4559 ἐσται
344 4508 465 4561 ὅλον
494 4506 741 4579 ἔμψυχον
769 4507 832 4562 τὸ
861 4507 1021 4573 ζῶον.
1069 4508 1229 4561 ’Ὥστε
1272 4509 1320 4561 εί
1374 4509 1471 4579 μὲν
1502 4508 1744 4578 ἐφάπτε-

179 4611 275 4660 ται,
292 4599 450 4670 σῶμα
469 4600 569 4670 μὶν
584 4601 741 4653 ἔσται
755 4601 789 4671 ἡ
817 4598 994 4670 ψυχή·
1017 4598 1135 4652 ὅλον
1152 4599 1209 4652 δὲ
1223 4599 1322 4652 οὐκ
1336 4599 1486 4655 ἔσται
1503 4599 1742 4671 ἔμψυχον

179 4686 232 4739 τὺ
246 4685 394 4751 ζῶον.
420 4690 487 4743 El
504 4690 561 4744 δὲ
575 4691 698 4744 ὅλον
718 4690 866 4742 ἐστὶν
895 4688 1154 4759 ἔμψυχον,
1179 4687 1301 4741 οὔτε
1320 4687 1643 4757 ἐφάπτεται,
1662 4688 1745 4744 οῦ-

176 4793 231 4831 τι
250 4779 403 4854 σῶμα
423 4783 575 4838 ἐστιν
595 4784 630 4853 ἠ
657 4783 825 4854 ψυχή·
846 4781 908 4835 τδ
926 4782 982 4834 δὲ
1013 4780 1148 4846 ζῶον
1166 4781 1286 4835 ὅλον
1308 4779 1547 4852 ἔμψυχόν
1572 4781 1741 4833 ἐστιν·

179 4869 288 4925 οὔτε
321 4875 431 4945 ἄρα
454 4877 781 4943 ἐφάπτεται,
819 4872 943 4928 οὔτε
974 4872 1134 4944 σῶμα
1161 4873 1297 4934 ἐστι,
1327 4871 1422 4925 xal.
1454 4869 1745 4942 χωρίζεται

180 4963 455 5036 ἀσώματος
509 4964 661 5023 οὖσα.
718 4969 840 5020 Ὅτι
894 4965 993 5037 μὲν
1038 4962 1131 5019 οὖν
1174 4965 1274 5017 οὐκ
1324 4963 1469 5015 ἔστιν
1515 4966 1548 5032 ἡ
1599 4962 1745 5033 ψυχὴ

183 5054 348 5127 αἷμα.
384 5059 545 5129 δῆλον
596 5063 662 5113 ἐκ
705 5060 815 5113 τῶν
846 5058 1184 5130 εἰρημένωνο
1230 5056 1312 5110 ὅτι
1355 5056 1413 5110 δὲ
1444 5055 1563 5109 οὐδὲ
1597 5055 1748 5109 ἀνού-

181 5163 304 5212 σιος.
336 5152 471 5221 ἑξῆς
502 5152 708 5224 ῥητέον.

1849 4521 1983 4563 vero
2013 4504 2181 4571 istud,
2213 4519 2319 4558 non
2361 4503 2461 4559 toti
2494 4502 2747 4574 adiacet;
2781 4504 3123 4574 impossibile
3162 4505 3307 4559 enim
3345 4512 3430 4560 est

1851 4611 2055 4667 corpus
2085 4594 2327 4665 corpori,
2380 4602 2555 4649 totum
2606 4595 2708 4649 toti
2758 4582 3059 4665 adiacere;
3099 4604 3154 4650 et
3187 4597 3267 4650 sic
3320 4612 3427 4650 non

1851 4690 1957 4745 erit
2017 4695 2191 4742 totum
2241 4686 2446 4741 animal
2502 4686 2824 4742 animatum.
2888 4686 3076 4757 Itaque
3109 4688 3155 4741 si
3208 4687 3426 4758 quidem

1852 4779 2170 4851 contigerit,
2189 4793 2392 4849 corpus
2420 4777 2639 4848 quidem
2664 4778 2767 4832 erit
2794 4778 2976 4832 anima
3004 4797 3018 4834 :
3046 4786 3218 4834 totum
3245 4790 3427 4833 autem

1854 4888 1961 4928 non
1991 4871 2097 4928 erit
2129 4870 2431 4925 animatum
2461 4870 2682 4924 animal.
2712 4869 2869 4936 Quod
2906 4870 2953 4926 si
2988 4879 3161 4925 totum
3192 4880 3277 4925 est
3308 4871 3427 4923 ani-

1853 4973 2082 5026 matum,
2134 4978 2313 5032 neque
2340 4962 2648 5032 attingitur,
2680 4978 2858 5032 neque
2878 4977 3077 5034 corpus
3107 4972 3191 5018 cst
3226 4964 3427 5028 anima,

1852 5056 2055 5112 animal
2083 5070 2212 5110 vero
2236 5062 2409 5109 totum
2436 5063 2522 5109 est
2560 5054 2861 5110 animatum
2892 5074 2906 5112 :
2958 5071 3136 5126 neque
3166 5071 3295 5125 ergo
3344 5063 3430 5108 at-

1852 5147 2105 5216 tingitur,
2134 5160 2312 5215 neque
2354 5160 2558 5216 corpus
2604 5156 2710 5208 est.
2752 5154 2807 5201 et
2864 5155 3153 5217 separatur
3183 5162 3305 5199 cum
3357 5145 3429 5199 sit

589 5238 737 5310 quod
790 5217 958 5308 igitur
1004 5252 1111 5290 non
1165 5236 1237 5290 sit
1290 5236 1472 5290 anima
1523 5252 1746 5308 corpus,
1786 5235 2135 5291 manifestum
2165 5242 2250 5289 est
2289 5249 2354 5288 ex
2387 5234 2454 5291 iis
2484 5250 2606 5306 quae
2636 5236 2782 5291 dicta
2858 5242 3035 5302 sunt;
3075 5233 3219 5305 quod
3265 5235 3429 5291 dubio

183 5330 359 5399 pocul
389 5344 509 5385 non
529 5331 602 5388 sit
631 5330 954 5387 substantia:
985 5345 1046 5384 es
1059 5344 1203 5399 pers.
1253 5329 1515 5398 deinceps
1570 5329 1956 5386 declarandum
1983 5334 2088 5383 est.

254 5424 412 5479 Ἐπεὶ
459 5424 516 5479 δὲ
564 5427 660 5479 καὶ
713 5424 999 5495 Δείναρχος
1048 5420 1310 5494 ἁρμονίαν
1356 5422 1594 5492 ὡρίσατο
1648 5425 1746 5496 τὴν

180 5512 370 5585 ψυχὴν.
396 5515 505 5569 καὶ
526 5516 722 5587 Σιμίας
752 5513 1047 5583 ἀντιλέγων
1074 5511 1152 5583 τῷ
1191 5513 1466 5585 Σωκράτει
1510 5514 1609 5585 τὴν
1645 5514 1748 5585 ψυ-

184 5604 276 5672 νὴν
300 5606 572 5676 ἁρμονίαν
597 5604 832 5675 ἔφασκεν
859 5599 1018 5666 εἶναι,
1047 5602 1219 5672 λέγων
1246 5603 1484 5658 ἐοικέναι
1513 5604 1610 5675 τὴν
1651 5606 1747 5675 μὲν

180 5694 351 5767 ψυχὴν
378 5698 634 5770 ἁρμονία,
679 5699 741 5751 τὸ
767 5699 822 5751 δὲ
854 5696 1010 5766 σῶμα
1046 5696 1216 5768 λύρᾳο
1254 5696 1500 5750 ἐκθετέον
1529 5697 1626 5760 τὰς
1658 5696 1750 5748 λύ-

187 5801 289 5850 σεις
314 5790 524 5843 τούτων
555 5792 650 5853 τὰς
682 5793 736 5843 ἐν
767 5789 842 5861 τῷ
875 5791 1120 5844 Φαίδωνι
1158 5789 1440 5854 Πλάτωνος
1470 5789 1746 5859 κειμένας.

1924 5419 2197 5487 Quoniam
2227 5434 2357 5474 vero
2387 5421 2549 5476 etiam
2578 5420 2887 5476 Dinarchus
2931 5421 3167 5475 animam
3216 5420 3431 5476 harmo-

1851 5511 1999 5568 niam
2033 5509 2324 5576 delinierit,
2375 5519 2429 5566 et
2483 5510 2683 5568 Simias
2717 5512 3014 5568 adversans
3050 5511 3262 5567 Socrati
3312 5514 3430 5566 ani-

1854 5616 1996 5658 mam
2054 5610 2381 5656 concentum
2417 5617 2543 5657 esse
2600 5602 2824 5667 dixerit,
2881 5619 3136 5660 asserens
3195 5603 3426 5660 similem

1854 5710 1971 5755 eam
2003 5709 2125 5749 esse
2163 5695 2477 5760 ltannonite,
2506 5710 2713 5766 corpus
2741 5712 2872 5752 vero
2899 5698 3064 5768 lyrae;
3096 5713 3156 5753 es
3169 5692 3430 5768 ponenda:

1859 5796 1983 5845 sunt
2024 5787 2329 5843 solutiones
2362 5787 2578 5857 horum,
2615 5806 2735 5861 quae
2767 5789 2821 5844 in
2866 5787 3111 5845 Platonis
3165 5782 3430 5843 Pha'donc
