4008 6210
717 343 819 400 195

716 458 988 530 leguntur.
1023 455 1141 512 Una
1167 461 1314 511 certe
1342 462 1427 510 est
1471 468 1537 509 ex
1566 452 1655 520 iis,
1687 466 1809 522 qum
1835 434 1995 523 prius
2042 452 2111 507 ab
2164 454 2284 522 ipso

712 550 941 619 probata
981 555 1036 602 et
1073 547 1441 603 demonstrata
1483 544 1720 600 fuerant.
1770 542 1905 597 Nam
1955 551 2113 602 antea
2158 559 2284 614 pro-

713 638 899 693 batum
939 636 1116 692 fuerat
1154 636 1474 705 disciplinas
1506 635 1918 691 recordationes
1970 649 2121 701 esse;
2181 635 2285 688 hoc

715 728 878 795 igitur
897 738 1112 797 sumpto
1156 736 1214 781 ut
1247 727 1314 781 ab
1340 727 1595 780 omnibus
1639 740 1920 791 concesso,
1960 725 2033 777 ita
2068 731 2286 779 senten-

715 819 843 872 tiam
868 833 1020 871 suam
1046 818 1369 871 confirmat:
1398 815 1455 870 Si
1504 815 1809 885 disciplina:
1854 822 1982 870 sunt
2034 814 2287 868 recorda-

714 909 907 974 tiones,
948 910 1126 963 anima
1169 918 1352 964 nostra
1396 917 1513 962 erat
1576 909 1892 977 priusquam
1940 907 1994 960 in
2049 905 2284 959 humana

713 998 891 1067 specie
914 996 1255 1053 consisteret.
1298 997 1453 1062 Quod
1487 998 1532 1050 si
1568 996 1875 1059 harmonia,
1905 996 2019 1049 sive
2046 1010 2282 1049 concen-

714 1098 800 1143 tus
829 1095 933 1151 est,
969 1088 1122 1157 prius
1153 1086 1370 1156 quidem
1397 1101 1503 1139 non
1535 1094 1674 1151 erat,
1702 1085 1797 1139 sed
1839 1086 2108 1154 posterius
2147 1101 2281 1139 con-

712 1182 869 1244 stitit,
896 1196 1056 1249 quum
1098 1196 1300 1249 corpus
1332 1190 1454 1248 apte
1488 1179 1816 1232 fabricatum
1852 1177 2068 1232 fuisset.
2122 1177 2281 1231 Nulla

712 1273 859 1326 enim
889 1272 1214 1340 compositio
1237 1271 1392 1323 aliter
1422 1285 1480 1324 se
1516 1269 1697 1335 habet,
1735 1283 1897 1338 quam
1934 1269 2024 1322 illa
2068 1284 2127 1323 se
2180 1269 2279 1322 ha-

712 1369 841 1422 bent
874 1382 938 1421 ex
972 1368 1171 1437 quibus
1205 1366 1503 1419 constituta
1531 1372 1650 1431 est;
1691 1366 1929 1421 societas
1957 1365 2100 1419 enim
2136 1380 2282 1455 qua»

712 1455 836 1508 dam
900 1463 981 1510 est
1040 1471 1222 1510 rerum
1271 1455 1698 1524 compositarum
1759 1456 2105 1524 compositio,
2161 1471 2279 1524 qua:

710 1555 1008 1601 concentus
1037 1546 1257 1616 quidam
1285 1554 1401 1613 est;
1444 1561 1508 1599 ac
1541 1546 1676 1599 nihil
1706 1546 1958 1616 prohibet
1995 1547 2140 1615 quod
2171 1562 2276 1600 non

709 1638 1073 1693 antecedatea
1115 1653 1179 1692 ex
1211 1637 1410 1707 quibus
1446 1637 1813 1706 componitur,
1849 1637 1958 1692 imo
2017 1645 2279 1707 sequatur

711 1731 822 1783 illa.
874 1728 1233 1795 Quamobrem
1267 1737 1531 1799 repugnat
1582 1729 1941 1800 propositioni
1974 1744 2097 1798 qua:
2144 1730 2276 1785 dicit

710 1821 943 1873 animam
970 1835 1091 1874 esse
1120 1818 1569 1884 concentum,iila
1590 1835 1712 1889 quae
1739 1820 1937 1875 asserit
1960 1820 2275 1889 disciplinas

708 1925 831 1964 esse
863 1910 1306 1975 recordationes;
1335 1910 1481 1978 atqui
1510 1909 1811 1979 propositio
1853 1908 2275 1965 reminiscentiae

707 2015 835 2052 vera
856 2008 959 2061 est,
980 1996 1175 2052 falsum
1197 1998 1360 2066 igitur
1381 2006 1465 2052 est
1490 1999 1727 2053 animam
1754 2014 1878 2055 esse
1907 2000 2271 2055 harmoniam.

707 2087 878 2145 Porro
929 2090 1109 2143 anima
1176 2090 1470 2160 apponitur
1517 2091 1756 2160 corpori,
1804 2098 1858 2147 et
1917 2091 2275 2162 principalem

707 2182 915 2237 obtinet
939 2182 1208 2237 rationem
1236 2191 1493 2250 tanquam
1514 2179 1787 2251 imperans
1816 2181 1952 2251 ipsi;
1976 2188 2275 2238 concentus

708 2288 858 2333 veto,
901 2288 1078 2341 neque
1103 2270 1380 2342 praecedit,
1408 2288 1586 2341 neque
1625 2261 1973 2328 adversatur:
2023 2288 2131 2328 non
2182 2280 2268 2329 est

709 2363 877 2432 igitur
896 2361 1074 2414 anima
1103 2368 1439 2413 concentus:
1472 2367 1730 2429 przeterea
1776 2359 2061 2414 harmonia
2103 2360 2276 2431 magis

708 2462 764 2506 et
798 2454 978 2506 minus
1012 2458 1095 2506 est
1121 2462 1419 2517 concentu;
1454 2451 1578 2505 item
1619 2450 1901 2504 harmonia
1932 2452 1985 2505 in
2020 2452 2272 2518 laxanda,

710 2551 766 2597 et
811 2542 1142 2597 intendendo
1194 2548 1476 2607 versatur;
1525 2540 1803 2595 enimvero
1852 2540 1903 2594 in
1962 2539 2276 2597 definitione

708 2638 1005 2686 concentus
1034 2628 1475 2699 haudquaquam,
1499 2630 1698 2699 quippe
1729 2627 1883 2685 nefas
1906 2637 1989 2684 est
2010 2633 2272 2685 rationem

709 2724 882 2795 magis
910 2722 991 2777 vel
1017 2722 1196 2776 minus
1233 2721 1639 2787 babere;sediu
1669 2730 1935 2776 concentu
1967 2724 2269 2793 reperitur:

712 2814 914 2871 ctenim
947 2814 993 2870 si
1025 2813 1340 2883 permistus,
1370 2819 1563 2866 acutus
1590 2827 1758 2867 sonus
1786 2820 1840 2867 et
1866 2814 2049 2883 gravis
2077 2832 2090 2870 :
2122 2814 2272 2869 deiu-

708 2909 773 2959 de
804 2908 849 2962 si
881 2905 1250 2969 remittantur,
1286 2912 1340 2957 et
1374 2910 1767 2973 temperentur,
1814 2904 2058 2959 eamdem
2103 2905 2272 2958 ratio-

709 3011 832 3050 nem
865 3001 1194 3049 conservant
1229 2992 1284 3046 in
1327 2993 1794 3062 magnitudinibus
1842 3009 2119 3048 sonorum.
2163 2990 2269 3049 Ve-

707 3100 827 3139 rum
859 3083 1207 3137 mutationem
1235 3082 1430 3151 accipit
1463 3083 1760 3136 secundum
1783 3083 2075 3136 harmoniae
2099 3098 2263 3153 copu-

1944 332 2002 390 S.
2038 330 2359 389 GREGO‘RII
2396 331 2687 387 NYSSENI

3822 336 3876 392 ιε

2313 460 2355 514 Α
2386 452 2494 506 Μία
2530 454 2627 523 μὲν
2654 447 2747 506 οὖν
2775 453 2921 506 ἐστιν
2940 453 3003 506 ὲκ
3034 452 3142 507 τῶν
3168 452 3726 525 προαποδεδειγμένων
3749 454 3876 525 αὒτῷ

2386 543 2865 613 πρεαποδέδεικται
2903 542 3028 614 γὰρ,
3078 545 3159 597 ὅτι
3199 546 3267 597 ai.
3310 543 3573 616 μαθήσεις
3618 545 3868 616 ἁναμνήσε

2384 633 2508 687 είσί.
2543 632 2711 686 Τοῦτο
2739 628 2830 686 οὖν
2857 632 3036 686 λαϐὼν
3062 633 3137 697 ὡς
3158 633 3601 704 ὁμολογούμενον,
3644 653 3876 690 κατασκει

2383 724 2502 787 aget
2542 724 2633 777 τὸν
2676 724 2831 792 λόγον
2871 723 3062 787 οὕτως’
3098 726 3162 777 Εἰ
3207 726 3259 777 αἱ
3314 724 3577 797 μαθήσεις
3616 727 3868 797 ἁναμνήσε

2384 814 2536 879 εἰσὶν,
2559 812 2628 886 ἦν
2655 816 2812 886 ἡμῶν
2843 818 2875 887 ἡ
2904 816 3069 887 ψυχὴ,
3106 816 3233 887 πρὶν
3263 817 3320 870 ἐν
3356 816 3434 885 τῷ
3468 817 3774 889 ἀνθρωπίνῳ
3801 820 3872 871 εῐδ

2382 907 2665 976 γενέσθαι·
2709 910 2755 961 εἰ
2785 908 2841 959 δὲ
2870 907 3102 978 ἁρμονία
3134 909 3270 970 ἐστὶ,
3302 909 3563 979 πρότερον
3604 910 3695 979 μὲν
3719 912 3809 963 οὐκ

2383 997 2606 1069 ὕστερον
2628 998 2685 1051 δὲ
2715 999 2947 1066 ἐγένετο,
2978 997 3342 1069 ἁρμοσθέντος
3369 998 3463 1052 τοῦ
3499 998 3760 1068 σώματος·
3787 1000 3876 1053 πᾶς

2382 1090 2492 1159 γάρ
2525 1088 2770 1152 σύνθεσις
2814 1090 2912 1143 οὐκ
2950 1088 3120 1153 άλλως
3160 1088 3295 1158 ἔχει,
3342 1078 3395 1158 ἢ’
3422 1089 3497 1152 ὡς
3527 1090 3636 1160 ἔχει
3663 1093 3829 1147 ἐκεῖνα
3856 1108 3876 1145 ιι

2382 1181 2439 1247 ἐξ
2462 1172 2535 1233 ὧν
2579 1180 2871 1249 σύγκειται.
2922 1181 3187 1234 Κοινωνία
3221 1182 3326 1252 γάρ
3351 1181 3436 1244 τίς
3476 1183 3718 1236 ἐστιιτῶν
3749 1201 3876 1237 συντε

2381 1266 2642 1336 θειμένων
2693 1264 2725 1336 ἡ
2771 1262 3017 1329 σύνθεσις
3048 1268 3280 1337 ἁρμονία
3311 1264 3465 1331 οὖσα,
3510 1270 3605 1323 καὶ
3634 1270 3690 1322 οὐ
3739 1270 3869 1323 κωλύ

2379 1358 2438 1411 τὸ
2470 1359 2545 1428 μὴ
2573 1358 2819 1428 ἡγεῖσθαι
2852 1358 3019 1427 αὐτὴν
3044 1359 3264 1411 ἐκείνων
3291 1359 3382 1428 ἀφ’
3406 1354 3479 1411 ὧν
3508 1361 3770 1432 συνετέθη,
3797 1362 3876 1414 ἁλὶ

2379 1450 2603 1502 ἕπεσθαι
2636 1450 2837 1511 αὐτοῖς,
2887 1449 3131 1519 Μάχεται
3174 1450 3353 1503 τοίνυν
3395 1451 3473 1521 τῷ
3503 1451 3757 1522 ἁρμονίαν
3794 1447 3876 1505 εἶνε

2377 1541 2476 1609 τὴν
2512 1539 2708 1609 ψυχὴν,
2738 1539 2798 1591 τὸ
2821 1539 2919 1603 τὰς
2944 1539 3203 1611 μαθήσεις
3226 1539 3557 1611 ἀναμνήσεις
3586 1537 3748 1596 εἶναι’
3790 1541 3876 1593 τὸς

2378 1629 2484 1681 τῶν
2521 1630 2874 1700 ἁναμνήσεων
2911 1628 3108 1699 ἁληθές
3151 1631 3300 1681 ἐστι·
3352 1627 3543 1698 ψεῦδος
3588 1628 3691 1700 ἄρα
3732 1629 3791 1681 τὸ
3831 1630 3876 1681 τί

2376 1718 2553 1790 ψυχὴν
2582 1719 2844 1791 ἁρμονίαν
2876 1714 3032 1772 εἶναι.
3063 1721 3183 1773 Ἔτι
3227 1720 3260 1790 ή
3289 1719 3388 1790 μὲν
3430 1719 3575 1790 ψυχὴ
3612 1721 3876 1774 ὲναντιοῦτι

2305 1804 2349 1860 Β
2380 1809 2455 1880 τῷ
2485 1809 2715 1880 σώματι,
2751 1810 2844 1863 καὶ
2875 1810 2966 1863 τὸν
3002 1810 3226 1881 ἀρχικὸν
3270 1810 3454 1880 ἐπέχει
3500 1806 3674 1879 λόγον,
3712 1811 3799 1864 ἁτε
3830 1812 3876 1882 ἁγ

2379 1917 2546 1971 χουσα
2575 1898 2736 1953 αὑτοῦ
2758 1917 2771 1930 ·
2807 1901 2841 1971 ἡ
2872 1900 2929 1953 δὲ
2959 1900 3192 1972 ἁρμονία
3219 1895 3341 1954 οὔτε
3372 1902 3603 1971 ἡγεῖται,
3636 1899 3752 1954 οὔτε
3784 1904 3874 1953 ὲνα

2380 1992 2618 2047 τιοῦταιο
2650 1992 2751 2047 οὐκ
2806 1993 2913 2065 ἄρα
2945 1994 2978 2065 ἠ
3008 1992 3152 2064 ψυχὴ
3182 1989 3413 2065 ἁρμονία
3434 2010 3448 2024 θ
3483 1993 3563 2046 ἔτι
3595 1990 3817 2064 ἁρμονία
3843 1990 3876 2046 ἁ

2384 2084 2572 2154 μονίας
2606 2082 2805 2154 μᾶλλον
2845 2084 2939 2138 καὶ
2969 2080 3129 2157 ἧττόν
3153 2085 3329 2138 ἐστιν·
3366 2084 3628 2155 ἁρμονίας
3653 2082 3708 2135 δὲ
3747 2076 3806 2133 τὸ
3836 2102 3876 2153 χε

2379 2174 2575 2227 λᾶσθαι
2617 2174 2712 2227 καὶ⁵
2743 2174 3134 2228 ἐπιτείνεσθαι·
3169 2176 3227 2228 ὲν
3263 2174 3341 2245 τῷ
3377 2175 3519 2243 λόγῳ
3549 2174 3607 2227 δὲ
3641 2172 3737 2243 τῆς
3764 2173 3876 2243 ἁρμ

2381 2266 2497 2330 νίας
2532 2264 2592 2319 οὗ
2615 2280 2629 2294 ⁸
2664 2265 2917 2320 ἀδύνατον
2967 2266 3075 2337 γὰρ
3116 2266 3271 2336 λόγον
3310 2266 3372 2319 τὸ
3405 2264 3603 2336 μᾶλλον
3645 2264 3736 2317 καὶ
3775 2253 3876 2337 ἦττ

2381 2361 2542 2430 ἔχειν,
2581 2357 2695 2412 ἁλλ’
2745 2361 2802 2411 ἐν
2848 2361 2913 2429 τῇ
2963 2358 3229 2431 ἁρμονίᾳ*
3282 2356 3379 2411 ἐάν
3445 2356 3553 2428 γὰρ
3606 2357 3876 2428 κεκραμέν

2379 2449 2503 2515 ὀξὺς
2547 2450 2780 2519 φθόγγος
2811 2450 2902 2502 καὶ
2923 2446 3123 2519 βαρὺςο
3147 2448 3336 2501 ἔπειτα
3377 2446 3637 2510 ἀνεθῶσι,
3666 2449 3755 2500 τὸν
3780 2446 3876 2514 λόγ

2383 2545 2480 2612 μὲν
2521 2542 2611 2595 τὸν
2640 2541 2800 2594 αὑτὸν
2846 2539 3105 2604 σώζουσιν
3132 2538 3188 2591 ὲν
3215 2539 3326 2601 τοῖς
3358 2535 3608 2607 μεγέθεσι
3638 2535 3744 2588 τῶν
3770 2535 3875 2605 φθόη

2380 2649 2524 2702 γων⁸
2573 2629 2923 2703 παραλλαγὴν
2959 2629 3017 2682 δὲ
3062 2627 3325 2700 λαμΰάνει
3359 2627 3500 2681 κατὰ
3532 2626 3628 2698 τὴν
3670 2627 3876 2697 ἁρμογῆ

2385 2722 2584 2795 μᾶλλον
2618 2724 2711 2777 καὶ
2740 2718 2899 2795 ἧττον
2944 2719 3316 2791 ὲπιτεινομένη
3337 2737 3352 2752 ο
3385 2716 3531 2790 ψυχὴ
3558 2719 3613 2772 δὲ
3638 2719 3815 2789 ψυχῆς
3842 2736 3876 2770 ο

2378 2818 2493 2870 ἔστι
2542 2815 2737 2887 μᾶλλον
2784 2812 2876 2866 καὶ
2920 2808 3116 2885 ἦττον·
3165 2813 3265 2865 οὐκ
3296 2811 3402 2883 ἄρα
3446 2806 3677 2882 ἁρμονία
3723 2811 3873 2863 ἐστὶν

2375 2911 2543 2981 ψυχή.
2595 2910 2714 2961 Ἔτι
2763 2909 2794 2978 ἡ
2831 2904 2975 2977 ψυχὴ
3018 2904 3217 2975 ἀρετὴν
3243 2905 3335 2957 καὶ
3372 2903 3568 2957 κακίαν
3597 2903 3876 2973 ὲπιδέχετα

2377 3004 2410 3073 ἡ
2441 3000 2493 3053 δὲ
2528 2997 2758 3069 ἁρμονία
2796 2995 3059 3067 ἁρμονίαν
3099 2993 3192 3047 καὶ
3222 2994 3586 3063 ἀναρμοστίαν
3622 2992 3722 3045 οὐκ
3760 2990 3876 3043 ἐπιδ

2376 3107 2558 3165 χεται·
2617 3090 2716 3142 οὐκ
2772 3084 2876 3156 ἄρα
2933 3084 3165 3156 ἁρμονία
3216 3086 3363 3137 ἐστὶν
3415 3086 3448 3155 ἠ
3506 3083 3669 3154 ψυχή.
3732 3083 3855 3136 Ἔτι

707 3178 812 3234 lam
841 3178 1014 3249 magis
1043 3187 1094 3232 et
1118 3176 1299 3231 minus
1339 3177 1587 3242 intensa;
1628 3176 1807 3229 anima
1844 3184 2023 3229 autem
2050 3191 2157 3230 non
2183 3188 2267 3233 est

2366 3162 2508 3256 ψυχὴ
2561 3185 2617 3235 ὲν
2666 3179 2742 3250 τῷ
2785 3176 3119 3247 ἐπιδέχεσθαι
3173 3174 3240 3229 τὰ
3280 3175 3512 3239 ἐναντία,
3554 3173 3703 3244 παρὰ
3756 3174 3876 3244 μὲρι

707 3268 881 3338 magis
909 3268 992 3321 vel
1030 3264 1211 3320 minus
1248 3265 1460 3318 anima:
1492 3263 1654 3333 igitur
1683 3265 1861 3318 anima
1894 3280 2000 3319 non
2030 3277 2113 3320 est
2138 3266 2268 3320 har-

707 3357 908 3410 monia.
961 3353 1091 3410 ltem
1150 3356 1329 3409 anima
1374 3354 1629 3410 virtutem
1662 3366 1716 3410 et
1762 3356 1960 3408 vitium
2005 3354 2266 3424 admittit;

706 3453 1005 3500 concentus
1033 3460 1164 3499 vero
1192 3456 1514 3500 concentum
1548 3456 1602 3500 et
1630 3446 2018 3500 inconcinnum
2053 3446 2268 3502 cantum

708 3553 816 3590 non
848 3537 1012 3607 capit.
1053 3535 1170 3590 Non
1203 3548 1285 3592 est
1316 3537 1483 3607 igitur
1512 3537 1693 3590 anima
1723 3548 2042 3594 concentus.
2072 3536 2271 3594 Adbaec

709 3628 888 3679 anima
916 3628 968 3679 in
998 3626 1363 3697 suscipiendis
1396 3627 1692 3682 contrariis
1721 3643 1847 3697 pars
1888 3635 1970 3683 est
2011 3630 2272 3685 substan-

709 3721 798 3773 tiae
821 3728 874 3773 et
902 3720 1242 3787 subjectum;
1274 3718 1558 3772 harmonia
1590 3734 1718 3773 vero
1747 3719 1981 3789 qualitas
2020 3729 2103 3776 est
2138 3729 2192 3777 et
2217 3723 2272 3776 in

710 3811 977 3878 subjecto.
1015 3809 1334 3863 Substantia
1391 3819 1570 3865 autem
1603 3810 1746 3864 aliud
1787 3821 1871 3866 est
1917 3826 1947 3864 a
1981 3812 2270 3882 qualitate:

709 3899 987 3970 estigitur
1040 3901 1219 3953 anima
1274 3899 1419 3954 aliud
1477 3914 1506 3953 a
1565 3911 1854 3956 concentu.
1908 3903 2087 3968 Quare
2143 3903 2272 3956 nihil

710 3989 933 4045 absurdi
997 3997 1078 4044 est
1116 3990 1352 4044 animam
1413 3991 1733 4062 participem
1787 4006 1910 4051 esse
1948 3993 2270 4060 harmonize;

710 4081 808 4137 sed
839 4096 946 4135 non
978 4091 1261 4151 propterea
1282 4090 1367 4136 est
1397 4091 1729 4151 concentus;
1755 4100 1929 4154 neque
1962 4085 2106 4139 enim
2146 4086 2273 4155 quia

706 4172 928 4226 virtutis
957 4173 1232 4242 particeps
1262 4181 1367 4240 est,
1403 4173 1524 4229 ideo
1554 4176 1729 4230 virtus
1760 4186 1843 4230 est
1874 4175 2073 4230 anima.
2112 4172 2273 4231 Gale-

710 4279 816 4319 nus
843 4278 974 4318 vero
1004 4264 1137 4317 nihil
1170 4278 1302 4319 sane
1334 4266 1561 4333 asserit;
1594 4280 1779 4321 verum
1831 4275 2160 4335 protestatur
2219 4270 2272 4324 in

708 4354 1137 4409 demonstrativo
1169 4367 1440 4419 sermone,
1477 4356 1620 4424 quod
1653 4355 1786 4409 nihil
1811 4355 1879 4411 de
1913 4357 2092 4412 anima
2122 4357 2271 4412 afﬁr-

708 4444 969 4511 maverit;
1009 4444 1103 4499 sed
1138 4444 1414 4513 probabile
1447 4453 1530 4500 est
1562 4460 1624 4499 ex
1660 4446 1729 4498 iis
1781 4460 1902 4516 quae
1958 4448 2115 4509 dicit,
2144 4463 2267 4503 eum

710 4534 883 4603 magis
915 4535 1144 4604 probare
1170 4534 1403 4587 animam
1427 4548 1547 4588 esse
1600 4541 2105 4604 temperamentum.
2151 4534 2269 4591 Huc

708 4622 852 4676 enim
889 4622 1221 4693 prependere
1248 4637 1456 4676 morum
1487 4621 1864 4687 differentiam,
1894 4640 1955 4678 ex
1986 4624 2271 4694 Hippocra-

709 4714 782 4769 tis
804 4715 965 4770 dictis
994 4713 1443 4768 couunentarium
1479 4712 1732 4766 instituit.
1768 4713 1922 4778 Quod
1985 4715 2032 4768 si
2062 4715 2135 4767 ita
2165 4722 2267 4781 est,

709 4808 1056 4878 perspicuum
1088 4813 1171 4860 est
1224 4805 1433 4875 opinari
1492 4805 1728 4857 animam
1793 4804 2073 4860 mortalem
2124 4821 2267 4869 esse,

709 4914 819 4953 non
847 4907 1030 4952 tamen
1082 4912 1319 4963 omnem,
1377 4896 1473 4952 sed
1519 4897 1832 4961 humanam,
1883 4912 1988 4968 qua
2043 4898 2271 4952 rationis

708 5005 902 5062 expers
924 4998 1253 5055 est;verum
1286 4988 1353 5042 de
1399 4988 1627 5041 rationis
1685 4988 1967 5058 participe,
2022 4988 2272 5057 ambigue

712 5080 793 5134 sic
817 5076 1260 5147 loquituernod
1296 5091 1426 5130 vero
1453 5092 1561 5130 non
1594 5078 1763 5147 possit
1795 5078 1974 5131 anima
2003 5084 2272 5146 tempera-

713 5180 951 5223 mentum
989 5165 1234 5234 corporis
1275 5179 1420 5228 esse,
1476 5165 1602 5219 hinc
1631 5172 1812 5234 patet:
1854 5166 2028 5221 Omne
2073 5179 2274 5232 corpus

713 5261 1009 5313 animatum
1042 5269 1204 5328 atque
1234 5257 1532 5313 inanimum
1590 5274 1653 5313 ex
1709 5265 1942 5326 quatuor
1990 5257 2273 5312 elementis

713 5350 930 5404 mistnm
960 5357 1073 5416 est;
1114 5349 1208 5404 sed
1234 5350 1381 5404 enim
1415 5350 1607 5404 horum
1658 5348 1839 5403 mistio
1869 5362 2099 5417 corpora
2137 5362 2271 5402 cou-

709 5442 905 5508 stizuit;
954 5457 1123 5513 quare
1152 5443 1198 5498 si
1246 5442 1425 5497 anima
1480 5442 1726 5511 corporis
1787 5448 2272 5509 temperamentum

708 5541 875 5597 esset,
906 5534 1042 5587 nihil
1077 5533 1219 5589 foret
1250 5534 1508 5598 iuanlme,
1536 5541 1594 5585 ut
1626 5532 1764 5586 ratio
1791 5530 2162 5587 demonstrat:
2193 5531 2274 5585 sic

709 5619 853 5672 enim
874 5621 1055 5675 anima
1081 5625 1328 5693 corporis
1352 5624 1536 5679 mistio
1562 5630 1727 5676 esset.
1757 5621 1969 5676 Rursus
1991 5622 2037 5677 si
2070 5635 2273 5686 corpus

708 5709 991 5765 misturam
1028 5710 1205 5781 h'ahct,
1255 5726 1308 5771 et
1352 5732 1514 5771 orline
1553 5731 1753 5784 corpus
1787 5715 2021 5768 animam
2076 5713 2271 5768 habet:

2368 3277 2524 3331 οὐσία
2563 3273 2679 3326 ἐστὶ
2730 3270 2824 3324 καὶ
2865 3268 3251 3339 ὑποκείμενον·
3284 3262 3318 3338 ἡ
3357 3267 3413 3319 δὲ
3440 3266 3673 3337 ἁρμονία
3719 3266 3876 3319 ποιότ

2371 3369 2465 3423 καὶ
2518 3370 2574 3421 ὲν
2622 3363 2998 3433 ὑποκειμένῳ’
3058 3362 3091 3431 ἠ
3123 3359 3178 3412 δὲ
3216 3359 3371 3412 οὐσία
3403 3358 3685 3428 ποιότητος
3728 3357 3876 3426 ἓτερε

2371 3461 2463 3513 καὶ
2503 3461 2535 3528 ἡ
2586 3452 2730 3526 ψυχὴ
2776 3455 2882 3525 ἄρα
2929 3449 3192 3521 ἁρμονίας
3244 3450 3446 3529 ἕτερον.
3507 3446 3799 3520 Ἁρμονίας
3848 3465 3876 3518 μ

2371 3568 2451 3603 τοι
2483 3548 2725 3619 μετέχειν
2768 3543 2864 3615 τὴν
2889 3541 3065 3613 ψυχὴν
3093 3540 3243 3595 οὐδὲν
3273 3540 3472 3596 ἄτοπον
3491 3558 3505 3572 ο
3551 3540 3667 3594 ἁλλ’
3699 3542 3763 3594 οὐ
3795 3558 3873 3592 πα

2371 3641 2527 3694 τοῦτο
2563 3636 2794 3709 ἁρμονία
2822 3634 2999 3687 ἐστίν·
3044 3634 3105 3685 οὐ
3145 3631 3254 3703 γὰρ
3289 3633 3420 3686 διότι
3462 3632 3665 3704 ἀρετῆς
3703 3632 3872 3703 μετέχ

2372 3725 2539 3797 ἀρετή
2574 3726 2719 3777 ἐστιν
2763 3724 2796 3792 ἡ
2849 3720 3015 3791 ψυχή.
3067 3719 3303 3790 Γαληνὸς
3338 3719 3395 3773 δὲ
3440 3720 3806 3789 ἀποφαίνεται
3854 3740 3876 3791 ε,

2371 3817 2538 3879 οὐδὲν,
2571 3815 2705 3868 άλλὰ
2728 3811 3151 3884 διαμαρτύρεται
3187 3812 3245 3864 ὲν
3284 3810 3363 3881 τῷ
3391 3810 3760 3881 ἁποδεικτικῷ
3782 3812 3876 3879 λόγ

2372 3908 2446 3970 ὡς
2474 3906 2623 3960 οὐδὲν
2656 3905 2738 3975 εἴη
2767 3905 2894 3976 περ)⁸
2920 3902 3098 3974 ψυχῆς
3128 3902 3590 3971 ἀποφαινόμενος·
3621 3901 3769 3954 ἔοικε
3806 3901 3865 3954 δὲ

2373 3992 2448 4052 ὧν
2473 3998 2619 4067 λέγει
2636 3995 2945 4067 δοκιμάζειν
2973 3993 3171 4066 μᾶλλον
3196 3991 3293 4065 τὴν
3314 3993 3507 4064 κρᾶσιν
3537 3987 3681 4045 εἶναι
3714 3993 3818 4061 τὴν
3847 3992 3876 4060 ς

2375 4091 2475 4162 χήν
2493 4107 2508 4121 ο
2536 4087 2708 4162 ταύτῃ
2755 4088 2864 4159 γὰρ
2907 4082 3290 4167 ἐπακολουθεῖν
3315 4085 3413 4154 τὴν
3439 4082 3547 4137 τῶν
3586 4082 3736 4151 ἠθῶν
3762 4082 3876 4147 διας

2376 4181 2496 4252 ρὰν,
2528 4181 2591 4233 ἐκ
2618 4179 2725 4231 τῶν
2762 4178 3151 4247 Ἱπποκράτους
3178 4175 3597 4238 κατασκευάζων
3630 4172 3725 4227 τὸν
3754 4174 3876 4242 λόγι

2374 4271 2423 4320 εί
2452 4266 2507 4321 δὲ
2532 4266 2709 4328 τοῦτο,
2732 4266 2889 4335 δῆλον
2909 4267 2990 4318 ὅτι
3024 4264 3116 4317 καὶ
3146 4263 3342 4335 θνητὴν
3373 4265 3542 4334 αὐτὴν
3571 4265 3744 4317 οἴεται
3774 4258 3876 4316 sive

2373 4360 2434 4411 οὐ
2468 4360 2645 4411 πᾶσαν
2677 4356 2754 4421 δὲ,
2794 4355 2930 4409 ἀλλὰ
2970 4355 3069 4425 τὴν
3098 4354 3289 4421 ἄλογον
3329 4354 3496 4424 μόνην
3528 4353 3708 4424 ψυχὴν
3735 4353 3833 4406 τοῦ
3863 4358 3876 4404 t‘

2376 4447 2592 4518 θρώπου
2612 4464 2625 4478 ~
2658 4447 2786 4517 περὶ
2814 4444 2871 4499 δὲ
2898 4448 2997 4516 τῆς
3024 4444 3246 4515 λογικῆς
3283 4442 3612 4513 ἀμφιϐάλλει
3645 4441 3830 4510 λέγων
3867 4460 3876 4491 ι

2369 4554 2495 4602 τως·
2532 4539 2654 4590 Ὀτι
2683 4537 2737 4590 δὲ
2773 4537 2834 4589 οὐ
2862 4536 3081 4591 δύναται
3111 4535 3204 4589 τοῦ
3233 4533 3481 4604 σώματος
3514 4535 3546 4605 ἡ
3579 4534 3787 4604 κρᾶσις
3818 4528 3876 4584 εἷο

2368 4628 2533 4699 ψυχὴ.
2570 4629 2725 4698 δῆλον
2778 4626 3058 4680 ἐντεῦθεν·
3101 4625 3217 4679 Πᾶν
3252 4625 3409 4695 σῶμα
3456 4624 3701 4695 ἔμψυχόν
3752 4641 3818 4676 τε
3868 4640 3876 4676 1

2368 4720 2572 4789 ἄψυχον
2627 4720 2691 4770 ὲκ
2728 4717 2832 4770 τῶν
2863 4716 3141 4787 τεσσάρων
3173 4715 3451 4785 στοιχείων
3480 4716 3851 4786 κεκράτηται.

2369 4811 2475 4879 γὰρ
2531 4808 2733 4860 τούτων
2792 4808 2986 4879 κρᾶσις
3036 4805 3106 4859 τά
3155 4803 3381 4875 σώματα
3435 4803 3845 4874 ἀπεργάζεται.

2369 4900 2548 4952 τοίνυν
2580 4901 2614 4969 ἠ
2657 4897 2750 4951 τοῦ
2796 4896 3043 4973 σωματος
3085 4896 3279 4966 κρᾶσίς
3317 4897 3466 4948 ἐστιν
3509 4898 3543 4965 ἡ
3582 4893 3759 4965 ψυχὴ,
3804 4896 3871 4946 οὐ

2371 4988 2576 5059 ἄψυχον
2620 4988 2791 5051 ἔσται,
2838 4987 2913 5049 ὡς
2956 4986 2985 5037 ὁ
3017 4973 3171 5054 λόγος
3201 4980 3501 5050 ἀπέδειξεν.
3549 4983 3714 5037 Οὖτω
3761 4984 3876 5054 γὰρ

2372 5083 2567 5153 κρᾶσις
2598 5079 2689 5133 τοῦ
2732 5078 2979 5148 σώματος
3022 5076 3167 5148 ψυχὴ
3195 5078 3368 5132 ἔσται.
3403 5076 3569 5131 Πάλιν
3615 5077 3666 5130 εἰ
3702 5077 3769 5129 τὸ
3800 5076 3876 5128 at?

2374 5175 2566 5244 κρᾶσιν
2597 5171 2731 5241 ἔχει,
2779 5170 2872 5223 καὶ
2911 5170 3018 5222 πᾶν
3067 5168 3224 5237 σῶμα
3260 5167 3438 5239 ψυχὴν
3467 5168 3612 5237 ἔχει’
3650 5169 3703 5220 εἰ
3742 5168 3806 5221 δὲ
3854 5184 3876 5217 1

2374 5263 2533 5334 σῶμα
2564 5260 2729 5331 ψυχὴ,
2772 5259 2923 5313 οὐδὲν
2970 5258 3127 5329 σῶμὰ
3168 5259 3314 5313 ἐστιν
3359 5257 3596 5327 ἄψυχον·
3636 5254 3768 5308 οὔτε
3816 5255 3871 5305 λί

2373 5353 2501 5421 ἄρα,
2536 5350 2657 5406 οὔτε
2692 5350 2843 5415 ξύλα,
2890 5349 3012 5403 οὔτε
3048 5349 3281 5420 σίδηρος,
3329 5347 3452 5411 οὔτε
3489 5346 3618 5401 ἄλλο
3650 5363 3707 5399 τι
3746 5345 3876 5414 ὢῲυτ

2375 5443 2526 5496 ἔσται
2546 5457 2559 5470 ·
2594 5443 2643 5494 εἰ
2671 5441 2727 5495 δὲ
2773 5440 2847 5511 μὴ
2878 5440 3105 5493 καθόλου
3135 5440 3310 5492 πᾶσαν
3338 5439 3534 5508 κρᾶσιν
3566 5435 3839 5506 σώματος
3874 5436 3875 5483 Ῐ

2375 5551 2460 5602 γει
2486 5532 2659 5603 ψυχὴν
2691 5530 2850 5595 εἶναι,
2896 5530 3031 5585 άλλὰ
3060 5530 3157 5597 τὴν
3186 5530 3392 5583 τοιάνδε
3413 5546 3426 5561 ·
3462 5527 3798 5600 ὲρωτητέον,
3834 5543 3876 5577 π

2375 5623 2570 5695 κρᾶσίς
2617 5627 2784 5688 ἐστιν,
2836 5623 2869 5694 ἡ
2924 5621 3061 5687 ζῶον
3112 5621 3359 5686 ποιοῦσα,
3414 5622 3509 5673 καὶ
3555 5620 3745 5690 ψυχῆς
3802 5616 3875 5670 λόη

2377 5712 2665 5784 ἐπέχουσα.
2718 5713 2939 5765 Ὀποίαν
2965 5712 3071 5783 γὰρ
3100 5711 3164 5765 ἂν
3196 5712 3336 5766 εἴποι
3377 5711 3475 5780 τὴν
3512 5710 3737 5780 κρᾶσιν,
3770 5723 3876 5761 του
