4008 6210
288 290 377 349 ΗΠ
1679 300 1763 355 DE
1805 300 2041 356 ANIMA.

3382 302 3487 359 £98

286 430 377 485 την
400 410 670 484 εὐρήσομεν
691 403 832 465 εἶναι
863 408 953 464 καὶ
987 410 1046 465 ἰν
1088 412 1202 475 τοῖς
1231 412 1456 485 ἀψύχοις
1475 432 1488 446 ·
1520 415 1672 472 ὲννέα
1706 418 1813 487 γὰρ

1927 416 2055 487 ιιιοό
2088 415 2133 473 si
2155 432 2317 474 omne
2345 431 2545 488 corpus
2578 417 2759 472 anima
2789 423 2895 484 est,
2929 416 3143 473 nullum
3173 430 3373 488 corpus
3401 426 3488 474 est

286 502 437 558 οὐσῶν
481 502 750 573 κράσεων,
799 501 879 565 ὡς
929 502 1090 566 αὐτὸς
1146 504 1206 556 ὲν
1255 503 1335 574 τῷ
1390 507 1517 576 περὶ
1570 508 1816 578 κράσεως

283 591 486 657 ἔδειξεν⁸
530 590 670 645 ὀκτὼ
708 592 808 663 μὲν
846 592 956 646 τῶν
981 594 1318 665 δυσκράτων,
1350 598 1481 667 μιᾶς
1508 598 1563 651 δὲ
1599 599 1695 668 τῆς
1728 602 1816 650 εὐ-

278 684 488 755 κράτου·
537 682 674 736 κατά
725 682 826 753 μὲν
871 684 968 755 τὴν
1018 683 1281 757 εὖκρατον
1325 687 1472 755 λέγει
1522 689 1818 759 κεκρᾶσθαι

274 776 352 828 τὸν
393 775 686 845 ἄνθρωπον,
738 776 800 829 οὐ
841 777 1017 831 πάντα
1064 777 1142 842 δὲ,
1189 777 1325 831 ἀλλά
1373 780 1464 832 τὸν
1507 780 1604 851 τῆς
1650 781 1818 851 μέσης

272 866 527 938 κράσεωςο
561 866 700 919 κατὰ
743 868 802 921 δὲ
850 867 948 932 τάς
986 868 1150 931 ἀλλας
1191 869 1524 941 δυσκρασίας
1571 872 1639 925 τὰ
1683 872 1819 926 ἄλλα

272 957 372 1020 ζῶα
408 958 524 1010 κατ’
568 952 707 1021 εἶδος
752 958 891 1029 μετά
928 959 1027 1030 τῆς
1072 961 1165 1013 ὲπὶ
1207 961 1268 1014 τὸ
1303 960 1499 1032 μᾶλλον
1530 964 1623 1015 καὶ
1660 959 1818 1033 ἦττον

271 1048 483 1112 ἀνέσεώς
522 1065 583 1102 τε
626 1050 721 1103 καὶ
753 1051 1056 1115 ὲπιτάσεως
1086 1052 1464 1124 εὑρίσκονται,
1509 1055 1602 1107 καὶ
1630 1056 1687 1106 ὲν
1708 1058 1817 1118 τοῖς

268 1138 471 1208 ἀψύχοις
519 1139 750 1209 κράσεις
798 1140 935 1210 μετὰ
979 1140 1071 1194 τοῦ
1122 1142 1318 1212 μᾶλλον
1367 1143 1461 1195 καὶ
1507 1138 1699 1214 ἦττον·
1744 1144 1820 1207 ὡς

268 1229 409 1292 αὐτὸς
437 1229 595 1283 πάλιν
626 1231 688 1283 ὲν
721 1232 835 1293 τοῖς
879 1230 1068 1293 ἁπλοῖς
1103 1232 1402 1297 ἀπέδειξεν.
1439 1235 1559 1287 Ἔτι
1592 1237 1625 1305 ή
1673 1234 1819 1305 ψυχὴ

268 1320 439 1389 κρᾶσίς
474 1321 655 1373 ἐστιν·
710 1320 768 1373 al
815 1320 873 1373 δὲ
908 1321 1132 1391 κράσεις
1164 1322 1304 1375 κατά
1348 1322 1447 1387 τὰς
1486 1323 1699 1394 ἡλικίας
1728 1326 1820 1377 καὶ

265 1408 351 1468 τὰς
392 1403 553 1476 ὥρας,
601 1406 702 1460 καὶ
731 1408 831 1469 τὰς
860 1406 1068 1471 διαίτας
1090 1425 1104 1437 ·
1150 1410 1184 1480 ἡ
1212 1409 1359 1481 ψυχὴ
1401 1411 1783 1467 ἐναλλάσσεται
1803 1430 1817 1444 ·

263 1498 304 1547 εί
324 1494 375 1547 δὲ
399 1495 806 1561 ὲναλλάσσεται,
834 1499 898 1551 οὐ
919 1497 1016 1570 τὴν
1044 1499 1215 1571 αὐτὴν
1247 1500 1444 1573 ἔχομεν
1468 1501 1665 1576 ψυχὴν,
1687 1504 1821 1558 ἀλλὰ

263 1588 384 1640 κατὰ
413 1589 507 1659 τὴν
542 1592 770 1659 κρᾶσιν,
801 1591 931 1643 ποτὲ
964 1592 1062 1661 μὲν
1106 1591 1340 1657 λέοντος,
1373 1595 1504 1651 ποτὲ
1532 1595 1589 1649 δὲ
1616 1596 1820 1667 προόά-

260 1695 358 1737 του,
381 1678 505 1730 ποτὲ
540 1678 610 1731 δὲ
636 1678 797 1733 ἄλλου
833 1679 999 1743 τινος,
1030 1679 1166 1751 ὅπερ
1210 1682 1429 1737 ἄτοπον.
1460 1683 1580 1735 Ἐτι
1622 1683 1656 1753 ἡ
1688 1684 1822 1752 κρᾶ-

1918 509 2237 571 inanimum,
2271 523 2447 577 neque
2481 523 2613 577 ergo
2634 508 2794 577 lapis,
2836 523 3013 578 neque
3040 508 3210 576 ligna,
3247 522 3346 564 nec
3379 506 3489 564 fer-

1920 611 2061 661 rum,
2091 611 2268 666 neque
2288 596 2435 651 aliud
2485 597 2780 667 quidquam
2834 598 3132 652 inanimum
3155 598 3279 653 erit.
3333 596 3489 664 Quod

1919 684 1965 736 si
2026 698 2131 738 non
2184 685 2438 740 universe
2493 700 2656 740 omne
2705 693 3189 755 temperamentum
3240 686 3489 755 corporis

1917 775 2061 828 dicat
2089 775 2213 844 quis
2243 790 2365 830 esse
2399 775 2659 843 animam,
2693 778 2786 831 sed
2819 779 2927 831 tale
2958 776 3254 846 quoddam,
3291 792 3490 847 rogan-

1919 868 2047 939 dum
2079 879 2160 922 est
2186 870 2362 937 qualis
2395 871 2505 922 haec
2531 868 2761 921 mistura
2792 868 2862 921 sit
2887 883 3009 937 qua;
3052 868 3254 922 animal
3298 868 3487 933 efﬁcit,

1919 969 2081 1029 atque
2128 958 2323 1013 animae
2377 959 2643 1012 rationem
2699 958 2951 1012 obtinet?
3002 955 3280 1014 Utramvis
3340 960 3487 1012 enim

1920 1050 2118 1106 dixerit
2142 1051 2301 1105 talem
2340 1050 2673 1115 mistionem,
2720 1050 3063 1104 inveniemus
3088 1063 3211 1105 esse
3240 1048 3486 1103 eamdem

1919 1143 2159 1198 etiamin
2191 1143 2260 1198 iis
2297 1157 2418 1212 quae
2448 1143 2686 1196 inanima
2741 1148 2889 1196 sunt.
2931 1138 3066 1194 Nam
3116 1155 3240 1194 cum
3293 1153 3487 1194 novent

1921 1232 2033 1287 sint
2090 1239 2534 1300 temperantenta,
2596 1239 2654 1285 ut
2708 1230 2822 1299 ipse
2874 1229 2927 1282 in
2982 1232 3375 1283 commentario
3421 1227 3488 1281 de

1922 1322 2365 1393 temperamentis
2394 1322 2576 1387 docet,
2603 1328 2729 1375 octo
2760 1320 2977 1389 quidem
3005 1335 3068 1373 ex
3102 1319 3169 1374 iis
3203 1334 3323 1388 qua:
3347 1333 3490 1387 aegre

1921 1423 2311 1486 temperantur,
2330 1431 2496 1469 unum
2521 1429 2668 1480 vero,
2693 1414 2837 1483 quod
2871 1414 3048 1467 facilis
3076 1422 3159 1466 cst
3188 1411 3489 1480 temperiei,

1921 1520 1987 1561 ac
2044 1505 2197 1576 juxta
2249 1507 2386 1561 bene
2448 1514 2802 1575 temperatam
2873 1504 3157 1559 misturam
3213 1502 3490 1557 hominem

1923 1604 2279 1665 temperatum
2309 1612 2431 1652 esse
2489 1596 2643 1663 dicit,
2704 1595 2797 1650 sed
2843 1610 2951 1649 non
2997 1608 3244 1659 omnem;
3303 1606 3491 1647 verum

1923 1688 2074 1741 illum
2101 1687 2193 1757 qtti
2226 1688 2419 1742 media:
2448 1695 2826 1756 temperatura:
2871 1693 2978 1752 est,
3033 1698 3098 1737 ac
3154 1684 3308 1752 juxta
3355 1682 3492 1735 alias

264 1785 332 1829 σς
359 1769 452 1821 οὐκ
495 1770 840 1822 ἐναντιοῦται
889 1772 1005 1833 ταῖς
1044 1771 1361 1841 ἐπιθυμίαις
1401 1772 1495 1825 τοῦ
1544 1771 1813 1843 σώματος,

1927 1780 2338 1849 temperationes
2367 1788 2562 1833 caetera
2603 1778 2858 1831 animalia
2895 1775 3197 1831 secundum
3226 1774 3487 1842 speciem,

261 1859 374 1911 alii
399 1860 486 1911 καὶ
511 1862 793 1929 συνεργεῖ.
829 1859 977 1932 Δῦτη
1006 1861 1113 1932 γάρ
1144 1861 1291 1915 ἐστιν
1318 1863 1351 1933 ἠ
1396 1860 1617 1916 κινοῦσα
1636 1879 1648 1891 ·
1685 1863 1718 1933 ἡ
1756 1862 1812 1914 δὲ

259 1951 384 2021 tinxi)
417 1951 782 2007 ἐναντιοῦται.
807 1953 921 2007 Οὐκ
944 1953 1051 2025 ἄρα
1076 1954 1270 2025 κρᾶσίς
1297 1955 1442 2009 ἐστιν
1475 1956 1508 2027 ἡ
1530 1954 1675 2026 ψυχή
1695 1972 1710 1987 ο
1734 1955 1814 2007 ἔτι

258 2048 300 2095 εί
326 2045 506 2113 κρᾶσίς
538 2045 670 2097 ἐστι
705 2045 874 2116 ψυχὴ.
900 2047 935 2115 ἠ
962 2045 1021 2099 δὲ
1063 2048 1259 2118 κρᾶσις
1296 2047 1547 2119 ποιότης·
1596 2048 1816 2118 ποιότης

259 2135 306 2188 ὁὶ
335 2135 655 2204 καὶγίνεται
679 2137 773 2190 καὶ
799 2137 1114 2206 ἀπογίνεται
1144 2138 1312 2210 χωρὶς
1348 2141 1446 2208 τῆς
1477 2137 1569 2192 τοῦ
1597 2139 1810 2191 ὑποκει-

262 2225 400 2295 μένου
426 2225 676 2297 φθορᾶς·
711 2226 805 2279 καὶ
836 2228 871 2297 ἠ
902 2225 1050 2298 ψυχὴ
1087 2227 1196 2299 ἀρα
1229 2228 1625 2299 χωρισθήσεται
1648 2228 1815 2299 χωρὶς

259 2315 341 2384 τῆς
369 2315 457 2369 τοῦ
494 2315 868 2386 ὑποκειμένου
899 2314 1133 2387 φθορᾶς’
1182 2316 1339 2371 τοῦτο
1368 2318 1424 2370 δὲ
1456 2320 1557 2371 οὐκ
1585 2318 1781 2389 ἀληθές
1799 2332 1813 2347 ⁸

259 2407 343 2461 οὐκ
374 2407 476 2479 ἀρα
501 2409 733 2479 κρᾶσις,
763 2406 883 2461 οὐδὲ
920 2407 1141 2478 ποιότης
1171 2409 1318 2463 ἐστὶν
1343 2411 1377 2480 ἡ
1399 2409 1564 2479 ψυχή.
1593 2409 1667 2463 Οὐ
1709 2408 1817 2479 γάρ

260 2501 313 2571 δή
344 2519 433 2556 που
463 2502 587 2556 τῶν
626 2501 1018 2573 ἀντικειμένων
1053 2501 1113 2554 τὸ
1142 2501 1327 2572 ἕτερον
1371 2500 1614 2570 φυσικῶς
1647 2517 1816 2572 προσ-

261 2595 380 2645 εἶναι
403 2594 647 2664 φήσουσι
677 2592 754 2663 τῷ
780 2592 924 2663 ζώῳ,
953 2592 1029 2656 ὼς
1051 2594 1143 2646 ἐπὶ
1164 2590 1258 2645 τοῦ
1284 2591 1452 2663 πυρὸς
1481 2592 1541 2645 τὸ
1582 2591 1781 2664 θερμόν
1799 2608 1814 2623 ’

262 2686 575 2755 ἀμετάθετον
633 2684 741 2756 γὰρ
785 2684 979 2737 τοῦτο*
1028 2684 1278 2753 φαίνεται
1325 2684 1382 2737 δὲ
1425 2684 1815 2756 μετατιθεμένη

261 2778 289 2846 ἡ
319 2779 519 2847 κρᾶσις.
556 2775 785 2830 Μᾶλλον
826 2775 883 2827 δὲ
918 2775 1012 2829 καὶ
1047 2774 1199 2828 αὐτοί
1227 2776 1364 2828 εἰσιν
1388 2776 1437 2828 οί
1477 2775 1565 2828 διά
1613 2774 1710 2845 τῆς
1747 2777 1821 2828 ία-

260 2868 431 2938 τρικῆς
454 2868 664 2937 τέχνης
689 2866 786 2928 τὰς
813 2865 1038 2936 κράσεις
1081 2864 1502 2937 μεταωλλοντες
1522 2882 1536 2896 ο
1567 2865 1646 2919 ἔτι
1687 2884 1821 2919 παν-

260 2960 339 3021 τδς
365 2958 619 3028 σώματος
648 2959 705 3010 αί
733 2958 1015 3027 ποιότητες
1048 2955 1298 3027 αἰσθηταί
1334 2957 1472 3009 εἰσιν
1494 2972 1508 2986 ⁶
1538 2959 1571 3027 ἡ
1594 2957 1651 3010 δὲ
1673 2958 1819 3031 ψυχὴ

258 3050 348 3100 οὐκ
380 3048 640 3117 αἰσθητὴ,
674 3045 809 3100 ἀλλὰ
837 3045 1000 3118 νοητή
1026 3059 1040 3073 ⁶
1069 3045 1167 3098 οὐκ
1194 3045 1302 3121 ἀρα
1343 3045 1564 3117 ποιότης
1594 3047 1818 3118 scopa-

261 3139 340 3202 τός
368 3141 510 3193 ἐστιν
548 3140 593 3209 ἠ
630 3137 801 3208 ψυκὴ-

1921 1887 2043 1924 cntn
2081 1870 2405 1926 remissione
2446 1878 2500 1925 et
2537 1870 2859 1933 intentione,
2900 1867 2966 1922 ad
3020 1867 3072 1920 id
3118 1864 3263 1935 quod
3318 1864 3491 1931 magis

1922 1962 2003 2015 vel
2027 1962 2206 2014 minus
2245 1962 2624 2015 inveniuntur:
2664 1961 2909 2028 itemque
2935 1959 2989 2011 in
3015 1972 3197 2011 rerum
3223 1954 3490 2007 inanima—

1923 2060 2098 2104 tarum
2129 2052 2571 2121 temperameutis
2618 2066 2742 2103 cum
2793 2049 3121 2104 remissione
3171 2047 3252 2100 vel
3309 2046 3490 2099 inten-

1923 2143 2095 2197 tione:
2128 2154 2186 2197 ut
2216 2143 2333 2212 ipse
2361 2143 2415 2196 in
2442 2140 2785 2211 simplicibus
2813 2155 3004 2194 rursus
3040 2136 3300 2193 ostendit.
3344 2134 3489 2188 Prae-

1923 2244 2067 2290 terea
2099 2234 2279 2287 anima
2312 2232 2635 2303 temperatio
2653 2241 2767 2298 est;
2806 2231 2900 2287 sed
2934 2229 3352 2300 temperationes
3398 2241 3489 2281 se-

1923 2324 2159 2379 cundum
2188 2325 2426 2391 habitus,
2459 2331 2669 2389 aetates,
2701 2330 3049 2393 tempestates
3071 2320 3201 2374 anni
3237 2328 3293 2375 et
3312 2318 3490 2372 victus

1924 2416 2185 2487 regimina
2215 2431 2276 2471 se
2327 2415 2558 2470 habent:
2583 2424 2638 2470 et
2664 2416 2843 2468 anima
2878 2418 3246 2468 commutatur
3281 2429 3295 2464 :
3344 2407 3493 2479 quod

1926 2506 1973 2562 si
2020 2514 2407 2571 commutatur,
2465 2520 2575 2559 non
2621 2504 2866 2559 eamdem
2900 2504 3166 2558 habemus
3220 2501 3489 2563 animam,

1926 2595 2019 2652 sed
2046 2596 2202 2664 juxta
2251 2595 2569 2666 temperiem
2600 2593 2893 2663 aliquando
2948 2593 3143 2652 ieonis.
3198 2590 3494 2659 aliquando

1925 2691 2065 2754 ovis,
2109 2686 2379 2740 interdum
2410 2687 2573 2741 etiam
2610 2684 2833 2740 alterius
2875 2683 3118 2752 cujusvis
3170 2682 3491 2746 animantis,

1926 2776 2068 2847 quod
2093 2775 2493 2846 perabsurdum
2522 2785 2627 2831 est.
2660 2775 2831 2829 Porro
2866 2784 3348 2842 temperamentum
3386 2788 3492 2825 non

1928 2869 2247 2924 adversatur
2277 2869 2596 2925 libidinibus
2622 2868 2894 2940 corporis,
2924 2869 3032 2921 imo
3082 2882 3209 2920 vero
3232 2879 3491 2933 cooperao

1929 2966 2051 3013 tur:
2088 2960 2191 3013 hoc
2217 2961 2361 3013 enim
2394 2968 2479 3015 est
2503 2960 2648 3030 quod
2678 2968 2878 3015 movet.
2903 2960 3067 3029 Atqui
3099 2958 3277 3012 auina
3312 2957 3498 3010 adver-

1928 3062 2082 3108 satur
2112 3052 2502 3123 cupiditatibus
2527 3053 2829 3123 ejusmodi;
2862 3070 2968 3109 non
2998 3062 3079 3109 est
3120 3051 3282 3122 igitur
3312 3050 3494 3104 anima

1847 3124 1890 3179 υ
1924 3150 2427 3211 temperamentum.
2488 3142 2661 3197 Porro
2707 3144 2976 3214 siquidem
3031 3140 3354 3211 temperatio
3413 3148 3499 3191 est

260 3234 449 3296 anima,
501 3229 833 3300 temperatio
860 3242 983 3282 vere
1034 3233 1119 3283 est
1162 3227 1433 3298 qualitas;
1464 3228 1580 3283 haec
1637 3236 1817 3284 autem
1858 3230 2014 3286 adest
2052 3240 2105 3286 et
2133 3232 2287 3286 abest
2318 3232 2525 3301 absque
2552 3231 2784 3301 subjecti
2814 3231 3087 3302 pernicie;
3146 3230 3312 3284 etiam
3377 3228 3496 3279 aui-

264 3336 342 3374 uta
368 3322 578 3391 absque
618 3319 841 3373 interitu
872 3316 1103 3387 subjecti
1159 3318 1540 3387 separabitur'.
1569 3318 1670 3373 hoc
1708 3330 1888 3374 autem
1957 3337 2085 3376 vero
2158 3331 2586 3376 consentaneum
2640 3339 2748 3376 non
2796 3331 2898 3376 est.

2980 3322 3100 3374 Non
3153 3319 3316 3388 igitur
3382 3320 3499 3370 ani-

262 3433 339 3470 ma
369 3427 452 3474 est
474 3420 994 3485 temperamentum,
1055 3427 1155 3467 nec
1204 3413 1459 3483 qualitas.
1513 3411 1630 3468 Non
1678 3414 1824 3468 enim
1863 3416 2052 3485 utique
2086 3418 2316 3472 alterum
2348 3418 2722 3487 oppositornm
2753 3416 3077 3470 naturaliter
3150 3414 3343 3467 adetse
3411 3411 3497 3463 di-

263 3520 375 3564 rent
400 3511 649 3574 animali,
679 3516 737 3561 ut
764 3508 820 3562 in
861 3507 983 3577 igne
1021 3507 1280 3574 calidum,
1312 3524 1548 3578 namque
1597 3509 1700 3562 ltoc
1730 3510 2172 3567 incommutabile
2196 3520 2279 3567 est
2311 3528 2323 3563 :
2383 3512 2534 3582 atqui
2594 3514 2910 3582 temperatio
2976 3509 3260 3564 mutationi
3322 3506 3498 3561 obno-

266 3618 340 3656 ω
367 3603 605 3658 videtur.
635 3602 779 3668 Quin
811 3601 994 3671 potius
1028 3601 1130 3670 ipsi
1165 3609 1293 3656 sunt
1337 3601 1432 3671 qtti
1463 3608 1581 3655 arte
1651 3602 1862 3657 medica
1937 3611 2361 3673 temperamenta
2429 3613 2642 3659 mutant
2683 3619 2696 3655 :
2767 3603 2962 3659 deinde
3014 3601 3195 3657 omnis
3254 3600 3501 3667 corporis

266 3696 539 3760 qualitates
569 3696 675 3750 sub
702 3710 923 3749 sensum
950 3694 1183 3762 cadunt;
1212 3695 1393 3749 anima
1435 3710 1565 3751 vero
1590 3696 1866 3752 sensibilis
1890 3714 1997 3752 non
2031 3706 2138 3766 est,
2162 3698 2259 3755 sed
2322 3700 2700 3772 intelligibilis.
2765 3697 2884 3754 Non
2947 3708 3030 3753 est
3107 3697 3274 3767 igitur
3320 3691 3502 3746 anima

262 3791 489 3860 qualitas
515 3791 768 3859 corporis
804 3803 1021 3859 expers.

332 3886 451 3936 Ἔτι
478 3887 514 3955 ἡ
538 3884 634 3937 τοῦ
675 3883 924 3955 σώματος
952 3885 1044 3939 καὶ
1070 3883 1377 3955 πνεύματος
1418 3885 1556 3956 μετά
1584 3885 1798 3956 παραθέ
1821 3918 1826 3923 -

262 3991 401 4039 σωκ
441 3975 657 4046 σαρκῶν
689 3979 783 4029 καὶ
822 3974 1028 4046 νεύρων
1069 3975 1164 4028 καὶ
1196 3974 1304 4028 τῶν
1350 3974 1524 4029 ἄλλων
1566 3976 1829 4046 εὐκρασία

266 4069 415 4139 ἰσχῦς
450 4071 629 4123 ἐστιν·
664 4069 761 4121 xa'l.
803 4068 972 4140 ἡτῶν
1000 4067 1217 4140 θερμῶν
1255 4068 1312 4121 δὲ
1340 4068 1435 4121 καὶ
1467 4068 1690 4139 ψυχρῶν
1738 4069 1829 4122 καὶ

264 4161 436 4233 ξηρῶν
468 4163 563 4215 καὶ
582 4161 768 4231 ὑγρῶν
798 4161 1084 4232 εὐκρασία,
1111 4160 1289 4229 ὑγίειά
1317 4162 1463 4214 ἐστιν
1482 4176 1496 4191 ·
1526 4162 1559 4231 ἠ
1601 4159 1658 4212 δὲ
1689 4176 1829 4229 συμ-

267 4253 453 4324 μετρία
477 4254 588 4306 τῶν
620 4251 798 4323 μελῶν
831 4252 964 4324 μετά
984 4252 1083 4323 τῆς
1108 4252 1352 4323 εὐχρόας,
1378 4251 1441 4304 τὸ
1470 4250 1662 4315 κάλλος
1689 4253 1832 4303 ποιεῖ

264 4344 353 4398 τοῦ
381 4343 656 4414 σώματος.
679 4342 741 4396 Ei
761 4343 939 4396 τοίνυν
959 4345 993 4414 ἡ
1016 4342 1246 4414 ἁρμονία
1269 4342 1369 4413 τῆς
1386 4342 1593 4411 ὑγιείας
1618 4342 1708 4395 καί
1734 4343 1831 4411 τῆς

2008 3883 2138 3939 ltem
2169 3887 2415 3953 corporis
2479 3892 2533 3937 et
2580 3882 2805 3952 spiritus
2851 3880 2993 3935 bona
3026 3878 3317 3947 temperies
3366 3891 3493 3931 cum

1935 3975 2439 4040 carnis,nervorum
2469 3985 2630 4044 atque
2668 3975 2899 4027 aliorum
2934 3970 3295 4041 apposition'e,
3334 3970 3503 4025 robur

1935 4077 2040 4129 est,
2073 4078 2127 4123 et
2155 4067 2459 4121 calidorutu
2509 4081 2572 4120 ac
2609 4065 2954 4136 frigidorum,
3004 4063 3276 4116 siccorum
3319 4069 3373 4114 et
3399 4062 3504 4114 ltu-

1938 4160 2208 4213 midorum
2241 4158 2384 4212 bona
2418 4156 2712 4225 temperies
2741 4155 2950 4209 sanitas
2981 4162 3097 4216 est;
3133 4153 3503 4207 membrorum

1939 4257 2119 4304 autem
2165 4258 2221 4304 et
2278 4256 2494 4301 artuum
2545 4245 2823 4299 moderata
2877 4244 3194 4315 symmetria
3237 4258 3333 4297 seu
3379 4259 3506 4313 pto-

1939 4340 2118 4409 portio
2164 4354 2288 4395 cum
2325 4340 2567 4393 bonitate
2613 4336 2854 4401 coloris,
2898 4336 3353 4406 pulchritudinem
3383 4352 3506 4388 cor-

266 4435 439 4505 ίσχύος
487 4437 587 4489 καὶ
614 4433 709 4489 τοῦ
749 4434 979 4497 κάλλους
1024 4435 1168 4506 ψυχή
1213 4434 1378 4494 ἐστιν.
1410 4435 1620 4505 ἀνάγκη
1745 4434 1824 4486 τὸκ

1941 4432 2089 4501 poris
2144 4430 2291 4485 facit.
2343 4431 2529 4502 Itaque
2562 4430 2609 4486 si
2655 4430 2938 4484 harmonia
2989 4430 3264 4491 sanitatis,
3296 4436 3350 4483 et
3383 4429 3505 4498 pul-

267 4524 546 4597 Mpmmv
578 4524 759 4588 ζῶντα
801 4525 937 4595 μήτε
975 4525 1168 4587 νοσεῖν,
1209 4524 1343 4594 μήτε
1391 4523 1657 4585 ἀσθενεῖν.
1695 4524 1832 4593 μήτε

266 4615 505 4686 ἄμορφον
536 4610 676 4669 εἶναι
699 4629 713 4644 ⁸
753 4613 1037 4684 συμϐαίνει
1064 4612 1121 4666 δὲ
1160 4612 1439 4676 πολλάκις,
1475 4612 1535 4665 οὐ
1571 4612 1700 4682 μίαν
1736 4612 1832 4682 μό-

264 4725 366 4772 νον,
403 4708 524 4761 ἀλλ’
564 4705 702 4780 ὁμοῦ
751 4708 930 4770 πάσας
971 4706 1070 4769 τὰς
1098 4707 1243 4778 τρεῖς
1291 4706 1491 4769 ταύτας
1538 4706 1835 4776 εὐκρασίας

264 4798 615 4864 ἀπόλλυσθαι,
668 4798 763 4851 καὶ
793 4796 892 4868 ζῇν
922 4796 1012 4850 τὸν
1054 4795 1369 4869 ἄνθρωπον*
1401 4794 1682 4866 συμϐαίνει
1728 4796 1836 4866 γὰρ

266 4888 349 4939 τὸν
386 4890 553 4942 αὐτὸν
576 4887 713 4959 ὁμοῦ
753 4889 848 4940 καὶ
882 4888 1126 4958 ἄμορφον
1154 4884 1290 4940 εἶναι
1330 4888 1426 4940 καὶ
1453 4886 1698 4940 ἀσθενεῖν
1740 4887 1835 4939 καὶ

265 4982 455 5035 νοσεῖν.
502 4979 618 5033 Οὐκ
656 4981 770 5051 ἀρα
802 4981 837 5050 ἠ
879 4978 1144 5050 εὐκρασία
1187 4978 1282 5031 τοῦ
1329 4978 1577 5049 σώματός
1627 4980 1773 5032 ἐστιν
1800 4980 1833 5048 ἠ

266 5069 425 5140 ψυχή.
463 5069 588 5134 Πῶς
609 5066 705 5124 οῦν
739 5069 964 5137 φυσικαί
990 5085 1132 5132 τινες
1159 5070 1347 5123 κακίαι
1378 5070 1471 5123 καὶ
1512 5071 1701 5141 ἀρεταὶ
1726 5072 1837 5132 τοῖς

268 5161 572 5231 ἀνθρώποις
592 5163 817 5216 ἓπονται
842 5178 857 5226 ;
888 5159 1058 5214 Τοῦτο
1085 5163 1148 5214 ὲκ
1177 5161 1278 5231 τῆς
1307 5160 1400 5214 τοῦ
1427 5160 1675 5231 σώματος
1706 5160 1837 5230 ἀλη-

268 5246 371 5310 θῶς
421 5249 671 5320 κράσεως
715 5250 941 5317 γίνεται.
989 5242 1074 5313 Ὠς
1103 5250 1211 5322 γὰρ
1263 5250 1503 5320 φυσικῶς
1532 5251 1582 5304 ot
1618 5250 1840 5319 ὐγιεινοὶ

269 5338 358 5390 καὶ
382 5338 637 5403 νοσώδεις
663 5342 800 5393 εἰσιν
825 5342 890 5393 ἐκ
914 5341 1012 5410 τῆς
1037 5341 1303 5411 κράσεως,
1328 5339 1469 5394 οῦτω
1497 5340 1640 5401 τινὲς
1677 5357 1836 5408 φυσι-

270 5427 375 5491 nia;
428 5430 743 5501 πικρόχολοι
786 5431 959 5494 ὅντες,
1011 5428 1215 5502 ὀργίλοι
1259 5422 1416 5493 είσὶν,
1460 5430 1610 5485 ἄλλοι
1657 5429 1837 5495 δειλοὶ,

271 5518 414 5573 illo:
440 5523 778 5591 κατωφερεϊς
797 5538 810 5551 ·
840 5521 951 5574 ἀλλ’
984 5520 1111 5574 ἔνιοι
1140 5520 1399 5595 κρατοῦσι
1424 5521 1516 5573 καὶ
1540 5521 1842 5592 περιγίνον-

273 5624 387 5661 ται·
432 5610 592 5680 δῆλον
622 5612 680 5665 δι
712 5613 795 5665 ὅτι
842 5612 941 5681 τῆς
970 5613 1216 5683 κράσεως
1249 5612 1540 5684 κρατοῦσιν
1564 5630 1578 5643 ·
1612 5613 1740 5668 ἀλλο
1783 5611 1841 5665 δέ

276 5700 389 5752 ἐστι
424 5701 493 5754 τὸ
523 5702 770 5775 κρατοῦν,
799 5703 892 5755 xal
914 5703 1037 5758 ἄλλο
1067 5704 1126 5758 τὸ
1152 5704 1518 5776 κρατούμενον
1543 5721 1556 5735 ·
1587 5703 1713 5759 ἀλλο
1735 5702 1842 5774 ἄρα

1935 4518 2263 4575 chritudinis
2287 4529 2588 4575 concentus
2616 4528 2700 4576 est
2723 4520 2926 4581 anima,
2961 4535 3186 4575 necesse
3221 4519 3384 4574 fuerit
3419 4520 3507 4572 lto-

1936 4609 2136 4664 minent
2169 4610 2436 4666 viventem
2469 4625 2646 4680 neque
2670 4618 2957 4679 aegrotare,
3000 4624 3176 4678 neque
3205 4610 3505 4671 intirmum,

1936 4715 2115 4771 neque
2144 4700 2445 4757 deformem
2478 4716 2601 4756 esse
2634 4717 2649 4752 :
2697 4715 2887 4753 verum
2917 4715 3061 4769 saepe
3093 4699 3360 4769 contingit
3394 4714 3502 4753 non

1937 4807 2101 4845 unam
2130 4792 2302 4846 solam
2332 4793 2803 4861 temperationem,
2854 4791 2951 4845 sed
3004 4803 3116 4846 tres
3165 4791 3301 4845 istas
3354 4792 3509 4859 prius

1937 4885 2112 4939 dictas
2141 4884 2439 4939 desiderari
2482 4891 2538 4939 et
2582 4884 2781 4953 perire,
2816 4891 2871 4939 et
2902 4895 3082 4938 tamen
3119 4884 3389 4937 hominem
3425 4883 3506 4936 vi-

1939 4990 2084 5030 vere.
2131 4972 2398 5031 Usuvenit
2428 4974 2573 5029 enim
2605 4975 2784 5045 ipsum
2820 4974 2986 5031 simul
3024 4982 3079 5030 et
3108 4974 3431 5035 deformem.
3457 4984 3506 5028 et

1939 5067 2211 5121 infirmum
2233 5108 2247 5132 ,
2295 5074 2350 5122 et
2396 5076 2657 5135 aegrotum
2682 5082 2823 5121 esse.
2859 5065 2977 5119 Non
3009 5076 3093 5120 est
3130 5065 3296 5135 igitur
3328 5066 3509 5119 anima

1938 5160 2186 5228 corporis
2229 5160 2429 5215 bonum
2478 5167 2987 5231 temperamentum.
3036 5159 3324 5225 Quomodo
3379 5173 3509 5228 ergo

1940 5247 2214 5302 naturalia
2241 5247 2489 5317 quaedam
2518 5249 2651 5302 vitia
2701 5255 2755 5303 et
2788 5249 3017 5303 virtutes
3043 5247 3376 5302 comitantur
3407 5247 3508 5302 lto-

1942 5341 2149 5397 mines?
2196 5339 2310 5396 [loc
2354 5355 2485 5396 vero
2526 5356 2591 5395 ex
2625 5339 2874 5409 corporis
2914 5353 3044 5393 vere
3077 5346 3510 5408 temperamento

1940 5435 2137 5490 uritur.
2196 5431 2331 5487 Nam
2391 5431 2851 5502 quemadmodum
2906 5429 3230 5485 naturaliter
3287 5432 3404 5486 sani
3454 5437 3512 5485 et

1943 5524 2184 5580 morbosi
2233 5532 2360 5579 sunt
2420 5539 2485 5578 ex
2543 5530 3009 5593 temperamento,
3061 5521 3142 5577 sic
3189 5522 3514 5576 naturaliter

1944 5614 2163 5684 quidam
2190 5616 2302 5668 acri
2331 5613 2440 5668 bile
2470 5611 2659 5681 perciti
2688 5609 2934 5666 iracundi
2967 5618 3133 5679 sunt;
3163 5611 3256 5666 alii
3285 5611 3514 5664 meticu-

1947 5704 2073 5770 losi,
2113 5705 2204 5759 alii
2241 5703 2576 5774 pmcipitcs;
2611 5716 2802 5759 verum
2849 5700 3070 5771 quidam
3119 5702 3507 5761 continentse,
