4008 6210
630 280 729 338 199

1847 280 1902 335 S.
1944 275 2266 336 GREGORII
2306 276 2592 335 NYSSENI

3728 265 3821 321 200

623 398 677 446 et
718 389 944 445 vincunt
985 407 999 443 :
1055 389 1313 445 nimirum
1373 389 1501 460 quia
1549 396 2034 461 temperamentum
2085 405 2181 446 su-

2307 394 2497 463 πρᾶσις,
2526 390 2620 468 καί
2647 385 2773 442 ἄλλο
2790 384 2934 455 ψυχή
2957 399 2971 414 ο
3010 381 3240 453 ὄργανον
3264 379 3372 452 γάρ
3391 376 3452 432 ὃν
3477 377 3537 432 τὸ
3568 378 3712 450 σῶμα
3735 380 3820 451 τῆς

627 491 841 551 perant.
886 480 1049 550 Atqui
1096 480 1241 534 aliud
1276 483 1533 551 estquod
1563 485 1805 535 continet
1847 490 1901 536 et
1946 483 2103 552 regit,
2131 491 2185 535 ct

627 571 775 626 aliud
805 570 949 641 quod
980 573 1294 627 continetur
1323 580 1377 627 et
1406 573 1629 643 regitur.
1660 573 1821 626 Aliud
1853 573 2017 643 igitur
2052 581 2179 626 tem-

627 666 1022 729 peramentum.
1057 669 1112 715 et
1140 660 1287 715 aliud
1319 661 1498 715 anima
1527 670 1643 727 est;
1693 678 1816 716 nam
1854 662 2180 715 instrumen-

604 758 739 804 ~tum
766 765 890 805 cum
907 752 979 806 sit
1005 751 1169 805 animi
1189 767 1406 822 corpus,
1433 754 1478 807 si
1495 751 1846 823 quidemapte
1866 751 2184 805 fabricatum

625 849 1113 912 comparatumque
1136 843 1228 908 sit,
1264 854 1521 912 operatur
1541 844 1743 907 anima,
1782 852 1837 898 et
1863 844 2039 913 ipsum
2067 850 2191 911 apte

626 934 1015 1003 commodeque
1045 942 1220 1000 tenet;
1255 935 1338 989 sin
1366 936 1544 989 minus
1572 945 1757 1003 aptum
1786 934 1853 987 ad
1886 934 2191 987 functiones
2216 928 2221 933 ’

628 1024 816 1091 fuerit,
852 1033 985 1081 tunc
1016 1026 1181 1084 rebus
1207 1041 1339 1082 sane
1366 1041 1502 1096 opus
1534 1027 1728 1081 animae
1762 1025 1943 1080 fuerit.
1982 1024 2190 1078 Etenim

627 1115 915 1171 decertans
958 1133 1082 1172 cum
1132 1118 1490 1188 ineptitudine
1535 1116 1923 1179 instrumenti,
1976 1114 2192 1168 tametsi

629 1222 738 1261 non
784 1206 941 1262 valde
983 1208 1322 1278 evigilaverit
1346 1249 1387 1269 ..
1421 1219 1481 1262 ut
1515 1218 1870 1263 conversetur
1902 1223 2025 1262 cum
2053 1207 2194 1277 ipso,

631 1302 799 1354 veluti
839 1298 1101 1362 musicus,
1136 1296 1357 1355 aberrat
1405 1317 1510 1355 una
1555 1315 1679 1355 cum
1732 1300 1994 1370 pravitate
2041 1298 2192 1369 lyrae,

632 1390 739 1446 nisi
773 1392 926 1461 prius
974 1391 1145 1460 ipsam
1192 1392 1618 1447 concinnaverit.
1677 1390 2023 1461 Quapropter
2054 1403 2194 1458 opus

633 1488 719 1534 est
745 1479 936 1535 animae
956 1494 1088 1534 cura
1114 1482 1381 1551 corporis,
1416 1490 1476 1535 ut
1506 1488 1785 1551 comparet
1809 1494 1965 1534 suum
1998 1478 2198 1533 instru-

635 1578 876 1624 mentum
909 1570 1013 1625 sibi
1061 1580 1265 1641 aptum,
1288 1553 1389 1643 ope
1418 1570 1647 1625 rationis
1685 1577 1739 1624 et
1772 1583 2006 1633 morum,
2052 1575 2113 1623 ut
2140 1567 2194 1621 in

632 1669 900 1717 concentu
923 1663 1261 1726 ltarmonico,
1291 1663 1418 1717 dum
1445 1661 1638 1730 partim
1668 1659 1833 1727 laxat,
1864 1660 2058 1730 partim
2102 1659 2189 1712 in-

2285 484 2498 554 ψυχῆς,
2534 481 2627 534 ἐὰν
2668 479 2765 550 μὲν
2812 475 3131 546 ἐπιτηδείως
3173 469 3605 541 κατασκευασθῇ,
3637 473 3827 541 ἐνεργεῖ

2287 577 2352 644 τῇ
2384 575 2550 643 ψυχῇ,
2584 571 2677 623 καὶ
2704 568 2835 625 αὐτὸ
2866 566 2977 636 ἔχει
3009 563 3347 634 ἐπιτηδείως·
3400 561 3495 615 ἐάν
3539 561 3595 613 δέ
3625 560 3691 632 μὴ
3718 562 3828 613 ἐπιδ

2285 667 2492 734 τήδειον
2529 664 2822 733 ἐνήργηκε,
2850 658 2972 711 τότε
3005 656 3162 727 χρεία
3202 656 3268 726 τῇ
3305 653 3450 724 ψυχῇ
3492 652 3823 723 πραγμάτων.

2296 752 2714 822 Ἀπομαχομένη
2758 749 2864 820 γὰρ
2914 746 3048 819 πρὸς
3097 745 3197 815 τὴν
3235 741 3702 814 ἀνεπιτηδειότητα
3741 740 3827 794 τοῦ

2288 843 2539 913 ὀργάνου,
2567 839 2669 894 κᾶν
2700 838 2773 909 μή
2812 836 3016 907 σφόδρα
3045 836 3210 906 νήψῃ,
3255 835 3350 887 καὶ
3378 832 3829 902 συνδιαστρέφεται

2290 932 2456 1003 αὐτῷ,
2488 931 2732 1001 καθάπερ
2762 928 3034 1001 μουσικὸς,
3062 926 3523 997 συνεξαμαρτάνει
3548 928 3611 997 τῇ
3638 925 3729 995 τῆς
3747 924 3831 978 λύ-

2295 1043 2392 1096 ρας
2423 1025 2715 1095 διαστροφῇ
2742 1062 2756 1086 ,
2789 1023 2884 1075 ἐὰν
2920 1021 2993 1092 μὴ
3042 1020 3303 1091 πρότερον
3335 1018 3502 1090 αὐτὴν
3537 1018 3834 1088 καταστήσῃ

2292 1113 2489 1177 καλῶς.
2520 1111 2611 1165 Διὸ
2652 1112 2744 1164 καὶ
2793 1110 2953 1181 χρεία
2993 1111 3059 1180 τῇ
3091 1108 3235 1178 ψυχῇ
3280 1108 3380 1178 τῆς
3412 1100 3712 1176 ἐπιμελείας
3745 1105 3832 1158 τοῦ

2294 1202 2563 1273 σώματος,
2600 1201 2686 1254 ἵνα
2735 1200 3051 1270 καταστήσῃ
3102 1199 3232 1251 αὐτὸ
3282 1194 3509 1270 ὄργανον
3554 1196 3835 1265 ἐπιτήδειον

2293 1296 2457 1366 ἑαυτῇ
2478 1310 2490 1322 ·
2520 1292 2612 1347 καὶ
2650 1291 2808 1344 τοῦτο
2831 1290 2888 1343 δὲ
2919 1292 3062 1342 ποιεῖ
3100 1288 3187 1342 διά
3212 1305 3272 1341 τε
3313 1287 3406 1341 τοῦ
3443 1287 3598 1354 λόγου
3628 1287 3713 1340 καὶ
3737 1285 3835 1339 τῶν

2293 1386 2460 1457 ἠθῶν,
2491 1385 2566 1450 ὡς
2590 1386 2648 1438 ἐν
2676 1381 2932 1454 ἁρμονίᾳ,
2960 1379 3029 1434 τὰ
3063 1380 3162 1450 μὲν
3192 1378 3428 1450 χαλῶσα,
3460 1379 3528 1432 τὰ
3561 1379 3616 1432 δέ
3656 1378 3839 1431 ἐπιτεί-

2294 1493 2475 1538 νουσα,
2520 1475 2608 1528 ῐνα
2647 1471 2902 1544 ἁρμόδιον
2942 1468 3073 1524 αὐτὸ
3120 1469 3284 1539 ἑαυτῇ
3315 1468 3710 1538 κατασκευάσῃ,
3753 1466 3842 1519 καὶ

2295 1568 2562 1638 χρήσηται
2608 1560 2896 1633 ἐπιτηδείῳ
2932 1557 3146 1629 ὀργάνῳ
3168 1572 3182 1586 ·
3219 1557 3320 1611 κᾶν
3364 1555 3438 1627 μὴ
3476 1556 3612 1626 αὑτὴ
3643 1556 3843 1608 συνδια-

2296 1660 2511 1730 στραφῇ
2543 1654 2723 1726 αὐτῷ·
2761 1652 3045 1724 συμϐαίνει
3071 1648 3180 1721 γὰρ
3208 1648 3302 1701 καὶ
3334 1647 3511 1700 τοῦτο.
3559 1646 3846 1716 Ἀριστοτέ-

631 1753 826 1818 tendit,
876 1761 936 1808 ut
986 1754 1310 1808 concinnam
1363 1752 1591 1823 gratiam
1650 1751 1822 1821 ipsam
1870 1748 2192 1818 sibimetipsi

2307 1755 2390 1819 λης
2429 1747 2487 1801 δέ
2516 1746 2615 1815 τὴν
2661 1744 2838 1814 ψυχὴν
2881 1739 3214 1809 ἐντελέχειαν
3262 1736 3453 1806 λέγων,
3498 1736 3648 1789 οὐδὲν
3693 1731 3847 1806 ἦττον

631 1852 928 1912 comparet,
961 1850 1016 1896 et
1057 1841 1277 1912 proprio
1308 1842 1675 1896 instrumento
1722 1848 1959 1910 aptoque
1988 1845 2193 1903 utatur,

630 1940 800 2000 utque
823 1931 940 1999 ipsa
963 1944 1072 1983 non
1093 1928 1418 1998 depravetur
1438 1943 1563 1982 cum
1597 1931 1751 1998 ipso;
1795 1929 2072 1984 enimvero
2094 1927 2197 1981 hoc

630 2022 796 2075 etiam
830 2019 1100 2074 usuvenit.
1123 2017 1388 2073 Caeterum
1410 2017 1731 2074 Aristoteles
1751 2017 1987 2072 animam
2013 2024 2194 2072 actum

634 2107 936 2178 perfectum
965 2123 1089 2164 esse
1136 2108 1361 2174 dicens,
1409 2107 1768 2163 nihilominus
1798 2106 2098 2177 propendet
2129 2105 2196 2160 ad

630 2214 729 2256 eos
756 2199 851 2270 qui
882 2200 1055 2269 ipsam
1086 2199 1404 2269 qualitatem
1453 2197 1665 2252 dicunt.
1718 2195 1824 2252 Sed
1852 2197 2005 2267 prius
2037 2212 2196 2266 quem

632 2301 794 2347 vocet
824 2300 1006 2346 actum
1041 2291 1365 2361 perlectum,
1406 2290 1770 2346 declaremus.
1827 2287 2198 2346 Substantiam

635 2382 815 2438 tribus
844 2381 1019 2437 modis
1040 2381 1173 2436 dicit
1201 2397 1214 2433 :
1252 2382 1393 2436 hanc
1418 2381 1642 2452 quidem
1670 2390 1728 2435 ut
1761 2380 2043 2435 materiam
2075 2380 2201 2435 sub-

635 2471 855 2540 iectam,
900 2471 1046 2542 quod
1088 2486 1187 2542 per
1233 2486 1292 2526 se
1332 2471 1549 2542 quidem
1593 2470 1732 2527 nihil
1763 2477 1869 2534 est,
1907 2470 2201 2541 potentiam

637 2571 818 2618 tamen
865 2563 1030 2619 habet
1074 2563 1141 2618 ad
1179 2571 1380 2619 ortum.
1428 2563 1592 2618 Aliud
1627 2570 1807 2619 autem
1837 2571 1922 2619 est
1950 2546 2122 2619 forma
2149 2568 2203 2617 et

638 2654 883 2723 species,
945 2653 1246 2710 secundum
1300 2669 1463 2724 quam
1528 2654 1868 2724 speciticatur
1932 2654 2199 2718 materia;

639 2746 802 2802 tertio
853 2746 974 2802 loco
1021 2753 1315 2816 utrumque
1361 2746 1528 2800 simul
1572 2745 1719 2815 quod
1765 2760 1828 2799 ex
1885 2744 2107 2799 materia
2149 2751 2204 2799 et

641 2834 818 2891 forma
862 2835 1260 2902 constitutum,
1319 2834 1461 2904 quod
1512 2845 1597 2890 est
1644 2835 1831 2905 utique
1879 2835 2200 2889 animatum.

642 2927 1003 2994 Quamobrem
1054 2925 1280 2981 materia
1331 2924 1551 2995 quidem
1597 2926 1837 2995 potentia
1885 2935 1988 2989 est,
2031 2924 2204 2980 forma

644 3033 774 3074 vero
814 3025 990 3073 actus.
1048 3016 1162 3071 Hoc
1207 3031 1370 3086 porro
1423 3014 1675 3070 bifariam
1724 3016 2083 3082 intelligitur,
2145 3025 2204 3070 ut

643 3114 899 3178 scientia,
930 3120 986 3168 et
1014 3112 1299 3166 scientiam
1336 3108 1686 3164 considerare
1721 3109 2026 3172 :videlicet,
2074 3109 2204 3163 illud

644 3205 863 3277 quidem
896 3211 957 3260 ut
980 3203 1289 3274 dispositio,
1322 3202 1425 3257 hoc
1452 3211 1632 3256 autem
1662 3209 1721 3256 ut
1743 3208 1934 3268 actus;
1980 3200 2203 3256 scientia

645 3305 816 3362 certe,
840 3304 902 3352 ut
928 3296 1057 3352 dum
1087 3295 1270 3350 anima
1299 3307 1433 3350 sana
1460 3302 1563 3356 est,
1595 3301 1650 3347 et
1679 3292 1808 3347 dum
1841 3292 2014 3361 scpita
2037 3292 2204 3362 jacet,

645 3396 700 3444 et
741 3388 871 3445 dum
919 3388 1155 3458 evigilat,
1206 3386 1440 3456 primum
1489 3384 1708 3455 quidem
1756 3384 1939 3456 vigilia
1984 3398 2082 3439 seu
2109 3398 2207 3439 ex-

648 3478 917 3550 perrectio
960 3485 1046 3534 est
1085 3477 1143 3532 in
1181 3475 1637 3546 contemplando,
1676 3489 1841 3546 scpor
1886 3488 2016 3528 vero
2046 3473 2211 3527 invi-

646 3569 844 3629 dendo,
879 3579 935 3624 et
962 3567 1185 3623 minime
1228 3565 1525 3637 operando.
1560 3566 1639 3621 Ac
1684 3565 1835 3635 prior
1876 3564 2096 3635 quidem
2125 3573 2211 3619 est

649 3662 881 3719 scientia
909 3662 1262 3732 operatione;
1310 3667 1366 3715 et
1414 3670 1699 3731 pmpterea
1744 3658 1976 3728 primum
2027 3664 2207 3711 actum

650 3752 885 3825 appellat
937 3751 1217 3816 formam;
1272 3749 1570 3805 secundum
1630 3762 1757 3804 vero
1808 3745 2207 3808 ditl'erentiam;

649 3843 817 3900 veluti
842 3842 1036 3898 oculus
1066 3850 1151 3897 est
1189 3841 1417 3910 subjecti
1446 3847 1496 3895 et
1527 3839 1757 3906 format;
1806 3853 1871 3893 ac
1906 3836 2210 3906 subjectum

651 3934 868 4005 quidem
897 3942 982 3989 est
1009 3936 1061 3987 in
1095 3935 1233 4002 ipso,
1260 3931 1405 4002 quod
1433 3939 1611 3984 autem
1640 3930 1831 3999 recipit
1862 3929 2061 3993 visum,
2098 3942 2213 3981 ma-

650 4025 790 4079 teria
821 4031 906 4079 est
932 4023 1110 4089 oculi;
1143 4022 1447 4093 appellatur
1470 4021 1633 4075 etiam
1667 4019 1755 4073 hic
1784 4018 2063 4087 aequivoce
2088 4031 2215 4072 ocu-

655 4115 760 4170 lus.
813 4114 1009 4170 Forma
1054 4128 1182 4169 vero
1213 4120 1268 4168 et
1318 4120 1474 4167 actus
1522 4111 1730 4181 primus
1763 4110 2045 4181 oculorum
2098 4108 2213 4176 ipse

652 4208 807 4263 visus
835 4214 940 4273 est,
971 4213 1026 4261 et
1071 4207 1163 4275 qui
1203 4211 1424 4274 praestat
1469 4212 1529 4255 ut
1578 4200 1760 4256 videre
1801 4199 1974 4269 possit
2000 4198 2210 4251 oculus.

655 4297 939 4354 Secundus
995 4306 1175 4351 autem
1222 4303 1377 4349 actus
1429 4293 1572 4347 oculi
1606 4302 1687 4347 est
1739 4290 2018 4361 operatio,
2061 4288 2214 4359 juxta

2297 1837 2630 1909 συμφέρεται
2660 1836 2771 1896 τοῖς
2802 1831 3061 1900 ποιότητα
3093 1828 3340 1896 λέγουσιν
3369 1826 3536 1896 αὕτήν
3556 1840 3572 1857 ·
3602 1825 3851 1892 διασαφή-

2299 1946 2480 2000 σωμεν
2502 1928 2562 1981 δὲ
2595 1926 2855 1998 πρότερον
2898 1921 2996 1992 τὴν
3026 1918 3359 1989 ἐντελέχειαν
3386 1917 3505 1970 τίνα
3541 1916 3710 1970 καλεῖ.
3742 1914 3849 1984 Τὴν

2296 2019 2481 2072 οὐσίαν
2523 2016 2722 2088 τριχῶς
2750 2014 2929 2082 λέγει·
2958 2010 3055 2082 τὴν
3097 2009 3193 2081 μὲν
3220 2008 3294 2071 ὼς
3321 2005 3452 2078 ὕλην
3489 2004 3850 2076 ὑποκείμενον,

2297 2109 2325 2162 ὃ
2362 2106 2485 2162 καθ’
2512 2105 2673 2162 ἐαυτδ
2722 2106 2820 2177 μὲν
2855 2104 3021 2176 μηδέν
3060 2102 3205 2164 ἐστι,
3235 2098 3461 2169 δύναμιν
3504 2097 3561 2150 δὲ
3589 2097 3696 2167 ἔχει
3722 2095 3855 2168 πρὸς

2297 2200 2511 2269 γένεσιν
2528 2216 2541 2230 ·
2568 2197 2751 2268 ἕτερον
2773 2196 2829 2249 δὲ
2859 2193 3037 2266 μορφὴ
3063 2191 3157 2246 καὶ
3174 2183 3332 2254 εἶδος,
3354 2188 3473 2243 καθ’
3497 2188 3565 2259 ἢν
3589 2187 3858 2240 είδοποιεῐο

2299 2306 2385 2341 ται
2419 2290 2453 2359 ή
2492 2284 2627 2358 ὕλη”
2667 2286 2850 2357 τρίτον
2882 2283 2938 2337 δὲ
2987 2278 3049 2335 τὸ
3103 2278 3525 2351 συναμφότερον,
3571 2277 3632 2329 τὸ
3671 2276 3734 2328 ἐκ
3762 2274 3859 2344 τῆς

2302 2378 2432 2449 ὕλης
2460 2375 2665 2432 καὶτοῦ
2688 2374 2861 2438 εἴδους
2887 2373 3274 2444 γεγενημένον,
3297 2371 3326 2424 ὅ
3350 2370 3466 2423 ἐστι
3494 2366 3674 2421 λοιπὸν
3700 2366 3863 2437 ἐμψυ-

2300 2487 2413 2540 χον.
2456 2468 2611 2523 Ἐστι
2652 2467 2748 2537 μὲν
2786 2461 2881 2520 οὖν
2913 2466 2947 2536 ή
2997 2463 3095 2535 μὲν
3127 2462 3227 2534 ὕλη
3257 2461 3515 2531 δύναμις,
3548 2457 3610 2512 τὺ
3641 2458 3696 2511 δὲ
3728 2454 3861 2519 εἶδος

2304 2558 2622 2630 ἐντελέχεια.
2654 2554 2824 2610 Τοῦτο
2848 2556 2906 2611 δέ
2931 2554 3092 2626 διχῶς
3116 2555 3335 2616 νοεῖται,
3353 2551 3427 2615 ὡς
3455 2551 3748 2620 ἐπιστήμη,
3771 2548 3865 2601 καὶΙ

2302 2651 2362 2703 τὸ
2402 2650 2623 2721 Θεωρεῖν
2649 2647 2749 2718 τήν
2775 2645 3083 2717 ἐπιστήμην
3105 2659 3119 2673 ·
3149 2643 3420 2707 τουτέστι,
3445 2640 3506 2694 τὸ
3539 2639 3635 2710 μὲν
3658 2638 3733 2702 ὡς
3751 2637 3866 2691 διάδ

2304 2740 2482 2804 θεσις,
2514 2739 2577 2791 τὸ
2618 2737 2674 2791 δὲ
2700 2736 2775 2799 ὡς
2803 2735 3052 2805 ἐνέργεια
3077 2748 3091 2763 ο
3126 2732 3399 2801 ἐπιστήμη
3433 2729 3552 2799 μὲν,
3587 2730 3667 2782 ὅτι
3704 2727 3764 2779 ἐν
3789 2725 3869 2795 τῷ

2304 2829 2564 2897 ὑγιαίνειν
2583 2827 2682 2899 τὴν
2707 2822 2883 2897 ψυχὴν
2905 2823 3156 2895 ὑπάρχει·
3175 2822 3269 2876 καὶ
3292 2822 3573 2874 ὕπνοῦσαι⁶
3589 2818 3680 2872 καὶ⁴
3705 2818 3872 2887 ἐγρη-

2305 2919 2523 2991 γορέναι
2546 2932 2559 2949 ’
2594 2917 2810 2988 πρῶτον
2835 2915 2893 2968 δὲ
2915 2916 2949 2985 ή
2994 2913 3091 2985 μὲν
3125 2909 3451 2982 ἐγρήγορσις
3483 2911 3597 2962 ἐστι
3629 2905 3708 2976 τῷ
3737 2905 3872 2958 θεω-

2311 3013 2455 3081 ρεῖν,
2494 3010 2522 3062 ὁ
2555 3008 2610 3061 δὲ
2652 3005 2818 3069 ὕπνος
2847 3004 2925 3075 τῷ
2959 3003 3175 3073 βλέπειν
3209 3001 3301 3055 καὶ
3337 3000 3411 3070 μὴ
3438 2998 3698 3068 ἐνεργεῖν.
3731 2996 3875 3066 Προ-

2307 3099 2443 3170 τέρα
2481 3098 2538 3151 δέ
2593 3098 2740 3150 ἐστιν
2781 3096 2813 3165 ή
2858 3094 3132 3163 ἐπιστήμη
3180 3091 3278 3159 τῆς
3323 3088 3617 3159 ἐνεργείας.
3659 3083 3751 3137 Διὸ
3781 3084 3878 3136 καὶ

2309 3188 2529 3262 πρώτην
2556 3187 2886 3257 ἐντελέχειαν
2912 3183 3066 3238 καλεῖ
3087 3183 3148 3236 τὸ
3192 3179 3357 3246 εἶδος,
3383 3180 3631 3247 δεύτερον
3668 3176 3727 3230 δέ
3757 3176 3878 3229 δια-

2308 3280 2480 3353 φορὰν
2506 3278 2604 3350 τὴν
2645 3278 2924 3350 ἐνέργειαν
2943 3291 2957 3306 ο
2982 3270 3093 3328 οἷον
3126 3271 3400 3343 ὀφθαλμὸς
3429 3270 3487 3335 ἐξ
3516 3267 3878 3337 ὑποκειμένου

2309 3373 2427 3425 ἐστὶ
2445 3372 2539 3425 καὶ
2567 3370 2764 3432 εἴδους·
2789 3368 2882 3421 καὶ
2901 3367 3018 3420 ἐστι
3041 3365 3103 3418 τὸ
3129 3366 3226 3435 μὲν
3249 3362 3603 3431 ὑποκείμενον
3623 3360 3681 3412 ἐν
3706 3358 3878 3424 αὐτῷ,

2307 3464 2369 3517 τὸ
2396 3462 2451 3516 δὲ
2483 3460 2797 3531 δεδεγμένον
2828 3457 2927 3530 τὴν
2959 3457 3103 3527 δψιν,
3136 3454 3234 3526 ὕλη
3271 3453 3548 3525 ὀφθαλμοῦ
3572 3466 3588 3482 ·
3634 3448 3878 3503 καλεῖται

2310 3555 2403 3609 καὶ
2429 3550 2565 3622 αὕτη
2585 3545 3168 3621 ὁμωνύμωςὸφθαλμός
3185 3560 3200 3576 ο
3230 3540 3365 3607 εἶδος
3394 3543 3450 3596 δὲ
3467 3541 3561 3595 καὶ
3577 3539 3878 3608 ἐντελέχεια

2309 3646 2343 3714 ἡ
2358 3641 2544 3713 πρώτη
2561 3636 2854 3708 ὀφθαλμῶν
2867 3635 3047 3706 αὕτὴή
3064 3632 3204 3703 ὄψις,
3224 3632 3259 3700 ὴ
3277 3630 3336 3684 τὸ
3353 3628 3572 3685 δυνατὸν
3585 3628 3719 3698 ὁρᾷν
3737 3623 3878 3693 usu;

2310 3730 2676 3803 παρεχομένη.
2721 3726 2955 3797 Δευτέρα
2981 3724 3036 3776 δὲ
3081 3720 3381 3791 ἐντελέχεια
3412 3722 3525 3773 ἐστι
3559 3716 3657 3769 τοῦ
3684 3715 3878 3785 ὀφθαλι

2314 3821 2414 3893 μοῦ
2433 3824 2466 3893 ἡ
2485 3821 2751 3892 ἐνέργεια,
2774 3817 2894 3871 καθ’
2914 3818 2978 3886 ἢν
2994 3816 3113 3886 ὁρᾷ.
3142 3814 3352 3882 Ὥσπερ
3374 3806 3465 3864 οὖν
3488 3809 3516 3862 ὁ
3531 3808 3657 3880 ἄρτι
3672 3807 3878 3877 τεχθεῇ

2314 3911 2535 3977 σκύλαξ,
2565 3911 2681 3964 οὐδὲ
2710 3908 2896 3979 ἑτέραν
2931 3906 3028 3977 μὲν
3052 3905 3162 3976 ἔχει
3188 3902 3540 3972 ἐντελέχειαν,
3572 3898 3812 3965 δύναμιν
3839 3897 3878 3948 δί

2313 4003 2425 4075 ἔχει
2460 4002 2553 4057 τοῦ
2591 4000 2843 4066 δέξασθαι
2882 3998 2979 4070 τήν
3023 3995 3351 4064 ἐντελέχειαν
3374 4009 3387 4022 ·
3420 3992 3562 4045 οὕτω
3589 3991 3673 4044 δεῖ
3704 3989 3878 4042 λαόεῐ⁴

2315 4095 2407 4147 καὶ
2436 4093 2497 4146 τὸ
2537 4092 2636 4162 τῆς
2678 4091 2879 4162 ψυχῆς.
2922 4090 3010 4152 Ὠς
3043 4087 3150 4159 γὰρ
3191 4087 3306 4139 ἐκεῖ
3337 4081 3656 4153 γεννηθεῖσα
3698 4082 3733 4150 ἡ
3770 4079 3877 4147 ὕψει

2314 4184 2507 4238 τελειοῖ
2552 4183 2643 4236 τὸν
2684 4181 2979 4253 ὀφθαλμὸν,
3018 4178 3191 4241 οὕτως
3230 4174 3462 4229 ἐνταῦθα
3493 4170 3829 4241 γεννηθεῖσα
3866 4176 3878 4220 1‘

2314 4273 2461 4345 ψυχὴ
2497 4276 2553 4328 ἐν
2597 4273 2672 4344 τῷ
2721 4273 2929 4344 σώματι
2968 4272 3164 4325 τελειοῖ
3201 4268 3261 4322 τὸ
3301 4268 3456 4332 ζῶον,
3486 4265 3561 4328 ὡς
3591 4263 3736 4334 μήτε
3768 4262 3877 4315 ἄνεε

654 4404 819 4461 quam
865 4387 1027 4444 videt.
1063 4384 1529 4453 Quemadmodum
1584 4352 2000 4454 igitur-recens
2053 4352 2205 4434 natus

2324 4366 2571 4437 σώματος
2604 4361 2740 4418 εἶναί
2772 4380 2900 4416 ποτε
2939 4362 3036 4434 τὴν
3061 4360 3259 4431 ψυχὴν,
3294 4359 3429 4429 μήτε
3458 4355 3614 4425 σῶμα
3642 4354 3775 4422 δίχα
3798 4352 3877 4421 ψυ

655 4479 872 4537 catulus
917 4493 1027 4534 non
1076 4475 1376 4533 secundum
1428 4473 1647 4544 quidem
1680 4481 1861 4526 actum
1912 4479 2078 4533 tenet,
2122 4467 2218 4523 sed

656 4570 894 4641 potentia
940 4568 1198 4640 praeditus
1229 4575 1314 4623 est
1343 4572 1524 4620 actum
1555 4562 1853 4630 accipiendi
1881 4602 1895 4625 ,
1947 4563 2028 4616 sic
2076 4559 2221 4614 acci—

658 4675 786 4730 pere
816 4666 1029 4730 oportet
1071 4655 1239 4712 animi
1288 4655 1395 4709 vim
1426 4662 1479 4709 et
1522 4660 1794 4707 naturam.
1844 4648 1980 4704 Nam
2020 4656 2079 4704 ut
2110 4648 2221 4704 illic

657 4756 881 4808 exortus
924 4746 1152 4803 intuitus
1198 4744 1411 4816 perficit
1457 4743 1716 4806 oculum,
1761 4736 1846 4796 ita
1897 4740 1985 4795 hic
2033 4746 2222 4796 exorta

660 4855 843 4897 anima
889 4840 945 4895 in
977 4851 1229 4908 corpore,
1279 4835 1490 4906 perlicit
1538 4832 1762 4899 animal,
1795 4839 1852 4886 ut
1886 4846 2062 4901 neque
2105 4830 2223 4886 sine

661 4944 892 5002 corpore
924 4943 1048 4984 esse
1082 4941 1320 4997 unquam
1366 4926 1547 4979 anima
1592 4925 1785 4994 possit,
1821 4939 1996 4992 neque
2025 4937 2224 4992 corpus

660 5022 868 5091 absque
898 5019 1098 5073 anima.
1131 5015 1331 5073 Verum
1366 5014 1509 5070 enim
1543 5029 1744 5085 corpus
1770 5013 1879 5068 vita
1914 5011 2221 5082 praeditum,

658 5130 797 5185 opus
830 5113 1026 5168 animm
1053 5110 1290 5164 animam
1317 5117 1494 5175 vocat,
1529 5108 1821 5178 sejungens
1852 5104 1920 5159 ab
1941 5105 2055 5174 ipsa
2077 5100 2222 5170 quod

660 5204 929 5260 rationale
963 5189 1066 5258 est.
1119 5198 1226 5255 Sed
1266 5199 1603 5269 oportuisset
1651 5209 1866 5250 omnem
1903 5192 2066 5247 simul
2100 5190 2220 5243 ani-

662 5307 806 5346 mam
852 5290 1141 5347 humanam
1175 5289 1443 5358 accipere,
1489 5295 1544 5342 et
1574 5301 1684 5341 non
1709 5298 1796 5362 ἐκ
1842 5291 2015 5353 parte,
2050 5294 2225 5350 eaque

660 5381 1064 5442 intirmissima.
1113 5379 1181 5435 de
1222 5386 1337 5434 toto
1396 5376 1718 5434 sententiam
1768 5373 1970 5449 dicere.
2029 5368 2226 5426 Postea

663 5484 863 5540 corpus
913 5470 989 5526 ait
1044 5477 1309 5539 potestate
1350 5469 1519 5524 vitam
1573 5466 1774 5521 habere
1821 5474 1875 5518 et
1934 5468 2226 5530 antequam

664 5560 847 5614 anima
878 5561 1198 5617 exstitisset.
1241 5560 1382 5616 Dicit
1420 5559 1566 5616 enim
1611 5571 1813 5626 corpus
1842 5560 2108 5624 potestate
2142 5550 2224 5603 vi-

667 5662 778 5706 tam
810 5649 1008 5706 habere
1034 5651 1088 5705 in
1116 5652 1332 5721 seipse;
1371 5658 1581 5721 oportet
1618 5657 1796 5705 autem
1829 5659 2029 5715 corpus
2058 5642 2224 5698 vitam

2320 4457 2442 4527 χῆς.
2485 4456 2643 4510 Ἀλλὰ
2684 4456 2743 4509 τὸ
2775 4455 2872 4525 μὲν
2912 4452 3140 4517 ζωτικὸν
3175 4451 3334 4521 σῶμα
3364 4448 3520 4518 ἔργον
3558 4447 3658 4516 τῆς
3692 4444 3878 4513 ψυχῆς

2321 4545 2497 4616 ψυχὴν
2545 4545 2720 4609 καλεῖ,
2768 4541 3015 4614 χωρίζων
3052 4540 3220 4609 αὐτῆς
3266 4537 3326 4591 τὸ
3364 4535 3601 4604 λογικόν.
3638 4534 3800 4586 Ἔδει
3850 4532 3878 4583 δ

2323 4639 2501 4690 πᾶσαν
2529 4634 2663 4705 ὁμοῦ
2693 4634 2878 4688 λαϐεῖν
2904 4633 3001 4702 τὴν
3032 4629 3315 4701 ἀνθρώπου
3342 4626 3537 4697 ψυχὴν,
3561 4626 3658 4677 καὶ⁵
3686 4623 3766 4695 μὴ
3795 4625 3878 4676 ἀπ

2327 4728 2545 4798 μέρους,
2580 4726 2674 4779 καὶ
2702 4723 2874 4778 ταῦτα
2903 4722 2996 4776 τοῦ
3025 4719 3437 4781 ἀσθενεστάτου,
3471 4716 3599 4787 περὶ
3632 4714 3732 4768 τοῦ
3770 4732 3878 4767 παπ.

2321 4818 2413 4880 τὸς
2435 4815 2846 4886 ἀποφαίνεσθαι.
2879 4815 3109 4867 Ἔπειτα
3131 4811 3192 4865 τὸ
3228 4809 3387 4881 σῶμά
3424 4825 3557 4878 φησι
3582 4807 3828 4876 δυνάμει
3857 4824 3878 4857 ει

2325 4907 2424 4979 ζῇν
2457 4906 2620 4977 ἔχειν,
2655 4905 2749 4957 καὶ⁵
2799 4904 2905 4976 πρὸ
2936 4903 3028 4956 τοῦ
3068 4900 3317 4972 γενέσθαι
3350 4899 3447 4969 τὴν
3497 4898 3699 4967 ψυχήν.
3744 4897 3878 4964 Λέγε

2324 5000 2431 5070 γὰρ
2456 4998 2517 5051 τὸ
2548 4997 2706 5067 σῶμα
2732 4996 2957 5066 δυνάμει
2987 4992 3130 5064 ζωὴν
3160 4991 3302 5062 ἔχειν
3330 4993 3387 5044 ἐν
3411 4988 3608 5058 ἐαυτῷ.
3640 4989 3739 5039 Δεῖ
3760 4987 3824 5039 δὲ
3859 5005 3878 5038 -.

2328 5090 2485 5160 σῶμα
2512 5088 2572 5141 τὸ
2591 5087 2815 5157 δυνάμει
2838 5084 2981 5156 ζωὴν
3009 5084 3129 5154 ἔχον
3165 5082 3425 5153 πρότερον
3461 5077 3721 5151 ἐνεργείᾳ
3752 5079 3878 5147 σῶμ

2326 5176 2497 5232 εἶναι’
2528 5179 2588 5231 οὐ
2634 5176 2852 5231 δύναται
2882 5174 2939 5228 δὲ
2985 5172 3233 5243 ἐνεργείᾳ
3275 5171 3432 5241 σῶμα
3483 5162 3621 5222 εἶναι
3672 5167 3785 5237 πρὸ
3822 5185 3878 5219 τι

2326 5269 2580 5337 δέξασθαι
2610 5268 2670 5322 τὸ
2698 5263 2856 5331 εἶδος.
2891 5265 3030 5337 ’Υλη
3059 5264 3166 5334 γάρ
3201 5265 3345 5316 ἐστιν
3377 5261 3585 5323 ἄποιος,
3624 5261 3728 5311 καὶ
3768 5259 3838 5311 οὕ
3865 5276 3878 5303 τ

2330 5363 2508 5434 σῶμα.
2562 5360 2843 5414 Ἀδύνατον
2888 5357 2995 5430 ἄρα
3044 5355 3104 5409 τὸ
3154 5354 3227 5426 μὴ
3274 5353 3333 5406 ὃν
3377 5352 3628 5422 ἐνεργείᾳ
3679 5349 3874 5419 δύναμ

2329 5456 2472 5525 ἔχειν
2503 5453 2637 5524 πρὸς
2663 5451 2723 5505 τὸ
2753 5451 2812 5516 ἐξ
2844 5449 3008 5502 αὑτοῦ
3046 5464 3100 5500 τι
3129 5444 3390 5514 γίνεσθαι.
3424 5443 3488 5495 Εἰ
3530 5441 3585 5493 δὲ
3613 5440 3714 5493 καὶ
3755 5440 3878 5507 σῶμ

2332 5548 2424 5600 καὶ
2465 5544 2689 5616 δυνάμει
2718 5542 2864 5598 ἐστί’
2904 5539 3020 5603 πῶς
3051 5538 3111 5592 τὸ
3137 5536 3361 5605 δυνάμει
3406 5534 3584 5616 σῶμα,
3621 5530 3878 5600 δυνάμει,

2329 5637 2473 5708 ζωὴν
2500 5612 2639 5707 ἔχειν
2667 5636 2722 5689 ἐν
2748 5631 2922 5703 ἐαυτῷ
2950 5629 3196 5693 δύναται;
3231 5626 3439 5690 ’Ἄλλως
3463 5612 3521 5679 τέ
3547 5623 3645 5678 ἐπὶ
3676 5621 3783 5693 μὲν
3814 5620 3878 5673 τι]
