4008 6210
295 326 411 387 aet
1750 308 1835 363 BE
1875 306 2105 362 ANIMA.
3291 297 3294 299 ‘
3455 297 3565 351 202

306 444 485 500 ἄλλωι
509 438 731 493 δυνατὸν
764 436 954 506 ἔχοντά
985 450 1037 487 τι
1066 433 1141 504 μὴ
1168 432 1401 505 χρῆσθαι
1431 427 1601 499 αὐτῷ,
1636 422 1747 481 οἷον
1765 426 1887 495 ὅψιν

2000 423 2199 478 habens
2245 426 2515 491 potestate
2573 420 2723 489 prius
2784 419 3101 491 operatione
3151 430 3351 486 corpus
3396 429 3560 479 esse;

306 534 483 603 ἔχοντι
520 530 596 600 μὴ
628 529 863 599 χρῆσθαι
912 526 1074 594 αὐτῇ,
1111 524 1205 577 ἐπὶ
1248 523 1306 575 δὲ
1346 522 1445 592 τῆς
1480 520 1658 590 ψυχῆς
1696 518 1889 572 ἀδύνα-

2000 513 2142 583 atqui
2172 529 2280 568 non
2315 520 2493 583 potest
2535 519 2658 566 actu
2700 526 2901 581 corpus
2936 525 3081 574 esse,
3114 510 3433 580 priusquam
3467 522 3565 563 ac-

447 624 525 676 ω
549 621 658 692 7&9
689 622 718 674 ό
753 618 1030 673 καθεύδων
1057 618 1185 671 ἄνευ
1213 613 1393 684 ψυχῆς
1425 611 1704 682 ἐνεργείας
1751 608 1888 662 ἐστί.

2000 608 2196 676 ceperit
2245 605 2514 668 formam,
2562 619 2686 658 nam
2734 604 2958 658 materia
3011 609 3096 657 est
3138 600 3423 672 qualitatis
3467 616 3565 656 ex-

302 715 545 784 Καὶχὰρ
569 690 829 784 τρέφεται
858 712 948 764 καὶ
975 708 1222 774 αὔξεται,
1247 708 1341 760 καὶ
1364 702 1773 773 φαπασιοῦται,
1798 702 1891 753 καὶ

2000 711 2141 766 pers,
2167 702 2223 750 et
2252 710 2360 750 non
2389 708 2611 763 corpus.
2662 692 2833 764 Igitur
2867 691 3021 747 nefas
3048 699 3131 747 est
3155 690 3298 762 quod
3333 705 3441 746 non
3476 701 3562 747 est

302 783 572 858 ἀναπνεῖ·
605 783 744 873 ὅπερ
794 801 1033 872 μάλιστα
1077 800 1177 869 τῆς
1225 797 1368 868 ζωῆς
1416 798 1532 849 ἐστι
1569 794 1888 864 τεκμήριον.

2000 788 2328 858 operatione,
2375 786 2691 842 facultatem
2742 785 2967 848 habere,
3016 793 3074 839 ut
3102 800 3170 839 ex
3201 785 3321 855 ipso
3353 783 3561 854 aliquid

315 896 416 948 ἐκ
443 893 652 946 τούτων
695 886 788 950 οὖν
813 888 1069 960 φανερὸν,
1100 888 1183 940 ὅτι
1222 884 1446 955 δυνάμει
1472 882 1534 936 τὸ
1561 880 1661 952 ζῇν
1706 880 1766 932 οὑ
1797 877 1890 930 δύ·

2000 879 2104 933 liat.
2136 878 2291 945 Quod
2340 879 2387 934 si
2416 892 2617 948 corpus
2645 877 2810 931 etiam
2854 876 3093 952 potentia
3140 883 3246 940 est,
3288 876 3562 945 quomodo

296 1002 468 1038 λναται
517 980 801 1053 προσεῖναι
832 996 960 1041 τινι,
992 977 1130 1033 ἀλλὰ
1177 976 1393 1037 πάντως
1437 970 1689 1043 ἐνεργείᾳ
1710 985 1724 998 ’
1758 984 1892 1038 προ-

2000 984 2192 1039 corpus
2236 970 2497 1040 potentia,
2548 968 2804 1039 potentia:
2836 967 3003 1021 vitam
3033 967 3088 1021 in
3122 982 3183 1021 se
3226 966 3430 1023 habere
3460 982 3560 1037 po-

302 1074 630 1144 ηγουμένως
670 1071 779 1141 γὰρ
805 1069 869 1123 τὸ
901 1066 1200 1123 εἰῶποιοῦν
1228 1066 1326 1137 τὴν
1363 1063 1560 1134 ψυχὴν,
1589 1061 1740 1116 οὐδὲν
1765 1058 1893 1114 ἄλλο

2000 1060 2133 1115 test?
2168 1058 2303 1115 Cum
2335 1058 2540 1129 alioqui
2574 1058 2628 1112 in
2662 1057 2785 1111 aliis
2817 1055 2930 1111 ﬁeri
2964 1056 3158 1133 possit,
3203 1063 3261 1110 ut
3283 1055 3376 1125 qui
3399 1056 3562 1110 habet

304 1160 480 1219 ἐστὶν.
509 1158 625 1212 ἀλλ’
648 1158 682 1228 ἡ
711 1154 824 1229 ζωή
849 1174 862 1186 °
893 1159 959 1228 τῇ
996 1156 1095 1226 μὲν
1129 1155 1238 1226 γὰρ
1267 1154 1413 1224 ψυχῇ
1438 1150 1714 1221 σύμφυτός
1745 1150 1892 1201 ἐστιν

2000 1152 2218 1222 aliquid,
2265 1166 2376 1207 non
2424 1150 2678 1207 adhibeat
2729 1151 2795 1213 ad
2847 1163 3031 1212 usum,
3075 1148 3227 1203 verbi
3274 1147 3470 1219 gratia,
3506 1160 3563 1201 ut

303 1247 339 1316 ἠ
368 1245 482 1315 ζωή
505 1262 519 1274 ⁸
556 1244 636 1315 τῷ
666 1246 724 1298 δὲ
755 1243 966 1315 σώματι
1005 1243 1146 1297 κατὰ
1181 1242 1418 1313 μέθεξιν.
1462 1241 1521 1294 '0
1566 1239 1738 1308 λέγων
1785 1238 1893 1291 τοί-

2000 1241 2163 1295 aciem
2204 1242 2486 1296 oculorum
2524 1241 2742 1305 habens
2785 1255 2894 1295 non
2942 1247 3127 1295 utatur
3168 1240 3307 1311 ipsa.
3360 1241 3465 1297 Sed
3504 1242 3561 1296 in

304 1355 406 1390 νυν
442 1337 542 1407 τὴν
570 1335 781 1402 ὑγίειαν
824 1335 1085 1404 ἀνάλογον
1114 1332 1254 1398 εἶναι
1284 1336 1350 1405 τῇ
1393 1332 1529 1403 ζωῇ,
1568 1332 1628 1384 οὐ
1657 1329 1757 1403 τὴν
1795 1331 1893 1401 τῆς

2000 1333 2173 1387 anima
2198 1332 2250 1387 id
2284 1333 2620 1403 impossibile
2653 1342 2754 1388 est.
2784 1331 2900 1387 Non
2923 1333 3066 1388 enim
3090 1333 3183 1403 qui
3210 1332 3413 1388 dormit
3442 1333 3562 1388 sine

298 1428 485 1498 ψυχῆς
518 1427 667 1498 ζωὴν
696 1427 867 1495 λέγει,
898 1426 1034 1480 ἀλλὰ
1060 1426 1160 1497 τὴν
1189 1423 1283 1484 τοῦ
1313 1425 1563 1493 σώματος
1586 1440 1598 1452 ·
1632 1423 1724 1475 κα)⁸
1750 1421 1892 1474 οὕτω

2000 1423 2118 1478 vitae
2162 1422 2465 1492 animaeque
2511 1423 2827 1492 operatione
2875 1430 2961 1479 est
3002 1441 3015 1477 :
3056 1424 3255 1479 etenim
3304 1423 3471 1478 alitur
3505 1432 3561 1479 et

304 1522 614 1589 σοφίζει-αι’
641 1523 676 1592 ὴ
728 1522 827 1591 μὲν
859 1521 968 1591 γὰρ
1005 1518 1291 1589 σωματικὴ
1334 1518 1491 1570 οὐσία
1531 1515 1679 1586 παρὰ
1730 1515 1893 1585 μέρος

301 1613 415 1665 τῶν
446 1612 710 1666 ἐναντίων
742 1612 858 1669 ἐστὶ
906 1610 1162 1681 δεκτική·
1196 1610 1229 1679 ἡ
1271 1607 1327 1662 δὲ
1361 1608 1504 1662 κατὰ
1543 1606 1602 1659 τὸ
1635 1602 1772 1669 εἶδος
1803 1606 1893 1659 οὐ-

2000 1604 2114 1658 vita:
2141 1612 2522 1675 argumentum
2554 1613 2658 1661 est.
2689 1596 2960 1671 Quocirca
3005 1605 3355 1662 manifestum
3389 1622 3458 1663 ex
3492 1606 3562 1663 iis

301 1703 496 1773 δαμῶς
513 1720 530 1734 ⁸
555 1703 661 1757 κᾶν
681 1703 789 1773 γὰρ
817 1701 959 1761 κατὰ
986 1700 1048 1755 τὸ
1074 1696 1213 1767 εἶδος
1235 1702 1269 1770 ἡ
1299 1697 1531 1768 διαφορὰ
1559 1695 1888 1766 καταλλαγῇ,

2000 1704 2075 1752 est
2106 1696 2271 1750 vitam
2302 1697 2542 1765 potentia
2588 1711 2695 1751 non
2730 1712 2893 1767 posse
2936 1698 3194 1767 cuiquam
3234 1713 3559 1769 congruere,

305 1794 737 1863 μεταλλάττει-ται
766 1793 862 1846 καὶ
893 1794 955 1847 τὸ
985 1792 1153 1857 ζῶονο
1182 1790 1324 1844 ὥστε
1357 1790 1478 1859 οὐχὶ
1504 1789 1644 1842 κατὰ
1675 1787 1734 1840 τὸ
1754 1782 1892 1847 εἶδος

2000 1787 2089 1842 sed
2137 1795 2262 1841 actu
2307 1788 2570 1843 omnino:
2624 1775 2749 1842 nam
2799 1790 2944 1859 quod
2989 1784 3232 1859 animam
3282 1776 3564 1861 specilicat

303 1886 338 1954 ἠ
368 1886 533 1938 obsis:
586 1885 694 1939 τῶν
732 1886 991 1940 ἐναντίων
1038 1885 1155 1937 ἐστὶ
1190 1882 1433 1951 δεκτικὴ,
1481 1880 1617 1936 ἀλλὰ
1658 1879 1799 1935 κατὰ
1831 1882 1891 1934 τὸ

2000 1879 2283 1948 praecipue,
2328 1878 2478 1933 aliud
2511 1879 2646 1933 nihil
2694 1887 2779 1934 est
2827 1890 3025 1950 prater
3072 1883 3281 1937 vitam:
3315 1884 3563 1952 quando-

1992 1522 2237 1583 augetur,
2270 1522 2324 1568 et
2348 1512 2701 1583 imaginatur,
2727 1521 2780 1568 et
2809 1514 3062 1584 respirat,
3088 1512 3233 1584 quod
3263 1515 3559 1570 maximum

302 1975 683 2044 ὑποκείμενον,
715 1973 991 2034 τουτέστιν
1029 1974 1063 2044 ὴ
1094 1971 1400 2041 σωματικὴ.
1425 1968 1499 2022 Οὐ
1537 1967 1758 2022 δύναται
1782 1966 1891 2020 τοί-

294 2084 398 2119 ⁴νυν
431 2069 467 2136 ἡ
490 2066 638 2137 ψυχὴ
667 2064 789 2120 κατ’
834 2063 1023 2118 οὐδένα
1068 2061 1267 2133 τρόπον
1316 2060 1617 2130 ἐντελέχεια
1650 2059 1744 2113 τοῦ
1787 2057 1890 2110 σώ-

303 2174 478 2228 ματος
508 2151 669 2220 εἶναι,
710 2154 826 2209 ἀλλ’
854 2154 1010 2209 οὐσία
1045 2151 1338 2224 αὐτοτελὴς
1360 2148 1691 2221 ἀσώματος.
1734 2148 1890 2220 Παρά

1993 1968 2221 2037 quidem
2251 1968 2444 2022 anima:
2474 1969 2583 2021 vita
2616 1969 2779 2024 insita
2809 1979 2864 2024 et
2897 1981 3132 2025 connata
3162 1979 3245 2027 est
3279 1988 3293 2038 ;
3342 1974 3561 2043 corpori

1992 2076 2123 2115 vero
2154 2059 2574 2130 participatione
2600 2062 2878 2116 convenit.
2916 2061 3099 2143 Quare
3128 2064 3223 2133 qui
3256 2063 3391 2119 dicit
3414 2054 3566 2119 sani-

1993 2158 2161 2205 tatem
2195 2149 2460 2204 rationem
2491 2150 2691 2205 habere
2727 2151 2869 2215 vitae,
2912 2166 3020 2205 non
3050 2152 3243 2208 anima:
3274 2154 3437 2208 vitam
3480 2154 3565 2210 di-

294 2248 473 2319 μέρος
506 2246 618 2319 γὰρ
660 2246 968 2315 ἐπιδέχεται
1011 2244 1080 2298 τὰ
1113 2243 1352 2307 ἐναντία,
1389 2240 1585 2295 κακίαν
1624 2240 1718 2295 καὶ
1764 2242 1889 2314 ἀρε-

2000 2241 2088 2305 cit,
2122 2240 2215 2296 sed
2251 2240 2496 2311 corporis
2532 2259 2545 2295 :
2580 2241 2763 2312 itaque
2806 2243 3062 2313 captione
3096 2243 3308 2310 utitur;
3361 2246 3562 2300 etenim

290 2340 404 2408 τήν
426 2355 439 2366 ·
473 2339 614 2409 ὅπερ
653 2338 752 2389 οὐκ
779 2336 1011 2407 ἠδύνατο
1046 2334 1106 2388 τὸ
1131 2330 1271 2402 εἶδος
1295 2333 1569 2401 δέξασθαι.

2000 2346 2256 2403 corporea
2300 2332 2609 2388 substantia
2653 2334 3057 2388 contrariorum
3110 2349 3281 2406 capax
3337 2346 3423 2393 est
3471 2352 3566 2407 per

292 2441 492 2504 partes
525 2433 642 2487 sive
666 2431 932 2501 alternis:
956 2446 1146 2497 verum
1171 2446 1294 2501 quae
1320 2430 1621 2493 secundum
1690 2429 1925 2501 speciem
1964 2437 2067 2495 est,
2099 2443 2443 2499 nequaquam
2482 2447 2496 2485 :
2534 2428 2784 2499 quamvis
2815 2431 2958 2485 enim
2991 2430 3146 2501 juxta
3179 2418 3440 2501 ’speciem
3462 2432 3569 2488 dili-

291 2526 535 2581 l’erentia
583 2534 794 2580 mutata
878 2526 971 2589 sit,
1042 2526 1207 2589 etiam
1259 2525 1462 2580 animal
1509 2531 1787 2588 mutatur;
1868 2522 2096 2593 proinde
2140 2538 2249 2578 non
2290 2524 2445 2594 juxta
2491 2523 2729 2594 speciem
2777 2524 3083 2580 substantia
3168 2527 3565 2583 contrariorum

288 2632 476 2687 capax
512 2628 619 2679 est,
664 2617 761 2672 sed
792 2616 1092 2675 secundum
1121 2617 1452 2688 subjectum,
1484 2612 1597 2675 hoc‘
1635 2625 1721 2674 est
1760 2632 2023 2690 corporea
2056 2617 2317 2674 essentia.
2351 2617 2493 2688 Ergo
2529 2632 2639 2672 non
2698 2624 2879 2689 potest
2945 2618 3128 2671 anima
3184 2618 3295 2683 ulla
3352 2621 3567 2691 ratione

288 2726 427 2766 esse
466 2710 718 2781 corporis
759 2719 934 2772 actus.
968 2710 1065 2768 sed
1109 2711 1418 2767 substantia
1459 2718 1544 2766 est
1576 2726 1674 2782 per
1705 2726 1766 2767 se
1793 2711 2153 2781 incorporea;
2199 2711 2295 2766 sed
2360 2711 2505 2765 enim
2575 2724 2670 2779 per
2732 2716 2916 2779 partes
2942 2710 3255 2767 successive
3327 2711 3564 2781 admittit

288 2806 610 2867 contraria,
659 2803 848 2859 vitium
900 2814 954 2860 et
1009 2804 1268 2861 virtutem
1313 2794 1345 2859 ι’
1385 2806 1533 2877 quod
1568 2805 1742 2860 forma
1777 2820 1885 2860 non
1924 2812 2113 2875 posset
2145 2805 2449 2861 admittere.

378 2895 614 2949 Ἐπειτά
645 2911 807 2965 φησιν
840 2895 1175 2967 ἐντελέχειαν
1203 2890 1368 2951 οὖσαν
1403 2898 1503 2969 τὴν
1535 2897 1733 2970 ψυχὴν,
1770 2897 1891 2955 ἀκί-

2065 2897 2325 2968 Adjungit
2354 2905 2610 2967 prteterea
2641 2895 2879 2951 animam
2908 2912 2973 2953 eo
3002 2896 3146 2979 quod
3178 2898 3249 2953 sit
3282 2908 3439 2956 actus
3465 2901 3569 2961 im-

294 3004 466 3057 νητον
510 2981 652 3039 εἶναι
682 2985 804 3039 καθ’
835 2986 1057 3057 ἑαυτὴν,
1087 2986 1352 3042 κινεῖσθαι
1388 2988 1445 3042 δέ
1477 2990 1619 3043 κατὰ
1654 2989 1713 3043 τὺ
1753 3005 1889 3060 συμ-

2000 2988 2251 3043 mohilem
2294 3003 2418 3043 esse
2463 3002 2562 3058 per
2603 3002 2682 3051 se,
2714 2988 2919 3043 moveri
2951 3002 3047 3059 per
3093 2988 3389 3055 accidens;
3430 2989 3570 3044 nihil

290 3077 543 3149 ϐεϐηκός
565 3094 579 3107 ⁸
634 3076 788 3131 οὐδὲν
832 3077 890 3131 δὲ
930 3079 1156 3145 ἀπεικὸς
1208 3079 1464 3150 ἀκίνητον
1509 3077 1676 3134 οὖσαν
1721 3082 1889 3134 κινεῖν

2000 3088 2176 3135 autem
2207 3078 2504 3134 absurdum
2529 3086 2635 3142 est,
2664 3093 2787 3134 cum
2816 3079 2886 3135 sit
2916 3079 3160 3144 immota,
3195 3096 3412 3139 movere
3442 3100 3563 3139 nos.

290 3169 475 3239 ἡμᾶς.
519 3168 632 3220 Καὶ
680 3167 790 3238 γὰρ
821 3168 883 3221 τὸ
924 3168 1117 3233 κάλλος
1162 3168 1415 3241 ἀκίνητον
1452 3169 1513 3223 ὃν
1556 3171 1695 3224 κινεῖ
1722 3171 1890 3241 ἡμᾶς.

2000 3167 2285 3229 Enimvero
2332 3168 2683 3238 pulchritudo
2733 3169 3029 3226 immobilis
3075 3186 3199 3226 cum
3256 3171 3351 3238 sit,
3388 3181 3571 3229 movet

303 3258 464 3313 Ἀλλ’
501 3259 550 3312 εἰ
582 3260 674 3311 καὶ
710 3258 868 3312 τοῦτο
900 3259 1156 3331 ἀκίνητον
1200 3260 1259 3313 ὃν
1286 3263 1443 3325 κινεῖ,
1472 3260 1606 3315 ἀλλὰ
1644 3260 1707 3313 τδ
1734 3260 1895 3329 φύσιν

2000 3278 2143 3329 nos;
2191 3278 2378 3318 verum
2431 3262 2648 3318 tametsi
2699 3262 2847 3334 quod
2894 3262 3172 3318 immobile
3216 3273 3301 3320 est
3332 3273 3569 3330 moveat,

286 3351 430 3421 ἕχον
450 3351 720 3404 κινεῖσθαι
732 3355 891 3415 κινεῖ,
907 3352 1000 3405 καὶ
1018 3351 1137 3423 οὐχὶ
1155 3353 1249 3408 καὶ
1265 3352 1325 3406 τὸ
1340 3352 1612 3425 ἀκίνητον.
1638 3355 1701 3407 Et
1718 3354 1896 3407 τοίνυν

2000 3363 2177 3411 tamen
2223 3355 2368 3426 quod
2410 3367 2659 3409 naturam
2688 3354 2871 3420 habet,
2908 3361 2967 3408 ut
3015 3364 3314 3420 moveatur,
3347 3365 3568 3423 movet;

293 3443 399 3496 καὶ
425 3442 488 3495 τὸ
520 3443 683 3512 σῶμα
713 3442 834 3496 καθ’
858 3443 1020 3496 ἑαυτὸ
1049 3444 1261 3515 κίνησιν
1285 3440 1450 3516 εἶχεν,
1481 3446 1633 3500 οὐδὲν
1654 3441 1722 3517 ἦν
1747 3446 1897 3517 αὐτῷ

2000 3462 2109 3502 non
2171 3446 2225 3501 id
2272 3446 2438 3502 etiam
2491 3445 2636 3516 quod
2701 3444 2982 3501 immobile
3065 3442 3171 3502 est.
3223 3446 3572 3519 Quapropter

296 3534 509 3587 ἄτοπον
542 3534 679 3587 αὐτὸ
711 3534 975 3589 κινεῖσθαι
1005 3534 1109 3588 ὑπὸ
1145 3536 1426 3607 ἀκινήτου.
1458 3536 1573 3599 Νῦν
1609 3537 1666 3590 δὲ
1695 3538 1893 3592 ἀδύνα-

2000 3540 2044 3597 si
2083 3554 2282 3609 corpus
2323 3538 2485 3593 etiam
2535 3553 2631 3607 per
2675 3552 2733 3592 se
2766 3536 3060 3592 motionem
3117 3537 3376 3605 haberet,
3434 3539 3571 3594 nihil

297 3642 400 3683 τον
435 3626 499 3678 τὸ
538 3625 795 3697 ἀκίνητον
824 3624 929 3679 ὑπὸ
973 3626 1227 3697 ἀκινήτου
1273 3627 1553 3683 κινεῖσθαι.
1592 3628 1759 3684 Πόθεν
1804 3625 1897 3688 οὖν

2000 3630 2297 3687 absurdum
2330 3638 2495 3690 esset.
2549 3629 2728 3713 ipsum
2777 3644 2999 3711 quoque
3032 3630 3236 3685 moveri
3273 3632 3341 3685 ab
3377 3632 3573 3685 immo-

300 3717 389 3787 τῷ
414 3716 634 3787 σώματι
664 3716 726 3769 τὸ
770 3716 1057 3779 κινεῖσθαι,
1099 3719 1147 3770 ει
1181 3716 1256 3789 μὴ
1294 3717 1402 3771 ἀπὸ
1440 3719 1538 3789 τῆς
1573 3718 1788 3790 ψυχῆςς
1822 3722 1897 3773 Οὐ

2000 3723 2112 3777 bili.
2146 3720 2264 3775 1am
2301 3737 2430 3776 vero
2483 3720 2595 3775 lieri
2648 3736 2754 3776 non
2808 3727 3025 3790 potest,
3079 3734 3136 3776 ut
3190 3722 3465 3778 immobile
3505 3724 3572 3778 ab

302 3807 421 3880 γὰρ
456 3807 812 3878 αὐτοκίνητόν
840 3809 956 3862 ἐστι
984 3808 1044 3861 τὸ
1073 3807 1264 3880 σῶμα·
1299 3808 1523 3879 πρώτην
1562 3805 1656 3863 οὖν
1684 3810 1898 3878 γένεσιν

304 3901 589 3971 κινήσεως
626 3895 945 3971 βουλόμενος
975 3900 1165 3975 δεῖξαι,
1195 3901 1256 3954 οὗ
1284 3901 1528 3973 πρώτην,
1564 3901 1702 3958 ἀλλὰ
1726 3903 1900 3957 δευτέ-

306 4008 422 4063 ραν
462 3989 679 4054 ἔδειξεν.
710 3989 774 4044 Εἰ
798 3991 899 4062 μὲν
922 3990 1030 4065 7&9
1071 3991 1145 4064 μὴ
1172 3991 1486 4062 κινούμενον
1526 3992 1716 4054 ἐκίνει,
1750 3994 1900 4065 πρὼ-

302 4098 412 4153 τ-ην
445 4081 622 4135 ἐποίει
662 4082 895 4152 κίνησιν.
936 4082 1002 4137 Εἰ
1040 4081 1097 4135 δὲ
1133 4081 1195 4136 τὸ
1236 4082 1553 4153 κινούμενον
1582 4082 1678 4151 ἀφ’
1705 4083 1895 4136 ἑαυτοῦ

308 4175 408 4229 καὶ
435 4172 618 4237 ἄλλως
659 4176 818 4238 κινεῖ,
854 4172 1112 4245 δευτέρας
1143 4174 1407 4244 κινήσεως
1445 4173 1658 4241 γένεσιν
1690 4173 1899 4244 ἐξηγεῖ-

306 4280 422 4317 ται.
457 4262 633 4316 Πόθεν
662 4258 757 4316 οὖν
799 4263 860 4315 τὸ
897 4262 1185 4328 κινεῖσθαι,
1216 4266 1265 4317 εἰ
1299 4264 1374 4336 μὴ
1417 4264 1527 4318 ἀπὸ
1563 4264 1779 4334 ψυχῆς;
1822 4264 1896 4318 Οὐ

307 4355 422 4426 7&9
454 4355 809 4424 αὐτοκίνητόν
835 4356 952 4407 ἐστι
971 4354 1033 4407 τὺ
1059 4355 1238 4425 σῶμα.
1272 4355 1443 4409 Πόθεν
1466 4352 1561 4410 οὖν
1586 4355 1774 4425 πρώτη
1808 4356 1898 4424 γέ-

2000 3812 2262 3866 immobili
2298 3822 2603 3866 moveatur.
2635 3809 2916 3866 Undenam
2948 3825 3079 3880 ergo
3110 3811 3310 3875 accidit
3330 3811 3569 3881 corpori,

2001 3914 2060 3956 ut
2094 3913 2395 3967 moveatur,
2428 3904 2532 3959 nisi
2563 3904 2632 3957 ab
2653 3902 2874 3956 anima?
2910 3904 3182 3974 siquidem
3222 3917 3424 3972 corpus
3464 3918 3571 3956 non

1999 4005 2083 4052 est
2125 4011 2221 4065 per
2272 4011 2331 4050 se
2373 3997 2591 4052 mobile.
2640 3996 2908 4062 Quocirca
2964 4010 3090 4050 eum
3134 3994 3362 4064 primam
3417 4002 3573 4047 actus

2000 4085 2262 4155 originem
2294 4085 2454 4138 vellet
2484 4083 2745 4148 indicare,
2796 4098 2903 4136 non
2964 4082 3196 4152 primam
3247 4079 3343 4135 sed
3375 4097 3572 4135 secun-

2000 4175 2124 4229 dam
2161 4175 2418 4230 ostendit.
2458 4175 2668 4229 Etenim
2702 4175 2748 4228 si
2772 4172 2917 4242 quod
2951 4188 3057 4229 non
3086 4179 3353 4235 movetur,
3390 4188 3572 4227 move-

2000 4272 2120 4328 ret,
2164 4266 2392 4333 primam
2426 4263 2627 4317 faceret
2665 4263 3007 4327 motionem;
3055 4263 3141 4318 sin
3190 4270 3370 4315 autem
3423 4262 3569 4331 quod

2003 4362 2254 4409 movetur
2287 4369 2381 4423 per
2414 4368 2494 4415 se,
2524 4352 2681 4406 aliter
2714 4351 2878 4406 etiam
2925 4358 3125 4419 movet,
3170 4349 3426 4406 secunda:
3455 4365 3570 4403 mo-

310 4463 463 4509 νεσις
504 4445 609 4515 τῆς
645 4446 912 4516 κινήσεως
947 4446 1027 4516 τῷ
1056 4445 1302 4517 σώματι;
1330 4447 1406 4500 Τὸ
1446 4448 1555 4519 γὰρ
1594 4446 1775 4517 λέγειν
1805 4448 1898 4517 ἀφ’

2004 4444 2170 4499 tionis
2201 4451 2383 4498 ortum
2416 4443 2662 4513 exponit.
2696 4442 2980 4497 Undenam
3022 4443 3189 4515 igitur
3223 4443 3427 4497 moveri
3461 4441 3570 4495 nisi

308 4536 527 4590 ἑαυτῶν
561 4536 828 4590 κινεῖσθαι
873 4537 942 4591 τὰ
992 4539 1249 4608 στοιχεῖα,
1296 4538 1364 4592 τὰ
1412 4539 1511 4609 μὲν
1557 4539 1734 4609 κοῦφα
1766 4540 1895 4593 ὄντα

314 4627 497 4695 φύσει,
528 4629 602 4682 τὰ
630 4628 689 4681 δὲ
718 4628 910 4699 βαρέα.
935 4626 1130 4697 ψεῦδός
1148 4630 1317 4682 ἐστιν.
1344 4631 1403 4684 Et
1426 4630 1536 4701 7&9
1565 4632 1598 4701 ή
1629 4631 1899 4703 κουφότης

312 4720 413 4772 καὶ
442 4720 688 4791 5:95:11;
729 4720 941 4791 κίνησίς
981 4722 1148 4787 ἐστιν,
1185 4721 1279 4790 ἀφ’
1312 4721 1521 4776 ἐαυτῶν
1551 4721 1609 4775 δὲ
1649 4725 1896 4785 κινεῖται,

308 4812 575 4867 οὐδέποτε
617 4813 874 4885 στήσεται
902 4813 971 4867 τὰ
1010 4815 1189 4885 κοῦφα
1216 4816 1311 4870 καὶ
1347 4814 1550 4886 βαρέαο
1590 4813 1803 4868 ἵσταται
1841 4814 1899 4867 δὲ

314 4906 411 4961 τὸν
434 4909 637 4961 οἰκεῖον
662 4908 1039 4965 καταλαϐόντα
1059 4910 1242 4963 τόπον.
1271 4910 1384 4963 Οὐκ
1403 4910 1513 4980 ἄρα
1540 4907 1781 4978 βαρύτης
1805 4906 1899 4961 καὶ

316 4997 594 5069 mali-mc
632 4999 786 5052 αἰτία
838 4999 1060 5070 πρώτης
1108 5001 1391 5070 κινήσεως,
1436 4997 1571 5052 ἀλλά
1619 4996 1900 5066 ποιότητες

316 5088 431 5141 τῶν
461 5091 763 5159 στοιχείων.
808 5090 933 5143 Ἐὰν
964 5090 1021 5143 δὲ
1063 5090 1158 5143 καὶ
1183 5088 1342 5144 τοῦτο
1375 5088 1524 5160 δοθῇ,
1564 5087 1683 5149 πῶς
1709 5103 1791 5149 τις
1814 5085 1902 5137 λο-

318 5179 571 5247 τέξεσθαι
598 5181 693 5233 καὶ
718 5178 965 5247 δοξάζειν
996 5180 1094 5234 καὶ
1123 5179 1326 5251 κρίνειν
1348 5178 1595 5240 δύναται,
1635 5174 1903 5245 κουφότη-

318 5286 418 5334 τος
441 5273 535 5325 καὶ
557 5270 857 5343 βαρύτητος
877 5271 1018 5342 ἔργα
1039 5269 1209 5338 εἷναι;
1238 5270 1301 5331 Εἰ
1332 5270 1391 5327 δέ
1425 5269 1500 5341 μὴ
1532 5268 1756 5332 τούτων,
1779 5265 1901 5321 οὐδὲ

318 5362 435 5414 τῶν
472 5362 773 5432 στοιχείων.
806 5364 867 5417 ει
909 5362 968 5416 δὲ
1015 5364 1091 5433 μὴ
1122 5363 1230 5415 τῶν
1280 5363 1576 5432 στοιχείων,
1619 5360 1738 5414 οὐδὲ
1791 5358 1901 5412 τῶν

324 5453 624 5521 σωμάτων·
660 5452 739 5506 ἔτι
768 5454 816 5506 εἰ
859 5453 1001 5506 κατὰ
1032 5452 1375 5523 συμϐώηκὸς
1403 5454 1437 5522 ἡ
1472 5451 1618 5521 ψυχὴ
1651 5453 1899 5511 κινεῖται,

324 5542 394 5595 τὺ
422 5544 477 5596 δὲ
509 5544 669 5615 σῶμα
702 5544 764 5609 ἐξ
810 5544 1025 5608 ἑαυτοῦ,
1054 5545 1150 5601 καὶ
1185 5545 1258 5616 μὴ
1297 5545 1463 5616 οὔσης
1490 5545 1587 5613 τῆς
1625 5542 1800 5612 ψυχῆς
1843 5541 1903 5608 ἐξ

326 5632 525 5686 ἑαυτοῦ
564 5636 626 5691 τὸ
649 5634 807 5706 σῶμα
829 5633 1205 5706 κινηθήσεται.
1231 5634 1369 5691 Eiet
1413 5634 1588 5699 τοῦτο,
1629 5635 1723 5687 καὶ
1764 5631 1903 5696 ζῶον

320 5724 488 5781 ista:
522 5726 687 5795 χωρὶς
732 5725 827 5794 τῆς
882 5724 1088 5795 ψυχῆςο
1120 5725 1295 5780 ἄτοπα
1346 5727 1403 5781 δὲ
1454 5725 1654 5780 ταῦτα’
1706 5724 1905 5780 ἄτοπον

660 5817 923 5879 Parnm.
957 5819 1072 5880 Gn.
1112 5821 1297 5882 Χιν.

2003 4538 2072 4591 ab
2098 4533 2277 4589 anima
2304 4533 2517 4587 oritur?
2562 4531 2850 4587 Non‘enim
2876 4548 3078 4604 corpus
3126 4548 3223 4602 per
3255 4548 3331 4595 ,se
3365 4531 3567 4584 moveri

2001 4634 2214 4698 potest.
2236 4625 2410 4687 Unde,
2446 4625 2691 4695 inquam,
2724 4604 2936 4701 primus
2965 4625 3223 4679 motionis
3257 4632 3411 4678 ortus
3447 4638 3571 4677 eor-

2002 4718 2120 4789 pori
2167 4717 2409 4772 accidit?
2458 4715 2592 4771 Nam
2643 4717 2825 4772 dicere
2855 4715 3119 4771 elementa
3159 4730 3189 4770 a
3232 4729 3292 4770 se
3339 4715 3565 4775 moveri,

2000 4827 2124 4880 qua:
2150 4811 2346 4881 partim
2379 4810 2516 4865 levia
2547 4816 2677 4865 sunt
2709 4819 2925 4873 natura,
2957 4809 3155 4878 partim
3185 4807 3393 4879 gravia,
3422 4821 3568 4859 men-

1999 4903 2216 4959 dacium
2243 4910 2348 4958 est.
2385 4901 2595 4957 Etenim
2633 4901 2680 4957 si
2711 4901 2901 4956 levitas
2954 4907 3010 4956 et
3036 4900 3274 4970 gravitas
3299 4899 3567 4953 motiones

1997 5003 2150 5056 sunt.
2172 5001 2228 5049 et
2251 5007 2282 5047 a
2303 4993 2501 5063 seipsis
2522 5002 2825 5055 moventur,
2844 5006 3121 5061 nunquam
3142 4990 3278 5045 levia
3309 4998 3362 5044 et
3383 4989 3568 5061 gravia

2001 5083 2322 5143 consistent.
2374 5082 2536 5152 Atqui
2570 5097 2632 5136 ea
2662 5096 2784 5151 quae
2819 5082 3101 5151 proprium
3150 5086 3403 5134 assecuta
3438 5085 3569 5133 sunt

2002 5176 2205 5239 locum,
2235 5173 2563 5230 consistunt.
2594 5172 2777 5239 Quare
2803 5173 3041 5243 gravitas
3080 5179 3136 5226 et
3169 5170 3359 5224 levitas
3388 5184 3570 5225 causa:

2004 5282 2113 5321 non
2142 5274 2272 5321 sunt
2308 5265 2495 5335 prima:
2532 5264 2811 5323 motionis.
2844 5261 2940 5320 sed
2954 5265 3243 5334 qualitates
3275 5261 3571 5315 elemento-

2003 5373 2146 5412 rum.
2180 5356 2335 5423 Quod
2367 5357 2412 5411 si
2446 5356 2550 5409 hoc
2579 5368 2902 5410 concessum
2933 5351 3116 5416 fuerit,
3151 5354 3424 5422 quomodo
3451 5352 3569 5407 exl-

2005 5450 2231 5505 stimare
2251 5453 2306 5503 et
2332 5445 2545 5516 opinari
2577 5452 2632 5498 et
2656 5443 2905 5512 judicare
2944 5442 3067 5510 quis
3097 5448 3295 5513 potest,
3333 5441 3570 5497 levitatis

2003 5549 2060 5594 et
2084 5537 2368 5608 gravitatis
2396 5548 2561 5605 opera
2589 5534 2750 5589 esse?
2806 5532 2900 5585 Sin
2955 5532 3138 5587 minus
3170 5532 3367 5587 horum
3416 5542 3569 5593 sunt,

2006 5646 2074 5685 ne
2119 5630 2511 5685 elementorum
2563 5626 2806 5696 quidem.
2873 5626 3026 5690 Quod
3077 5625 3123 5680 si
3174 5626 3571 5682 elementorum

2009 5737 2172 5792 opera
2199 5736 2306 5777 non
2339 5729 2488 5787 sunt,
2520 5734 2588 5774 ne
2614 5734 2903 5790 corporum
2944 5716 3180 5789 quidem.
3212 5718 3483 5772 Praztcrea
3525 5709 3570 5761 si

3258 5810 3296 5866 ’1

3275 5971 3303 5999 ο
