4008 6210
558 283 663 343 ἳθὸ

1773 286 1829 341 S.
1872 287 2201 345 CREGORII
2239 291 2528 349 NYSSENI

3690 302 3789 360 20'»

562 399 741 452 anima
775 412 870 468 per
904 395 1162 453 accidens
1201 407 1469 463 movetur,
1504 414 1704 470 corpus
1734 412 1915 458 autem
1954 419 2017 459 ex
2051 420 2136 460 sc-

2259 407 2347 479 ίρα
2364 410 2456 463 καὶ
2470 409 2531 464 rb
2551 409 2609 477 ἐξ
2624 411 2815 482 ἀρχῆς·
2836 411 2952 465 ἀλλ’
2967 411 3085 466 οὐδὲ
3102 412 3160 465 rb
3172 411 3350 480 λέγειν
3367 412 3447 465 ὅτι
3465 414 3571 467 πᾶν
3584 415 3637 469 rb
3651 414 3791 482 φύσει

561 486 704 558 ipso,
747 491 927 543 anima
956 504 1063 544 non
1089 491 1383 547 exsiStente
1415 506 1615 564 corpus
1642 508 1671 547 a
1701 509 1760 549 se
1787 495 2098 553 movebitur
2122 512 2135 549 :

562 580 709 651 quod
745 581 789 636 si
822 583 891 635 ita
936 596 994 634 se
1035 596 1120 637 res
1153 577 1335 647 babét,
1377 583 1578 637 animal
1607 587 1770 640 etiam
1801 588 1907 642 erit
1933 590 2142 661 absque

565 674 779 741 anima;
811 674 960 744 atqui
992 673 1229 730 absurda
1264 682 1392 730 sunt
1421 676 1567 744 haec;
1600 677 1770 748 igitur
1801 680 1968 735 etiam
1995 683 2141 751 quod

566 766 636 819 ab
667 764 825 837 initio
856 764 1093 836 positum
1120 772 1225 829 est,
1249 766 1544 822 absurdum
1572 769 1712 836 erit;
1743 770 1837 826 sed
1863 788 1931 828 ne
1954 788 2140 829 verum

564 857 783 928 quidem
809 866 892 912 est
921 859 1093 923 dictu,
1116 873 1277 913 omne
1301 859 1446 928 quod
1480 868 1676 915 natura
1710 874 1955 919 movetur
1978 865 2141 920 etiam

567 951 617 1002 vi
656 949 891 1014 moveri,
924 956 979 1003 et
1009 948 1156 1019 quod
1194 950 1246 1003 vi
1277 958 1549 1016 movetur,
1585 953 1751 1007 etiam
1793 964 1989 1010 natura
2029 972 2145 1012 mo-

566 1040 702 1095 veri.
753 1040 966 1094 Etenim
999 1041 1237 1097 mundus
1266 1042 1360 1111 qui
1391 1050 1586 1097 natura
1622 1052 1889 1109 movetur,
1936 1061 2045 1100 non
2092 1046 2146 1101 vi

569 1140 863 1187 mevetur:
901 1131 1006 1186 hoc
1056 1131 1220 1186 etiam
1265 1133 1565 1189 secundum
1604 1143 1856 1191 naturam
1889 1137 2144 1207 quiescit.

569 1225 859 1280 Enimvero
896 1224 1137 1280 mundus
1176 1232 1231 1279 et
1280 1226 1362 1282 sol
1392 1234 1446 1282 et
1482 1227 1633 1294 luna,
1673 1243 1794 1297 quae
1845 1230 2147 1285 secundum

570 1325 824 1371 naturam
859 1326 1167 1383 moventur,
1215 1317 1517 1372 secundum
1569 1327 1819 1373 naturam
1867 1320 2150 1390 quiescere

572 1423 679 1462 non
718 1416 951 1477 possunt
983 1425 997 1461 :
1032 1408 1223 1463 eodem
1256 1422 1391 1463 sane
1437 1408 1598 1466 modo
1649 1412 1855 1476 anima,
1905 1429 2028 1483 qua‘
2059 1428 2150 1469 se-

571 1500 809 1569 cundum
837 1508 1089 1552 naturam
1114 1513 1328 1569 semper
1356 1507 1626 1564 movetur,
1651 1501 1936 1571 quiescere
1960 1519 2153 1559 secun-

573 1589 701 1643 dum
735 1597 988 1643 naturam
1027 1590 1237 1660 nequit.
1290 1589 1422 1646 Nam
1462 1592 1619 1662 quies
1656 1594 1882 1648 exitium
1914 1604 1997 1651 est
2033 1598 2153 1651 ani-

572 1697 693 1746 iure,
728 1688 781 1738 et
826 1682 1069 1753 cujusvis
1104 1698 1320 1754 semper
1361 1684 1580 1741 mobilis
1624 1693 1854 1742 naturae.
1899 1687 1981 1743 Ad
2039 1689 2151 1744 hac

574 1780 772 1827 natura
799 1774 985 1838 etiam,
1019 1774 1165 1845 quod
1196 1774 1248 1828 in
1288 1775 1514 1831 dubium
1544 1779 1844 1833 vocabatur
1872 1780 1940 1833 ab
1973 1780 2150 1844 initio,
2183 1758 2224 1812 θ

578 1866 818 1920 solutum
855 1873 1060 1934 manet,
1119 1865 1261 1922 unde
1309 1882 1512 1937 corpus
1561 1878 1809 1925 naturam
1851 1872 2150 1941 contineat,

575 1972 709 2010 cum
748 1964 941 2011 natura
988 1965 1364 2028 comparatum
1410 1960 1483 2013 sit
1527 1967 1587 2013 ut
1625 1960 1947 2031 dissipetur.
1978 1963 2155 2033 Atque

580 2049 696 2103 haec
733 2065 765 2104 e
795 2049 986 2104 multis
1011 2050 1289 2105 sutliciunt
1318 2049 1382 2103 ad
1418 2051 1759 2120 probandum
1790 2054 2027 2109 animam
2060 2071 2155 2112 ne-

577 2154 685 2209 que
714 2145 896 2193 actum
931 2137 1235 2209 perlectum
1278 2154 1421 2205 esse,
1453 2156 1629 2211 neque
1666 2142 2023 2209 immobilem,
2054 2160 2152 2201 ne-

575 2246 682 2300 que
716 2231 772 2285 in
805 2245 1039 2300 corpore
1079 2232 1252 2286 nasci.
1311 2230 1647 2303 Pythagoras
1705 2242 1877 2298 certe,
1924 2236 2019 2304 qui
2059 2250 2156 2304 per

576 2331 736 2378 notas
766 2337 982 2392 semper
1010 2311 1331 2393 comparare
1368 2330 1423 2379 et
1464 2323 1633 2380 Deum
1666 2331 1721 2380 et
1749 2326 1929 2380 omnia
1960 2341 2155 2381 nume.

574 2417 651 2470 ris
680 2414 874 2468 solitus
904 2422 1044 2480 erat,
1068 2414 1232 2468 etiam
1266 2415 1504 2469 animam
1535 2415 1831 2470 deﬁniebat
1863 2431 2153 2472 numerum

576 2505 818 2575 seipsum
850 2511 1185 2559 moventem.
1239 2503 1376 2559 Iluic
1404 2506 1570 2559 etiam
1600 2504 1943 2562 Xenocrates
1970 2507 2156 2562 adlue-

577 2596 750 2661 rebat,
799 2607 910 2647 non
960 2592 1105 2663 quod
1136 2593 1497 2649 assentiretur
1526 2595 1764 2648 animam
1799 2609 1925 2650 esse
1958 2610 2155 2650 nume-

576 2701 720 2750 rum,
754 2684 851 2740 sed
885 2685 1033 2757 quod
1067 2696 1313 2741 censeret
1345 2701 1465 2741 eam
1504 2685 1557 2740 in
1590 2686 1755 2742 rebus
1799 2687 2158 2742 numerabili-

578 2776 681 2831 bus
711 2790 835 2831 esse
884 2785 1046 2844 atque
1070 2775 1426 2829 multitudine
1450 2776 1861 2846 comprehensis
1891 2794 1906 2831 :
1936 2776 2157 2846 etquod

578 2868 762 2922 anima
792 2868 863 2921 sit
892 2881 1015 2937 quae
1043 2866 1260 2935 negotia
1295 2866 1581 2930 discernit,
1631 2865 1841 2922 formas
1877 2875 1931 2922 et
1957 2868 2157 2939 elligies

577 2959 871 3030 quibusvis
916 2955 1223 3013 inferendo.
1274 2956 1399 3012 Haec
1431 2962 1575 3011 enim
1618 2970 1702 3014 est
1733 2974 1853 3028 qua:
1879 2962 2091 3029 species
2110 2974 2155 3033 .a

2242 498 2558 570 κινούμενον
2590 502 2684 555 καὶ
2722 502 2812 574 βίᾳ
2840 506 3067 558 κινεῖται
3094 518 3109 533 ⁸
3146 504 3241 557 καὶ
3281 504 3391 558 πᾶν
3419 504 3479 557 rb
3517 503 3604 576 βίᾳ
3627 505 3793 559 κινού-

2245 606 2403 660 μενον
2449 592 2543 645 καὶ
2580 592 2736 661 φύσει
2769 596 3015 659 κινεῖται,
3056 593 3253 664 ἀληθές
3299 596 3465 649 ἐστιν.
3504 596 3561 649 '0
3590 596 3688 667 γάρ
3712 599 3798 651 κό-

2245 699 2381 752 σμος
2419 682 2577 753 φύσει
2631 686 2965 757 κινούμενος,
3015 687 3105 759 βίᾳ
3131 688 3192 740 οὐ
3234 691 3491 741 κινεῖται·
3534 688 3681 741 τοῦτο
3710 689 3798 742 καὶ

2245 773 2387 829 κατά
2430 778 2591 845 φύσιν
2637 779 2854 848 ήρεμεί.
2888 780 2998 832 Καὶ
3025 777 3133 850 γὰρ
3173 780 3202 832 6
3230 779 3433 849 κόσμος
3472 780 3565 832 καὶ
3599 780 3626 831 6
3660 780 3800 849 ήλιος

2245 869 2338 922 καὶ
2362 871 2394 940 ή
2422 869 2616 940 σελήνη
2645 871 2785 923 κατὰ
2804 870 2964 938 φύσιν
3003 870 3316 942 κινούμενα,
3350 871 3490 925 κατὰ
3518 871 3668 939 φύσιν
3688 875 3802 943 ἡρε-

2249 961 2369 1030 μεῖν
2408 960 2468 1014 οὐ
2514 958 2764 1013 δύναται·
2806 960 2897 1013 τὸν
2946 960 3106 1014 αὐτὸν
3139 962 3339 1032 τρόπον
3386 963 3418 1032 ή
3467 961 3628 1033 ψυχὴ,
3673 962 3803 1015 κατὰ

2249 1052 2408 1121 φύσιν
2436 1052 2739 1123 ἀεικίνητος
2764 1048 2917 1115 οὖσα,
2954 1054 3095 1105 κατὰ
3128 1053 3286 1123 φύσιν
3326 1055 3551 1124 ἠρεμεῖν
3573 1054 3628 1105 οὐ
3661 1052 3805 1105 δύνα-

2246 1161 2357 1198 ται.
2402 1145 2464 1197 Ἡ
2487 1143 2595 1216 γὰρ
2627 1144 2829 1215 ἠρεμία
2857 1144 3030 1215 φθορά
3056 1145 3152 1215 τῆς
3175 1144 3353 1216 ψυχῆς
3394 1147 3527 1208 ἐστι,
3556 1145 3645 1197 καὶ
3680 1161 3806 1197 παν-

2248 1238 2338 1300 τὸς
2370 1238 2698 1308 άεικινήτου.
2733 1236 2877 1308 Πρὸς
2897 1237 3106 1299 τούτοις
3131 1235 3287 1304 φύσει
3311 1236 3486 1290 καὶτὸ
3518 1236 3808 1307 ἀπορούμε-

2250 1345 2339 1382 νον
2378 1329 2435 1394 es
2466 1328 2659 1399 ἀρχῆς,
2705 1326 2896 1381 ἄλυτον
2938 1327 3109 1397 μένει,
3155 1328 3317 1381 πόθεν
3357 1327 3419 1380 rb
3468 1327 3624 1397 σῶμα
3657 1326 3807 1396 φύσιν

2254 1420 2555 1491 συνέχεται,
2595 1420 2834 1489 πεφυκὸς
2875 1421 2968 1473 καὶ
3004 1419 3499 1474 διασκεδάννυσθαι.
3544 1421 3718 1489 Ἀρκεί
3754 1419 3809 1471 δὲ

2250 1511 2424 1565 ταῦτα
2458 1513 2520 1565 ὲκ
2569 1511 2776 1565 πολλῶν
2817 1510 3091 1576 ἀποδεῖξαι
3132 1511 3228 1583 τήν
3269 1512 3465 1585 ψυχὴν,
3499 1513 3631 1583 μήτε
3673 1513 3812 1565 ἐντε-

2253 1603 2466 1673 λέχειαν
2494 1599 2676 1667 οὖσαν,
2713 1605 2846 1674 μήτε
2876 1603 3152 1674 ἀκίνητον,
3185 1604 3320 1674 μήτε
3365 1605 3421 1657 ὲν
3451 1602 3657 1673 σώματι
3682 1621 3817 1674 γινο-

2258 1695 2443 1766 μένην.
2486 1694 2809 1767 Πυθαγόρας
2855 1695 2912 1749 δὲ
2955 1694 3296 1765 συμϐολικῶς
3328 1694 3565 1758 εἰκάζειν
3598 1696 3680 1749 ἀεὶ
3723 1696 3816 1747 καὶ

2253 1791 2342 1844 τὸν
2379 1788 2510 1841 Θεὸν
2549 1788 2644 1841 καὶ
2674 1786 2745 1841 τὰ
2790 1787 2967 1841 πάντα
2997 1788 3106 1850 τοῖς
3143 1786 3393 1857 ἀριθμοῖς
3440 1784 3658 1849 εἰωθὼς,
3691 1787 3817 1857 dapi-

2254 1897 2385 1935 σατο
2428 1882 2522 1934 καὶ
2564 1881 2663 1952 τὴν
2711 1880 2889 1951 ψυχὴν
2960 1879 3189 1950 ἀριθμὸν
3228 1878 3416 1934 ἑαυτὸν
3471 1877 3738 1932 κινοῦνται
3774 1873 3821 1946 ᾧ

2254 1970 2347 2024 καὶ
2378 1968 2719 2042 Ξενοκράτης
2748 1968 3131 2041 ἠκολούθησεν,
3163 1970 3262 2041 οὐχ
3294 1971 3375 2023 ὅτι
3413 1969 3639 2041 ἀριθμός
3677 1971 3820 2023 ἐστιν

2254 2063 2289 2133 ή
2315 2062 2483 2133 ψυχὴ,
2510 2061 2627 2115 ἀλλ’
2655 2062 2736 2115 ὅτι
2768 2063 2824 2115 ὲν
2855 2062 2967 2125 τοῖς
2997 2062 3320 2133 ἀριθμητοῖς
3353 2062 3467 2114 ἐστι
3510 2061 3603 2115 καὶ
3626 2062 3683 2115 ἐν
3713 2065 3821 2125 τοῖς

2256 2150 2747 2221 πεπληθυσμένοις,
2778 2150 2870 2204 καὶ
2905 2151 2985 2204 ὅτι
3012 2152 3045 2223 ἦ
3075 2150 3218 2222 ψυχή
3246 2153 3391 2204 ἐστιν
3420 2152 3452 2222 ή
3481 2150 3823 2221 διακρίνουσα

2254 2243 2322 2296 τά
2361 2244 2684 2314 πράγματα,
2717 2242 2794 2313 τῷ
2832 2242 3047 2314 μορφὰς
3084 2244 3178 2297 καὶ
3208 2243 3405 2306 τύπους
3442 2243 3686 2304 ἑκάστοις
3707 2244 3824 2294 ὲπι-

2256 2332 2458 2386 ϐαλεῖν.
2478 2331 2626 2403 Αὕτη
2666 2332 2774 2403 γάρ
2803 2334 2951 2387 ἐστιν
2978 2334 3009 2403 ή
3040 2332 3110 2386 τὰ
3137 2331 3249 2403 εἴδη
3280 2330 3387 2385 άπὸ
3417 2331 3526 2386 τῶν
3547 2332 3699 2386 εἰδῶν
3723 2350 3826 2402 χω-

2257 2426 2500 2496 ρίζουσα,
2537 2428 2630 2480 καὶ
2673 2426 2905 2499 διάφορα
2948 2424 3087 2481 αὐτὰ
3106 2426 3497 2494 ἀποφαίνουσα,
3529 2426 3595 2495 τῇ
3626 2440 3684 2476 τε
3709 2424 3827 2474 ἑτε-

2259 2517 2443 2589 ρότητι
2475 2517 2583 2571 τῶν
2612 2516 2787 2581 είδῶν,
2835 2520 2929 2572 καὶ
2966 2516 3045 2587 τῷ
3080 2516 3273 2587 πλήθει
3309 2513 3404 2570 τοῦ
3446 2513 3698 2588 ἀριθμοῦ,
3735 2513 3829 2565 καὶ

2254 2608 2340 2662 διά
2371 2609 2527 2662 τοῦτο
2566 2607 2843 2680 ἀριθμητὰ
2873 2607 3101 2662 ποιοῦσα
3131 2607 3199 2660 τὰ
3229 2608 3545 2679 πράγματα.
3579 2602 3738 2657 Ὅθεν
3766 2602 3827 2655 οὐ

2258 2700 2601 2754 παντάπασιν
2653 2700 2994 2772 ἀπήλλακται
3048 2700 3148 2769 τῆς
3198 2698 3339 2751 κατᾶ
3386 2697 3511 2761 τοὺς
3565 2695 3831 2767 ἀριθμοὺς

2256 2787 2539 2850 κοινωνίας
2558 2805 2570 2819 ·
2604 2786 2663 2841 rb
2695 2787 2750 2840 δὲ
2795 2787 3145 2857 αὐτοκίνητον
3179 2787 3272 2840 καὶ
3299 2785 3460 2849 αὐτὸς
3488 2785 3624 2856 αὺτῇ
3659 2800 3831 2855 προσ-

2255 2878 2659 2951 εμαρτύρησεν·
2714 2879 2794 2933 ὃτι
2853 2880 2910 2933 δὲ
2956 2879 3188 2952 ἀριθμὸς
3233 2879 3334 2933 οὐκ
3379 2878 3514 2943 ἐστι,
3551 2877 3710 2949 δῆλον
3746 2878 3835 2929 ὲν-

2256 2970 2464 3025 τεῦθεν·
2512 2972 2570 3024 '0
2598 2971 2826 3043 ἀριθμὸς
2850 2970 3011 3026 ποσόν
3035 2973 3202 3035 ἐστιν,
3230 2971 3262 3041 ἡ
3292 2969 3437 3041 ψυχὴ
3466 2969 3521 3024 δὲ
3547 2969 3607 3021 οὐ
3643 2967 3833 3032 ποσὸν,

581 3051 870 3120 speciebus
902 3057 1144 3119 separat,
1174 3054 1229 3102 et
1261 3047 1575 3105 dill‘erentes
1618 3064 1649 3104 a
1688 3066 1748 3107 se
1795 3050 2028 3107 invicem
2058 3052 2156 3107 de-

2259 3061 2373 3116 ἀλλ’
2406 3063 2560 3116 οὐσία
2581 3078 2593 3091 ·
2626 3062 2726 3115 οὐκ
2757 3061 2863 3132 ἄρα
2894 3062 3122 3132 ἀριθμὸς
3152 3064 3184 3132 ἡ
3216 3061 3360 3132 ψυχή
3387 3078 3400 3093 ο
3434 3063 3483 3114 εί
3507 3060 3600 3114 καί⁵
3622 3059 3690 3112 τὰ
3733 3058 3837 3129 μά-

581 3145 779 3208 clarat,
828 3151 941 3196 tum
984 3142 1301 3197 diversitate
1340 3157 1624 3213 generum,
1665 3151 1779 3198 tum
1810 3145 2158 3201 multitudine

582 3234 819 3298 numeri,
865 3232 1103 3304 ideoque
1147 3235 1521 3290 numerabiles
1570 3235 1810 3292 eiliciens
1840 3252 1964 3303 res;
2015 3237 2161 3293 unde

581 3343 696 3383 non
742 3341 1139 3397 usquequaque
1171 3327 1355 3381 libera:
1384 3334 1515 3382 sunt
1565 3342 1595 3381 a
1638 3329 2033 3384 communione
2065 3345 2163 3400 per

583 3434 865 3476 numeros.
896 3417 1101 3474 Verum
1134 3418 1281 3488 quod
1331 3434 1427 3489 per
1455 3435 1515 3475 se
1548 3432 1799 3476 movetur
1832 3422 1995 3477 etiam
2044 3422 2163 3492 ipse

583 3513 635 3568 ei
658 3511 974 3568 testimonio
1002 3525 1104 3566 suo
1133 3511 1342 3566 tribuit.
1373 3509 1529 3578 Quod
1553 3523 1732 3566 autem
1763 3527 2027 3568 numerus
2054 3529 2163 3568 non

586 3605 661 3661 sit
688 3603 894 3669 anima,
930 3602 1058 3658 hinc
1092 3601 1371 3673 colligitur
1398 3621 1411 3656 :
1442 3600 1718 3658 Numerus
1744 3603 2027 3673 quantitas
2054 3613 2161 3671 est,

587 3696 775 3752 anima
819 3709 948 3751 vero
1002 3696 1283 3764 quantitas
1335 3708 1444 3748 non
1487 3701 1611 3759 est,
1668 3694 1763 3750 sed
1814 3695 2163 3761 substantia;

586 3804 720 3860 ergo
751 3802 1016 3842 numerus
1048 3801 1156 3840 non
1188 3794 1273 3841 est
1305 3804 1319 3840 :
1367 3786 1584 3841 tametsi
1616 3786 1965 3855 potissimum
1998 3788 2165 3843 etiam

589 3895 880 3936 numerum
915 3879 970 3934 in
1003 3877 1445 3950 intelligibilibus
1470 3878 1772 3934 essentiam
1802 3895 1925 3935 esse
1955 3881 2165 3947 volunt,

588 3981 650 4028 ut
696 3973 751 4027 in
787 3973 853 4027 iis
881 3987 1006 4043 quae
1037 3970 1295 4039 deinceps
1344 3977 1655 4041 sequuntur
1703 3970 1975 4027 dicemus.
2032 3971 2165 4026 Item

589 4066 770 4121 anima
814 4065 1080 4120 continua
1116 4072 1220 4128 est,
1272 4080 1536 4120 numerus
1566 4078 1695 4119 vero
1738 4079 1847 4119 non
1879 4072 1963 4121 est
1990 4066 2169 4120 conti-

589 4173 754 4213 nuus.
787 4156 908 4212 Non
941 4164 1027 4212 est
1054 4157 1220 4228 igitur
1251 4157 1433 4210 anima
1468 4170 1753 4211 numerus.
1789 4154 1907 4210 IIuc
1934 4157 2165 4224 accedit,

589 4249 737 4321 quod
758 4263 1019 4304 numerus
1048 4263 1144 4318 per
1183 4245 1551 4316 adiectionem
1577 4252 1828 4316 augetur,
1862 4244 1956 4300 sed
1986 4246 2168 4301 anima

591 4342 907 4398 accessione
924 4353 1031 4394 non
1048 4348 1298 4409 augetur.
1316 4336 1447 4391 Item
1466 4350 1724 4391 numerus
1741 4351 1837 4405 par
1849 4347 1933 4391 est
1952 4345 2046 4390 aut
2069 4336 2169 4391 im-

2260 3153 2416 3206 λιστα
2454 3152 2545 3206 καὶ
2593 3152 2682 3205 τὸν
2720 3150 2950 3221 ἀριθμὸν
2982 3153 3041 3205 ἐν
3073 3153 3184 3214 τοῖς
3210 3152 3438 3221 νοητοῖς,
3476 3148 3663 3203 οὐσίαν
3694 3142 3839 3200 εἶναι

2264 3242 2559 3315 βούλονται,
2583 3242 2657 3303 ὼς
2686 3242 2742 3297 ὲν
2768 3244 2880 3304 τοῖς
2907 3241 3032 3312 ἑξῆς
3053 3240 3306 3314 ἐροῦμεν.
3337 3242 3455 3295 Ἔτι
3483 3243 3516 3311 ἡ
3545 3237 3691 3311 ψυχὴ
3712 3255 3842 3291 συν-

2262 3338 2392 3406 εχής
2426 3338 2591 3399 ἐστιν,
2624 3336 2653 3387 6
2708 3334 2766 3388 δὲ
2805 3333 3035 3404 ἀριθμὸς
3063 3334 3123 3387 οὐ
3159 3334 3414 3404 συνεχήςο
3453 3331 3551 3385 οὐκ
3579 3332 3689 3401 ἄρα
3720 3329 3846 3399 ἀρι-

2242 3427 2398 3499 ,θμδς
2425 3430 2457 3499 ή
2494 3427 2659 3497 ψυχή.
2692 3426 2813 3481 Ἔτι
2844 3428 2872 3479 6
2903 3425 3134 3497 ἀριθμὸς
3160 3426 3300 3478 κατὰ
3332 3423 3648 3495 προσθήκην
3675 3420 3845 3487 αὒξε-

2261 3536 2384 3584 ται,
2415 3519 2450 3587 ή
2477 3516 2534 3570 δὲ
2561 3516 2707 3587 ψυχὴ
2750 3518 2892 3572 κατὰ
2937 3515 3252 3587 προσθήκην
3289 3514 3388 3567 οὐκ
3417 3511 3667 3577 αὔξεταιο
3700 3509 3783 3563 ἔτι
3817 3511 3851 3563 6

2262 3607 2495 3679 ἀριθμὸς
2541 3607 2728 3678 ἄρτιός
2771 3606 2920 3659 ἐστιν
2957 3605 2992 3676 ἢ
3038 3604 3309 3673 περιττὸς,
3349 3606 3383 3675 η
3428 3602 3485 3656 δὲ
3526 3600 3675 3672 ψυχὴ
3717 3598 3849 3653 οὔτε

2265 3700 2470 3771 ἄρτιος,
2494 3699 2618 3752 οὔτε
2648 3700 2875 3769 περιττή
2894 3716 2907 3730 ⁸
2935 3697 3034 3751 οὐκ
3066 3698 3174 3765 ἄρα
3200 3694 3430 3766 ἀριθμὸς
3456 3695 3487 3765 ή
3518 3693 3691 3763 ψυχή.
3722 3693 3852 3744 Ἔτι

2266 3793 2299 3863 ή
2327 3791 2472 3863 ψυχὴ
2495 3789 2847 3861 αὐτοκίνητός
2874 3790 3017 3845 ἐστιν
3038 3828 3052 3854 ,
3081 3789 3109 3841 6
3130 3787 3186 3839 δὲ
3226 3785 3454 3857 ἀριθμὸς
3483 3786 3513 3838 6
3538 3783 3852 3853 ὡρισμένος

2266 3884 2540 3954 ἀκίνητος.
2578 3883 2698 3936 Ἔτι
2736 3883 2765 3934 6
2797 3881 2895 3952 μὲν
2921 3880 3152 3953 ἀριθμὸς
3186 3878 3361 3949 μένων
3398 3871 3477 3941 εἷς
3504 3876 3598 3929 καὶ
3623 3877 3654 3927 6
3684 3873 3854 3934 αὐτὸς

2266 3977 2366 4049 τὴν
2401 3976 2583 4045 φύσιν,
2610 3974 2864 4045 οὐδεμίαν
2903 3972 3164 4042 ποιότητα
3193 3971 3291 4042 τὴν
3324 3970 3382 4023 ὲν
3414 3966 3666 4040 ἀριθμοῖς
3698 3980 3855 4032 γινο-

2271 4069 2439 4140 μένην
2473 4066 2890 4133 ὲξαλλάσσεται·
2931 4067 2965 4135 ή
2998 4062 3163 4135 ψυχή’
3190 4062 3247 4115 δὲ
3278 4061 3375 4132 μία
3414 4077 3499 4122 τις
3527 4053 3663 4112 οὖσα
3705 4055 3855 4108 κατὰ

2266 4160 2364 4231 τὴν
2405 4160 2611 4224 οὐσίαν,
2645 4157 2971 4213 ὑπαλλάττει
3016 4159 3116 4219 τὰς
3148 4154 3458 4226 ποιότητας,
3501 4149 3560 4216 ἐξ
3605 4149 3858 4221 ἀμαθίας

2270 4252 2350 4315 είς
2374 4252 2683 4321 ἐπιστήμην
2712 4248 3147 4311 καταπίπτουσα,
3172 4246 3269 4300 καὶ
3296 4247 3361 4298 ὲκ
3390 4244 3585 4307 κακίας
3607 4241 3689 4305 εἰς
3720 4240 3860 4310 ἁρε-

2269 4341 2366 4411 τήν
2391 4357 2405 4371 ’
2438 4340 2537 4395 οὐκ
2560 4340 2669 4409 ἄρα
2697 4337 2979 4408 ἀριθμὸςή
3006 4337 3172 4407 ψυχή.

591 4450 719 4508 par:
739 4446 928 4488 verum
946 4432 1126 4485 anima
1149 4444 1325 4498 neque
1349 4443 1464 4497 par,
1485 4443 1659 4497 neque
1680 4428 2033 4499 impar;ergo
2051 4448 2312 4488 numerus
2327 4448 2435 4486 non
2469 4439 2575 4486 est.
2594 4429 2673 4484 Ad
2698 4430 2813 4484 haec
2842 4430 3021 4482 anima
3046 4442 3142 4497 per
3168 4443 3228 4482 se
3254 4425 3472 4481 mobilis
3491 4430 3605 4479 est:
3628 4421 3731 4477 sed
3750 4434 3863 4474 nu-

592 4541 777 4581 merus
792 4518 1491 4578 determinatusiunnobilis
1509 4525 1616 4574 est.
1644 4519 1772 4573 Item
1804 4535 2067 4576 numerus
2082 4538 2309 4579 manens
2336 4539 2477 4577 unus
2494 4530 2543 4577 el
2571 4521 2711 4576 idem
2742 4528 2961 4580 natura,
2989 4519 3138 4572 nulla
3161 4517 3266 4571 alia
3297 4516 3556 4587 qualitate
3582 4528 3707 4583 qua:
3727 4512 3863 4582 qui-

594 4617 717 4671 dem
746 4618 800 4670 in
832 4614 1076 4670 numeris
1110 4612 1221 4676 Iiat,
1252 4611 1647 4677 mutatur;sed
1679 4612 1861 4665 anima
1894 4627 2018 4667 cum
2043 4632 2150 4671 una
2184 4618 2255 4672 sit
2290 4617 2591 4672 secundum
2627 4615 2948 4674 essentiam,
2976 4619 3151 4665 mutat
3174 4609 3410 4667 subinde
3435 4608 3758 4680 qualitates,
3784 4622 3861 4662 ex

594 4708 814 4764 inscuia
860 4704 931 4761 ad
976 4705 1286 4768 scientiam,
1314 4712 1370 4759 et
1412 4718 1478 4758 ex
1523 4703 1656 4758 vitio
1704 4704 1770 4758 ad
1814 4706 2072 4761 virtutem
2106 4711 2349 4782 migrans
2386 4730 2400 4765 τ
2438 4712 2603 4781 igitur
2633 4710 2815 4764 anima
2846 4721 3109 4760 numerus
3139 4720 3248 4759 non
3276 4713 3381 4759 est.

668 4797 809 4853 Sunt
847 4797 1014 4867 igitur
1062 4803 1307 4850 veterum
1352 4794 1419 4850 de
1453 4795 1636 4848 anima
1662 4799 1948 4853 sententia:
1976 4800 2159 4870 hujus-

2342 4806 2423 4859 Τὰ
2464 4803 2563 4874 μὲν
2607 4798 2699 4855 οὖν
2743 4799 2852 4853 τῶν
2898 4797 3145 4852 παλαιῶν
3189 4795 3436 4867 δόγματα
3488 4794 3615 4866 περὶ
3667 4792 3865 4863 ψυχῆς

596 4891 764 4949 modi.
812 4886 1117 4942 Eunomius
1152 4895 1334 4942 autem
1368 4887 1603 4940 animam
1637 4887 1849 4944 deliniit
1907 4893 2167 4947 substan-

596 4985 725 5039 tiam
761 4984 1165 5050 iucorpoream,
1212 4979 1266 5033 in
1307 4994 1542 5048 corpore
1582 4978 1857 5035 conditam
1894 4999 1907 5035 :
1962 4983 2017 5038 in
2058 4999 2167 5054 quo

597 5090 718 5131 cum
754 5072 976 5127 Platone
1033 5076 1086 5124 et
1136 5069 1428 5125 Aristotele
1477 5071 1782 5126 convenit:
1831 5073 2032 5143 quippe
2081 5075 2168 5128 in-

598 5180 915 5236 corpoream
969 5178 1037 5219 ex
1092 5162 1318 5218 Platone
1369 5164 1626 5233 accepit:
1681 5166 1826 5235 quod
1872 5178 2051 5222 autem
2113 5168 2169 5221 in

600 5271 830 5327 corpore
856 5255 1129 5311 conditam
1164 5252 1317 5318 dicit,
1342 5269 1404 5309 cx
1429 5254 1737 5311 Aristotelis
1773 5257 2022 5311 doctrina
2043 5267 2128 5313 est
2153 5273 2169 5309 :

599 5361 702 5402 nec
732 5348 1114 5402 animadvertit
1144 5348 1497 5416 quantumvis
1537 5358 1733 5403 acutus
1774 5358 1829 5403 et
1882 5350 2077 5412 solers,
2116 5364 2175 5424 se

602 5438 661 5492 in
692 5453 860 5491 unum
891 5452 1083 5507 cogere
1117 5437 1270 5499 eniti.
1305 5452 1427 5506 qua:
1460 5452 1686 5506 prorsus
1716 5452 1747 5492 a
1785 5455 1844 5494 se
1870 5440 2172 5494 dissident:

603 5544 769 5584 onme
796 5529 940 5584 enim
971 5529 1115 5599 quod
1148 5538 1327 5584 ortum
1357 5529 1537 5592 habet,
1577 5539 1632 5584 et
1659 5544 1981 5599 corporeum
2010 5531 2175 5586 simul

605 5637 672 5677 ac
700 5621 995 5691 temporale
1017 5628 1123 5684 est,
1163 5620 1430 5675 caducum
1464 5626 1519 5674 et
1553 5621 1782 5676 mortale
1807 5622 2042 5675 exsistit.
2080 5619 2176 5675 His

607 5713 772 5769 etiam
829 5712 1126 5767 concinunt
1181 5710 1383 5784 Moysis
1454 5711 1678 5781 scripta.
1734 5710 1869 5767 Nam
1925 5712 2169 5768 omnium

2270 4895 2512 4950 τοιαῦτα.
2541 4893 2803 4962 Εὑνόμιος
2833 4891 2889 4944 δὲ
2908 4889 3144 4961 ὡρίσατο
3166 4887 3265 4959 τὴν
3288 4885 3464 4956 ψυχὴν
3492 4885 3681 4938 οὐσίαν
3708 4884 3868 4938 ἀσώ-

2276 5004 2464 5058 ματον,
2518 4986 2575 5039 ὲν
2617 4984 2829 5054 σώματι
2872 4981 3229 5051 κτιζομένηψ
3280 4979 3654 5049 συμφωνήσας
3711 4977 3864 5047 ὁμοῦ

2274 5079 2518 5131 Πλάτωνι
2548 5076 2643 5130 καί
2683 5074 3060 5146 Ἀριστοτέλει.
3106 5071 3180 5124 Tb
3215 5072 3314 5141 μὲν
3340 5067 3434 5124 οὖν
3463 5069 3761 5140 ἀσώματον
3794 5072 3866 5123 ὲκ

2273 5169 2368 5224 τοῦ
2400 5168 2684 5231 Πλάτωνος
2716 5165 2936 5237 εἴληφε·
2965 5166 3027 5218 τὸ
3054 5165 3109 5217 δὲ
3155 5165 3214 5216 ὲν
3249 5163 3459 5233 σώματι
3501 5161 3864 5232 κτιζομένην,

2274 5261 2340 5313 ὲκ
2358 5261 2453 5330 τῆς
2486 5258 2886 5329 Ἀριστοτέλους
2904 5256 3250 5318 διδασκαλίας
3267 5272 3281 5287 ·
3305 5256 3404 5308 οὐκ
3423 5254 3706 5322 ἐννοήσας,
3728 5254 3866 5305 καί-

2276 5368 2382 5423 περ
2410 5352 2533 5417 ὀξὺς
2578 5350 2672 5415 ὢν,
2715 5351 2796 5404 ὅτι
2844 5350 3100 5418 συνάγειν
3138 5350 3218 5412 είς
3268 5347 3430 5400 ταὺτὸ
3482 5347 3745 5418 πειρᾶται
3790 5345 3868 5398 τά

2274 5443 2599 5512 άσύμϐατα·
2652 5442 2760 5495 πᾶν
2804 5442 2912 5512 γὰρ
2957 5441 3019 5493 τὸ
3067 5441 3281 5508 γένεσιν
3334 5438 3485 5509 ἔχον,
3538 5437 3868 5508 σωματικὸν

2273 5530 2408 5601 ὁμοῦ
2450 5530 2543 5582 καὶ
2572 5529 2841 5600 χρονικὸν,
2872 5528 3111 5599 φθαρτόν
3143 5528 3258 5580 ἔστι
3285 5528 3379 5581 καὶ
3423 5527 3614 5597 θνητόν
3640 5543 3655 5557 ·
3692 5528 3868 5598 συνᾴ-

2272 5619 2351 5673 δει
2383 5619 2441 5673 δὲ
2467 5618 2641 5690 τούτῳ
2665 5620 2759 5674 καὶ
2783 5619 2851 5674 τὰ
2875 5619 3172 5680 Μωῦσέως.
3201 5614 3314 5689 Τὴν
3340 5618 3449 5690 γάρ
3473 5618 3604 5686 ὓλην
3630 5617 3868 5670 πάντων

2277 5710 2488 5780 γένεσιν
2528 5710 2859 5777 ὑποτίθεται,
2897 5710 2973 5775 ὡς
3002 5707 3314 5774 δοξάζουσιν
3346 5710 3395 5762 oi
3430 5707 3524 5762 τοῦ
3561 5706 3868 5775 Πλάτωνος
