4008 6210
284 339 406 396 9.95

1746 330 1836 386 DE
1874 328 2104 385 ANIMA.

3453 317 3559 375 206

292 457 444 525 λόγοι
490 453 579 510 καὶ
607 453 1002 525 συμφέρονται.
1031 453 1096 509 Et
1127 454 1186 509 δέ
1226 470 1310 518 τις
1342 452 1482 524 μετά
1519 451 1622 524 τὴν
1647 449 1864 505 διάπλα-

1977 444 2259 500 materiam
2293 441 2560 512 originem
2588 439 2867 511 supponit,
2904 444 2963 492 ut
2994 435 3240 492 Platonis
3275 448 3562 491 sermones

295 565 381 602 σιν
409 547 503 602 τοῦ
524 547 780 618 σώματος
816 546 1153 619 ὲμὸισλῆσαι
1182 546 1314 618 ’τὴν
1345 544 1544 617 ψυχὴν,
1578 546 1697 616 ἦτοι
1736 543 1873 614 μετά

289 639 355 693 τὸ
386 639 549 710 σῶμα
600 638 927 709 γεγενῆσθαι
975 637 1165 708 αὐτὴν,
1203 636 1561 708 διαμαρτάνει
1597 637 1698 705 τῆς
1736 633 1871 703 ἀλη-

288 729 462 793 θείας.
487 729 626 783 Οὔτε
650 730 759 803 γὰρ
785 732 815 784 ὁ
832 730 1070 801 Μωῦσῆς
1094 730 1216 784 τότε
1235 728 1407 798 αὐτὴν
1434 726 1682 785 ἐκτίσθαι
1698 724 1869 794 λέγει,

281 822 372 874 ὅτε
397 820 477 892 τῷ
507 821 721 892 σώματι
770 822 1120 879 ὲνεδάλλετο·
1156 821 1280 874 οὔτε
1321 818 1463 873 κατά
1502 817 1660 887 λόγον
1692 816 1872 879 οὕτως

283 913 424 982 εχει.
455 914 520 965 Et
546 913 727 969 τοίνυν
749 913 951 985 θνητὴν
970 912 1141 984 αὐτὴν
1158 912 1433 985 λέγουσιν,
1451 909 1528 973 ὡς
1568 907 1871 980 Ἀριστοτέ-

282 1002 409 1073 λης,
424 1004 602 1074 φήσας
617 1004 788 1075 αὐτὴν
805 1006 863 1057 ὲν
886 1003 1096 1075 σώματι
1116 1001 1426 1073 γεννᾶσθαι,
1443 1000 1537 1054 καὶ
1551 1000 1601 1054 oi
1622 998 1866 1052 Στωϊκοίσ

281 1094 318 1165 ἢ
346 1094 524 1164 λέγων
543 1096 733 1150 οὐσίαν
760 1095 1073 1168 ἀσώματον,
1099 1092 1575 1168 παραιτείσθωσαν
1599 1090 1783 1159 λέγειν
1812 1092 1869 1145 ὲν

284 1184 500 1256 σώματι
523 1186 872 1259 κτιζομένην,
889 1188 976 1241 ἴνα
999 1186 1074 1259 μὴ
1096 1186 1298 1258 θνητῆς
1318 1186 1497 1257 ψυχῆς
1515 1183 1723 1240 ἔννοιαν
1739 1183 1869 1254 ἡμῖν

282 1280 640 1352 παραστήσῃ,
686 1280 781 1333 καὶ
822 1279 1099 1342 παντελῶς
1149 1277 1346 1346 ἀλόγου
1373 1293 1387 1307 ’
1429 1276 1604 1339 ἄλλως
1654 1291 1714 1327 τε
1747 1273 1867 1331 κατ’

281 1368 451 1421 αὑτὸν
479 1370 543 1421 οὐ
570 1368 786 1441 πλήρης
809 1371 958 1428 ἐστὶν
978 1372 1006 1423 ό
1032 1369 1256 1440 κόσμος,
1290 1367 1425 1423 ἀλλά
1465 1365 1721 1438 ἡμιτελής
1751 1365 1868 1416 ἐστι

280 1460 379 1515 καὶ
413 1459 532 1525 νῦν,
585 1461 905 1535 προσθήκης
945 1462 1032 1515 ἀεὶ
1070 1461 1345 1532 δεόμενος.
1396 1457 1867 1529 Πεντακισμυρίαι

280 1545 417 1615 γοῦν
450 1547 518 1599 τὺ
553 1547 831 1618 ἐλάχιστον
863 1548 986 1601 καθ’
1019 1548 1257 1619 ἑκάστην
1283 1547 1496 1618 ἡμέραν
1538 1546 1715 1599 οὐσίαι
1741 1562 1866 1615 νοη-

278 1637 373 1697 ταὶ
421 1638 808 1709 προσ-γίνονται
849 1639 1001 1711 αὐτῷ
1022 1655 1034 1668 ·
1078 1641 1173 1693 καὶ
1204 1639 1266 1692 τὸ
1305 1637 1706 1710 χαλεπώτατον,
1739 1637 1867 1690 ὅταν

278 1726 735 1801 τελεσιουργηθῇ,
787 1729 910 1782 τότε
955 1728 1338 1801 διαλυθήσεται
1393 1729 1512 1782 κατ’
1551 1727 1717 1781 αὐτοῦ
1756 1726 1866 1780 τῶν

1974 537 2225 590 statuunt
2272 541 2327 587 et
2374 529 2746 603 perseverant.
2800 528 2955 599 Quod
3005 528 3053 584 si
3101 528 3226 599 quis
3270 535 3391 598 post
3434 540 3559 581 cor-

1972 628 2123 701 poris
2177 620 2494 697 figmentum
2548 623 2783 679 animam
2825 621 3047 675 insitam
3087 634 3211 679 esse
3259 618 3557 679 existimat,

1973 716 2229 770 nimirum
2257 729 2376 769 eam
2409 719 2531 783 post
2565 726 2766 781 corpus
2801 718 2974 765 ortam
3006 725 3149 775 esse,
3182 724 3211 762 a
3247 724 3376 764 vero
3402 708 3561 763 aber-

1972 815 2095 872 rat;
2132 819 2310 875 neque
2332 804 2477 859 enim
2513 800 2725 873 Moyses
2755 809 2883 854 tunc
2926 800 3101 869 ipsam
3123 799 3399 854 conditam
3432 813 3557 854 esse

1971 896 2068 964 ait,
2106 896 2325 965 quando
2348 895 2402 948 in
2437 908 2638 963 corpus
2673 891 2854 947 infusa
2894 901 3014 955 est,
3048 906 3225 961 neque
3264 891 3318 945 id
3356 891 3559 946 rationi

1971 998 2399 1044 consentaneum
2429 994 2551 1051 est;
2597 993 2691 1039 aut
2732 983 2900 1053 igitur
2936 983 3217 1038 mortalem
3260 983 3406 1037 illam
3433 998 3558 1039 esse

1970 1086 2211 1142 censeat,
2247 1087 2304 1133 ut
2332 1078 2674 1141 Aristoteles,
2699 1077 2793 1147 qui
2842 1076 2897 1131 in
2937 1090 3168 1145 corpore
3210 1082 3389 1130 natam
3430 1089 3555 1130 esse

1969 1168 2129 1232 dixit,
2171 1175 2226 1222 et
2255 1167 2457 1222 Stoici:
2497 1174 2591 1220 aut
2621 1165 2987 1221 substantiam
3025 1164 3402 1241 incorpoream
3431 1178 3556 1219 esse

1970 1274 2248 1324 asserens,
2315 1259 2371 1313 in
2421 1272 2652 1328 corpore
2697 1264 2935 1311 creatam
2990 1255 3174 1311 dicere
3224 1264 3549 1312 cunctetur:

1969 1366 2038 1405 ne
2063 1350 2258 1407 animte
2313 1350 2563 1403 mortalis
2625 1348 2903 1402 notionem
2949 1354 3004 1403 et
3046 1347 3272 1402 omnino
3321 1347 3553 1403 rationis

1968 1450 2245 1511 expertem
2292 1442 2451 1496 nobis
2492 1440 2763 1506 exhibeat,
2795 1440 3095 1511 praesertim
3142 1455 3265 1495 cum
3315 1443 3553 1499 mundus

1967 1532 2212 1588 nondum
2248 1547 2344 1600 per
2369 1546 2429 1586 se
2455 1532 2649 1603 plenus
2681 1532 2773 1595 sit,
2815 1530 2910 1586 sed
2937 1532 3351 1603 semiperfectus
3384 1532 3553 1587 etiam

1968 1637 2113 1681 nunc
2177 1630 2294 1685 est,
2356 1630 2519 1693 atque
2577 1620 2914 1677 accessionis
3002 1637 3218 1694 semper
3281 1623 3549 1694 indigens.

1968 1711 2151 1778 Quare
2193 1711 2594 1782 quinquaginta
2638 1711 2812 1766 millia
2856 1711 2921 1766 ad
2971 1712 3257 1777 minimum
3309 1714 3553 1784 quotidie

280 1818 611 1877 τελευταίων
659 1800 962 1888 ἀνθρώπων
1006 1821 1116 1875 τῶν
1161 1800 1300 1892 πρὸς
1330 1822 1398 1892 τῇ
1447 1819 1739 1875 ἀναστάσει
1779 1818 1864 1873 τὸν

1970 1800 2395 1872 intelligibilium
2428 1801 2793 1857 essentiarum
2824 1805 3094 1859 accedunt
3127 1804 3255 1874 ipsi,
3306 1813 3362 1861 et
3407 1805 3551 1878 quod

278 1927 515 1998 ψυχικὸν
550 1928 783 2001 ἀριθμὸν
835 1930 1332 2003 ἀποπληρούντων·
1368 1924 1429 1989 οὗ
1463 1930 1518 1985 τί
1562 1931 1629 1985 ἂν
1658 1931 1869 2000 γένοιτο

277 2015 625 2087 ἀλογώτερον
658 2018 781 2072 τότε
825 2020 1058 2089 φάσκειν
1081 2020 1487 2092 διαφθείρεσθαι
1510 2021 1602 2074 τὸν
1643 2021 1864 2100 κόσμον,

277 2107 413 2163 ὃταν
436 2108 697 2182 πληρωθῇ
718 2127 734 2175 ;
767 2112 981 2183 Κομιδῆ
1013 2110 1122 2184 γάρ
1147 2112 1357 2183 νηπίων
1388 2112 1593 2168 παίδων
1616 2114 1644 2166 ὁ
1668 2112 1869 2183 τρόπος

276 2192 442 2263 οὗτος
503 2203 563 2254 ἑν
607 2202 821 2274 ψάμμῳ
855 2203 958 2276 τῆς
988 2204 1228 2269 παιδιᾶς,
1270 2204 1431 2269 εὐθὺς
1480 2204 1620 2276 μετά
1645 2204 1706 2258 τὸ
1731 2204 1868 2276 πλην

272 2289 460 2365 ρῶσαι
487 2292 826 2362 συγχεόντων
851 2294 923 2347 τὰ
949 2296 1270 2367 πράγματα.
1300 2294 1375 2349 Τὸ
1401 2293 1511 2367 γὰρ
1538 2294 1716 2364 λέγειν
1737 2310 1868 2366 προ·
1958 2324 1961 2327 -

268 2383 431 2447 νοίας
476 2383 623 2456 λόγῳ
656 2385 752 2440 νῦν
795 2385 896 2451 τὰς
939 2387 1118 2463 ψυχὰς
1146 2387 1413 2457 γίνεσθαι,
1453 2387 1548 2442 καὶ
1577 2387 1701 2459 οὐχὶ
1748 2387 1866 2440 κτί-

271 2509 425 2556 σεως
460 2493 561 2565 (οὐ
592 2494 701 2568 γὰρ
740 2497 927 2569 κοινὴν
961 2499 1169 2566 οὐσίαν,
1208 2498 1329 2553 οὐδὲ
1377 2498 1545 2569 ἄλλην
1590 2498 1741 2571 παρὰ
1767 2498 1865 2569 τὴν

265 2581 449 2639 οὖσαν
497 2587 837 2657 εἰσάγεσθαι,
888 2589 1023 2644 ἀλλὰ
1066 2590 1164 2667 τὴν
1207 2586 1373 2654 οὖσαν
1427 2590 1568 2645 κατὰ
1611 2589 1864 2662 πρόνοιαν

266 2674 831 2748 πληπηριάζεσθαι),
858 2678 1192 2747 ἀγνοούντων
1210 2680 1325 2733 ἐστὶ
1347 2679 1608 2751 διαφορὰν
1636 2679 1865 2743 κτίσεως

266 2770 378 2823 καὶ
418 2770 695 2840 προνοίας.
729 2770 991 2844 Προνοίας
1041 2773 1141 2843 μὲν
1183 2771 1292 2845 γὰρ
1318 2772 1478 2844 ἔργον
1529 2773 1664 2835 ἐστὶ,
1705 2772 1766 2824 τὸ
1805 2770 1865 2838 ἐξ

264 2860 673 2932 ἁλληλογονίας
702 2851 985 2928 διασῶζειν
1018 2863 1116 2935 τὴν
1148 2864 1257 2917 τῶν
1301 2864 1554 2937 φθαρτῶν
1594 2864 1748 2930 ζώων
1775 2863 1865 2917 οὐ·

264 2951 444 3005 βίαν·
498 2952 646 3021 λέγω
682 2952 739 3006 δὲ
780 2953 891 3007 τῶν
926 2954 1001 3026 μὴ
1047 2955 1189 3013 κατά
1229 2955 1498 3025 σηπεδόνα
1528 2955 1861 3027 γινομένων,

261 3042 469 3116 ἐπειδὴ
492 3044 594 3117 τὴν
615 3044 817 3099 τούτων
838 3046 1086 3120 διαδοχὴν
1108 3047 1354 3122 σηπεδὼν
1384 3047 1542 3102 πάλιν
1570 3048 1730 3118 ἑτέρα
1751 3047 1866 3101 δια-

1969 1891 2419 1948 molestissimum
2468 1898 2575 1958 est,
2630 1907 2757 1947 cum
2807 1893 3203 1963 perfectionem
3264 1906 3552 1969 assecutus

1971 1982 2159 2047 fuerit,
2187 1990 2319 2037 tunc
2345 1984 2698 2049 dissolvetur,
2739 1983 3057 2039 ultimorum
3091 1985 3374 2041 hominum
3414 2003 3551 2051 aevo,

1967 2074 2061 2147 qui
2121 2074 2363 2130 instante
2416 2073 2826 2133 resurrectione
2886 2073 3195 2128 animarum
3260 2090 3551 2131 numerum

1968 2164 2338 2235 complerent:
2363 2180 2474 2235 quo
2498 2163 2631 2235 quid
2661 2164 2779 2221 ﬁeri
2822 2171 3008 2235 posset
3046 2179 3077 2218 a
3120 2165 3335 2219 ratione
3379 2166 3551 2237 magis

1968 2252 2228 2317 alienum,
2274 2262 2332 2308 ut
2367 2261 2483 2308 tum
2515 2252 2832 2311 labefactari
2868 2252 3106 2309 mundus
3154 2252 3391 2318 dicatur,
3426 2269 3549 2315 cum

1966 2346 2222 2421 omnibus
2268 2348 2384 2403 suis
2430 2346 2676 2405 numeris
2717 2345 3002 2405 absolutus
3043 2345 3553 2403 fueritiEnimvero

1966 2436 2058 2507 hic
2105 2438 2297 2508 utique
2343 2454 2465 2495 mos
2510 2446 2596 2494 est
2641 2436 2931 2496 infantium
2962 2439 3336 2508 puerulorum,
3369 2438 3461 2509 qui
3497 2438 3551 2494 in

1965 2544 2132 2586 arena
2179 2531 2273 2586 ubi
2309 2530 2595 2588 colludunt
2639 2529 2971 2599 simulatque
3009 2529 3233 2603 aliquod
3266 2526 3551 2585 ludicrum

1967 2629 2305 2686 struxerunt,
2372 2620 2684 2679 absolutum
2748 2618 3117 2679 confundunt.
3177 2619 3311 2676 Nam
3370 2621 3554 2678 dicere

1966 2728 2115 2773 nunc
2136 2712 2497 2782 providentiae
2536 2712 2750 2768 ratione
2791 2710 3004 2789 animas
3034 2710 3172 2779 ﬁeri,
3221 2725 3328 2767 non
3369 2718 3552 2771 autem

1965 2804 2262 2863 creationis
2291 2803 2518 2874 (quippe
2563 2817 2688 2858 cum
2734 2816 2844 2859 non
2889 2804 2960 2858 sit
2995 2802 3361 2859 substantiam
3404 2817 3554 2857 com-

1940 2911 2182 2954 munem
2206 2910 2308 2952 nec
2337 2896 2500 2950 aliam
2524 2903 2722 2966 praeter
2740 2909 2862 2966 quae
2895 2901 2981 2950 est
3005 2894 3284 2954 inducere.
3317 2894 3414 2949 sed
3435 2883 3550 2963 iam

1963 2990 2312 3045 exsistentem
2343 3002 2440 3059 per
2454 2987 2853 3058 providentiam
2882 2984 3176 3057 complere)
3201 3026 3215 3050 ,
3252 3001 3442 3041 eorum
3468 2992 3552 3047 est

1965 3082 2058 3153 qui
2104 3080 2401 3138 discrimen
2436 3079 2692 3150 ignorant
2730 3078 3027 3133 creationis
3079 3082 3134 3133 et
3172 3074 3551 3147 providentia.

263 3135 576 3206 φυλάττει·
612 3137 842 3202 κτίσεως
873 3139 929 3194 δὲ
954 3141 1014 3194 τὸ
1044 3141 1331 3213 κράτιστον
1379 3136 1558 3213 ἔργον,
1591 3141 1652 3194 τὸ
1681 3140 1740 3206 ἐξ
1764 3141 1863 3194 οὐκ

1970 3172 2183 3228 Etenim
2208 3170 2565 3242 providentiae
2591 3183 2730 3239 opus
2751 3177 2835 3224 est
2863 3182 3196 3225 conservare
3229 3165 3551 3229 animalium

260 3231 450 3283 ὄντων
480 3232 675 3284 ποιεῖν.
705 3232 768 3285 Ei
795 3232 975 3285 τοίνυν
1005 3233 1064 3305 ἐξ
1086 3232 1464 3304 άλληλογονίας
1490 3235 1547 3289 αἱ
1576 3233 1745 3304 ψυχαὶ
1774 3234 1861 3304 γί-

263 3337 488 3382 νονται,
525 3320 622 3373 καὶ
665 3320 901 3390 φθαρταί
935 3324 1060 3389 εἰσι,
1097 3321 1349 3393 καθάπερ
1377 3321 1446 3376 τὰ
1488 3322 1642 3388 ἄλλα,
1685 3323 1754 3376 τὰ
1798 3327 1862 3376 ὲκ

263 3408 532 3481 διαδοχῆς
576 3410 767 3479 γένους
804 3411 1083 3482 γινόμενα.
1122 3411 1185 3465 Et
1225 3412 1281 3466 δὲ
1311 3412 1369 3479 ἐξ
1393 3411 1494 3467 οὐκ
1526 3412 1694 3468 ὄντων
1720 3430 1861 3486 παρ-

268 3502 525 3571 άγονται,
557 3502 738 3567 κτίσις
765 3505 881 3558 ἐστὶ
906 3506 965 3558 τὸ
990 3504 1295 3577 γινόμενον,
1313 3507 1407 3560 καὶ
1429 3506 1528 3560 οὐκ
1553 3505 1699 3560 ἔστιν
1728 3506 1861 3579 ἀλη-

270 3594 371 3656 θὲς
387 3594 448 3647 τὸ
462 3592 557 3646 τοῦ
570 3594 957 3662 Μωῦσέως,τδ,
969 3592 1403 3650 Κατέπαυσενό
1422 3594 1567 3662 Θεὸς
1582 3595 1699 3650 ἀπὸ
1719 3595 1862 3649 πᾶν·

270 3704 399 3741 των
441 3686 565 3740 τῶν
591 3688 780 3756 ἕρπων
809 3687 1028 3741 αὐτοῦ’
1085 3688 1260 3742 ἄτοπα
1296 3688 1353 3741 δὲ
1401 3688 1707 3760 ἀμφότερα.
1748 3689 1861 3742 Οὐκ

272 3782 390 3848 ἄρα
411 3778 510 3833 νῦν
534 3781 593 3832 αἱ
616 3779 787 3851 ψυχαὶ
803 3780 1061 3848 γίνονται.
1083 3781 1158 3835 Τὸ
1185 3780 1314 3852 γὰρ,
1328 3782 1380 3835 Ὁ
1403 3783 1605 3850 Πατήρ
1617 3801 1735 3852 μου
1750 3781 1861 3851 ἕως

263 3874 414 3941 ἄρτι
435 3870 754 3942 ἐργάζεται,
788 3872 890 3927 οὐκ
933 3874 1026 3928 ἐπὶ
1070 3872 1165 3931 τοῦ
1210 3873 1436 3941 κτίζειν,
1471 3874 1584 3929 ἀλλ’
1623 3876 1716 3929 ἐπὶ
1766 3877 1859 3929 τοῦ

272 3963 539 4033 προνοεῖν
578 3962 861 4033 εἰρῆσθαι·
912 3964 1006 4016 καὶ
1054 3964 1204 4035 αὐτῷ
1254 3964 1403 4018 δοκεῖ
1446 3964 1857 4038 Ἀπολλιναρίῳ,

270 4053 377 4115 τὰς
403 4050 589 4122 ψυχὰς
612 4052 721 4107 άπὸ
742 4052 851 4105 τῶν
872 4051 1058 4124 ψυχῶν
1079 4053 1380 4116 τίκτεσθαι,
1406 4053 1557 4107 ὥσπε
1566 4070 1596 4123 ρ
1626 4054 1735 4107 ἀπὸ
1754 4055 1862 4107 τῶν

276 4142 575 4196 σωμάτων.
614 4143 872 4213 Προῖέναι
920 4143 1028 4215 γὰρ
1076 4144 1176 4215 τὴν
1224 4144 1402 4215 ψυχὴν
1438 4144 1582 4199 κατά
1612 4144 1861 4215 διαδοχὴν

272 4235 371 4288 τοῦ
400 4233 626 4309 πρῶτον
651 4235 941 4307 ἀνθρώπου
967 4240 1047 4301 είς
1068 4240 1194 4301 τοὺς
1225 4238 1286 4304 ἐξ
1313 4239 1521 4292 ἐκείνου
1553 4238 1859 4309 τεχθέντας,

274 4328 536 4399 καθάπερ
562 4327 662 4399 τὴν
692 4331 1012 4402 σωματικὴν
1037 4330 1308 4403 διαδοχήν.
1335 4333 1486 4403 Μήτε
1514 4332 1624 4403 γὰρ
1649 4332 1859 4385 ἀποκεῖ-

276 4419 405 4474 σθαι
449 4420 655 4491 ψυχὰς,
701 4422 839 4492 μήτε
872 4421 966 4474 νῦν
1016 4422 1310 4486 κτίζεσθαι.
1352 4424 1491 4488 Τοὺς
1534 4424 1642 4494 γὰρ
1689 4421 1862 4476 ταῦτα

1968 3262 2409 3333 corruptibilium
2462 3260 2826 3317 substantiam
2871 3258 3258 3315 vicissitudine
3297 3271 3553 3328 procrea‘

1969 3355 2176 3410 tionis:
2209 3354 2406 3424 loquor
2452 3360 2634 3407 autem
2667 3352 2735 3407 de
2767 3352 2835 3408 iis
2881 3367 3004 3422 qua:
3040 3365 3150 3407 non
3176 3365 3240 3406 ex
3264 3349 3554 3420 putredine

1969 3453 2292 3513 nascuntur,
2361 3443 2630 3515 siquidem
2708 3444 2901 3498 horum
2973 3443 3383 3507 successionem
3446 3441 3552 3495 alia

1967 3535 2223 3606 deinceps
2252 3535 2482 3605 putredo
2526 3539 2842 3588 conservat.
2893 3532 3202 3589 Creationis
3243 3544 3371 3587 vero
3416 3545 3554 3601 pra:-

1968 3625 2369 3683 stantissimum
2429 3640 2569 3695 opus
2623 3630 2708 3679 est
2748 3621 2982 3691 edicere,
3038 3631 3096 3677 ut
3142 3622 3348 3693 aliquid
3380 3625 3450 3678 sit
3485 3638 3552 3677 ex

1967 3720 2159 3774 nihilo.
2216 3717 2580 3784 Quamobrem
2623 3715 2669 3771 si
2713 3714 2909 3771 anima:
2951 3729 3017 3770 ex
3069 3722 3257 3769 mutua
3299 3729 3553 3787 procrea-

1968 3811 2116 3866 tione
2139 3808 2350 3871 tierent,
2377 3807 2541 3863 etiam
2571 3806 2834 3861 mortales
2862 3811 3066 3871 essent,
3097 3804 3262 3863 veluti
3290 3805 3393 3859 alia
3432 3820 3553 3875 quae

1968 3903 2182 3974 generis
2224 3901 2574 3957 successione
2605 3897 2785 3953 ﬁunt:
2830 3897 2975 3967 quod
3021 3897 3067 3951 si
3106 3911 3172 3951 ex
3201 3896 3269 3951 iis
3297 3912 3416 3965 quae
3444 3912 3549 3949 non

1969 4001 2118 4059 sunt,
2152 3992 2520 4057 deducuntur,
2545 3990 2751 4045 creatio
2780 3995 2865 4043 est
2898 3987 3045 4057 quod
3086 3988 3146 4042 tit
3167 4025 3182 4048 ,
3231 4001 3331 4040 nec
3362 4000 3550 4039 verum

1967 4097 2050 4143 est
2103 4086 2249 4157 quod
2298 4087 2374 4138 ait
2419 4084 2673 4155 Moyses,
2724 4080 3235 4149 uenipe:Requievit
3286 4079 3427 4134 Deus
3484 4086 3550 4137 ab

1971 4178 2216 4233 omnibus
2273 4176 2514 4245 operibus
2564 4175 2675 4228 suis
2705 4174 2748 4205 ⁸³
2788 4180 3101 4242 (utrumque
3134 4181 3315 4227 autem
3355 4173 3552 4229 absur-

1969 4273 2097 4335 dum
2125 4272 2251 4339 est).
2286 4267 2403 4324 Non
2429 4269 2592 4337 igitur
2624 4280 2771 4319 nunc
2818 4264 3013 4319 anima:
3055 4276 3391 4319 nascuntur:
3419 4278 3545 4318 nam

1970 4364 2100 4419 illud
2126 4402 2141 4427 ,
2178 4362 2338 4416 Pater
2367 4376 2511 4414 meus
2553 4358 2817 4428 hucusque
2845 4369 3098 4427 operatur
3128 4358 3172 4390 υ
3194 4399 3207 4423 ,
3243 4372 3354 4413 non
3391 4373 3552 4413 usur-

1970 4466 2127 4528 patur
2156 4454 2223 4508 dc
2253 4467 2311 4509 re
2331 4451 2589 4517 creanda,
2620 4448 2714 4505 sed
2743 4448 2948 4503 dictum
2975 4464 3098 4504 esse
3132 4446 3325 4503 'volunt
3353 4463 3451 4519 pro
3485 4463 3551 4502 eo

274 4515 539 4583 λέγοντας
564 4517 831 4586 συνεργὸν
859 4517 1031 4570 ποιεῖν
1059 4516 1149 4570 τὸν
1182 4517 1315 4571 Θεὸν
1345 4521 1459 4583 τοῖς
1491 4519 1702 4589 μοιχοῖς
1727 4534 1740 4547 ·
1772 4519 1864 4572 καὶ¹

2139 4503 2225 4597 εει
2246 4503 2531 4612 providere
2549 4503 2671 4605 {et
2700 4537 2800 4607 ipsi
2841 4552 3059 4609 quoque
3092 4503 3432 4607 Apollinario
3470 4538 3549 4590 vi-

273 4606 388 4677 γὰρ
416 4607 483 4659 ἐκ
508 4605 717 4661 τούτων
749 4607 937 4660 παιδία
974 4608 1215 4662 τίκτεται
1236 4623 1250 4637 ’
1285 4610 1478 4679 ψεῦδος
1506 4610 1562 4663 δὲ
1608 4606 1744 4665 εἶναι
1770 4611 1865 4671 καὶ

274 4699 362 4763 το,
394 4698 795 4755 Κατεπαυσεν
825 4702 857 4752 ὁ
892 4699 1036 4767 Θεὸς
1072 4700 1192 4755 ἀπὸ
1230 4701 1474 4755 πάντων
1511 4701 1631 4757 τῶν
1675 4703 1866 4772 ἔργων

270 4789 468 4843 αὑτοῦ
497 4790 536 4843 ἇ
590 4789 818 4859 ἤρξατο
862 4791 1081 4845 ποιεῖν·
1112 4794 1269 4862 εἴπερ
1315 4794 1394 4847 ἔτι
1445 4796 1538 4847 καὶ
1570 4794 1662 4849 νῦν
1688 4795 1865 4865 ψυχὰς

276 4881 623 4955 δημιουργεῖ.
667 4881 806 4934 Ἀλλ’
836 4883 885 4935 εί
923 4882 1102 4937 πάντα
1128 4884 1195 4938 τὰ
1228 4885 1368 4938 κατά
1396 4884 1644 4956 διαδοχὴν
1673 4884 1733 4950 ἐξ
1765 4886 1864 4940 ἁλ-

276 4972 600 5042 λτρογονίας
628 4973 889 5044 γινόμενα
917 4973 1183 5031 δέδεικται
1211 4974 1412 5045 θνητά⁶
1443 4975 1531 5031 διὰ
1561 4976 1719 5031 τοῦτο
1756 4979 1864 5048 γὰρ

276 5066 447 5136 γεννᾷ
476 5066 574 5118 καὶ
615 5068 895 5135 γεννᾶται,
935 5066 1022 5119 ἴνα
1066 5066 1175 5120 τῶν
1211 5066 1465 5138 φθαρτῶν
1510 5068 1761 5141 διαμείνῃ
1803 5069 1864 5123 τὸ

278 5157 437 5226 γένος
457 5181 471 5193 ·
496 5159 715 5230 ἀνάγκη
745 5160 838 5213 καὶ
861 5158 1066 5213 τούτων
1089 5159 1122 5230 ἢ
1155 5159 1355 5231 θνητὴν
1382 5155 1520 5215 εἶναι
1558 5159 1736 5227 λέγειν
1764 5161 1864 5230 τὴν

276 5248 479 5322 ψυχὴν,
516 5252 577 5318 ἐξ
597 5251 983 5324 ἀλληλογονίας
1013 5250 1378 5322 γεννωμένην,
1414 5252 1448 5322 ἢ
1473 5252 1547 5323 μὴ
1576 5251 1717 5306 κατά
1744 5252 1862 5311 δια-

276 5346 445 5419 δοχὴν
471 5349 533 5416 ἐξ
562 5349 948 5420 ἀλληλογονίας
973 5349 1267 5419 γεννᾶσθαι
1292 5351 1391 5415 τὰς
1419 5350 1598 5422 ψυχάς
1621 5369 1633 5382 υ
1667 5352 1730 5407 τὸ
1751 5353 1860 5423 γὰρ

279 5438 380 5490 ἐπὶ
401 5439 504 5493 τῶν
517 5440 582 5493 ἐκ
601 5440 846 5512 μοιχείας
864 5440 1216 5512 γεννωμένων
1233 5441 1311 5513 τῷ
1326 5445 1425 5512 τῆς
1443 5442 1697 5513 προνοίας
1719 5444 1861 5514 λόγῳ

282 5531 707 5604 καταλείπομεν,
732 5532 996 5604 ἀγνώστῳ
1026 5535 1159 5605 παρ’
1186 5536 1318 5606 ἡμῖν
1358 5534 1493 5591 ὄντι.
1526 5536 1590 5589 Et
1621 5536 1676 5590 δέ
1699 5555 1750 5591 τι
1781 5537 1863 5591 δεῖ

286 5623 434 5676 κατὰ
451 5625 549 5694 τῆς
585 5627 842 5698 προνοίας
875 5628 1405 5699 καταστοχάσασθαι,
1436 5631 1652 5696 πάντως
1669 5627 1777 5686 οἶδε
1800 5632 1861 5685 τὸ

362 5800 415 5831 ⁸³
444 5799 573 5857 Cen.
612 5804 753 5872 ",2.
829 5805 873 5836 "
898 5803 1052 5861 Joan.
1086 5822 1139 5875 ν,
1182 5807 1272 5864 l7.

1962 4638 2121 4694 detur
2148 4634 2362 4689 animas
2395 4632 2465 4687 ab
2496 4631 2695 4685 animis
2738 4629 2912 4684 creari
2961 4630 3111 4684 velut
3143 4644 3172 4681 a
3220 4629 3549 4699 corporibus

1964 4725 2242 4802 [corpora]
2262 4743 2277 4795 ;
2294 4725 2495 4797 quippe
2519 4723 2755 4779 animam
2777 4720 3073 4796 procedere
3097 4721 3210 4776 vult
3239 4737 3303 4775 ex
3326 4720 3552 4775 traduce

1962 4835 2060 4890 per
2105 4818 2509 4874 successionem
2543 4829 2574 4868 a
2606 4814 2780 4885 primo
2818 4812 3040 4868 homine
3078 4811 3147 4866 ad
3185 4828 3280 4868 eos
3311 4812 3405 4883 qui
3435 4811 3549 4866 nati

1965 4918 2093 4966 sunt
2133 4925 2198 4966 ex
2243 4909 2358 4973 illo,
2402 4910 2580 4963 instar
2610 4919 2890 4977 corporea:
2922 4904 3316 4960 successionis.
3364 4904 3553 4974 Neque

1965 5001 2108 5058 enim
2139 5001 2353 5054 animas
2384 4997 2589 5052 servari
2629 4996 2902 5060 conditas,
2937 5011 3113 5067 neque
3148 5011 3298 5051 nunc
3336 4998 3549 5053 creari:

1964 5092 2165 5148 etenim
2193 5104 2290 5145 eos
2319 5088 2413 5159 qui
2444 5088 2559 5142 haec
2581 5086 2856 5150 dictitant,
2885 5085 3053 5140 Deum
3090 5084 3305 5159 edicere
3356 5093 3553 5155 putant

1964 5179 2268 5249 adjutorem
2314 5177 2734 5231 adulterorum:
2773 5190 2837 5230 ex
2886 5175 2952 5229 iis
3000 5175 3146 5230 enim
3193 5176 3357 5229 etiam
3394 5175 3552 5232 liberi

1965 5274 2291 5324 nascuntur.
2322 5265 2493 5323 Porro
2529 5266 2873 5323 mendacium
2904 5282 3028 5321 esse
3068 5272 3359 5325 autumant
3392 5268 3552 5331 illud.

1967 5357 2233 5430 Requieoit
2274 5357 2339 5411 ab
2378 5356 2620 5413 omnibus
2660 5356 2902 5424 operibus
2943 5357 3078 5420 suis,
3113 5373 3230 5424 quae
3266 5360 3419 5428 capit
3464 5360 3553 5430 fa-

1968 5466 2103 5513 cere,
2157 5447 2427 5520 siquidem
2456 5447 2621 5503 etiam
2662 5463 2808 5503 nunc
2848 5447 3062 5504 animas
3109 5449 3314 5504 condit.
3348 5450 3553 5507 Verum

1969 5542 2016 5598 si
2044 5541 2227 5596 omnia
2263 5555 2386 5611 qua:
2430 5539 2745 5596 successive
2788 5538 2924 5596 ﬁunt
2967 5555 3032 5595 ex
3073 5548 3259 5598 mutua
3297 5556 3557 5616 procren-

1971 5631 2139 5698 tione,
2182 5629 2436 5685 mortalia
2466 5643 2586 5684 esse
2630 5628 2860 5713 probata
2910 5636 3077 5697 sunt;
3115 5645 3238 5685 nam
3268 5638 3554 5704 propterea
