4008 6210
559 240 662 295 10'!
1792 244 1850 298 S.
1894 242 2216 299 GREGOIRII
2260 242 2546 300 NYSSENI
3690 247 3800 301 908

560 360 843 420 generant,
884 360 934 406 et
986 363 1333 424 generantur,
1382 361 1438 407 ut
1475 356 1909 424 corruptibilium
1953 372 2114 428 genus

2226 358 2561 429 τικτόμενον,
2589 360 2622 430 ἢ
2650 359 2728 429 τῷ
2776 359 2872 430 βίῳ
2904 359 2936 430 ἢ
2984 358 3162 429 ἑαυτῷ
3194 358 3460 430 χρήσιμον
3503 359 3758 430 ἐσόμενον
3783 402 3797 424 ,

559 454 906 514 permaneat;
964 461 1187 501 necesse
1218 461 1435 515 quoque
1460 447 1652 501 borum
1707 458 1799 503 aut
1845 450 2114 503 mortalem

2228 451 2320 502 καὶ
2357 449 2445 503 διὰ
2494 449 2651 503 τοῦτο
2702 454 2972 521 συγχωρεῖ
3014 450 3110 522 τὴν
3156 449 3470 521 ὲμψύχωσιν
3514 451 3797 519 γίνεσθαιι

557 552 677 592 esse
725 539 959 591 animam
1009 536 1138 596 dici.
1194 550 1317 590 cum
1374 536 1603 593 invicem
1658 546 2114 608 procreatur:aut

2229 538 2411 593 ἱκανὸν
2457 540 2514 593 δὲ
2544 542 2839 614 τεκμήριον
2877 542 3035 595 τοῦτο
3074 541 3442 613 λαμϐάνομεν,
3470 542 3560 595 τὸν
3590 538 3655 595 ὲκ
3698 545 3799 614 τῆς

557 643 664 683 non
698 645 793 698 per
822 632 1220 685 successionem
1250 645 1314 684 ex
1347 644 1406 684 se
1446 630 1674 686 invicem
1720 632 1967 702 generari
2005 631 2114 684 ani-

2225 629 2319 683 τοῦ
2367 631 2564 702 Οὐρίου
2627 635 2721 687 καὶ
2769 633 2933 687 Δαὸὶδ
2984 634 3312 705 γεννηθέντα
3366 633 3654 704 Σολομῶνα
3701 634 3800 705 [ὡς

556 736 707 776 mas:
743 735 866 774 nam
894 720 1245 790 quaestionem
1284 721 1352 776 de
1386 721 1451 775 iis
1485 721 1577 791 qui
1621 735 1687 775 ex
1733 721 2001 777 adulterio
2026 736 2114 776 na-

2225 723 2368 776 κατὰ
2401 724 2563 794 νόμον
2603 724 2694 777 τὸν
2720 724 2861 778 θεῖον
2896 724 3198 796 τικτομένῳ
3231 724 3342 788 ’ὡς
3394 725 3490 778 καὶ
3516 725 3610 778 ἐπὶ
3638 726 3800 779 Σολο-

553 823 782 868 scuntur
810 812 1164 882 providentiae
1198 812 1396 866 rationi
1429 812 1822 881 relinquimus,
1852 813 2114 882 queentia

2232 812 2403 885 μῶντι
2430 813 2507 885 τῷ
2534 814 2699 868 Δαὸὶδ
2717 815 3011 884 γεννῶνται
3030 817 3100 871 τὰ
3130 814 3444 885 γεννώμενα
3473 815 3514 887 ].

530 903 672 963 ,ἀθιη
694 918 723 957 a
741 903 1216 973 nobisignoratur.
1250 901 1404 969 Quod
1428 903 1473 958 si
1497 902 1624 971 quid
1654 910 1900 974 oporteat
1928 903 1998 959 de
2034 904 2368 974 providentia
2390 905 2709 974 conjectura
2731 908 2970 977 assequi,
2992 907 3141 961 novit
3170 908 3338 977 probe
3372 908 3515 978 quod
3549 915 3795 963 creatum

551 1003 652 1059 est,
677 1002 771 1048 aut
790 995 931 1058 vitae,
961 1002 1056 1050 aut
1091 995 1191 1050 sibi
1210 995 1553 1051 commodum
1590 1007 1750 1068 atque
1779 998 2200 1076 utileluturum;
2233 1001 2381 1071 atqui
2407 1001 2614 1056 idcirco
2645 999 3217 1057 conceditanimorum
3248 1004 3623 1073 migrationem
3654 1003 3789 1061 ﬁeri.

552 1085 801 1140 Validum
820 1101 948 1140 vero
969 1084 1093 1139 hinc
1114 1092 1490 1155 argumentum
1528 1086 1595 1140 ad
1616 1085 1669 1141 id
1701 1087 1952 1141 ducimus
1982 1087 2349 1154 Salomonem,
2377 1090 2471 1160 qui
2505 1104 2574 1145 ex
2607 1090 2752 1146 Uriae
2777 1091 2961 1146 uxoris
2997 1098 3284 1161 conceptu,
3324 1102 3377 1146 et
3416 1090 3632 1147 Davidis
3672 1100 3793 1147 satu

548 1175 730 1231 editus
778 1184 881 1243 est,
920 1175 1075 1245 quasi
1111 1175 1267 1244 juxta
1304 1175 1474 1246 legem
1510 1175 1750 1231 divinam
1786 1184 2126 1232 nasceretur.

623 1267 1160 1341 (n)Expem'anmsde
1185 1279 1349 1334 nceps
1362 1265 1524 1320 etiam
1537 1262 1959 1317 Manichaeorum
1981 1266 2101 1334 opi-

2299 1268 2457 1340 Ἐξῆς
2505 1268 2923 1340 ἐπισκεψώμεθα
2974 1269 3068 1322 καὶ
3128 1268 3226 1341 τὴν
3282 1269 3439 1336 δόξαν
3477 1270 3584 1324 τῶν
3622 1271 3793 1325 Μανι-

552 1357 769 1411 nionem
809 1353 876 1409 de
906 1353 1087 1407 anima
1118 1372 1131 1407 :
1166 1354 1323 1409 aiunt
1362 1355 1563 1410 etenim
1598 1370 1717 1410 eam
1760 1370 1884 1412 esse
1932 1356 2114 1412 incor-

2218 1359 2410 1428 χαίων,
2449 1358 2516 1429 ἢν
2540 1359 2722 1428 έχουσι
2751 1358 2880 1429 περὶ
2914 1358 3013 1428 τῆς
3036 1357 3233 1428 ψυχῆς.
3264 1359 3400 1413 Φασὶ
3431 1360 3525 1429 μὲν
3552 1358 3660 1432 γάρ
3693 1360 3793 1413 αὐ-

552 1462 772 1518 poream
816 1454 869 1501 et
915 1446 1315 1514 immortalem;
1361 1445 1455 1501 sed
1487 1462 1649 1500 unam
1685 1447 1967 1518 solamque
1995 1462 2114 1503 esse

2218 1445 2313 1515 τὴν
2346 1444 2635 1516 ἀσώματον
2675 1448 2768 1500 καὶ
2812 1446 3076 1500 ἀθάνατον
3102 1463 3115 1476 ·
3166 1448 3295 1519 μίαν
3332 1448 3389 1501 δὲ
3444 1448 3609 1519 μόνην
3655 1444 3793 1502 εἶναι

553 1540 928 1594 universorum
958 1539 1194 1591 animam
1224 1553 1319 1608 per
1346 1538 1517 1594 frusta
1547 1539 1778 1593 divisam
1800 1579 1815 1603 ,
1850 1548 1905 1594 et
1932 1541 2114 1594 conci-

2218 1535 2315 1605 τὴν
2356 1536 2465 1590 τῶν
2505 1537 2759 1591 ἁπάντων
2810 1536 3006 1609 ψυχὴν,
3048 1538 3656 1610 κατακερματιζομένην
3697 1539 3794 1593 καὶ

552 1646 667 1685 sam
695 1631 750 1684 in
775 1630 986 1700 singula
1010 1644 1265 1699 corpora,
1293 1631 1532 1684 animata
1564 1639 1619 1685 et
1645 1632 1884 1685 inanima
1911 1650 1923 1685 :
1954 1641 2114 1701 atque

2219 1625 2698 1696 κατατεμνομένην
2718 1629 2797 1690 είς
2811 1627 2877 1679 τὰ
2904 1626 3026 1679 καθ’
3048 1627 3276 1681 ἕκαστον
3304 1627 3550 1698 σώματα,
3575 1628 3795 1700 ἔμψυχά

552 1722 667 1776 haec
694 1722 959 1791 potiorem
986 1722 1240 1777 obtinere
1263 1730 1473 1792 partem
1491 1761 1506 1785 ,
1537 1722 1643 1775 alia
1670 1722 1968 1788 minorem;
1999 1740 2113 1776 am-

2222 1732 2281 1768 τε
2318 1717 2410 1769 καὶ
2454 1717 2636 1787 ἄψυχα
2657 1734 2670 1747 ·
2708 1719 2800 1770 καὶ
2823 1718 2891 1771 τά
2927 1719 3023 1789 μὲν
3056 1719 3296 1782 πλείονος
3322 1721 3491 1790 αὐτῆς
3525 1722 3792 1793 μετέχειν,

554 1813 786 1884 pliorem
821 1813 1038 1883 quidem
1088 1814 1360 1877 animata,
1414 1813 1782 1883 angustiorem
1815 1820 1994 1868 autem
2027 1815 2114 1868 in-

2221 1806 2289 1859 τὰ
2311 1807 2368 1861 δὲ
2390 1807 2695 1872 ἐλάττονος*
2735 1808 2974 1873 πλείονος
3013 1810 3111 1880 μὲν
3143 1810 3211 1863 τὰ
3243 1810 3480 1882 ἔμψυχα,
3516 1812 3796 1878 ἐλάττονος

550 1904 760 1968 anima,
795 1904 966 1958 multo
995 1919 1124 1957 vero
1158 1903 1526 1973 augustiorem
1559 1904 1799 1958 cmlesiia
1830 1922 1845 1971 ;
1872 1905 2011 1960 adeo
2060 1913 2118 1960 ut

548 1995 819 2051 universas
848 1994 1070 2061 animae,
1106 1993 1225 2048 alim
1257 1994 1487 2064 singulae
1516 1994 1626 2048 sint
1655 1996 1936 2065 particula:
1961 2012 2108 2066 quae-

549 2085 713 2152 dam;
738 2092 797 2141 et
821 2084 867 2139 si
894 2084 1112 2154 quidem
1139 2085 1279 2139 hanc
1299 2084 1573 2139 individue
1603 2085 1789 2154 partiri
1816 2083 2082 2140 dixissent
2098 2123 2114 2149 ,

547 2185 809 2247 tanquam
838 2191 1026 2231 vocem
1061 2175 1205 2230 inter
1245 2175 1566 2239 audientes,
1597 2175 1868 2229 mediocre
1905 2175 2104 2230 malum

548 2270 695 2326 istud
723 2268 934 2323 fuisset.
953 2264 1108 2322 Nunc
1130 2275 1310 2322 autem
1335 2267 1523 2321 dicunt
1547 2266 1911 2332 substantiam
1940 2264 2111 2335 ipsam

548 2362 743 2416 anima:
766 2359 966 2424 dividi,
989 2368 1042 2414 et
1068 2358 1211 2429 quod
1246 2356 1488 2413 omnium
1524 2356 1973 2412 molestissimum
1998 2364 2112 2421 est,

549 2454 766 2525 proprie
792 2452 964 2523 ipsam
991 2451 1046 2506 in
1076 2449 1360 2506 elementis
1385 2463 1508 2504 esse
1538 2449 1757 2515 volunt,
1785 2458 1840 2503 et
1863 2464 1968 2503 una
1997 2449 2116 2504 dis-

550 2542 714 2598 tribui
748 2555 873 2597 cum
927 2541 1011 2600 his
1045 2540 1099 2595 in
1131 2553 1427 2608 carporum
1474 2539 1858 2609 generatione,
1894 2552 1958 2592 ac
1990 2553 2116 2591 rur-

546 2649 643 2690 sus
691 2632 757 2687 ad
804 2632 943 2687 idem
986 2631 1281 2687 convenire
1318 2628 1619 2699 eodemque
1668 2628 1871 2699 redigi,
1923 2628 2117 2684 solutis

545 2725 908 2794 corporibus,
953 2724 1094 2778 sicut
1138 2707 1280 2792 aqua
1330 2722 1382 2775 in
1419 2728 1604 2791 partes
1643 2720 1816 2774 divisa
1842 2761 1857 2785 ,
1890 2720 2116 2773 iterum-

547 2831 656 2886 que
684 2823 875 2869 coacta
906 2819 960 2867 et
989 2810 1271 2879 permista.
1313 2808 1554 2878 Itemque
1583 2809 1793 2864 animas
1832 2823 2000 2878 puras
2049 2808 2139 2862 ade

546 2905 724 2962 iucem
790 2919 1048 2974 pergere,
1109 2916 1233 2955 cum
1294 2900 1425 2970 ipsa:
1459 2900 1637 2954 lumen
1682 2901 1813 2963 sint,
1851 2900 2118 2954 contami-

546 3001 707 3048 natas
735 3001 914 3047 autem
944 3006 973 3044 a
997 2990 1222 3044 materia
1243 3030 1258 3056 ,
1289 2989 1354 3043 ad
1387 2989 1653 3044 elementa
1680 2990 1863 3054 abire,
1896 2992 2116 3045 iterum-

545 3100 653 3156 que
682 3086 751 3139 ab
780 3084 1065 3138 elementis
1096 3085 1163 3136 ad
1187 3083 1403 3152 plautas
1429 3087 1485 3135 et
1517 3081 1772 3135 animalia
1801 3081 1981 3135 bruta.
2010 3082 2118 3136 Ita-

544 3191 650 3245 que
683 3174 855 3245 ipsius
885 3173 1181 3228 esseutiam
1207 3172 1550 3229 dissecantes
1573 3210 1587 3235 ,
1622 3180 1677 3226 et
1718 3171 1865 3225 velut
1917 3186 2115 3241 σοι-ρος

545 3282 693 3323 ream
730 3265 1111 3321 adiectionibus
1142 3263 1532 3334 subjicientes,
1581 3265 1945 3320 immortalem
1991 3280 2116 3320 esse

545 3365 834 3422 asserunt,
870 3358 961 3412 sed
1000 3358 1054 3411 in
1081 3357 1357 3412 contraria
1386 3358 1675 3411 incurrunt
1703 3376 1716 3412 :
1751 3357 1949 3412 ctenim
1979 3357 2110 3411 dum

543 3452 778 3521 pollutas
807 3451 1017 3505 animas
1045 3449 1112 3502 ad
1142 3448 1409 3503 elementa
1439 3461 1724 3502 recurrere
1772 3447 2073 3517 pradicant
2095 3488 2110 3513 ,

544 3552 598 3596 et
649 3540 995 3595 commisceri
1053 3539 1198 3593 inter
1256 3554 1314 3593 se
1348 3578 1364 3602 ,
1426 3554 1623 3594 rursus
1676 3539 1824 3608 ipsas
1875 3539 2114 3593 cruciari

544 3634 698 3687 aiunt
730 3631 785 3689 iu
821 3630 1273 3702 commigratione
1303 3630 1370 3684 ad
1410 3630 1516 3683 alia
1545 3644 1775 3698 corpora
1797 3669 1810 3693 ,
1847 3645 1955 3700 .pro
1987 3646 2113 3701 gra-

548 3726 716 3780 vitate
746 3722 1102 3786 delictorum,
1148 3723 1278 3777 dum
1330 3723 1532 3777 uniuni
1574 3723 1755 3792 ipsas,
1803 3722 2115 3792 iterumque

543 3823 801 3885 separant
854 3814 1068 3869 ratione
1124 3811 1516 3868 subsistentiac.
1566 3810 1858 3865 Enimvero
1893 3812 2114 3865 umbras

542 3908 667 3963 luce
704 3913 958 3961 manente
996 3905 1280 3975 separari,
1330 3911 1482 3958 arcta
1534 3916 1664 3958 vero
1717 3901 2109 3970 conjunctione

547 3998 691 4053 uniri
715 4015 728 4052 :
755 3996 897 4066 quod
933 3995 1153 4066 quidem
1191 3994 1246 4048 in
1277 3993 1606 4064 intelligibili
1639 4001 1833 4047 natura
1868 3992 1983 4047 ﬁeri
2015 4008 2110 4046 ne-

543 4089 682 4159 quit.
717 4085 962 4155 Namque
988 4086 1193 4141 umbrae
1222 4094 1349 4140 sunt
1393 4085 1703 4142 bonorum:
1737 4084 1952 4138 tametsi
1987 4083 2113 4152 quis

543 4179 879 4236 concesserit
913 4179 1062 4246 ipsas
1092 4177 1336 4247 separari
1358 4214 1374 4240 .
1405 4192 1470 4230 ac
1498 4191 1693 4232 rursus
1722 4175 1906 4230 unitas
1939 4189 2103 4244 capu-

543 4274 667 4327 lari.
704 4270 877 4326 Porro
903 4268 1060 4322 Plato
1092 4276 1147 4324 et
1179 4283 1344 4322 unam
1377 4282 1532 4330 esse,
1571 4277 1626 4323 et
1667 4267 1868 4326 multas
1898 4267 2113 4321 animas

2222 1897 2279 1950 δὲ
2302 1897 2368 1950 τὰ
2396 1897 2595 1967 ἄψυχα,
2628 1898 2808 1968 πολλῷ
2834 1899 2890 1953 δὲ
2918 1900 3158 1965 πλείονος
3182 1900 3251 1954 τά
3278 1901 3503 1973 οὐράνια
3526 1919 3538 1931 ·
3584 1901 3660 1967 ὡς
3694 1901 3795 1972 τῆς

2222 1986 2452 2041 καθόλου
2478 1989 2657 2059 ψυχῆς
2688 1990 2825 2061 μέρη
2859 1990 2958 2054 τὰς
2992 1990 3112 2044 καθ’
3141 1992 3369 2047 ἕκαστον
3408 1990 3549 2047 εἶναι
3574 1993 3788 2064 ψυχάςο

2222 2078 2316 2130 καὶ
2345 2079 2393 2130 εί
2436 2078 2536 2149 μὲν
2578 2080 2886 2150 ἁμερίστως
2932 2082 3246 2153 μερίζεσθαι
3290 2084 3492 2155 ταύτην
3532 2084 3789 2153 ἔφασκον,

2222 2170 2298 2233 ὡς
2337 2169 2434 2241 τὴν
2483 2172 2665 2245 φωνὴν
2710 2174 2768 2226 ὲν
2817 2176 2932 2238 τοῖς
2966 2174 3241 2242 ἀκούουσι,
3273 2176 3493 2247 μέτριον
3535 2176 3600 2230 ἂν
3626 2172 3693 2247 ἦν
3731 2178 3792 2231 τὸ

2222 2261 2391 2315 κακόν
2415 2279 2428 2291 ·
2479 2261 2574 2319 νῦν
2612 2263 2669 2315 δὲ
2709 2264 2808 2332 τὴν
2839 2264 3026 2322 οὐσίαν
3062 2266 3231 2340 αὐτὴν
3278 2266 3378 2336 τῆς
3407 2267 3584 2339 ψυχῆς
3623 2285 3790 2322 κατα-

2225 2351 2540 2424 μερίζεσθαι
2562 2356 2798 2429 λέγουσι,
2830 2360 2924 2411 καὶ
2945 2358 3006 2412 τὸ
3036 2361 3251 2415 πάντων
3280 2363 3682 2434 χαλεπώτατον,
3710 2365 3789 2417 ὅτι

2222 2442 2427 2514 κυρίως
2461 2446 2632 2517 αὐτὴν
2653 2448 2712 2499 έν
2734 2447 3015 2518 στοιχείοις
3029 2448 3164 2505 εἶναι
3186 2450 3482 2521 βούλονται,
3518 2451 3612 2508 καὶ
3655 2470 3790 2522 συμ»

2226 2534 2543 2606 μερίζεσθαι
2577 2536 2787 2602 τούτοις
2820 2540 2877 2591 ἐν
2909 2543 2972 2611 τῇ
3000 2542 3106 2595 τῶν
3138 2543 3403 2613 σωμάτων
3433 2544 3663 2611 γενέσει,
3700 2544 3792 2597 καὶ

2223 2624 2384 2677 πάλιν
2429 2628 2508 2690 είς
2552 2628 2747 2682 ταύτὸν
2795 2630 3030 2685 συνιέναι
3074 2631 3435 2703 διαλυομένων
3466 2633 3573 2687 τῶν
3607 2635 3791 2704 σωμάο

2221 2731 2349 2780 των,
2395 2717 2470 2781 ὡς
2506 2717 2646 2791 ὕδωρ
2682 2721 3052 2795 μεριζόμενον,
3104 2724 3197 2776 καὶ
3229 2724 3388 2777 πάλιν
3431 2725 3791 2795 συναγόμενον

2221 2807 2314 2859 καὶ
2349 2808 2696 2880 μιγνύμενον.
2728 2812 2837 2865 Καὶ
2862 2812 2958 2877 τὰς
2989 2814 3087 2885 μὲν
3119 2814 3364 2886 καθαράς
3388 2815 3565 2887 ψυχὰς
3595 2819 3791 2886 χωρεῖν

2222 2901 2302 2962 είς
2339 2901 2400 2954 τὸ
2433 2901 2565 2971 φῶς,
2598 2903 2711 2972 φῶς
2757 2902 2922 2968 οὔσας
2946 2922 2960 2936 ⁸
3011 2904 3111 2969 τὰς
3149 2905 3206 2958 δὲ
3251 2906 3657 2978 μεμολυσμένας
3689 2910 3791 2962 ὑπὸ

2220 2990 2321 3061 τῆς
2348 2991 2500 3065 ὕλης,
2536 2998 2730 3070 χωρεῖν
2756 2996 2835 3061 εἰς
2861 2995 2930 3049 τὰ
2955 2999 3220 3068 στοιχεῖα·
3253 2999 3343 3051 καὶ
3370 2999 3527 3053 πάλιν
3559 3000 3665 3053 ἀπὸ
3684 3001 3791 3055 τῶν

2221 3083 2520 3152 στοιχείων,
2556 3084 2636 3148 εἰς
2662 3084 2730 3138 τὰ
2760 3087 2902 3157 φυτά
2945 3086 3040 3142 καὶ
3082 3086 3153 3140 τὰ
3190 3087 3304 3152 ζῶα
3327 3106 3340 3119 ·
3387 3090 3480 3142 καὶ
3523 3090 3665 3143 οὕτω
3695 3091 3791 3162 τὴν

2216 3169 2402 3223 οὐσίαν
2446 3172 2617 3243 αὐτῆς
2659 3174 3104 3244 κατατέμνοντες,
3149 3176 3243 3229 καὶ
3276 3177 3589 3249 σωματικὴν
3623 3194 3792 3232 κατα-

2215 3260 2506 3330 τέμνοντες
2530 3269 2569 3327 ’,
2624 3264 2717 3317 καὶ
2785 3265 3011 3320 πάθεσιν
3069 3266 3475 3332 ὑποϐάλλοντες,
3530 3268 3792 3324 ἀθάνατον

2216 3347 2354 3406 εἷναί
2419 3370 2600 3422 φασι·
2651 3355 3035 3426 περιπίπτουσι
3076 3356 3133 3409 δὲ
3182 3358 3275 3411 καὶ
3339 3361 3451 3423 τοῖς
3503 3359 3789 3422 ἐναντίοις·

2216 3442 2514 3511 φάσκοντες
2543 3444 2650 3514 γάρ
2683 3446 3000 3518 ἀνατρέχειν
3034 3448 3129 3512 τὰς
3161 3448 3574 3520 μεμολυσμένας
3615 3448 3794 3519 ψυχάς

2216 3535 2308 3587 ἐπὶ
2337 3538 2403 3589 τά
2433 3539 2688 3605 στοιχεῖα,
2719 3538 2813 3590 καὶ
2845 3540 3272 3610 καταμίγνυσθαι
3304 3540 3551 3617 ἀλλήλοις
3573 3583 3589 3606 ,
3634 3542 3794 3596 πάλιν

2214 3617 2382 3681 αὐτὰς
2435 3619 2494 3671 ἐν
2539 3622 2655 3682 ταῖς
2705 3621 3222 3695 μετενσωματώσεσί
3259 3640 3389 3692 φασι
3418 3624 3792 3693 τιμωρεῖσθαι,

2214 3704 2354 3757 κατὰ
2376 3702 2436 3755 τὸ
2466 3704 2692 3774 μέγεθος
2728 3706 2835 3759 τῶν
2860 3708 3288 3778 ἁμαρτημάτων,
3328 3706 3571 3769 ένοῦντες
3603 3708 3790 3771 αὑτὰς,

2214 3787 2308 3839 καὶ
2363 3787 2522 3839 πάλιν
2573 3787 2929 3858 χωρίζοντες,
2977 3790 3097 3844 καθ’
3148 3790 3460 3845 ὑπόστασιν.
3521 3791 3632 3844 Kal
3685 3791 3793 3864 γὰρ

2213 3868 2313 3933 τὰς
2342 3868 2497 3932 σκιὰς
2555 3871 2728 3938 φωτὸς
2784 3872 3034 3941 μένοντος
3078 3873 3441 3943 χωρίζεσθαι,
3496 3873 3793 3942 συναφείας

2213 3952 2271 4005 δὲ
2317 3952 2619 4022 γενομένης
2683 3954 2933 4007 ένοῦσθαι
2958 3996 2971 4015 ,
3003 3956 3137 4025 ὅπερ
3178 3953 3434 4008 ἀδύνατον
3462 3958 3553 4009 ἐπὶ
3596 3956 3796 4027 νοητῆς

2215 4035 2428 4104 φύσεως
2475 4036 2744 4103 γενέσθαι.
2787 4038 2894 4090 Καὶ
2946 4039 3050 4109 γὰρ
3098 4040 3153 4091 αἱ
3208 4039 3356 4092 σκιαὶ
3409 4040 3514 4094 τῶν
3575 4037 3795 4107 ἀγαθῶν

2212 4120 2384 4170 εἰσιν·
2416 4119 2463 4170 εἰ
2498 4118 2588 4172 καὶ
2632 4119 2746 4190 δοίη
2804 4135 2885 4183 τις
2929 4120 3099 4185 αὐτὰς
3142 4122 3487 4192 χωρίζεσθαι,
3538 4124 3631 4176 καὶ
3683 4122 3796 4176 πά-

2213 4201 2296 4257 λιν
2353 4201 2622 4256 ἐνοῦσοαι.
2697 4202 2918 4256 Πλάτων
2977 4203 3033 4256 δὲ
3098 4205 3192 4258 καὶ
3286 4204 3414 4275 μίαν
3494 4200 3633 4264 εἶναι
3700 4206 3796 4259 καὶ

2214 4286 2414 4355 πολλὰς
2468 4286 2641 4357 ψυχάς
2693 4288 3077 4356 ἀποφαίνεται.
3128 4290 3271 4348 Μίαν
3328 4290 3424 4360 μὲν
3501 4290 3610 4360 γὰρ
3654 4285 3797 4345 εἶναι

542 4371 819 4420 asseverat
843 4381 857 4417 :
884 4376 1043 4416 unam
1067 4361 1267 4430 quippe
1293 4374 1417 4415 esse
1439 4360 1679 4416 universi
1709 4360 1946 4416 animam
1966 4401 1981 4425 ,
2013 4359 2106 4414 sed

2218 4369 2307 4423 τοῦ
2354 4370 2552 4433 παντὸς
2606 4369 2704 4439 τὴν
2746 4370 2955 4440 ψυχήνο
3003 4367 3143 4427 εἶναι
3199 4372 3254 4424 δὲ
3302 4359 3395 4426 καὶ
3464 4359 3626 4436 ἄλλας
3684 4374 3796 4424 τῶν

542 4465 598 4512 et
644 4456 782 4511 alias
809 4470 871 4510 ex
910 4454 979 4509 iis
1013 4468 1134 4524 quae
1170 4452 1527 4523 particulares
1566 4459 1738 4516 sunt;
1788 4459 1847 4504 ut
1891 4452 2111 4521 proprie

543 4548 877 4603 universitas
913 4546 1154 4600 animata
1193 4544 1265 4600 sit
1299 4543 1367 4598 ab
1397 4543 1652 4597 universa
1688 4544 1869 4596 anima
1895 4560 1910 4610 ;
1932 4542 2028 4597 sed
2056 4552 2114 4597 et

541 4639 893 4711 peculiariter
943 4652 1039 4707 per
1087 4643 1273 4706 partes
1331 4634 1549 4705 propria
1598 4635 1868 4703 cujusque
1907 4635 2109 4689 anima.

540 4732 633 4789 Ait
664 4744 796 4801 ergo
828 4727 1070 4783 universi
1099 4726 1316 4796 quidem
1347 4726 1584 4779 animam
1615 4724 1904 4779 distentam
1933 4739 2055 4779 esse
2082 4738 2113 4777 a

542 4829 736 4877 centro
788 4828 949 4875 terra:
982 4818 1048 4873 ad
1083 4818 1283 4873 limites
1329 4817 1453 4871 σαιιὶ
1487 4834 1503 4882 ;
1538 4831 1639 4870 nec
1678 4830 1809 4870 vero
1840 4813 2112 4883 ejusmodi

543 4914 935 4969 distensionem
986 4910 1211 4966 localem
1260 4924 1383 4964 esse
1433 4906 1722 4979 prwdicat,
1779 4906 1874 4961 sed
1917 4905 2115 4960 intelli-

542 5006 805 5077 gibilem:
844 5003 1116 5075 ejusmodi
1158 5008 1307 5057 certe
1352 5001 1589 5054 animam
1635 5013 1798 5060 esse,
1847 5012 1969 5067 quae
2007 4996 2113 5050 cir-

543 5098 783 5168 cumagit
828 5097 882 5152 in
931 5097 1118 5151 orbem
1171 5093 1619 5156 universitatem,
1676 5098 1731 5145 et
1795 5097 2009 5143 coercet
2060 5097 2116 5143 et

543 5189 787 5246 continet
830 5201 1149 5259 corpoream
1197 5184 1384 5239 mundi
1433 5184 1663 5248 molem,
1718 5195 1946 5251 quaeque
1991 5178 2116 5233 uni-

543 5280 825 5336 versitatis
857 5294 1087 5350 corpora
1118 5283 1396 5348 penetrat,
1445 5275 1499 5328 in
1550 5275 1616 5328 iis
1656 5287 1778 5342 qua:
1809 5285 1972 5340 supra
2001 5280 2115 5323 tra-

544 5371 817 5425 ctavimus
865 5370 1297 5426 demonstratum
1350 5374 1457 5421 est.
1490 5364 1619 5418 lloc‘
1652 5378 1814 5432 porro
1852 5362 2008 5427 facit,
2057 5367 2116 5414 ut

550 5460 729 5515 anima
760 5459 832 5516 sit
869 5462 1121 5529 specitica
1140 5498 1154 5523 ,
1180 5459 1227 5515 si
1251 5458 1466 5528 quidem
1492 5454 1744 5530 quodque
1770 5469 1961 5510 eorum
1993 5469 2116 5525 quae

621 5645 692 5706 tu)
727 5638 906 5691 Locus
937 5636 1021 5690 hic
1058 5638 1279 5690 Iuratus
1308 5644 1413 5689 est.

2214 4454 2353 4507 κατὰ
2383 4452 2564 4522 μέρος,
2589 4453 2664 4515 ὡς
2689 4452 2793 4523 ίδίᾳ
2826 4455 2923 4523 μὲν
2951 4456 3011 4507 τὸ
3037 4456 3142 4507 πᾶν
3172 4454 3541 4527 έμψυχυῦσθαι
3569 4455 3673 4507 ὑπὸ
3692 4472 3796 4523 της

2215 4544 2310 4598 τοῦ
2336 4545 2535 4615 παντὸς
2558 4545 2735 4615 ψυχῆς
2756 4562 2770 4576 ο
2805 4546 2910 4618 ἰδίᾳ
2936 4546 2992 4599 δὲ
3022 4546 3181 4601 πάλιν
3214 4547 3280 4600 τὰ
3309 4547 3448 4599 κατὰ
3477 4546 3660 4619 μέρος,
3689 4548 3798 4600 ὑπὸ

2214 4635 2315 4705 τῆς
2352 4636 2488 4699 ἰδίας
2519 4635 2749 4688 ἑκάστου
2797 4635 2996 4706 ψυχῆς.
3048 4637 3209 4706 Λέγει
3260 4635 3388 4705 γοῦν
3432 4637 3530 4713 τὴν
3568 4640 3664 4709 μὲν
3699 4636 3796 4689 τοῦ

2218 4727 2418 4789 παντὸς
2449 4726 2794 4780 διατετάσθαι
2838 4718 3014 4798 ψυχὴν
3042 4729 3151 4783 ἀπὸ
3177 4727 3268 4782 τοῦ
3305 4728 3531 4799 κέντρου
3560 4728 3659 4798 τῆς
3691 4728 3798 4798 γῆς

2222 4819 2315 4871 ἐπὶ
2341 4818 2408 4871 τά
2437 4820 2649 4889 πέρατα
2670 4818 2763 4872 τοῦ
2795 4819 3046 4890 οὐρανοῦ,
3080 4821 3141 4872 ού
3190 4818 3430 4881 τοπικῶς
3462 4818 3630 4887 αὐτὴν
3661 4817 3798 4870 δια-

2218 4908 2473 4963 τετάσθαι
2494 4909 2743 4977 φάσκων,
2772 4910 2908 4964 ἀλλὰ
2931 4909 3154 4980 νοητῶς.
3184 4908 3397 4978 Ταύτην
3414 4906 3470 4959 δὲ
3496 4906 3593 4976 τὴν
3614 4905 3798 4976 ψυχὴν

2220 4994 2358 5053 εἶναι
2399 4999 2495 5069 τὴν
2534 5003 2900 5072 περιάγουσαν
2931 4999 3282 5071 σφαιροειδῶς
3308 4998 3369 5050 τδ
3402 5000 3509 5050 πᾶν
3546 4996 3637 5050 καὶ
3669 5013 3799 5048 συν-

2221 5089 2456 5157 άγουσαν
2475 5091 2564 5144 καὶ
2581 5093 2978 5161 συσφίγγουσαν
2993 5092 3054 5145 τὸ
3071 5089 3429 5161 σωματοειδὲς
3448 5087 3543 5141 τοῦ
3564 5089 3795 5157 κόσμου,

2219 5178 2410 5232 διιέναι
2440 5196 2499 5232 τε
2530 5180 2599 5233 τά
2632 5181 2856 5249 σώματα
2881 5181 2975 5234 τοῦ
3006 5181 3338 5251 σύμπαντος,
3371 5181 3428 5232 ὲν
3452 5181 3562 5241 τοῖς
3592 5175 3799 5248 προλα-

2221 5269 2407 5325 6οὖσιν
2438 5270 2672 5341 ἐδείχθη.
2706 5274 2855 5325 Ποιεῖ
2882 5274 2936 5326 δὲ
2968 5272 3124 5325 τοῦτο
3164 5272 3261 5341 τὴν
3300 5269 3562 5324 εἰδοποιὸν
3591 5268 3793 5337 ψυχήν.

2220 5363 2328 5431 Ζῇν
2370 5363 2477 5433 γὰρ
2525 5364 2751 5417 ἕκαστον
2799 5364 2906 5417 τῶν
2953 5365 3121 5418 ὄντων
3168 5365 3266 5434 τὴν
3306 5362 3443 5416 ίδίαν
3487 5359 3652 5429 ζωὴν,
3697 5358 3795 5412 καὶ

2223 5452 2538 5524 φθείρεσθαι
2570 5453 2669 5525 τὴν
2699 5454 2833 5508 ἰδίαν
2862 5454 3084 5526 φθοράν.
3124 5454 3269 5514 Ἕως
3306 5451 3405 5523 μὲν
3431 5450 3538 5521 γὰρ
3571 5454 3795 5517 συνέκε-
