4008 6210
247 305 368 364 209

1709 315 1796 369 DE
1833 317 2067 376 ANIMA.

3398 316 3499 370 2ίο

255 440 355 478 ται
377 423 468 476 καὶ
500 421 872 492 συσφίγγεται,
899 425 961 478 τὸ
994 423 1150 495 σῶμα
1175 421 1315 482 εἶναι
1343 426 1557 497 λέγεται
1581 446 1597 463 ν
1633 432 1836 488 διαλυό-

1944 444 2107 501 sunt,
2135 439 2299 492 vitam
2336 438 2499 493 habet
2530 437 2807 507 propriam
2828 477 2842 503 ,
2878 439 2932 490 ct
2967 440 3024 489 ut
3064 440 3253 503 pereat
3285 432 3506 502 propria

262 531 423 585 μενον
443 514 501 567 δὲ
524 514 841 586 φθείρεσθαι
860 533 875 548 ·
924 518 1018 570 καὶ
1047 517 1147 588 ζῇν
1179 518 1278 589 μὲν
1304 519 1504 586 πάντα,
1551 522 1625 595 μὴ
1658 525 1837 581 πάντα

255 603 313 658 δὲ
346 600 489 658 εἶναι
512 604 648 669 ζῶα.
694 606 1041 678 Διακρίνουσι
1076 610 1174 679 μὲν
1200 611 1308 681 γάρ
1338 612 1445 668 ἀπὸ
1468 613 1577 667 τῶν
1614 616 1835 687 ἀψύχων

253 694 324 747 τά
352 698 502 765 φυτά
543 696 624 767 τῷ
664 699 993 765 αὐξάνεσθαι
1036 702 1128 754 καὶ
1156 703 1466 773 τρέφεσθαι,
1497 707 1741 762 τουτέστι
1769 712 1834 781 τῇ

252 785 527 859 θρεπτικῇ
577 789 673 842 καὶ
704 794 910 862 φυσικῇ
938 790 1163 862 δυνάμει
1190 810 1205 825 ο
1251 795 1318 850 τὰ
1343 796 1399 849 δὲ
1424 797 1702 862 ἀλλα’ζῶα
1729 801 1836 855 ἀπὺ

250 876 365 929 τῶν
398 878 587 945 φυτῶν
615 882 682 951 τῇ
713 879 963 951 αἰσθήσει
996 898 1010 912 ⁸
1058 881 1127 937 τὰ
1153 883 1209 936 δὲ
1241 884 1433 953 λογικά
1457 888 1563 941 ἀπὸ
1585 889 1691 942 τῶν
1717 890 1839 943 ἀλό-

253 982 371 1034 γων
400 968 478 1038 τῷ
500 968 723 1040 λογικῷ.
769 971 881 1024 Καὶ
907 971 1048 1025 οὕτω
1081 973 1261 1028 πάντα
1288 974 1387 1047 ζῇν
1419 977 1685 1046 λέγοντες,
1722 980 1836 1034 δια-

257 1054 538 1112 στέλλουσι
561 1060 659 1130 τὴν
684 1060 917 1115 ἑκάστου
949 1064 1130 1131 φύσιν.
1164 1067 1272 1137 Ζῇν
1293 1064 1385 1120 οὖν
1409 1067 1622 1137 λέγουσι
1649 1072 1742 1124 καὶ
1768 1074 1837 1126 τὰ

255 1146 439 1200 πάντα
466 1147 652 1217 ἀψυχα
683 1150 906 1222 ἑκτικὴν
935 1152 1099 1223 ζωὴν,
1141 1156 1273 1209 καθὸ
1298 1157 1579 1229 συνέχεται
1609 1161 1712 1214 ὑπὸ
1737 1162 1837 1234 τῆς

253 1236 352 1290 τοῦ
397 1239 596 1301 παντὸς
622 1239 832 1311 ψυχῆς,
881 1245 961 1308 είς
991 1244 1053 1297 τὸ
1092 1240 1230 1301 εἶναι
1264 1249 1444 1314 μόνον,
1490 1251 1585 1303 καὶ
1621 1251 1694 1323 μὴ
1723 1253 1837 1306 δια-

251 1323 505 1381 λύεσθαι.
555 1328 772 1398 Ταύτην
810 1330 868 1382 δὲ
906 1328 1043 1386 εἶναι
1076 1333 1183 1405 τὴν,
1209 1335 1384 1408 ψυχὴν
1416 1340 1516 1409 τὴν
1552 1340 1836 1413 διακυϐερ-

251 1419 439 1473 νῶσαν
462 1418 525 1473 τὸ
554 1422 685 1487 πᾶν,
720 1422 816 1474 καὶ⁵
842 1422 941 1494 τὴν
982 1422 1083 1488 τὰς
1112 1427 1340 1497 μερικάς
1366 1427 1544 1500 ψυχὰς
1570 1431 1670 1495 τὰς
1700 1435 1836 1505 πρόι-

250 1526 416 1581 τερον
460 1510 615 1581 παρά
661 1512 755 1565 τοῦ
799 1515 1130 1587 δημιουργοῦ
1162 1519 1457 1589 γενομένας
1492 1522 1837 1594 ἐπιπέμπου-

255 1616 358 1653 σαν
376 1617 392 1633 ο
442 1599 643 1671 δηλαδὴ
671 1601 838 1656 αὑτοῦ
866 1603 960 1657 τοῦ
984 1604 1314 1676 δημιουργοῦ
1345 1610 1440 1662 καὶ
1473 1610 1668 1680 νόμους
1695 1614 1833 1684 αὐτῇ

253 1690 571 1759 δεδωκότος,
602 1691 783 1757 καθὼς
807 1693 1073 1764 διεξάγειν
1099 1697 1302 1766 ὀφείλει
1330 1698 1488 1754 τοῦτο
1510 1700 1571 1755 τὺ
1595 1705 1723 1767 πᾶν,
1742 1703 1836 1769 οὓς

255 1781 353 1835 καὶ
403 1781 748 1854 εἱμαρμένην
803 1784 991 1863 καλεζ,
1053 1786 1145 1840 καὶ
1205 1790 1567 1859 χορηγοῦντος
1609 1793 1836 1865 δύναμιν

256 1872 539 1943 ἀρκοῦσαν
590 1873 796 1929 διέπειν
842 1877 1010 1948 ἡμᾶς.
1066 1878 1295 1950 Εἴρηται
1346 1882 1403 1936 δὲ
1449 1884 1622 1939 ταῦτα
1656 1888 1748 1939 καὶ
1778 1889 1837 1940 ἐν

255 1968 369 2027 τοίς
394 1965 533 2036 περὶ
548 1967 910 2039 εἱμαρμένης.
932 1970 1103 2041 Κοινῇ
1125 1971 1225 2041 μὲν
1245 1967 1338 2026 οὖν
1357 1974 1556 2039 πάντες
1578 1976 1837 2048 Ἕλληνες

255 2058 306 2110 οί
331 2057 436 2128 τὴν
460 2057 639 2129 ψυχὴν
665 2058 934 2113 ἀθάνατον
974 2062 1403 2135 ἀποφηνάμενοι,
1435 2066 1534 2139 τὴν
1566 2084 1837 2138 μετενσω-

257 2149 509 2219 μάτωσιν
540 2149 958 2220 δογματίζουσι·
1002 2152 1348 2226 διαφέρονται
1372 2156 1428 2211 δὲ
1461 2159 1591 2229 περὶ
1619 2160 1688 2213 τὰ
1721 2160 1838 2233 εῑδη

253 2241 366 2294 τῶν
392 2240 603 2311 ψυχῶν.
644 2242 709 2295 Οἱ
738 2242 838 2313 μὲν
860 2242 970 2315 γάρ
998 2243 1057 2298 ἒν
1089 2243 1227 2310 εἶδος
1253 2246 1314 2301 τὸ
1347 2247 1560 2318 λογικὸν
1586 2245 1723 2306 εἶναι
1752 2252 1839 2305 λέ-

255 2349 448 2401 τουσι’
478 2332 641 2388 τοῦτο
664 2333 721 2388 δὲ
745 2334 843 2389 καὶ
873 2336 954 2400 εἰς
978 2337 1144 2406 φυτὰ,
1171 2338 1267 2393 καὶ
1294 2341 1374 2404 είς
1397 2341 1466 2396 τὰ
1495 2342 1604 2397 τῶν
1627 2343 1839 2414 ἀλόγων

257 2423 491 2494 σώματα
531 2424 899 2494 μεταϐαίνειν.
948 2428 1010 2481 Oi
1042 2429 1139 2498 μὲν
1166 2428 1275 2502 γάρ
1302 2432 1442 2486 κατά
1482 2449 1632 2498 τινας
1666 2436 1837 2507 ῥητὰς

252 2516 469 2587 χρόνον)
500 2516 775 2586 περιόδους
797 2533 813 2548 ο
858 2520 905 2572 οἱ
936 2519 994 2573 δὲ
1016 2519 1093 2584 ὡς
1123 2520 1310 2592 ἔτυχεν
1329 2540 1345 2555 ν
1390 2523 1540 2577 ἄλλοι
1570 2525 1627 2579 δὲ
1650 2527 1745 2597 οὐχ
1779 2526 1837 2581 ἓν

250 2604 401 2673 εἶδος
424 2608 637 2679 ψυχῶν,
662 2609 799 2663 ἀλλὰ
822 2610 937 2679 δύο,
968 2610 1183 2681 λογικόν
1211 2632 1271 2668 τε
1296 2616 1388 2671 καὶ
1425 2616 1617 2687 ἄλογον
1634 2637 1650 2651 ο
1694 2621 1838 2686 τινὲς

249 2701 309 2755 δὲ
342 2699 521 2754 πολλά
559 2701 817 2766 τοσαῦτα,
841 2703 943 2758 ὅσα
979 2704 1087 2759 τῶν
1115 2705 1270 2770 ζώων
1298 2706 1366 2761 τὰ
1403 2708 1518 2779 εἴδη
1542 2727 1556 2741 ι
1603 2710 1840 2780 μάλιστα

248 2791 313 2845 δὲ
340 2793 394 2845 οἱ
422 2791 536 2845 ἀπὸ
573 2792 879 2858 Πλάτωνος,
912 2793 1010 2858 τὰς
1041 2795 1141 2865 μὲν
1171 2785 1427 2867 θυμικὰς,
1452 2800 1551 2864 τὰς
1590 2801 1648 2856 δὲ
1684 2802 1838 2874 697i-

247 2881 388 2946 λους
416 2884 513 2935 καὶ
544 2883 890 2954 ἀρπακτικάς
911 2885 1108 2955 ψυχὰς,
1144 2886 1323 2942 λύκων
1356 2891 1449 2943 καὶ
1477 2890 1704 2946 λεόντων
1735 2893 1839 2948 σώ-

253 2991 414 3045 ματα
441 2975 980 3046 μεταμφιέννυσθαι·
1016 2977 1117 3042 τὰς
1158 2979 1215 3037 δὲ
1261 2981 1389 3048 περὶ
1416 2982 1516 3054 τὴν
1544 2984 1839 3042 ἀκολασίαν

251 3065 463 3138 ὴσχολη
472 3065 665 3136 μένας,
699 3067 836 3122 ὄνων
878 3069 972 3122 καὶ
1001 3069 1110 3123 τῶν
1141 3072 1397 3128 τοιούτων
1436 3075 1837 3148 ἀναλαμϐάνειν

253 3158 494 3229 σώματα
521 3176 535 3190 ·
589 3160 639 3212 οἱ
688 3159 789 3230 μὶν
827 3160 1030 3234 κυρίως
1058 3164 1293 3234 ἥκουσαν
1332 3166 1457 3229 τοὺς
1486 3165 1708 3232 λέοντας
1744 3170 1839 3225 καὶ⁵

251 3251 385 3314 τοὺς
427 3248 630 3314 λύκους
663 3252 911 3317 καὶτοὺς
953 3253 1136 3319 ὅνους
1182 3256 1233 3309 οί
1279 3255 1335 3309 δὲ
1373 3257 1650 3328 τροπικῶς
1674 3261 1838 3314 αὐτὸν

254 3340 545 3412 εἰρηκέναι
570 3341 886 3411 διέγνωσαν,
932 3344 1002 3398 τὰ
1044 3345 1147 3418 ἤθη
1192 3345 1280 3400 διὰ
1315 3346 1422 3401 τῶν
1458 3348 1614 3413 ζώων
1640 3350 1839 3422 ἐμφαί-

253 3446 439 3485 νοντα.
465 3432 699 3503 Κρόνιος
729 3433 828 3503 μὲν
856 3432 965 3507 γὰρ
994 3435 1052 3489 ὲν
1076 3434 1153 3504 τῷ
1178 3438 1665 3515 Πειιιγτενεσίας,
1694 3439 1841 3496 οὕτω

262 3522 363 3593 μὲν
390 3521 550 3576 καλεῖ
575 3522 675 3595 τὴν
707 3526 1214 3596 μετενσωμάτωσιν,
1241 3528 1463 3597 λογικὰς
1488 3531 1669 3596 πάσας
1699 3528 1837 3587 εἶναι

262 3613 515 3682 βούλεται
535 3632 552 3646 ·
580 3614 787 3685 δμοίως
812 3615 870 3669 δὲ
898 3616 993 3671 καὶ
1024 3615 1298 3689 Θεόδωρος
1323 3620 1352 3672 ὁ
1385 3620 1750 3689 Πλατωνικὸς,
1780 3624 1840 3678 ἐν

258 3704 357 3776 τῷ,
376 3707 463 3760 δτι
495 3706 561 3762 Ἠ
582 3705 755 3776 ψυχὴ
785 3709 978 3767 πάντα
996 3708 1069 3763 τὰ
1087 3709 1220 3779 εἴδη
1241 3710 1394 3777 ἐστὶ,
1417 3713 1509 3767 καὶ
1531 3714 1839 3787 Πορφύριος

259 3798 465 3869 δμοίως
482 3815 498 3829 ο
550 3799 857 3870 Ἰάμϐλιχος
883 3800 940 3855 δὲ
962 3801 1063 3872 τὴν
1086 3803 1332 3858 ἐναντίαν
1355 3803 1565 3869 τούτοις
1591 3806 1832 3878 δραμὼν,

256 3888 383 3941 κατ’
414 3884 558 3951 εἶδος
583 3887 756 3957 ζώων,
780 3889 960 3962 ψυχῆς
972 3887 1110 3956 εἶδος
1122 3886 1260 3946 εἶναι
1285 3894 1434 3963 λέγει
1452 3912 1468 3928 ο
1499 3895 1534 3966 ἢ
1559 3896 1653 3951 δύο
1680 3896 1834 3967 γοῦν,

259 3973 300 4045 ἢ
343 3975 602 4047 διάφορα.
631 3976 939 4049 Γέγραπται
970 3978 1099 4049 γοῦν
1142 3982 1293 4054 αύτῷ
1337 3983 1671 4054 μονόὸιὸλον,
1719 3990 1838 4042 ὲπι-

258 4065 494 4136 γράφων
541 4066 623 4119 ὅτι
667 4070 789 4122 Οὐκ
835 4067 1158 4137 ἀνθρώπων
1192 4073 1280 4138 εις
1329 4070 1441 4132 ζ’ὧα
1466 4113 1481 4137 ,
1541 4074 1684 4129 οὐδὲ
1717 4076 1837 4131 ἀπὸ

260 4155 421 4219 Guar
448 4161 540 4225 εις
572 4158 924 4229 ἀνθρώπους
961 4164 1020 4216 αι
1046 4163 1604 4233 μετενσωματώσεις
1635 4170 1834 4236 γίνον-

260 4262 383 4315 ται,
415 4251 577 4306 ἀλλὰ
607 4250 728 4306 ἀπὸ
755 4249 911 4312 ζὶὓων
936 4254 1025 4319 εἰς
1060 4251 1191 4320 ζῶα,
1226 4255 1324 4310 καὶ
1365 4256 1481 4311 ἀπὸ
1511 4257 1836 4327 ἀνθρώπων

256 4344 357 4409 εις
385 4342 751 4413 ἀνθρώπους.

1942 527 2136 584 forma.
2160 529 2370 584 Etenim
2392 530 2566 584 donec
2589 528 2832 584 continet
2857 535 2905 582 el
2932 523 3279 594 constringit,
3308 536 3511 591 corpus

1941 635 2064 675 esse
2084 621 2316 675 dicitur:
2350 620 2588 674 solutum
2613 626 2790 673 autem
2815 615 3093 686 deperire:
3120 623 3173 667 et
3195 612 3374 666 vivere
3395 612 3510 681 qui-

1941 712 2062 766 dem
2095 713 2298 776 omnia,
2346 727 2456 766 non
2482 709 2665 765 omnia
2708 718 2888 762 tamen
2934 721 3056 761 esse
3086 703 3381 769 animalia;
3416 717 3510 756 ve-

1941 803 2207 857 rumenim
2240 806 2308 857 ab
2329 801 2586 856 inanimis
2610 799 3002 855 discernuntur
3022 809 3083 849 ea
3108 808 3228 864 quae
3247 791 3510 862 stirpibus

1942 894 2212 958 nituntur,
2250 892 2394 963 quod
2421 903 2742 962 augeantur,
2781 896 2837 943 et
2872 888 3110 948 alantur,
3136 884 3281 954 quod
3320 883 3377 936 fit
3408 898 3508 951 po-

1946 994 2141 1042 testate
2171 986 2452 1052 nutritiva,
2481 992 2535 1039 et
2563 982 2799 1038 naturali
2823 1022 2838 1047 ,
2868 993 3031 1050 quam
3055 985 3391 1048 vegetantem
3416 989 3510 1027 vo-

1939 1089 2108 1132 cant:
2143 1078 2261 1132 aliae
2297 1092 2423 1133 vero
2460 1075 2770 1130 animantes
2807 1086 2839 1125 a
2875 1070 3143 1140 stirpibus
3172 1067 3511 1136 distinguun-

1941 1176 2031 1221 tur
2058 1183 2223 1224 sensu
2264 1185 2278 1221 :
2327 1169 2536 1222 ratione
2571 1165 2808 1234 denique
2860 1169 3077 1217 utentes
3124 1175 3154 1213 a
3209 1156 3386 1213 brutis
3421 1171 3510 1210 se-

1940 1268 2207 1329 parantur
2235 1258 2565 1313 rationabili.
2601 1254 2788 1325 Itaque
2816 1254 2996 1309 omnia
3030 1252 3211 1307 vivere
3240 1248 3507 1312 dicentes,

1940 1347 2207 1417 cujusque
2236 1354 2485 1400 naturam
2515 1344 2801 1400 dirimunt.
2832 1340 3101 1408 Quocirca
3136 1340 3316 1393 vivere
3342 1337 3507 1391 etiam

1941 1438 2133 1493 dicunt
2161 1437 2343 1491 omnia
2374 1435 2613 1490 inanima
2655 1434 2763 1489 vita
2803 1431 3068 1487 habltnali
3092 1470 3107 1495 ,
3142 1439 3410 1499 quatenus
3438 1427 3508 1479 ab

1942 1527 2184 1584 universi
2226 1527 2416 1581 anima
2449 1529 2818 1591 continentur,
2861 1532 2923 1578 ut
2961 1523 3071 1580 sint
3114 1521 3411 1581 duntaxat,
3454 1527 3510 1573 et

1943 1636 2051 1675 non
2079 1618 2466 1674 dissolvantur.
2512 1617 2664 1672 lianc
2705 1617 2905 1686 utique.
2936 1615 3173 1669 animam
3219 1626 3345 1668 esse
3387 1624 3508 1680 quae

1942 1710 2196 1765 universa
2229 1707 2397 1780 regit,
2429 1715 2482 1763 et
2516 1705 2849 1770 moderatur,
2886 1719 3112 1774 quaeque
3147 1700 3510 1772 particularrs

1938 1804 2148 1856 animas
2192 1802 2343 1870 prius
2382 1800 2450 1854 ab
2485 1798 2678 1869 Opiﬂ'ce
2716 1811 2931 1852 summo
2978 1802 3192 1850 creatas
3222 1791 3505 1847 immittit:

1938 1892 2198 1946 nimirum
2226 1905 2349 1945 eum
2394 1890 2511 1959 ipse
2549 1887 2733 1958 epifex
2765 1885 2954 1940 mundi
3004 1885 3173 1940 etiam
3217 1884 3365 1954 leges
3405 1881 3508 1950 ipsi

1937 1981 2174 2047 dederit,
2215 1981 2369 2051 juxta
2419 1993 2555 2049 quas
2601 1980 2745 2032 hanc
2803 1975 3215 2032 universitatem
3267 1973 3509 2027 admini-

1938 2084 2116 2131 strare
2136 2077 2414 2141 oporteat,
2444 2083 2648 2139 easque
2681 2069 2828 2138 leges
2855 2066 2947 2122 fati
2976 2066 3195 2120 nomine
3227 2063 3465 2135 appellat
3492 2080 3507 2129 ;

1937 2165 2127 2221 eodem
2177 2160 2374 2233 opilice
2442 2161 2697 2214 virtutem
2740 2154 3122 2226 suppeditante
3155 2156 3403 2211 idoneam
3441 2155 3510 2209 ad

1938 2273 2040 2313 nos
2073 2253 2476 2327 gubernandos.
2517 2252 2788 2307 Caeterum
2832 2250 2900 2306 de
2926 2249 3011 2304 bis
3037 2249 3148 2320 jam
3179 2247 3419 2303 diximus
3453 2248 3511 2301 in

1940 2348 2080 2404 libro
2117 2345 2196 2401 De
2223 2345 2355 2415 fato.
2375 2343 2547 2400 Porro
2571 2342 2813 2414 plerique
2831 2356 3023 2397 omnes
3043 2339 3214 2394 (irasci
3237 2380 3253 2405 ,
3278 2338 3370 2409 qni
3394 2338 3513 2392 ani-

1939 2451 2082 2493 mam
2124 2450 2247 2492 esse
2294 2434 2657 2489 immortalem
2700 2441 2989 2495 asserunt,
3020 2431 3138 2502 ejus
3176 2430 3231 2485 in
3263 2429 3366 2483 alia
3394 2442 3512 2483 cor-

1939 2542 2069 2598 pora
2096 2524 2470 2597 migrationem
2500 2522 2733 2587 docent,
2763 2521 2859 2579 sed
2884 2522 3032 2577 circa
3060 2520 3365 2576 animarum
3398 2526 3513 2587 spe

1938 2619 2051 2674 cies
2075 2617 2421 2687 discrepant;
2447 2614 2718 2685 siquidem
2739 2614 2831 2669 alii
2851 2629 3014 2669 unam
3036 2613 3271 2684 speciem
3299 2612 3512 2666 ratione

1940 2708 2220 2778 praeditam
2251 2712 2544 2774 asserunt,
2579 2706 2683 2760 hoc
2710 2719 2841 2761 vero
2871 2704 3037 2760 etiam
3077 2703 3144 2758 ad
3177 2703 3379 2772 stirpes
3401 2744 3416 2767 ,
3451 2710 3512 2757 et

1940 2801 2009 2853 ad
2037 2800 2321 2853 brutorum
2352 2811 2585 2868 corpora
2617 2797 2855 2852 transire
2884 2796 3056 2850 aiunt.
3095 2794 3199 2850 Sed
3228 2797 3374 2850 enim
3410 2793 3502 2847 alii

1940 2908 2036 2964 per
2063 2899 2244 2948 certos
2269 2890 2536 2963 quosdam
2566 2904 2834 2945 annorum
2865 2885 3209 2943 circuitus‘id
3238 2886 3353 2942 ﬁeri
3381 2901 3510 2942 cen-

1938 2993 2098 3053 sent;
2154 2984 2247 3038 alii
2292 2992 2351 3037 ut
2398 2998 2485 3039 res
2528 2980 2635 3038 fert
2664 2995 2994 3052 quocunque
3029 2978 3210 3033 modo.
3250 2976 3511 3032 Nonnulli

1865 3111 1908 3171 ο
1941 3092 2047 3133 non
2095 3091 2259 3130 unam
2302 3082 2515 3129 tantum
2558 3073 2794 3145 speciem
2836 3073 3174 3138 animarum,
3230 3069 3323 3126 sed
3374 3070 3511 3125 duas

1941 3174 2217 3231 statuunt,
2264 3165 2491 3222 rationis
2545 3163 2897 3235 participem,
2944 3171 2998 3218 et
3041 3162 3159 3232 ejus
3206 3167 3505 3231 expertem.

1940 3257 2172 3325 Quidam
2200 3257 2399 3312 multas
2419 3297 2434 3321 ,
2458 3265 2511 3311 et
2543 3261 2623 3309 tot
2651 3267 2880 3309 numero
2913 3258 3191 3316 statuunt,
3220 3257 3354 3321 quot
3383 3261 3512 3305 sunt

1941 3349 2258 3405 animalium
2290 3362 2506 3419 genera.
2550 3345 2781 3400 Maxime
2809 3360 2938 3400 vero
2964 3342 3234 3398 Platonici
3265 3342 3399 3397 alias
3435 3339 3539 3393 fu»

1945 3441 2156 3504 riosas,
2201 3440 2339 3494 alias
2375 3437 2699 3503 iracundas,
2733 3443 2792 3491 et
2838 3449 3060 3506 rapaces
3102 3433 3314 3488 animas
3357 3431 3513 3502 lupo-

1945 3548 2064 3589 rum
2106 3540 2161 3588 et
2199 3532 2415 3586 leonum
2457 3544 2686 3600 corpora
2726 3527 2912 3584 subire
2954 3532 3179 3596 putant:
3223 3523 3345 3578 illas
3383 3535 3513 3577 vero

1942 3640 2063 3694 quae
2095 3622 2504 3679 incontinentiae
2531 3629 2584 3677 et
2616 3620 2845 3675 luxuria:
2884 3617 3155 3673 dederunt
3198 3630 3288 3682 se,
3336 3614 3513 3670 asino-

1900 3732 2062 3771 -rum
2122 3726 2175 3772 et
2227 3714 2496 3785 ejusmodi
2549 3714 2852 3769 belluarum
2912 3726 3144 3781 corpora
3196 3722 3509 3768 assumere,

1941 3806 2087 3879 quod
2119 3809 2335 3878 preprie
2365 3806 2585 3877 quidam
2619 3811 2950 3875 acceperunt
2993 3804 3060 3857 de
3105 3800 3389 3864 leonibus,
3438 3798 3514 3850 lu-

1942 3901 2059 3970 pis,
2095 3911 2148 3955 et
2176 3900 2390 3955 asinis:
2438 3899 2530 3955 alii
2569 3898 2802 3969 ﬁgurate
2840 3896 2943 3951 hoc
2980 3894 3186 3948 dictum
3228 3906 3350 3946 esse
3395 3903 3512 3958 per-

1942 3998 2265 4060 spexerunt.
2310 3998 2366 4044 nt
2420 4003 2602 4044 mores
2641 4002 2739 4058 per
2781 3985 3037 4040 animalia
3085 3981 3508 4052 judicarentur:

1940 4081 2142 4136 etenim
2174 4080 2410 4136 Cronius
2457 4080 2513 4134 in
2550 4078 2948 4134 commentario
2990 4075 3064 4128 De
3102 4071 3513 4142 Palingenesia,

1941 4172 2018 4227 ita
2056 4171 2430 4241 migrationem
2467 4169 2772 4224 animarum
2810 4168 2863 4221 in
2901 4167 3007 4221 alia
3038 4180 3267 4236 corpora
3302 4178 3513 4219 nuncu-

1942 4274 2062 4332 pat,
2125 4278 2318 4318 omnes
2373 4262 2583 4316 animas
2642 4260 2852 4315 ratione
2906 4257 3162 4329 praeditas
3203 4270 3325 4313 esse
3374 4257 3509 4311 vult.

1943 4355 2003 4410 In
2052 4355 2239 4411 eadem
2287 4354 2558 4409 sententia
2601 4359 2687 4408 est
2733 4349 3054 4408 Theodorus
3096 4348 3415 4405 Platonicus
3456 4347 3511 4402 in

258 4438 410 4496 libro
434 4440 526 4510 qui
560 4439 906 4506 inscribitur,
987 4440 1142 4508 Quod
1189 4444 1372 4497 anima
1423 4445 1493 4498 sit
1576 4461 1756 4502 omnes
1799 4450 2014 4519 species.
2080 4447 2416 4520 Porphyrius
2451 4447 2618 4503 etiam
2646 4444 2788 4503 idem
2820 4445 3010 4503 sentit.
3054 4442 3358 4500 Jamblicus
3379 4454 3511 4496 vero

255 4529 596 4585 contr-arium
624 4530 713 4585 bis
749 4531 855 4585 iter
881 4530 1152 4598 instituit,
1198 4539 1254 4585 et
1288 4532 1446 4600 juxta
1484 4534 1721 4603 speciem
1798 4538 2115 4592 animalium
2205 4537 2402 4592 anima:
2483 4535 2715 4591 formam
2770 4550 2895 4592 esse
2944 4533 3120 4590 dicit:
3169 4546 3363 4604 nempe
3418 4538 3513 4585 aut

254 4617 434 4685 duas,
473 4628 566 4675 aut
596 4621 846 4678 diversas
878 4622 1089 4692 species
1124 4624 1390 4692 agnoscit.
1448 4623 1719 4696 Scriptum
1762 4629 1947 4699 utique
1987 4629 2056 4684 ab
2097 4628 2217 4699 ipso
2256 4634 2340 4683 est
2392 4626 2765 4682 monobiblnm
2825 4624 2984 4695 cujus
3037 4623 3323 4694 inscriptio
3395 4623 3510 4675 lucc

253 4719 391 4777 est,
430 4709 547 4767 Non
575 4712 849 4768 hominum
881 4713 937 4767 in
967 4713 1155 4780 bruta,
1184 4730 1348 4785 neque
1375 4715 1652 4773 brutorum
1681 4718 1735 4773 in
1766 4720 2000 4777 homines
2040 4720 2380 4793 migratione:
2456 4718 2574 4789 ﬁeri
2600 4759 2615 4785 ,
2659 4717 2749 4772 sed
2786 4734 2821 4771 α
2862 4716 3029 4772 brutis
3108 4712 3176 4769 ad
3218 4715 3370 4768 bruta
3394 4753 3409 4779 ,
3459 4720 3509 4765 et

254 4804 338 4858 ab
388 4804 672 4862 hominibus
717 4805 787 4860 ad
822 4806 1079 4861 homines.

336 4859 452 4950 Kal
818 4859 1019 4967 μαλλον
1037 4859 1211 4960 οὗτος
1242 4896 1405 4951 ἕνεκα
1439 4896 1627 4953 τούτου
1658 4898 1836 4965 καλῶς

2011 4898 2090 4953 Ac
2138 4897 2270 4953 mihi
2325 4897 2543 4968 quidem
2589 4896 2805 4953 videtur
2849 4895 2959 4963 hic,
3014 4895 3179 4967 hujus
3229 4896 3513 4952 sententia:

254 4988 709 5060 παστοχάσθαι,
736 4988 813 5060 μὴ
835 4988 996 5060 μόνον
1024 4988 1122 5057 τῆς
1153 4987 1248 5043 τοῦ
1274 4988 1559 5054 Πλάτωνος
1585 4989 1830 5062 γνώμης,

254 5078 407 5133 an
444 5080 538 5133 καὶ
567 5080 667 5152 τῆς
697 5079 956 5151 ἀληθείας
1003 5079 1208 5151 αὐτῆς,
1252 5080 1329 5145 ὼς
1350 5079 1497 5135 ἔστιν
1525 5082 1591 5135 ὲκ
1624 5081 1833 5135 πολλῶν

258 5171 557 5226 annle
581 5171 883 5237 ἐπιδεῖξαι,
936 5171 1171 5243 μάλιστα
1211 5171 1269 5225 δὲ
1315 5173 1382 5225 ὲκ
1422 5171 1647 5228 τούτων.
1698 5173 1834 5227 Οὐδὲ

258 5264 385 5331 γὰρ
428 5263 549 5334 μίαν
579 5265 689 5318 τῶν
736 5263 969 5334 λογικῶν
1012 5264 1281 5336 κινήσεων
1320 5265 1677 5336 ἐμφαίνεσθαι
1718 5268 1833 5329 τοῖς

258 5352 479 5420 ἀκάτοις
514 5353 623 5408 τῶν
663 5352 840 5421 ζώων.
892 5352 1029 5409 Οὔτε
1078 5354 1188 5426 γὰρ
1237 5354 1441 5427 τέχναι,
1487 5354 1609 5409 οὔτε
1658 5356 1833 5428 μαθή-

264 5458 439 5510 ματα.
463 5444 580 5499 οὔτε
611 5444 820 5515 βουλαὶ,
861 5444 986 5500 οὔτε
1030 5445 1244 5517 ἀρεταὶ.
1288 5444 1413 5500 οὔτε
1462 5444 1591 5500 ἄλλο
1631 5464 1683 5499 τι
1721 5446 1831 5500 τῶν

258 5531 612 5601 διεινητικῶν
642 5539 703 5590 ὲν
749 5536 933 5601 αὐτοῖς
978 5538 1157 5592 ἐστιν·
1209 5538 1269 5605 ἐξ
1313 5531 1389 5592 ὧν
1433 5537 1611 5610 δῆλον,
1649 5537 1727 5601 ὡς
1769 5539 1830 5593 ού

262 5623 485 5695 μέτεστι
507 5629 727 5700 λογικῆς
743 5629 924 5701 ψυχῆς
947 5630 1147 5695 αὐτοῖς.
1173 5631 1283 5684 Καὶ
1303 5632 1411 5704 γάρ
1431 5631 1629 5687 ἄτοπον
1653 5632 1832 5701 λέγειν

258 5716 339 5770 τὰ
368 5714 527 5788 ἄλογα
551 5721 781 5791 λογικά·
830 5723 879 5776 εί
908 5721 1011 5796 γάρ
1037 5725 1129 5779 καὶ
1172 5724 1369 5796 κομιδῆ
1398 5724 1542 5790 νέοις
1571 5720 1689 5780 οὖσι
1720 5727 1831 5787 τοῖς

1935 4993 2134 5065 gratia,
2174 4992 2436 5064 prazclare
2470 5004 2580 5045 non
2612 4988 2858 5053 Platonis
2898 4996 3105 5045 tantum
3138 4997 3373 5045 mentem
3418 5004 3507 5045 as-

1938 5091 2185 5150 secutus,
2219 5082 2314 5138 sed
2343 5087 2399 5135 et
2428 5080 2496 5134 ad
2527 5080 2777 5136 veritatis
2811 5079 2989 5150 ipsius
3019 5078 3200 5134 cubile
3231 5079 3513 5149 pervenis-

1936 5191 2015 5240 se,
2046 5185 2107 5229 ut
2134 5189 2202 5230 ex
2250 5174 2440 5228 multis
2473 5186 2695 5245 quoque
2726 5170 2852 5228 aliis
2890 5169 3180 5227 ostendere
3220 5171 3383 5225 licet:
3414 5171 3511 5227 scd

1936 5282 2003 5323 ex
2042 5266 2128 5321 his
2178 5266 2549 5335 potissimum.
2586 5262 2774 5333 Neque
2820 5262 2965 5318 enim
3013 5261 3180 5316 ullam
3222 5268 3434 5317 tantum
3480 5279 3512 5318 e

1936 5356 2272 5413 motionibus
2327 5355 2751 5411 rationabilibus
2820 5354 2875 5409 in
2936 5352 3119 5408 brutis
3178 5352 3509 5410 animalibus

1937 5465 2222 5522 apparere,
2279 5465 2455 5521 neque
2503 5453 2670 5514 artes,
2714 5462 2893 5520 neque
2930 5447 3276 5519 disciplinas,
3332 5460 3509 5515 neque

1937 5540 2188 5607 consilia,
2234 5556 2411 5612 neque
2452 5540 2705 5606 virtutes,
2742 5554 2919 5612 neque
2962 5540 3131 5595 alium
3176 5552 3505 5611 quemquam

1939 5634 2180 5691 habitum
2212 5634 2267 5690 in
2298 5632 2660 5706 intelligentia
2703 5633 2966 5705 positum,
3004 5634 3057 5689 in
3092 5633 3202 5689 illis
3235 5648 3359 5689 esse
3378 5645 3511 5683 cou-

1940 5733 2089 5786 stat;
2124 5740 2188 5779 cx
2215 5725 2415 5797 quibus
2452 5724 2807 5783 manifestum
2843 5736 2947 5796 est,
2988 5727 3190 5781 nullam
3222 5742 3345 5781 cum
3377 5720 3509 5793 ipsis
