4008 6210
594 336 693 397 ΞΗ

1827 329 1884 385 S.
1921 316 2247 384 GREGOBII
2283 321 2573 379 NYSSENI

3719 306 3814 371 ιιι

600 452 792 509 animae
809 448 1093 505 rationalis
1109 446 1429 517 particulam
1446 445 1929 513 communicatam,
1951 444 2156 501 etenim

2273 439 2519 511 βρέφεσιν
2561 438 2597 506 ή
2639 436 2830 505 ἄλογος
2883 433 3017 506 μόνη
3067 434 3280 505 κίνησις
3330 422 3653 503 πρόσεστιν,
3693 428 3816 489 ἀλλὰ

599 542 902 600 absurdum
949 547 1036 595 est
1073 540 1259 593 dicere
1305 537 1465 592 bruta
1516 537 1729 593 ratione
1763 537 1842 592 uti
1878 555 1891 591 :
1922 551 2050 592 nam
2085 545 2169 590 ta-

601 634 758 692 metsi
798 646 990 687 recens
1020 608 1314 686 admodum
1357 628 1503 685 natis
1540 631 1657 685 sola
1689 629 1861 683 motio
1888 627 2049 682 bruta
2091 627 2168 682 in-

600 726 691 789 sit,
722 723 1078 779 nihilominus
1115 722 1299 776 anima
1334 721 1588 776 rationali
1626 719 1886 791 prmditos
1921 732 2045 775 esse
2077 717 2168 772 di-

599 816 778 871 cimus
804 854 819 880 ,
879 812 1318 884 quandoquidem
1366 810 1495 866 dum
1564 810 1882 866 adolescunt
1936 808 2168 865 rationis

601 921 760 962 usum
800 904 1038 976 produnt
1064 920 1076 956 :
1106 910 1161 958 at
1195 916 1324 957 vero
1353 901 1573 957 brutum
1608 900 1758 955 nullo
1788 899 1947 970 plane
1976 898 2168 953 habitu

601 998 710 1053 vim
735 995 965 1052 rationis
1002 993 1263 1050 ostendit.
1292 991 1473 1059 Quare
1506 1005 1902 1062 supervacuam
1944 988 2170 1043 habuis-

603 1100 687 1147 set
714 1090 1035 1145 rationalem
1081 1086 1342 1151 animam,
1373 1100 1498 1139 cum
1528 1082 1895 1139 ratiocinandi
1936 1080 2168 1136 facultas

602 1184 809 1252 absque
849 1182 960 1235 ullo
991 1177 1312 1235 usutl‘utura
1334 1182 1478 1231 esset
1507 1193 1521 1229 :
1555 1174 1758 1230 ctenim
1802 1172 1939 1227 nihil
1970 1185 2167 1240 super-

603 1282 899 1323 vacaneum
932 1280 964 1318 a
994 1267 1103 1320 Deo
1132 1263 1412 1320 conditum
1444 1276 1587 1328 esse,
1615 1276 1726 1316 uno
1751 1262 1995 1316 omnium
2031 1275 2168 1315 con-

603 1374 770 1415 sensu
804 1363 1038 1412 constat.
1090 1353 1247 1420 Quod
1296 1368 1417 1411 cum
1449 1353 1527 1407 ita
1573 1367 1634 1408 se
1673 1352 1888 1416 habeat,
1929 1351 2169 1406 inaniter

602 1456 658 1503 et
688 1447 891 1502 frustra
924 1444 1211 1500 rationalis
1256 1442 1439 1498 anima
1481 1441 1677 1497 helluis
1727 1449 1783 1495 et
1813 1440 1991 1495 brutis
2024 1445 2170 1495 esset

602 1537 797 1600 indita,
844 1550 969 1590 cum
1001 1547 1281 1604 nunquam
1329 1546 1531 1587 munus
1563 1540 1619 1588 et
1648 1546 1786 1601 opus
1827 1545 1989 1586 suum
2033 1530 2169 1585 indi—

600 1644 731 1685 care
767 1636 952 1698 posset
984 1644 998 1682 :
1030 1625 1333 1696 quinetiam
1366 1625 1503 1679 vitio
1532 1630 1833 1680 verteretur
1858 1622 1908 1678 ei
1940 1621 2032 1693 qui
2064 1621 2165 1676 de-

600 1717 773 1774 disset
815 1717 1054 1771 animam
1086 1714 1302 1784 corpori
1336 1714 1559 1769 minime
1603 1726 1901 1783 congruam
1933 1730 1947 1766 :
1983 1724 2161 1780 neque

2265 531 2442 603 ψυχὴν
2461 528 2687 599 λογικήν
2716 543 2893 598 φαμεν
2919 526 3062 597 ἔχειν
3088 526 3257 583 αὐτά·
3289 523 3587 594 ἐπειδήπερ
3614 520 3817 587 αὐξανό-

2270 640 2405 696 μενα
2437 624 2534 675 καὶ
2561 619 2659 691 τὴν
2687 617 2908 689 λογικὴν
2944 617 3317 672 ἀναδείκνυσιν
3345 614 3645 685 ἐνέργειαν.
3676 611 3743 665 Τὸ
3763 607 3818 663 δέ

2267 714 2458 781 ἄλογον
2500 712 2621 764 κατ’
2673 708 2928 779 οὐδεμίαν
2989 705 3105 772 ἕξιν
3156 707 3420 777 ἐμφαῖνον
3474 704 3537 758 τὸ
3586 703 3815 773 λογικὸν,

2269 799 2535 873 περιττῶς
2562 798 2771 869 ἀνέσχε
2789 797 3011 869 λογικὴν
3039 796 3235 868 ψυχὴν,
3264 798 3536 869 ἀχρήστου
3564 794 3820 855 παντελῶς

2272 892 2572 965 μελλούσης
2603 891 2820 946 ἔσεσθαι
2847 892 2946 962 τῆς
2989 890 3213 960 λογικῆς
3239 889 3520 959 δυνάμεως
3545 904 3558 917 ’
3606 889 3692 941 καὶ
3719 886 3820 959 γὰρ

2268 985 2419 1039 οὐδὲν
2470 984 2722 1055 περιττὸν
2788 983 2942 1054 παρά
2990 981 3085 1035 τοῦ
3136 980 3271 1034 Θεοῦ
3322 977 3647 1049 γεγενῆσθαι
3692 995 3819 1048 συμ-

2270 1076 2462 1147 φώνως
2505 1076 2638 1129 πᾶσι
2678 1073 3139 1145 συνωμολόγηται.
3177 1074 3238 1126 Εἰ
3273 1072 3330 1125 δέ
3357 1070 3534 1136 τοῦτο,
3571 1070 3822 1140 περιττῶς

2269 1166 2337 1222 ἂν
2364 1168 2398 1238 η
2427 1166 2619 1239 λογικῆ
2653 1164 2802 1237 ψυχὴ
2833 1168 2945 1230 τοῖς
2979 1163 3202 1235 κτήνεσι
3243 1165 3337 1217 καὶ
3366 1166 3479 1225 τοῖς
3509 1162 3708 1233 θηρίοις
3738 1162 3822 1228 ὲγ-

2269 1257 2660 1322 κατεϐάλλετο,
2710 1256 2974 1328 μηδέποτε
3018 1255 3289 1325 δυναμένη
3333 1254 3397 1307 τὸ
3447 1254 3642 1323 ἑαυτῆς
3677 1253 3824 1324 ἔργον

2271 1349 2635 1417 ἐπιδείξασθαι
2662 1364 2676 1379 '
2729 1350 2822 1402 καὶ
2861 1344 2931 1420 ἧν
2971 1349 3037 1402 ἂν
3065 1347 3316 1417 ἔγκλημα
3343 1345 3438 1399 τοῦ
3465 1345 3643 1408 δόντος
3667 1345 3824 1415 ἀνάρ-

2274 1459 2467 1515 μοστον
2512 1440 2689 1512 ψυχὴν
2734 1440 2816 1511 τῷ
2862 1438 3097 1508 σώματι.
3161 1436 3299 1491 Οὕτε
3352 1437 3461 1508 γὰρ
3509 1437 3738 1507 τεχνίτου
3767 1435 3825 1488 τὸ

2270 1532 2449 1605 ἔργον,
2477 1531 2603 1586 οὕτε
2632 1530 2836 1602 τάξινῆ
2858 1530 3124 1601 ἁρμονίαν
3154 1529 3377 1592 εἰδότος.
3406 1526 3471 1581 Εἰ
3495 1528 3554 1581 δέ
3585 1545 3663 1591 τις
3685 1527 3825 1597 λέγει

2270 1624 2536 1679 κινεῖσθαι
2571 1624 2670 1695 μὲν
2696 1622 2837 1677 κατά
2863 1622 3103 1676 διάθεσιν
3131 1619 3360 1691 λογικῶς
3400 1619 3468 1672 τά
3496 1618 3627 1684 ζῶα,
3654 1616 3744 1689 τήν
3769 1618 3824 1671 δέ

2269 1716 2556 1771 διάπλασιν
2604 1714 2784 1769 αὐτῶν
2832 1714 3177 1769 ἀνεπίδεκτον
3222 1708 3360 1765 εἶναι
3403 1710 3654 1781 τεχνικῆς
3692 1709 3827 1780 πρά-

600 1810 745 1865 euim
782 1806 1009 1864 artiﬁcis
1052 1821 1213 1876 opus,
1262 1819 1439 1876 neque
1481 1804 1601 1874 ejus
1649 1805 1741 1874 qui
1782 1802 2050 1867 ordinem,
2075 1810 2170 1857 aut

2273 1808 2423 1873 ξεως,
2465 1806 2821 1877 πιστούμενος
2858 1805 2951 1858 τὸν
2992 1804 3149 1873 λόγον
3194 1802 3302 1856 ἀπὺ
3341 1800 3449 1855 τῶν
3496 1797 3783 1870 ἀνθρώπων
3809 1812 3822 1828 ’

601 1908 929 1955 concentum
984 1898 1153 1967 probe
1208 1902 1419 1952 nosset.
1479 1895 1634 1962 Quod
1690 1894 1736 1950 si
1797 1895 1924 1965 quis
1969 1893 2171 1948 dixerit

603 1990 860 2044 animalia
902 1987 1109 2043 moveri
1143 1987 1437 2057 dispositu,
1470 1994 1524 2042 et
1575 1985 1771 2041 aﬂ‘ectu
1816 1984 2051 2055 quodam
2081 2000 2170 2039 ra-

604 2076 744 2137 tioni
771 2079 1121 2152 congruenti,
1150 2079 1248 2135 sed
1281 2078 1600 2158 ﬁgmentum
1639 2077 1889 2148 corporis
1917 2091 2091 2148 capax
2115 2077 2171 2133 in

603 2173 743 2244 ipsis
790 2173 1112 2242 neutiquam
1160 2185 1287 2228 esse
1336 2169 1650 2225 artiﬁciosa:
1697 2169 1931 2225 actionis
1966 2169 2172 2240 :idque

603 2264 863 2334 probaret
897 2264 1110 2318 ratione
1140 2262 1210 2317 ab
1239 2261 1553 2319 hominibus
1582 2260 1745 2315 ducta
1777 2278 1791 2316 :
1826 2260 2027 2332 quippe
2046 2275 2171 2315 cum

603 2354 845 2411 concisis
902 2361 1116 2410 tantum
1171 2353 1359 2424 digitis
1406 2368 1664 2409 manuum
1705 2354 1975 2424 pleraeque
2022 2364 2170 2409 artes

606 2445 886 2515 perirent;
942 2445 1166 2501 minime
1224 2445 1385 2501 solvit
1440 2444 1586 2516 quod
1632 2445 1921 2516 quaesitum
1954 2443 2164 2498 estzsi-

609 2534 831 2605 quidem
859 2541 1105 2590 remanet
1137 2533 1316 2589 adhuc
1338 2533 1480 2590 idem
1508 2533 1827 2602 absurdum,
1852 2533 1997 2604 quod
2027 2531 2172 2588 Deus

606 2625 851 2679 animam
892 2625 1118 2681 minime
1150 2639 1449 2696 congruam
1489 2626 1706 2697 corpori
1736 2626 2166 2681 connexuisset:

605 2713 705 2771 sed
736 2713 1090 2785 superﬂuam,
1119 2715 1367 2770 inutilem
1398 2722 1563 2785 atque
1598 2712 1929 2772 incilicacem
1948 2754 1963 2779 ,
2002 2712 2174 2784 siqui-

605 2806 727 2861 dem
759 2822 857 2876 per
902 2821 1120 2883 omnem
1170 2812 1385 2861 aetatem
1431 2804 1820 2876 impedimento
1867 2804 2001 2876 ipsis
2029 2812 2173 2862 esset

605 2897 675 2952 ad
726 2912 825 2955 sua
864 2898 1051 2952 munia
1091 2915 1105 2953 :
1141 2904 1500 2967 praeterquam
1548 2897 1693 2967 quod
1739 2904 2019 2967 comparet
2066 2894 2172 2966 ipsi

606 2987 874 3043 rationem
919 3003 985 3043 ex
1026 2987 1228 3058 ignotis
1262 2995 1318 3043 et
1361 3001 1469 3042 non
1496 2986 1794 3044 concessis.
1833 2985 1987 3041 Unde
2026 2986 2173 3041 enim

606 3077 741 3133 illud
786 3076 1189 3149 depromptum,
1242 3093 1310 3134 ex
1356 3077 1720 3149 dispositione
1762 3077 1925 3132 bruta
1964 3075 2172 3131 moveri

605 3169 966 3226 conveniente
1001 3170 1252 3226 ratione!
1278 3170 1475 3227 melius
1506 3170 1651 3227 enim
1683 3178 1830 3227 esset
1858 3170 2173 3227 existimare

605 3268 901 3329 congruam
928 3259 1128 3330 cuique
1154 3259 1371 3331 corpori
1399 3259 1639 3314 animam
1682 3274 1988 3317 connexam
2028 3274 2174 3326 esse,

586 3366 671 3411 ac
705 3350 843 3406 nihil
876 3351 1109 3421 amplius
1140 3351 1339 3408 habere
1366 3366 1433 3407 ex
1470 3352 1830 3422 dispositione
1871 3352 2177 3423 allectuque

606 3440 886 3502 animalia,
916 3454 1078 3509 quam
1123 3440 1529 3510 simplicitatem
1576 3444 1884 3497 naturalem
1930 3443 1986 3498 in
2033 3444 2176 3513 ipso-

607 3538 731 3586 rum
778 3530 1035 3601 operibus
1084 3541 1456 3601 apparentem.
1503 3529 1637 3586 Nam
1688 3532 1901 3602 species
1946 3549 2176 3604 quaeque

606 3622 891 3678 brutorum
923 3621 1224 3676 secundum
1255 3622 1675 3692 propensionem
1706 3636 1861 3677 suam
1905 3623 1972 3677 ad
2009 3638 2174 3694 quam

607 3727 638 3765 a
667 3711 939 3783 principio
980 3710 1121 3767 facta
1153 3720 1259 3776 est,
1304 3720 1575 3776 movetur,
1609 3719 1664 3767 et
1696 3728 1877 3781 usum,
1903 3721 1968 3769 et
2000 3715 2174 3770 actio-

607 3817 753 3866 nem,
804 3817 868 3858 ac
906 3810 1171 3875 praeterea
1211 3804 1630 3875 dispositionem
1679 3813 1863 3875 aptam
1914 3805 2171 3861 obtinuit.

607 3889 1042 3962 Haudquaquam
1071 3899 1220 3948 certe
1253 3892 1443 3966 Opilex
1463 3894 1570 3950 ista
1600 3895 1806 3950 auxilio
1829 3895 1977 3950 omni
2000 3896 2175 3952 desii-

605 3990 724 4038 tuta
770 3983 991 4055 reliquit
1031 4002 1045 4039 :
1080 4000 1266 4039 verum
1316 3985 1611 4055 unicuique
1669 3988 2011 4054 naturalem,
2064 4002 2176 4042 non

606 4077 926 4133 rationalem
980 4078 1258 4133 solertiam
1306 4078 1541 4136 inseruit
1573 4097 1587 4135 :
1620 4080 1950 4151 quibusdam
2007 4081 2173 4137 etiam

605 4167 957 4223 calliditatem
1019 4175 1075 4224 et
1135 4170 1392 4226 astutiam
1444 4171 1662 4238 indidit,
1722 4181 1983 4242 tanquam
2039 4173 2175 4229 artis

606 4256 899 4330 imaginem
935 4267 991 4314 et
1019 4260 1513 4326 umbram,duabus
1553 4263 1675 4319 istis
1711 4263 1778 4318 de
1817 4263 2022 4327 causis,
2061 4276 2172 4319 tum

605 4349 673 4405 ad
728 4359 985 4423 urgentes
1028 4351 1254 4408 insidias
1294 4351 1672 4420 declinandas,
1729 4363 1783 4411 et
1828 4355 1899 4409 ad
1959 4354 2174 4412 futuras

2235 1930 2241 1936 ο
2270 1896 2725 1968 περιαιρεθέντων
2739 1895 2848 1967 γὰρ
2877 1894 3035 1965 μόνον
3052 1892 3161 1947 τῶν
3171 1890 3447 1947 δακτύλων
3466 1890 3572 1945 ἀπὸ
3598 1887 3700 1944 τῶν
3721 1905 3826 1959 χει-

2273 1988 2403 2061 ρῶν,
2435 1989 2536 2051 τάς
2565 1986 2823 2050 πλείστας
2849 1986 3044 2056 τέχνας
3090 1982 3535 2056 παραπόλλυσθαι
3562 1998 3575 2012 ’
3621 1980 3678 2034 οὐ
3715 1978 3828 2032 λύει

2268 2079 2330 2133 τὸ
2357 2077 2709 2151 ζητούμενον.
2756 2078 2921 2132 Μένει
2951 2078 3059 2149 γάρ
3093 2076 3173 2130 ἐτι
3202 2076 3262 2129 τὸ
3307 2075 3437 2129 αὐτὸ
3487 2073 3709 2136 ἄτοπον,
3755 2072 3828 2134 ὡς

2271 2170 2364 2226 τοῦ
2392 2170 2527 2225 Θεοῦ
2563 2169 2638 2243 μή
2666 2171 2971 2242 πρόσφορον
2997 2168 3174 2241 ψυχὴν
3208 2167 3604 2239 ἐναρμόσαντος
3633 2163 3706 2235 τῷ
3728 2163 3830 2215 σὼο

2275 2281 2425 2337 ματι,
2458 2262 2595 2318 ἀλλά
2622 2260 2876 2333 περιττὴν
2906 2261 2996 2314 καὶ
3027 2262 3283 2331 ἀνόνητον
3309 2261 3403 2314 καὶ
3448 2257 3819 2328 ἀνενέργητον,

2272 2355 2700 2427 ἐμποδιζομένην
2719 2353 2808 2409 διὰ
2826 2354 3007 2425 πάσης
3033 2354 3133 2425 τῆς
3160 2353 3377 2424 ἡλικίας
3401 2351 3599 2413 αὐτῶν,
3629 2353 3705 2414 είς
3734 2348 3829 2410 τὰς

2271 2447 2480 2511 οἰκείας
2501 2445 2801 2517 ἐνεργείας.
2828 2440 2961 2513 πρὸς
2982 2444 3043 2497 τὸ
3069 2442 3165 2497 καὶ
3192 2443 3282 2498 τὸν
3299 2442 3454 2512 λόγον
3481 2442 3646 2515 αὐτῆς
3668 2461 3826 2497 καταο

2274 2539 2557 2604 σκευάζειν
2587 2537 2647 2603 ἐξ
2691 2536 2898 2609 ἀδήλων
2946 2534 3042 2589 καὶ
3076 2537 3174 2605 οὐχ
3215 2535 3675 2606 ὁμολογουμένων.
3723 2535 3825 2589 Πό-
3894 2558 3900 2563 ·

2273 2631 2364 2686 θεν
2407 2630 2516 2701 γὰρ
2571 2630 2653 2683 ὅτι
2721 2627 2864 2683 κατὰ
2925 2626 3164 2681 διάθεσιν
3218 2625 3451 2694 λογικῶς
3497 2627 3718 2680 κινεῖται
3765 2626 3831 2680 τά

2274 2722 2416 2791 (diu;
2452 2722 2668 2777 Βέλτιον
2708 2722 2817 2793 γὰρ
2856 2721 3161 2792 πρόσφορον
3196 2719 3449 2793 ἡγεῖσθαι
3481 2718 3690 2790 ἑκάστῳ
3729 2719 3829 2771 σώ-

2278 2830 2406 2884 ματι
2452 2811 2629 2883 ψυχὴν
2682 2810 3016 2884 ἐνηρμόσθαι
3038 2853 3054 2879 ,
3103 2811 3197 2865 καὶ
3246 2809 3411 2882 μηδὲν
3477 2809 3619 2881 ἔχειν
3681 2808 3834 2863 πλέον

2273 2903 2413 2957 κατά
2454 2902 2690 2961 διάθεσιν
2737 2902 2809 2957 τὰ
2859 2901 2972 2966 ζῶα
3017 2902 3117 2972 τῆς
3157 2900 3551 2973 ἐκφαινομὲνης
3595 2902 3703 2964 τοίς
3745 2898 3835 2971 έρ-

2273 3006 2391 3067 γοις
2434 2996 2612 3052 αὐτῶν
2643 2994 2879 3067 φυσικῆς
2922 2986 3240 3065 ἁπλότητος.
3290 2993 3557 3047 Ἐκαστον
3606 2990 3714 3063 γὰρ
3759 2986 3838 3043 εἵ-

2272 3091 2361 3155 δος
2399 3089 2506 3145 τῶν
2545 3088 2754 3159 ἀλόγων
2794 3088 2916 3142 κατ’
2952 3084 3160 3140 οίκείαν
3200 3084 3377 3157 όρμῆν
3411 3085 3658 3149 κινεῖται,
3706 3081 3842 3153 πρὸς

2276 3184 2342 3253 ἢν
2368 3178 2590 3253 γέγονεν
2615 3180 2674 3248 ἐξ
2717 3179 2912 3251 ἀρχῆς,
2956 3176 3146 3249 χρείαν
3173 3193 3233 3230 τε
3278 3177 3373 3231 καὶ
3418 3175 3714 3248 ἐνέργειαν,
3745 3173 3842 3229 καὶ

2276 3273 2414 3341 πρὸς
2460 3270 2636 3326 ταῦτα
2692 3268 2789 3324 καὶ
2849 3268 2949 3340 τὴν
3003 3267 3246 3323 διάθεσιν
3304 3266 3611 3338 ἐπιτηδείαν
3663 3264 3840 3336 ἔσχεν.

2277 3365 2351 3419 Ού
2404 3363 2511 3436 μὴν
2553 3360 2837 3434 ἀδοήθητα
2884 3358 3229 3414 παντάπασιν
3279 3356 3419 3412 αύτά
3459 3356 3849 3412 καταλέλοιπεν

2274 3456 2304 3510 ό
2344 3448 2684 3526 Δημιουργός
2708 3469 2723 3486 ·
2770 3446 2885 3507 ἀλλ’
2935 3450 3151 3521 ἑκάστῳ
3201 3448 3468 3520 φυσικὴν,
3524 3448 3585 3502 οὐ
3624 3447 3852 3519 λογικὴν

2275 3543 2494 3599 ἐνέδαλε
2528 3544 2779 3599 σύνεσιν·
2817 3544 2930 3597 τισὶ
2960 3536 3017 3597 δὲ
3053 3541 3149 3595 καὶ
3192 3539 3525 3611 πανουργίαν
3564 3539 3850 3610 ἐνέθηκεν,

2274 3634 2464 3708 ῶσπερ
2491 3634 2684 3705 τέχνης
2715 3634 2899 3688 είκόνα
2924 3634 3019 3687 καὶ
3044 3630 3204 3686 σκιὰν
3234 3631 3380 3685 δυοῖν
3408 3629 3614 3684 τούτων
3637 3630 3854 3693 ἕνεκεν,

2275 3724 2417 3796 ὑπὲρ
2433 3724 2528 3778 τοῦ
2556 3724 2651 3779 zeal.
2674 3722 2775 3787 τὰς
2796 3721 3100 3786 ἐνεστώσας
3119 3719 3411 3785 ἐπιδουλάς
3433 3720 3726 3785 ἐκκλίνειν,
3753 3720 3858 3774 καὶ

2273 3815 2373 3880 τὰς
2408 3813 2703 3886 μελλούσας
2728 3810 3231 3886 προφυλάττεσθαι·
3271 3811 3364 3865 καὶ
3398 3811 3489 3864 ἐπὶ
3509 3808 3590 3880 τῷ
3613 3809 3861 3879 συνάψαι

2273 3906 2371 3975 τὴν
2398 3905 2574 3959 κτίσιν
2606 3907 2786 3960 πᾶσαν
2819 3904 3009 3975 ἑαυτῇ,
3042 3903 3117 3966 ὡς
3146 3902 3248 3973 ήδη
3286 3900 3519 3973 εἴρηται.
3550 3901 3675 3954 Ὅτι
3700 3900 3760 3954 δὲ
3791 3902 3863 3955 οὐ

2274 3996 2505 4065 λογικῶς
2529 3995 2702 4051 ταῦτα
2724 3997 2885 4060 ποιεῖ,
2912 3994 3068 4065 δῆλον
3095 3994 3159 4047 ἐκ
3186 3991 3279 4047 τοῦ
3308 3993 3429 4047 κατ’
3458 3987 3599 4057 εἶδος
3622 3992 3867 4047 ἕκαστον

2275 4088 2412 4153 ζῶον
2445 4088 2645 4159 ὁμοίως
2669 4087 2739 4141 τὰ
2771 4086 2912 4142 αὺτά
2945 4088 3136 4150 ποιεῖν,
3170 4084 3263 4139 καὶ
3295 4083 3370 4155 μή
3396 4083 3729 4138 διαλλάττειν
3758 4084 3869 4138 αύ-

2272 4183 2383 4237 τῶν
2423 4183 2483 4237 ἐν
2518 4181 2597 4252 τῷ
2637 4180 2829 4252 πλήθει
2866 4180 2966 4244 τὰς
3004 4180 3104 4250 τῆς
3146 4179 3323 4249 ψυχῆς
3353 4179 3663 4250 ἐνεργείας·
3692 4180 3743 4231 εί
3782 4178 3871 4251 μὴ

2274 4271 2418 4325 κατά
2446 4268 2508 4324 τὸ
2550 4269 2746 4341 μᾶλλον
2776 4272 2870 4323 καὶ
2910 4264 3072 4343 ἦττον
3094 4286 3108 4301 ·
3148 4268 3281 4323 ἀλλά
3320 4269 3462 4323 κατὰ
3507 4269 3636 4341 μίαν
3677 4267 3873 4341 ὁρμὴν

2273 4362 2394 4415 ὅλον
2421 4361 2481 4414 τὸ
2508 4357 2645 4423 εἶδος
2676 4358 2964 4415 κινεῖσθαι.
2998 4360 3114 4423 Πᾶς
3144 4358 3252 4431 γὰρ
3277 4358 3487 4427 λαγωός
3521 4358 3730 4429 ὁμοίως
3767 4358 3874 4411 εύ-ε»

603 4443 989 4511 praecavendas
1022 4462 1034 4497 :
1065 4452 1180 4497 tum
1208 4442 1278 4498 ad
1312 4447 1740 4502 connectendam
1776 4461 1993 4502 omnem
2023 4462 2171 4502 crea-

2285 4450 2503 4517 νάζεται
2522 4491 2538 4516 ,
2569 4451 2662 4505 καὶ
2699 4452 2809 4514 πᾶς
2838 4448 3001 4515 λύκος
3034 4449 3235 4520 ὁμοίως
3264 4452 3582 4521 πανουργετ,
3617 4450 3718 4503 καὶ
3752 4452 3876 4515 πᾶς

604 4541 786 4589 turam
814 4534 1167 4605 sihimetipsi,
1198 4542 1258 4588 ut
1296 4541 1456 4591 antea
1483 4536 1691 4591 dictum
1731 4544 1836 4593 est.
1873 4537 2031 4604 Quod
2068 4553 2171 4593 au-

608 4636 717 4681 tem
744 4641 851 4681 non
889 4643 956 4683 ex
987 4626 1202 4682 ratione
1227 4626 1332 4682 ista
1362 4627 1548 4694 faciat,
1576 4628 1931 4699 perspicuum
1981 4638 2067 4685 est
2105 4644 2173 4685 ex

604 4734 671 4773 eo
699 4719 846 4789 quod
878 4720 1082 4775 animal
1123 4718 1379 4790 quodque
1408 4720 1614 4786 pariter
1653 4722 1843 4777 eadem
1876 4722 2042 4777 faciat
2076 4740 2090 4777 :
2121 4733 2176 4779 et

603 4813 750 4882 quod
799 4827 908 4867 non
948 4813 1160 4867 varient
1192 4812 1439 4881 ipsorum
1485 4814 1683 4869 anima:
1729 4815 2075 4883 operationes
2117 4816 2173 4870 in

604 4900 959 4957 multitudine
997 4919 1011 4955 :
1047 4901 1154 4956 nisi
1188 4901 1495 4958 intentione
1544 4904 1631 4959 vel
1680 4904 2040 4972 remissione;
2078 4905 2174 4961 sed

605 4992 910 5049 secundum
951 4993 1168 5048 unicam
1215 4993 1617 5064 proclivitatem
1646 5001 1761 5050 tota
1792 4996 2001 5066 species
2039 5012 2174 5052 con-

604 5086 826 5140 citetur.
860 5083 1053 5140 Omnis
1082 5085 1228 5140 enim
1253 5085 1409 5156 lepus
1448 5085 1705 5143 similiter
1736 5088 1793 5142 in
1835 5088 2065 5143 latibulo
2090 5087 2176 5159 ja-

605 5184 714 5241 cet,
750 5185 806 5232 et
837 5177 1000 5249 lupus
1038 5178 1217 5235 omnis
1244 5179 1499 5237 similiter
1528 5188 1786 5237 versutus
1813 5188 1899 5236 est
1925 5198 1939 5235 :
1961 5188 2018 5237 et
2053 5195 2175 5237 om-

604 5266 692 5323 nis
738 5268 897 5325 simia
958 5271 1163 5341 pariter
1200 5271 1485 5337 imitatur;
1538 5271 1644 5327 hoc
1689 5286 1821 5327 vero
1857 5270 1915 5326 in
1955 5271 2175 5327 homine

605 5374 715 5415 non
762 5368 982 5418 constat
1022 5371 1333 5419 :sexcentm
1373 5364 1518 5418 enim
1565 5363 1667 5417 via:
1709 5371 1839 5419 sunt
1896 5363 2173 5418 actionum

607 5449 973 5507 humanarum
1030 5463 1043 5507 :‘
1096 5469 1221 5508 nam
1284 5454 1496 5509 ratione
1561 5454 1887 5523 praeditum,
1941 5454 2172 5509 liberum

610 5540 892 5611 quiddam,
923 5552 977 5598 et
1001 5544 1086 5599 sui
1113 5544 1258 5614 juris
1313 5554 1480 5617 atque
1516 5546 1734 5601 arbitrii
1760 5553 1865 5611 est,
1893 5546 2037 5601 unde
2065 5560 2175 5600 non

610 5644 781 5687 unum
817 5643 872 5689 et
913 5633 1055 5690 idem
1100 5651 1239 5705 Opus
1294 5645 1379 5692 est
1430 5637 1686 5693 omnibus
1736 5636 2072 5702 hominibus,
2116 5646 2176 5691 ut

614 5724 814 5799 cuique
843 5725 1133 5783 brutorum
1167 5728 1401 5801 speciei;
1442 5728 1887 5802 quandoquidem
1925 5729 2041 5786 haec
2076 5744 2175 5787 nti-

2276 4543 2507 4614 πίθηκος
2528 4542 2729 4614 ὁμοίως
2753 4544 3020 4613 μιμεῖται.
3048 4541 3226 4613 Ὅπερ
3243 4541 3344 4594 οὐκ
3367 4539 3512 4594 ἔστιν
3534 4542 3623 4593 ἐπ’
3645 4538 3879 4612 ἀνθρώ-

2275 4652 2398 4690 που.
2450 4633 2656 4706 Μυρίαι
2699 4634 2808 4705 γάρ
2850 4633 2959 4687 ὁδοὶ
3007 4632 3117 4686 τῶν
3168 4631 3521 4703 ἀνθρωπίνων
3574 4630 3875 4701 πράξεων.

2288 4725 2597 4797 Ἐλεύθερον
2627 4725 2736 4796 γάρ
2765 4741 2817 4778 τι
2853 4722 2948 4779 καὶ
2989 4721 3330 4788 αὐτεξούσιον
3362 4722 3425 4775 τὸ
3450 4722 3691 4791 λογικὸν,
3738 4721 3884 4776 ὅθεν

2275 4819 2372 4888 οὐχ
2401 4818 2458 4872 ἐν
2487 4816 2578 4872 καὶ
2603 4816 2769 4871 ταύτὸ
2794 4818 2959 4870 πᾶσιν
2986 4815 3145 4887 ἔργον
3177 4813 3502 4885 ἀνθρώποις,
3527 4812 3604 4877 ὡς
3636 4813 3885 4885 ἑκάστῳ

2277 4908 2405 4962 εἴδει
2429 4907 2536 4962 τῶν
2567 4908 2778 4978 ἀλόγων
2816 4905 2989 4973 ζώων.
3015 4905 3178 4961 Φύσει
3206 4905 3315 4976 γὰρ
3359 4905 3494 4977 μόνῃ
3556 4905 3742 4959 ταῦτα
3784 4923 3884 4958 κι-

2277 4998 2554 5055 νεῖται-τὰ
2592 4994 2652 5053 δέ
2692 4999 2854 5069 φύσει
2894 4996 3093 5069 ὁμοίως
3120 4997 3270 5068 παρὰ
3299 4995 3465 5050 πᾶσίν
3493 4997 3643 5049 ἐστιν
3664 5010 3680 5025 ’
3717 4996 3784 5047 αἱ
3813 4995 3885 5049 δὲ

2276 5090 2491 5161 λογικαὶ
2523 5089 2745 5162 πράξεις
2785 5088 2941 5144 ἄλλαι
2974 5087 3105 5158 παρ’
3134 5087 3336 5155 ἀλλοις,
3387 5087 3487 5141 οὐκ
3514 5085 3573 5150 ἐξ
3603 5085 3887 5155 ἀνάγκης

2276 5184 2332 5236 αἱ
2359 5183 2521 5237 αὐταὶ
2551 5181 2704 5255 παρά
2727 5182 2912 5238 πᾶσιν.
2942 5180 3007 5235 Ei
3033 5180 3091 5234 δὲ
3119 5179 3328 5249 λέγοιεν
3364 5174 3456 5232 ἐπὶ
3487 5176 3742 5248 τιμωρίᾳ
3771 5178 3889 5246 τὴν

2277 5271 2454 5343 ψυχὴν
2483 5270 2592 5325 τῶν
2630 5269 3140 5343 προημαρτημένων
3178 5269 3237 5322 ἐν
3284 5266 3364 5338 τῷ
3389 5264 3729 5338 ἀνθρωπίνῳ
3769 5263 3892 5335 βίῳ

2277 5364 2357 5426 είς
2393 5361 2616 5416 τοιαῦτα
2654 5361 2880 5433 σώματα
2919 5359 3407 5432 καταπέμπεσθαι,
3447 5358 3511 5411 ἐκ
3554 5355 3669 5409 τῶν
3700 5354 3889 5408 ὑστά-

2281 5472 2390 5526 ρων
2419 5454 2691 5509 ποιοῦνται
2720 5454 2818 5525 τὴν
2848 5452 3138 5521 ἀπόδειξιν.
3163 5451 3265 5506 Διά
3293 5450 3346 5504 τί
3373 5449 3482 5521 γὰρ
3511 5450 3593 5513 είς
3614 5448 3692 5502 τὰ
3720 5446 3895 5517 πρῶ-

2276 5562 2348 5601 τα
2380 5546 2642 5615 γενόμενα
2670 5544 2897 5615 σώματα
2920 5543 3028 5599 τῶν
3056 5542 3209 5608 ζώων
3238 5540 3611 5612 ἀνεδλήθησαν
3639 5538 3897 5605 λογικαὶ

2277 5635 2479 5707 ψυχαί;
2519 5637 2595 5690 Οὐ
2630 5635 2740 5707 γὰρ
2779 5636 2952 5707 δήπου
2999 5636 3074 5698 ὼς
3107 5635 3164 5687 ἐν
3208 5631 3450 5704 σώμασιν
3490 5628 3896 5701 ἀνθρωπίνοις

2284 5727 2665 5800 ἀμαρτήσασαι
2688 5766 2703 5793 ,
2737 5726 2865 5797 πρὶν
2914 5725 3003 5780 καὶ
3037 5727 3115 5790 εἰς
3151 5723 3307 5795 σῶμα
3342 5719 3596 5791 γενέσθαι
3646 5718 3904 5790 ἀνθρὼέ
