4008 6210
236 348 358 409 213

1709 340 1797 394 ΒΕ
1836 341 2073 397 ΛΝΙΜΑ.

3411 342 3517 400 εει

244 480 429 520 πινον.
466 462 646 516 Ἔοικε
691 459 748 513 δὲ
781 435 954 531 ταύτῇ
987 459 1112 532 δόξῃ
1143 456 1386 513 τίθεσθαι
1419 460 1513 512 καὶ
1547 457 1782 531 Γαληνὸς
1814 462 1829 514 ί

1949 472 2071 515 tura
2125 461 2242 516 sola
2286 470 2622 517 moventur:
2670 462 2820 533 atqui
2860 479 2925 518 ea
2971 480 3094 535 qua:
3143 471 3335 518 natura
3387 478 3515 518 coti-

244 555 547 624 θαυμάσιος
583 552 786 623 ἰατρὸς,
834 552 928 606 καὶ
973 551 1095 608 καθ’
1119 552 1349 606 ἕκαστον
1388 548 1527 616 εἶδος
1554 549 1693 616 {dion
1720 551 1835 605 διὰ-

243 661 409 716 φορον
437 641 576 700 sive.
602 644 813 709 δοξάζει
847 644 941 697 καὶ
964 643 1143 715 ψυχῆς
1175 640 1341 708 εἷδος’
1369 642 1516 711 λέγει
1539 642 1646 715 γὰρ
1676 643 1835 707 εὐθὺς

237 740 299 792 ἐν
328 738 473 808 ἀρχῇ
497 735 594 790 τοῦ
623 735 840 807 πρώτου
872 736 1078 808 βιϐλίου
1108 735 1209 807 τῆς
1227 736 1365 805 Περὶ
1386 737 1593 806 χρείας
1607 738 1836 806 μορίων

236 828 649 899 πραγματείας,
681 828 847 883 οὕτωσ
886 847 904 879 ι
932 829 1042 882 Καὶ
1064 829 1113 885 εί
1143 827 1322 891 τοῦτο,
1352 828 1522 882 πολλὰ
1552 826 1660 883 τῶν
1680 827 1834 893 ζώων

236 920 393 973 ἔσται
443 920 644 991 μόριασ
679 920 749 974 τὰ
799 921 896 992 μὲν
946 920 1152 992 μείζω,
1183 919 1253 974 τὰ
1291 919 1347 973 δὲ
1385 919 1591 974 ἐλάττω
1616 936 1629 950 ·
1677 919 1746 972 τὰ
1778 920 1835 973 δὲ

234 1012 591 1066 παντάπασιν
613 1013 697 1075 ἐἰς
727 1011 914 1084 ἕτερον
938 1008 1077 1075 εἶδος
1102 1010 1322 1083 ἄτμητοι
1341 1027 1355 1042 ⁸
1390 1010 1550 1082 χρεία
1573 1010 1630 1064 δὲ
1655 1008 1833 1063 αὐτῶν

236 1103 497 1157 ἁπάντων
535 1104 653 1157 ἐστὶ
679 1105 746 1175 τῇ
779 1103 948 1175 ψυχῇ.
991 1103 1064 1157 Τὸ
1104 1104 1211 1175 γὰρ
1242 1103 1401 1173 σῶμα
1430 1102 1637 1172 ταύτης
1664 1103 1834 1173 δργα-

231 1215 347 1251 νον.
392 1198 501 1250 Καὶ
534 1196 624 1250 διὰ
648 1196 806 1249 τοῦτο
827 1196 961 1250 πολὺ
983 1197 1287 1268 διενήνοχεν
1305 1195 1550 1267 ἀλλήλων
1569 1194 1639 1248 τὰ
1671 1194 1833 1266 μόρια

228 1285 345 1339 τῶν
383 1284 559 1350 ζώων,
599 1285 683 1339 ὅτι
712 1286 806 1339 καὶ
834 1287 888 1340 αί
917 1285 1106 1356 ψυχαί.
1138 1304 1156 1337 ι
1196 1285 1365 1341 Πάλιν
1406 1284 1460 1338 δὲ
1506 1285 1832 1356 προκόπτων

227 1377 291 1431 ὲν
317 1376 400 1448 τῷ
428 1375 576 1446 αὑτῷ
604 1376 815 1445 βιϐλίῳ,
840 1377 1197 1449 προστίθησιν
1234 1378 1327 1431 ἐπὶ
1354 1376 1446 1430 τοῦ
1477 1376 1710 1445 πιθήκου
1741 1377 1833 1430 καὶ

225 1469 415 1524 τοῦτο·
448 1489 468 1522 ι
498 1471 607 1524 Καὶ
646 1470 746 1541 μὴ,
772 1462 819 1523 ὦ
852 1467 1131 1538 σοφώτατε
1162 1468 1433 1540 κατήγορε
1458 1467 1679 1539 (λέξειεν
1706 1467 1770 1524 ἂν
1798 1469 1831 1540 ἡ

226 1562 400 1631 φύσις
430 1562 569 1634 πρὸς
600 1562 661 1615 σὲ
690 1559 961 1632 γελοίως),
984 1561 1085 1632 τὴν
1108 1560 1286 1633 ψυχὴν
1312 1560 1421 1614 τῶν
1447 1559 1600 1624 ζώων
1620 1560 1831 1614 τελείαν

226 1655 401 1727 ἐχρῆν
433 1653 654 1725 δοθῆναι
692 1652 831 1725 πρὸς
857 1653 956 1724 τὴν
987 1652 1081 1707 τοῦ
1122 1651 1373 1724 σώματος
1405 1652 1767 1723 κατασκευήν.
1806 1670 1824 1703 ι

226 1745 424 1812 οὕτως
459 1741 569 1800 εἶδε
596 1746 709 1810 τοῖς
730 1745 1010 1819 διαφόροις
1052 1745 1171 1799 κατ’
1201 1743 1340 1809 εἶδος
1372 1743 1618 1816 σώμασιν
1643 1744 1831 1814 διαφό-

1938 558 2112 618 stant,
2174 553 2429 609 similiter
2478 553 2622 625 apud
2668 570 2861 612 omnes
2906 571 2966 611 se
3017 556 3257 612 habent:
3290 567 3345 609 at
3391 569 3518 610 vero

1937 646 2189 701 actiones
2224 660 2346 717 qua:
2391 646 2606 703 ratione
2641 647 2799 713 ﬁunt,
2853 649 2971 704 alia:
3008 649 3149 719 apud
3185 648 3323 702 alios
3351 655 3515 714 sunt;

1937 752 2048 791 non
2088 752 2152 792 ex
2198 739 2533 793 necessitate
2581 738 2784 793 caedent
2842 740 2987 809 apud
3026 755 3237 796 omnes.
3263 738 3421 806 Quod
3469 738 3516 793 si

1935 826 2170 882 dixerint
2216 826 2453 882 animam
2506 844 2606 899 pro
2656 829 2932 900 supplicio
2980 842 3336 901 peccatorum
3391 837 3521 885 ante

1935 916 2364 973 commissorum
2415 920 2471 975 in
2511 921 2752 975 humana
2806 921 2935 988 vita,
2985 921 3053 977 ad
3099 920 3370 991 ejusmodi
3406 936 3522 977 cor-

1939 1025 2076 1081 pora
2122 1011 2401 1082 ablegari:
2432 1028 2498 1067 ex
2546 1013 2950 1082 posterioribus
2990 1013 3520 1069 demonstrationem

1939 1099 2169 1155 faciunt.
2215 1102 2328 1157 Cur
2365 1103 2510 1158 enim
2539 1103 2735 1159 anima:
2765 1105 3062 1161 rationales
3097 1106 3155 1159 in
3186 1121 3251 1161 ea
3291 1121 3521 1176 corpora
3558 1130 3559 1133 η
3672 1166 3680 1174 ,

1936 1192 2152 1261 injecta:
2187 1194 2441 1260 fuissent,
2472 1211 2595 1267 qua:
2632 1197 2785 1266 prius
2815 1198 3103 1253 brutorum
3136 1197 3386 1253 fuerant?
3412 1213 3521 1254 non

1935 1283 2082 1338 enim
2139 1292 2287 1339 certe
2325 1300 2424 1354 pro
2476 1284 2716 1354 peccatis
2766 1285 2827 1339 in
2884 1286 3213 1357 corporibus
3261 1288 3521 1346 humanis

1938 1376 2274 1443 commissis,
2316 1378 2641 1449 priusquam
2685 1378 2742 1434 in
2773 1393 2976 1450 corpus
3004 1380 3303 1435 humanum
3338 1383 3521 1437 venis-
3594 1368 3607 1381 ’

1937 1475 2087 1524 sent.
2142 1465 2377 1525 Videtur
2427 1477 2608 1525 autem
2669 1470 2837 1526 etiam
2890 1468 3133 1527 Galenus
3180 1470 3519 1528 admirabilis

1934 1558 2201 1625 medicus,
2263 1560 2390 1614 huic
2426 1561 2674 1632 Opinioni
2720 1560 2903 1618 favere
2944 1581 2957 1616 :
3006 1564 3316 1634 qnippequi
3360 1563 3521 1632 juxta

1933 1667 2383 1725 unamquamque
2430 1654 2731 1710 animantis
2783 1656 3020 1725 speciem
3064 1657 3264 1711 anima:
3297 1671 3519 1727 quoque

1933 1744 2206 1800 diversam
2238 1746 2476 1817 speciem
2506 1762 2629 1804 esse
2661 1747 2978 1815 existimat;
3016 1764 3141 1803 nam
3190 1749 3376 1805 statim
3410 1749 3519 1804 ini-

228 1855 360 1909 ρους
394 1837 629 1905 ἐνούσας
647 1837 844 1909 ψυχάς.
887 1837 998 1891 Καὶ
1036 1836 1210 1891 ταῦτα
1238 1836 1338 1908 μὲν
1368 1837 1496 1908 περὶ
1520 1835 1752 1889 τούτων’
1779 1837 1827 1890 εί

1933 1837 2006 1892 tio
2032 1838 2157 1893 libri
2186 1839 2345 1909 primi
2372 1837 2451 1894 De
2470 1856 2570 1895 usu
2592 1842 2849 1910 partium,
2875 1841 2948 1896 ita
2975 1841 3205 1898 scribit:
3235 1860 3254 1894 ι
3281 1841 3415 1897 Etsi
3440 1841 3517 1907 id,

224 1931 286 1985 δὲ
322 1930 427 2002 τὴν
460 1930 643 2001 ψυχὴν
679 1928 1043 2000 ἀπεδείξαμεν
1064 1968 1079 1991 ,
1114 1928 1250 2000 μήτε
1282 1927 1441 1999 σῶμα
1469 1921 1656 1991 οὖσαν,
1690 1928 1826 1998 μήτε

1935 1930 2118 1985 multa:
2160 1930 2479 1986 animalium
2516 1945 2699 2002 partes
2737 1941 2923 1996 erunt,
2952 1933 3071 1987 aliae
3098 1931 3359 2002 majores,
3395 1934 3519 1988 aliae

227 2021 509 2092 ἁρμονίαν
528 2061 542 2086 ,
578 2021 718 2091 μήτε
748 2021 979 2092 κρᾶσιν,
1019 2020 1155 2090 μήτε
1186 2018 1353 2091 ἄλλην
1384 2018 1507 2072 τινὰ
1546 2016 1826 2089 ποιότητα,

1935 2021 2180 2078 minores
2214 2040 2228 2077 :
2265 2024 2515 2093 quaedam
2567 2025 2793 2080 omnino
2839 2025 2908 2080 ad
2956 2024 3119 2079 aliam
3151 2024 3394 2095 speciem
3430 2026 3517 2080 in-

222 2112 389 2183 δῆλον
434 2114 503 2165 ὲκ
542 2102 768 2175 τούτων,
807 2109 883 2174 ὡς
928 2108 1085 2163 οὐσία
1127 2108 1212 2172 τίς
1270 2111 1416 2173 ἐστιν
1462 2106 1752 2179 ἀσώματος
1788 2110 1823 2179 ἡ

1933 2112 2187 2170 dividuze.
2230 2112 2376 2172 Usus
2414 2122 2598 2171 autem
2626 2116 2871 2187 ipsarum
2901 2115 3149 2170 omnium
3173 2116 3357 2171 anima
3386 2122 3472 2171 est
3499 2134 3513 2171 :

225 2205 380 2276 ψυχή
410 2221 425 2234 ’
461 2205 547 2258 ὅτι
588 2202 688 2274 μὲν
723 2204 828 2274 γὰρ
861 2203 1042 2267 ἐστιν,
1082 2201 1419 2272 ὁμολογεῖται
1451 2201 1647 2254 πᾶσινο
1682 2200 1731 2253 εί
1767 2199 1825 2253 δὲ

1933 2205 2205 2278 siquidem
2259 2219 2463 2276 corpus
2525 2208 2955 2265 instrumentum
2983 2208 3105 2279 ejus
3133 2216 3252 2275 est;
3287 2222 3519 2279 eamque

226 2298 371 2368 μήτε
400 2294 588 2367 σῶμα,
616 2295 759 2369 μήτε
789 2292 1156 2367 συμϐεϐηκὸς,
1187 2293 1348 2366 δῆλόν
1375 2293 1542 2361 ἐστιν,
1570 2295 1653 2348 ὅτι
1685 2291 1829 2347 ἀσώ-

1933 2297 2003 2354 ob
2045 2312 2160 2355 rem
2197 2299 2432 2355 multum
2483 2317 2516 2357 a
2573 2318 2635 2359 se
2686 2302 2921 2360 invicem
2970 2310 3158 2375 partes
3196 2301 3516 2358 animalium

228 2386 403 2458 ματός
438 2388 592 2439 ἐστιν
620 2384 796 2452 οὐσία,
828 2384 921 2439 καὶ
944 2384 1098 2439 οὐδὲν
1123 2384 1231 2438 τῶν
1254 2385 1489 2455 ἐχόντων
1517 2387 1575 2439 ὲν
1603 2385 1746 2458 ἄλλῳ
1768 2385 1829 2439 τὸ

1933 2386 2221 2455 differunt;
2261 2393 2483 2462 quando
2512 2392 2710 2448 animae
2739 2391 2907 2448 etiam
2935 2392 3275 2463 discrepant.
3320 2410 3339 2445 ι
3370 2390 3518 2446 Rur-

229 2475 377 2534 εἶναι
399 2494 416 2509 ο
448 2476 630 2531 ταῦτα
661 2476 771 2548 γὰρ
813 2474 1023 2545 γίνεται
1052 2475 1146 2529 καὶ
1172 2476 1489 2546 ἀπογίνεται
1531 2478 1699 2549 χωρὶς
1730 2477 1829 2548 τῆς

1933 2496 2027 2537 sus
2065 2482 2293 2539 ulterius
2322 2498 2654 2555 progressus
2699 2486 2755 2541 in
2800 2485 2991 2543 eodem
3031 2484 3173 2541 libro
3203 2484 3308 2540 hoc
3344 2484 3513 2540 etiam

222 2571 321 2627 τοῦ
348 2568 716 2641 ὑποκειμένου
747 2567 974 2639 φθορᾶς.
1007 2568 1119 2639 Τῆς
1143 2568 1199 2622 δὲ
1224 2568 1403 2641 ψυχῆς
1436 2569 1829 2642 χωριζομένης,

1933 2570 2181 2644 adiungit
2203 2587 2369 2645 super
2397 2575 2556 2631 simia
2589 2593 2605 2630 :
2640 2593 2660 2628 ι
2694 2573 2759 2629 Et
2789 2574 3015 2630 minime
3040 2572 3306 2645 oportuit,
3330 2588 3364 2627 ο
3386 2588 3519 2642 pru-

223 2665 287 2718 τὸ
310 2663 477 2734 σῶμα
507 2660 727 2724 πάντως
760 2657 1062 2730 φθείρεται.

1933 2663 2258 2722 dentissime
2282 2674 2573 2723 accusator
2602 2666 2835 2735 (diceret
2861 2674 3060 2722 natura
3085 2673 3139 2723 te
3160 2667 3351 2736 jocose
3380 2666 3515 2720 allo-

221 2751 702 2826 quens),animam
760 2749 1121 2806 animantium
1154 2749 1458 2823 perfectam
1511 2750 1696 2807 datam
1731 2766 1855 2809 esse
1889 2754 1957 2808 ad
2018 2758 2270 2827 corporis
2327 2756 2763 2814 fabricationem.
2795 2777 2815 2809 ι
2861 2755 2955 2813 Sic
3001 2756 3093 2813 ille
3136 2755 3518 2812 dill‘crentibns

220 2850 415 2923 specie
459 2845 789 2918 corporibus
839 2844 1159 2903 dill'erentes
1210 2847 1394 2904 inesse
1441 2846 1653 2903 animas
1714 2850 1992 2921 cognovit.
2049 2851 2230 2923 Atque
2270 2854 2388 2909 haec
2436 2853 2658 2925 quidem
2697 2854 2968 2910 hactenus
3008 2853 3077 2910 iis
3120 2852 3188 2911 de
3225 2852 3414 2907 rebus.
3458 2852 3516 2906 Si

223 2947 395 3018 igitur
428 2943 671 3000 animam
712 2955 890 3012 neque
923 2956 1126 3014 corpus
1166 2958 1313 3008 esse,
1382 2958 1562 3014 neque
1623 2954 1977 3015 concentum,
2028 2964 2210 3020 neque
2260 2951 2598 3019 mistionem,
2665 2967 2845 3022 neque
2912 2950 3082 3005 ullam
3112 2949 3276 3003 aliam
3338 2948 3517 3018 quali-

222 3051 397 3100 tatem
437 3046 819 3115 probavimus,
850 3053 1002 3118 patet
1034 3058 1102 3100 ex
1134 3042 1202 3098 iis
1231 3039 1474 3095 animam
1503 3040 1870 3097 substantiam
1901 3058 2026 3101 esse
2048 3046 2303 3116 corporis
2325 3055 2608 3118 expertem
2640 3064 2655 3101 :
2689 3062 2815 3103 nam
2861 3047 2916 3102 in
2953 3043 3210 3102 confesso
3248 3042 3522 3096 estomni-

225 3135 330 3193 bus
379 3153 507 3194 eam
551 3139 821 3196 exsistere
863 3157 875 3193 :
924 3150 1094 3203 quare
1135 3135 1181 3191 si
1230 3147 1410 3204 neque
1461 3147 1686 3202 corpus,
1744 3150 1924 3206 neque
1972 3139 2231 3195 accidens
2271 3144 2392 3204 est,
2436 3140 2791 3197 manifestum
2832 3148 2919 3196 est
2966 3140 3349 3209 incorporcam
3390 3152 3517 3192 esse

224 3230 624 3297 substantiam,
660 3239 717 3286 et
746 3230 885 3285 nihil
912 3242 1105 3285 eorum
1146 3240 1269 3298 quae
1295 3225 1350 3280 in
1379 3224 1487 3280 alio
1516 3239 1639 3280 esse
1676 3225 1911 3295 habent;
1945 3228 2063 3285 haec
2100 3230 2249 3286 enim
2276 3231 2499 3301 adsunt,
2528 3240 2583 3289 et
2616 3233 2818 3290 absunt
2851 3236 2971 3291 sine
2993 3231 3229 3302 subjecti
3254 3230 3513 3300 pernicie.

229 3322 337 3378 Sed
368 3322 559 3377 anima
586 3333 836 3393 separata
861 3324 1003 3393 perit
1033 3319 1260 3377 omnino
1288 3331 1512 3389 corpus.

297 3415 428 3480 Τοῖς
466 3416 654 3479 αὐτοῖς
705 3415 763 3470 δὲ
801 3415 1146 3486 χρησάμενον
1197 3411 1345 3466 ἐστιν
1398 3408 1677 3474 ἀποδεῖξαι
1727 3406 1826 3478 τὴν

2003 3406 2198 3464 Iisdem
2228 3422 2359 3464 vero
2396 3407 2701 3466 rationibus
2741 3408 2946 3465 utendo
2971 3410 3357 3468 demonstrare
3388 3411 3518 3469 licet

227 3505 407 3578 ψυχὴν
456 3506 731 3561 ἀθάνατον
774 3501 963 3561 οὖσαν.
1009 3505 1076 3559 El
1118 3502 1228 3575 γὰρ
1274 3502 1411 3574 μήτε
1461 3499 1625 3571 σῶμά
1655 3500 1823 3563 ἐστιν,

229 3598 369 3670 ὅπερ
434 3598 600 3669 φύσει
655 3596 904 3653 διαλυτὸν
961 3595 1173 3667 ἐδείχθη
1222 3595 1315 3649 καὶ
1363 3590 1599 3664 φθαρτὸν
1620 3631 1635 3657 ,
1689 3592 1826 3662 μήτε

236 3694 497 3765 ποιότης,
531 3693 671 3765 μήτε
717 3692 974 3763 ποσότης,
1019 3691 1155 3762 μήτε
1197 3688 1323 3744 ἄλλο
1363 3704 1417 3740 τι
1454 3687 1562 3740 τῶν
1611 3684 1825 3755 φθειρο-

240 3786 439 3855 μένων,
466 3784 711 3855 δηλονότι
742 3783 1011 3847 ἀθάνατός
1052 3785 1190 3837 ἐστι.
1222 3779 1424 3835 Πολλαλ⁸
1457 3778 1556 3851 μὲν
1584 3773 1678 3831 οὖν
1721 3778 1827 3830 είσι

238 3878 334 3949 τῆς
370 3877 669 3942 ἀθανασίας
694 3877 868 3947 αὐτῆς
909 3875 1212 3942 ἀποδείξεις
1233 3917 1248 3942 ,
1285 3873 1437 3946 παρά
1471 3890 1530 3927 τε
1580 3871 1827 3927 Πλάτωνι

240 3966 337 4018 καὶ
384 3967 499 4028 τοῖς
534 3964 711 4030 ἄλλοις
732 3982 749 3999 ·
789 3965 907 4020 ἀλλ’
959 3966 1163 4020 ἐκεῖναι
1214 3964 1315 4036 μὲν
1363 3963 1702 4035 περισκελεῖς
1733 3962 1827 4016 καὶ

241 4056 663 4128 δυσκατανόητοι
683 4096 702 4122 ,
737 4058 834 4112 καὶ
870 4058 1021 4128 μόλις
1050 4060 1165 4122 τοῖς
1195 4054 1650 4129 ἑντεθραμμένοις
1681 4053 1824 4107 ὲκεί-

244 4164 367 4211 ναις
390 4150 506 4213 ταῖς
536 4151 864 4221 ἐπιστήμαις
899 4151 1199 4224 γνώριμοι·
1230 4151 1364 4223 ἡμῖν
1409 4149 1467 4202 δὲ
1500 4148 1660 4219 ἀρκεῖ
1691 4146 1828 4219 πρὸς

246 4239 513 4305 ἀπόδειξιν
542 4240 646 4312 τῆς
675 4241 976 4306 ἀθανασίας
1006 4244 1200 4314 αὐτῆς,
1236 4246 1270 4314 ἡ
1307 4240 1416 4295 τῶν
1444 4240 1603 4296 θείων
1635 4239 1828 4309 λογίων

244 4333 577 4400 διδασκαλία,
625 4336 687 4388 τὺ
732 4335 923 4390 πιστὸν
972 4337 1060 4405 ἐφ’
1108 4336 1309 4405 ἑαυτῆς
1361 4334 1581 4406 ἔχουσα,
1633 4331 1721 4385 διὰ
1766 4330 1828 4385 τὺ

248 4423 595 4491 θεόπνευστος
626 4419 788 4481 εἶναι.
823 4425 970 4499 Πρὸς
1002 4426 1061 4480 δὲ
1091 4427 1219 4491 τοὺς
1254 4424 1330 4497 μὴ
1360 4422 1829 4495 καταδεχομένους

250 4518 323 4571 τὰ
354 4518 453 4572 τῶν
491 4520 832 4591 Χριστιανῶν
876 4519 1142 4591 δόγματα,
1180 4520 1341 4592 ἀρκεῖ
1384 4517 1448 4572 τὺ
1493 4518 1657 4590 μηδὲν
1689 4512 1827 4570 εἶναι

249 4610 355 4682 τὴν
378 4611 682 4684 ψυχὴντῶν
707 4612 1080 4685 φθειρομένων
1101 4611 1401 4676 ἀποδείξαι.
1432 4610 1494 4663 El
1522 4608 1634 4680 γὰρ
1662 4606 1828 4679 μηδέν

254 4704 375 4755 tm
402 4704 505 4759 τῶν
538 4705 936 4778 φθειρομένων,
985 4705 1100 4759 ἐστι
1136 4706 1195 4759 δὲ
1235 4703 1532 4774 ἄφθαρτος,
1580 4701 1696 4755 ἔστι
1734 4700 1828 4754 καὶ

255 4792 547 4859 θάνατος·
585 4793 729 4849 ὥστε
777 4794 937 4849 τοῦτο
978 4795 1076 4865 μὲν
1119 4794 1435 4866 ἀρκούντως
1484 4792 1607 4864 ἔχον
1653 4808 1830 4863 παρα-

254 4883 508 4941 λειπτέον.
525 4887 794 4960 Ζητητέον
810 4886 869 4941 δὲ
892 4887 1008 4950 πῶς
1028 4886 1207 4958 ψυχῆς
1235 4884 1329 4941 καὶ
1351 4886 1600 4957 σώματος
1619 4882 1828 4956 ἀψύχου

258 4974 458 5042 γίνεται
498 4980 728 5045 ἔνιικιις⁹
776 4978 981 5051 ἄπορον
1025 4979 1136 5051 γὰρ
1168 4978 1229 5034 τὸ
1258 4980 1493 5050 πρᾶγμα
1516 4993 1533 5009 ο
1567 4978 1615 5031 εί
1650 4976 1708 5030 δὲ
1752 4974 1828 5049 μὴ

263 5067 419 5138 μόνον
440 5073 498 5125 ἑκ
524 5072 752 5135 τούτων,
777 5071 916 5125 ἀλλὰ
945 5072 1042 5127 καὶ
1072 5071 1167 5126 τοῦ
1199 5070 1292 5125 νοῦ
1325 5070 1654 5141 συνέστηκεν
1680 5069 1710 5121 ό
1737 5068 1830 5123 ἄν-

262 5157 497 5229 εει-ηας.
551 5165 629 5229 ὡς
681 5159 834 5219 εἰπόν
874 5181 1052 5229 τινες,
1103 5161 1182 5219 ἔτι
1238 5161 1399 5217 πλέον
1452 5160 1822 5233 ἀπορώτερον.

266 5252 438 5309 Πάντα
478 5257 583 5330 γὰρ
614 5257 683 5311 τὰ
730 5257 980 5311 συνιόντα
1019 5257 1100 5320 εἰς
1141 5255 1271 5326 μιᾶς
1311 5254 1498 5317 οὐσίας
1532 5252 1828 5307 ὑπόστασιν

271 5345 472 5414 τὲως
503 5348 718 5405 ἑνοῦται
737 5365 753 5382 ο
785 5349 963 5403 πάντα
996 5346 1055 5403 δὲ
1089 5347 1159 5402 τὰ
1201 5345 1468 5418 ἑνούμενα
1499 5343 1825 5409 ἀλλοιοῦται,

270 5435 362 5487 καὶ
385 5439 439 5491 οὐ
469 5439 618 5510 μένει
655 5439 693 5494 ἃ
722 5438 988 5511 πρότερον
1016 5432 1085 5509 ἦν
1103 5478 1117 5500 .
1162 5436 1241 5501 ὡς
1286 5435 1380 5490 ἐπὶ
1408 5434 1519 5490 τῶν
1551 5435 1830 5506 στοιχείων

271 5524 607 5601 δειχθήσεται·
639 5530 907 5586 ἑνωθένια
942 5529 1054 5602 γὰρ
1081 5529 1210 5586 ἄλλο
1241 5547 1296 5584 τι
1324 5528 1538 5599 γέγονε.
1568 5528 1692 5593 Πῶς
1715 5523 1830 5594 οὖν,

275 5618 329 5667 τε
356 5619 408 5671 τι
434 5620 587 5693 σῶμα
628 5622 907 5693 ἡνωμένον
949 5625 1016 5695 τῇ
1049 5622 1197 5695 ψυχῇ
1242 5621 1323 5676 ετι
1367 5621 1519 5694 μένει
1563 5620 1754 5693 σῶμα,
1794 5618 1828 5693 ἢ

278 5710 424 5762 πῦιν
442 5714 472 5783 ἡ
490 5712 637 5785 ψυχὴ
672 5712 958 5785 ἀσώματος
985 5709 1121 5769 οὖσα
1146 5713 1242 5768 καὶ
1267 5712 1533 5783 οὐσιώδης
1559 5710 1680 5767 καθ’
1703 5710 1832 5765 ἐαυ-

280 5794 392 5864 κήκ
430 5805 537 5869 πῶς
582 5803 798 5862 ἑνοῦται
843 5804 1086 5876 σώματι,
1134 5806 1230 5862 καὶ
1278 5806 1440 5879 μέρος
1481 5805 1690 5876 γίνεται
1734 5801 1829 5858 τοῦ

1930 3501 2167 3556 animam
2192 3500 2555 3557 immortalem
2581 3516 2725 3557 esse.
2744 3500 2877 3556 Nam
2909 3501 3154 3575 sineque
3180 3518 3383 3575 corpus
3405 3512 3512 3571 est,

1928 3592 2073 3664 quod
2086 3592 2303 3664 quidem
2317 3604 2511 3649 natura
2529 3593 2851 3651 dissolubile
2888 3604 2943 3651 et
2962 3596 3230 3653 caducum
3248 3612 3375 3655 esse
3394 3612 3517 3669 pro-

1928 3685 2115 3741 batum
2138 3694 2259 3752 est;
2287 3702 2465 3758 neque
2489 3687 2750 3759 qualitas,
2786 3705 2967 3760 neque
2997 3692 3302 3761 quantitas,
3335 3707 3515 3762 neque

1930 3778 2080 3833 aliud
2106 3778 2387 3850 quidpiam
2421 3794 2615 3835 eorum
2655 3795 2780 3851 qua
2812 3780 3029 3851 fragilia
3053 3790 3109 3837 et
3138 3782 3517 3852 corruptibilia

1929 3875 2082 3932 sunt,
2126 3867 2381 3924 videlicet
2421 3870 2750 3928 immortalis
2798 3879 2904 3939 est,
2940 3888 3007 3929 ac
3054 3875 3239 3929 multae
3270 3873 3515 3945 profecto

1930 3970 2061 4016 sunt
2099 3960 2532 4017 immortalitatis
2586 3962 2763 4033 ipsius
2818 3962 3322 4021 demonstrationes
3370 3962 3516 4036 apud

1929 4051 2211 4110 Platonem
2241 4064 2296 4111 et
2324 4054 2500 4119 alios;
2532 4055 2628 4111 sed
2666 4055 2771 4110 illa:
2796 4070 2954 4125 aequo
2989 4058 3290 4126 longiores,
3318 4065 3373 4112 et
3400 4072 3520 4127 per-

1930 4152 2090 4214 ceptu
2138 4143 2387 4200 dilliciles
2424 4154 2595 4200 sunt:
2631 4153 2686 4199 et
2720 4146 2806 4201 vix
2854 4146 2922 4202 iis
2952 4148 3046 4217 qui
3072 4148 3288 4204 educati
3320 4156 3452 4205 sunt
3485 4165 3518 4204 a

1931 4236 2137 4292 teneris
2176 4236 2230 4290 in
2259 4236 2508 4291 scientiis
2543 4236 2880 4305 huiusmodi,
2925 4240 3163 4310 cognita:
3201 4250 3257 4296 et
3293 4256 3518 4311 perspe-

1929 4336 2069 4395 ctaa;
2110 4328 2271 4383 nobis
2297 4341 2428 4383 vero
2463 4328 2529 4382 ad
2568 4328 3097 4407 demonstrationem
3131 4321 3516 4388 immortalita-

1930 4420 2002 4476 tis
2023 4420 2197 4491 ipsins
2223 4420 2358 4475 satis
2388 4435 2666 4492 superque
2705 4431 2790 4479 est
2815 4423 3134 4482 divinorum
3157 4427 3516 4482 oraculorum

1930 4513 2201 4577 doctrina,
2238 4529 2361 4585 qua:
2382 4514 2436 4569 in
2471 4529 2532 4570 se
2564 4516 2692 4572 ﬁdei
2732 4516 2997 4574 faciendae
3025 4519 3134 4575 vim
3172 4519 3360 4587 habet,
3394 4520 3518 4576 ideo

1930 4604 2077 4677 quod
2109 4620 2138 4659 a
2168 4605 2278 4660 Deo
2308 4605 2580 4676 inspirata
2613 4616 2718 4663 est.
2762 4608 2836 4665 lis
2875 4624 3006 4665 vero
3037 4611 3131 4681 qui
3171 4627 3283 4665 non
3320 4612 3518 4666 admit-

1932 4703 2055 4750 tunt
2104 4695 2547 4751 Christianorum
2596 4696 2842 4764 decreta,
2896 4697 3096 4755 sufficit
3136 4699 3520 4756 demonstrare

1935 4785 2176 4840 animam
2232 4786 2368 4841 nihil
2419 4802 2544 4844 esse
2588 4802 2780 4845 eorum
2833 4805 2954 4860 quae
3000 4800 3248 4861 pereunt.
3294 4789 3430 4846 Nam
3470 4792 3517 4847 si

1932 4880 2070 4935 nihil
2097 4889 2181 4936 est
2211 4894 2394 4935 rerum
2440 4882 2809 4951 pereuntium,
2845 4890 2931 4938 est
2967 4883 3132 4939 etiam
3175 4884 3515 4953 incorrupta,

1932 4972 2233 5043 eademque
2275 4972 2623 5029 immortalis.
2654 4972 3026 5041 Quamobrem
3066 4974 3170 5029 hoc
3203 4974 3349 5045 quod
3385 4972 3522 5028 satis

1932 5065 2366 5120 demonstratum
2427 5072 2549 5129 est,
2611 5065 3092 5136 praetereundum;
3160 5064 3520 5137 qumrendum

1933 5164 2116 5212 autem
2141 5165 2231 5212 est
2268 5171 2377 5227 qua
2406 5155 2625 5213 ratione
2660 5157 2859 5213 anima:
2908 5166 2963 5215 et
2992 5159 3245 5228 corporis
3290 5154 3522 5212 inanimi

1936 5254 2085 5301 arcta
2120 5245 2176 5300 in
2205 5261 2375 5300 unum
2420 5245 2745 5317 conjunctio
2778 5246 2900 5314 fiat;
2935 5256 3294 5304 controversa
3323 5245 3523 5315 quippe

1936 5354 2025 5396 res
2053 5344 2159 5394 est.
2192 5336 2349 5404 Quod
2396 5337 2442 5394 si
2485 5353 2598 5394 non
2631 5344 2847 5394 tantum
2888 5354 2955 5395 ex
3000 5338 3093 5403 iis,
3127 5337 3226 5395 sed
3257 5338 3424 5394 etiam
3454 5353 3523 5393 ex

1937 5436 2125 5485 mente
2151 5435 2373 5484 constat
2413 5428 2604 5494 homo,
2651 5437 2711 5484 ut
2740 5429 2963 5499 quidam
2999 5429 3280 5496 dixerunt,
3340 5429 3525 5486 adhuc

1936 5521 2223 5579 incertius.
2294 5520 2403 5577 Sed
2450 5521 2596 5577 enim
2649 5523 2834 5576 omnia
2882 5537 3005 5594 qum
3053 5523 3389 5579 conveniunt
3451 5519 3522 5576 ad

1937 5616 2101 5672 unius
2146 5613 2402 5671 essentia
2455 5613 2893 5676 subsistentiam,
2939 5629 3170 5686 prorsus
3213 5616 3516 5670 uniuntur:

1936 5708 2086 5780 atqui
2128 5706 2313 5762 omnia
2344 5706 2500 5763 unita
2545 5706 2856 5770 variantur.
2906 5723 3007 5764 nec
3057 5709 3113 5765 in
3144 5708 3336 5765 eodem
3371 5711 3521 5761 statu

1935 5806 2180 5871 manent,
2211 5800 2266 5857 in
2295 5814 2405 5871 quo
2438 5799 2592 5874 prius
2625 5808 2801 5869 erant,
2838 5809 2898 5859 ut
2931 5802 2986 5859 in
3016 5802 3307 5859 clementis
3337 5802 3519 5853 osten-
