4008 6210
286 277 395 353 ιιι-ι

1749 297 1836 352 DE
1871 298 2109 354 ANIMA.

3449 300 3556 356 ‘2l3

293 414 401 484 τὴν
441 413 680 484 χωρίζει,
724 413 819 468 καὶ
865 413 986 468 καθ’
1033 415 1234 486 ἑαυτὴν
1273 416 1538 485 γίγνεται,
1584 417 1669 470 ἵνα
1714 415 1887 480 οὕτως

1993 423 2214 471 ιιιιιιιιυε
2268 414 2494 471 allectus
2542 415 2780 471 declarat
2825 433 2837 469 ι
2889 415 3089 472 etenim
3135 419 3308 469 totum
3359 416 3558 470 animal

296 506 561 577 ἐπιϐάλλῃ
616 508 729 570 τοῖς
777 502 929 560 οὖσιν
956 524 970 538 ·
1025 507 1316 579 ἀσώματος
1365 509 1472 581 γὰρ
1524 505 1658 563 οὖσα
1711 509 1884 562 διόλου

295 594 635 665 κεχώρηκεν,
671 596 747 659 ὡς
778 597 849 649 τὰ
883 598 1301 670 συνεφθαρμένα
1322 614 1335 628 ⁸
1370 600 1605 671 μένουσα
1632 600 1884 670 ἀδιάφθο-

293 702 388 755 ρος
423 685 520 737 καὶ
549 685 874 756 ἀσύγχυτος,
911 691 1006 743 καὶ
1037 689 1158 743 καθ’
1185 691 1382 761 ἑαυτὴν
1423 692 1758 756 ὲνδιάζουσα,
1795 687 1898 746 καῖ

231 798 242 805 ν
291 778 350 829 ἐν
380 771 465 840 οἷς
496 777 565 830 ἂν
590 778 815 848 γένηται
843 779 1120 850 τρέπουσα
1149 782 1332 834 ἐκεῖνα
1359 781 1499 835 κατὰ
1534 783 1632 853 τὴν
1665 784 1723 836 ὲν
1749 784 1884 854 αὐτῇ

291 867 462 938 ζωὴν,
521 868 613 920 καὶ
664 868 738 940 μὴ
775 871 1082 941 τρεπομένη
1138 872 1230 925 ὑπ’
1277 873 1518 926 ἐκείνων.
1577 876 1664 938 Ὡς
1705 874 1814 946 γὰρ
1859 877 1888 928 δ

289 959 448 1029 ἥλιος
475 963 543 1030 τῇ
570 961 674 1032 ἰδίᾳ
696 963 969 1033 παρουσίᾳ
990 963 1156 1018 αὑτοῦ
1184 964 1276 1018 τὸν
1299 965 1440 1036 ἀέρα
1467 968 1546 1028 είς
1571 965 1688 1034 φῶς
1720 983 1886 1036 μετα-

292 1049 507 1114 ϐάλλει,
545 1052 714 1103 ποιῶν
753 1053 915 1106 αὑτὸν
949 1055 1232 1124 φωτοειδῆ,
1263 1056 1356 1108 καὶ
1398 1055 1612 1110 ἑνοῦται
1655 1055 1732 1125 τῷ
1764 1057 1886 1125 ἀέρι

292 1138 354 1190 τὸ
388 1137 530 1206 φῶς,
567 1141 886 1209 ἀσυγχύτως
919 1141 1036 1210 ἅμα
1066 1142 1214 1214 αὐτῷ
1246 1144 1570 1213 κεχυμένον·
1601 1145 1693 1197 τὸν
1725 1145 1888 1199 αὑτὸν

291 1230 498 1299 τρόπον
561 1232 656 1284 καὶ
705 1234 740 1302 ἡ
791 1232 936 1304 ψυχὴ
999 1235 1261 1306 ένουμένη
1321 1236 1399 1306 τῷ
1464 1235 1676 1308 σώματι
1735 1238 1886 1307 μένει

290 1322 624 1390 ἀσύγχυτος,
650 1323 789 1376 κατὰ
810 1325 970 1378 τοῦτο
1003 1326 1162 1394 μόνον
1188 1326 1593 1390 διαλλάττουσα,
1620 1329 1702 1381 ὅτι
1731 1331 1758 1380 ὁ
1787 1328 1887 1397 μὲν

290 1414 449 1482 ἣλιος
482 1414 640 1484 σῶμα
669 1416 762 1478 ῶν,
799 1421 893 1470 καὶ
928 1419 1078 1489 τόπῳ
1117 1421 1611 1490 περιγραφόμενος,
1641 1421 1740 1474 οὐκ
1772 1421 1886 1474 ἔστι

292 1503 575 1573 πανταχοῦ
621 1504 748 1558 ἔνθα
791 1508 882 1558 καὶ
917 1507 978 1558 τὸ
1013 1508 1128 1577 φῶς
1161 1509 1350 1572 αὑτοῦ,
1395 1511 1468 1572 ὡς
1504 1511 1623 1564 οὐδὲ
1651 1511 1712 1563 τὸ
1745 1511 1882 1582 πῦρ·

295 1596 450 1664 μένει
500 1597 611 1666 γὰρ
641 1597 736 1649 xa‘t
779 1597 911 1650 αὐτὸ
950 1601 1007 1651 έν
1052 1603 1166 1663 τοῖς
1214 1601 1410 1665 ξύλοις,
1456 1601 1490 1670 ἢ
1524 1603 1582 1654 ὲν
1611 1601 1886 1672 θρυαλλίδι

289 1687 599 1758 δεῶμένον,
635 1689 712 1752 ὼς
750 1691 806 1742 ὲν
835 1691 987 1762 τόπῳ
1011 1707 1024 1720 ·
1056 1694 1088 1763 ἡ
1121 1693 1178 1746 δὲ
1207 1692 1354 1763 ψυχὴ
1385 1693 1677 1764 ἀσώματος
1708 1689 1879 1759 οὖσα,

1989 506 2199 575 sibiipsi
2250 507 2614 576 compatitur,
2663 523 2786 561 cum
2834 523 3002 562 unum
3034 507 3148 563 sit:
3199 506 3344 578 quod
3376 517 3558 562 autem

1990 612 2100 650 non
2146 595 2438 649 confusum
2475 605 2712 659 maneat,
2757 612 2822 650 ex
2870 613 2935 652 eo
2982 606 3150 666 patet,
3185 599 3331 667 quod
3378 600 3562 652 anima

1988 686 2392 756 quodammodo
2442 695 2694 756 separata
2732 703 2761 740 a
2812 703 3044 757 corpore
3093 690 3146 741 in
3180 690 3390 744 somnis
3434 697 3561 742 tau-

1989 792 2151 848 quam
2186 777 2417 832 cadaver
2445 777 2718 847 quoddam
2753 782 2930 848 ipsum
2959 779 3320 848 derelinquat,
3353 795 3416 833 ac
3440 787 3563 833 tan-

1989 877 2101 923 tum
2132 869 2352 924 exhalet
2384 870 2489 939 ipsi
2521 871 2708 934 vitam,
2746 879 2806 924 ut
2848 885 2958 924 non
2992 870 3215 924 omnino
3263 879 3470 940 pereat,
3511 880 3565 924 et

1989 978 2084 1033 per
2117 977 2196 1024 se,
2227 961 2356 1014 dum
2387 963 2616 1031 sopitur,
2647 969 2928 1034 operetur,
2977 963 3275 1017 divinando
3305 962 3448 1032 quod
3480 963 3565 1016 fu-

1989 1063 2174 1108 turum
2220 1061 2340 1120 est,
2395 1065 2450 1109 et
2496 1055 2563 1109 ad
2609 1055 2977 1126 intelligibilia
3023 1054 3358 1109 accedendo.
3420 1053 3564 1109 ldem

1989 1161 2207 1216 quoque
2232 1162 2333 1200 usu
2370 1147 2520 1202 venit
2547 1150 2710 1203 etiam
2727 1163 2849 1202 cum
2870 1145 3249 1202 consideratur
3266 1147 3470 1216 aliquid
3500 1162 3567 1201 ex

1991 1238 2424 1306 intelligibilibus
2462 1257 2475 1293 :
2506 1247 2637 1292 tunc
2653 1239 2821 1304 enim,
2854 1238 3035 1309 quoad
3066 1238 3189 1309 ejus
3219 1238 3333 1293 ﬁeri
3366 1245 3564 1308 potest,

1990 1344 2108 1384 sea
2140 1344 2371 1398 corpore
2413 1329 2672 1400 sejungit,
2708 1337 2762 1384 et
2813 1331 2897 1386 sui
2946 1329 3088 1401 juris
3137 1329 3217 1394 ﬁt,
3270 1337 3331 1384 ut
3372 1330 3452 1385 sic
3500 1329 3568 1383 iis

1989 1438 2112 1491 quae
2137 1429 2284 1484 sunt,
2325 1421 2625 1476 incumbat.
2657 1420 2789 1476 Nam
2825 1437 2948 1476 cum
2993 1424 3313 1492 incorporea
3348 1422 3440 1482 sit,
3471 1436 3570 1492 per

1990 1519 2161 1566 totum
2189 1513 2514 1580 penetravit,
2541 1527 2636 1583 per
2658 1527 2720 1567 ea
2745 1528 2864 1582 qua:
2887 1519 3316 1582 corrumpuntur
3342 1525 3570 1565 manens

1992 1603 2314 1673 incorrupta
2340 1610 2394 1658 et
2425 1621 2531 1658 non
2556 1604 2811 1668 confusa,
2844 1614 2899 1660 et
2925 1621 3022 1674 per
3049 1620 3108 1660 se
3129 1605 3330 1675 degens
3355 1621 3370 1669 ;
3405 1613 3571 1673 atque

1992 1693 2086 1747 illa
2121 1709 2244 1748 cum
2277 1695 2477 1763 quibus
2504 1703 2762 1750 versatur
2789 1702 2986 1754 mutat,
3019 1701 3074 1748 et
3103 1693 3169 1746 ad
3213 1693 3381 1745 vitam
3415 1705 3570 1747 suam

293 1783 392 1834 καὶ
427 1781 504 1852 μὴ
537 1785 991 1856 περιγραφομένη
1021 1785 1193 1855 τόπῳ,
1219 1785 1314 1856 ὅλη
1341 1785 1408 1838 δι’
1433 1785 1554 1838 ὅλου
1578 1789 1759 1857 χωρεῖ,
1791 1787 1884 1838 καὶ

1993 1783 2320 1847 conformat,
2357 1799 2458 1838 nec
2493 1785 2562 1837 ab
2619 1785 2728 1840 illis
2778 1792 3040 1838 mutatur.
3090 1782 3247 1837 Sicut
3287 1781 3432 1836 enim
3487 1781 3572 1835 sol

291 1873 387 1926 τοῦ
420 1874 598 1942 φωτὸς
631 1875 801 1945 αὐτῆς
827 1877 921 1928 καὶ
956 1875 1051 1929 τοῦ
1081 1877 1362 1946 σώματος·
1393 1878 1488 1930 καὶ
1513 1877 1613 1930 οὐκ
1647 1878 1760 1930 ἐστι
1791 1877 1887 1947 μέ-

295 1982 391 2035 ρος
422 1966 791 2036 φωτιζόμενον
822 1967 912 2020 ὑπ’
943 1968 1130 2038 αὐτῆς,
1161 1970 1221 2021 ἐν
1263 1961 1307 2036 ᾧ
1353 1968 1426 2039 μὴ
1456 1968 1549 2039 ὅλη
1588 1968 1849 2040 πάρεστιν
1869 1985 1882 1998 ·

290 2057 354 2107 οὐ
379 2055 495 2126 γὰρ
519 2059 806 2125 κρατεῖται
835 2057 940 2110 ὑπὸ
962 2057 1056 2110 τοῦ
1083 2057 1353 2128 σώματος,
1389 2059 1502 2113 ἀλλ’
1533 2059 1673 2129 αὐτὴ
1697 2061 1889 2131 κρατεί

289 2147 354 2198 τὸ
396 2145 593 2216 σῶμα·
637 2147 758 2200 οὐδὲ
797 2149 855 2200 ὲν
891 2148 968 2219 τῷ
1008 2148 1218 2219 σώματί
1259 2151 1428 2214 ἐστιν,
1467 2151 1542 2214 ὡς
1577 2151 1636 2202 έν
1680 2150 1888 2220 ἀγγείῳ

290 2241 324 2309 ἢ
375 2239 568 2310 ἀσκῷ,
607 2240 744 2294 ἀλλὰ
775 2242 974 2311 μᾶλλον
1009 2242 1070 2295 τὸ
1109 2241 1267 2312 σῶμα
1301 2244 1358 2296 ἐν
1406 2243 1601 2315 ταύτῃ.
1641 2243 1732 2312 Μὴ
1777 2261 1886 2296 κω-

289 2331 538 2402 λυόμενα
579 2331 689 2404 γὰρ
725 2333 831 2386 ὑπὸ
857 2332 966 2386 τῶν
1001 2335 1268 2404 σωμάτων
1303 2335 1370 2388 τὰ
1409 2336 1596 2407 νοητὰ,
1639 2336 1772 2388 ἀλλὰ
1799 2334 1889 2388 διὰ

291 2425 502 2488 παντὸς
565 2424 819 2494 σώματος
880 2425 1160 2496 χωροῦντα
1209 2427 1302 2480 καὶ
1355 2427 1743 2495 διαφοιτῶντα,
1795 2428 1888 2479 καὶ

289 2515 586 2582 διεξιόντα,
612 2516 712 2585 οὐχ
735 2509 828 2569 οἷὰ
852 2515 912 2568 τέ
943 2518 1090 2569 ἐστιν
1124 2517 1228 2570 ὑπὸ
1256 2516 1365 2569 τῶν
1403 2516 1732 2586 σωματικῶν
1758 2533 1889 2570 κατ-

289 2605 520 2678 έχεσθαι
543 2622 558 2637 ·
593 2607 758 2675 νοητὰ
800 2607 908 2677 γὰρ
939 2607 1069 2660 ὄντα
1107 2608 1164 2661 ὲν
1189 2611 1300 2671 τοῖς
1344 2612 1552 2675 νοητοῖς
1581 2610 1672 2663 καὶ
1701 2610 1888 2672 τόποις

290 2697 456 2752 εἰσίν.
518 2699 586 2751 Ἦ
628 2697 737 2768 γὰρ
779 2700 837 2750 ὲν
887 2699 1088 2763 αὐτοῖς,
1139 2697 1172 2768 ἢ
1218 2699 1275 2750 ὲν
1315 2701 1428 2761 τοῖς
1475 2698 1890 2768 ὑπερκειμένοις

291 2793 548 2858 νοητοῖς·
576 2788 653 2852 ὠς
678 2789 825 2861 ψυχὴ
866 2791 994 2843 ποτὲ
1050 2789 1150 2859 μὲν
1191 2791 1247 2841 ὲν
1283 2784 1450 2860 ἑαυτῇ
1484 2792 1648 2854 ἐστιν,
1693 2790 1768 2852 ὼς
1801 2790 1888 2842 ὅτε

289 2879 593 2948 λογίζεται,
635 2881 767 2934 ποτὲ
795 2881 852 2934 δὲ
885 2883 943 2934 ἐν
973 2881 1049 2951 τῷ
1075 2881 1170 2952 νῷ,
1207 2882 1332 2935 ὅταν
1359 2885 1472 2952 νοῇ.
1519 2882 1685 2934 Ἐπὰν
1712 2876 1804 2935 οὖν
1832 2884 1890 2934 ἐν

291 2974 519 3043 σώματι
547 2975 760 3042 λέγεται
792 2969 954 3038 εἶναι,
986 2975 1084 3044 οὐχ
1107 2974 1182 3038 ὡς
1209 2977 1266 3028 ὲν
1290 2974 1442 3044 τόπῳ
1470 2974 1550 3044 τῷ
1577 2974 1785 3045 σώματι
1812 2973 1890 3025 λέ-

284 3084 461 3135 γεται
491 3062 651 3132 εἶναι,
682 3067 798 3119 ἀλλ’
832 3067 908 3130 ὡς
936 3070 995 3121 ὲν
1028 3067 1230 3139 σχέσει,
1263 3068 1357 3121 καὶ
1388 3071 1454 3138 τῇ
1490 3069 1624 3138 πρός
1665 3085 1718 3121 τι
1749 3069 1886 3138 ῥοπῇ

1992 1877 2280 1944 praesentia
2307 1889 2404 1930 sua
2428 1890 2606 1930 aerem
2638 1876 2887 1929 immutat
2919 1876 2970 1928 in
3005 1875 3200 1937 lucem,
3229 1873 3356 1928 dum
3389 1873 3571 1943 ipsum

1993 1970 2172 2024 reddit
2205 1971 2561 2032 luminosum,
2602 1978 2768 2038 atque
2801 1969 2913 2023 aeri
2953 1970 3042 2022 lux
3075 1969 3264 2021 unitur
3310 1968 3430 2021 sine
3464 1966 3570 2019 ulla

1993 2061 2316 2115 confusione
2341 2076 2464 2114 cum
2495 2062 2614 2130 ipso
2645 2061 2763 2116 fusa
2790 2080 2804 2114 :
2828 2059 3015 2114 eodem
3044 2067 3192 2113 certe
3222 2058 3383 2112 modo
3403 2056 3570 2111 etiam

1994 2154 2174 2206 anima
2207 2153 2423 2224 corpori
2455 2155 2606 2207 unita
2655 2162 2835 2207 manet
2871 2153 3184 2214 inconfusa,
3222 2151 3273 2204 in
3323 2150 3426 2204 hoc
3462 2165 3572 2204 uno

1994 2246 2338 2314 discrepans,
2373 2245 2519 2314 quod
2559 2245 2641 2300 sol
2691 2260 2815 2298 cum
2852 2245 2923 2298 sit
2965 2259 3191 2313 corpus,
3223 2252 3277 2297 et
3309 2242 3430 2295 loco
3457 2240 3572 2294 cir-

1995 2337 2390 2406 cumscriptus,
2421 2351 2531 2390 non
2569 2344 2653 2390 est
2677 2337 2992 2404 ubicunque
3023 2335 3111 2387 lux
3147 2333 3346 2404 ipsius,
3381 2339 3440 2386 ut
3472 2347 3573 2387 nec

1996 2429 2088 2482 ubi
2125 2427 2287 2496 ignis.
2325 2426 2610 2496 Siquidem
2658 2435 2840 2480 manet
2885 2427 3046 2481 etiam
3085 2426 3137 2478 in
3170 2425 3350 2494 lignis,
3397 2424 3572 2477 autin

1994 2520 2269 2590 ellychnio
2312 2519 2596 2580 astrictus,
2632 2530 2690 2571 ut
2724 2519 2776 2572 in
2810 2518 2966 2580 loco;
3016 2526 3071 2570 at
3109 2532 3238 2570 vero
3268 2517 3448 2569 anima
3488 2517 3573 2568 iu-

1995 2625 2262 2681 corporea
2299 2625 2421 2663 cum
2452 2610 2546 2670 sit,
2583 2619 2637 2664 et
2667 2609 2815 2662 nullo
2845 2609 3262 2676 circumscripta
3289 2607 3432 2667 loco,
3460 2615 3572 2660 tota

1995 2720 2092 2772 per
2125 2711 2296 2756 totum
2332 2709 2601 2773 penetrat,
2655 2710 2769 2753 tum
2825 2715 2922 2769 per
2970 2700 3150 2753 lumen
3207 2698 3403 2766 ipsius,
3455 2705 3572 2750 tum

1997 2811 2091 2865 per
2115 2811 2315 2866 corpus
2350 2814 2363 2848 :
2395 2811 2494 2850 uec
2525 2796 2632 2849 ulla
2663 2811 2788 2864 pars
2824 2803 2908 2849 est
2938 2795 3006 2846 ab
3038 2794 3154 2862 ipsa
3188 2793 3485 2854 illustrata,
3517 2795 3573 2846 in

1995 2902 2102 2955 qua
2128 2901 2236 2941 non
2274 2895 2383 2940 tota
2413 2885 2554 2940 adsit
2581 2902 2594 2937 :
2630 2902 2736 2938 nun
2767 2884 2911 2939 enim
2944 2899 2974 2936 a
3007 2898 3242 2952 corpore
3274 2881 3572 2944 detinetur,

1997 2980 2089 3033 sed
2122 2979 2239 3048 ipsa
2269 2993 2474 3047 corpus
2505 2985 2652 3030 arcet
2705 2985 2759 3030 et
2808 2975 2984 3045 regit;
3042 2989 3218 3042 neque
3249 2973 3301 3026 in
3345 2985 3576 3042 corpore

1996 3078 2081 3124 est
2111 3080 2170 3124 ut
2204 3070 2258 3124 in
2294 3085 2443 3133 vase,
2477 3078 2571 3122 aut
2600 3077 2757 3134 utre;
2800 3067 2893 3122 sed
2920 3081 3121 3136 corpus
3161 3065 3343 3134 potius
3386 3066 3438 3118 in
3467 3080 3528 3118 ea
3558 3081 3571 3114 :

285 3165 398 3218 καὶ
428 3162 667 3216 διαθέσει
713 3161 957 3215 δεδέσθαι
1005 3162 1185 3232 φαμὲν
1233 3163 1337 3215 ὑπὸ
1381 3161 1475 3216 τοῦ
1511 3161 1761 3231 σώματος
1797 3162 1887 3232 τὴν

2001 3180 2124 3218 cum
2155 3165 2299 3218 enim
2337 3180 2366 3217 a
2401 3161 2728 3232 corporibus
2759 3175 2868 3214 non
2918 3158 3288 3228 impediantur
3313 3157 3577 3225 intelligi--

284 3253 502 3322 ψυχὴν,
544 3252 618 3315 ὡς
645 3252 877 3321 λέγομεν
907 3252 1010 3304 ὑπὸ
1047 3253 1146 3322 τῆς
1197 3251 1479 3322 ἐρωμένης
1523 3251 1764 3304 δεδέσθαι
1802 3250 1892 3304 τὸν

288 3344 574 3414 ἐραστὴν,
607 3343 668 3394 οὑ
705 3341 1053 3410 σωματικῶς,
1093 3342 1213 3394 οὐδὲ
1264 3342 1538 3405 τοπικῶς,
1574 3341 1710 3395 ἀλλὰ
1753 3341 1893 3395 κατὰ

289 3434 511 3503 σχέσιν.
578 3433 872 3504 Ἀμέγεθες
916 3434 1024 3506 γὰρ
1062 3434 1122 3486 ὃν
1165 3435 1258 3488 καὶ
1299 3435 1498 3502 ἄογκον
1536 3434 1630 3486 καὶ
1665 3433 1888 3504 ἀμερὲς,

288 3526 403 3593 τῆς
435 3525 574 3580 κατὰ
611 3527 776 3596 μέρος
805 3527 1031 3595 τοπικῆς
1069 3527 1416 3598 περιγραφῆς
1449 3525 1698 3598 κρεῖττόν
1734 3527 1850 3578 ἐστι
1874 3541 1888 3556 ·

290 3617 361 3668 τὸ
393 3616 502 3685 γὰρ
537 3617 612 3686 μὴ
639 3617 760 3689 ἔχον
804 3619 969 3689 μέρος
999 3619 1137 3689 ποίῳ
1176 3619 1398 3673 δύναται
1438 3619 1589 3689 τόπῳ
1631 3618 1894 3690 περιγρὰ-

292 3707 534 3776 φεσθαις
561 3709 726 3772 τόπος
759 3709 869 3780 γάρ
898 3712 1012 3762 ἐστι
1040 3711 1214 3780 πέρας
1242 3709 1336 3763 τοῦ
1363 3711 1728 3782 περιέχοντος,
1760 3710 1894 3763 καθὸ

293 3800 552 3870 περιέχει
582 3801 641 3854 τὸ
667 3803 1072 3872 περιεχόμενον.
1102 3803 1163 3855 Εἰ
1182 3803 1238 3856 δέ
1267 3819 1351 3866 τις
1381 3803 1770 3870 λέγοι,οὑκοῦν
1802 3804 1894 3856 κα)⁵

290 3896 358 3946 έν
370 3893 559 3965 Ῥώμῃ
573 3896 662 3947 καὶ
681 3897 739 3947 ἐν
764 3897 819 3949 Ἀ
828 3896 1158 3966 λεξανὸρείᾳ,
1176 3897 1269 3948 καὶ
1284 3895 1558 3966 πανταχοῦ
1575 3898 1720 3948 ἐστιν
1737 3896 1769 3965 ἡ
1787 3894 1893 3965 ἐμὴ

291 3982 476 4051 ψυχὴ.
502 3981 744 4037 λανθάνει
765 3986 979 4052 ἑαυτὸν,
1000 3987 1163 4039 πάλιν
1184 3987 1345 4040 τόπον
1365 3987 1556 4054 λέγων·
1587 3986 1808 4056 καὶγὰρ
1833 3987 1895 4038 τὸ

295 4076 362 4126 ἐν
397 4074 794 4149 Ἀλεξανδρείᾳ,
821 4078 913 4130 καὶ
937 4079 1073 4142 ὅλως
1097 4078 1156 4131 τὸ
1179 4079 1236 4130 ὲν
1267 4078 1423 4148 τῷδε,
1453 4079 1616 4140 τόπος
1637 4078 1782 4130 ἐστίν
1800 4095 1812 4107 ·
1837 4080 1894 4130 έν

292 4166 454 4235 τόπῳ
492 4166 548 4218 δὲ
590 4166 726 4230 ὅλως
766 4169 865 4221 οὐκ
902 4169 1069 4232 ἔστιν,
1108 4169 1223 4222 ἀλλ’
1258 4172 1315 4222 ὲν
1365 4169 1546 4240 σχέσει
1573 4186 1586 4200 ·
1629 4169 1894 4222 δέδεικται

291 4256 412 4326 γὰρ
443 4255 804 4326 μὴδύνασθαι
835 4258 1236 4329 περιληφθῆναι
1271 4259 1442 4329 τόπῳ.
1480 4261 1648 4312 Ὅταν
1679 4258 1807 4327 γοῦν
1837 4261 1895 4313 ὲν

294 4350 489 4416 σχέσει
521 4349 746 4420 γένηται
782 4352 1004 4422 νοητὸν,
1036 4351 1200 4405 τόπου
1235 4353 1378 4416 τινὸς
1405 4353 1438 4422 ἢ
1483 4353 1808 4425 πράγματος
1838 4353 1894 4405 ὲν

291 4443 450 4511 τόπῳ
496 4443 648 4504 ὄντος
670 4485 685 4508 ,
723 4445 1305 4516 καταχρηστικώτερον
1339 4445 1568 4516 λέγομεν
1619 4446 1750 4498 αὐτὸ
1778 4447 1893 4498 ἐκεῖ

291 4529 474 4598 εἶναι,
507 4536 594 4589 διὰ
634 4537 732 4606 τὴν
771 4539 1051 4610 ἐνέργειαν
1099 4538 1284 4600 αὑτοῦ,
1325 4539 1419 4591 τοῦ
1455 4541 1572 4591 ἐκεῖ
1604 4538 1694 4590 τὸν
1724 4539 1890 4592 τόπον

291 4628 419 4679 ἀντὶ
458 4628 698 4697 σχέσεως
735 4631 830 4683 καὶ
874 4630 977 4700 τῆς
1009 4629 1288 4701 ἐνεργείας
1319 4629 1709 4700 λαμϐάνοντες.
1759 4630 1889 4684 Δέον

290 4720 405 4788 γὰρ
429 4718 636 4786 λέγειν,
680 4721 844 4776 Ἐκεῖ
863 4721 1109 4791 ἐνεργεῖ,
1141 4722 1392 4792 λέγομεν,
1437 4720 1602 4776 Ἐκεῖ
1622 4722 1816 4776 ἐστιν.

1997 3258 2150 3320 bilia,
2199 3269 2386 3310 verum
2437 3271 2532 3325 per
2580 3262 2753 3307 totum
2810 3267 3009 3321 corpus
3064 3250 3281 3312 abeant,
3319 3260 3371 3304 et
3407 3249 3578 3302 libere

1997 3347 2334 3416 spatientur,
2376 3345 2490 3400 ﬁeri
2524 3359 2632 3397 non
2673 3352 2872 3413 potest,
2907 3351 2965 3395 ut
3004 3356 3031 3392 ιι
3063 3340 3449 3410 corporalibus
3475 3340 3574 3392 de-

1994 3441 2309 3503 tineantur;
2339 3439 2429 3493 sed
2463 3438 2605 3492 enim
2644 3451 2765 3490 cum
2795 3434 3156 3504 intelligibilia
3196 3434 3327 3497 sint,
3361 3433 3414 3485 iu
3442 3431 3577 3484 locis

1993 3532 2157 3586 etiam
2191 3529 2628 3598 intelligibilihus
2663 3536 2827 3591 sunt;
2877 3535 2969 3580 aut
3001 3527 3146 3581 enim
3192 3525 3244 3579 iu
3281 3523 3439 3592 ipsis,
3477 3531 3574 3576 aut

1994 3623 2048 3676 in
2077 3620 2451 3690 superioribus
2485 3617 2940 3674 intcllectualihus
2967 3634 2980 3680 ;
3011 3626 3069 3670 ut
3094 3618 3273 3670 anima
3302 3614 3575 3670 interdum

1995 3716 2050 3769 in
2091 3715 2272 3785 seipsa
2320 3723 2425 3786 eg,
2467 3722 2526 3766 ut
2561 3727 2686 3766 cum
2744 3711 2968 3778 cogitat,
3011 3711 3282 3764 interdum
3340 3722 3470 3761 vero
3520 3707 3576 3758 in

1996 3816 2180 3862 mente
2206 3847 2222 3871 ,
2277 3819 2402 3860 cum
2444 3806 2716 3874 intelligit.
2771 3803 2999 3868 Quando
3035 3802 3202 3870 igitur
3251 3801 3303 3853 iu
3345 3814 3577 3868 corpore

1996 3897 2200 3952 dicitur
2220 3911 2361 3959 esse,
2389 3912 2496 3949 non
2529 3906 2584 3948 ut
2617 3898 2670 3948 in
2705 3896 2824 3949 loco
2854 3909 2977 3948 esse
3004 3893 3206 3945 dicitur
3233 3892 3287 3942 in
3319 3903 3575 3956 corpore,

1997 3991 2091 4047 sed
2129 4001 2186 4045 ut
2223 3993 2275 4045 in
2312 3993 2442 4053 situ,
2484 3991 2804 4044 habitudine
2835 4001 2888 4043 et
2920 3998 3198 4043 momento
3228 4001 3291 4040 ac
3331 3985 3575 4054 disposi-

1997 4083 2146 4135 tione
2199 4082 2264 4135 ad
2319 4081 2525 4150 aliquid
2577 4081 2823 4150 colligari
2865 4078 3102 4131 dicimus
3130 4092 3159 4129 a
3194 4091 3423 4144 corpore
3457 4076 3578 4128 ani-

1996 4187 2164 4235 mam,
2199 4180 2362 4241 prout
2392 4171 2628 4224 dicimus
2658 4172 2726 4222 ab
2759 4167 2966 4221 amasia
2998 4177 3302 4219 amatorem
3334 4164 3577 4219 constri-

1997 4271 2142 4317 ctum
2185 4265 2533 4330 vinctumque
2581 4276 2726 4320 esse,
2770 4275 2880 4312 non
2933 4259 3295 4328 corporaliter
3329 4265 3381 4311 et
3425 4259 3575 4310 loca-

1997 4355 2142 4416 liter,
2195 4351 2290 4406 sed
2336 4353 2549 4405 ratione
2598 4349 2818 4403 habitus
2850 4349 3142 4418 situsque;
3203 4348 3406 4418 quippe
3449 4363 3575 4401 cum

1997 4443 2411 4515 magnitudinis,
2445 4451 2499 4496 et
2538 4441 2718 4505 molis,
2745 4449 2800 4495 et
2829 4441 3063 4510 partium
3092 4457 3288 4510 expers
3319 4441 3410 4500 sit,
3440 4455 3577 4509 pra:—

1997 4539 2231 4593 stantior
2268 4545 2352 4592 est
2385 4535 2531 4588 omni
2579 4534 2954 4604 descriptione
3000 4550 3096 4604 per
3135 4542 3318 4602 partes
3362 4533 3518 4586 loeali
3551 4544 3567 4583 :

1995 4630 2195 4685 etenim
2223 4629 2366 4699 quod
2409 4634 2592 4698 partes
2621 4641 2730 4680 non
2760 4625 2946 4688 habet,
2980 4640 3216 4694 quonam
3246 4632 3426 4694 potest
3458 4623 3578 4675 loco

1995 4719 2420 4775 circumscribi?
2458 4724 2542 4773 est
2574 4717 2716 4772 enim
2762 4717 2914 4771 locus
2945 4719 3264 4771 extremitas
3293 4715 3580 4768 continen-

295 4808 390 4871 lis.
420 4821 700 4881 quatenus
733 4815 979 4869 continet
1013 4815 1066 4869 id
1095 4814 1240 4885 quod
1270 4813 1604 4868 continetur.
1647 4813 1807 4880 Quod
1843 4813 1890 4868 sl
1929 4813 2055 4884 quis
2091 4812 2316 4873 dixerit,
2345 4809 2531 4863 Romae
2563 4809 2731 4880 igitur
2760 4816 2812 4862 et
2839 4808 3200 4872 Alexandriae,
3261 4816 3314 4860 et
3378 4806 3578 4875 ubique

291 4919 377 4961 est
403 4907 592 4960 anima
627 4924 783 4975 mea;
833 4909 970 4980 fugit
1016 4908 1219 4979 ipsum,
1273 4909 1418 4980 quod
1485 4924 1682 4965 rursus
1735 4908 1916 4964 locum
1959 4909 2262 4978 designat:
2301 4909 2580 4962 enimvero
2624 4904 3006 4970 Alexandriae,
3086 4912 3141 4959 et
3176 4902 3400 4957 omnino
3451 4901 3580 4970 (hic

291 5003 380 5055 vel
410 5001 550 5071 illic)
579 5001 769 5067 locus;
803 5001 954 5072 atqui
998 5003 1052 5056 in
1094 5003 1213 5057 loco
1277 5017 1505 5072 prorsus
1569 5017 1680 5057 non
1723 5009 1830 5069 est,
1865 5001 1960 5056 sed
2003 5002 2058 5056 in
2091 5002 2200 5056 situ
2231 5017 2244 5052 :
2279 5015 2401 5055 nam
2435 5001 2720 5070 probatum
2753 5006 2836 5054 est
2873 5013 2978 5052 non
3003 5012 3164 5068 posse
3190 4993 3578 5064 comprehendi

296 5096 440 5149 luco.
493 5097 683 5164 Itaque
709 5110 835 5148 cum
877 5095 929 5149 id
972 5096 1120 5165 quod
1150 5096 1518 5165 intelllgentia
1560 5095 1882 5166 percipitur,
1925 5093 1980 5148 in
2025 5095 2135 5150 situ
2185 5092 2369 5155 fuerit,
2414 5102 2507 5146 aut
2554 5091 2774 5161 negotio
2819 5090 3056 5161 quodam
3138 5089 3190 5142 in
3267 5087 3386 5140 loco
3432 5087 3578 5142 exsi-

297 5192 518 5243 stente:
568 5186 793 5240 abusive
831 5192 886 5239 et
919 5186 1151 5256 ﬁgurate
1193 5186 1428 5241 dicimus
1459 5186 1564 5240 hoc
1636 5185 1813 5255 ipsum
1894 5185 1968 5239 ibi
2007 5199 2155 5246 esse,
2188 5194 2407 5254 propter
2432 5184 2806 5252 operationem
2838 5183 2958 5250 ejus
2987 5180 3128 5250 quod
3166 5180 3236 5233 ibi
3263 5186 3368 5242 est,
3401 5178 3578 5231 locum

297 5293 402 5346 pro
429 5276 541 5331 situ
591 5285 645 5332 et
673 5279 892 5332 actione
924 5287 1244 5344 sumentes;
1274 5293 1399 5332 nam
1433 5293 1557 5332 cum
1590 5276 1884 5332 dicendum
1925 5275 2140 5336 fuisset,
2169 5271 2250 5327 lbi
2278 5284 2553 5342 operatur,
2585 5273 2845 5338 dicimus,
2870 5266 2953 5327 lbi
2983 5281 3084 5326 ert.

382 5374 674 5445 ’Δρμόσειε
708 5376 752 5429 δ’
785 5376 852 5429 ἂν
882 5378 912 5429 ὁ
940 5376 1100 5444 λόγος
1146 5366 1302 5438 οὗτος
1353 5374 1769 5446 καθαρώτερον,
1799 5374 1887 5427 καὶ

2071 5369 2414 5439 Congrueret
2459 5384 2595 5424 sane
2630 5369 2720 5423 hic
2765 5384 2947 5424 sermo
2978 5367 3194 5437 purius,
3243 5373 3297 5422 et
3346 5368 3582 5423 maxime

303 5467 541 5534 μάλιστα
573 5472 640 5539 τῇ
672 5469 806 5540 πρὸς
833 5469 926 5522 τδν
954 5468 1239 5540 ἄνθρωπον
1271 5467 1460 5521 ἑνώσει
1487 5467 1582 5521 τοῦ
1610 5467 1744 5521 Θεοῦ
1788 5468 1887 5520 Λό-

2001 5461 2190 5517 unioni
2228 5459 2391 5515 Verbi
2426 5459 2518 5516 Dei
2549 5476 2672 5515 cum
2720 5460 3137 5529 homine,juxta
3179 5474 3343 5530 quam
3390 5461 3578 5514 unitus

299 5577 417 5626 του,
455 5563 580 5614 καθ’
618 5564 683 5632 ἢν
714 5562 956 5625 ὲνωθεὶς,
993 5562 1204 5633 ἔμεινεν
1236 5562 1538 5632 ἀσύγχυτος
1569 5562 1659 5614 καὶ
1697 5561 1887 5630 ἀπερί-

2000 5554 2262 5610 remansit
2307 5553 2659 5619 jneonl‘usus,
2715 5560 2766 5606 et
2818 5551 3410 5622 incomprehensibilis,
3467 5567 3574 5605 non

299 5653 525 5720 ἣπτος,
549 5653 612 5704 οὐ
658 5653 800 5706 κατὰ
825 5654 914 5707 τὸν
939 5654 1038 5723 τῆς
1067 5652 1242 5723 ψυχῆς
1274 5652 1496 5724 τρόπον.
1542 5650 1758 5721 Ἐκείνη
1793 5651 1887 5720 μὲν

1999 5652 2193 5705 animm
2223 5663 2374 5703 more
2409 5646 2699 5716 modoque.
2736 5643 2980 5716 Namque
3016 5645 3106 5700 illa
3141 5661 3264 5699 eum
3293 5660 3361 5699 ex
3398 5643 3482 5696 his
3508 5641 3578 5694 sit

305 5743 410 5814 ἶάρ
439 5744 550 5796 τῶν
587 5743 1051 5815 πεπληθυσμὲνων
1082 5741 1399 5816 οὗσα,δοκεῖ
1431 5743 1519 5797 καὶ
1548 5743 1886 5813 συμπάσχειν

1997 5758 2115 5815 quae
2148 5757 2435 5797 numerum
2485 5739 2715 5806 faciunt,
2767 5739 2980 5795 videtur
3030 5749 3081 5796 et
3119 5737 3408 5794 condolcre
3437 5747 3574 5798 quod
