4008 6210
536 232 642 294 ιω

1750 221 1807 278 S.
1842 218 2173 277 GRECURII
2213 216 2508 278 NYSSENI

3698 216 3805 272 2‘20

536 348 828 408 dammodo
850 342 1069 418 corpori
1100 343 1171 401 ob
1195 348 1405 398 arctam
1430 332 1884 403 familiaritatem,
1913 347 1968 394 et
1993 338 2123 393 illud

2231 354 2345 402 πως
2371 338 2439 393 δι’
2464 337 2771 408 οἰκειότητα
2800 335 2878 407 τῷ
2914 335 3147 408 σώματι,
3176 333 3268 389 καὶ
3306 332 3524 404 κρατεῖν
3546 328 3657 384 ἔσθ’
3694 330 3807 394 ὅτε,

538 441 812 498 interdum
863 435 1170 499 continere,
1214 445 1491 495 coercere,
1533 429 1688 485 etab
1721 428 1816 483 illo
1851 427 2114 485 coerceri.

538 531 738 589 Verum
796 527 942 583 Deus
967 525 1209 581 Verbum
1245 521 1385 578 nihil
1440 536 1471 576 a
1521 518 1909 576 communione
1953 531 2117 589 quam

538 638 663 678 cum
715 632 947 688 corpore
980 623 1035 670 et
1076 614 1259 669 anima
1291 611 1476 684 habet,
1512 609 1777 672 variatur,
1810 621 1989 677 neque
2036 605 2121 659 in-

541 712 816 769 ﬁrmitatis
841 710 1057 765 illorum
1082 706 1358 778 particeps
1381 711 1465 760 est
1487 721 1502 770 ;
1524 701 1634 758 sed
1657 716 1783 757 cum
1814 699 1950 770 ipsis
1971 713 2120 754 com-

540 806 784 861 municet
813 804 919 857 vim
946 797 1250 855 divinitatis
1297 811 1431 860 suae,
1482 792 1625 849 idem
1660 805 2006 862 permanens,
2063 789 2120 844 in

539 899 842 967 eodemque
893 901 1062 957 statu,
1113 892 1168 946 in
1213 903 1324 959 quo
1370 893 1489 943 erat
1525 893 1652 940 ante
1698 886 1997 950 unionem;
2055 896 2121 936 ac

539 990 697 1047 valde
728 1003 903 1043 novus
935 987 1025 1041 hic
1055 982 1330 1039 mistionis
1382 988 1476 1035 aut
1508 978 1729 1035 unionis
1762 977 1961 1033 modus
2005 983 2120 1040 est;

541 1092 596 1139 et
644 1084 916 1137 miscetur
958 1086 1013 1134 et
1053 1083 1238 1132 manet
1284 1087 1679 1143 usquequaque
1721 1069 2016 1134 immistus,
2067 1074 2122 1124 et

542 1172 890 1234 inconfusus,
941 1177 998 1226 et
1043 1165 1527 1232 incommutabilis,
1575 1179 1683 1218 non
1713 1160 2120 1233 compatiendo,

543 1269 640 1324 sed
665 1263 1013 1336 cooperando
1046 1268 1281 1324 tantum,
1307 1273 1430 1314 cum
1464 1271 1644 1327 neque
1673 1255 1839 1310 simul
1874 1267 2124 1308 corrum-

542 1368 728 1433 patur,
756 1372 858 1412 nec
888 1354 1051 1411 simul
1081 1354 1340 1408 alteretur
1366 1366 1379 1403 :
1415 1364 1603 1408 verum
1637 1347 1726 1402 illa
1749 1346 1969 1417 quidem
1991 1360 2125 1400 con—

543 1454 714 1517 ciliet,
768 1453 887 1523 ipse
934 1462 1067 1504 vero
1109 1460 1223 1501 non
1269 1441 1577 1499 diminutus
1607 1438 1676 1494 ab
1721 1435 1881 1507 ipsis,
1902 1440 2123 1487 maneat

543 1544 867 1603 mutationis
908 1548 963 1597 et
1005 1536 1355 1595 confusionis
1388 1547 1625 1605 expers:
1684 1529 2124 1602 quandoquidem

543 1637 724 1692 omnis
752 1647 979 1704 prorsus
1015 1627 1337 1686 variationis
1356 1633 1412 1681 et
1441 1623 1782 1680 alterationis
1803 1636 1994 1677 exsors
2017 1628 2121 1676 est.

2219 432 2314 485 καὶ
2345 428 2698 503 κρατεῖσθαι·
2726 431 2756 482 6
2777 428 2833 482 δὲ
2867 428 2999 493 Θεὸς
3025 427 3197 496 Λόγος
3218 424 3372 480 οὐδὲν
3401 422 3563 500 αὐτὸς
3582 422 3691 477 ἀπὸ
3708 425 3810 492 τῆς

2220 521 2503 585 κοινωνίας
2526 521 2626 592 τῆς
2650 520 2779 593 περὶ
2810 519 2871 573 τὺ
2896 519 3056 591 σῶμα
3084 519 3179 572 καὶ
3207 517 3307 590 τὴν
3341 515 3519 587 ψυχὴν
3558 514 3807 569 άλλοιούι-

2222 629 2402 683 μενος,
2439 613 2561 666 οὐδὲ
2595 612 2836 683 μετέχων
2863 614 2962 683 τῆς
2984 610 3209 664 ἐκείνων
3246 607 3561 671 ἀσθενείας·
3590 608 3809 677 μεταδι-

2218 702 2343 768 δοὺς
2370 703 2427 757 δὲ
2451 705 2634 766 αὐτοῖς
2653 704 2752 775 τῆς
2779 702 2944 758 αὐτοῦ
2972 702 3225 774 θεότητος
3249 701 3348 772 τὴν
3367 698 3617 769 δύναμιν,
3649 699 3678 752 6
3709 698 3809 752 αὐ-

2218 797 2309 860 τὸς
2335 796 2509 867 μένων
2535 799 2591 849 ὲν
2615 790 2694 860 οἷς
2714 792 2783 868 ἦν
2817 797 2911 850 καὶ
2942 796 3048 866 πρὸ
3078 794 3177 865 τῆς
3203 792 3475 858 ένὼσεως·
3495 791 3808 862 καινότερος

2220 882 2372 951 οὗτος
2391 889 2420 941 6
2447 887 2645 959 τρόπος
2673 888 2771 958 τῆς
2801 888 3050 959 κράσεως
3075 885 3110 957 ἢ
3133 883 3377 947 ἑνώσεως
3396 901 3409 914 ·
3436 883 3531 937 καὶ¹
3549 884 3806 954 κιρνᾶται

2224 980 2320 1033 καὶ
2356 979 2503 1049 μένει
2575 978 2917 1033 παντάπασιν
2954 979 3184 1048 ἄμικτος
3229 976 3326 1030 καὶ
3365 973 3670 1045 ἁσύγχυτος
3709 974 3807 1027 καὶ

2222 1071 2545 1142 ἀδιάφθορος
2592 1071 2688 1125 καὶ
2733 1069 3129 1142 άμετάϐλητος,
3171 1069 3232 1122 οὐ
3269 1068 3636 1139 συμπάσχων,
3670 1065 3806 1119 ἀλλὰ

2225 1163 2591 1234 συμπράττων
2625 1163 2803 1233 μόνον,
2838 1161 2959 1215 οὐδὲ
2993 1159 3461 1233 συμφθειρόμενος
3483 1158 3576 1210 καὶ
3610 1156 3806 1210 συναλ-

2222 1253 2532 1326 λοιούμενος
2553 1268 2566 1283 ’
2602 1253 2736 1307 ἀλλὰ
2765 1253 3010 1322 συνάγων
3060 1252 3157 1324 μὲν
3185 1253 3369 1305 ἐκεῖνα
3388 1289 3405 1315 ,
3455 1249 3614 1311 αὐτὸς
3640 1248 3698 1301 δὲ
3730 1246 3807 1319 μὴ

2228 1348 2546 1419 μειούμενος
2567 1347 2659 1400 ὐπ’
2673 1345 2850 1400 αὐτῶν
2881 1346 3035 1417 μένει
3064 1345 3331 1416 ἄτρεπτος
3360 1344 3453 1396 καὶ¹
3480 1340 3806 1410 άσύγχυτος,

2224 1433 2412 1510 ἐπειδὴ
2455 1438 2712 1511 καθαρῶς
2743 1438 2925 1508 πάσης
2972 1434 3309 1499 ἀλλοιώσεως
3355 1433 3620 1506 ἀμέτοχός
3664 1434 3808 1485 ἐστι.

2224 1530 2454 1603 Μάρτυς
2489 1530 2679 1584 τούτου
2713 1530 2830 1584 ἐστὶ
2864 1528 3192 1602 Πορφύριος,
3224 1530 3253 1582 6
3282 1526 3421 1581 κατὰ
3446 1524 3541 1579 τοῦ
3568 1519 3807 1596 Χριστοῦ

2228 1624 2458 1695 κινὴσας
2511 1622 2608 1694 τὴν
2652 1622 2846 1676 ἑαυτοῦ
2877 1621 3123 1692 γλῶτταν
3156 1634 3170 1652 δ
3214 1618 3432 1692 ἰσχυραὶ
3473 1618 3531 1672 δέ
3579 1619 3715 1670 εἰσιν
3749 1615 3810 1670 αἱ

543 1724 726 1786 Testis
754 1701 921 1797 hujus
952 1722 1276 1780 assertionis
1308 1727 1390 1781 est
1418 1716 1779 1788 Porphyrius,
1811 1713 1905 1784 qui
1932 1712 2124 1767 adver-

2231 1714 2331 1769 τῶν
2380 1713 2587 1784 ἐχθρῶν
2628 1713 2923 1786 μαρτυρίαι
2968 1711 3110 1784 ὑπὲρ
3155 1710 3334 1797 ἡμῶν,
3367 1711 3495 1764 ὅταν
3538 1705 3810 1779 μηδεμίαν

545 1838 643 1878 sus
681 1796 962 1876 Christum
1013 1814 1349 1886 petulantem
1395 1810 1564 1865 movit
1619 1808 1885 1877 linguam.
1923 1802 2123 1859 Verum

2231 1804 2530 1873 ἀντιλογίαν
2562 1797 2695 1858 ὦσιν
2716 1803 3116 1875 ὲπιδεχόμεναι.
3135 1796 3301 1865 Οὗτος
3325 1801 3504 1855 τοίνυν
3531 1802 3560 1852 6
3592 1798 3811 1868 Πορφύ-

543 1915 632 1969 vel
667 1911 1016 1967 inimicorum
1065 1903 1380 1962 testimonia
1410 1900 1591 1956 valida
1638 1905 1766 1954 sunt
1801 1912 1900 1967 pro
1943 1895 2125 1963 nobis,

2231 1916 2366 1972 ριος,
2388 1902 2446 1953 ἐν
2467 1899 2545 1970 τῷ
2567 1898 2803 1969 δευτέρῳ
2826 1897 2970 1968 λόγῳ
3000 1896 3077 1967 τῷ
3104 1896 3244 1965 Περὶ
3268 1895 3615 1965 συμμίκτων
3636 1896 3812 1959 (nmo

538 1990 670 2063 cum
708 2004 914 2058 nullam
953 2000 1112 2070 plane
1138 1994 1632 2052 contradictionem
1679 1990 1996 2045 admittunt.
2028 1986 2128 2043 llic

2231 1992 2428 2062 μάτων
2454 1990 2655 2062 γράφει
2678 1990 2822 2044 κατὰ
2845 1989 2994 2055 λέξιν
3017 1986 3210 2052 οὕτως·
3249 2006 3269 2038 ι
3295 1987 3408 2040 Οὐκ
3431 1982 3812 2053 άπογνωστέον

545 2101 714 2169 igitur
739 2093 1078 2165 Porphyrius
1107 2091 1162 2144 in
1189 2086 1431 2144 secundo
1458 2082 1855 2139 commentario
1896 2078 1972 2134 De
2007 2091 2148 2148 qua:-

546 2167 806 2245 stionibus
842 2185 1192 2243 miscellanea”:
1216 2220 1231 2244 ,
1259 2180 1332 2232 ita
1362 2177 1429 2233 ad
1458 2175 1686 2232 verbum
1708 2173 1932 2230 scribit:
1970 2189 1989 2224 ι
2013 2167 2130 2225 Mi-

544 2281 693 2334 nime
749 2289 882 2329 sane
945 2269 1318 2325 cunctandum
1367 2274 1452 2322 est
1496 2265 1786 2320 admittere
1830 2261 2126 2319 essentiam

545 2369 787 2437 aliquam
852 2376 962 2417 una
998 2366 1336 2428 assumptam
1372 2371 1497 2411 esse
1550 2354 1618 2410 ad
1666 2353 2127 2423 complementum

545 2458 773 2515 alterius
795 2453 1139 2520 substantia,
1167 2458 1221 2506 et
1240 2450 1361 2520 ejus
1381 2456 1594 2520 partem
1616 2462 1760 2512 esse,
1779 2445 1943 2501 etiam
1970 2443 2128 2514 juxta

544 2559 799 2606 naturam
850 2559 1007 2602 suam
1063 2541 1357 2607 manendo,
1427 2547 1719 2613 postquam
1772 2536 2129 2607 compleverit

546 2643 711 2697 aliam
753 2637 1081 2694 essentiam:
1134 2633 1272 2688 adeo
1303 2639 1364 2687 ut
1394 2647 1564 2687 unum
1613 2646 1741 2686 cum
1784 2629 1892 2684 alio
1925 2627 2038 2693 fiat,
2077 2635 2132 2683 et

545 2732 692 2804 quod
728 2747 823 2803 per
852 2745 911 2787 se
938 2742 1108 2783 unum
1143 2726 1307 2781 habet
1337 2735 1656 2791 conservet;
1690 2730 1744 2779 et
1778 2721 1926 2793 quod
1952 2720 2131 2792 majus

544 2832 654 2887 est,
715 2824 886 2893 ipsam
939 2836 1050 2875 non
1103 2825 1390 2883 mutatam,
1441 2825 1658 2875 mutare
1709 2818 1802 2874 illa
1838 2818 1893 2871 in
1929 2815 2131 2887 quibus

545 2913 713 2969 fuerit
745 2910 813 2964 ad
847 2923 1004 2964 suam
1049 2906 1449 2977 operationem,
1500 2906 1790 2987 praesentia
1836 2919 1958 2969 sua,
1992 2919 2130 2960 con-

547 3011 677 3062 stat.
710 3023 730 3056 ι
772 3000 896 3056 Haec
923 3008 1107 3054 autem
1136 2998 1272 3054 dicit
1297 2995 1365 3052 de
1389 2997 1591 3052 unione
1612 2997 1776 3052 Verbi
1802 2995 1898 3052 Dei
1922 3004 1976 3052 et
2004 3012 2129 3053 cor-
2156 3037 2199 3096 Ω

547 3093 721 3168 poris.
750 3089 909 3158 Quod
933 3090 987 3146 si
1016 3104 1180 3145 verus
1201 3096 1287 3143 est
1313 3102 1497 3143 sermo
1541 3087 1595 3141 in
1625 3087 1826 3152 anima,
1850 3087 1995 3158 quod
2044 3087 2132 3142 in-

548 3197 821 3260 corporea.
845 3182 937 3246 sit,
969 3182 1144 3237 multo
1174 3183 1347 3253 magis
1371 3181 1426 3235 in
1459 3178 1568 3235 Deo
1596 3178 1799 3245 Verbo,
1829 3179 1977 3250 quod
2010 3193 2129 3233 ma-

547 3283 634 3350 gis
682 3274 1212 3346 incomparabiliter,
1262 3281 1318 3329 et
1370 3289 1438 3328 ex
1471 3274 1702 3328 veritate
1746 3272 2128 3341 incorporeum

547 3366 784 3424 exsistit.
822 3363 981 3431 Quod
1011 3362 1231 3435 quidem
1279 3364 1505 3419 omnino
1536 3364 1756 3419 obturat
1785 3377 1882 3417 ora
1913 3377 2127 3429 eorum,

548 3460 642 3530 qui
689 3472 953 3513 accusare
984 3455 1381 3527 aggrediuntur
1409 3454 1503 3510 Dei
1559 3456 1817 3510 unionem
1863 3462 1991 3510 cum“
2030 3454 2130 3510 ho-

550 3550 728 3608 mine:
762 3549 867 3603 hoc
881 3547 1052 3603 enim‘
1074 3545 1230 3600 multi
1257 3545 1547 3601 ridiculum
1578 3559 1701 3600 esse
1729 3553 1933 3600 temere
1954 3560 2132 3599 enun-

550 3642 789 3710 tiarunt,
833 3647 889 3694 et
930 3646 1161 3695 mortem
1201 3638 1428 3693 minime
1459 3636 1835 3708 probabilem:
1869 3635 2129 3691 unionem

547 3747 683 3794 vero
711 3735 877 3790 etiam
912 3732 1262 3787 indecoram:
1299 3730 1514 3784 unitum
1546 3730 1748 3800 quippe
1778 3742 1901 3784 esse
1942 3728 1997 3783 in
2030 3742 2130 3782 na-

558 3834 684 3880 tura
736 3839 939 3879 numen
984 3822 1228 3877 divinum
1272 3836 1374 3892 per
1411 3821 1720 3875 mistionem
1763 3830 1817 3875 et
1846 3819 2125 3874 unionem.

553 3913 665 3969 Sed
691 3928 792 3968 nos
821 3913 1065 3982 probatis
1084 3910 1315 3966 testibus
1349 3909 1593 3980 ipsorum
1620 3908 1878 3963 adhibitis
1906 3920 2131 3962 causam

559 4005 863 4061 reddimus.
893 4003 1107 4058 Dicitur
1136 4011 1314 4058 autem
1358 4002 1500 4073 apud
1524 4000 1839 4064 nonnullos;
1872 4006 1925 4053 et
1958 3997 2130 4067 potis-

556 4098 759 4154 simum
814 4095 1207 4158 Eunomianos,
1263 4094 1477 4149 unitum
1506 4108 1629 4148 esse
1673 4091 1839 4147 Deum
1892 4089 2131 4144 Verbum

559 4188 804 4259 corpori,
850 4203 960 4242 non
994 4187 1296 4243 secundum
1340 4187 1654 4250 essentiam,
1697 4182 1792 4239 sed
1830 4182 2132 4239 secundum

562 4290 828 4350 utrasque
858 4279 1169 4336 facultates.
1202 4280 1325 4333 Non
1373 4280 1517 4334 enim
1564 4278 1896 4334 substantias
1926 4276 2129 4342 unitas,

2227 2082 2320 2140 οὖν
2369 2084 2677 2155 ἐνδέχεσθαί
2726 2099 2852 2137 τινα
2900 2081 3090 2137 οὐσίαν
3145 2078 3683 2152 συμωραληφθῆναι
3728 2076 3812 2139 είς

2229 2175 2624 2246 συμπλήρωσιν
2655 2172 2849 2245 ἐτέρας
2873 2173 3079 2239 οὐσίας,
3102 2172 3197 2226 καὶ
3217 2165 3358 2225 εἶναι
3394 2170 3559 2242 μέρος
3588 2167 3777 2232 οὐσίας
3793 2183 3808 2198 ·

2232 2268 2498 2340 μένουσαν
2620 2266 2763 2321 κατὰ
2789 2267 2888 2337 τὴν
2919 2265 3119 2337 εαυτῆς
3152 2263 3336 2334 φύσιν,
3372 2264 3508 2335 μετὰ
3538 2261 3631 2316 τοῦ
3673 2269 3814 2332 συμ-

2230 2358 2469 2431 πληροῦν
2490 2340 2658 2428 άὶῖῗην
2687 2358 2897 2426 οὐσίαν,
2928 2359 2986 2413 ἓν
3002 2375 3062 2412 τε
3094 2357 3190 2413 σὺν
3214 2356 3359 2427 ἄλλῳ
3381 2357 3699 2428 γενομένην,
3719 2354 3813 2409 καὶ

2228 2448 2291 2507 τὸ
2328 2452 2450 2507 καθ’
2477 2448 2678 2524 ἑαυτὴν
2702 2451 2761 2506 ἓν
2788 2450 3177 2519 διασώζουσαν,
3220 2450 3317 2505 καὶ
3340 2449 3402 2503 τὸ
3431 2447 3813 2520 μεῖζον,αὐτὴν

2234 2544 2331 2616 μὲν
2355 2545 2430 2618 μὴ
2459 2544 2824 2616 τρεπομένην,
2854 2543 3157 2614 τρέπουσαν
3185 2542 3242 2596 δὲ
3262 2542 3446 2596 ἐκεῖνα
3469 2540 3538 2594 τὰ
3558 2541 3615 2594 ὲν
3642 2535 3722 2603 οἷς
3742 2540 3812 2592 ἂν

2230 2636 2505 2707 γίγνηται,
2546 2636 2627 2698 είς
2658 2633 2756 2706 τὴν
2802 2634 3000 2705 ἑαυτῆς
3041 2633 3324 2705 ἐνέργειαν
3355 2633 3420 2703 τῇ
3455 2631 3746 2701 παρουσίᾳ.
3784 2647 3803 2681 ι

2231 2725 2395 2795 Λέγει
2427 2724 2484 2778 δὲ
2504 2724 2679 2779 ταῦτα
2702 2724 2832 2796 περὶ
2852 2724 2950 2795 τῆς
2973 2707 3219 2788 ένῶσεως
3241 2722 3337 2778 τοῦ
3359 2722 3495 2777 Θεοῦ
3520 2721 3695 2791 Λόγου
3717 2718 3813 2775 καὶ

2229 2816 2323 2870 τοῦ
2361 2816 2630 2890 σώματος.
2664 2817 2727 2870 Et
2758 2817 2815 2870 δὲ
2846 2816 2937 2870 ἐπὶ
2978 2816 3079 2887 τῆς
3110 2812 3291 2887 ψυχῆς
3334 2813 3537 2886 ἀληθὴς
3570 2815 3599 2867 6
3632 2814 3807 2882 λόγος,

2230 2909 2319 2964 διὰ
2350 2909 2411 2964 τὸ
2444 2908 2755 2981 ἀσώματον,
2778 2909 2959 2981 πολλῷ
2988 2908 3150 2963 πλέον
3189 2908 3283 2962 ἐπὶ
3312 2907 3407 2961 τοῦ
3452 2905 3587 2960 Θεοῦ
3610 2906 3810 2975 Λόγου,

2231 3001 2325 3055 τοῦ
2376 3000 2577 3072 μᾶλλον
2631 3001 2977 3073 ἁσυγκρίτως
3016 3003 3112 3054 καὶ
3166 3001 3307 3055 κατὰ
3352 2999 3609 3071 ἀλήθειαν
3660 2999 3811 3062 ὄντος

2234 3093 2549 3162 ἀσωμάτου.
2574 3083 2752 3160 Ὅπερ
2796 3092 3054 3167 ἄντικρυς
3084 3092 3422 3164 ἀποφράττει
3449 3091 3521 3145 τά
3571 3090 3813 3162 στόματα

2233 3184 2342 3238 τῶν
2362 3183 2785 3256 ἐπιχειρούντων
2808 3187 3133 3255 κατηγορεῖν
3157 3182 3258 3255 τῆς
3284 3182 3377 3236 τοῦ
3406 3182 3543 3237 Θεοῦ
3570 3182 3815 3247 ἑνώσεως

2235 3277 2373 3346 πρὸς
2402 3276 2491 3331 τὸν
2511 3274 2817 3348 ἄνθρωπον.
2840 3276 2915 3328 Τὸ
2956 3274 3053 3346 μὲν
3081 3276 3189 3346 γὰρ
3217 3274 3532 3328 ὲδειλίασεν⁴
3557 3275 3606 3327 οἱ
3631 3273 3815 3327 πολλοὶ

2236 3368 2441 3438 γελοῖον
2471 3365 2607 3423 εἶναι
2630 3367 2888 3437 ἔφασκον,
2927 3367 3022 3420 τὸν
3052 3366 3109 3420 δὲ
3137 3365 3367 3421 θάνατον
3396 3368 3489 3421 καὶ
3528 3366 3810 3432 ἀπίθανον,

2234 3460 2332 3532 τὴν
2359 3460 2416 3514 δὲ
2449 3460 2641 3513 ἕνωσιν
2667 3459 2760 3514 καὶ
2788 3458 3055 3530 ἀπρεπές.
3089 3457 3358 3513 Ἠνῶσθαι
3394 3460 3502 3530 γὰρ
3531 3460 3588 3512 ἐν
3617 3460 3681 3529 τῇ
3713 3457 3815 3527 φό-

2238 3570 2320 3606 σει
2338 3553 2398 3606 τὸ
2419 3551 2560 3605 θεῖον
2584 3550 2726 3605 κατὰ
2750 3553 2945 3623 κρᾶσιν
2970 3551 3065 3605 καὶ
3096 3550 3308 3606 ἕνωσιν.
3344 3551 3483 3606 Ἀλλ’
3519 3553 3678 3622 ἡμεῖς
3699 3554 3817 3614 τοῖς

2236 3644 2540 3714 εὐδοκίμοις
2563 3643 2745 3697 αὐτῶν
2770 3644 3105 3716 χρησάμενοι
3149 3644 3438 3717 μάρτυσιν,
3457 3642 3818 3715 ἀποδιδόμεθα

2235 3733 2334 3805 τὴν
2360 3733 2560 3790 αἰτίαν.
2583 3733 2816 3803 Λέγεται
2859 3734 2915 3788 δὲ
2948 3734 3102 3806 παρά
3125 3749 3256 3802 τισι,
3293 3735 3387 3790 καὶ
3440 3734 3674 3807 μάλιστα
3702 3733 3820 3800 τοῖς

2236 3827 2607 3897 Εὐνομιανοῖς,
2639 3825 2875 3897 ἡνῶσθαι
2896 3827 2989 3881 τὸν
3021 3827 3155 3882 Θεὸν
3192 3828 3362 3898 Λόγον
3389 3828 3467 3900 τῷ
3498 3827 3731 3901 σώματι,
3751 3831 3815 3883 οὐ

2236 3919 2356 3971 κατ’
2395 3916 2607 3980 οὐσίαν,
2649 3916 2785 3971 ἀλλὰ
2827 3916 2969 3972 κατὰ
2998 3918 3099 3981 τὰς
3132 3918 3396 3990 ἑκατέρας
3428 3912 3700 3990 δυνάμεις.
3737 3918 3815 3973 Οὐ

2236 4007 2345 4080 γὰρ
2396 4004 2534 4062 εἶναι
2572 4007 2673 4071 τὰς
2711 4008 2901 4073 οὐσίας
2938 4008 3039 4073 τάς
3082 4009 3373 4074 ένωθείσας
3412 4011 3444 4081 ἢ
3495 4010 3814 4080 κραθείσας,

2238 4099 2374 4153 ἀλλὰ
2417 4099 2518 4163 τὰς
2548 4099 2804 4172 δυνάμεις
2829 4099 2920 4153 τοῦ
2968 4100 3219 4171 σώματος
3246 4105 3367 4166 ταῖς
3402 4102 3661 4174 δυνάμεσι
3691 4105 3816 4167 ταῖς

2239 4192 2411 4255 θείαις
2435 4192 2846 4264 συγκεκρᾶσθαι
2865 4206 2881 4220 °
2909 4193 3167 4263 δυνάμεις
3192 4194 3249 4248 δὲ
3281 4194 3375 4248 τοῦ
3399 4195 3647 4265 σώματος
3679 4210 3822 4247 παν-

2239 4280 2328 4344 τὸς
2360 4281 2531 4353 δήπου
2560 4281 2655 4335 τοῦ
2696 4282 3007 4351 ὀργανικοῦ,
3040 4282 3159 4337 κατ’
3205 4284 3598 4356 Ἀριστοτέλην,
3623 4284 3819 4353 λέγου-

562 4379 658 4426 aut
692 4372 883 4427 mistas
912 4386 1037 4427 esse
1065 4372 1424 4433 contendunt,
1455 4372 1549 4425 sed
1578 4370 1866 4426 facultates
1887 4369 2130 4440 corporis

2242 4390 2325 4427 σιν
2356 4369 2492 4426 εἶναι
2519 4371 2617 4435 τὰς
2633 4372 2933 4442 αἰσθήσεις.
2951 4373 3189 4439 Ταύταις
3209 4368 3302 4428 οὖν
3321 4376 3377 4428 αἱ
3405 4376 3824 4446 θεῖαιδυνάμεις

560 4464 767 4519 divinis
819 4460 1171 4517 facultatibus
1229 4463 1571 4517 commistas.
1621 4461 1795 4516 Porro
1848 4461 2133 4517 facultates

566 4552 819 4625 corporis
861 4553 1104 4624 cujusvis
1129 4552 1397 4624 organici,
1433 4553 1684 4607 videlicet
1723 4568 1789 4607 ex
1815 4552 2131 4617 Aristotele,

555 4647 750 4702 dicunt
775 4661 896 4703 esse
926 4660 1142 4701 sensus.
1170 4644 1268 4698 His
1287 4659 1416 4715 ergo
1442 4644 1640 4699 divina:
1668 4643 1958 4700 facultates
1984 4660 2136 4700 corn-

553 4738 732 4793 Inistaa
769 4738 1025 4805 unionem
1052 4735 1210 4805 juxta
1242 4736 1391 4807 ipsos
1424 4733 1707 4802 efﬁciunt;
1752 4750 1942 4790 verum
1973 4750 2135 4790 neruo

551 4830 710 4901 ipsis,
740 4832 956 4900 Opinor,
974 4830 1337 4896 concesserit,
1386 4830 1538 4901 quod
1591 4845 1788 4885 sensus
1838 4844 2135 4900 corporeas

553 4922 844 4976 facultates
877 4931 1222 5001 asseverept:
1271 4923 1474 4977 etenim
1519 4922 1588 4978 iis
1628 4938 1748 4992 qua:
1778 4936 1945 4993 supra
1987 4921 2133 4977 (ίὶχὶ-

553 5028 699 5094 ιιιυε.2
735 5015 838 5070 ista
868 5022 1054 5084 aperte
1099 5014 1361 5069 distincta
1398 5026 1548 5079 sunt,
1578 5029 1828 5085 quaenam
1874 5013 2132 5067 nimirum

553 5105 775 5176 propria
827 5106 1075 5177 corporis
1118 5108 1253 5173 sint,
1297 5122 1549 5179 quaenam
1600 5108 1815 5172 animae,
1870 5105 2134 5160 nonnulla

552 5208 684 5252 Vero
714 5198 1005 5269 utriusque
1037 5200 1242 5256 simul:
1277 5209 1443 5272 atque
1470 5201 1525 5256 in
1568 5200 1807 5270 propriis
1848 5199 2136 5268 utriusque

553 5303 754 5346 sensus
784 5292 1149 5349 instrumenta
1190 5293 1510 5350 dicebamus
1561 5294 2014 5366 incorporearum
2048 5293 2135 5346 in-

551 5378 786 5435 confuse
826 5381 1082 5438 unionem
1124 5383 1493 5440 essentiarum
1535 5382 1675 5446 fieri,
1727 5397 1852 5437 cum
1896 5381 2135 5437 divinior

553 5474 709 5529 nullo
733 5474 894 5531 modo
922 5460 1232 5532 offendatur
1274 5476 1344 5533 ab
1384 5475 1674 5537 inferiore,
1729 5476 1838 5531 imo
1871 5474 1985 5529 haec
2014 5480 2135 5528 tan-

553 5572 672 5622 tum
701 5566 996 5638 adjuvetur
1031 5583 1062 5624 a
1101 5568 1407 5625 diviniore:
1463 5565 1908 5638 quandoquidem
1939 5574 2133 5620 natura

554 5668 695 5729 pure
721 5658 1049 5732 incorporea
1075 5660 1259 5717 omnia
1282 5661 1504 5733 impunc
1534 5658 1825 5731 pervolitat
1856 5658 1963 5714 latc
1988 5658 2130 5728 loca,

2239 4462 2667 4534 συγκιρνάμεναι
2694 4462 2793 4532 τὴν
2819 4462 3013 4517 ἕνωσιν
3039 4463 3444 4534 ἀπειργάσαντο
3464 4465 3818 4533 κατῖαὐτούς.

2237 4555 2424 4619 Οὐδεὶς
2456 4554 2513 4608 δὲ
2537 4554 2602 4607 ἂν
2644 4554 2847 4619 αὐτοῖς,
2880 4548 3057 4626 οἶμαι,
3085 4558 3458 4628 συγχωρήσειε
3492 4557 3591 4620 τὰς
3622 4555 3824 4627 αίσθὴ-

2237 4665 2350 4711 σεις
2379 4647 2695 4718 σωματικάς
2719 4647 2977 4718 δυνάμεις
2999 4649 3493 4720 ἀποφαινομένοις¹.
3525 4647 3825 4720 Διώρισται

2234 4740 2344 4809 γὰρ
2368 4739 2425 4791 ὲν
2468 4740 2582 4801 τοῖς
2617 4737 2925 4809 ἔμπροσθεν
2961 4738 3169 4807 σαφῶς,
3207 4739 3328 4793 τίνα
3366 4741 3464 4810 μὲν
3494 4740 3601 4794 ἴδια
3625 4739 3820 4810 σώμα-

2234 4846 2354 4894 τος,
2395 4829 2518 4883 τίνα
2548 4829 2605 4883 δὲ
2637 4828 2819 4901 ψυχῆς
2842 4868 2861 4897 ,
2894 4831 3017 4885 τίνα
3056 4830 3112 4884 δὲ
3143 4830 3236 4884 τοῦ
3270 4831 3677 4902 συναμφοτέρου
3720 4833 3824 4886 καὶ⁸

2236 4923 2292 4976 ὲν
2326 4923 2438 4985 τοῖς
2479 4920 2630 4986 ἰδίοις
2676 4921 2770 4976 τοῦ
2826 4923 3241 4994 συναμφοτέρου
3286 4923 3384 4985 τάς
3424 4922 3725 4992 αἰσθήσεις,
3749 4922 3828 4977 τὰ

2234 5013 2440 5083 ὄργανα
2499 5012 2757 5084 ἐλέγομεν
2807 5014 2914 5067 τῶν
2958 5015 3264 5085 ἀσωμάτων
3287 5056 3302 5081 ,
3342 5014 3662 5085 άσυγχύτως
3718 5015 3826 5085 τὴν

2235 5105 2428 5161 ἕνωσιν
2459 5106 2565 5160 τῶν
2597 5106 2793 5160 οὐσιῶν
2837 5107 3102 5175 γίνεσθαι,
3154 5107 3318 5179 μηδὲν
3355 5106 3826 5180 παραϐλασττομέ-

2234 5212 2333 5268 νης
2352 5198 2450 5269 τῆς
2480 5197 2757 5268 θειοτέρας
2777 5199 2841 5252 ἐκ
2862 5199 2962 5269 τῆς
2985 5199 3378 5272 ὑποδεεστέρας
3395 5236 3412 5265 ,
3454 5199 3589 5254 ἀλλὰ
3614 5199 3827 5271 ταύτης

2239 5288 2397 5360 μόνον
2449 5284 2833 5360 ὠφελουμένης
2875 5291 2941 5343 ὲκ
2991 5290 3092 5362 τῆς
3148 5289 3427 5362 θειοτέρας
3462 5307 3478 5325 °
3520 5290 3756 5362 ἐπείπερ
3787 5293 3824 5362 ἡ

2236 5379 2491 5452 καθαρῶς
2525 5380 2813 5451 ἀσώματος
2852 5380 3014 5450 φύσις
3058 5385 3227 5455 χωρεῖ
3265 5382 3364 5454 μὲν
3406 5383 3699 5447 ἀκωλύτως
3735 5384 3831 5439 διὰ

2236 5476 2473 5541 πάντων,
2513 5473 2581 5528 δι’
2607 5474 2777 5546 αὐτῆς
2800 5475 2856 5528 δὲ
2883 5465 3036 5531 οὐδέν
3061 5495 3073 5508 ·
3110 5476 3250 5531 ὥστε
3277 5477 3338 5530 τὸ
3370 5478 3470 5548 μὲν
3506 5480 3704 5549 χωρεῖν
3724 5478 3830 5532 αὐ-

2235 5566 2334 5638 τὴν
2363 5567 2451 5619 διὰ
2488 5564 2705 5619 πάντων
2738 5565 3015 5637 ἡνῶσθαι,
3041 5568 3102 5621 τὸ
3134 5568 3188 5622 δὲ
3231 5569 3396 5640 μηδὲν
3427 5569 3496 5623 δι’
3516 5570 3685 5639 αὐτῆς
3721 5569 3829 5639 μέ-

2236 5676 2347 5714 νειν
2397 5658 2627 5730 ἄμικτον
2660 5659 2756 5713 καὶ
2798 5658 3120 5731 ἁσύγχυτον.
3159 5661 3271 5715 Οὐκ
3326 5660 3545 5735 εὐδοκία
3586 5662 3767 5717 τοίνυν
3805 5664 3834 5716 6
