4008 6210
249 316 342 373 εει
1461 310 1801 368 EPISTOLA
1829 308 2196 368 CANONICA.

3346 316 3454 373 22‘)

250 433 406 497 τύπος
430 429 518 500 τῆς
540 423 797 493 ἑνὼσεως,
820 425 899 491 ὥς
928 443 1037 480 τισι
1063 426 1173 481 τῶν
1198 424 1423 492 ἐνδόξων
1455 426 1662 501 ἀνδρῶν
1692 428 1776 482 δο-

1884 437 1938 484 ει
1973 442 2069 499 ρει·
2109 428 2282 497 ipsam
2326 424 2464 481 nihil
2498 433 2775 495 penetrat:
2829 427 2906 482 ita
2951 436 3012 483 ut
3040 427 3126 485 vis
3169 427 3259 484 illa
3287 444 3456 501 pene-

252 520 473 579 κεῖοάλλ⁹
496 516 702 589 ἡφύσις
724 516 896 571 αἰτία.
932 514 1006 570 Τὸ
1033 516 1132 586 μὲν
1165 517 1275 589 γὰρ
1307 516 1594 571 ἀναλαϐεῖν
1627 518 1786 589 σῶμα

251 613 354 668 κατ’
371 608 597 664 εὐδοκίαν
616 607 760 663 εῐποι
784 620 872 670 τις
892 605 959 661 ἂν
980 606 1219 677 εὐλόγως
1254 608 1580 679 γεγενῆσθαι
1599 626 1614 640 ο
1645 609 1704 663 τὸ
1728 610 1785 663 δὲ

247 702 515 772 ἑνούμενον,
540 698 557 770 [
566 698 639 770 μὴ
687 698 912 762 καὶτὰς
959 695 1344 769 καταδάσειςο]
1361 694 1520 754 εἶναι.
1571 700 1786 754 Βέλτιον

242 789 337 858 οὗν,
361 791 432 855 ὡς
454 789 789 861 προείρηται,
813 787 955 842 κατὰ
969 789 1067 860 τὴν
1085 789 1201 842 οίκε
1210 789 1293 843 ίαν
1312 789 1491 859 φύσιν.
1511 791 1651 854 Τοὺς
1678 789 1786 862 γὰρ

243 882 453 953 βαθμοὺς
473 880 577 933 τῶν
603 878 817 951 ψυχῶν,
856 879 952 933 καὶ
995 879 1098 943 τὰς
1119 880 1433 944 ἀναϐάσεις,
1461 880 1529 944 ἃς
1571 881 1782 951 Ὠριγέ-

240 990 321 1043 γης
345 972 568 1038 εἰσάγει,
610 971 781 1043 μηδὲν
818 970 1147 1042 συνᾳδούσας
1171 974 1289 1034 ταῖς
1318 971 1488 1035 θείαις
1516 973 1778 1043 Γραφαῖς,

239 1066 351 1136 μηδὲ
406 1063 782 1134 προσηκούσας
831 1064 945 1127 τοῖς
977 1061 1085 1117 τῶν
1136 1061 1477 1135 Χριστιανῶν
1506 1063 1779 1133 δόγμασι,

237 1156 613 1226 παραλειπτέον.

1891 518 2071 573 trandi
2098 532 2195 589 per
2215 517 2399 572 omnia
2427 516 2669 581 uniatur,
2700 517 2879 572 virtus
2907 531 3035 573 vero
3062 533 3171 589 qua
3197 519 3330 573 nihil
3361 534 3458 590 per

1884 611 2057 680 ipsam
2093 609 2313 671 transit,
2338 615 2556 663 maneat
2578 607 2809 662 illibata.
2838 607 3204 674 Quamobrem
3237 612 3458 667 unionis

1882 700 2079 756 modus
2114 712 2226 755 non
2263 697 2330 752 ad
2356 697 2613 768 placitum
2645 704 2750 764 est,
2779 705 2840 752 ut
2871 698 3196 767 quibusdam
3228 699 3458 756 illustri-

1883 791 1985 847 bus
2019 791 2153 846 viris
2190 789 2423 855 videtur,
2460 788 2556 843 sed
2600 796 2795 842 natura
2821 803 2988 844 causa
3018 799 3119 845 est.
3148 788 3284 844 Nam
3310 789 3457 861 quod

1887 883 2248 953 assumpserit
2303 894 2507 951 corpus
2552 894 2621 936 ex
2670 879 3033 950 beneplacito,
3089 879 3291 935 factum
3333 897 3457 939 esse

1883 975 2007 1045 jure
2038 973 2234 1028 merito
2260 974 2384 1044 quis
2422 974 2607 1029 dicere
2632 971 2827 1043 possit,
2856 971 3003 1043 quod
3040 981 3219 1028 autem
3247 974 3453 1037 unitur,

1887 1080 1997 1120 non
2024 1066 2322 1121 secundum
2352 1065 2650 1121 descensus
2676 1078 2836 1119 esse:
2870 1064 3101 1135 proinde
3143 1064 3360 1129 melius,
3396 1072 3458 1119 ut

1886 1165 2014 1213 ante
2038 1158 2242 1212 dictum
2271 1167 2377 1225 est,
2408 1156 2561 1226 juxta
2584 1156 2858 1226 propriam
2885 1165 3159 1210 naturam.
3184 1154 3454 1210 Caeterum

232 1252 499 1307 animarum
538 1248 751 1320 gradus
780 1254 836 1304 et
871 1262 1135 1303 ascensus
1187 1253 1243 1302 et
1290 1246 1592 1303 descensus
1644 1263 1782 1317 quos
1819 1247 2083 1321 Origenes
2129 1248 2361 1313 inducit,
2417 1256 2479 1303 ut
2557 1247 2707 1302 nulla
2774 1246 2832 1301 in
2880 1262 2937 1302 re
2972 1246 3175 1303 divinis
3224 1247 3455 1318 eloquiis

229 1344 572 1409 concinentes,
637 1357 816 1413 neque
868 1340 1303 1397 Christianorum
1355 1338 1590 1396 decretis
1644 1351 2036 1413 congruentes,
2067 1343 2486 1412 praetermittere
2515 1355 2616 1413 par
2648 1347 2753 1397 est.

236 1549 3431 1586 mw

1517 1715 1744 1799 ΤΟΥ
1798 1710 2175 1801 ΑΥΤΟΥ

937 1923 1737 2046 ΕΠΙΣΤΟΛΗ

1884 1926 2730 2044 ΚΑΝΟΝΙΚΗ

827 2140 1011 2200 ΠΡΟΣ
1061 2143 1200 2199 ΤΟΝ
1242 2142 1335 2199 ΕΝ
1371 2140 1593 2198 ΑΓΙΟῙΣ
1627 2136 1937 2196 AHTOION
1966 2139 2367 2196 ΕΠΙΣΚΟΠΟΝ
2397 2138 2803 2197 ΜΕΜΤΙΝΗΣ.

1135 2410 1680 2557 EJUSBEM
1754 2462 1849 2555 ε.
1902 2459 2485 2555 G‘REGORII

915 2699 1730 2820 EPISTOLA

1878 2692 2819 2813 CANONICA'

1126 2938 1218 2990 AD
1258 2935 1316 2991 S.
1357 2925 1670 2989 LETOIUM
1695 2925 2066 2986 MELITINES
2109 2924 2520 2985 EPISCOPUM.

1411 3250 1662 3302 Gentiano
1684 3249 1905 3300 [terreto
1922 3251 2225 3312 interprete._

268 3552 361 3608 ἐν
384 3549 479 3607 καὶ
501 3542 670 3607 τοῦτο
688 3549 800 3606 τῶν
818 3550 898 3617 είς
920 3549 1020 3623 τὴν
1041 3547 1203 3621 ἁγίαν
1232 3548 1426 3623 ἑορτὴν
1459 3541 1773 3603 συντελούν-

1949 3546 2106 3619 [Cum
2128 3548 2151 3601 ι
2173 3556 2222 3601 ει
2244 3544 2327 3619 2.]
2355 3542 2538 3601 Unum
2557 3544 2663 3601 hoc
2685 3558 2902 3616 quoque
2924 3548 3010 3601 est
3026 3559 3217 3601 eorum
3239 3561 3363 3618 qua:
3383 3545 3453 3603 ad
3493 3566 3498 3571 υ

206 3650 303 3698 ⁴των
329 3646 479 3711 ἔστι,
525 3644 589 3698 τὺ
641 3642 977 3713 κατανοῆσαι
1009 3644 1156 3715 ἡμᾶς
1184 3641 1283 3714 τὴν
1317 3641 1539 3713 ἕννομόν
1578 3658 1639 3695 τε
1682 3641 1776 3696 καὶ

211 3737 479 3808 κανονικὴν
534 3737 630 3790 ἐπὶ
669 3734 779 3790 τῶν
835 3735 1376 3807 πεπλημμεληκιτων
1426 3734 1736 3806 οἰκονομίαν
1756 3748 1774 3765 ⁸

205 3825 341 3890 ὅπως
365 3825 429 3880 ἂν
454 3825 830 3897 θεραπευθείη
852 3826 960 3879 πᾶν
984 3823 1323 3896 ἀρρώστημα
1349 3823 1669 3894 ψυχικὸν,τδ
1689 3822 1777 3877 διά

207 3930 340 3980 τινος
367 3918 641 3989 ἁμαρτίας
661 3917 1057 3987 ὶπιγινόμενον.
1086 3912 1303 3987 Ἐπειδὴ
1327 3915 1435 3987 γὰρ
1457 3916 1490 3986 ἡ
1514 3913 1775 3985 καθολικὴ

206 4008 289 4059 καὶ
328 4005 472 4078 αὕτη
518 4006 621 4077 τῆς
675 4007 902 4070 κτίσεως
944 4006 1104 4077 ἑορτὴ
1134 4005 1277 4059 κατὰ
1310 4006 1410 4076 τὴν
1438 4004 1775 4075 τεταγμένην

209 4097 437 4168 ¹ερίοδον
461 4097 561 4151 τοῦ
599 4098 929 4151 ἐνιαυσιαίου
974 4097 1176 4151 κύκλου
1205 4096 1327 4151 καθ’
1360 4096 1589 4150 ἕκαστον
1633 4096 1772 4161 ἔτος,

204 4186 255 4238 ὲν
298 4186 458 4240 παντὶ
510 4186 861 4258 πληρουμένη
906 4185 984 4256 τῷ
1033 4185 1255 4257 κόσμῳ,
1300 4185 1394 4238 ἐπὶ
1424 4187 1490 4255 τῇ
1534 4184 1775 4238 ἀναστά-

208 4292 279 4329 σιι
301 4278 393 4331 τοῦ
435 4278 792 4341 πεπτωκότος
830 4277 1156 4331 ἐπιτελεῖται
1190 4290 1205 4306 ·
1240 4274 1447 4338 πτῶσις
1472 4275 1530 4328 δέ
1561 4275 1708 4328 ἐστιν
1739 4275 1773 4345 ἡ

204 4369 430 4440 ἁμαρτία
446 4389 462 4401 ·
497 4370 796 4433 ἀνάστασις
817 4368 875 4421 δὲ
896 4372 929 4439 ή
950 4369 1015 4421 ἐκ
1040 4367 1131 4421 τοῦ
1156 4365 1447 4437 πτώματος
1474 4366 1573 4437 τῆς
1596 4367 1776 4437 ἁμαρ-

202 4462 310 4523 τίας
366 4460 708 4532 ἀνόρθωσις·
753 4459 934 4523 καλῶς
967 4458 1036 4513 ἂν
1086 4458 1198 4530 ἔχοι
1233 4459 1372 4512 κατὰ
1418 4459 1516 4529 τὴν
1562 4457 1775 4529 ἡμέραν

200 4551 413 4623 ταύτην,
460 4554 530 4606 οὐ
585 4551 747 4623 μόνον
781 4550 907 4614 τοὺς
934 4551 1000 4603 ἐκ
1027 4549 1442 4619 παλιγγενεσίας
1488 4565 1772 4620 μεταστοι-

202 4644 543 4713 χιιουμένους
595 4640 685 4696 διὰ
727 4640 826 4711 τῆς
862 4640 955 4693 τοῦ
986 4638 1214 4711 λουτροῦ
1258 4640 1479 4712 χάριτος
1521 4640 1602 4710 τῷ
1655 4639 1776 4711 Θεῷ

205 4734 517 4801 προσάγειν,
545 4732 683 4787 ἀλλὰ
711 4730 806 4786 καὶ
841 4734 968 4797 τοὺς
998 4730 1087 4787 διὰ
1123 4732 1226 4802 τῆς
1264 4732 1550 4802 μετανοίας
1585 4748 1646 4784 τε
1681 4732 1775 4785 καὶ

203 4822 533 4894 ἔπιε-τροφῆς
561 4824 673 4877 ἀπὸ
719 4823 828 4878 τῶν
868 4824 1076 4895 νεκρῶν
1124 4823 1301 4893 ἔργων
1337 4825 1417 4887 είς
1461 4823 1562 4894 τὴν
1596 4823 1775 4887 ζῶσαν

1877 3646 2130 3696 sanctum
2153 3636 2352 3694 festum
2369 3636 2686 3705 conferunt,
2708 3641 2754 3695 si
2774 3655 2875 3697 nos
2890 3640 3264 3712 intelligamus
3281 3641 3459 3715 legiti-

1877 3747 2022 3787 mam
2051 3738 2106 3787 et
2132 3730 2456 3787 canonicam
2480 3729 2535 3784 in
2555 3730 2623 3786 iis
2640 3732 2734 3803 qui
2756 3734 3454 3803 peccaruntmconomiam,

1878 3835 1937 3880 ut
1968 3833 2194 3880 curetur
2239 3827 2420 3880 omnis
2460 3824 2688 3882 morbus
2730 3826 2928 3879 anima:
2964 3825 3058 3896 qui
3093 3840 3192 3896 per
3231 3825 3456 3897 aliquod

1876 3924 2162 3988 peccatum
2204 3916 2428 3971 accidit.
2462 3915 2733 3982 Quoniam
2765 3916 2912 3971 enim
2958 3916 3064 3972 hoc
3102 3926 3188 3972 est
3227 3916 3455 3971 univer-

1876 4010 1991 4065 sale
2063 4009 2264 4064 festuiu
2296 4009 2622 4075 creationis,
2660 4008 2808 4079 quod
2848 4007 2905 4062 in
2939 4007 3248 4079 praestituto
3284 4009 3455 4066 annui

1876 4102 2071 4157 circuli
2106 4100 2338 4164 ambitu,
2370 4101 2606 4171 singulis
2638 4100 2801 4154 annis
2843 4100 2897 4153 in
2930 4100 3189 4155 universo
3224 4102 3447 4167 mundo,

1875 4199 2101 4261 propter
2132 4190 2253 4259 ejus
2281 4188 2373 4258 qui
2404 4188 2680 4243 ceciderat
2710 4187 3196 4253 resurrectionem,
3233 4190 3448 4262 peragi-

1877 4292 1967 4335 tur
2001 4285 2200 4351 (casus
2233 4285 2418 4333 autem
2465 4282 2550 4331 est
2597 4285 2905 4347 peccatum,
2942 4279 3272 4335 resurrectio
3299 4296 3449 4348 vero,

1874 4386 1942 4426 ex
1971 4370 2178 4440 peccati
2206 4384 2339 4424 casu
2361 4369 2621 4439 erectio),
2640 4374 2789 4425 recte
2813 4368 3087 4435 habuerit,
3117 4372 3163 4427 si
3188 4369 3452 4428 hodierno

1875 4462 1964 4517 die
1984 4476 2095 4516 non
2122 4461 2300 4515 solum
2330 4472 2426 4515 eos
2448 4460 2542 4530 qui
2570 4474 2639 4514 ex
2670 4459 3091 4531 regeneratione
3122 4476 3220 4531 per
3246 4462 3453 4517 lavacri

1875 4552 2109 4623 gratiam
2158 4550 2517 4605 transmutati
2551 4555 2701 4613 sunt,
2758 4547 2824 4603 ad
2869 4547 3039 4604 Deum
3093 4549 3451 4618 adducamus,

1877 4642 1973 4698 sed
2007 4656 2105 4698 eos
2149 4639 2315 4697 etiam
2350 4639 2445 4711 qui
2486 4654 2585 4711 per
2618 4638 3002 4710 paenitentiam
3032 4647 3088 4695 et
3135 4639 3454 4695 conversio-

1876 4750 2025 4799 nem,
2066 4748 2098 4787 ε
2122 4734 2357 4789 mortuis
2387 4732 2649 4802 operibus
2680 4729 2746 4787 ad
2780 4731 3054 4787 viventem
3081 4730 3226 4785 viam
3261 4745 3453 4787 ascen-

1876 4825 2036 4888 dunt,
2067 4824 2134 4879 ad
2165 4838 2318 4895 spem
2342 4838 2461 4892 qua
2483 4823 2666 4878 salvos
2686 4837 2782 4878 eos
2817 4821 2981 4877 faciat
3007 4829 3261 4892 tanquam
3286 4834 3449 4876 manu

201 4910 311 4966 ὸῶν
332 4914 500 4968 πάλιν
515 4915 859 4981 ἐπανιόντας,
885 4916 981 4969 κα)⁸
1006 4915 1227 4980 τούτους
1251 4919 1611 4988 χειραγωγεῖν
1637 4917 1775 4989 πρὸς

1880 4916 2241 4980 deducamus,
2274 4931 2304 4970 a
2332 4928 2440 4985 qua
2469 4929 2565 4985 per
2594 4922 2881 4985 peccatum
2920 4913 3140 4969 alienati
3168 4922 3316 4968 sunt.
3346 4912 3454 4968 Ne»

202 5002 292 5073 τὴν
320 5005 601 5070 σώζουσαν
625 5005 842 5070 ἐλπίδα,
870 5000 939 5077 ἦς
964 5006 1052 5060 διὰ
1076 5009 1175 5079 τῆς
1207 5008 1478 5079 ἁμαρτίας
1501 5006 1777 5075 iamEt-nub-

206 5092 387 5165 θησαν.
422 5097 649 5152 Ἐστιᾶ
678 5099 739 5152 οὐ
765 5098 959 5170 μικρὸν
980 5098 1158 5170 ἔργον,
1184 5099 1245 5153 τὸ
1269 5100 1393 5163 τοὺς
1421 5102 1549 5173 περὶ
1573 5099 1779 5154 τούτων

202 5185 385 5254 λόγως
406 5191 761 5263 οἰκονομῆσαι
786 5191 844 5244 ἑν
871 5193 937 5262 τῇ
965 5190 1097 5262 ὀρθῇ
1130 5200 1192 5245 τε
1226 5196 1321 5245 καὶ
1344 5191 1778 5263 δεδοκιμασμένῃ

208 5280 405 5349 κρίσει,
444 5283 577 5336 κατὰ
614 5283 678 5336 τὺ
726 5282 1091 5355 παράγγελμα
1138 5282 1232 5337 τοῦ
1266 5283 1573 5354 Προφήτου,
1596 5283 1657 5336 τὺ
1682 5300 1779 5336 κε-

202 5368 347 5425 Εἰον
378 5373 494 5427 δεῖν
535 5375 893 5445 οἰκονομεῖν
920 5374 1061 5442 τὸυς
1083 5378 1308 5445 ,λόγους
1329 5376 1400 5429 ἐν
1421 5376 1636 5444 κρίσει,
1661 5377 1768 5440 ἵνα,

209 5462 382 5526 καθὼς
413 5463 603 5534 εχιιτδ
626 5465 825 5534 λόγιον,
852 5465 1009 5531 μήτε
1029 5463 1302 5534 σαλευθῇ
1316 5468 1402 5532 είς
1424 5464 1531 5520 τὸν
1563 5465 1768 5530 αἰῶνα,

204 5554 295 5606 uti
343 5558 445 5621 εις
488 5557 887 5627 μνημόσυνον
933 5559 1171 5613 citerior
1228 5556 1469 5629 γένηται
1523 5557 1769 5625 δίκαιος.

268 5720 313 5755 ’³
345 5721 485 5783 Pal
520 5742 639 5795 cxt,
680 5728 715 5783 9
740 5744 864 5800 sqq.

1880 5022 1987 5076 que
2013 5020 2146 5061 vero
2178 5018 2405 5076 parvum
2440 5017 2579 5073 opus
2611 5008 2714 5064 est,
2750 5016 2835 5067 ea,
2870 5016 2993 5071 qua:
3022 5001 3089 5057 de
3125 5002 3196 5056 iis
3224 5001 3454 5057 dicenda

1882 5107 2032 5161 sunt,
2061 5098 2116 5151 in
2153 5105 2305 5151 recto
2335 5101 2389 5150 et
2428 5093 2657 5164 probato
2681 5091 2891 5160 judicio
2921 5092 3265 5162 dispensare,
3297 5092 3455 5163 juxta

1882 5195 2215 5260 przeceptum
2250 5183 2556 5254 Prophetas,
2592 5181 2739 5252 quod
2772 5182 2929 5252 jubet
2962 5191 3217 5252 oportere
3251 5201 3454 5239 sermne

1880 5297 1969 5335 ne:
2013 5279 2326 5346 dispensare
2375 5276 2429 5329 in
2448 5275 2681 5343 judicio,
2719 5280 2779 5327 ut
2802 5272 3261 5343 quemadmodum
3292 5275 3458 5330 habet

1878 5371 2121 5426 divinum
2153 5367 2435 5422 oraculum
2458 5406 2472 5430 ,
2515 5382 2620 5419 non
2656 5375 2926 5418 moveatur
2967 5365 3023 5418 in
3063 5373 3318 5419 mternunt
3344 5408 3359 5430 ,
3396 5376 3448 5421 ει

1879 5464 1935 5517 in
1952 5470 2151 5516 (eterna
2172 5457 2427 5513 meritoria
2446 5456 2516 5511 sit
2530 5455 2709 5525 justus
2721 5453 2788 5507 ⁸³.
2812 5452 3283 5519 Quemadmodum
3307 5456 3456 5512 enim

1881 5555 2043 5613 etiam
2076 5551 2131 5607 in
2166 5549 2441 5621 corporali
2492 5548 2726 5613 medela,
2767 5561 2938 5605 unum
2977 5555 3063 5605 est
3103 5548 3325 5620 quidem
3370 5545 3457 5606 in~
