4008 6210
557 307 662 360 223

1784 284 1840 340 S.
1882 283 2207 340 GliLGORil
2249 281 2538 340 NYSSFSI

3700 281 3805 336 ἰρι

563 417 809 466 stitutum
832 403 1136 466 medicinae,
1162 416 1359 458 sanare
1382 416 1505 456 eum
1530 402 1621 470 qui
1656 402 1890 463 laborat,
1917 402 2128 455 varium

2250 402 2443 473 Ὠσπερ
2469 403 2575 471 γὰρ
2604 402 2694 454 καὶ
2719 401 2810 452 ἐπι⁵
2840 401 2938 468 τῆς
2968 398 3282 470 σωματικῆς
3306 397 3620 468 θεραπείας,
3648 401 3677 452 ὁ
3711 401 3805 468 μὲν

563 509 744 555 autem
779 505 864 552 est
906 492 1212 550 curationis
1255 507 1428 562 genus
1473 496 1602 560 (pro
1634 493 1949 545 morborum
1987 492 2132 546 enim

566 590 850 648 varietate,
899 582 1289 637 convenienter
1337 595 1555 649 quoque
1592 579 1874 634 medicina:
1925 578 2136 632 metho-

565 683 670 734 dus
719 693 784 732 ac
835 675 1129 743 disciplina
1188 671 1488 741 unicuique
1538 670 1730 723 morbo
1779 670 2133 738 applicatur),

567 769 640 823 ita
673 783 796 823 cum
824 767 991 820 multa
1017 765 1088 820 sit
1121 765 1174 817 in
1204 763 1408 818 morbis
1436 778 1650 832 quoque
1676 763 1869 816 anima:
1899 761 2139 816 affectio-

566 872 696 909 num
737 856 998 917 varietas,
1029 852 1384 906 multiformis
1417 867 1636 921 quoque
1676 853 1986 905 necessario
2023 851 2138 904 fue-

566 948 639 1003 rit
678 948 887 1002 medica
917 946 1150 1010 curatio,
1208 943 1276 997 ad
1307 942 1617 998 affectionis
1667 943 1934 996 rationem
1971 941 2138 996 medi-

568 1041 748 1095 cinam
785 1053 1069 1094 exercens.
1107 1035 1176 1089 Ut
1223 1035 1293 1089 sit
1325 1042 1506 1088 autem
1559 1043 1676 1088 arte
1713 1034 1896 1104 aliqua
1945 1048 2140 1102 procc-

457 1179 469 1189 .
569 1132 706 1186 dens
741 1130 1035 1199 propositae
1065 1125 1386 1198 quaestionis
1418 1124 1730 1189 methodus,
1773 1139 1887 1180 rem
1922 1124 1994 1176 ita
2027 1131 2140 1176 tra-

571 1223 860 1277 ctabirnus.

642 1407 771 1462 Tria
831 1412 959 1459 sunt
995 1419 1114 1474 quae
1167 1403 1222 1457 in
1263 1385 1441 1457 anima
1496 1410 1683 1456 nostra
1723 1397 2144 1454 considerantur

573 1499 870 1557 secundum
907 1497 1136 1569 primani
1153 1496 1516 1551 divisionem:
1553 1493 1711 1555 ratio,
1745 1490 2141 1560 concupiscen-

575 1593 673 1655 tia,
713 1599 766 1646 et
801 1591 903 1644 ira.
952 1588 1009 1642 ln
1055 1588 1123 1643 iis
1171 1597 1298 1642 sunt
1329 1595 1382 1641 et
1429 1595 1578 1641 recte
1634 1584 1772 1638 facta
1819 1597 2007 1637 eorum
2049 1581 2143 1651 qui

573 1698 640 1737 ex
679 1681 872 1735 virtute
914 1680 1120 1745 vivunt,
1161 1685 1214 1733 et
1262 1677 1461 1732 delicta
1506 1691 1780 1746 casusque
1812 1689 2002 1729 eorum
2048 1671 2142 1741 qui

575 1776 642 1828 ad
694 1773 884 1829 vitium
936 1770 1274 1824 dilabuntur.
1323 1769 1689 1835 Quamobrem
1746 1772 1961 1836 oportet
2019 1778 2143 1818 eum

573 1866 668 1936 qui
699 1864 982 1934 aegrotanti
1011 1863 1205 1917 anima:
1243 1861 1385 1931 parti
1427 1859 1842 1914 convenientem
1879 1855 2145 1934 medelam

574 1963 658 2008 est
718 1952 1103 2014 adhibiturus,
1151 1950 1306 2021 prius
1387 1948 1604 2019 quidem
1664 1945 2014 2001 considerare
2091 1943 2147 1996 in

576 2059 815 2116 quonam
883 2042 1142 2099 consistit
1197 2041 1451 2105 affectio,
1501 2038 1698 2094 deinde
1749 2037 1831 2093 sic
1876 2035 2147 2090 laboranti

577 2136 991 2192 convenientem
1029 2132 1291 2188 medelam
1321 2131 1615 2200 applicare.
1664 2143 1734 2182 ne
1780 2134 2002 2197 propter
2034 2140 2149 2179 me.-

577 2227 714 2281 dicaa
743 2223 1048 2294 disciplinae
1079 2221 1465 2291 ignorantiam,
1511 2218 1616 2270 alia
1664 2216 1885 2286 quidem
1919 2216 1992 2271 sit
2021 2230 2148 2286 pars

577 2333 698 2388 quae
745 2322 992 2386 aegrotat,
1051 2313 1154 2365 alia
1197 2325 1325 2365 vero
1365 2310 1451 2364 cui
1486 2317 1572 2364 est
1614 2308 1859 2362 adhibita
1907 2308 2144 2362 medela:

579 2411 726 2464 sicut
778 2415 925 2462 certe
964 2405 1169 2460 multos
1207 2403 1461 2458 videmus
1496 2399 1758 2465 medicos,
1793 2401 1885 2470 qui
1929 2409 2150 2469 propter

579 2507 757 2576 primo
807 2504 1014 2559 affecta:
1052 2502 1225 2573 partis
1281 2502 1680 2571 ignorationem
1727 2500 1980 2555 morbum
2037 2499 2150 2553 suis

577 2595 992 2652 medicamentis
1033 2593 1325 2662 adaugent.
1360 2591 1496 2646 Cum
1560 2593 1706 2646 enim
1754 2606 1896 2660 saepe
1920 2589 2150 2644 exsistat

579 2689 804 2743 morbus
832 2693 1056 2758 propter
1097 2685 1525 2740 dominationem
1579 2694 1633 2738 et
1671 2683 2151 2752 exsuperationem

579 2777 776 2841 calidi,
839 2774 1097 2845 quoniam
1149 2773 1218 2827 iis
1263 2773 1356 2842 qui
1410 2780 1631 2842 propter
1685 2768 1908 2827 nimiam
1968 2771 2149 2841 frigidi

581 2866 969 2922 abundantiam
1013 2865 1154 2918 male
1184 2863 1362 2917 affecti
1389 2871 1538 2924 sunt,
1577 2863 1708 2917 utile
1745 2870 1828 2917 est
1874 2862 2015 2932 quod
2061 2877 2152 2915 ca-

583 2956 765 3012 lefacit
811 2945 866 3009 et
915 2952 1190 3019 confovet,
1241 2952 1293 3005 id
1324 2953 1467 3022 quod
1505 2952 1612 3006 illis
1645 2965 1711 3006 ex
1747 2952 1960 3006 ratione
1996 2950 2152 3004 adbi-

2236 495 2433 555 σκοπὸς
2455 493 2554 562 τῆς
2583 491 2830 562 ἰατρικῆς
2847 485 2926 553 εἷς
2946 491 3156 552 ἐστι,τὸ
3187 490 3405 557 ὑγιᾶναι
3443 489 3535 541 τὸν
3577 489 3813 558 κάμνον-

2235 603 2321 639 τα·
2341 585 2401 637 τὸ
2429 586 2484 638 δὲ
2509 581 2647 644 εἶδος
2665 584 2763 653 τῆς
2791 582 3102 652 ἐπιμελείας
3121 581 3372 650 διάφορον
3391 596 3402 607 ·
3431 580 3567 632 κατά
3589 580 3657 647 γά
3667 597 3695 649 ρ
3711 581 3808 649 τὴν

2236 676 2506 729 ποικιλίαν
2537 676 2644 729 τῶν
2678 675 3125 746 ἀρρωστημάτων
3168 671 3513 742 καταλλήλως
3547 672 3640 724 καὶ
3668 674 3700 736 ἠ
3730 672 3811 723 θε-

2239 767 2542 837 ραπευτικὴ
2576 767 2793 836 μέθοδος
2828 766 3039 834 ἑκάστῳ
3071 764 3178 816 τῶν
3201 763 3520 833 νοσημάτων
3541 763 3809 833 προσάγε-

2237 876 2326 910 ται
2355 876 2367 889 ·
2399 857 2544 910 οῦτω
2569 857 2767 926 πολλῆς
2797 856 2960 926 οῦσης
2998 857 3090 908 καὶ
3123 857 3180 907 ἐν
3209 857 3273 925 τῇ
3303 856 3502 924 ψυχικῇ
3545 855 3684 924 νόσῳ
3711 858 3807 924 τῆς

2239 949 2346 1002 τῶν
2365 951 2550 1003 παθῶν
2572 949 2859 1012 ποικιλίας,
2880 950 3188 1017 ἀναγκαίως
3216 949 3496 1018 πολυειδὴς
3526 950 3810 1018 γενήσεται

2238 1044 2272 1111 ἡ
2308 1042 2672 1112 θεραπευτικὴ
2722 1041 3038 1112 ἐπιμέλεια,
3074 1040 3208 1108 πρὸς
3256 1039 3410 1107 λόγον
3455 1038 3547 1091 τοῦ
3609 1039 3809 1102 πάθους

2240 1131 2535 1201 ἐνεργοῦσα
2579 1133 2677 1200 τὴν
2729 1131 2887 1184 ἴασιν.
2933 1131 3018 1193 Ὡς
3047 1129 3177 1183 δ’ἂν
3225 1127 3433 1196 γένοιτό
3476 1144 3556 1190 τις
3590 1127 3810 1198 τεχνικὴ

2245 1223 2462 1292 μέθοδος
2483 1223 2719 1294 περὶτοῦ
2743 1221 3102 1293 προκειμένου
3138 1220 3343 1291 προόλή
3353 1235 3535 1290 ματος,
3560 1217 3700 1271 οὕτω
3718 1217 3812 1270 τὸν

2241 1313 2394 1381 λόγον
2427 1314 2816 1384 διαληψόμεθα.

2312 1407 2450 1477 Τρία
2501 1409 2617 1459 ἐστὶ
2650 1409 2716 1460 τὰ
2754 1408 2878 1477 περὶ
2914 1405 3010 1476 τὴν
3058 1405 3232 1474 ψυχὴν
3270 1402 3424 1474 ἡμῶν
3467 1399 3813 1474 θεωρούμενα

2243 1500 2382 1553 κατά
2424 1500 2522 1570 τὴν
2565 1499 2787 1571 πρώτην
2833 1499 3126 1569 διαίρεσιν’
3167 1498 3228 1550 τό
3257 1514 3314 1549 τε
3344 1496 3599 1564 λογικὸν,
3634 1495 3815 1547 καὶτὸ

2245 1589 2662 1660 ἐπιθυμητικὸν,
2703 1591 2798 1643 καὶ
2851 1590 2910 1642 τὸ
2961 1587 3256 1658 θυμοειδές.
3302 1587 3392 1641 Ἐν
3443 1586 3651 1648 τούτοις
3697 1584 3815 1636 ἐστι

2246 1682 2340 1734 καὶ
2361 1683 2429 1735 τὰ
2461 1682 2859 1752 κατορθώματα
2888 1682 2994 1734 τῶν
3027 1682 3146 1735 κατ’
3173 1681 3371 1750 ἀρετὴν
3404 1678 3658 1748 βιούντων
3677 1715 3691 1739 ,
3719 1677 3816 1728 καὶ

2245 1775 2311 1828 τά
2343 1775 2610 1846 πτώματα
2631 1776 2737 1830 τῶν
2763 1777 2841 1839 είς
2871 1775 3069 1828 κακίαν
3099 1773 3496 1844 ἀπορρεόντων.
3529 1770 3617 1823 Διδ
3647 1786 3817 1841 προσ·-

2245 1867 2368 1938 ήκει
2407 1867 2498 1919 τὸν
2535 1867 2794 1936 μέλλοντα
2827 1867 2924 1938 τὴν
2958 1865 3286 1935 κατάλληλον
3326 1863 3617 1933 θεραπείαν
3643 1878 3814 1932 προσο

2247 1957 2401 2025 άγειν
2444 1955 2522 2027 τῷ
2558 1957 2867 2027 νενοσηκὸτι
2901 1957 3000 2026 τῆς
3021 1955 3198 2025 ψυχῆς
3223 1954 3394 2024 μέρει,
3427 1952 3686 2023 πρότερον
3716 1951 3817 2020 μὲν

2247 2045 2671 2099 ἐπισκέπτεσθαι
2705 2048 2761 2098 ἐν
2796 2045 2900 2099 τίνι
2943 2044 3170 2114 συνέστη
3204 2043 3264 2095 τὸ
3311 2041 3512 2104 πάθος·
3549 2035 3646 2093 εἷθ’
3673 2039 3817 2092 οὕτω

2248 2138 2536 2191 πεπονθότι
2561 2137 2854 2209 προσάγειν
2883 2135 3152 2208 ἁρμοδίως
3183 2135 3282 2206 τὴν
3310 2131 3604 2205 θεραπείαν
3627 2146 3640 2158 ⁸
3675 2132 3818 2184 ὥστε

2251 2229 2325 2300 μὴ
2352 2230 2418 2283 δι’
2456 2229 2708 2300 ἀπειρίαν
2732 2228 2829 2298 τῆς
2871 2227 3268 2297 θεραπευτικῆς
3303 2225 3546 2295 μεθόδου,
3570 2223 3694 2279 ἀλλο
3720 2223 3818 2294 μὲν

2246 2312 2280 2391 ᾗ
2318 2316 2379 2369 τὸ
2417 2316 2649 2391 νοσῆσαν
2674 2316 2858 2386 μέρος,
2900 2316 3083 2386 ἓτερον
3112 2315 3168 2367 δὲ
3194 2314 3254 2368 τὸ
3289 2315 3388 2384 τὴν
3413 2314 3703 2385 θεραπείαν
3733 2313 3821 2366 δε..

2248 2385 2500 2484 χύμενονε
2526 2385 2714 2484 (ὥπερ
2735 2413 2925 2482 ἀμέλει
2953 2412 3220 2482 βλέπομεν
3244 2411 3468 2474 πολλοὺς
3488 2410 3592 2463 τῶν
3621 2411 3821 2481 ίατρῶν

2249 2507 2306 2559 ἐν
2347 2505 2570 2575 ἀπειρίᾳ
2597 2502 2691 2556 τοῦ
2725 2503 3207 2573 πρωτοπαθοῦντος
3247 2502 3442 2573 μέρους
3471 2501 3824 2572 προσεπιτρίο

2249 2595 2437 2658 6οντας
2461 2595 2560 2663 τὴν
2592 2593 2744 2647 νόσον
2775 2593 2842 2647 δι’
2869 2586 2942 2646 ὧν
2967 2591 3347 2663 θεραπεύουσι.
3371 2592 3482 2662 Τῆς
3501 2591 3608 2660 γὰρ
3639 2591 3825 2663 apem-

2251 2687 2402 2750 στίας
2453 2685 2619 2757 οῦσης
2671 2685 2926 2748 πολλάκις
2979 2683 3121 2738 κατὰ
3180 2682 3381 2754 θερμοῦ
3439 2683 3820 2752 ἐπικράτησιν,

2250 2773 2435 2848 ἐπειδὴ
2463 2781 2574 2840 τοῖς
2601 2776 2739 2830 κατὰ
2767 2775 3100 2846 πλεονασμὸν
3126 2775 3220 2829 τοῦ
3250 2773 3457 2845 ψυχροῦ
3498 2774 3824 2842 κεκακωμέ-

2250 2883 2360 2928 νοις
2395 2867 2662 2936 χρήσιμον
2693 2865 2753 2918 τὸ
2797 2865 3083 2935 θερμαῖνόν
3127 2881 3185 2917 τε
3213 2863 3308 2916 καὶ
3340 2861 3644 2916 ἀναθάλπον
3683 2863 3822 2929 ἐστὶ,

2249 2951 2310 3008 τὸ
2336 2955 2542 3019 τούτοις
2574 2955 2712 3009 κατὰ
2743 2955 2899 3024 λόγον
2935 2953 3286 3021 συνενεγκὸν,
3317 2952 3733 3023 ἀπερισκέπτως
3761 2950 3826 3004 τὸ

581 3051 752 3104 bitum
793 3046 1032 3102 confert:
1068 3045 1209 3100 idem
1247 3045 1315 3099 iis
1344 3045 1435 3114 qui
1478 3044 1834 3100 immoderata
1877 3045 2148 3099 caliditate

2255 3046 2386 3101 αὐτὸ
2445 3050 2556 3109 τοῖς
2597 3049 2654 3100 ἐν
2689 3046 2925 3117 ἀμετρίᾳ
2959 3044 3286 3116 θερμότητος
3319 3044 3692 3113 ἐκκαιομένοις
3726 3045 3828 3096 ἐπ-

581 3137 1019 3203 succenduntur,
1064 3136 1466 3191 inconsiderate
1495 3137 1860 3206 applicantes,
1905 3136 2150 3190 efficiunt

583 3237 640 3281 ut
675 3227 748 3281 sit
780 3225 1003 3279 morbus
1053 3231 1245 3278 curatu
1283 3222 1660 3277 difficillimus.
1684 3221 2150 3288 Quemadmodum

581 3333 713 3389 ergo
756 3316 984 3371 medicis
1046 3315 1101 3370 in
1134 3315 1325 3385 primis
1365 3317 1677 3370 necessaria
1727 3315 2036 3370 existimata
2067 3324 2156 3370 est

583 3411 975 3464 elementorum
1007 3406 1355 3476 preprietatis
1399 3405 1658 3474 cognitio,
1703 3414 1762 3459 ιιι
1803 3403 2155 3468 uniuscuius-

581 3516 688 3570 que
741 3515 931 3554 eorum
983 3513 1105 3567 qua:
1155 3499 1290 3551 bene
1323 3498 1405 3551 vel
1461 3498 1602 3552 male
1651 3497 1946 3551 constituta
1998 3504 2150 3559 sunt,

583 3590 638 3646 id
682 3586 826 3660 quod
856 3598 1051 3659 praeter
1095 3596 1346 3643 naturam
1382 3588 1632 3642 affectum
1681 3595 1783 3652 est,
1814 3589 2150 3657 corrigatur:

583 3681 666 3735 sic
710 3691 761 3734 et
818 3696 938 3746 nos,
976 3680 1044 3732 ad
1090 3679 1232 3733 hanc
1277 3689 1620 3734 recurrentes
1659 3679 2002 3744 divisionem,
2034 3695 2154 3750 qua:

582 3780 668 3828 est
718 3787 906 3825 eorum
949 3786 1069 3840 qua:
1119 3771 1172 3825 in
1227 3772 1407 3824 anima
1461 3767 1896 3836 considerantur,
1950 3772 2153 3840 princi-

580 3870 728 3940 pium
799 3871 855 3917 et
909 3861 1322 3917 fundamentum
1385 3863 1762 3917 convenientis
1806 3863 2152 3916 alfectionum

583 3955 885 4010 curationis
941 3957 1248 4024 generalem
1303 3955 1566 4008 faciamus
1614 3957 2149 4026 contemplationem.

583 4045 872 4100 Trifariam
903 4062 1051 4116 ergo,
1095 4056 1151 4100 ut
1173 4047 1434 4112 diXiillUS,
1464 4046 1637 4101 divisa
1667 4049 2000 4116 proprietate
2035 4064 2153 4102 mo-

582 4139 790 4192 tionum
835 4139 1048 4199 animae,
1099 4138 1152 4191 in
1211 4139 1501 4202 rationem,
1546 4139 2047 4208 concupiscentiam
2099 4148 2156 4194 et

582 4231 719 4283 iram
757 4249 769 4284 :
805 4230 1034 4284 rationis
1068 4230 1286 4300 quidem
1323 4231 1588 4300 compotis
1636 4231 1829 4283 animze
1858 4231 2030 4300 partis
2069 4236 2154 4286 est

585 4321 891 4390 perfectum
940 4330 994 4374 et
1039 4336 1105 4374 ex
1137 4321 1336 4376 virtute
1373 4329 1522 4376 recte
1551 4338 1609 4376 se
1661 4338 1855 4392 gerens
1887 4320 2152 4386 officium,

2255 3137 2582 3205 αγαγόντες,
2613 3136 2859 3188 δυσίατον
2879 3135 2940 3187 τὸ
2972 3134 3140 3197 πάθος
3173 3135 3448 3204 ἐποίησαν.
3480 3134 3688 3205 Ὥσπερ
3713 3135 3828 3187 τοί-

2253 3245 2346 3281 νυν
2385 3229 2786 3296 ἀναγκαιοτάτη
2819 3229 2930 3289 τοῖς
2974 3227 3172 3296 ἰατροῖς
3203 3224 3459 3295 ἐνομίσθη
3493 3226 3526 3295 ὴ
3556 3225 3825 3296 κατανόη-

2255 3337 2336 3382 σις
2361 3320 2460 3389 τῆς
2505 3319 2612 3371 τῶν
2663 3318 2943 3388 στοιχείων
2974 3317 3264 3387 ἰδιότητος,
3303 3317 3450 3378 ὅπως
3499 3316 3564 3369 ἂν
3593 3318 3824 3370 ἑκάστου

2251 3411 2359 3464 τῶν
2391 3407 2450 3464 εῦ
2485 3411 2517 3480 ἢ
2549 3409 2731 3472 κακῶς
2781 3408 3135 3479 διακειμένων
3180 3409 3386 3477 γένοιτο
3421 3407 3513 3460 τοῦ
3546 3408 3694 3477 παρά
3724 3409 3827 3476 φύ-

2256 3520 2336 3556 σιν
2371 3503 2760 3572 διατεθέντοςὴ
2795 3501 3164 3573 ἐπανόρθωσις
3193 3517 3207 3530 ’
3243 3500 3384 3554 οὕτω
3425 3501 3518 3553 καὶ
3547 3502 3704 3571 ἡμεῖς
3731 3503 3828 3554 ἐπὶ

2253 3593 2454 3665 ταύτην
2483 3593 2883 3664 ἀναδραμόντες
2915 3593 3013 3663 τὴν
3049 3593 3313 3662 διαίρεσιν
3343 3591 3448 3644 τῶν
3481 3592 3540 3644 ὲν
3567 3595 3632 3661 τῇ
3673 3591 3825 3662 ψυχῇ

2254 3685 2640 3755 θεωρουμένων
2659 3723 2674 3745 ,
2726 3685 2900 3754 ἀρχὴν
2932 3685 3024 3738 καὶ
3053 3685 3307 3738 ὑπόθεσιν
3355 3683 3455 3752 τῆς
3485 3683 3825 3752 καταλλήλου

2253 3777 2359 3830 τῶν
2387 3776 2574 3830 παθῶν
2609 3775 2902 3847 θεραπείας
2932 3773 3283 3847 ποιησώμεθα
3313 3775 3409 3846 τὴν
3440 3774 3658 3844 γενικὴν
3696 3775 3832 3828 θεω-

2259 3867 2396 3938 ρίαν.
2426 3867 2631 3920 Οὐκοῦν
2659 3867 2819 3937 τριχῆ
2843 3907 2856 3928 ,
2885 3867 3066 3930 καθώς
3095 3866 3303 3936 ἔφαμεν
3326 3907 3340 3933 ,
3367 3865 3697 3936 διῃρημένης
3725 3868 3830 3935 τῆς

2259 3960 2516 4031 ίδίοτητος
2546 3960 2653 4012 τῶν
2677 3959 2776 4028 τῆς
2803 3959 2980 4028 ψυχῆς
3012 3959 3322 4028 κινημάτων
3345 3999 3359 4022 ,
3397 3960 3474 4021 εἰς
3500 3959 3559 4011 τὸ
3591 3958 3829 4026 λογιστι-

2256 4051 2350 4104 κόν
2376 4068 2434 4103 τε
2470 4051 2560 4103 καὶ
2589 4050 2980 4120 ἐπιθυμητικὸν
3023 4049 3113 4102 καὶ
3143 4048 3420 4117 θυμοειδές
3445 4064 3459 4079 ο
3493 4047 3831 4118 κατόρθωμα

2259 4143 2358 4213 μὲν
2380 4142 2472 4196 τοῦ
2494 4139 2796 4207 λογιστικοῦ
2833 4141 3032 4210 μέρους
3063 4139 3158 4209 τῆς
3187 4139 3363 4208 ψυχῆς
3388 4139 3532 4190 ἐστιν
3556 4177 3570 4200 ,
3601 4141 3632 4207 ὴ
3667 4138 3831 4191 εὐσε-

2258 4231 2356 4302 ϐὴς
2385 4232 2511 4302 περὶ
2535 4230 2596 4283 τὸ
2616 4228 2767 4281 Θεῖον
2789 4227 3052 4296 ὑπόληψις
3077 4266 3092 4288 ,
3141 4226 3235 4278 καὶ
3261 4227 3294 4296 ἡ
3321 4224 3413 4278 τοῦ
3443 4225 3606 4278 καλοῦ
3644 4243 3700 4277 τε
3733 4227 3832 4279 καὶ.

2258 4322 2428 4376 κακοῦ
2479 4319 2786 4390 διακριτικὴ
2832 4319 3105 4387 ἐπιστήμη
3131 4354 3146 4379 ,
3200 4317 3293 4370 καὶ
3326 4317 3358 4386 ἡ
3393 4318 3592 4387 τρανὴν
3624 4335 3682 4369 τε
3731 4319 3832 4372 καὶ

583 4411 669 4481 pia
727 4411 793 4465 de
841 4411 950 4465 Deo
1003 4412 1356 4475 existimatio,
1394 4413 1521 4466 boni
1569 4422 1623 4466 et
1677 4413 1804 4466 mali
1834 4413 2148 4468 discernens

2257 4415 2559 4484 ἀσύγχυτον
2613 4412 2810 4481 ἔχουσα
2845 4410 2971 4480 περὶ
3013 4408 3114 4478 τῆς
3154 4408 3364 4476 φύσεως
3398 4409 3506 4462 τῶν
3534 4410 3833 4480 ὑποκειμέ-

583 4503 834 4564 scientia,
889 4509 940 4555 et
999 4518 1119 4571 qua:
1155 4502 1316 4556 habet
1359 4518 1543 4557 veram
1600 4512 1653 4557 et
1703 4519 1814 4557 non
1863 4501 2150 4560 confusam

582 4592 649 4645 de
679 4607 858 4646 rerum
889 4584 1258 4662 subiectarum
1292 4602 1489 4646 natura
1519 4594 1867 4663 Opinionem;
1908 4595 2041 4664 quid
2065 4601 2150 4650 est

581 4684 801 4752 quidem
855 4685 909 4738 in
944 4686 1012 4738 iis
1058 4700 1178 4754 qua:
1223 4694 1373 4747 sunt,
1418 4685 1812 4755 expetendum;
1845 4685 1975 4756 quid
2020 4701 2150 4740 vero

584 4776 988 4830 abliorrendum
1030 4788 1084 4830 et
1134 4776 1539 4846 abjiciendum;
1585 4785 1638 4831 et
1689 4790 1882 4833 rursus
1912 4793 1979 4832 ex
2013 4792 2148 4832 cou-

582 4869 753 4921 trario
781 4868 922 4937 quod
950 4869 1003 4921 in
1039 4884 1099 4922 ea
1132 4879 1279 4937 parte
1307 4877 1390 4924 est
1423 4870 1612 4922 vitium
1647 4872 1867 4925 omnino
1899 4870 2144 4926 conside-

583 4958 816 5024 rabitur,
865 4957 1084 5026 quando
1136 4958 1282 5011 circa
1331 4973 1420 5012 res
1468 4957 1687 5028 quidem
1732 4959 1946 5016 divinas
1993 4959 2156 5014 fuerit

585 5049 860 5119 impietas,
911 5050 1120 5103 nullum
1163 5056 1344 5102 autem
1395 5049 1542 5104 circa
1584 5051 1634 5104 id
1684 5051 1828 5120 quod
1880 5066 2006 5106 vere
2055 5051 2158 5104 ho-

584 5150 802 5196 nestum
841 5147 924 5195 est
949 5140 1215 5210 judicium
1258 5155 1553 5209 :perversa
1581 5149 1760 5195 autem
1803 5149 1856 5194 et
1895 5148 2155 5209 corrupta

585 5233 652 5288 de
697 5250 879 5289 rerum
934 5243 1128 5288 natura
1175 5232 1547 5298 existimatio,
1600 5243 1660 5287 ut
1717 5232 1884 5286 lucem
1919 5232 2156 5286 tenebras

585 5327 750 5379 ducat
804 5333 853 5378 et
911 5328 1146 5381 tenebras
1201 5327 1367 5380 lucem
1405 5325 1489 5392 “,
1549 5331 1610 5379 ut
1669 5323 1803 5379 dicit
1851 5325 2152 5395 Scriptura.

585 5416 1037 5484 Coneupiscentis
1061 5426 1240 5474 autem
1266 5417 1435 5486 partis
1463 5425 1643 5473 motus
1668 5428 1751 5471 est
1774 5433 1841 5472 ex
1866 5417 2085 5482 virtute,
2109 5417 2156 5472 si

584 5507 651 5564 ad
675 5507 725 5562 id
752 5507 894 5577 quod
923 5519 1007 5564 est
1038 5527 1226 5566 revera
1248 5509 1743 5583 concupiscendum
1775 5518 1828 5566 et
1880 5525 2005 5566 vere
2033 5511 2154 5580 pulo

659 5681 702 5712 “‘
737 5681 838 5738 ita.
881 5699 933 5744 v,
966 5684 1057 5736 ‘20.

2257 4522 2362 4558 νων
2384 4503 2481 4574 τὴν
2511 4502 2665 4567 δόξαν
2685 4519 2698 4531 ο
2728 4500 2778 4553 τί
2819 4500 2916 4569 μέν
2943 4501 3088 4552 ἐστιν
3115 4499 3330 4570 αἱρετὸν
3357 4501 3414 4552 ἐν
3438 4503 3549 4563 τοῖς
3581 4497 3700 4554 οὖσι
3727 4520 3740 4532 ·
3774 4503 3830 4556 τί

2257 4596 2312 4650 δὲ
2343 4595 2626 4666 βδελυκτον
2657 4593 2749 4648 και
2777 4591 3099 4659 ἀπόϐλητον.
3137 4593 3247 4645 Καὶ
3271 4592 3431 4646 πάλιν
3458 4595 3518 4645 ἐκ
3541 4593 3632 4646 τοῦ
3665 4594 3832 4648 ἐναν-

2254 4687 2369 4740 τίου
2425 4685 2640 4748 πάντως
2678 4685 2710 4754 ἡ
2751 4685 2808 4736 ἐν
2843 4681 2919 4752 τῷ
2947 4681 3101 4753 μέρει
3132 4681 3305 4753 τούτῳ
3351 4683 3516 4737 κακία
3544 4683 3833 4756 θεωρηθήο

2258 4794 2410 4831 σεται
2432 4817 2448 4841 ,
2474 4777 2600 4830 ὅταν
2626 4774 2847 4828 ἀσέϐεια
2876 4773 2974 4844 μὲν
3079 4773 3205 4844 περὶ
3231 4775 3292 4828 τὸ
3315 4778 3486 4837 Θείον,
3513 4775 3738 4846 ἀκρισία
3770 4778 3832 4830 δὲ

2258 4871 2386 4942 περὶ
2417 4870 2478 4923 τὸ
2505 4870 2672 4931 ὅντως
2703 4867 2892 4922 καλόνο
2920 4865 3292 4937 ἐνηλλαγμένη
3314 4865 3370 4920 δέ
3393 4866 3484 4918 καὶ
3509 4866 3827 4938 ἐσφαλμένη

2254 4965 2288 5034 ἡ
2323 4964 2450 5035 περὶ
2486 4963 2586 5033 τὴν
2616 4960 2723 5014 τῶν
2771 4959 3107 5029 πραγμάτων
3139 4957 3300 5026 φύσιν
3321 4956 3587 5027 ὑπόληψις
3610 4999 3625 5022 ,
3682 4957 3831 5011 ὥστε

2253 5054 2461 5107 τιθέναι
2505 5053 2572 5107 τὸ
2603 5052 2727 5122 φῶς
2756 5053 3006 5116 σκότος,
3043 5047 3141 5102 καί
3173 5047 3239 5101 τὸ
3278 5049 3498 5113 σκότος
3528 5048 3686 5116 φῶς,
3721 5067 3832 5103 κα-

2257 5144 2364 5208 θώς
2396 5159 2560 5216 φησιν
2600 5143 2870 5214 ήΓραφή.
2905 5141 3010 5194 Τοῦ
3057 5139 3114 5193 δέ
3163 5137 3556 5208 ἐπιθυμητικοῦ
3621 5146 3828 5212 μέρους

2257 5237 2292 5306 ή
2337 5236 2434 5306 μὲν
2478 5233 2730 5304 ἐνάρετός
2758 5233 2873 5285 ἐστι
2901 5231 3112 5300 κίνησις
3147 5226 3209 5280 τὸ
3254 5227 3388 5298 πρὸς
3412 5228 3473 5280 τὸ
3500 5227 3667 5288 ὅντως
3714 5228 3835 5278 ἐπι-

2260 5323 2578 5394 θυμητικδν,
2609 5322 2702 5376 καὶ
2735 5319 2948 5391 ἀληθῶς
2971 5317 3132 5372 καλὸν
3162 5315 3458 5384 ἀνάγεσθαι
3489 5315 3580 5368 τὸν
3610 5314 3780 5367 πόθον
3810 5331 3829 5348 ο

2259 5418 2354 5470 καὶ
2386 5416 2437 5467 εί
2460 5433 2543 5477 τις
2582 5416 2639 5465 ἐν
2666 5415 2794 5483 ἡμῖν
2826 5407 3061 5481 ἐρωτικὴ
3089 5407 3316 5478 δύναμίς
3355 5423 3415 5458 τε
3448 5406 3540 5459 καὶ⁵
3565 5404 3832 5469 διάθεσις,

2258 5509 2373 5561 ἐκεῖ
2401 5503 2841 5575 κατασχολεῖσθαι
2879 5503 3088 5565 πᾶσαν,
3125 5499 3184 5552 ἐν
3215 5496 3291 5569 τῷ
3333 5496 3620 5552 πεπεῖσθαι
3661 5495 3834 5569 μηδὲν
