4008 6210
188 360 295 417 2'15
1447 351 1781 409 EPISTOLA
1817 349 2176 407 CANONICA.
3318 349 3424 405 226

196 471 409 543 ὀρεκτὸν
433 463 571 522 εἶναι
602 469 667 539 τῇ
713 464 908 521 ἑαυτοῦ
940 464 1100 536 φύσει
1127 465 1282 527 ἀλλο,
1317 464 1456 536 πλὴν
1499 466 1597 536 τῆς
1625 465 1757 535 ἀρε-

1863 461 2051 515 clirum
2090 468 2144 515 et
2204 458 2509 526 honestum,
2570 467 2810 531 erigatur
2863 459 3226 529 desiderium;
3282 473 3337 521 et
3377 468 3425 522 si

196 562 315 632 τῆς.
346 560 439 613 καὶ
469 557 574 628 τῆς
607 556 706 628 τὴν
733 556 936 628 ἀρετὴν
981 554 1332 628 πηγαξῡύσης
1378 554 1610 625 φύσεως.
1643 555 1758 608 Ila-

1863 567 1971 623 qua
2004 560 2085 607 est
2116 553 2170 606 in
2205 550 2365 606 nobis
2392 551 2653 606 amatoria
2674 550 2909 607 facultas
2945 562 3001 607 et
3033 551 3269 621 affectio,
3308 567 3423 612 tota

198 652 432 725 ριτροπὴ
463 652 521 705 δὲ
547 652 640 704 καὶ¹
664 648 910 721 ἁμαρτία
940 648 1034 703 τοῦ
1079 648 1320 702 τοιούτου
1362 648 1558 718 μέρους
1580 648 1756 714 ἐστὶν,

1863 645 1917 699 in
1978 643 2076 700 illo
2127 650 2395 708 versetur,
2472 650 2535 697 ut
2583 642 2872 698 credamus
2934 644 3070 698 nihil
3112 646 3261 701 aliud
3296 662 3423 704 esse

194 737 309 789 ὅταν
352 752 438 798 τις
471 734 755 806 μεταγάγῃ
791 734 893 805 τὴν
922 732 1216 803 ἐπιθυμίαν
1261 734 1397 804 πρὸς
1430 733 1527 805 τὴν
1555 732 1761 786 ἀνυπό-

1863 744 2055 790 natura
2110 735 2467 806 expetendum
2502 743 2700 804 praeter
2732 735 3009 801 virtutem,
3067 746 3125 792 et
3168 745 3420 793 naturam

194 845 376 882 στατον
406 826 746 893 κενοδοξίαν·
780 825 815 896 ἢ
849 824 986 896 πρὸς
1028 824 1091 879 τὸ
1127 824 1602 897 ὲπικεχρωσμένον
1648 827 1760 889 τοῖς

1863 826 2254 896 quievirtutem
2278 823 2526 880 eﬂundit'.
2551 822 2722 893 ilujus
2740 832 2919 879 autem
2941 825 3110 893 partis
3130 825 3424 881 declinatio

193 919 433 989 σώμασιν
462 919 623 982 Mog
642 934 657 949 ’
688 916 812 973 ὅθεν
835 917 1043 985 γίνεται
1074 918 1107 986 ή
1143 915 1542 986 φιλοχρηματία
1563 954 1577 977 ,
1604 917 1697 971 καὶ
1722 917 1754 986 ή

1863 926 1945 974 est
1964 925 2017 974 et
2053 924 2356 987 peccatum,
2379 917 2596 987 quando
2613 915 2962 985 cupiditatem
2984 916 3325 971 transtulerit
3353 917 3422 971 ad

191 1010 456 1078 φιλοδοξία
475 1049 491 1073 ,
521 1008 615 1063 καὶ
644 1010 679 1076 ή
711 1006 987 1078 φιληδονία
1005 1045 1020 1069 ,
1057 1006 1152 1062 καὶ
1193 1006 1370 1060 πάντα
1412 1006 1483 1060 τὰ
1510 1006 1755 1072 τοιαῦτα,

189 1103 282 1155 ὅσα
317 1101 416 1157 τοῦ
443 1100 687 1154 ⁴ιοιούτου
715 1099 948 1169 ήρτηται
989 1097 1088 1168 τῆς
1113 1098 1310 1161 κακίας
1334 1097 1547 1166 γένους.
1590 1098 1758 1153 Πάλιν

188 1194 241 1248 δὲ
265 1195 362 1264 τῆς
403 1191 687 1262 θυμώδους
714 1189 1006 1252 διαθέσεως
1045 1188 1375 1260 κατόρθωμα
1408 1189 1506 1259 μέν
1545 1191 1693 1243 ἐστιν
1723 1192 1756 1261 ή

190 1284 317 1354 πρὸς
339 1283 403 1336 τὺ
441 1281 611 1335 κακὸν
634 1279 900 1350 ἀπέχθεια
919 1317 935 1342 ,
978 1279 1072 1337 καὶ
1108 1282 1138 1335 ό
1166 1278 1303 1351 πρὸς
1331 1279 1401 1333 τά
1428 1280 1572 1351 πάθη
1606 1281 1760 1335 πόλε-

189 1392 284 1446 μος
303 1416 320 1440 ,
348 1372 447 1427 καὶ
466 1371 529 1425 τὺ
560 1370 696 1443 πρὸς
721 1369 973 1442 ἀνδρείαν
998 1370 1333 1443 ὲστομῶσθαι
1355 1370 1451 1442 τὴν
1471 1372 1668 1444 ψυχὴν,
1699 1374 1755 1426 ὲν

184 1466 257 1538 τῷ
285 1465 361 1536 μή
390 1463 797 1534 καταπτήσσειν
822 1461 893 1515 τὰ
918 1464 1032 1526 τοῖς
1066 1461 1282 1525 πολλοῖς
1308 1463 1513 1535 φοϐερά
1538 1464 1753 1533 νομιζό.

188 1574 317 1627 μενα
336 1595 354 1619 ,
386 1554 527 1608 ἀλλά
561 1554 759 1625 μέχρις
786 1553 1018 1624 αῖματος
1063 1552 1198 1625 πρὸς
1227 1556 1326 1626 τὴν
1360 1556 1634 1627 ἁμαρτίαν
1664 1557 1758 1610 ἀν-

184 1645 633 1702 τικαθίστασθαι·
680 1648 1040 1717 καταφρονεῖν
1073 1646 1130 1699 δὲ
1170 1646 1465 1716 θανατικῆς
1504 1648 1751 1720 ἀπειλῆς,

188 1743 275 1795 καὶ
294 1739 565 1809 ἀλγεινῶν
588 1736 985 1809 κολασίτηρίων,
1013 1738 1109 1791 καὶ
1131 1737 1230 1808 τῆς
1257 1738 1366 1791 τῶν
1393 1738 1621 1809 ήδίστων
1648 1739 1756 1793 δια-

1860 1010 2075 1064 inanem
2117 1024 2235 1079 quae
2274 1024 2382 1063 non
2404 1015 2581 1077 potest
2601 1008 2905 1062 consistere
2935 1006 3201 1075 gloriam;
3235 1007 3319 1061 vel
3350 1007 3421 1062 ad

1859 1099 2045 1154 liorem
2071 1099 2163 1169 qui
2191 1098 2737 1167 coloratmcorpornm
2760 1097 3070 1166 superliciei
3119 1104 3205 1151 est
3228 1096 3421 1153 illitus.

1859 1191 2017 1247 Unde
2046 1192 2260 1246 exsistit
2302 1190 2488 1255 libido,
2528 1189 2713 1259 gloriae
2753 1188 3043 1258 cupiditas,
3080 1189 3331 1254 ambitio,
3362 1198 3418 1245 et

1859 1279 2655 1352 avaritia,etc:eteraejusmodi
2676 1292 2796 1347 quae
2823 1278 2892 1331 ab
2917 1277 3021 1331 hoc
3055 1277 3172 1331 vitii
3211 1293 3413 1347 genere

1853 1373 2183 1445 dependent.
2234 1371 2507 1426 Animosa;
2553 1377 2732 1424 autem
2776 1384 2871 1425 seu
2926 1370 3214 1425 irascentis
3252 1370 3425 1440 partis

1858 1472 2005 1520 recta
2038 1471 2093 1519 et
2131 1478 2198 1518 ex
2228 1463 2430 1516 virtute
2459 1463 2600 1517 actio
2625 1468 2730 1524 est,
2766 1460 2893 1514 mali
2927 1460 3112 1514 odium
3143 1470 3195 1515 et
3221 1461 3423 1515 bellum

1854 1570 1982 1611 cum
2019 1554 2186 1609 animi
2210 1552 2731 1624 perturbationibus,
2771 1559 2826 1607 et
2864 1552 2932 1605 ad
2969 1550 3341 1606 fortitudinem
3369 1550 3427 1605 in

1856 1662 1922 1702 eo
1943 1662 2067 1703 esse
2086 1646 2459 1701 conﬁrmatam
2484 1645 2743 1708 animam,
2766 1650 2825 1698 ut
2843 1658 2906 1700 ea
2939 1658 3046 1698 non
3074 1643 3423 1714 pertimescat

1857 1752 1979 1808 qua:
2026 1739 2186 1809 vulgo
2232 1737 2490 1793 terribilia
2518 1736 2795 1802 videntur,
2834 1736 2925 1791 sed
2966 1750 3139 1805 usque
3180 1734 3250 1790 ad
3298 1749 3428 1789 san-

191 1802 419 1898 ζεὺξεως
439 1871 453 1892 ,
485 1832 579 1884 καὶ
609 1802 1008 1896 πάντων-ἅπαξ
1038 1828 1144 1882 τῶν
1181 1802 1269 1883 διά
1297 1802 1439 1894 τινος
1469 1830 1755 1901 συνηθείας

1863 1831 2075 1902 guinem
2118 1840 2340 1899 peccato
2388 1830 2656 1883 resistat:
2692 1827 2889 1882 mortis
2933 1837 3114 1882 autem
3151 1826 3330 1881 minas
3370 1832 3428 1882 et

190 1923 280 1976 ita".
306 1921 630 1994 προλήψεως
662 1922 722 1973 ὲν
762 1920 923 1991 ήδονῇ
976 1921 1103 1984 τοὺς
1160 1920 1388 1985 πολλοὺς
1425 1924 1762 1991 κατεχόντων

194 2012 467 2084 κρείττονα
493 2010 744 2078 γενέσθαι
771 2049 787 2071 ,
814 2009 914 2079 τῆς
939 2027 1000 2063 τε
1028 2009 1264 2074 πίστεως
1306 2012 1399 2065 καὶ
1439 2011 1538 2081 τῆς
1562 2014 1763 2084 ἀρετῆς

200 2102 618 2172 προμαχόμενον.
652 2100 733 2153 Ti
760 2099 816 2152 δὲ
844 2100 1223 2171 ἀποπτὼματα
1261 2100 1355 2157 τοῦ
1388 2102 1631 2155 τοιούτου
1664 2102 1761 2172 μέ-

203 2206 314 2259 ρους
360 2192 505 2244 ἐστὶν
546 2189 719 2243 ἅπασι
751 2190 1028 2261 πρόδηλα,
1059 2192 1087 2243 ὁ
1126 2190 1352 2259 φθόνος,
1392 2192 1453 2251 τὸ
1492 2194 1679 2263 μῖσος,
1723 2195 1757 2264 ή

208 2282 347 2351 μῆνις
368 2323 383 2347 ,
416 2284 471 2334 αί
499 2280 760 2351 λοιδορίαι
784 2319 799 2343 ,
841 2282 897 2333 αἱ
923 2281 1232 2350 συμπλοκαὶ
1255 2321 1271 2347 ,
1308 2286 1364 2337 αί
1394 2284 1758 2354 ὲμφιλόνεικοί

208 2387 260 2423 τε
282 2373 369 2425 καὶ
398 2373 693 2442 ἀμυντικαὶ
733 2372 1036 2438 διαθέσεις,
1068 2374 1125 2427 αί
1156 2374 1318 2445 μέχρι
1347 2375 1544 2445 πολλοῦ
1578 2395 1755 2448 παρα-

208 2465 453 2519 ¹πίνουσαι
485 2465 584 2535 τὴν
613 2464 980 2536 μνησικακίαν
1000 2506 1015 2531 ,
1063 2466 1156 2519 καὶ
1196 2467 1421 2532 πολλοὺς
1448 2469 1527 2533 είς
1568 2470 1759 2539 φόνους

213 2554 295 2607 καὶ
323 2555 517 2624 αἵματα
573 2553 1001 2625 καταθήγουσαι.
1034 2556 1125 2625 Μὴ
1175 2555 1284 2626 γάρ
1316 2557 1489 2628 εὑρὼν
1533 2561 1561 2612 ό
1599 2560 1761 2613 ἀπαί-

214 2644 372 2709 Gauro;
396 2646 652 2716 λογισμὸς
683 2648 816 2718 ὅπου
845 2648 1113 2719 χρήσηται
1152 2647 1445 2713 λυσιτελῶς
1478 2650 1556 2721 τῷ
1586 2652 1755 2723 ὅπλῳ,

208 2737 283 2804 ἐφ’
305 2739 485 2791 ἑαυτὸν
516 2740 709 2809 τρέπει
734 2738 832 2811 τὴν
873 2738 967 2792 τοῦ
996 2739 1213 2811 σιδήρου
1242 2742 1427 2815 ἀκμήν
1449 2758 1465 2775 ’
1505 2743 1598 2796 καὶ
1625 2745 1760 2812 γίνε-

206 2843 286 2879 ται
310 2829 368 2881 τὸ
386 2830 447 2881 ἐκ
482 2829 619 2882 θεοῦ
650 2829 799 2883 δοθὲν
825 2832 956 2901 ήμῖν
994 2831 1326 2903 ἀμυντήριον
1352 2832 1529 2899 ,ὅπλον
1558 2835 1637 2906 τῷ
1663 2853 1757 2889 κα-

204 2918 305 2983 κῶς
342 2921 658 2991 κεχρημένῳ
684 2920 945 2992 ὀλέθριον.

1858 1923 2041 1993 gravia
2079 1920 2349 1989 supplicia
2379 1924 2724 1985 contemnat;
2758 1924 2812 1972 et
2847 1930 2879 1970 a
2929 1916 3096 1971 rebus
3124 1917 3421 1986 jucundis-

1857 2012 2035 2076 simis,
2072 2011 2463 2080 disiunctione,
2497 2017 2552 2064 et
2589 2009 2864 2072 omnibus,
2904 2016 2965 2063 ut
3005 2010 3173 2064 semel
3216 2009 3418 2072 dicam,

1854 2117 1977 2173 qua:
1999 2108 2221 2172 propter
2238 2101 2474 2170 aliquam
2498 2099 2943 2156 consuetudinem
2988 2108 3043 2154 et
3072 2100 3421 2169 anticipatam

1854 2193 2167 2263 Opinionem
2213 2193 2417 2248 multos
2475 2193 2531 2246 in
2578 2192 2859 2261 voluptate
2906 2191 3169 2258 detinent,
3204 2191 3277 2246 sit
3323 2206 3423 2245 su-

1855 2284 2056 2354 perior,
2096 2299 2195 2354 pro
2223 2283 2333 2339 ﬁde
2353 2288 2411 2339 et
2438 2284 2638 2339 virtute
2687 2281 2995 2339 decertans.
3031 2280 3206 2352 Hujus
3240 2288 3423 2336 autem

1854 2377 2031 2447 partis
2071 2375 2453 2447 prolapsiones
2481 2375 2736 2431 omnibus
2769 2382 2971 2446 aperta:
3005 2382 3154 2436 sunt.
3188 2373 3420 2435 invidia,

1855 2469 2062 2534 odium,
2116 2470 2220 2533 ira,
2273 2468 2543 2530 convicia,
2592 2468 2912 2532 certamina,
2963 2466 3320 2521 contentiosa:
3370 2474 3426 2520 et

1857 2559 2083 2614 ultionis
2125 2565 2443 2629 appetentes
2479 2556 2815 2620 aﬂ‘ectiones,
2858 2571 2980 2625 qua:
3014 2563 3250 2625 accepta:
3288 2554 3430 2623 inju-

1861 2650 1955 2704 ria:
2004 2648 2436 2704 recordationem
2483 2647 2642 2717 longe
2684 2646 3002 2708 extendunt,
3033 2653 3088 2698 et
3124 2645 3324 2699 multos
3358 2644 3427 2700 ad

1859 2741 2061 2795 caulem
2106 2747 2163 2793 et
2228 2738 2548 2807 sanguinem
2609 2737 2860 2790 incitant.
2912 2736 3046 2789 Dum
3105 2735 3249 2789 enim
3315 2749 3424 2789 non

1859 2832 2129 2888 inveniret
2164 2830 2333 2886 stulta
2363 2839 2416 2884 et
2450 2828 2719 2883 inerudita
2765 2827 2908 2881 ratio
2952 2826 3226 2897 quomodo
3254 2827 3426 2883 armis

1861 2925 1978 2981 suis
2007 2924 2216 2979 utiliter
2263 2929 2526 2987 uteretur,
2566 2920 2697 2974 ferri
2733 2920 2902 2975 aciem
2934 2919 2989 2973 in
3033 2934 3093 2975 se
3126 2919 3427 2987 convertit;

203 3027 368 3082 eaque
411 3028 584 3079 arma,
621 3029 744 3083 quae
778 3014 937 3069 nobis
982 3028 1013 3068 a
1054 3013 1164 3070 Deo
1216 3015 1343 3070 data
1391 3027 1538 3081 sunt,
1573 3018 1622 3073 ei
1670 3018 1764 3089 qui
1822 3017 1964 3071 male
2007 3016 2177 3069 utitur
2221 3013 2448 3069 exitium
2512 3010 2765 3066 afferunt.

263 3104 471 3160 Τούτων
494 3106 675 3159 τοίνυν
698 3106 839 3161 κατά
862 3106 953 3161 τὸν
979 3107 1267 3179 είρημένον
1296 3108 1755 3182 διακρινηθέντων

197 3197 407 3268 τρόπον,
427 3199 529 3251 ὅσα
555 3198 653 3268 μὲν
681 3199 1055 3269 ἁμαρτήματα
1076 3198 1171 3252 τοῦ
1190 3198 1498 3267 λογιστικοῦ
1533 3201 1633 3273 τῆς
1660 3202 1761 3271 ψυ-

199 3290 292 3359 χῆς
322 3292 544 3343 ἅπτεται
573 3290 792 3360 μέρους,
809 3291 1161 3363 χαλεπώτερα
1183 3292 1334 3361 παρά
1360 3292 1468 3346 τῶν
1500 3294 1761 3364 Πατέρων

201 3378 401 3448 ἐκρίθη,
433 3380 525 3432 καὶ
557 3378 800 3449 μείζονος
824 3380 919 3433 καὶ
946 3379 1336 3450 διαρκεστέρας
1364 3381 1457 3433 καὶ
1487 3382 1760 3435 ἐπιπονω-

199 3467 355 3537 τέρας
376 3470 469 3540 τῆς
491 3469 825 3541 ἐπιστροφῆς
848 3469 972 3534 ἀξια
991 3487 1006 3501 ο
1041 3462 1150 3523 οἷον
1177 3469 1231 3522 εἴ
1254 3487 1338 3533 τις
1366 3471 1637 3542 ἠρνήσατο
1664 3471 1762 3542 τὴν

200 3562 275 3622 είς
301 3562 524 3631 Χριστὸν
558 3561 759 3626 πίστιν,
789 3561 821 3632 ἢ
861 3561 997 3633 πρὸς
1041 3561 1368 3633 Ἰουδαῖσμόν
1392 3602 1409 3627 ,
1438 3562 1470 3633 ἢ
1516 3563 1651 3635 πρὸς
1683 3566 1762 3618 εί·-

198 3651 601 3724 δωλολατρείαν,
636 3654 670 3724 ἦ
702 3653 838 3725 πρὸς
862 3655 1236 3724 Μανιχαῖσμὸν
1260 3695 1275 3721 ,
1311 3654 1342 3726 ἢ
1375 3655 1512 3726 πρὸς
1556 3655 1683 3709 ἀλλο
1709 3673 1763 3709 τι

197 3743 427 3798 τοιοῦτον
480 3744 666 3809 ἀθεῑας
706 3742 844 3809 εἶδος
896 3746 1271 3818 αὐτομολήσας
1314 3749 1484 3818 ἐφάνη
1506 3788 1519 3811 ,
1572 3748 1601 3799 ὀ
1663 3749 1762 3817 μὲν

202 3834 455 3901 ἑκουσίως
489 3840 583 3893 ἐπὶ
630 3837 692 3891 τὸ
737 3837 975 3892 τοιοῦτον
998 3824 1248 3912 όρμήσας
1275 3840 1444 3893 κακὸν
1468 3879 1483 3904 ,
1520 3836 1637 3894 εἶτα
1666 3858 1763 3894 κα-

202 3926 428 3992 ταγνοὺς
448 3926 636 3980 ἑαυτοῦ
658 3968 675 3991 ,
705 3928 896 3998 χρόνον
919 3928 1008 3982 τὸν
1035 3930 1134 3998 τῆς
1159 3930 1445 3999 μετανοίας
1483 3929 1617 4001 ἔχει,
1644 3932 1763 3985 ὅλον

204 4014 289 4067 τὸν
318 4018 421 4087 τῆς
446 4016 589 4088 ζωῆς
617 4018 801 4075 αὑτοῦ.
848 4019 1112 4074 Οὐδέποτε
1140 4023 1249 4091 γάρ
1286 4020 1554 4092 μυστικῆς
1583 4024 1763 4076 ἐπιτε-

205 4100 459 4178 λουμένης
504 4109 697 4179 εὐχῆς,
754 4108 891 4179 μετά
931 4108 1026 4162 τοῦ
1078 4109 1208 4163 λαοῦ
1256 4104 1764 4183 προσκυνῆσαι’τὸν

209 4194 335 4248 Θεᾶι
357 4200 717 4266 καταξιοῖνται,
751 4200 886 4255 ἀλλά
907 4202 1221 4272 καταμόνας
1251 4202 1349 4273 μὲν
1372 4203 1585 4269 εὔξεται
1608 4221 1621 4234 ο
1666 4207 1764 4275 τῆς

211 4286 264 4339 δὲ
304 4293 576 4357 κοινωνίας
622 4293 731 4348 τῶν
777 4295 1130 4366 ἀγιασμάτων
1211 4295 1436 4350 καθόλου
1486 4297 1763 4369 ἀλλότριος

216 4376 359 4431 ἔσται
381 4397 394 4410 -
421 4379 479 4433 ὲν
505 4382 563 4435 δὲ
598 4384 664 4454 τῇ
692 4382 813 4455 ῶρᾳ
835 4384 936 4453 τῆς
960 4383 1136 4450 ἐξόδου
1163 4384 1326 4438 αὐτοῦ
1350 4427 1364 4452 ,
1390 4387 1509 4439 τότε
1536 4388 1635 4457 τῆς
1668 4386 1761 4440 τοῦ

220 4469 533 4563 ἁτιάσματος
589 4474 805 4544 μερίδος
857 4475 1237 4546 ἀξιωθήσεται.
1288 4478 1352 4530 Ei
1409 4478 1466 4531 δὲ
1517 4478 1757 4548 συμϐαίη
1791 4507 1838 4563 D

224 4562 337 4630 παρ’
364 4563 572 4628 ἐλπίδας
596 4565 755 4636 ζῆσαι
785 4567 966 4630 αὑτὸν,
999 4566 1160 4620 πάλιν
1182 4570 1239 4621 ὲν
1258 4567 1335 4639 τῷ
1358 4567 1505 4639 αὐτῷ
1534 4570 1762 4640 κρίματι

224 4649 535 4709 ᾰιῦιὼσεται
561 4698 578 4719 ,
626 4658 892 4728 ἀμέτοχος
931 4657 1040 4713 τῶν
1088 4660 1362 4729 μυστικῶν
1408 4661 1765 4732 ἀγιασμάτων

230 4742 371 4814 μέχρι
400 4748 489 4817 τῆς
517 4748 696 4815 ἐξόδου
737 4750 1041 4820 γινόμενος.
1069 4752 1132 4805 Οἱ
1159 4751 1217 4805 δὲ
1266 4752 1517 4822 βασάνοις
1545 4754 1640 4807 καὶ
1680 4770 1765 4807 τι-

234 4836 437 4902 μωρίαις
462 4840 727 4909 χαλεπαῖς
751 4841 1091 4905 αίκισθέντες
1115 4883 1130 4907 ,
1173 4845 1230 4897 ἐν
1265 4843 1414 4914 ῥητῷ
1446 4843 1623 4915 χρόνῳ
1669 4847 1765 4898 έπ-

234 4925 531 4995 mitiorsin
552 4971 568 4994 ,
596 4928 741 4984 οὕτω
766 4929 876 4985 τῶν
904 4932 1074 4999 ἁγίων
1102 4933 1358 5005 Πατέρων
1388 4934 1766 5005 φιλανθρωπίᾳ

240 5008 308 5061 ἱτ-’
336 5015 493 5070 αὐτῶν
520 5019 879 5090 χρησαμένων
896 5060 911 5083 ,
941 5020 1017 5085 ὡς
1043 5022 1163 5092 οὐχὶ
1189 5022 1367 5095 ψυχῆς
1395 5023 1768 5095 γεγενημένης

243 5098 286 5148 ιν
325 5106 551 5178 πτώματι
581 5149 597 5174 ,
631 5109 771 5165 ἀλλά
816 5111 917 5180 τῆς
969 5115 1285 5184 σωματικῆς
1322 5111 1604 5176 ἀσθενείας
1634 5112 1769 5184 πρὸς

244 5190 320 5254 εξ
344 5199 509 5262 αἰκίας
552 5203 653 5256 οὐκ
682 5202 1061 5274 ἀντισχούσης.
1111 5203 1201 5257 Διὸ
1225 5203 1302 5274 τῷ
1349 5203 1531 5274 μέτρῳ
1562 5202 1671 5256 τῶν
1712 5204 1769 5258 ἐν

250 5288 435 5361 apati;
460 5293 963 5364 πλημμλησάντων
986 5333 1003 5360 ,
1038 5296 1131 5348 καὶ
1167 5295 1200 5365 ή
1235 5293 1564 5366 βεϐιασμένη
1593 5311 1652 5354 τε
1677 5294 1772 5348 καὶ

254 5370 470 5447 ita-avo;
495 5383 802 5456 παράϐασις
831 5386 888 5438 ἐν
908 5388 974 5457 τῇ
1001 5388 1299 5458 ἐπιστροφῇ
1336 5386 1733 5457 συνεμετρήθη.

301 5468 353 5519 Οἱ
377 5472 427 5525 δι
463 5477 596 5545 πρὸς
644 5475 850 5546 γόητας
881 5477 1136 5541 ἀπιόντες
1157 5520 1172 5543 ,
1204 5478 1239 5549 ἢ
1279 5478 1534 5550 μάντεις,
1570 5478 1603 5550 ῆ
1649 5479 1774 5542 τοὺς

255 5549 319 5644 ίνά
354 5559 604 5644 δαιμόνων
653 5566 927 5637 καθάρσιά
975 5584 1098 5621 τινα
1147 5568 1241 5621 καὶ
1284 5549 1774 5639 ἀποτροπιασμοὺς

256 5640 447 5715 ὲνεέῖεῖν
472 5655 930 5726 ὑπισχνουμένους
953 5699 968 5724 ,
998 5651 1144 5712 οὗτοι
1179 5659 1487 5731 ἐρωτῶνται
1524 5658 1592 5712 δι’
1628 5660 1778 5730 ἀκρι-

256 5732 372 5803 ίίίεῖ
395 5746 479 5798 καὶ
514 5748 893 5815 ἀνακρίνονται
915 5790 928 5812 ,
963 5750 1187 5822 πότερον
1228 5752 1579 5823 ἐπιμένοντες
1607 5753 1671 5823 τῇ
1698 5752 1778 5813 είς

1936 3107 2032 3163 llis
2071 3110 2252 3176 itaque
2278 3106 2383 3159 hoc
2404 3102 2566 3159 modo
2600 3101 2898 3167 distinctis,
2939 3117 3278 3173 quaecunque
3304 3103 3431 3174 qui-
3508 3159 3527 3181 ρ

1862 3197 1983 3253 dem
2029 3205 2251 3266 peccata
2293 3193 2507 3248 ratione
2536 3192 2817 3262 pr:editam
2857 3193 3052 3248 animae
3097 3188 3305 3263 partem
3350 3201 3434 3248 at-

1862 3290 2101 3359 tingunt,
2154 3301 2277 3341 esse
2316 3285 2567 3356 graviora
2616 3299 2646 3337 a
2687 3283 2942 3342 Patribus
2990 3286 3231 3356 judicata
3280 3296 3431 3356 sunt,

1862 3389 1918 3435 et
1961 3378 2154 3447 majori
2189 3392 2253 3431 ac
2300 3376 2683 3431 sul‘ﬁcieutiori
2720 3386 2772 3433 et
2821 3377 3169 3434 laboriosiori
3199 3395 3433 3436 conver-

1861 3472 2014 3526 sione
2034 3470 2195 3540 digna
2224 3488 2236 3523 :
2270 3468 2729 3539 quemadmodum
2757 3469 2804 3525 si
2843 3471 2968 3540 quis
2994 3470 3153 3526 ﬁdem
3183 3473 3235 3525 in
3269 3473 3433 3528 Chri-

1862 3570 2004 3616 stum
2061 3562 2295 3633 negavit,
2352 3563 2432 3617 vel
2498 3562 2566 3617 ad
2597 3562 2978 3631 judaismum,
3018 3563 3100 3619 vel
3160 3564 3432 3621 idolorum

1861 3655 2102 3719 cultum,
2158 3654 2242 3708 vel
2306 3653 2799 3717 manichaeismum,
2859 3656 2943 3710 vel
3004 3656 3221 3726 aliquod
3281 3659 3428 3714 aliud

1862 3741 2159 3811 impietatis
2213 3756 2384 3811 genus
2423 3741 2725 3798 descivisse
2756 3743 2907 3799 visus
2958 3744 3049 3807 sit,
3089 3748 3185 3815 qui
3236 3747 3432 3802 volun-

1862 3834 2001 3887 tarie
2047 3832 2265 3901 quidem
2319 3848 2379 3888 se
2440 3833 2509 3887 ad
2559 3834 2612 3888 id
2669 3834 2873 3889 malum
2924 3837 3176 3900 contulit,
3236 3837 3435 3894 deinde

1863 3923 2102 3992 scipsuni
2148 3923 2554 3987 condemnavit.
2620 3930 2795 3979 totum
2849 3932 3066 3997 tempus
3114 3927 3237 3983 vitae
3272 3929 3433 3985 habet

1864 4015 2197 4085 pmnitentia:
2253 4022 2488 4086 tempus.
2545 4014 2839 4086 Nunquam
2877 4019 3047 4081 enim,
3107 4020 3153 4074 si
3203 4021 3434 4091 mystica

1864 4110 2157 4171 peragatur
2201 4107 2399 4165 oratio,
2443 4101 2610 4157 Deum
2670 4118 2778 4157 una
2810 4119 2933 4158 cum
2970 4108 3169 4177 populo
3205 4114 3435 4168 adorare

1863 4192 2061 4262 dignus
2091 4193 2423 4257 censebitur,
2455 4196 2550 4249 sed
2577 4208 2826 4248 seorsum
2863 4199 3213 4269 precabitur;
3273 4217 3304 4257 a
3339 4220 3433 4260 sa-

1863 4297 2269 4341 cramentorum
2336 4295 2516 4341 autem
2587 4289 2977 4345 communione
3035 4295 3258 4349 omnino
3324 4301 3431 4352 erit

1866 4375 2108 4440 alienus;
2160 4378 2215 4431 in
2259 4376 2390 4431 hora
2442 4384 2621 4431 autem
2672 4379 2757 4435 sui
2801 4395 2833 4435 e
2875 4382 2987 4436 vita
3035 4399 3317 4456 excessus,
3343 4405 3434 4444 sa-

1865 4467 2129 4522 cramenti
2174 4468 2574 4524 communionis
2617 4472 2721 4526 erit
2779 4474 3075 4546 particeps.
3124 4477 3218 4534 Sin
3252 4490 3431 4538 autem

1867 4560 2158 4630 contigerit
2187 4568 2246 4614 ut
2268 4561 2316 4617 is
2341 4568 2536 4632 praeter
2556 4578 2712 4633 spem
2742 4566 2908 4632 vivat,
2939 4567 2993 4622 in
3021 4569 3211 4626 eodem
3241 4588 3435 4631 rursus

1869 4651 2012 4706 vivet
2051 4652 2283 4722 judicio,
2323 4654 2678 4726 mysticorum
2708 4669 3180 4717 sacramentorum
3211 4666 3277 4719 ad
3310 4667 3436 4722 vita:

1866 4744 2072 4799 exitum
2133 4759 2309 4815 usque
2354 4761 2570 4815 expers.
2623 4745 2727 4813 Qui
2795 4755 2978 4806 autem
3031 4756 3322 4812 tormentis
3379 4766 3435 4813 et

1867 4835 2126 4907 gravibus
2179 4837 2464 4908 suppliciis
2499 4840 2822 4907 excruciati,
2873 4842 2911 4897 ii
2956 4846 3266 4913 prmstituto
3299 4856 3436 4903 tem-

1866 4940 1999 4995 pore
2048 4926 2366 4995 punientur,
2412 4928 2620 4986 sanctis
2673 4928 2931 4987 Patribus
2979 4935 3060 4988 sic
3092 4935 3146 4988 in
3199 4951 3294 4991 eos
3326 4937 3438 4993 cle-

1869 5016 2072 5071 mentia
2120 5017 2257 5078 usis.
2307 5026 2567 5089 tanquam
2612 5021 2790 5075 anima
2838 5038 2947 5078 non
3003 5025 3153 5096 lapsa
3201 5029 3290 5092 sit,
3341 5029 3435 5083 sed

1869 5110 2174 5180 corporalis
2237 5111 2583 5167 imbecillitas
2643 5114 2932 5171 tormentis
2990 5130 3096 5170 non
3150 5118 3434 5175 restiterit.

1869 5200 2049 5268 Quare
2100 5217 2357 5257 mensura
2389 5218 2579 5258 eorum
2606 5205 2698 5274 qui
2744 5205 2798 5259 in
2838 5206 3207 5264 fornicatione
3237 5225 3437 5280 pecca-

1870 5302 2021 5357 runt,
2064 5300 2118 5349 et
2165 5294 2219 5348 vi
2260 5294 2555 5365 doloreque
2598 5312 2858 5368 expressa
2932 5302 3320 5371 transgressio,
3381 5305 3437 5360 in

1872 5384 2251 5448 conversione,
2298 5385 2488 5441 eodem
2538 5388 2716 5457 spatio
2760 5380 3011 5444 dimen’sa
3063 5397 3169 5447 est.

1946 5476 2101 5548 [Cum
2151 5475 2235 5548 5.]
2273 5475 2375 5543 Qui
2416 5476 2484 5532 ad
2520 5480 2962 5549 praestigiatores,
3009 5482 3095 5538 vel
3145 5493 3298 5541 vates
3351 5486 3442 5541 ab.

1873 5567 2075 5628 ierunt.
2128 5568 2211 5623 vel
2264 5582 2361 5622 eos
2413 5570 2505 5639 qui
2543 5584 2636 5639 per
2665 5568 2939 5627 daemones
2969 5587 3030 5628 se
3060 5573 3273 5643 piacula
3298 5591 3442 5646 quise-

1874 5660 2000 5714 dam
2056 5668 2110 5715 et
2217 5660 2531 5716 aversiones
2580 5670 2903 5730 operaturos
2955 5658 3341 5738 pollicentur;
3405 5673 3438 5719 ii

1875 5766 2063 5811 exacte
2128 5753 2533 5824 interrogantur
2588 5762 2643 5810 et
2693 5759 3092 5828 examinantur,
3146 5768 3322 5815 utrum
3386 5760 3438 5811 in
