4008 6210
686 349 790 402 9.9.7

1910 341 1968 396 S.
2009 338 2264 397 GREGOI

2380 338 2421 393 Ν
2432 338 2668 394 YSSENI
3777 337 3866 389 2‘28

690 465 796 516 ﬁde
847 462 902 514 in
950 457 1231 514 Christum
1273 465 1677 528 permanentes,
1727 471 1757 510 a
1791 457 2124 512 necessitate
2161 455 2258 507 ali-

2367 455 2593 525 Χριστὺν
2647 455 2868 518 πίστει,
2921 454 3011 505 ὑπ’
3060 453 3302 522 ἀνάγκης
3347 449 3490 513 τινὸς
3529 449 3868 520 συνηνέχθησαν

687 567 796 624 qua
824 551 890 606 ad
936 549 1070 604 illud
1107 558 1388 620 peccatum
1434 550 1656 619 impulsi
1701 557 1850 615 sunt,
1883 563 2009 602 cum
2040 547 2257 602 alllietio

688 644 871 711 aliqua
908 641 992 695 vel
1028 640 1391 696 intolerabilis
1432 641 1645 710 jactura
1679 641 1826 696 hunc
1875 641 1983 695 illis
2014 641 2255 693 animum

689 732 1004 797 indidisset;
1057 747 1125 786 an
1156 732 1381 786 omnino
1415 733 1662 803 neglecto
1699 732 1845 802 quod
1879 732 2040 786 nobis
2077 729 2257 785 credi—

689 831 804 876 tum
851 831 934 876 est
976 823 1316 884 testimonio.
1373 823 1440 876 ad
1489 823 1793 876 daemonum
1830 823 2147 882 societatem
2201 834 2260 874 se

689 914 1058 969 contulerunt.
1120 914 1176 967 Si
1225 915 1371 968 enim
1433 914 1501 968 ad
1550 915 1710 968 (idem
1759 912 2167 974 inﬁrmandam,
2204 917 2261 965 et

689 1000 832 1069 quod
869 999 1033 1054 Deum
1071 1017 1194 1056 esse
1227 1017 1335 1057 non
1381 1003 1685 1068 crederent,
1731 1003 1824 1073 qui
1857 1017 1888 1056 a
1931 1002 2258 1058 Christianis

689 1093 935 1148 creditur
984 1101 1036 1148 et
1085 1093 1364 1160 adoratur,
1394 1095 1528 1149 illud
1556 1095 1826 1159 fecerunt,
1851 1103 2014 1149 erunt
2049 1095 2262 1151 scilicet

690 1191 1063 1252 apostatarum
1113 1185 1327 1253 judicio
1365 1187 1610 1241 obnoxii.
1661 1186 1757 1241 Sin
1805 1193 1987 1242 autem
2047 1201 2157 1240 non
2192 1186 2265 1241 l‘e-

690 1277 860 1331 renda
901 1277 1203 1332 necessitas
1238 1279 1439 1347 aliqua,
1494 1278 1693 1347 pusillo
1737 1284 1792 1333 et
1819 1277 2032 1347 abjecto
2069 1291 2260 1331 eorum

689 1369 874 1420 animo
932 1368 1212 1438 superato,
1255 1384 1321 1423 eo
1373 1368 1598 1424 deduxit
1635 1369 1769 1425 falsa
1814 1371 1995 1440 aliqua
2040 1385 2134 1440 spe
2169 1370 2266 1425 de-

689 1459 921 1523 ductos;
964 1459 1216 1513 similiter
1253 1459 1357 1513 erit
1391 1468 1442 1512 et
1472 1459 1525 1512 in
1559 1460 1709 1530 ipsos
1753 1461 2062 1526 clementia,
2089 1463 2263 1517 instar

689 1562 878 1601 eorum
936 1548 1025 1618 qui
1082 1549 1370 1603 tormentis
1400 1550 1454 1605 in
1490 1556 1735 1622 tempore
1772 1551 2140 1609 confessionis
2173 1568 2262 1607 re-

689 1640 885 1696 sistere
935 1654 1044 1696 non
1093 1649 1407 1713 potuerunt.

2362 546 2544 617 ἐκείνῃ
2581 546 2648 615 τῇ
2699 542 2942 614 ἁμαρτίᾳ
2969 583 2983 607 ,
3024 539 3319 603 κακώσεώς
3364 555 3537 603 τινος,
3578 538 3607 609 ἢ
3641 539 3870 609 ἀφορήτου

2360 637 2562 706 ζημίας
2592 635 2797 706 ταύτην
2831 635 3012 697 αὐτοῖς
3060 633 3159 702 τὴν
3205 630 3378 702 ὁρμὴν
3430 629 3800 700 ἐμποιησάσης’
3843 630 3872 698 ἦ

2361 727 2589 782 καθόλου
2640 726 3151 796 καταφρονήσαντες
3201 721 3294 774 τοῦ
3331 720 3727 790 πεπιστευμένου
3765 718 3878 789 παρ’

2361 820 2519 889 ἡμῶν
2546 817 2870 889 μαρτυρίου,
2898 817 2964 885 τῇ
3007 814 3116 867 τῶν
3145 813 3415 883 δαιμόνων
3447 811 3704 882 συμμαχίᾳ
3741 829 3880 882 προσ-

2361 910 2612 981 έδραμον.
2645 910 2706 961 Εἰ
2739 908 2833 978 μὲν
2858 907 2967 977 γὰρ
2991 905 3243 975 ἀθετήσει
3267 906 3368 973 τῆς
3403 902 3625 963 πίστεως
3653 902 3733 954 καὶ
3761 902 3880 971 προς

2360 1001 2421 1054 τὸ
2451 1001 2525 1071 μὴ
2557 999 2831 1052 πιστεύειν
2853 993 2990 1050 εἶναι
3019 996 3150 1049 Θεὸν
3177 995 3267 1048 τὸν
3293 993 3441 1064 παρά
3465 993 3565 1046 τῶν
3589 993 3880 1064 Χριστιανῶν

2363 1091 2837 1162 προσκυνούμενον
2857 1130 2872 1154 ,
2907 1090 3083 1142 ἐκεῖνο
3127 1087 3390 1158 ἐποίησαν
3415 1125 3430 1149 ,
3474 1085 3656 1155 δηλαδὴ
3687 1085 3754 1153 τῷ
3779 1084 3884 1153 κρίσ

2367 1193 2499 1255 ματί
2526 1181 2634 1235 τῶν
2672 1179 3032 1252 παραϐάντων
3064 1177 3491 1248 ύπαχθὴσονται.
3523 1176 3580 1227 Εἰ
3608 1174 3657 1227 δέ
3681 1191 3752 1236 τις
3772 1173 3884 1226 ἀϐά-

2364 1291 2592 1338 στακτος
2643 1273 2858 1342 ἀνάγκη
2902 1270 3364 1340 κατακρατήσασα
3417 1267 3516 1336 τῆς
3571 1264 3884 1336 μικροψυχίας

2363 1367 2542 1422 αὐτῶν
2562 1404 2576 1429 ,
2625 1366 2704 1426 είς
2747 1363 2904 1416 τοῦτο
2948 1361 3265 1431 προσήγαγε
3289 1359 3375 1413 διά
3405 1375 3548 1420 τινος
3574 1356 3886 1427 ἡπατημένης

2363 1459 2574 1521 ἐλπίδος
2623 1455 3168 1527 παρακρουσθέντας,
3207 1451 3466 1514 ὡσαύτως
3508 1450 3646 1504 ἔσται
3691 1451 3774 1503 καὶ
3811 1448 3884 1501 ἐπ’

2364 1552 2541 1609 αὐτῶν
2566 1553 2598 1622 ἠ
2627 1547 3007 1619 φιλανθρωπία
3027 1589 3041 1612 ,
3073 1531 3196 1601 καθ’
3219 1544 3513 1615 ὁμοιότητα
3541 1542 3636 1596 τῶν
3659 1542 3779 1613 πρὸς
3804 1542 3886 1604 τὰς

2367 1643 2634 1713 βασάνους
2663 1644 2719 1695 ἐν
2756 1639 2835 1710 τῷ
2856 1638 3034 1710 καιρῷ
3081 1640 3179 1708 τῆς
3233 1635 3518 1708 ὁμολογίας
3545 1637 3787 1705 ἀντισχεῖν
3827 1634 3886 1704 μί

2364 1735 2718 1806 δυνηθέντων.

762 1816 920 1889 [Can.
975 1820 1059 1893 4.]
1104 1821 1300 1876 Eorum
1347 1830 1526 1877 autem
1559 1839 1681 1892 qua:
1714 1824 1780 1878 ad
1825 1825 2179 1894 cupiditatem
2207 1837 2261 1880 et

2437 1828 2557 1883 Τῶν
2606 1827 2662 1880 δὲ
2708 1822 2778 1880 δι’
2828 1823 3124 1894 ἐπιθυμίαν
3171 1839 3229 1875 τε
3276 1821 3370 1875 καὶ
3409 1819 3596 1890 ἡδονὴν
3629 1817 3886 1888 γινομένων

689 1913 1020 1982 voluptatem
1070 1911 1208 1967 ﬁunt
1263 1921 1638 1982 peccatorum,
1701 1915 1814 1968 lucc
1864 1925 1948 1970 est
1998 1917 2194 1972 divisio
2245 1935 2258 1971 :

691 2003 798 2058 hoc
831 2004 975 2058 enim
998 2001 1228 2057 vdeatur
1251 2005 1601 2071 adulterium,
1632 2006 1762 2061 illud
1793 2021 1920 2062 vero
1951 2006 2260 2065 fornicatio.

689 2094 768 2150 Ac
798 2095 1073 2150 nonnullis
1111 2095 1331 2166 quidem
1383 2111 1573 2151 eorum
1621 2101 1714 2168 qui
1752 2108 1880 2155 sunt
1925 2099 2260 2168 subtiliores,

689 2187 895 2258 placuit
953 2188 1118 2243 etiam
1180 2189 1559 2246 fornicationis
1609 2201 1896 2262 peccatum
1932 2193 2262 2250 adulterium

688 2293 814 2333 esse
853 2279 1191 2343 existimare,
1237 2283 1497 2351 quoniam
1554 2297 1662 2338 una
1721 2293 1805 2340 est
1850 2286 2090 2356 legitima
2135 2303 2265 2342 conv

685 2369 896 2437 junctio
917 2378 970 2425 et
1013 2371 1258 2427 mulieris
1285 2387 1410 2427 cum
1436 2374 1574 2437 viro,
1614 2383 1668 2430 et
1711 2376 1815 2430 viri
1849 2391 1972 2431 cum
2009 2379 2260 2436 muliere.

687 2458 962 2530 Quidquid
990 2476 1122 2532 ergo
1152 2477 1262 2516 non
1289 2471 1372 2518 est
1396 2463 1720 2534 legitimum,
1741 2472 1826 2520 est
1846 2467 2070 2522 omnino
2091 2467 2264 2538 injus-

688 2558 803 2605 tum
825 2559 878 2606 et
898 2553 996 2622 legi
1020 2555 1356 2608 contrarium
1384 2574 1398 2610 :
1426 2562 1478 2611 et
1513 2556 1604 2626 qui
1630 2571 1737 2610 non
1761 2557 1924 2612 habet
1955 2559 2262 2628 proprium,

686 2643 850 2700 habet
887 2646 1111 2700 omnino
1157 2647 1416 2703 alienum.
1451 2647 1668 2704 Homini
1707 2651 1852 2705 enim
1888 2665 1996 2706 una
2048 2653 2260 2707 tantum

687 2733 813 2789 data
833 2746 916 2791 est
935 2737 1249 2792 auxiliatrix
1283 2753 1314 2792 a
1345 2737 1476 2803 Deo,
1497 2748 1549 2793 et
1591 2741 1807 2796 mulieri
1841 2757 2006 2796 unum
2043 2742 2262 2812 apposi-

687 2835 802 2880 tum
858 2834 942 2882 est
991 2835 1174 2899 caput.
1224 2827 1366 2899 Ergo
1409 2831 1456 2882 si
1504 2831 1643 2899 quis,
1705 2831 1948 2901 quidem,
1990 2833 2264 2901 pmprium

687 2933 780 2971 vas
838 2934 1014 2981 suum,
1064 2926 1124 2972 ut
1167 2918 1385 2975 divinus
1438 2921 1735 2991 Apostolus
1777 2923 2047 2988 nominat,
2085 2940 2264 2992 posse-

692 3008 830 3064 derit
876 3011 956 3077 ⁸⁵,
1001 3011 1050 3066 ei
1088 3012 1172 3067 lex
1213 3022 1422 3067 naturae
1443 3013 1653 3084 justum
1697 3030 1856 3070 usum
1909 3015 2176 3070 concedit.
2205 3013 2262 3069 Si

689 3086 815 3171 quis
845 3110 1026 3156 autem
1079 3111 1234 3158 extra
1275 3104 1557 3175 proprium
1593 3121 1892 3162 conversus
1932 3107 2118 3173 fuerit,
2161 3108 2264 3162 erit

688 3191 918 3248 omnin'o
970 3194 1025 3248 in
1081 3195 1262 3250 alieno
1300 3215 1313 3252 :
1355 3206 1440 3253 est
1483 3205 1660 3253 autem
1699 3200 1995 3270 unicuique
2028 3200 2260 3255 alienum

688 3286 957 3356 quidquid
1011 3303 1123 3346 non
1157 3297 1242 3344 est
1287 3291 1593 3361 proprium,
1636 3293 1850 3346 etiamsi
1903 3292 1954 3346 id
1994 3306 2104 3345 non
2134 3307 2265 3346 con-

690 3375 909 3432 ﬁteatur
928 3377 1021 3448 qui
1046 3388 1132 3434 est
1156 3378 1436 3435 dominus.
1471 3380 1587 3436 Non
1623 3383 1779 3453 longe
1813 3397 1946 3453 ergo
1980 3399 2008 3436 a
2044 3391 2266 3454 peccato

691 3468 966 3534 adulterii,
1017 3470 1306 3526 fornicatio
1351 3473 1418 3525 ab
1462 3474 1531 3528 iis
1583 3475 1676 3544 qui
1725 3489 1841 3529 rem
1894 3476 2054 3544 paulo
2103 3490 2267 3529 aecu-

690 3561 862 3614 ratius
897 3561 1232 3626 examinant,
1275 3574 1529 3632 suscepta
1585 3575 1690 3628 est,
1743 3580 1866 3619 cum
1915 3567 2060 3621 dicat
2100 3569 2294 3622 etiam-

694 3647 975 3714 Scriptura
1024 3668 1036 3704 :
1074 3650 1158 3704 Ne
1188 3653 1382 3707 multus
1420 3655 1494 3708 sis
1526 3671 1644 3708 cum
1675 3656 1851 3710 aliena
1880 3657 1952 3726 ⁸⁸,
2011 3657 2104 3713 sed
2139 3674 2264 3713 cum

693 3739 1150 3795 imbecillioribus
1209 3741 1554 3813 indulgenter
1602 3745 1869 3814 agendum
1933 3755 2267 3802 censuerunt

692 3829 908 3895 Patres,
949 3831 1270 3887 distinctum
1309 3844 1394 3889 est
1433 3844 1717 3905 peccatum
1753 3837 1855 3890 bac
1904 3840 2145 3907 generali
2185 3837 2266 3893 di—

693 3920 927 3986 visione,
969 3922 1114 3991 quod
1159 3922 1446 3977 fornicatio
1497 3925 1718 3994 quidem
1783 3926 1997 3979 dicatur
2051 3926 2262 3995 cupidi-

694 4013 824 4067 tatis
864 4029 958 4068 seu
1014 4014 1258 4070 libidinis
1303 4017 1560 4086 expletio,
1607 4032 1729 4088 qua:
1780 4017 1837 4071 lit
1877 4019 1995 4073 sine
2027 4019 2130 4072 alia
2162 4019 2265 4072 ali-

693 4105 854 4173 cujus
903 4105 1137 4175 injuria;
1179 4107 1507 4162 adulterium
1543 4125 1695 4176 vero,
1732 4109 1945 4164 insidiae
1981 4118 2034 4165 et
2064 4110 2266 4179 injuria

693 4211 816 4264 qua:
841 4197 998 4251 alteri
1037 4199 1280 4253 aliertur.
1314 4199 1372 4255 in
1399 4216 1463 4255 eo
1489 4209 1666 4256 autem
1695 4209 1746 4256 ct
1776 4218 1899 4257 cum
1936 4204 2267 4258 animalibus

695 4286 900 4340 coitum
951 4297 1006 4341 et
1057 4289 1377 4357 paedicatum
1428 4308 1550 4348 esse
1597 4294 1945 4359 existimant;
2005 4296 2263 4365 quoniam

700 4378 816 4432 lucc
857 4387 984 4432 sunt
1034 4388 1243 4434 natura:
1275 4382 1624 4438 adulterium.
1667 4385 1722 4438 In
1755 4385 1803 4440 id
1833 4387 1976 4440 enim
2013 4387 2157 4456 quod
2186 4394 2270 4442 est

2366 1918 2778 1990 ἁμαρτημάτων
2805 1915 3025 1986 τοιαύτη
3056 1915 3202 1967 ἐστὶν
3232 1913 3264 1982 ή
3290 1910 3550 1982 διαίρεσις
3569 1925 3581 1938 ·
3609 1908 3664 1961 τὸ
3687 1906 3776 1978 μὲν
3801 1908 3886 1978 γὰρ

2368 2013 2610 2066 καλεῖται
2641 2009 2851 2082 μοιχεία
2871 2050 2885 2074 ,
2927 2007 2990 2062 τὸ
3023 2006 3081 2060 δὲ
3130 2005 3373 2076 πορνεία.
3406 2001 3528 2057 Τισὶ
3575 2001 3663 2071 μὲν
3693 1995 3778 2053 οὖν
3805 1999 3886 2051 τῶε

2366 2103 2768 2175 ἀκριϐεστέρων
2793 2102 2958 2174 ἤρεσε
3000 2099 3095 2153 καὶ
3122 2097 3182 2151 τὸ
3215 2095 3357 2150 κατά
3397 2091 3640 2165 πορνείαν
3671 2089 3882 2161 πλημμέ

2365 2195 2535 2268 λημα,
2567 2193 2809 2264 μοιχείαν
2843 2186 2982 2249 εἶναι
3011 2187 3270 2260 νομίζειν,
3317 2185 3452 2241 διότι
3482 2181 3577 2252 μία
3603 2181 3736 2234 ἐστὶν
3771 2181 3802 2249 ἠ
3828 2180 3886 2230 νό

2369 2304 2535 2358 μιμος
2569 2284 2798 2354 συζυγία
2819 2326 2834 2349 ,
2871 2283 2966 2337 καὶ
2995 2280 3214 2350 γυναικὶ
3254 2279 3391 2349 πρὸς
3423 2276 3617 2347 ἄνδρα,
3649 2273 3739 2327 καὶ
3767 2272 3886 2341 ἀνδρ

2367 2380 2504 2451 πρὸς
2536 2379 2788 2448 γυναῖκα.
2834 2375 2950 2429 ῐΙᾶν
3000 2369 3093 2428 οὖν
3137 2372 3198 2424 τὸ
3245 2370 3318 2441 μὴ
3354 2369 3592 2439 νόμιμον
3615 2365 3886 2436 παράνομο

2366 2470 2617 2533 πάντως,
2652 2467 2747 2522 καὶ
2787 2467 2816 2520 ὁ
2842 2465 2918 2537 μὴ
2959 2464 3022 2518 τὸ
3070 2463 3201 2516 ἴδιον
3235 2460 3406 2532 ἔχων,
3449 2456 3642 2529 δηλαδὴ
3671 2456 3728 2509 τὸ
3769 2455 3886 2510 ἀλλά

2364 2579 2514 2632 τριον
2545 2561 2656 2631 ἔχει
2677 2577 2692 2592 θ
2726 2557 2804 2630 τῷ
2835 2557 2943 2629 γὰρ
2979 2554 3250 2627 ἀνθρώπῳ
3289 2553 3387 2623 μία
3417 2551 3618 2605 δέδοται
3649 2549 3790 2621 παρὰ
3826 2565 3886 2601 το

2364 2651 2500 2706 Θεοῦ
2541 2650 2729 2723 βοηθὸς
2751 2692 2766 2714 ,
2800 2649 2893 2704 καὶ
2922 2650 2988 2718 τῇ
3019 2645 3239 2716 γυναικὶ
3275 2643 3372 2714 μία
3399 2643 3724 2712 ὲφήρμοσται
3755 2656 3886 2707 κεφα

2365 2746 2454 2817 λή.
2487 2742 2692 2797 Οὐκοῦν
2737 2739 2791 2791 εὶ
2817 2735 2914 2804 μέν
2950 2755 3041 2803 τις
3065 2735 3130 2790 τὸ
3156 2736 3308 2789 ἴδιον
3337 2731 3524 2787 αὐτοῦ
3551 2729 3795 2795 σκεῦος,
3827 2747 3886 2781 κο

2365 2834 2473 2898 θὼς
2499 2830 2750 2903 ὀνομάζει
2777 2832 2806 2882 6
2831 2829 2973 2891 θεῖος
3007 2825 3326 2887 Ἀπόστολος
3344 2862 3358 2886 ,
3393 2821 3583 2887 ἐαυτῷ
3621 2820 3886 2889 κτήσαιτι

2369 2928 2641 2998 συγχωρεῖ
2671 2927 2699 2978 ό
2739 2926 2902 2993 νόμος
2947 2920 3047 2990 τῆς
3100 2915 3438 2988 φύσεωςτὴν
3479 2914 3686 2968 δικαίαν
3713 2914 3886 2983 χρῆσιν

2366 3020 2428 3074 El
2459 3018 2515 3071 δέ
2541 3035 2625 3081 τις
2651 3015 2754 3080 ἔξω
2775 3013 2869 3068 τοῦ
2901 3013 3031 3072 ἰδίου
3060 3009 3317 3080 τραπείη,
3340 3009 3398 3061 ὲν
3425 3005 3683 3076 ἀλλοτρίῳ
3716 3004 3886 3058 πάντα

2367 3110 2654 3181 γενήσεται
2677 3123 2690 3136 ·
2751 3105 3026 3175 ἀλλότριον
3075 3103 3132 3156 δὲ
3185 3100 3398 3170 ἑκάστῳ
3435 3100 3544 3152 πᾶν
3580 3096 3639 3150 τό
3671 3097 3744 3167 μὴ
3782 3096 3886 3148 ἴδιο

2367 3201 2468 3256 κᾶν
2495 3201 2569 3272 μὴ
2593 3198 3020 3270 ὁμολογούμενον
3064 3195 3176 3265 ἔχει
3220 3193 3310 3247 τὸν
3357 3189 3695 3262 κυριεύοντα.
3727 3187 3886 3242 Οὗκο*

2367 3293 2557 3364 πόρρω
2582 3289 2674 3342 τοῦ
2703 3289 2846 3343 κατὰ
2872 3286 2970 3357 τὴν
3012 3284 3253 3355 μοιχείαν
3299 3281 3592 3352 πλημμελή
3603 3296 3766 3350 ματος
3789 3318 3804 3342 ,
3849 3298 3886 3332 κ

2365 3385 2398 3454 ἡ
2450 3379 2673 3452 πορνεία
2704 3381 2815 3441 τοῖς
2859 3377 2950 3430 τὸν
2995 3375 3378 3446 ἀκριϐέστερον
3421 3372 3730 3438 ἐξετάζουσι
3783 3369 3886 3438 λόγ

2368 3471 2578 3542 ἐδείχθη
2603 3509 2620 3535 ,
2665 3467 2933 3539 λεγούσης
2975 3469 3071 3521 καὶ
3115 3467 3214 3536 τῆς
3259 3464 3410 3528 θείας
3438 3464 3690 3536 Γραφῆς’
3727 3462 3808 3516 ὅτι
3855 3467 3886 3516 1|

2366 3562 2561 3627 πολὺς
2594 3562 2716 3616 ἴσθι
2749 3559 2898 3627 πρὸς
2922 3557 3248 3626 ἀλλοτρίαν
3277 3572 3291 3586 ·
3321 3555 3460 3625 πλὴν
3488 3553 3601 3607 ἀλλ’
3628 3552 3817 3622 ἐπειδὴ
3841 3569 3886 3603 τι

2365 3653 2769 3724 ἀσθενεστέροις
2810 3649 3024 3718 ἐγένετό
3070 3667 3155 3713 τις
3188 3647 3340 3720 παρὰ
3368 3646 3474 3699 τῶν
3519 3646 3784 3713 Πατέρων
3821 3662 3886 3696 συ

2368 3745 2658 3818 περιφορὰ,
2689 3743 2931 3815 διεκρίθη
2971 3743 3032 3795 τὸ
3065 3740 3445 3811 πλημμέλημα
3479 3741 3546 3808 τῇ
3579 3739 3776 3806 γενικῇ
3815 3737 3886 3788 διι

2371 3840 2516 3911 ρὲσει
2547 3837 2716 3908 ταύτῃ
2743 3877 2758 3900 ,
2796 3836 2871 3898 ὡς
2909 3833 3165 3904 πορνείαν
3223 3832 3318 3902 μὲν
3351 3825 3490 3884 εἷναι
3541 3828 3637 3881 καὶ
3673 3826 3885 3895 λέγεσθ

2365 3931 2464 4002 τὴν
2491 3929 2660 4001 χωρὶς
2693 3927 2903 3990 ἀδικίας
2933 3927 3122 3997 ἐτέρου
3147 3923 3435 3992 γινομένην
3475 3921 3588 3972 τισὶ
3623 3918 3728 3987 τῆς
3770 3919 3886 3971 ἐπιί

2373 4023 2498 4093 μίας
2532 4021 2877 4091 ἐκπλήρωσιν
2901 4035 2916 4049 ·
2992 4015 3235 4087 μοιχείαν
3267 4014 3338 4066 δὲ
3361 4053 3374 4075 ,
3411 4011 3509 4082 τὴν
3562 4010 3885 4078 ἐπιϐουλήν

2370 4094 2464 4169 καί
2490 4116 2587 4186 τὴν
2618 4113 2828 4167 ἀδικίαν
2856 4111 2948 4164 τοῦ
2974 4110 3274 4181 ἀλλοτρίου.
3317 4107 3408 4161 Ἐν
3439 4104 3614 4176 ταύτῃ
3647 4103 3706 4155 δέ
3735 4103 3843 4154 καὶ
3877 4121 3886 4135 α

2371 4209 2708 4280 ξωοφθορίαν
2741 4207 2834 4260 καὶ
2875 4206 2974 4276 τὴν
3007 4202 3397 4274 παιδεραστίαν
3435 4195 3576 4252 εἷναι
3607 4195 3885 4264 λογίζοντ

2369 4301 2500 4355 διότι
2529 4301 2623 4354 καὶ
2655 4299 2826 4353 ταῦτα
2854 4295 3067 4367 φύσεώς
3096 4296 3212 4348 ἐστι
3245 4293 3480 4364 μοιχεία.
3515 4293 3617 4354 Εἰς
3640 4290 3760 4361 γὰρ
3790 4291 3866 4344 τὸ

2369 4391 2577 4463 λότριόν
2603 4407 2663 4442 τε
2699 4390 2793 4442 καὶ
2822 4386 2974 4457 παρὰ
3011 4385 3170 4455 φύσιν
3195 4386 3401 4454 γίνεται
3431 4385 3464 4453 ἡ
3499 4383 3714 4437 ἀδικία.
3750 4381 3886 4434 Ταύ

694 4469 953 4535 alienum,
987 4477 1040 4524 et
1069 4470 1214 4539 quod
1245 4480 1330 4525 est
1362 4481 1557 4541 praeter
1584 4483 1858 4537 naturam,
1889 4477 1946 4530 lit
1969 4477 2262 4546 injustitia.

2368 4483 2545 4538 τοίνυν
2562 4482 2659 4553 τῆς
2679 4479 2990 4550 διαιρέσεως
3015 4478 3107 4531 καὶ
3134 4478 3191 4529 ἐν
3213 4476 3386 4545 τούτῳ
3408 4475 3484 4546 τῷ
3507 4475 3646 4527 εῖδει
3673 4474 3784 4544 τῆς
3806 4475 3886 4544 ἀμ

693 4558 831 4614 Cum
879 4560 993 4615 haec
1014 4577 1143 4630 ergo
1173 4562 1372 4617 divisio
1410 4563 1465 4617 in
1497 4565 1600 4619 hac
1647 4568 1811 4620 etiam
1846 4572 2055 4636 peccati
2081 4571 2267 4640 specie

695 4654 810 4717 tiat,
855 4653 1164 4710 universale
1207 4665 1290 4710 est
1344 4657 1670 4722 remedium,
1713 4668 1772 4713 ut
1820 4675 1850 4713 a
1880 4663 2150 4717 concitata
2210 4663 2266 4718 in

695 4745 964 4814 ejusmodi
1012 4748 1319 4817 voluptates
1355 4749 1528 4815 rabie,
1563 4766 1657 4821 per
1684 4753 2063 4821 pmnitentiam
2100 4755 2266 4810 homo

693 4850 867 4904 purus
901 4837 1206 4904 efﬁciatur;
1251 4839 1343 4895 sed
1380 4840 1506 4910 quia
1553 4857 1743 4897 eorum
1783 4845 1874 4915 qui
1920 4845 1970 4899 in
2023 4847 2265 4902 fornica-

693 4925 845 4981 tione
870 4929 1059 4996 polluti
1085 4937 1233 4994 sunt,
1270 4931 1472 5000 injuria
1507 4934 1688 5004 aliqua
1719 4951 1842 4990 cum
1895 4937 1998 4991 hoc
2033 4948 2263 5008 peccato

693 5035 804 5076 non
836 5022 1124 5076 commista
1152 5031 1256 5087 est,
1293 5033 1582 5095 prapterea
1615 5027 1838 5096 duplum
1883 5031 2264 5087 conversionis

694 5117 908 5179 tempus
949 5111 1013 5164 iis
1042 5113 1421 5183 praescriptum
1461 5127 1566 5180 est,
1620 5120 1710 5188 qui
1753 5120 1808 5173 in
1855 5122 2126 5177 adulterio
2182 5124 2267 5177 in-

694 5203 905 5272 quinati
952 5212 1115 5271 sunt;
1156 5213 1210 5260 et
1247 5207 1300 5261 in
1335 5208 1458 5264 aliis
1487 5210 1674 5267 itidem
1713 5213 1896 5268 vetitis
1931 5215 2110 5280 malis,
2151 5217 2266 5271 ani-

696 5298 918 5351 malium
956 5299 1114 5363 initu,
1147 5311 1200 5355 et
1257 5303 1407 5358 rabie
1455 5304 1507 5358 in
1544 5307 1838 5363 masculos.
1877 5307 1936 5362 In
1983 5308 2050 5364 iis
2097 5310 2266 5376 enim,

697 5396 757 5440 ut
800 5389 932 5455 dixi,
980 5401 1264 5460 peccatum
1299 5394 1636 5465 duplicatur;
1687 5416 1858 5455 unum
1907 5402 2127 5472 quidem
2187 5403 2268 5475 [in

697 5476 885 5533 illicita
920 5490 974 5534 et
1023 5484 1233 5540 nefaria
1264 5488 1579 5558 voluptate;
1628 5491 1858 5547 alterum
1885 5492 2092 5566 autem]
2124 5497 2269 5566 quod

698 5569 896 5637 injuria
918 5587 1038 5642 qua:
1063 5575 1314 5642 litalteri,
1355 5581 1626 5636 consistit.
1665 5582 1760 5637 Est
1801 5592 1984 5640 autem
2019 5573 2266 5655 quaedam

774 5742 817 5770 ⁸⁵
843 5745 1170 5815 lTbess.Iv,
1195 5755 1248 5807 4.
1328 5756 1371 5787 ⁸⁸
1407 5755 1612 5810 Ecclcs.
1654 5773 1725 5818 ix,
1756 5757 1841 5810 19.

2371 4577 2493 4639 τίας
2534 4571 2902 4643 γεγενημένης
2925 4610 2939 4635 ,
2989 4568 3246 4638 καθολικὴ
3279 4567 3376 4638 μέν
3414 4569 3530 4620 ἐστι
3563 4565 3868 4636 θεραπεία

2370 4668 2470 4738 τῆς
2490 4663 2769 4736 ἐμπαθοῦς
2799 4661 3004 4731 λύσσης
3022 4701 3036 4726 ,
3058 4661 3156 4732 τῆς
3176 4659 3305 4731 περί⁵
3332 4658 3429 4720 τὰς
3453 4655 3727 4719 τοιαύτας
3757 4656 3886 4725 ἠδοι

2373 4757 2613 4829 καθαρὸν
2659 4756 2724 4808 ἐκ
2772 4751 3134 4825 μεταμελείας
3177 4747 3428 4818 γενέσθαι
3475 4746 3569 4800 τὸν
3627 4745 3886 4816 ἄνθρωττ

2373 4851 2463 4904 ἐπὶ
2509 4850 2565 4903 δὲ
2597 4847 2704 4902 τῶν
2756 4848 2813 4899 ἐν
2858 4843 3084 4915 πορνείᾳ
3126 4839 3490 4912 μολυνθέντων
3539 4837 3745 4890 ἀδικία
3790 4853 3886 4901 τις

2376 4945 2618 5016 ἁμαρτίᾳ
2645 4941 2813 5013 ταύτῃ
2839 4940 2898 4995 οὐ
2925 4936 3329 5009 καταμέμικται
3350 4951 3365 4965 ο
3385 4933 3472 4987 διὰ
3497 4933 3670 4986 τοῦτο
3693 4929 3886 4984 διπλά

2373 5035 2580 5108 ὡρίσθη
2607 5035 2705 5104 τῆς
2733 5030 3065 5102 ἐπιστροφῆς
3084 5029 3112 5081 6
3135 5026 3324 5099 χρόνος
3341 5027 3452 5088 τοῖς
3475 5026 3532 5076 ἐν
3559 5021 3811 5092 μοιχείᾳ
3843 5038 3886 5090 μ

2376 5129 2532 5189 θεῖσι,
2563 5127 2657 5181 καὶ
2681 5126 2738 5177 ἐν
2767 5125 2879 5185 τοῖς
2900 5121 3079 5184 ἄλλοις
3107 5122 3218 5181 τοῖς
3249 5119 3528 5187 ἀπηγορευ
3538 5114 3748 5185 μένοις
3774 5129 3886 5163 και

2375 5217 2683 5288 ζωοφθορίᾳ
2705 5233 2764 5268 τε
2804 5213 2897 5267 καὶ
2922 5215 2988 5284 τῇ
3037 5210 3178 5265 κατὰ
3205 5210 3332 5271 τοὺς
3369 5207 3611 5276 ἄρρενας
3642 5202 3856 5274 λύσσῃ

2373 5310 2728 5374 πλασιάζεται
2782 5307 2925 5376 γάρ,
2977 5302 3052 5366 ὡς
3093 5297 3283 5364 εἶπον,
3330 5299 3421 5352 ἐπὶ
3468 5296 3582 5350 τῶν
3640 5292 3886 5348 τοιούτι

2375 5402 2638 5472 ἁμαρτία.
2665 5399 2779 5454 Μία
2814 5397 2910 5468 μὲν
2943 5397 2976 5467 ἡ
3003 5393 3145 5449 κατὰ
3168 5393 3264 5463 τὴν
3288 5391 3380 5444 τοῦ
3413 5387 3721 5458 ἀλλοτρίου
3776 5385 3885 5437 ὰδι

2376 5491 2758 5564 συνισταμένη.
2799 5487 3040 5560 Διαφορὰ
3072 5487 3128 5540 δέ
3158 5485 3240 5547 τίς
3275 5483 3423 5536 ἐστιν
3455 5482 3513 5535 ἐν
3543 5478 3633 5548 τῷ
3689 5478 3869 5546 λόγῳ

2378 5585 2665 5657 μετανοίας
2684 5622 2699 5650 ,
2729 5583 2822 5636 καὶ
2853 5581 2944 5634 ἐπὶ
2973 5579 3079 5633 τῶν
3108 5577 3249 5632 κατὰ
3275 5576 3467 5646 ἡδονὴν
3488 5568 3886 5644 πλημμελούε
