4008 6210
187 341 283 398 29.3

1433 349 1766 408 EPISTOLA
1802 349 2166 408 CANONICA.

3317 354 3424 411 23⁸]

193 461 428 529 τοιαύτη.
471 456 528 510 '0
579 458 679 529 μὲν
728 458 837 533 γὰρ
888 459 981 531 ἀφ’
1028 460 1224 515 ἑαυτοῦ
1264 461 1400 533 πρὸς
1437 462 1534 535 τὴν
1571 462 1759 531 ἐξαγό-

1865 459 2169 519 differentia
2204 462 2257 517 in
2281 462 2493 518 ratione
2515 465 2851 533 paenitentiae
2876 463 2932 520 in
2958 464 3145 536 iisqui
3182 465 3237 521 in
3275 470 3425 524 voiu—

195 569 368 624 ρευσιν
413 551 514 620 τῆς
561 551 839 623 ἁμαρτίας
879 553 1127 624 ὁρμήσας
1156 592 1172 619 ,
1202 553 1350 626 αύτῷ
1381 554 1454 625 τῷ
1472 552 1761 620 καταδέξα-

198 644 306 696 σθαι
331 643 403 696 δι’
428 642 635 706 οίκείας
677 644 854 716 ὁρμῆς
890 643 1143 714 γενέσθαι
1182 644 1288 699 τῶν
1336 645 1581 715 κρυφίων
1625 662 1757 699 κατ-

192 736 382 805 ήγορος
405 750 419 765 ο
450 734 527 797 ὡς
565 734 664 805 ἤδη
710 734 811 804 τῆς
846 735 1141 807 θεραπείας
1171 733 1265 788 τοῦ
1298 733 1501 797 πάθους
1523 733 1761 803 ἀρξαμε-

191 841 303 889 νος,
347 826 445 878 καὶ
495 827 719 896 σημεῖον
757 828 855 897 τῆς
900 825 1037 897 πρὸς
1071 826 1133 880 τδ
1181 829 1428 896 κρεῖττον
1459 825 1759 897 μεταδολῆς

191 917 589 989 ἐπιδειξάμενος
622 957 638 981 ,
690 919 749 971 ἐν
806 917 1332 988 φιλανθρωποτέροις
1390 919 1597 986 γίνεται
1647 920 1759 981 τοῖς

191 1009 496 1079 ἐπιτιμίοις.
534 1009 591 1063 Ὀ
616 1008 672 1063 δὲ
704 1009 977 1079 φωραθεὶς
1008 1010 1100 1061 ἐπὶ
1133 1008 1209 1079 τῷ
1238 1008 1410 1079 κακῷ,
1437 1007 1470 1079 ἢ
1498 1008 1585 1062 διά
1617 1025 1758 1072 τινος

192 1100 421 1169 ὑποψίας
502 1102 537 1171 ἢ
575 1100 909 1171 κατηγορίας
956 1100 1228 1163 ἀκουσίως
1272 1100 1664 1169 ἀπελεγχθεὶς,
1701 1100 1759 1152 ὲν

191 1190 554 1264 ίπιτεταμένῃ
600 1192 810 1260 γίνεται
853 1194 917 1261 τῇ
967 1192 1306 1261 ἐπιστροφῇ·
1333 1191 1472 1244 ὥστε
1527 1192 1758 1263 καθαρι-

191 1281 376 1335 σθὲντα
403 1282 473 1335 δι’
502 1281 790 1353 ἀκριϐείας
820 1283 1001 1344 αὐτὸν,
1031 1280 1201 1346 οὕτως
1232 1283 1323 1339 ἐπὶ
1348 1282 1445 1353 τὴν
1474 1282 1580 1334 τῶν
1603 1283 1760 1349 ἀγιαο

190 1373 406 1441 σμάτων
435 1374 720 1427 κοινωνίαν
751 1373 1172 1444 παραδεχθῆναι.
1204 1374 1357 1427 Ἐστι
1384 1374 1561 1428 τοίνυν
1592 1375 1621 1426 ό
1655 1391 1758 1427 κα·

189 1460 286 1514 νὼν
314 1462 559 1524 τοιοῦτος
585 1503 600 1526 ,
629 1462 769 1516 ὥστε
794 1464 919 1526 τοὺς
947 1464 1004 1516 ὲν
1043 1462 1266 1533 πορνείᾳ
1293 1464 1670 1540 μολυνθέντας,
1698 1465 1757 1517 ἐν

186 1554 324 1624 τρισὶ
355 1554 460 1625 μὲν
486 1554 630 1609 ἔτεσι
660 1553 887 1607 καθόλου
910 1553 1009 1623 τῆς
1031 1554 1194 1624 εὐχῆς
1235 1556 1571 1627 ἀποϐλήτους
1598 1552 1757 1609 εἶναι*

185 1647 237 1697 ὲν
256 1648 401 1716 τρισὶ
430 1646 487 1698 δὲ
515 1648 614 1716 τῆς
643 1648 958 1719 ἀκροάσεως
998 1651 1247 1722 μετέχειν
1277 1648 1464 1720 μόνης,
1493 1651 1550 1702 ὲν
1580 1648 1759 1711 ἄλλοις

186 1736 234 1787 δὲ
260 1737 445 1806 τρισὶν
482 1737 629 1791 ἔτεσι
679 1739 817 1809 μετὰ
855 1741 965 1793 τῶν
1003 1743 1060 1793 ὲν
1088 1744 1154 1813 τῇ
1204 1742 1505 1811 ἐπιστροφῇ
1557 1740 1756 1792 ὑποπι-

189 1826 419 1879 πτόντων
450 1826 869 1897 προσεύχεσθαι,
901 1828 995 1881 καὶ
1024 1830 1143 1883 τότε
1176 1829 1423 1900 μετέχειν
1460 1827 1570 1882 τῶν
1596 1828 1755 1896 ἁγια-

194 1919 423 1988 σμάτων.
470 1918 598 1974 Ἐπὶ
626 1920 685 1973 δὲ
726 1921 838 1974 τῶν
870 1922 1281 1994 σπουδαιότερον
1312 1920 1665 1993 κεχρημένων
1688 1922 1755 1991 τῇ

192 2010 480 2081 ιπιστροφῇ
502 2050 519 2074 ,
574 2013 667 2067 καὶ
714 2012 792 2084 τῷ
841 2012 943 2085 βίῳ
999 2013 1320 2069 δεικνύντων
1357 2014 1456 2085 τὴν
1511 2011 1648 2083 πρὸς
1697 2013 1759 2067 τὸ

195 2098 381 2165 ἀγαθὸν
428 2100 722 2166 ὲπάνοδον,
770 2100 947 2167 ἔξεστι
993 2099 1072 2172 τῷ
1101 2100 1469 2172 οίκονομοῦντι
1512 2098 1647 2170 πρὸς
1697 2098 1757 2152 τὸ

200 2192 459 2264 συμφέρον
477 2192 578 2265 τὴν
610 2191 1068 2261 ὲκκλησιαστικὴν
1103 2191 1413 2261 οἰκονομίαν
1434 2231 1449 2254 ,
1474 2192 1757 2260 συντεμεῖν

199 2281 277 2335 τὸν
305 2283 494 2353 χρόνον
533 2282 636 2352 τῆς
663 2272 1010 2354 ἀκροάσεως,
1040 2281 1132 2335 καὶ
1173 2282 1359 2351 τάχιον
1395 2282 1476 2344 εἰς
1503 2282 1758 2351 ἐπιστρο-

203 2371 293 2441 φὴν
315 2372 580 2440 ἀγαγεῖν,
631 2370 725 2423 καὶ
775 2371 936 2424 πάλιν
983 2369 1076 2425 καὶ
1106 2368 1292 2422 τοῦτον
1339 2372 1624 2440 συντεμεῖν
1664 2369 1756 2421 τὸν

204 2462 372 2532 χρόνον
393 2501 410 2526 ,
447 2463 541 2515 καὶ
585 2462 768 2531 τάχιον
804 2460 1095 2518 ἀποδοῦναι
1124 2461 1222 2532 τὴν
1251 2463 1532 2517 κοινωνίαν
1557 2504 1573 2528 ,
1610 2464 1758 2528 ὅπως

206 2551 263 2603 ἂν
287 2555 346 2623 τῇ
378 2550 570 2605 ἑαυτοῦ
600 2550 895 2623 δοκιμασίᾳ
936 2551 1161 2623 ὲκκρίνῃ
1194 2552 1294 2624 τὴν
1340 2551 1433 2607 τοῦ
1463 2552 1760 2624 θεραπευο-

209 2641 349 2706 μένου
377 2641 945 2712 κατάστασιν.Ὦσπερ
965 2641 1072 2712 γὰρ
1092 2642 1152 2694 τὸ
1182 2644 1293 2705 τοῖς
1316 2642 1517 2712 χοίροις
1543 2645 1757 2714 ῥίπτειν

208 2730 283 2783 τον
312 2730 647 2804 μαργαρίτην
674 2732 1012 2802 ἀπείρηται,
1043 2731 1186 2787 οὕτω
1206 2733 1268 2787 τὸ
1301 2736 1625 2806 ἀποστερεῖν
1665 2736 1757 2791 τοῦ

207 2821 369 2888 τιμίου
410 2821 751 2893 μαργαρίτου
784 2822 876 2875 τὸν
924 2821 1026 2894 ἢδη
1065 2821 1352 2894 ἄνθρωπον
1394 2824 1484 2880 διὰ
1523 2827 1623 2897 τῆς
1656 2844 1759 2880 κα-

210 2907 480 2980 θαρότητός
506 2927 566 2964 τε
595 2912 691 2967 καὶ
743 2911 1009 2975 ἀπαθείας
1051 2914 1340 2983 γενόμενον
1366 2953 1381 2981 ,
1407 2914 1513 2969 τῶν
1544 2917 1759 2973 ἀτόπων

208 3001 358 3055 ἐστίν.
402 3002 465 3055 Ἦ
504 3002 562 3056 δὲ
592 3003 735 3056 κατά
786 3005 1030 3074 μοιχείαν
1060 3006 1175 3075 ἦτοι
1209 3006 1303 3059 καὶ
1334 3006 1403 3059 τὰ
1432 3007 1597 3062 λοιπά
1641 3008 1757 3081 εἴδη

1861 560 2008 624 ptatc
2037 561 2355 621 peccarunt,
2397 552 2687 621 ejusmodi.
2724 553 2826 619 Qui
2859 554 3005 610 enim
3023 570 3088 611 ex
3113 570 3174 611 se
3210 557 3334 627 ipso
3358 557 3428 614 ad

1860 658 1959 698 sua
1983 641 2306 713 proferenda
2334 651 2557 711 peccata
2585 643 2855 712 impulsus
2895 652 2999 709 εει,
3041 661 3107 701 eo
3136 648 3282 716 quod
3325 663 3428 705 sua

1860 742 2053 805 sponte
2081 734 2421 790 occultorum
2463 743 2749 791 accusator
2778 750 2900 793 esse
2926 738 3182 805 voluerit,
3236 748 3293 795 ut
3334 741 3427 812 qui

1858 826 1967 896 jam
2026 825 2301 881 alfectioni
2375 826 2699 882 medicinam
2763 827 3022 883 adhibere
3070 831 3317 898 cmperit,
3373 840 3427 886 et

1860 914 2073 984 signum
2128 914 2447 969 mutationis
2484 916 2538 969 in
2591 915 2646 969 id
2695 916 2950 985 quodest
2995 918 3191 972 melius
3243 926 3430 973 osten-

1863 1005 2025 1071 derit,
2060 1006 2115 1059 in
2151 1006 2459 1062 mitioribus
2502 1008 2680 1075 poenis
2717 1016 2988 1063 versatur.
3025 1007 3128 1074 Qui
3157 1018 3337 1063 autem
3371 1011 3428 1065 in

1861 1098 2003 1150 malo
2038 1098 2407 1167 deprehensus
2450 1104 2553 1163 est,
2592 1099 2676 1153 vel
2710 1107 2932 1169 propter
2976 1100 3212 1169 aliquam
3248 1102 3431 1171 suspi-

1848 1187 2071 1247 cionem
2128 1189 2211 1242 vel
2255 1190 2655 1245 accusationem
2695 1190 2945 1260 ingratiis
2989 1192 3278 1247 convictus
3320 1202 3429 1258 est,

1860 1279 2078 1349 longius
2131 1281 2207 1335 illi
2251 1282 2627 1337 conversionis
2675 1292 2889 1352 tempus
2938 1282 3137 1351 datur;
3195 1293 3253 1339 ut
3312 1285 3431 1355 ipse

1859 1372 2099 1442 perfecte
2125 1380 2408 1443 purgatus,
2456 1372 2538 1427 sic
2568 1372 2633 1427 ad
2681 1382 3149 1427 sacramentorum
3186 1390 3430 1429 commu-

1859 1466 2077 1519 nionem
2132 1466 2469 1520 admittatur.
2520 1464 2615 1520 Est
2659 1480 2788 1535 ergo
2820 1466 3005 1521 Canon
3034 1469 3327 1539 ejusmodi,
3369 1483 3430 1528 ut

1859 1558 1951 1627 qui
1982 1557 2037 1610 in
2084 1556 2445 1612 fornicatione
2482 1558 2673 1627 polluti
2701 1568 2849 1621 sunt.
2900 1559 2957 1612 in
3000 1561 3176 1617 tribus
3208 1564 3426 1633 quidem

1861 1650 2021 1703 annis
2079 1650 2147 1704 ab
2181 1649 2426 1704 oratione
2470 1651 2693 1705 omnino
2739 1651 3114 1720 expellantur;
3168 1654 3223 1707 in
3255 1657 3430 1712 tribus

1860 1749 2041 1796 autem
2074 1741 2184 1798 sint
2238 1743 2411 1797 solius
2449 1741 2747 1798 auditionis
2779 1745 3092 1814 participes,
3149 1746 3202 1799 in
3252 1747 3431 1805 tribus

1859 1839 2039 1886 autem
2078 1832 2219 1895 aliis,
2264 1846 2387 1885 cum
2440 1834 2509 1887 iis
2540 1833 2633 1901 qui
2689 1833 2742 1887 in
2788 1836 3149 1891 conversione
3185 1839 3432 1893 subster-

1859 1932 2090 1988 nuntur,
2146 1930 2459 1991 precentur,
2512 1932 2567 1977 et
2616 1930 2746 1977 tunc
2793 1924 2902 1980 sint
2956 1939 3428 1983 sacramentorum

1861 2015 2177 2086 participes.
2210 2016 2267 2068 ln
2299 2015 2367 2070 iis
2387 2021 2568 2070 autem
2592 2016 2685 2085 qui
2705 2016 3037 2088 diligentiori
3069 2021 3432 2077 conversione

1861 2108 1947 2163 usi
1975 2105 2195 2172 fuerint,
2228 2114 2284 2162 et
2305 2108 2417 2162 vita
2436 2145 2450 2167 .
2473 2108 2540 2162 ad
2566 2107 2621 2161 td
2642 2109 2787 2179 quod
2819 2110 3023 2164 bonum
3048 2119 3154 2175 est,
3190 2112 3429 2167 reditum

1858 2198 2219 2263 ostenderint,
2274 2199 2401 2254 licet
2435 2199 2487 2254 ei
2535 2200 2629 2269 qui
2679 2200 2981 2270 dispensat,
3034 2217 3135 2271 pro
3173 2204 3432 2259 ecclesia-

1859 2298 2010 2350 sticae
2038 2294 2358 2359 (economiae
2393 2293 2643 2359 utilitate,
2685 2302 2900 2364 tempus
2946 2294 3245 2352 auditionis
3296 2313 3433 2353 con-

1859 2387 2097 2453 trahere,
2137 2394 2191 2443 et
2220 2386 2453 2442 celerius
2490 2385 2557 2439 ad
2590 2387 3002 2442 conversionem
3030 2387 3338 2445 deducere:
3377 2398 3433 2445 et

1860 2494 2055 2533 rursus
2080 2477 2184 2531 hoc
2207 2492 2427 2547 quoque
2458 2483 2674 2547 tempus
2703 2478 3047 2543 contrahere,
3097 2491 3152 2534 et
3195 2481 3432 2536 celerius

1859 2569 2300 2626 communionem
2345 2568 2589 2632 reddere,
2618 2578 2676 2624 ut
2698 2584 2795 2625 sua
2822 2570 3161 2640 probatione.
3194 2572 3316 2639 ejus
3341 2574 3430 2629 cui

1860 2663 2069 2717 medela
2111 2661 2421 2727 adhibetur,
2448 2661 2897 2717 constitutionem
2933 2660 3218 2731 dijudicet.
3238 2661 3434 2729 Quem-

1860 2754 2153 2810 admodum
2183 2756 2328 2811 enim
2358 2754 2542 2825 porcis
2565 2754 2891 2824 margaritas
2921 2754 3191 2824 projicere
3221 2764 3305 2811 est
3333 2771 3431 2811 ve-

1861 2845 2045 2910 titum,
2100 2844 2175 2899 ita
2221 2853 2277 2901 et
2317 2844 2553 2915 pretiosa
2594 2844 2886 2910 margarita
2918 2845 3134 2913 privare
3164 2860 3287 2900 eum
3336 2847 3430 2915 qui

1856 2936 1968 3006 jam
1998 2950 2097 3005 per
2120 2935 2502 2990 alienationem
2538 2948 2568 2987 a
2602 2934 2734 2987 vitio
2755 2941 2807 2989 et
2835 2934 3209 3005 purgationem
3266 2934 3431 2989 homo

1862 3025 1933 3081 sit
1967 3022 2166 3090 factus,
2195 3023 2496 3079 absurdum
2527 3012 2630 3079 est.
2663 3023 2795 3089 Qua:
2831 3030 3013 3077 autem
3053 3023 3107 3077 in
3161 3022 3433 3078 adulterio

205 3092 291 3162 τῆς
325 3094 661 3166 ἀκαθαρσίας
694 3095 958 3167 γενομένη
980 3097 1327 3169 παρανομία,
1356 3098 1539 3163 καθὼς
1577 3100 1759 3171 προεί-

1865 3126 1917 3172 ει
1952 3118 2004 3171 in
2050 3117 2274 3186 reliquis
2322 3114 2680 3171 immunditia:
2716 3115 3007 3184 generibus
3047 3115 3105 3169 ιιι
3145 3115 3433 3180 iniquitas,

204 3201 374 3256 θηται,
409 3186 551 3240 κατά
581 3186 758 3240 πάντα
791 3188 850 3240 ὲν
881 3186 959 3257 τῷ
987 3186 1136 3259 αύτῴ
1163 3189 1392 3263 κρίματι
1425 3191 1762 3266 θεραπευθῆ-

202 3291 363 3341 σεται,
397 3278 456 3330 ὲν
483 3270 528 3345 ᾧ
553 3278 730 3331 καὶτὸ
760 3278 860 3348 τῆς
894 3279 1148 3349 πορνείας
1185 3280 1316 3349 ἀγος
1340 3298 1353 3313 ο
1395 3281 1472 3352 τῷ
1508 3282 1563 3336 δὲ
1586 3287 1762 3357 χρόνῳ

197 3367 617 3432 διπλασιάζεται.
653 3370 1178 3441 Παρατηρηθήσεται
1211 3370 1269 3424 δὲ
1296 3374 1393 3426 καὶ
1430 3374 1515 3426 ἐπ’
1543 3374 1692 3445 αὐτῷ
1726 3378 1760 3447 ἡ

197 3457 283 3512 τοῦ
303 3459 737 3530 θεραπευομένου
770 3458 1007 3523 διάθεσις
1026 3502 1040 3525 ,
1074 3459 1133 3512 ὃν
1170 3462 1370 3531 τρόπον
1399 3464 1492 3516 καὶ
1527 3466 1620 3518 ἐπὶ
1651 3466 1760 3521 τῶν

196 3547 267 3618 τῷ
297 3550 553 3620 μολυσμῷ
594 3550 698 3620 τῆς
736 3550 993 3623 πορνείας
1042 3552 1502 3622 συνενεχθέντων,
1532 3554 1673 3612 ὥστε
1724 3559 1758 3630 ἢ

196 3640 381 3694 θὲττον
411 3642 444 3712 ἢ
470 3641 795 3715 βραδύτερον
818 3642 1069 3705 γενέσθαι
1095 3645 1279 3708 αὐτοῖς
1311 3646 1411 3718 τὴν
1434 3646 1526 3700 τοῦ
1554 3648 1761 3718 ἀγαθοῦ

200 3733 497 3796 μετουσίαν.

262 3826 517 3879 Λείπεται
543 3826 679 3897 πρὸς
701 3823 909 3888 τούτοις
928 3824 989 3878 τὸ
1004 3824 1282 3897 θυμοειδὲς
1309 3827 1406 3897 τῆς
1423 3826 1601 3899 ψυχῆς
1626 3847 1762 3902 προ-

202 3916 368 3971 θεῖναι
400 3920 477 3978 είς
521 3916 778 3984 ἐξέτασιν,
824 3915 953 3970 ὅταν
979 3915 1395 3987 παρασφαλεῖσα
1422 3918 1519 3988 τῆς
1553 3919 1764 3990 ἀγαθῆς

206 4004 507 4077 περι,μοῦ
544 3994 816 4080 “ﬁo-im,
850 4010 930 4071 εις
964 3998 1235 4077 ἁμαρτίαν
1263 4007 1491 4079 ἐκπέσῃ.
1550 4009 1778 4066 Πολλῶν·

209 4110 265 4146 τι
290 4094 450 4151 ἆντων
482 4097 620 4151 κατά
633 4097 803 4170 θυμὸν
819 4098 900 4161 είς
923 4097 1192 4169 ἁμαρτίαν
1218 4097 1647 4168 ὲνεργουμένων,
1669 4102 1764 4155 καὶ

215 4188 413 4242 πάντων
437 4188 642 4257 κακῶν,
685 4189 850 4260 ἤρεσέ
879 4206 994 4252 πως
1033 4191 1146 4253 τοῖς
1191 4189 1468 4261 Ιῐατράσιν
1498 4190 1672 4261 ἡμῶν,
1705 4195 1762 4246 ὲν

216 4280 317 4339 τοῖς
355 4280 522 4343 ἄλλοις
559 4280 634 4352 μὴ
684 4279 804 4336 λίαν
846 4279 1340 4351 ἀκριϐολογεῖσθαι,
1388 4280 1523 4352 μηδὲ
1566 4282 1765 4354 πολλῆς

1861 3216 1921 3263 ut
1953 3210 2157 3262 dictum
2195 3216 2299 3273 est,
2325 3206 2515 3261 eodem
2560 3206 2772 3275 judicio
2805 3207 3061 3275 punietur
3088 3222 3198 3276 quo
3234 3217 3284 3262 et
3314 3206 3429 3259 for-

1861 3301 2154 3355 nicationis
2188 3299 2387 3363 scelus,
2429 3298 2524 3354 sed
2564 3306 2806 3367 tempore
2857 3297 3245 3365 duplicabitur.
3276 3299 3333 3351 In
3366 3314 3433 3354 eo

1862 3402 2066 3454 autem,
2107 3392 2227 3459 ejus
2257 3390 2418 3443 etiam
2469 3389 2559 3443 cui
2609 3387 2815 3443 medela
2868 3389 3177 3454 adhibetur,
3220 3388 3433 3444 achr-tio

1866 3479 2325 3542 considerabitur,
2350 3497 2458 3550 quo
2480 3480 2639 3535 modo
2665 3488 2722 3533 et
2756 3478 2811 3534 in
2846 3479 2915 3534 iis
2936 3481 3029 3549 qui
3057 3479 3435 3535 fornicationis

1866 3573 2280 3641 inquinamento
2315 3571 2593 3641 illaqueati
2636 3579 2787 3635 sunt,
2835 3579 2894 3626 ut
2919 3573 3001 3626 vel
3030 3572 3193 3627 citius
3220 3571 3306 3626 vel
3328 3579 3435 3626 tar-

1870 3664 1996 3723 dius
2013 3662 2096 3723 eis
2115 3666 2187 3721 sit
2210 3664 2335 3721 boni
2361 3663 2720 3733 participatio.
3401 3652 3407 3659 ’

1937 3824 2129 3881 Restat
2172 3824 2240 3877 ad
2291 3823 2407 3881 haec
2474 3830 2534 3877 ut
2591 3822 2917 3878 irascentem
2989 3824 3186 3878 animae
3223 3832 3434 3893 partem

1866 3916 2281 3974 examinandum
2322 3930 2714 3988 proponamus,
2744 3915 2963 3984 quando
3005 3915 3156 3984 lapsa
3207 3930 3236 3968 a
3295 3915 3439 3969 bono

1870 4010 1962 4064 ira:
1986 4025 2087 4064 usu
2116 4010 2170 4063 in
2206 4017 2486 4079 peccatum
2518 4006 2797 4061 ceciderit.
2840 4005 3012 4077 [Cum
3047 4004 3137 4077 5.]
3163 4006 3297 4061 Cum
3333 4022 3463 4071 ειη--⁸

1868 4108 1974 4153 tem
2018 4102 2190 4153 multa
2250 4098 2360 4151 sint
2410 4111 2533 4167 quae
2577 4110 2673 4165 per
2724 4095 2861 4150 iram
2925 4092 3061 4147 fiunt
3116 4102 3337 4163 peccata
3387 4102 3441 4148 et

1870 4192 2049 4246 omnis
2087 4188 2302 4260 generis
2336 4188 2502 4249 mala,
2545 4185 2751 4255 placuit
2782 4184 3039 4240 omnibus
3086 4185 3290 4240 nostris
3338 4184 3441 4238 Pa-

1872 4282 2048 4337 tribus
2121 4282 2174 4335 in
2237 4278 2359 4334 aliis
2430 4276 2651 4348 quidem
2702 4290 2812 4329 non
2877 4275 3105 4331 nimium
3169 4278 3441 4333 subtiliter

224 4369 354 4434 ἀξιον
382 4374 619 4444 ἡγεῖσθαι
649 4373 904 4444 σπουδῆς,
937 4373 999 4428 τὸ
1036 4372 1359 4442 θεραπεύειν
1395 4373 1573 4431 πάντα
1602 4373 1670 4427 τὰ
1701 4377 1762 4429 ὲκ

1872 4390 2053 4445 agere,
2088 4386 2190 4427 nec
2222 4368 2454 4425 nimium
2490 4368 2545 4423 in
2577 4383 2643 4423 eo
2691 4368 2858 4423 studii
2891 4381 3178 4439 opemque
3217 4384 3437 4437 ponere,

229 4460 379 4530 θυμοῦ
399 4465 811 4535 παραπτώματα
830 4480 843 4493 ’
883 4464 977 4518 καί
1004 4464 1087 4518 τοί
1116 4481 1178 4534 γε
1204 4465 1300 4535 τῆς
1325 4464 1565 4535 Γραφῆς,
1589 4465 1651 4519 οὐ
1681 4468 1771 4537 μό-

228 4564 303 4603 νον
340 4553 648 4625 τὴνθψυχὴν
687 4553 1134 4625 ἀπαγορευούσης
1183 4553 1396 4624 πληγήν
1425 4570 1438 4584 ·
1488 4554 1622 4608 ἀ).λά
1673 4556 1767 4610 καὶ

232 4641 387 4694 πᾶσαν
412 4643 693 4716 λοιδορίαν,
737 4643 772 4714 ἢ
806 4643 1169 4716 βλασφημίαν,
1209 4645 1385 4699 ita!!!
1415 4662 1469 4698 τι
1497 4645 1623 4700 ἄλλο
1655 4664 1767 4703 τοι·

232 4728 365 4785 iam
387 4737 412 4787 ό
441 4735 606 4807 θυμὸς
640 4734 1044 4806 ἀπεργάζεται·
1091 4736 1249 4807 μόνον
1274 4737 1331 4790 δὲ
1369 4738 1462 4791 τοῦ
1497 4739 1636 4792 κατά
1677 4740 1769 4793 τὸν

236 4825 372 4890 vlim
392 4829 545 4897 ἄγους
582 4829 683 4900 τὴν
713 4829 1107 4901 παραφυλακὴν
1150 4830 1493 4901 ἐποιήσαντο,
1538 4831 1628 4885 διὰ
1660 4830 1768 4886 τῶν

236 4914 504 4989 it:anm.
534 4920 798 4992 Διῄρηται
822 4921 879 4974 δὲ
908 4921 970 4973 τὸ
1002 4919 1237 4974 τοιοῦτον
1262 4920 1429 4976 κακὸν
1451 4926 1518 4993 τῇ
1538 4922 1769 4995 διαφορᾷ

238 5007 312 5059 τοῦ
342 5012 570 5068 ἑκουσίου
612 5031 672 5068 τε
717 5014 814 5067 καὶ
853 5013 1133 5076 ἀκουσίου,
1164 5012 1222 5067 ὲν
1249 5008 1330 5077 οἷς
1378 5014 1623 5078 ἑκούσιος
1671 5016 1770 5085 μέν

242 5098 332 5152 in
358 5105 516 5171 φόνος.
554 5105 777 5177 Πρῶτον
801 5105 919 5177 μὲν,
959 5107 990 5159 ὁ
1023 5104 1088 5159 ὲκ
1120 5106 1471 5177 παρασκευῆς
1500 5105 1768 5177 τετολμης-

248 5190 377 5257 μένος
396 5196 481 5251 τοῦ
500 5199 580 5261 είς
604 5198 738 5251 αύτὸ
764 5196 921 5251 τοῦτο
945 5197 1427 5269 εύτρεπισαμένου,
1453 5199 1602 5263 ὅπως
1619 5197 1686 5253 ἂν
1709 5199 1772 5253 τὺ

248 5279 349 5347 ειυς
364 5289 667 5361 ἐργάσηται.
690 5290 919 5344 Ἔπειτα
933 5288 990 5343 δὲ
1013 5290 1264 5354 κάκεῖνος
1293 5291 1351 5344 ιν
1371 5293 1482 5354 τοῖς
1504 5290 1771 5355 ἑκουσίοις

252 5372 481 5451 Mdu,
499 5382 627 5436 ὅταν
644 5398 730 5444 τις
759 5382 821 5436 ιν
837 5380 1122 5451 συμπλοκῇ
1157 5382 1249 5435 καὶ
1277 5382 1444 5454 μάχῃ,
1465 5383 1681 5436 τύπτων
1712 5399 1771 5436 τε

254 5463 323 5515 ni
340 5471 673 5542 ταττόμενος,
686 5472 885 5544 ἐνέγκῃ
906 5471 1044 5526 κατά
1062 5489 1208 5535 τινος
1230 5474 1445 5543 καιρίου
1460 5473 1557 5544 τὴν
1571 5473 1661 5527 διά
1674 5474 1773 5543 τῆς

253 5554 393 5623 καρὸς
416 5561 646 5634 πληγήν.
679 5564 741 5615 '0
760 5562 868 5633 γάρ
889 5562 1036 5629 ἀπαξ
1059 5562 1136 5635 τῷ
1156 5562 1313 5633 θυμῷ
1340 5562 1652 5637 κρατηθεὶς,
1680 5564 1774 5618 καὶ⁸

253 5641 299 5707 ἕ
320 5646 445 5721 ὁρμῇ
480 5653 581 5722 τῆς
616 5653 786 5725 ὀργῆς
815 5652 1186 5725 χαριζόμενος,
1220 5654 1371 5708 οὐδὲν
1408 5653 1474 5708 ἀν
1502 5654 1655 5727 παρά
1684 5655 1775 5708 τὸν

253 5736 403 5807 ’πρὶν
430 5741 519 5795 τοῦ
542 5741 746 5806 πάθους
765 5742 875 5796 τῶν
899 5742 1162 5814 ἀνακύψαι
1192 5742 1252 5798 τὸ
1278 5742 1442 5799 κακὸν
1466 5743 1776 5815 δυναμένων

1882 4474 1941 4521 ιιι
1965 4463 2146 4518 omnia
2177 4476 2299 4531 qua:
2323 4476 2391 4517 ex
2425 4460 2506 4515 ira
2538 4466 2894 4516 nascerentur
2921 4459 3118 4513 delicta
3148 4468 3437 4525 curarent;

1874 4554 2126 4629 quamvis
2163 4551 2447 4623 Scriptura
2502 4566 2611 4605 non
2658 4550 2831 4606 solum
2885 4549 3085 4603 vulnus
3133 4549 3440 4617 prohibeat,

1876 4648 1970 4705 sed
2001 4646 2166 4703 etiam
2190 4659 2353 4700 omne
2393 4642 2701 4697 convicium
2739 4640 2819 4695 vel
2853 4640 3223 4704 maledictum,
3284 4647 3337 4693 et
3396 4640 3441 4692 si

1875 4737 2004 4809 quid
2037 4735 2184 4791 aliud
2230 4732 2498 4803 ejusmodi
2530 4732 2605 4786 ita
2656 4730 2863 4796 ellieit;
2899 4729 2993 4785 sed
3049 4729 3221 4783 solam
3278 4727 3446 4781 caedis

1876 4827 2186 4884 cautionem
2244 4826 2362 4882 suis
2422 4823 2599 4894 poenis
2674 4821 3116 4877 introduxerunt.
3177 4818 3446 4875 Dividitur

1874 4927 2055 4975 autem
2090 4918 2193 4973 hoc
2222 4916 2460 4981 malum,
2489 4913 2789 4969 dill'crentia
2823 4911 3143 4966 voluntariae
3195 4920 3250 4965 ct
3288 4910 3444 4964 invo-

1876 5014 2164 5069 luntariae:
2221 5017 2278 5065 et
2331 5016 2419 5065 est
2472 5006 2651 5062 cades
2683 5003 2902 5075 quidem
2940 5003 3273 5065 voluntaria,
3321 5014 3444 5069 qua:

1876 5104 2252 5178 praemeditate
2309 5106 2568 5170 suscepta
2622 5105 2708 5153 est
2744 5096 2813 5151 ah
2871 5110 2938 5151 eo
2965 5095 3059 5165 qui
3121 5109 3181 5151 se
3210 5092 3279 5148 ad
3340 5092 3445 5147 hoc

1876 5201 2287 5267 comparaverat
2314 5201 2374 5249 ut
2436 5194 2543 5248 hoc
2571 5190 2787 5247 facinus
2822 5195 3181 5260 perpetraret.
3243 5186 3447 5242 Deinde

1877 5288 2009 5345 illud
2040 5302 2260 5358 quoque
2292 5284 2345 5339 in
2374 5283 2702 5339 voluntariis
2731 5280 3102 5337 existimatum
3128 5286 3237 5339 est.
3267 5292 3446 5347 quan-

1878 5380 1950 5436 do
1981 5379 2107 5450 quis
2147 5380 2202 5432 in
2262 5390 2561 5446 congressu
2623 5374 2919 5429 verberans
2983 5379 3038 5426 et
3097 5370 3443 5434 verberatus,

1879 5485 2043 5526 manu
2094 5467 2305 5539 plagam
2337 5463 2672 5520 mortiferam
2732 5461 2999 5518 intulerit.
3034 5459 3139 5527 Qui
3179 5459 3324 5516 enim
3365 5462 3445 5515 ira

1881 5560 2049 5617 semel
2075 5558 2254 5612 victus
2303 5562 2478 5616 est,et
2522 5552 2691 5608 animi
2740 5552 3061 5623 appetitioni
3107 5551 3274 5617 cedit,
3308 5552 3446 5607 nihil

1879 5666 2069 5707 eorum
2098 5663 2220 5719 quas
2255 5647 2457 5702 malum
2504 5636 2727 5716 possent
2777 5652 3081 5715 amputare,
3115 5643 3164 5700 ci
3199 5645 3255 5698 in
3293 5659 3444 5698 meno

1881 5748 1989 5797 tem
2019 5738 2182 5798 venit.
2217 5737 2396 5803 Quare
2421 5747 2473 5793 et
2508 5734 2619 5791 illic
2648 5750 2863 5807 quoque
2898 5736 2989 5806 qui
3042 5751 3109 5793 ex
3162 5740 3447 5789 concerta;
