4008 6210
561 351 771 424 ,εει

681 469 830 520 tione
865 463 1144 535 profectus
1167 472 1272 534 est,
1313 465 1482 524 caedis
1504 473 1756 533 eventus,
1800 469 1856 523 in
1903 469 2107 525 factum
2153 484 2243 525 νο·
2273 471 2316 526 Α

682 557 1003 620 luntarium,
1035 570 1142 611 non
1198 557 1253 611 in
1287 571 1477 613 casum
1513 559 1817 615 confertur.
1868 558 2249 615 lnvnluntarite

681 655 863 701 autem
898 647 1101 701 habent
1138 648 1429 703 manifesta
1482 649 1707 713 indicia,
1738 650 1962 721 quando
1990 652 2116 721 quis
2145 651 2248 705 ali-

681 737 769 790 cui
802 737 959 792 alteri
986 738 1062 793 rei
1092 739 1333 795 studium
1366 741 1665 811 applicans,
1698 758 1830 800 casu
1861 744 2247 814 gravissimum

683 826 903 897 aliquod
930 828 1130 883 malum
1164 833 1479 900 patraverit.
1508 831 1566 886 ln
1612 833 1698 889 his
1736 849 1889 905 ergo,
1915 834 2092 890 caedes
2127 835 2251 904 qui-

683 914 805 971 dem
839 919 895 971 'rn
927 918 1124 988 triplex
1156 926 1371 991 tempus
1398 923 1711 978 extenditur
1759 923 1827 979 iis
1875 925 1969 994 qui
2001 940 2098 995 per
2126 940 2251 980 con-

681 1008 992 1063 versionem
1030 1011 1339 1065 voluntario
1375 1009 1609 1066 facinori
1652 1012 1956 1067 remedium
1990 1012 2244 1069 aﬂ‘erunt.

683 1097 790 1152 Ter
820 1115 1012 1154 novem
1045 1100 1208 1156 etiam
1242 1110 1370 1156 sunt
1427 1102 1578 1169 anni,
1641 1104 1940 1158 novenario
1976 1119 2248 1159 annorum

684 1200 911 1261 numero
944 1190 1000 1244 in
1031 1205 1360 1261 unoquoque
1391 1192 1563 1262 gradu
1596 1192 1883 1264 praeﬁnito,
1929 1204 1991 1249 ut
2032 1196 2085 1249 in
2121 1211 2277 1266 perv

684 1277 825 1333 [ecta
887 1280 1108 1349 quidem
1150 1285 1519 1352 segregatione
1561 1298 1755 1340 novem
1807 1301 2074 1341 annorum
2112 1295 2251 1342 tem-

599 1359 607 1367 ’
686 1383 819 1438 pore
848 1379 1094 1426 versetur
1129 1372 1199 1427 ab
1234 1372 1473 1429 Ecclesia
1501 1375 1850 1445 prohibitus;
1902 1378 2040 1434 alios
2068 1386 2248 1434 autem

686 1467 768 1515 tot
799 1477 972 1518 annos
1003 1463 1057 1518 in
1104 1463 1383 1521 auditione
1429 1476 1764 1536 permaneat,
1808 1470 1923 1524 sola
1962 1470 2246 1525 doctorum

686 1561 742 1607 et
790 1552 1193 1623 Scripturarum
1246 1557 1521 1612 auditione
1559 1566 1611 1614 et
1646 1561 2061 1615 conversatione
2120 1576 2246 1615 cum

688 1645 886 1713 popqu
913 1645 1111 1716 dignus
1148 1646 1387 1714 habitus,
1411 1649 1469 1704 in
1503 1650 1666 1705 tertio
1720 1661 1899 1707 autem
1951 1652 2250 1708 novenario

682 1749 810 1789 cum
830 1737 1127 1793 substratis
1157 1739 1213 1793 in
1240 1741 1606 1796 conversione
1644 1756 1830 1807 orans,
1868 1752 1928 1797 ut
1969 1744 2249 1812 perveniat

688 1826 755 1880 ad
787 1829 1228 1884 communionem
1259 1832 1584 1885 sacramenti
1609 1832 1820 1888 scilicet
1845 1851 1861 1898 ;
1889 1841 1945 1888 et
1969 1833 2023 1888 in
2057 1835 2248 1889 eodem

687 1918 873 1971 eadem
906 1919 1009 1973 erit
1045 1919 1353 1976 observatio
1391 1923 1461 1976 ab
1498 1937 1563 1977 eo
1589 1924 1684 1992 qui
1725 1922 2026 1979 Ecclesiam
2076 1927 2252 1980 admi-

688 2006 906 2070 nistrat,
938 2015 993 2061 et
1021 2023 1120 2077 pro
1149 2009 1361 2063 ratione
1385 2010 1762 2067 conversionis
1788 2013 1864 2067 illi
1892 2028 2112 2084 quoque
2138 2029 2253 2085 pte-

688 2110 772 2150 nae
802 2098 1053 2153 extensio
1082 2098 1447 2165 rescindetur,
1480 2108 1539 2155 ut
1586 2116 1687 2171 pro
1738 2117 1931 2158 novem
1984 2105 2144 2160 annis
2198 2105 2252 2159 in

690 2203 1018 2258 unoquoque
1037 2191 1228 2261 gradu,
1253 2192 1336 2247 vel
1360 2201 1505 2256 octo,
1532 2193 1616 2247 vel
1643 2201 1874 2263 septem,
1906 2196 1991 2251 vel
2013 2197 2255 2268 quinque

691 2279 867 2335 solum
901 2270 1031 2333 anni
1054 2280 1208 2348 ﬁant,
1239 2283 1285 2336 si
1320 2284 1657 2353 pmnitentiae
1684 2288 2003 2358 magnitudo
2037 2297 2253 2360 tempus

689 2369 896 2434 vincat,
935 2380 990 2426 et
1022 2380 1244 2441 superet
1288 2374 1650 2431 correctionis
1683 2377 1868 2434 studio
1927 2394 2023 2436 eos
2071 2381 2165 2450 qui
2197 2379 2252 2434 in

691 2461 854 2531 longo
879 2469 1125 2533 tempore
1164 2467 1468 2534 praestituto
1516 2477 1799 2539 susceptas
1830 2486 1861 2525 a
1898 2485 1958 2526 se
2011 2472 2253 2527 maculas

690 2551 933 2620 segniter
956 2553 1166 2609 eluunt.
1199 2554 1627 2612 Involuntarinm
1653 2571 1830 2614 autem
1851 2561 2010 2615 venia
2035 2561 2252 2631 quidem

689 2641 937 2712 dignum,
965 2642 1060 2698 sed
1091 2659 1200 2698 non
1232 2645 1503 2702 laudabile
1525 2647 1835 2716 judicatum
1865 2662 1969 2705 est.
2004 2649 2120 2705 Hoc
2161 2666 2253 2706 au-

690 2738 801 2786 tem
831 2730 967 2796 dixi,
1001 2741 1061 2787 ut
1090 2733 1161 2788 sit
1189 2744 1457 2804 apertum,
1486 2738 1632 2806 quod
1661 2740 1823 2793 etiam
1856 2739 1909 2795 si
1946 2743 2069 2810 quis
2102 2742 2254 2795 invo-

690 2820 931 2877 luntarie
966 2822 1132 2879 fuerit
1165 2824 1220 2878 in
1250 2826 1457 2881 scelere
1487 2826 1809 2885 homicidii:
1844 2845 1969 2885 eum
1997 2839 2251 2901 tanquam

687 2911 801 2983 jam
834 2911 1149 2982 profanum,
1184 2914 1461 2984 piaculum
1501 2918 1795 2985 redditum,
1859 2934 1891 2974 a
1923 2921 2252 2977 sacerdotali

691 3004 865 3073 gratia
914 3004 1243 3074 ejiciendum
1292 3009 1666 3076 pronuntiavit
1717 3024 1914 3065 canon.
1976 3011 2251 3079 Quantum

692 3101 873 3148 autem
899 3101 983 3150 est
1002 3095 1330 3165 expiationis
1360 3105 1577 3173 tempus
1606 3101 1675 3155 ob
1719 3101 2025 3172 simplicem
2076 3102 2248 3158 forni—
2277 3128 2320 3185 ο

692 3184 987 3251 cntionem,
1018 3193 1232 3243 tantum
1261 3189 1423 3245 etiam
1458 3197 1608 3246 recte
1651 3190 1850 3249 habere
1880 3194 2249 3249 existimatum

689 3275 865 3342 estin
900 3276 971 3332 iis
996 3278 1088 3347 qui
1121 3279 1326 3335 caedem
1359 3280 1778 3338 involuntariam
1814 3281 2116 3348 fecissent;
2148 3286 2256 3341 sci-

691 3364 842 3426 licet,
869 3364 924 3418 in
958 3366 1027 3420 iis
1066 3381 1303 3437 quoque,
1359 3370 1673 3438 paenitentis
1718 3371 1997 3428 voluntate
2051 3373 2256 3428 exami-

2280 1802 2322 1857 Β

693 3463 863 3523 nata;
898 3464 959 3511 ut
997 3457 1043 3514 si
1075 3458 1146 3513 sit
1192 3458 1297 3515 ﬁde
1328 3460 1548 3530 quidem
1583 3461 1747 3532 digna
1780 3464 2087 3528 conversio,
2145 3480 2256 3520 non

692 3556 941 3603 servetur
968 3562 1239 3605 annorum
1269 3564 1533 3606 numerus
1561 3570 1575 3620 ;
1611 3552 1707 3607 sed
1739 3549 2002 3624 temporis
2030 3556 2257 3625 prolixi-

692 3643 806 3693 tate
853 3647 1120 3705 resecata,
1150 3640 1219 3696 ad
1287 3640 1546 3698 Ecclesiae
1589 3642 1991 3702 restitutionem
2020 3655 2075 3702 et
2125 3647 2256 3703 boni

693 3729 1163 3799 participationem
1193 3733 1514 3802 compendio
1542 3735 1858 3790 reducatur.
1900 3736 1958 3791 Si
1998 3738 2121 3808 quis
2154 3754 2257 3793 au-

691 3830 800 3876 tem
834 3836 939 3876 non
968 3823 1185 3892 expleto
1230 3831 1474 3894 tempore
1503 3840 1535 3879 a
1586 3829 1888 3883 canonibus
1928 3830 2242 3899 prmstituto

693 3911 806 3965 vita
833 3913 1078 3978 excedat,
1123 3913 1279 3984 jubet
1313 3913 1532 3970 Patrum
1571 3918 1858 3975 clementia
1911 3927 1972 3974 ut
2033 3920 2259 3978 eil‘ectus

695 4015 1164 4060 sacramentorum
1197 4007 1495 4077 particeps,
1530 4023 1641 4063 non
1666 4009 1867 4067 viatico
1920 4026 2153 4078 vacuus,
2190 4012 2259 4068 ad

692 4101 992 4149 extremam
1020 4095 1169 4151 illam
1190 4105 1244 4152 et
1283 4099 1499 4168 longam
1551 4102 2044 4172 peregrinationem
2077 4107 2262 4160 mitta-

694 4193 806 4240 tur.
851 4187 952 4242 Sin
1011 4197 1214 4254 autem,
1262 4199 1549 4263 postquam
1600 4198 1928 4253 sacramenti
1992 4198 2261 4270 particeps

697 4278 877 4336 factus
902 4280 1086 4347 fuerit,
1114 4298 1335 4339 rursum
1359 4285 1428 4340 ad
1456 4287 1623 4341 vitam
1654 4303 1908 4345 reversus
1937 4289 2045 4346 sit:
2086 4298 2262 4346 statu-

698 4378 815 4423 tum
841 4381 1053 4441 tempus
1081 4382 1379 4442 exspectet,
1412 4376 1469 4430 in
1522 4378 1618 4433 illo
1661 4380 1835 4450 gradu
1883 4382 2158 4438 exsistens
2206 4382 2262 4436 in

1904 351 1962 409 S.
2000 350 2325 408 GREGORII
2364 352 2655 410 NYSSENI

3762 349 3851 403 23%

2345 472 2435 524 ἐπὶ
2461 471 2584 525 νοῦν
2612 469 2784 523 λάϐοι.
2834 468 2992 522 Ὥστε
3023 465 3116 521 καὶ
3135 463 3197 520 rb
3223 466 3289 520 ἐκ
3312 467 3409 538 τῆς
3432 466 3714 539 συμπλοκῆς
3742 469 3856 521 ἁπο-

2348 560 2583 631 τέλεσμα
2610 558 2705 613 τοῦ
2740 558 2922 628 φόνου,
2963 559 3044 620 είς
3068 556 3227 627 ἔργον
3261 556 3633 627 προαιρέσεως,
3665 557 3744 612 καὶ
3771 559 3855 611 οὐκ

2347 653 2427 714 είς
2447 649 2746 720 ἀποτυχίαν
2771 648 3050 717 ἀνάγεται.
3079 649 3141 700 Οἱ
3164 646 3220 700 δὲ
3242 646 3484 701 ἀκούσιοι
3507 648 3686 720 φανερὰ
3703 648 3857 719 έχουσι

2347 740 2416 793 τά
2442 738 2796 809 γνωρίσματα
2815 753 2829 768 ·
2869 738 2998 790 ὅταν
3042 753 3126 799 τις
3154 734 3290 807 πρὸς
3320 735 3505 807 ἕτερόν
3533 753 3577 789 τι
3602 735 3684 806 τὴν
3716 753 3859 789 σπου-

2346 829 2446 901 δὴν
2487 830 2658 899 ἔχων,
2696 827 2757 893 ἐξ
2789 827 3085 897 ἀποτυχίας
3115 843 3167 879 τι
3214 825 3322 878 τῶν
3361 825 3651 896 ἀνηκέστων
3691 825 3857 897 δράσῃ.

2361 919 2482 971 Ἐπὶ
2520 916 2724 970 τούτων
2769 916 2949 969 τοίνυν
2992 918 3021 969 ὁ
3067 915 3166 985 μὲν
3211 914 3389 984 φόνος,
3431 915 3512 977 είς
3555 913 3861 986 τριπλασίονα

2347 1008 2536 1079 χρόνον
2571 1007 2972 1079 παρατείνεται,
3006 1008 3120 1069 τοῖς
3149 1004 3216 1057 δι’
3248 1006 3574 1076 ἐπιστροφῆς
3603 1004 3862 1076 θεραπευο-

2352 1099 2534 1170 μένοις
2557 1098 2617 1152 τὸ
2647 1097 2889 1151 ἐκούσιον
2913 1096 3065 1164 ἄγος.
3108 1095 3403 1165 Τρισεννέα
3434 1096 3540 1164 γάρ
3564 1097 3680 1148 εἰσιν
3708 1098 3863 1149 ἐνιαυσ

2347 1184 2457 1255 τοὶ,
2484 1189 2604 1243 καθ’
2632 1188 2861 1242 ἕκαστον
2908 1186 3109 1257 βαθμὸν
3136 1187 3234 1255 τῆς
3260 1186 3474 1248 ἐννάδος
3501 1185 3598 1239 τῶν
3625 1185 3740 1239 ἐτῶν
3767 1189 3866 1257 ὁρι-

2351 1281 2587 1352 σθείσης,
2615 1279 2753 1332 ὥστε
2783 1281 2840 1332 ἐν
2872 1278 2970 1348 μὲν
2996 1278 3073 1348 τῷ
3102 1277 3351 1331 παντελεῖ
3367 1278 3864 1351 ἀφορισμῷ,ἐνναετῆ

2348 1372 2537 1444 χρόνον
2583 1368 2922 1439 διαγενέσθαι
2967 1367 3361 1438 ἀπειργόμενον
3402 1366 3501 1437 τῆς
3554 1367 3863 1439 Ἐκκλησίας’

2347 1466 2481 1521 ἀλλα
2521 1464 2579 1517 δέ
2627 1462 2863 1518 τοσαῦτα
2905 1460 2999 1531 ἐτη
3046 1462 3104 1513 ἐν
3135 1462 3200 1530 τῇ
3249 1459 3507 1530 ἀκροάσει
3555 1464 3867 1531 παραμεῖναι,

2352 1556 2518 1627 μόνης
2535 1554 2643 1608 τῶν
2669 1552 3001 1607 διδασκάλων
3032 1551 3125 1604 καὶ
3163 1551 3261 1622 τῆς
3292 1551 3400 1604 τῶν
3441 1552 3657 1622 Γραφῶν
3690 1551 3873 1622 ἀκροάο

2350 1664 2508 1712 σεως,
2564 1645 2659 1698 καὶ
2691 1642 2829 1716 μετά
2862 1645 2961 1712 τῆς
2991 1641 3086 1695 τοῦ
3135 1640 3266 1695 λαοῦ
3296 1641 3595 1705 συστάσεως
3646 1641 3876 1711 ἀξιούμε-

2349 1756 2467 1803 νον,
2518 1738 2575 1791 ἐν
2606 1736 2663 1789 δὲ
2704 1735 2862 1808 τρίτῃ
2908 1734 3085 1788 ἐννάδι
3105 1775 3121 1799 ,
3184 1732 3320 1803 μετὰ
3356 1733 3464 1786 τῶν
3505 1732 3879 1785 ὑποπιπτόντων

2353 1833 2410 1885 ἐν
2465 1832 2531 1899 τῇ
2606 1829 2903 1898 ἐπιστροφῇ
2978 1825 3407 1895 προσευχόμενον
3430 1864 3446 1887 ,
3501 1823 3658 1889 οὕτως
3719 1825 3882 1877 ἐλθεῖν

2352 1923 2446 1976 ἐπὶ
2498 1921 2599 1992 τὴν
2662 1918 2948 1991 μετουσίαν
2989 1916 3082 1970 τοῦ
3136 1917 3474 1988 ἀγιάσματος
3501 1933 3516 1947 ·
3575 1916 3753 1988 δηλαδὴ
3795 1917 3886 1971 καὶ

2355 2010 2449 2064 ἐπὶ
2484 2008 2578 2062 τοῦ
2616 2007 2874 2071 τοιούτου,
2918 2006 2950 2076 ἡ
2988 2004 3125 2075 αὑτὴ
3173 2005 3540 2075 προστήρησις
3571 2004 3705 2057 ἔσται
3745 2005 3886 2075 παρά

2352 2104 2448 2159 τοῦ
2483 2102 2884 2174 οίκονομοῦντος
2925 2099 3021 2171 τὴν
3065 2100 3409 2169 Ἐκκλησίαν,
3451 2099 3545 2151 καὶ
3593 2096 3717 2169 πρὸς
3742 2096 3886 2164 λόγον

2353 2195 2450 2266 τῆς
2479 2192 2810 2263 ἐπιστροφῆς
2864 2191 3294 2262 συντμηθήσεται
3323 2189 3471 2260 αὐτῷ
3495 2190 3584 2243 καὶ
3609 2192 3638 2259 ή
3662 2186 3746 2242 τοῦ
3780 2189 3886 2240 ἐπι-

2352 2286 2532 2357 τιμίου
2570 2287 2895 2355 παράτασις,
2928 2283 3068 2337 ὥστε
3092 2284 3212 2337 ἀντὶ
3234 2282 3390 2336 ἐννέα
3413 2283 3568 2345 ἐτῶν,
3592 2283 3670 2351 ἐφ’
3693 2281 3885 2350 ἑκάστη

2356 2380 2549 2451 βαθμῷ
2579 2376 2722 2432 ὀκτὼ
2755 2376 2788 2447 ἢ
2822 2368 2960 2429 ἐπτά
2992 2377 3024 2446 ἢ
3062 2375 3140 2442 ἓξ,
3191 2375 3224 2446 ἢ
3260 2375 3351 2428 καὶ
3397 2374 3554 2428 πέντε
3600 2373 3723 2450 μόνα
3752 2374 3886 2441 γενέ⁴

2356 2472 2510 2527 σθαι·
2546 2472 2701 2542 εἴπερ
2744 2469 2805 2522 rb
2833 2467 3058 2539 μέγεθος
3106 2467 3206 2536 τῆς
3249 2467 3579 2538 ἐπιστροφῆς
3615 2464 3776 2535 νικοίη
3809 2464 3886 2516 τδη

2353 2561 2558 2633 χρόνον,
2590 2559 2684 2612 καὶ
2702 2556 3090 2628 ὑπερϐάλλοιτο
3116 2558 3180 2627 τῇ
3220 2556 3419 2626 σπουδῇ
3443 2556 3538 2625 τῆς
3576 2548 3886 2620 διορθώσεως

2351 2650 2475 2711 τοὺς
2504 2649 2561 2700 ἐν
2599 2649 2666 2718 τῇ
2702 2647 2886 2717 μακρᾷ
2918 2644 3224 2718 προθεσμίᾳ
3251 2643 3614 2717 ρᾳθυμότερόν
3642 2657 3754 2705 πως
3781 2643 3881 2694 έαυ

2351 2740 2479 2801 τοὺς
2504 2737 2612 2790 ἀπὸ
2645 2735 2746 2806 τῆς
2786 2735 3003 2805 κηλίδος
3031 2734 3403 2804 καθαίροντας.
3463 2732 3534 2785 Τδ
3559 2731 3614 2784 δέ
3640 2730 3886 2784 ἀκούσιον

2353 2827 2692 2899 συγγνωστὸν
2721 2825 2837 2898 μὲν,
2869 2826 2928 2880 οὺ
2962 2826 3068 2897 μὴν
3100 2825 3380 2879 ἐπαινετὸν
3411 2822 3621 2893 ἐκρίθη.
3657 2821 3820 2876 Τοῦτο
3855 2822 3886 2875 δ

2352 2919 2532 2985 εἶπον,
2585 2919 2725 2973 ὥστε
2771 2918 2927 2989 δῆλον
2956 2915 3242 2986 γενέσθαι,
3300 2915 3380 2969 ὅτι
3412 2914 3511 2968 κᾶν
3544 2913 3801 2976 ἀκουσίως
3828 2931 3886 2966 τι

2351 3006 2574 3075 γένηται
2609 3006 2666 3058 ἐν
2702 3003 2780 3075 τῷ
2806 3003 2900 3058 τοῦ
2934 3004 3092 3072 φόνου
3140 3003 3428 3074 μιάσματι,
3467 3002 3542 3066 ὡς
3565 3002 3663 3073 ἤδη
3692 3001 3886 3071 βέϐηλο

2353 3098 2513 3152 αὐτὸν
2536 3096 2642 3151 ἀπὸ
2671 3095 2765 3149 τοῦ
2793 3095 2959 3164 ἄγους
2990 3094 3296 3165 γενόμενον,
3319 3093 3619 3164 ἀπόϐλητον
3643 3093 3886 3165 ίερατικῆ

2354 3188 2572 3260 χάριτος
2608 3189 2637 3241 ό
2675 3185 2852 3240 κανὼν
2897 3184 3214 3255 ἀπεφήνατο
3239 3200 3253 3214 ο
3304 3184 3426 3245 ὅσος
3464 3182 3521 3235 δέ
3550 3183 3694 3235 ἐστιν
3731 3181 3827 3235 ἐπὶ
3855 3199 3886 3233 τ

2352 3280 2481 3350 ψιλῇ
2508 3278 2732 3350 πορνείᾳ
2768 3276 2862 3341 τοῦ
2894 3275 3187 3347 καθαρσίου
3227 3275 3255 3327 ὁ
3289 3274 3497 3345 χρόνος,
3542 3272 3790 3335 τοσοῦτος
3832 3291 3886 3326 κε

2352 3369 2579 3424 ἐπὶτῶν
2622 3369 2891 3431 ἀκουσίως
2924 3366 3333 3437 πεφονευκότων
3396 3363 3725 3436 ἐδοκιμάσθη
3759 3364 3886 3417 καλί

2354 3462 2518 3533 ἔχειν,
2542 3460 2740 3531 δηλαδὴ
2773 3457 2867 3513 καὶ
2900 3460 2956 3510 ἐν
2980 3457 3151 3528 τούτῳ
3181 3460 3280 3527 τῆς
3300 3456 3667 3527 προαιρέσεως
3694 3455 3789 3508 τοῦ
3832 3474 3886 3525 μι

2354 3551 2665 3616 τανοοῦντος
2678 3551 2793 3605 δοκι
2800 3549 3106 3621 μαζομένης
3126 3565 3139 3579 ’
3163 3547 3301 3601 ὥστε
3320 3549 3368 3599 εί
3392 3546 3702 3621 ἀξιόπιστος
3721 3546 3886 3614 γένοι’

2354 3644 2390 3715 η
2417 3641 2738 3713 ἐπιστροφὴ,
2756 3639 2829 3710 μὴ
2851 3639 3065 3700 πάντως
3091 3634 3575 3707 παραφυλαχθῆναι
3592 3633 3683 3688 τὸν
3701 3634 3833 3704 ἀριθ
3845 3654 3886 3705 μ

2353 3732 2461 3787 τῶν
2486 3731 2641 3795 ἐτῶν,
2666 3729 2801 3782 ἀλλά
2824 3726 2912 3781 διά
2943 3725 3232 3796 συντομίας
3271 3726 3498 3793 ἀγαγεῖν
3525 3724 3693 3777 αὐτὸν
3722 3725 3807 3786 είς
3843 3742 3885 3775 τι

2354 3825 2452 3895 τῆς
2466 3821 2787 3894 amnem
2805 3820 3262 3883 ἀποκατάστασιν»
3284 3818 3377 3871 καὶ
3392 3818 3469 3880 είς
3485 3817 3584 3887 τὴν
3599 3815 3696 3870 τοῦ
3721 3816 3880 3884 me

2360 3916 2664 3988 μετουσίαν.
2706 3915 2769 3967 El
2814 3912 2872 3966 δέ
2898 3930 2981 3976 τις
3026 3911 3101 3985 μὴ
3147 3908 3437 3981 πληρώσας
3468 3908 3561 3962 τὸν
3607 3904 3812 3979 χρόνον
3860 3927 3886 3962 τ

2356 4010 2422 4062 ἐκ
2471 4006 2579 4060 τῶν
2627 4004 2863 4059 κανόνων
2909 4002 3306 4074 ἀφωρισμένον,
3363 3999 3599 4067 ἐξοδεύοι
3643 3997 3744 4051 τοῦ
3789 3998 3886 4067 βίο

2359 4098 2566 4153 κελεύει
2620 4099 2654 4168 ὴ
2698 4096 2804 4149 τῶν
2842 4094 3100 4164 Πατέρων
3152 4091 3529 4162 φιλανθρωπία
3594 4091 3886 4160 μετασχὸν

2356 4191 2465 4245 τῶν
2503 4189 2888 4258 ἀγιασμάτων,
2948 4184 3023 4255 μὴ
3061 4183 3214 4237 κενὸν
3257 4182 3348 4235 τοῦ
3392 4181 3608 4251 ἐφοδίου
3658 4182 3809 4252 πρὸς
3863 4201 3886 4235 ’1

2359 4282 2592 4353 ἐσχάτην
2612 4279 2824 4348 ἐκείνην
2844 4275 2937 4330 καὶ
2964 4273 3179 4345 μακρὰν
3197 4272 3502 4344 ἀποδημίαν
3522 4270 3886 4341 ἐκπεμφθ-ἷψ

2360 4375 2426 4427 El
2452 4373 2508 4426 δὲ
2546 4366 2828 4441 μετασχὼν
2850 4365 2940 4419 τοῦ
2972 4364 3327 4435 ἀγιάσματος,
3361 4363 3522 4425 πάλιν
3552 4365 3637 4425 είς
3672 4362 3779 4432 τὴν
3810 4360 3886 4426 Cu

697 4473 809 4528 quo
844 4468 965 4515 erat
1015 4469 1143 4517 ante
1197 4466 1631 4522 communionem
1677 4468 1755 4522 illi
1820 4484 1887 4525 ex
1934 4472 2256 4527 necessitate

2364 4461 2667 4523 ἐπανέλθοι,
2697 4457 2986 4529 ἀναμένειν
3009 4457 3099 4511 τὸν
3122 4455 3450 4525 τεταγμένον
3474 4454 3698 4526 χρόνον,
3730 4455 3797 4506 ἐν
3822 4457 3886 4507 ἐ.)

697 4552 904 4607 datam.

769 4722 947 4797 [ϐαι.
977 4724 1033 4780 6.
1058 4724 1077 4797 ]
1098 4726 1277 4781 Altera
1307 4736 1486 4783 autem
1521 4727 1843 4785 idololatriae
1876 4731 2091 4801 species
2132 4730 2256 4800 (sic

696 4816 844 4872 enim
864 4815 1083 4871 divinus
1099 4818 1391 4887 Apostolus
1410 4820 1692 4875 avaritiam
1710 4822 2000 4892 appellat"
2017 4823 2034 4890 )
2054 4823 2258 4885 nescio,

699 4907 974 4980 quomodo
1009 4909 1217 4980 absque
1269 4911 1376 4965 ulla
1421 4926 1600 4983 prima:
1648 4913 1857 4969 medela
1912 4928 1943 4968 a
2006 4912 2260 4970 Patribus

700 5006 1068 5071 praetermissa
1101 5000 1192 5055 sit.
1223 5001 1386 5072 Atqui
1427 5001 1531 5057 hoc
1555 5003 1757 5058 malum
1791 5003 2011 5074 quidem
2048 5003 2261 5060 videtur

697 5088 832 5148 esse
852 5093 1018 5145 trium
1062 5091 1231 5146 animi
1272 5095 1727 5150 constitutionum
1755 5095 1989 5151 affectio.
2038 5093 2173 5150 Nam
2209 5105 2262 5151 et

700 5184 864 5239 ratio.
895 5183 965 5238 ab
991 5183 1109 5255 ejus
1135 5184 1279 5254 quod
1303 5185 1593 5254 pulchrum
1619 5194 1703 5242 est
1722 5186 1953 5257 judicio,
1977 5186 2259 5250 aberrans,

700 5293 821 5332 esse
849 5278 902 5330 in
926 5276 1150 5331 materia
1183 5276 1325 5345 quod
1357 5277 1645 5347 pulchrum
1675 5286 1759 5336 est
1805 5279 2104 5345 existimat,
2151 5292 2261 5332 non

704 5368 772 5421 ad
801 5365 1262 5436 pulchritudinem
1292 5384 1323 5421 ιι
1359 5368 1584 5423 materia
1613 5377 1918 5438 separatam
1948 5367 2220 5438 aspiciens
2242 5410 2258 5434 ,

702 5462 757 5507 et
777 5454 1100 5509 desiderium
1124 5456 1190 5511 ad
1214 5472 1275 5512 ea
1297 5473 1418 5528 qua:
1445 5469 1573 5515 sunt
1620 5458 1878 5516 inferiora
1925 5461 2217 5515 inclinatur
2239 5500 2254 5524 ,

706 5543 776 5598 ab
832 5559 897 5599 co
937 5545 1082 5614 quod
1135 5563 1259 5603 vere
1290 5558 1376 5606 est
1406 5552 1767 5622 expetendum
1819 5553 2087 5611 dilabens.
2138 5552 2255 5607 1.1m

777 5721 820 5755 ⁸⁷
848 5720 1041 5795 Ephcs.
1066 5739 1118 5779 ν.
1143 5725 1195 5778 5.

2366 4571 2444 4625 νῳ
2471 4551 2548 4622 τῷ
2570 4550 2761 4621 βαθμῷ
2785 4548 3091 4618 γενόμενον,
3120 4547 3177 4599 ἐν
3201 4538 3453 4617 πρὸ
3470 4545 3572 4615 τῆς
3602 4544 3764 4599 κατά
3797 4546 3879 4597 ἀν

2367 4657 2471 4711 κην
2502 4638 2649 4709 αὐτῷ
2680 4636 2923 4704 δοθείσης
2954 4635 3253 4698 κοινωνίας.

2438 4730 2512 4783 Tb
2536 4729 2594 4783 δέ
2625 4724 2760 4790 εἶδος
2791 4727 2889 4797 τῆς
2916 4724 3357 4795 εἰδωλολατρείας
3377 4741 3389 4753 ·
3423 4723 3570 4777 οὕτω
3597 4722 3724 4793 γὰρ
3758 4724 3886 4793 ὀνο]

2365 4826 2447 4891 ζει
2472 4823 2569 4895 τὴν
2593 4819 2901 4887 πλεονεξίαν
2926 4820 2954 4871 ό
2988 4818 3128 4881 θεῖος
3159 4816 3503 4878 Ἀπόστολος·
3521 4816 3633 4867 οὐκ
3663 4809 3802 4866 οἶδα
3829 4815 3886 4867 ὂτ

2366 4912 2733 4986 ἀθεράπευτον
2754 4910 2859 4963 ὑπὸ
2886 4908 2994 4961 τῶν
3019 4906 3277 4978 Πατέρων
3298 4904 3452 4977 ἡμῶν
3481 4902 3834 4975 περιώφθη.
3884 4908 3885 4913 “

2365 5007 2448 5060 τοί
2474 5022 2536 5074 γε
2560 5004 2706 5071 δοκεῖ
2733 5001 2794 5054 rb
2812 5000 3049 5055 τοιοῦτον
3078 4999 3246 5053 κακὸν
3266 4999 3365 5069 τῆς
3391 4996 3585 5067 τρίτης
3618 4996 3687 5048 ἐν
3720 4998 3801 5066 τῇ
3835 4996 3886 5065 ψ

2364 5096 2744 5157 καταστάσεως
2777 5091 2947 5152 πάθος
2975 5086 3132 5144 εἶναι.
3164 5089 3269 5144 Καὶ
3290 5089 3398 5160 γάρ
3422 5086 3709 5159 λογισμὸς
3746 5087 3876 5158 τῆς

2367 5188 2530 5245 καλοῦ
2558 5187 2787 5259 κρίσεως
2821 5182 3170 5254 ἁμαρτάνων,
3196 5181 3255 5232 ἐν
3290 5183 3355 5250 τῇ
3381 5179 3482 5252 ὕλῃ
3508 5178 3573 5231 τὸ
3619 5177 3821 5231 καλὸν
3851 5196 3886 5231 ε

2363 5276 2709 5349 φαντάζεται,
2722 5276 2781 5328 οὐ
2798 5273 2934 5345 πρὸς
2958 5273 3017 5325 τὸ
3031 5272 3189 5325 ἀῦλον
3209 5269 3528 5324 ἀναϐλέπων
3548 5267 3810 5330 κάλλος,
3842 5287 3886 5321 κ

2362 5369 2625 5440 ἐπιθυμία
2644 5366 2779 5438 πρὸς
2796 5364 2863 5418 τά
2883 5365 3032 5418 κάτω
3052 5360 3252 5433 ρεῖ,τοῦ
3267 5359 3496 5432 ἀληθοῦς
3514 5357 3787 5429 όρεκτοῢ
3808 5360 3886 5411 ἀει

2365 5456 2585 5528 ῥέουσα.
2620 5453 2730 5507 Καὶ
2756 5453 2790 5522 ή
2832 5450 3131 5520 φιλόνεικός
3174 5466 3233 5502 τε
3278 5449 3370 5503 καὶ
3390 5447 3667 5519 θυμώδης
3703 5445 3886 5500 διάθε

2364 5545 2565 5609 πολλὰς
2593 5546 2657 5598 ἐκ
2676 5544 2773 5615 τῆς
2800 5541 3054 5614 τοιαύτης
3082 5539 3352 5612 ἁμαρτίας
3383 5538 3484 5603 τὰς
3512 5537 3824 5610 ἀφορμὰς
3877 5539 3886 5589 2
