4008 6210
227 251 331 307 977)

1484 256 1816 312 EPISTULA
1851 257 2212 314 CANONICA.

3375 217 3482 314 9.3“

227 365 403 419 δάνει.
441 365 544 418 Καὶ
567 366 624 419 τὸ
648 368 766 420 ὅλον
795 369 986 433 είπεῖν,
1026 372 1306 438 συμφωνεῖ
1338 373 1369 443 ὴ
1400 373 1621 444 τοιαύτη
1652 374 1806 436 νόσος

1923 389 2038 428 vero
2063 383 2117 428 et
2154 375 2498 430 contentiosa
2526 374 2886 444 animosaque
2910 371 3106 426 anima:
3160 369 3376 426 allectio
3416 387 3482 424 ex

227 456 309 524 τῷ
342 457 678 528 ἀποστολικιῷ
728 459 828 530 τῆς
873 462 1186 528 πλεονεξίας
1230 465 1361 534 ὅρῳ.
1413 464 1470 516 ’0
1508 464 1617 536 γὰρ
1667 465 1810 527 θεῖος

229 549 571 614 ’Λπόστολος,
594 551 655 602 ού
683 551 842 620 μόνον
875 554 1040 624 αὐτὴν
1071 554 1535 626 είδωλολατρείαν,
1564 555 1697 609 ἀλλά
1716 556 1811 609 καὶ

227 640 382 710 ῥίζαν
411 643 632 694 πάντων
674 643 778 696 τῶν
805 645 991 699 κακῶν
1029 647 1344 718 ἀπεφήνατο
1363 663 1377 678 ο
1438 648 1532 701 καὶ
1571 649 1721 714 ὅμως
1749 648 1812 701 τὸ

223 730 466 784 τοιοῦτον
494 727 634 796 εἶδος
681 734 949 806 παρώφθη
985 737 1082 805 τῆς
1127 739 1282 790 νόσου
1327 737 1723 792 ἁνεπίσκεπτόν
1749 755 1809 790 τε

225 825 318 875 καὶ
356 823 706 894 ἀτημέλητον
725 846 736 856 ·
765 827 845 880 διὸ
871 827 964 881 καὶ
984 828 1269 893 πλεονάζει
1297 829 1436 883 κατά
1465 828 1562 892 τὰς
1586 830 1812 898 Ἐκκλη-

226 915 351 976 σίας
404 916 466 968 τὺ
484 915 726 970 τοιοῦτον
747 917 1004 990 ἀῤῥώστη
1015 937 1112 990 μα,
1137 920 1234 973 καὶ
1254 920 1427 985 οὐδεὶς
1454 922 1578 985 τοὺς
1612 921 1702 974 ἐπὶ
1722 920 1811 973 τὸν

225 1004 430 1074 κλῆρον
453 1006 758 1074 ἀγομένους
779 1007 1222 1081 περιεργάζεται,
1255 1010 1452 1080 μήπως
1483 1009 1562 1078 τῷ
1587 1011 1812 1078 τοιούτῳ

224 1095 357 1148 είδει
385 1096 484 1166 τῆς
510 1096 956 1170 είδωλολατρείας
979 1099 1442 1172 κατεμιάνθησαν.
1495 1099 1656 1153 Ἀλλά
1683 1100 1812 1170 περὶ

227 1186 329 1255 μὲν
359 1187 585 1254 τούτων,
629 1189 718 1244 διά
755 1191 819 1244 τὸ
847 1192 1140 1262 παρεῖσθαι
1171 1193 1284 1255 τοῖς
1319 1193 1595 1262 Πατρᾶσιν
1629 1192 1808 1262 ὴμῶν,

223 1281 420 1350 ἀρκεῖν
449 1280 732 1352 ἡγούμεθα
764 1283 843 1355 τῷ
868 1284 1110 1354 δημοσίῳ
1144 1285 1246 1354 τῆς
1271 1283 1619 1347 διδασκαλίας
1646 1284 1807 1354 λόγῳ,

223 1372 378 1436 ὅπως
410 1373 482 1425 ἂν
529 1368 643 1426 οἷόν
684 1391 745 1429 τε
791 1371 858 1450 ᾗ,
891 1374 1249 1448 θεραπεύειν,
1289 1375 1478 1447 ὥσπερ
1516 1377 1641 1430 τινὰ
1667 1375 1809 1446 πάθη

224 1463 576 1536 πληθωρικά,
599 1465 700 1531 τὰς
729 1467 1116 1532 πλεονεκτικάς
1143 1469 1454 1541 ἀρρωστίας
1483 1467 1569 1521 διά
1602 1467 1695 1521 τοῦ
1721 1467 1780 1521 λό
1797 1496 1809 1506 -

225 1572 320 1622 γου
353 1555 740 1628 καθαίροντας.
784 1559 968 1630 Μόνην
991 1559 1049 1612 δὲ
1077 1561 1176 1631 τὴν
1206 1560 1414 1629 κλοπὴν
1442 1559 1534 1613 καὶ
1558 1559 1656 1629 τὴν
1676 1576 1811 1628 τυμ-

224 1645 528 1716 ϐωρυχίαν,
568 1647 663 1699 καὶ
694 1646 789 1718 τὴν
821 1647 1124 1718 ἱεροσυλίαν
1170 1647 1315 1719 πάθη
1359 1647 1666 1716 νομίζομεν,
1722 1645 1807 1698 διὰ

1912 466 2017 522 hoc
2072 475 2295 536 peccato
2339 468 2538 522 multas
2590 466 2912 522 occasiones
2961 464 3180 534 accipit.
3227 463 3296 517 Et
3339 471 3398 518 ut
3429 465 3483 518 in

1914 558 2228 614 universum
2256 558 2454 622 dicam,
2480 558 2568 612 hic
2599 557 2823 612 morbus
2867 570 2993 609 cum
3022 554 3324 627 apostolica
3352 568 3486 608 ava-

1913 649 2054 703 ritiae
2091 649 2410 704 definitione
2434 649 2729 704 consentit.
2764 647 2990 703 Divinus
3011 647 3157 702 enim
3185 645 3485 717 Apostolus

1911 756 2031 796 eam
2063 756 2168 794 non
2205 742 2380 795 solum
2433 740 2823 802 iilololatriam,
2881 739 2974 793 sed
3023 739 3188 794 etiam
3238 737 3485 792 omnium

1913 831 2184 886 malorum
2224 833 2459 887 radicem
2492 830 2864 902 pronuntiavit
2891 829 2978 895 tm;
3045 836 3099 883 et
3152 837 3336 882 tamen
3373 827 3488 882 haec

1913 923 2088 977 morbi
2133 924 2366 993 species,
2413 923 2819 980 inconsiderata
2860 929 2915 976 et
2970 922 3182 990 absque
3218 919 3335 972 ulla
3365 917 3487 983 ejus

1912 1027 2046 1067 cura
2082 1013 2452 1082 praetermissa
2483 1020 2567 1068 est
2593 1030 2606 1068 :
2631 1026 2741 1082 quo
2760 1011 2838 1072 fit,
2868 1020 2927 1065 ut
2951 1009 3040 1063 hic
3070 1007 3296 1063 morbus
3330 1006 3487 1060 valde

1915 1104 1968 1157 in
2003 1103 2247 1160 Ecclesia
2277 1103 2561 1171 redundet,
2602 1115 2654 1160 et
2694 1117 2854 1158 nemo
2877 1102 2932 1156 in
2963 1100 3032 1156 iis
3059 1099 3152 1170 qui
3178 1099 3244 1152 ad
3279 1098 3485 1152 elerum

1913 1195 2281 1277 adducuntur.
2324 1196 2574 1266 inquirit,
2613 1209 2746 1250 num
2782 1194 2876 1264 qui
2925 1207 2992 1249 eo
3022 1190 3344 1246 idololatria:
3392 1203 3484 1257 ge-

1914 1306 2044 1344 nere
2073 1290 2262 1360 polluti
2283 1290 2414 1345 sint.
2440 1289 2546 1346 Sed
2577 1289 2645 1345 de
2673 1290 2742 1344 iis
2765 1287 3012 1358 quidem,
3041 1285 3299 1356 quoniam
3354 1282 3405 1336 id
3457 1294 3488 1334 a

1915 1381 2170 1437 Pati-ibus
2199 1383 2626 1453 prmtermissum
2671 1387 2781 1444 est,
2816 1379 3065 1436 sufﬁcere
3092 1377 3354 1434 existimo
3384 1388 3489 1444 pu-

1916 1474 2055 1528 blica
2106 1474 2373 1528 doctrinze
2411 1475 2646 1538 ratione,
2701 1487 2765 1526 ea
2808 1471 3085 1541 quomodo
3136 1466 3254 1522 fieri
3309 1468 3493 1535 potest

1918 1577 2132 1627 curare,
2157 1562 2323 1617 veluti
2348 1561 2614 1632 quosdam
2651 1561 2873 1615 morbos
2898 1574 2965 1614 ex
2991 1556 3289 1627 repletione
3317 1559 3489 1616 ortos,

1920 1655 2262 1724 inexplebilis
2302 1655 2544 1709 avaritia:
2591 1651 2912 1708 affectiones
2979 1649 3229 1705 oratione
3261 1659 3496 1716 purgano

225 1735 276 1788 τὸ
296 1738 481 1800 οὕτως
503 1738 570 1790 ὲκ
597 1739 694 1808 τῆς
730 1739 838 1793 τῶν
869 1741 1126 1809 Πατέρων
1159 1739 1478 1802 ἀκολουθίας
1506 1737 1603 1809 τὴν
1637 1738 1813 1808 παρά-

1923 1755 2016 1800 Ies.
2047 1745 2233 1799 Solum
2269 1754 2450 1800 autem
2483 1744 2708 1806 furtum,
2731 1751 2784 1799 et
2815 1742 3194 1812 sepulcrorum
3239 1736 3492 1793 eﬂ’ossio-

227 1826 367 1880 δοσιν
399 1829 536 1899 ἡμῖν
570 1830 699 1901 περὶ
738 1831 926 1884 τούτου
966 1830 1238 1899 γενέσθαι.
1295 1831 1404 1885 Καί
1432 1831 1514 1883 τοί
1557 1847 1620 1899 γε
1664 1829 1814 1902 παρά

227 1923 284 1989 τῇ
316 1919 445 1990 θεία
478 1921 693 1992 Γραφῇ,
732 1924 826 1976 καὶ
853 1924 880 1976 ὁ
911 1923 1266 1994 πλεονασμὸς,
1296 1923 1389 1979 καὶ
1420 1924 1448 1976 ὁ
1480 1922 1656 1986 τόκος,
1704 1922 1811 1976 τῶν

229 2015 623 2086 ἀπειρημένων
659 2015 808 2080 ἐστὶ,
859 2016 952 2070 καὶ
994 2015 1057 2070 τὸ
1109 2017 1174 2069 ἐκ
1207 2015 1524 2079 δυναστείας
1561 2014 1704 2078 τινὸς
1748 2017 1814 2086 τῇ

234 2106 331 2178 ἰδίᾳ
364 2109 569 2178 κτήσει
596 2111 970 2179 προσαγαγεῖν
991 2107 1059 2163 τά
1080 2107 1356 2179 ἀλλότρια,
1381 2108 1482 2162 κᾶν
1511 2107 1568 2162 ἐν
1587 2108 1821 2179 προσχήο

233 2216 354 2269 ματι
381 2200 780 2270 πραγματείας
806 2200 862 2253 τὶ
885 2199 1124 2253 τοιοῦτον
1145 2199 1280 2271 τύχῃ
1303 2197 1605 2269 γινόμενον.
1637 2198 1817 2252 Ἐπειο-

231 2289 286 2362 δὴ
305 2291 493 2344 τοίνυν
525 2291 589 2345 τὺ
618 2291 736 2344 καθ’
750 2293 913 2362 ἡμᾶς,
930 2293 1008 2355 είς
1030 2291 1273 2356 ἐξουσίαν
1293 2289 1469 2345 κανὼν
1485 2289 1815 2356 ἀξιόπιστος,

233 2382 318 2450 τὴν
351 2381 452 2434 ἐπὶ
483 2381 597 2434 τῶν
621 2381 1065 2453 ὁμολογουμένως
1111 2381 1575 2454 ἀπηγορευμένων
1605 2397 1818 2434 κανονι-

234 2473 325 2543 κην
347 2473 540 2544 κρίσιν
557 2472 658 2544 ἤδη
682 2473 1115 2544 τοίςείρημὲνοις
1135 2473 1534 2545 προσθήσομεν.
1553 2469 1817 2543 Διῄρηται

233 2559 316 2617 οὖν
361 2566 398 2634 η
436 2565 622 2636 κλοπὴ
663 2566 742 2629 εἰς
779 2583 836 2618 τε
880 2564 1135 2638 λῃστείαν
1178 2566 1273 2618 καὶ¹
1304 2567 1384 2628 είς
1418 2563 1777 2635 τοιχωρυχίαν
1799 2579 1812 2592 ·

235 2660 318 2710 καὶ
350 2652 437 2719 εἷς
471 2658 576 2728 μὲν
602 2659 690 2710 ἐπ’
725 2659 1047 2730 ἀμφοτέρων
1071 2657 1290 2724 σκοπὸς,
1326 2659 1359 2729 η
1389 2657 1498 2711 τῶν
1523 2655 1819 2726 ἀλλοτρίων

235 2746 524 2818 ἀφαίρεσις
549 2764 565 2778 ο
608 2748 776 2819 πολλὴ
804 2749 860 2802 δὲ
885 2748 1026 2804 κατά
1044 2749 1143 2820 τὴν
1170 2748 1396 2820 γνώμην
1427 2747 1606 2802 αὐτῶν
1626 2749 1660 2818 ἡ
1685 2745 1821 2817 πρὸς

235 2840 500 2910 ἀλλήλους
533 2842 654 2894 ἐστὶ
677 2841 926 2912 διαφορά.
977 2841 1034 2895 Ὀ
1071 2840 1170 2910 μὲν
1189 2841 1298 2912 γὰρ
1330 2841 1552 2913 λῃστὴς,
1592 2840 1686 2893 καὶ
1721 2839 1821 2909 τὴν

241 2931 553 3000 μιαιψονίαν
587 2933 665 2995 είς
718 2931 1031 3003 συμμαχίαν
1054 2931 1148 2986 τοῦ
1181 2930 1616 3002 σπουδαζομένω
1647 2947 1824 3000 παρα-

1920 1851 2064 1896 nem,
2091 1843 2146 1889 et
2175 1834 2524 1904 sacrilegium
2555 1832 2685 1886 vitia
2716 1832 3119 1895 existimamus,
3159 1826 3306 1898 quod
3346 1826 3426 1881 sic
3463 1840 3493 1878 a

1917 1924 2140 1978 Patrum
2163 1927 2575 1995 consequentia.
2602 1924 2717 1978 haec
2749 1921 2912 1977 nobis
2945 1920 3169 1975 traditio
3217 1917 3358 1972 facta
3400 1917 3493 1972 sit.

1917 2016 2079 2085 Atqui
2105 2015 2250 2086 apud
2281 2014 2522 2069 divinam
2556 2013 2896 2083 Scripturam
2932 2017 2988 2065 et
3015 2011 3197 2066 faenus
3242 2017 3298 2061 et
3327 2023 3496 2062 usura

1917 2115 2048 2164 sunt
2090 2107 2408 2179 prohibita,
2465 2115 2519 2162 et
2568 2121 2664 2176 per
2705 2103 2998 2176 quamdam
3057 2100 3381 2172 potentiam,
3429 2099 3494 2152 ad

1916 2214 2070 2256 suam
2100 2200 2502 2271 possessionem
2553 2199 2729 2255 aliena
2761 2197 3076 2259 traducere,
3132 2191 3352 2248 etiamsi
3394 2193 3498 2245 sub

1914 2300 2232 2347 contractus
2280 2299 2376 2346 aut
2437 2282 2830 2346 transactionis
2879 2286 3064 2358 specie
3110 2284 3216 2339 hoc
3263 2281 3498 2338 fortasse

1919 2382 2124 2438 factum
2156 2383 2246 2438 sit.
2279 2382 2548 2448 Quoniam
2573 2397 2701 2453 ergo
2727 2395 2827 2435 nos
2846 2377 3070 2450 quidem
3102 2375 3168 2430 ad
3217 2387 3492 2430 canonum

1917 2482 2238 2546 potestatem
2273 2473 2670 2544 assequendam
2709 2471 2814 2527 fide
2836 2470 2984 2541 digni
3026 2483 3136 2523 non
3172 2481 3388 2531 sumus,
3442 2465 3497 2520 in

1919 2569 2006 2633 iis,
2044 2582 2166 2638 quae
2211 2582 2276 2621 ex
2314 2566 2571 2621 confesso
2619 2563 2898 2634 prohibita
2953 2569 3107 2622 sunt,
3173 2558 3496 2616 canonicam

1919 2657 2244 2714 sententiam
2269 2654 2433 2710 dictis
2459 2654 2571 2724 jam
2606 2651 2956 2723 adjiciemus.
3009 2649 3282 2706 Dividitur
3311 2654 3494 2702 autem

1923 2751 2124 2808 furtum
2154 2751 2208 2806 in
2227 2750 2576 2806 latrocinium
2597 2765 2691 2804 seu
2709 2746 3195 2818 depraedationem,
3211 2749 3265 2798 et
3285 2741 3339 2797 in
3370 2755 3498 2794 mu-

1925 2859 2108 2900 rorum
2134 2843 2508 2900 eﬂ'ossionem.
2539 2841 2686 2896 Idem
2723 2848 2906 2895 autem
2934 2837 3228 2906 utriusque
3251 2840 3338 2889 est
3407 2833 3495 2886 in-

1924 2939 2195 3003 stitutum,
2221 2935 2474 2991 videlicet
2505 2934 2680 2988 aliena
2713 2931 2968 2988 auferre:
3003 2930 3058 2984 in
3091 2929 3276 2983 animo
3315 2933 3495 2980 autem

236 3022 524 3092 λαμϐάνει,
581 3024 716 3094 πρὸς
758 3024 889 3078 αὐτὸ
928 3023 1085 3077 τοῦτο
1115 3022 1666 3095 παρασκευαζόμενος
1727 3020 1818 3074 καὶ

1925 3030 2167 3100 ipsorum
2217 3041 2410 3097 magna
2438 3032 2523 3080 est
2550 3025 2692 3079 inter
2713 3038 2773 3077 se
2797 3021 3119 3076 differentia.
3141 3019 3308 3072 Latro
3330 3021 3498 3082 enim,

238 3114 417 3178 ὅπλοις
457 3116 559 3169 καὶ
587 3115 930 3186 πολυχειρίᾳ,
974 3115 1070 3168 καὶ
1106 3116 1217 3178 τοῖς
1245 3114 1552 3184 ἐπικαίροις
1590 3112 1698 3165 τῶν
1730 3113 1818 3166 τό·

1923 3123 2086 3178 etiam
2117 3119 2474 3176 homicidium
2506 3119 2573 3171 ad
2614 3117 2666 3171 id
2692 3112 2836 3186 quod
2867 3112 3054 3168 studet
3085 3109 3306 3180 assequi
3341 3124 3501 3164 assu-

239 3225 350 3259 πων
378 3225 386 3232 ·
417 3205 565 3259 ὥστε
594 3206 685 3259 τὸν
707 3205 964 3272 τοιοῦτον,
995 3205 1074 3276 τῷ
1104 3205 1456 3275 κρίματιτῶν
1483 3204 1820 3276 ἀνδροφόνων

246 3298 573 3367 ὑπάγεσθαι,
610 3300 657 3350 εἱ
683 3296 770 3350 διά
794 3296 1156 3368 μεταμελείας
1190 3296 1380 3350 ἑαυτὸν
1409 3295 1542 3367 πρὸς
1568 3295 1667 3365 τὴν
1699 3294 1820 3348 Ἐκ·

245 3390 469 3459 κλισίαν
513 3388 610 3441 τοῦ
656 3387 795 3441 Θεοῦ
837 3388 1122 3456 ἐπανάγοι.
1188 3387 1246 3440 Ὀ
1290 3386 1347 3440 δὲ
1387 3386 1452 3440 δι’
1485 3385 1823 3456 ὑφαιρέσεως

245 3481 610 3550 λανθανούσης
663 3480 1106 3551 σφετεριζόμενος
1147 3479 1208 3532 τὸ
1247 3478 1542 3548 ἀλλότριον,
1588 3473 1708 3529 εἷτα
1749 3475 1821 3527 δι’

247 3572 650 3644 ὶξαγορεύσεως
669 3569 729 3622 τὸ
753 3571 1124 3641 πλημμέλημα
1142 3569 1303 3622 αὐτοῦ
1327 3566 1404 3638 τῷ
1422 3567 1555 3638 ἱερεῖ
1575 3564 1822 3637 φανερώ-

250 3666 444 3733 σις,τῇ
469 3682 532 3716 πε
543 3663 598 3732 ρὶ
614 3662 674 3714 τὸ
695 3661 930 3715 ἐναντίον
942 3659 1034 3714 τοῦ
1052 3660 1256 3724 πάθους
1275 3657 1477 3728 σπουδῇ
1499 3656 1823 3728 θεραπεύσει

251 3757 344 3823 τὴν
358 3754 674 3825 ἀρρωστίαν
689 3771 701 3782 ο
725 3752 866 3819 λέγω
886 3751 942 3804 δὲ
963 3751 1048 3805 διὰ
1072 3751 1165 3803 τοῦ
1184 3749 1247 3803 τὰ
1274 3748 1540 3820 προσόντα
1564 3747 1824 3818 παρέχειν

251 3848 355 3909 τοξ
384 3846 631 3913 πένησιν,
656 3844 741 3896 ἵνα
759 3843 836 3912 τῷ
856 3843 1113 3913 προέσθαι
1133 3843 1168 3896 ἀ
1190 3843 1320 3913 ἔχει,
1346 3841 1572 3912 φανερὸς
1601 3841 1826 3912 γένηται

251 3936 574 4006 καθαρεύων
604 3937 698 4006 τῆς
734 3938 874 3989 κατά
902 3936 1212 4001 πλεονεξίαν
1248 3935 1426 3990 νόσου.
1481 3935 1544 3986 Εἰ
1575 3933 1631 3986 δὲ
1661 3933 1826 4004 μηδὲν

255 4028 382 4096 ἑχοι,
419 4029 582 4098 μόνον
605 4028 661 4081 δὲ
704 4029 765 4081 τὸ
810 4028 970 4099 σῶμα
996 4028 1128 4098 ἔχοι,
1162 4027 1371 4080 κελεύει
1403 4027 1431 4077 ὁ
1509 4025 1825 4090 Ἀπὸστολος

255 4117 336 4168 δία
356 4117 459 4170 τοῦ
488 4117 793 4186 σωματικοῦ
818 4118 985 4172 κόπου
1015 4117 1075 4171 τὸ
1101 4117 1340 4171 τοιοῦτον
1365 4117 1707 4185 ἐξιλάσασθαι
1731 4117 1826 4171 πά-

254 4205 360 4268 θκ.
401 4209 558 4277 Ἔχει
585 4210 642 4263 δὲ
679 4212 708 4280 ἡ
741 4209 884 4273 λέξις
932 4209 1138 4273 οὕτως·
1196 4211 1250 4261 '0
1282 4209 1576 4270 κλέπτων,
1617 4206 1826 4278 μηκέτι

255 4299 558 4353 κλεπτέτω
582 4317 596 4332 ο
647 4301 890 4369 μᾶλλον
929 4302 996 4355 δὲ
1033 4299 1293 4355 κοπιάτω
1338 4301 1723 4370 ἐργτιζῗμενος
1761 4303 1828 4354 τὸ

257 4391 499 4458 ﬁnale“,
525 4396 622 4447 ἵνα
651 4395 763 4464 ἔχῃ
793 4395 1169 4464 μεταδιδόναι
1199 4393 1278 4459 τῷ
1309 4395 1516 4463 χρείαν
1548 4395 1766 4463 ἔχοντι.

320 4576 384 4628 Ἦ
407 4578 470 4628 δὲ
487 4577 835 4646 τδμεωρυχία
878 4580 967 4630 καὶ
987 4577 1123 4645 αὑτὴ
1143 4577 1392 4649 διῄρηται
1412 4579 1490 4641 είς
1513 4579 1570 4630 τὸ
1593 4596 1830 4648 συγγνω-

263 4672 377 4719 ττὸν
405 4685 466 4720 τε
491 4669 580 4720 καὶ
611 4668 1015 4736 ἀσύγγνωστον.
1048 4669 1108 4720 Εἰ
1146 4670 1244 4738 μὲν
1269 4669 1377 4739 γάρ
1407 4687 1489 4733 τις
1521 4670 1617 4740 τῆς
1643 4672 1830 4736 οὐσίας

265 4759 568 4826 τειόόμενος
579 4801 592 4820 ,
606 4760 701 4812 καὶ
713 4759 906 4813 ἄσυλον
923 4760 1076 4826 ἀφεὶς
1091 4760 1150 4812 τὸ
1166 4761 1545 4832 κεκρυμμένον
1567 4761 1740 4832 σῶμα,
1755 4760 1831 4828 ὡς

267 4851 336 4919 μὴ
365 4852 741 4920 ἀναδειχθῆναι
805 4853 934 4923 ἡλίῳ
948 4851 1044 4924 τὴν
1072 4853 1457 4923 ἀσχημοσύνην
1482 4855 1577 4922 τῆς
1595 4854 1826 4924 φύσεως,

264 4943 426 5006 1560i;
459 4947 565 4997 τισὶ
584 4946 690 4998 τῶν
720 4946 779 4998 ὲν
809 4944 887 5014 τῷ
914 4945 1071 5015 τάφῳ
1097 4946 1552 5018 προσεϐλημένων
1593 4951 1830 5020 συγχρήε

267 5051 414 5087 σαιτο
459 5038 533 5098 εἰς
569 5038 730 5106 ἔργου
776 5037 919 5100 τινὸς
967 5038 1347 5108 κατασκευὴν,
1398 5039 1679 5093 ἐπαινετὸν
1731 5042 1830 5112 μὲν

266 5124 378 5175 οὗέ
403 5125 555 5178 τοῦτό
583 5129 733 5180 ἐστι’
778 5127 915 5198 πλὴν
961 5127 1096 5180 ἀλλά
1126 5127 1466 5195 συγγνωστὸν
1505 5128 1760 5200 ἐποίησεν
1795 5134 1828 5202 ἡ

269 5213 539 5281 συνήθεια,
579 5217 704 5269 ὅταν
738 5217 817 5278 είς
863 5216 1252 5288 προτιμότερον
1280 5235 1333 5268 τι
1378 5219 1472 5271 καὶ
1505 5221 1827 5289 κοινωφελὲς

271 5310 514 5374 στερονὴ
543 5308 636 5377 τῆς
665 5309 797 5378 ὖλης
830 5309 1118 5378 μετάθεσις
1151 5311 1388 5381 γίνηται.
1432 5311 1504 5364 Τὸ
1531 5313 1588 5364 δὲ
1622 5313 1830 5384 διερευ·

271 5396 462 5448 νὶσθαι
489 5398 578 5467 τὴν
596 5399 739 5452 κόνιν
765 5401 872 5452 ἀπὸ
892 5401 993 5469 τῆς
1021 5401 1319 5471 γεωθείσης
1348 5403 1564 5473 σαρκὸς,
1594 5406 1687 5457 καὶ
1710 5407 1832 5458 ἁνα-

275 5491 434 5540 ιινεῖν
469 5490 532 5541 τὰ
555 5493 705 5556 ὀστᾶ,
734 5491 902 5544 ἐλπίδι
933 5492 1024 5544 τὸν
1063 5492 1264 5563 κόσμον
1291 5493 1412 5546 τινὰ
1436 5495 1542 5547 τῶν
1587 5513 1825 5565 συγκατ-

371 5667 418 5698 ⁸⁸
445 5664 467 5718 l
503 5663 730 5721 Timoth.
762 5680 834 5728 VI,
858 5667 942 5722 10.
1020 5666 1065 5697 ⁸⁸
1099 5665 1296 5737 prcs.
1328 5687 1399 5737 tv,
1431 5671 1523 5727 ‘28.

599 5761 868 5822 ΡΑτιιοι..
894 5761 1010 5822 Gn.
1049 5761 1238 5825 XLV.

1925 3211 2045 3276 init,
2085 3209 2153 3264 ad
2186 3210 2240 3264 id
2277 3216 2506 3279 paratus
2533 3214 2586 3261 et
2626 3203 2819 3267 armis,
2862 3211 2916 3258 et
2941 3200 3140 3270 copiis,
3185 3207 3244 3254 et
3301 3213 3502 3269 oppor-

1923 3302 2157 3356 tunitate
2183 3299 2309 3362 loci,
2352 3297 2486 3352 adeo
2516 3303 2574 3350 ut
2609 3297 2656 3349 is
2687 3292 3090 3351 homicidarum
3125 3289 3338 3358 judicio
3367 3288 3496 3344 sub-

1921 3394 2162 3463 jiciatur,
2208 3391 2252 3446 si
2287 3405 2382 3460 per
2416 3386 2793 3458 pmnitentiam
2835 3385 2902 3438 ad
2937 3382 3029 3436 Dei
3085 3380 3385 3436 Ecclesiam
3419 3395 3504 3434 re-

1925 3500 2117 3540 versus
2154 3482 2335 3537 fuerit.
2378 3479 2480 3545 Qui
2548 3486 2728 3530 autem
2796 3474 2986 3529 latenti
3049 3473 3345 3534 ablatione,
3394 3469 3502 3525 sibi

1927 3578 2164 3632 alienum
2227 3581 2482 3643 usurpat,
2549 3570 2593 3625 si
2659 3568 2858 3623 deinde
2924 3582 3020 3636 per
3071 3563 3502 3620 enuntiationem

1926 3675 2207 3738 peccatum
2249 3679 2406 3720 suum
2476 3661 2748 3716 sacerdoti
2808 3658 3101 3728 aperuerit,
3143 3656 3260 3711 vitii
3321 3652 3504 3710 studio

1928 3760 1982 3813 in
2012 3757 2351 3814 contrarium
2387 3761 2596 3808 mutato
2645 3749 3024 3821 aegritudinem
3081 3745 3336 3802 curabit:
3380 3744 3504 3807 dico

1928 3858 2131 3915 autem,
2160 3847 2438 3919 largiendo
2485 3859 2608 3916 quae
2638 3843 2798 3898 habet
2854 3838 3211 3912 pauperibus,
3245 3843 3328 3900 ut,
3369 3835 3498 3889 dum

1928 3956 2048 4012 quat
2073 3941 2235 3996 habet
2261 3935 2562 4011 profundit,
2587 3951 2646 3990 se
2676 3934 2745 3990 ab
2773 3931 3017 3986 avaritiae
3049 3928 3242 3982 morbo
3272 3926 3501 3980 liberum

1929 4041 2112 4105 aperte
2150 4030 2419 4086 ostendat.
2459 4027 2554 4081 Sin
2587 4033 2765 4078 autem
2791 4021 2923 4079 nihil
2953 4018 3099 4072 aliud
3125 4024 3488 4087 praeterquam

1928 4125 2106 4180 solum
2133 4134 2333 4191 corpus
2363 4117 2578 4178 habeat,
2603 4115 2759 4183 jubet
2790 4109 3091 4178 Apostolus
3125 4123 3222 4178 per
3256 4106 3499 4160 laborem

1929 4213 2269 4284 corporalem
2302 4209 2352 4264 ei
2394 4206 2586 4261 morbo
2622 4201 2846 4257 mederi.
2887 4199 3152 4254 Dictionis
3195 4206 3374 4252 autem
3431 4197 3503 4250 ita

1931 4309 2092 4363 habet
2121 4310 2408 4360 contextus
2439 4319 2452 4353 :
2486 4297 2590 4363 Qui
2619 4295 2853 4364 furatur,
2877 4309 2979 4346 non
3001 4291 3228 4362 amplius
3261 4289 3504 4358 furetur:

1863 4397 1904 4452 D
1933 4399 2022 4456 sed
2044 4397 2217 4466 potius
2254 4392 2456 4447 laboret
2489 4389 2680 4443 bonum
2725 4402 2970 4455 operam,
3017 4395 3074 4438 ιιι
3101 4384 3265 4454 possit
3295 4382 3344 4435 ei
3394 4380 3508 4435 ιαμ

1925 4493 2026 4562 giri
2049 4490 2135 4560 qui
2161 4487 2359 4557 indiget
2377 4485 2448 4538 ⁸³.

1998 4582 2176 4655 [Cain
2231 4577 2323 4650 7.]
2379 4575 2768 4646 Sepulcrorum
2820 4582 3000 4627 autem
3059 4568 3317 4630 etfossio,
3388 4567 3504 4636 ipsa

1931 4691 2146 4747 quoque
2175 4671 2435 4727 dividitur
2461 4669 2514 4722 in
2549 4668 2599 4722 id
2626 4665 2771 4737 quod
2813 4664 3026 4719 veniam
3069 4670 3328 4724 meretur,
3369 4668 3422 4713 et
3453 4657 3504 4712 id

1930 4766 2074 4840 quod
2105 4781 2214 4819 non
2248 4770 2508 4816 meretur.
2545 4757 2604 4812 Si
2647 4757 2792 4812 enim
2823 4758 2948 4826 quis
3003 4763 3342 4808 mortuorum
3380 4765 3507 4820 par-

1935 4874 2066 4914 cens
2099 4853 2456 4910 facultatibus
2507 4859 2562 4906 et
2619 4858 2822 4906 tectum
2865 4859 3067 4916 corpus
3121 4845 3386 4899 intactum
3422 4857 3508 4896 re-

1934 4952 2208 5020 linquens,
2248 4954 2438 5000 utnec
2488 4942 2587 4996 soli
2639 4939 2958 4998 ostendatur
3003 4938 3281 5008 turpitudo
3309 4950 3507 5006 corpo-

1937 5044 2012 5097 ris
2042 5060 2056 5108 ;
2091 5039 2362 5110 lapidibus
2393 5035 2599 5105 aliquot
2653 5049 2720 5088 ex
2757 5033 2824 5087 iis
2877 5032 2969 5102 qui
3002 5039 3130 5085 ante
3193 5027 3505 5098 sepulcrum

1937 5133 2164 5206 proiecti
2197 5138 2346 5190 sunt.
2377 5126 2443 5182 ad
2471 5125 2689 5196 aliquod
2724 5139 2864 5195 opus
2897 5120 3328 5177 construendum
3373 5135 3509 5175 usus

1935 5235 2059 5292 est;
2095 5240 2162 5280 ne
2207 5223 2311 5277 hoc
2362 5220 2579 5290 quidem
2643 5228 2728 5273 est
2767 5215 3082 5279 laudabile;
3139 5213 3230 5268 sed
3267 5218 3327 5264 ut
3371 5215 3509 5265 esset

1935 5314 2154 5384 dignum
2191 5312 2370 5373 venia,
2403 5307 2582 5364 clTecit
2634 5301 2998 5364 consuetudo,
3047 5299 3269 5370 quando
3308 5295 3375 5350 ad
3405 5295 3508 5348 ali-

1935 5405 2064 5478 quid
2095 5403 2290 5457 melius
2325 5409 2377 5455 et
2423 5397 2735 5468 reipublicre
2766 5395 2957 5449 utilius
2994 5391 3218 5445 materia
3256 5386 3507 5442 traducta

1938 5499 2026 5552 sit.
2060 5493 2166 5550 Sed
2193 5494 2375 5548 carnis
2417 5491 2471 5546 in
2501 5497 2702 5545 terram
2741 5485 2976 5542 redactae
3040 5483 3319 5555 pulverem
3381 5491 3507 5550 per-
