4008 6210
596 267 703 322 235

1840 267 1897 322 S.
1930 264 2259 322 'GREGOR"
2300 266 2593 327 NYSSENI

3730 278 3825 335 236

602 376 862 441 scrutari,
893 384 947 433 et
987 391 1113 434 ossa
1146 393 1363 433 morere
1383 422 1397 446 ,
1444 395 1537 449 spe
1565 380 1798 449 aliquem
1831 395 1896 433 ex
1927 378 2164 434 defossis

2290 382 2604 453 ιρυχθέντων
2635 384 2912 458 κερδᾶναι,
2955 386 3113 440 τοῦτο
3154 387 3230 457 τῷ
3263 387 3411 460 αύτῷ
3453 389 3674 461 κρίματι
3709 408 3828 446 κατ-

601 466 977 525 lucrifaciendi
998 477 1275 533 ornatum,
1298 470 1352 525 id
1384 471 1573 526 eodem
1600 470 1811 541 judicio
1848 468 2174 526 condemna-

604 571 719 617 tum
746 568 852 639 est,
877 574 989 630 quo
1021 560 1254 631 simplex
1285 560 1597 626 fornicatio,
1628 558 2088 633 quemadmodum
2116 558 2174 613 in

605 652 944 723 pmcedente
972 652 1224 708 oratione
1250 650 1447 708 divisio
1475 651 1617 708 facta
1640 660 1723 708 est
1749 671 1765 719 ;
1790 646 2178 707 considerante

604 746 816 803 scilicet
845 759 1135 802 meonomo
1196 760 1296 802 seu
1346 745 1744 815 dispensatore,
1779 759 1846 798 ex
1899 745 2018 814 ipsa
2068 744 2176 797 vita

605 845 745 913 ejus,
771 840 863 899 cui
894 840 1104 896 medela
1128 839 1440 904 adhibetur,
1472 828 1817 900 medicinam,
1856 846 1915 892 ut
1942 837 2175 909 spatium

504 966 509 969 ι
608 948 638 988 a
666 931 973 987 canonihus
1006 929 1370 1001 praestitutum
1405 929 1581 999 possit
1613 927 1962 984 contrahere.

677 1020 854 1094 [Cum
888 1020 969 1094 8.]
1015 1018 1372 1092 Saerilegium
1397 1027 1601 1083 autem,
1624 1021 1678 1073 in
1705 1019 1928 1088 antiqua
1958 1016 2178 1088 quidem

612 1113 911 1183 Scriptura,
945 1127 1014 1168 ne
1039 1111 1205 1167 caedis
1242 1111 1462 1182 quidem
1514 1109 1971 1166 condemnatione
2001 1109 2178 1165 visum

610 1213 694 1260 est
725 1203 1089 1260 tolerabilius.
1123 1201 1390 1258 Similiter
1416 1202 1586 1269 enim,
1609 1210 1664 1256 et
1684 1200 1779 1272 qui
1806 1199 1971 1256 caedis
1993 1199 2182 1255 convi-

611 1303 735 1353 ctus
774 1306 911 1362 erat,
949 1303 1006 1352 et
1030 1296 1124 1367 qui
1150 1310 1239 1351 res
1278 1293 1389 1351 Deo
1426 1294 1707 1350 dedicatas
1749 1294 2071 1359 abstulerat,
2103 1293 2184 1346 la-

614 1388 903 1459 pidationis
931 1387 1260 1460 supplicium
1300 1386 1539 1443 subibat.
1577 1385 1635 1440 in
1673 1384 2048 1441 ecclesiastica
2083 1398 2177 1439 au-

614 1491 720 1538 tem
752 1478 1176 1546 consuetudine,
1219 1478 1287 1535 de
1324 1493 1500 1548 preme
1551 1477 1818 1549 gravitate
1850 1475 2038 1532 nescio
2074 1490 2186 1547 quo

613 1571 775 1627 modo
800 1570 1005 1641 aliquid
1032 1569 1361 1634 detractum,
1391 1578 1446 1625 et
1482 1582 1549 1625 eo
1579 1566 1819 1624 lenitatis
1857 1565 2184 1623 descensum

616 1670 720 1725 est,
753 1670 812 1717 ut
847 1663 999 1719 illius
1027 1662 1200 1716 morbi
1235 1661 1646 1716 existimaretur
1681 1659 2023 1716 tolerabilius
2068 1658 2186 1728 pia-

616 1756 799 1811 culum
827 1772 843 1824 ;
875 1756 929 1810 in
953 1752 1155 1809 minori
1180 1754 1326 1808 enim
1361 1762 1604 1822 tempore
1632 1767 1794 1823 quam
1823 1751 2148 1807 adulterium
2168 1790 2184 1816 ,

615 1845 653 1900 ii
683 1860 711 1899 a
746 1846 970 1901 Patrum
994 1842 1294 1897 traditione
1319 1855 1536 1911 poenam
1567 1848 1946 1912 susceperunt.
1976 1839 2190 1910 Ubique

618 1943 799 1990 autem
837 1934 942 1988 hoc
979 1934 1036 1988 in
1071 1933 1321 2003 supplicii
1369 1948 1568 2004 genere
1616 1942 1743 1987 ante
1774 1931 1961 1986 omnia
2002 1930 2187 1987 viden-

618 2029 749 2081 dum
800 2033 904 2087 est,
946 2025 1131 2097 qualis
1166 2026 1237 2080 sit
1279 2027 1400 2094 ejus
1448 2024 1537 2080 cui
1606 2022 1896 2079 adhibetur
1937 2021 2189 2090 alectio;

624 2129 679 2173 et
709 2134 817 2173 non
859 2119 1173 2173 existimare
1221 2126 1437 2188 tempus
1491 2116 1559 2172 ad
1618 2115 1886 2172 medelam
1948 2113 2195 2172 subicere

618 2213 906 2281 (quaenam
928 2210 1075 2264 enim
1107 2208 1275 2263 fuerit
1305 2223 1369 2264 ex
1400 2218 1648 2278 tempore
1688 2206 2065 2277 medicina?),
2096 2205 2192 2263 sed

619 2302 760 2371 ejus,
789 2301 882 2370 qni
909 2300 1014 2356 sibi
1062 2315 1161 2371 per
1192 2300 1608 2355 conversionem
1638 2300 1905 2362 medetur,
1942 2298 2187 2353 animum

619 2398 675 2446 et
700 2391 1029 2445 institutum.
1075 2389 1200 2445 Haec
1226 2391 1344 2457 tibi,
1387 2393 1612 2446 ohomo
1666 2389 1783 2455 Dei,
1843 2406 1907 2445 ex
1956 2391 2024 2445 iis
2073 2404 2195 2460 quae

616 2491 778 2537 erant
810 2484 877 2538 ad
900 2498 1123 2539 manum
1158 2482 1406 2539 studiose
1428 2484 1752 2555 composita,
1776 2483 1922 2554 quod
1947 2489 2196 2553 oporteat

625 2575 856 2627 fratrum
911 2573 1186 2629 mandatis
1234 2588 1453 2645 parere,
1508 2575 1756 2631 studiose
1804 2575 2078 2631 misimus.
2114 2574 2196 2630 Tu

625 2680 757 2721 vero
778 2675 1076 2723 consuetas
1108 2680 1206 2737 pro
1252 2666 1415 2723 nobis
1449 2681 1642 2738 preces
1705 2667 1813 2724 Deo
1877 2666 2075 2724 oﬁ‘erre
2130 2683 2199 2725 ne

624 2757 976 2813 intermittas.
1011 2755 1188 2812 Debes
1213 2757 1365 2812 enim
1391 2764 1452 2811 ut
1478 2765 1674 2828 gratus
1711 2756 1879 2823 illius,
1930 2759 1981 2814 ei
2010 2759 2105 2829 qui
2144 2768 2199 2814 te

622 2848 925 2912 secundum
959 2848 1128 2904 Deum
1151 2850 1363 2920 genuit,
1396 2849 1451 2903 in
1482 2860 1765 2906 senectute
1792 2865 1888 2921 per
1925 2860 2049 2906 tuas
2074 2866 2199 2906 ora-

620 2942 803 2998 tiones
831 2940 1173 3008 alimentum,
1214 2941 1607 2997 convenienter
1634 2952 1906 3013 praecepto
1937 2944 2084 3014 quod
2110 2944 2198 3013 ju-

2275 473 2562 547 εδικάσθη,
2589 468 2633 544 ᾧ
2674 477 2767 529 καὶ
2801 477 2834 547 ἠ
2873 475 3003 548 ψιλὴ
3035 477 3281 548 πορνεία,
3319 478 3499 543 καθὼς
3539 482 3639 561 καὶ⁹
3668 481 3722 535 ἐν
3757 483 3830 554 τῷ

2278 565 2604 638 προλαϐόντι
2642 565 2895 638 διῄρηται
2936 567 3078 639 λόγῳ
3103 583 3116 600 ·
3173 568 3601 634 ἐπισκοποῦντος
3645 571 3832 645 δηλαδὴ

2276 657 2370 712 τοῦ
2408 659 2691 729 οἰκονόμου
2723 658 2781 726 ἐξ
2822 657 2987 712 αὐτοῦ
3029 659 3123 714 τοῦ
3154 659 3269 731 βίου
3336 660 3437 731 τὴν
3479 662 3713 734 ἰατρείαν
3744 664 3832 718 τοῦ

2279 750 2741 823 θεραπευομένου,
2784 751 2925 806 ὥστε
2964 754 3247 822 συντεμεϊν
3272 750 3370 823 τὴν
3394 754 3459 807 ἐκ
3482 753 3591 808 τῶν
3616 754 3835 810 κανόνων

2278 842 2585 915 ὁρισθεῖσαν
2610 841 2704 897 τοῦ
2741 845 3019 916 ἐπιτιμίου
3060 845 3419 918 προθεσμίαν.

2361 1022 2426 1076 Ἥ
2452 1021 2509 1075 δὲ
2539 1021 2831 1093 ἱεροσυλία,
2861 1022 3012 1093 παρὰ
3041 1022 3140 1094 μὲν
3170 1023 3236 1093 τῇ
3272 1021 3473 1094 ἀρχαίᾳ
3493 1022 3701 1093 Γραφῇ,
3726 1022 3842 1075 ούδέ

2280 1111 2541 1184 ἐνομίσθη
2611 1113 2713 1184 τῆς
2777 1114 3004 1183 φονικῆς
3072 1112 3451 1184 κατακρίσεως
3510 1111 3841 1183 ἀνεκτοτέρα.

2293 1205 2528 1276 Ὁμοίως
2555 1207 2666 1279 γὰρ
2694 1207 2722 1260 ὅ
2762 1223 2822 1260 τε
2850 1208 2940 1261 ἐπὶ
2970 1206 3116 1277 φόνῳ
3162 1204 3346 1269 ἁλοὺς,
3392 1204 3487 1259 καὶ
3513 1205 3542 1257 ό
3573 1203 3639 1257 τὰ
3667 1204 3845 1258 ἀνατε-

2282 1298 2444 1354 θέντα
2463 1298 2542 1370 τῷ
2569 1298 2688 1370 Θεῷ
2713 1297 3062 1370 ὕφελόμενος,
3111 1297 3210 1368 τὴν
3237 1296 3325 1349 διὰ
3363 1295 3470 1349 τῶν
3494 1294 3652 1349 λίθων
3679 1311 3844 1367 τιμω-

2286 1394 2408 1465 ρίαν
2439 1392 2697 1464 ὑπέσχον.
2741 1378 2867 1447 Ἐπὶ
2888 1390 2944 1443 δε
2967 1390 3066 1460 τῆς
3094 1387 3552 1459 ἐκκλησιαστικῆς
3577 1384 3849 1457 συνηθείας

2284 1486 2384 1540 οὐκ
2402 1481 2520 1540 οἶδα
2550 1484 2667 1548 πῶς
2696 1481 3101 1552 συγκατάὸασίς
3119 1498 3205 1544 τις
3225 1480 3568 1549 ἐγένετο,καὶ
3596 1494 3851 1550 συμπερι-

2287 1577 2452 1650 φορά,
2491 1577 2631 1631 ὥστε
2664 1575 3016 1647 ἀνεκτότερον
3041 1572 3363 1644 νομισθῆναι
3385 1569 3446 1625 τδ
3476 1570 3576 1642 τῆς
3608 1569 3853 1640 τοιαύτης

2289 1670 2447 1724 νόσου
2485 1669 2783 1741 καθάρσιον
2805 1683 2819 1697 ·
2869 1667 2928 1720 ἐν
2964 1664 3206 1719 ἐλάττονι
3237 1661 3347 1734 γὰρ
3374 1662 3552 1734 χρόνῳ
3589 1660 3735 1733 παρά
3757 1661 3855 1731 τὴν

2295 1758 2560 1830 μοιχείαν,
2593 1758 2706 1820 τοῖς
2731 1755 2994 1818 τοιούτοις
3013 1752 3074 1807 τὸ
3105 1752 3378 1824 ἐπιτίμιον
3404 1751 3677 1817 διετάξατο
3701 1750 3856 1821 ἡτῶν

2291 1848 2435 1903 Πατέ
2444 1866 2549 1920 ρων
2568 1846 2884 1918 παράδοσις.
2909 1843 3192 1916 Πανταχοῦ
3214 1842 3309 1897 καὶ
3325 1844 3382 1896 ἐν
3404 1841 3689 1912 πλημμελή
3698 1856 3860 1911 ματος

2291 1940 2422 1995 εῖδει
2440 1939 2597 1993 τοῦτο
2611 1928 2850 2009 καθορᾷν
2872 1926 3136 2008 προσήκει
3157 1933 3262 2006 πρὸ
3280 1933 3519 1996 πάντων,
3532 1931 3617 1985 οἵα
3638 1931 3751 1984 ἐστὶ
3766 1927 3860 1981 τοῦ

2293 2030 2731 2104 θεραπευομένου
2773 2028 3031 2092 διάθεσις,
3061 2026 3135 2099 μὴ
3172 2027 3263 2080 τὸν
3284 2020 3474 2097 χρόνον
3507 2022 3712 2077 οἴεσθαι
3729 2021 3863 2091 πρὸς

2294 2123 2590 2196 θεραπείαν
2616 2122 2804 2193 ἀρκεῖν
2822 2137 2836 2150 ’
2860 2120 2944 2185 τίς
2970 2119 3079 2191 γὰρ
3098 2118 3164 2174 ἂν
3188 2121 3253 2173 ἐκ
3270 2117 3364 2171 τοῦ
3393 2116 3586 2189 χρόνου
3605 2116 3742 2177 ἴασις
3767 2114 3862 2182 γέ-

2293 2232 2467 2282 νοιτο;
2515 2213 2650 2269 ἀλλά
2668 2214 2766 2283 τὴν
2800 2212 3114 2284 προαίρεσιν
3130 2209 3222 2264 τοῦ
3244 2208 3436 2263 ἑαυτὸν
3451 2207 3518 2260 δι’
3537 2203 3866 2275 ἐπιστροφῆς

2298 2306 2653 2381 ἰατρεύοντος.
2695 2304 2880 2359 Ταῦτά
2905 2321 3006 2370 σοι,
3051 2296 3097 2358 ὣ
3129 2301 3382 2372 ἄνθρωπε
3412 2297 3504 2352 τοῦ
3535 2294 3690 2361 Θεοῦ,
3726 2293 3868 2349 κατά

2296 2401 2497 2476 πολλὴν
2536 2398 2771 2469 σπουδὴν
2795 2399 2860 2451 ἐκ
2884 2395 2993 2451 τῶν
3022 2395 3327 2467 προχείρων
3359 2389 3666 2452 συνθέντες,
3698 2386 3784 2441 διὰ
3804 2386 3870 2439 τδ

2295 2494 2404 2549 δεῖν
2433 2480 2548 2556 τοῖς
2578 2491 2686 2546 τῶν
2734 2488 2974 2559 ἀδελφῶν
3003 2488 3342 2557 ἐπιτάγμασι
3393 2480 3695 2544 πείθεσθαι,
3729 2478 3873 2532 κατά

2299 2584 2530 2656 σπουδὴν
2551 2582 2965 2651 ἀπεστείλαμεν.
2998 2573 3070 2633 Σῦ
3094 2578 3151 2632 δέ
3169 2577 3268 2641 τὰς
3293 2576 3541 2647 συνήθεις
3556 2572 3695 2644 ὑπὲρ
3714 2568 3874 2643 ἡμῶν

2296 2675 2463 2746 εύχάς
2480 2673 2557 2745 τῷ
2576 2673 2695 2743 Θεῷ
2717 2671 3010 2744 προσάγων
3031 2668 3105 2740 μὴ
3125 2667 3422 2739 διαλείπῃς.
3442 2663 3744 2737 Χρεωστεῖς
3763 2659 3876 2732 γὰρ

2298 2768 2373 2831 ὡς
2399 2763 2694 2836 εὐγνώμων
2718 2762 2852 2827 υἱὸς,
2883 2760 2961 2833 τῷ
2999 2759 3141 2815 κατὰ
3156 2758 3290 2812 Θεόν
3323 2775 3382 2811 σε
3407 2755 3750 2825 γεννήσαντι,
3773 2748 3878 2820 τὴν

2297 2859 2385 2913 διὰ
2427 2856 2539 2912 τῶν
2582 2854 2899 2926 προσευχῶν
2935 2851 3293 2925 γηροκομίαν,
3340 2847 3481 2902 κατὰ
3527 2845 3626 2916 τὴν
3659 2840 3877 2911 ἐντολὴν

2298 2951 2397 3021 τὴν
2423 2948 2750 3003 κελεύουσαν
2791 2947 2955 3018 τιμᾷν
2992 2946 3120 3007 τοὺς
3143 2942 3338 3013 γονέας
3367 2982 3382 3006 ,
3432 2939 3534 2993 ἵνα
3558 2932 3626 2991 εὖ
3656 2950 3754 2990 σοι
3781 2936 3882 3003 τέ-

625 3033 716 3088 bet
749 3032 1024 3088 honorare
1057 3041 1334 3103 parentes,
1361 3043 1420 3087 ut
1455 3034 1551 3089 tibi
1579 3035 1706 3089 bene
1738 3036 1830 3100 ait,
1861 3047 1911 3090 et
1950 3038 2026 3091 sis
2080 3039 2187 3092 lon-

2301 3058 2494 3114 νητιιι,
2532 3041 2627 3096 καί
2651 3040 2770 3108 ἔσῃ
2798 3037 3235 3109 μακροχρόνιος
3257 3033 3354 3087 ἐπὶ
3385 3029 3496 3099 τῆς
3530 3027 3663 3098 γῆς.
3709 3024 3886 3121 Δῆλον

625 3138 799 3193 gustus
826 3139 982 3194 super
1021 3134 1217 3179 terram
1239 3125 1306 3180 ’°.
1355 3125 1577 3181 Clarum
1612 3137 1697 3183 est
1729 3136 1909 3183 autem
1949 3129 2094 3199 quod
2139 3141 2187 3184 ut

2301 3135 2358 3189 δὲ
2396 3137 2477 3190 ὃτι
2505 3133 2580 3197 ὡς
2618 3130 2883 3201 σύμϐολον
2910 3127 3202 3199 ἱερατικὸν,
3239 3123 3363 3196 δέξῃ
3400 3121 3462 3176 τὸ
3486 3121 3739 3192 γράμμα,
3782 3115 3889 3170 καὶ

627 3216 932 3287 symbolum
973 3218 1330 3283 sacerdotale,
1358 3219 1569 3277 litteras
1595 3220 1854 3293 accipies,
1890 3236 2198 3295 munusque

629 3310 896 3381 hospitale
930 3326 1040 3367 non
1072 3322 1414 3381 contemnes,
1441 3314 1659 3372 etiamsi
1687 3316 1760 3370 sit
1813 3317 1995 3372 minus
2031 3332 2193 3388 quam

628 3417 729 3470 pro
759 3417 973 3459 summa
1010 3405 1089 3460 tui
1121 3405 1323 3476 ingenii
1354 3406 1619 3463 bonitate.

704 3582 750 3617 ’°
776 3582 942 3641 Exod.
976 3600 1069 3649 xx,
1104 3584 1216 3653 1‘2;~
1240 3584 1400 3642 Deut.
1431 3600 1487 3651 ν,
1517 3584 1618 3651 ίδς
1653 3582 1845 3640 Matth.
1875 3599 1966 3649 xv,
2002 3584 2056 3639 ι.

2303 3226 2402 3280 οὐκ
2444 3222 2731 3294 ἀτιμάσεις
2767 3220 2829 3274 τὺ
2864 3220 3052 3286 ξένιον,
3083 3202 3274 3272 κάνλτι
3308 3212 3626 3286 μικρότερον
3654 3207 3752 3280 τῆς
3782 3204 3890 3276 σῆς

2311 3317 2674 3391 μεγαλοφυῒας
2707 3314 2814 3387 εῖηι
