4008 6210
289 233 385 292 937

1354 231 1681 291 EPISTULA
1720 233 1812 289 AD
1839 233 2125 292 PETRUM
2165 235 2451 293 SEBAST.

314 380 3531 430 Μ

1101 540 1328 630 ΤΟΥ
1427 542 1572 665 Εῌ
1634 543 1997 630 ΑΓΙΟΙΣ
2097 544 2716 634 ΓΡΗΓΟΡΙΟΥ

1544 748 1941 803 ΕΠῙΣΚΟΠΟΥ
1977 747 2247 802 ΝΥΣΣΗΣ

1379 941 2420 1065 ΕΠΙΣΤΟΛΗ

756 1190 952 1243 ΠΡΟΣ
1001 1187 1142 1242 ΤΩΝ
1165 1187 1508 1242 ΔΔΕΛΦΟΝ
1524 1186 1569 1240 Α
1583 1187 1776 1240 ΥΤΟΥ
1801 1185 2100 1242 ΠΕΤΡΟΝ
2125 1187 2537 1241 Ε’ΠιΣΚΟΠΟΝ
2551 1188 3029 1247 ΣΕΒΛΣΊῈῙΑΣ.

1841 1365 1914 1385 -ο

1151 1512 1253 1602 Ρ.
1393 1510 1513 1602 Ν.
1651 1504 2231 1605 GREGORII
2336 1512 2842 1604 NYSSENI

944 1514 1041 1609 S.

1547 1725 2240 1843 EPISTOLA

842 1979 942 2034 Αι)
970 1975 1271 2034 PETRUM
1300 1972 1651 2031 FRATREM
1678 1971 1910 2040 SUUM,
1942 1971 2371 2029 EPISCOI’UM
2408 1972 2930 2032 SEBASTENUH.

1532 2244 1654 2310 (Jac.
1696 2245 1934 2297 Gretsero
1960 2245 2277 2311 interprete.)

309 2525 475 2589 Μόλις
493 2520 782 2592 ιπιτυχὼν
811 2518 1068 2593 βραχείας
1096 2518 1313 2590 σχολῆς,
1341 2517 1406 2588 τῇ
1440 2533 1497 2569 τε
1526 2513 1618 2569 τοῦ
1638 2514 1825 2587 σῶμα·

1969 2561 1975 2567 .
1997 2512 2284 2568 Paululum
2310 2511 2408 2566 otii
2432 2519 2629 2567 nactus
2654 2512 2952 2567 valetudini
2996 2526 3219 2582 operam
3246 2512 3384 2572 dare
3411 2529 3512 2586 po-

249 2635 331 2683 to;
367 2616 649 2690 θεραπείᾳ
703 2615 963 2689 προσχεῖν
1004 2611 1274 2684 ἠδυνήθην
1313 2609 1453 2682 μετὰ
1496 2607 1594 2679 τὴν
1646 2609 1711 2661 ὲκ
1734 2607 1836 2677 τῆς

259 2709 551 2781 ’Δρμενίας
585 2703 864 2768 ἐπάνοδον,
900 2703 995 2756 καὶ
1018 2703 1347 2771 συναγαγεῖν
1370 2699 1439 2755 τὰ
1478 2699 1737 2771 σχεδάρια
1766 2697 1836 2751 τὰ

248 2803 375 2876 πρὸς
420 2800 699 2870 Εὐνόμιον
753 2797 896 2852 κατὰ
939 2793 1248 2867 συμϐουλὴν
1290 2789 1392 2864 τῆς
1429 2790 1530 2862 σῆς
1566 2791 1833 2854 συνέσεως

248 2892 669 2965 ὕπηγορευμένα
700 2907 714 2920 ο
765 2889 904 2943 ὥστε
945 2906 1036 2959 μοι
1067 2886 1255 2941 λοιπὸν
1282 2887 1361 2949 είς
1390 2885 1549 2953 λόγου
1581 2882 1834 2948 σύνταξιν

246 2984 649 3057 ὶναρμοσθῆναι
674 2982 766 3036 τὸν
795 2981 976 3041 πόνον,
1004 2979 1097 3033 καὶ
1121 2976 1344 3032 πυκτίον
1373 2974 1473 3049 ήδη
1503 2973 1831 3046 γεγενῆσθαι

245 3077 329 3130 τὸν
359 3076 547 3144 λόγον.
598 3071 916 3143 Γέγραπται
965 3069 1023 3124 δέ
1067 3086 1156 3139 μοι
1205 3068 1264 3121 οὐ
1308 3065 1444 3138 πρὸς
1488 3065 1832 3135 ἀμφοτέρους

243 3169 360 3232 τοῦς
405 3167 612 3235 λόγους
643 3181 660 3198 ο
698 3164 819 3217 οὐδὲ
861 3162 968 3233 γὰρ
1005 3162 1264 3231 ἐπέτυχον
1303 3158 1570 3230 τοσαύτης
1609 3156 1827 3228 σχολῆς,

242 3259 329 3313 τοῦ
378 3256 695 3330 χρὴσαντός
749 3273 837 3334 μοι
878 3255 937 3308 τὺ
986 3254 1085 3323 τῆς
1126 3252 1394 3323 αἱρέσεως
1432 3249 1657 3322 βιϐλίον,
1688 3247 1831 3302 κατὰ

246 3348 436 3418 πολλὴν
486 3344 888 3417 ἀπειροκαλίαν
951 3343 1109 3406 εὐθὺς
1164 3339 1638 3411 ἀνακαλεσαμένου
1692 3339 1830 3409 πρὸς

244 3440 441 3502 ἑαυτὴν,
472 3439 578 3493 καὶ
600 3436 726 3491 οὔτε
762 3434 1235 3508 μεταγράψασθαι,
1270 3432 1393 3487 οὔτε
1440 3433 1579 3485 κατὰ
1630 3431 1828 3502 σχολὴν

242 3529 578 3602 ἑνδιατρίψαι
609 3529 933 3598 ποιήσαντος
965 3542 979 3557 ·
1030 3527 1089 3579 ὲν
1129 3525 1363 3596 ἡμέραις
1419 3525 1527 3595 γὰρ
1564 3523 1825 3577 ἑπτακαίο

240 3621 363 3675 δίκα
397 3623 594 3693 μόναις
640 3619 928 3691 σχολάσας,
954 3618 1052 3688 οὐχ
1094 3611 1201 3680 οἷός
1239 3632 1300 3669 τε
1355 3616 1502 3686 ήμην
1549 3616 1607 3667 ὲν
1654 3614 1827 3679 οὕτως

242 3712 398 3786 ὀλίγῳ
421 3713 506 3785 τῷ
533 3713 716 3785 χρόνῳ
752 3712 889 3783 πρὸς
912 3708 1256 3782 ἀμφοτέρους
1299 3706 1530 3778 ἀρκέσαι
1573 3707 1700 3771 τοὺς
1740 3705 1825 3759 λόα

241 3823 385 3872 τους.

306 3917 578 3980 Πολλάκις
616 3916 674 3969 δὲ
711 3917 864 3987 παρὰ
906 3915 1116 3970 πολλῶν
1166 3913 1474 3985 ἐνοχληθεὶς
1518 3910 1821 3984 ἀνθρώπων

241 4007 343 4060 τῶν
372 4024 500 4061 τινα
529 4005 689 4076 ζῆλον
721 4006 864 4077 ὑπὲρ
883 4006 982 4077 τῆς
1026 4003 1284 4075 ἀληθείας
1337 4002 1590 4074 ἑχόντων,
1635 4000 1724 4055 διὰ
1762 3999 1823 4053 τὺ

243 4097 785 4170 περιτεθρυλλῆσθαι,
831 4097 932 4151 οὐκ
970 4089 1087 4149 οῖδα
1148 4098 1329 4158 ὅπως,
1376 4093 1438 4147 τὸ
1483 4091 1821 4162 πεπονῆσθαι

240 4188 361 4258 ἡμῖν
384 4188 529 4260 πρὸς
556 4188 647 4241 τὸν
671 4186 991 4257 βλάσφημον
1037 4185 1354 4257 ἀντίρρησιν
1388 4201 1400 4214 ·
1451 4182 1631 4246 καλῶς
1677 4182 1821 4251 ἔχειν

241 4279 417 4351 ᾠήθην
440 4282 556 4351 πρὸ
587 4282 806 4333 πάντων
840 4282 906 4350 τῇ
939 4282 1005 4350 σῇ
1030 4279 1241 4333 συνέσει
1281 4276 1410 4348 περὶ
1439 4275 1629 4328 τούτου
1683 4292 1821 4344 συμ-

241 4369 407 4441 ϐούλῳ
434 4370 771 4443 χρήσασθαι,
803 4370 911 4424 εἴτε
938 4370 1043 4441 χρὴ
1075 4367 1504 4423 καταπιστεῦσαι
1546 4370 1667 4432 ταῖς
1710 4367 1819 4422 τῶν

242 4462 443 4515 πολλῶν
489 4464 707 4527 ἀκοαῖς,
762 4461 872 4515 εἴτε
909 4478 964 4514 τι
1003 4461 1095 4514 καὶ
1135 4459 1263 4514 ἄλλο
1300 4458 1708 4530 βουλεύσασθαι.
1752 4460 1818 4513 '0

1938 2607 2041 2672 tui,
2063 2616 2187 2678 post
2207 2606 2438 2662 reditum
2464 2622 2531 2661 ex
2545 2605 2822 2672 Armenia,
2847 2615 2900 2662 et
2919 2606 3177 2678 colligere
3196 2607 3512 2675 schedulas,

1935 2677 2079 2767 quas
2116 2703 2308 2751 contra
2357 2693 2681 2749 Eunomium
2728 2682 2825 2749 tuo
2856 2708 3037 2749 suasu
3084 2677 3404 2765 composui;
3450 2705 3512 2750 ut

1934 2787 2043 2858 iam
2073 2787 2227 2842 labor
2266 2801 2421 2841 meus
2463 2786 2518 2839 in
2569 2784 2835 2841 orationis
2879 2783 3131 2850 formam,
3162 2793 3218 2840 et
3252 2786 3430 2841 oratio
3460 2786 3517 2841 in

1936 2879 2188 2934 volumen
2219 2877 2476 2932 evaserit.
2515 2874 2721 2947 Scripsi
2752 2887 2932 2932 autem
2952 2892 3063 2933 non
3090 2884 3281 2933 contra
3307 2885 3518 2932 utrum-

1933 2986 2039 3040 que
2076 2968 2331 3024 Eunomii
2362 2969 2599 3024 librum:
2633 2985 2810 3040 neque
2837 2970 2982 3025 enim
3010 2977 3224 3025 tantum
3258 2972 3513 3042 temporis

1932 3078 2255 3119 concessum
2288 3070 2394 3130 est,
2424 3078 2546 3118 cum
2573 3063 2641 3130 is,
2681 3064 2773 3132 qui
2794 3062 2999 3119 librum
3031 3062 3350 3119 lmreticum
3370 3078 3523 3120 com.“

1933 3153 2155 3209 modato
2178 3152 2424 3216 dederat,
2461 3166 2585 3207 eum
2610 3151 2765 3208 valde
2791 3151 3101 3223 importune
3142 3159 3197 3208 et
3220 3152 3516 3209 inciviliter

1930 3244 2266 3316 repetiverit,
2292 3251 2346 3300 et
2372 3258 2547 3314 neque
2573 3243 2997 3311 transcribendi,
3026 3259 3204 3315 neque
3223 3260 3321 3315 per
3338 3245 3509 3301 otium

1928 3336 2211 3392 evolvendi
2273 3341 2359 3391 sat
2417 3335 2579 3406 Spatii
2633 3334 2880 3392 dederit:
2935 3349 3062 3389 nam
3114 3335 3508 3407 septemdecim

1930 3437 2143 3484 tantum
2171 3428 2288 3484 dies
2319 3428 2447 3483 huic
2470 3428 2835 3484 lucubrationi
2863 3427 3199 3499 impertiens,
3234 3428 3347 3486 ﬁeri
3396 3444 3507 3485 non

1929 3519 2107 3590 potuit
2137 3527 2195 3573 ut
2241 3526 2354 3573 tam
2394 3519 2542 3574 brevi
2579 3526 2820 3590 tempore
2850 3530 3142 3591 utrumque
3189 3519 3392 3576 librum
3419 3534 3510 3576 re-

1925 3611 2188 3667 fellerem.

1997 3918 2208 3990 Saepius
2245 3888 2382 3974 ’γετο
2434 3920 2810 3990 interpellatus
2849 3935 2879 3975 a
2927 3921 3136 3986 multis,
3183 3924 3279 3993 qui
3313 3926 3500 3997 aliquo

1922 4011 2168 4067 veritatis
2196 4011 2331 4066 ‘zelo
2375 4013 2738 4077 tenebantur,
2792 4012 2936 4082 quod
2980 4013 3123 4067 fama
3162 4014 3275 4084 jam
3315 4018 3500 4074 nescio

1922 4103 2193 4171 quomodo
2254 4102 2591 4171 vulgaverat,
2651 4116 2737 4156 me
2802 4101 3064 4156 adversus
3117 4103 3497 4175 blasphemum

1922 4187 2244 4242 Eunomium
2280 4187 2660 4242 refutationem
2690 4186 3026 4245 confecisse:
3063 4206 3095 4246 e
3121 4207 3179 4246 re
3212 4193 3328 4251 fore
3349 4195 3500 4266 judi-

1920 4279 2062 4341 cavi,
2111 4285 2237 4334 ante
2282 4279 2465 4333 omnia
2516 4285 2568 4332 te
2609 4293 2775 4348 super
2807 4279 2908 4336 hac
2938 4296 2997 4336 re
3024 4285 3342 4343 consiliario
3384 4289 3495 4347 uti:

1894 4385 2049 4424 ‘nnm
2077 4369 2286 4425 scilicet
2325 4384 2463 4438 opus
2506 4366 2892 4441 evulgandum,
2925 4387 2993 4427 an
3021 4375 3167 4431 aliud
3203 4380 3496 4437 consilium

1919 4458 2241 4528 capiendum
2266 4457 2358 4512 sit.
2387 4457 2541 4523 Quod
2563 4460 2854 4529 ancipitem
2883 4478 2969 4517 me
2994 4464 3195 4531 reddit,
3219 4476 3301 4523 est
3323 4470 3496 4525 istud:

241 4550 295 4604 δέ
323 4568 413 4622 μοι
444 4553 550 4624 τὴν
588 4552 924 4623 ἀμφιϐολίαν
964 4554 1126 4613 ποιεῖ,
1170 4551 1329 4605 τοῦτό
1376 4554 1521 4605 ἐστιν
1544 4567 1560 4583 ⁸
1592 4550 1815 4621 Ἐπειδὴ

1924 4550 2048 4607 Cum
2083 4550 2189 4605 sub
2217 4548 2390 4618 ipsam
2422 4550 2598 4604 sancti
2634 4548 2820 4606 Basilii
2867 4560 3121 4619 mortem,
3154 4556 3351 4612 librum
3384 4558 3496 4614 Eu—

238 4644 351 4696 ιιτ⁹
372 4646 552 4716 αὐτὴν
577 4644 672 4698 τοῦ
702 4644 861 4711 ἁγίου
886 4642 1165 4697 Βασιλείου
1189 4642 1286 4715 τὴν
1321 4642 1575 4713 κοίμησιν
1604 4641 1697 4695 τὸν
1721 4642 1816 4695 τοῦ

238 4734 501 4806 εὖνομίου
526 4736 681 4805 λόγον
705 4735 1073 4807 ὑπεδεξάμην,
1111 4735 1191 4790 ἔτι
1234 4735 1332 4806 τῆς
1381 4734 1607 4806 καρδίας
1659 4750 1817 4805 περι-

237 4824 458 4898 εξούσης
496 4826 576 4898 τῷ
597 4826 770 4897 πόθῳ,
801 4827 896 4880 καὶ
929 4826 1064 4897 πρὸς
1086 4826 1184 4898 τὴν
1229 4825 1413 4896 κοινὴν
1450 4825 1558 4878 τῶν
1582 4825 1815 4896 Ἐκκλη-

241 4917 361 4971 nini
393 4919 683 4992 συμφορὰν
708 4919 1152 4991 ὑπεραλγούσης·
1194 4919 1472 4990 τέτραπτο
1502 4917 1560 4971 δὲ
1603 4916 1681 4989 τῷ
1712 4918 1813 4971 EO-

235 5010 417 5079 νομεψ,
453 5013 558 5081 οὐχ
575 5012 676 5065 ὅσα
704 5010 867 5082 μόνον
896 5009 990 5064 τοῦ
1011 5012 1131 5065 καθ’
1163 5010 1353 5064 ἑαυτὸν
1378 5010 1646 5080 δόγματος
1670 5008 1813 5080 ἔχειν

237 5097 400 5153 Winter.
423 5102 533 5172 τὴν
574 5100 854 5167 σύστασιν,
902 5102 1016 5155 ἀλλ’
1066 5102 1099 5173 ἡ
1153 5101 1351 5156 πλείων
1393 5101 1556 5155 αὐτοῦ
1609 5101 1812 5174 σπουδὴ

1919 4640 2085 4695 nomii
2110 4640 2465 4711 accepissem.
2488 4640 2654 4711 corde
2679 4640 2857 4696 adhuc
2877 4641 3147 4698 desiderio
3170 4646 3316 4701 illius
3333 4655 3488 4703 aestu-

1917 4740 2062 4792 ante,
2110 4739 2164 4785 et
2212 4730 2281 4785 ob
2322 4745 2668 4786 communem
2714 4730 3081 4789 Ecclesiarum
3127 4736 3492 4792 calamitatem

1916 4821 2207 4877 admodum
2238 4821 2489 4877 dolente:
2526 4821 2831 4880 Eunomius
2856 4834 3037 4882 autem
3068 4843 3176 4884 non
3204 4828 3378 4885 solum
3403 4844 3489 4895 ea,

1916 4927 2035 4983 qua:
2077 4914 2143 4967 ad
2196 4913 2281 4968 sui
2333 4913 2606 4984 dogmatis
2661 4917 3068 4987 perversitatem
3109 4921 3489 4979 stabiliendam

1914 5004 2252 5069 conducunt,
2276 5005 2552 5073 attulerit;
2576 5006 2670 5062 sed
2692 5008 2815 5078 plus
2834 5009 3124 5081 diligentiae
3148 5012 3199 5064 in
3224 5013 3492 5070 conviciis

1912 5094 2177 5152 adversus
2212 5102 2422 5166 patrem
2457 5104 2708 5152 nostrum
2742 5098 3080 5169 ejaculandis
3116 5101 3363 5158 studiose
3392 5117 3490 5174 po-

236 5195 355 5261 :sz
379 5193 483 5257 τὰς
514 5193 773 5266 λοιδορίας
818 5191 907 5267 ἦν,
944 5193 1011 5260 ἃς
1058 5194 1198 5248 κατά
1247 5193 1342 5248 τοῦ
1402 5195 1606 5267 πατρὸς
1653 5194 1849 5266 ἡμῶνι

1924 5185 2105 5247 suerit,
2134 5192 2492 5255 exasperatus
2526 5187 2876 5243 contumeliis
2908 5189 2979 5243 ab
3008 5188 3101 5244 illo
3139 5189 3348 5253 eﬂ‘usis.
3383 5193 3489 5249 ali-

236 5281 538 5347 eam;
565 5285 891 5356 συνέγραψε,
920 5284 1108 5339 τούτου
1136 5284 1325 5339 ἕνεκεν
1374 5286 1807 5357 ὑποτραχυνθεὶς

236 5371 294 5425 ιι
324 5373 546 5444 nheri
570 5376 723 5448 ὕϐρει
755 5379 885 5449 παρ’
925 5376 1089 5431 αὐτοῦ
1136 5376 1428 5449 ῥηθέντων,
1480 5377 1630 5431 ἐστιν
1672 5379 1806 5432 ὅπου

238 5458 397 5531 θυμόν
451 5481 580 5518 τινα
629 5467 772 5521 κατὰ
818 5468 911 5522 τοῦ
960 5466 1320 5538 συγγραφέως
1362 5465 1457 5520 καὶ
1500 5466 1807 5539 φλεγμονὴν

240 5554 453 5620 ηρδίεις
509 5556 864 5628 ἑνεδείξαμεν.
933 5556 1084 5613 Ἐπεὶ
1128 5553 1222 5612 οὖν
1270 5557 1408 5612 ἄλλα
1438 5555 1566 5621 ἴσως
1591 5559 1722 5629 ἡμῖν
1754 5558 1804 5611 ot

192 5612 409 5699 ’πολλοὶ
454 5612 879 5717 συνεγνώκασιν,
934 5651 1016 5705 ὅτι
1067 5652 1123 5706 δὲ
1166 5651 1302 5725 πρὸς
1341 5612 1644 5720 ὑπομένειν.
1677 5650 1806 5713 τοὺς

1914 5277 2038 5333 cubi
2065 5278 2314 5332 nonnihil
2347 5279 2440 5333 ira:
2463 5287 2517 5334 et
2533 5279 2661 5334 bilis
2689 5287 2881 5334 contra
2901 5280 3220 5351 scriptorem
3246 5285 3486 5341 ostendi.

1912 5369 2049 5424 Cum
2080 5376 2261 5424 autem
2290 5370 2534 5441 plerique
2581 5369 2743 5426 aliam
2793 5370 3050 5428 fortassis
3076 5375 3487 5445 persuasionem

1912 5461 2169 5527 habeant,
2198 5462 2353 5533 quasi
2384 5478 2450 5518 eo
2479 5463 2654 5519 simus
2676 5464 2917 5535 ingenio,
2950 5474 3009 5521 ut
3045 5481 3161 5532 eos,
3194 5469 3286 5540 qui
3335 5475 3493 5541 petu-

1913 5554 2087 5609 lanter
2138 5553 2193 5609 in
2240 5568 2341 5611 nos
2388 5554 2701 5625 insurgunt,
2745 5571 2903 5628 :equo
2939 5567 2994 5614 et
3035 5562 3274 5631 patiente
3303 5560 3489 5616 animo

1911 5646 2209 5715 sustinere,
2248 5655 2302 5701 ct
2342 5662 2408 5704 ex
2433 5646 2721 5719 disciplina
2750 5649 2810 5708 ὃ.
2848 5650 3031 5708 Basilii
3058 5654 3483 5713 moderationem
