4008 6210
551 235 657 290 239
1551 224 1752 280 PETRI
1783 223 2156 279 SEBASTEN!
2199 220 2284 275 AD
2326 220 2384 275 S.
2423 217 2824 274 GllEGOlllUM
3697 215 3800 270 240

558 355 614 405 in
645 348 911 411 moribus,
939 346 1118 416 quoad
1143 346 1288 410 licet,
1318 342 1573 398 exhibere
1601 339 1906 404 soieamns;
1945 337 2130 399 metui,

2237 333 2485 396 ἀτάκτως
2512 332 2631 386 καθ’
2655 331 2811 402 ἡμῶν
2851 330 3278 401 θρασυνομένους
3321 329 3638 400 ἐπιτηδείως
3683 327 3800 395 ἑχο-

557 457 628 498 ne
673 457 736 497 ex
772 441 878 505 his,
919 454 1040 510 quae
1072 445 1263 493 contra
1301 436 1446 491 hunc
1488 433 1862 488 adversarium
1906 429 2131 499 scripsi-

2244 441 2360 494 μεν,
2382 423 2456 486 ὣς
2482 426 2593 477 ἐστι
2621 422 2862 485 δυνατὸν,
2897 424 2960 476 ὲκ
2997 423 3094 493 τῆς
3116 422 3206 476 τοῦ
3232 421 3384 490 ἁγίου
3415 420 3620 473 ἐκείνου
3661 417 3803 469 διδα-

561 549 706 596 mus,
735 509 1031 589 lectoribus
1063 528 1186 584 novi
1218 542 1628 599 appareremus,
1657 533 1914 594 tanquam
1946 523 2038 591 qui
2069 519 2135 574 ad

2242 515 2467 578 σκαλίας
2493 516 2828 584 ἀσκήσαντες
2859 516 2916 567 ὲν
2949 514 3028 584 τῷ
3057 513 3173 585 ῆθει
3217 517 3278 566 τδ
3323 511 3560 583 μέτριον,
3597 509 3807 563 δέδοικα

562 621 1020 675 calumniatorum
1072 618 1318 673 convicia
1373 615 1528 670 facile
1585 615 2002 667 inﬂammemur.
2057 611 2124 665 At

2245 607 2318 676 μὴ
2345 608 2407 658 ἐκ
2438 605 2543 658 τῶν
2585 605 2721 676 πρὸς
2766 603 2856 657 τὸν
2910 603 3201 657 ἀντίπαλον
3233 604 3365 674 ἡμῖν
3409 599 3805 670 γεγραμμένων

563 713 706 767 forte
737 727 806 766 ne
855 711 988 766 tales
1035 710 1349 770 habeantur,
1405 705 1662 767 obstabit,
1711 704 1855 774 qttod
1899 719 2008 758 non
2043 717 2138 772 pro

2242 698 2517 764 νεοφανεῖς
2548 713 2688 757 τινες
2712 698 2822 759 τοῖς
2852 694 3236 764 ἐντυγχάνουσι
3265 692 3522 762 δόξωμεν,
3546 692 3620 754 ὡς
3659 689 3810 742 εὐκό-

567 801 760 869 nobis,
801 801 895 856 sed
929 817 1023 870 pro
1055 799 1333 870 probrosis
1366 799 1417 850 in
1457 803 1666 864 patrem
1696 802 1942 848 nostrum
1977 789 2138 846 dictis

2241 791 2346 850 λως
2369 787 2503 870 πρὸς
2527 786 2623 850 τὰς
2643 785 2750 838 τῶν
2794 785 3060 857 ὑϐριστῶν
3107 784 3368 856 λοιδορίας
3407 781 3808 852 ἐκτραχυνόμε-

563 893 876 949 irascimur.
921 869 1055 944 Nam
1094 890 1147 944 in
1197 885 1509 957 hujusmodi
1543 885 1705 940 rebus
1739 883 1998 953 majorem
2033 880 2142 934 for-

2243 892 2336 928 νοι.
2369 869 2445 925 Ἦ
2473 873 2611 942 τάχα
2631 875 3025 943 παραιτήσεται
3065 875 3209 944 ἡμᾶς
3246 873 3381 943 πρὸς
3413 872 3472 924 τὸ
3516 871 3590 941 μὴ
3636 869 3809 922 δοκεῖν

566 986 710 1040 sitan
748 985 958 1040 veniam
991 990 1229 1036 meretur
1264 991 1609 1040 succensere,
1651 990 1814 1045 quam
1863 973 2141 1028 moderate

2243 962 2378 1020 εἶναι
2421 965 2707 1031 τοιούτους,
2742 966 2802 1018 τὸ
2827 966 2901 1036 μὴ
2925 966 3062 1037 ὑπὲρ
3087 967 3250 1037 ⁴ἡμῶν
3279 964 3481 1031 αὐτῶν,
3529 963 3642 1016 ἀλλ’
3675 961 3812 1031 ὑπὲρ

569 1089 748 1146 agere.
1000 1110 1010 1122 .
2243 1058 2350 1112 τῶν
2373 1060 2513 1112 κατά
2542 1059 2633 1112 τοῦ
2663 1059 2867 1129 πατρὸς
2900 1059 3201 1130 εἰρημένων
3223 1055 3555 1129 ὀργίζεσθαι.
3592 1054 3680 1108 Ἐν
3703 1054 3812 1123 γὰρ

2243 1152 2355 1213 τοῖς
2385 1149 2648 1213 τοιούτοις
2684 1150 2823 1219 τάχα
2864 1150 2925 1202 τὸ
2964 1149 3279 1221 μετριάζειν
3334 1149 3428 1202 τοῦ
3473 1146 3812 1218 χαλεπαίνειν

2245 1241 2394 1293 ἐστὶν
2426 1240 2837 1308 ἀσυγγνωστότε
2845 1256 2956 1310 ρον.

645 1333 701 1386 Si
737 1346 866 1386 vero
914 1328 1213 1399 primordia
1259 1326 1523 1380 orationis
1560 1326 1715 1395 quasi
1769 1340 1798 1378 a
1847 1325 2144 1381 cel-tamine

2327 1332 2388 1383 Ei
2415 1331 2474 1384 δὲ
2505 1331 2572 1385 τὰ
2603 1330 2794 1403 πρῶτα
2840 1330 2935 1386 τοῦ
2989 1331 3148 1400 λόγου
3202 1331 3473 1398 ἐξαγώνιά
3506 1347 3622 1392 πως
3676 1325 3812 1382 εἶναι

571 1420 747 1476 aliena
771 1419 1176 1479 existimantur,
1214 1430 1375 1486 spero
1405 1431 1552 1478 eum,
1599 1415 1690 1484 qui
1716 1413 1928 1484 judicio
1957 1414 2141 1483 pollet,

2243 1421 2408 1487 δοκεῖ,
2435 1420 2717 1491 λογίζομαι
2756 1421 2844 1474 τὸν
2875 1419 3079 1492 κρίνειν
3116 1419 3524 1490 ἐπεσκεμμένον
3557 1418 3814 1482 ἀποδέξα-

573 1528 682 1570 ιιοη
711 1519 932 1584 gravate
973 1509 1240 1564 orationis
1283 1515 1488 1562 nostrae
1536 1507 1847 1562 institutum
1889 1505 2146 1575 probatu-

2247 1511 2368 1566 σθαι
2399 1512 2475 1565 ’ἀν
2530 1511 2629 1582 τὴν
2681 1511 2932 1580 τοιαύτην
2991 1511 3118 1583 περὶ
3153 1511 3241 1564 τὸν
3285 1511 3438 1578 λόγον
3483 1508 3812 1580 οἰκονομίαν.

573 1621 714 1661 rum.
745 1601 928 1674 Neque
956 1602 1104 1656 enim
1141 1599 1366 1655 decebat
1414 1612 1474 1652 ut
1507 1599 1685 1671 magni
1724 1597 1904 1652 Basilii
1942 1595 2140 1650 famam

2247 1604 2382 1658 Ol'rre
2415 1602 2524 1674 γὰρ
2553 1604 2954 1674 ἀσυνηγόρητον
2979 1602 3084 1656 ἔδει
3119 1603 3418 1672 παρεθῆναι
3446 1601 3542 1672 τὴν
3583 1600 3676 1654 τοῦ
3717 1617 3815 1670 με-

570 1694 1097 1753 etexistimationem
1122 1691 1190 1746 ab
1203 1690 1517 1744 adversario
1536 1689 1797 1745 maledice
1826 1689 2139 1751 laceratam,

2245 1697 2410 1764 γάλου
2471 1695 2736 1766 ὑπόληψιν
2783 1697 2905 1758 ταῖς
2955 1694 3048 1748 τοῦ
3110 1693 3379 1747 ἀντιδίκου
3451 1691 3817 1761 βλασφημίαις

575 1787 910 1844 indefensam
941 1784 1407 1853 relinqueremus;
1443 1797 1617 1852 neque
1644 1788 1702 1834 ut
1732 1779 1846 1834 hate
1878 1779 2006 1834 talia
2035 1780 2145 1834 dis-

2249 1785 2722 1856 σπαρασσομένην,
2754 1783 2878 1837 οὔτε
2913 1785 3088 1855 πάντη
3125 1781 3512 1852 καταμιγνύειν
3549 1779 3627 1850 τῷ
3647 1780 3814 1847 λόγῳ,

573 1876 833 1949 putationi
898 1873 1131 1944 sparsim
1186 1871 1651 1941 inspergeremus;
1722 1885 2033 1941 quanquam
2094 1881 2148 1925 et

2248 1876 2522 1948 σποράδην
2557 1875 2947 1948 παρενείροντα
2970 1875 3066 1947 τὴν
3093 1878 3218 1949 περὶ
3255 1873 3443 1928 τούτου
3478 1873 3674 1944 μάχηνο
3716 1871 3813 1925 άλ-

577 1969 692 2024 htec
708 1973 962 2022 accurate
983 1962 1335 2035 perpendenti
1354 1954 1481 2033 pars
1504 1978 1696 2034 pugna:
1719 1963 1888 2018 videri
1913 1971 2142 2032 queant:

2249 1967 2353 2030 λως
2381 1983 2440 2019 τε
2471 1967 2548 2036 τῷ
2576 1966 2814 2039 ἀκριόὦς
2849 1966 3184 2036 λογιζομένῳ
3216 1966 3311 2020 καὶ
3358 1965 3530 2017 ταῦτα
3562 1964 3629 2016 τὰ
3673 1963 3810 2033 μέρη

575 2075 701 2115 eum
757 2056 905 2112 enim
952 2054 1250 2111 adversarii
1299 2068 1517 2124 quoque
1566 2053 1864 2125 disputatio
1919 2054 1973 2108 in
2011 2053 2149 2108 duas

2249 2057 2356 2111 τῶν
2377 2055 2601 2125 ἀγώνων
2649 2057 2794 2109 ἐστίν
2825 2072 2841 2089 ο
2874 2057 3058 2128 ἐπειδὴ
3081 2056 3188 2126 γὰρ
3224 2057 3302 2118 είς
3321 2055 3412 2108 δύο
3452 2055 3682 2116 σκοποὺς
3725 2052 3820 2105 καὶ

578 2157 760 2222 partes
801 2147 1006 2203 tributa
1039 2146 1130 2207 sit,
1173 2146 1225 2198 in
1258 2144 1557 2199 calumnias
1596 2144 1826 2210 scilicet,
1862 2155 1915 2199 et
1963 2144 2014 2197 in
2049 2145 2148 2198 do-

2250 2152 2278 2204 ό
2307 2149 2400 2202 τοῦ
2433 2148 2673 2202 ἐναντίου
2717 2148 2872 2216 λόγος
2938 2148 3282 2219 μεμέρισται,
3333 2147 3412 2210 εἴς
3455 2163 3512 2198 τε
3551 2143 3649 2208 τὰς
3688 2142 3824 2196 καθ’

577 2242 768 2295 ctrina:
814 2253 962 2294 sana:
1011 2235 1511 2305 reprehensionem,
1549 2251 1770 2290 necesse
1820 2243 1938 2289 erat
1993 2244 2050 2288 ut
2099 2243 2152 2288 et

2251 2241 2408 2311 ἡμῶν
2431 2239 2698 2302 διαϐολὰς,
2730 2240 2821 2292 καὶ
2845 2242 2924 2302 εἰς
2954 2239 3048 2311 τὴν
3088 2239 3417 2310 κατηγορίαν
3441 2236 3534 2290 τοῦ
3566 2236 3826 2304 ὑγιαίνον-

580 2348 682 2386 nos
731 2330 996 2384 adversus
1041 2334 1328 2394 utramque
1380 2334 1588 2396 partem
1636 2326 2008 2381 defensionem
2056 2343 2154 2382 no-

2251 2347 2341 2393 τος
2365 2330 2652 2400 δόγματος,
2693 2328 2802 2381 ἔδει
2844 2329 2978 2401 πρὸς
3018 2329 3252 2400 ἑκάτερα
3302 2329 3394 2382 καὶ
3430 2330 3522 2382 τὸν
3560 2326 3823 2397 ἡμέτερον

581 2432 749 2476 stram
797 2419 1176 2489 dirigeremus.
1211 2415 1491 2472 Claritatis
1540 2430 1703 2486 porro
1749 2417 1943 2486 gratia,
1993 2424 2047 2472 et
2087 2433 2155 2472 ne

2255 2420 2638 2490 ἀντιταχθῆναι
2675 2419 2849 2486 λόγον.
2882 2419 3184 2488 Σαφηνείας
3207 2419 3263 2472 δὲ
3291 2419 3469 2489 χάριν,
3498 2417 3590 2470 καὶ
3619 2415 3708 2469 τοῦ
3746 2415 3822 2484 μὴ

584 2513 758 2568 series
799 2523 1010 2573 eorum,
1058 2523 1178 2580 quae
1224 2507 1291 2562 de
1334 2507 1453 2578 ipsa
1503 2507 1752 2563 doctrina
1788 2510 2152 2579 disseruntur,

2255 2511 2574 2581 διακοπῆναι
2596 2508 2686 2563 τὸν
2713 2510 2899 2581 εἱρμὸν
2923 2510 3030 2562 τῶν
3051 2511 3190 2565 κατά
3235 2511 3295 2563 τὸ
3342 2509 3515 2580 δόγμα
3559 2507 3823 2576 ζητουμέ-

580 2602 979 2661 ealunmiarum
1002 2599 1410 2670 interposntione
1430 2599 1942 2670 interrumperetur,
1965 2617 2155 2657 neces-

2256 2618 2382 2664 νων,
2421 2603 2540 2662 ταῖς
2587 2600 2951 2672 παρενθήκαις
2989 2602 3098 2655 τῶν
3142 2602 3278 2672 πρὸς
3324 2601 3423 2664 τὰς
3476 2601 3614 2669 παρ’
3663 2597 3827 2651 αὐτοῦ

585 2696 733 2751 sario
761 2695 816 2749 in
847 2692 985 2747 duas
1013 2703 1193 2764 partes
1223 2707 1362 2762 opus
1393 2691 1805 2746 distribuimus:
1851 2692 2006 2747 initio
2033 2694 2158 2763 qui-

2258 2691 2504 2755 διαὸολάς
2533 2691 2862 2760 λεγομένων,
2889 2693 3200 2761 ἀναγκαίως
3227 2695 3306 2756 είς
3322 2693 3414 2746 δύο
3439 2691 3703 2762 ταμόντες
3725 2691 3829 2757 τὴν

582 2787 707 2842 dem
758 2787 826 2842 iis
877 2801 998 2856 quae
1035 2785 1193 2840 nobis
1237 2783 1574 2852 objiciuntur
1616 2785 1958 2839 contumeliis
2009 2799 2160 2840 amo-

2260 2783 2639 2854 πραγματείαν
2667 2800 2680 2813 °
2711 2785 2832 2836 κατ’
2876 2784 3048 2854 ἀρχὰς
3081 2785 3177 2854 μὲν
3222 2784 3349 2856 περὶ
3393 2785 3490 2854 τὴν
3535 2782 3833 2850 ἀπολογίαν

584 2876 798 2941 liendis,
845 2884 1032 2946 postea
1080 2873 1384 2930 defensioni
1431 2875 1703 2945 dogmatis
1743 2874 2032 2929 orthodoxi
2063 2891 2160 2945 pro

2260 2874 2368 2928 τῶν
2433 2874 2842 2946 ἐπιφερομένων
2866 2877 2995 2946 ἡμῖν
3034 2876 3432 2947 ἠσχολήθημεν,
3481 2875 3619 2946 μετά
3661 2873 3835 2928 ταῦτα

585 2968 796 3022 viribus
825 2967 1041 3022 intenti.
1069 2965 1324 3020 Continet
1353 2980 1482 3020 vero
1525 2965 1824 3034 disputatio
1858 2981 1964 3020 non
1997 2966 2161 3021 modo

2262 2965 2319 3018 δὲ
2344 2967 2454 3029 τοῖς
2481 2967 2620 3019 κατὰ
2648 2964 2743 3018 τοῦ
2778 2965 3043 3036 δόγματος
3070 2967 3376 3038 εἰρημένοις
3401 2967 3542 3020 κατά
3573 2966 3633 3018 τὸ
3675 2964 3838 3019 δυνα-

589 3054 858 3108 haeretica:
883 3053 1166 3125 pravitatis
1199 3053 1562 3117 eversionem,
1592 3069 1778 3108 verum
1814 3054 1975 3108 etiam
2003 3056 2161 3112 insti-

2267 3057 2357 3110 τὸν
2381 3055 2810 3126 συνεπλάκημεν.
2843 3057 2994 3127 Ἔχει
3019 3057 3074 3110 δὲ
3094 3060 3121 3110 ό
3149 3059 3301 3126 λόγος
3320 3059 3378 3110 οὐ
3435 3057 3591 3128 μόνον
3619 3057 3845 3126 ἀνατρο-

589 3145 855 3198 tutionem
901 3154 954 3198 et
1003 3144 1415 3214 explicationem
1461 3151 1774 3198 nostrorum
1821 3141 2158 3213 dogmatum.

2269 3147 2376 3218 πὴν
2404 3146 2512 3198 τῶν
2537 3146 2826 3218 αἱρετικῶν
2855 3147 3189 3217 ὑπολήψεων,
3221 3149 3354 3202 ἀλλὰ
3379 3150 3470 3202 καὶ
3495 3148 3842 3202 διδασκαλίαν

590 3233 774 3306 Turpe
820 3235 964 3290 enim
996 3243 1049 3290 et
1087 3250 1356 3306 generoso
1395 3235 1576 3289 animo
1609 3250 1836 3304 prorsus
1880 3236 2160 3307 indignum

2269 3238 2366 3290 καὶ
2400 3236 2612 3290 ἔκθεσιν
2639 3235 2748 3289 τῶν
2783 3237 3063 3309 ἡμετέρων
3089 3238 3390 3308 δογμάτων.
3441 3239 3674 3310 Αίσχρδν
3725 3237 3840 3306 γὰρ

593 3325 844 3379 arbitrati
902 3340 1111 3392 sumus,
1159 3342 1284 3380 cum
1337 3329 1522 3381 hostes
1572 3340 1729 3380 suam
1771 3327 2160 3383 absurditatem

2270 3325 2410 3383 εἶναι
2463 3329 2556 3381 καὶ
2622 3328 2965 3383 παντάπασιν
3028 3331 3248 3399 ἀγεννὲς
3303 3332 3638 3402 ὑπελάϐομεν
3662 3372 3678 3397 ,
3731 3331 3846 3384 τῶν

596 3435 706 3472 non
751 3419 1050 3485 occultent,
1093 3435 1193 3476 nos
1245 3418 1528 3475 veritatem
1569 3418 1844 3475 liberrime
1881 3435 1990 3475 non
2038 3435 2165 3491 pro-

2269 3420 2479 3492 ἐχθρῶν
2498 3422 2596 3474 οὒκ
2621 3421 3104 3492 ὲπικρυπτομένων
3137 3423 3236 3495 τὴν
3279 3423 3528 3490 ἀτοπίαν,
3573 3424 3717 3494 ἡμᾶς
3767 3423 3851 3492 μὴ

599 3509 754 3563 literi.

2270 3511 2813 3582 ἐμπαρρησιάζεσθαι
2839 3515 2904 3584 τῇ
2935 3513 3175 3585 ἀληθείᾳ.
