4008 6210
1677 306 2041 367 EPISTULA.

3374 314 3484 371 242

1126 600 1354 687 ΤΟΥ
1424 599 1872 689 ΠΕΤΡΟΥ
1944 600 2595 689 ΣΕΒΑΣΤΕΙΑΣ.

1340 793 2366 913 ΕΠΙΣΤΟΛΗ

761 1013 957 1072 ΠΡΟΣ
1011 1017 1148 1072 ἸῸΝ
1188 1016 1416 1071 APION
1453 1016 1864 1069 ῙῬΗΓΟΡῙΟΝ
1884 1016 1983 1069 ΝΥ
1982 1015 2175 1070 ΣΣΗΣ
2206 1014 2336 1068 ΤΟΥ
2363 1014 2581 1068 ΑΥΊὉΥ
2610 1013 2961 1073 ΑΔΕΛΦΟΝ.

1816 1202 1887 1215 ’-

1094 1336 1205 1425 s.
1299 1338 1728 1427 PETRI
1823 1276 2624 1430 SEBASTENI

1424 1554 2295 1671 EPISTOLA

997 1774 1094 1829 ιιι)
1122 1773 1181 1833 8.
1215 1773 1646 1833 caueamus:
1678 1735 2091 1835 ivrssmuu
2120 1778 2258 1835 FRA
2272 1777 2469 1835 mea
2498 1777 2727 1835 suun.

1606 1916 1789 1968 Eodem
1823 1918 2119 1979 interprete.

1839 2086 1909 2101 ό

156 2252 165 2263 ·
248 2240 325 2307 τῷ
370 2236 839 2313 θεοσεϐεστάτῳν
862 2236 1103 2313 ἀδελφῷ
1150 2212 1474 2313 Γρηγορίῴ,
1507 2243 1725 2310 Πέτρος
1755 2241 1855 2293 ἐν.

1938 2240 2343 2310 Religiosissimo
2375 2242 2535 2310 {ram
2582 2240 2855 2313 Gregorio.
2904 2241 3118 2307 Petrus,
3166 2241 3220 2295 in
3266 2239 3498 2297 Domino

712 2350 721 2358 .
794 2312 989 2379 Κυρίῳ
1022 2313 1271 2382 χαίρειν.

316 2401 592 2472 ἐν-τυχὼν
634 2404 749 2466 τοῖς
796 2402 1087 2473 γράμμασι
1118 2405 1218 2474 τῆς
1255 2405 1532 2476 ὁσιότητός
1571 2421 1686 2468 σου,
1725 2403 1819 2458 καὶ

170 2538 175 2543 .
244 2492 584 2560 κατανοήσας
617 2491 677 2543 ὲν
701 2490 780 2560 τῷ
803 2491 944 2545 κατά
960 2493 1060 2562 τῆς
1081 2492 1343 2564 αἱρέσεως
1376 2492 1520 2564 λόγῳ
1547 2493 1637 2546 τὸν
1680 2492 1820 2563 ὑπὲρ

242 2580 330 2653 τῆς
352 2580 644 2653 ἀληθείας,
685 2581 781 2635 καὶ
827 2581 920 2637 τὸν
952 2582 1091 2654 ὑπὲρ
1123 2581 1214 2636 τοῦ
1238 2582 1392 2651 ἁγίου
1426 2583 1635 2653 [ἰατρὸς
1663 2582 1820 2652 ἡμῶν

241 2671 397 2742 ζῆλον
420 2690 440 2704 ο
477 2673 544 2727 οὐ
574 2673 676 2743 τῆς
712 2672 812 2743 σῆς
853 2672 1136 2744 δυνάμεως
1174 2672 1334 2746 ἔργον
1378 2670 1516 2727 εἶναι
1552 2674 1644 2728 τὸν
1666 2673 1821 2740 λόγον

241 2765 445 2836 ᾠήθην,
466 2764 606 2820 ἀλλά
623 2764 719 2817 τοῦ
749 2765 852 2835 τὴν
871 2763 1128 2835 ἀλήθειαν
1147 2766 1204 2817 ὲν
1225 2767 1337 2828 τοῖς
1368 2764 1561 2818 ἑαυτοῦ
1588 2764 1822 2834 δόγμασι

241 2854 519 2909 λαλεῖσθαι
558 2853 1032 2923 οἰκονομήσαντος.
1078 2853 1289 2924 ’Ὠσπερ
1337 2852 1395 2907 δὲ
1440 2852 1538 2923 τὴν
1566 2852 1706 2922 ὑπὲρ
1726 2852 1824 2921 τῆς

242 2946 499 3014 ἀληθείας
531 2944 861 3015 συνηγορίαν
880 2942 1030 3014 αὑτῷ
1048 2942 1126 3015 τῷ
1142 2942 1408 3014 πνεύματι
1437 2943 1534 3013 τῆς
1567 2941 1824 3013 ἀληθείας

238 3039 518 3092 ἀναθεῖναι
546 3036 731 3100 καλῶς
760 3034 903 3106 ἔχειν
929 3035 1105 3107 φημὶ,
1145 3035 1288 3089 οὕτω
1316 3052 1403 3105 μοι
1430 3035 1577 3089 δοκεῖ
1603 3034 1711 3088 δεῖν
1731 3035 1825 3087 καὶ

239 3132 334 3202 τὴν
369 3129 522 3185 κατά
556 3130 657 3201 τῆς
703 3127 1052 3201 ὑγιαινούσης
1092 3127 1327 3192 πίστεως
1366 3127 1607 3197 σπουδὴν.
1627 3127 1727 3180 οὐκ
1747 3128 1828 3189 είς

240 3223 532 3293 Εὐνόμιον,
574 3220 695 3275 ἀλλ’
733 3221 812 3284 είς
848 3220 1009 3274 αὑτὸν
1039 3219 1329 3291 ἀναφέρειν
1365 3219 1454 3273 τὸν
1480 3218 1693 3289 πατέρα
1731 3217 1849 3270 τοῦ.

239 3316 492 3381 ψεύδους.
522 3313 634 3367 Καὶ
655 3312 829 3366 ἔοικεν
878 3313 915 3367 δ
962 3312 1063 3368 ἀπ’
1096 3311 1292 3380 ἀρχῆς
1317 3311 1825 3380 ἀνθρωποκτόνος,

239 3408 269 3459 ὁ
309 3408 371 3461 ἑν
417 3405 613 3476 ἐκείνῳ
670 3402 1061 3475 φθεγξάμενος,
1111 3403 1232 3467 καθ’
1280 3402 1473 3456 ἑαυτοῦ
1528 3401 1827 3465 σπουδαίως

240 3498 573 3568 ἡκονηκὲναι
612 3495 676 3550 τὺ
728 3496 902 3567 ξίφος.
952 3495 1026 3559 Et,
1064 3493 1172 3567 γὰρ
1220 3493 1296 3565 μὴ
1345 3493 1552 3557 ἐκεῖνος
1578 3491 1829 3546 τοσοῦτον

2585 2316 2811 2367 salutem
2823 2352 2837 2365 .

1994 2399 2131 2456 Cum
2167 2399 2423 2470 legissem
2477 2400 2691 2457 litteras
2720 2400 3031 2457 sanctitatis
3085 2408 3213 2466 tuae,
3259 2407 3313 2457 et
3344 2402 3503 2458 intel-

1927 2492 2184 2550 lexissem
2227 2502 2379 2547 tuum
2412 2507 2510 2563 pro
2560 2491 2665 2548 fide
2715 2493 2980 2548 adversus
3018 2493 3274 2560 hzeresin,
3325 2500 3379 2549 et
3395 2508 3503 2563 pro

1927 2593 2118 2639 sancto
2141 2582 2299 2639 Patre
2332 2591 2521 2638 nostro
2549 2583 2841 2647 fervorem,
2873 2599 2983 2639 non
3029 2593 3250 2641 tuarum
3278 2585 3499 2648 virium.

1928 2675 2022 2731 sed
2062 2675 2205 2743 ejus.
2241 2675 2335 2745 qui
2367 2675 2651 2731 veritatem
2686 2676 2802 2731 suis
2825 2676 2878 2730 in
2907 2676 3176 2748 dogmatis
3212 2679 3358 2749 loqui
3388 2679 3504 2734 dis-

1928 2766 2133 2837 posuit,
2166 2765 2216 2819 ἰιΙ
2248 2780 2388 2836 opus
2416 2780 2541 2821 esse
2576 2764 2914 2821 existimavi.
2948 2765 3122 2824 Sicuti
3152 2778 3331 2824 autem
3361 2770 3503 2826 veri-

1930 2859 2057 2914 tatis
2111 2857 2473 2928 patrocinium
2536 2857 2603 2911 ad
2684 2858 2862 2928 ipsum
2920 2858 3175 2928 spiritum
3260 2859 3503 2915 veritatis

1929 2950 2137 3006 referre
2167 2949 2434 3006 addecet:
2466 2950 2574 3017 ita,
2614 2964 2699 3003 me
2726 2948 2932 3019 judice,
2964 2950 3245 3020 diligentia
3277 2951 3333 3005 in
3353 2958 3502 3005 recta

1933 3041 2037 3097 fide
2070 3042 2455 3114 oppugnanda,
2498 3056 2609 3097 non
2656 3039 2947 3108 Eunomio,
2981 3041 3077 3097 sed
3139 3042 3240 3112 ipsi
3285 3040 3508 3097 menda-

1932 3135 2140 3190 ciorum
2176 3138 2389 3204 parenti
2412 3144 2469 3191 et
2499 3136 2796 3191 architecto
2836 3133 3080 3189 adscribi
3106 3133 3293 3190 debet.
3324 3135 3402 3189 Ac
3428 3135 3508 3186 vi.

1933 3226 2093 3283 detur
2130 3227 2222 3281 ille
2274 3225 2340 3279 ab
2382 3226 2537 3281 initio
2582 3226 2849 3280 homicida
2878 3227 2918 3289 ‘,
2983 3228 3077 3296 qui
3136 3227 3191 3280 in
3242 3225 3507 3281 Eunomia

1934 3317 2151 3371 locutus
2182 3322 2285 3378 est,
2319 3322 2513 3371 contra
2543 3317 2783 3387 seipsum
2826 3324 3083 3371 accurate
3119 3316 3356 3387 gladium
3381 3331 3504 3372 exa-

1934 3410 2114 3463 cuisse
2142 3407 2269 3461 :nisi
2299 3407 2444 3461 enim
2471 3406 2768 3462 illetantos
2803 3407 3033 3478 spiritus
3069 3407 3333 3462 adversus
3368 3407 3510 3463 teri-

1935 3505 2097 3552 talem
2128 3497 2473 3568 sumpsisset,
2513 3499 2697 3553 nullus
2733 3506 2788 3553 te
2836 3499 2903 3553 ad
2933 3499 3146 3569 piorum
3193 3498 3506 3568 dogmatum

243 3591 385 3644 κατά
404 3590 504 3661 τῆς
531 3588 792 3659 ἀληθείας
842 3584 1281 3658 ἀπεθρασύνετο,
1313 3585 1488 3648 οὐδεὶς
1520 3585 1584 3638 ἄν
1615 3600 1673 3637 σε
1696 3583 1832 3655 πρὸς

1938 3586 2420 3658 propugnationem
2465 3589 2849 3658 permovisset.
2886 3588 2991 3653 Qui
3044 3590 3209 3659 igitur
3248 3589 3507 3658 sapientes

248 3679 583 3750 συνηγορίαν
631 3677 743 3731 τῶν
784 3678 885 3749 τῆς
926 3675 1223 3751 εὐσεϐείας.
1253 3674 1541 3746 δογμάτων
1563 3674 1829 3745 ὲκίνησεν.

255 3769 312 3823 ⁸ο
334 3766 457 3826 οὖν
476 3770 886 3840 δρασσόμενος
908 3768 1050 3835 τοὺς
1071 3767 1302 3837 σοφοὺς
1320 3767 1390 3820 ἐν
1407 3764 1483 3835 τῇ
1503 3766 1830 3835 πανουργίᾳ

248 3860 477 3923 Αὐτῶν,
520 3862 715 3915 ἔδωκεν
752 3861 957 3924 αὐτοῖς,
986 3860 1061 3923 ὡς
1092 3859 1158 3913 ἀν
1191 3859 1424 3930 μάλιστα
1464 3859 1526 3911 τὸ
1549 3858 1748 3929 σαθρόν
1775 3875 1832 3912 τε

245 3953 348 4004 καὶ
377 3951 674 4005 ἀσύστατον
704 3949 815 4005 τῶν
836 3950 1123 4019 δογμάτων
1148 3950 1327 4004 αὐτῶν
1356 3949 1708 4020 διελεγχθείη,
1741 3950 1834 4003 καὶ

244 4041 561 4113 φράξασθαι
584 4040 729 4096 κατὰ
744 4040 845 4111 τῆς
862 4038 1141 4110 ἀληθείας,
1175 4041 1268 4093 καὶ
1288 4040 1357 4096 τά
1386 4039 1517 4094 κενὰ
1541 4038 1835 4111 μελετῆσαι

246 4134 343 4188 διὰ
362 4135 466 4207 τῆς
493 4135 653 4206 κενῆς
672 4134 877 4206 ταύτης
894 4133 1283 4206 λογογραφίας.

330 4222 551 4294 Ἐτπιδὴ
572 4223 754 4276 τοίνυν
780 4223 811 4275 6
839 4220 1204 4293 ἐναρξάμενος
1232 4221 1393 4291 ἔργον
1425 4218 1626 4288 ἀγαθὸν
1650 4220 1833 4272 ἐπιτε-

245 4312 424 4377 λέσει,
482 4314 575 4367 καὶ
617 4312 695 4384 μὴ
725 4311 1016 4384 ἀποκάμῃς
1048 4311 1335 4382 ὑπηρετῶν
1376 4311 1443 4381 τῇ
1474 4309 1699 4380 δυνάμει
1738 4306 1832 4360 τοῦ

243 4404 584 4475 πνεύματος,
618 4404 754 4475 μηδὲ
776 4403 1004 4475 ἡμιτελῆ
1038 4403 1272 4475 ποιήσῃς
1294 4402 1394 4472 τὴν
1419 4385 1698 4473 ἀριστείαν
1726 4400 1834 4453 τῶν

244 4497 403 4549 κατά
444 4497 537 4566 τῆς
576 4494 738 4565 δόξης
772 4492 869 4547 τοῦ
900 4491 1138 4564 Χριστοῦ
1184 4491 1647 4561 στρατευομένων,
1699 4490 1834 4544 ἀλλά

246 4587 497 4659 μίμησαι
512 4587 604 4641 τὸν
630 4586 851 4657 γνήσιόν
884 4602 978 4638 σου
1019 4583 1252 4654 πατέρα,
1278 4583 1338 4648 ὃς
1367 4582 1508 4638 κατά
1541 4584 1631 4637 τὸν
1658 4580 1833 4653 ζηλω-

242 4678 350 4747 τὴν
394 4678 580 4743 Φινεὲς
625 4680 695 4749 τῇ
729 4678 831 4748 μιᾷ
854 4676 1035 4747 πληγῇ
1074 4674 1169 4730 τοῦ
1202 4674 1423 4745 ἐλέγχου
1456 4674 1547 4728 τὸν
1589 4673 1835 4745 μαθητὴν

242 4767 327 4839 τῷ
360 4769 666 4840 διδασκάλῳ
696 4768 1164 4838 πναπεκέντησεν
1182 4784 1195 4797 ·
1231 4766 1371 4821 οὕτω
1397 4767 1490 4820 καὶ
1515 4768 1578 4819 σὺ
1607 4766 1835 4828 εὐτόνως

242 4859 317 4927 τῇ
352 4857 503 4928 χειρὶ
528 4857 620 4912 τοῦ
647 4856 806 4926 λόγου
843 4855 910 4909 δι’
943 4855 1269 4926 ἀμφοτέρων
1297 4855 1404 4909 τῶν
1424 4853 1715 4927 αἱρετικῶν
1748 4854 1833 4925 βι-

1934 3679 1988 3730 in
2015 3693 2113 3732 sua
2142 3678 2344 3730 astutia
2376 3672 2715 3746 deprehendit
2740 3680 2785 3741 ³,
2834 3678 2987 3733 dedit
3039 3679 3150 3733 illis
3196 3680 3345 3751 (licet
3395 3694 3510 3733 ma-

1934 3768 2076 3823 xime
2125 3766 2433 3832 infirmitas,
2490 3777 2545 3822 et
2589 3768 2959 3823 inconstantia
2997 3768 3338 3839 dogmatum,
3390 3782 3511 3836 qua:

1934 3859 2631 3929 tuentur,redargueretur)
2661 3869 2715 3915 et
2749 3867 2943 3916 contra
2978 3860 3266 3914 veritatem
3286 3860 3508 3925 armari,

1932 3958 1988 4005 et
2033 3966 2131 4019 per
2182 3951 2401 4006 inanem
2450 3952 2615 4008 istam
2700 3954 3098 4021 verbosamque
3154 3950 3508 4020 scriptionem

1935 4042 2119 4098 inania
2142 4042 2415 4099 meditari.

2002 4220 2293 4283 Caeterum,
2324 4235 2447 4273 cum
2484 4234 2581 4288 par
2634 4219 2726 4287 sit,
2765 4226 2824 4273 ut
2859 4234 2951 4289 qui
2987 4220 3187 4273 bonum
3220 4233 3360 4289 opus
3396 4232 3509 4273 c03-

1936 4313 2034 4382 pit,
2067 4311 2119 4366 id
2143 4309 2408 4381 perficiat,
2436 4317 2670 4379 oportet,
2714 4318 2773 4364 ut
2797 4310 2984 4365 virtuti
3013 4310 3237 4381 spiritus
3258 4309 3512 4373 alacriter

1937 4403 2270 4470 subservias;
2310 4415 2489 4472 neque
2547 4401 2864 4472 imperfecte
2895 4410 2950 4459 et
2983 4402 3268 4458 dimidiata
3296 4408 3508 4458 tantum

1934 4508 2156 4556 eorum,
2189 4492 2284 4563 qui
2324 4501 2513 4546 contra
2556 4491 2761 4548 Christi
2813 4493 3045 4563 gloriam
3094 4492 3354 4555 militant,
3390 4491 3510 4560 jac-

1937 4582 2162 4637 tantiam
2208 4588 2262 4636 et
2316 4580 2667 4637 insolentiam
2706 4581 3002 4637 refutatam
3059 4581 3371 4651 relinquas;
3416 4580 3510 4635 sed

1938 4673 2152 4729 imitare
2183 4672 2481 4744 genuinum
2508 4680 2661 4727 tuum
2702 4680 2935 4743 patrem,
2971 4673 3064 4742 qui
3098 4686 3249 4726 more
3288 4672 3513 4725 aemula~

1937 4765 2073 4820 toris
2102 4762 2359 4826 Phinees.
2400 4777 2508 4817 una
2539 4763 2945 4832 redargutionis
2974 4764 3129 4833 plaga
3176 4760 3508 4831 discipulum

1936 4855 2099 4913 simul
2152 4871 2278 4911 cum
2329 4856 2593 4926 magistro
2628 4853 2923 4909 transfodit
2973 4855 3032 4919 ³;
3073 4855 3147 4908 ita
3181 4862 3236 4906 ct
3280 4861 3338 4905 tu
3394 4850 3508 4903 for-

246 4925 429 5002 ωζίυᾶν
614 4925 831 5020 τὴντοῦ
861 4925 1169 5017 πνεόματος
1194 4925 1496 5018 μάχαιραν,
1519 4946 1607 5000 ἵνα
1629 4946 1702 5015 μὴ
1730 4947 1829 5015 τὴν

1938 4950 2085 5013 titer,
2125 4948 2283 5018 quasi
2311 4925 2576 5003 orationis
2621 4962 2805 5011 manu,
2836 4961 2932 5015 per
2976 4954 3269 5014 utrumque
3299 4942 3511 4997 nancti.

244 5039 501 5108 κεφαλὴν
523 5039 979 5110 συντεθλασμένος
1002 5040 1030 5092 ὁ
1052 5038 1175 5108 ὄφις
1203 5038 1342 5092 κατά
1365 5038 1463 5109 τὴν
1486 5037 1659 5108 ,οὐράν
1677 5054 1832 5101 περι-

248 5128 511 5198 σπαξρων
536 5131 661 5195 τοὺς
688 5130 1109 5200 ἀκεραιοτέρους
1132 5128 1290 5201 φοϐῇ.
1318 5128 1438 5182 Τῶν
1470 5129 1579 5199 γὰρ
1603 5128 1835 5199 πρώτων

244 5215 349 5269 τοῦ
372 5216 536 5285 λόγον
577 5219 987 5291 ἀναιρεθέντων,
1026 5221 1121 5273 ὲάν
1150 5218 1209 5273 τὸ
1251 5219 1552 5273 τελευταῖον
1578 5219 1830 5287 ἀνεξέτα-

248 5326 389 5364 στον
412 5311 603 5384 ἀφεθῇ,
630 5313 782 5385 ἰσχύν
808 5330 929 5367 τινα
952 5312 1092 5366 κατά
1112 5312 1212 5382 τῆς
1234 5311 1487 5382 ἀληθείας
1511 5310 1656 5380 ἔχειν
1681 5312 1832 5382 παρά

244 5403 368 5465 ui;
397 5402 605 5468 πολλοῖς
623 5404 1027 5478 νομισθήσεται.

334 5575 407 5632 '0
440 5576 495 5629 δὲ
515 5580 899 5653 ὲμφαινόμενος
930 5580 1006 5651 τῷ
1032 5580 1172 5651 λόγῳ
1206 5583 1371 5653 θυμὸς
1400 5583 1497 5653 τὴν
1526 5584 1618 5639 τοῦ
1642 5585 1836 5647 alato;

1941 5057 2066 5096 cum
2099 5041 2319 5104 librum,
2352 5039 2588 5109 gladium
2624 5039 2850 5108 spiritus
2896 5037 3242 5108 transadige;
3296 5050 3362 5089 nc
3394 5050 3511 5089 ser-

1942 5148 2075 5205 pens
2106 5132 2282 5201 capite
2319 5130 2432 5201 jam
2469 5137 2724 5191 contuso.
2776 5129 2950 5185 cauda
2993 5128 3172 5182 adhuc
3218 5125 3508 5197 palpitans.

1939 5223 2306 5294 imperitiores
2331 5220 2660 5276 terrefaciat.
2691 5220 2823 5275 Nam
2841 5232 2966 5274 cum
2987 5218 3156 5288 prima
3175 5231 3300 5287 pars
3318 5216 3506 5284 dispu-

1937 5313 2160 5368 tationis
2196 5311 2546 5366 Eunomianm
2597 5308 2830 5365 refutata
2859 5309 2951 5372 sit,
2988 5308 3032 5363 si
3072 5308 3339 5376 posterior
3368 5307 3510 5359 inta-

1938 5411 2023 5457 cta
2057 5409 2365 5467 remaneat,
2401 5416 2507 5455 non
2531 5383 2784 5461 deerunt,
2816 5398 2908 5469 qui
2938 5397 2987 5451 ei
3015 5398 3277 5453 adversus
3311 5398 3503 5452 verita-

1941 5502 2048 5548 tem
2080 5491 2283 5557 aliquid
2310 5491 2507 5545 virium
2533 5490 2713 5544 inesse
2748 5489 3119 5558 suspicentur.

2012 5581 2184 5637 Porro
2235 5582 2361 5637 bilis
2393 5592 2447 5636 et
2475 5580 2777 5636 acrimonia
2800 5580 3036 5635 orationi
3079 5580 3348 5649 inspersa.
3388 5574 3510 5631 salis

328 5718 345 5744 ¹
396 5711 686 5784 Joan.vm.
711 5719 798 5773 Μ.
869 5721 888 5750 ¹
918 5717 1021 5772 Job
1058 5738 1109 5783 ν,
1149 5722 1239 5785 l3;
1266 5721 1285 5777 Ι
1316 5724 1441 5778 Cor.
1475 5739 1557 5786 Ill.
1588 5724 1672 5779 l9.
1745 5724 1763 5753 ³⁸
1803 5721 1855 5775 Νι

1938 5750 1962 5778 ι.
1998 5739 2133 5784 xxv,
2168 5722 2187 5775 l
2226 5737 2345 5791 sqq.
