4008 6210
372 323 482 381 iit)

1541 325 1823 382 CONTRA
1880 322 2270 392 EUNOMIUM,
2309 327 2435 383 LIB.
2479 329 2519 384 l.

3532 335 3638 394 250

449 441 631 496 Ταῦτα
667 443 729 496 δέ
775 459 865 512 μοι
910 443 1089 513 λέγειν
1116 443 1370 514 ἐπῆλθεν,
1401 443 1759 513 ἐνθυμηθέντι
1787 442 1876 495 τόν
1900 459 1953 494 τε

2136 441 2260 497 Ηαιο
2281 444 2407 499 mihi
2424 445 2598 501 dicere
2611 443 2664 498 in
2682 453 2911 500 mentem
2931 447 3074 502 venit
3089 447 3340 520 cogitanti
3363 451 3530 513 illum,
3545 454 3634 520 qui

379 533 539 585 πᾶσιν
569 531 803 600 ἀφειδῶς
835 532 1197 586 κοινωνοῦντα
1225 532 1333 586 τῶν
1357 532 1502 584 ίδίων
1526 531 1726 595 καλῶν,
1747 532 1840 584 τὸν
1868 531 1960 584 τοῦ

371 621 504 675 Θεοῦ
525 623 812 692 ἄνθρωπον
851 624 1015 692 λέγω,
1058 624 1120 677 τὸ
1157 623 1256 693 τῆς
1285 623 1564 686 εὐσεϐείας
1593 625 1766 693 στόμα
1801 623 1962 676 Βασί-

369 714 534 778 λειον,
565 715 660 768 τὸν
700 717 757 767 ἐν
786 718 854 786 τῇ
884 717 1176 787 περιουσίᾳ
1211 715 1320 769 τῶν
1348 714 1732 785 πνευματικῶν
1767 715 1961 785 θησαυ-

368 805 502 875 ρῶν,
559 806 658 859 καὶ
699 808 779 869 είς
831 808 1194 878 κακοτέχνους
1235 806 1412 878 ψυχάς
1455 806 1823 872 ἀνεξετάστως
1863 806 1960 876 τὴν

364 897 527 966 χάριν
545 897 650 966 τῆς
689 899 878 966 σοφίας
917 900 1200 968 ἐκχέοντα,
1247 900 1341 952 καὶ
1377 899 1468 952 τὸν
1499 898 1792 969 ἀγνώμονα
1823 898 1959 967 πρὸς

364 987 495 1049 τοὺς
525 987 732 1055 ἀγαθόν
757 1005 813 1040 τι
850 993 1026 1042 ποιεῖν
1051 989 1212 1043 αὐτὸν
1250 990 1650 1054 ἐσπουδακότας
1673 991 1955 1058 Εὐνόμιον.

367 1074 537 1142 οὗτος
568 1080 681 1150 γὰρ
716 1078 794 1150 τῷ
837 1080 1250 1150 ιζντιεερϐἀλλοντι⁴
1269 1083 1368 1152 τῆς
1391 1081 1532 1136 κατὰ
1573 1082 1745 1154 ψυχὴν
1776 1084 1958 1153 ἀρρω-

369 1169 541 1232 στίας,
603 1171 667 1241 ἢν
718 1173 846 1242 περὶ
878 1172 978 1243 τὴν
1023 1173 1206 1227 πίστιν
1235 1173 1554 1244 ἠσθένησεν,
1591 1174 1821 1236 ἐλεεινὸς
1858 1172 1956 1242 μὲν

367 1259 574 1312 ἅπασιν
624 1260 769 1326 ἔδοξε
819 1263 936 1326 τοῖς
988 1262 1086 1332 τῆς
1129 1263 1456 1333 Ἐκκλησίας
1522 1263 1829 1332 μετέχουσι.
1861 1263 1955 1325 Τίς

366 1350 477 1422 γὰρ
502 1351 673 1416 οὕτως
703 1353 1055 1424 ἀσυμπαθὴς,
1089 1355 1164 1419 ὼς
1189 1355 1263 1425 μὴ
1291 1355 1581 1425 οἰκτείρειν
1613 1354 1703 1408 τὸν
1724 1353 1956 1407 ἀπολλύο

367 1461 564 1514 μενον;
631 1445 866 1498 Ἐκεῖνον
924 1445 982 1498 δὲ
1013 1447 1172 1514 μόνον
1201 1447 1336 1518 πρὸς
1381 1447 1478 1516 τὴν
1507 1448 1820 1516 ἐγχείρησιν
1855 1446 1954 1514 τῆς

365 1535 665 1607 θεραπείας
689 1537 907 1606 ἐκίνησε
949 1537 1041 1590 τὸν
1084 1538 1241 1608 μόνον
1271 1540 1327 1591 ἐν
1362 1537 1440 1608 τῷ
1469 1537 1834 1607 περιττεύοντι
1855 1537 1953 1607 τῆς

366 1628 797 1697 φιλανθρωπίας,
842 1631 938 1682 καὶ
985 1631 1096 1693 τοῖς
1125 1630 1431 1700 ἀμηχάνοις
1471 1629 1777 1699 ἐπιτολμῶν
1815 1630 1952 1700 πρὸς

369 1719 536 1781 ἴασιν,
567 1719 627 1782 ὃς
648 1722 712 1789 τῇ
735 1719 981 1791 ἀπωλείᾳ
1004 1719 1098 1774 τοῦ
1114 1721 1306 1792 ἀνδρὸς
1326 1721 1720 1792 περιαλγήσας,
1745 1721 1830 1774 διὰ
1851 1720 1951 1792 τὴν

2069 534 2209 588 bona
2241 551 2338 590 sua
2383 551 2506 588 cum
2548 536 2803 592 omnibus
2839 537 3135 592 liberaliter
3177 543 3634 607 communicabat,

2062 623 2329 690 divinum,
2368 625 2614 695 inquam,
2652 625 2946 691 hominem,
2973 626 3167 682 etillud
3191 630 3408 699 pietatis
3443 648 3506 688 os
3533 633 3635 688 Ba-

2060 714 2275 769 silium:
2308 716 2401 785 qui
2431 731 2527 785 pro
2565 731 2650 780 ea,
2683 730 2789 784 qua
2827 716 3238 774 circumfluebat
3271 722 3635 791 spiritualium

2061 803 2442 859 thesaurorum
2470 803 2822 870 abundantia,
2848 806 2902 859 in
2936 807 3129 862 lividas
3153 825 3368 880 quoque
3401 813 3634 881 animas,

2060 896 2390 966 promiscue,
2413 899 2639 966 gratiam
2675 897 2956 967 sapientiae
2985 897 3318 967 effundebat,
3343 903 3638 973 ingratum-

2059 1000 2163 1053 que
2204 1000 2334 1054 erga
2385 985 2526 1040 bene
2575 985 2642 1039 de
2701 1001 2760 1040 se
2813 995 3084 1041 merentes
3135 986 3483 1045 Eunomium.
3537 992 3637 1050 llic

2056 1091 2292 1145 namque
2331 1076 2675 1132 vehementia
2710 1076 3063 1143 infirmitatis,
3095 1093 3202 1148 qua
3231 1080 3286 1132 in
3333 1081 3435 1136 [ide
3486 1084 3635 1141 labo-

2056 1169 2229 1232 rabat,
2280 1169 2535 1223 omnibus
2585 1168 2914 1224 miserabilis
2956 1170 3260 1226 videbatur.
3313 1171 3447 1238 Quis
3488 1175 3633 1230 enim

2055 1261 2190 1314 adeo
2223 1275 2439 1315 omnem
2466 1260 2717 1315 affectum
2739 1260 3000 1324 exuisset,
3031 1262 3121 1330 qui
3151 1279 3258 1318 non
3286 1264 3637 1322 misereretur

2053 1351 2370 1420 pereuntis?
2418 1350 2680 1406 Basilium
2725 1350 2910 1406 itidem
2967 1352 3082 1407 sola
3138 1353 3517 1410 misericordia
3567 1358 3634 1410 ad

2054 1441 2330 1497 ferendam
2379 1457 2536 1511 opem
2566 1443 3016 1512 curationemque
3065 1445 3480 1514 aggrediendam
3533 1449 3637 1502 im-

2053 1535 2211 1604 pulit,
2257 1535 2348 1605 qui
2394 1551 2459 1591 ex
2512 1535 2846 1590 abundantia
2909 1536 3286 1602 humanitatis,
3336 1540 3636 1608 quamlibet

2051 1628 2355 1698 desperatis
2379 1629 2616 1684 medicas
2641 1643 2834 1683 manus
2864 1628 3154 1685 admovere
3176 1630 3312 1684 nihil
3340 1630 3631 1697 dubitavit,

2050 1721 2252 1790 quique
2296 1721 2520 1776 interitu
2567 1720 2669 1774 viri
2714 1719 2927 1786 dolens,
2969 1719 3040 1775 ob
3088 1720 3307 1775 insitam
3354 1737 3386 1776 a
3436 1732 3631 1778 natura

368 1807 608 1874 φυσικὴν
662 1804 826 1858 αὑτοῦ
874 1807 1013 1878 πρὸς
1061 1807 1186 1871 τοὺς
1219 1808 1699 1880 ταλαιπωροῦντας
1738 1811 1953 1881 συμπά-

2055 1827 2181 1881 erga
2215 1810 2568 1868 calamitosos
2616 1811 2914 1866 miserandi
2954 1813 3394 1881 propensionem,
3428 1814 3632 1870 oratio-

369 1896 541 1957 θειαν,
572 1890 684 1949 οἶόν
711 1915 764 1949 τι
798 1899 1050 1968 πονηρῶν
1101 1897 1446 1970 δηλητηρίων
1489 1899 1951 1972 ἀλεξιφάρμακον,

293 2049 296 2051 λ
365 1987 461 2039 τον
488 1987 880 2057 ἀνατρεπτικδν
902 1988 1002 2058 τῆς
1018 1989 1279 2060 αἱρέσεως
1300 1989 1456 2058 λόγον
1481 1991 1723 2062 ἐποίησε,
1756 1991 1956 2045 σκοπὸν

367 2075 511 2144 ἔχων
547 2075 826 2130 ἀνασῶσαι
847 2077 1008 2133 πάλιν
1042 2077 1132 2133 διά
1152 2079 1357 2134 τούτων
1383 2080 1478 2134 καὶ
1506 2081 1957 2153 ἀποκαταστῆσαι

367 2171 431 2239 τῇ
505 2167 797 2240 Ἐκκλησία
839 2170 933 2223 τὸν
994 2170 1298 2242 ἄνθρωπον.

435 2256 511 2313 ⁸0
542 2259 601 2313 δὲ
638 2259 889 2332 καθάπερ
937 2262 1040 2314 ὑπὸ
1082 2263 1381 2334 φρενίτιδος
1424 2264 1811 2334 παραπληγεὶς
1856 2265 1955 2337 τὴν

366 2348 628 2413 διάνοιαν,
656 2352 948 2410 ἀντιτείνει
968 2352 1045 2422 τῷ
1067 2353 1442 2424 θεραπεύοντι,
1466 2356 1561 2410 καὶ
1593 2356 1837 2429 πολεμεῖ,
1861 2359 1956 2412 καὶ

372 2440 624 2511 μάχεται,
649 2443 742 2496 καὶ
759 2443 952 2514 ἐχθρὸν
976 2443 1185 2514 νομίζει
1225 2447 1316 2500 τὸν
1343 2447 1408 2500 ἐκ
1431 2447 1526 2500 τοῦ
1556 2447 1828 2520 βαράθρου
1856 2451 1956 2520 τῆς

367 2531 624 2596 ἀσεϐείας
647 2533 937 2589 ἀναλαϐεῖν
967 2535 1306 2608 βιαζόμενον.
1325 2539 1435 2592 Καὶ
1456 2539 1629 2593 ταῦτα
1650 2540 1750 2612 οὐχ
1768 2542 1956 2606 ἁπλῶς

366 2628 567 2680 οὑτωσὶ
596 2626 738 2680 κατά
757 2626 819 2680 τὸ
839 2628 1054 2697 συμϐὰν
1083 2630 1175 2683 ἐπὶ
1205 2629 1313 2684 τῶν
1337 2633 1750 2705 προστυχόντων
1770 2652 1954 2707 παρα-

368 2717 549 2787 “Ps?
569 2715 687 2769 ἀλλ.
712 2716 986 2787 ἔγγραφον
1024 2719 1227 2791 στήλην
1249 2720 1348 2790 τῆς
1369 2721 1722 2792 μελαγχολίας
1751 2727 1956 2796 ταύτης

367 2808 488 2862 καθ’
500 2808 698 2864 ἑαυτοῦ
715 2810 910 2880 ἀνεστή
918 2826 1069 2863 σατοο
1083 2813 1177 2864 καὶ
1193 2814 1251 2865 ἐν
1266 2813 1462 2884 μακρῷ
1478 2815 1555 2885 τῷ
1572 2816 1745 2888 χρόνῳ
1761 2817 1956 2888 σχολῆς

2055 1917 2179 1957 nem
2212 1902 2485 1958 haereseos
2516 1900 2912 1966 refutatricem,
2934 1916 3035 1956 ceu
3058 1902 3444 1958 veneﬁciorum
3482 1907 3628 1960 anti-

2054 1993 2261 2058 dotum,
2299 2007 2650 2063 praesensque
2679 1990 2976 2046 remedium
3016 1991 3340 2056 elaboravit,
3381 2009 3493 2049 non
3523 1997 3631 2050 alio

2055 2084 2370 2152 ﬁne,quam
2428 2091 2487 2136 ut
2533 2082 2808 2137 hominem
2858 2089 3078 2137 sanaret
3131 2092 3488 2154 sanatumque
3528 2084 3631 2141 Ec-

2054 2175 2237 2230 clesia!
2266 2175 2602 2228 restitueret.

2126 2268 2228 2322 Ast
2270 2267 2361 2322 ille
2387 2265 2658 2329 similiter,
2688 2279 2751 2319 ac
2783 2265 2829 2318 si
2862 2265 3114 2336 phrenesi
3150 2274 3434 2336 correptus
3463 2277 3628 2333 esset,

2056 2356 2110 2412 in
2133 2357 2402 2413 medicum
2427 2357 2681 2428 insurgit,
2709 2357 2870 2425 eique
2892 2358 3223 2422 obluctatur,
3252 2366 3306 2412 et
3336 2368 3622 2430 repugnat,

2055 2448 2303 2504 ethostis
2326 2449 2448 2503 loco
2470 2449 2651 2512 habet,
2669 2447 2759 2517 qui
2780 2447 2930 2501 illum
2952 2464 3017 2502 ex
3046 2448 3340 2518 impietatis
3372 2451 3630 2506 barathro

2054 2537 2266 2608 eripere
2286 2537 2608 2601 conabatur,
2633 2547 2686 2592 et
2711 2537 2764 2590 in
2796 2536 2878 2591 his
2909 2553 3016 2592 non
3047 2539 3558 2609 quomodocunque,
3578 2551 3631 2596 et

2055 2637 2118 2685 ut
2142 2644 2264 2686 sors
2285 2643 2556 2699 casusque
2582 2627 2784 2692 ferunt,
2811 2628 3003 2683 delirat
3029 2644 3094 2684 ac
3119 2630 3336 2699 desipit,
3371 2633 3467 2686 sed
3486 2633 3630 2687 litte-

2054 2737 2240 2777 rarum
2283 2723 2654 2776 monumentis
2695 2721 3070 2790 consignatam
3115 2723 3270 2790 quasi
3316 2723 3626 2776 columnam

2057 2814 2285 2870 insania:
2324 2828 2437 2868 suae
2463 2813 2673 2886 erexit,
2715 2820 2770 2866 et
2804 2814 2973 2865 multo
3002 2819 3243 2882 tempore
3277 2813 3373 2866 otii
3407 2821 3618 2866 tantum

364 2897 638 2969 ἐπιτυχὼν
673 2899 878 2970 ὁπόσης
898 2899 1171 2966 ἐϐούλετο,
1193 2903 1332 2974 ὑπὲρ
1357 2905 1427 2958 τὰ
1447 2907 1658 2975 μεγάλα
1676 2908 1772 2962 καὶ
1791 2909 1953 2962 πολύ-

2057 2914 2318 2976 quantum
2334 2905 2608 2976 cupiebat,
2626 2911 2840 2967 nactus,
2854 2904 3109 2974 parturiit
3125 2912 3238 2959 toto
3258 2905 3348 2958 illo
3365 2906 3630 2974 temporis

367 3005 549 3058 σαρκα
574 2989 681 3042 τῶν
715 2987 920 3059 θηρίων
947 2990 1100 3043 ὣδινε
1133 2992 1288 3062 λόγον
1318 2994 1376 3046 ἐν
1401 2996 1563 3049 παντὶ
1583 2996 1660 3067 τῷ
1675 2997 1763 3052 διὰ
1788 2999 1953 3069 μέσου

2058 2998 2340 3053 intervallo
2361 2997 2581 3061 librum,
2614 2996 2820 3051 diutius
2848 2995 3098 3051 videlicet
3119 3011 3280 3065 quam
3315 2996 3630 3064 elephantes

365 3081 563 3150 χρόνῳ·
600 3083 694 3134 καὶ
717 3081 886 3150 βαρὺς
909 3078 978 3150 ἦν
1003 3086 1123 3146 ταῖς
1146 3085 1417 3150 ἀπειλαῖς,
1441 3088 1500 3140 ἐν
1520 3088 1849 3161 ἀπορρήτοις
1871 3091 1951 3146 ἔτι

2057 3088 2284 3142 immani
2318 3087 2567 3157 corporis
2597 3087 2738 3141 mole
2765 3086 3008 3140 animant
3052 3101 3182 3142 suos
3213 3085 3390 3152 fetus;
3423 3087 3628 3143 interea

361 3172 715 3228 διαπλάσσων
737 3175 799 3229 τδ
829 3175 1014 3247 κύημα
1043 3193 1056 3207 ο
1083 3177 1180 3246 δ’ψέ
1199 3177 1256 3230 δέ
1281 3195 1411 3232 ποτε
1432 3180 1527 3234 καὶ
1547 3180 1707 3252 μόγις
1727 3184 1808 3248 είς
1835 3184 1950 3256 φῶς

364 3266 685 3338 προήγαγεν
705 3266 1100 3339 ἁμϐλωθρίδιόν
1133 3285 1188 3321 τι
1246 3269 1342 3322 καὶ
1364 3270 1794 3346 ἀτελεσφόρητον
1823 3277 1950 3344 γέν-

362 3376 536 3429 νημα,
580 3358 611 3412 ὃ
653 3359 853 3422 πάντες
893 3359 991 3428 μὲν
1040 3362 1089 3413 οἱ
1119 3363 1219 3432 τῆς
1260 3361 1430 3433 αὐτῆς
1474 3368 1951 3437 συμμετασχόντες

361 3449 632 3522 διαφορᾶς
679 3449 1023 3520 τιθηνοῦνται
1089 3450 1183 3505 καὶ
1225 3451 1557 3508 θάλπουσιν⁹
1592 3457 1752 3527 ἡμεῖς
1778 3457 1833 3511 δὲ
1863 3459 1949 3512 διὰ

362 3541 456 3593 τὸν
479 3542 544 3593 ἐκ
569 3539 668 3610 τῆς
687 3539 1027 3611 προφητείας
1057 3541 1438 3612 μακαρισμὸν·
1470 3542 1771 3614 Μακάριος
1807 3546 1945 3620 γὰρ,

363 3632 554 3702 φησιν,
575 3631 644 3697 ὃς
670 3630 976 3700 κρατήσει,
1002 3631 1101 3684 καὶ
1117 3631 1352 3701 ἐδαφιεῖ
1371 3633 1444 3688 τὰ
1468 3634 1655 3701 νήπιά
1673 3651 1790 3692 σου
1801 3641 1950 3707 πρὸς

361 3722 483 3791 τὴν
509 3722 736 3791 πέτραν
755 3739 772 3754 ·
804 3721 992 3792 ἐπειδὴ
1022 3722 1116 3777 καὶ
1145 3725 1226 3788 εἰς
1265 3725 1546 3796 ἡμετέρας
1576 3725 1803 3794 ἀφίκετο
1838 3731 1949 3800 χεῖ-

367 3831 494 3886 ρας,
515 3814 786 3886 κρατῆσαι
831 3813 894 3867 τδ
929 3814 1124 3884 νήπιον
1156 3814 1316 3868 τοῦτο
1359 3816 1538 3884 λόγιον
1571 3818 1663 3871 καὶ
1697 3818 1946 3888 ἐδαφίσαι

2054 3178 2231 3233 minas
2254 3177 2558 3248 jactitabat,
2575 3177 2938 3247 privatimque
2958 3175 3126 3254 fetum
3155 3193 3312 3231 suum
3343 3177 3544 3248 lingere
3573 3186 3629 3232 et

2051 3267 2292 3323 lambere
2306 3282 2417 3322 non
2436 3267 2737 3322 desistebat
2759 3283 2774 3321 τ
2795 3276 3050 3322 caeterum
3069 3282 3216 3328 sero,
3233 3274 3286 3320 et
3306 3267 3390 3320 vix
3411 3266 3626 3322 tandem

2051 3359 2342 3430 aliquando
2366 3359 2420 3412 in
2443 3359 2619 3413 lucem
2657 3359 2885 3428 protulit
2913 3357 3222 3412 abortivum
3250 3358 3540 3429 quemdam
3569 3369 3624 3414 et

2049 3452 2210 3520 plane
2226 3451 2599 3521 imperfectum
2619 3458 2857 3520 partum,
2871 3466 3032 3520 quem
3051 3465 3263 3514 omnes,
3279 3450 3371 3520 qui
3390 3465 3512 3505 cum
3529 3449 3631 3504 Eu-

2050 3541 2236 3595 nomio
2269 3541 2536 3605 sentiunt,
2565 3546 2821 3603 tractant,
2852 3541 3125 3593 nutricum
3155 3540 3350 3602 instar,
3369 3540 3622 3594 nutriunt

2051 3638 2104 3685 et
2139 3629 2352 3685 fovent:
2388 3645 2490 3685 nos
2525 3644 2655 3684 vero
2695 3639 2916 3700 propter
2943 3629 3090 3683 illam
3121 3629 3402 3700 Propheta:
3432 3645 3625 3684 vocem

2049 3720 2315 3776 dicentis:
2340 3720 2535 3775 Beatus
2555 3721 2645 3790 qui
2669 3720 2856 3774 tenebit
2875 3729 2924 3773 et
2947 3720 3131 3774 allidet
3154 3721 3403 3791 parvulos
3424 3730 3538 3775 tuos
3561 3723 3629 3773 ad

2047 3813 2323 3882 petram’,‘
2350 3827 2472 3867 cum
2503 3813 2558 3867 in
2605 3819 2822 3869 nostras
2872 3827 3089 3883 quoque
3127 3825 3322 3866 manus
3367 3813 3626 3875 venisset,

2049 3903 2510 3976 comprehendere
2569 3903 2915 3973 insipientem
2957 3903 3108 3958 illum
3161 3901 3427 3966 libellum,
3467 3909 3521 3957 et
3561 3903 3626 3954 ad

2045 4007 2253 4069 petram
2283 3997 2507 4052 allidere
2527 3997 2676 4051 velut
2697 3997 2900 4067 prolem
2925 3993 3215 4064 quamdam
3243 3992 3627 4064 Babylonicam

359 3905 513 3977 πρὸς
550 3905 646 3975 τὴν
673 3905 900 3975 πέτραν,
938 3904 1013 3968 ὡς
1041 3905 1100 3959 ἓν
1127 3922 1180 3959 τι
1207 3905 1316 3958 τῶν
1354 3906 1707 3962 Βαϐυλωνίων
1741 3910 1946 3964 τέκνων

361 3996 831 4069 προεθυμήθημεν
851 4013 866 4026 ο
907 3995 1053 4052 Ἡδὲ
1084 3995 1269 4065 πέτρα
1304 3993 1382 4067 ἦν
1416 4001 1449 4051 ό
1473 4001 1755 4067 Χριστός·
1789 4019 1943 4055 τουτ-

356 4087 508 4149 ἐστι,
532 4085 632 4156 τῆς
653 4086 910 4156 ἀληθείας
960 4088 989 4139 ὀ
1027 4086 1090 4141 λό
1104 4104 1185 4154 {oc
1210 4103 1222 4115 '
1263 4088 1420 4158 μόνον
1454 4089 1592 4142 ἔλθοι
1621 4092 1705 4159 ἐφ’
1737 4093 1882 4162 ἡμᾶς
1911 4096 1944 4166 ἠ

2054 4089 2406 4155 decrevimus,
2448 4088 2609 4142 Petra
2661 4094 2834 4140 autem
2879 4081 2994 4138 era't
3035 4083 3280 4138 Christus
3305 4083 3347 4147 ⁸,
3383 4083 3486 4138 hoc
3521 4095 3625 4144 est,

355 4179 427 4232 τὸ
458 4178 687 4241 ἀσθενὲς
715 4177 1036 4247 ἐνισχύουσα
1061 4179 1288 4250 δύναμις
1315 4180 1402 4233 διὰ
1439 4180 1547 4234 τῶν
1571 4182 1746 4252 εὐχῶν
1771 4185 1864 4239 τοῦ
1888 4185 1947 4238 ἐν

2054 4181 2294 4235 veritatis
2323 4179 2462 4232 ratio
2493 4187 2546 4231 et
2581 4177 2794 4230 oratio:
2831 4185 3038 4227 tantum
3076 4175 3219 4229 adsit
3257 4175 3414 4230 nobis
3451 4177 3626 4229 virtus

354 4269 626 4341 ἀσθενείᾳ
670 4269 765 4322 τοῦ
811 4267 1062 4340 σώματος
1104 4269 1204 4341 τὴν
1249 4269 1477 4342 δύναμιν
1503 4273 1698 4326 ἐαυτοῦ
1729 4274 1949 4328 τελειώ-

2054 4271 2138 4326 illa
2172 4287 2294 4342 quae
2333 4269 2734 4324 imbecillitates
2766 4268 3107 4334 corroborat,
3137 4283 3234 4337 per
3267 4283 3457 4338 preces
3485 4268 3625 4337 ejus,

357 4377 586 4423 σαντος.
1977 4425 2013 4431 _
2053 4363 2147 4431 qui
2181 4361 2234 4415 in
2258 4360 2506 4429 corporis
2528 4359 2844 4413 infirmitate
2864 4359 2970 4413 vim
2995 4358 3268 4430 propriam
3305 4359 3554 4430 perfecit.

441 4451 505 4503 Ei
542 4450 644 4520 μὲν
676 4445 771 4503 οὖν
799 4449 877 4502 ἔτι
905 4451 999 4503 καὶ
1024 4449 1118 4503 νῦν
1145 4453 1179 4522 ὴ
1208 4451 1444 4523 θεοειδὴς
1462 4452 1642 4524 ἐκείνη
1699 4453 1794 4508 κα)⁴
1819 4457 1950 4524 ἁγία

2123 4451 2277 4517 Quod
2303 4451 2348 4506 si
2366 4451 2544 4506 adhuc
2570 4450 2751 4506 divina
2788 4452 2879 4506 illa
2904 4459 2957 4507 et
2993 4461 3180 4508 sancta
3198 4453 3378 4506 anima
3403 4453 3456 4506 in
3499 4467 3623 4506 cor-

358 4540 518 4610 ψυχὴ
545 4539 637 4593 διὰ
667 4540 868 4612 σαρκὸς
899 4539 1109 4611 ἐθεώρα
1134 4540 1223 4593 τὸν
1248 4541 1584 4610 ἀνθρώπινον
1609 4543 1743 4614 βίον,
1771 4547 1863 4600 καὶ
1890 4547 1951 4601 τὸ

2054 4559 2184 4614 pore
2210 4544 2425 4598 mortali
2455 4543 2620 4613 hujus
2656 4544 2794 4599 lueis
2817 4559 2982 4598 usura
3007 4545 3298 4610 frueretur,
3321 4552 3376 4598 et
3405 4543 3625 4614 grandi-

361 4630 578 4701 ὑψηλὸν
620 4631 815 4701 στόμα,
842 4631 982 4684 κατά
1014 4633 1115 4702 τὴν
1157 4632 1214 4698 ἐξ
1247 4633 1422 4702 ἀρχῆς
1468 4633 1950 4705 ἀποκληρωθεῖσαν

2054 4637 2274 4706 loquum
2302 4636 2432 4691 illud
2453 4651 2536 4702 os,
2557 4637 2854 4692 scentulum
2874 4635 3056 4690 datam
3081 4635 3184 4690 sibi
3213 4636 3282 4690 ab
3317 4637 3474 4689 initio
3503 4650 3595 4704 gra

361 4725 530 4793 χάριν
559 4720 728 4791 αὐτῷ,
776 4721 874 4792 τὴν
911 4722 1123 4794 ἄμαχον
1160 4723 1373 4793 ἐκείνην
1428 4725 1571 4794 ἠφίει
1619 4728 1820 4798 φωνήψ
1868 4729 1954 4792 τίς

361 4814 438 4868 ἂν
464 4814 548 4875 είς
570 4811 824 4866 τοσοῦτον
851 4813 1223 4885 πεποιθήσεως
1241 4809 1423 4885 ἦλθεν,
1451 4815 1590 4869 ὥστε
1619 4835 1672 4870 τι
1698 4820 1825 4891 περὶ
1853 4819 1952 4890 τῆς

362 4904 683 4968 ὑποθέσεως
713 4904 916 4976 ταύτης
941 4905 1207 4976 τολμῆσαι
1240 4907 1333 4958 καὶ
1363 4905 1698 4975 φθέγξασθαι
1718 4950 1734 4972 ,
1776 4911 1952 4964 πάντα

361 4999 528 5065 λόγον
562 4997 655 5050 καὶ
683 4997 860 5050 πὸσαν
893 4997 1033 5066 ἠχὴν
1063 4999 1162 5067 τῆς
1207 4997 1354 5062 θείας
1392 4998 1607 5067 ἐκείνης
1654 5001 1952 5070 σάλπιγγος

365 5086 793 5158 ὑπερηχούσηςς
842 5086 993 5138 Ἐπεὶ
1028 5086 1085 5138 δὲ
1119 5088 1147 5138 ὁ
1191 5087 1290 5156 μὲν
1362 5088 1496 5158 πρὸς
1541 5089 1672 5141 Θεὸν
1703 5090 1822 5152 ὅλος
1859 5091 1952 5143 ἀν-

366 5178 599 5244 έπτατο,
632 5177 896 5248 πρότερον
924 5177 1020 5247 μὲν
1043 5178 1100 5229 ἐν
1127 5177 1292 5249 ὀλίγῳ
1314 5180 1422 5231 τινὶ
1482 5180 1574 5232 καὶ
1597 5181 1849 5234 σκιοειδεῖ
1874 5181 1952 5250 τῷ

366 5268 612 5336 λειψάνῳ
635 5266 726 5318 τοῦ
763 5266 1010 5336 σώματος
1037 5267 1138 5333 τῆς
1178 5267 1282 5336 γῆς
1331 5269 1733 5338 ἐφαπτόμενος,
1775 5270 1851 5340 τῷ
1893 5271 1950 5325 δὲ

365 5359 582 5413 πλείονι
622 5358 1157 5428 συμμετεωροπορῶν
1192 5357 1270 5428 τῷ
1303 5357 1438 5428 Θεῷ·
1473 5360 1590 5411 νυνὶ
1623 5360 1680 5412 δὲ
1719 5362 1812 5414 καί⁹
1851 5364 1949 5433 τὴν

363 5451 536 5505 σκιὰν
564 5448 776 5517 ἐκείνην
792 5447 887 5500 τοῦ
915 5447 1165 5518 σώματος
1188 5451 1484 5520 προσαφεὶς
1514 5452 1609 5503 καὶ
1633 5453 1948 5506 καταλιπὼν

364 5543 507 5612 τῷδε
563 5539 645 5610 τῷ
829 5541 880 5592 oi
907 5539 963 5592 δὲ
994 5541 1232 5610 κηφῆνες
1269 5541 1661 5612 περιϐομϐοὖσι
1689 5544 1757 5597 τὰ
1787 5546 1951 5616 κηρία

469 5713 660 5771 ³1³⁸³1.
693 5730 911 5777 cum,
953 5715 1027 5804 9..
1117 5715 1178 5768 ⁵1
1213 5717 1338 5772 Cor.
1380 5735 1430 5780 κ.
1455 5719 1507 5774 6.

2051 4729 2485 4795 tiam,invictam
2522 4728 2667 4783 illam
2701 4743 2890 4782 vocem
2916 4727 3198 4781 mitteret:
3236 4725 3362 4795 quis
3401 4740 3468 4779 eo
3493 4739 3626 4778 con-

2053 4822 2294 4877 ﬁdentia;
2321 4822 2706 4892 processisset,
2753 4829 2814 4876 ut
2843 4821 2910 4876 de
2939 4812 3039 4875 hoc
3069 4827 3392 4890 argumento
3419 4818 3624 4886 aliquid

2054 4915 2139 4968 vel
2165 4915 2366 4969 mutire
2399 4913 2646 4979 auderet,
2691 4912 3134 4983 quandoquidem
3175 4926 3390 4966 omnem
3419 4911 3623 4964 oratio-

2055 5023 2176 5062 nem
2201 5022 2529 5076 omnemquc
2559 5020 2782 5060 sensum
2811 5005 2976 5058 verba
3002 5003 3093 5058 illa
3117 5003 3306 5056 divina
3329 5002 3626 5070 superant?

2054 5095 2354 5165 Postquam
2390 5110 2522 5150 vero
2563 5094 2781 5148 animus
2814 5092 3000 5148 Basilii
3048 5093 3115 5146 ad
3168 5091 3338 5145 Deum
3389 5090 3625 5144 evolavit

2054 5186 2202 5252 (cum
2238 5184 2392 5253 prius
2417 5199 2636 5254 quoque
2693 5183 2746 5236 in
2774 5183 2971 5252 exiguo
3019 5192 3071 5236 et
3102 5180 3249 5235 tenui
3285 5178 3613 5246 corpusculo

2056 5275 2195 5327 hanc
2241 5283 2440 5328 terram
2477 5273 2760 5336 incoleret,
2809 5273 3069 5342 majorem
3115 5271 3378 5340 temporis
3419 5277 3624 5338 partem

2055 5380 2178 5418 cum
2216 5363 2324 5419 Deo
2351 5365 2403 5418 in
2436 5365 2668 5420 excelsis
2693 5362 2971 5434 habitans)
2996 5403 3010 5426 ,
3041 5369 3096 5416 et
3122 5376 3269 5416 nunc.
3305 5362 3497 5415 umbra
3536 5362 3627 5414 illa

2059 5455 2309 5522 corporis
2363 5456 2577 5518 relicta,
2658 5464 2928 5525 terraeque
2977 5452 3236 5508 mandata
3283 5452 3627 5516 excesserit;

2061 5545 2359 5600 crabrones
2382 5552 2563 5599 autem
2617 5553 2670 5599 ct
2707 5545 2817 5600 fuci
2869 5544 3098 5599 necdum
3153 5541 3306 5598 favos
3363 5541 3625 5596 orationis
