4008 6210
507 325 606 383 251

1698 320 1754 376 S.
1796 317 2118 375 GREGORH
2158 318 2448 374 NYSSENI

3632 320 3726 375 252

510 439 1016 506 circumvolitandi,
1053 439 1341 510 mellisque
1366 439 1580 510 opificia
1623 439 1868 494 vastandi
1914 441 2072 494 finem

2188 440 2267 494 τοῦ
2296 440 2474 508 λόγου,
2507 437 2600 490 καὶ
2629 437 2690 490 τὸ
2724 438 2841 507 μέλι
2867 436 3318 507 διαλυμαίνονται·
3354 435 3539 506 μηδεὶς
3575 439 3728 502 ἐγκα-

513 533 740 593 fnciant,
771 544 929 585 nemo
955 529 1081 598 jure
1105 528 1348 584 audaciae
1395 544 1481 586 me
1522 529 1872 588 insimularit,
1929 528 2072 597 quod

514 622 582 677 ad
648 621 911 674 ultionem
975 619 1232 689 prodeam
1298 620 1418 689 ejus
1462 619 1549 674 cui
1594 634 1716 674 sese
1752 616 2076 674 defendendi

513 712 663 767 nulla
695 709 926 780 amplius
971 709 1209 779 suppetit
1252 709 1504 764 facultas.
1548 707 1736 779 Neque
1781 709 1924 764 enim
1958 724 2074 762 ma-

512 802 726 874 joribus
751 816 916 870 quam
954 801 1137 854 caeteri
1169 800 1379 856 viribus
1424 800 1618 864 fretus,
1673 801 1816 854 hunc
1861 800 2077 868 suscepi

517 895 784 958 laborem;
821 890 915 946 sed
948 893 1137 961 probe,
1178 892 1226 946 si
1252 893 1376 959 quis
1416 892 1575 953 alius,
1603 898 1948 961 compertum
1990 889 2078 942 ha-

516 985 634 1047 bui,
666 984 910 1039 infinitos
935 983 1188 1054 reperiri,
1222 985 1316 1053 qui
1341 982 1672 1038 eruditionis
1714 990 1767 1037 et
1795 982 2080 1052 sapientia:

518 1076 680 1130 laude
713 1077 766 1129 in
804 1074 1046 1130 Ecclesia
1089 1075 1382 1130 excellant.
1419 1073 1786 1128 Nihilominus
1814 1087 1936 1127 cum
1967 1087 2079 1142 prae

515 1165 773 1219 omnibus
801 1165 924 1218 aliis
952 1163 1153 1217 mortui
1195 1162 1442 1217 fortunas
1469 1161 1532 1215 ad
1561 1177 1648 1215 me
1686 1159 1960 1230 pertinere
1989 1173 2078 1211 ar-

515 1255 709 1318 bitrer,
756 1261 870 1306 tttm
909 1260 1132 1322 pr0pter
1158 1252 1412 1321 scriptas,
1454 1257 1568 1304 tum
1602 1260 1824 1320 propter
1857 1255 2080 1302 natura-

518 1346 598 1400 les
623 1345 768 1414 leges
802 1363 814 1398 :
846 1342 968 1398 ideo
1001 1358 1101 1413 ego
1150 1356 1326 1397 meam
1373 1350 1500 1396 ante
1533 1339 1672 1396 alios
1728 1343 1866 1395 hanc
1921 1340 2078 1410 quasi

519 1433 918 1488 haereditariam
943 1432 1315 1490 defensionem
1347 1433 1480 1486 mihi
1508 1431 1802 1491 vindicavi.
1851 1431 2077 1486 intimus

517 1527 737 1596 quidem
763 1526 978 1580 illorum
1003 1524 1097 1595 qui
1130 1525 1182 1578 in
1219 1523 1458 1578 fidelium
1501 1538 1790 1578 numerum
1852 1524 2079 1592 ascripti

518 1625 647 1673 sunt
679 1637 692 1671 :
725 1627 778 1671 at
807 1617 918 1681 illo,
967 1617 1059 1685 qui
1091 1615 1158 1670 ab
1204 1614 1444 1669 Ecclesia
1474 1629 1596 1669 sese
1623 1614 1862 1684 abrupit,
1918 1622 1972 1668 et
2011 1615 2080 1669 ad

521 1717 704 1777 partes
731 1707 1073 1762 adversarias
1120 1706 1416 1771 transtulit,
1445 1720 1783 1775 nequaquam
1818 1705 2064 1760 imbecil-

519 1799 655 1864 lior;
684 1813 812 1852 nam
844 1799 898 1851 in
940 1811 1170 1866 corpore
1203 1813 1338 1852 sano
1367 1796 1652 1849 minimum
1693 1795 1859 1850 etiam
1905 1809 2078 1849 mem-
2112 1792 2153 1847 B

524 1889 678 1942 brum
737 1895 956 1956 propter
995 1888 1163 1941 totius
1206 1885 1670 1955 conspirationem
1725 1886 1960 1940 validius
1999 1897 2082 1942 est

519 1985 575 2033 et
605 1977 823 2039 fortius,
848 1991 1009 2046 quam
1031 1986 1344 2045 corruptum
1373 1985 1426 2032 et
1465 1977 1793 2042 abscissum,
1831 1980 2083 2047 quamvis

522 2070 623 2122 hoc
659 2068 857 2137 majus,
893 2065 1023 2120 illud
1053 2065 1125 2122 sit
1157 2067 1355 2121 minus.

591 2159 791 2214 Nullus
843 2174 970 2214 vero
1003 2157 1130 2211 dum
1163 2157 1275 2212 haec
1323 2158 1446 2212 dico
1477 2159 1774 2225 existimet,
1825 2161 1969 2232 quod
1999 2177 2084 2216 me

521 2253 809 2323 magnifice
848 2250 1138 2315 venditem,
1199 2251 1618 2320 immaniterqu
1667 2255 1814 2307 velut
1860 2256 2084 2325 proprio

522 2343 720 2396 robore
753 2341 953 2410 glorier
985 2359 1000 2395 :
1039 2355 1214 2409 neque
1243 2339 1388 2393 enim
1427 2356 1551 2395 cum
1608 2343 1829 2399 homine
1871 2345 1926 2398 in
1972 2361 2086 2400 are-

523 2447 648 2486 nam
682 2430 976 2495 descendo,
1030 2446 1147 2485 eatn
1199 2431 1270 2484 ob
1305 2444 1552 2499 causam,
1610 2441 1669 2488 ut
1715 2435 2082 2505 eloquentiam

522 2521 922 2590 verborumque
981 2520 1234 2574 flosculos
1285 2519 1518 2589 juvenili
1591 2538 1744 2578 more
1793 2534 2081 2581 ostentem.

523 2611 656 2666 Nam
688 2611 744 2664 in
766 2627 832 2666 eo
860 2612 1179 2676 certamine,
1209 2627 1275 2666 ex
1321 2627 1429 2681 quo
1482 2614 1766 2668 victoriam
1807 2626 2086 2686 reportare

524 2704 716 2758 inutile
743 2711 796 2759 et
817 2702 1220 2758 infructuosum
1245 2711 1349 2767 est,
1375 2705 1606 2760 libenter
1629 2708 1938 2764 volentibus
1968 2709 2084 2778 pal-

525 2809 666 2847 mam
695 2793 1074 2857 concedimus;
1109 2793 1406 2861 praesertim
1425 2808 1548 2847 cum
1589 2795 1766 2864 ipsum
1789 2799 2082 2852 verborum

525 2892 852 2939 sectatorem
911 2891 966 2938 et
1015 2897 1283 2950 aucupem
1333 2900 1457 2939 esse
1492 2886 1624 2940 mihi
1663 2889 2024 2957 persuadeam
2062 2909 2074 2942 :

525 2976 747 3047 quando
772 2975 1012 3030 animum
1052 2981 1315 3029 converto
1343 2977 1408 3029 ad
1439 2984 1674 3047 tempus,
1722 2980 1866 3048 quod
1892 2981 1944 3033 in
1977 2981 2084 3034 isto

526 3083 628 3123 suo
690 3067 942 3135 dogmate
987 3065 1304 3119 exornando
1367 3067 1646 3122 contrivit.
1698 3067 1920 3139 Egregie
1957 3086 2084 3124 vero

525 3156 777 3211 ιεικηιιεω
807 3157 861 3210 ἱη
890 3155 994 3209 hoc
1027 3154 1191 3210 etiam
1225 3153 1366 3211 libro
1395 3157 1627 3214 sudasse
1670 3159 1904 3229 conjicio
1933 3179 1945 3216 :
1971 3170 2082 3215 turn

525 3264 591 3302 ex
623 3247 746 3312 hoc,
781 3247 927 3317 quod
960 3247 1014 3301 in
1050 3247 1153 3302 hac
1182 3247 1480 3317 scriptione
1500 3264 1608 3303 non
1639 3252 1916 3306 minimam
1962 3255 2084 3308 vita:

525 3354 640 3395 sum
671 3347 878 3409 partem
939 3340 1262 3408 collocavit;
1297 3351 1408 3397 tum
1443 3342 1587 3412 quod
1619 3351 1887 3398 amatores
1946 3345 2088 3400 illius

527 3434 631 3488 hoc
664 3435 849 3488 labore
875 3433 996 3503 ejus
1030 3435 1184 3490 valde
1210 3437 1486 3492 exsultant
1510 3444 1566 3491 et
1583 3436 1949 3491 delectantur.
1978 3434 2089 3490 Nec

469 3525 472 3528 ’
528 3529 723 3580 mirum
747 3536 831 3582 cst
853 3527 1024 3588 illum,
1051 3526 1144 3596 qui
1175 3527 1276 3581 hac
1315 3529 1371 3582 in
1402 3544 1458 3582 re
1493 3538 1571 3582 tot
1605 3543 1874 3582 annorum
1911 3528 2087 3598 olym-

527 3617 718 3687 piadas
752 3618 952 3687 posuit,
1009 3617 1187 3686 majus
1218 3618 1381 3672 etiam
1430 3619 1688 3688 quiddam
1735 3618 2086 3688 praestitisse,

528 3723 689 3778 quam
722 3709 952 3773 soleant,
1007 3710 1099 3778 qui
1143 3725 1210 3764 ex
1267 3721 1508 3779 tempore
1565 3710 1833 3764 scribunt.
1889 3692 2087 3763 Verum

527 3798 648 3868 ejus
679 3799 732 3852 in
762 3798 867 3853 hoc
896 3815 1059 3869 opere
1091 3799 1365 3856 moliendo
1415 3816 1622 3854 moram
1661 3809 1720 3855 et
1775 3801 2088 3854 cunctatio-

529 3904 654 3946 ttem
680 3889 882 3944 clarius
913 3890 1090 3945 adhuc
1142 3891 1526 3946 demonstrant
1565 3892 1618 3946 in
1649 3891 1864 3947 dicendi
1890 3893 2090 3962 'phale-

529 3981 610 4036 ris
639 3989 694 4036 et
728 3981 915 4050 figuris
943 3982 1330 4050 conquirendis
1362 3983 1600 4052 ineptiae,
1621 3990 1675 4036 et
1703 3983 1754 4036 in
1787 3983 1872 4038 his
1898 3984 2091 4036 verbo-

532 4085 653 4124 rum
712 4070 1003 4127 lenociniis
1054 4067 1296 4126 studium
1352 4073 1510 4140 plane
1541 4074 1700 4127 inane
1729 4081 1782 4127 et
1831 4089 2091 4142 superva-

531 4178 716 4216 cuum.
749 4163 961 4217 Etenim
1002 4178 1194 4234 magna
1227 4163 1687 4218 dictiuncularum
1733 4165 1965 4220 colluvie
1997 4180 2092 4234 ap-

531 4260 724 4324 paratu
772 4254 1079 4322 repentino,
1161 4265 1214 4308 et
1274 4261 1714 4324 extemporaneo,
1782 4272 1847 4310 cx
1907 4256 2092 4310 nescio

533 4341 740 4412 quibus
770 4342 926 4397 libris
949 4350 1290 4406 coacervata,
1347 4344 1648 4414 paucisque
1695 4359 1818 4413 quae
1867 4345 2089 4412 intelligi

2179 535 2337 587 λείτω
2381 532 2581 601 τόλμαν
2616 530 2736 600 ἐμοὶ
2768 529 2907 601 ὑπὲρ
2954 529 3046 583 τοῦ
3088 527 3345 598 σιγῶντος
3375 527 3636 596 στόματος
3659 527 3724 580 δι⁹

2178 623 2466 676 αναστάντι
2497 620 2628 692 πρὸς
2661 620 2892 690 ἄμυναν.
2921 618 3056 673 Οὐδὲ
3080 619 3188 690 γάρ
3216 619 3355 690 ὑπὲρ
3391 618 3517 679 τοὺς
3554 617 3730 679 ἄλλους

2182 713 2332 783 ἰσχύν
2356 729 2478 766 τινα
2510 711 2681 778 λόγων
2715 709 2932 782 ἐμαυτῷ
2971 706 3340 777 συνεγνωκὼς,
3377 706 3732 776 κατεδεξάμην

2178 803 2268 856 τὸν
2296 803 2473 855 πόνον’
2508 801 2622 854 ἀλλ’
2657 801 2898 870 ἀκριϐῶς
2927 799 3099 863 εἰδὼς,
3129 801 3282 870 εἴπερ
3309 817 3392 862 τις
3424 799 3626 870 ἕτερος,
3657 799 3731 852 ὅτι

2181 893 2412 964 χιλιάδες
2436 891 2801 963 εὐθηνούντων
2832 893 2972 944 κατὰ
2995 892 3056 944 τὸ
3080 890 3322 960 χάρισμα
3348 890 3446 960 τῆς
3471 889 3654 957 σοφίας
3679 891 3732 941 ὲν

2181 985 2246 1052 τῇ
2304 981 2597 1052 Ἐκκλησία
2639 979 3016 1050 πληθύνουσιν⁹
3109 980 3254 1049 ὅμως
3300 977 3484 1048 ἐπειδὴ
3533 977 3733 1030 πάντων

2185 1073 2416 1144 μάλιστα
2445 1072 2737 1142 προσήκειν
2775 1069 2896 1140 ἐμοί
2927 1086 3067 1139 φημι
3115 1067 3206 1120 τοῦ
3257 1067 3615 1136 μεταστάντος
3651 1065 3731 1118 τὸν

2181 1164 2377 1235 κλῆρον
2401 1163 2490 1216 διά
2520 1179 2576 1214 τε
2615 1163 2740 1222 τοὺς
2767 1158 3212 1231 γεγραμμένους,
3246 1157 3337 1211 καὶ
3368 1157 3493 1219 τοὺς
3521 1157 3617 1226 τῆς
3646 1155 3733 1224 φύ-

2184 1271 2319 1317 σεως
2347 1253 2574 1323 νόμους,
2622 1251 2810 1305 τούτου
2857 1251 3014 1321 χάριν
3059 1248 3220 1312 αὐτὸς
3267 1247 3402 1319 πρὸς
3430 1247 3535 1300 τῶν
3574 1247 3734 1301 ἄλλων

2179 1342 2480 1414 οἱκειοῦμαι
2531 1343 2634 1412 τὴν
2664 1339 3022 1412 κληρονομίαν
3049 1336 3140 1391 τοῦ
3183 1337 3362 1404 λόγον’
3404 1335 3510 1388 τῶν
3544 1335 3636 1406 μὲν
3663 1337 3736 1399 είς

2180 1438 2276 1508 τὴν
2318 1435 2637 1506 Ἐκκλησίαν
2667 1433 2757 1487 τοῦ
2783 1431 2915 1486 Θεοῦ
2941 1430 3332 1484 συντελούντων
3359 1431 3470 1492 τοῖς
3503 1429 3737 1499 ἐσχάτοις

2183 1527 2402 1600 συναριθ
2411 1527 2510 1598 μού
2519 1542 2694 1598 μενος·
2717 1524 2810 1578 τοῦ
2829 1525 2884 1578 δὲ
2905 1523 3281 1595 άπερῥωγότος
3296 1521 3396 1590 τῆς
3430 1520 3738 1590 Ἐκκλησίας

2182 1621 2260 1682 είς
2305 1617 2592 1673 ἀντίπαλον
2636 1615 2786 1680 τάξιν
2825 1615 2926 1666 οὐκ
2957 1604 3372 1683 ἀσθενέστεροςο
3419 1612 3476 1664 ὲν
3519 1611 3625 1681 γὰρ
3667 1609 3738 1680 τῷ

2184 1708 2472 1778 ὑγιαίνοντι
2515 1707 2725 1777 σώματι
2746 1747 2760 1771 ,
2795 1705 2891 1758 καὶ
2930 1705 2990 1757 τὸ
3017 1703 3297 1772 ἐλάχιστον
3347 1702 3512 1772 μέρος
3539 1701 3624 1754 διὰ
3646 1700 3738 1770 τῆς

2182 1803 2273 1855 τοῦ
2305 1801 2504 1864 παντὸς
2540 1798 2840 1870 συμπνοίας
2861 1837 2875 1861 ,
2905 1797 3267 1867 δυνατώτερον
3311 1795 3375 1849 ἂν
3410 1795 3492 1865 εῐη
3544 1794 3636 1848 τοῦ
3667 1794 3740 1846 δι-

2183 1893 2466 1964 εφθορότος
2523 1891 2616 1944 καλ⁹
2659 1888 3025 1961 τετμημένου·
3056 1888 3158 1942 κᾶν
3184 1885 3243 1940 τὸ
3269 1885 3366 1957 μὲν
3399 1886 3576 1951 πλέον,
3602 1883 3658 1937 τὸ
3683 1883 3738 1937 δὲ

2183 1987 2397 2040 ἔλαττον

2253 2162 2456 2231 Μηδεὶς
2493 2159 2548 2213 δὲ
2586 2158 3078 2230 μεγαλορῥημονεῖν
3114 2173 3179 2226 με
3207 2155 3294 2209 διὰ
3323 2159 3525 2211 τούτων
3556 2158 3742 2212 οἰέσθω

2183 2253 2290 2306 τῶν
2315 2253 2502 2321 λόγων,
2540 2252 2615 2314 ὡς
2643 2251 2780 2321 ὑπὲρ
2805 2248 2902 2319 τὴν
2933 2245 3236 2319 προσοῦσαν
3267 2247 3492 2319 δύναμιν
3525 2250 3614 2302 ἐπὶ
3647 2267 3742 2320 μα-

2183 2343 2353 2406 ταίοις
2384 2342 2754 2411 κομπάζοντα.
2798 2339 2872 2394 Οὐ
2907 2338 3015 2410 γὰρ
3057 2338 3430 2409 ἀπειροκάλως
3471 2341 3549 2402 είς
3580 2341 3744 2410 λόγων

2187 2435 2435 2504 ἅμιλλαν,
2466 2434 2499 2504 ἢ
2530 2433 2786 2504 ῥημάτων
2832 2429 3108 2496 ἐπίδειξιν,
3140 2429 3487 2499 ωγκαθεῖναι
3535 2431 3612 2502 τῷ
3651 2434 3741 2486 άν-

2185 2525 2388 2596 θρὼπῳ
2415 2524 2550 2595 πρὸς
2578 2521 2906 2595 μειρακιώδη
2937 2522 3056 2576 τινὰ
3088 2521 3394 2592 φιλοτιμίαν
3421 2524 3740 2593 προάγομαι.

2198 2619 2311 2686 Ἐφ’
2338 2611 2412 2670 ὧν
2447 2616 2555 2686 γὰρ
2575 2615 2634 2669 τὸ
2662 2615 2824 2668 πλέον
2855 2614 3000 2685 ἔχειν
3029 2615 3320 2684 ἀνωφελὲς,
3356 2616 3450 2668 καὶ
3477 2617 3739 2687 ἀνόνητον,

2185 2708 2414 2778 ἑτοίμως
2438 2706 2784 2776 ἐκχωροῦμεν
2809 2708 2918 2768 τοῖς
2944 2705 3286 2776 βουλομένοις
3315 2707 3412 2777 τῆς
3439 2708 3614 2778 νίκηςῖ
3637 2725 3751 2762 του-

2181 2800 2297 2852 τονὶ
2339 2799 2394 2851 δὲ
2437 2798 2530 2850 καὶ
2564 2797 2736 2860 ἄλλως
2777 2798 2875 2865 μὲν
2922 2796 3154 2866 τρίϐωνα
3191 2795 3360 2865 λόγων
3391 2792 3528 2850 εἶναι
3561 2799 3747 2867 στοχά-

2185 2891 2368 2961 ζομαι,
2400 2890 2532 2960 πρὸς
2554 2890 2721 2960 αὐτὴν
2753 2888 2964 2958 βλέπων
2985 2888 3083 2959 τὴν
3104 2888 3230 2958 περὶ
3261 2887 3320 2940 τὸ
3343 2888 3516 2958 δόγμα
3538 2889 3742 2960 τριϐήνο

2183 2983 2545 3054 διαφερόντως
2569 2981 2626 3034 δὲ
2660 2981 2785 3050 περὶ
2810 2979 2900 3032 τὸν
2927 2978 3168 3049 παρόντα
3191 2979 3551 3050 πεπονηκέναι
3577 2979 3745 3047 λόγον,

2185 3073 2608 3146 τεκμαιρόμενος
2628 3070 2690 3124 ἐκ
2715 3088 2775 3123 τε
2803 3069 2895 3124 τοῦ
2923 3069 3368 3140 προσαναλῶσθαι
3397 3072 3462 3140 τῇ
3497 3069 3750 3140 λογογραο

2188 3165 2286 3237 φίᾳ
2321 3164 2490 3235 ταύτῃ
2523 3163 2622 3232 τῆς
2659 3162 2804 3232 ζωῆς
2827 3161 2921 3214 τοῦ
2962 3161 3316 3233 συγγραφέως
3344 3163 3442 3216 οὐκ
3479 3162 3752 3232 ἐλάχιστον

2191 3256 2372 3327 μέρος·
2399 3255 2493 3308 καί⁹
2519 3255 2583 3307 ἐκ
2606 3252 2698 3306 τοῦ
2738 3252 2878 3307 κατὰ
2911 3254 3088 3306 πᾶσαν
3116 3251 3414 3322 ὑπερϐολὴν
3460 3254 3585 3316 τοὺς
3627 3255 3751 3323 ὲρα-

2189 3345 2318 3408 στάς
2343 3344 2504 3400 αὐτοῦ
2535 3345 2648 3407 τοῖς
2676 3343 3070 3414 πεπονημένοις
3085 3342 3435 3411 ἀγάλλεσθαι.
3473 3345 3580 3398 Καὶ
3607 3345 3756 3398 οὐδὲν

2188 3437 2416 3501 ἀπεικὸς
2433 3437 2524 3490 τὸν
2555 3437 2612 3488 ὲν
2639 3435 2926 3498 τοσαύταις
2953 3435 3089 3488 ἐτῶν
3111 3435 3405 3504 ὀλυμπιάσι
3431 3436 3753 3505 πονήσαντα,

2189 3527 2348 3580 πλέον
2373 3545 2421 3581 τι
2446 3527 2554 3580 τῶν
2574 3527 2796 3580 αὐτόθεν
2818 3525 3177 3580 ἐπιϐαλόντων
3213 3544 3286 3580 πα
3295 3527 3752 3597 ρασκευὰσασθαι·

2187 3619 2422 3672 δείκνυσι
2473 3618 2530 3671 δὲ
2581 3617 2776 3687 μᾶλλον
2816 3619 2915 3686 τὴν
2959 3617 3219 3685 τοιαύτην.
3268 3617 3430 3671 αὐτοῦ
3478 3618 3605 3687 περὶ
3650 3619 3760 3670 τῶν

2189 3708 2360 3778 λόγων
2386 3707 2716 3778 κατατριϐήν
2764 3708 2797 3776 ἡ
2831 3706 2957 3776 περὶ
2987 3705 3055 3758 τὰ
3081 3707 3333 3776 σχήματα
3360 3705 3502 3760 κατὰ
3525 3707 3625 3776 τὴν
3651 3705 3765 3758 τῶν

2193 3798 2460 3869 ῥηθέντων
2491 3797 2759 3868 συνθήκην
2792 3797 3170 3868 ἀπειροκαλία,
3201 3798 3295 3850 καὶ
3327 3799 3386 3850 τὸ
3430 3798 3675 3868 περιττόν
3703 3815 3758 3850 τε

2190 3889 2282 3942 καὶ
2313 3887 2536 3959 μάταιον
2563 3891 2659 3959 τῆς
2685 3888 2809 3959 περὶ
2833 3888 2901 3941 τὰ
2923 3887 3145 3942 τοιαῦτα
3167 3887 3421 3958 σπουδῆς.
3451 3888 3622 3941 Πολὺν
3652 3888 3764 3957 γάρ

2190 3996 2309 4033 τινα
2340 3977 2600 4050 συρφετὸν
2635 3977 2874 4044 λεξιδίων
2912 3976 2970 4042 ἐξ
3001 3977 3258 4044 ύπογυίου
3313 3978 3667 4046 παρασκευῆς
3697 3978 3763 4029 ἐκ

2191 4085 2347 4123 τινων
2372 4068 2588 4138 βιϐλίων
2622 4068 3029 4138 ὲρανισάμενος,
3061 4066 3146 4119 ἐπ’
3190 4066 3388 4134 ὀλίγοις
3417 4069 3528 4128 τοῖς
3552 4066 3762 4135 νοηθεῖ-

2194 4175 2296 4222 σιν,
2351 4155 2655 4228 άμέτρητόν
2699 4173 2818 4209 τινα
2867 4155 3098 4224 σωρείαν
3153 4155 3411 4225 ῥημάτων
3463 4154 3767 4222 φιλοπόνως

2194 4249 2578 4319 συμφορήσας,
2623 4247 2712 4300 τὸν
2771 4246 3111 4316 πολύκμητω
3163 4245 3350 4300 τοῦτον
3413 4246 3772 4317 ἐξειργάσατο

2193 4339 2373 4399 πόνον,
2402 4337 2461 4390 ὃν
2509 4337 2785 4391 ἐπαινοῦσι
2818 4337 2936 4407 μὲν,
2978 4338 3073 4389 καὶ
3112 4335 3411 4402 τεθήπασιν
3439 4338 3487 4388 oi
3525 4336 3773 4406 μαθηταὶ

533 4441 781 4504 possent,
805 4432 1014 4486 infinita
1039 4432 1270 4502 quadam
1300 4434 1587 4488 verborum
1609 4433 1861 4504 congerie
1903 4435 2086 4490 scdulo

2196 4428 2294 4500 τῆς
2331 4427 2565 4497 ἀπάτης,
2601 4427 2663 4480 ὲκ
2688 4428 2786 4497 τῆς
2815 4427 2943 4498 περὶ
2967 4426 3035 4480 τὰ
3062 4427 3246 4498 καίρια
3275 4428 3413 4496 τάχα
3442 4426 3773 4498 πηρώσεως,

535 4523 925 4595 superinjecta,
953 4539 1090 4594 opus
1127 4524 1229 4577 hoc
1260 4524 1589 4579 laboriosum
1627 4526 1877 4594 procudit
1903 4545 1915 4579 :
1947 4527 2091 4596 quod

534 4615 758 4670 laudant
807 4615 1026 4685 quidem
1077 4623 1130 4669 et
1168 4613 1508 4668 admirantur
1552 4614 1806 4684 discipuli
1861 4617 2090 4682 erroris,

533 4705 788 4762 fortassis
815 4720 883 4760 ex
911 4705 1176 4770 caacitate,
1219 4720 1329 4774 qua
1359 4705 1415 4759 in
1451 4706 1616 4761 rectis
1658 4706 1930 4771 laborant,
1983 4708 2096 4778 pri-

531 4797 642 4853 vati
673 4796 930 4852 nimirum
955 4793 1105 4850 omni
1131 4795 1385 4850 facultate
1416 4804 1563 4851 recta
1593 4812 1620 4850 a
1651 4813 1759 4851 non
1780 4801 1944 4852 rectis
1979 4799 2095 4854 dis-

537 4888 836 4954 cernendi;
897 4897 952 4941 at
985 4887 1062 4941 illi
1100 4887 1299 4957 quibus
1329 4902 1424 4941 cor
1468 4887 1722 4943 sordibus
1759 4888 2095 4944 infidelitatis

534 4980 884 5035 obscuratum
959 4993 1067 5032 non
1117 4987 1218 5042 est,
1272 4977 1487 5044 rident;
1520 4987 1574 5034 et
1621 4979 1774 5034 nihili
1832 4981 2092 5050 pendunt.

536 5069 670 5123 Nam
719 5069 844 5140 quis
895 5068 1068 5122 risum
1121 5069 1417 5134 contineat,
1476 5085 1599 5123 cum
1644 5071 1789 5124 videt
1851 5073 2094 5140 promitti

535 5161 754 5232 quidem
781 5176 880 5231 pro
901 5161 1128 5215 veritate
1181 5177 1394 5216 omnem
1436 5177 1624 5216 curam
1669 5170 1722 5216 et
1748 5163 2092 5226 industriam,

537 5255 709 5323 ipsam
739 5267 866 5307 vero
913 5251 1236 5306 industriam
1275 5261 1442 5306 totam
1475 5253 1528 5306 in
1569 5254 1862 5307 verborum
1899 5253 2093 5323 ﬁgura-

537 5356 766 5410 rumque
799 5343 1016 5411 incptiis
1034 5343 1182 5396 nullo
1206 5343 1571 5396 emolumento
1589 5341 1711 5410 poni
1735 5343 1758 5396 ?
1778 5342 1921 5408 Quid
1949 5345 2092 5397 enim

538 5433 801 5486 momenti
831 5433 982 5487 affert
1015 5435 1082 5488 ad
1128 5432 1532 5496 refutationem,
1594 5443 1652 5486 ut
1710 5433 1826 5502 ipse
1875 5435 2093 5503 quidem

538 5522 854 5588 arbitratur,
884 5523 1148 5578 doctrina:
1191 5533 1410 5585 n0strze,
1464 5532 1517 5578 et
1563 5524 2092 5580 commendationem

538 5613 784 5668 veritatis
809 5629 1020 5677 eorum,
1063 5615 1131 5670 de
1178 5615 1376 5684 quibus
1409 5615 1724 5683 ambigitur,
1766 5615 2098 5669 existimatio

542 5701 783 5773 qumtlam
820 5703 1099 5774 peregrina
1151 5711 1354 5757 ornatae
1374 5702 1848 5771 seltenmtibusqne
1871 5711 2097 5772 ρυιιιι-νιςιῑ

2200 4517 2639 4588 συναφηρημένοι
2694 4519 2892 4581 παντὸς
2943 4518 3108 4571 καλοῦ
3157 4535 3221 4572 τε
3268 4520 3364 4572 καὶ⁵
3410 4519 3482 4590 μὴ
3522 4519 3777 4573 τοιούτου

2194 4608 2481 4676 διάκρισιν·
2511 4608 2706 4675 γελῶσι
2729 4607 2785 4661 δὲ
2810 4609 2900 4661 καὶ
2925 4610 3039 4662 ἀντ’
3064 4608 3272 4673 οὐδενὸς
3301 4604 3437 4663 εἶναι
3468 4609 3779 4680 κρίνουσιν,

2195 4693 2276 4762 οἷς
2306 4698 2366 4751 τὸ
2392 4697 2689 4768 διορατικδν
2713 4697 2809 4767 τῆς
2837 4697 3061 4768 καρδίας
3087 4697 3165 4768 τῷ
3194 4699 3348 4768 ῥύπῳ
3369 4699 3468 4768 τῆς
3508 4698 3784 4760 ἀπιστίας

2195 4793 2291 4844 οὐκ
2316 4789 2730 4860 ὲπημαύρωται.
2759 4789 2855 4852 Τίς
2875 4789 2983 4857 γὰρ
3003 4789 3102 4842 οὐκ
3126 4789 3191 4843 ἂν
3211 4789 3432 4852 εἰκότως
3463 4789 3784 4857 γελάσειεν,

2196 4880 2336 4952 ὁρῶν
2361 4879 2458 4951 τὴν
2498 4879 2596 4949 μὲν
2637 4877 2891 4930 ὑπόθεσιν
2932 4877 3032 4946 τῆς
3073 4877 3304 4946 σπουδῆς
3342 4877 3482 4946 ὑπὲρ
3524 4875 3634 4928 τῶν
3673 4875 3788 4943 τῆς

2196 4971 2451 5042 ἀληθείας
2497 4969 2778 5040 δογμάτων
2830 4968 3263 5038 ἐπηγγελμένην,
3332 4967 3500 5037 αὐτὴν
3555 4966 3615 5018 δὲ
3675 4967 3792 5035 τὴν

2199 5061 2449 5132 σπουδὴν,
2492 5062 2570 5123 είς
2608 5060 2868 5132 ῥημάτων
2907 5077 2967 5112 τε
3003 5059 3095 5111 καὶ
3142 5057 3432 5128 σχημάτων
3475 5057 3797 5126 ἀπειροκαο

2195 5152 2316 5205 λίαν
2345 5151 2716 5222 ἠσχολημένην
2753 5152 2837 5204 ἐπ’
2879 5151 3052 5204 οὐδενὶ
3102 5149 3511 5219 κατορθώματι;
3563 5149 3630 5200 Τί
3669 5148 3795 5219 γὰρ

2198 5241 2264 5294 ἂν
2305 5243 2398 5294 καὶ
2426 5240 2624 5311 μᾶλλον
2650 5241 3073 5308 συναγωνίσαιτο
3101 5240 3231 5310 πρὸς
3263 5239 3480 5309 ἔλεγχον
3509 5239 3610 5310 μὲν
3643 5239 3791 5300 τῶν,

2198 5331 2274 5396 ὼς
2295 5332 2452 5392 αὐτὸς
2474 5334 2660 5396 οἴεται,
2682 5332 3003 5402 εἰρημένων,
3034 5331 3289 5384 σύστασιν
3312 5331 3368 5384 δὲ
3395 5331 3494 5401 τῆς
3514 5328 3797 5400 ἀληθείας

2195 5423 2303 5476 τῶν
2333 5422 2677 5493 ζητουμένων
2714 5423 2924 5476 ἐπίνοιά
2948 5439 3028 5484 τις
3055 5422 3162 5474 τῶν
3188 5423 3245 5474 ἐν
3275 5421 3353 5490 τῷ
3385 5421 3527 5491 λόγῳ
3555 5419 3800 5489 σχημᾶρ-
3843 5485 3847 5488 λ

2196 5532 2303 5567 των
2325 5513 2628 5575 ἀλλόκοτος,
2653 5513 2747 5565 κα)⁸
2775 5513 3022 5578 σύνταξις
3044 5512 3417 5582 καινοπρεπής
3438 5528 3497 5564 τε
3527 5512 3624 5564 καὶ
3653 5511 3807 5562 ἰδιά-

2199 5605 2397 5669 ζουσα,
2445 5607 2538 5658 καὶ
2573 5603 2726 5674 ὓὸρις
2777 5603 3180 5672 σπουδαζομένη
3203 5644 3214 5664 ,
3251 5603 3346 5655 καὶ
3379 5602 3582 5672 σπουδὴ
3614 5601 3804 5654 πάλιν

2201 5696 2524 5768 ὑϐριζομένη
2549 5737 2560 5758 ,
2589 5696 2912 5750 κατ’.ούδένα
2931 5695 3085 5764 ζῆλον
3119 5695 3220 5748 τῶν
3258 5693 3667 5765 προειληφότων
3690 5689 3803 5742 ὲκ-
