4008 6210
450 340 556 397 258

1652 329 1710 389 S.
1758 329 2080 389 GREGORII
2117 325 2407 384 NYSSENI

3604 315 3708 371 256

455 448 688 506 delebile
717 448 901 504 odium
934 448 1071 518 ipsis
1093 445 1321 503 insitum
1375 461 1497 501 esse
1550 447 1645 501 ait.
1685 444 1796 503 Nec
1845 447 2023 502 dicam

2158 461 2205 507 ις
2229 439 2677 513 ἐπισοϐαρεύεται
2720 441 2832 505 τοῖς
2872 440 3096 509 ἔναγχος
3128 436 3491 508 ἐγνωσμένοις
3539 433 3708 505 αὐτῷ,

458 557 621 612 quam
651 542 949 596 insolenter
983 540 1248 611 glorietur
1293 539 1362 595 iis
1406 553 1527 610 qua:
1552 554 1651 608 pro
1700 539 1819 609 ipso
1857 553 2031 609 nuper

466 635 685 688 decreta
717 640 866 698 sunt,
907 646 1008 687 nec
1046 638 1229 687 tamen
1256 647 1505 702 quamam
1536 632 1626 687 illa
1657 633 1766 687 sint
1791 629 2031 696 decreta,

460 721 729 793 explicat;
766 720 944 776 solum
966 721 1106 777 dicit
1143 721 1211 776 de
1240 722 1637 792 quaestionibus
1676 719 1857 776 dubiis
1884 719 2037 790 judi-

462 811 608 865 cium
643 809 882 888 factum,
915 818 973 864 et
1019 810 1241 881 quidem
1292 811 1615 883 legitimum,
1648 810 1795 881 quod
1840 817 2036 881 praeter

465 901 548 959 fas
580 902 753 957 elatos
795 901 1079 957 moderato
1107 902 1294 957 animo
1330 917 1455 959 esse
1480 901 1760 973 coegerit,
1797 901 2035 972 propriis

462 993 645 1049 verbis
674 991 844 1064 Lydio
890 992 1100 1048 scilicet
1135 992 1426 1048 concentui
1464 992 1739 1049 similibus
1779 992 1855 1046 ita
1894 990 2034 1049 scri-

465 1087 599 1142 bens
635 1104 649 1141 :
686 1083 880 1154 Sapere
906 1085 1102 1138 coactis
1156 1084 1298 1146 iusto
1340 1083 1545 1153 judicio
1567 1083 1656 1148 iis,
1701 1083 1791 1153 qui
1842 1081 2039 1152 injuste

464 1193 576 1233 sese
591 1177 930 1241 extollebant,
963 1174 1110 1246 quod
1138 1174 1404 1244 judicium
1426 1174 1588 1231 etiam
1615 1173 2039 1229 interdictionem

464 1277 520 1324 et
550 1267 982 1338 proscriptionem
1011 1266 1295 1322 rebellium
1329 1265 1655 1333 nominavit,
1703 1265 1890 1321 nescio
1908 1263 2041 1337 quid

467 1361 689 1415 nomine
715 1358 1099 1413 interdictionis
1131 1357 1444 1429 significare
1477 1358 1687 1413 volens.
1719 1356 1848 1411 Haec
1888 1364 1943 1412 et
1986 1354 2041 1411 id

467 1465 638 1521 genus
671 1449 796 1513 alia,
827 1457 887 1502 ut
924 1449 1140 1504 inanem
1178 1449 1465 1504 verborum
1501 1447 1743 1513 turbam,
1774 1457 1827 1504 et
1856 1447 1925 1502 ad
1951 1447 2039 1501 ni-

469 1542 545 1597 hil
573 1541 796 1597 omnino
824 1540 1223 1596 conducibilem
1267 1540 1558 1610 praeteribo
1587 1539 1812 1594 tacitus.
1854 1537 2042 1593 Sicubi

468 1640 648 1690 autem
685 1632 997 1687 haereticam
1026 1646 1184 1688 suam
1224 1630 1532 1685 doctrinam
1584 1628 1914 1684 confirmare
1957 1628 2045 1683 ni-

470 1725 625 1790 titur,
641 1724 713 1779 ibi
745 1722 1050 1779 studiosius
1081 1730 1135 1777 et
1171 1721 1487 1777 accuratius
1523 1720 1810 1775 immorari
1864 1735 2046 1789 operte

2146 535 2268 588 τίνα
2299 534 2396 605 μὲν
2425 532 2494 586 τὰ
2515 532 2822 602 γνωσθέντα
2855 532 2930 605 μὴ
2964 528 3293 602 προστιθεὶς,
3312 527 3490 599 κρίσιν
3511 527 3568 580 δέ
3592 543 3709 579 τινα

2132 624 2242 677 τῶν
2282 622 2783 695 ἀμφισϐητησίμων
2827 622 2885 676 ἐν
2918 621 3102 684 αὐτοῖς
3146 616 3470 689 γεγενῆσθαι
3515 615 3707 684 λέγων,

2135 715 2230 770 καί
2260 732 2383 769 τινα
2417 713 2570 783 δίκην
2604 713 2824 785 ἔννομον
2864 713 2960 783 τὴν
3001 711 3096 766 τοῦ
3130 711 3426 781 σωφρονεῖν
3467 708 3712 778 ἀνάγκην

2135 813 2250 875 τοῖς
2282 809 2384 863 οὐκ
2422 808 2480 863 ἐν
2519 806 2646 882 δίκῃ
2689 802 3489 880 θρασυνομένοιςέπάγουσαν,
3537 802 3712 870 λέγων

2137 900 2334 956 οὑτωσὶ
2353 902 2419 971 τῇ
2440 899 2545 969 ἰδίᾳ
2561 902 2713 971 φωνῇ
2727 899 2865 953 κατά
2883 896 2979 969 τὴν
2996 896 3184 951 Λύδιον
3200 896 3464 968 ἁρμονίαν
3475 894 3710 965 ἐκείνην·

2140 992 2249 1049 Kal
2274 991 2392 1046 τῶν
2413 993 2524 1046 οὐκ
2554 991 2624 1044 ἐν
2664 990 2801 1060 δίκῃ
2823 988 3283 1060 θρασυνομένιιη
3314 989 3544 1058 ἐννόμῳ
3576 977 3714 1056 δίκῃ

2138 1084 2474 1155 σωφρονεῖν
2499 1084 3000 1154 ἠναγκασμένων,
3026 1083 3091 1155 ἢν
3112 1084 3207 1137 καὶ
3243 1081 3587 1151 ἀπόρῤησιν
3610 1080 3715 1137 τῶν

2139 1174 2556 1230 ἐπαναστάντων
2612 1172 2891 1244 ὠνόμασεν
2911 1189 2923 1203 θ
2984 1171 3079 1223 οὐκ
3133 1165 3227 1223 οἶδ’
3276 1169 3306 1223 ὃ
3340 1186 3392 1223 τι
3430 1168 3561 1221 νοῶν
3617 1166 3713 1237 τὴν

2136 1265 2509 1337 Μόρῤησιν,
2583 1264 2676 1318 καὶ
2729 1262 2906 1316 πάντα
2946 1259 3017 1314 τὰ
3061 1260 3315 1325 τοιαῦτα,
3365 1259 3441 1323 ὼς
3490 1259 3719 1328 μάταιον

2139 1358 2317 1429 ὁχλον,
2348 1357 2443 1412 καὶ
2467 1359 2545 1420 εἰς
2579 1356 2732 1410 οὐδὲν
2757 1355 2991 1425 φέροντα
3033 1354 3303 1426 χρήσιμον
3332 1350 3718 1424 παραδραμοῦ-

2145 1449 2346 1522 μαιτῷ
2389 1448 2551 1520 λόγῳ.
2588 1448 2652 1502 Εἰ
2677 1447 2734 1500 δέ
2772 1463 2896 1505 τινα
2933 1444 3026 1499 τοῦ
3070 1443 3349 1516 αἰρετικοῦ
3377 1446 3719 1515 φρονήματος

2144 1542 2471 1613 συνηγορίαν
2503 1539 2817 1610 πεποίηται,
2869 1538 3005 1608 πρὸς
3046 1536 3203 1590 τοῦτό
3249 1554 3339 1605 μοι
3371 1535 3551 1599 καλῶς
3577 1533 3720 1604 ἔχειν

2143 1612 2382 1707 ἡγοῦμαι
2422 1633 2521 1704 τὴν
2575 1631 2745 1685 πλείω
2794 1612 3065 1683 ποιεῖσθαι
3109 1627 3364 1698 σπουδήν.
3411 1625 3567 1680 Οὕτω
3613 1621 3721 1694 γάρ

2145 1730 2238 1784 καὶ
2263 1729 2292 1781 6
2311 1727 2418 1781 τῶν
2449 1725 2607 1780 θείων
2634 1723 2919 1796 δογμάτων
2951 1722 3238 1791 ὑποφήτης
3263 1722 3319 1772 ἐν
3343 1718 3419 1788 τῷ
3444 1717 3566 1771 καθ’
3598 1717 3724 1769 ἐαυ-

469 1814 701 1884 pretium
734 1812 1012 1868 existimo.
1053 1810 1129 1865 Ita
1184 1825 1423 1881 namque
1474 1809 1784 1865 divinorum
1820 1808 2044 1879 dogma-

2158 1822 2234 1876 τὸν
2261 1820 2406 1892 λόγῳ
2441 1817 2758 1888 πεποίηκεν·
2794 1816 2853 1879 ὃς
2878 1815 3087 1869 πολλῶν
3112 1813 3282 1867 ὄντων
3311 1810 3620 1882 δυναμένων
3643 1810 3725 1873 εἰς

470 1913 588 1959 tum
614 1903 885 1973 interpres
922 1902 1033 1971 egit
1084 1899 1141 1954 in
1169 1900 1287 1957 suis
1334 1898 1533 1955 libris:
1570 1899 1659 1954 cui
1711 1913 1837 1954 cum
1875 1898 2046 1952 multa

468 2001 843 2066 suppetereut,
874 1992 1078 2063 quibus
1127 1990 1429 2047 orationem
1476 1990 1814 2062 amplificare
1857 1989 2051 2046 licuis-

471 2093 578 2153 set,
611 2084 865 2140 adductis
891 2084 958 2139 iis
982 2083 1383 2149 tantummodo,
1421 2097 1544 2153 qua:
1576 2082 1890 2138 necessaria
1921 2096 2051 2138 cen-

468 2178 651 2245 sebat,
719 2174 1087 2247 prolixitatem
1154 2174 1464 2245 argumenti
1507 2173 1799 2236 contraxit,
1834 2172 2051 2229 selectis

473 2266 935 2338 blasphemiarum
974 2264 1247 2335 capitibus
1313 2281 1383 2322 ex
1431 2265 1690 2322 omnibus
1742 2265 1873 2330 illis,
1929 2281 2051 2337 qua:

472 2360 614 2416 liber
644 2358 735 2413 ille
757 2357 958 2428 impius
985 2356 1322 2412 continebat.

545 2472 699 2539 Quod
728 2470 775 2527 si
809 2469 932 2540 quis
961 2470 1112 2539 cupit
1140 2467 1527 2525 refutationem
1559 2477 1811 2526 nostram
1851 2469 2043 2526 eodem

474 2564 689 2626 ordine,
721 2575 884 2629 quem
922 2559 1010 2614 ille
1041 2566 1244 2623 servat,
1268 2559 1516 2631 institui:
1540 2560 1588 2616 is
1614 2561 1849 2632 explicet
1870 2562 2052 2626 velim,

474 2668 587 2724 quo
627 2650 918 2708 commodo
965 2650 1019 2705 id
1053 2648 1226 2705 fieret.
1270 2649 1403 2716 Quae
1430 2649 1499 2705 ad
1533 2650 1821 2707 audientes
1854 2651 2057 2708 rediret

476 2745 711 2810 utilitas,
748 2743 795 2799 si
830 2741 1213 2812 inscriptionis
1255 2742 1509 2813 griphum
1537 2750 1591 2798 et
1619 2743 1883 2815 aenigma,
1910 2743 2057 2815 quod

481 2837 662 2892 instar
712 2833 979 2904 sphyngis
1030 2848 1060 2885 a
1111 2832 1371 2901 tragredis
1417 2831 1754 2901 decantatas,
1800 2835 1962 2893 nobis
2001 2836 2057 2891 in

475 2926 746 2999 procemio
766 2922 1047 2995 proponit,
1079 2910 1464 2989 dissolverem,
1495 2938 1934 2981 commemorans
1971 2927 2059 2981 vi-

431 3052 439 3060 -
477 3018 676 3075 delicet
719 3030 919 3071 novam
971 3013 1122 3069 illam
1172 3029 1273 3085 pro
1327 3014 1580 3086 apologia
1618 3018 1958 3088 apol0giam,
2005 3027 2059 3075 et

2149 1914 2350 1976 πλάτος
2367 1914 2603 1965 ἐκτεῖναι
2626 1910 2718 1963 τὸν
2738 1908 2917 1977 λόγον,
2939 1906 3030 1962 διὰ
3052 1905 3160 1960 τῶν
3179 1902 3488 1973 ἀναγκαίων
3519 1900 3723 1974 προῖὼν

2148 2005 2351 2076 νόμων,
2382 2001 2667 2071 συντέμνει
2689 2000 2750 2053 τὸ
2782 1999 2986 2069 πλῆθος
3020 1996 3121 2066 τῆς
3163 1994 3494 2060 ὑποθέσεως,
3541 1988 3609 2049 τά
3635 2008 3725 2045 κε-

2151 2094 2354 2165 φάλαια
2400 2094 2497 2163 τῆς
2545 2090 2894 2162 βλασφημίας
2922 2091 2987 2144 ἐκ
3018 2088 3235 2142 πάντων
3268 2085 3381 2140 τῶν
3420 2083 3726 2158 εἰρημένων

2151 2188 2209 2240 ἐν
2239 2187 2305 2257 τῇ
2340 2184 2503 2256 βίϐλῳ
2534 2183 2631 2253 τῆς
2654 2181 2905 2245 ἀσεὸείας
2933 2178 3350 2250 ἀναλεξάμενος.

2225 2484 2290 2536 Εἰ
2321 2482 2378 2536 δέ
2401 2500 2485 2546 τις
2525 2482 2772 2552 ἐπιζητεῖ
2807 2481 2947 2535 κατὰ
2973 2480 3072 2552 τὴν
3106 2478 3198 2534 τοῦ
3226 2478 3385 2550 λόγου
3418 2480 3568 2549 τάξιν
3598 2480 3726 2536 ἀκο-

2156 2575 2363 2639 λούθως
2393 2574 2812 2644 άντεισαχθῆναι
2850 2573 2948 2627 καὶ
2983 2573 3074 2627 τὸν
3101 2572 3368 2644 ἡμέτερον
3386 2613 3403 2638 ,
3435 2573 3643 2629 εἰπάτω
3665 2571 3725 2626 τὺ

2156 2667 2365 2738 κέρδος.
2409 2666 2474 2718 Τί
2518 2666 2688 2728 πλέον,
2707 2666 2998 2738 γενήσεται
3035 2667 3150 2725 τοῖς
3189 2663 3498 2728 ἀκούουσιν,
3542 2666 3591 2719 εἰ
3638 2665 3733 2719 τὸν

2158 2757 2353 2829 γρίφον
2379 2756 2475 2811 καὶ
2498 2757 2558 2810 τὸ
2581 2757 2809 2827 αἴνιγμα
2859 2755 2963 2826 τῆς
2986 2756 3298 2828 ἐπιγραφῆς
3322 2754 3633 2826 διαλύσαιμι
3654 2797 3669 2822 ,
3702 2755 3731 2809 ὁ

2158 2846 2300 2903 κατά
2331 2846 2428 2918 τὴν
2459 2847 2724 2920 τραγικὴν
2748 2846 2972 2916 σφίγγα,
3003 2846 3162 2910 εὐθὺς
3182 2848 3315 2917 ἡμῖν
3341 2847 3402 2899 ἐν
3430 2845 3731 2917 προοιμίοις

2160 2933 2516 3006 προτείνεται,
2549 2932 2648 3005 τὴν
2679 2933 2869 3003 καινὴν
2894 2932 3108 3003 ἐκείνην
3138 2933 3278 3004 ὑπὲρ
3302 2933 3403 3003 τῆς
3442 2933 3734 3002 ἀπολογίας

2159 3024 2475 3093 ἀπολογίαν,
2512 3024 2605 3077 καὶ
2631 3023 2721 3077 τὸν
2749 3024 2917 3078 πολὺν
2955 3025 3053 3078 ἐπὶ
3089 3023 3263 3095 τούτῳ
3291 3024 3478 3096 λῆρον,
3505 3026 3599 3079 καὶ
3634 3024 3731 3095 τὴν

477 3126 657 3181 nugas
689 3108 827 3162 alias
858 3106 1205 3187 complures,
1244 3116 1301 3163 et
1337 3107 1556 3177 longam
1596 3124 1816 3180 quoque
1859 3110 2056 3166 somnii

2165 3116 2380 3189 μακρὰν
2412 3114 2506 3170 τοῦ
2538 3115 2749 3187 ὀνείρου
2781 3116 3096 3183 καταλέγων
3119 3116 3391 3187 διήγησιν.
3420 3113 3589 3187 Οἶμαι
3625 3117 3734 3188 γάρ

476 3199 903 3279 enarrationem.
933 3180 1076 3253 Puto
1099 3198 1244 3253 enim
1270 3198 1506 3256 lectores
1535 3201 1673 3257 satis
1703 3216 1902 3273 magna
1939 3218 2057 3258 mo-

2165 3174 2365 3272 ίκανῶς
2393 3174 2710 3261 ἀποκναίειν
2735 3207 2863 3271 τοὺς
2886 3174 3308 3278 ἐντύγχάνοντοίς
3326 3249 3341 3273 ,
3374 3209 3468 3263 καὶ
3489 3174 3559 3262 ’ἐν

478 3292 639 3349 lestia
689 3288 943 3345 allectum
994 3288 1063 3343 iri
1120 3287 1378 3344 Eunomii
1426 3291 1713 3357 oratione;
1758 3293 1957 3363 partim
1990 3294 2060 3349 ob

481 3384 763 3441 sordidam
826 3389 882 3438 et
915 3395 1113 3435 vanam
1155 3381 1213 3435 in
1268 3380 1384 3452 ipsa
1434 3381 1794 3452 inscriptione
1840 3383 2058 3440 novita-

480 3489 615 3548 tem,
640 3477 838 3549 partim
864 3476 934 3531 ob
949 3476 1194 3530 odiosam
1214 3476 1568 3547 propriorum
1600 3485 1898 3533 eventuum
1924 3493 2064 3534 enu-

480 3569 865 3628 merationem.
898 3568 1050 3633 Quos
1078 3581 1317 3636 namque
1346 3567 1587 3632 labores,
1617 3576 1673 3624 et
1712 3584 1833 3639 quae
1876 3577 2060 3624 certa-

483 3662 678 3718 minaa
704 3675 764 3717 se
783 3664 1043 3728 suscepta
1058 3671 1171 3712 non
1188 3656 1375 3721 refert,
1407 3668 1551 3714 terra
1579 3659 1791 3715 scilicet
1815 3659 2063 3730 marique

484 3752 842 3825 pervulgata,
878 3758 932 3805 et
969 3756 1088 3804 toto
1139 3756 1412 3803 terrarum
1457 3749 1592 3805 orbe
1641 3750 1953 3804 celebrata?
2002 3748 2059 3804 Si

485 3844 604 3901 haec
643 3843 843 3898 iterum
890 3840 1287 3905 scriberentur,
1324 3848 1379 3895 et
1418 3840 1640 3911 quidem
1674 3856 1800 3895 cum
1845 3841 2061 3895 addita-

485 3943 695 4001 ntento,
730 3940 791 3988 ut
858 3932 973 3987 fieri
1031 3945 1262 3987 necesse
1307 3938 1391 3986 est
1418 3974 1433 3998 ,
1472 3931 1680 3987 erroris
1727 3931 2059 3988 refutatione

487 4030 797 4084 orationem
826 4036 1081 4096 augente,
1116 4024 1242 4096 quis
1268 4024 1404 4081 adeo
1431 4024 1645 4084 ferreus
1673 4036 1726 4082 et
1759 4026 2065 4082 adamanti-

489 4118 974 4190 nus‘reperiretur,
1011 4116 1106 4188 qui
1137 4115 1373 4186 hujusce
1406 4116 1702 4188 diligentiae
1731 4117 2062 4187 importuni-

491 4220 606 4266 tate
640 4224 751 4264 non
790 4216 1239 4264 commoveretur
1284 4206 1350 4260 ad
1387 4207 1686 4262 nauseam?
1714 4206 1769 4263 Si
1799 4215 2063 4278 praeterea

490 4298 1042 4355 divinamhistoriam
1063 4297 1128 4351 ad
1157 4296 1384 4352 verbum
1408 4298 1721 4363 recitarem,
1753 4297 1878 4368 quis
1906 4296 2067 4352 nimi-

491 4406 615 4448 rum
640 4391 732 4445 ille
761 4388 963 4454 fuerit,
1007 4389 1101 4459 qui
1133 4387 1200 4443 ad
1240 4386 1517 4443 Euxinum
1563 4387 1800 4443 Pontum
1841 4396 2063 4459 propter

2157 3297 2238 3369 τῷ
2262 3297 2405 3369 λόγῳ
2425 3298 2516 3375 τοῦ
2540 3298 2808 3370 Εύνομίου
2838 3298 3141 3370 σωζόμενον
3172 3301 3233 3354 τό
3263 3317 3323 3353 τε
3345 3300 3602 3372 γλισχρδν
3640 3301 3736 3355 καὶ

2163 3389 2392 3460 μάταιον
2432 3390 2529 3461 τῆς
2560 3391 2618 3444 ἐν
2645 3392 2711 3463 τῇ
2746 3393 3025 3464 ἐπιγραφῇ
3055 3391 3150 3446 τοῦ
3179 3392 3340 3461 λόγου
3371 3394 3696 3464 καινότητος
3716 3432 3736 3459 ,

2161 3480 2254 3534 καὶ
2281 3480 2350 3533 τὸ
2393 3479 2652 3552 φορτικὸν
2684 3481 2835 3552 ἅμα,
2880 3483 2975 3537 καὶ
3009 3483 3138 3552 περί
3167 3484 3349 3539 αὐτῶν
3388 3484 3498 3539 τῶν
3526 3484 3739 3539 οἰκείων

2160 3573 2515 3644 διηγημάτων
2534 3589 2549 3604 ’
2571 3574 2719 3637 οἴους
2748 3574 2963 3639 πόνους,
2985 3576 3077 3629 καὶ
3091 3575 3285 3641 ἄθλους
3307 3575 3500 3630 ἑαυτοῦ
3532 3577 3738 3650 διεξέρο

2163 3680 2335 3736 χεται,
2359 3663 2447 3717 διὰ
2470 3664 2647 3735 πάσης
2666 3664 2792 3734 γῆς,
2816 3666 2912 3720 καὶ
2925 3665 3193 3732 θαλάττης
3211 3668 3627 3740 πεφοιτηκότας,
3644 3670 3739 3723 καὶ

2162 3760 2220 3813 ἐν
2244 3757 2393 3829 πάσῃ
2404 3760 2470 3829 τῇ
2491 3758 2783 3832 οἰκουμένῃ
2801 3776 2871 3832 κη
2879 3760 3265 3831 ρυσσομένουςς
3286 3762 3349 3815 Εἰ
3365 3761 3421 3815 δὲ
3446 3761 3620 3816 ταῦτα
3637 3763 3741 3816 πά-

2161 3847 2244 3901 λιν
2258 3846 2540 3918 γράφοιτο,
2562 3848 2658 3902 uel.
2685 3848 2822 3919 μετὰ
2848 3850 3187 3922 προσθήκης,
3220 3851 3297 3914 ὡς
3322 3849 3492 3913 είκὸς.
3516 3850 3626 3903 τῶν
3640 3854 3742 3923 τῆς

2160 3936 2510 4007 ψευδολογίας
2527 3935 2764 4007 ἐλέγχων
2779 3937 3175 4003 πλεοναζόντων
3185 3938 3274 3991 τὸν
3288 3937 3464 4007 λόγον,
3480 3937 3563 4001 τίς
3573 3939 3741 4002 οὕτως

2164 4027 2391 4100 στερρὸς
2404 4028 2672 4095 φανεῖται,
2688 4029 2779 4082 καὶ
2790 4028 3162 4097 ἀδαμάντινος,
3191 4028 3268 4092 ὡς
3292 4028 3366 4099 μὴ
3383 4031 3740 4100 προσναυτιά-

2164 4137 2254 4173 σαι
2275 4120 2341 4190 τῇ
2364 4118 2592 4190 ἀκαιρία
2614 4118 2708 4174 τοῦ
2730 4119 2894 4174 πόνου
2913 4137 2929 4187 ;
2952 4120 3016 4174 Εἰ
3031 4119 3089 4174 δέ
3111 4120 3204 4173 καὶ
3218 4120 3316 4192 τὴν
3329 4120 3508 4175 ἔνθεον
3529 4121 3747 4195 ἐκείνην

2166 4210 2402 4282 ἱστορίαν
2422 4210 2516 4263 ἐπὶ
2538 4208 2738 4275 λέξεως
2764 4207 3055 4280 γράφοιμι,
3078 4195 3161 4274 τίς
3176 4211 3204 4263 ὁ
3227 4211 3367 4267 κατά
3380 4211 3472 4266 τὸν
3494 4212 3745 4280 Εὔξεινον

2163 4298 2385 4363 Πόντον,
2418 4297 2509 4352 διὰ
2544 4300 2644 4369 τῆς
2674 4298 2992 4368 ὁμωνυμίας
3022 4298 3186 4352 αὑτὸν
3226 4300 3601 4373 προλυπήσας,
3634 4298 3748 4366 οἷος

2163 4389 2192 4441 ὁ
2217 4385 2338 4456 βίος
2363 4426 2379 4451 ,
2432 4386 2576 4451 τίνες
2629 4387 2687 4441 αἰ
2722 4386 2979 4453 σπουδαὶ,
3020 4387 3136 4452 πῶς
3167 4389 3442 4462 διεφέρετο
3493 4391 3626 4463 πρὸς
3654 4392 3750 4446 τὸν

490 4478 901 4550 homonymiam
966 4478 1148 4549 ipsum
1197 4478 1675 4541 constristaverit,
1735 4479 1916 4547 qualis
1952 4477 2057 4533 vita

2182 4478 2462 4550 Ἀρμένιον
2502 4478 2591 4532 διὰ
2634 4478 2734 4550 τὴν
2763 4478 3095 4550 ὁμοτροπίαν
3132 4480 3239 4534 τοῦ
3268 4481 3453 4553 ἤθους,
3492 4480 3610 4537 εἶτα
3655 4485 3752 4537 ἐπὶ

494 4569 621 4627 istic
646 4576 786 4628 acta,
815 4582 938 4639 qua
974 4567 1157 4622 studia
1190 4577 1447 4637 suscepta
1484 4584 1498 4621 :
1533 4567 1811 4636 quomodo
1840 4569 1912 4622 ob
1941 4583 2065 4622 mo-

495 4672 619 4714 rum
650 4655 1071 4713 similitudinem
1096 4655 1424 4712 dissenserit
1458 4672 1488 4711 a
1519 4656 1756 4726 quodam
1782 4656 2063 4722 Armenio,

496 4756 553 4806 et
582 4749 639 4805 in
672 4747 874 4818 quibus
911 4747 1109 4804 deinde
1136 4747 1281 4803 inter
1317 4764 1378 4804 se
1421 4749 1780 4805 convenerint
1819 4750 2068 4807 reconci-

500 4842 648 4897 liatis
673 4839 875 4895 animis
894 4882 910 4907 ,
947 4849 1007 4895 ut
1037 4840 1246 4895 invicto
1277 4851 1333 4896 et
1363 4842 1720 4897 celeberrimo
1748 4843 2070 4912 praeceptori

508 4935 683 5006 ipsius
717 4930 874 4987 Aetio
908 4930 1019 4998 (his
1067 4932 1215 4987 enim
1245 4931 1520 4987 hominem
1574 4932 1737 4987 allicit
1767 4931 2076 5005 praeconiis)

503 5024 906 5089 assentiretur;
936 5039 1185 5094 quasnam
1219 5024 1324 5095 ipsi
1356 5032 1584 5081 structae
1616 5025 1728 5082 sint
1754 5026 1988 5091 insidiae,
2023 5035 2077 5081 et

504 5115 779 5170 machina:
803 5114 1004 5185 quibus
1032 5116 1090 5172 in
1114 5115 1385 5187 judicium
1404 5116 1673 5173 adductus
1702 5118 1794 5182 sit,
1822 5133 1931 5172 non
1964 5118 2074 5173 ullo

506 5205 726 5275 obiecto
760 5203 1024 5267 crimine,
1065 5219 1227 5275 quam
1280 5204 1423 5275 quod
1476 5220 1587 5276 prae
1638 5205 1858 5261 caeteris
1901 5205 2075 5275 gloria

506 5295 793 5350 emineret.
825 5293 882 5349 Si
910 5295 1049 5361 haec,
1081 5296 1326 5367 inquam,
1360 5297 1543 5353 omnia
1574 5297 1665 5351 hic
1694 5295 1976 5363 referrem,
2004 5310 2074 5352 an

508 5400 643 5448 non,
679 5385 824 5440 sicut
858 5384 920 5453 ii,
951 5387 1046 5457 qui
1074 5396 1364 5443 versantur
1400 5403 1525 5445 cum
1561 5388 1693 5452 illis,
1724 5404 1869 5458 quos
1889 5389 2077 5445 oculo-

508 5488 629 5530 l'llll'l
658 5472 884 5528 morbus
912 5482 1079 5539 tenet,
1109 5492 1174 5532 ex
1205 5480 1470 5533 continua
1507 5477 1906 5533 consuetudine
1951 5492 2075 5532 cum

508 5563 692 5635 aegris,
723 5564 976 5620 morbum
1010 5565 1118 5624 sibi
1154 5568 1261 5639 ipsi
1288 5569 1504 5624 tandem
1534 5568 1786 5638 pariunt:
1811 5568 1885 5622 ita
1907 5578 1959 5623 et
1979 5583 2080 5641 ego

510 5662 798 5724 correptus
836 5656 1054 5714 viderer
1080 5659 1235 5729 gravi
1266 5659 1590 5730 mgritudine
1636 5659 1805 5715 rebus
1839 5660 1995 5715 vanis
2013 5675 2079 5716 ac

512 5744 727 5804 frivolis
756 5748 1001 5806 studiose
1030 5750 1378 5810 immorandi.
1422 5751 1558 5821 ipsis
1599 5751 1846 5822 vestigiis
1890 5766 2080 5822 garru-

2169 4569 2279 4623 τίσι
2308 4566 2594 4623 συνέθεντὸ
2619 4586 2681 4622 τε
2728 4570 2845 4638 μετ’
2890 4569 3138 4643 ἀλλήλων
3167 4574 3262 4626 καὶ
3305 4575 3748 4648 κατηλλάγησαν,

2168 4659 2243 4722 ὡς
2265 4659 2357 4711 ἐπὶ
2377 4658 2468 4712 τὸν
2489 4659 2697 4730 ἄμαχον
2727 4660 2931 4713 ἐκεῖνον
2972 4663 3065 4716 καὶ
3095 4665 3160 4735 τῇ
3194 4664 3320 4737 δόξῃ
3343 4665 3508 4720 πολὺν
3544 4666 3754 4721 Ἀέτιον

2167 4750 2259 4805 τὸν
2286 4751 2605 4806 διδάσκαλον
2632 4752 2796 4807 αὑτοῦ
2828 4756 3206 4828 συμφρονῆσαι
3236 4757 3476 4825 (τούτοις
3509 4759 3619 4831 γὰρ
3649 4762 3756 4814 αὺ-

2169 4842 2261 4896 τὸν
2294 4842 2655 4914 ἀποσεμνύνει
2676 4847 2789 4909 τοῖς
2810 4846 3098 4917 ἐπαίνοις),
3122 4843 3240 4902 εἶτα
3268 4850 3351 4913 τίς
3373 4853 3406 4921 ἡ
3432 4851 3551 4905 καθ’
3580 4851 3753 4905 αὑτοῦ

2175 4933 2421 5005 μηχανὴ,
2453 4935 2547 4989 καὶ
2577 4936 2810 5004 ἐπίνοια,
2843 4937 2909 4990 δι’
2934 4933 3003 5010 ἧς
3022 4940 3104 5003 εἰς
3128 4939 3309 5011 κρίσιν
3337 4942 3428 4995 τὸν
3451 4942 3618 5013 ἄνδρα
3645 4959 3753 4996 κα·-

2171 5025 2440 5094 τέστησαν
2460 5041 2473 5056 ·
2516 5026 2767 5098 ἔγκλημα
2800 5028 3108 5099 ποιούμενοι
3132 5030 3195 5084 τὺ
3231 5031 3534 5102 εὐδοκιμεῖν
3559 5032 3750 5100 αὐτὸν,

2173 5115 2268 5170 καὶ
2295 5116 2434 5188 ὑπὲρ
2460 5118 2585 5180 τοὺς
2620 5117 2813 5183 ἄλλους
2835 5116 2994 5174 εἶναι.
3027 5122 3089 5176 Εἰ
3108 5120 3280 5176 ταῦτα
3302 5121 3515 5193 λέγοιμι
3544 5124 3748 5193 πάντα,

2175 5205 2263 5280 ἆρ’
2286 5209 2406 5280 οὐχὶ
2427 5208 2679 5280 καθάπερ
2700 5212 2750 5263 oi
2772 5212 2880 5265 τῶν
2899 5212 3194 5282 ὀφθαλμῶν
3219 5214 3318 5285 τὴν
3350 5214 3503 5268 νόσον
3554 5217 3620 5270 ἐκ
3643 5220 3752 5290 τῆς

2177 5299 2376 5371 πολλῆς
2402 5299 2617 5369 ὁμιλίας
2650 5301 2758 5353 τῶν
2800 5303 3273 5374 προνενοσηκότων
3303 5304 3388 5372 ἐφ’
3411 5305 3635 5370 ἑαυτοὺς
3653 5308 3753 5362 ἕλ-

2177 5407 2364 5454 κοντες
2387 5430 2404 5455 ,
2438 5389 2583 5443 οὕτω
2612 5391 2705 5444 καὶ
2734 5392 2896 5456 αὐτὸς
2934 5394 3446 5465 συμμετεσχηκέναι
3483 5393 3620 5459 δόξω
3653 5397 3755 5451 τοῦ

2179 5482 2309 5553 περὶ
2342 5481 2441 5552 τὴν
2475 5482 2710 5553 ματαίαν
2740 5484 2976 5555 σπουδὴν
3006 5486 3458 5557 άρρωστήματος,
3487 5486 3757 5557 ἑπόμενος

2179 5573 2298 5627 κατ’
2329 5570 2472 5642 ἴχνος
2496 5574 2555 5643 τῇ
2581 5571 2841 5645 φλυαρίᾳ,
2869 5574 2961 5628 καὶ
2980 5573 3048 5628 τά
3068 5574 3189 5628 καθ’
3215 5575 3442 5629 ἕκαστον
3460 5575 3759 5640 ἐξετάζων;

2182 5662 2346 5727 Τίνας
2380 5664 2514 5734 φησὶ
2550 5663 2769 5729 δούλους
2801 5665 2878 5730 είς
2907 5666 3220 5738 ἐλευθερίαν
3250 5668 3597 5737 ἀφιεμενους,
3632 5666 3764 5720 τίνα

2186 5754 2501 5825 μυουμένων
2534 5754 2738 5827 σχέσιν,
2779 5756 2873 5811 καὶ
2901 5758 3300 5829 ἀργυρωνήτων
3338 5757 3511 5825 τάξιν,
3566 5756 3662 5813 καὶ
3703 5757 3764 5812 τί
