4008 6210
306 285 416 344 151

1458 287 1740 346 CONTRA
1778 286 2165 357 EUNOMlUM,
2194 289 2323 346 ΜΒ.
2365 290 2407 344 l.

3467 284 3574 343 εδδ

313 400 592 474 βούλονται
609 402 862 467 Μάντιος,
892 403 987 457 καὶ
1011 402 1231 471 Γάλλος,
1260 404 1353 459 καὶ
1371 406 1693 476 Δομετιανὸς
1715 407 1889 459 ἔ;πεισ⁴

2005 404 2211 459 litatem
2241 401 2655 474 persequendo,
2688 409 2743 458 et
2766 400 3139 473 particulatim
3179 402 3571 470 examinando,

315 490 485 554 ιόντες
509 490 587 561 τῷ
614 490 779 562 λόγῳ,
813 492 911 545 καὶ
953 493 1233 565 μάρτυρες
1269 494 1501 563 ψευδεῖς,
1525 496 1619 549 καὶ
1644 494 1895 565 βασιλεὺς

315 581 684 657 ὀργιζόμενος,
714 584 810 637 καὶ
841 585 923 647 είς
955 585 1251 657 ὑπερορίαν
1290 582 1436 651 τινὲς
1478 586 1895 658 μεθιστάμενοι;

304 674 374 727 Τί
403 675 515 745 γὰρ
547 675 615 729 ἂν
652 676 749 731 καὶ
776 676 990 745 γένοιτο
1018 677 1225 732 τούτων
1257 677 1613 749 ματαιότερον
1643 678 1750 732 τῶν
1778 679 1896 750 διη-

302 767 578 836 γημάτων
602 766 681 837 τῷ
708 784 773 835 γε
803 767 880 840 μὴ
903 768 1066 841 ψιλὴν
1102 769 1342 841 ἱστορίαν
1369 768 1727 841 διηγήσασθαι
1761 769 1897 839 βου-

301 856 538 927 λομένῳ,
579 857 716 911 ἀλλὰ
744 858 1015 927 διελέγξαι
1038 859 1129 913 τὸν
1154 860 1476 914 ἀντειπόντα
1506 860 1585 930 τῷ
1621 860 1722 930 τῆς
1744 861 1894 931 αἱρέ-

303 965 446 1013 σεως
473 949 740 1019 δόγματι;
769 950 910 1004 Πολὺ
935 950 992 1003 δὲ
1021 950 1222 1019 μᾶλλον
1240 951 1309 1005 τὰ
1332 950 1425 1003 ἐπὶ
1448 950 1658 1014 τούτοις
1681 950 1770 1004 διὰ
1795 954 1894 1022 τῆς

304 1040 555 1111 ἱστορίας
597 1040 944 1112 δηλούμενα,
990 1042 1214 1096 πλείονα
1243 1042 1342 1112 τὴν
1380 1042 1684 1113 ἀχρηστίαν
1734 1041 1844 1114 ἔχει
1871 1059 1886 1073 ·

298 1128 461 1203 οἶμαι
509 1132 621 1204 γὰρ
662 1133 785 1205 μηδ’
834 1134 901 1188 ἂν
948 1134 1112 1188 αὐτὸν
1159 1134 1250 1188 τὸν
1296 1135 1616 1205 συγγραφέα
1665 1134 1892 1188 διελθεῖν

300 1223 683 1291 ἁνυστάκτως,
713 1224 818 1280 κᾶν
837 1229 1039 1297 φυσικῇ
1061 1244 1166 1280 τινι
1189 1229 1388 1297 στοργῇ
1419 1226 1727 1299 κρατῶνται
1752 1227 1889 1297 πρὸς

298 1315 432 1379 τοὺς
466 1315 525 1382 ἐξ
551 1315 733 1369 αὐτῶν
761 1317 813 1369 oi
846 1317 1081 1387 πατέρες
1102 1334 1118 1348 υ
1146 1314 1401 1386 δηλοῦται
1434 1318 1542 1389 γὰρ
1585 1319 1702 1371 ἐκεῖ
1726 1317 1887 1387 δῆθεν

294 1405 374 1456 τὰ
402 1405 789 1474 πεπραγμένα,
821 1407 916 1460 καὶ
940 1407 1009 1459 τὰ
1043 1405 1190 1477 πάθη
1214 1406 1301 1460 διὰ
1329 1406 1422 1460 τοῦ
1453 1407 1612 1474 λόγου
1642 1408 1723 1470 είς
1755 1405 1888 1477 ὕψος

296 1494 554 1565 αἴρεται,
589 1497 685 1549 καὶ
720 1498 801 1562 είς
835 1499 1142 1570 τραγῳδίας
1186 1499 1350 1568 ὄγκον
1385 1499 1420 1570 ἡ
1463 1498 1671 1569 ίστορία
1707 1515 1885 1571 παρα-

299 1585 655 1651 σκευάζεται.

1997 510 2136 566 quos
2152 496 2373 550 tandem
2401 509 2591 550 servos
2614 494 2867 550 libertate
2892 495 3129 550 donatos
3146 503 3381 561 asserat,
3405 509 3573 566 quam

1997 588 2340 643 initiatorum
2362 587 2848 657 conspirationem,
2868 603 3145 660 quamque
3168 589 3571 660 mancipiorum

1997 678 2171 733 aciem
2203 686 2415 741 narret,
2453 687 2508 732 et
2541 678 2673 746 quid
2703 679 2808 732 sibi
2838 669 3029 734 volunt
3063 680 3118 734 in
3147 681 3454 735 orationem
3482 678 3572 733 in-

1995 770 2134 825 trusi
2168 768 2409 824 Montius
2443 778 2499 825 et
2530 770 2720 825 Gallus
2768 778 2823 825 et
2885 770 3249 833 Domitianus.
3306 778 3361 825 et
3399 778 3571 827 testes

1994 858 2142 926 falsi,
2175 869 2231 916 et
2262 861 2563 931 imperator
2595 863 2804 927 iratus,
2842 872 2893 917 et
2934 862 3186 916 nonnulli
3226 862 3281 915 in
3316 861 3570 916 exsilium

1994 952 2141 1006 acti?
2166 951 2306 1017 Quid
2341 954 2486 1007 enim
2519 953 2837 1021 hujusmodi
2885 952 3313 1007 narratiunculis
3349 951 3572 1005 inanius

1993 1050 2050 1097 et
2088 1042 2370 1110 stolidius,
2407 1045 2454 1099 si
2493 1044 2859 1100 instituantur
2888 1045 2956 1100 ab
2983 1059 3068 1110 eo,
3099 1044 3190 1115 qui
3217 1059 3326 1098 non
3364 1042 3570 1098 nudam

1999 1132 2291 1189 historiam
2346 1150 2406 1190 se
2454 1136 2697 1205 profiteri
2748 1136 2975 1200 scribit,
3026 1137 3120 1191 sed
3181 1135 3572 1191 refutationem

1994 1225 2117 1294 ejus
2142 1267 2156 1292 ,
2198 1228 2294 1296 qui
2316 1227 2591 1284 haereticis
2636 1228 2988 1299 dogmatibus
3006 1227 3374 1283 contradicit?
3403 1226 3457 1280 in
3482 1224 3572 1281 his

1994 1328 2143 1374 certe
2167 1318 2448 1373 historicas
2468 1321 2820 1376 narrationes
2846 1320 2982 1375 nihil
3014 1320 3267 1374 utilitatis
3308 1318 3567 1385 all‘erunt,

1992 1424 2133 1480 quas
2179 1426 2247 1465 ne
2292 1410 2473 1481 ipsum
2518 1412 2738 1482 quidem
2783 1420 3063 1467 auctorem
3110 1411 3231 1466 sine
3274 1410 3568 1466 oscitantia

1992 1504 2272 1573 perlegere
2322 1519 2484 1573 posse
2532 1505 2838 1561 existimo:
2874 1505 3003 1560 licet
3050 1503 3287 1559 naturali
3322 1501 3563 1572 quodam

1990 1608 2176 1649 amore
2196 1610 2325 1664 erga
2354 1595 2557 1652 liberos
2590 1610 2723 1652 suos
2757 1596 3052 1651 trahantur
3071 1602 3291 1666 patres:
3318 1593 3392 1647 ibi
3418 1590 3565 1646 enim

294 1693 425 1749 quae
465 1686 620 1750 gesta
653 1688 782 1736 sunt
818 1682 1171 1753 explicantur
1226 1685 1685 1753 calamitatesque
1727 1679 1912 1736 verbis
1959 1683 2407 1752 ampliﬁcantur,
2463 1692 2519 1738 et
2568 1685 2777 1756 tragico
2828 1699 2979 1740 more
3061 1682 3291 1739 historia
3336 1695 3568 1752 exagge-

298 1782 427 1826 ratu
434 1789 481 1827 1⁵.

387 1862 528 1915 Ἀλλ’
557 1864 644 1918 ἴνα
673 1865 749 1937 μὴ
781 1865 875 1920 καὶ
905 1866 1054 1939 αύτῷ
1087 1867 1166 1939 τῷ
1192 1867 1576 1940 παραιτεῖσθαι
1608 1866 1770 1921 πλέον
1793 1862 1885 1918 τοῦ

2063 1858 2169 1915 Sed
2204 1876 2273 1923 ne
2306 1872 2361 1917 et
2390 1863 2506 1933 ipse
2529 1861 2759 1933 diutius,
2790 1879 2955 1936 quam
2985 1879 3084 1936 par
3123 1866 3229 1932 sit,
3270 1883 3360 1924 me
3397 1884 3563 1926 exen-

294 1953 549 2019 δέοντος,
584 1955 908 2028 ἐμϐραδύνω
941 1962 1057 2023 τοῖς
1094 1961 1401 2031 ἀνονήτοις,
1433 1960 1527 2013 καὶ
1569 1958 1820 2029 καθάπερ
1858 1960 1887 2012 ὁ

295 2046 391 2099 διὰ
439 2046 703 2119 βορϐόρου
758 2049 901 2113 τινὸς
943 2050 1238 2105 διελαύνων
1273 2051 1365 2105 τὸν
1415 2052 1600 2116 ἵππον,
1652 2052 1747 2103 καὶ
1788 2051 1886 2119 τῆς

297 2137 516 2190 ἐκεῖθεν
541 2138 736 2207 ἀηδίας
765 2140 1312 2211 καταπιμπλάμενος,
1335 2140 1478 2193 οὕτω
1499 2137 1653 2208 κάγὼ
1675 2138 1762 2193 διὰ
1787 2138 1887 2208 τῆς

301 2232 530 2300 μνήμης
556 2229 665 2282 τῶν
701 2231 1103 2303 γεγραμμένων
1134 2230 1397 2300 διεξάγων
1421 2231 1513 2284 τὸν
1543 2230 1700 2299 λόγον
1726 2247 1889 2284 κατα-

298 2319 522 2391 μολύνω
550 2319 613 2373 τὸ
644 2319 986 2392 σύγγραμμα
1006 2360 1019 2385 ,
1054 2321 1282 2393 πρέπειν
1308 2320 1551 2392 ἡγοῦμαι
1585 2320 1764 2375 πάντα
1797 2320 1887 2373 τὸν

293 2409 545 2463 τοιοῦτον
591 2409 879 2480 συρφετὸν,
925 2411 1075 2474 ὅπως
1116 2410 1183 2465 ἂν
1287 2411 1533 2471 δυνατὸν,
1575 2410 1765 2482 ὑψηλῷ
1794 2409 1887 2462 καὶ

295 2505 463 2572 ταχεῖ
485 2501 564 2572 τῷ
605 2501 807 2572 ἅλματι
837 2500 931 2555 τοῦ
956 2501 1116 2571 λόγου
1149 2502 1500 2574 διαπηδῆσαι.
1545 2501 1749 2555 Ἱκανὸν
1777 2499 1887 2571 γὰρ

297 2592 492 2663 κέρδος
515 2594 549 2663 ή
577 2595 771 2663 ταχεῖα
794 2595 901 2648 τῶν
922 2593 1100 2665 ἀηδῶν
1128 2592 1492 2665 ἀναχώρησις,
1527 2594 1663 2665 πρὸς
1695 2594 1756 2647 τὸ
1785 2593 1885 2647 πέ-

298 2700 405 2753 ρας
438 2682 538 2752 τῆς
588 2683 832 2755 ἱστορίας
871 2682 1201 2739 ἐπισπεῦσαι
1229 2683 1321 2738 τὸν
1359 2684 1517 2754 λόγον
1538 2703 1552 2717 ·
1602 2686 1679 2749 ὼς
1710 2685 1775 2740 ἂν
1810 2686 1884 2760 μὴ

296 2776 400 2827 καὶ
425 2773 504 2844 τῷ
531 2774 653 2845 ὲμῷ
686 2775 874 2846 βιϐλίῳ
917 2775 985 2829 τά
1020 2777 1121 2846 τῆς
1152 2775 1373 2848 πικρίας
1394 2813 1400 2819 ι
1420 2775 1597 2829 αὐτῶν
1640 2775 1887 2840 ὲνστάζοι

296 2864 371 2915 τὰ
402 2864 647 2934 ῥήματα.
689 2865 843 2936 Μόνη
877 2863 985 2936 γὰρ
1030 2864 1287 2936 πρεπέτω
1315 2866 1380 2936 τῇ
1421 2864 1693 2936 Εὐνομίου
1734 2868 1885 2937 φωνῇ

294 2951 534 3008 τοιαῦτα
565 2953 744 3023 λέγειν
767 2957 895 3026 περὶ
922 2955 1111 3025 ἱερέων
1130 2954 1268 3007 Θεοῦ
1285 2971 1300 2984 '
1375 2956 1762 3022 ὑπασπιστὰς
1789 2958 1883 3014 καὶ

291 3042 684 3115 ῥαϐδούχους
727 3048 824 3099 καὶ
860 3044 1231 3114 δορυφόρους
1261 3044 1763 3118 καταπλήσσοντας.
1779 3046 1887 3099 διε-

298 3136 719 3207 ρευνωμένους,
754 3134 935 3189 λαϐεῖν
961 3136 1062 3189 οὐκ
1100 3135 1492 3207 ἐπιτρέποντας
1532 3137 1624 3191 τὸν
1653 3138 1888 3208 κρυπτό·

298 3243 474 3297 μενον
492 3242 509 3258 ·
531 3226 625 3307 καὶ
656 3227 758 3280 ὅσα
788 3226 925 3280 ἄλλα
953 3226 1092 3280 κατὰ
1120 3225 1312 3291 πολιᾶς
1345 3226 1533 3299 ἱερέων
1562 3228 1663 3282 οὐκ
1698 3228 1887 3300 αἰσχύ-

296 3335 461 3372 νεται
484 3316 963 3389 γράφωι.⁹Ωσπερ
988 3318 1099 3390 γὰρ
1124 3320 1181 3373 ὲν
1214 3322 1323 3382 τοῖς
1348 3319 1750 3391 παιδευτηρίοις
1776 3320 1888 3374 τῶν

300 3409 511 3475 ἔξωθεν
538 3408 736 3477 λόγων,
768 3412 847 3473 είς
879 3411 1184 3481 γυμνασίαν
1213 3409 1313 3481 τῆς
1334 3410 1479 3464 κατὰ
1499 3412 1598 3481 τὴν
1640 3412 1887 3483 γλῶτταν

298 3502 400 3553 καὶ
416 3500 511 3553 τὸν
525 3499 652 3554 νοῦν
664 3502 1028 3573 ἑτοιμότητος,
1044 3502 1291 3572 ἀφορμαὶ
1304 3505 1619 3575 καταφορᾶς
1635 3506 1747 3567 τοῖς
1766 3522 1886 3575 μει-

302 3592 524 3663 ρακίοις
545 3591 940 3663 προϐάλλονται
966 3593 1111 3647 κατά
1132 3610 1277 3657 τινος
1296 3593 1547 3664 ἀορίστου
1570 3595 1885 3668 προσώπου-

298 3684 455 3738 οὕτω
479 3684 601 3737 κατ’
631 3684 843 3738 εὐθεῖαν
880 3682 1206 3756 ὑπεμϐαίνει
1233 3689 1347 3752 τοῖς
1381 3688 1828 3758 μνημονευθεὴιν
1860 3691 1890 3745 ὁ

302 3775 694 3845 συγγραφεύς·
748 3776 842 3831 καὶ
891 3774 989 3847 τὴν
1041 3778 1349 3848 κακήγορον
1395 3778 1579 3843 αὐτοῖς
1623 3779 1888 3852 ἐπαφίησι

296 3869 586 3936 γλῶσσαν,
616 3869 711 3922 καὶ
731 3868 799 3923 τὰ
838 3868 977 3940 ἔργα
998 3871 1096 3941 τῆς
1125 3870 1390 3941 πονηρίας
1442 3872 1694 3942 σιγήσας,
1726 3871 1889 3944 ψιλὴν

291 3962 496 4023 αὐτοῖς
514 3961 907 4026 κατασκευάζει
923 3959 1022 4033 τὴν
1035 3962 1518 4035 ἑωλοκρασίαντῶν
1533 3962 1762 4035 ὕϐρεων
1779 3966 1889 4019 πᾶν

292 4053 387 4105 ινε
399 4050 517 4114 ιδος
544 4054 664 4104 κατ’
699 4052 879 4105 αὐτῶν
930 4052 1298 4123 συμπλάσσων
1320 4069 1335 4084 °
1384 4055 1476 4109 καὶ
1526 4054 1793 4119 συντιθεὶς
1830 4056 1888 4109 ὲν

296 4148 424 4205 ταῖς
454 4142 743 4213 λοιδορίαις
771 4143 843 4196 τά
862 4144 1088 4215 ἄμικτα,
1117 4145 1495 4216 φακοτρίϐωνα
1522 4144 1889 4224 (αλστρατιώ-

290 4254 425 4308 την,
464 4235 558 4288 καὶ
588 4236 740 4303 ἇγιον
763 4235 1062 4305 ἐξάγιστον*
1089 4237 1195 4290 ὑπὸ
1224 4238 1477 4308 νηστείας
1501 4238 1557 4291 δὲ
1579 4238 1886 4310 ὠχριῶντα,

294 4327 394 4382 καὶ
423 4325 536 4379 ὑπὸ
569 4327 792 4398 πικρίας
824 4327 1067 4394 φονῶντα
1089 4370 1105 4392 ,
1148 4327 1243 4381 καὶ
1272 4327 1472 4400 πολλὴν
1498 4329 1752 4398 τοιαύτην
1785 4329 1890 4400 βω-

298 4416 573 4488 μολοχίαν
589 4458 605 4483 ,
635 4416 885 4489 καθάπερ
916 4420 973 4471 ὲν
1000 4421 1120 4482 ταῖς
1145 4417 1249 4483 ἔξω
1274 4420 1517 4489 πομπαῖς
1542 4420 1887 4492 διαϐέϐληταί

1988 1952 2182 2016 sando,
2219 1954 2517 2011 inhiaream
2546 1958 2603 2010 in
2639 1956 2725 2012 his
2756 1957 2975 2024 stultis;
3010 1966 3064 2023 et
3098 1962 3564 2029 quemadmodum

1988 2042 2057 2105 is,
2089 2044 2183 2113 qui
2212 2059 2312 2113 per
2337 2060 2556 2099 caenum
2586 2047 2695 2118 agit
2724 2062 2926 2117 equum
2951 2086 2967 2111 ,
3014 2063 3175 2103 coeno
3205 2065 3426 2121 quoque
3473 2067 3563 2110 as-

1986 2135 2233 2206 pergitur
2255 2143 2311 2191 et
2351 2139 2666 2193 maculatur
2698 2158 2713 2195 :
2745 2140 2819 2195 ita
2847 2155 2949 2210 ego
2986 2142 3151 2195 etiam
3187 2145 3562 2213 percurrendo

1985 2234 2041 2281 et
2070 2228 2550 2284 commemorando
2580 2230 2821 2301 singula,
2852 2248 2974 2302 qua:
3000 2234 3222 2305 scripsit
3249 2235 3355 2289 iste
3377 2276 3391 2299 ,
3425 2252 3561 2290 con-

1989 2318 2245 2372 taminem
2293 2319 2494 2374 librum
2531 2335 2709 2376 meum
2747 2340 2760 2376 :
2791 2330 3225 2379 consentaneum
3263 2324 3407 2381 duco
3432 2368 3446 2391 ,
3498 2335 3559 2381 ut

1986 2407 2168 2476 quoad
2196 2407 2311 2463 ﬁeri
2346 2410 2568 2480 poterit,
2601 2418 2773 2465 totam
2821 2411 2966 2465 hanc
3004 2413 3330 2482 colluvicm,
3363 2417 3472 2470 alto
3511 2425 3565 2471 et

1987 2498 2155 2553 celeri
2200 2500 2342 2554 saltu
2379 2501 2647 2557 orationis
2685 2503 3013 2570 transiliam,
3052 2519 3308 2573 magnum
3354 2509 3568 2561 emolu-

1987 2597 2232 2643 mentum
2283 2597 2442 2646 ratus
2465 2632 2479 2657 ,
2514 2605 2581 2645 es
2624 2590 2779 2646 hisce
2809 2592 3071 2650 sordibus
3099 2608 3263 2664 quam
3298 2595 3568 2651 citissime

1987 2679 2240 2744 evadere,
2271 2688 2327 2735 et
2352 2681 2588 2735 orationi
2608 2681 2769 2737 linem
2793 2683 3081 2753 imponere
3107 2701 3123 2740 :
3154 2699 3224 2741 ne
3242 2685 3379 2741 libro
3399 2687 3567 2742 etiam

1986 2786 2111 2826 meo
2144 2783 2510 2842 aspergantur
2546 2772 2867 2828 acerbitatis
2889 2774 3049 2845 plena
3075 2776 3364 2831 vocabula.
3389 2777 3565 2847 Cupio

1987 2861 2154 2926 enim,
2197 2867 2257 2915 ut
2286 2877 2354 2916 ex
2397 2861 2571 2916 solius
2610 2859 2866 2917 Eunomii
2904 2877 3000 2918 ore
3025 2864 3292 2933 prodeant
3312 2865 3403 2919 illa
3427 2881 3565 2921 con-

1988 2958 2075 3005 tra
2105 2951 2426 3008 sacerdotes
2486 2952 2582 3008 Dei
2620 2955 2873 3009 convicia
2905 2971 2921 3009 :
2954 2953 3084 3009 dum
3133 2967 3293 3011 vocat
3337 2972 3438 3013 nos
3474 2975 3564 3013 sa-

1989 3042 2180 3097 tellites
2220 3050 2274 3098 et
2315 3043 2527 3098 lictores
2553 3050 2608 3099 et
2632 3055 2907 3114 satrapas,
2941 3045 3036 3116 qui
3064 3049 3364 3117 percellant
3388 3059 3443 3105 et
3474 3051 3563 3105 in-

1989 3132 2190 3203 dagent
2224 3131 2633 3198 absconditum,
2667 3141 2723 3191 et
2753 3134 2967 3190 latitare
2995 3136 3268 3192 volentem
3297 3152 3407 3193 non
3440 3155 3564 3210 per-

1990 3222 2246 3287 mittant,
2294 3228 2351 3276 et
2386 3221 2471 3278 his
2506 3223 2705 3278 similia
2732 3263 2745 3288 ,
2793 3239 2921 3294 quae
2963 3233 3158 3281 contra
3195 3230 3567 3285 venerandam

1989 3312 2336 3367 sacerdotum
2354 3313 2609 3369 canitiem
2628 3329 2882 3371 evomere
2908 3332 3017 3371 non
3045 3319 3342 3375 erubescit.
3369 3321 3568 3386 Quem-

1988 3403 2281 3460 admodum
2333 3407 2481 3461 enim
2528 3408 2583 3462 in
2641 3407 2789 3464 ludis
2830 3408 3119 3466 litterariis
3170 3412 3237 3466 ad
3283 3414 3566 3485 styli,lin-

1990 3509 2113 3565 sua:
2139 3502 2199 3551 et
2224 3496 2425 3551 mentis
2456 3498 2936 3567 exercitationem,
2966 3507 3018 3556 et
3054 3501 3363 3571 expeditam
3392 3501 3566 3560 facili-

1989 3594 2176 3651 tatem,
2212 3588 2456 3643 themata
2487 3589 2736 3660 quredam
2771 3589 3213 3649 adolescentibus
3245 3608 3565 3665 proponun-

1993 3688 2103 3747 tur,
2133 3680 2334 3751 quibus
2366 3682 2512 3737 velut
2549 3698 2688 3738 ansa
2717 3682 2955 3754 quadam
2986 3694 3206 3757 arrepta
3235 3686 3570 3744 invehantur

1991 3770 2047 3825 in
2101 3771 2366 3826 incertam
2410 3772 2703 3843 quamdam
2751 3788 3081 3844 personam:
3124 3776 3200 3831 ita
3243 3778 3347 3832 iste
3379 3777 3566 3833 decla-

1992 3870 2172 3917 mator
2226 3864 2283 3918 in
2334 3865 2627 3934 pradictos
2688 3865 2783 3922 Dei
2840 3867 3154 3923 sacerdotes
3193 3875 3310 3923 toto
3360 3869 3571 3940 impetu

1991 3956 2248 4022 incurrit,
2278 3965 2334 4013 et
2363 3958 2681 4014 maledicam
2724 3958 2946 4031 stringit
2987 3959 3229 4030 linguam
3250 3997 3266 4024 ,
3308 3962 3572 4031 nulloque

1991 4048 2177 4115 allato,
2209 4047 2370 4118 cujus
2403 4049 2480 4103 rei
2525 4049 2677 4115 sint,
2720 4048 2985 4115 crimine,
3043 4048 3159 4104 sola
3217 4050 3569 4106 conviciandi

1990 4139 2217 4195 libidine
2246 4138 2378 4209 ipsis
2405 4140 2660 4203 insultat;
2687 4139 2947 4193 omnibus
2971 4147 3166 4194 contra
3194 4139 3320 4196 illos
3346 4144 3568 4212 probris

1990 4229 2246 4285 conﬁctis
2273 4269 2288 4294 ,
2336 4240 2389 4285 et
2427 4228 2724 4283 calumniis
2774 4228 3197 4299 incompositis,
3235 4233 3571 4303 appellitans

1992 4321 2244 4377 videlicet
2262 4320 2512 4386 militem,
2535 4318 2629 4390 qui
2658 4319 2900 4376 lentibus
2923 4331 3203 4391 vescatur,
3232 4332 3289 4380 et
3313 4334 3566 4382 sanctum

1990 4414 2111 4470 sine
2141 4412 2456 4475 sanctitate,
2488 4411 2718 4482 jejun‘iis
2748 4412 2971 4483 quidem
3007 4415 3322 4485 pallentem,
3363 4418 3459 4475 sed
3497 4421 3569 4475 ob

294 4524 409 4571 τις,
440 4508 518 4569 ὡς
541 4505 608 4559 δι’
638 4508 941 4580 ὑπερϐολὴν
964 4509 1235 4573 ἀναιδείας
1258 4510 1384 4565 ἄνευ
1416 4511 1760 4580 προσωπείου
1780 4529 1886 4565 κω-

1996 4504 2195 4560 tnentis
2247 4504 2554 4559 amaritiem
2613 4503 2793 4561 caades
2842 4506 3144 4576 spirantem
3181 4525 3197 4563 :
3233 4518 3293 4564 ut
3354 4517 3569 4567 taceam

299 4600 525 4669 μάζιον,
575 4599 746 4662 οὓτως
793 4600 970 4654 οὐδενὶ
1017 4600 1479 4672 παραπετάσματι
1515 4600 1615 4674 τὴν
1664 4602 1890 4675 πικρίαν

296 4688 507 4743 ἑαυτοῦ
533 4691 852 4757 συσκιάσας,
870 4694 1051 4763 γυμνῇ
1108 4692 1200 4746 καὶ
1227 4693 1722 4770 ἀπηρυοριασμένῃ
1743 4700 1894 4769 φωνῇ

295 4784 370 4837 τὰ
400 4783 471 4835 ὲκ
506 4784 609 4851 τῆς
635 4781 853 4853 ἁμάξης
896 4782 1216 4854 προσφέρει.
1250 4780 1383 4838 Εἶτα
1411 4786 1664 4857 ὁμολογεῖ
1700 4789 1785 4857 ἐφ’
1815 4782 1896 4851 οἷς

292 4874 697 4945 παροξύνεται,
733 4874 817 4927 ὅτι
849 4873 1085 4946 σπουδὴν
1113 4875 1412 4941 ἐποιοῦντο,
1451 4879 1636 4950 φησὶν,
1674 4880 1892 4940 ἐκεῖνοι,

297 4967 384 5037 μὴ
418 4964 652 5028 πολλοὺς
677 4968 746 5036 τῇ
771 4965 955 5037 ἀπάτῃ
985 4964 1190 5020 τούτων
1217 4966 1764 5039 συνδιαστρέφεσθαι’
1797 4971 1891 5024 καὶ

292 5058 393 5111 διὰ
424 5057 589 5111 τοῦτο
605 5055 943 5127 χαλεπαίνει,
972 5058 1064 5112 ἐπὶ
1084 5057 1163 5129 τῷ
1207 5057 1282 5130 μὴ
1313 5060 1479 5113 πᾶσιν
1506 5055 1589 5124 οἷς
1610 5060 1891 5115 ἐϐούλοντο

291 5152 493 5213 τόποις
564 5151 682 5203 κατ’
735 5150 982 5217 ιξουσίαν
1022 5151 1396 5224 ἐνδιατρίϐειν,
1456 5152 1593 5208 ἀλλά
1637 5153 1888 5221 γενέσθαι

296 5241 453 5296 κατὰ
487 5239 555 5292 ab
595 5240 921 5313 πρόσταγμα
965 5241 1062 5297 τοῦ
1106 5244 1227 5297 τότε
1258 5241 1617 5317 κρατοῦντος,
1646 5244 1888 5315 Φρυγίαν

304 5334 507 5394 αὐτοῖς
552 5330 892 5404 ινδιαίτημα,
921 5334 997 5397 ὡς
1041 5335 1107 5389 ἂν
1140 5336 1214 5407 μὴ
1247 5334 1432 5388 πολλοὶ
1468 5334 1786 5405 βλάπτοιντο
1821 5338 1885 5407 τῇ

295 5423 531 5494 πονηρᾷ
559 5422 832 5495 συνουσίᾳ’
858 5425 952 5479 καὶ
970 5425 1111 5498 ὑπὲρ
1132 5425 1338 5480 τούτων
1359 5423 1681 5494 ἀγανακτῶν
1701 5426 1884 5480 ἐκεῖνα

384 5590 467 5659 la)
494 5588 744 5659 34mg.
775 5582 941 5659 Prov:
971 5581 1147 5659 Φακδν
1175 5581 1415 5659 κόπτειν,
1445 5578 1625 5659 indere
1642 5590 1887 5659 gperam.

378 5647 459 5727 (ὑί
488 5647 867 5729 Theoduretns
889 5653 982 5707 lib.
1000 5651 1063 5705 de
1092 5650 1525 5729 Hare_t._fab_ulis
1548 5664 1567 5703 :
1596 5647 1907 5729 «Atlansatl-

297 5720 587 5785 tiu's'cum
607 5725 849 5781 nondum
888 5738 920 5778 a
942 5730 1088 5779 recta
1109 5722 1194 5778 via
1226 5722 1558 5790 deﬂexisset,
1590 5720 1803 5775 Aetium
1836 5720 1895 5770 in

1994 4598 2132 4653 alias
2163 4595 2221 4651 id
2245 4610 2416 4667 genus
2450 4593 2817 4650 scurrilitates
2857 4595 2912 4649 in
2961 4596 3245 4667 gentilium
3286 4601 3571 4655 conventi-

1993 4691 2117 4754 bus,
2156 4687 2443 4742 hominum
2473 4684 2934 4742 traducendorum
2971 4688 3147 4756 gratia
3194 4689 3439 4746 adhiberi
3477 4705 3569 4747 so-

1993 4783 2138 4837 litas.
2192 4779 2261 4835 Et
2317 4779 2538 4851 quidem
2587 4778 2835 4835 nonnulli
2882 4793 2949 4833 eo
2989 4780 3339 4850 impudentia:
3371 4795 3567 4850 proce-

1992 4873 2149 4940 dunt,
2187 4881 2249 4927 ut
2289 4872 2418 4926 talia
2458 4870 2706 4926 convicia
2744 4870 2863 4926 sine
2893 4870 3038 4924 larva
3062 4871 3317 4941 jactitent
3349 4890 3364 4929 :
3404 4873 3478 4928 ita
3511 4883 3568 4929 ct

1955 4972 1958 4975 ‘
1998 4968 2106 5021 iste
2146 4965 2300 5020 nullo
2334 4971 2650 5035 tegumenta
2692 4963 2989 5019 acerbitate
3021 4976 3120 5018 sua
3154 4964 3347 5027 velata,
3398 4964 3566 5021 libera

1997 5067 2053 5114 et
2082 5058 2384 5130 imprudenti
2417 5071 2570 5123 voce,
2606 5070 2672 5112 ex
2704 5056 2952 5128 plaustro
2983 5057 3233 5111 convicia
3282 5055 3479 5118 fundit.
3516 5065 3569 5111 et

1997 5151 2216 5205 tandem
2245 5164 2409 5221 quam
2440 5148 2513 5203 ob
2530 5162 2755 5203 causam
2791 5147 2927 5202 adeo
2959 5148 3029 5202 sit
3058 5147 3325 5212 irritatus,
3355 5148 3568 5218 prodit;

1997 5244 2125 5314 quia
2178 5240 2495 5296 sacerdotes
2541 5238 2636 5294 Dei
2686 5254 2907 5309 operam
2962 5238 3263 5303 dederunt,
3313 5255 3381 5295 ne
3412 5243 3567 5297 multi

1997 5333 2283 5387 fraudibus
2312 5339 2366 5385 et
2397 5329 2725 5401 imposturis
2754 5329 2984 5383 istorum
3016 5328 3566 5388 ciretnnvenirenlur.

1995 5424 2070 5497 (b)
2094 5422 2207 5479 lloc
2236 5420 2629 5487 scilicctdolet,
2649 5434 2863 5477 necnon
2887 5429 2943 5475 et
2975 5418 3129 5487 illud,
3153 5421 3300 5491 quod
3334 5438 3444 5478 non
3474 5424 3571 5478 lna-

2007 5574 2293 5652 quatlidam
2330 5572 2583 5652 Phrygia:
2621 5570 2969 5652 solitudinem
3016 5570 3294 5652 relegavit.
3347 5589 3397 5652 λ*
3422 5568 3570 5652 Ιιξςοιιι

2020 5639 2087 5705 de
2114 5644 2382 5699 Eunomia
2422 5639 2507 5698 :7
2548 5644 2605 5697 In
2646 5645 2881 5713 quadam
2922 5639 3253 5715 Pamphylia:
3280 5639 3572 5699 solitudine

2012 5716 2258 5776 habitare
2281 5722 2504 5771 coactus
2520 5721 2622 5770 cst.
2636 5732 2654 5765 ι
