4008 6210
528 264 638 322 259

1771 260 1827 314 S.
1861 259 2187 316 GREGORII
2225 261 2512 317 NYS‘r‘ENl
3652 263 3745 320 960

537 380 758 433 huerint
779 382 1100 448 potestatem
1117 373 1321 442 ubique
1343 372 1584 426 locorum
1607 371 1908 436 habitandi,
1925 374 1994 427 im
2005 388 2096 443 pe—

2209 374 2434 444 γράφει-
2469 371 2580 427 Kal
2607 371 2644 438 ἡ
2671 369 2871 438 πολλὴ
2903 371 3174 439 βαρύτης
3193 370 3309 424 τῶν
3340 371 3556 440 ἄθλων,
3577 375 3662 429 καί
3685 379 3747 434 τὰ

528 470 727 524 ratoris
765 469 949 523 edicto
983 466 1041 520 in
1089 464 1376 534 Phrygiam
1432 464 1686 534 relegati,
1735 481 1803 520 ne
1857 466 2100 536 complu-

527 573 618 612 res
648 556 907 626 pestifero
941 569 1042 608 suo
1077 554 1334 607 convictu
1368 551 1656 608 inficerent
1679 593 1693 616 ,
1725 562 1948 624 propter
1978 569 2100 622 qua:

527 649 609 704 ira
648 662 914 702 accensus
951 647 1022 700 ita
1063 645 1298 700 scribit:
1330 645 1397 699 Et
1436 646 1671 714 gravitas
1719 647 2095 710 certaminum,

527 751 577 794 et
602 739 958 794 intoleranda:
1003 754 1278 800 mrumnw,
1312 745 1361 793 et
1389 739 1584 792 invicta
1611 755 1972 793 aerumnarum
2019 750 2101 793 to-

530 832 762 885 lerantia
787 832 920 885 satis
937 833 1260 894 enituerunt,
1282 829 1492 900 quando
1516 846 1634 882 cum
1665 827 1897 900 Phrygia
1923 832 2100 886 natale

526 925 703 978 solum
733 933 1145 978 commutarunt.
1178 922 1415 978 Omnino
1445 937 1596 976 vero.
1631 921 1744 976 Non
1768 924 1910 978 enim
1936 922 2099 978 dede-

526 1016 641 1070 cori
688 1025 844 1070 erant
889 1015 1148 1071 Oltiserio
1201 1013 1291 1067 illa
1325 1051 1338 1076 ,
1389 1028 1511 1082 quae
1556 1023 1855 1068 evenerunt
1885 1033 1896 1068 :
1925 1028 2099 1083 neque

525 1113 841 1160 everterunt
873 1113 1113 1174 paterna:
1146 1104 1332 1174 glorize
1368 1104 1766 1164 excelsitatem,
1801 1120 1976 1174 neque
2009 1121 2099 1174 ge-

528 1195 677 1250 neris
711 1193 1058 1263 splendorcm
1089 1193 1290 1261 injuria
1323 1191 1617 1247 affecerunt
1643 1232 1656 1255 ,
1697 1201 1757 1246 ut
1793 1194 2096 1264 periculum

525 1290 694 1345 esset,
746 1295 817 1334 ne
865 1296 950 1346 ea,
992 1281 1064 1335 ob
1091 1296 1212 1350 qua:
1243 1297 1390 1334 nunc
1447 1289 1766 1345 succenset,
1827 1284 2099 1338 redunda-

531 1378 654 1426 rent
699 1385 918 1440 quoque
964 1371 1029 1425 ad
1067 1372 1335 1426 celebrem
1373 1379 1426 1427 et
1468 1373 1802 1429 binominem
1845 1373 2094 1429 Priscum

527 1461 691 1530 hujus
748 1464 920 1532 patris
975 1470 1228 1533 patrem:
1263 1462 1408 1518 unde
1461 1463 1564 1518 istc
1613 1471 1722 1517 tam
1766 1464 1998 1519 eximias
2046 1475 2101 1519 et

527 1554 822 1623 przeclaras
859 1553 926 1608 de
973 1553 1184 1624 origine
1235 1569 1335 1609 sua
1390 1555 1545 1623 petiit
1593 1556 1935 1610 narrationes
1979 1575 1992 1610 :
2033 1555 2100 1610 de

527 1646 669 1698 mola
699 1645 957 1699 nimirum
987 1653 1040 1700 et
1069 1645 1222 1698 corio
1243 1685 1257 1709 ,
1289 1645 1582 1714 servilique
1610 1645 1871 1702 demenso
1892 1685 1906 1710 ,
1934 1655 1988 1701 et
2033 1647 2100 1702 de

525 1735 733 1804 reliqua
785 1735 1100 1790 haereditate
1139 1735 1448 1790 Chanaan:
1483 1744 1537 1790 et
1593 1737 1640 1791 si
1687 1739 1878 1792 horum
1926 1737 2098 1808 gratia

526 1826 982 1895 vituperationem
1002 1827 1372 1891 merebantur,
1394 1827 1486 1897 qui
1508 1827 1615 1884 illis
1628 1829 1878 1884 exsilium
1903 1844 2098 1900 procu-

526 1923 720 1969 rarunt
749 1933 763 1969 :
795 1917 969 1970 fateor
1009 1927 1060 1971 et
1093 1931 1197 1986 ego
1230 1917 1426 1987 dignos
1475 1932 1597 1973 esse
1645 1919 2096 1988 reprehensione,

524 2007 616 2076 qui
665 2006 860 2060 horum
907 2008 1029 2064 istis
1058 2023 1224 2064 causa
1261 2008 1503 2074 fuerunt,
1539 2009 1582 2064 si
1621 2009 1715 2080 qui
1750 2019 1931 2065 tamen
1978 2012 2098 2067 fue-

527 2108 654 2153 runt
687 2118 700 2154 :
729 2099 1027 2155 effecerunt
1056 2101 1223 2164 enim,
1258 2110 1319 2155 ut
1358 2116 1541 2155 rerum
1582 2100 1650 2156 ab
1677 2101 1799 2157 istis
1822 2113 2096 2173 gestarum

526 2191 788 2244 memoria
819 2191 1031 2260 sepulta
1065 2192 1358 2260 plerosque
1386 2191 1633 2247 moribus
1656 2198 1710 2247 et
1737 2192 1850 2246 vita
1886 2195 2096 2264 gravio-

525 2296 614 2336 res
668 2280 878 2350 fugiat,
921 2295 1100 2349 neque
1148 2280 1420 2352 integrum
1479 2282 1552 2337 sit
1590 2284 1988 2352 posterioribus
2029 2286 2096 2342 de

531 2371 827 2441 praeteritis
873 2371 1147 2426 curiosius
1191 2372 1504 2441 inquirere,
1537 2387 1650 2442 quo
1702 2374 1916 2429 tandem
1968 2391 2096 2432 sau-

524 2461 692 2532 guine
717 2463 878 2516 ambo
916 2463 1272 2532 proscminati
1302 2471 1354 2518 et
1382 2463 1528 2534 quod
1561 2465 1684 2520 vita:
1717 2465 2028 2522 institutum
2065 2484 2096 2524 a

522 2553 770 2623 patribus
785 2561 1068 2624 acceptum
1091 2554 1264 2610 secuti
1285 2555 1424 2620 sint;
1445 2565 1498 2610 et
1535 2556 1664 2625 quid
1691 2557 1872 2614 minus
1901 2561 2099 2630 quidve

527 2645 744 2715 majus,
787 2661 952 2717 quam
998 2645 1192 2702 deceat
1230 2647 1430 2704 liberos
1481 2656 1534 2703 et
1580 2648 1848 2719 ingenuos
1875 2691 1889 2716 ,
1937 2651 1990 2705 in
2037 2667 2096 2708 se

527 2739 907 2804 observantes,
950 2746 1135 2810 postea
1176 2739 1240 2794 ad
1283 2748 1490 2794 tantam
1530 2741 1772 2798 nominis
1802 2743 2091 2799 celebrita-

520 2839 630 2885 tem
693 2831 1002 2902 famamque
1053 2833 1433 2904 pervenerint,
1479 2840 1538 2887 ut
1585 2843 1640 2888 et
1671 2835 2100 2903 imperatoribus

2201 463 2624 518 δυσϐάστακτα
2659 461 2816 530 πάθη
2841 479 2854 492 ο
2888 461 2989 515 καὶ
3019 462 3057 528 ἡ
3085 461 3329 532 τωθαία
3356 462 3474 515 τῶν
3510 469 3750 538 παθημά.

2202 573 2318 609 των
2340 555 2613 624 ὑπομονή
2633 595 2646 618 ,
2673 555 2734 608 τὸ
2777 553 3038 624 Φρυγίαν
3058 552 3281 619 αὐτοὺς
3302 555 3433 610 ἀντὶ
3466 555 3574 625 τῆς
3603 558 3750 631 ἐνεγ-

2201 648 2428 713 κούσης
2454 645 2852 710 ἀλλάξασθαι.
2876 646 3024 700 Πάνυ
3051 661 3132 714 γε.
3156 645 3228 699 Οὐ
3247 645 3353 718 γὰρ
3377 647 3572 713 ὄνειδος
3591 645 3651 722 ἦν
3675 651 3745 722 τῷ

2213 738 2529 809 Ὀλτισηρίῳ
2565 739 2640 807 (a)
2668 737 2738 790 τὰ
2770 737 3183 808 συμϐεϐηκότα,
3237 739 3331 791 καὶ
3363 740 3456 794 τοῦ
3507 745 3750 812 πατρικοῦ

2203 828 2552 898 φρονήματος
2573 826 2891 896 καθαίρεσιν
2913 819 3139 898 φέροντα
3162 869 3176 891 ,
3218 828 3311 880 καὶ
3336 829 3435 898 τὴν
3463 829 3552 883 τοῦ
3587 832 3753 900 γένους

2201 917 2357 982 ἀξίαν
2387 918 2696 988 ὑϐρίζοντα,
2729 918 2805 982 ὡς
2845 919 2920 990 μὴ
2972 919 3037 974 ἂν
3074 919 3290 972 ἑλέσθαι
3336 920 3506 974 ταῦτα
3530 962 3544 986 ,
3571 923 3648 993 ἐφ’
3680 919 3754 988 οἷς

2201 1007 2296 1063 νῦν
2330 1008 2668 1078 χαλεπαίνει,
2698 1010 2788 1064 τὸν
2815 1010 3112 1080 ὀνομαστὸν
3133 1013 3359 1076 ἐκεῖνον,
3391 1013 3484 1066 καὶ
3508 1013 3755 1085 διώνυμον

2201 1100 2438 1172 Πρίσκον
2461 1100 2550 1154 τὸν
2577 1101 2670 1155 τοῦ
2705 1101 2910 1173 πατρὸς
2931 1102 3118 1155 τούτου
3151 1102 3384 1175 πατέρα.
3417 1101 3573 1160 Ὅθεν
3601 1105 3757 1176 τούτῳ

2200 1193 2267 1245 τά
2305 1192 2532 1264 λαμπρὰ
2556 1232 2570 1256 ,
2607 1193 2699 1246 καὶ
2735 1193 3068 1265 περίϐλεπτα
3101 1192 3194 1246 τοῦ
3231 1195 3421 1263 γένους
3446 1195 3560 1249 ἐστὶ
3584 1195 3755 1268 διηγήο

2205 1304 2366 1356 ματα.
2412 1287 2468 1339 Ὀ
2501 1286 2706 1355 μύλων,
2741 1286 2919 1339 καὶτὸ
2949 1285 3162 1351 σκύτος,
3194 1287 3288 1340 καὶ
3313 1285 3372 1340 τὸ
3391 1287 3649 1349 οἰκετικὸν
3681 1304 3755 1339 σι-

2201 1376 2477 1447 τηρέσιον,
2517 1379 2611 1431 καὶ
2649 1377 2681 1447 ἡ
2727 1375 2884 1446 λοιπὴ
2915 1375 3007 1429 τοῦ
3039 1375 3258 1430 Χαναὰν
3289 1375 3639 1447 κληρονομίαι
3669 1378 3756 1430 καὶ

2202 1468 2293 1520 ἐπὶ
2314 1468 2522 1532 τούτοις
2556 1468 2660 1521 ἔδει
2691 1468 3007 1532 κακίζεσθαι
3033 1469 3157 1530 τοὺς
3183 1467 3281 1538 τὴν
3317 1468 3635 1538 μετάστασιν
3663 1469 3754 1522 αύ-

2201 1561 2312 1625 τοῖς
2343 1560 2798 1630 προξενήσαντας.
2837 1556 3164 1626 Συντίθεμαι
3192 1555 3364 1626 τούτῳ
3387 1555 3561 1624 κάγὼ,
3595 1557 3750 1619 ὅντως

2202 1648 2341 1715 ἄξιοι
2369 1651 2468 1719 τῆς
2503 1650 2636 1721 παρ’
2665 1648 2844 1702 αὐτῶν
2873 1648 3151 1719 μέμψεως,
3179 1648 3229 1700 oi
3257 1646 3460 1700 τούτων
3492 1648 3662 1711 αὐτοῖς
3686 1648 3760 1700 ai-

2203 1758 2306 1793 τιοι
2331 1739 2635 1808 γεγονότες,
2668 1739 2822 1809 είπερ
2850 1739 2986 1802 ὅλως
3027 1739 3136 1790 είσί
3179 1755 3342 1802 τινες,
3377 1737 3412 1808 ἢ
3451 1738 3719 1808 γεγόνασιν
3742 1757 3754 1770 -

2202 1834 2283 1885 ὅτι
2313 1830 2420 1885 τῶν
2451 1831 2905 1902 προϐεϐιωμένων
2929 1833 2963 1900 ὴ
2987 1828 3188 1898 γνῶσις
3209 1828 3298 1882 διὰ
3327 1828 3531 1882 τούτων
3565 1845 3752 1898 συγκα-

2201 1923 2464 1992 λυφθεῖσα
2505 1923 2851 1994 παραιρεῖται
2880 1921 2987 1974 τῶν
3027 1920 3367 1992 σεμνοτέρων
3393 1921 3489 1992 τὴν
3514 1921 3718 1992 μνήμην
3740 1939 3752 1951 ο

2203 2015 2297 2068 καὶ
2343 2015 2441 2068 οὐκ
2487 2016 2551 2084 ἐᾷ
2600 2012 3166 2085 πολυπραγμονεῖσθαι
3215 2011 3284 2065 τὰ
3332 2011 3438 2065 τῶν
3485 2013 3752 2083 παρόντων

2203 2108 2579 2180 πρεσϐύτεραο
2635 2106 2824 2170 ὁποίας
2873 2106 3130 2176 ἑκάτερος
3175 2104 3236 2158 τὺ
3288 2103 3566 2174 καταρχὰς
3615 2103 3760 2168 ἀξίας

2201 2197 2537 2269 ὡρμήθησαν
2561 2237 2576 2260 ,
2607 2196 2765 2250 ποίαν
2812 2197 2876 2249 ἐκ
2910 2195 3159 2266 πατέρων
3198 2193 3411 2264 ἔχοντες
3454 2191 3756 2245 ἀκολουθίαν

2200 2289 2291 2342 τοῦ
2333 2289 2448 2360 βίου
2470 2306 2482 2319 ·
2517 2289 2572 2342 τί
2612 2288 2829 2360 μικρὸν,
2872 2286 2905 2356 ἦ
2947 2285 3131 2355 μεῖζον
3158 2283 3264 2337 τῶν
3297 2283 3597 2353 ἐλευθέροις
3632 2299 3760 2353 πρε-

2203 2383 2408 2434 πόντων
2442 2380 2651 2442 ἑαυτοῖς
2681 2376 3097 2445 συνεγνωκότες,
3125 2373 3310 2426 ἒπειτα
3331 2373 3577 2425 τοσοῦτον
3600 2373 3759 2439 ἐγνωο

2204 2471 2467 2546 ρίσθησάν
2505 2487 2566 2524 τε
2597 2470 2691 2524 καὶ
2726 2466 3141 2538 ὠνομάσθησαν,
3189 2465 3328 2517 ὥστε
3369 2465 3462 2517 καὶ
3492 2463 3756 2533 βασιλεῦσι

2201 2563 2450 2633 γενέσθαι
2504 2560 2791 2631 γνώριμοι,
2835 2556 3016 2620 καθὼς
3071 2555 3490 2627 μεγαλαυχεῖται
3538 2553 3626 2607 νῦν
3681 2553 3755 2622 τῷ

2204 2655 2617 2726 συγγράμματι,
2647 2653 2741 2707 καὶ
2771 2652 2947 2713 πάσας
2966 2653 3065 2712 τὰς
3087 2645 3455 2718 ὑπερεχούσας
3483 2644 3649 2716 ἀρχὰς
3663 2644 3756 2696 ἐπ’

2201 2748 2382 2810 αὐτοῖς
2410 2744 2795 2815 συγκινεῖσθαι,
2837 2742 2931 2796 καὶ
2959 2741 3050 2793 ἐπὶ
3079 2739 3210 2792 πολὺ
3240 2738 3339 2807 τῆς
3367 2735 3678 2806 οἰκουμένης
3696 2733 3764 2786 τὰ

2211 2839 2329 2893 καθ’
2357 2840 2581 2902 ἑαυτοὺς
2595 2833 2965 2907 διαφέρεσθαι.

521 2922 951 2988 innotescerent,
989 2923 1130 2979 sicut
1161 2925 1214 2977 in
1246 2923 1350 2978 hoc
1383 2927 1590 2994 scripto
1631 2925 1931 2982 insolenter
1979 2928 2082 2986 iste
2120 2932 2408 3003 gloriatur,
2444 2940 2612 3001 utque
2667 2928 2851 2984 omnia
2889 2925 3112 2996 imperia
3135 2932 3189 2978 et
3225 2921 3574 2993 magistratus
3642 2933 3770 2988 pro-

526 3021 644 3082 pter
663 3015 810 3083 ipsos
836 3023 1336 3076 commoverentur,
1369 3022 1423 3067 et
1452 3022 1508 3066 ut
1529 3014 1866 3082 potissimam
1893 3019 2080 3073 mundi
2121 3029 2328 3091 partem
2357 3021 2604 3076 doctrina
2639 3018 2855 3072 illorum
2884 3021 3288 3086 pervagaretur.

595 3105 675 3158 An
729 3121 835 3158 non
889 3105 1038 3161 hisce
1091 3107 1285 3167 rebus.
1335 3106 1380 3159 si
1417 3121 1601 3160 verum
1651 3105 1806 3162 fateri
1829 3110 2094 3178 velimus,
2125 3121 2166 3175 c

496 3213 688 3269 quam
721 3197 954 3250 maxima
988 3196 1186 3265 injuria
1217 3197 1452 3266 irrogata
1477 3206 1581 3260 est,
1629 3199 1709 3252 vel
1749 3199 1851 3269 ipsi
1885 3203 2092 3255 oratio-

521 3304 653 3343 num
678 3287 956 3357 scriptori,
988 3287 1070 3342 vel
1097 3288 1271 3357 ipsius
1294 3287 1575 3358 magistro,
1604 3294 1660 3342 et
1693 3289 1936 3358 ejusdem
1969 3294 2092 3346 vita:

523 3379 826 3434 institutori
854 3377 1034 3441 Aetio,
1058 3393 1218 3447 quem
1247 3377 1382 3430 mihi
1409 3377 1626 3432 videtur
1654 3377 1954 3437 Ennomius
1984 3398 2092 3437 non

523 3482 632 3526 tam
667 3469 950 3539 suspicere
980 3470 1050 3522 ob
1091 3468 1404 3538 dogmatum
1451 3473 1892 3541 perversitatem,
1929 3492 2092 3546 quam

521 3562 594 3618 ob
626 3563 748 3615 vita:
782 3560 1101 3630 compendia
1127 3570 1179 3614 et
1201 3560 1425 3628 c0pias?
1445 3561 1589 3630 quod
1616 3562 1840 3627 afﬁrmo,
1870 3581 1978 3620 non
2010 3567 2094 3620 in-

523 3653 693 3708 certis
721 3652 1048 3722 quibusdam
1083 3650 1414 3720 conjecturis
1451 3653 1670 3720 ductus,
1706 3655 1800 3711 sed
1833 3656 1981 3712 hisce
2003 3672 2096 3712 au-

524 3742 680 3797 ribus
707 3740 841 3795 meis
863 3755 926 3794 ex
950 3739 1036 3802 iis,
1061 3738 1258 3806 quibus
1283 3738 1336 3792 id
1364 3739 1565 3808 Optime
1595 3751 1932 3810 compertum
1953 3750 2092 3805 erat,

523 3831 728 3886 certior
765 3829 960 3884 factus.
985 3827 1120 3882 Nam
1150 3828 1272 3897 quis
1304 3828 1548 3898 qualisve
1585 3827 1746 3884 fuerit
1777 3831 1966 3887 Aetius
1992 3831 2092 3903 (b),

528 3924 713 3978 audivi
741 3921 1016 3994 quondam
1040 3937 1106 3976 ex
1127 3921 1441 3975 Galatarum
1465 3920 1735 3993 Episcopo
1758 3923 2054 3979 Athanasio
2077 3943 2090 3979 :

524 4017 644 4071 viro
671 4018 757 4070 cui
779 4016 1010 4070 veritate
1035 4014 1171 4069 nihil
1193 4014 1292 4069 fuit
1319 4014 1618 4083 antiquius.
1650 4015 1852 4084 quique
1876 4016 1945 4070 ad
1977 4031 2093 4071 ma-

520 4107 694 4178 jorem
732 4107 890 4161 fidem
920 4106 1048 4163 illis.
1081 4121 1202 4174 qua:
1226 4105 1504 4171 narrabat,
1535 4105 1954 4173 conciliandam,
1981 4107 2095 4178 epi-

525 4201 719 4255 stolam
762 4196 977 4268 Georgii
1019 4195 1370 4251 Laodicensis
1400 4197 1828 4252 demonstrabat.
1873 4199 1924 4252 Is
1965 4213 2095 4269 ergo

523 4290 702 4344 aiebat
740 4289 952 4343 Aetium
1035 4303 1142 4341 non
1193 4288 1262 4342 ab
1316 4289 1536 4344 ineunte
1579 4297 1736 4344 aetate
1779 4289 2093 4359 dogmatum

525 4379 851 4436 absurditati
897 4377 1203 4444 studuisse;
1249 4379 1343 4434 sed
1390 4380 1650 4449 temporis
1703 4381 2090 4450 progressione

2272 3111 2398 3186 Ἆρ’
2445 3113 2564 3183 οὐχίΙ
2616 3110 2691 3182 τῷ
2740 3111 2852 3164 δντι
2900 3109 2966 3162 τὰ
2997 3108 3228 3177 μέγιστα
3281 3105 3368 3159 διὰ
3406 3103 3606 3158 τούτων
3653 3103 3772 3171 ἡδί·-

2199 3223 2381 3274 κηται,
2417 3205 2450 3274 ἦ
2483 3203 2643 3265 αὐτὸς
2666 3195 2819 3264 οὗτος
2844 3203 2871 3253 ὁ
2903 3199 3240 3270 λογογράφος
3260 3238 3276 3262 ,
3330 3197 3363 3266 ἦ
3396 3197 3424 3247 ὁ
3465 3193 3770 3266 προστάτης

2199 3296 2393 3360 αὑτοῦ,
2457 3295 2549 3348 καὶ
2603 3291 2696 3346 τοῦ
2751 3291 2934 3362 ὁμοίου
2986 3289 3100 3360 βίου
3171 3287 3485 3358 καθηγητὴς
3550 3285 3770 3347 ’Δέτιος,

2203 3390 2262 3441 ὃν
2302 3405 2391 3457 μοι
2423 3387 2571 3440 δοκεῖ
2603 3384 2676 3455 μὴ
2709 3382 2961 3436 τοσοῦτον
3011 3381 3144 3450 πρὸς
3186 3379 3282 3450 τὴν
3331 3378 3439 3431 τῶν
3487 3375 3769 3446 δογμάτων

2198 3481 2411 3550 ἀπάτην
2444 3477 2655 3547 βλέπων
2703 3467 3035 3546 ἐζηλωκέναι
3069 3513 3083 3536 ,
3126 3470 3260 3524 πολὺ
3305 3470 3360 3523 δὲ
3403 3469 3599 3540 μᾶλλον
3637 3465 3777 3536 πρὸς

2196 3571 2294 3640 τὴν
2345 3569 2434 3623 τοῦ
2493 3568 2608 3638 βίου
2652 3567 3004 3637 παρασκευήν
3046 3580 3106 3616 τε
3156 3563 3249 3615 καὶ
3294 3559 3589 3630 εύπορίαν;
3624 3557 3772 3625 λέγω

2197 3663 2253 3717 δὲ
2291 3660 2501 3723 ταῦτα,
2538 3659 2600 3711 οὐ
2635 3658 2964 3726 στοχασμοῖς
2993 3671 3102 3706 τισι
3139 3651 3589 3722 τεκμαιρόμενος,
3627 3645 3771 3700 ἀλλά

2195 3754 2302 3808 τῶν
2332 3750 2572 3824 ἀκριϐῶς
2610 3748 2930 3817 ἐγνωκότων
2951 3745 3215 3813 αὐτήκοος
3245 3740 3502 3811 γεγονώς.
3544 3739 3624 3791 Τά
3653 3737 3771 3808 γὰρ

2196 3845 2336 3898 κατά
2365 3843 2454 3896 τὸν
2481 3841 2682 3894 Ἀέτιον
2722 3837 2906 3892 τοῦτον
2934 3835 3249 3890 Ἀθανασίου
3291 3833 3421 3886 ποτέ
3449 3831 3542 3884 τοῦ
3586 3828 3765 3882 Γαλα-

2195 3931 2304 3986 τῶν
2343 3931 2637 3984 ἐπισκόπου
2675 3927 2922 3996 λέγοντος
2959 3927 3198 3996 ἥκουσα,
3246 3922 3437 3994 ἀνδρὸς
3478 3921 3579 3974 οὐκ
3609 3919 3675 3974 ἄν
3707 3934 3769 3971 τι

2198 4023 2303 4094 πρὸ
2328 4024 2426 4094 τῆς
2453 4021 2706 4092 ἀληθείας
2734 4018 3182 4090 προτιμήσαντος,
3225 4014 3360 4068 ἀλλά
3389 4012 3485 4066 καὶ
3506 4013 3586 4074 είς
3619 4026 3771 4080 μαρ-

2195 4115 2391 4186 τυρίαν
2420 4113 2530 4167 τῶν
2558 4112 2764 4167 πολλῶν
2785 4111 2879 4165 τοῦ
2906 4110 3063 4178 λόγου
3089 4147 3104 4173 ,
3134 4105 3407 4176 Γεωργίου
3430 4101 3523 4156 τοῦ
3547 4103 3609 4154 ἐκ
3637 4101 3778 4152 Λαο-

2194 4206 2402 4269 δικείας
2433 4203 2721 4274 ἐπιστολὴν
2748 4199 3165 4287 ἐπιδεικνύντος.
3208 4196 3399 4262 Ἔλεγε
3426 4194 3481 4247 δὲ
3511 4194 3586 4262 μὴ
3618 4190 3778 4287 παρά

2197 4298 2295 4369 τὴν
2329 4295 2550 4367 πρώτην
2587 4295 2750 4348 αὑτὸν
2779 4283 3223 4364 ἐγκεχειρηκέναι
3252 4289 3319 4358 τῇ
3345 4285 3450 4339 τῶν
3480 4283 3781 4353 δογμάτων

2198 4389 2433 4458 ἀτοπίᾳο
2474 4386 2684 4458 χρόνοις
2725 4385 2784 4438 δὲ
2824 4384 3050 4455 ὕστερον
3078 4383 3272 4452 τέχνην
3303 4378 3418 4449 βίου
3458 4377 3557 4444 τὴν
3596 4392 3782 4427 καινο-

524 4468 790 4522 doctrina:
839 4466 1100 4522 novanda:
1137 4481 1358 4536 operam
1406 4467 1624 4522 dedisse
1650 4505 1666 4530 ,
1699 4475 1759 4521 ut
1805 4468 1908 4522 hac
1943 4470 2092 4523 velut

2200 4478 2384 4548 τομίαν
2411 4476 2610 4546 ταύτην
2631 4472 3070 4546 προστήσασθαι·
3104 4469 3329 4523 ἐκδύντα
3349 4467 3455 4537 γὰρ
3479 4465 3645 4518 αὑτὸν
3669 4463 3784 4533 ἤδη

526 4563 644 4609 arte
681 4554 882 4609 victum
915 4553 1022 4608 sibi
1050 4561 1286 4623 pararet.
1315 4554 1515 4624 quippe
1565 4555 1717 4608 illum
1757 4555 1946 4610 relicta
1978 4557 2094 4611 cul-

526 4654 647 4700 tura
681 4645 871 4711 vineaa,
902 4659 1064 4714 quam
1087 4643 1402 4712 possidebat
1430 4645 1508 4714 (at
1529 4660 1690 4715 quam
1711 4645 1857 4714 juste
1880 4648 2092 4712 tacebo,

525 4752 593 4792 ne
632 4735 815 4790 videar
837 4733 1086 4790 odiosius
1128 4734 1498 4788 narrationem
1533 4735 1849 4805 auspicari),
1891 4737 2096 4804 princi-

526 4828 615 4897 pio
644 4825 860 4896 quidem
886 4823 1084 4879 factum
1110 4839 1232 4879 esse
1263 4823 1475 4878 fabrum
1513 4825 1871 4879 caminarium
1891 4868 1908 4892 ,
1937 4827 2094 4898 cujus

525 4934 616 4975 ars
649 4919 796 4972 circa
826 4917 1002 4988 ignem
1027 4925 1081 4972 et
1112 4916 1361 4972 fornaccs
1395 4915 1602 4971 ferreas
1639 4915 1987 4972 fabricandas
2011 4919 2094 4973 in—

524 5011 779 5076 sumitur,
805 5008 1062 5062 manibus
1093 5014 1400 5062 versantem
1423 5008 1646 5063 malleos
1675 5008 2005 5074 breviculus,
2041 5017 2096 5064 et

523 5103 716 5172 exiguo
750 5100 932 5156 incudi
971 5099 1212 5156 assidere
1246 5099 1462 5155 solitum
1492 5113 1505 5150 :
1537 5099 1641 5154 sub
1668 5100 1794 5154 exili
1841 5101 2090 5171 tugurio,

2196 4570 2296 4639 τὴν
2337 4567 2580 4621 δουλείαν
2609 4565 2905 4637 ἀμπελίδος
2948 4563 3048 4632 τῆς
3095 4558 3438 4630 κεκτημένης
3471 4555 3639 4610 αὑτὸν
3676 4557 3787 4625 (τὸ

2198 4658 2242 4711 δ’
2272 4658 2418 4720 ὅπως
2445 4657 2596 4709 οὐδὲν
2627 4655 2815 4725 δέομαι
2833 4650 3110 4721 λέγειν,ὼς
3135 4649 3200 4702 ἂν
3226 4648 3300 4719 μὴ
3325 4646 3541 4716 δόξαιμι
3565 4661 3789 4713 κακοηο

2198 4747 2446 4818 θέστερον
2475 4744 2568 4798 τοῦ
2591 4744 2924 4815 διηγήματος
2955 4737 3248 4806 ἅπτεσθαι)
3277 4735 3414 4791 εἶναι
3448 4737 3547 4807 μὲν
3601 4751 3790 4798 καμιο

2199 4838 2391 4910 νευτὴν
2426 4837 2546 4890 κατ’
2577 4835 2770 4907 ἀρχὰς,
2806 4833 2904 4905 τὴν
2933 4832 3174 4904 ἔμπυρον
3193 4828 3416 4898 ταύτην,
3442 4827 3538 4880 καὶ
3571 4825 3794 4896 βάναυ-

2202 4947 2290 4984 σον
2312 4930 2506 5000 τέχνην
2553 4927 2641 4981 διά
2680 4927 2860 4998 χειρὸς
2897 4925 3114 4995 ἔχοντα,
3146 4921 3327 4992 σφύρᾳ
3371 4919 3604 4989 βραχείᾳ
3631 4959 3648 4983 ,
3684 4917 3796 4970 καὶ

2197 5021 2392 5091 ἄκμονι
2459 5018 2639 5091 μικρῷ
2685 5016 3134 5089 προσκαθήμενον
3179 5011 3284 5066 ὑπὸ
3327 5009 3546 5081 τριχίνῃ
3593 5008 3791 5078 σκηνῇ

2196 5105 2463 5176 γλίσχρως
2495 5106 2588 5158 καὶ
2619 5103 2755 5174 μετά
2792 5103 2953 5156 πόνου
2984 5102 3052 5156 τὰ
3089 5101 3359 5168 ἀναγκαῖα
3397 5097 3491 5151 τοῦ
3533 5097 3661 5168 βίου
3694 5096 3795 5150 διὰ

2195 5197 2292 5266 τῆς
2337 5197 2598 5267 ἐργασίας
2629 5197 2833 5266 ταύτης
2879 5191 3366 5270 συμποριζόμενον.
3417 5188 3516 5250 Τίς
3546 5186 3670 5259 γὰρ
3721 5187 3800 5240 ἂν

2195 5288 2290 5341 καὶ
2318 5287 2532 5356 γένοιτο
2567 5288 2758 5358 μισθὸς
2805 5286 2953 5354 ἄξιος
2996 5285 3154 5354 λόγου
3193 5282 3271 5354 τῷ
3303 5279 3677 5352 θεραπεύοντι
3721 5279 3802 5332 τὰ

2198 5375 2480 5445 ὑπόσαθρα
2522 5376 2630 5430 τῶν
2681 5375 3076 5447 χαλκωμάτων,
3121 5372 3215 5426 καὶ
3269 5368 3614 5442 παραδύεὶγτι
3683 5367 3802 5431 τὰς

527 5193 858 5263 surdideque
883 5201 937 5247 et
963 5206 1158 5262 magna
1185 5191 1436 5246 molestia
1473 5190 1599 5245 vitae
1635 5193 1945 5247 necessaria
1990 5191 2094 5246 hoc

525 5300 626 5340 suo
675 5285 859 5340 labore
903 5291 1306 5354 comparantem
1339 5301 1352 5337 :
1384 5298 1546 5352 quam
1599 5283 1746 5336 enim
1785 5282 2091 5338 mercedem

526 5375 660 5430 adeo
689 5375 869 5447 magni
896 5375 1271 5430 aestimandam
1289 5381 1592 5432 mereretur
1619 5373 1729 5438 ille,
1759 5373 1851 5443 qui
1869 5374 2090 5444 subpal-

2255 5530 2327 5597 (h)
2358 5529 2496 5584 Aetii
2525 5530 2687 5582 vitam
2711 5528 3071 5597 miserrimam
3093 5523 3354 5597 describit
3384 5523 3546 5593 Grcg.
3577 5527 3797 5592 Nyss.,

597 5483 1015 5600 (αγθλτίσηρις.
1033 5528 1304 5585 obscurus
1322 5530 1477 5600 vicus
1506 5528 1560 5582 in
1579 5526 1955 5600 Cappadocia,
1975 5528 2075 5583 Eu-

2255 5530 2327 5600 (h)
2358 5529 2496 5584 Aetii
2525 5530 2687 5582 vitam
2711 5528 3071 5600 miserrimam
3085 5523 3305 5600 denseri};

681 5598 693 5652 i
719 5587 920 5656 patria:
933 5587 1094 5656 anna
1124 5587 1720 5656 ειιιηᾱιξηιὈλτισὴριόν
1745 5587 2006 5656 nominat.
2026 5606 2080 5652 et
2188 5587 2660 5656 ait'l‘heodorctus
2691 5599 2782 5654 lib.
2827 5600 2890 5654 de
2919 5595 3110 5651 Ha’ret.
3142 5587 3352 5656 fabulis.

527 5596 693 5656 nomii
719 5596 919 5668 patria,
933 5614 965 5668 a
989 5614 1094 5668 qua
1124 5596 2006 5668 enmdem‘mttcﬁptov’,nominat,
2026 5606 2080 5652 et

531 5671 685 5738 infra,
719 5666 918 5724 novum
939 5666 1186 5724 Paeanica
1219 5685 1285 5724 ex
1307 5666 1982 5737 Oltisiridc‘prodcuntem.
