4008 6210
290 282 393 341 26!

1427 276 1704 333 CONTRA
1746 273 2130 339 EUNDMIUM,
2174 275 2299 330 LIB.
2345 277 2382 329 l.

3425 276 3536 336 262

291 391 613 468 τρυμαλιὰς,
636 392 834 447 καὶτὸν
845 392 1165 465 κασσίτερον
1180 396 1296 457 ταῖς
1320 393 1550 463 πληγαῖς
1566 391 1863 448 ὲπιλύοντιῖ

1969 390 2075 443 lida
2107 397 2402 444 aeramenta
2437 387 2756 452 renovabat,
2785 389 2880 459 qui
2913 386 3182 444 foramina
3217 387 3532 455 obturaliat,

296 488 393 542 καὶ
423 485 819 557 μολιϐδοχοῦντι
847 485 955 538 τῶν
986 485 1227 556 λεδήτων
1247 485 1343 548 τὰς
1364 484 1549 555 βάσεις
1567 500 1580 512 ·
1612 482 1862 552 γενέσθαι

291 576 347 631 δὲ
378 576 475 647 τῆς
494 574 590 628 τοῦ
615 574 731 645 βίου
768 573 1067 644 μεταϐολῆς
1092 573 1291 639 αἰτίαν,
1326 574 1609 644 συμφοράν
1630 589 1749 625 τινα
1777 572 1864 624 διὰ

287 669 384 737 τῆς
408 666 604 735 τέχνης
630 664 915 736 συμϐᾶσαν
942 664 1111 736 αὐτῷ.
1133 665 1402 728 Λαϐόντος
1427 665 1535 735 γάρ
1558 680 1686 718 ποτε
1714 662 1865 735 παρὰ

286 759 545 827 γυναικὸς
589 758 969 829 στρατιώτιδος
1018 758 1248 829 χρύσεόν
1275 776 1327 812 τι
1375 756 1567 820 σκεῦος
1605 757 1712 810 τῶν
1735 757 1864 827 περὶ

284 852 515 923 δέῥρην,
546 851 579 921 ἥ
606 853 765 922 χεῖρα
797 852 1300 922 προκοσμημάτων,
1324 852 1410 920 ἐφ’
1432 843 1540 919 ᾧτε
1574 851 1673 921 τὴν
1712 867 1866 918 γενο-

290 944 465 1013 μένην
504 943 654 1013 αὐτῷ
704 943 921 1013 πληγὴν
975 941 1403 1014 διορθώσασθαι,
1461 943 1743 1012 ἀπατῆσαι
1796 943 1863 996 δι’

290 1035 540 1096 ἐπινοίας
566 1034 668 1103 τὴν
695 1036 979 1107 ἄνθρωπον
1003 1052 1017 1066 ·
1059 1037 1153 1088 καί
1195 1036 1488 1105 ὑφελέσθαι
1520 1037 1618 1106 μὲν
1647 1036 1706 1089 τὸ
1736 1035 1866 1106 χρύ-

292 1141 438 1186 σεον,
471 1122 778 1177 ἀντιδοῦναι
813 1123 872 1179 δὲ
904 1123 1132 1193 χάλκεον
1160 1124 1296 1195 αὐτῇ
1331 1123 1393 1176 τὸ
1432 1124 1645 1188 σκεῦος,
1686 1125 1869 1195 ἰσομέ-

292 1214 451 1281 γεθες
473 1213 552 1280 τῷ
581 1213 789 1284 χρυσῷ,
826 1213 919 1266 καὶ
947 1213 1047 1284 τὴν
1076 1215 1393 1284 ἐπιφάνειαν
1420 1216 1619 1285 ὁμοίως
1653 1216 1776 1288 ἔχον
1796 1217 1865 1272 δι’

287 1303 611 1358 ἐπιπολαίου
649 1303 847 1374 βαφῆς,
880 1303 1088 1375 χρυσίῳ
1109 1304 1206 1373 ,τὸν
1234 1304 1433 1374 χαλκὸν
1481 1306 1861 1377 ἐπαλείψανταο

288 1393 786 1463 καταωφισθείσαν
825 1393 882 1446 δὲ
930 1392 1008 1464 τῷ
1054 1394 1363 1466 φαινομένῳ
1408 1395 1508 1467 τὴν
1540 1395 1822 1467 ἄνθρωπον
1846 1411 1860 1425 ⁸

280 1487 461 1551 δεινὸς
488 1487 596 1557 γὰρ
614 1481 683 1557 ἦν
714 1488 806 1540 καὶ
830 1488 898 1557 τῇ
924 1485 1252 1557 χαλκευτικῇ
1291 1487 1379 1542 διὰ
1415 1488 1524 1542 τῶν
1549 1490 1648 1560 τῆς
1672 1489 1864 1562 τέχνης

287 1578 661 1648 σοφισμάτων,
688 1579 814 1641 τοὺς
836 1579 1147 1649 χρωμένους
1164 1578 1630 1649 παραλογίσασθαι
1650 1594 1664 1608 ’
1690 1579 1864 1651 χρόνῳ

284 1669 548 1739 φωρᾶσαι
576 1668 677 1738 τὴν
704 1669 834 1738 περὶ
877 1668 940 1721 τὸ
982 1668 1204 1739 χρυσίον
1242 1669 1600 1740 κακουργίαν,
1625 1669 1865 1739 ἐξαλειφ-

284 1761 477 1830 Θείσης
510 1762 574 1814 ὲκ
598 1759 691 1814 τοῦ
722 1760 927 1831 χαλκοῦ
962 1762 1062 1831 τῆς
1095 1760 1274 1831 βαφῆς
1294 1778 1308 1791 ·
1346 1759 1464 1814 εἶτα
1497 1760 1771 1832 μετελθεῖν
1804 1762 1862 1815 ὲν

281 1850 417 1923 δίκῃ
440 1851 532 1904 τὸν
564 1850 824 1921 κλέπτην,
867 1851 1216 1922 στρατιωτῶν
1242 1867 1404 1905 τινων
1456 1850 1598 1905 κατὰ
1638 1851 1699 1905 τὸ
1733 1869 1863 1921 συγ-

283 1944 452 2010 γενὲς
500 1944 597 1997 καὶ
622 1942 894 2013 ὁμόφυλον
914 1942 1345 2014 συγκινηθέντων
1365 1944 1446 2006 είς
1468 1943 1858 2013 ἀγανάκτησιν.

284 2032 398 2086 Τὸν
431 2032 488 2086 δὲ
519 2032 761 2086 παθόντα
794 2034 931 2103 μετὰ
968 2032 1069 2102 τὴν
1100 2032 1304 2103 τόλμαν
1339 2032 1577 2102 ἐκείνην,
1628 2034 1729 2087 ὅσα
1769 2052 1864 2087 πα·

281 2123 404 2176 Θεῖν
450 2123 596 2187 εἰκὸς
644 2123 735 2178 τὸν
771 2124 1082 2191 ἀπατεῶνα,
1127 2125 1222 2177 καὶ
1269 2124 1531 2196 κλέπτην,
1572 2125 1720 2196 ὅρκῳ
1761 2126 1862 2197 τῆς

278 2216 487 2285 τέχνης
514 2215 704 2269 ἑαυτὸν
745 2215 1080 2285 ἀποστῆσαι·
1110 2214 1295 2287 ὥσπερ
1320 2216 1442 2287 οὐχὶ
1476 2217 1576 2288 τῆς
1603 2217 1862 2289 προαιρέ-

281 2323 429 2368 σεως
448 2348 464 2372 ,
491 2305 628 2360 ἀλλὰ
654 2306 748 2359 τοῦ
788 2305 1218 2378 ἐπιτηδεύματος
1247 2307 1346 2377 τὴν
1380 2307 1676 2378 ἐπιθυμίαν
1710 2307 1861 2379 αὐτῷ

270 2399 383 2469 τῆς
416 2398 627 2469 κλοπῆς
648 2399 1070 2469 ἐμποιήσαντος.
1125 2397 1440 2452 Ἀκόλουθον
1463 2399 1519 2452 δὲ
1547 2399 1682 2470 μετὰ
1705 2399 1863 2454 τοῦτο

275 2490 583 2560 γενόμενον
614 2489 800 2561 ἰατροῦ
824 2507 966 2553 τινος
990 2488 1097 2543 τῶν
1126 2489 1553 2561 ἀγυρτευόντων,
1587 2491 1663 2554 ὡς
1693 2490 1759 2545 ἂν
1789 2492 1863 2563 μὴ

274 2581 570 2644 παντελῶς
597 2582 853 2654 ἀπορήσῃ
875 2580 975 2651 τῆς
995 2581 1300 2650 ἀναγκαίας
1326 2585 1552 2653 τροφῆς,
1582 2583 1782 2647 οἰκίαις
1805 2600 1862 2637 τε

274 2675 406 2739 ταῖς
440 2672 859 2744 ἀφανεστέραις,
894 2672 986 2726 καί
1012 2690 1155 2727 τισιν
1193 2674 1625 2746 ἀπερριμμένοις
1658 2674 1864 2748 ἀνθρώ-

276 2783 413 2829 ποις
446 2766 539 2819 ἐπὶ
568 2764 647 2836 τῷ
685 2765 1032 2836 προσχήματι
1058 2765 1159 2835 τῆς
1199 2766 1449 2836 ἰατρικῆς
1481 2766 1861 2838 ἐπιφέρεσθαι.

282 2853 428 2910 Εἶτα
459 2858 579 2909 κατ’
612 2856 790 2925 ὀλίγον
834 2858 914 2920 είς
958 2855 1217 2928 εὐπορίαν
1269 2855 1418 2926 αὐτῷ
1474 2857 1575 2928 τῆς
1624 2858 1864 2920 ἐπινοίας

278 2948 573 3020 ἐλθούσης,
611 2947 896 3019 Ἀρμενίου
924 2948 1068 3012 τινός
1094 2947 1499 3019 εὐεξαπατήτου
1530 2948 1618 3004 διὰ
1647 2950 1709 3004 τὸ
1734 2949 1866 3022 βάρ-

1965 482 2166 550 quique
2189 486 2446 535 stannum
2478 480 2678 536 ictibus
2709 480 3007 547 molliebat,
3036 489 3091 537 et
3127 480 3411 551 plumbeas
3456 482 3534 537 le-

1964 572 2149 625 betum
2181 572 2339 627 bases
2370 570 2652 635 fundebat,
2684 586 2906 626 causam
2942 587 3072 629 vero
3093 573 3219 628 vita:
3260 574 3537 629 mutandae

1969 662 2139 719 fuisse
2173 663 2252 718 illi
2289 663 2652 717 calamitatem
2679 664 2968 733 quamdam
2994 680 3063 719 ex
3094 664 3312 734 opificio
3334 677 3533 721 ortam.

1965 755 2206 825 Accepto
2249 756 2395 813 enim
2438 756 2508 812 ab
2552 769 2723 811 uxore
2761 755 2950 811 militis
2976 756 3268 825 cujusdam
3304 760 3388 812 vel
3420 772 3536 812 ma-

1966 866 2159 917 unum,
2192 851 2274 906 vel
2298 851 2425 906 colli
2462 861 2822 915 ornamento,
2859 859 2920 903 ut
2966 848 3100 905 illud
3142 850 3254 904 ictu
3297 850 3532 920 quodam

1964 941 2198 997 fractqu
2251 951 2571 1012 repararet,
2624 941 3055 997 eircumvenissc
3109 942 3427 1007 mulierem,
3480 951 3536 998 et

1966 1049 2194 1089 aureum
2226 1035 2446 1104 quidem
2480 1036 2682 1091 monile
2721 1034 3078 1104 surripuisse,
3114 1049 3314 1090 aereum
3352 1043 3533 1091 autem

1967 1124 2292 1189 reddidisse,
2323 1141 2476 1196 teque
2495 1142 2749 1196 magnum
2773 1141 2838 1180 ac
2859 1140 3085 1181 aureum
3106 1165 3125 1190 ,
3161 1127 3430 1197 planeque
3460 1126 3537 1183 si-

1969 1218 2095 1272 mile
2123 1218 2179 1271 in
2218 1218 2545 1288 superﬁcie,
2586 1218 2658 1273 ob
2700 1219 2999 1273 tincturam
3039 1229 3360 1285 externam,
3399 1220 3538 1274 illito

1967 1323 2104 1362 auro
2150 1308 2243 1362 acri
2280 1327 2295 1364 :
2333 1308 2612 1378 deceptam
2652 1323 2781 1363 vero
2821 1316 3115 1378 apparente
3168 1309 3352 1378 specie
3392 1307 3538 1364 femi-

1966 1414 2093 1454 nam
2133 1399 2363 1471 (peritus
2400 1400 2546 1456 enim
2592 1408 2712 1456 erat
2756 1401 2925 1456 variis
2975 1400 3114 1456 fucis
3151 1408 3207 1457 et
3252 1400 3538 1457 fraudibus

1966 1492 2176 1546 aerariae
2211 1507 2325 1547 sua:
2360 1491 2495 1548 artis
2529 1492 3017 1547 circumscribendi
3059 1508 3189 1557 eos,
3234 1493 3329 1562 qui
3371 1507 3538 1563 opera

1967 1582 2119 1637 illius
2140 1583 2458 1651 utebantur)
2491 1598 2755 1640 successu
2780 1583 3046 1653 temporis
3082 1584 3440 1654 impostnram
3484 1593 3539 1640 et

1970 1672 2295 1727 maleficium
2332 1673 2778 1743 deprehendisse,
2812 1674 2991 1730 deleta
3025 1691 3092 1730 ex
3122 1691 3230 1731 aere
3258 1676 3528 1732 tinctura:

1965 1773 2218 1820 caeterum
2247 1764 2502 1837 deinceps
2531 1766 2704 1822 furem
2736 1767 2791 1821 in
2822 1768 2917 1838 jus
2944 1776 3233 1834 vocatum,
3271 1770 3540 1825 militibus

1963 1857 2244 1911 nonnullis
2278 1872 2376 1928 pro
2400 1868 2589 1914 mutuo
2616 1860 2758 1914 inter
2780 1874 2839 1914 se
2870 1875 2972 1914 usu
3002 1867 3057 1915 et
3088 1875 3273 1915 amore
3302 1861 3538 1931 indigni-

1965 1954 2131 2002 tatem
2165 1947 2427 2005 facinoris
2451 1965 2594 2021 azgre
2626 1949 2951 2006 ferentibus.
2991 1950 3149 2006 Hunc
3184 1959 3367 2007 autem
3412 1969 3539 2024 per.

1965 2052 2185 2107 pessum
2218 2054 2282 2093 ea
2318 2055 2441 2109 quae
2480 2040 2832 2110 impostorem
2870 2052 2925 2096 et
2975 2042 3148 2096 furem
3193 2045 3400 2113 perpeti
3445 2060 3538 2099 nc-

1963 2141 2120 2182 ccsse
2154 2137 2258 2191 cst,
2286 2128 2645 2199 jurejurando
2672 2129 2907 2184 artificio
2940 2144 3045 2185 suo
3074 2145 3195 2185 sese
3226 2131 3535 2188 abdicasse.

1963 2214 2131 2284 Quasi
2167 2234 2275 2273 nou
2320 2220 2569 2274 voluntas
2599 2226 2654 2274 et
2688 2221 3028 2291 propositum
3053 2259 3071 2285 ,
3118 2221 3212 2275 sed
3259 2222 3536 2290 opificium

1964 2309 2013 2362 ei
2047 2308 2179 2363 furti
2210 2310 2561 2380 cupiditatem
2584 2311 2850 2381 injccerit.
2877 2310 3125 2367 Posthaac
3139 2311 3343 2366 factum
3372 2312 3540 2369 fuisse

1966 2397 2227 2453 famulum
2267 2400 2465 2456 medici
2496 2401 2782 2471 cujusdam
2823 2401 3279 2468 eireumforanei,
3321 2420 3389 2459 ne
3423 2420 3539 2457 om-

1965 2491 2097 2545 nino
2120 2492 2284 2547 rcbus
2310 2493 2375 2547 ad
2402 2494 2605 2548 victum
2649 2494 2978 2549 necessariis
3021 2495 3448 2563 destitueretur;
3484 2504 3537 2548 et

1964 2581 2249 2637 medicinae
2274 2591 2537 2654 prmtextu
2578 2583 2918 2654 abjectorum
2947 2591 3004 2640 et
3035 2584 3386 2640 sordidorum
3436 2587 3535 2641 ho-

1966 2672 2174 2725 minum
2212 2660 2374 2729 casas
2406 2680 2461 2728 et
2488 2673 2715 2730 latibula
2747 2674 2974 2730 obiisse.
3025 2672 3223 2731 Postea
3270 2677 3537 2747 paulatim

1964 2763 2160 2832 opibus
2180 2772 2419 2827 auctum,
2446 2770 2501 2819 et
2530 2763 2790 2819 Armenio
2807 2764 3064 2834 quodam,
3084 2779 3246 2834 quem
3275 2773 3537 2836 tanquam

1966 2853 2258 2908 barbarum
2288 2853 2343 2907 in
2377 2852 2622 2909 fraudem
2654 2854 2865 2909 illicere
2896 2854 3036 2909 nihil
3062 2862 3182 2912 erat
3211 2857 3434 2926 negotii,
3476 2863 3538 2910 ut

1967 2945 2070 2999 sibi
2095 2945 2242 3001 velut
2271 2946 2488 3001 medico
2520 2960 2685 3001 aures
2718 2946 2898 3013 daret,
2924 2961 3211 3016 persuaso,
3242 2948 3541 3019 multisque

276 3040 475 3113 6apov,
502 3040 579 3103 ὡς
616 3041 785 3111 ἰατρῷ
816 3041 1103 3112 προσέχειν
1136 3041 1575 3107 ἀναπεισθέντος,
1609 3043 1702 3095 καὶ
1736 3059 1863 3114 συχ-

1969 3039 2039 3093 ab
2062 3038 2156 3093 illo
2191 3039 2309 3092 auri
2338 3038 2677 3108 ponderibus
2712 3039 2985 3109 acceptis.
3022 3039 3305 3109 indignum
3346 3040 3540 3095 existi-

277 3133 372 3186 νὺν
403 3132 555 3204 αὐτῷ
584 3130 1048 3205 ὑποχορηγοῦντος
1075 3132 1359 3204 ἀργύριον,
1392 3134 1586 3206 μικρὸν
1611 3134 1861 3204 ἡγεῖσθαι

1968 3146 2177 3193 massc,
2220 3137 2278 3184 ut
2318 3130 2371 3183 in
2409 3137 2688 3198 posterum
2722 3129 2847 3184 aliis
2882 3130 2936 3183 in
2978 3137 3094 3184 arte
3126 3131 3333 3185 medica
3366 3133 3540 3186 servi-

276 3224 383 3296 ἦδη
422 3224 482 3277 τὸ
516 3223 767 3294 θητεύειν
811 3225 1016 3295 ἑτέροις
1061 3226 1153 3278 ἐπὶ
1190 3228 1258 3296 τῇ
1308 3225 1499 3296 τέχνῃ,
1539 3224 1654 3279 ἀλλ’
1700 3226 1862 3280 αὐτὸν

1968 3230 2080 3286 ret;
2126 3219 2222 3275 sed
2270 3220 2512 3290 seipsum
2562 3234 2662 3290 pro
2714 3220 2930 3274 medico
2970 3219 3164 3274 haberi
3203 3230 3258 3275 et
3294 3221 3398 3277 dici
3444 3238 3540 3276 vo-

279 3315 472 3382 ὰξιοῦν
504 3316 687 3386 ίατρδν
724 3311 861 3369 εἶναι
896 3317 989 3369 καὶ
1014 3317 1392 3388 ὀνομάζεσθαι.
1443 3316 1722 3371 Ἐντεῦθεν
1754 3319 1863 3371 τοί-

1968 3309 2152 3364 luisse.
2190 3308 2265 3363 Ex
2295 3310 2388 3365 illo
2422 3309 2589 3380 igitur
2619 3317 2866 3379 tempore
2894 3318 3259 3364 conventuum
3297 3313 3539 3367 medico-

291 3425 381 3461 ιυν
423 3407 694 3476 συλλόγων
724 3424 783 3460 τε
832 3411 1076 3479 μετεῖχεν
1112 3408 1388 3477 ἰατρικῶν,
1438 3410 1532 3462 καὶ
1570 3410 1682 3472 τοῖς
1729 3409 1863 3479 πρὸς

1969 3414 2087 3453 rum
2125 3400 2441 3471 participem
2484 3399 2725 3465 factum,
2758 3401 3124 3457 immiscuisse
3155 3416 3214 3457 se
3257 3403 3401 3467 illis,
3446 3405 3539 3475 qui

282 3498 403 3568 ἔριν
423 3497 789 3569 λογομαχοῦσι
827 3499 1301 3570 καταμιγνύμενος
1325 3541 1337 3565 ,
1367 3497 1475 3551 τῶν
1505 3497 1752 3568 βοώντων
1783 3494 1863 3561 εἷς

1969 3493 2206 3563 linguam
2249 3492 2316 3547 ad
2357 3493 2506 3549 rixas
2544 3500 2843 3557 exercent,
2881 3508 3162 3563 unumque
3200 3509 3264 3548 ex
3310 3509 3542 3552 numero

279 3581 374 3657 ἦν.
406 3587 517 3639 Καὶ
548 3587 606 3640 ὲν
626 3589 692 3657 τῇ
729 3587 823 3640 τοῦ
860 3588 1018 3657 λόγου
1053 3590 1190 3658 ροπῇ
1229 3587 1291 3640 τὸ
1319 3586 1442 3641 καθ’
1470 3587 1661 3641 ἑαυτὸν
1696 3604 1864 3658 προσ-

280 3677 475 3740 τιθεὶς,
517 3678 579 3730 οὐ
609 3677 820 3747 μικρῶς
848 3677 1209 3742 ἐσπουδάζετο
1246 3677 1397 3748 παρὰ
1427 3676 1536 3730 τῶν
1560 3677 1622 3729 τὸ
1650 3677 1864 3741 ἀναιδὲς

282 3769 389 3838 τῆς
432 3768 616 3839 φωνῆς
647 3769 785 3841 πρὸς
820 3769 916 3833 τὰς
956 3770 1166 3824 ἑαυτῶν
1207 3768 1538 3839 φιλονεικίας
1567 3768 1862 3839 ἐκμισθου-

286 3860 492 3929 μένων.

360 3950 758 4020 Διπαρωτέρ-ας
783 3949 841 4002 δὲ
873 3948 960 4002 διὰ
994 3950 1196 4002 τούτων
1241 3948 1683 4020 προσγενομένης
1716 3949 1863 4021 αὐτῷ

284 4037 398 4107 τῆς
438 4038 635 4109 μάζης,
685 4039 787 4093 οὐκ
826 4037 1106 4109 ἐπιμένειν
1134 4037 1272 4109 ῷετο
1301 4038 1411 4092 δεῖν
1435 4039 1543 4092 οὐδ’
1587 4041 1644 4092 ὲν
1688 4040 1863 4113 τούτῳ

282 4128 366 4197 τῷ
404 4127 534 4197 βίῳ,
564 4128 699 4193 ἀλλὰ
740 4127 841 4199 τὴν
874 4128 1120 4199 ἰατρικὴν
1159 4128 1374 4199 ἐκείνην
1407 4128 1545 4199 μετὰ
1585 4129 1685 4201 τῆς
1730 4131 1859 4201 χαλ-

282 4221 549 4288 κευτικῆς
592 4218 714 4274 κατ’
760 4206 939 4288 ὀλίγον
986 4219 1347 4274 ὑπαπεδύετο.
1396 4221 1603 4294 Ἀρείου
1661 4222 1716 4275 δὲ
1768 4222 1861 4276 τοῦ

282 4309 567 4379 θεομάχου
587 4312 658 4365 τὰ
698 4310 913 4382 πονηρὰ
939 4310 1114 4366 ταῦτα
1159 4311 1447 4382 σπέρματα
1473 4312 1582 4366 τῶν
1612 4312 1862 4376 ζιζανίων

1964 3584 2279 3640 rabularum
2311 3579 2509 3649 fuisse?
2536 3591 2610 3646 et.
2648 3598 2772 3639 cum
2802 3585 2856 3638 in
2885 3582 3086 3654 lingua:
3106 3584 3447 3640 volubilitate
3487 3594 3542 3640 et

1964 3676 2176 3730 viribus
2217 3674 2505 3730 facultates
2539 3689 2670 3729 suas
2705 3656 2841 3730 sitas
2880 3674 3240 3740 existimaret,
3287 3690 3395 3731 non
3442 3691 3540 3747 pa-

1967 3781 2085 3820 rum
2131 3766 2456 3820 honoratum
2484 3780 2607 3822 esse
2636 3766 2704 3821 ab
2724 3766 2852 3829 illis,
2879 3767 2974 3836 qui
3005 3767 3397 3836 impudentiam
3428 3771 3543 3826 oris

1967 3857 2033 3911 ad
2060 3858 2315 3928 proprias
2343 3857 2725 3911 contentiones
2755 3855 3091 3911 conducunt.

2039 3949 2211 4005 Porro
2242 3962 2366 4003 cum
2405 3964 2469 4005 ex
2505 3948 2610 4004 hoc
2642 3949 2767 4003 vita:
2795 3962 2992 4018 genere
3018 3948 3273 4019 pinguior
3303 3948 3354 4003 ei
3377 3948 3543 4005 obve-

1965 4041 2139 4097 nisset
2165 4039 2406 4105 fortuna,
2452 4054 2561 4095 non
2604 4040 2811 4110 putavit
2852 4039 3063 4093 diutius
3107 4040 3161 4092 in
3193 4053 3260 4094 eo
3290 4054 3541 4109 perseve-

1965 4133 2223 4198 randum,
2261 4131 2355 4188 sed
2385 4139 2556 4187 artem
2596 4131 2746 4184 illam
2779 4129 3046 4184 medicam
3084 4143 3209 4184 cum
3236 4131 3412 4185 fabrili
3443 4146 3541 4187 seu

1964 4227 2156 4281 aeraria
2191 4224 2452 4295 paulatim
2484 4222 2748 4278 deseruit.
2777 4221 2908 4274 Ario
2954 4228 3136 4276 autem
3183 4221 3406 4278 inimico
3448 4222 3543 4281 Dei

1966 4316 2272 4387 perniciosa
2320 4314 2410 4368 illa
2450 4311 2784 4366 zizaniorum
2834 4310 3044 4366 semina
3093 4320 3307 4367 serente
3336 4314 3357 4346 ⁸
3385 4314 3542 4384 (quo-

282 4402 710 4472 ένσττείραντοςθ
741 4396 818 4456 ὧν
859 4405 888 4457 ό
932 4404 1143 4473 καρπός
1180 4404 1297 4458 ἑστι
1324 4405 1431 4458 τῶν
1469 4404 1761 4475 Ἀνομοίων
1793 4402 1863 4457 τὰ

1968 4424 2086 4463 rum
2121 4407 2335 4463 fructus
2353 4414 2438 4461 est
2466 4403 2715 4459 doctrina
2749 4403 3403 4475 Auommorum),scholm
3434 4420 3544 4461 me-

280 4494 558 4564 ιόγμιτα·
586 4496 643 4548 αί
661 4495 773 4549 τῶν
789 4495 1039 4566 ίατρείων
1065 4496 1250 4566 σχολαὶ
1280 4495 1580 4567 τηνικαῦτα
1602 4499 1712 4559 τοῖς
1734 4496 1862 4568 περὶ

282 4588 387 4641 τοῦ
442 4587 740 4660 ζητήματος
787 4588 997 4643 ἐκείνου
1027 4587 1276 4660 θορύϐοις
1312 4588 1684 4661 περιηχοῦντο.
1733 4590 1863 4659 Ἐμ-

288 4680 597 4750 μελετήσας
645 4680 828 4735 τοίνυν
879 4683 949 4751 τῇ
997 4679 1218 4753 τοιαύτῃ
1267 4680 1551 4752 διατριϐῇ,
1602 4680 1694 4734 καί
1743 4699 1865 4737 τινα

290 4775 663 4849 συλλογισμῶν
704 4776 891 4845 ἔξοδον
922 4776 982 4842 ἐξ
1020 4774 1464 4847 Ἀριστοτελικῶν
1487 4776 1864 4847 ἀπηχημάτων

288 4867 721 4937 παρατηρήσας,
752 4864 1051 4935 ὀνομαστὸς
1090 4860 1158 4935 ἦν
1182 4864 1273 4917 τὸν
1317 4863 1528 4935 πατέρα
1577 4864 1678 4935 τῆς
1709 4866 1862 4938 αἱρέ-

290 4971 441 5019 σεως
477 4959 675 5030 'Apsiov
707 4960 773 5029 τῇ
817 4958 1094 5029 καινότητι
1124 4958 1234 5011 τῶν
1262 4957 1666 5029 ἐφευρεθέντων
1694 4959 1864 5030 ὑπερ-

287 5047 647 5120 ὗαλὶόμενος,
695 5050 895 5121 μᾶλλον
936 5048 992 5103 δὲ
1029 5050 1139 5103 τῶν
1184 5050 1313 5122 παρ’
1358 5051 1567 5105 ἐκείνου
1599 5048 1865 5105 τεθέντων

286 5139 401 5210 τὴν
464 5141 774 5195 ἀκολουθίαν
834 5142 1178 5212 κατανοήσας
1237 5140 1485 5211 ἀγχίνοός
1548 5128 1655 5205 τις
1688 5141 1867 5207 ἔδοξεν

288 5227 448 5285 εἶναι
473 5233 558 5286 καὶ
587 5234 695 5289 τῶν
742 5234 986 5307 κρυφίων
1019 5233 1329 5305 εὐρετικόςο
1378 5233 1437 5286 τὸ
1468 5234 1684 5288 κτιστδν
1705 5274 1720 5295 ,
1771 5234 1866 5287 καὶ

286 5325 353 5376 τὸ
386 5322 457 5389 ιε
490 5325 582 5379 οὐκ
615 5327 805 5390 ὅντων,
834 5327 1087 5397 ἀνόμοιον
1109 5322 1248 5379 εῐναι
1275 5324 1353 5397 τῷ
1374 5327 1638 5390 κτίσαντι,
1671 5327 1763 5381 καὶ
1786 5324 1864 5398 τῷ

286 5416 670 5486 umqth
707 5418 772 5470 ὲκ
795 5416 889 5471 τοῦ
912 5419 986 5488 μῆ
1011 5413 1163 5482 ὄντος
1190 5416 1628 5488 ἀποφηνάμενος.

370 5698 398 5729 ⁸
426 5693 609 5754 Ilattb.
634 5713 753 5763 aut,
786 5698 855 5754 ει
893 5715 1008 5771 sqq.

1967 4500 2212 4556 dicorum
2236 4497 2566 4555 clamoribus
2594 4496 2663 4551 de
2690 4495 2794 4551 hac
2817 4495 3123 4569 quaestione
3154 4499 3542 4566 personabant.

1970 4592 2136 4662 Igitur
2173 4604 2297 4645 cum
2340 4589 2528 4644 Aetius
2577 4588 2630 4641 in
2662 4588 2765 4643 hac
2812 4587 3063 4658 palaestra
3096 4587 3388 4658 diligenter
3421 4604 3545 4646 sese

1967 4683 2325 4744 exercuisset,
2379 4689 2434 4737 et
2475 4680 2917 4752 syllogismorum
2963 4680 3129 4735 etiam
3180 4680 3544 4751 quorumdam

1968 4791 2034 4829 ex
2065 4773 2432 4829 Aristotelicis
2462 4772 2832 4827 monumentis
2869 4771 3180 4843 congeriem
3208 4771 3541 4842 collegisset,

1968 4869 2155 4924 clarus
2199 4874 2252 4921 et
2310 4864 2544 4920 celebris
2599 4872 2739 4926 erat,
2796 4870 3055 4932 superato
3102 4863 3265 4919 etiam
3319 4872 3546 4933 parente

1970 4960 2134 5028 hujus
2162 4958 2433 5013 haereseos
2468 4955 2621 5020 Ario,
2651 4954 2798 5020 quod
2838 4954 2903 5008 ad
2940 4954 3284 5009 inventorum
3325 4953 3546 5025 dogma-

1970 5058 2083 5103 tum
2130 5050 2428 5103 novitatem
2467 5046 2698 5113 attinet;
2733 5053 2789 5101 et
2825 5060 2948 5100 cum
3002 5046 3173 5116 magis
3217 5045 3542 5117 intelligeret

1970 5138 2218 5193 ordinem
2257 5144 2312 5192 ct
2355 5136 2752 5192 conuexionem
2792 5152 3002 5199 eorum,
3044 5149 3165 5206 quae
3211 5135 3374 5192 Arius
3399 5150 3545 5192 com-

1974 5237 2188 5285 mentus
2211 5227 2407 5293 fuerat,
2449 5241 2614 5298 sagax
2646 5235 2702 5283 et
2728 5227 2903 5283 solers
2932 5226 3249 5294 habebatur,
3278 5233 3333 5281 et
3361 5226 3427 5282 ad
3452 5242 3545 5286 res

1972 5323 2256 5378 abstrusas
2285 5321 2620 5393 indagandae
2651 5333 2912 5391 perquam
2943 5316 3193 5381 idoneus,
3220 5318 3541 5387 ostendens,

1974 5414 2027 5469 id
2058 5412 2202 5483 quod
2229 5423 2471 5468 creatum
2496 5420 2660 5478 esset,
2707 5420 2764 5466 et
2786 5426 2857 5467 ex
2906 5423 3014 5464 non
3036 5416 3162 5466 cute
3197 5422 3294 5466 seu
3344 5411 3543 5476 nihilo,

1975 5504 2241 5561 dissimile
2268 5520 2390 5561 esse
2416 5502 2682 5561 Creatori.
2717 5509 2772 5558 et
2813 5501 2886 5568 ei,
2926 5500 3072 5572 quod
3104 5516 3172 5559 ex
3213 5502 3385 5561 nihilo
3407 5503 3545 5561 edu-

1977 5593 2079 5647 xit.
