4008 6210
563 275 669 330 263

559 477 788 548 cupidas
830 491 992 529 aures
1031 475 1295 541 titillavit,
1331 474 1548 540 accidit,
1578 481 1636 526 ut
1670 473 1811 527 hanc
1837 474 2135 528 novitatem

559 570 722 621 etiam
762 573 1122 637 cognosceret
1169 564 1505 635 'l‘lieOpbilus
1537 564 1811 635 Blemmys
1848 564 1950 632 (a),
1979 563 2138 632 cujus

561 657 744 712 studio
771 671 894 710 cum
929 653 1086 709 Gallo
1136 656 1419 711 familiaris
1464 663 1630 717 esset,
1676 654 1856 709 aditus
1897 652 2138 721 patefac-

561 757 649 802 tus
669 757 752 801 est
781 746 937 800 Aetio
959 745 1022 798 ad
1054 746 1336 814 palatium.
1370 744 1438 798 At
1457 760 1581 798 cum
1604 743 1794 798 Gallus
1821 742 2137 813 praefectum

565 838 924 892 Domitianum
949 848 1001 890 et
1018 835 1277 888 Montium
1304 834 1376 905 (ὁ)
1396 836 1656 890 scelerate
1681 834 1953 888 trucidare
1975 847 2139 888 ausus

565 929 779 995 fuisset,
816 941 1028 990 omnes,
1062 926 1157 995 qui
1197 925 1505 980 detestandi
1533 926 1680 979 illius
1721 925 1979 980 facinoris
2013 939 2140 993 par-

565 1023 755 1092 ticipes
807 1022 1043 1084 fuerant,
1099 1021 1395 1091 participes
1441 1023 1606 1076 etiam
1663 1021 1904 1086 fuerunt,
1948 1029 2006 1075 ut
2045 1036 2142 1091 par

563 1121 701 1176 erat,
738 1114 992 1168 interitus
1033 1112 1216 1166 illius:
1247 1113 1399 1167 solus
1429 1113 1533 1166 iste
1571 1111 1758 1182 eiiugit
1788 1111 2137 1180 supplicium,

563 1205 758 1274 dignus
781 1203 1082 1274 judicatus,
1111 1203 1206 1272 qui
1245 1203 1380 1257 nihil
1417 1201 1634 1257 adversi
1684 1208 1983 1272 pateretur,
2016 1214 2139 1254 cum

565 1295 684 1349 aliis
714 1294 961 1364 ejusdem
1002 1294 1225 1350 sceleris
1272 1293 1646 1349 consortibus.
1693 1293 1903 1346 interea
1946 1305 2143 1360 magno

564 1385 864 1438 Athanasio
900 1399 968 1439 ex
993 1383 1486 1438 Alexandrinorum
1518 1381 1763 1437 Ecclesia
1797 1379 2143 1450 imperatoris

567 1472 851 1544 tyrannide
881 1472 1078 1543 ejecto,
1107 1470 1340 1542 Georgio
1379 1480 1560 1526 autem
1596 1469 2016 1524 Tarbastbenite
2049 1484 2146 1540 po-

565 1564 751 1632 pulum
807 1565 958 1618 illum
1015 1565 1356 1619 convellente
1414 1570 1467 1618 et
1525 1562 1874 1633 exagitante,
1947 1561 2142 1616 iterum

565 1655 969 1712 Alexandrinus
997 1655 1054 1710 ﬁt
1086 1656 1302 1720 Aetius,
1333 1655 1548 1709 neruine
1572 1653 1804 1708 inferior
1827 1668 1891 1708 ex
1922 1652 2030 1707 illis
2051 1653 2143 1722 qui

566 1746 636 1801 ob
659 1745 818 1801 oiIam
847 1747 1289 1816 parasitabantur
1311 1745 1641 1815 Cappadoci.
1673 1745 1795 1799 Non
1818 1743 1960 1806 enim
1980 1742 2147 1798 Geor-

571 1838 658 1906 gio
718 1839 988 1893 assentari
1041 1837 1342 1899 nesciebat,
1403 1837 1603 1904 quippe
1661 1834 2027 1897 Cbananiaeo,
2086 1833 2142 1887 in

566 1943 748 1996 quem,
786 1929 930 1982 velut
961 1927 1150 1982 eodem
1187 1941 1385 1996 genere
1418 1935 1472 1980 et
1496 1918 1644 1978 tribu
1681 1933 2029 1994 prognatum,
2051 1925 2145 1978 ad-

569 2020 786 2073 modum
824 2019 1088 2074 benevolo
1135 2025 1253 2073 erat
1295 2017 1519 2082 animo;
1574 2016 1663 2071 ille
1714 2017 1954 2072 vicissim
2002 2017 2145 2072 Aetii

566 2110 941 2165 oblectabatur
987 2109 1423 2173 consuetudine,
1491 2107 1820 2177 jampridem
1876 2107 2146 2176 dogmatis

568 2201 712 2254 illius
757 2199 1114 2268 perversitate
1159 2207 1374 2270 captus,
1428 2205 1482 2254 et
1533 2199 1692 2252 Aetio
1739 2197 1891 2251 velut
1933 2197 2145 2252 lucrum

575 2289 848 2358 quoddam
891 2292 1222 2359 insperatum
1255 2289 1584 2359 propositus.

635 2377 766 2442 Quae
788 2378 1008 2432 minime
1026 2378 1302 2448 fugiebant
1319 2379 1612 2448 genuinum
1631 2379 2146 2450 ipsiusdiscipulum

567 2463 894 2517 Eunomium
925 2465 1110 2530 istum,
1138 2465 1371 2534 quicum
1391 2465 1564 2536 patris
1587 2469 1694 2531 sui,
1713 2475 1908 2522 caetera
1933 2467 2145 2537 optimi,

564 2560 791 2621 excepto
826 2553 928 2607 hoc
957 2568 1089 2618 uno,
1115 2553 1257 2624 quod
1292 2555 1454 2610 talem
1498 2542 1686 2627 genuit
1716 2559 1910 2626 tilium,
1933 2559 2147 2616 vivendi

566 2645 832 2700 rationem
857 2644 1142 2701 honestam
1165 2647 1383 2716 quidem
1403 2655 1456 2702 et
1472 2647 1681 2719 legibus
1701 2635 2146 2710 conséntaneam.

567 2734 662 2790 sed
703 2743 883 2791 tamen
923 2736 1195 2793 diﬂicilem
1235 2737 1304 2791 ob
1331 2747 1648 2809 egestatem,
1680 2747 1735 2796 et
1767 2741 1994 2796 inﬁnitis
2033 2741 2149 2811 ple-

565 2839 688 2878 nam
737 2825 1002 2881 molestiis
1045 2824 1256 2880 videret
1300 2826 1441 2896 (erat
1481 2826 1623 2882 enim
1656 2828 1914 2897 agricola,
1965 2837 2149 2884 aratro

573 2924 840 2983 assuetus,
874 2925 929 2972 et
966 2918 1190 2972 rusculo
1230 2933 1332 2974 suo
1365 2918 1591 2974 colendo
1641 2919 1814 2974 multo
1844 2920 2028 2975 labore
2067 2921 2151 2975 in-

563 3015 748 3062 tentus
787 3023 801 3057 :
855 3008 1032 3062 hieme
1083 3023 1212 3063 vero
1252 3024 1378 3063 cum
1423 3008 1492 3063 ab
1538 3009 1874 3080 agricultura
1935 3013 2151 3067 vacatio

566 3099 919 3160 conceditur.
971 3100 1145 3170 prima
1193 3101 1461 3156 elementa
1505 3110 1561 3157 et
1607 3102 1846 3173 syllabas
1901 3105 2143 3173 puerulis

563 3190 837 3258 eleganter
863 3189 1176 3256 ciformaus,
1214 3193 1462 3248 mercede
1494 3194 1620 3248 inde
1655 3195 1908 3262 collecta,
1940 3197 2144 3250 victum

565 3281 933 3352 amictumque
959 3284 1060 3337 sibi
1094 3287 1492 3355 comparabat);
1520 3287 1633 3341 bmc
1665 3287 1827 3358 igitur
1855 3295 1907 3342 et
1947 3288 2145 3343 similia

563 3372 618 3426 in
676 3385 901 3442 paterna
961 3374 1124 3429 domo
1185 3375 1668 3440 animadverteris,
1739 3378 1909 3431 multa
1971 3378 2146 3432 salute

563 3471 770 3534 aratro,
800 3474 852 3517 et
886 3465 1060 3529 stivae,
1095 3475 1149 3519 et
1193 3467 1446 3521 omnibus
1479 3468 1722 3536 paternis
1768 3467 2145 3524 instrumentis

560 3553 725 3617 dicta,
753 3569 822 3608 ne
855 3563 910 3608 et
935 3555 1049 3625 ipse
1080 3556 1387 3610 conflictari
1413 3563 1702 3627 cogeretur
1728 3557 2041 3626 hujusmodi
2073 3560 2146 3612 la-

562 3644 754 3698 borum
782 3644 1224 3713 difficultatibus,
1264 3648 1500 3716 primum
1540 3647 1756 3716 quidem
1790 3656 2022 3703 mentem
2054 3648 2146 3703 ad-

555 3734 676 3806 jicit
709 3735 777 3789 ad
802 3735 1124 3804 sapientiam
1153 3735 1374 3790 Prunici
1401 3737 1502 3807 (r);
1537 3745 1592 3792 et
1615 3738 1777 3792 celeri
1809 3753 1974 3792 manu
2004 3738 2143 3792 scri-

560 3824 687 3879 bere
717 3825 967 3889 edoctus,
1002 3827 1273 3897 principio
1294 3827 1516 3896 quidem
1547 3828 1823 3882 habitabat
1856 3843 1979 3883 cum
2007 3844 2143 3898 quo-

558 3915 684 3970 dam
719 3933 832 3972 suae
885 3919 1070 3988 stirpis
1121 3929 1174 3973 et
1226 3918 1465 3988 familiae,
1518 3935 1625 3975 non
1669 3921 1774 3974 alia
1819 3921 2136 3981 ministerii,

557 4008 702 4078 quod
757 4009 1047 4065 scribendo
1101 4011 1410 4076 exhibetur,
1465 4011 1734 4075 mercede,
1781 4027 1942 4081 quam
1989 4011 2137 4066 victu

556 4099 896 4168 quotidiana.
955 4098 1160 4155 Deinde
1217 4104 1566 4172 paedagogum
1627 4117 1792 4172 agens
1844 4115 2136 4171 puerorum

556 4191 642 4245 sui
688 4191 916 4257 domini,
955 4195 1215 4262 paulatim
1254 4194 1475 4249 accendi
1506 4194 1673 4263 cmpit
1713 4193 1984 4248 desiderio
2011 4193 2135 4248 rhe-

556 4282 741 4336 torica:
775 4298 871 4338 seu
921 4285 1262 4355 eloquentiae.
1307 4285 1372 4338 Et
1407 4285 1495 4340 illa
1539 4287 1758 4355 quidem
1801 4300 1922 4355 qua:
1962 4285 2133 4339 inter-

556 4371 734 4426 medio
775 4381 1018 4444 tempore
1048 4375 1235 4445 gessit,
1269 4375 1450 4434 sciens
1483 4386 1769 4445 praetereo,
1795 4385 1853 4430 ut
1878 4384 1931 4431 et
1964 4377 2127 4431 vitam

559 4467 608 4519 in
648 4465 819 4532 patria
861 4474 1056 4532 actam,
1105 4476 1160 4521 et
1198 4468 1254 4520 in
1283 4469 1486 4536 quibus
1515 4471 1991 4539 Constantinopoli
2029 4468 2123 4523 de-

1795 269 1852 324 S.
1895 265 2228 325 GR‘EGORH
2267 267 2560 326 NYSSENI

636 386 703 442 Ut
734 399 863 454 ergo
903 383 1218 453 hujusmodi
1258 382 1601 440 sermonibus
1647 397 1824 436 rerum
1867 396 2131 436 novarum
2151 400 2207 468 Α

3677 281 3765 338 264

2317 386 2534 457 Ἐπειδὴ
2580 382 2758 439 τοίνυν
2801 384 2890 439 διὰ
2934 385 3041 440 τῶν
3072 386 3324 442 τοιούτων
3361 386 3532 456 λόγων
3568 388 3654 451 τὰς
3691 408 3767 459 φι-

2236 474 2514 538 λοκαίνους
2557 474 2664 527 τῶν
2705 473 2880 529 ταῦτα
2917 475 3211 528 νοσούντων
3254 475 3421 539 ἀκοὰς
3449 478 3767 545 ὲγαργάλιζε,

2238 566 2491 635 γινώσκει
2535 565 2633 637 τὴν
2680 567 3043 635 καινοφωνίαν
3089 568 3290 638 ταύτην
3340 569 3434 621 καὶ
3482 571 3512 622 ό
3550 570 3770 642 Βλέμμυς

2239 655 2526 724 Θεόφιλος,
2561 650 2605 724 ᾧ
2637 655 2924 726 συνηθείας
2955 656 3096 720 τινὸς
3145 658 3271 727 περὶ
3320 657 3410 710 τὸν
3442 658 3632 712 Γάλλον
3657 677 3772 730 προ-

2241 747 2607 818 υπαρχούσης,
2635 747 2662 798 ὁ
2693 747 2895 811 Ἀέτιος
2923 748 3002 811 εἰς
3032 747 3099 800 τά
3125 748 3366 816 βασίλεια
3387 747 3451 800 δι’
3482 749 3632 804 αὑτοῦ
3654 768 3774 821 παρ-

2240 841 2440 894 εδύετο.
2489 839 2596 893 Τοῦ
2633 839 2690 892 δὲ
2745 840 2874 910 περὶ
2913 840 3005 894 τὸν
3051 840 3294 912 ὕπαρχον
3343 843 3650 912 Δομετιανὸν
3693 846 3778 897 καὶ

2239 933 2470 987 Μόντιον
2520 932 2683 1000 ἄγους
2727 931 3024 1003 τηνικαῦτα
3066 930 3422 1002 τολμηθέντος
3457 932 3534 1002 τῷ
3585 933 3774 1004 Γάλλῳ,

2243 1027 2442 1089 πάντες
2475 1024 2524 1076 οἱ
2573 1025 2816 1078 κοινωνοὶ
2854 1024 2947 1077 τοῦ
2980 1023 3286 1094 μιάσματος
3317 1027 3678 1094 συμμετεῖχον,
3712 1026 3780 1088 ὡς

2244 1115 2410 1180 εἰκὸς,
2447 1115 2546 1185 τῆς
2577 1114 2783 1168 ἐκείνου
2809 1115 3212 1186 καταστροφῆς.
3244 1115 3382 1169 Ἀλλ’
3415 1111 3566 1180 οὗτος
3599 1117 3781 1170 ὲκδύνει

2243 1206 2341 1277 τὴν
2385 1205 2673 1279 τιμωρίαν,
2723 1206 2842 1259 οὐδὲ
2883 1205 2975 1259 τοῦ
3004 1206 3196 1261 παθεῖν
3239 1224 3289 1260 τι
3321 1208 3490 1262 κακὸν
3536 1209 3660 1278 μετὰ
3685 1210 3782 1263 τῶν

2247 1297 2530 1352 συναιτίων
2566 1297 2660 1350 τοῦ
2705 1297 2872 1366 ἄγους
2915 1295 3060 1363 ἄξιος
3097 1291 3234 1350 εἶναι
3267 1297 3496 1371 κριθείς.
3536 1297 3774 1352 Ἐπὶτού-

2243 1409 2358 1454 τοις
2387 1389 2481 1443 τοῦ
2514 1389 2748 1461 μεγάλου
2788 1388 3100 1444 Ἀθανασίου
3127 1388 3375 1459 βασιλικῇ
3404 1389 3672 1461 δυναστείᾳ
3696 1393 3783 1462 τῆς

2259 1480 2652 1553 Ἀλεξανδρέων
2689 1479 3011 1550 Ἐκκλησίας
3037 1477 3437 1549 μετατεθέντος·
3470 1480 3787 1550 Γεωργίουδὲ

2245 1575 2337 1628 τού
2399 1572 2837 1644 Ταρϐασθηνίτου
2899 1571 2992 1624 τὸν
3033 1572 3238 1624 ἐκεῖνον
3281 1569 3407 1625 λαὸν
3445 1570 3786 1635 διασπῶντος,

2247 1659 2409 1714 πάλιν
2461 1659 2840 1730 Ἀλεξανδρεὺς
2872 1661 2902 1711 ό
2945 1657 3164 1723 Ἀέτιος,
3199 1658 3410 1723 οὐδενὸς
3437 1659 3643 1713 ἔλαττον
3663 1660 3790 1730 ἔχων

2177 1745 2218 1800 Β
2246 1753 2352 1804 τῶν
2381 1751 2829 1823 ὑποτρεφομένων
2857 1748 2951 1803 καὶ
2989 1748 3430 1823 παρασιτούντων
3464 1751 3540 1821 τῷ
3573 1753 3790 1804 Καππα-

2242 1845 2376 1915 δόκῃ
2391 1860 2404 1873 ·
2429 1820 2548 1897 οὐδε
2574 1820 2684 1914 γὰρ
2703 1843 2803 1914 τῆς
2817 1841 3107 1904 κολακείας
3128 1820 3415 1913 άμελήτως
3438 1820 3544 1913 εἶχε
3561 1861 3574 1874 ·
3599 1844 3792 1915 χαίρειν

2243 1936 2300 1988 δὲ
2346 1935 2521 2005 τούτῳ
2571 1934 2737 1989 πάλαι
2777 1937 2844 2006 τῇ
2905 1935 3197 2006 διαστροφῇ
3249 1935 3666 2005 κατειλημμένος
3704 1933 3793 1987 τοῦ

2243 2028 2528 2098 δόγματος,
2555 2028 2650 2081 ’καλ⁸
2677 2026 2886 2098 εὕρεμα
2912 2021 3049 2081 εἶναι
3081 2027 3161 2099 τῷ
3203 2027 3390 2098 Ἀετίῳ
3416 2029 3537 2080 κατ’
3565 2027 3797 2092 ἐξουσίαν

2247 2119 2620 2191 προκείμενος.

2320 2270 2394 2321 Od
2451 2269 2628 2322 τοίνυν
2687 2267 2934 2322 λανθάνει
2996 2266 3164 2321 ταῦτα
3224 2266 3312 2320 τὸν
3375 2268 3592 2335 γνήσιον
3645 2267 3800 2321 αὐτοῦ

2247 2359 2490 2431 ζηλωτὴν
2519 2360 2779 2430 Εὐνόμιον
2801 2359 3017 2422 τοῦτον,
3052 2360 3111 2423 ὃς
3140 2359 3232 2412 τοῦ
3259 2360 3398 2412 κατὰ
3431 2358 3590 2427 φύσιν
3622 2359 3800 2412 ἑαυτοῦ

2247 2449 2451 2521 πατρὸς
2501 2449 2773 2520 βελτίστου
2815 2449 2882 2502 τὰ
2911 2449 3066 2512 ἄλλα,
3106 2449 3244 2518 πλὴν
3286 2448 3537 2516 γενέσθαι
3574 2448 3802 2502 τοιούτου

2248 2542 2487 2611 πατέρα,
2539 2540 2854 2611 εὐγνώμονα
2909 2539 3007 2611 μὲν
3053 2540 3411 2612 καταμαθὼν,
3465 2541 3560 2594 καὶ
3606 2557 3808 2610 νενομι-

2250 2632 2451 2704 σμένην
2504 2631 2599 2703 τὴν
2642 2631 2735 2685 τοῦ
2793 2631 2905 2701 βίου
2943 2633 3239 2701 διαγωγὴν,
3291 2631 3568 2703 μοχθηρὰν
3619 2631 3671 2684 δὲ
3721 2630 3808 2684 διὰ

2248 2723 2469 2788 πενίαν,
2514 2725 2607 2778 καλ⁸
2643 2723 2850 2795 μυρίων
2893 2724 3168 2794 γέμουσαν
3204 2724 3380 2777 πόνων
3419 2722 3677 2794 (γεωργὸς
3703 2721 3807 2793 γάρ

2247 2835 2330 2880 τις
2384 2812 2452 2888 ῆν
2501 2815 2844 2886 ἐπικεκυφὼς
2887 2816 2966 2887 τῷ
3012 2818 3248 2890 ἀρότρῳ,
3295 2816 3388 2870 καὶ
3438 2815 3602 2868 πολὺν
3657 2814 3811 2867 πόνον

2250 2909 2376 2979 περὶ
2419 2909 2480 2960 τὸ
2525 2907 2695 2978 βραχὺ
2734 2907 2914 2978 γήδιον
2954 2907 3091 2978 ἔχων
3115 2925 3132 2939 ’
3179 2907 3266 2961 διὰ
3303 2907 3360 2960 δὲ
3389 2905 3482 2960 τοῦ
3521 2904 3811 2976 χειμῶνος,

2248 2999 2336 3051 ὅτε
2359 2997 2466 3051 τῶν
2496 2998 2624 3067 περὶ
2664 2996 2758 3068 τὴν
2787 2996 2891 3067 γῆν
2934 2996 3196 3067 καμάτων
3240 2991 3352 3066 εἶχε
3387 2995 3486 3066 τὴν
3517 2995 3711 3057 ἄδειαν,
3743 2993 3815 3046 τὰ

2171 3090 2212 3146 C
2247 3089 2439 3160 πρῶτα
2491 3091 2763 3159 στοιχεῖα,
2813 3090 2909 3142 καὶ
2955 3089 3056 3152 τὰς
3109 3088 3380 3150 συλλαϐὰς
3428 3090 3541 3150 τοῖς
3587 3085 3815 3149 παιδίοις

2245 3182 2641 3253 ύποχαράσσων
2673 3182 2998 3253 εὐμηχάνως
3025 3179 3118 3233 διὰ
3140 3180 3248 3233 τῶν
3285 3179 3649 3250 μισθωμάτων
3675 3177 3820 3230 ὲκεί-

2243 3292 2348 3328 νων
2373 3275 2441 3327 τὰ
2467 3273 2602 3345 πρὸς
2632 3274 2721 3328 τὸν
2751 3274 2862 3344 βίον
2889 3270 3457 3346 έπεσιτίζετο)·ταῦτα
3485 3271 3659 3324 τοίνυν
3688 3270 3819 3340 περὶ

2244 3364 2334 3416 τὸν
2366 3363 2556 3416 ἑαυτοῦ
2585 3363 2796 3434 πατέρα
2831 3363 3067 3434 βλέπων,
3107 3361 3381 3434 ἐρρῶσθαι
3411 3363 3621 3432 φράσας
3652 3359 3728 3430 τῷ
3756 3377 3822 3413 τε

2245 3455 2480 3526 ἀρότρῳ,
2527 3456 2621 3508 καὶ
2669 3458 2734 3525 τῇ
2788 3454 3009 3526 σμινύη,
3058 3455 3152 3508 καὶ
3195 3456 3328 3507 πᾶσι
3364 3457 3474 3517 τοῖς
3531 3455 3824 3524 πατρικοῖς

2251 3547 2583 3617 ἐργαλείοις,
2625 3547 2698 3622 ᾡς
2749 3547 2814 3599 ἂν
2848 3547 2922 3618 μὴ
2969 3547 3062 3600 καὶ
3107 3547 3269 3610 αὐτὸς
3313 3545 3826 3617 προσταλαιπωροίη

2249 3641 2360 3701 τοῖς
2393 3637 2597 3708 ὁμοίοις
2639 3637 2746 3691 τῶν
2776 3639 2972 3705 πόνων,
3003 3639 3219 3708 πρῶτον
3263 3640 3360 3708 μὲν
3390 3639 3486 3710 τῆς
3520 3639 3826 3710 Προυνίκου

2253 3730 2442 3800 σοφίας
2469 3730 2676 3798 γίνεται
2709 3729 2953 3801 μαθητής
2973 3747 2987 3761 ·
3024 3732 3115 3785 καὶ
3155 3733 3384 3803 γράφειν
3418 3732 3497 3794 είς
3541 3731 3705 3800 τάχος
3734 3731 3831 3783 ὲκ-

2254 3823 2589 3892 μελετήσας,
2637 3826 2801 3893 συνῆν
2845 3822 2915 3876 τὰ
2969 3823 3161 3895 πρῶτα
3239 3823 3348 3876 τῶν
3387 3825 3449 3875 ἐκ
3486 3821 3581 3874 τοῦ
3630 3822 3833 3890 γένους

2249 3910 2400 3985 οἶμαί
2429 3931 2555 3975 τινι,
2588 3914 2777 3985 μισθὸν
2813 3916 2911 3985 τῆς
2945 3917 3002 3968 ὲν
3029 3914 3105 3985 τῷ
3134 3916 3364 3985 γράφειν
3395 3915 3695 3986 ὑπηρεσίας
3724 3914 3833 3986 τὴ)

2246 4005 2451 4078 τροφὴν
2482 4006 2620 4078 ἔχων
2639 4024 2650 4036 ·
2677 4002 2796 4060 εἷτα
2819 4007 3181 4074 παιδαγωγῶν
3214 4005 3304 4059 τοῦ
3333 4006 3625 4076 τρέφοντος
3656 4006 3834 4059 αὐτὸν

2241 4099 2310 4152 τὰ
2337 4099 2632 4170 μειράκια,
2683 4101 2799 4153 κατ’
2837 4099 3015 4167 ὀλίγον
3048 4099 3128 4161 είς
3179 4098 3472 4169 ῥητορικῆς
3523 4097 3836 4167 ἐπιθυμίαν

2241 4189 2602 4261 προέρχεταιο
2637 4190 2729 4242 καὶ
2760 4188 2829 4242 τὰ
2857 4189 2916 4240 ὲν
2963 4187 3042 4257 τῷ
3104 4187 3253 4257 μέσῳ
3299 4186 3568 4257 παρίημι·
3625 4189 3720 4243 τόν
3772 4203 3836 4238 τε

2238 4281 2330 4333 ἐπὶ
2359 4280 2457 4350 τῆς
2489 4281 2742 4350 πατρίδος
2772 4277 2934 4331 αὑτοῦ
2971 4277 3084 4348 βίον
3113 4327 3126 4350 ,
3152 4283 3246 4336 καὶ
3275 4282 3358 4350 ἐφ’
3389 4275 3469 4344 οἷς
3497 4281 3555 4332 ἐν
3579 4277 3647 4345 τῇ
3667 4278 3834 4332 Κων-

2239 4373 2514 4426 σταντίνου
2544 4371 2693 4424 πόλει
2715 4369 3048 4440 κατελήφθη,
3079 4370 3172 4424 καὶ
3212 4371 3350 4441 μετὰ
3376 4369 3554 4422 τίνων.
3585 4365 3744 4420 Μετὰ
3775 4365 3836 4418 δὲ

2229 4466 2400 4520 ταῦτα
2428 4483 2490 4518 πε
2502 4467 2552 4535 ρὶ
2581 4463 2821 4534 χλανίδα,
2843 4464 2936 4516 καὶ
2967 4464 3141 4534 ζώνην
3170 4462 3506 4534 ἀσχοληθεὶς,
3531 4465 3611 4525 ὥς
3634 4479 3837 4530 φασιν.

555 4555 855 4627 prehensus
884 4558 975 4620 sit,
1013 4567 1066 4611 et
1111 4573 1235 4612 cum
1268 4560 1487 4627 quibus.
1518 4559 1766 4616 l’osthaec
1810 4562 2019 4617 laenulis
2047 4570 2102 4615 et
2129 4560 2285 4614 zonis
2319 4555 2671 4613 conﬁciendis
2699 4556 2930 4619 vacavit,
2960 4564 3017 4608 ut
3055 4556 3250 4610 ferunt.

623 4647 691 4700 At
719 4663 841 4722 cum
871 4651 1053 4704 omnia
1092 4649 1205 4706 htec
1226 4651 1434 4706 videret
1461 4667 1584 4708 esse
1615 4654 1847 4714 minora,
1882 4654 2126 4721 nihilque
2163 4656 2204 4708 ι)

555 4740 680 4795 inde
707 4741 866 4796 valde
895 4743 1255 4812 expetendum
1279 4745 1382 4799 sibi
1415 4745 1721 4814 provenire,
1748 4745 1939 4799 relicto
1964 4745 2135 4814 priori

554 4832 680 4885 vita:
708 4831 976 4896 instituto,
1014 4833 1115 4886 soli
1149 4849 1213 4889 ex
1257 4835 1511 4889 omnibus
1542 4849 1663 4890 sese
1703 4833 1908 4888 addixit
1954 4834 2130 4889 Aetio.

553 4918 708 4974 llaud
750 4930 952 4974 temere
997 4922 1161 4986 hunc,
1194 4930 1253 4976 ut
1299 4923 1553 4984 arbitror,
1586 4931 1844 4992 tanquam
1889 4923 2012 4976 vita:
2038 4921 2136 4975 du-

552 5026 669 5065 cem
703 5019 757 5066 et
787 5013 1082 5082 exemplar,
1135 5013 1237 5068 sibi
1287 5013 1576 5084 delegerat.
1623 5013 1701 5066 Ex
1739 5029 1846 5083 quo
1883 5015 2028 5068 enim
2077 5014 2131 5068 in

555 5102 846 5158 iueﬂabilis
880 5104 1024 5157 illius
1069 5106 1346 5174 sapientiae
1375 5107 1812 5160 communionem
1855 5106 2037 5172 venit,
2067 5120 2132 5160 ex

555 5209 621 5248 eo
646 5201 890 5264 tempore
923 5195 1106 5248 omnia
1136 5197 1209 5250 illi
1235 5197 1353 5251 sine
1392 5207 1514 5251 satu
1540 5205 1594 5250 et
1623 5197 1835 5250 inarata
1871 5211 2134 5266 progene-

555 5292 768 5337 rantur.
821 5285 1052 5354 Sapiens
1096 5285 1240 5338 cuim
1273 5293 1358 5340 est
1392 5285 1445 5339 in
1494 5285 1582 5349 iis,
1630 5285 1700 5338 ad
1734 5301 1853 5355 quae
1887 5285 2128 5339 animum

629 5394 706 5469 (ιι)
763 5395 836 5452 De
857 5397 967 5469 hoc
1009 5398 1307 5469 Theophilo
1344 5399 1466 5455 vide
1511 5397 1708 5455 Barou.
1757 5413 1900 5452 anno
1919 5395 2123 5453 Christi

554 5463 688 5537 55.512
727 5467 870 5537 '31”
907 5477 958 5537 (1⁸
998 5485 1112 5537 δθίῐο

622 5532 696 5601 (b)
733 5532 868 5588 Vide
912 5532 1271 5592 Sozomenum
1311 5540 1455 5602 Liv,
1493 5553 1612 5606 cap.
1644 5539 1697 5603 6,
1736 5539 1827 5606 qui
1862 5537 2118 5590 Montium

550 5609 710 5659 vocat
740 5616 1013 5659 mamum.

621 5671 691 5745 (c)
742 5671 813 5728 De
835 5671 1070 5728 Prunico
1098 5675 1220 5732 vide
1269 5676 1651 5748 Epiphanium.
1682 5675 1824 5734 ﬂacr.
1853 5675 1946 5744 2|,
1967 5675 2038 5729 25
2061 5684 2113 5728 et

2318 4648 2536 4718 Ἐπειδὴ
2579 4647 2755 4701 πάντα
2803 4649 3012 4718 μικρὰ,
3053 4648 3148 4700 καλ⁸
3193 4647 3347 4708 οὐδὲν
3380 4649 3476 4718 τῆς
3521 4647 3844 4718 ἐπιθυμίας

2237 4741 2383 4809 ἄξιον
2413 4743 2476 4794 ὲκ
2503 4741 2602 4811 τῆς
2653 4739 2780 4812 περ)⁸
2811 4740 2984 4794 ταῦτα
3033 4742 3268 4812 σπουδῆς
3319 4740 3463 4813 ἑώρα
3495 4742 3846 4810 συναγειρόε

2241 4851 2396 4906 μενον
2415 4871 2432 4896 ,
2459 4832 2772 4886 καταλιπὼν
2803 4831 2874 4886 τὰ
2901 4831 3062 4886 λοιπὰ
3103 4832 3195 4886 τοῦ
3227 4832 3342 4901 βίου
3375 4831 3635 4903 ὲπιτηδεύ
3645 4849 3849 4902 ματα,

2241 4927 2399 4998 μόνον
2426 4925 2485 4990 ἐξ
2503 4924 2757 4978 ἁπάντων
2789 4924 3065 4994 ἐθαύμασε
3099 4924 3188 4977 τὸν
3231 4925 3432 4978 Ἀέτιον
3451 4941 3465 4955 ο
3490 4924 3595 4978 οὐκ
3625 4925 3853 4976 ἀσυνέ-

2237 5033 2364 5078 τως,
2379 5012 2428 5069 οἷ
2436 5033 2552 5086 μαι,
2575 5016 2708 5085 πρὸς
2723 5032 2786 5084 γε
2802 5015 2892 5068 τὸν
2909 5015 3101 5069 ἑαυτοῦ
3123 5017 3323 5070 σκοπὸν
3345 5018 3424 5080 εἰς
3439 5016 3696 5088 ἐπίνοιαν
3719 5014 3856 5084 βίου

2168 5115 2172 5120 ·
2241 5101 2398 5156 τοῦτο
2428 5101 2832 5172 ἐπιλεξάμενος.
2875 5103 2990 5171 Ἀφ’
3020 5097 3082 5158 οὗ
3114 5103 3222 5174 γὰρ
3252 5105 3479 5175 μετέσχε
3509 5107 3614 5175 τῆς
3648 5105 3860 5175 ἀπορ-

2244 5193 2404 5263 ρήτου
2454 5192 2652 5263 ταύτης
2700 5193 2922 5261 σοφίας,
2971 5194 3028 5260 ἐξ
3071 5195 3278 5248 ἐκείνου
3337 5195 3514 5249 πάντα
3563 5196 3864 5268 ἄσπαρτα

2238 5282 2384 5352 αὐτῷ
2412 5283 2504 5336 καὶ
2522 5283 2761 5355 ἀνήροτα
2785 5283 3002 5351 φύεται,
3035 5284 3195 5352 σοφὸς
3216 5286 3323 5356 γάρ
3349 5285 3432 5348 τίς
3459 5287 3600 5348 ἐστι,
3633 5291 3786 5357 περὶ
3821 5290 3866 5338 ἂ

2231 5395 2316 5449 57.
2359 5392 2463 5447 Sed
2496 5393 2603 5448 huc
2638 5409 2743 5447 non
2771 5395 3004 5462 pertinet
3039 5395 3128 5449 ille
3162 5394 3450 5458 Prunicus.
3481 5397 3579 5451 sed
3615 5397 3736 5450 istc
3785 5397 3871 5451 de

2230 5479 2338 5537 quo
2368 5463 2564 5518 Suidas
2598 5483 2609 5517 :
2637 5463 2935 5534 Προύνικος
2965 5465 3218 5535 δρομαῖος
3247 5467 3461 5537 γοργὸς.
3497 5467 3640 5518 Nam
3694 5467 3871 5519 Pru-

2231 5536 2336 5586 nici
2383 5543 2509 5586 sunt
2539 5548 2818 5597 cursores,
2865 5538 3091 5597 celeres,
3140 5536 3353 5590 Vo-loccs
3403 5546 3579 5589 instar
3631 5551 3874 5589 cursit—

2227 5619 2380 5656 rum:
2415 5606 2540 5656 item
2595 5605 2760 5670 liajuli
2802 5605 2894 5726 (Ἆιί
2940 5619 3104 5658 onera
3152 5607 3399 5660 mercede
3445 5614 3722 5676 portant:
3759 5606 3866 5661 itit:

2227 5689 2325 5726 ι)Γο
2360 5673 2522 5726 celeri
2550 5674 2731 5726 scriba
2772 5689 2800 5726 a
2856 5673 3072 5726 'vsseuo
3111 5683 3425 5726 usurnatur.

2225 5689 2325 5738 pro
2360 5673 2522 5728 celeri
2550 5674 2731 5728 scriba
2772 5689 2800 5726 a
2829 5673 3072 5744 Nysseuo
3111 5683 3425 5745 usurpatur.
