4008 6210
330 299 447 356 ἓϐὖ

1484 325 1760 384 CONTRA
1793 332 2180 398 EUNOMIUM,
2216 334 2341 390 LIB.
2388 335 2423 390 Ι.

3487 343 3589 400 966

328 430 433 506 τὴν
463 432 693 502 σποδδὴν
721 435 855 504 ἔχει,
890 438 981 490 καὶ
1013 439 1154 505 ἔγνω
1187 442 1301 506 πῶς
1329 443 1393 498 ἄν
1416 464 1497 511 τις
1523 449 1759 519 μάλιστα
1787 453 1910 512 τοὺς

2016 456 2260 524 appellit,
2292 463 2345 509 et
2384 455 2551 525 probe
2587 456 2755 518 novit,
2790 471 3026 527 quanam
3073 466 3192 518 arte
3228 458 3476 519 homines
3510 461 3591 518 af-

333 522 775 595 ἐμπαθεστέρους
854 527 965 579 τῶν
1029 528 1331 602 ἀνθρώπων
1406 539 1908 607 προσοικειώσαιτο.

344 612 559 683 Ἐπειδὴ
583 614 692 688 γὰρ
717 616 987 673 εὐάλωτόν
1012 620 1179 683 ἐστιν.
1211 623 1286 687 ὡς
1310 625 1380 679 τὰ
1409 627 1599 692 πολλὰ,
1629 630 1696 683 δι’
1719 630 1912 700 ἡδονῆς

325 701 389 754 τὸ
413 702 757 777 ἀνθρώπινον
777 745 793 771 ,
839 708 935 761 καὶ
962 710 1130 781 πολλὴ
1171 714 1309 783 πρὸς
1338 715 1399 768 τὸ
1429 718 1600 780 πάθος
1628 720 1785 774 τοῦτο
1814 722 1911 793 τῆς

329 792 549 860 φύσεώς
579 798 727 850 ἐστιν
753 799 786 868 ἡ
815 801 1060 868 εὐκολία,
1110 806 1173 857 ἐκ
1201 805 1310 857 τῶν
1341 811 1692 881 τραχυτέρων
1719 812 1910 884 ἐπιτη-

327 883 614 955 δευμάτων
655 888 796 959 πρὸς
829 892 891 944 τὸ
926 895 1023 964 τῆς
1066 896 1259 967 ἡδονῆς
1296 897 1437 951 λεῖον
1469 902 1702 972 ἑτοίμως
1741 922 1911 958 κατα-

331 978 637 1050 πιπτούσης
656 997 671 1010 ο
702 981 779 1045 ὼς
803 982 871 1038 ἂν
902 986 1137 1055 μάλιστα
1165 993 1454 1055 κοινωνοὺς
1483 995 1660 1065 ἐαυτῷ
1684 996 1911 1061 πολλοὺς

330 1070 433 1138 τῆς
470 1070 625 1123 νόσου
669 1074 778 1125 τῶν
818 1075 1104 1147 δογμάτων
1158 1084 1666 1153 προσεταιρίσαιτο·
1718 1087 1907 1141 τούτου

332 1162 492 1229 χάριν
541 1162 671 1232 ἡδὺς
706 1163 915 1231 γίνεται
961 1171 1072 1231 τοῖς
1104 1170 1195 1222 ὑπ’
1234 1172 1397 1226 αὑτοῦ
1436 1175 1810 1247 τελουμένοις,
1849 1181 1911 1232 τὸ

333 1251 637 1321 πρόσαντες
662 1256 758 1308 καὶ
788 1256 1041 1311 ἐπίπονον
1067 1260 1164 1330 τῆς
1195 1262 1415 1334 ἀρετῆς,
1443 1264 1518 1328 ὡς
1545 1266 1809 1322 ἀπίθανον
1830 1271 1911 1333 εἰς

330 1343 431 1410 τὴν
459 1343 553 1397 τοῦ
584 1346 885 1419 μυστηρίου
919 1351 1264 1425 παραδοχὴν,
1295 1356 1638 1413 ἀποϐάλλων.
1673 1361 1781 1413 Καὶ
1821 1356 1909 1417 οἷα

335 1433 435 1500 μὲν
460 1433 802 1489 διδάσκουσιν
831 1439 890 1491 ἐν
918 1441 1250 1513 ἀπορρήτοις
1268 1483 1283 1506 ,
1316 1446 1410 1499 καὶ
1437 1447 1537 1515 ὅσα
1570 1449 1906 1515 ἐκ).αλοὶσιν,

329 1523 426 1576 καὶ
455 1526 536 1587 εἰς
571 1525 633 1580 τὸ
664 1526 903 1596 ἐμφανὲς
929 1512 1150 1599 ἄγουσιν
1178 1535 1228 1587 oi
1260 1535 1328 1588 δι’
1372 1512 1589 1609 ἀπάτης
1619 1512 1912 1612 παραδεδεέ

328 1612 524 1681 γμένοι
553 1613 616 1667 τὸ
644 1615 858 1687 μίασμα
912 1622 1013 1691 τήν
1038 1638 1099 1674 τε
1123 1624 1431 1697 ἀπόρρητον
1458 1629 1672 1700 ἐκείνην
1708 1648 1911 1701 μυστα-

326 1705 575 1772 γωγίαν,
606 1710 700 1761 καὶ
744 1704 834 1763 οἷα
865 1713 1015 1784 πα.ρά
1062 1714 1156 1768 τοῦ
1205 1717 1407 1788 σεμνοῦ
1441 1719 1551 1773 τῶν
1596 1723 1909 1795 μυστηρίων

331 1796 651 1865 ἱεροφάντου
693 1798 1068 1870 διδάσκονται,
1118 1804 1443 1879 βαπτισμῶν
1467 1827 1525 1863 τε
1576 1794 1789 1882 τρόπον
1816 1816 1909 1868 καὶ
1941 1794 1982 1848 Β

328 1886 545 1955 φύσεως
575 1893 935 1964 συνηγορίας,
987 1896 1083 1949 καὶ
1121 1898 1298 1953 πάντα
1335 1899 1404 1953 τὰ
1432 1901 1675 1966 τοιαῦτα,
1723 1904 1777 1956 εἴ
1802 1924 1908 1960 τινι

330 1981 496 2051 σχολὴ
524 1981 592 2035 δι’
624 1984 909 2053 ἀκριϐείας
940 1987 1130 2057 μαθεῖν
1147 2029 1162 2052 ,
1192 1990 1432 2055 ἐκείνους
1457 1993 1766 2063 διερωτάτω
1786 2038 1800 2057 ,
1829 1993 1909 2060 οἷς

328 2072 622 2128 ἀνεύθυνον
673 2077 858 2149 φέρειν
901 2096 954 2133 τι
1005 2080 1113 2133 τῶν
1167 2082 1433 2155 ἀπρεπῶν
1469 2085 1557 2139 διὰ
1601 2087 1866 2158 πόματος
1890 2106 1907 2122 ·

330 2167 491 2233 ἡμεῖς
526 2166 584 2219 δὲ
627 2172 956 2241 σιγήσομεν·
1002 2174 1123 2227 οὐδὲ
1163 2175 1273 2247 γὰρ
1321 2179 1760 2250 κατηγοροῦντας
1813 2199 1909 2253 με·

332 2256 567 2325 μνῆσθαι
619 2259 727 2313 τῶν
767 2263 1024 2318 τοιούτων
1073 2266 1382 2336 εύάγιστον,
1432 2270 1527 2323 καὶ
1572 2270 1713 2342 λόγῳ
1742 2275 1908 2345 τιμᾷν

333 2348 603 2416 μαθόντας
642 2352 741 2422 τὴν
788 2355 1162 2429 καθαρότητα,
1191 2360 1312 2413 οὐδὲ
1334 2364 1448 2425 τοῖς
1491 2361 1908 2435 ὲμμελεστέροις

326 2438 438 2492 τῶν
474 2440 830 2513 διηγημάτων
879 2451 1342 2522 καταρρυπαίνειν
1391 2452 1487 2525 τὴν
1542 2457 1865 2527 συγγραφήν
1889 2475 1903 2489 ·

330 2530 433 2584 κάν
460 2535 492 2603 ἡ
524 2533 756 2606 ἀλήθεια
779 2541 889 2603 toi;
909 2538 1222 2612 λεγομένοις
1248 2548 1443 2617 προσῇ.

400 2623 550 2697 Πλὴν
577 2619 640 2680 οὗ
672 2628 832 2702 χάριν
859 2630 967 2685 τῶν
998 2635 1304 2706 εἰρημένων
1342 2639 1791 2714 ἐπεμνήσθημεν·
1823 2646 1906 2699 ὅτι

327 2714 583 2788 καθάπερ
605 2718 683 2789 τῷ
726 2720 916 2792 ’Δετίῳ
942 2729 1205 2798 πορισμὸς
1224 2726 1293 2801 ἦν
1310 2730 1564 2797 ἀσεϐείας
1588 2734 1621 2803 ἡ
1660 2734 1904 2805 Ἀριστο-

322 2808 516 2872 τέλους
542 2814 867 2883 κακοτεχνία
890 2828 907 2846 ⁸
939 2815 1030 2867 τὸν
1061 2817 1223 2870 αὐτὸν
1260 2814 1459 2891 τρόπον
1489 2823 1582 2876 καὶ
1605 2824 1683 2896 τῷ
1704 2842 1907 2898 κατηρ-

324 2902 572 2970 τισμένῳ
618 2904 835 2977 μαθητῇ
883 2907 1024 2961 κατᾶ
1070 2908 1132 2962 τὸ
1174 2904 1290 2965 ἴσον
1337 2912 1417 2983 τῷ
1470 2914 1776 2986 διδασκάλῳ
1822 2917 1905 2970 λι-

324 2991 525 3062 παρῶς
557 2992 917 3063 ὲμϐιοτεύειν.
958 3000 1023 3068 τῇ
1066 2999 1329 3072 ἁπλότητι
1374 3003 1483 3055 τῶν
1517 3005 1907 3076 ἀπατηθέντων

324 3082 571 3154 ὑπῆρξε.
604 3085 647 3136 Τ
653 3084 670 3137 ί
696 3082 787 3140 οὖν
816 3088 1067 3143 τοσοῦτον
1093 3092 1351 3162 ἠδίκησεν
1379 3096 1407 3146 ὁ
1434 3095 1575 3148 κατὰ
1598 3096 1690 3148 τὸν
1721 3095 1905 3163 Εὔξει-

322 3188 422 3226 νον
463 3172 669 3226 Πόντον
697 3175 1007 3243 Βασίλειος,
1040 3179 1073 3250 ἢ
1100 3181 1131 3233 ό
1157 3181 1299 3235 κατὰ
1338 3181 1437 3253 τὴν
1488 3184 1780 3256 Ἀρμενίαν
1800 3187 1905 3240 Εὐ-

325 3262 583 3328 στάθιος,
614 3266 743 3334 περὶ
785 3259 862 3319 ὧν
895 3269 928 3339 η
963 3269 1152 3341 μακρὰ
1187 3272 1505 3344 παρενθήκη
1539 3275 1640 3344 τῆς
1672 3275 1909 3346 ἱστορίας

322 3356 753 3425 ἐξυπτιὰζεταη
798 3359 864 3412 Τί
905 3360 997 3415 τὸν
1043 3362 1135 3416 τοῦ
1174 3363 1290 3434 βίου
1330 3365 1531 3418 σκοπὸν
1572 3366 1721 3438 αύτῷ
1758 3367 1911 3421 λελυ-

326 3448 576 3518 πήκασις
606 3447 670 3501 Τί
699 3451 757 3504 δὲ
787 3453 909 3522 ούχῖ
949 3454 1148 3523 μᾶλλον
1179 3456 1277 3527 τὴν
1316 3458 1508 3529 καινὴν
1535 3459 1715 3513 αὐτῶν
1753 3458 1911 3525 δόξαν

326 3538 430 3591 ἐπὶ
472 3540 538 3592 τὸ
563 3544 746 3611 μεῖζον
767 3543 1034 3615 ἐθρεψαν;
1063 3546 1233 3600 Πόθεν
1253 3548 1361 3619 γὰρ
1385 3549 1570 3614 αὐτοῖς
1590 3551 1651 3604 τὸ
1668 3552 1911 3622 γνωσθῆ-

325 3647 443 3695 ναι,
478 3632 573 3684 καὶ
608 3634 688 3695 είς
714 3634 964 3689 τοσοῦτον
1011 3637 1404 3709 όνομασθῆναι;
1444 3628 1514 3695 Ἦ
1545 3642 1665 3713 οὐχὶ
1686 3643 1771 3696 διὰ
1802 3643 1909 3698 τῶν

320 3721 547 3791 ἀνδρῶν
578 3721 802 3777 ἐκείνων
840 3727 1242 3797 προσγέγονεν;
1310 3730 1465 3803 εἴπερ
1502 3730 1757 3802 ἀληθεύει
1788 3733 1907 3787 κατ’

319 3812 515 3865 αὐτῶν
559 3815 588 3866 ὁ
626 3817 952 3888 κατήγορος.
985 3820 1058 3873 Τὸ
1097 3820 1206 3894 γὰρ
1237 3821 1554 3894 εὐδοκίμους
1575 3824 1734 3887 ὄντας
1763 3824 1907 3878 ὲκεί-

320 3922 494 3969 viz-4;,
544 3905 727 3971 καθὼς
763 3911 792 3962 ὁ
842 3918 1193 3981 συγγραφεὺς
1245 3916 1542 3984 μαρτυρεῖ,
1584 3913 1910 3986 ἀξιομάχους

318 3998 551 4059 ἑαυτοῖς
576 4001 757 4070 κρῖναι
791 4001 918 4065 τοὺς
966 4002 1273 4074 μηδαμόθεν
1304 4003 1523 4073 ἔχοντας
1550 4004 1610 4057 τὸ
1639 4002 1907 4073 γινώσκε-

324 4088 496 4148 σθαι,
528 4088 749 4160 ἀφορμὴ
790 4089 884 4142 τοῦ
928 4092 1069 4161 μέγα
1114 4095 1330 4164 φρονεῖν
1356 4094 1580 4158 εἰκότως
1616 4091 1911 4147 καθίστατο

323 4182 447 4239 τοῖς
494 4181 861 4251 ἀντιταχθεῖσι
907 4183 1043 4255 πρὸς
1090 4186 1215 4249 τοὺς
1258 4185 1418 4238 πλέον
1466 4184 1608 4256 ἔχειν
1643 4185 1911 4255 ὑπειλημ-

328 4272 535 4342 μένους
569 4271 681 4327 τῶν
734 4273 929 4329 ἄλλων.
993 4274 1088 4329 Ἐκ
1141 4275 1197 4329 δὲ
1242 4275 1435 4329 τούτου
1466 4275 1666 4348 περιῆν
1709 4276 1771 4328 τὸ
1818 4292 1913 4329 συ-

328 4365 663 4430 σκιάζεσθαι
709 4368 808 4437 μὲν
853 4366 947 4421 τοῦ
990 4368 1255 4441 προτέρου
1283 4367 1401 4438 βίου
1427 4368 1487 4423 τὸ
1518 4369 1789 4430 ταπεινὸν,
1820 4368 1913 4421 καὶ

326 4455 622 4527 ἀνώνυμον
638 4474 654 4487 ·
687 4458 796 4512 ἀπὸ
822 4459 879 4513 δὲ
903 4460 964 4514 τὸ
982 4465 999 4483 ⁸
1019 4460 1159 4530 μετά
1183 4460 1359 4515 ταῦτα
1402 4462 1712 4535 γνωρίμους
1739 4457 1879 4515 εἶναι
1896 4501 1910 4522 .

2016 4453 2199 4509 omnia
2264 4451 2625 4523 prudentibus
2684 4451 2874 4507 sedulo
2935 4453 3151 4507 vitanda
3217 4463 3345 4511 sunt
3412 4470 3427 4510 :

323 4547 364 4600 ἃ
408 4548 618 4614 φευκτὲ
650 4546 750 4616 μὲν
774 4547 947 4612 ἄλλως
985 4548 1132 4601 ἐστὶν
1156 4552 1265 4613 τοῖς
1292 4567 1355 4619 γε
1383 4550 1506 4604 νοῦν
1539 4551 1753 4622 ἔχουσιν
1818 4551 1909 4616 (ού

325 4640 444 4709 γὰρ
492 4639 558 4691 ἄν
604 4657 685 4703 τις
728 4640 944 4705 εὔξαιτο
990 4641 1097 4694 τῶν
1141 4638 1197 4695 εὖ
1229 4642 1570 4713 φρονούντων
1618 4642 1789 4713 μέγας
1819 4645 1911 4696 ἐπὶ

328 4731 492 4802 κακῷ
537 4733 910 4803 νομισθῆναι)⁶
983 4736 1093 4796 τοῖς
1139 4733 1196 4785 δὲ
1243 4733 1500 4797 τοιούτοις
1544 4738 1572 4787 ὁ
1615 4734 1910 4804 ἀκρότατος

324 4822 457 4891 ὄρος
485 4821 586 4891 τῆς
613 4822 907 4893 εύκληρίας
934 4822 1109 4876 δοκεῖ·
1138 4823 1391 4895 καθάπερ
1418 4824 1548 4893 φασὶ
1572 4823 1680 4876 τῶν
1709 4824 1911 4893 ἀδόξων

326 4912 458 4965 τινὰ
484 4914 577 4965 καὶ
606 4913 880 4966 ταπεινῶν
901 4913 1041 4967 κατὰ
1071 4914 1168 4985 τὴν
1204 4914 1408 4975 Ἀσίαν,
1438 4915 1735 4985 ὀνομαστὸν
1767 4916 1913 4983 γενέ-

330 5003 463 5057 σθαι
487 5005 616 5078 παρ’
651 5005 919 5074 Ἐφεσίοις
951 5005 1387 5076 ἐπιθυμήσαντα.
1418 5005 1559 5075 μέγα
1593 5006 1690 5076 μέν
1706 5022 1759 5059 τι
1818 5007 1912 5059 καὶ

328 5096 587 5167 λαμπρὸν
618 5097 805 5166 ἔργον.
841 5097 973 5166 μηδὲ
1023 5098 1103 5160 είς
1145 5095 1267 5150 νοῦν
1301 5096 1554 5167 βαλέσθαι
1580 5112 1593 5127 ·
1634 5097 1772 5166 μήτε
1803 5097 1912 5166 γὰρ

324 5186 623 5240 ἇύνασθαι·
655 5188 908 5256 γενέσθαι
934 5187 989 5241 δὲ
1018 5188 1128 5241 τῶν
1160 5189 1252 5241 ἐπὶ
1280 5190 1391 5251 τοῖς
1421 5188 1693 5257 μεγίστοις
1716 5204 1913 5260 γνωρι-

326 5277 575 5331 War:
607 5280 1016 5352 διασημότερον,
1048 5280 1353 5352 ὑπερϐολήν
1380 5298 1497 5334 τινα
1523 5280 1725 5351 βλάὅης
1760 5282 1912 5348 ἐξευ-

328 5369 505 5440 ρόντα
555 5372 693 5425 κατά
732 5372 842 5427 τῶν
898 5374 1181 5442 Ἐφεσίων.
1229 5370 1380 5427 Εἶναι
1420 5373 1519 5443 μὲν
1554 5379 1664 5447 γάρ
1707 5393 1757 5427 τι
1804 5374 1912 5426 τῶν

322 5459 613 5530 δημοσίων
648 5462 776 5531 παρ’
815 5462 996 5525 αὐτοῖς
1033 5462 1375 5532 λαμπρότητι
1419 5463 1571 5534 πάσῃ
1622 5463 1716 5516 καὶ
1751 5463 1914 5517 πολυ-

320 5553 523 5624 τελείᾳ
565 5554 957 5624 περίϐλεπτον
1001 5554 1090 5617 τὸν
1118 5554 1174 5607 δὲ
1200 5553 1483 5625 ἄνθρωπον
1518 5554 1641 5625 πυρὶ
1684 5554 1783 5624 τὴν
1815 5570 1913 5623 με-

324 5644 668 5714 τιλουργίαν
730 5645 943 5715 ἐκείνην
994 5643 1421 5713 ἰεαφανίσαντα,
1478 5644 1808 5716 ὁμολογῆσαι
1855 5645 1915 5697 τὸ

322 5737 433 5807 τῆς
452 5734 638 5804 ψυχῆς
656 5734 824 5798 πάθος
840 5736 931 5787 ἐπὶ
949 5739 1014 5807 τῇ
1031 5736 1200 5809 τόλμῃ
1221 5738 1556 5808 κρινόμενονο
1580 5737 1659 5789 ὅτι
1681 5737 1742 5789 τὸ
1764 5735 1915 5807 παρά

674 5828 937 5890 Panos.
971 5829 1088 5891 Gn.
1127 5831 1313 5895 XLV.

2016 544 2249 600 fectibus
2285 546 2456 616 magis
2478 546 2743 602 obnoxios
2771 548 2877 603 sibi
2908 550 3204 605 conciliare
3232 559 3415 624 queat.
3449 552 3586 608 Cum

2013 636 2156 692 enim
2193 637 2424 707 plurima
2464 638 2774 692 mortalium
2822 654 2950 709 pars
2987 641 3265 711 voluptate
3308 641 3467 698 facile
3492 659 3589 697 ra-

2014 729 2213 797 piatur,
2242 743 2477 799 cumque
2520 730 2585 782 ad
2637 729 2752 785 lizec
2781 746 2975 800 magna
3022 732 3091 785 sit
3140 741 3348 788 natura:
3388 735 3591 803 procli-

2011 823 2173 881 vitas.
2230 822 2298 877 ab
2344 824 2621 893 asperiore
2665 823 2789 877 vita:
2830 823 3138 893 disciplina.
3187 824 3253 877 ad
3294 826 3590 897 voluptatis

2015 912 2232 982 planum
2266 915 2561 979 tramitem,
2599 925 2793 967 natura
2841 913 3000 968 facife
3030 915 3337 978 delabeute.
3379 917 3500 973 ideo
3530 927 3589 973 ut

2013 1017 2174 1072 quam
2211 1004 2476 1073 plurimos
2526 1005 2701 1061 insani
2756 1013 2811 1062 et
2860 1004 3105 1074 pestiferi
3157 1006 3428 1076 dogmatis
3483 1008 3588 1064 sibi

2011 1094 2189 1149 socios
2234 1092 2514 1163 adjungat,
2562 1110 2783 1150 suavem
2819 1095 3195 1166 mcllitumquc
3228 1112 3349 1153 sese
3387 1098 3591 1167 praebet

2012 1182 2129 1237 suis
2169 1183 2551 1246 sectatoribus,
2603 1183 2884 1254 repudiata
2909 1185 3129 1240 virtutis
3163 1185 3505 1251 difﬁcultate,
3537 1196 3592 1243 ct

2012 1273 2260 1327 molestia
2308 1281 2567 1344 tanquam
2608 1275 2811 1339 inutili,
2842 1275 2909 1331 ad
2944 1291 3168 1330 suorum
3202 1278 3587 1348 mysteriorum

2011 1363 2476 1434 approbationem.
2534 1365 2596 1418 Et
2638 1367 2821 1436 qualia
2869 1367 3086 1437 quidem
3132 1370 3186 1423 in
3230 1370 3450 1425 occulto
3492 1370 3594 1424 do-

2010 1463 2190 1518 ceant.
2225 1466 2280 1510 et
2311 1471 2558 1526 quanam
2594 1459 2869 1528 evulgent,
2905 1460 3071 1529 inque
3112 1459 3290 1515 lucem
3333 1459 3586 1525 efferant,

2010 1547 2103 1618 qui
2148 1549 2366 1619 piaculo
2414 1550 2507 1605 illo
2554 1551 2824 1620 inquinati
2872 1559 3023 1619 sunt,
3057 1559 3112 1607 et
3148 1552 3333 1623 qualia
3378 1552 3515 1622 ipsis
3559 1569 3592 1608 a

2013 1639 2162 1708 gravi
2227 1639 2437 1695 scilicet
2499 1642 2886 1711 mysteriorum
2963 1642 3212 1698 antistite
3279 1643 3588 1709 tradantur,

2013 1729 2341 1801 modumque
2375 1739 2429 1786 et
2454 1734 2618 1786 ritum
2648 1734 3047 1802 baptismalem,
3079 1742 3135 1789 et
3169 1740 3383 1790 natura;
3407 1742 3592 1805 patro-

2012 1820 2235 1884 cinium,
2269 1834 2322 1877 et
2357 1823 2547 1878 horum
2593 1824 2835 1880 similia:
2869 1825 2939 1879 si
2963 1826 3089 1896 quis
3131 1834 3388 1881 accurate
3427 1841 3593 1882 nosse

2011 1912 2160 1975 velit,
2187 1914 2333 1983 ipsos
2362 1915 2660 1985 interroget
2714 1916 2914 1986 quibus
2945 1917 3093 1970 nulla
3136 1926 3221 1972 est
3253 1917 3442 1988 religio
3468 1924 3590 1971 tur-

1950 2060 1953 2065 ,
2011 2004 2095 2072 pia
2152 2013 2205 2058 ct
2250 2004 2505 2059 indecora
2555 2006 2825 2075 proloqui.
2878 2004 2988 2061 Nos
3036 2007 3358 2071 tacebimus,
3412 2021 3592 2076 neque

2009 2092 2151 2146 enim
2184 2108 2397 2163 aequum
2437 2101 2541 2158 est,
2572 2095 2734 2149 etiam
2778 2100 3130 2151 accusatores
3172 2098 3367 2150 horum
3402 2098 3594 2151 memi-

2008 2183 2176 2245 nisse,
2212 2198 2335 2237 cum
2373 2183 2558 2238 norint
2593 2184 2772 2241 verbis
2816 2199 3037 2256 quoque
3082 2186 3373 2256 puritatem
3411 2186 3591 2241 hono-

2009 2287 2151 2335 rare,
2187 2288 2363 2346 neque
2408 2282 2737 2346 praetextato
2775 2290 3028 2332 sermone
3061 2276 3231 2331 libros
3271 2291 3589 2332 commacu-

2011 2363 2123 2420 lare
2147 2379 2163 2430 ;
2191 2365 2439 2434 quamvis
2458 2380 2489 2419 a
2518 2367 2745 2421 veritate
2768 2365 3004 2421 alienum
3037 2379 3145 2420 non
3178 2372 3326 2421 esset
3355 2364 3411 2420 id
3440 2364 3589 2436 quod

2009 2451 2272 2506 dicereut.

2076 2628 2366 2693 Czcterum,
2407 2640 2465 2684 ut
2509 2630 2725 2687 redeam
2758 2632 2824 2687 ad
2859 2646 2943 2693 ea.
2983 2648 3218 2702 quorum
3263 2635 3437 2704 gratia
3481 2634 3590 2692 huc

2007 2719 2224 2791 delapsa
2268 2732 2353 2777 est
2396 2723 2610 2777 oratio:
2664 2723 2807 2778 sicut
2841 2724 2997 2781 Aetio
3036 2725 3330 2796 impietatis
3369 2726 3592 2783 occasio

2009 2811 2112 2867 fuit
2150 2812 2459 2868 Aristotelis
2491 2829 2582 2869 ars
2637 2813 2797 2870 fallax
2833 2822 2890 2871 et
2924 2823 3184 2872 versuta:
3217 2816 3408 2873 eodem
3427 2817 3591 2874 modo

2007 2911 2062 2958 et
2118 2904 2284 2958 unico
2338 2905 2509 2973 ipsius
2559 2905 2833 2975 discipulo
2890 2920 3026 2963 ansa
3093 2908 3211 2965 hac
3267 2908 3449 2964 oblata
3505 2916 3592 2965 est

2009 2993 2292 3064 splendide
2338 2996 2639 3055 insultandi
2675 2996 3014 3068 simplicitati
3072 3012 3287 3060 eorum.
3336 3013 3476 3069 quos
3532 2998 3590 3054 in

2009 3103 2249 3143 errorem
2274 3088 2605 3159 conjecerat.
2633 3088 2752 3156 Qua
2799 3104 2931 3161 ergo
2971 3091 3027 3146 in
3072 3106 3130 3146 re
3201 3099 3354 3145 tanta
3410 3092 3586 3162 ipsum

2012 3179 2210 3247 injuria
2250 3178 2430 3235 all'ecit
2464 3179 2699 3236 Basilius
2727 3179 2793 3235 ad
2823 3178 3095 3235 Euxinum
3134 3179 3390 3247 l’ontum,
3418 3182 3590 3238 autin

2011 3270 2263 3326 Armenia
2312 3269 2652 3337 Eustathius,
2698 3270 2769 3327 de
2798 3271 3000 3341 quibus
3048 3272 3316 3343 prolixam
3365 3281 3421 3329 et
3469 3288 3591 3328 ver-

2012 3363 2200 3419 bosam
2231 3362 2623 3433 digressionem
2655 3363 2760 3419 hoc
2798 3363 2922 3419 loco
2956 3363 3123 3420 texit?
3157 3361 3273 3430 Qua
3301 3364 3356 3419 in
3380 3379 3441 3419 re
3471 3374 3590 3419 tur-

2012 3453 2211 3507 barunt
2243 3455 2416 3523 ipsius
2451 3452 2668 3510 vivendi
2709 3453 2924 3522 genus?
2951 3452 3148 3510 Annon
3178 3453 3360 3524 potius
3392 3469 3588 3509 novam

2012 3544 2253 3613 ipsorum
2285 3544 2510 3612 gloriam
2544 3558 2740 3615 magna
2770 3544 3087 3601 accessione
3115 3542 3591 3601 auxerunt?Unde

2010 3636 2153 3689 enim
2195 3636 2331 3706 ipsis
2372 3643 2522 3689 tanta
2559 3635 2798 3691 nominis
2845 3635 3137 3692 celebritas
3174 3645 3229 3691 et
3256 3635 3438 3690 fama?
3477 3636 3590 3692 Anc

2011 3742 2118 3780 uon
2150 3727 2346 3782 abillis
2374 3726 2531 3792 viris,
2556 3726 2603 3783 si
2633 3741 2742 3782 non
2783 3728 3043 3782 mentitur
3087 3727 3414 3783 accusator?
3434 3726 3590 3793 Quod

2011 3818 2156 3873 enim
2203 3819 2448 3875 celebres
2491 3819 2570 3873 illi
2618 3818 2744 3883 viri,
2790 3826 2853 3873 ut
2896 3826 3133 3875 testatur
3183 3819 3288 3874 iste
3335 3819 3589 3887 scriptor,

2011 3912 2205 3983 dignos
2240 3912 2633 3982 reputaverint,
2667 3927 2792 3967 cum
2836 3912 3040 3983 quibus
3078 3918 3403 3982 pugnarent,
3444 3910 3589 3974 illos,

2011 4001 2105 4071 qui
2172 4000 2391 4058 obscuri
2414 4011 2469 4058 et
2497 4000 2663 4072 ignoti
2684 4001 2950 4057 erantzid
2994 4001 3192 4057 merito
3242 4001 3589 4057 occasionem

2011 4090 2344 4147 adversariis
2380 4090 2627 4160 pmbuit,
2658 4099 2717 4144 ut
2754 4089 2990 4159 majores
3021 4090 3250 4159 spiritus
3288 4096 3589 4153 sumerent.

2014 4197 2246 4252 seseque
2274 4182 2499 4251 reliquis
2528 4189 2790 4250 praestare
2821 4180 2923 4234 sibi
2950 4180 3371 4251 persuaderent;
3402 4191 3456 4237 et
3486 4181 3591 4238 hac

2014 4274 2227 4328 ratione
2267 4272 2465 4342 prioris
2506 4270 2630 4324 vita:
2680 4270 3077 4340 ignobilitatem
3115 4280 3170 4328 et
3199 4274 3588 4330 obscuritatem

2016 4371 2197 4433 tegere
2229 4362 2402 4422 licuit,
2432 4360 2582 4415 claro
2615 4360 2834 4415 nomine
2867 4361 3010 4431 apud
3035 4378 3225 4418 omnes
3252 4375 3427 4434 parto.
3459 4364 3591 4431 Qua

3494 4470 3591 4511 nc-

2015 4546 2213 4600 minem
2257 4545 2401 4600 enim
2449 4559 2659 4609 eorum,
2699 4544 2788 4615 qui
2835 4554 2984 4600 recte
3012 4546 3257 4615 sapiunt,
3296 4547 3587 4617 repereris.

2013 4642 2104 4708 qui
2138 4637 2321 4707 cupiat
2347 4636 2649 4693 sceleribus
2684 4646 2738 4692 et
2768 4635 3050 4693 maleﬁciis
3094 4639 3480 4697 inclarescere.
3519 4639 3591 4694 At

2014 4730 2135 4786 istis
2163 4730 2376 4785 videtur
2405 4728 2508 4784 hoc
2532 4745 2823 4800 supremus
2840 4727 3118 4785 felicitatis
3142 4730 3376 4801 gradus:
3397 4746 3590 4802 quem-

2012 4821 2301 4877 admodum
2358 4820 2497 4876 lama
2542 4830 2647 4885 est,
2711 4822 2999 4893 inglorium
3050 4821 3339 4893 quemdam
3392 4831 3448 4879 et
3493 4823 3591 4878 ab—

2008 4914 2213 4981 iectum
2258 4914 2312 4967 in
2361 4913 2512 4979 Asia,
2564 4929 2688 4969 cum
2736 4915 3101 4969 celebritatem
3159 4915 3397 4971 nominis
3448 4917 3588 4987 apud

2016 5005 2278 5075 Ephesios
2333 5013 2652 5074 appeteret,
2706 5020 2814 5059 non
2874 5003 3093 5075 quidem
3146 5006 3329 5059 animo
3376 5004 3590 5062 farinus

2015 5099 2172 5155 laude
2216 5098 2435 5167 dignum
2478 5098 2830 5168 concepisse:
2866 5097 3010 5154 haud
3051 5098 3195 5152 enim
3238 5107 3449 5157 tantum
3492 5114 3592 5169 po-

2014 5190 2215 5246 tuisse:
2268 5188 2363 5244 sed
2410 5198 2590 5244 tamen
2640 5189 2994 5245 celebriorem
3045 5189 3288 5245 evasisse
3334 5189 3592 5247 omnibus

2017 5279 2145 5343 illis,
2179 5278 2269 5346 qui
2303 5278 2374 5332 ob
2406 5280 2639 5334 maxima
2673 5288 2887 5350 patrata
2926 5278 3168 5333 facinora
3202 5279 3588 5343 decantantur.

2013 5369 2320 5438 excogitato
2356 5379 2547 5424 contra
2594 5367 2857 5439 Ephesios
2913 5366 3057 5423 facto
3099 5368 3588 5437 perniciosissimo.

2015 5458 2209 5514 Fuisse
2248 5459 2390 5515 enim
2436 5460 2637 5531 Ephesi
2665 5459 2952 5517 aediﬁcium
2985 5459 3257 5530 quoddam
3286 5462 3587 5532 publicum.

2015 5548 2419 5620 magniﬁcentia
2443 5559 2497 5605 et
2524 5551 2665 5606 mole
2692 5559 3015 5622 sumptuosa
3049 5554 3444 5623 conspicuum:
3486 5554 3589 5610 hoc

2018 5642 2289 5698 hominem
2314 5643 2462 5699 illum
2505 5643 2706 5714 injecto
2751 5646 2875 5717 igne
2896 5661 3314 5705 concremasse:
3345 5656 3579 5719 captum.

2018 5750 2123 5807 que
2152 5745 2207 5790 et
2256 5736 2309 5790 in
2356 5735 2621 5805 judicium
2666 5737 2737 5795 ob
2768 5739 3190 5797 audacissimum
3239 5739 3453 5795 facinus
3498 5736 3570 5791 ad

3280 5834 3320 5895 9
