4008 6210
335 148 447 205 εει)

1495 150 1775 208 CONTRA
1811 152 2198 221 EUNOMIUM,
2240 155 2367 211 LIB.
2413 157 2455 211 l.

3494 150 3600 208 270

345 264 485 336 σμδν
526 263 853 336 ιῦπαρύφως
900 267 962 319 οὗ
1013 268 1326 338 κατενόησε.
1372 271 1512 323 πάνυ
1559 271 1802 343 σοϐαρῶς
1856 277 1921 344 τῇ

2060 276 2208 331 crbis
2258 275 2470 330 admitti
2528 288 2637 325 non
2685 268 3086 332 animadvertit,
3154 263 3417 316 rocalmlo
3470 264 3603 318 imi-

347 356 494 423 λέξει
525 355 642 409 τὼν
656 354 1121 427 είσςςρήσαντων
1136 358 1213 430 (α)
1245 361 1624 426 ὕπαττικίσας.
1642 363 1718 428 ὡς
1747 366 1933 437 ἡχρῆ-

349 466 455 507 σις,
478 447 609 513 ἄλλη
647 449 746 517 μὲν
783 448 937 519 παρά
967 451 1079 513 τοῖς
1116 450 1503 522 κατωρθωκόσι
1526 452 1617 505 τὸν
1644 452 1822 522 λόγον,
1864 456 1931 524 ἦν

347 540 526 592 ἴσασιν
572 541 623 592 oi.
665 543 776 604 τοῖς
818 539 915 594 τοῧ
964 541 1192 613 ῥήτορος
1240 540 1418 611 λόγοις
1452 542 1933 613 καθομιλήσαντες,

341 630 477 700 ἄλλη
511 630 569 684 δὲ
599 631 747 700 παρὰ
771 631 851 703 τῷ
882 632 987 702 νέῳ
1019 633 1302 703 ἀττικιστῇ
1330 634 1587 706 ἐνομίσθη
1606 651 1620 664 ·
1646 636 1758 689 ἀλλ’
1784 636 1937 689 οὐδὲν

339 720 507 772 τοῦτο
532 721 666 793 πρὸς
692 721 783 774 τὸν
813 722 1010 774 σκοπὸν
1040 722 1130 774 τὸν
1159 723 1455 795 ἡμέτερον.

420 832 632 903 Μικρὸν
670 832 725 886 δὲ
773 833 1068 902 προελθὼν,
1116 836 1211 887 καὶ
1245 836 1403 888 τοῦτο
1449 835 1842 908 προστίθησιν·
1872 837 1940 889 El

345 923 461 990 γὰρ
499 921 586 973 ὅτι
637 921 721 990 μὴ
762 921 884 987 τοῖς
930 922 1277 991 κατηγόροις
1324 923 1636 991 δικασταῖς
1679 924 1940 995 ἐχρησά-

340 1031 491 1084 μην,
525 1012 623 1066 διὰ
660 1012 835 1068 τοῦτο
888 1015 1158 1083 ἀναιρεῖν
1199 1016 1385 1069 οἴεται
1428 1015 1543 1084 τὴν
1586 1015 1938 1086 ἀπολογίαν·

347 1105 611 1171 λέληθεν
662 1104 883 1159 ἑαυτὸν
924 1106 1068 1161 λίαν
1107 1105 1194 1160 ὢν
1241 1106 1537 1176 ἀκέραιος.
1588 1109 1727 1161 Πότε
1778 1103 1871 1161 οὖν
1915 1109 1944 1160 ό

350 1196 570 1266 δριμὺς,
610 1196 703 1249 καὶ⁵
743 1197 839 1251 ἐπὶ
874 1198 1033 1251 τίνων
1061 1197 1477 1270 ἀπολελόγηται,
1506 1201 1536 1253 ὁ
1572 1199 1699 1262 τοὺς
1734 1199 1830 1269 μὲν
1869 1198 1945 1251 δι-

354 1288 565 1352 καστὰς
590 1288 677 1342 διὰ
699 1289 800 1361 τὴν
833 1288 1030 1361 ἔχθραν
1061 1290 1578 1362 παραγραψάμενος,
1615 1290 1743 1360 περὶ
1767 1289 1824 1341 δὲ
1847 1289 1945 1359 τὴν

355 1380 560 1448 κρίσιν,
606 1378 687 1444 ὡς
738 1381 901 1444 αὐτὸς
961 1381 1393 1448 διαϐεϐαιοῦται,
1449 1384 1710 1453 σιγήσαςς
1753 1382 1944 1451 Ὁρᾶτε

354 1470 449 1521 τὸν
487 1470 713 1539 σςοδρδν
748 1470 849 1540 τῆς
894 1470 1151 1543 ἀληθείας
1190 1473 1529 1545 ἀγωνιστήνο
1559 1473 1636 1537 ὡς
1669 1474 1737 1527 δι’
1764 1473 1946 1542 ὀλίγου

360 1560 797 1629 μεταϐαλόμενος
821 1561 1108 1633 αὐτομολεῖ
1137 1562 1271 1634 πρὸς
1295 1561 1358 1615 τὸ
1378 1562 1589 1631 ψεῦδος,
1625 1564 1720 1618 καὶ
1740 1561 1819 1633 τῷ
1856 1564 1949 1633 (3+,-

2035 364 2270 418 Iientium
2318 361 2603 432 magnifice
2665 361 2888 414 atticum
2944 372 3104 428 agere
3154 371 3276 411 sese
3326 362 3498 409 ratus.
3534 357 3602 407 At

2033 456 2197 526 hujus
2230 455 2383 510 vocis
2409 454 2573 507 alium
2614 468 2734 507 esse
2768 466 2949 515 nsum,
2992 463 3155 521 quam
3195 462 3371 503 novus
3417 445 3603 500 attici-

2034 561 2116 604 sta
2147 548 2444 610 censuerit,
2491 544 2746 602 omnibus
2775 554 3114 615 compertum
3145 549 3248 603 est,
3284 538 3379 612 qui
3417 537 3605 594 rheto-

2033 657 2154 696 rum
2195 639 2480 711 pr:eeeptis
2509 638 2711 693 exculti
2748 643 2876 691 sunt
2910 653 2922 689 :
2966 633 3063 690 sed
3097 633 3211 689 hazc
3240 631 3374 687 nihil
3406 629 3476 686 ad
3505 643 3609 685 no-

2037 740 2210 787 strum
2238 731 2597 803 prepositum.

2109 839 2236 896 Post
2269 855 2438 910 pauca
2480 840 2593 894 haec
2621 839 2884 910 adjungit,
2937 836 2998 893 Si
3026 839 3165 892 enim
3192 845 3465 906 propterea
3491 838 3607 891 exi-

2038 935 2218 986 stimat
2265 931 2562 1002 apologiam
2595 931 2832 1001 funditus
2882 930 3018 992 tolli,
3065 929 3202 999 quod
3236 928 3442 998 judice:
3493 944 3610 983 cor-

2040 1033 2219 1091 ruptos
2253 1022 2384 1093 fugi,
2415 1022 2564 1076 valde
2593 1024 2670 1076 vir
2697 1022 2860 1077 bonus
2886 1021 3117 1091 fallitur.
3155 1020 3386 1088 Quando
3420 1019 3610 1089 igitur,

2041 1123 2095 1169 et
2123 1115 2264 1184 apud
2292 1130 2431 1185 quos
2461 1132 2587 1171 acer
2613 1117 2715 1171 iste
2745 1114 3048 1183 apoIOgiam
3082 1111 3338 1174 instituit,
3373 1110 3420 1164 si
3451 1119 3508 1166 et
3529 1110 3613 1179 ju-

2043 1207 2213 1271 dices,
2248 1214 2308 1261 ut
2336 1207 2541 1270 hostes.
2578 1207 2734 1277 fugit,
2769 1218 2824 1261 et
2856 1207 2909 1260 in
2939 1206 3058 1275 ipso
3098 1204 3328 1273 judicio.
3372 1210 3434 1257 ut
3469 1203 3614 1273 ipse-

2043 1306 2154 1353 met
2191 1299 2408 1366 asserit,
2440 1298 2745 1357 conticuit?
2775 1297 3014 1367 Aspicite
3041 1297 3316 1368 egregium
3340 1294 3489 1351 hunc
3518 1309 3616 1348 ve-

2044 1388 2224 1444 ritatis
2244 1398 2722 1460 propugnatorem,
2740 1388 2833 1458 qui
2858 1388 2960 1441 levi
2979 1394 3252 1441 momento
3270 1385 3612 1444 immutatus.

2048 1487 2241 1549 sponte
2265 1494 2364 1534 sua
2399 1481 2507 1535 ruit
2534 1480 2599 1535 ad
2636 1479 3003 1545 mendacium,
3051 1489 3105 1532 et
3130 1477 3299 1531 verbo
3329 1474 3614 1531 veritatem

2050 1570 2350 1635 honorans,
2386 1571 2527 1627 facto
2555 1570 2732 1626 eidem
2763 1570 3086 1626 reluctatur.
3118 1565 3224 1624 Sed
3253 1566 3387 1621 illud
3410 1565 3618 1636 jucun-

361 1669 494 1720 ματι
516 1652 689 1721 τιμῶν
709 1652 807 1722 τὴν
828 1652 1085 1724 ἀλήθειαν
1109 1654 1202 1707 ἐπὶ
1226 1654 1334 1708 τῶν
1362 1654 1539 1726 ἔργων
1567 1653 1946 1708 ἀντικαθίστα-

2057 1662 2176 1716 dum
2218 1670 2337 1727 est,
2389 1662 2534 1734 quod
2569 1663 2734 1717 etiam
2763 1662 2817 1716 in
2852 1660 3158 1731 patrocinio
3190 1658 3460 1716 mendacii
3494 1657 3619 1712 lan-

358 1758 469 1795 ται.
520 1743 863 1796 Ἀλλ’ὲκεῖνο
903 1745 1123 1814 χάριεψ
1171 1747 1252 1800 ὅτι
1299 1747 1390 1799 καὶ
1427 1745 1562 1816 πρὸς
1604 1746 1770 1816 αὐτὴν
1805 1748 1949 1813 ἀγω-

361 1835 447 1883 νεῖ
463 1831 536 1899 ψ)
562 1833 888 1903 συνηγορίαν
914 1833 1005 1886 τοῦ
1025 1834 1270 1904 ψεύδους.
1316 1835 1437 1898 Πῶς
1464 1835 1571 1909 γὰρ
1600 1837 1628 1888 ὁ
1651 1834 1828 1900 αὐτὸς,
1856 1836 1950 1889 καὶ

361 1923 584 1986 δικαίως
612 1924 749 1995 πρὸς
775 1923 873 1995 τὴν
905 1925 1284 1996 ὑπενεχθεῖσαν
1327 1927 1508 1996 κρίσιν
1532 1926 1948 1996 ἀπολελόγηται,

363 2016 461 2068 καὶ
487 2016 764 2087 ςρονίμως
796 2017 955 2071 πάλιν
981 2017 1070 2070 διὰ
1092 2016 1155 2070 τὸ
1189 2017 1248 2068 ἐν
1282 2015 1494 2087 ἐχθροῖς
1525 2012 1664 2070 εἶναι
1691 2016 1790 2088 τὴν
1821 2016 1942 2086 κρί-

366 2122 473 2167 σιν,
502 2104 895 2175 ἀπεσιώπησες
931 2106 1125 2161 Καίτοι
1152 2106 1244 2160 καὶ
1271 2105 1339 2160 δι’
1369 2105 1532 2159 αὐτοῦ
1566 2104 1661 2159 τοῦ
1695 2105 1876 2175 λόγου,
1906 2099 1952 2174 ᾧ

360 2198 463 2267 τὴν
497 2197 793 2266 ἀπολογίαν
823 2198 1118 2271 ἐπέγραψε,
1150 2196 1397 2269 φανερῶς
1437 2196 1708 2251 δείκνυται
1743 2197 1805 2251 τὸ
1847 2214 1953 2268 μη-

361 2288 551 2360 δαμῶς
577 2290 838 2361 συστῆναι
863 2289 1011 2360 αὐτῷ
1040 2290 1410 2360 δικαστήριον.
1461 2288 1536 2343 Οὐ
1569 2288 1677 2360 γὰρ
1717 2287 1852 2359 πρὸς
1878 2287 1955 2339 δι-

362 2383 573 2446 καστὰς
597 2381 932 2453 ὡρισμένους
958 2381 1019 2435 τὸ
1042 2380 1322 2453 προοίμιον
1361 2379 1454 2434 τοῦ
1484 2380 1640 2449 λόγου
1676 2378 1952 2451 προτείνε-

362 2488 480 2534 ται,
502 2472 641 2526 ἀλλά
680 2471 813 2543 πρός
850 2489 1002 2535 τινας
1031 2470 1314 2542 ἀορίστους
1354 2468 1694 2541 ἀνθρώπους,
1729 2466 1857 2532 τούς
1892 2483 1956 2521 τε

362 2562 508 2616 κατά
530 2563 626 2616 τὸν
649 2560 839 2633 καιρὸν
862 2563 1067 2616 ἐκεῖνον
1093 2561 1275 2624 ὂντας,
1320 2561 1413 2614 καὶ
1452 2560 1579 2624 τοὺς
1622 2558 1845 2630 ὕστερον
1867 2574 1958 2625 γε-

363 2655 727 2725 νησομένους·
777 2654 860 2723 ἐφ’
908 2648 993 2715 οἷς
1045 2651 1217 2721 ἔγωγε
1269 2652 1366 2706 καὶ
1410 2652 1573 2715 αὐτὸς
1620 2650 1955 2721 συντίθεμαι,

366 2744 615 2816 μεγάλης
655 2742 803 2815 αὐτῷ
830 2744 938 2797 δεῖν
969 2744 1067 2813 τῆς
1110 2740 1426 2811 ἀπολογίας,
1466 2742 1528 2794 οὑ
1564 2740 1706 2796 κατά
1735 2742 1834 2812 τὴν
1863 2740 1958 2794 νῦν

362 2836 801 2906 συγγραφεῖσαν,
834 2834 1022 2904 ἑτέρας
1071 2832 1231 2887 πάλιν
1265 2832 1562 2900 ἀπολογίας
1603 2833 1684 2895 είς
1730 2847 1960 2900 συνηγο-

365 2927 496 2998 ρίαν
528 2925 947 2997 προσδεομένην,
976 2924 1110 2979 ἀλλά
1137 2941 1282 2989 τινος
1303 2927 1524 2996 γενικῆς
1549 2941 1608 2977 τε
1638 2924 1731 2976 καὶ
1754 2922 1957 2994 ἔμφρο-

362 3037 460 3083 νος
488 3022 671 3072 πεῖσαι
707 3019 833 3081 τοὺς
860 3016 1153 3081 ἀκούοντας
1189 3016 1513 3088 δυναμένης,
1548 3016 1629 3069 ὅτι
1659 3016 1953 3086 γέγραφεν.

370 3115 478 3172 ὐς
512 3110 860 3181 δικαστήριον
897 3110 1077 3181 ἐαυτῷ
1119 3108 1433 3180 συνεκρότει
1478 3106 1587 3161 τῶν
1636 3108 1771 3178 μήτε
1820 3123 1960 3178 παρ·

360 3202 562 3263 όντων,
586 3202 727 3271 τάχα
747 3200 802 3254 δὲ
834 3197 974 3268 μήτε
988 3193 1351 3266 γεννηθέντων
1371 3198 1671 3272 ἀνθρώπων
1686 3216 1700 3230 σ
1729 3199 1820 3252 καὶ
1850 3200 1962 3261 τοῖς

362 3297 474 3349 οὐκ
499 3290 652 3348 οὖσιν
676 3293 1015 3362 ἀπελογεῖτο,
1040 3294 1133 3346 καὶ
1168 3295 1465 3366 παρῃτεῖτο
1488 3293 1612 3354 τοὺς
1639 3290 1712 3362 μὴ
1745 3290 1962 3359 γεγονό·

366 3403 497 3450 τας,
532 3385 609 3455 μὴ
638 3383 716 3456 τῷ
748 3383 940 3455 πλήθει
969 3382 1261 3455 διακρίνειν
1290 3383 1389 3453 τῆς
1434 3380 1689 3452 ἀληθείας
1736 3381 1795 3433 τὸ
1827 3379 1959 3449 ψεῦ-

366 3479 485 3543 δος,
514 3479 583 3547 τῇ
618 3476 819 3532 πλείονι
854 3475 1020 3546 μοίρᾳ
1046 3473 1106 3527 τὸ
1134 3475 1377 3544 κρεῖττον
1410 3473 1795 3535 συνάπτοντας.
1832 3471 1964 3542 Πρέο

373 3584 471 3621 πει
499 3567 610 3636 γὰρ
653 3562 820 3628 ὅντως
872 3563 1009 3634 πρὸς
1059 3564 1181 3626 τοὺς
1234 3561 1510 3625 τοιούτους
1549 3560 1807 3623 δικαστὰς
1839 3560 1964 3621 τοὺς

374 3660 463 3711 ἔτι
488 3662 549 3711 ὲν
568 3659 633 3728 τῇ
652 3656 811 3726 όσιρύῖ
834 3655 940 3710 τῶν
968 3656 1214 3724 πατέρων
1242 3653 1400 3717 ὄντας
1429 3653 1527 3722 τὴν
1547 3651 1730 3705 τοιαῦτ
1742 3669 1803 3722 ην
1830 3651 1965 3703 ἀποε-

374 3751 570 3818 λογίαν
598 3747 988 3819 προτείνεσθαι,
1037 3747 1132 3801 καὶ
1170 3743 1378 3799 οἴεσθαι
1419 3742 1601 3796 δίκαια
1648 3741 1847 3811 λέγειν,
1883 3741 1963 3794 ὅτι

371 3848 503 3905 ταῖς
534 3843 747 3896 πάντων
788 3841 967 3906 δόξαις
1021 3840 1181 3910 μόνος
1223 3836 1548 3893 ἀντιϐαίνειν
1595 3834 1828 3904 ἐγνωκε’
1872 3835 1966 3888 καὶ

375 3935 495 3989 τῶν
541 3933 676 3987 κατὰ
712 3934 890 3988 πᾶσαν
918 3932 1014 4002 τὴν
1043 3929 1367 4000 οἰκουμένην
1390 3928 1452 3982 τὸ
1491 3927 1660 3999 ὄνομα
1703 3924 1797 3979 τοῦ
1830 3926 1966 3997 Χρι-

377 4025 515 4083 στοῦ
538 4025 884 4091 δοξσζόντων,
907 4023 1350 4094 ἀξιοπιστοτέραν
1371 4021 1540 4076 οἴεται
1567 4019 1665 4092 τὴν
1687 4018 1965 4091 πεπλανη⁴

380 4120 560 4190 μένην
589 4115 780 4171 ἑαυτοῦ
805 4114 904 4185 τῆς
926 4114 1103 4185 ψυχῆς
1128 4111 1443 4181 φαντασίαν.

457 4232 497 4284 Γ
502 4231 741 4301 pauiu»,
786 4230 837 4283 εί
882 4228 1047 4295 δοκεῖ,
1090 4227 1183 4282 καὶ
1226 4229 1322 4298 τῆς
1365 4224 1623 4295 δευτέρας
1674 4221 1971 4292 ἀπολογίας

2047 1754 2276 1824 guescit.
2310 1752 2592 1820 Quomodo
2621 1752 2767 1808 enim
2815 1749 2957 1806 idem
2989 1750 3136 1820 juste
3160 1748 3229 1805 de
3255 1748 3485 1818 objectis
3511 1747 3620 1802 cri-

2048 1843 2290 1898 minibus
2340 1858 2437 1913 per
2492 1841 2800 1911 apologiain
2853 1853 2975 1894 sese
3009 1837 3284 1909 purgavit,
3337 1844 3394 1890 et
3424 1850 3620 1891 rursus

2048 1933 2346 2004 prudenter
2390 1932 2681 1995 conticuit,
2732 1930 2878 2001 quod
2913 1928 3130 2001 judices
3157 1934 3342 1983 essent
3388 1924 3623 1981 hostes?

2049 2026 2226 2095 Atque
2252 2024 2344 2078 illa
2372 2024 2486 2094 ipsa
2509 2024 2779 2088 oratione,
2806 2036 2970 2092 quam
2990 2019 3272 2089 inscripsit
3292 2016 3619 2088 apologiam,

2052 2117 2338 2172 manifeste
2376 2115 2686 2171 ostenditur
2717 2114 2784 2168 ad
2830 2113 3038 2168 nullum
3091 2119 3350 2181 tanquam
3381 2108 3622 2165 tribunal

2051 2208 2214 2264 istum
2247 2207 2415 2263 fuisse
2443 2216 2717 2261 vocatum.
2742 2203 2932 2276 Neque
2963 2204 3109 2260 enim
3138 2202 3206 2257 ad
3235 2211 3416 2258 certos
3442 2208 3498 2257 et
3527 2201 3625 2256 dc-

2056 2298 2236 2354 linitos
2275 2297 2492 2367 judices
2528 2298 2851 2366 prooemium
2885 2295 3152 2352 orationis
3181 2294 3388 2366 dirigit,
3422 2291 3519 2349 sed
3555 2293 3625 2347 ad

2053 2386 2317 2458 quosdam
2366 2388 2603 2442 incertos
2632 2386 2905 2448 homines.
2956 2392 3066 2439 tam
3116 2384 3209 2455 qui
3254 2384 3347 2439 illo
3384 2391 3627 2453 tempore

2051 2478 2331 2540 vivebant,
2377 2491 2543 2548 quam
2581 2476 2672 2545 qui
2722 2483 2908 2545 postea
2946 2473 3215 2528 nascituri
3257 2479 3447 2529 erant:
3482 2469 3626 2541 apud

2054 2583 2194 2639 quos
2249 2564 2425 2621 fateor
2448 2575 2501 2622 et
2526 2582 2624 2637 ego
2697 2566 2857 2636 longa
2892 2565 3136 2635 apologis
3174 2562 3276 2633 ipsi
3312 2577 3451 2632 opus
3480 2576 3625 2625 esse.

2055 2670 2164 2710 non
2264 2655 2427 2710 simiii
2471 2654 2611 2724 ejus.
2659 2669 2820 2724 quam
2872 2667 3018 2707 nunc
3060 2652 3376 2722 publicavit,
3415 2665 3539 2706 cum
3572 2656 3630 2705 et

2057 2748 2175 2819 ipsa
2201 2747 2303 2802 alia
2335 2745 2568 2818 quadam
2602 2745 2849 2816 apologia
2874 2744 3111 2815 indigeat
3149 2762 3162 2796 :
3202 2742 3296 2798 sed
3337 2741 3442 2795 alia
3466 2754 3623 2811 κοιλο-

2059 2840 2157 2894 rali
2187 2847 2239 2894 et
2265 2846 2539 2900 accurata.
2574 2853 2695 2908 quae
2716 2837 3066 2891 audientibus
3084 2833 3410 2905 persuadere
3446 2840 3629 2903 queat,

2058 2934 2238 3003 ipsum
2271 2931 2469 2985 mentis
2495 2938 2796 2999 compotem
2824 2944 2929 2984 non
2959 2928 3149 2990 fuisse,
3181 2942 3306 2983 cum
3353 2927 3466 2981 haec
3502 2926 3631 2980 talia

2061 3021 2268 3077 chartis
2306 3021 2559 3075 illineret.
2593 3020 2788 3075 Mentis
2815 3034 3039 3089 compos
3062 3034 3170 3072 non
3190 3025 3327 3078 erat.
3357 3018 3449 3088 qui
3481 3031 3634 3073 com-

2060 3112 2370 3168 miniscitur
2418 3111 2653 3180 jndices,
2704 3125 2880 3180 neque
2931 3118 3250 3181 pra-sentes.
3300 3115 3355 3165 et
3385 3108 3634 3165 fortassis

2062 3220 2238 3273 neque
2268 3211 2445 3263 natos.
2477 3210 2531 3258 et
2573 3216 2759 3255 coram
2797 3201 2906 3256 illis
2942 3201 3034 3271 qui
3066 3217 3171 3256 non
3203 3210 3352 3263 sunt,
3384 3216 3508 3256 sese
3540 3199 3637 3256 de-

2064 3294 2276 3362 fendit;
2334 3301 2598 3364 rogatque
2653 3293 2884 3349 necdum
2935 3298 3117 3356 natos,
3174 3308 3243 3347 ne
3292 3292 3638 3348 multitudine

2063 3386 2347 3441 veritatem
2395 3400 2425 3439 a
2460 3384 2746 3440 mendacio
2791 3383 3108 3440 discernere
3141 3385 3329 3440 velint.
3376 3385 3446 3437 At
3483 3384 3638 3439 decet

2065 3474 2374 3546 bnjusmodi
2403 3476 2637 3546 jndices,
2667 3476 2760 3547 qui
2795 3476 2975 3531 adhuc
3016 3476 3069 3531 in
3114 3475 3313 3531 lumbis
3348 3483 3634 3546 parentum

2064 3583 2288 3623 suorum
2327 3568 2699 3631 continentur,
2752 3567 2876 3623 talis
2917 3568 3183 3639 apologis.
3229 3567 3332 3622 Par
3360 3566 3525 3621 etiam
3553 3575 3640 3622 est

2066 3659 2190 3714 illos
2216 3657 2460 3722 credere,
2491 3673 2617 3713 vera
2652 3657 2949 3728 praedicare
2974 3659 3161 3721 istum,
3191 3658 3282 3727 qui
3311 3659 3464 3731 solus
3490 3671 3643 3712 com-

2066 3749 2218 3804 muni
2260 3751 2503 3805 omnium
2541 3749 2731 3806 sensui
2772 3753 3098 3820 refragatur,
3148 3763 3416 3817 suamque
3444 3763 3639 3803 vanam

2066 3852 2119 3895 et
2168 3841 2381 3894 inanem
2420 3831 2762 3911 phantasiam
2815 3839 2917 3895 fide
2964 3839 3265 3910 digniorem
3318 3838 3639 3898 arbitratur.

2066 3945 2228 4001 quam
2261 3931 2573 3985 unanimem
2614 3944 2943 3985 consensum
2970 3928 3213 3982 omnium
3267 3926 3506 3989 illorum,
3546 3927 3641 3996 qui

2068 4033 2182 4082 toto
2205 4032 2475 4081 terrarum
2506 4024 2635 4078 orbe
2667 4036 2865 4076 nomen
2898 4018 3102 4073 Christi
3136 4016 3466 4083 glorificent.

2145 4221 2362 4277 Scribat
2392 4220 2577 4283 etiam,
2611 4219 2658 4274 si
2693 4218 2891 4289 placet,
2918 4216 3175 4274 secunda:
3208 4216 3473 4287 apologiae
3508 4231 3645 4288 apo-

378 4324 683 4391 ἀπολογίαν
710 4321 875 4391 ἀλλην
894 4336 909 4351 ·
939 4322 974 4390 ἡ
1009 4318 1119 4390 γὰρ
1144 4317 1238 4371 νῦν
1261 4317 1322 4371 οὐ
1360 4315 1643 4389 διόρθωσις
1664 4313 1772 4367 τῶν
1802 4315 1957 4385 ήμαρ

2077 4314 2297 4384 iogiam.
2329 4310 2454 4367 111cc
2486 4310 2659 4376 enim,
2697 4325 2861 4381 quam
2893 4325 3042 4366 nunc
3070 4309 3262 4373 edidit,
3297 4325 3404 4365 non
3436 4316 3522 4366 est
3538 4308 3648 4364 cri-

380 4415 638 4486 τημένων
656 4450 673 4475 ,
723 4410 1034 4482 κατασκευὴ
1085 4409 1142 4464 δὲ
1193 4407 1390 4480 μᾶλλον
1448 4408 1555 4460 τῶν
1610 4404 1971 4476 ἐγκλημάτων

380 4507 530 4563 tati.
562 4505 659 4569 Τίς
684 4505 794 4577 γὰρ
827 4504 926 4557 οὐκ
951 4497 1094 4558 οἶδεν
1128 4502 1211 4556 ὅτι
1254 4502 1405 4554 πᾶσα
1445 4498 1672 4569 νόμιμος
1708 4495 1972 4565 ἀπολογία

389 4604 529 4674 προς
576 4602 679 4672 τὴν
720 4599 815 4654 τοῦ
870 4596 1252 4669 ἐπενεχθέντος
1305 4595 1647 4666 ἐγκλήματος
1692 4593 1971 4664 ἀναίρεσιν

386 4696 623 4766 βλέπεις
669 4689 815 4757 οἷον,
858 4692 889 4744 ὁ
932 4690 1159 4761 κλοπῆς,
1207 4687 1243 4758 ἢ
1288 4688 1470 4757 φόνου,
1513 4687 1547 4756 ἦ
1591 4703 1734 4751 τινος
1784 4685 1969 4756 ἑτέρου

385 4783 856 4855 πλημμελήματος
886 4781 1065 4836 αἰτίαν
1095 4778 1309 4850 [Xennii
1346 4780 1588 4851 ἀρνεῖται
1620 4776 1847 4831 καθόλου
1875 4776 1971 4849 τὴν

386 4876 615 4948 πρᾶξιν,
636 4874 671 4944 ἢ
691 4876 770 4936 εἰς
789 4874 975 4943 ἱτερον
999 4870 1316 4942 μετατίθησι
1337 4868 1431 4923 τοῦ
1452 4867 1623 4923 κακοῦ
1646 4867 1746 4938 τὴν
1770 4867 1969 4922 αἰτίαν·

386 4965 423 5036 ἧ
451 4966 507 5018 εί
540 4963 704 5036 μηδὲν
723 4962 938 5017 δύναιτο
958 4958 1182 5022 τούτων,
1213 4957 1540 5029 συγγνώμην
1599 4956 1693 5010 καὶ
1719 4956 1865 5010 ἔλεον
1890 4958 1975 5009 ai-

386 5060 553 5128 τήσει
590 5055 741 5126 παρὰ
780 5055 890 5107 τῶν
934 5053 1136 5124 κυρίων
1177 5050 1279 5122 τῆς
1319 5051 1521 5121 ψήφου.
1559 5048 1820 5104 Ἐνταῦθα
1851 5047 1973 5102 οὔτε

386 5150 625 5219 ἄρνησιν
667 5148 697 5201 ὁ
736 5145 908 5213 λόγος.
936 5143 1045 5199 τῶν
1084 5142 1477 5214 ἐπενεχθέντων
1522 5142 1654 5213 ιχει,
1708 5139 1831 5194 οὔτε
1876 5141 1976 5211 τὴν

388 5239 478 5300 εἰς
506 5238 723 5307 ἑτέρους
752 5234 1080 5306 μετάστασιν
1100 5254 1111 5267 ·
1134 5231 1259 5288 οὔτε
1281 5231 1615 5301 καταφεύγει
1644 5230 1778 5302 πρὸς
1804 5230 1972 5297 ἔλεον,

382 5325 525 5384 εὖτε
563 5325 699 5396 πρὸς
740 5325 803 5380 τὸ
852 5325 1040 5395 μέλλον
1080 5324 1497 5396 εὐγνωμοσύνην
1542 5320 1977 5391 κατεπαγγέλλε-

470 5505 554 5574 (α)
583 5503 1005 5574 εἰσφρησάντων
1035 5503 1103 5557 ab
1132 5501 1371 5574 εἰσφρέω
1401 5502 1544 5574 quod
1578 5514 1664 5557 est
1699 5502 1841 5555 intus
1873 5498 1976 5574 ed-

392 5570 556 5629 miuo
606 5570 947 5642 vel'ﬁrc'cipio.
1001 5575 1127 5627 item
1184 5570 1719 5637 deroroJ‘Zunmnius
1764 5570 1977 5639 accepit

2076 4406 2282 4459 minum
2308 4402 2606 4469 correctio,
2640 4401 2736 4460 sed
2774 4404 2950 4474 magis
2989 4402 3336 4458 continuatio
3365 4410 3418 4458 ct
3449 4414 3648 4473 appro-

2075 4496 2244 4552 batio.
2279 4492 2416 4549 Nam
2467 4494 2594 4567 quis
2633 4494 2812 4550 nescit
2860 4508 3078 4549 omnem
3114 4506 3296 4549 veram
3342 4492 3647 4563 apologiam

2075 4588 2144 4643 ad
2182 4588 2525 4659 obiectorum
2573 4588 2864 4643 criminum
2916 4586 3297 4642 refutationem
3336 4584 3522 4655 dirigi,
3567 4591 3649 4645 ut,

2074 4682 2169 4753 qui
2217 4680 2367 4747 furti,
2402 4679 2708 4744 homicidii,
2760 4681 2846 4735 vel
2891 4679 3126 4747 alicujus
3172 4677 3397 4731 alterius
3416 4670 3651 4731 sceleris

2079 4772 2409 4844 postulatur,
2440 4772 2488 4829 is
2512 4778 2608 4826 aut
2631 4779 2791 4840 negat
2821 4769 3117 4826 nniversim
3165 4783 3225 4823 se
3250 4766 3302 4821 id
3337 4764 3647 4822 admisisse.

2079 4865 2165 4920 vel
2220 4864 2273 4918 in
2320 4864 2554 4919 alterum
2604 4860 2818 4918 confert
2856 4876 3078 4916 causam
3120 4857 3423 4919 facinoris;
3476 4857 3562 4912 vel
3601 4855 3649 4911 si

2080 4955 2217 5011 nihil
2265 4954 2459 5011 borum
2511 4962 2716 5026 queat.
2779 4953 2993 5009 veniam
3032 4962 3088 5008 et
3140 4948 3571 5007 misericordiam
3617 4961 3649 4999 λ

2077 5044 2357 5115 judicibus
2385 5042 2557 5113 petit?
2583 5043 2651 5098 At
2678 5042 2765 5097 hic
2791 5057 2969 5113 neque
2989 5046 3152 5111 negat
3178 5038 3499 5103 Eunomius,
3529 5051 3651 5108 quas

2081 5134 2439 5204 objiciuntur,
2472 5149 2650 5205 neque
2686 5148 2910 5188 causam
2946 5132 3001 5187 in
3032 5130 3199 5186 alium
3234 5127 3520 5195 transfert,
3549 5142 3649 5183 nec

2078 5242 2189 5298 que
2214 5224 2283 5280 ad
2312 5225 2744 5282 misericordiam
2770 5223 3049 5296 confugit,
3100 5236 3277 5293 neque
3318 5220 3372 5276 in
3408 5218 3649 5275 futurum

2079 5329 2296 5390 tempus
2326 5317 2550 5374 meliora
2582 5315 2868 5388 promittit,
2915 5314 3012 5370 sed
3056 5311 3191 5369 illud
3237 5312 3415 5384 ipsum
3446 5305 3651 5374 secius,

2085 5492 2509 5568 ρωειετπηδάως

2156 5564 2234 5636 (b)
2265 5564 2324 5619 L.
2350 5564 2528 5619 ἀτονεῖ
2555 5578 2677 5635 qua
2711 5571 2798 5620 est
2823 5580 2950 5622 vera
2976 5564 3154 5620 lectio.
