4008 6210
528 250 625 305 2n
1715 258 1773 319 S.
1803 255 2126 315 CREGORII
2171 254 2463 314 NYSSENI

3662 265 3757 320 273.

530 364 600 422 de
628 383 741 438 quo
785 379 1077 427 accusatus
1107 383 1209 437 est,
1270 373 1463 442 majori
1510 375 1692 430 studio
1740 383 1791 429 et
1835 381 2086 446 apparatu

2202 389 2318 425 ταιυ
2352 374 2466 427 ἀλλ’
2496 373 2626 429 αὐτὸ
2652 374 2713 428 τὸ
2738 376 3207 447 κατηγορούμενον
3244 377 3490 451 ἔγκλημα
3515 379 3601 433 διὰ
3630 383 3763 450 φιλο-

529 458 838 515 conﬁrmat.
877 459 1011 517 Nam
1056 464 1199 533 quod
1248 464 1506 536 objicitur
1537 474 1641 533 est,
1693 477 1748 521 ut
1794 468 1897 521 iste
1942 465 2093 528 dicit,

528 548 807 618 impietas;
863 568 971 607 non
1024 553 1232 610 incerta
1280 564 1332 611 et
1367 556 1645 612 indeﬁnita
1674 598 1687 621 ,
1730 557 1825 614 sed
1866 566 2013 613 certa
2043 566 2096 611 et

527 639 912 698 determinata.
938 644 1198 716 Apologia
1233 663 1363 702 vero
1392 648 1551 704 docet
1590 649 1920 719 impietatem
1947 666 1961 714 ;
1994 663 2095 703 nec

527 732 734 787 crimen
770 733 948 798 diluit,
974 736 1068 791 sed
1096 754 1319 808 prorsus
1343 740 1574 795 stabilit.
1610 740 1765 807 Quod
1803 738 1846 795 si
1880 739 2095 809 pietatis

526 820 777 878 doctrina
810 824 1003 881 fuisset
1044 828 1250 883 incerta
1308 837 1362 885 et
1394 830 1600 900 ignota.
1631 829 1813 885 minus
1842 828 2095 885 fortassis

526 912 826 979 periculum
880 916 1093 983 fuisset,
1141 918 1320 973 moliri
1355 919 1624 990 ejusmodi
1658 919 1975 974 novitatem.
2024 920 2094 972 At

526 1015 649 1054 cum
700 1002 754 1056 in
789 1005 1032 1061 omnium
1064 1009 1275 1078 piorum
1324 1010 1525 1066 animis
1565 1010 1814 1065 doctrina
1858 1008 2092 1079 theologi

528 1089 786 1167 [Basilii]
817 1096 1088 1165 insideat;
1147 1116 1275 1155 num
1305 1102 1371 1168 is,
1426 1102 1519 1172 qui
1549 1101 1932 1156 communibus
1976 1114 2095 1154 om-

528 1180 676 1236 nium
722 1183 961 1242 decretis
995 1198 1050 1244 et
1099 1192 1553 1259 persuasionibus
1584 1192 1861 1247 contraria
1903 1191 2090 1255 tradit,

523 1272 745 1343 depellit
784 1291 814 1330 a
844 1293 903 1333 se
932 1294 1029 1350 per
1056 1281 1428 1338 defensionem
1461 1299 1547 1349 ea,
1594 1299 1827 1355 quorum
1866 1298 2093 1338 accusa-

525 1372 648 1419 tur:
682 1374 736 1421 et
768 1382 878 1423 non
907 1371 1079 1441 magis
1114 1374 1356 1428 omnium
1386 1374 1723 1429 audientium
1754 1380 1945 1429 contra
1974 1388 2093 1429 sese

524 1455 661 1511 iram
695 1470 976 1528 provocat,
1010 1472 1066 1519 et
1086 1464 1435 1521 vehementer
1463 1467 1546 1522 sui
1570 1466 1743 1538 ipsius
1768 1466 1825 1520 lit
1864 1480 2093 1520 accusa-

523 1548 641 1602 tor?
677 1548 789 1621 Ego
817 1553 1035 1623 quidem
1064 1556 1139 1610 ita
1172 1558 1369 1612 sentio.
1404 1557 1593 1629 Itaque
1632 1567 1813 1613 utrum
1852 1565 2090 1613 sectato-

522 1651 610 1692 res
650 1638 899 1698 Eunomii
941 1646 1178 1703 audituri
1232 1649 1343 1703 sint
1380 1649 1616 1721 aliquam
1658 1649 1983 1721 apulogiam,
2020 1664 2086 1702 an

522 1735 828 1788 accusaturi
858 1750 941 1799 ea,
987 1753 1107 1807 qtae
1154 1739 1219 1793 ad
1255 1741 1506 1810 pietatem
1551 1741 1963 1812 pervertendam
1995 1756 2090 1795 ex-

521 1821 801 1893 cogitavit,
842 1826 959 1897 ipse
1004 1830 1239 1899 viderit;
1277 1833 1360 1887 vel
1394 1840 1449 1887 et
1475 1833 1631 1900 illud,
1679 1833 1952 1904 quomodo
2001 1847 2090 1886 ac-

521 1921 805 1970 cusatores
858 1917 1114 1987 injuriam
1172 1922 1377 1977 illaturi
1442 1930 1499 1978 et
1548 1940 1711 1995 quam
1762 1925 2088 1980 sententiam

515 2001 730 2067 judices
752 2006 1015 2065 adversus
1042 2011 1220 2082 ipsum
1245 2015 1650 2083 pronuntiaturi
1689 2014 1819 2082 sint,
1849 2015 2091 2070 stabilito

522 2108 619 2162 per
666 2097 992 2169 apologiam,
1062 2104 1325 2175 novisque
1378 2106 1713 2177 argumentis
1768 2105 2091 2162 conﬁrmato

520 2199 750 2244 crrmrne
776 2232 789 2243 .

589 2362 856 2422 Caeterum
893 2386 1099 2440 nescio,
1127 2387 1360 2444 quonam
1394 2385 1552 2446 pacto
1597 2378 1652 2432 in
1686 2376 1800 2432 [nec
1867 2392 1931 2431 ex
1965 2390 2088 2430 ora-

519 2457 688 2513 tionis
723 2448 866 2518 serie
892 2475 945 2518 et
974 2465 1168 2520 ordine
1194 2468 1499 2534 inciderim,
1526 2468 1629 2524 hoc
1661 2469 1779 2539 ipso
1806 2468 1934 2524 dum
1965 2483 2089 2523 ora-

520 2548 686 2608 tionis
738 2552 872 2609 ordo
923 2571 1031 2611 non
1079 2559 1418 2616 observatur.
1452 2560 1637 2632 Neque
1681 2561 1825 2617 enim
1872 2561 2088 2616 animus

517 2657 667 2698 nunc
708 2654 792 2700 est
831 2644 1166 2717 examinare,
1220 2669 1328 2724 qua
1375 2656 1585 2711 ratione
1641 2655 1977 2711 instituenda
2016 2654 2087 2711 sit

517 2734 802 2807 apologia;
838 2739 932 2795 sed
964 2750 1147 2799 utrum
1178 2746 1483 2816 apologiam
1511 2746 1812 2802 Eunomius
1836 2746 2089 2803 institue-

516 2825 606 2879 rit.
639 2824 837 2884 Verum
894 2834 960 2888 ad
1008 2837 1341 2905 propositam
1392 2838 1675 2893 materiam
1728 2847 2085 2893 revertamur.

515 2916 672 2975 Hunc
722 2939 852 2996 ergo
903 2927 1140 2997 propriis
1192 2929 1372 2985 verbis
1406 2928 1528 3000 capi
1570 2927 1922 2985 manifestum
1975 2938 2080 2985 est.

2201 464 2509 534 πονωτὲρας
2548 465 2890 533 κατασκευῆς
2931 467 3370 537 ίσχυροποιεῖται.
3415 467 3490 520 Τὸ
3530 468 3627 539 μὲν
3663 472 3761 541 γὰρ

2200 551 2635 621 προφερόμενον,
2683 551 2863 616 καθὼς
2903 548 3055 617 οὗτός
3097 572 3289 625 φησιν,
3336 558 3612 624 ἁσεσεὴις
3657 560 3762 612 ἐστὶ

2198 641 2414 711 γραφὴ,
2464 642 2562 694 οὐκ
2616 643 2865 715 ἀόριστον
2912 644 3057 715 αὐτῷ
3109 646 3207 717 τὴν
3255 648 3431 702 αἰτίαν
3475 650 3758 719 ἐπάγουσα,

2197 733 2311 786 ἀλλ’
2334 734 2465 787 αὐτὸ
2503 735 2850 807 προφέρουσα
2897 738 2993 807 τῆς
3038 737 3291 803 ἀσεϐείας
3335 740 3397 794 τδ
3447 736 3615 806 εἶδοςο
3655 743 3763 813 ἠδὲ

2196 824 2479 893 ἀπολογία,
2530 826 2589 880 τὸ
2630 826 2739 879 δεῖν
2770 829 2984 882 ἀσεϐεῖν
3028 830 3445 898 κατασκευάζει,
3488 833 3587 886 οὐκ
3633 835 3766 887 ἁναιο

2198 915 2365 986 ροῦσα
2393 916 2490 989 τὴν
2523 918 2721 982 αἰτίαν,
2753 919 2886 974 ἀλλὰ
2916 919 3205 989 βεϐαιοῦσα
3226 920 3286 975 τδ
3312 922 3477 993 ἓγκλη
3487 941 3585 994 μα.
3616 925 3759 996 ’Ᾱδή-
3778 991 3790 1003 1

2195 1007 2300 1059 λων
2349 1007 2446 1077 μὲν
2491 1008 2596 1079 γὰρ
2632 1008 2798 1062 ὄντων
2850 1010 2960 1063 τῶν
3010 1011 3108 1081 τῆς
3149 1011 3426 1075 εὐσεϐείας
3469 1012 3741 1084 δογμάτων
3785 1024 3794 1077 j-

2193 1092 2351 1169 ἦττον
2384 1097 2513 1162 ἴσως
2543 1095 2610 1170 ἦν
2653 1100 2983 1155 ἐπικίνδυνον
3017 1102 3359 1173 κατατολμᾷν
3396 1104 3493 1172 τῆς
3524 1104 3761 1177 καινότη-

2193 1202 2316 1248 τοςο
2347 1186 2543 1251 πάσαις
2582 1188 2637 1241 δέ
2679 1189 2787 1241 τῶν
2818 1189 3180 1245 εὐσεϐούντων
3217 1190 3414 1261 ψυχαῖς
3447 1194 3645 1261 παγίας
3668 1193 3762 1263 τῆς

2194 1278 2286 1331 τοῦ
2311 1277 2557 1346 θεολόγου
2588 1279 2929 1345 διδασκαλίας
2957 1282 3383 1355 ἐνυπαρχούσης,
3413 1287 3439 1338 ὁ
3466 1285 3530 1338 τά
3557 1287 3760 1338 ἐναντία

2193 1371 2303 1431 τοῖς
2352 1372 2502 1441 κοινῇ
2559 1371 2706 1441 παρά
2762 1371 2980 1425 πάντων
3034 1373 3395 1444 ἐγνωσμένοις
3442 1374 3611 1446 βοῶν,
3659 1372 3759 1447 ἆρα

2194 1460 2538 1529 ἀπολογεῖται
2568 1463 2707 1534 ὐπέρ
2729 1458 2802 1515 ῶν
2838 1463 3161 1533 ἐγκαλεῖται,
3191 1466 3223 1536 ἢ
3254 1466 3452 1536 μᾶλλον
3483 1468 3756 1535 ἐφέλκεται

2193 1552 2314 1605 καθ’
2348 1552 2538 1606 ἐαυτοῦ
2573 1555 2670 1625 τὴν
2708 1554 2817 1607 τῶν
2851 1556 3157 1610 ἀκουόντων
3200 1555 3389 1627 ὀργὴν,
3436 1557 3529 1610 καὶ
3573 1559 3756 1628 πικρό-

2193 1660 2348 1716 τερος
2378 1645 2572 1699 ἑαυτοῦ
2605 1648 2904 1719 κατήγορος
2960 1648 3204 1714 ἵσταται;
3269 1648 3410 1718 Ἐγὼ
3466 1650 3561 1721 μὲν
3612 1651 3758 1705 τοῦτό

2195 1753 2355 1806 φημι.
2393 1736 2553 1789 ’Ὥστε
2599 1737 2754 1810 είπέρ
2784 1738 2888 1791 εἰσὶ
2917 1739 3055 1793 κατά
3092 1739 3182 1793 τὸν
3210 1739 3364 1809 λόγον
3402 1740 3494 1794 τοῦ
3534 1759 3759 1815 συγγρα-

2191 1826 2354 1893 φέως,
2390 1826 2422 1898 ἢ
2455 1827 2718 1899 ἀκροαταὶ
2749 1827 2856 1881 τῶν
2899 1830 3360 1902 ἀπολογηθῶτων,
3394 1830 3426 1901 ἧ
3472 1834 3759 1905 κατήγοροι

2189 1914 2296 1967 τῶν
2334 1915 2474 1969 κατά
2521 1917 2620 1987 τῆς
2656 1917 2935 1984 εὐσεϐείας
2980 1920 3128 1991 αὐτῷ
3166 1921 3556 1993 τολμηθέντων,
3605 1926 3760 1987 αὐτὸς

2190 2006 2485 2077 είπάτωθῆ
2522 2007 2639 2072 πῶς
2674 2010 2722 2061 ot
2757 2011 3045 2082 κατήγοροι
3085 2012 3580 2091 καθυϐρίσουσιν⁶ῆ
3640 2020 3759 2073 τίνα

2190 2096 2239 2147 οἱ
2272 2095 2520 2151 δικασταὶ
2565 2099 2691 2171 περὶ
2731 2100 2894 2154 αὐτοῦ
2944 2102 3044 2175 τὴν
3089 2102 3267 2174 ψῆφον
3322 2104 3600 2171 ἐξοίσουσι,
3632 2124 3757 2179 προ-

2191 2189 2727 2261 κατασκευαζομένου
2759 2193 2844 2247 διὰ
2874 2194 2971 2265 τῆς
2999 2195 3290 2266 ἀπολογίας
3322 2197 3413 2251 τοῦ
3452 2198 3760 2271 πλημμελή-

2193 2296 2379 2349 ματος.

2271 2369 2431 2423 Ἀλλὰ
2474 2370 2647 2427 ταῦτα
2687 2374 2784 2445 μὲν
2815 2374 2914 2428 οὐκ
2957 2371 3074 2428 οῖδα
3120 2375 3236 2439 πῶς
3293 2376 3655 2447 παρενέπεσον
3698 2379 3759 2431 ἐκ

2187 2462 2287 2532 τῆς
2314 2463 2630 2526 ἀκολουθίας
2657 2463 2750 2518 τοῦ
2777 2465 2935 2535 λόγου
2960 2465 3037 2534 τῷ
3064 2466 3136 2538 μὴ
3167 2465 3344 2530 καλῶς
3367 2468 3633 2538 προῆχθαι
3664 2468 3758 2540 τὴν

2188 2553 2524 2608 ἀκολουθίαν.
2559 2555 2691 2609 Οὐδὲ
2720 2555 2827 2629 γὰρ
2859 2557 2986 2627 περὶ
3015 2555 3108 2609 τοῦ
3145 2556 3258 2621 πῶς
3299 2554 3467 2628 ἐχρῆν
3497 2558 3760 2631 ἀπολογῆ’

2190 2645 2383 2701 σασθαι
2433 2648 2714 2717 πρόκειται
2766 2649 2859 2703 νῦν
2886 2648 3157 2715 ἐξετάζειν
3176 2664 3189 2678 ·
3222 2648 3336 2703 ἀλλ’
3362 2650 3409 2702 εί
3437 2648 3758 2720 ἀπολελόγη-

2185 2754 2275 2790 ται
2322 2738 2477 2801 ὅλως.
2521 2739 2663 2811 Πρὸς
2708 2739 2766 2792 δὲ
2808 2739 2868 2793 τὸ
2914 2739 3172 2810 προτεθὲν
3223 2740 3627 2811 ἐπανέλθωμεν
3677 2742 3756 2795 ὅτι

2185 2833 2296 2895 τοῖς
2322 2831 2470 2895 ἰδίοις
2500 2832 2774 2887 ἁλίσκεται
2806 2833 3054 2904 φανερῶς
3078 2832 3276 2897 οὕτως’
3317 2834 3374 2887 Ὀ
3400 2834 3758 2904 δυσχεραίνων

2185 2923 2245 2977 τὸ
2272 2923 2464 2994 ψεῦδος
2501 2924 2781 2997 κεκρίσθαι
2808 2927 2955 2994 λέγει
3003 2927 3096 2981 καὶ
3131 2928 3457 2999 παρανόμων
3492 2930 3757 2998 ἐπιτυχεῖν

513 3007 649 3065 Nam
682 3014 772 3083 qui
800 3030 941 3086 aegre
978 3016 1159 3073 l‘ercns
1185 3019 1252 3075 de
1278 3020 1560 3075 mendacio
1601 3019 1905 3091 judicatum
1936 3035 2079 3085 esse,

2191 3014 2476 3080 δικαστῶν,
2508 3018 2601 3071 καὶ
2625 3018 2714 3071 διὰ
2738 3019 2838 3089 γῆς
2888 3020 2981 3073 καὶ
3009 3018 3281 3091 θαλάσσης
3313 3020 3594 3090 ἀγόμενος.
3627 3020 3759 3090 πρὸς

514 3102 645 3159 dicit
676 3105 893 3178 iniquos
932 3108 1150 3179 judices
1191 3128 1250 3168 se
1283 3122 1524 3179 nactum,
1574 3121 1629 3169 et
1663 3121 1808 3169 terra
1837 3113 2082 3183 marique

513 3194 969 3265 circumductum,
1027 3202 1270 3274 solisque
1312 3211 1450 3261 testu
1494 3212 1549 3260 et
1583 3204 1805 3275 pulvere
1849 3203 2081 3273 plurima

515 3285 859 3343 incommoda
897 3306 1213 3367 perpessum
1245 3310 1400 3363 esse;
1446 3311 1571 3350 mox
1608 3294 1949 3351 mendacium
1985 3295 2083 3349 ob-

513 3374 725 3442 velans,
758 3377 971 3434 clavum
1006 3383 1182 3449 clavo,
1220 3393 1277 3439 ut
1309 3385 1657 3455 proverbium
1694 3383 1877 3447 habet,
1908 3382 2078 3453 pellit,

510 3472 568 3521 et
615 3469 722 3522 alio
772 3471 1059 3528 mendacio
1112 3474 1215 3529 hoc
1266 3475 1606 3530 mendacium
1658 3474 1918 3545 corrigit;
1955 3488 2079 3527 cum

512 3555 657 3612 enim
690 3560 891 3629 pariter
918 3577 1039 3617 cum
1076 3565 1196 3634 ipso
1225 3578 1413 3619 omnes
1442 3567 1640 3629 sciant,
1692 3564 1836 3635 quod
1875 3564 2079 3618 nullam

513 3649 732 3718 penitus
763 3665 948 3708 vocem
979 3653 1035 3709 in
1056 3653 1265 3724 judicio
1293 3656 1521 3721 miserit,
1553 3657 1630 3710 ait
1660 3672 1719 3711 se
1748 3656 2082 3711 detrectasse

512 3738 751 3796 hostium
780 3743 1040 3811 tribunal,
1075 3753 1454 3819 tacentemque
1471 3747 1909 3805 condemnatum.
1937 3748 2083 3816 Quo-

513 3833 675 3888 modo
701 3835 906 3893 clarius
934 3840 1149 3895 ostendi
1185 3849 1390 3911 posset,
1431 3841 1578 3896 hunc
1624 3850 1823 3898 etcum
1856 3843 2083 3899 veritate

512 3932 567 3980 et
611 3941 797 3981 secum
846 3930 1128 4000 pugnare?
1184 3931 1413 3998 Quando
1462 3931 1898 4002 reprehenditur,
1936 3934 2081 4003 quod

514 4018 655 4072 male
681 4035 839 4073 suum
870 4020 1066 4076 librum
1094 4022 1455 4093 inscripserit,
1488 4023 1565 4077 ait
1586 4039 1644 4079 se
1668 4022 1859 4093 judicii
1893 4040 2083 4080 neces-

514 4109 675 4165 sitate
704 4112 1068 4183 compulsum,
1102 4125 1156 4168 ut
1190 4115 1391 4170 librum
1430 4132 1589 4171 suum
1625 4117 1885 4188 apologian
1922 4119 2082 4173 titulo

515 4209 860 4271 pramotaret.
901 4202 1133 4270 Quando
1168 4217 1526 4273 monstratur,
1577 4207 1722 4278 quod
1773 4210 1905 4273 nihil
1938 4210 2081 4281 apud

508 4292 727 4357 judices
743 4293 815 4349 sit
843 4294 1079 4357 locutus.
1109 4311 1230 4351 mox
1264 4306 1425 4367 negat
1448 4299 1738 4370 judicium,
1760 4300 2084 4371 judieesque

513 4385 635 4440 illos
664 4387 888 4457 respuit.
924 4386 1115 4445 Videte
1143 4392 1419 4461 egregium
1466 4392 1629 4448 istum
1672 4394 1918 4448 veritatis
1951 4410 2079 4464 pro-
2111 4397 2157 4454 ι)

513 4489 890 4548 pugnatorem,
939 4487 998 4535 ut
1022 4480 1200 4536 valide
1225 4488 1417 4535 contra
1455 4483 1800 4537 mendacium
1836 4486 2087 4556 pugnat?

512 4565 577 4621 Et
601 4567 863 4627 cumtalis
905 4571 977 4628 sit
1006 4573 1169 4628 audet
1198 4588 1451 4645 magnum
1488 4574 1749 4631 Basilium
1803 4578 2083 4632 nominare

510 4662 822 4731 malignum,
839 4664 1154 4733 improbum,
1172 4664 1776 4731 mendacem,audacem,
1791 4667 2079 4732 indoctum,

510 4755 902 4822 adscriptitium
938 4759 1050 4827 (seu
1078 4758 1362 4825 Spurium),
1408 4773 1584 4812 rerum
1626 4758 1925 4812 divinarum
1978 4759 2081 4812 im-

508 4847 730 4914 peritum
754 4861 767 4898 :
797 4855 850 4902 ct
876 4848 1124 4919 catalogo
1147 4849 1523 4903 conviciorum
1551 4848 1702 4905 addit
1724 4851 1888 4905 etiam
1914 4852 2083 4919 stupi-

506 4937 750 5003 ditatem,
786 4939 1074 5008 insaniam,
1126 4941 1381 5010 furorem,
1433 4949 1488 4997 et
1522 4943 1732 4997 inﬁnita
1776 4944 1925 5011 talia,
1962 4959 2083 5014 qua:

510 5030 714 5100 passim
744 5030 978 5085 orationi
1003 5047 1117 5086 sua:
1137 5033 1411 5103 aspergit;
1439 5031 1685 5089 suﬂicere
1706 5041 1860 5089 ratus
1886 5034 2083 5103 lingute

510 5136 622 5176 suae
649 5122 998 5193 asperitatem
1025 5132 1079 5178 et
1111 5125 1461 5180 acerbitatem
1489 5140 1785 5196 opponere.
1819 5134 2078 5196 tanquam

508 5212 920 5282 :equivalenlem
963 5215 1207 5270 omnium
1233 5214 1515 5269 hominum
1551 5216 1902 5285 testimoniis,
1986 5216 2077 5286 qui

508 5308 565 5354 et
594 5316 792 5357 nomen
829 5304 1013 5374 magni
1046 5303 1540 5375 Basilii,tanquam
1579 5306 1812 5375 alicujus
1839 5318 2075 5361 veterum

508 5399 823 5448 sanctorum
850 5395 1193 5451 adrrirantur
1218 5415 1230 5451 :
1260 5405 1314 5452 et
1336 5405 1487 5467 putat
1509 5399 1613 5451 iste
1644 5397 1902 5451 invictth
1927 5397 2077 5450 illum

508 5481 625 5536 sola
659 5485 1001 5541 conviciandi
1030 5488 1255 5543 libidine
1280 5496 1334 5545 et
1357 5488 1692 5559 impudentia
1746 5489 1862 5543 laedi
1887 5490 2082 5559 posse?

504 5568 625 5629 Non
657 5573 795 5630 adeo
826 5577 1048 5634 humilis
1074 5589 1126 5636 et
1156 5581 1428 5639 demissus
1466 5582 1548 5636 sol
1578 5590 1683 5647 est,
1726 5591 1783 5638 ut
1816 5599 1986 5652 usque
2011 5582 2075 5635 ad

507 5664 685 5738 ipsum
709 5667 1015 5739 pertingant
1039 5669 1266 5738 lapides,
1295 5672 1377 5727 vel
1406 5673 1608 5741 aliquid
1638 5675 1781 5728 aliud
1813 5673 1865 5726 in
1898 5678 2074 5743 ipsum

2191 3108 2339 3179 ἡλίου
2367 3127 2425 3162 τε
2458 3109 2717 3180 φλογμὸν,
2748 3111 2841 3164 καὶ
2881 3112 3026 3165 κόνιν
3055 3111 3451 3179 κακοπαθῆσαι.
3493 3106 3623 3164 Εἶτα
3653 3112 3758 3165 πά·

2185 3199 2266 3254 λιν
2292 3200 2650 3273 περιστέλλων
2680 3202 2739 3255 τὸ
2768 3202 2983 3274 ψεῦδος,
3027 3203 3140 3274 ἥλῳ
3182 3203 3271 3255 τὸν
3307 3197 3453 3273 ἧλον,
3491 3201 3629 3255 κατὰ
3662 3201 3759 3273 τὴν

2185 3292 2501 3364 παροιμίαν,
2537 3293 2804 3364 ἐκκρούει,
2850 3292 2992 3364 ἄλλῳ
3050 3293 3233 3363 ψεύδει
3269 3293 3423 3347 τοῦτο
3462 3292 3522 3346 τὸ
3567 3291 3760 3362 ψεῦδος

2185 3382 2663 3455 ἐπανορθούμενος.
2702 3385 2923 3439 Πάντων
2952 3384 3060 3457 γὰρ
3087 3383 3236 3456 αὐτῷ
3265 3384 3762 3454 συνεπισταμένων,

2182 3475 2265 3528 ὅτι
2292 3475 2548 3547 οὐδεμίαν
2579 3475 2803 3548 ἔρρηξεν
2836 3477 2893 3530 ἐν
2918 3476 3250 3549 δικαστηρίῳ
3281 3476 3481 3547 φωνὴν,
3514 3477 3764 3549 παρῃτῆ-

2185 3564 2309 3617 σθαί
2358 3581 2490 3637 φησι
2535 3565 2595 3618 τὸ
2633 3566 2740 3618 τῶν
2778 3566 2984 3637 ἐχθρῶν
3028 3566 3395 3638 δικαστήριον,
3448 3566 3543 3620 καὶ
3595 3565 3763 3634 σιγῶν

2184 3654 2407 3709 ἁλῶναι.
2454 3654 2577 3719 Πῶς
2626 3655 2690 3710 ἄν
2732 3674 2815 3721 τις
2868 3656 3063 3728 μᾶλλον
3104 3655 3464 3727 ἐξελεγχθείη,
3499 3657 3591 3709 καὶ
3625 3656 3764 3725 πρὸς

2183 3748 2280 3819 τὴν
2306 3747 2578 3819 ἀλήθειαν,
2605 3749 2699 3803 καὶ
2728 3749 2863 3822 πρὸς
2891 3750 3078 3803 ἑαυτὸν
3106 3750 3357 3809 ἐναντίως
3383 3748 3519 3819 ἔχων
3546 3764 3560 3813 ;
3591 3737 3760 3800 Ὀταν

2185 3840 2497 3908 ἐγκαλεῖται
2528 3841 2655 3910 περὶ
2682 3844 2779 3911 τῆς
2807 3840 3119 3913 ἐπιγραφῆς
3145 3839 3240 3893 τοῦ
3278 3840 3457 3908 λόγου.
3487 3843 3552 3910 τῇ
3580 3840 3764 3910 κρίσει

2183 3929 2281 4001 τὴν
2321 3930 2564 4000 ἀνάγκην
2601 3931 2701 4001 τῆς
2747 3931 3039 4000 ἀπολογίας
3081 3930 3424 4003 προτίθησινο
3462 3931 3587 3983 ὅταν
3612 3928 3767 3998 ἐλξγοο

2185 4038 2364 4091 χηται,
2409 4022 2570 4094 μηδὲν
2615 4023 2705 4077 ἐπὶ
2750 4022 2857 4075 τῶν
2901 4021 3225 4087 δικαζόντων
3274 4022 3461 4091 εἰπὼν,
3517 4023 3766 4093 ἀρνεῖται

2182 4112 2280 4183 τὴν
2313 4112 2512 4183 κρίσιν,
2548 4113 2641 4167 καὶ
2672 4111 2894 4177 ἀπαξιοῖ
2919 4112 3041 4175 τοὺς
3068 4111 3403 4175 δικάζοντας.
3450 4110 3639 4182 Ὁρᾶτε
3667 4109 3767 4162 τὸν

2186 4204 2413 4274 σφοδρὸν
2438 4204 2716 4276 πρόμαχον
2742 4207 2841 4274 τῆς
2868 4204 3140 4275 ἀληθείας,
3168 4203 3243 4267 ὡς
3269 4203 3591 4274 ἐρρωμένως
3624 4199 3770 4272 πρὸς

2183 4293 2245 4346 τὸ
2270 4292 2463 4362 ψεῦδος
2508 4293 2981 4357 ἀντικαθίσταταις
3012 4289 3146 4347 Εἶτα
3185 4291 3422 4355 τοιοῦτος
3446 4290 3542 4355 ῶν,
3575 4307 3771 4355 πον-ην

2178 4383 2312 4453 ρὸν,
2350 4385 2445 4437 καὶ
2486 4383 2772 4450 κακοήθη.
2824 4384 2923 4437 καί
2959 4384 3237 4452 ψεύστην
3264 4383 3356 4436 τὸν
3401 4382 3572 4453 μέγαν
3600 4381 3774 4434 Βασί-

2192 4475 2334 4529 λειον
2369 4475 2655 4545 ὀνομάζειν
2701 4474 2906 4546 τολμᾷ⁶
2949 4476 3039 4529 καὶ
3085 4475 3163 4529 ἔτι
3189 4474 3322 4546 πρὸς
3364 4459 3594 4536 τούτοις,
3625 4475 3776 4540 θρα-

2189 4569 2329 4631 σὺν,
2359 4567 2577 4637 ἀμαθῆ,
2611 4567 3049 4636 παράγραπτον,
3089 4566 3212 4621 τῶν
3248 4567 3420 4621 θείων
3459 4566 3772 4635 ἀμύητονο

2190 4659 2508 4731 προστίθησι
2529 4658 2585 4711 δὲ
2610 4656 2688 4727 τῷ
2713 4658 2993 4729 καταλόγῳ
3015 4658 3114 4727 τῆς
3133 4657 3417 4729 λοιδορίας,
3448 4655 3544 4708 καὶ
3583 4670 3774 4722 παρα.

2188 4749 2472 4816 πληξίαν,
2504 4749 2599 4802 καλ⁵
2644 4750 2889 4819 μανίαν,
2939 4748 3035 4802 καὶ
3068 4747 3234 4820 μυρίά
3268 4745 3512 4807 τοιαῦτα,
3559 4746 3779 4817 σπορὰ-

2187 4840 2283 4910 δην
2317 4840 2477 4893 παντὶ
2518 4838 2900 4909 καταμιγνύων
2944 4838 3022 4909 τῷ
3070 4837 3231 4907 λόγῳ,
3279 4838 3467 4910 ὥσπερ
3510 4837 3780 4907 ἐξαρκεῖν

2185 4932 2429 5003 οἰόμενος
2454 4931 2552 5003 τὴν
2581 4932 2773 4985 ἑαυτοῦ
2805 4932 3027 5003 πικρίαν
3057 4932 3377 5002 ἀντίρροπον
3398 4932 3518 4992 ταῖς
3548 4930 3781 4982 πάντων

2187 5025 2488 5096 ἀνθρώπων
2519 5027 2842 5098 μαρτυρίαις
2868 5025 3222 5096 γενήσεσθαι·
3265 5024 3314 5076 οἳ
3360 5022 3454 5076 καὶ
3488 5021 3549 5074 τὸ
3593 5020 3785 5090 ὄνομα

2186 5117 2278 5171 τοῦ
2335 5117 2591 5188 μεγάλου,
2633 5118 2883 5191 καθάπερ
2932 5115 3076 5180 τινὸς
3130 5114 3237 5169 τῶν
3290 5114 3532 5187 ἀρχαίων
3590 5112 3784 5180 ἁγίων

2186 5208 2471 5280 τεθήπασι.
2505 5210 2613 5263 Καὶ
2648 5209 2855 5279 νομίζει
2895 5209 2988 5262 τὸν
3031 5209 3271 5278 ἄτρωτον
3296 5205 3373 5276 τῷ
3401 5204 3576 5275 μὼμῳ
3599 5203 3785 5257 δύνα-

2186 5302 2308 5355 σθαι
2343 5302 2500 5371 μόνον
2529 5301 2616 5355 διὰ
2643 5301 2741 5371 τῆς
2767 5299 3031 5372 λοιδορίας
3057 5297 3417 5370 λυμήνασθαι.
3463 5297 3577 5366 Οὐχ
3619 5293 3786 5349 οὕτω

2184 5393 2432 5457 ταπεινὸς
2459 5395 2487 5445 ὁ
2516 5394 2682 5463 ἣλιος.
2715 5392 2790 5456 ὡς
2836 5394 2998 5464 μέχρι
3032 5393 3238 5446 ἐκείνου
3269 5391 3470 5460 φθάσαι
3501 5389 3595 5442 τὸν
3644 5389 3782 5442 κατ’

2184 5485 2345 5538 αὐτοῦ
2380 5484 2577 5549 λίθους,
2605 5485 2637 5554 ἢ
2666 5485 2791 5538 ἄλλο
2817 5503 2867 5538 τι
2897 5484 3172 5553 βάλλοντα.
3217 5483 3383 5536 Πάλιν
3410 5482 3518 5553 γὰρ
3556 5484 3791 5536 ἐπανα-

2187 5578 2403 5647 στρέφει
2450 5576 2519 5628 τὰ
2581 5576 2841 5649 βληθέντα
2917 5577 3058 5630 κατὰ
3110 5575 3201 5629 τοῦ
3248 5576 3593 5646 πέμψαντος·
3643 5576 3677 5627 ὁ
3719 5574 3789 5628 δὲ

2187 5671 2381 5733 σκοπὸς
2431 5669 2578 5739 μένει
2633 5668 2728 5737 τῆς
2776 5668 2933 5739 βολῆς
2988 5667 3342 5740 ὑψηλότερος·
3392 5667 3491 5721 κᾶν
3544 5683 3633 5728 τις
3699 5665 3791 5729 ὡς
