4008 6210
303 342 416 397 273

1442 345 1716 403 CONTRA
1757 347 2149 415 EUNOMIUM,
2181 350 2307 405 LIB.
2348 351 2384 403 1.

3439 348 3543 405 274

310 453 527 523 ἀλαμπῆ
562 451 822 525 διαϐάλλῃ
861 452 953 505 τὸν
993 452 1172 524 ἥλιον,
1206 456 1266 507 οὐ
1302 456 1361 508 τὸ
1390 460 1505 526 φῶς
1531 460 1627 530 τῆς
1663 460 1878 522 ἀκτῖνος
1906 516 1907 519 η

2014 461 2265 517 missum.
2303 459 2435 513 Nam
2471 460 2651 529 jacula
2687 452 3023 515 recidunt'iu
3064 466 3226 529 caput
3260 459 3545 521 mittentis,

308 547 368 597 ἐκ
404 543 510 597 τῶν
557 543 904 612 σκωμμάτων
954 544 1298 616 ἠμαύρωσεν,
1339 546 1453 600 ἀλλ’
1505 551 1532 602 ό
1586 550 1683 619 μὲν
1731 550 1882 620 ἣλιος

2009 562 2037 604 :t
2079 553 2159 607 sol
2191 551 2337 606 omni
2361 553 2515 622 jactu
2554 563 2730 606 manet
2770 553 2950 607 altior.
2997 553 3059 604 Et
3107 553 3234 607 licet
3264 552 3387 621 quis
3434 550 3546 603 cri-

304 637 478 698 ἔσται,
504 636 599 688 καὶ
646 636 1047 705 σκωπτόμενος,
1087 637 1256 707 ἣλιος,
1297 637 1392 691 τοῦ
1429 639 1487 693 δὲ
1519 640 1881 711 λοιδοροῦντος

2009 646 2221 698 ninetur
2249 643 2419 698 solem
2448 648 2507 697 ut
2537 642 2855 710 obscurum,
2889 642 3033 697 haud
3066 651 3244 697 tamen
3286 639 3549 696 conviciis

302 728 379 789 ὡς
406 727 621 798 ἀφεγγῆ
650 726 753 798 τὴν
788 729 978 781 ἀκτῖνα
1001 730 1037 797 ἡ
1071 730 1316 801 πήρωσις
1351 731 1458 784 τῶν
1494 733 1763 803 ὀρατικῶν
1798 735 1883 786 αί-

2009 727 2242 807 splendor
2269 734 2546 790 radiorum
2584 735 2942 799 imminuitur,
2975 734 3069 789 sed
3114 734 3193 789 sol
3230 732 3394 788 etiam
3420 747 3551 787 con-

303 818 620 888 σθητηρίων
642 818 1107 891 ἀπελεγχθήσεται
1124 835 1138 849 ·
1163 820 1265 874 κᾶν
1301 823 1382 874 ὅτι
1406 821 1641 892 μάλιστα
1666 823 1791 887 τούς
1821 840 1883 877 τε

304 909 727 978 ἀκουσομένους,
754 911 850 964 καὶ
889 912 1014 975 τοὺς
1045 912 1456 983 ἐντευξομένους
1493 914 1697 968 πείθειν
1725 914 1884 988 ἐθέλῃ

309 999 431 1052 καθ’
460 995 755 1072 ὁμοιότητα
776 1002 876 1072 τῆς
899 1003 1189 1073 ἀπολογίας
1228 1005 1460 1076 ἐκείνης,
1500 1005 1573 1076 μὴ
1604 1008 1723 1069 ταῖς
1752 1006 1888 1060 πάν-

309 1109 423 1144 των
468 1093 598 1162 περὶ
636 1092 728 1145 τοῦ
771 1094 923 1163 ἡλίου
961 1093 1140 1158 δόξαις
1179 1094 1576 1165 προστίθεσθαι,
1612 1095 1747 1166 μηδὲ
1781 1096 1889 1149 τῶν

315 1182 525 1236 πολλῶν
551 1185 743 1254 πεῖραν
772 1184 869 1255 τῆς
900 1184 1035 1247 ἰδίας
1059 1184 1377 1256 ὑπολήψεως
1406 1185 1673 1239 ποιεῖσθαι
1699 1204 1893 1258 κυριω-

316 1274 503 1344 τέραν,
543 1276 608 1344 τῇ
642 1273 845 1327 πλείονι
888 1274 1052 1347 μοίρᾳ
1079 1275 1142 1328 τὸ
1182 1280 1424 1347 κρεῖττον
1462 1276 1889 1346 προσάπτοντας,

316 1366 499 1435 to.qu
534 1366 628 1418 ἐπὶ
656 1365 762 1419 τῶν
794 1366 1095 1437 βλεπόντων
1123 1368 1368 1441 ληρήσει.

1989 828 2149 883 viciis
2170 827 2641 897 impetitus,‘nihil
2678 826 2823 880 aliud
2856 834 2959 890 est,
2984 840 3145 896 quam
3174 824 3274 880 sol.
3307 823 3548 885 Interim,

1989 918 2082 989 qui
2131 918 2264 973 solis
2316 918 2498 972 radios
2532 916 2904 972 tenebricosos
2937 930 3059 971 esse
3117 922 3374 986 nugatur,
3416 913 3553 968 nihil

1991 1009 2139 1063 aliud
2174 1017 2437 1080 reportat,
2483 1025 2645 1080 quam
2678 1008 2824 1079 quod
2866 1009 3151 1064 oculorum
3189 1021 3415 1063 suorum
3451 1020 3551 1061 cae.-

1991 1099 2210 1153 citatem
2255 1099 2544 1171 insigniter
2588 1099 2803 1172 prodit:
2843 1106 2895 1155 et
2928 1098 3178 1169 quamvis
3211 1097 3447 1152 maxime
3487 1096 3556 1152 iis

1993 1190 2085 1260 qui
2119 1191 2368 1256 audiunt,
2399 1201 2453 1247 et
2479 1208 2603 1246 cum
2640 1192 2839 1262 quibus
2866 1193 2997 1261 agit,
3045 1192 3374 1262 persuadere
3407 1187 3557 1255 velit,

1997 1279 2169 1334 instar
2217 1280 2365 1336 illius
2413 1282 2693 1353 apologiae,
2755 1296 2825 1337 ne
2874 1282 3244 1338 assentiamur
3281 1282 3557 1337 communi

1997 1374 2274 1429 hominum
2304 1375 2371 1430 de
2405 1376 2520 1430 sole
2546 1374 2961 1440 existimationi,
2990 1389 3125 1431 neve
3154 1375 3450 1429 multorum
3472 1387 3562 1428 ex.

321 1461 643 1526 perientiam
674 1462 909 1531 propriis
938 1464 1383 1533 persuasionibus
1408 1477 1740 1535 praeponam,
1777 1468 1881 1521 rati
1921 1471 2064 1540 apud
2096 1470 2277 1540 plures
2328 1471 2557 1525 inveniri
2594 1470 2652 1524 id
2715 1471 2859 1542 quod
2892 1473 3092 1527 rectius
3163 1477 3280 1529 est:
3334 1469 3562 1525 1e.irare

317 1555 635 1611 censebitur
661 1553 790 1609 talis
822 1554 891 1610 ab
919 1555 1009 1617 iis,
1051 1557 1251 1625 quibus
1287 1556 1503 1611 videndi
1533 1572 1728 1614 sensus
1776 1575 1883 1614 non
1922 1569 2007 1616 est
2030 1562 2336 1632 ademptus.
3564 1542 3570 1549 ’

390 1645 487 1708 Τις
510 1641 605 1698 οὖν
632 1644 818 1710 εὔνους
838 1645 918 1717 τῷ
948 1647 1193 1719 Εὑνομίῳ
1224 1650 1466 1703 πεισάτω
1490 1650 1703 1722 χαλινὸν
1736 1651 1896 1705 αὐτὸν

2065 1655 2166 1723 Qui
2214 1658 2378 1727 igitur
2417 1657 2553 1711 bene
2587 1656 2736 1727 cupit
2793 1655 3079 1721 Eunomio,
3127 1661 3345 1710 moueat
3385 1662 3444 1709 ut
3479 1654 3562 1709 ori

319 1735 588 1789 ἐπιθεῖναι
614 1737 693 1808 τῷ
720 1738 967 1809 στόματι,
998 1740 1130 1809 μηδὲ
1157 1741 1471 1812 ἀφηνιάςειν
1500 1746 1566 1813 τῇ
1590 1741 1787 1813 ἀταξίᾳ
1799 1742 1894 1796 τοῦ

321 1826 505 1896 λόγου.
537 1829 676 1899 μηδὲ
712 1830 849 1900 πρὸς
879 1830 1079 1902 κέντρα
1108 1831 1397 1897 λακτίζειν,
1441 1833 1573 1905 μηδὲ
1602 1833 1898 1906 θρασυστο-

325 1922 453 1986 μεῖν
476 1919 616 1973 κατά
643 1920 739 1975 τοῦ
769 1921 949 1990 τιμίου
992 1921 1272 1992 ὀνόματος,
1313 1924 1448 1977 ἀλλά
1488 1925 1584 1979 καὶ
1610 1928 1676 1995 τῇ
1711 1926 1895 1997 μνήμῃ

323 2009 671 2081 λαμϐάνοντα
725 2012 885 2081 μόνον
922 2011 1012 2064 τὸν
1046 2013 1216 2082 μέγαν
1253 2014 1551 2077 Βασίλειον,
1606 2016 1892 2077 εὐλαϐείας

324 2102 423 2154 καὶ
449 2100 601 2164 δέους
642 2104 743 2173 τὴν
788 2102 965 2173 ψυχὴν
1002 2103 1469 2175 ἀναπίμπλασθαι.
1503 2106 1569 2157 Τί
1598 2104 1706 2175 γὰρ
1751 2105 1900 2176 αὐτῷ

325 2195 423 2247 καὶ
456 2194 615 2247 πλέον
647 2196 713 2248 ἐκ
737 2196 834 2266 τῆς
880 2195 1117 2267 ἀμέτρου
1151 2196 1424 2268 πομπείας
1452 2197 1650 2267 ταύτης
1679 2199 1902 2269 γενήσε-

321 2301 414 2338 ται
437 2299 452 2314 ο
480 2286 610 2338 ὅταν
639 2286 669 2339 ό
694 2285 792 2357 μὲν
811 2287 1048 2350 τοιοῦτος
1060 2287 1191 2359 δοκῇ
1226 2288 1376 2359 παρά
1398 2289 1580 2354 πᾶσιν,
1602 2286 1711 2343 οἷον
1737 2290 1900 2345 αὑτὸν

323 2375 695 2448 ἀνακηρύττει
729 2379 759 2430 ὁ
779 2376 912 2447 βίος,
942 2380 970 2432 ὁ
998 2378 1177 2447 λόγος,
1201 2382 1235 2451 ὴ
1265 2381 1418 2453 κοινὴ
1444 2383 1544 2453 τῆς
1576 2383 1903 2454 οἰκουμένης

331 2467 467 2536 περὶ
490 2464 657 2519 αὐτοῦ
693 2468 968 2540 μαρτυρία
990 2472 1080 2530 ;Ὀ
1102 2472 1159 2524 δὲ
1187 2472 1430 2535 κακίζειν
1469 2473 1784 2546 ἐπιχειρῶν,
1812 2475 1903 2530 τὸν

324 2559 525 2612 ἑαυτοῦ
556 2559 791 2613 δεικνύει
824 2560 1044 2631 τρόπον,
1094 2562 1170 2626 ὡς
1206 2562 1302 2630 Μὴ
1346 2562 1700 2633 δυνάμενος,
1727 2564 1906 2629 καθώς

326 2649 581 2720 φησίπου
610 2651 671 2703 τὺ
699 2651 1048 2720 Εὑαγγελίον,
1078 2653 1268 2722 ἀγαθὰ
1293 2655 1504 2709 λαλεῖν
1536 2654 1615 2721 τῷ
1643 2655 1905 2725 πονηρὸς

320 2735 503 2802 εἶναι,
551 2740 667 2795 ἀλλ’
735 2744 800 2797 ἐκ
844 2744 951 2797 τοῦ
988 2746 1463 2816 περισσεύματος
1506 2744 1616 2815 τῆς
1658 2746 1908 2817 καρδίας

318 2830 691 2902 φθέγγεσθαι
755 2836 849 2888 καὶ
877 2837 943 2889 ἐκ
975 2836 1067 2889 τοῦ
1110 2837 1344 2909 πονηροῦ
1379 2836 1652 2910 θησαυροῦ
1690 2854 1909 2909 προχει-

317 2924 605 2996 ρίζεσθαι.
645 2926 769 2980 Ὅτι
793 2927 901 2999 γὰρ
927 2927 1059 2995 ψιλὰ
1100 2929 1201 2999 τῆς
1236 2927 1502 2998 λοιδορίας
1552 2928 1670 2981 sati.
1709 2929 1776 2981 τὰ
1807 2929 1906 3000 ρή-

1999 1767 2098 1807 suo
2127 1750 2338 1805 frenum
2368 1750 2609 1819 imponat
2635 1767 2649 1816 ;
2683 1764 2749 1803 ne
2767 1756 2876 1802 tam
2907 1748 3146 1804 insulsos
3166 1756 3220 1803 et
3255 1747 3565 1803 inconditos

1998 1858 2280 1899 sermones
2320 1839 2551 1907 en'utiat,
2591 1856 2725 1895 neve
2755 1846 2944 1894 contra
3000 1838 3255 1894 stimulos
3297 1836 3562 1900 calcitret,

1998 1951 2176 2006 neque
2214 1934 2349 1987 adeo
2391 1935 2651 1986 audacter
2677 1939 2729 1986 et
2782 1931 3082 1986 insolenter
3107 1930 3289 1985 verbis
3323 1944 3444 1985 sese
3485 1927 3563 1983 ef-

2000 2025 2158 2092 ferat,
2189 2031 2505 2094 contemptu
2534 2020 2827 2077 venerandi
2855 2019 3001 2074 illius
3027 2017 3266 2091 {Basilii}
3301 2018 3563 2079 nominis,

1999 2115 2134 2185 quin
2191 2115 2375 2184 potius
2421 2113 2538 2167 sola
2593 2110 2854 2165 memoria
2912 2107 3174 2163 Basilium
3223 2107 3561 2178 complexus,

2004 2202 2311 2259 reverentia
2337 2212 2390 2256 et
2429 2206 2573 2255 metu
2606 2198 2859 2271 perfundi
2904 2197 3149 2253 deberet.
3185 2196 3319 2251 Nam
3350 2212 3473 2268 qua:
3500 2211 3564 2251 ex

2005 2293 2319 2365 huiusmodi
2356 2290 2600 2363 iactandi
2647 2305 2770 2347 sese
2803 2289 2968 2345 simul
2998 2296 3053 2344 et
3098 2287 3440 2345 conviciandi
3474 2303 3555 2358 pe-

2004 2387 2233 2441 tulantia
2262 2386 2493 2442 exsistet
2524 2381 2793 2437 Eunomia
2816 2381 3063 2448 utilitas;
3090 2396 3214 2435 cum
3245 2380 3425 2450 qualis
3478 2378 3568 2433 ille

2003 2475 2145 2546 apud
2192 2488 2385 2529 omnes
2429 2472 2682 2535 habetur,
2728 2472 2890 2526 talem
2938 2470 3089 2525 illum
3140 2471 3395 2541 prtedicct
3436 2469 3566 2530 vita,

2003 2559 2206 2631 oratio,
2250 2574 2304 2620 et
2357 2577 2594 2619 concors
2642 2562 2794 2617 orbis
2842 2570 3113 2617 terrarum
3157 2560 3571 2616 testimonium?

2011 2647 2184 2716 Quem
2204 2652 2334 2706 dum
2368 2655 2473 2709 iste
2503 2651 2850 2715 criminatur,
2901 2664 3035 2705 suos
3064 2664 3244 2705 mores
3275 2648 3515 2709 ostendit
3551 2665 3566 2703 :

2017 2747 2192 2817 nequit
2240 2747 2379 2805 enim
2422 2748 2557 2806 bona
2594 2744 2759 2819 loqui,
2807 2751 2865 2797 ut
2915 2741 3118 2798 alicubi
3153 2739 3286 2794 dicit
3324 2738 3570 2809 Evange-

2008 2839 2140 2894 lium
2163 2835 2219 2906 ',
2250 2852 2312 2894 eo
2344 2835 2486 2908 quod
2511 2836 2682 2893 malus
2716 2838 2811 2903 sit,
2850 2833 2947 2890 sed
3000 2847 3065 2886 ea:
3095 2830 3421 2886 abundantia
3453 2846 3572 2885 cor-

2011 2929 2095 2984 dis
2125 2928 2384 2999 loquitur,
2415 2935 2470 2982 et
2496 2940 2563 2981 ex
2591 2926 2737 2981 male
2761 2925 3023 2982 thesauro
3049 2938 3147 2980 sua
3172 2923 3335 2979 verba
3380 2921 3574 2992 depro-

321 3034 486 3088 ματα
501 3018 604 3089 τῆς
622 3018 729 3072 τῶν
751 3020 1090 3089 πραγμάτων
1113 3019 1366 3091 ἀληθείας
1384 3021 1445 3073 οὐ
1467 3021 1907 3092 προσαπτόμενα,

2014 3021 2133 3076 mit.
2161 3018 2320 3086 Quod
2351 3027 2531 3072 autem
2551 3016 2801 3073 convicia
2833 3016 2946 3072 sint
2968 3015 3113 3071 nuda
3145 3016 3331 3079 verba,
3356 3026 3476 3085 qua:
3507 3013 3573 3067 ad

316 3106 391 3171 ἐξ
429 3107 610 3160 αὐτῶν
641 3110 754 3162 ἐστι
783 3109 893 3161 τῶν
925 3110 1322 3180 γεγραμμένων
1351 3113 1379 3164 ό
1416 3111 1655 3180 ἐλεγχος.

421 3289 686 3343 Ὑπέθετό
705 3305 825 3343 τινα
851 3288 1036 3354 τόπον,
1063 3291 1122 3342 ἐν
1148 3281 1194 3357 ᾧ
1216 3287 1303 3342 τὸν
1327 3287 1458 3359 περὶ
1486 3288 1595 3341 τῶν
1628 3287 1911 3358 δογμάτων

320 3383 525 3451 ἀγῶνα
558 3380 815 3451 συστῆναι
845 3397 1029 3452 φησιν,
1073 3379 1352 3450 ἀνώνυμον
1379 3379 1435 3432 δὲ
1462 3377 1669 3442 τοῦτον,
1703 3379 1797 3432 καὶ
1822 3378 1911 3431 ού·-

322 3474 449 3528 δενὶ
497 3472 758 3543 γνωρίμῳ
803 3472 1015 3543 σημείῳ
1058 3470 1382 3542 δηλούμενον
1407 3509 1421 3532 ,
1468 3469 1607 3523 ὥστε
1668 3469 1914 3538 ἀνάγκην

323 3564 478 3620 εἶναι
509 3564 589 3635 τῷ
612 3567 850 3635 ἀκροατῇ
888 3563 1314 3634 πεπλανημένως
1355 3562 1463 3616 τῶν
1493 3561 1703 3632 ἀδήλων
1745 3577 1914 3615 κατα-

324 3656 715 3725 στοχάζεσθαι.
776 3657 872 3708 Ἐν
914 3656 1103 3719 τούτῳ
1136 3655 1269 3726 φησὶ
1316 3655 1627 3723 σύλλογον
1672 3650 1914 3723 γεγενῆ-

324 3749 483 3801 σθαι
507 3745 628 3798 τῶν
652 3744 1029 3814 πανταχόθεν
1053 3744 1346 3814 λογάδων,
1386 3745 1477 3798 καὶ
1512 3742 1808 3814 ὲνακμάζει
1835 3742 1915 3811 τῷ

328 3839 486 3909 λᾰγιρ
510 3837 793 3901 νεανικῶς,
822 3837 913 3891 ὑπ’
934 3837 1055 3908 δψιν
1074 3836 1221 3906 ἄγων
1244 3837 1404 3909 δῆθεν
1421 3836 1519 3907 τὴν
1536 3837 1644 3890 τῶν
1666 3836 1916 3907 πραγμά-

328 3948 455 3985 των
478 3930 790 4000 διασκευήν.
824 3926 959 3984 Εἶτα
982 3930 1258 3993 δικασταῖς
1294 3946 1405 3983 τισι
1432 3929 1601 3998 λέγει,
1628 3928 1764 4000 μηδὲ
1790 3927 1915 3982 τούτ-

330 4040 451 4077 των
507 4023 764 4092 ὀνομαστὶ
821 4021 1183 4093 μεμνημένος,
1227 4021 1318 4074 τὸν
1356 4022 1483 4091 περὶ
1526 4019 1633 4072 τῶν
1675 4019 1916 4090 ἐσχάτων

332 4113 667 4183 προκεῖσθαι
695 4113 914 4185 δρόμον,
941 4114 1247 4183 ὑποφωνεῖν
1269 4112 1327 4166 δὲ
1349 4112 1591 4182 παρόντα
1607 4111 1697 4164 τὸν
1726 4111 1918 4182 ἡμέτε-

332 4222 439 4277 ρον
496 4202 815 4275 καθηγητὴν
844 4265 852 4271 ⁸
900 4205 994 4259 καὶ
1030 4204 1262 4275 πατέρα’
1305 4203 1405 4274 τῆς
1436 4203 1496 4257 δὲ
1523 4203 1755 4273 κρίσεως
1781 4202 1915 4272 πρὸς

2014 3113 2191 3182 ipsam
2227 3110 2645 3166 veritatemrnou
2675 3106 3007 3177 pertingant,
3042 3105 3422 3161 demonstrare
3450 3102 3579 3157 licet

2016 3216 2085 3256 ex
2119 3198 2357 3270 prepriis
2381 3197 2542 3252 istius
2573 3196 2816 3266 scriptis.

2068 3290 2321 3364 Adducit
2359 3290 2537 3345 locum
2581 3286 2892 3358 quemdam,
2943 3286 3005 3339 in
3026 3300 3138 3354 quo
3170 3291 3446 3338 certamen
3478 3296 3577 3354 pro

2013 3384 2276 3440 doctrinae
2321 3381 2547 3437 veritate
2590 3383 2661 3435 sit
2702 3378 3006 3450 ingressus,
3047 3376 3141 3431 sed
3180 3389 3355 3445 neque
3398 3373 3575 3427 locum

1990 3469 2282 3538 nominat,
2317 3488 2493 3544 neque
2538 3472 2649 3527 ullo
2685 3480 2838 3526 certo
2877 3471 3034 3540 signo
3068 3467 3340 3537 designat,
3383 3472 3441 3518 ut
3485 3478 3581 3519 ne—

2014 3584 2169 3624 cesse
2209 3570 2275 3624 sit
2328 3566 2630 3621 auditorem
2676 3564 2900 3619 incertis
2942 3562 3277 3632 coniecturis
3316 3558 3581 3614 ﬂuctuare

2014 3669 2066 3714 et
2112 3656 2476 3716 circumferri.
2503 3647 2567 3709 In
2608 3654 2705 3709 hoc
2746 3653 2922 3724 inquit
2963 3651 3261 3707 convenisse
3302 3663 3370 3704 ex
3410 3648 3583 3703 omnia

2016 3752 2111 3805 bus
2157 3750 2286 3803 locis
2313 3755 2579 3811 evocatos,
2613 3754 2670 3801 et
2702 3745 2981 3816 pueriliter
3014 3743 3069 3796 in
3120 3741 3302 3795 verbis
3337 3739 3580 3791 luxuria-

2018 3855 2126 3907 tur,
2181 3842 2361 3897 oculis
2405 3840 2662 3897 videlicet
2713 3836 3046 3907 subjiciens,
3079 3844 3132 3887 ct
3183 3838 3581 3901 repraesentans

2016 3943 2316 3992 conventus
2364 3934 2513 3988 illius
2551 3937 2893 4001 apparatum.
2929 3924 3129 3980 Deinde
3167 3924 3260 3985 ait,
3300 3919 3581 3991 iudicibus

2015 4027 2373 4099 quibusdam,
2430 4037 2605 4093 neque
2650 4020 2795 4076 enim
2848 4018 2947 4071 hos
3011 4015 3275 4078 nominat,
3329 4011 3580 4066 ultimum

2019 4118 2348 4189 supplicium
2404 4114 2575 4169 fuisse
2619 4108 2984 4181 propositum,
3033 4105 3120 4159 bis
3152 4118 3283 4158 vero
3331 4101 3579 4158 subscri-

2020 4210 2198 4281 psisse
2232 4208 2396 4264 etiam
2450 4211 2699 4258 nostrum
2734 4196 3049 4273 [Basilium]
3102 4202 3490 4267 praeceptorem
3530 4202 3583 4246 ct

328 4297 470 4359 τοὺς
489 4295 768 4359 ἐναντίους
797 4295 858 4349 τὸ
895 4297 1094 4367 κράτος
1131 4296 1530 4368 μετατιθείσης,
1566 4295 1790 4366 φεύγειν
1816 4296 1907 4347 αύ-

2022 4308 2255 4373 patrem.
2281 4296 2500 4352 Judicio
2540 4304 2722 4349 autem
2763 4289 3099 4346 adversariis
3127 4288 3369 4359 potiores
3399 4292 3582 4356 partes

328 4389 434 4441 τὸν
483 4388 614 4447 τοὺς
650 4387 867 4452 τόπους,
919 4387 1285 4442 καταλιπόντα
1319 4387 1417 4459 τὴν
1452 4386 1625 4454 τάξιν,
1669 4387 1763 4440 καί
1795 4401 1907 4439 τινα

2019 4372 2319 4453 deferente,
2351 4387 2644 4456 derepente
2680 4384 2834 4438 illum
2870 4381 3094 4452 fugisse,
3126 4380 3341 4433 deserto
3367 4374 3580 4438 ordine,

328 4477 557 4531 καπνὸν
593 4477 693 4548 τῆς
736 4479 989 4549 πατρίδος
1042 4478 1394 4551 μεταδιώκειν
1416 4496 1431 4511 ο
1467 4481 1561 4534 καὶ
1606 4481 1768 4543 πολύς
1800 4483 1914 4532 ἐστι

327 4568 619 4637 διασύρων
657 4569 714 4620 ἐν
738 4571 804 4639 τῇ
863 4570 1151 4643 ὑπογραφῇ
1184 4571 1284 4641 τῆς
1321 4570 1525 4635 δειλίας
1583 4573 1676 4625 τὸν
1701 4573 1868 4643 ἄνδρα
1898 4589 1912 4604 υ

328 4663 489 4730 ἄτερ
535 4658 743 4723 ἔξεστιν
788 4662 852 4713 ἐκ
902 4661 1011 4715 τῶν
1044 4663 1446 4733 γεγραμμένων
1487 4662 1567 4733 τῷ
1611 4662 1917 4734 βουλομένῳ

326 4750 567 4817 μαθεῖν.
614 4749 688 4800 Οὐ
739 4749 843 4818 γὰρ
899 4750 1022 4818 ἐμοὶ
1062 4750 1225 4821 σχολὴ
1271 4750 1447 4804 πάντα
1483 4750 1574 4803 τὸν
1601 4749 1793 4821 ἔμετον
1819 4750 1918 4818 τῆς

326 4836 561 4890 ἐκείνου
584 4839 773 4911 σχολῆς
783 4839 869 4893 διὰ
879 4837 1780 4911 τῶνέμῶνλόγωνκατασκεδαζειν,
1804 4839 1918 4892 ἀλλ’

322 4922 401 4981 οὗ
432 4930 602 4998 χάριν
636 4929 984 5001 ἐπεμνήσθην
1009 4930 1120 4983 τῶν
1140 4932 1460 5002 είρημὲνων,
1492 4931 1627 4995 πρὸς
1647 4931 1801 4986 τοῦτο
1827 4932 1921 4984 καὶ

328 5020 749 5090 μταῦήσομαι.

414 5114 513 5177 τίς
533 5114 735 5178 ἐκεῖνος
770 5117 799 5168 ό
828 5116 1109 5186 ἀνώνυμος
1156 5114 1351 5187 χῶρος,
1384 5119 1441 5170 ἐν
1469 5108 1512 5184 ᾧ
1553 5116 1677 5188 περὶ
1701 5114 1811 5169 τῶν
1834 5116 1918 5169 δο-

320 5205 577 5276 ῖμάτων
627 5206 937 5273 ιξετάζεται
979 5207 1165 5271 λόγοςς
1218 5207 1314 5270 Τίς
1337 5208 1368 5260 ό
1392 5208 1579 5278 καιρὸς
1603 5210 1632 5261 ό
1650 5209 1773 5270 τοὺς
1799 5207 1917 5278 ἀρί-

320 5314 507 5362 mg
536 5298 631 5352 ἐπὶ
654 5299 748 5353 τὸν
793 5300 976 5368 ἀγῶνα
999 5299 1214 5365 καλῶν;
1244 5299 1400 5363 Τίνες
1440 5301 1489 5353 οἱ
1528 5299 1817 5371 ἄνθρωποι,
1868 5302 1917 5355 οί

318 5389 433 5446 διὰ
458 5390 569 5458 γῆς
619 5388 715 5442 καὶ
737 5388 1002 5461 θαλάττης
1025 5391 1160 5463 πρὸς
1180 5389 1278 5462 τὴν
1308 5389 1589 5442 κοινωνίαν
1616 5388 1723 5443 τῶν
1742 5390 1917 5443 πόνων

324 5479 585 5542 ἑαυτοὺς
630 5481 1085 5548 κατεπείξαντεςς
1114 5482 1247 5536 Τίνα
1285 5481 1430 5552 λέγει
1460 5482 1663 5552 κόσμον
1689 5480 1781 5534 ἐπὶ
1807 5481 1918 5543 τοῖς

324 5568 744 5640 Mysum;
796 5573 1086 5644 μετέωρον,
1135 5574 1469 5645 ἀναμένοντα
1494 5572 1590 5644 τῆς
1617 5572 1796 5644 ψήφου
1823 5570 1919 5642 τὴν

410 5747 444 5781 ⁸
486 5746 677 5801 llatth.
718 5765 811 5809 sit,
843 5751 932 5805 55}.

2018 4480 2317 4552 patriaeque
2347 4477 2555 4532 fumum
2591 4472 2882 4546 quemdam
2936 4479 3083 4526 recta
3128 4476 3378 4523 secutum
3407 4479 3533 4520 esse
3565 4483 3577 4517 :

2018 4578 2334 4645 multusque
2382 4573 2437 4627 in
2495 4569 2837 4626 traducendo
2879 4576 2932 4621 et
2967 4562 3245 4619 irridendo
3274 4562 3412 4621 viro,
3465 4570 3586 4628 pro.

2019 4675 2139 4737 pter
2178 4662 2547 4725 timiditatem,
2586 4667 2646 4714 ut
2693 4656 2875 4728 quivis
2906 4669 2970 4709 ex
3019 4652 3192 4722 ipsius
3224 4650 3366 4703 libro
3391 4660 3587 4718 cogno-

2020 4772 2173 4815 scere
2221 4755 2441 4827 poterit.
2488 4752 2606 4807 Non
2646 4751 2791 4805 enim
2842 4746 2974 4801 mihi
3019 4751 3179 4798 vacat
3217 4739 3423 4803 omnia,
3465 4753 3584 4808 quae

2022 4848 2224 4905 evomit
2285 4846 2461 4917 ipsius
2517 4843 2666 4905 bilis,
2717 4838 2901 4896 verbis
2941 4835 3218 4909 persequi,
3274 4830 3369 4888 sed
3421 4829 3487 4884 ad
3530 4829 3583 4884 id

2021 4939 2279 5004 transire,
2314 4936 2473 5006 cujus
2499 4934 2671 5006 gratia
2699 4932 2865 4987 etiam
2894 4928 3153 5001 praedicta
3190 4924 3366 4979 attuli.

2088 5120 2223 5186 Quis
2268 5124 2351 5171 est
2400 5116 2490 5169 ille
2539 5115 2661 5171 sine
2697 5111 2916 5167 nomine
2953 5111 3126 5170 locus,
3161 5108 3214 5160 in
3245 5121 3357 5175 quo
3396 5104 3463 5160 de
3494 5104 3587 5157 do-

2016 5219 2255 5284 gmatum
2292 5209 2521 5264 veritate
2565 5204 2745 5260 habita
2786 5212 2872 5259 est
2901 5199 3216 5283 disquisitio
3238 5203 3260 5251 ἴ
3286 5198 3407 5264 Quo
3440 5204 3582 5251 tem-

2022 5316 2174 5370 pore,
2228 5310 2404 5368 quave
2441 5295 2733 5350 occasione
2781 5288 3219 5363 prastantissimi
3267 5288 3474 5360 quique
3515 5285 3585 5340 ad

2020 5396 2305 5443 certamen
2333 5384 2542 5440 evocati
2594 5384 2761 5438 sunt?
2794 5380 3026 5447 Quinam
3073 5380 3150 5435 illi
3184 5379 3459 5441 homines,
3489 5378 3586 5447 qui

2023 5489 2168 5536 terra
2209 5478 2457 5548 marique
2494 5476 2561 5530 ad
2617 5475 3059 5530 communionem
3111 5473 3359 5529 laborum
3394 5485 3593 5543 prope-

2024 5569 2251 5627 rarunt?
2280 5568 2450 5637 Quem
2486 5566 2747 5625 mundum
2792 5572 3003 5632 narrat,
3046 5576 3269 5623 eventus
3303 5568 3593 5632 exspecta-
