4008 6210
324 253 428 308 277

1454 254 1735 311 CONTRA
1774 253 2162 322 EUNOMIUM,
2201 254 2330 310 LIB.
2371 254 2409 307 I.

3465 242 3574 302 ατε

414 364 570 418 Ἀλλά
623 363 842 419 πάντων
893 366 1117 437 μᾶλλον,
1174 368 1249 430 ὡς
1302 368 1495 430 ἔοικεν.
1559 366 1766 439 ἀληθὴς
1807 365 1934 429 τοῦ,

2073 367 2181 424 Sed
2208 381 2396 422 verum
2440 372 2523 420 est.
2557 379 2722 434 quam
2778 362 3014 420 maxime
3047 362 3124 427 id,
3157 358 3306 432 quod
3349 369 3577 415 sanctus

335 458 476 510 όσίου
512 457 542 509 ό
579 455 737 524 λόγος
760 472 773 483 ·
823 456 905 509 δτι
931 458 990 510 ὲν
1022 460 1378 529 προσποιήσει
1405 458 1462 512 δὲ
1492 458 1589 529 τῆς
1617 459 1908 527 ἀπολογίας

334 546 675 617 κατασκευὴν
712 546 820 600 τῶν
874 547 1157 618 δογμάτων
1208 549 1401 602 ἑαυτοῦ
1441 550 1578 621 πρὸς
1622 549 1682 602 τὸ
1719 547 1908 603 δοκοῦν

329 641 646 711 ἐποιήσατο,
684 640 778 693 καί⁵
806 642 835 693 ὁ
873 641 994 694 κατ’
1023 640 1279 713 ἀλήθειαν
1304 641 1400 695 τοῦ
1428 642 1612 705 Φινεὲς
1640 641 1907 713 ζηλωτήςο

327 734 359 785 ό
381 730 745 804 ὲξολοθρεύων
783 732 844 785 ὲν
887 735 953 805 τῇ
1003 733 1247 806 ῥομφαία
1298 734 1391 789 τοῦ
1430 735 1590 805 λόγου
1626 736 1802 790 πάντα
1820 734 1912 789 τὸν

330 820 440 874 ἀπὸ
458 820 553 875 τοῦ
582 820 789 894 Κυρίου
821 825 1224 896 πορνεύσαντα·
1257 825 1356 896 τὴν
1385 825 1633 897 ἰατρικὴν
1668 825 1767 898 μὲν
1814 825 1913 895 τῆς

332 910 533 981 ψυχῆς,
563 910 913 984 ἀναιρετικὴν
933 912 989 966 δὲ
1021 913 1121 984 τῆς
1150 914 1404 978 ἀσεϐείας
1431 916 1685 986 ἀπήγαγε
1714 916 1913 987 μάχαι-

338 1018 460 1073 ραν,
518 1002 620 1072 τὴν
662 1001 982 1074 ἀντίρρησιν
1025 1003 1173 1072 λέγω
1209 1006 1306 1075 τῆς
1334 1004 1703 1077 βλασφημίας.
1755 1007 1820 1060 Εί
1858 1006 1916 1060 δὲ

336 1091 647 1156 ἀντιτύπως
668 1087 823 1171 οὗτος
845 1093 980 1165 εχει.
1014 1096 1108 1148 καὶ
1142 1095 1241 1167 τὴν
1265 1095 1559 1168 θεραπείαν
1587 1100 1649 1152 οὐ
1679 1099 1913 1169 δέχεται,

336 1188 367 1239 ὁ
394 1186 489 1258 τὴν
514 1184 692 1258 ψυχὴν
726 1186 920 1240 ἑαυτοῦ
962 1185 1052 1240 διὰ
1095 1188 1190 1258 τῆς
1249 1189 1583 1252 ἀποστασίας
1618 1188 1914 1261 νεκρώσας,

337 1275 434 1328 τοῦ
465 1275 724 1347 ἑλομένου
746 1276 805 1329 τὸ
829 1277 994 1330 κακὸν
1015 1277 1047 1347 ἠ
1072 1277 1240 1343 αἰτία,
1272 1280 1405 1349 φησὶ
1424 1279 1583 1332 τοῦτο
1613 1281 1708 1333 καὶ
1734 1281 1763 1332 ό
1787 1278 1919 1345 ἔξω·

341 1366 433 1419 θεν
455 1366 631 1433 λόγος.
656 1366 905 1430 Τοιοῦτος
934 1367 1031 1438 μὲν
1052 1362 1144 1422 οὖν
1165 1370 1305 1422 κατά
1320 1385 1378 1421 τε
1405 1370 1503 1439 τῆς
1526 1369 1802 1441 ἀληθείας,
1826 1369 1921 1423 καὶ

345 1457 466 1512 καθ’
500 1457 661 1528 ἡμῶν
706 1460 735 1512 ὀ
771 1458 1052 1529 Εύνόμιος.
1088 1460 1254 1531 Ἡμῖν
1292 1460 1350 1512 δὲ
1380 1460 1506 1532 ὲξῆν
1535 1462 1633 1531 μὲν
1663 1461 1801 1515 κατά
1831 1462 1922 1514 τόν

343 1549 696 1619 ἀρχαιότερον
715 1548 877 1618 νόμον
901 1550 990 1601 τόν
1020 1549 1407 1622 συγχωροῦντα
1426 1552 1538 1615 τοῖς
1564 1552 1696 1616 [σοις
1723 1550 1924 1624 ἀμύνε-

347 1640 470 1694 σθαι
519 1640 645 1703 τοὺς
692 1638 1061 1712 ὑπάρξαντας,
1096 1639 1341 1711 ἀφθόνως
1387 1642 1547 1697 αὐτὸν
1589 1644 1923 1699 ἀντιδάλλειν

2009 462 2099 518 ille
2139 460 2299 526 dixit,
2348 458 2494 514 hunc
2537 462 2801 527 praetextu
2852 453 3133 527 apologize,
3166 453 3435 508 arbitratu
3472 465 3578 508 suo

2010 552 2259 609 stabilire
2303 549 2544 605 voluisse
2587 562 2688 605 sua
2724 548 2981 618 dogmata
3019 557 3357 617 :germanus
3395 540 3579 597 imita-

2010 651 2095 698 tor
2153 641 2300 697 illius
2322 640 2575 703 Pliinees,
2605 638 2697 709 qui
2726 636 3041 707 rhompbzea
3094 650 3191 692 sua
3220 633 3399 705 perdit
3458 646 3578 687 om-

2012 749 2159 796 nem,
2204 733 2297 803 qui
2355 747 2386 786 a
2434 730 2662 785 Domino
2693 744 2788 800 per
2847 727 3265 783 fornicationem
3300 724 3578 792 deﬂectit;

2015 822 2245 879 vibravit
2289 819 2539 901 equidem
2586 818 2858 890 gladium,
2909 816 3237 871 medicinam
3289 816 3470 872 facere
3527 824 3583 872 et

2016 915 2351 986 impietatem
2400 912 2723 968 exscindere
2763 909 3009 972 solitum,
3067 908 3451 964 refutationem
3498 908 3583 963 in~

2018 1007 2203 1077 telligo
2248 1004 2735 1075 blasphemiarum.
2781 999 2839 1056 Si
2893 1000 2996 1057 iste
3028 999 3240 1056 resistit
3283 998 3587 1055 curationis

2018 1098 2332 1168 impatiens,
2367 1096 2513 1167 quod
2554 1110 2653 1152 sua
2686 1092 2996 1151 defectione
3026 1092 3263 1148 animam
3295 1094 3588 1147 intereme-

2020 1191 2112 1253 rit,
2160 1190 2378 1259 culpam
2426 1188 2661 1257 sustinet
2699 1186 2768 1250 is,
2816 1186 2911 1255 qui
2954 1185 3156 1239 malum
3197 1182 3381 1254 elegit,
3436 1190 3498 1237 ut
3537 1191 3591 1237 et

2020 1289 2367 1337 externorum
2406 1280 2678 1350 quispiam
2724 1278 2884 1332 dixit.
2919 1276 3071 1333 Talis
3101 1277 3266 1347 igitur
3307 1284 3365 1331 et
3396 1283 3588 1330 contra

2020 1372 2328 1436 veritatem,
2360 1380 2415 1425 et
2442 1378 2630 1424 contra
2659 1384 2760 1424 nos
2794 1377 2876 1423 est
2909 1368 3230 1424 Eunomius.
3262 1366 3430 1422 Nobis
3465 1381 3593 1421 vero

2025 1464 2223 1519 licebat
2262 1478 2326 1517 ex
2358 1462 2474 1533 lege
2520 1460 2712 1524 veteri,
2743 1476 2865 1529 qum
2899 1460 3151 1515 concedit
3192 1459 3343 1529 paria
3391 1457 3594 1512 referre

2026 1552 2366 1615 auctoribus,
2420 1549 2633 1620 egregie
2689 1551 2867 1619 ipsum
2911 1548 3178 1603 conviciis
3226 1562 3461 1602 onerare
3492 1564 3506 1601 :
3540 1556 3595 1601 et

2025 1645 2198 1701 multa
2230 1642 2413 1714 quiete
2458 1657 2522 1697 ac
2567 1641 2885 1707 securitate,
2931 1655 3095 1710 quam
3148 1639 3377 1694 moleste
3411 1637 3594 1700 ferret,

348 1736 454 1797 τοῖς
483 1733 735 1797 όνείδεσι,
768 1737 862 1788 καὶ
887 1738 944 1789 ὲν
968 1734 1135 1807 πολλῇ
1165 1738 1231 1807 τῇ
1262 1736 1514 1810 ῥαστώνῃ
1548 1736 1684 1810 πρὸς
1713 1737 1804 1793 τὸν
1839 1738 1924 1791 λε-

2035 1734 2333 1789 maledictis
2385 1742 2439 1787 et
2472 1731 2879 1787 scommatibus
2910 1729 3204 1800 jaciendis,
3258 1727 3503 1783 studiose
3543 1733 3596 1779 ct

349 1825 630 1895 λυπηκότα
672 1824 965 1897 φιλοτίμως
999 1825 1118 1887 ταῖς
1138 1823 1422 1895 λοιδορίαις
1443 1823 1884 1897 ἐνδαψιλεύεσθαι
1908 1849 1921 1862 ·

353 1919 400 1971 εἰ
427 1918 535 1987 γαρ
563 1916 834 1971 τοσούτων
878 1920 1080 1977 ἐκεῖνος
1109 1923 1189 1983 εἰς
1228 1919 1386 1992 ὖόριν
1433 1921 1528 1976 καὶ
1554 1922 1817 1995 λοιδορίαν
1847 1924 1929 1976 εύ-

356 2010 556 2081 ττόρησε
625 2008 769 2063 κατά
808 2010 904 2063 τοῦ
949 2010 1216 2082 μηδεμίαν
1264 2013 1470 2068 εἴσοδον
1511 2014 1799 2078 δεδωκότος
1851 2014 1928 2085 τῷ

357 2098 549 2171 μώμῳ,
595 2098 795 2160 πόσους
818 2098 966 2163 είκός
1001 2100 1287 2172 εὑρεθῆναι
1304 2101 1578 2167 τοιούτους
1601 2103 1789 2173 λόγους
1817 2105 1929 2166 τοῖς

356 2191 443 2245 τὸν
471 2189 670 2261 σεμνὸν
714 2190 878 2244 αὐτοῦ
930 2190 1342 2266 διακωμιιῶοὼι
1392 2194 1534 2267 βίονς
1567 2194 1705 2249 Ἀλλ’
1744 2194 1931 2266 ἐπειδὴ

358 2281 434 2353 τῷ
466 2280 788 2352 Εύαγγελὶῳ
806 2281 1130 2352 μαθητεύειν
1152 2286 1256 2337 ὑπὸ
1275 2285 1517 2355 μαθητοῦ
1555 2288 1653 2357 τῆς
1675 2286 1931 2359 ἀληθείας

361 2372 418 2440 ἐξ
452 2372 629 2444 ἀρχῆς
654 2370 1074 2443 ἐπαιδεύθημεν,
1103 2375 1226 2426 οὕτε
1254 2373 1530 2447 ὀφθαλμὸν
1570 2376 1934 2431 ἀντεκκόπτο-

365 2479 479 2533 μεν.
545 2463 673 2516 οὔτε
729 2461 915 2516 ὀδόντα
951 2462 1160 2529 ὀδόντος
1204 2465 1704 2538 ἀνταλλασσόμεθα,
1732 2467 1933 2531 εἰδότες

361 2557 441 2608 ὃτι
467 2554 534 2608 τα
565 2554 780 2624 πονηρὶ
817 2554 924 2607 τῶν
949 2554 1251 2626 γινομένων
1285 2558 1398 2621 τοῖς
1429 2556 1691 2621 ἐναντίοις
1714 2557 1935 2613 λύεσθαι

364 2644 593 2715 dannt?
627 2647 722 2700 καὶ
741 2646 840 2700 ούκ
863 2647 929 2703 ἀν
950 2665 1003 2701 τι
1025 2647 1133 2701 τῶν
1154 2648 1336 2714 κακῶς
1356 2648 1659 2722 λεγομένων
1706 2650 1740 2721 ἢ
1768 2667 1938 2722 πρατο

363 2738 602 2807 τομένων
632 2737 709 2800 εί,
759 2736 816 2790 τὸ
857 2737 1153 2809 ἀνήκεστον
1184 2741 1610 2812 προχωρήσειεν,
1652 2740 1704 2795 εῖ
1741 2757 1792 2794 τι
1833 2740 1941 2793 τῶν

366 2828 745 2901 χρηστοτέρων
773 2828 863 2883 διὰ
898 2830 1062 2901 μέσου
1089 2833 1463 2903 παρεμπεσὸν,
1492 2832 1553 2886 τὸ
1592 2832 1810 2904 συνεχὲς
1841 2832 1942 2902 τῆς

367 2921 472 2973 τῶν
503 2921 691 2975 κακῶν
723 2919 1038 2987 ἀκολουθίας
1074 2921 1388 2993 ἐκκόψειεν·
1417 2923 1613 2978 οὒκοῦν
1637 2926 1671 2996 ἡ
1708 2923 1803 2978 τοῦ
1835 2924 1944 2978 λοι-

364 3010 657 3080 δορεῖσθαι.
685 3010 782 3063 καὶ
822 3008 1060 3083 ὐδρίζειν
1089 3009 1405 3078 ἀκολουθία,
1445 3010 1534 3065 διὰ
1561 3010 1941 3083 μακροθυμίας

368 3102 578 3155 εσταται
606 3104 707 3172 τῆς
736 3103 828 3156 ἐπὶ
848 3101 916 3156 τά
941 3102 1130 3173 πρόσω
1151 3103 1320 3173 φορᾶς
1344 3120 1357 3133 ’
1389 3102 1466 3168 ὡς
1497 3104 1549 3158 ετ
1573 3103 1638 3174 γέ
1668 3121 1751 3169 τις
1786 3103 1940 3177 ὕϐρει

365 3193 463 3263 τὴν
505 3193 686 3266 ὓϐριν,
752 3194 848 3247 καὶ
906 3193 1141 3266 λοιδορία
1199 3195 1299 3267 τὴν
1347 3194 1608 3266 λοιδορίαν
1664 3195 1941 3266 ἀμύνοιτο,

371 3285 653 3340 πλεονάσει
682 3286 896 3350 παντως
916 3285 1131 3359 τρέφων
1152 3286 1241 3341 διὰ
1275 3285 1382 3342 τῶν
1402 3287 1603 3358 ὁμοίων
1635 3286 1697 3341 τὺ
1722 3287 1941 3343 ἄτοπον.

2026 1833 2282 1881 accurate
2332 1837 2551 1895 operam
2591 1821 2939 1892 impendere;
3000 1822 3049 1877 si
3101 1821 3248 1879 enim
3292 1819 3410 1891 ipse
3461 1817 3599 1874 adeo

2027 1918 2292 1974 conviciis
2338 1926 2392 1972 et
2438 1915 2920 1971 criminationibus
2969 1914 3268 1969 abundavit
3336 1913 3599 1968 adversus

2028 2010 2201 2074 illum,
2227 2010 2320 2079 qui
2352 2005 2667 2078 bujnsmodi
2702 2006 2968 2061 conviciis
2998 2004 3204 2059 nullam
3253 2005 3598 2059 occasionem

2030 2101 2212 2157 dedit:
2250 2115 2413 2172 quam
2460 2099 2681 2154 uberem
2721 2107 2778 2153 ct
2823 2096 3117 2168 benignam
3168 2094 3441 2151 inveniret
3476 2092 3603 2165 quis

2032 2195 2336 2256 materiam,
2366 2191 2414 2247 si
2442 2192 2530 2246 cui
2554 2190 2774 2246 animus
2808 2195 2976 2252 esset,
3011 2201 3232 2259 gravem
3255 2186 3470 2241 scilicet
3499 2184 3607 2239 Eu-

2033 2284 2201 2340 nomii
2233 2284 2400 2339 vitam
2442 2281 2734 2343 irridendi,
2777 2288 2832 2336 et
2866 2278 3105 2333 ludibrio
3133 2275 3464 2349 exponendi!
3501 2271 3605 2330 Ve-

2035 2389 2156 2430 rum
2190 2390 2313 2431 cum
2341 2375 2411 2429 ab
2441 2373 2602 2429 initio
2630 2387 2661 2426 a
2692 2371 2966 2441 discipulo
2991 2368 3239 2425 veritatis
3275 2369 3331 2424 in
3360 2368 3608 2437 Evange—
3646 2351 3670 2377 ’

2037 2467 2157 2524 licis
2186 2466 2474 2538 praeceptis
2513 2463 2769 2521 instructi
2806 2462 2983 2518 simus
3012 2480 3025 2517 :
3062 2460 3284 2516 oculum
3316 2474 3416 2530 pro
3446 2458 3608 2515 oculo

2039 2574 2215 2631 neque
2249 2556 2645 2622 exscindimus,
2685 2571 2866 2628 neque
2889 2554 3113 2612 dentem
3140 2569 3238 2623 pro
3258 2552 3421 2608 dente
3453 2566 3608 2607 com-

2040 2654 2349 2709 mutamus’
2388 2669 2402 2707 :
2436 2651 2606 2722 probe
2637 2657 2980 2722 compertum
3013 2648 3280 2705 habentes
3324 2643 3610 2701 maledicta

2041 2752 2096 2800 et
2136 2743 2276 2799 facta
2307 2744 2603 2800 contrariis
2641 2755 2997 2807 evanescere,
3031 2750 3087 2797 et
3117 2740 3342 2796 interire
3384 2738 3562 2794 solere
3592 2755 3607 2790 :

2044 2852 2220 2909 neque
2256 2852 2498 2908 unquam
2540 2838 2682 2895 male
2700 2837 2851 2895 dicta
2892 2841 2987 2890 aut
3038 2832 3180 2890 facta
3228 2831 3284 2889 in
3328 2829 3603 2885 inﬁnitum

2046 2926 2423 2998 procederent,
2472 2925 2518 2981 si
2563 2923 2700 2995 quid
2755 2939 2939 2980 rerum
2996 2922 3285 2979 meliorum
3321 2917 3613 2989 interposi~

1992 3068 2009 3087 ,
2048 3023 2188 3080 tum,
2215 3027 2529 3086 perpetuam
2565 3015 2712 3069 illam
2742 3014 3012 3070 malorum
3041 3012 3264 3076 seriem,
3292 3019 3347 3066 et
3369 3018 3614 3065 tenorem

2050 3122 2340 3177 perennem
2385 3106 2849 3176 interrumperet:
2879 3104 3006 3175 quia
3047 3098 3379 3158 criminandi
3428 3105 3486 3152 et
3519 3110 3615 3150 ca-
3702 3143 3708 3149 .

2052 3197 2354 3253 lumniandi
2387 3198 2600 3268 primus
2636 3196 2875 3266 impetus
2900 3208 3060 3265 (equo
3085 3201 3141 3249 et
3164 3190 3392 3263 patienti
3434 3184 3617 3241 animo

2055 3290 2288 3354 sistitur,
2327 3306 2396 3346 ne
2430 3288 2640 3345 feratur
2671 3289 2939 3356 ulterius;
2983 3300 3155 3358 quare
3182 3284 3229 3340 si
3260 3283 3384 3354 quis
3419 3276 3617 3348 injuria

372 3383 649 3455 iniuriam,
699 3391 755 3436 et
807 3383 1114 3437 convicium
1166 3385 1413 3439 convicio
1463 3385 1651 3439 ulcisci
1701 3386 1849 3448 velit,
1894 3386 1946 3439 iu
1987 3387 2315 3444 immensum
2363 3387 2579 3442 tandem
2620 3393 2905 3442 excrescet
2930 3397 3149 3454 semper
3212 3379 3385 3449 magis
3455 3383 3621 3444 atquc

372 3478 542 3549 magis
583 3481 839 3530 roborata
874 3476 1214 3547 improbitas.

440 3575 537 3628 Διά
558 3573 718 3629 τοῦτο
750 3575 925 3629 πάντα
946 3573 1037 3627 τὸν
1067 3570 1224 3641 ἐντῷ
1255 3570 1404 3642 μέσῳ
1434 3568 1592 3638 λόγον
1617 3569 1951 3635 καταλιπὼν,

374 3665 528 3737 ὕϐριν
558 3667 713 3727 δντα.
742 3667 833 3720 καὶ
855 3665 1180 3736 χλευασμὸν,
1206 3664 1301 3717 καὶ
1330 3660 1616 3733 λοιδορίαν,
1643 3662 1737 3714 καὶ
1767 3657 1954 3731 σκώμ-

378 3771 539 3824 ματα,
560 3755 700 3827 πρὸς
717 3754 816 3825 τὴν
844 3752 941 3808 τοῦ
960 3754 1228 3825 δόγματος
1251 3752 1499 3818 ἐξέτασιν
1529 3748 1838 3816 κατεπείξω
1864 3750 1956 3803 τὸν

374 3846 547 3914 λόγον.
603 3846 667 3899 Εἰ
715 3844 773 3898 δέ.
822 3862 908 3908 τις
970 3842 1351 3916 παραιτεῖσθαί
1399 3842 1563 3914 με’τδ
1607 3840 1864 3914 λοιδορεῖν
1889 3839 1956 3893 δι’

377 3936 630 4007 ἀπειρίαν
674 3936 783 3990 τῶν
824 3937 1025 4009 ὁμοίων
1067 3936 1386 3991 ἀντιδόσεων
1440 3935 1608 4004 λέγοι,
1662 3931 1952 4004 σκεψάσθω

375 4028 566 4084 ἑαυτόν
591 4044 605 4058 ⁸
628 4029 728 4099 ὅση
758 4029 892 4100 πρὸς
915 4029 977 4082 τὸ
994 4030 1171 4101 χεῖρόν
1206 4029 1403 4099 ἐστινὴ
1429 4025 1649 4081 εύκολία
1672 4026 1797 4096 δίχα
1808 4025 1953 4089 τινὸς

378 4117 757 4188 πραγματείας
782 4118 1102 4190 αὐτομάτως
1131 4118 1267 4191 πρὸς
1305 4118 1402 4190 τὴν
1430 4118 1702 4190 ἁμαρτίαν
1736 4116 1953 4171 κατολιυ

2121 3566 2388 3634 Quocirca
2446 3566 2515 3619 ad
2562 3579 2788 3620 examen
2842 3572 2898 3620 et
2946 3560 3390 3634 disquisitionem
3447 3557 3621 3628 ipsius

2051 3658 2321 3729 dogmatis
2353 3655 2625 3712 festinabo
2668 3655 2948 3722 omnibus,
2967 3669 3088 3724 quin
3115 3652 3170 3708 in
3201 3652 3381 3706 medio
3418 3648 3620 3705 oratio-

2054 3751 2139 3807 nis
2173 3765 2339 3805 cursu
2368 3748 2605 3814 infercit,
2628 3747 2942 3819 praeteritis,
2969 3761 3096 3801 cum
3123 3744 3260 3799 nihil
3289 3741 3436 3796 aliud
3473 3756 3620 3797 com-

2054 3839 2382 3912 plectantur,
2415 3853 2574 3909 quam
2603 3838 2880 3907 injuriam,
2916 3834 3253 3893 irrisionem,
3290 3828 3621 3893 convicium,

2055 3942 2110 3988 et
2156 3940 2476 3989 scommata.
2511 3929 2568 3986 Si
2602 3932 2726 4001 quis
2763 3935 2919 4000 putat
2957 3941 3043 3981 me
3073 3920 3417 3978 conviciandi
3458 3920 3621 3990 palae-

2057 4035 2226 4079 stram
2279 4020 2697 4092 subterfugere,
2753 4015 2898 4087 quod
2949 4030 3045 4085 par
3089 4012 3205 4084 pari
3264 4008 3469 4065 referre
3528 4024 3622 4063 ne-

2059 4117 2228 4172 sciam
2262 4133 2276 4170 :
2312 4116 2358 4170 is
2387 4111 2699 4168 consideret
2748 4108 2989 4176 seipsum
3027 4105 3209 4171 velim,
3236 4107 3437 4174 quanta
3476 4100 3625 4155 vide-

379 4208 688 4264 σθαίνουσα.
725 4209 799 4262 Τὸ
823 4210 932 4281 γὰρ
970 4210 1215 4280 γίνεσθαι
1242 4211 1431 4270 κακὸν,
1459 4212 1518 4263 ὲν
1540 4208 1615 4280 τῷ
1634 4208 1933 4281 προελέσθα

2060 4208 2186 4262 licet
2230 4205 2298 4263 ad
2352 4204 2555 4258 malum
2604 4201 2678 4257 sit
2726 4197 2979 4261 facilitas,
3032 4210 3152 4267 quae
3196 4201 3390 4264 sponte
3430 4207 3528 4248 sua
3574 4199 3627 4247 et

380 4299 539 4367 μόνον
560 4301 869 4361 ἀπόκειται,
894 4280 989 4352 καί⁸
1010 4300 1212 4372 ηρκεσε
1241 4298 1497 4363 πολλάκις
1519 4300 1655 4369 πρὸς
1680 4280 1934 4352 τελείωσιε

2063 4298 2269 4368 absque
2295 4296 2405 4349 ullo
2438 4293 2696 4363 magistro
2731 4289 2797 4345 ad
2827 4297 3109 4360 peccatum
3148 4287 3444 4343 delabitur.
3491 4280 3626 4339 Nam

380 4392 575 4452 κακίας
621 4390 655 4460 ὴ
696 4388 982 4460 βούλησις·
1050 4390 1184 4443 πολὺ
1234 4389 1290 4442 δὲ
1344 4389 1503 4443 πλέον
1542 4389 1605 4443 τὸ
1652 4386 1872 4442 εὔκολον
1901 4390 1934 4441 ὲπ

2064 4396 2122 4442 ut
2156 4385 2281 4456 quis
2312 4383 2488 4439 malus
2525 4383 2639 4447 ﬁat,
2680 4381 2735 4437 in
2784 4381 2898 4437 sola
2929 4378 3197 4436 electione
3234 4376 3529 4432 voluntatis
3555 4374 3629 4430 si-

380 4483 488 4544 τοῖς
514 4480 657 4535 κατά
682 4482 781 4552 τὴν
810 4481 1059 4551 γλῶσσάν
1092 4483 1205 4534 ἐστι
1256 4481 1709 4553 πλημμελήμασι.
1738 4479 1819 4533 Τὰ
1858 4479 1934 4551 μὲί

2064 4490 2177 4535 tum
2208 4487 2312 4543 est,
2347 4478 2457 4532 imo
2496 4490 2640 4547 saepe
2670 4473 2737 4529 ad
2768 4473 2969 4528 malum
3003 4469 3497 4527 consummandum
3521 4466 3633 4522 suf-

380 4571 487 4642 γὰρ
509 4569 679 4625 λοιπά
728 4570 837 4624 τῶν
871 4572 1307 4643 ἁμαρτημάτων.
1337 4570 1429 4623 καὶ
1461 4570 1675 4642 χρόνου,
1707 4569 1800 4621 καί
1819 4584 1932 4638 πρα

2068 4573 2177 4627 ficit
2210 4571 2482 4626 voluntas.
2530 4568 2599 4622 At
2644 4570 2804 4639 longe
2844 4565 3018 4635 major
3046 4570 3271 4634 apparet
3309 4558 3546 4613 facilitas
3575 4558 3630 4611 in

384 4662 632 4730 γμάτων,
672 4661 768 4715 καὶ
802 4662 901 4733 τῆς
957 4661 1153 4728 ἔξωθεν
1175 4660 1461 4731 συνεργίας
1501 4661 1579 4723 είς
1620 4659 1681 4713 τὸ
1710 4658 1934 4727 γενέσθα

2064 4665 2215 4722 vitiis
2248 4665 2462 4734 linguae.
2505 4659 2732 4731 Reliqua
2774 4658 2920 4713 enim
2968 4663 3187 4727 peccata
3228 4662 3285 4708 ut
3316 4658 3634 4722 perpetretu-

386 4754 702 4823 προσδίεται
729 4768 748 4785 υ
779 4754 813 4824 ἠ
837 4753 895 4807 δὲ
917 4752 1011 4807 τοῦ
1039 4753 1196 4823 λόγου
1228 4754 1530 4825 πρόσφυσις
1567 4752 1688 4806 κατ’
1715 4750 1930 4817 ἐξουσία

2069 4769 2179 4821 tur,
2222 4770 2364 4825 srepe
2408 4752 2651 4823 indigi-nt
2680 4758 2923 4820 tempore
2954 4763 3017 4802 ac
3068 4745 3273 4810 labore,
3308 4752 3361 4799 et
3403 4741 3632 4797 aliorum

388 4844 495 4914 ῐχεί
546 4846 611 4899 τὸ
657 4844 1018 4917 πλημμελεῖν,
1074 4843 1372 4910 Ἀπόδειξις
1407 4845 1464 4899 δὲ
1510 4845 1618 4899 τῶν
1657 4845 1963 4917 λεγομένων

391 4936 545 4999 αύτδς
564 4938 594 4989 ό
627 4940 686 4990 ὲν
710 4936 899 5006 χερσὶν
938 4934 1091 5007 ἡμῶν
1122 4938 1215 4990 τοῦ
1246 4938 1508 5009 Εύνομίου
1536 4938 1714 5006 λόγος,
1746 4937 1804 4990 ὃν
1825 4938 1853 4990 ό
1886 4936 1962 5009 μὴ

392 5028 681 5099 παρέργως
736 5031 1098 5099 κατανοήσας,
1132 5030 1351 5101 εὑρήσει
1383 5029 1442 5083 τὸ
1482 5031 1744 5093 κάταντες
1775 5029 1872 5100 τῆς
1903 5031 1960 5083 ὲν

395 5121 496 5179 ταῖς
511 5121 752 5190 ῥήμασιν
780 5118 1073 5191 ἁμαρτίας,
1095 5121 1161 5191 ἦν
1186 5121 1466 5191 μιμεῖσθαι
1489 5123 1703 5185 παντως
1742 5121 1849 5176 τῶν
1871 5121 1962 5174 εύ-

2067 4847 2230 4901 ctiam
2263 4844 2487 4900 auxilio.
2525 4842 2631 4897 Sed
2682 4841 2799 4897 oris
2845 4846 2902 4896 et
2953 4838 3151 4909 linguae
3192 4845 3389 4892 natura
3416 4848 3634 4905 semper

2067 4938 2225 5009 quasi
2266 4937 2411 4992 domi
2455 4933 2617 4989 liabet
2648 4929 2908 5004 peccandi
2944 4924 3276 4985 facultatem.
3295 4923 3428 4994 Qum
3451 4923 3633 4981 omnia

2065 5029 2371 5091 continuat,
2413 5024 2502 5080 ille
2549 5024 2685 5093 ipse,
2715 5037 2877 5091 quem
2904 5035 3013 5091 pra:
3061 5019 3314 5072 manibus
3347 5016 3631 5075 habemus.

2062 5119 2313 5175 Eunomii
2360 5117 2534 5182 liber,
2577 5116 2630 5170 in
2665 5129 2797 5185 quo.
2848 5110 2942 5181 qui
2994 5126 3118 5163 cum
3167 5125 3274 5162 non
3320 5107 3497 5162 obiter
3550 5106 3635 5159 in-

397 5211 721 5281 πορωτάτινν
747 5211 865 5265 ἐστί
891 5228 904 5241 ⁸
926 5211 1030 5265 κᾶν
1060 5212 1335 5276 παντελῶς
1368 5229 1451 5275 τις
1477 5214 1821 5285 ἀμελετήτως
1853 5212 1934 5284 ἔχε

2064 5210 2321 5284 spcxerit,
2354 5209 2502 5265 clare
2545 5200 2939 5277 deprehendet,
2973 5209 3174 5271 quanta
3208 5198 3280 5251 sit
3322 5193 3637 5268 proclivitas

397 5304 489 5371 τῆς
506 5301 599 5355 τοῦ
629 5302 972 5373 βλασφημεῖν
1022 5304 1333 5374 ἐμπειρίας.
1386 5303 1453 5356 Τί
1492 5306 1600 5375 γὰρ
1630 5304 1713 5358 δεῖ
1742 5304 1934 5374 κάμνει

2066 5314 2118 5359 et
2151 5302 2385 5357 facilitas
2414 5300 2468 5354 in
2500 5298 2564 5352 iis
2601 5294 2866 5367 peccatis,
2905 5308 3025 5362 qua:
3061 5290 3244 5360 lingua
3286 5286 3636 5343 committun-

399 5392 883 5463 όνόματοποιούντα
913 5393 1011 5457 τὰς
1033 5393 1237 5464 ὕϐρεις,
1260 5395 1376 5462 ἐξὸν
1395 5397 1505 5458 τοῖς
1528 5395 1768 5467 ῥηθεῖσιν
1789 5398 1934 5451 αὐτοὶ

2070 5403 2177 5457 tur,
2202 5408 2363 5463 quam
2397 5388 2619 5452 imitari,
2644 5402 2731 5441 res
2762 5392 2845 5440 est
2875 5380 3118 5438 omnium
3158 5378 3441 5443 facillima,
3471 5376 3636 5431 etiam

401 5484 486 5536 ἰπὶ
523 5484 615 5537 τὸν
668 5484 967 5554 ὑϐρίσαντα
1019 5488 1358 5561 χρήσασθαις
1397 5491 1582 5544 Πάντα
1637 5491 1744 5563 γάρ
1797 5492 1853 5542 ἐν
1898 5507 1934 5542 τη

2080 5487 2123 5539 si
2153 5489 2273 5555 quis
2306 5485 2358 5538 iu
2393 5478 2748 5537 maledicendi
2779 5485 2895 5531 arte
2922 5475 3146 5530 minimc
3179 5474 3250 5529 sit
3276 5471 3636 5528 exercitatus.

469 5661 489 5691 ⁹
528 5658 714 5717 llattb.
751 5676 803 5721 γ,
831 5660 898 5713 58
937 5676 1057 5730 sqq.
