4008 6210
457 220 526 276 73
1667 214 1722 269 S.
1762 210 2090 270 GREGORII
2129 208 2424 268 NYSSENI

3582 207 3682 265 280

416 335 560 402 Quid
586 334 734 391 enim
760 333 971 392 laboret
998 333 1124 405 quis
1160 332 1213 387 in
1246 332 1594 388 inveniendis
1623 333 1994 387 conviciorum

2115 331 2361 402 ,ιέμψεως
2413 330 2582 401 τούτῳ
2628 329 2723 383 τοῦ
2771 330 2929 398 λόγου
3002 330 3193 401 ψευδῆ,
3252 329 3345 383 καὶ¹
3394 328 3690 401 βλάσφημα.

415 426 757 492 nominibus,
807 442 931 481 cum
969 427 1059 479 illa
1110 426 1251 496 ipsa,
1284 425 1488 494 quibus
1532 426 1653 496 ipse
1706 440 1839 480 usus
1885 432 1994 487 est,

415 534 670 591 regerere
701 520 863 573 liceat
910 516 1457 584 in'conviciatorem,
1494 517 1589 588 qui
1620 516 1801 572 omnia
1836 516 2001 571 male-

414 611 717 674 dictorum,
757 616 814 665 et
855 608 1257 663 calumniarum
1295 623 1497 681 genera
1541 609 1596 663 in
1653 609 1799 663 hunc
1839 624 1999 663 suum

415 701 614 756 librum
667 698 1082 771 comportavit?
1126 716 1303 771 neque
1345 701 1650 772 quidquam
1707 701 2005 755 calumnia-

417 809 537 846 rum
583 795 875 862 repereris,
917 791 1065 862 quod
1112 808 1220 845 nou
1267 793 1354 847 his
1403 795 1520 847 suis
1555 792 1768 846 chartis
1810 791 2002 846 illcve-

419 888 486 939 tit
525 904 540 935 :
588 882 765 949 ναίον,
804 883 1004 952 inquit,
1040 893 1116 936 est
1146 882 1407 948 Basilius,
1453 884 1829 945 contentiosus,
1872 881 2007 935 veri-

418 979 544 1031 tatis
585 977 1047 1043 hostis,sophista,
1085 976 1373 1044 impostor;
1398 975 1699 1027 contrarius
1742 974 2008 1028 comntuni

418 1071 690 1123 hominum
731 1070 964 1135 opinioni
1026 1077 1074 1121 et
1106 1067 1513 1128 existimationi,
1545 1066 1634 1135 qui
1680 1065 2008 1133 redargutio-

419 1177 536 1215 nem
569 1176 634 1214 ea:
665 1160 816 1214 rebus
848 1160 977 1228 ipsis
1020 1161 1238 1227 petitam
1287 1158 1441 1211 nihili
1470 1158 1669 1225 pendit,
1719 1159 1809 1227 qui
1850 1172 2010 1226 neque

423 1252 597 1324 legum
643 1255 888 1306 timorem
931 1252 1106 1315 habet,
1147 1267 1311 1320 neque
1350 1250 1803 1320 reprehensionem
1836 1250 2008 1304 homi-

424 1363 551 1400 num
582 1355 883 1410 reveretur;
911 1346 1184 1414 imperitus
1223 1344 1522 1397 discernere
1554 1344 1829 1397 veritatem
1856 1360 1887 1396 a
1920 1359 2009 1396 va-

425 1439 578 1508 fritie
609 1446 660 1491 et
690 1436 1012 1491 calliditate.
1047 1435 1144 1491 llis
1172 1436 1399 1505 insuper
1428 1435 1581 1489 addit
1606 1434 2009 1503 impudentiam,

428 1539 483 1584 et
510 1530 578 1581 ad
620 1528 919 1583 calumnias
964 1528 1463 1599 promptitudinem.
1523 1525 1697 1580 Vocat
1752 1536 2013 1597 prietcrea

424 1619 719 1687 socordem,
755 1622 1069 1693 plenumque
1096 1621 1454 1691 pugnantibus
1478 1619 1890 1690 suspicionibus,
1920 1622 2012 1689 qui

2101 425 2237 497 πρὸς
2253 424 2322 478 τὰ
2337 427 2394 477 ἐν
2418 424 2567 495 αὐτῷ
2590 424 3010 495 παραδείγματα
3043 423 3519 495 συμπεπλασμένα
3544 423 3690 496 διερ-

2105 513 2415 585 ραψῴδησεο
2454 519 2551 571 καὶ
2574 514 2674 568 οὐκ
2726 513 2875 568 ἔστιν
2901 515 2996 569 ὅτι
3024 515 3123 568 οὐκ
3161 515 3534 586 ἐγγέγραπται
3581 516 3688 569 τῶν

2103 605 2338 660 ἀτόπων.
2358 608 2580 672 Δεινός,
2599 605 2784 677 φησιν,
2807 605 3127 674 ἐριστικός,
3155 606 3440 673 ἀληθείας
3454 606 3687 676 ἐχθρὸς,

2104 695 2424 766 σοφιστὴς,
2457 695 2752 760 ἀπατεὼν,
2780 696 2912 760 ταῖς
2937 695 3053 750 τῶν
3078 696 3325 751 πολλῶν
3343 697 3549 764 δόξαις
3589 698 3689 752 καὶ

2099 790 2364 861 μνήμαις
2404 790 2916 859 ἀντιταττόμενος,
2951 790 3057 843 τὸν
3083 790 3152 844 ἐκ
3183 790 3298 844 τῶν
3336 791 3694 860 πραγμάτων

2105 886 2217 937 οὐκ
2250 882 2689 951 αἰσχυνόμενος
2715 882 2988 951 ἔλεγχον,
3031 884 3103 935 οὐ
3136 882 3324 950 φόϐον
3351 882 3457 934 τὸν
3476 881 3542 935 ἑκ
3572 880 3695 934 τῶν

2106 977 2325 1044 νόμων,
2359 975 2430 1029 οὺ
2453 976 2649 1045 ψόγον
2668 973 2776 1028 τὸν
2800 973 2869 1039 ἐξ
2895 973 3689 1043 ἀνθρώπωνεὺλαδούμενος,

2108 1067 2395 1135 ἀλήθειαν
2416 1067 2758 1135 δεινότητος
2780 1064 3106 1135 διακρίνειν
3135 1068 3246 1120 οὐκ
3272 1065 3671 1135 ἐπιστάμενος

2110 1159 2444 1232 Προστίθησι
2498 1157 2711 1221 τούτοις
2779 1157 2874 1211 καὶ
2934 1156 3261 1221 ἀναίδειαν,
3313 1154 3408 1208 καί
3441 1155 3591 1224 πρὸς
3625 1158 3693 1209 τὸ

2109 1250 2405 1319 λοιδορεῖν
2424 1250 2770 1319 ἑτοιμότητα
2790 1267 2803 1280 ·
2835 1245 2954 1302 εἶτα
3012 1245 3237 1317 ἐκμελῆ
3284 1262 3438 1316 φησι,
3464 1245 3557 1299 καὶ
3579 1262 3690 1316 μα-

2112 1343 2383 1414 χομένων
2420 1341 2721 1397 ὑπονοιῶν
2776 1340 2998 1409 πλήρη,
3048 1338 3146 1392 καὶ
3174 1337 3567 1407 ἀναρμόστων
3590 1336 3696 1389 τὸν

2110 1437 2298 1507 λόγον
2352 1433 2696 1505 ἁρμόζοντα,
2737 1434 2835 1486 καὶ
2869 1431 2999 1497 ταῖς
3031 1432 3207 1496 ἰδίαις
3251 1428 3480 1499 φωναῖς
3504 1429 3691 1498 μαχό-

2108 1546 2315 1599 μενον,
2356 1528 2453 1582 καὶ
2496 1527 2568 1581 τὰ
2611 1527 2854 1581 ἐναντία
2894 1523 3334 1595 φθεγγόμενον·
3370 1518 3695 1575 καὶπολλὰ

2114 1621 2304 1675 εἰπεῖν
2327 1621 2459 1688 περὶ
2492 1618 2679 1673 αὐτοῦ
2708 1618 2862 1672 κακὰ
2899 1615 3108 1681 θέλων,
3154 1612 3281 1669 εἶτα
3308 1612 3423 1681 τὴν
3453 1614 3698 1681 πικρίαν

424 1725 490 1763 ea:
549 1711 1035 1766 inconvenientibus
1094 1714 1389 1766 orationem
1440 1712 1732 1773 concinnet,
1785 1719 1834 1764 et
1886 1725 2003 1762 cum

2115 1712 2219 1780 τῆς
2241 1712 2450 1780 ψυχῆς
2475 1710 2783 1781 ἐμπλῆσαι
2805 1710 2875 1762 ἐν
2895 1707 2966 1776 τῇ
2994 1707 3300 1774 καινότητι
3326 1703 3446 1759 τῶν
3471 1705 3697 1773 ὕϐρεων

422 1804 653 1870 propriis
703 1804 817 1857 suis
865 1803 1023 1857 dictis
1079 1813 1325 1873 pugnet:
1379 1804 1584 1874 sibique
1638 1801 2002 1867 contradicat,

425 1896 616 1964 quique
664 1895 729 1949 de
773 1895 888 1963 ipso
930 1895 1101 1948 multa
1141 1894 1289 1947 mala
1340 1892 1513 1948 dicere
1544 1903 1795 1958 conetur;
1825 1903 2006 1963 postea

426 2004 545 2041 rera
582 1987 920 2041 acerbitatem
966 1987 1133 2041 animi
1185 1987 1415 2042 novitate
1449 1986 1770 2056 injuriarum
1804 1986 2008 2056 explere

427 2088 666 2149 nequeat.
705 2078 919 2133 Etcum
951 2079 1087 2133 nihil
1123 2079 1381 2149 amplius,
1413 2078 1562 2150 quod
1598 2078 1830 2144 eil‘utiat,
1877 2094 2008 2150 sup-

426 2171 582 2240 petit,
635 2171 702 2224 ad
754 2172 944 2226 eadem
1001 2171 1316 2237 revertitur,
1358 2179 1412 2224 et
1463 2171 1529 2225 ad
1584 2170 1657 2238 id,
1706 2170 1853 2242 quod
1891 2170 2002 2240 jam

427 2263 589 2328 dixit,
615 2262 773 2332 quasi
800 2263 857 2317 lu
888 2263 1077 2318 orbem
1101 2263 1476 2318 circumactus
1509 2262 1672 2327 redit,
1706 2262 2005 2333 eademque

428 2355 593 2408 tertio
650 2363 705 2409 et
759 2364 957 2425 quarto
1014 2364 1069 2410 et
1118 2355 1351 2425 sapius,
1429 2355 1589 2425 quasi
1656 2356 2003 2426 reciprocum

428 2442 719 2512 quemdam
748 2445 1148 2500 calumniarum
1171 2452 1225 2500 et
1252 2446 1623 2500 conviciorum
1657 2461 1879 2501 cursum
1911 2446 2006 2501 de-

428 2548 686 2599 currens,
732 2535 947 2605 repetit,
976 2542 1033 2590 et
1063 2534 1118 2588 in
1154 2549 1347 2589 omnes
1377 2543 1560 2605 partes
1588 2550 1770 2589 rerum
1808 2536 2005 2591 simili-

428 2625 625 2681 tudine
661 2641 724 2682 se
769 2626 1064 2692 convertit,
1099 2633 1161 2680 ut
1197 2625 1428 2696 proinde
1458 2641 1568 2680 non
1592 2627 1829 2698 amplius
1864 2626 2009 2682 indi-

431 2733 662 2789 gnemur
708 2719 886 2789 ipsius
937 2717 1243 2788 impudenti
1272 2716 1642 2772 calumniandi
1678 2718 1880 2782 studio,
1926 2719 2006 2772 ira

431 2810 836 2880 quodammodo
876 2817 1242 2865 evanescente
1267 2823 1363 2878 per
1404 2811 1710 2865 satietatem
1750 2818 1805 2865 et
1849 2810 2007 2865 fasti-

430 2903 582 2957 dium
634 2902 1053 2957 conviciorum.
1113 2899 1560 2957 Exsecrationem
1608 2903 1790 2972 potius
1842 2918 2005 2973 quam

2109 1806 2180 1858 οὺ
2208 1803 2570 1872 δυνάμενος·
2604 1801 2791 1872 ἐπειδὴ
2828 1802 2927 1854 οὐκ
2957 1796 3071 1871 ἔχει
3102 1800 3130 1852 ὃ
3151 1809 3204 1846 τι
3232 1798 3326 1852 καὶ
3367 1798 3531 1860 εῖποι,
3567 1795 3697 1849 πολι

2107 1897 2265 1959 λάκις
2322 1896 2413 1949 ἐπὶ
2446 1895 2516 1949 τὰ
2568 1892 2708 1949 αὐτά
2736 1893 3132 1962 ἐπανέρχεται·
3178 1889 3276 1944 καὶ
3306 1889 3451 1955 ἅπαξ
3490 1887 3692 1949 εἰπὼν,

2110 1988 2476 2045 ὲπανακυκλοῖ
2503 1988 2665 2041 πάλιν
2687 1988 2780 2041 καὶ
2805 1990 2868 2041 ἐκ
2894 1986 3076 2056 τρίτου
3105 1983 3172 2038 τὰ
3200 1980 3362 2044 αὐτὰ,
3391 1982 3484 2034 καὶ
3508 1983 3573 2035 ὲκ
3603 1998 3694 2034 τε-

2109 2082 2308 2152 τάρτου
2324 2097 2339 2113 ο
2371 2081 2466 2134 καὶ
2484 2080 2622 2151 ὑπὲρ
2653 2080 2828 2145 τοῦτο,
2851 2078 3040 2147 ὥσπερ
3064 2078 3189 2132 τινὰ
3210 2077 3425 2130 δίαυλον
3446 2076 3694 2147 ἀνακάμ-

2113 2188 2263 2223 πτων
2287 2168 2365 2241 τῷ
2400 2169 2564 2239 λόγῳ,
2601 2169 2689 2223 διὰ
2719 2169 2826 2223 τῶν
2849 2167 3026 2221 αὐτῶν
3061 2167 3291 2239 ὕϐρεων,
3322 2168 3414 2221 καὶ
3446 2169 3545 2238 τῆς
3583 2167 3694 2220 λοι-

2111 2261 2295 2333 δορίας
2350 2262 2703 2334 ληρημάτων,
2762 2264 2873 2318 ἄνω
2922 2261 3019 2315 καὶ
3058 2260 3208 2313 κάτω
3248 2260 3336 2314 διὰ
3364 2260 3472 2314 τῶν
3496 2261 3697 2331 ὁμοίων

2112 2353 2434 2425 περιχωρῶν
2453 2370 2465 2383 ·
2490 2353 2628 2407 ὦττε
2656 2354 2852 2425 μηκέτι
2874 2353 3216 2424 χαλεπαίνειν
3240 2352 3404 2406 αὑτοῦ
3431 2354 3497 2424 τῇ
3536 2353 3694 2406 ἀναι-

2114 2448 2337 2519 σχυντία
2368 2447 2477 2501 τῶν
2516 2447 2745 2518 ὕϐρεων.
2802 2448 2858 2499 ὲν
2887 2446 2965 2518 τῷ
3005 2448 3299 2518 προσκορεῖ
3339 2445 3445 2499 τῶν
3474 2436 3702 2514 λεγομέέ

2113 2558 2218 2593 νων
2248 2540 2339 2591 τὸν
2389 2538 2555 2610 θυμὸν
2587 2537 2945 2592 ὑπεκλύοντα.
2986 2538 3305 2603 Βδελύξαιτο
3337 2538 3401 2591 ἄν
3428 2555 3509 2599 τις
3547 2537 3695 2607 μᾶλ-

2112 2630 2224 2696 λον,
2256 2629 2287 2700 ἢ
2315 2632 2393 2693 είς
2423 2630 2591 2702 ὀργὴν
2626 2629 2769 2683 ἔλθοι
2793 2647 2806 2660 ·
2838 2629 3010 2693 οὕτως
3045 2612 3447 2701 ἀνδραποδώδη,
3480 2629 3574 2681 καὶ
3599 2645 3697 2697 χα-

2116 2722 2279 2794 ρίτων
2313 2721 2536 2793 ἄμοιρα,
2592 2722 2686 2774 καὶ
2718 2721 2825 2775 ἀπὸ
2871 2723 2972 2790 τῆς
3017 2720 3230 2792 τριόδου
3260 2718 3328 2771 τὰ
3362 2716 3693 2789 σκώμματα,

2113 2813 2281 2884 γραός
2309 2830 2453 2876 τινος
2497 2811 3057 2882 διακωθωνιζομένης.
3094 2812 3189 2865 καὶ
3222 2812 3311 2865 ὑπ’
3340 2810 3527 2863 ὀδόντα
3560 2826 3694 2881 γρι-

2115 2905 2334 2975 ζούσης,
2360 2906 2468 2960 οὐδ’
2497 2905 2675 2960 ὁτιοῦν
2703 2905 3046 2976 διαφέροντα.

433 2997 573 3051 iram
599 2995 763 3049 alicui
794 2994 1083 3058 moverint,
1122 2993 1258 3048 adeo
1293 2993 1513 3048 servilia
1544 3000 1672 3048 sunt
1706 2995 1997 3065 omnisque
2037 2997 2240 3067 leporis
2278 2999 2546 3069 expertia,
2582 3006 2639 3054 et
2671 3015 2737 3054 ex
2778 2999 2941 3052 trivio
2973 3006 3189 3070 arrepta
3225 3003 3543 3060 scommata,
3563 2994 3696 3050 nihil

432 3100 464 3139 a
490 3087 686 3141 vetulae
714 3084 997 3141 frementis
1031 3086 1399 3157 dentibusque
1425 3086 1728 3142 frendentis
1767 3089 2251 3147 criminationibus
2286 3092 2680 3163 discrepantia.

505 3174 646 3240 Quid
682 3177 892 3247 igitur?
923 3177 1059 3234 Num
1094 3179 1308 3252 singula
1365 3181 1619 3250 persequi
1678 3191 1915 3251 oportet,
1952 3189 2006 3238 et

2181 3186 2245 3239 Ti
2278 3183 2402 3251 οὖν;
2443 3181 2590 3258 Ἀρα
2620 3185 2927 3251 ἐπεξελθεῖν
2954 3186 3033 3238 δεῖ
3069 3187 3178 3248 τοῖς
3212 3184 3571 3247 καθέκαστον,
3605 3182 3702 3235 καὶ

434 3268 617 3323 ninnia
653 3267 924 3337 injuriose
957 3276 1011 3324 et
1059 3271 1399 3326 calumniose
1442 3270 1587 3326 dicta
1622 3280 1878 3327 accurate
1926 3288 2015 3328 re-

437 3360 644 3424 fellere,
670 3365 724 3414 et
758 3360 1138 3416 demonstrare
1193 3362 1354 3416 talem
1387 3361 1811 3432 haudquaquam
1849 3363 2016 3419 fuisse

437 3456 614 3522 illum,
650 3456 704 3510 in
745 3472 906 3527 quem
945 3457 1060 3511 haec
1125 3457 1359 3512 conllcta
1390 3459 1565 3512 sunt?
1615 3460 1780 3529 Atqui
1830 3469 1883 3514 et
1918 3477 2017 3516 nos

438 3547 604 3604 simul
638 3547 839 3617 injuria
878 3547 1218 3604 abiceremus
1270 3549 1443 3615 illum,
1500 3553 1593 3619 qui
1648 3550 1783 3605 solis
1820 3551 2012 3616 instar,

440 3639 538 3693 toti
576 3639 782 3694 mundo
813 3642 982 3705 lucet,
1013 3641 1059 3695 si
1086 3655 1317 3710 operose
1375 3655 1703 3697 conaremur
1759 3644 2013 3713 probare,

451 3746 575 3784 eum
607 3747 715 3785 non
743 3730 913 3787 fuisse
948 3733 1253 3787 maleﬁcum
1321 3740 1375 3789 et
1427 3736 1774 3789 sceleratum.
1811 3735 2016 3791 Memor

436 3823 584 3877 enim
615 3837 734 3877 sum
771 3823 969 3878 divina:
1009 3824 1158 3881 illius
1200 3827 1373 3890 vocis,
1403 3841 1528 3880 cum
1564 3828 1879 3898 prophetice
1912 3829 2015 3899 ipsi

440 3915 531 3967 illa
565 3930 628 3970 ex
660 3915 946 3984 prophetia
972 3917 1436 3982 accommodaret,
1480 3918 1570 3971 ubi
1605 3919 1756 3972 illum
1812 3919 2015 3989 prosti-

439 4012 573 4061 tutae
615 4004 814 4061 frontis
843 4015 896 4060 et
928 4006 1207 4077 pudicitia:
1253 4010 1593 4065 mulierculis
1649 4011 1921 4064 assimilat
1948 4013 2013 4078 ¹⁰,

440 4112 564 4167 quae
598 4112 699 4153 sua
732 4097 861 4153 vitia
892 4108 945 4154 et
980 4100 1212 4154 crimina
1244 4101 1298 4155 in
1330 4112 1720 4171 temperantes,
1752 4105 2017 4175 bonaeque

439 4187 616 4260 frugis
644 4190 943 4246 transferre
979 4194 1177 4248 solent.
1228 4191 1365 4247 Nam
1398 4211 1558 4265 quem
1621 4196 1870 4252 veritatis
1919 4197 2020 4251 ho-

439 4291 575 4337 stem
604 4298 729 4337 esse
789 4282 1143 4338 deblaterat?
1198 4302 1359 4354 quem
1412 4288 1692 4342 communi
1733 4288 2015 4344 hominum

438 4374 835 4429 existimationi
879 4377 1330 4446 repugnantem?
1381 4376 1516 4442 Quis
1578 4387 1732 4448 rogat
1787 4382 2018 4437 lectores

439 4463 564 4517 libri
597 4464 703 4528 sui,
744 4474 802 4518 ut
853 4481 964 4520 non
998 4466 1299 4536 respiciant
1359 4470 1427 4521 ad
1486 4469 1891 4526 multitudinem
1931 4481 2015 4528 te-

2119 3278 2246 3348 περί
2278 3278 2491 3331 πάντων
2509 3277 2617 3330 τῶν
2643 3279 2726 3346 ἐφ’
2754 3276 2906 3349 ὕϐρει
2936 3277 3206 3349 ῥηθέντων
3235 3276 3535 3345 φιλοπόνως
3558 3275 3697 3328 ἀπο-

2116 3370 2446 3441 λογήσασθαι
2471 3386 2486 3401 ’
2518 3371 2599 3422 ὅτι
2628 3371 2728 3423 οὐκ
2760 3365 2828 3441 ἦν
2856 3368 3096 3432 τοιοῦτος
3124 3367 3245 3421 καθ’
3271 3361 3331 3422 οὗ
3356 3367 3527 3422 ταῦτα
3562 3384 3703 3438 συμ-

2119 3462 2455 3527 πέπλασταις
2503 3461 2641 3514 Ἀλλ’
2672 3460 2811 3514 οὕτω
2840 3462 2888 3528 γ’
2923 3459 2988 3513 ἀν
3018 3460 3111 3513 καὶ
3142 3461 3301 3531 ἡμεῖς
3334 3457 3702 3529 συγκαθυὸρί·

2118 3553 2229 3618 ζειν
2252 3553 2577 3627 δοκήσαιμεν
2612 3552 2704 3606 τὸν
2730 3552 2851 3606 ἀντὶ
2877 3552 3162 3623 φωστῆρος
3189 3553 3253 3621 τῇ
3284 3551 3449 3621 γενεᾷ
3475 3548 3700 3618 διαλάμ-

2116 3645 2313 3716 ψαντα,
2340 3645 2636 3716 ἀγαπητῶς
2658 3643 2718 3697 τὸ
2748 3643 2821 3714 μὴ
2844 3643 3171 3714 κακοῦργον,
3201 3641 3295 3696 καὶ
3317 3640 3707 3710 κατεγνωσμέ-

2118 3758 2208 3795 νον
2262 3735 2419 3804 εἶναι,
2468 3738 2558 3791 διὰ
2614 3737 2722 3791 τῶν
2783 3736 2957 3806 λόγων
3020 3733 3479 3798 ἀποῧεικνύοντες.
3541 3731 3704 3785 Ἀλλά

2122 3832 2404 3904 μέμνημαι
2430 3831 2528 3901 τῆς
2562 3829 2712 3892 θείας
2750 3829 2962 3898 ἐκείνης
2998 3828 3200 3897 φωνῆς,
3232 3825 3308 3889 ὼς
3349 3823 3704 3894 προφητικῶς

2119 3924 2247 3993 περὶ
2276 3918 2440 3975 αὑτοῦ
2478 3921 2545 3974 τὰ
2591 3921 2654 3972 ὲκ
2695 3920 2792 3990 τῆς
2839 3918 3173 3989 προφητείας
3203 3916 3521 3985 ἐφθέγξατο,
3564 3917 3699 3993 ὅπου

2119 4018 2237 4079 ταῖς
2276 4013 2649 4084 ἀναισχύντοις
2682 4013 2844 4065 αὐτὸν
2878 4011 2984 4065 τῶν
3028 4009 3303 4080 γυναικῶν
3339 4008 3664 4080 παρεικάζει
3685 4026 3701 4039 ·

2119 4106 2173 4159 αἳ
2213 4106 2282 4160 τὰ
2329 4105 2438 4158 ίδια
2486 4104 2661 4174 ὀνείδη
2715 4107 2833 4167 ταῖς
2886 4101 3289 4172 σωφρονούσαις
3344 4100 3701 4171 προφέρουσι.

2120 4197 2253 4250 Τίνα
2285 4195 2393 4267 γὰρ
2431 4194 2622 4267 ἐχθρὸν
2659 4193 2757 4265 τῆς
2785 4192 3040 4264 ἀληθείας
3071 4194 3120 4246 οἱ
3149 4192 3297 4263 λόγοι
3340 4191 3701 4263 κηρύττουσι;

2120 4286 2253 4341 Τίνα
2299 4289 2413 4350 ταῖς
2460 4285 2568 4340 τῶν
2614 4285 2821 4339 πολλῶν
2868 4284 3046 4351 δόξαις
3093 4283 3571 4353 ἀντιτασσόμενον;
3604 4282 3705 4345 Τίς

2120 4382 2347 4433 αἰτεῖται
2381 4396 2443 4432 πε
2454 4379 2508 4451 pi.
2531 4378 2639 4431 τῶν
2669 4376 3103 4447 ἐντυγχανόντων
3132 4375 3296 4429 αὑτοῦ
3325 4375 3403 4445 τῷ
3427 4373 3707 4443 συγγράμ-

2128 4490 2280 4546 ματι,
2316 4472 2389 4543 μὴ
2428 4471 2562 4542 πρὸς
2609 4475 2670 4523 τὸ
2710 4468 2914 4539 πλῆθος
2941 4469 3048 4521 τῶν
3085 4467 3501 4540 μαρτυρούντων
3544 4468 3701 4537 ὁρᾷν,

444 4558 637 4622 stium,
669 4572 849 4627 neque
886 4559 952 4612 ad
985 4559 1394 4628 antiquitatem,
1429 4575 1606 4631 neque
1647 4563 2011 4618 assentiamur

2130 4565 2265 4637 μηδὲ
2313 4564 2449 4636 πρὸς
2482 4562 2579 4633 τὴν
2620 4563 2954 4635 ἀρχαιότητα
3001 4560 3238 4631 βλέπειν,
3292 4559 3422 4631 μηδὲ
3458 4558 3594 4627 πρὸς
3640 4561 3706 4610 τό

442 4650 573 4714 illis,
610 4650 767 4720 quasi
794 4650 899 4705 (ide
928 4657 982 4704 et
1017 4665 1249 4706 assensu
1284 4651 1441 4722 longe
1471 4640 2025 4725 dignioribus?Ejus-

440 4744 561 4797 dem
591 4742 843 4798 videlicet
868 4750 954 4797 est
983 4751 1037 4797 et
1069 4743 1185 4798 haec
1226 4744 1493 4808 scribere,
1534 4753 1589 4798 et
1642 4745 1740 4798 illa
1772 4744 2022 4815 proferre

442 4836 795 4906 studereque,
829 4843 889 4888 ut
922 4836 1041 4891 suis
1094 4837 1432 4892 novitatibus
1470 4838 1777 4893 auditorum
1812 4840 2023 4894 animos

442 4928 918 4984 concilietzalios
974 4937 1157 4984 autem
1218 4930 1487 4985 conviciis
1544 4932 1842 5000 incessere,
1897 4939 2021 4987 tan-

441 5033 605 5087 quam
668 5022 945 5075 communi
1010 5021 1290 5076 hominum
1367 5024 1608 5093 opinioni
1687 5026 2016 5081 contrarios.

442 5110 577 5165 illud
609 5128 760 5177 vero,
780 5131 884 5168 non
910 5116 1131 5170 revereri
1158 5116 1583 5186 redargutiouem
1610 5135 1675 5172 ea:
1711 5119 1864 5173 rebus
1888 5120 2018 5187 ipsis

441 5202 681 5269 petitam,
704 5220 865 5274 neque
890 5206 1341 5277 reprehensionem
1362 5208 1658 5273 hominum,
1686 5218 1739 5264 ct
1767 5209 1819 5264 id
1848 5226 2020 5280 genus

444 5293 573 5356 alia,
604 5310 725 5362 quae
751 5298 1081 5367 impotenter
1110 5300 1327 5367 eﬂ'utiit,
1365 5302 1586 5359 lectoris
1611 5302 1819 5373 judicio
1849 5305 2017 5358 relin-

445 5398 554 5453 quo
584 5401 598 5437 :
634 5388 852 5441 cuinam
892 5407 1024 5447 vero
1052 5401 1387 5463 competant,
1437 5411 1569 5449 num
1623 5396 1722 5460 illi,
1756 5397 1848 5467 qui
1886 5406 2020 5451 tem-

445 5476 770 5549 perantiam,
821 5485 1224 5554 verecundiam,
1289 5489 1636 5553 modestiam,
1692 5504 2019 5560 omnemque

518 5654 563 5689 '°
599 5653 714 5712 εἰει.
777 5674 857 5722 ill,
900 5660 953 5715 5.

2126 4656 2434 4720 ἀξιόπιττον
2473 4653 2579 4707 τῶν
2612 4652 2744 4724 πρὸς
2783 4653 2842 4704 τὸ
2882 4653 3125 4722 κρεῖττον
3154 4648 3572 4720 ὑπειλημμένων
3609 4650 3706 4719 pe-

2126 4766 2249 4802 πειν
2279 4752 2398 4811 ταῖς
2425 4745 2698 4818 γνώμαις;
2731 4746 2873 4815 Ἀρα
2901 4742 2995 4795 τοῦ
3035 4743 3197 4795 αὑτοῦ
3241 4744 3356 4795 ἐστι
3395 4741 3490 4793 καὶ
3528 4739 3708 4794 ταῦτα

2124 4841 2378 4911 γράφειν,
2408 4839 2501 4893 καὶ
2537 4840 2718 4892 ἐκεῖνα
2744 4835 3059 4907 προφέρειν,
3101 4833 3196 4887 καὶ
3223 4835 3341 4895 ταῖς
3373 4834 3469 4903 μὲν
3507 4832 3706 4885 ἑαυτοῦ

2124 4932 2493 5002 καινοτομίαις
2524 4929 2705 5001 ζητεῖν
2731 4930 2856 4993 τοὺς
2892 4927 3185 4990 ἀκούοντας
3212 4924 3440 4979 ἕπεσθαι
3462 4940 3475 4952 ·
3510 4923 3702 4992 φαυλί-

2124 5024 2235 5088 ζειν
2260 5023 2315 5077 δὲ
2342 5024 2502 5077 πάλιν
2525 5021 2741 5092 ἑτέρους
2768 5020 2843 5085 ὡς
2871 5023 2987 5083 ταῖς
3021 5021 3226 5081 κοιναῖς
3253 5017 3583 5088 ὑπολήψεσιν
3603 5018 3671 5069 ἀν
3695 5049 3701 5055 -

2122 5116 2489 5179 τιϐαίνοντας⁸
2532 5115 2590 5167 τὸ
2630 5114 2710 5178 δὲ,
2742 5113 2822 5183 μὴ
2875 5113 3272 5182 αἰσχύνεσθαι
3316 5110 3423 5164 τὸν
3470 5110 3537 5162 ἐκ
3584 5108 3707 5162 τῶν

2124 5204 2481 5275 πραγμάτων
2504 5202 2908 5272 ἓλεγχον,.καὶ
2940 5202 3047 5255 τὸν
3079 5199 3452 5268 ἀνθρώπινον
3481 5201 3703 5268 ψόγον,

2128 5300 2223 5352 καὶ
2256 5299 2355 5351 ὅσα
2401 5295 2624 5350 τοιαῦτα
2667 5294 2808 5349 κατά
2849 5294 3012 5347 ταὺτὸ
3042 5293 3394 5364 διεξέρχεται,
3437 5292 3558 5353 ταῖς
3591 5290 3707 5343 τῶν

2126 5388 2430 5445 ἀκουόντων
2486 5386 2730 5456 γνώμαις
2773 5385 3089 5440 καταλείπω
3141 5385 3361 5436 σκοπεῖν
3411 5382 3505 5433 ἐπὶ
3554 5380 3705 5444 τίνος

2125 5482 2323 5554 ἀληθές
2350 5484 2463 5535 ἐστι
2491 5481 2687 5548 λέγειν.
2724 5475 2868 5551 Ἀρα
2898 5478 2990 5532 τοῦ
3024 5474 3395 5548 σωφροσύνην,
3438 5474 3529 5527 καὶ
3571 5488 3702 5526 κοσ-
