4008 6210
1396 206 1675 265 CONTRA
1715 203 2103 271 EUNOMIUM,
2140 206 2270 262 LIB.
2314 209 2354 262 l.

3415 201 3524 257 282

268 326 511 398 μιότητα,
536 327 628 381 καὶ
656 330 837 383 πᾶσαν
863 328 1213 400 καθαρότητα
1237 327 1416 398 ψυχῆς
1440 343 1499 379 τε
1528 327 1624 379 καὶ
1655 321 1829 394 σώμα-

1935 325 2221 393 puritatem
2255 323 2454 378 mentis
2485 329 2538 377 et
2575 320 2830 392 corporis
2876 320 3303 375 accuratissimo
3336 319 3523 375 studio

262 435 353 482 τος
383 418 466 471 διὰ
500 418 597 488 τῆς
643 419 1045 491 ἀκριϐεστάτης
1074 418 1399 491 ἐγκρατείας
1423 413 1838 491 νομοθετοῦντος

263 513 326 580 όμ
338 509 453 572 αξως
480 510 682 581 ἑαυτῷ.
709 513 742 564 ἱ.
768 514 880 576 τοῖς
910 511 1323 582 πλησιάζουσιν,
1347 510 1380 581 ἦ
1410 508 1504 562 τού
1529 485 1841 568 κελεύοντός

264 604 334 671 μὴ
358 602 618 671 παρέχειν
650 604 952 673 πράγματα
983 605 1047 676 τῇ
1080 602 1240 671 φύσει
1268 601 1402 672 πρὸς
1439 600 1499 652 τδ
1537 598 1726 652 δοκοῦν
1753 598 1842 651 διὰ

258 688 357 741 τῶν
378 690 470 742 τού
502 691 755 761 σώματος
778 691 1010 763 ὀρέξεων
1032 690 1315 765 προιούσῃ.
1350 689 1483 761 μηδὲ
1511 689 1840 743 ἀντιϐαίνειν

256 782 370 841 ταῖς
398 779 637 850 ἡδοναῖς,
664 782 799 851 μηδὲ
820 783 1293 855 ἀκριϐολογεῖσθαι
1318 800 1383 835 πε
1393 782 1444 852 pl.
1468 782 1564 853 τὴν
1586 781 1841 852 τοιαύτην

253 870 343 925 τεῦ
372 870 493 941 βίου
527 872 784 941 σπουδήν
830 875 949 929 οὐδὲ
970 873 1078 947 γάρ
1102 872 1240 930 εἷναί
1267 892 1388 927 τινα
1418 873 1620 945 βλάϐην
1640 873 1838 945 ψυχῆς,

254 960 337 1014 διά
365 960 477 1013 τῶν
511 961 768 1016 τοιούτων
802 965 1228 1036 συνισταμένην·
1267 965 1404 1018 ἀλλὰ
1435 965 1603 1035 μόνην
1650 966 1840 1037 ἀρκεῖν

253 1052 327 1124 τῷ
357 1054 642 1127 ἀνθρώπῳ
673 1056 773 1126 τὴν
808 1056 1087 1128 αἱρετικὴν
1119 1057 1300 1109 πίστιν
1345 1056 1477 1127 πρὸς
1499 1056 1840 1129 τελειότητα;

252 1143 312 1196 Εἰ
334 1142 393 1196 δὲ
417 1144 668 1215 ἀρνεῖται
688 1144 750 1196 τὸ
772 1144 847 1216 μὴ
869 1144 1040 1209 οὕτως
1062 1145 1206 1217 ἔχειν
1227 1146 1407 1209 αὐτοῖς
1428 1145 1496 1198 τὰ
1510 1145 1659 1211 διδάγ
1673 1136 1837 1214 ματα,

251 1233 521 1306 εὐξαίμην
559 1235 626 1289 ἂν
660 1235 836 1305 ἔγωγε
882 1238 975 1290 καὶ
1006 1236 1115 1291 τῶν
1166 1236 1571 1309 εύφρονούντων
1614 1236 1841 1299 ἕκαστος

251 1325 539 1394 ἀληθεύειν
568 1327 730 1380 αὐτον
760 1327 818 1381 ὲν
854 1331 966 1392 τοῖς
996 1327 1256 1391 τοιούτοις
1298 1327 1650 1400 ἀρνούμενον.
1698 1326 1840 1378 Ἀλλ’

247 1418 343 1470 οὐκ
364 1420 626 1473 ὲάσουσιν
655 1419 803 1491 αὐτῷ
841 1422 1194 1493 προχωρῆσαι
1227 1420 1327 1493 τὴν
1361 1422 1588 1493 ἀρνησιν
1642 1422 1691 1472 οἱ
1713 1419 1841 1489 γνή-

250 1525 348 1562 σιοι
386 1510 665 1583 μαθηταί’
704 1511 737 1582 ἢ
766 1511 828 1564 τὸ
861 1512 1116 1584 μέγιστον
1152 1512 1317 1566 αὐτοῦ
1352 1511 1616 1584 θεώρημα
1659 1512 1841 1563 πεσεῖ-

247 1617 352 1669 ται,
405 1604 502 1655 καὶ
530 1603 823 1676 λυθήσεται
869 1606 903 1675 ἡ
946 1604 1119 1676 σκηνὴ
1144 1603 1251 1657 τῶν
1280 1604 1367 1658 διὰ
1394 1601 1550 1656 τοῦτο
1605 1601 1839 1673 μάλιστα

1943 423 2190 471 sectatur
2244 423 2299 468 et
2324 414 2502 469 sancit
2533 430 2688 484 aeque
2722 414 2825 470 sibi
2878 428 2943 467 ac
2974 413 3139 468 aliis:
3193 427 3261 466 an
3297 410 3397 477 illi,
3429 412 3522 481 qui

1941 506 2101 563 docet
2133 507 2563 563 nihilmolestite
2616 505 2960 562 inferendum
3013 517 3244 569 naturae,
3303 504 3522 576 quando

1943 599 2321 655 immoderatis
2378 599 2630 670 corporis
2678 597 3070 667 cupiditatibus
3122 598 3190 653 ad
3250 597 3337 663 id,
3378 599 3520 667 quod

1941 692 2247 747 collibitum
2296 701 2403 753 est,
2466 694 2675 748 fertur:
2710 707 2889 761 neque
2948 691 3315 746 resistendum
3368 691 3522 744 volu-

1941 784 2226 854 ptatibus;
2259 799 2441 854 neque
2471 784 2634 839 etiam
2664 784 2999 854 asperiorem
3022 782 3145 836 vita:
3174 781 3519 850 disciplinam

1942 874 2317 946 sequendam;
2381 892 2560 947 neque
2642 877 2788 931 enim
2858 874 3140 945 quidpiam
3209 873 3522 928 detrimenti

1941 968 2179 1022 animam
2218 983 2415 1038 capere
2446 984 2512 1023 ex
2543 968 2885 1038 voluptatum
2923 983 3048 1031 usu,
3091 964 3186 1021 sed
3230 965 3298 1021 ad
3346 965 3527 1036 perfe-

1941 1061 2178 1115 ctionem
2220 1059 2470 1116 sufﬁcere
2517 1061 2723 1116 homini
2756 1061 2929 1117 solam
2980 1058 3291 1114 haereticam
3341 1057 3530 1113 fidem?

1940 1149 2093 1217 Quod
2128 1150 2175 1204 si
2212 1159 2372 1220 neget
2402 1149 2544 1205 hanc
2576 1166 2700 1206 esse
2740 1166 2895 1206 suam
2930 1157 2983 1204 et
3039 1166 3266 1206 suorum
3317 1148 3524 1205 doctri-

1940 1255 2088 1303 nam,
2122 1246 2366 1309 optarem
2394 1255 2495 1310 ego
2526 1247 2581 1295 et
2613 1256 2720 1295 una
2747 1255 2939 1295 omnes
2963 1239 3090 1295 boni
3130 1255 3365 1304 mecum,
3397 1256 3523 1294 vere

1942 1328 2132 1382 islhaic
2166 1327 2376 1397 negari.
2408 1328 2513 1383 Sed
2560 1328 2787 1399 legitimi
2838 1329 3013 1400 ipsius
3068 1329 3323 1399 discipuli
3382 1345 3521 1383 nun-

1941 1434 2104 1489 quam
2172 1419 2511 1489 negationem
2548 1419 2686 1474 hanc
2718 1418 2989 1489 patienter
3022 1420 3219 1483 ferent,
3276 1419 3519 1489 alioquin

1940 1511 2083 1564 maxi
2112 1526 2237 1563 :um
2271 1510 2538 1564 doctrinae
2588 1510 2756 1580 hujus
2793 1510 3211 1566 fundamentum
3267 1510 3523 1565 concide-

1940 1613 2044 1669 ret,
2078 1602 2583 1675 dissolvereturque
2630 1603 2788 1674 quasi
2839 1604 3254 1659 tabernaculum
3294 1611 3348 1658 et
3397 1610 3517 1657 ten-

248 1696 726 1766 προσεδρευόντων
753 1695 830 1767 τῷ
860 1696 1111 1767 δόγματι.
1149 1696 1398 1768 Ἀναιδὴς
1424 1694 1611 1759 δὶτίς,
1631 1696 1723 1748 καὶ
1747 1694 1831 1747 τὸν

1942 1698 2139 1750 torium
2177 1697 2420 1761 illorum,
2457 1696 2551 1766 qni
2585 1696 2670 1750 vel
2723 1705 2945 1765 propter
2973 1694 3079 1751 hoe
3135 1709 3302 1749 unum
3337 1694 3521 1749 Enna-

247 1787 592 1857 ἀνθρώπινον
618 1788 787 1858 ψόγον
825 1790 925 1841 οὐκ
954 1787 1369 1859 εὐλαϐούμενος,
1398 1788 1463 1841 ἐκ
1488 1788 1598 1839 τῶν
1629 1788 1686 1839 ὲν
1724 1789 1836 1841 νεό.

247 1895 361 1949 τητι
400 1878 774 1950 βεϐιωμένων,
818 1881 852 1951 ἦ
894 1881 958 1934 ἐκ
985 1879 1093 1934 τῶν
1119 1879 1259 1950 μετά
1285 1879 1456 1933 ταῦτα
1488 1877 1665 1950 βούλει
1714 1896 1836 1933 σκο-

249 1972 553 2041 πήσωμενς
595 1971 732 2026 ἀλλά
770 1972 839 2026 δι’
882 1972 1226 2043 ἀμφοτέρων,
1253 1971 1338 2024 ἐπ’
1373 1970 1534 2026 αὐτὸν
1564 1970 1631 2025 ἂν
1658 1969 1838 2042 εὕροις

248 2061 584 2117 ἐπανιοῦσαν
618 2063 717 2135 τῆς
757 2063 1032 2128 ἀναιδείας
1072 2063 1169 2135 τὴν
1216 2064 1442 2136 μέμψιν.
1477 2065 1551 2118 Οὐ
1584 2065 1652 2119 τά
1698 2066 1836 2119 αὑτά

248 2156 349 2226 γὰρ
398 2156 714 2227 ἑκατέροις,
748 2155 872 2210 οὔτε
923 2159 956 2229 ἡ
1001 2157 1208 2228 νεότης,
1249 2157 1373 2212 οὔτε
1422 2158 1451 2211 ὁ
1501 2159 1638 2230 μετά
1662 2157 1836 2222 ταῦτα

251 2250 526 2320 μαρτυρεῖ
547 2248 678 2318 βίος.

1942 1787 2034 1841 inii
2069 1788 2412 1857 dogmatibus
2462 1801 2586 1842 sese
2646 1785 2997 1841 addixerunt.
3055 1785 3174 1842 Jam
3210 1802 3340 1842 vero
3393 1787 3520 1854 quis

1940 1876 2229 1948 impudens
2289 1878 2382 1943 sit,
2422 1876 2688 1946 famaeque
2750 1876 2893 1948 apud
2930 1876 3180 1932 homines
3215 1877 3518 1948 prodigus:

1940 1984 2007 2023 an
2049 1970 2132 2024 vis
2168 1978 2226 2023 ut
2257 1976 2567 2024 statuamus
2599 1983 2666 2023 ex
2709 1967 2840 2035 illis,
2902 1984 3024 2039 qua:
3079 1968 3135 2022 in
3190 1967 3518 2039 juventute:

1941 2080 2010 2119 an
2049 2080 2115 2119 ex
2150 2064 2241 2129 iis,
2279 2078 2402 2134 qua:
2432 2070 2621 2134 postea
2658 2070 2811 2134 gesta
2843 2072 3002 2119 sunt:
3038 2079 3105 2118 an
3134 2079 3199 2119 ex
3235 2065 3523 2136 utrisque?

1945 2155 2050 2211 Sed
2104 2155 2219 2211 sive
2274 2171 2341 2209 ex
2398 2154 2504 2216 his,
2557 2155 2673 2209 sive
2704 2171 2767 2208 ex
2806 2155 2916 2211 illis
2973 2155 3240 2225 judicium
3276 2156 3392 2222 fiat,
3450 2158 3519 2213 ad

1942 2251 2120 2318 ipsum
2151 2246 2336 2301 redire
2367 2245 2580 2301 videbis
2608 2244 2960 2314 impudentia:
3008 2246 3363 2303 calumniam.
3411 2247 3520 2305 Ne-

248 2356 344 2407 que
388 2343 539 2393 enim
566 2341 756 2396 eadem
788 2353 1015 2413 uterque
1045 2343 1213 2413 gessit
1240 2353 1333 2397 aut
1356 2343 1598 2413 juvenis,
1636 2355 1725 2397 aut
1756 2359 1818 2398 ea
1852 2347 2032 2401 aetate,
2061 2354 2183 2409 quae
2212 2337 2352 2392 hanc
2387 2336 2661 2407 sequitur.

322 2432 735 2503 Ύπομνησάτω
762 2433 996 2487 ἑαυτὸνό
1014 2433 1351 2506 λογογράφος
1383 2435 1488 2487 τῶν
1518 2452 1578 2488 τε
1617 2435 1708 2487 ἐπὶ
1736 2434 1834 2505 τῆς

249 2525 509 2596 7.229360;
536 2525 679 2579 κατά
708 2524 796 2578 τὸν
834 2526 933 2596 τῆς
966 2526 1217 2598 νεότητος
1253 2526 1463 2598 καιρὸν,
1495 2529 1587 2581 καὶ
1624 2526 1733 2581 τῶν
1778 2527 1834 2580 ὲν

249 2618 666 2671 Κωνσταντίνου
695 2617 845 2670 πόλει
869 2616 1215 2688 βεϐιωμένων
1237 2617 1406 2689 αὐτῷ·
1436 2619 1528 2672 καὶ
1548 2619 1834 2673 ἀκουσάτω

252 2710 392 2781 παρα
422 2710 539 2763 τῶν
564 2709 781 2763 εἰδότων
802 2703 889 2762 οἷα
916 2707 993 2777 τῷ
1020 2710 1505 2781 συκοφαντουμένῳ
1534 2711 1829 2765 συνίσασιν.

250 2803 308 2855 Ei
338 2803 394 2855 δὲ
438 2804 509 2854 ἐκ
536 2801 647 2854 τῶν
680 2800 879 2870 ἐφεξῆς
907 2801 1350 2872 ἐπιτηδευμάτων
1383 2819 1467 2865 τις
1500 2802 1670 2856 ὲοέλοι
1705 2820 1831 2855 σκοο

2012 2429 2251 2485 Itevocet
2281 2427 2651 2499 logodaadalus
2686 2427 2792 2483 sibi
2828 2428 2883 2481 in
2942 2428 3260 2483 memoriam
3300 2444 3365 2484 ea
3395 2447 3520 2502 quae

1945 2520 1998 2575 iu
2032 2521 2204 2592 patria
2239 2535 2339 2576 sua
2365 2520 2587 2589 juvenis
2613 2519 2964 2589 perpetravit,
2996 2529 3052 2575 et
3083 2535 3205 2591 qua:
3248 2520 3520 2577 Constan—

1941 2613 2213 2685 tinopoli,
2277 2611 2648 2681 intelligatque
2698 2611 2867 2665 exiis
2929 2611 3024 2680 qui
3079 2619 3300 2676 norunt,
3357 2627 3518 2682 quam

1941 2708 2101 2777 longe
2138 2705 2343 2760 fuerint
2370 2704 2586 2759 diversa
2626 2701 2806 2758 studia
2847 2703 2991 2772 ejus,
3023 2719 3183 2773 quem
3217 2704 3333 2773 ipse
3381 2720 3509 2774 pro-

1940 2800 2054 2855 bris
2084 2798 2410 2854 insectatur.
2449 2793 2605 2862 Quod
2632 2794 2679 2849 si
2706 2795 2832 2864 quis
2862 2795 2990 2849 velit
3032 2794 3136 2850 hoc
3167 2794 3397 2851 definire
3449 2811 3515 2851 ex

251 2891 387 2954 ταῖν,
419 2888 590 2952 αὐτὸς
625 2890 853 2952 εἰπάτω,
882 2889 964 2952 τίς
999 2888 1149 2954 ἄξιος
1181 2890 1421 2943 τοιούτου
1462 2891 1719 2962 ὀνόματος
1745 2907 1758 2920 ⁸
1805 2892 1831 2944 ό

1937 2890 2007 2946 iis
2033 2906 2155 2962 qua:
2201 2897 2387 2960 postea
2439 2896 2569 2942 sunt
2601 2887 2916 2952 subsecuta,
2975 2888 3091 2957 ipse
3118 2887 3266 2942 dicat
3330 2888 3517 2954 velim,

248 2980 341 3049 τὴν
371 2978 640 3051 πατρῴαν
670 2980 856 3034 οὐσίαν
884 2981 975 3033 καὶ
1003 2981 1109 3053 πρὸ
1142 2981 1242 3052 τῆς
1270 2980 1567 3054 ἱερωσύνης
1595 2982 1834 3053 ἀφειδῶς

251 3070 539 3135 ἀναλώσας
570 3073 683 3135 τοῖς
714 3072 941 3140 πένησι,
974 3072 1068 3126 καὶ
1100 3073 1333 3144 μάλιστα
1365 3075 1421 3127 ὲν
1453 3073 1529 3145 τῷ
1563 3076 1660 3145 τῆς
1691 3093 1830 3128 σιτο-

250 3162 390 3227 δείας
429 3162 635 3234 καιρῷ,
666 3163 787 3217 καθ’
820 3163 879 3217 ὃν
911 3164 1195 3219 ἐπεστάτει
1220 3166 1321 3236 τῆς
1374 3166 1719 3239 Ἐκκλησίας,
1753 3168 1833 3223 ἔτι

252 3258 308 3308 ὲν
336 3255 413 3325 τῷ
444 3255 637 3326 κλήρῳ
662 3254 770 3309 τῶν
803 3257 1187 3330 πρεσϐυτέρων
1219 3259 1532 3329 ἱερατεύων,
1569 3262 1662 3313 καὶ
1696 3261 1834 3330 μετά

253 3348 439 3413 ταῦτα,
477 3348 617 3419 μηδὲ
654 3349 762 3401 τῶν
798 3349 1229 3420 ὑπολειφθέντων
1264 3352 1619 3423 φεισάμενος.
1651 3355 1725 3412 ὡς
1766 3354 1832 3407 ἂν

251 3441 342 3492 καὶ
366 3439 532 3503 αὐτὸς
567 3438 630 3492 τὸ
651 3437 747 3492 τοῦ
799 3439 1122 3494 ’Δποστόλου
1163 3442 1527 3513 καυχήσαιτο’
1564 3442 1693 3495 Ὅτι
1723 3441 1831 3495 δω-

246 3533 391 3600 ρεὰν
427 3530 617 3597 ἄρτον
651 3533 762 3587 οὐκ
796 3531 1055 3603 55mm,-
1095 3533 1165 3586 Ἦ
1214 3535 1242 3587 ό
1269 3533 1545 3604 προσόδων
1579 3534 1831 3606 ἀφορμὴν

255 3622 348 3691 τὴν
376 3622 473 3675 τοῦ
516 3623 789 3692 δόγματος
818 3623 1152 3693 προστασίαν
1203 3625 1608 3696 ποιηοάμενος;
1636 3627 1693 3679 Ὀ
1721 3627 1831 3679 εἰσ-

256 3711 418 3766 δύνων
450 3715 532 3777 εἰς
574 3713 673 3777 τάς
701 3714 877 3777 οἰκίας
930 3714 1260 3786 αὐτόκλητος
1283 3756 1298 3781 ,
1328 3716 1450 3770 οὐδὲ
1492 3719 1590 3787 τὴν
1638 3717 1703 3771 ὲκ
1733 3716 1829 3771 τοῦ

254 3802 459 3868 πάθους
491 3803 681 3875 ἀηδίαν
708 3808 772 3876 τῇ
809 3804 928 3859 καθ’
952 3804 1141 3859 ἑαυτὸν
1167 3805 1406 3878 διαγωγῇ
1444 3808 1826 3879 περιστέλλων

252 3893 370 3947 οὐδὲ
409 3893 508 3965 τὴν
548 3894 784 3965 φυσικὴν
820 3895 928 3948 τῶν
965 3895 1317 3963 ὑγιαινόντων
1344 3897 1479 3966 πρὸς
1507 3898 1633 3960 τοὺς
1658 3897 1831 3950 τοιού-

254 4000 373 4049 WJ;
414 3986 768 4058 ἀποστροφὴν
799 3986 1175 4057 λογιζόμενος,
1214 3989 1243 4041 ό
1292 3988 1432 4041 κατά
1465 3988 1555 4041 τὸν
1603 3987 1829 4042 παλαιὸν

256 4077 410 4148 νόμον
438 4078 529 4131 διὰ
550 4079 651 4149 την
689 4079 831 4148 ἁφὴν
857 4082 955 4151 τῆς
989 4080 1262 4150 σημασίας
1291 4080 1393 4145 ἔξω
1420 4080 1517 4152 τῆς
1552 4081 1828 4152 παρεμϐο·

252 4164 345 4236 λῆς
371 4168 484 4222 τῶν
506 4169 796 4223 οἰκούντων
823 4168 1233 4242 ἀφοριζόμενος.

1934 2983 2060 3054 quis
2092 2980 2444 3052 impudentia:
2478 2993 2675 3035 nomen
2706 2987 2982 3033 mereatur
3017 2997 3032 3033 :
3074 2979 3258 3046 illene,
3300 2979 3393 3050 qui
3423 2996 3520 3049 pa-

1935 3084 2118 3130 ternas
2149 3072 2441 3127 facultates
2463 3071 2629 3127 etiam
2654 3081 2947 3141 antequam
2982 3070 3299 3127 sacerdotio
3331 3071 3514 3126 initia.

1935 3172 2107 3228 retur,
2145 3163 2450 3220 liberaliter
2510 3164 2699 3233 egenis
2731 3160 3057 3230 distribuit;
3116 3164 3352 3219 maxime
3386 3171 3517 3219 tunc

1932 3254 2149 3326 quando
2209 3270 2404 3325 magna
2439 3268 2669 3310 annuum
2726 3255 2956 3324 penuria
3018 3254 3366 3310 exsistebat:
3400 3272 3512 3327 quo

1934 3357 2179 3419 tempore
2212 3347 2477 3402 Ecclesia:
2505 3355 2760 3417 praeerat,
2811 3360 3042 3401 numero
3073 3345 3515 3417 presbyterorum

1932 3444 2111 3499 adhuc
2144 3443 2480 3507 accensitus,
2512 3445 2714 3515 quippe
2768 3442 3010 3514 posthinc
3047 3442 3211 3497 etiam
3254 3442 3391 3498 nihil
3430 3458 3518 3499 re-

1933 3537 2139 3608 liquum
2170 3535 2272 3589 sibi
2308 3534 2456 3599 fecit,
2491 3541 2550 3589 ut
2596 3543 2650 3591 et
2710 3536 2827 3606 ipse
2881 3533 3107 3606 gloriari
3175 3542 3360 3604 posset
3389 3550 3513 3590 cum

1930 3629 2193 3699 Apostolo
2225 3647 2238 3683 :
2273 3628 2537 3695 Quoniam
2578 3629 2746 3700 gratis
2808 3643 2997 3697 partem
3057 3643 3161 3681 non
3192 3625 3394 3682 comedi
3423 3623 3510 3674 "‘2

1930 3722 2013 3777 An
2047 3723 2136 3778 ille
2171 3720 2357 3793 potius
2386 3720 2743 3791 impudentiae.
2769 3735 2968 3776 nomen
3008 3718 3238 3782 subibit,
3271 3721 3363 3788 qui
3416 3719 3514 3772 do-

1930 3809 2121 3865 ctrina:
2166 3824 2281 3864 sua:
2332 3808 2729 3879 professionem
2772 3824 2870 3880 pro
2928 3819 3141 3879 quaestu
3193 3807 3385 3862 habet?
3408 3809 3510 3872 Qui

1930 3918 2037 3957 non
2074 3909 2304 3957 vocatus
2339 3901 2395 3956 in
2434 3902 2580 3958 aedes
2629 3902 2838 3957 alienas
2872 3916 2995 3956 sese
3033 3900 3320 3965 insinuat;
3362 3899 3512 3954 inso-

1931 3994 2150 4048 lentiam
2184 3992 2312 4048 facti
2343 3992 2509 4062 hujus
2552 4007 2655 4047 suo
2703 3992 2922 4046 vivendi
2956 3992 3117 4045 modo
3155 3991 3377 4045 minime
3427 4002 3510 4047 te-

1927 4100 2083 4156 gens,
2119 4097 2296 4155 neque
2333 4083 2496 4137 etiam
2523 4096 2688 4153 quam
2725 4081 2792 4135 ab
2822 4079 3137 4149 hujusmodi
3195 4081 3510 4137 hominibus

1930 4193 1961 4231 a
2014 4183 2209 4231 natura
2246 4172 2428 4228 aversi
2460 4172 2615 4239 sint,
2655 4171 2860 4241 quibus
2912 4187 3067 4227 mens
3121 4180 3176 4227 et
3232 4174 3371 4228 ratio
3426 4185 3509 4229 est

253 4259 458 4324 sanior,
489 4262 692 4330 cogitat
716 4259 827 4324 ille,
852 4260 945 4331 qui
976 4263 1204 4332 antiqua
1251 4262 1368 4332 lege.
1400 4271 1625 4334 propter
1671 4264 2084 4321 similitudinem
2120 4260 2541 4333 significationis
2604 4276 2669 4316 ex
2745 4260 3027 4315 hominum
3096 4263 3357 4318 societate
3413 4279 3510 4319 ex-

251 4354 573 4409 terminatus
604 4363 708 4410 est.

316 4444 629 4511 Ιιροπετὴς
676 4444 733 4498 δὲ
808 4444 996 4515 πάλιν,
1050 4446 1137 4502 καὶ
1182 4446 1503 4515 ὑϐριστὴς,
1555 4450 1647 4502 καὶ
1701 4452 1820 4505 καθ’

1999 4443 2209 4500 Rursus
2246 4442 2556 4496 temerarius
2587 4449 2641 4497 et
2672 4442 2964 4512 injuriosus
2996 4451 3051 4499 et
3082 4445 3312 4502 subinde
3340 4447 3504 4502 ctiam

251 4531 507 4603 ἑκάτερον
546 4532 823 4600 ψεύστης
861 4533 1183 4603 ὀνομάζεται
1224 4535 1375 4606 παρά
1413 4536 1506 4589 τοῦ
1552 4538 1824 4612 μακροθύ-

253 4636 360 4685 μως
384 4622 439 4673 ἐν
470 4621 737 4691 πραΰτητι
765 4622 889 4686 τοὺς
912 4622 1434 4694 ἀντιδιατιθεμένους
1458 4627 1821 4693 παιδεύοντος.

250 4709 402 4761 (ἤτω
444 4711 552 4781 γὰρ
578 4713 635 4763 ὲν
660 4709 740 4782 τῷ
773 4716 1166 4784 συγγράμματι
1190 4719 1300 4780 τοῖς
1322 4717 1409 4769 ἐπ’
1452 4718 1615 4772 αὑτοῦ
1646 4718 1823 4789 λόγοις

252 4799 691 4871 ἐνδιαθρύπτεται
728 4805 757 4857 ό
776 4804 1048 4875 μηδεμίαν
1066 4806 1287 4877 πικρίας
1306 4808 1607 4882 ὑπερϐολὴν
1623 4813 1823 4880 ἀφιεὶς,

252 4890 304 4942 ιν
343 4885 425 4955 οἷς
477 4894 539 4946 ἄν
590 4911 640 4947 τι
680 4898 1066 4967 προσενεγκεῖν
1113 4896 1388 4971 ἐξισχύσῃ.
1431 4900 1602 4955 Πόθεν
1640 4904 1821 4958 τοίνυν

250 4984 337 5033 καὶ
370 4985 436 5035 ἐκ
475 4986 641 5038 ποίων
690 4988 1034 5059 πραγμάτων
1075 4993 1173 5061 τὴν
1218 4991 1375 5064 ὕϐριν
1403 4994 1567 5048 αὐτοῦ
1634 5000 1730 5051 καὶ
1761 4999 1820 5051 τὸ

251 5074 513 5139 προπετὲς
542 5074 807 5147 διελέγχει
833 5094 847 5143 ;
883 5079 1023 5143 Ὅτι,
1056 5081 1208 5150 φησὶ,
1241 5085 1649 5153 Καππαδόκην
1674 5089 1819 5141 ὄντα

246 5177 337 5226 με,
361 5164 411 5215 Γ
413 5164 642 5232 (Aldth
665 5167 981 5236 ὠνόμασεν
1006 5187 1019 5201 '
1051 5167 1168 5224 εἶτα
1200 5172 1277 5241 τῷ
1311 5173 1546 5247 μεθορίῳ
1579 5177 1687 5230 τῶν
1711 5197 1817 5233 πα-

251 5252 443 5320 τρίδων
481 5257 572 5327 τὴν
608 5261 821 5330 οἴκησιν
851 5258 1039 5330 ἔχοντα
1062 5301 1078 5325 ,
1118 5263 1177 5315 ὲν
1211 5263 1482 5337 ἀνωνύμῳ
1521 5268 1628 5320 τινὶ
1676 5272 1816 5338 ch-

252 5344 569 5413 γιοσπινῆς
592 5349 841 5419 ἐσχατιᾷ·
862 5351 908 5402 εἰ
935 5351 1052 5404 ἀντὶ
1076 5350 1170 5405 τοῦ
1212 5352 1606 5425 Ὀλτισήρεως
1625 5359 1821 5414 Γαλά-

253 5437 355 5494 την
381 5428 663 5497 ὠνόμασεν
687 5454 700 5466 ο
735 5436 891 5507 sheep
914 5439 979 5511 δὴ
1008 5440 1145 5504 δλως
1176 5444 1270 5496 καὶ
1302 5444 1459 5499 τοῦτο
1506 5452 1819 5518 προσειπεῖν

324 5598 360 5626 ³⁸
390 5606 435 5663 ιι
464 5607 654 5668 Thess.
693 5630 751 5669 ιιι
772 5652 788 5680 ,
817 5615 874 5673 8ο

1929 4535 2153 4591 mendax
2188 4533 2495 4604 appellatur
2529 4531 2763 4588 Basilius
2791 4533 2859 4588 ab
2890 4533 3006 4599 illo,
3036 4538 3127 4606 qui
3153 4539 3425 4607 patienter
3451 4548 3504 4594 et

1925 4641 2207 4687 mansuete
2236 4629 2587 4686 adversarios
2618 4646 2750 4686 suos
2779 4630 2976 4686 erudit.
3004 4632 3083 4687 lta
3113 4635 3257 4689 enim
3313 4636 3365 4690 in
3403 4652 3504 4690 suo

1923 4718 2064 4773 libro
2094 4720 2162 4774 de
2192 4733 2252 4773 se
2278 4718 2539 4788 praedicat
2568 4719 2671 4774 iste
2691 4761 2705 4783 ,
2734 4720 2827 4790 qui
2856 4722 3062 4776 nullam
3096 4727 3319 4779 omnino
3347 4741 3503 4782 acer-

1869 4842 1876 4849 -
1927 4811 2115 4868 bilatis
2153 4811 2500 4867 occasionem
2555 4814 2965 4882 praetermittit,
3018 4817 3331 4887 ubicunque
3398 4820 3498 4873 ali-

1927 4919 2089 4974 quam
2125 4903 2367 4974 arripere
2418 4912 2620 4974 putesl.
2658 4903 2812 4961 Unde
2874 4906 3040 4977 igitur
3074 4920 3125 4963 et
3181 4910 3380 4979 quibus
3433 4928 3496 4966 ex

1929 4993 2087 5048 rebus
2123 4996 2485 5047 temeritatem
2535 5002 2588 5048 et
2656 4993 2870 5063 injuria:
2905 4996 3208 5068 irroganda:
3258 5001 3497 5055 studium

1925 5084 2160 5154 probat?
2188 5085 2350 5150 Quia,
2383 5085 2576 5154 inquit,
2610 5101 2708 5145 me,
2730 5102 2847 5139 cum
2882 5088 2981 5141 sim
3012 5088 3322 5158 Cappadox,
3347 5108 3500 5147 voca-

1926 5175 1994 5228 vi!
2021 5173 2284 5230 Galatam.
2315 5175 2508 5229 Mirum
2540 5191 2697 5247 vero,
2732 5178 2779 5231 si
2809 5174 2956 5246 eum,
2986 5181 3081 5249 qui
3134 5182 3187 5236 in
3243 5186 3498 5244 confiniis

1925 5266 2154 5319 duarum
2182 5266 2464 5336 regionum
2512 5265 2812 5332 habitabat,
2871 5270 2925 5322 in
2959 5269 3196 5329 obscuro
3256 5277 3494 5346 quodam

1929 5357 2296 5427 Corniaspina:
2326 5359 2545 5430 angulo,
2582 5374 2693 5414 non
2728 5359 3058 5435 Olliserium,
3099 5370 3193 5425 sed
3244 5370 3494 5430 Calalam

1930 5450 2272 5518 nominavit;
2312 5451 2355 5507 si
2428 5458 2608 5506 tamen
2663 5453 2979 5514 nominasse
3031 5462 3242 5519 ostendi
3292 5473 3493 5538 potest.
