4008 6210
559 319 669 375 285

1801 307 1859 362 S.
1898 305 2222 362 GREGORlI
2262 308 2551 367 NYSSENI

3707 315 3805 360 23':

565 436 685 494 Non
712 433 858 492 enim
893 434 999 490 hoc
1032 432 1209 503 reperi
1246 431 1300 486 in
1331 430 1533 487 nostris
1566 428 1869 493 codicibus,
1903 433 1996 485 sed
2020 443 2141 497 esto,

2246 434 2623 487 ἐπιδείκνυται.
2670 432 2743 486 Οὐ
2788 428 2898 501 γὰρ
2940 422 3095 497 εὗρον
3137 426 3194 478 ὲν
3235 427 3347 489 τοῖς
3388 425 3673 499 ἡμετέροις
3727 427 3806 497 ﬂ:-

566 530 769 586 dixcrit
797 528 900 582 hoc
926 525 1183 580 Basilius.
1218 522 1357 577 Nunt
1394 529 1680 592 pr0pterea
1708 523 2032 576 temerarius
2085 529 2138 575 et

567 620 871 686 iniuriosus
912 615 1197 687 appellari,
1238 626 1293 669 et
1338 613 1624 684 quibusvis
1670 612 1794 667 aliis
1856 611 2139 682 probrosis

566 708 950 781 Cognoutentis
990 706 1126 760 allici
1157 706 1359 760 debet?
1387 703 1571 775 Neque
1624 702 1874 772 intelligit
1920 702 2138 771 sapiens

566 803 688 866 iste,
723 800 866 871 quod
904 815 1028 854 cum
1089 798 1440 870 sycophantae
1487 797 1538 849 iu
1570 796 1735 850 rebus
1771 797 1982 866 exiguis
2041 796 2141 849 ali-

568 906 731 963 quem
787 898 1071 951 accusant,
1125 901 1379 957 magnum
1445 885 1571 939 inde
1606 884 1966 955 patrocinium
2022 895 2141 939 tan-

568 999 733 1056 quam
765 981 968 1037 insonti
992 979 1221 1035 exsistat
1273 977 1371 1044 illi,
1401 977 1491 1048 qui
1521 978 1850 1033 accusatur?
1873 974 2006 1029 Nam
2046 975 2137 1046 qui

569 1079 638 1133 ad
671 1075 1046 1132 accusandum
1076 1070 1334 1144 prosiliit,
1389 1071 1436 1125 is
1468 1083 1745 1139 nunquam
1795 1068 1981 1138 utique
2018 1083 2143 1138 grav

567 1169 815 1226 vioribus
844 1165 1250 1237 praetermissis,
1289 1162 1578 1232 malignam
1616 1174 1771 1214 suam
1825 1174 2043 1229 operam
2085 1160 2139 1213 in

571 1261 866 1318 levioribus
894 1261 1213 1320 insumeret,
1254 1256 1307 1310 in
1340 1254 1539 1326 quibus
1589 1252 1692 1308 iste
1745 1250 2141 1324 exaggeraudis

571 1354 777 1409 multus
810 1362 915 1417 est,
976 1348 1317 1418 aiupliticans
1366 1346 1570 1399 illatam
1608 1343 1865 1414 iujuriam
1894 1383 1910 1409 ,
1967 1350 2022 1394 et
2074 1341 2141 1396 de

568 1442 855 1498 mendacio
880 1439 1106 1495 miriﬁce
1131 1436 1543 1509 philosophatus,
1567 1443 1719 1489 ratus
1740 1432 1987 1488 eamdem
2019 1447 2141 1486 esse

569 1533 984 1597 absurditatem,
1004 1531 1123 1589 sive
1144 1529 1210 1584 de
1229 1525 1595 1599 gravioribus,
1617 1526 1730 1581 sive
1749 1524 1818 1581 de
1845 1523 2140 1579 levioribus

569 1642 752 1682 sermo
780 1626 869 1680 sit.
910 1624 1069 1680 Novit
1094 1621 1239 1677 enim
1288 1618 1575 1674 institutus
1626 1633 1656 1672 a
1699 1616 1948 1687 patribus
2000 1618 2139 1680 suis,

571 1718 805 1783 Scribis,
842 1718 1086 1789 inquam,
1120 1721 1175 1768 et
1206 1710 1524 1772 Pharisaiis.
1585 1716 1842 1765 accurate
1897 1709 2141 1765 excolere

2238 528 2406 591 ὀλίοις
2430 527 2589 581 τοῦτο
2616 523 3028 597 προσκείμενον,
3053 516 3283 572 δεδόσθω
3303 516 3360 570 δὲ
3383 516 3520 580 ὅλως
3539 517 3801 588 εἰρῆσθαι.

2249 619 2419 690 ’Υπὲρ
2447 617 2650 672 τούτων
2698 613 2993 688 προπετὴς.
3034 612 3129 665 καὶ
3173 609 3455 681 ὑϐριστὴς,
3500 609 3594 664 καὶ
3636 610 3807 664 πάντα

2237 713 2563 786 ὀνομάζεται
2586 712 2654 766 τὰ
2682 710 2993 773 δεινότατα;
3044 705 3151 760 Καὶ
3186 705 3248 758 ού
3279 703 3524 774 συνίησιν
3560 704 3588 756 ὁ
3629 702 3808 774 σοφὸς,

2238 809 2320 862 δτι
2346 809 2379 877 ἠ
2409 806 2500 860 ἐπὶ
2545 806 2758 877 μικροῖς
2786 801 2938 873 παρά
2967 799 3061 854 τοῦ
3102 796 3439 866 συκοφάντου
3483 795 3803 866 κατηγορία,

2243 898 2485 970 μεγάλην
2516 895 2839 969 συνηγορίαν
2866 894 2964 965 τῆς
3007 890 3312 962 δεξιότητος
3348 888 3442 942 τοῦ
3476 905 3800 960 κατηγορου-

2244 989 2407 1059 μένου
2439 986 2797 1059 παρίστησιν;
2822 984 2896 1037 Οὐ
2936 981 3044 1053 γὰρ
3081 980 3148 1034 ἂν
3182 979 3318 1050 πρδς
3349 977 3683 1049 κατηγορίαν
3720 993 3809 1029 κε-

2241 1081 2550 1152 κινημένος,
2576 1078 2682 1131 τῶν
2715 1075 2972 1147 μειζόνων
2996 1072 3325 1143 φειδόμενος.
3351 1070 3408 1123 ὲν
3428 1071 3539 1133 τοῖς
3567 1066 3811 1139 μικροτέ-

2245 1188 2357 1244 ροις
2409 1168 2702 1240 ἁπησχόλει
2754 1168 2852 1237 τὴν
2887 1163 3185 1236 πονηρίανο
3226 1161 3367 1233 ὑπὲρ
3408 1152 3483 1214 ὧν
3512 1160 3605 1213 καὶ
3652 1158 3813 1223 πολύς

2241 1265 2407 1327 ἐστιν,
2442 1261 2683 1332 ὲπαίρων
2714 1259 2806 1313 καὶ
2829 1256 3012 1311 δεινῶν
3041 1256 3103 1308 τὸ
3146 1254 3387 1324 ἀδίκημα
3407 1291 3421 1312 .
3462 1253 3556 1305 καὶ
3605 1250 3810 1321 σεμνῶς

2243 1354 2371 1427 περὶ
2405 1352 2497 1406 τοῦ
2537 1350 2767 1423 ψεύδους
2800 1346 3135 1420 φιλοσοφῶν,
3164 1339 3282 1398 ἴσον
3310 1345 3387 1407 είς
3429 1342 3658 1397 ἀτοπίαν
3691 1341 3803 1413 κρί-

2241 1462 2368 1509 νων,
2399 1444 2495 1498 ὲάν
2524 1460 2585 1496 τε
2624 1442 2753 1514 περ)⁵
2787 1439 3068 1512 μειζόνων,
3105 1438 3197 1491 ὲάν
3224 1453 3284 1490 τε
3311 1436 3440 1506 περὶ
3476 1435 3810 1506 μικροτέρων

2242 1538 2271 1591 ὁ
2293 1537 2470 1605 λόγος.
2503 1529 2625 1589 Οἵδε
2650 1531 2759 1603 γὰρ
2781 1529 2922 1585 κατά
2946 1528 3071 1592 τοὺς
3093 1526 3337 1598 πατέρας
3359 1522 3523 1579 αὑτοῦ
3546 1524 3643 1595 τῆς
3664 1523 3811 1593 αἱρέ-

2245 1645 2401 1691 σεως,
2434 1625 2559 1690 τοὺς
2586 1622 2927 1696 γραμματεῖς
2956 1618 3100 1687 λέγω
3152 1617 3246 1671 καὶ
3271 1613 3595 1687 Φαρισαίους
3614 1653 3629 1677 ,
3659 1615 3810 1684 ἀκρι-

2244 1718 2353 1783 ϐῶς
2375 1717 2471 1789 μὲν
2486 1712 2768 1777 διυλίζειν
2782 1712 2887 1766 τὸν
2902 1710 3173 1774 κώνωπα,
3188 1706 3418 1778 ἀφειδῶς
3433 1705 3489 1759 δὲ
3502 1706 3815 1760 καταπίνειν

566 1809 811 1874 culicem,
853 1819 910 1865 et
946 1807 1102 1861 avide
1148 1806 1410 1860 devorare
1451 1802 1733 1873 gibbosam
1787 1801 2044 1855 cautelam
2070 1803 2136 1864 ¹²,

2247 1810 2346 1878 τὴν
2394 1804 2611 1860 σκολιὰν
2648 1802 2941 1873 κάμηλον,
2969 1801 3067 1871 τὴν
3094 1798 3172 1869 τῷ
3218 1797 3372 1869 βάρει
3418 1797 3518 1867 τῆς
3556 1796 3816 1866 πονηρίας

567 1899 806 1969 pondere
839 1894 1053 1950 malitia:
1096 1902 1373 1950 onustam.
1404 1891 1578 1959 Quem
1613 1891 1752 1948 forte
1786 1892 1883 1947 abs
1937 1908 1995 1946 re
2030 1909 2138 1947 non

572 1988 737 2042 t'uerit
765 1986 1081 2049 admouere,
1125 1984 1264 2039 utin
1313 1992 1503 2039 nostra
1533 1983 1812 2055 republica
1842 1983 1909 2038 ab
1948 1982 2139 2053 hujus-

566 2078 710 2132 iuodt
768 2076 977 2147 legibus
1033 2075 1271 2130 ferendis
1321 2073 1613 2140 abstineat,
1652 2090 1719 2130 ne
1751 2073 1959 2131 scilicet
1989 2091 2141 2128 tuan-

565 2170 677 2234 dct,
714 2179 769 2223 ut
827 2168 1088 2223 tenuitate
1136 2166 1218 2221 vel
1264 2166 1635 2237 magnitudine
1686 2182 1867 2222 rerum
1916 2167 2143 2223 menda-

565 2260 636 2315 cii
698 2258 1025 2313 calumniam
1072 2274 1179 2311 non
1230 2256 1609 2312 discernamus
1653 2276 1667 2312 :
1717 2274 1825 2313 non
1868 2261 2013 2314 enim
2068 2277 2141 2314 ae-

572 2348 811 2422 qualiter
836 2357 1025 2420 peccat
1050 2347 1253 2405 Paulus
1280 2349 1568 2414 mentiens,
1605 2350 1733 2405 dum
1762 2348 1991 2406 Iudaico
2032 2352 2138 2405 ritu

570 2443 955 2515 puriﬁcaretur
986 2457 1052 2497 eo
1088 2452 1351 2512 tempore,
1403 2459 1513 2513 quo
1566 2443 1697 2497 utile
1727 2450 1844 2498 erat
1876 2445 2138 2515 quosdam

566 2533 670 2588 hac
704 2532 886 2603 specie
924 2531 1101 2602 decipi
1129 2549 1144 2598 ;
1183 2538 1233 2587 et
1268 2529 1438 2587 Judas
1489 2532 1609 2602 ipso
1643 2534 1971 2604 proditionis
2003 2537 2139 2589 arti-

565 2625 712 2693 culo,
746 2640 870 2680 cum
898 2624 1062 2678 amici
1097 2631 1151 2679 et
1187 2624 1431 2679 benevoli
1465 2624 1705 2682 hominis
1735 2642 2026 2696 personam
2058 2629 2142 2683 in-

567 2714 685 2769 duit
713 2715 776 2769 ".
809 2711 1069 2769 Mentitus
1101 2723 1185 2769 est
1218 2723 1271 2768 et
1308 2710 1506 2784 Joseptt
1549 2715 1812 2773 fratribus
1859 2720 1998 2780 suis.
2051 2720 2142 2775 be-

569 2806 878 2869 nevolentia
902 2803 1136 2875 quadam
1172 2805 1253 2860 eis
1276 2806 1533 2871 illudens,
1598 2808 1734 2863 adeo
1788 2810 2029 2879 quidem,
2082 2819 2141 2864 ut

566 2899 729 2952 etiam
768 2913 862 2967 per
889 2894 1194 2951 Pharaonis
1221 2898 1508 2952 sanitatem
1525 2897 1737 2967 juratet
1760 2898 1826 2952 “.
1853 2899 1958 2955 Sed
1983 2916 2141 2955 men-

570 2992 653 3044 titi
679 2998 806 3044 sunt
833 2997 1021 3044 contra
1053 2988 1204 3042 illum
1238 2999 1293 3042 et
1331 2986 1525 3045 fratres
1549 2990 1625 3044 ":
1662 2990 1895 3061 primum
1919 2993 2138 3063 quidem

573 3088 766 3144 morte,
803 3087 993 3151 postea
1028 3078 1294 3135 servitute
1355 3079 1403 3134 ei
1439 3078 1677 3149 decreta,
1711 3091 1770 3136 ut
1824 3082 1929 3137 alia
1977 3084 2140 3156 hujus

569 3171 788 3241 generis
818 3169 1083 3224 omittam.
1123 3168 1382 3225 Mentitur
1412 3187 1629 3242 quoque
1657 3171 1845 3238 Sarra,
1873 3173 1945 3230 ob
1973 3152 2142 3230 risum
2170 3152 2214 3210 (ἶ

573 3260 780 3333 pudore
818 3260 1027 3317 sull‘usa
1053 3261 1119 3315 ⁸⁸.
1158 3260 1416 3317 Mentitur
1446 3264 1609 3319 etiam
1635 3280 1881 3336 serpens,
1913 3265 2031 3321 fore
2086 3275 2146 3321 ut

573 3353 739 3407 homo
782 3350 983 3405 violato
1028 3351 1121 3407 Dei
1177 3359 1447 3423 praecepto
1502 3354 1557 3408 in
1591 3354 1830 3409 divinam
1891 3367 2139 3411 naturam

568 3450 941 3500 convertatur.
990 3444 1060 3497 At
1114 3444 1257 3498 inter
1314 3444 1427 3498 haec
1482 3444 1761 3499 mendacia
1816 3446 2007 3517 ingens
2052 3455 2138 3502 est

569 3533 887 3597 discrimen,
945 3546 1047 3586 nec
1104 3531 1211 3586 dici
1253 3541 1451 3601 potest,
1491 3545 1792 3605 quantum,
1856 3536 1972 3590 sive
2019 3536 2144 3606 quis

572 3625 702 3680 huic
733 3626 811 3679 rei
846 3625 1129 3679 veritatem
1161 3632 1411 3679 astruere
1458 3625 1590 3679 velit
1620 3639 1685 3679 ex
1718 3626 2142 3696 antiquioribus,

575 3717 693 3772 sive
721 3732 784 3771 ex
820 3715 1203 3786 praesentibus.
1260 3714 1626 3783 Quamobrem
1658 3725 1711 3773 et
1738 3732 1839 3774 nos
1887 3717 2143 3784 fatemur,

570 3808 871 3865 secundum
933 3822 1275 3864 communem
1324 3807 1470 3861 illam
1530 3807 1599 3865 de
1657 3809 1968 3867 hominibus
2011 3811 2146 3867 Pro-

570 3901 744 3971 pheta:
788 3900 1156 3956 sententiam:
1191 3898 1376 3954 Omnis
1408 3900 1559 3954 homo
1615 3902 1842 3955 mendax
1864 3903 1906 3933 ¹⁸
1930 3945 1946 3969 ,
2007 3904 2146 3958 divi-

569 4009 699 4048 num
731 3993 1005 4047 hominem
1055 3990 1319 4046 Basilium
1371 3992 1424 4045 in
1457 3991 1802 4047 mendacium
1862 3993 2141 4060 incidisse,

566 4100 692 4140 cum
725 4085 1009 4138 ﬁnitimam
1054 4085 1328 4154 regionem
1356 4084 1596 4150 nomine,
1626 4086 1773 4156 quod
1801 4084 1939 4142 forte
1962 4086 2143 4142 fortu-

569 4191 639 4231 na
682 4184 811 4229 tunc
846 4174 1111 4241 occurrit,
1142 4174 1471 4246 indigitavit,
1501 4175 1811 4245 ignorantia
1860 4177 1943 4232 vel
1983 4177 2141 4232 incu-

568 4265 652 4320 ria
685 4266 919 4336 propria:
970 4265 1372 4334 appellationis.
1428 4268 1497 4321 At
1529 4267 1791 4322 mentitur
1828 4270 1991 4323 etiam
2030 4267 2143 4323 Eu-

566 4358 790 4414 nomius
816 4375 831 4412 :
862 4364 917 4413 et
949 4357 1223 4428 quodnam
1274 4358 1450 4428 ipsius
1492 4371 1577 4417 est
1606 4361 1995 4418 mendacium?
2024 4364 2140 4433 ipsa

2249 1896 2680 1969 πεφορτισμένην
2702 1912 2717 1928 ·
2754 1894 2888 1966 πρὸς
2920 1894 2978 1947 ὃν
3004 1894 3105 1947 οὐκ
3133 1890 3329 1946 ἄτοπον
3358 1884 3425 1961 ἦν
3452 1892 3582 1953 ῑσως
3618 1891 3815 1949 εἰπεῖν,

2247 1992 2328 2044 ὅτι
2356 1989 2542 2044 Φείδου
2579 1989 2678 2061 τῆς
2702 1986 2956 2059 τοιαύτης
2996 1984 3312 2056 νομοθεσίας
3341 1985 3398 2037 ὲν
3427 1985 3493 2054 τῇ
3522 1980 3640 2036 καθ’
3668 1984 3699 2051 ἡ
3710 1984 3814 2051 μᾶς

2248 2078 2512 2152 πολιτείᾳ,
2547 2079 2608 2134 τὸ
2639 2080 2770 2151 παρ’
2795 2061 2946 2131 οὐδὲν
2970 2073 3215 2148 ἡγεῖσθαι
3248 2073 3490 2128 κελεύειν
3521 2071 3810 2143 βραχύτητι

2250 2174 2588 2245 πραγμάτων
2607 2214 2622 2238 ,
2651 2174 2743 2227 καὶ
2775 2169 2991 2242 μεγέθει
3013 2168 3303 2241 διακρίνειν
3331 2166 3428 2239 τὴν
3454 2167 3590 2239 πρὸς
3609 2166 3669 2219 τὺ
3690 2165 3812 2235 ψεῦ-

2247 2267 2335 2329 δος
2365 2265 2643 2333 διαϐολήν·
2674 2264 2733 2318 ού
2762 2263 2871 2334 γὰρ
2897 2261 3094 2333 ὁμοίως
3125 2259 3425 2330 ἁμαρτάνει
3453 2257 3661 2320 Παῦλος
3686 2257 3819 2326 deu-

2246 2357 2485 2428 δόμενος.
2517 2356 2611 2409 καὶ
2651 2351 2955 2416 ἰουδαῖκῶς
2984 2350 3333 2421 ἀγνιζόμενος
3363 2350 3456 2403 ἐπὶ
3490 2348 3679 2421 καιροῦ
3707 2347 3817 2400 τῶν

2247 2448 2530 2520 χρησίμως
2566 2445 2969 2515 ἁπατωμένων.
2998 2443 3092 2497 καὶ
3132 2443 3332 2506 Ἰούδας
3361 2443 3419 2494 ὲν
3446 2440 3524 2512 τῷ
3554 2442 3653 2511 τῆς
3682 2458 3817 2510 προ-

2246 2540 2423 2603 δοσίας
2446 2538 2622 2611 καιρῷ
2647 2538 2798 2607 φίλον
2822 2536 2913 2589 καὶ
2936 2535 3275 2606 προσήγορον
3305 2534 3489 2604 σχῆμα
3517 2532 3816 2602 ὑποδυόμε-

2246 2647 2355 2694 νος.
2388 2628 2683 2698 Ἐψεύσατο
2705 2626 2799 2679 καὶ
2832 2624 3027 2695 Ἰωσὴφ
3049 2625 3107 2676 ὲν
3124 2622 3503 2693 φιλανθρωπία
3522 2622 3646 2684 τοὺς
3666 2621 3820 2674 ἁδελ-

2248 2723 2381 2792 φοῦς
2423 2720 2755 2783 διαπαίζων,
2793 2717 2887 2772 καὶ
2932 2715 3108 2770 ταῦτα
3132 2715 3228 2786 τὴν
3270 2714 3456 2784 ὑγείαν
3491 2713 3586 2767 τοῦ
3620 2713 3822 2785 Φαραὼ

2246 2813 2638 2887 ἐπομνύμενος.
2708 2811 2848 2865 ’Δλλ⁹
2886 2808 3182 2881 ἐψεύσαντο
3219 2809 3314 2862 καὶ
3356 2809 3405 2861 ot
3444 2806 3663 2877 ἀδελφοὶ
3694 2809 3823 2861 κατ’

2246 2906 2409 2962 αὐτοῦ
2433 2923 2444 2934 ·
2485 2906 2547 2960 τὸ
2587 2904 2849 2977 πρότερον
2884 2903 3016 2975 μὲν,
3055 2901 3303 2968 θάνατον,
3357 2899 3496 2972 μετὰ
3542 2900 3714 2953 ταῦτα
3763 2900 3821 2952 δὲ

2245 2998 2487 3053 δουλείαν
2527 2996 2616 3051 διὰ
2663 2996 2757 3049 τὸν
2804 2994 2995 3064 φθόνον
3042 2992 3457 3063 βουλεύσαντες·
3508 2992 3601 3045 καὶ
3649 2991 3822 3045 πολλά

2246 3090 2471 3145 τοιαῦτα
2513 3089 2656 3144 ἔστιν
2693 3089 2897 3141 εἰπεῖν·
2940 3085 3192 3157 ψεύδεται
3224 3085 3410 3157 Σάῥρα
3441 3083 3825 3155 ὲπερυθριῶσα

2246 3181 2325 3255 τῷ
2348 3181 2563 3252 γέλωτι.
2590 3179 2858 3234 Ψεύδεται
2883 3178 2978 3233 καὶ
2996 3180 3024 3232 ό
3048 3177 3172 3248 δφις
3195 3176 3275 3241 είς
3300 3175 3448 3229 Θείαν
3474 3175 3827 3248 μεταϐαίνειν

2248 3272 2408 3345 φύσιν
2443 3272 2534 3327 τὸν
2559 3271 2843 3343 ἄνθρωπον
2876 3272 2940 3324 ἐκ
2967 3270 3064 3341 τῆς
3093 3268 3378 3340 παρακοῆς
3409 3266 3823 3338 είσηγούμενος.

2246 3366 2422 3436 Πολλὴ
2454 3364 2548 3419 τοῦ
2578 3362 2807 3435 ψεύδους
2850 3365 2884 3434 ἡ
2926 3362 3061 3433 πρὸς
3099 3360 3198 3423 τὰς
3231 3358 3516 3421 ὑποθέσεις
3554 3358 3823 3428 διαφοράν

2246 3460 2339 3513 καὶ
2368 3458 2491 3515 οὐδὲ
2519 3458 2665 3512 ἔστιν
2701 3458 2873 3511 εἰπεῖν
2902 3457 3022 3525 ὅση,
3052 3454 3161 3508 εἴτε
3192 3456 3254 3507 ἐκ
3282 3452 3390 3508 τῶν
3418 3451 3662 3523 ἀρχαίων
3702 3450 3826 3521 διη-

2244 3547 2526 3620 γημάτων,
2552 3546 2660 3600 εἴτε
2686 3547 2751 3598 ἐκ
2776 3544 2871 3598 τοῦ
2901 3544 2995 3598 νῦν
3031 3544 3145 3614 βίου
3174 3542 3487 3614 δοκιμάζοις
3517 3539 3607 3594 τὸν
3636 3539 3822 3608 λόγον.

2246 3634 2453 3691 Οὐκοῦν
2482 3634 2575 3689 καὶ
2598 3635 2755 3705 ἡμεῖς
2780 3632 3063 3704 δεξόμεθα,
3082 3633 3163 3686 ὅτι
3188 3629 3330 3685 κατά
3357 3630 3452 3701 τὴν
3478 3628 3662 3698 κοινὴν
3692 3646 3760 3681 πε
3771 3630 3828 3699 pl

2244 3728 2351 3781 τῶν
2398 3724 2697 3796 ἀνθρώπων
2733 3724 3025 3795 ἀπόφασιν,
3052 3725 3119 3796 ἢν
3159 3721 3249 3777 διὰ
3287 3722 3381 3775 τοῦ
3426 3721 3712 3794 ιίροψήτου
3760 3720 3827 3772 τὸ

2244 3819 2469 3891 Πνεῦμα
2527 3819 2587 3873 τὸ
2637 3817 2790 3887 ἅγιον
2837 3818 3173 3887 ἀπεφήνατο,
3220 3815 3302 3869 ὅτι
3347 3812 3469 3881 Πᾶς
3508 3811 3828 3881 ἄνθρωπος

2243 3912 2538 3980 ψεύστης,
2582 3909 2676 3962 καὶ
2713 3909 2742 3962 ό
2771 3907 2863 3962 τοῦ
2896 3906 3032 3961 Θεοῦ
3079 3906 3364 3978 ἄνθρωπος
3402 3904 3702 3975 συνηνέχθη
3743 3902 3829 3972 τῷ

2242 4004 2453 4075 ψεύδει,
2489 4004 2585 4073 τὴν
2616 4001 2811 4074 ὅμορόν
2853 4018 2958 4054 τινι
3009 3999 3190 4071 χώραν
3221 3998 3430 4069 ἀγνοίᾳ.
3481 3998 3515 4066 ἢ
3548 3995 3831 4067 ὑπεροψίᾳ

2242 4096 2339 4168 τῆς
2378 4097 2474 4153 τοῦ
2497 4094 2663 4149 τόπου
2696 4092 3059 4165 προσηγορίας
3090 4092 3231 4147 κατὰ
3258 4091 3319 4145 τὸ
3363 4088 3572 4161 συμϐὰν
3613 4089 3826 4158 ἐπιφη-

2248 4187 2407 4259 μίσας
2425 4201 2441 4219 ο
2466 4185 2580 4240 ἀλλ’
2602 4184 2865 4255 ἐψεύσατο
2892 4183 2985 4238 καὶ
3008 4184 3290 4254 Εὐνόμιος,
3318 4184 3410 4235 καὶ
3439 4181 3489 4234 τί
3516 4180 3575 4232 τὸ
3598 4178 3828 4249 ψεῦδοςς

2244 4276 2422 4347 Αὐτῆς
2446 4275 2545 4346 τῆς
2582 4273 2839 4344 ἀληθείας
2870 4270 3228 4344 παραγραφὴ,
3255 4269 3345 4323 τὸν
3384 4268 3467 4323 ἀεὶ
3496 4267 3644 4329 ὄντα,
3689 4267 3830 4319 ποτε

2246 4366 2322 4437 μὴ
2354 4362 2492 4420 εἶναι
2527 4365 2706 4434 λέγει·
2743 4363 2835 4420 τὸν
2868 4362 3083 4436 ἀληθῶς
3104 4362 3249 4425 Υίδν,
3283 4360 3632 4432 ψευδώνυμον
3673 4358 3830 4429 ἔχειν

566 4448 823 4503 videlicet
852 4449 1101 4503 veritatis
1127 4452 1433 4521 corruptio,
1461 4451 1592 4506 dum
1625 4470 1774 4518 eum,
1798 4455 1893 4525 qui
1922 4470 2138 4525 semper

2246 4457 2339 4529 τὴν
2370 4456 2740 4528 προσηγορίαν
2760 4455 3177 4519 κατασκευάζει,
3205 4453 3296 4508 τόν
3323 4453 3546 4523 κτίστην
3574 4451 3829 4516 πάντων,

570 4548 676 4603 est,
710 4541 1007 4612 aliquando
1048 4557 1158 4595 non
1216 4539 1387 4597 fuisse
1432 4541 1587 4605 dicit,
1617 4558 1915 4615 verumque
1939 4542 2133 4599 Filium

571 4629 713 4687 falso
755 4631 974 4686 nomine
1007 4631 1267 4701 appellari
1329 4632 1613 4686 contendit
1652 4650 1667 4687 :
1726 4641 2139 4706 creatoremque

574 4725 817 4779 omnlqu
869 4732 1174 4779 creaturam
1235 4732 1290 4778 et
1321 4723 1583 4778 facturam
1643 4741 1765 4781 esse
1822 4725 2045 4793 deﬂuit;
2086 4737 2141 4782 et

565 4815 810 4870 omnium
856 4815 1149 4870 Dominum
1203 4830 1422 4872 servum
1478 4816 1644 4873 facit:
1679 4833 1915 4888 eumque
1970 4819 2059 4874 cui
2110 4833 2139 4872 a

567 4909 875 4976 naturajus
905 4905 1226 4963 dominandi
1257 4908 1539 4978 competit,
1571 4910 1627 4964 in
1674 4925 1958 4965 servorum
1986 4910 2136 4965 ordi—

564 5013 688 5054 nem
720 4999 915 5069 redigit
943 5016 957 5052 :
982 5014 1110 5052 num
1141 4998 1256 5053 haec
1283 4999 1408 5054 talis
1438 5008 1489 5054 et
1535 5010 1644 5055 tam
1690 5001 1849 5057 exilis
1876 5012 1959 5057 est
1985 5017 2136 5057 mcu-

2243 4545 2404 4601 αὺτδν
2431 4545 2635 4615 κτίσμα
2667 4540 2804 4598 εἶναι
2855 4544 2951 4598 καὶ
2989 4544 3201 4614 ποίημα
3240 4542 3561 4615 διορίζεται⁶
3596 4540 3689 4595 τὸν
3718 4558 3830 4593 κυη

2247 4638 2493 4710 ριεύοντα
2517 4637 2622 4690 τῶν
2642 4636 2797 4700 ὅλων,
2826 4635 3011 4689 δοῦλον
3041 4636 3433 4706 προσαγορεύει
3454 4649 3467 4663 ⁸
3497 4632 3587 4686 τὸν
3622 4634 3687 4685 ὲκ
3717 4634 3833 4701 φύ-

2248 4746 2383 4793 σεως
2415 4727 2476 4781 τὸ
2505 4727 2691 4800 ἄρχειν
2719 4728 2905 4799 ἔχοντα
2924 4770 2938 4790 ,
2967 4731 3035 4799 τῇ
3066 4727 3389 4800 δουλευούσῃ
3422 4724 3577 4795 φύσει
3610 4742 3833 4794 συγκαο

2246 4819 2523 4874 τατάσσει.
2558 4815 2703 4890 ’Δρα
2733 4818 2907 4890 μικρά
2942 4818 3033 4871 τοῦ
3064 4818 3291 4887 ψεύδους
3400 4817 3668 4889 διαφόρω
3710 4819 3837 4871 Καὶ

2245 4910 2503 4980 τοσαύτη,
2543 4910 2619 4973 ὡς
2664 4908 2781 4963 ἀντ’
2810 4907 3023 4970 οὐδενὸς
3047 4906 3251 4960 οἴεσθαί
3282 4922 3434 4970 τινα,
3469 4905 3529 4958 τὸ
3557 4904 3758 4969 οὕτως,
3796 4906 3835 4976 ἦ

2241 5001 2316 5066 ὡς
2344 5001 2544 5073 ἑτέρως
2574 4999 2829 5072 ἐψεῦσθαι
2852 4998 3062 5063 δοκεῖν;

565 5095 710 5150 dae“
744 5095 1072 5159 (ῙὶΠθτειιιῖει.
1106 5107 1165 5151 ut
1199 5112 1298 5167 pro
1326 5096 1496 5152 nihilo
1524 5097 1833 5155 ducendum
1888 5098 1980 5165 sit,
2015 5099 2129 5154 sive
2167 5100 2291 5169 quis
2315 5099 2440 5164 hoc,
2475 5099 2593 5154 sive
2624 5097 2718 5153 illo
2741 5097 2905 5151 modo
2937 5092 3280 5149 mentiatur?

635 5187 1124 5245 Verumeuimvero
1175 5189 1353 5245 videte
1400 5206 1585 5254 nunc,
1639 5206 1804 5261 quam
1875 5207 2021 5247 cura:
2065 5192 2135 5248 sit

562 5281 767 5335 veritas
796 5281 867 5345 ei,
909 5283 1001 5351 qui
1032 5282 1169 5337 alios
1217 5290 1277 5335 ut
1311 5281 1573 5351 sophistas
1625 5283 1821 5339 crebro
1870 5283 2134 5338 conviciis

563 5371 796 5439 impetit.
826 5371 1047 5426 Dixerat
1073 5371 1127 5424 iu
1171 5387 1273 5427 suo
1297 5373 1559 5429 adversus
1589 5389 1713 5429 eum
1770 5375 1910 5429 libro
1961 5376 2135 5445 magi-

560 5465 677 5513 ster
727 5469 939 5525 noster,
992 5464 1137 5530 quod
1191 5475 1257 5515 co
1291 5470 1569 5531 tempore,
1623 5477 1734 5531 quo
1790 5476 1878 5517 res
1913 5468 2135 5516 mutatae

637 5630 681 5661 "
721 5630 907 5684 Matth.
940 5647 1098 5691 mu.
1133 5634 1224 5687 9.4.
1302 5635 1594 5699 “Luem,
1636 5637 1723 5691 47.

560 5708 649 5769 ιιι,
674 5700 725 5754 ι.
788 5701 830 5732 ³⁸
862 5699 1005 5757 Psal.
1030 5717 1154 5771 cxv,
1197 5703 1280 5756 ll.

2325 5191 2483 5245 ’Λλλά
2507 5191 2599 5245 καὶ
2630 5190 2721 5244 τὸν
2744 5185 3102 5258 σοφιστικὸν
3129 5186 3283 5254 λόγον
3315 5182 3658 5248 ὲπονειδίζων
3702 5184 3834 5237 ἐτέ-

2246 5299 2376 5354 ροις,
2405 5281 2656 5355 θεωρεῖτε
2691 5280 2806 5334 οἵαν
2832 5279 2932 5349 τῆς
2962 5275 3193 5349 ἀληθοῦς
3234 5273 3554 5341 ἀποδείξεως
3581 5277 3834 5328 ποιεῖται

2240 5373 2339 5443 τὴν
2372 5373 2704 5443 ἐπιμέλειαν.
2745 5367 2911 5428 Εἶπεν
2939 5374 2997 5425 ἐν
3034 5371 3111 5443 τῷ
3140 5370 3280 5442 λόγῳ
3312 5369 3387 5442 τῷ
3421 5369 3556 5439 πρὸς
3596 5369 3764 5423 αὐτὸν
3795 5373 3835 5423 ὁ

2240 5464 2551 5529 διδάσκαλος
2579 5464 2752 5535 ἡμῶν,
2785 5464 2865 5518 ὅτι
2896 5464 2952 5517 ἐν
2980 5463 3057 5535 τῷ
3086 5461 3262 5535 καιρῷ
3290 5462 3388 5534 τῆς
3420 5461 3525 5516 τῶν
3556 5462 3837 5534 πραγμά-

1804 5639 1845 5670 ¹⁸
1873 5638 2007 5693 Gen.
2038 5653 2167 5703 xui,
2205 5637 2291 5695 lli.
2362 5638 2402 5671 "
2429 5638 2563 5695 Gen.
2604 5655 2811 5707 xxxvii,
2842 5638 2932 5695 '52.
3009 5639 3051 5671 "
3083 5639 3219 5696 Gen.
3252 5656 3407 5705 xvtu,
3439 5639 3527 5697 l5.
3590 5641 3635 5674 ²⁷
3670 5642 3831 5704 Gen.
