4008 6210
348 268 456 327 385

1480 264 1758 322 CONTRA
1799 264 2184 332 EUNOMlU-M,
2227 267 2354 322 LIB.
2399 267 2437 322 I.

3489 267 3594 324 28$

352 399 457 436 των
499 379 882 451 καταστροφῆς
905 418 920 442 ,
972 371 1127 443 οὗτος
1177 375 1340 435 ἆθλον
1388 381 1482 451 τῆς
1529 381 1783 445 ἀσεϐείας
1827 383 1912 454 rip.

2025 393 2174 445 sunt,
2202 382 2304 438 iste
2328 383 2586 454 Cyzicum
2631 381 2912 452 pranuium
2954 379 3250 453 impietatis
3279 389 3595 451 reportave-

351 471 582 536 Κύζικον
607 470 978 542 ἀπηνέγκατο.
1008 471 1075 524 Τί
1099 469 1194 526 οὖν
1224 472 1254 526 ὀ
1285 475 1407 537 τοὺς
1437 475 1690 542 σοφιστὰς
1721 475 1922 544 διελέγ-

342 579 452 630 χων
484 564 663 626 ποιεῖς
699 561 871 626 Εὐθὺς
903 562 1192 633 ἐπιφύεται
1213 563 1292 636 τῷ
1321 564 1426 620 τοῦ
1454 566 1644 619 ἄθλου
1679 567 1922 636 ὀνόματι,

338 653 433 706 καὶ
464 651 942 723 συνομολογεῖσθαι
973 655 1104 726 παρ’
1130 652 1286 724 ἡμῶν
1315 672 1470 726 φησι,
1491 656 1553 708 τὸ
1584 655 1682 709 καὶ
1709 656 1925 710 ἀπολε-

332 743 656 812 λογῆσθαι,
690 741 792 797 καί
835 743 1087 813 νικῆσαι
1119 743 1218 799 διὰ
1250 729 1360 814 τῖῆς
1393 747 1780 817 αίιτολογίας,
1821 748 1920 802 καί

333 835 400 888 τὸ
425 835 500 887 ἐκ
535 833 650 900 τῆς
682 835 859 900 νίκης
887 827 1080 890 ἆθλον
1111 835 1211 892 διὰ
1244 836 1366 891 τῶν
1401 837 1646 909 ἀγώνων
1674 841 1922 910 κομίσα-

330 934 507 982 σθαι·
540 929 637 979 καὶ
662 926 944 998 συντίθησι
965 924 1322 999 συλλογισμὸν
1352 929 1440 983 διὰ
1461 929 1570 985 τῶν
1595 931 1918 1003 ἀναντιῤῥή-

331 1037 468 1082 των,
490 1017 566 1082 ὡς
590 1020 786 1081 οἴεται,
819 1019 1208 1092 συμπεραίνων
1233 1019 1324 1073 τὸν
1345 1020 1520 1089 λόγον.
1549 1023 1840 1094 Εἰρήσεται
1864 1023 1920 1076 δὲ

329 1110 478 1164 αύτά
507 1111 575 1164 τὰ
595 1111 962 1183 γεγραμμένα
991 1112 1122 1180 παρ’
1152 1110 1317 1166 αὑτοῦ
1347 1113 1438 1166 ἐπὶ
1461 1112 1677 1178 λέξεως.
1709 1117 1780 1168 El
1808 1115 1920 1182 γὰρ

331 1203 396 1256 τὸ
430 1195 648 1268 ἆθλον,
677 1203 860 1272 φησὶν,
887 1203 1060 1271 νίκης
1083 1203 1215 1257 ἐστί
1255 1203 1559 1274 γνώρισμα
1592 1205 1690 1259 καί
1723 1205 1916 1272 τέλος·

321 1292 548 1362 μηνύει
573 1290 642 1344 δὲ
659 1290 774 1358 τὴν
797 1291 976 1359 νίκην
1032 1286 1068 1354 τ’]
1111 1291 1250 1359 δίκη
1275 1310 1289 1325 ·
1313 1294 1660 1364 συνεισάγει
1680 1293 1748 1348 δὲ
1765 1295 1916 1349 πάν-

325 1400 446 1448 τως
469 1381 657 1450 ἑαυτῆ
685 1381 798 1450 τὴν
817 1383 1182 1451 κατηγορίαν
1207 1385 1246 1451 ἡ
1268 1383 1406 1452 δίκη
1431 1402 1444 1414 ·
1472 1387 1504 1439 ό
1527 1384 1594 1440 τὸ
1621 1378 1810 1440 ἆθλον
1829 1384 1917 1439 δι-

321 1471 499 1536 δοὺς,
527 1471 868 1540 ἀναγκαίαν
893 1467 1044 1526 εἶναι
1069 1471 1254 1542 φήσει
1283 1473 1382 1527 καί
1417 1473 1531 1540 τὴν
1557 1475 1911 1544 ἀπολογίαν.

321 1565 386 1618 Τί
413 1559 516 1616 οἶν
548 1565 740 1634 ἡμεῖςς
777 1561 1104 1631 Ἦγωνίσθαι
1133 1564 1232 1634 μὲν
1265 1563 1448 1627 αὐτδν,
1480 1565 1574 1620 καὶ
1607 1566 1746 1620 πάνυ
1783 1584 1916 1637 σφα.

319 1655 473 1727 δρῶς
510 1671 570 1708 τε
601 1655 695 1707 καὶ
734 1655 1058 1726 ἐρρωμένως
1099 1655 1191 1708 τὸν
1225 1657 1456 1728 πονηρὸν
1497 1657 1684 1711 τοῦτον
1727 1659 1913 1727 ἀγῶνα

2025 475 2114 529 rit.
2143 474 2284 540 Quid
2319 474 2484 543 igitur
2511 473 2643 544 agit,
2677 475 2772 544 qui
2816 476 2939 528 aliis
2970 473 3345 544 sophistarum
3395 489 3592 529 nomen

2030 565 2265 636 objicit?
2296 563 2494 620 Statim
2521 575 2738 637 arrepto
2765 567 2970 636 pra-inii
3013 566 3302 631 vocabulo,
3334 566 3596 621 tenaciter

2023 658 2072 712 ei
2105 657 2354 720 inhaeret,
2385 666 2439 712 et
2465 672 2566 712 nos
2597 655 2842 711 contiteri
2876 659 2971 717 ait.
3009 659 3147 726 quod
3189 673 3284 724 pro
3323 673 3378 710 se
3405 657 3591 725 apolo-

2021 749 2168 818 giant
2199 749 2530 812 instituerit,
2555 757 2602 802 et
2629 763 2722 818 per
2761 747 3058 816 apologiam
3105 745 3386 804 obtinuerit
3433 747 3595 800 uicto-

2022 838 2185 900 riam,
2221 840 2494 908 prmmium
2531 838 2670 891 enim
2705 838 2936 892 victoria:
2967 838 3226 904 reportari
3247 851 3312 890 ea:
3349 839 3588 890 certami-

2021 925 2176 981 nibus
2203 943 2228 989 :.
2257 936 2313 982 et
2340 943 2464 982 mox
2497 927 2868 999 syllogismum
2899 927 3138 992 conficit,
3167 935 3220 981 et
3249 935 3309 981 ut
3340 927 3459 998 ipse
3487 928 3591 982 sibi

2020 1017 2336 1088 persuadet,
2371 1035 2434 1072 ex
2469 1018 2794 1074 certissimis
2815 1026 2868 1073 et
2889 1018 3234 1074 evidentibus
3283 1018 3593 1075 conclusio-

2021 1125 2144 1164 nem
2173 1107 2355 1164 infert.
2393 1108 2654 1165 Recitabo
2688 1117 2872 1164 autem
2909 1107 2978 1163 ad
3030 1109 3262 1164 verbum
3295 1125 3417 1180 qua:
3451 1111 3591 1164 scri-

2021 1199 2166 1270 psit:
2207 1199 2268 1254 Si
2289 1199 2451 1262 enim,
2492 1199 2690 1270 inquit,
2725 1198 3003 1268 prcemium
3022 1209 3098 1252 est
3133 1199 3342 1270 signant
3370 1208 3420 1253 et
3465 1198 3590 1268 ﬁnis

2019 1292 2275 1356 victoria’,
2293 1289 2560 1360 judicium
2584 1307 2702 1345 vero
2729 1291 3014 1346 uictoriam
3059 1290 3254 1354 innuit,
3287 1291 3584 1344 necessario

2017 1391 2194 1436 autem
2243 1382 2509 1452 judicium
2566 1382 2900 1451 conjunctam
2954 1380 3106 1435 habet
3156 1383 3588 1434 accusationem:

2017 1475 2273 1545 sequitur,
2317 1475 2484 1544 utqui
2513 1474 2748 1530 concedit
2799 1475 2962 1528 alicui
2993 1476 3294 1544 precarium,
3333 1475 3378 1528 is
3423 1475 3583 1527 etiam

2016 1566 2251 1636 fateatur
2293 1567 2598 1621 institutam
2639 1583 2753 1622 esse
2789 1565 3088 1636 apologiam
3127 1575 3174 1620 et
3209 1565 3584 1631 defensionem.

2016 1656 2154 1724 Quid
2183 1657 2347 1728 igitur
2367 1657 2433 1711 ad
2457 1656 2572 1713 bac
2595 1655 2738 1712 nos?
2764 1672 3040 1727 pugnasse
3071 1656 3258 1721 istum,
3291 1654 3585 1726 etquidem

319 1725 422 1816 τῆς
460 1746 738 1810 ἀσεϐείας.
763 1725 864 1798 οὐκ
884 1725 1254 1818 ἀντιλέγομεν,
1279 1725 1377 1801 καί
1399 1748 1461 1802 ού
1493 1747 1675 1820 μικρῷ
1703 1725 1784 1820 τῷ
1811 1751 1907 1820 μέ-

2016 1749 2169 1806 valde
2210 1749 2460 1812 viriliter,
2496 1757 2550 1804 et
2596 1765 2860 1820 generose
2908 1750 3046 1803 hanc
3073 1747 3452 1802 detestandam
3485 1747 3585 1800 im-

319 1853 442 1906 τρῳ
473 1837 606 1900 τοὺς
648 1836 868 1906 ὁμοίους
915 1837 1348 1910 ὑπερϐεϐηκέναι
1393 1841 1486 1894 καὶ
1529 1841 1814 1912 ὑπερέχειν
1854 1845 1909 1895 ἐν

319 1928 440 1991 τοῖς
475 1926 621 1980 κατὰ
650 1927 750 1998 τῆς
780 1927 1037 1999 ἀληθείας
1067 1928 1283 2000 ἱδρῶσιν
1301 1945 1316 1961 ο
1347 1929 1462 1983 ἀλλ’
1493 1931 1612 2001 οὐχὶ
1640 1931 1780 1986 κατά
1804 1933 1910 1984 τῶν

319 2016 804 2088 ἀντιτεταγμένων
841 2017 1131 2089 ἐσχηκέναι
1167 2017 1236 2074 τὰ
1267 2020 1595 2092 νικητήριαο
1631 2022 1911 2092 συγκρίσει

317 2107 373 2162 δὲ
396 2105 522 2160 τῶν
547 2105 960 2178 συνδραμόντων
987 2107 1137 2179 αύτῷ
1163 2107 1230 2162 δι’
1253 2109 1508 2175 ἀσεϐείας
1530 2111 1623 2164 ἐπὶ
1652 2112 1749 2182 τὴν
1779 2113 1913 2166 nli-

319 2213 448 2271 νην,
485 2197 842 2268 προτερεύειν
874 2199 1092 2254 πάντων
1124 2202 1182 2254 ἐν
1224 2203 1290 2272 τῇ
1336 2201 1626 2274 περιουσία
1657 2202 1751 2256 τοῦ
1780 2203 1912 2272 ibeo-

317 2289 482 2352 δους,
532 2289 631 2343 καί
670 2288 813 2344 οὕτω
841 2289 1024 2346 λαϐεῖν
1051 2292 1173 2346 ἀντὶ
1198 2292 1302 2363 τῆς
1337 2294 1418 2357 εἰς
1449 2293 1510 2347 τὸ
1551 2294 1717 2347 κακὸν
1747 2295 1913 2366 ὑπερ-

321 2380 490 2452 ϐολῆς
524 2378 692 2436 ἆθλον
731 2383 830 2454 τὴν
859 2381 1129 2447 Κύζικον·
1171 2383 1252 2448 ὡς
1288 2385 1504 2439 πάντων
1539 2383 1649 2440 τῶν
1685 2386 1776 2438 ἐπὶ
1801 2388 1912 2450 τοῖς

321 2474 535 2544 ὁμοίοις
583 2472 728 2528 κατά
772 2473 875 2544 τῆς
921 2473 1179 2546 ἀληθείας
1228 2475 1629 2546 κονισαμένων,
1657 2476 1719 2530 τὸ
1753 2477 1912 2530 πλέον

324 2565 550 2638 ἔχοντα,
575 2565 676 2620 καὶ
703 2567 797 2620 ἐπὶ
823 2567 890 2638 τῇ
914 2565 1042 2640 νίκῃ
1072 2566 1212 2622 κατὰ
1241 2568 1342 2639 τὴν
1368 2566 1714 2639 βλασφημίαν
1747 2569 1913 2640 ἀναῤ-

325 2658 568 2730 ρηθῆναι
596 2657 836 2730 λαμπρῷ
865 2658 958 2714 καὶ
983 2661 1272 2730 περιφανεῖ
1291 2659 1370 2730 τῷ
1393 2659 1726 2732 κηρύγματι,
1747 2659 1806 2712 ὲν
1835 2657 1913 2728 τῷ

328 2750 527 2820 μισθὸν
557 2749 662 2820 τῆς
693 2749 924 2814 ἀτοπίας
951 2750 1098 2821 αὑτῷ
1128 2749 1282 2823 παρά
1305 2750 1412 2806 τῶν
1441 2749 1614 2814 οὕτως
1649 2748 1914 2819 ἀγωνοθε-

325 2842 572 2896 τούντων
591 2840 941 2912 ἐξαιρεθῆναι
967 2840 1066 2914 τὴν
1091 2840 1350 2906 Κύζικον·
1367 2837 1459 2892 καὶ
1471 2837 1553 2892 δτι
1573 2839 1746 2894 ταῦτα
1771 2839 1912 2893 κατὰ

327 2931 426 3002 τὴν
471 2928 740 3002 ῥηθεῖσαν
767 2929 1006 2985 διάνοιαν
1040 2933 1170 3003 παρ’
1201 2929 1358 2998 ἡμῶν
1391 2928 1769 3001 ὡμολόγηται,
1801 2927 1912 2982 82i-

328 3036 522 3074 κνυσιν
546 3022 577 3074 ὁ
606 3019 875 3091 ἡμέτερος
899 3019 1055 3090 λόγος
1075 3037 1090 3052 ·
1113 3023 1196 3077 ὄτι
1249 3019 1532 3086 ἀσεϐείας
1562 3013 1771 3085 ἆθλον,
1793 3021 1913 3091 οὐχὶ

327 3110 635 3180 ἀπολογίας
675 3111 1008 3184 κατόρθωμά
1043 3130 1224 3185 φαμεν
1263 3111 1410 3183 αὐτῷ
1450 3111 1774 3182 γεγενῆσθαι
1812 3111 1912 3180 τὴν

327 3203 592 3267 Κύζικον.
627 3202 693 3256 Τί
721 3199 814 3258 οὖν
845 3203 1022 3258 κοινὸν
1051 3203 1163 3275 ἔχει
1195 3203 1262 3257 τὰ
1295 3200 1912 3274 παρ’ήμῶνείρημιένα“

329 3290 675 3366 ταῶαριώδη
705 3293 910 3364 ταύτην
944 3293 1054 3347 τῶν
1086 3289 1434 3365 σοφισμάτων
1463 3293 1696 3364 πλοκήν·
1725 3292 1800 3356 ὡς
1825 3291 1912 3352 διὰ

327 3382 488 3438 τοῦτο
521 3383 786 3453 συστῆναι
823 3381 971 3454 αὐτῷ
1008 3383 1102 3437 καὶ
1127 3383 1226 3455 τὴν
1251 3383 1408 3454 δίκην
1425 3423 1441 3448 ,
1471 3383 1564 3436 καὶ
1591 3383 1691 3455 τὴν
1719 3381 1913 3436 απολος

330 3475 450 3543 τίαν
472 3473 951 3541 κατεσκευάσθαι;
979 3474 1204 3546 Ὅμοιον
1223 3473 1332 3547 γὰρ
1354 3475 1414 3528 τὸ
1442 3475 1700 3537 τοιοῦτον,
1725 3474 1912 3548 ὥσπερ

331 3567 394 3621 ἄν
424 3581 513 3628 τις
555 3565 618 3617 ὲν
659 3563 944 3636 συμποσίῳ
988 3564 1156 3619 πλείω
1193 3564 1300 3618 τῶν
1333 3563 1507 3618 ἄλλων
1547 3565 1638 3618 τὸν
1679 3565 1912 3637 ἄκρατον

333 3657 699 3728 ἐγχεάμενος.
744 3655 840 3709 καὶ
879 3653 970 3710 διὰ
1007 3655 1167 3709 τοῦτο
1211 3654 1390 3727 γέρως
1436 3655 1578 3720 τινὸς
1621 3654 1762 3710 κατά
1803 3655 1913 3709 τῶν

335 3748 756 3820 συμμεθυόντων
796 3746 1078 3813 ἀξιωθεὶς,
1100 3747 1199 3820 τὴν
1234 3751 1292 3804 ὲν
1323 3748 1400 3820 τῷ
1430 3747 1716 3819 συμποσίῳ
1754 3747 1912 3820 νίκην

331 3840 632 3911 τεκμήριον
658 3841 864 3892 ποιοῖτο
881 3837 972 3892 τοῦ
997 3839 1090 3894 καὶ
1110 3839 1170 3894 ὲν
1191 3839 1559 3912 δικαστηρίοις
1579 3839 1909 3906 δεδικάσθαι,

331 3931 427 3984 καὶ
470 3931 758 4004 {impexam
802 3931 1180 4002 ὂικασάμενον.
1231 3932 1476 3999 Ἐξέσται
1519 3933 1628 4003 γὰρ
1675 3933 1911 4003 κάκείνῳ

332 4020 426 4092 τὴν
487 4019 696 4092 πλοκὴν
743 4019 838 4074 τοῦ
891 4019 1249 4094 συλλογισμοῦ
1313 4023 1682 4094 μιμήσασθαι·
1732 4024 1794 4077 Et
1852 4023 1911 4078 τὸ

333 4107 492 4164 ἆθλον
522 4112 681 4183 νίκης
708 4111 823 4164 ἐστὶ
854 4111 1140 4184 γνωρίσμα
1172 4114 1266 4167 καὶ
1294 4113 1478 4178 τέλος·
1509 4113 1702 4185 μηνύει
1723 4111 1778 4165 δὲ
1809 4113 1909 4185 τὴν

327 4203 489 4274 νίκην
513 4206 548 4274 ἡ
572 4203 698 4274 δίκη
716 4219 732 4234 °
765 4203 1071 4274 συνεισάγει
1093 4203 1149 4260 δὲ
1176 4204 1392 4269 πάντως
1419 4205 1586 4276 ἑαυτῇ
1616 4203 1714 4275 τὴν
1742 4220 1909 4274 κατη-

341 4293 524 4366 ;ορίαν
545 4296 580 4363 ἡ
607 4294 731 4367 δίκη
757 4313 772 4325 ·
799 4295 1024 4366 ἐνίκησα
1048 4297 1146 4366 τὴν
1176 4295 1331 4367 δίκην
1359 4293 1491 4364 ἐγὼ,
1525 4294 1710 4364 ἐπειδὴ
1741 4295 1907 4349 πίνων

332 4385 603 4457 ἑπέσθην
635 4387 694 4439 ὲν
724 4385 802 4458 τῷ
838 4388 935 4460 τῆς
965 4388 1298 4450 πολυποσίας
1327 4387 1519 4456 ἀγῶνι.

397 4665 542 4718 Ἀλλ’
577 4663 694 4735 ipsi
724 4679 809 4727 τις
842 4663 1056 4728 πάντως
1096 4662 1231 4732 πρὸς
1267 4661 1357 4714 τὸν
1395 4659 1536 4714 οὕτω
1577 4659 1908 4724 καλλωπιζὸ-

338 4771 518 4824 μενον,
565 4755 650 4808 ὅτι
695 4753 846 4834 ἄλλοι
891 4751 1103 4823 ἀγῶνες
1141 4751 1201 4805 ὲν
1243 4750 1596 4823 δικαστηρίῳ,
1633 4750 1724 4803 καὶ
1750 4750 1907 4815 ἄλλος

331 4845 527 4916 τρόπος
549 4845 649 4916 τῆς
681 4846 740 4898 ὲν
775 4843 1101 4916 συμποσίοις
1123 4842 1404 4913 ἀθλήσεως
1431 4858 1446 4873 ·
1491 4841 1586 4895 καὶ
1623 4843 1652 4895 ὁ
1679 4842 1907 4912 νικήσας

331 4937 421 4992 διὰ
446 4940 547 5009 τῆς
575 4937 817 5002 κύλικος,
846 4935 1002 4991 οὐδὲν
1048 4935 1161 5008 εχει
1208 4933 1368 4989 πλέον
1401 4934 1466 4987 ἐκ
1519 4933 1614 5003 τῆς
1657 4931 1911 5001 τοιαύτης

333 5029 485 5098 νίκης
511 5027 626 5082 τῶν
654 5029 712 5082 ὲν
735 5026 1106 5100 δικαστηρίοις
1133 5023 1602 5094 ἀντιτεταγμένων
1624 5022 1792 5093 αὐτῷ·
1811 5022 1912 5076 κᾶν

339 5138 416 5182 τις
440 5121 674 5184 ἀνθίνοις
709 5119 994 5191 στεφάνοις
1032 5117 1456 5186 ὲπαγλαῖσηται.
1488 5113 1696 5169 Ούκοῦν
1741 5112 1860 5166 οὐδὲ
1884 5113 1913 5164 ὁ

331 5212 704 5285 tamen;
741 5209 997 5275 ἀσεϐείας
1046 5208 1153 5264 τῶν
1200 5208 1404 5280 ὁμοίων
1450 5206 1910 5280 προτεταγμένος,

333 5305 434 5376 ἥδη
459 5305 551 5358 καὶ
576 5303 674 5359 τοῦ
699 5307 759 5360 ὲν
784 5306 852 5376 τῇ
875 5302 1054 5376 κρίσει
1084 5297 1430 5371 νενικηκέναι
1469 5297 1558 5351 διὰ
1603 5295 1696 5351 τοῦ
1744 5295 1906 5349 ἄθλου

2015 1843 2232 1914 pietatis
2261 1856 2517 1912 pugnam,
2547 1857 2657 1896 non
2685 1841 2828 1896 imus
2853 1841 3086 1903 inﬁcias,
3119 1855 3220 1894 nec
3271 1839 3582 1900 abnuimus,

2012 1947 2138 1989 eum
2173 1929 2367 2002 grandi
2395 1929 2684 1984 intervallo
2722 1943 3014 1999 superasse
3039 1929 3176 1982 alios
3202 1929 3256 1981 in
3283 1929 3586 1982 certamine

2013 2031 2212 2077 contra
2245 2020 2552 2086 veritatem,
2581 2017 2676 2075 sed
2701 2018 2976 2082 addimus,
3004 2025 3116 2072 tum
3151 2034 3257 2070 non
3283 2017 3586 2073 obtinuisse

2013 2115 2248 2170 devictis
2295 2111 2628 2168 adversariis
2675 2112 2790 2166 suis
2846 2111 3122 2180 palmam:
3173 2107 3408 2164 fatemur
3453 2109 3581 2164 item

2013 2205 2429 2276 comparatione
2481 2204 2762 2258 sociorum
2831 2203 2885 2256 in
2923 2201 3216 2270 impietatis
3267 2201 3449 2255 studio
3478 2201 3591 2271 pal-

2015 2312 2159 2352 mam
2224 2295 2574 2368 pra-ripuisse
2625 2293 2908 2353 omnibus.
2957 2300 3146 2360 utpote
3202 2291 3256 2345 in
3288 2293 3588 2347 mendaciis

2012 2387 2530 2444 exercitatissimum
2556 2403 2570 2439 :
2597 2393 2651 2440 et
2679 2385 2760 2439 sic
2799 2384 2869 2438 ob
2895 2385 3188 2454 impietatis
3243 2383 3583 2438 immensita-

2013 2484 2124 2530 tent
2168 2476 2542 2545 episcopatum
2603 2474 2957 2545 Cyzicensem
3006 2474 3211 2542 prmmii
3262 2473 3384 2527 loco
3429 2488 3588 2528 nece--

2011 2563 2162 2635 pisse
2192 2582 2204 2617 :
2238 2569 2499 2634 tanquam
2537 2563 2713 2625 illum,
2764 2563 2857 2632 qui
2907 2575 3120 2624 omnes,
3156 2561 3209 2615 in
3245 2563 3436 2616 eodem
3485 2562 3582 2617 ad-

2013 2670 2205 2711 versus
2234 2655 2516 2710 veritatem
2548 2655 2772 2724 pulvere
2801 2653 3159 2716 desudantes,
3187 2653 3346 2724 longe
3373 2665 3497 2723 post
3527 2670 3587 2708 se

2014 2744 2318 2814 reliquerit,
2367 2745 2680 2814 illustx-ique
2735 2755 2787 2798 et
2829 2741 3112 2814 splendido
3147 2745 3417 2812 priecouio
3462 2759 3587 2813 pro-

2013 2835 2329 2902 clamatum,
2367 2836 2610 2892 muneris
2671 2835 2816 2899 loco,
2873 2835 2946 2891 ob
3007 2835 3271 2904 impietati
3330 2847 3582 2890 navatam

2015 2941 2259 2998 operam,
2305 2941 2336 2980 a
2363 2926 2644 2997 judicibus
2707 2927 2966 2980 donatum
2997 2941 3118 2981 esse
3175 2925 3396 2998 Cyzico.
3430 2926 3584 2993 Quod

2016 3016 2120 3070 hac
2151 3025 2332 3071 mente
2356 3023 2411 3070 et
2439 3014 2710 3072 sententia
2762 3015 2877 3070 haec
2913 3013 3203 3079 fateamur,
3256 3032 3322 3070 ex
3379 3016 3587 3072 nostris

2013 3106 2198 3164 verbis
2223 3105 2414 3176 liquet,
2441 3121 2566 3160 cum
2595 3107 2952 3171 allirmamus,
2997 3105 3256 3178 Cyzicum
3308 3106 3387 3160 illi
3421 3109 3588 3162 obve-

2013 3201 2188 3268 nisse,
2221 3209 2282 3257 ut
2301 3203 2583 3272 praemium
2607 3201 2922 3271 impietatis,
2977 3215 3087 3256 non
3137 3209 3197 3255 ut
3231 3201 3492 3274 apologus
3535 3213 3586 3256 et

2013 3292 2350 3350 defensionis
2404 3292 2904 3349 bonestamentum.
2960 3289 3103 3360 Quid
3158 3293 3325 3364 igitur
3397 3303 3585 3349 nostra

2011 3386 2190 3442 oratio
2234 3401 2524 3442 commune
2557 3385 2722 3440 habet
2768 3401 2891 3440 cum
2927 3385 3229 3456 puerilibus
3282 3387 3442 3442 istius
3489 3402 3584 3442 so-
3644 3371 3654 3387 ’

2013 3479 2342 3551 phismatum
2390 3478 2668 3544 versutiis,
2723 3478 2883 3548 quasi
2942 3477 3068 3532 ittde
3129 3487 3409 3548 sequatur,
3459 3496 3583 3534 eum

2012 3569 2247 3626 subiisse
2269 3569 2558 3640 judicium,
2586 3577 2640 3626 et
2663 3585 2784 3630 sese
2807 3568 3152 3624 defendisse?
3181 3570 3412 3626 Perinde
3435 3573 3581 3626 enim

2013 3661 2116 3717 hoc
2141 3672 2242 3724 est,
2274 3677 2339 3717 ac
2369 3661 2415 3716 si
2455 3661 2580 3732 quis
2623 3661 2676 3715 in
2722 3662 2972 3716 convivio
3025 3662 3146 3732 plus
3181 3663 3292 3716 viui
3353 3664 3572 3718 caeteris

2016 3755 2296 3822 hauriens,
2331 3761 2387 3811 et
2426 3755 2499 3812 ob
2527 3755 2630 3809 hoc
2675 3755 2821 3811 dono
2871 3755 3056 3826 aliquo
3100 3771 3130 3809 a
3172 3757 3585 3825 compotoribus

2011 3845 2334 3911 honoratus,
2368 3845 2653 3901 victoriam
2695 3845 2844 3901 illam
2891 3846 2946 3900 iu
3001 3845 3252 3902 convivio
3297 3846 3581 3911 proferant,

2012 3945 2270 4010 tanquam
2295 3947 2676 4010 argumentum
2729 3938 2974 3993 victoria:
3033 3937 3089 3991 in
3127 3935 3246 3991 foro
3279 3946 3332 3992 et
3375 3937 3584 4006 judicio

2011 4029 2082 4086 ab
2110 4031 2443 4087 adversariis
2467 4030 2670 4085 relatae.
2704 4026 3004 4084 Possumus
3028 4043 3262 4097 namque
3284 4028 3582 4099 syllogisun

2010 4117 2182 4188 ipsius
2218 4125 2556 4173 structuram
2589 4115 2821 4169 imitari:
2845 4113 2901 4169 Si
2929 4113 3214 4185 praemium
3238 4125 3320 4169 est
3347 4115 3577 4171 victoriae

2008 4209 2223 4280 signum
2255 4219 2310 4264 et
2337 4207 2460 4262 fluis
2482 4245 2498 4270 ,
2534 4207 2822 4260 victoriam
2854 4214 3037 4260 autem
3073 4205 3578 4276 inuuitjudicium;

2007 4308 2062 4352 et
2095 4298 2140 4353 si
2171 4297 2442 4367 judicium
2475 4296 2793 4352 necessario
2837 4295 3190 4365 coujunctam
3225 4297 3386 4352 habet
3419 4312 3580 4352 accu—

1939 4414 1981 4468 ι)
2011 4390 2300 4454 sationem,
2327 4389 2536 4444 obtinui
2569 4405 2703 4446 sane
2758 4407 2860 4460 ego
2905 4392 3210 4456 victoriam,
3259 4409 3382 4447 cum
3438 4393 3581 4447 inter

2013 4481 2330 4552 potandum,
2359 4490 2412 4537 et
2450 4482 2504 4537 iu
2542 4483 2862 4552 poculorum
2893 4485 3190 4539 certamine
3235 4501 3442 4540 corona
3499 4501 3577 4540 reo

2011 4571 2238 4626 dimittis
2265 4570 2390 4626 sim.

2084 4661 2190 4716 Sed
2221 4661 2294 4716 ita
2315 4661 2570 4732 glorianti
2591 4637 3164 4731 occurret'dcrepente
3185 4662 3409 4730 aliquis,
3441 4662 3578 4717 alias

2010 4767 2134 4808 esse
2169 4767 2381 4823 pugnas
2442 4751 2498 4806 in
2544 4752 2661 4805 foro
2701 4759 2755 4805 et
2806 4752 2996 4820 curia;
3051 4754 3327 4823 aliumque
3354 4766 3579 4806 concer-

2009 4843 2158 4897 tandi
2212 4841 2433 4898 modum
2460 4849 2517 4899 et
2551 4858 2756 4899 morem
2784 4844 2838 4898 in
2871 4844 3175 4911 conviviis;
3203 4859 3379 4913 neque
3408 4842 3577 4898 victo-

2006 4951 2121 4991 rem
2171 4936 2225 4990 in
2278 4935 2574 5006 symposiis
2619 4937 2690 4990 ob
2745 4936 2798 4990 id
2859 4937 3069 4992 meliori
3126 4937 3420 4992 locO‘essc
3464 4935 3578 4991 suis

2007 5027 2338 5084 adversariis
2361 5028 2416 5082 in
2461 5027 2610 5093 foro;
2641 5029 2855 5086 etiamsi
2891 5045 3061 5102 supra
3087 5029 3305 5084 modum
3345 5044 3578 5085 suaveo-

2008 5119 2235 5173 lcntium
2274 5117 2469 5175 ﬂorum
2530 5121 2692 5176 sertis
2733 5121 2970 5176 exsultet
3019 5128 3070 5174 et
3121 5122 3335 5191 gestiat.
3377 5120 3579 5186 Quam-

2009 5207 2197 5262 obrem
2237 5223 2415 5278 neque
2462 5208 2533 5275 is,
2584 5209 2676 5279 qui
2722 5208 2997 5278 impietate
3039 5209 3254 5263 caeteris
3302 5207 3576 5277 praestitit,

2006 5297 2214 5354 idcirco
2263 5297 2397 5353 illud
2431 5298 2726 5370 impietatis
2761 5301 3043 5369 praemium
3073 5308 3352 5356 ostentare
3377 5309 3576 5370 potest,

334 5395 582 5462 ἀσεϐείας
602 5397 704 5466 τὴν
734 5392 1038 5467 μαρτυρίαν
1067 5391 1382 5464 παρέχεται.
1405 5389 1471 5444 Τί
1499 5382 1593 5443 οὖν
1620 5389 1909 5457 συνηγορεῖ

2012 5396 2264 5459 tanquam
2301 5390 2515 5461 signum
2552 5391 2793 5446 victoria:
2840 5390 2894 5444 in
2936 5388 3146 5459 judicio
3195 5391 3436 5462 legitimo
3483 5391 3578 5444 υι›-

336 5491 403 5559 τῇ
435 5489 510 5563 μὴ
555 5491 784 5564 ῥηθείσῃ
828 5487 1098 5559 ἀπολογίᾳ
1143 5488 1174 5558 ἡ
1209 5483 1304 5538 τοῦ
1343 5483 1596 5556 προέχειν
1644 5479 1806 5534 αὑτὸν
1848 5479 1908 5530 ἐν

2005 5487 2190 5534 lentae.
2245 5478 2386 5548 Quid
2433 5482 2599 5551 igitur
2650 5481 3038 5536 commentitia:
3101 5482 3273 5552 ipsius
3314 5481 3578 5552 apologia:

337 5579 558 5655 ἀσεϐείᾳ
587 5583 719 5653 παρ’
745 5579 902 5652 ἡμῶν
935 5575 1247 5652 μαρτυρίας
1310 5575 1374 5629 Εἰ
1417 5571 1517 5646 μὲν
1556 5569 1664 5642 γὰρ
1707 5567 1904 5622 ἀπολο-

2012 5567 2303 5638 adjumeuti
2334 5569 2416 5625 vel
2446 5569 2695 5626 utilitatis
2719 5569 3260 5626 aﬂ'crttcstimouium
3296 5579 3572 5626 nostrum.

334 5669 641 5744 γνςσὰμενος
663 5669 796 5741 πρὸς
825 5668 946 5732 τοὺς
979 5666 1270 5735 δικαστὰς,
1303 5663 1394 5722 καὶ
1427 5663 1535 5718 τῶν
1582 5662 1898 5726 ἀντιτεταγ-

2011 5676 2118 5730 quo
2163 5657 2414 5727 fatemur,
2457 5659 2632 5732 ipsum
2695 5663 2934 5736 reliquos
2986 5662 3282 5719 sceleribus
3324 5665 3573 5716 anteces-
