4008 6210
523 336 627 391 287

1742 338 1797 391 S.
1839 335 2164 393 GREGORH
2203 335 2485 392 NYSSLNI

3655 334 3749 389 288

523 448 702 506 sisse?
734 448 791 505 Si
827 450 969 504 enim
1006 456 1125 518 post
1176 448 1254 503 sui
1288 449 1428 520 apud
1466 449 1678 519 judiees
1727 451 2096 505 defensionem

2208 456 2352 509 ιένων
2367 450 2666 521 κρατήσας,
2714 446 2884 512 οὕτως
2909 447 3121 512 ἐδέξατο
3157 447 3254 517 τὴν
3282 449 3371 500 ἐπὶ
3419 448 3634 518 Κυζίκῳ
3679 466 3750 504 τι.

523 551 577 598 et
612 544 1039 610 excusationem,
1078 541 1290 597 devicta
1321 551 1474 615 parte
1511 544 1757 610 adversa,
1809 543 2096 614 Cyzicensi

526 635 734 688 lzonore
780 633 1072 688 decoratus
1122 634 1337 697 fuisset,
1388 643 1518 688 tunc
1571 633 1710 689 forte
1748 650 1856 689 non
1907 635 2104 689 intem-

526 725 731 795 pestive
792 726 993 782 nostris
1045 725 1225 782 verbis
1278 734 1471 781 contra
1530 742 1631 782 nos
1685 735 1931 782 uteretur
1981 747 1994 782 :
2055 727 2098 782 si

524 825 704 869 autem
757 816 810 869 in
870 824 986 872 toto
1041 832 1143 872 suo
1198 817 1336 871 libro
1390 833 1604 888 semper
1651 818 1908 882 inculcat,
1957 819 2100 888 quod

524 907 973 977 odiumjudicum
1016 908 1069 962 in
1116 924 1174 964 se
1196 909 1500 975 declinans,
1536 911 1757 965 silentio
1782 911 1946 964 latam
1966 926 2101 966 con-

524 1009 608 1053 tra
645 1015 705 1056 se
748 1003 1076 1055 sententiam
1122 1003 1417 1071 exceperit,
1470 1017 1577 1056 non
1630 1001 1811 1057 ferens
1852 1003 2100 1058 hostibus

525 1110 790 1149 summam
835 1095 1026 1165 judicii
1072 1095 1244 1151 fuisse
1302 1094 1538 1150 delatam
1596 1114 1611 1151 :
1664 1096 1792 1168 quid
1843 1092 1968 1152 sibi
1998 1097 2100 1166 ipsi

526 1189 739 1256 illudit,
782 1198 835 1242 et
889 1188 1155 1242 vocabulo
1214 1187 1422 1252 praemii
1472 1195 1733 1257 tanquam
1784 1187 2100 1242 testimonio

525 1278 863 1335 defensionis
892 1288 945 1333 et
988 1279 1251 1350 apologiat
1302 1295 1414 1337 sua:
1454 1280 1669 1334 utitur?
1699 1279 1910 1349 ignorat
1950 1279 2102 1334 vide-

528 1374 652 1426 licet
705 1371 788 1424 vir
840 1372 1031 1430 solers.
1082 1371 1339 1444 Cyzicum
1390 1371 1495 1427 sibi
1545 1371 1779 1426 delatam
1841 1378 2098 1439 tanquam

523 1479 725 1517 munus
779 1462 1093 1530 impietatis,
1148 1478 1254 1533 qua
1309 1471 1505 1534 pra‘ter
1552 1472 1776 1517 caeteros
1820 1461 2095 1527 excelluit,

524 1563 579 1609 et
621 1555 665 1609 si
721 1554 990 1608 arbitratu
1030 1570 1129 1609 suo
1168 1566 1346 1624 auget,
1378 1563 1431 1610 et
1481 1553 1678 1624 accipit
1705 1569 1892 1608 vocem
1927 1552 2095 1617 illam,

524 1646 828 1714 praamium,
871 1646 1015 1699 velut
1069 1661 1265 1698 munus
1312 1645 1601 1698 victoriae:
1649 1644 1883 1715 accipiat
1917 1654 1971 1699 et
2020 1643 2094 1707 id,

524 1734 667 1805 quod
691 1734 1029 1805 adjnngitur,
1071 1736 1214 1805 quod
1259 1736 1469 1790 scilicet
1493 1736 1547 1789 in
1581 1736 1948 1806 improbitatis
1979 1743 2097 1790 stu-

2205 540 2330 613 μὴν,
2355 542 2544 611 καιρὸν
2567 541 2632 595 ἂν
2659 538 2771 611 εἶχε
2796 541 2866 598 τὰ
2886 541 3130 612 ἡμέτερα
3158 540 3278 593 καθ’
3304 541 3459 610 ἡμῶν
3490 547 3751 613 προχειρίο

2201 633 2406 697 ζεσθαι*
2453 634 2500 684 εἰ
2542 631 2598 684 δὲ
2646 631 2884 701 συνεχῶς
2933 633 3030 684 ἐπὶ
3066 629 3160 684 τοῦ
3200 632 3359 700 λόγου
3411 633 3749 705 μαρτύρεται,

2200 725 2280 778 ὅτι
2336 723 2549 792 φεύγων
2602 724 2662 776 τὸ
2710 723 2970 795 δυσμενὲς
3014 723 3121 777 τῶν
3168 724 3372 795 κυρίων
3425 726 3518 796 τῆς
3564 726 3750 799 ψήφου,

2202 819 2378 886 σιωπῇ
2432 815 2644 885 δέχεται
2680 815 2778 886 τὴν
2824 814 3154 886 ἐπαχθεῖσαν
3186 815 3334 885 αὐτῷ
3368 817 3658 886 τιμωρίαν.
3698 819 3752 871 ὲν

2200 906 2413 978 ἐχθροῖς
2442 904 2714 960 διαθέσθαι
2739 906 2863 970 τοὺς
2892 906 3109 975 ἀγῶνας
3135 906 3234 959 οὐκ
3274 906 3634 977 ἀνασχόμενος
3654 926 3665 938 ·
3705 910 3753 963 τί

2199 997 2389 1051 ἑαυτὸν
2422 996 2718 1067 φενακίζει,
2759 1000 2851 1051 καὶ
2881 1001 2947 1069 τῇ
2988 1000 3136 1069 φωνῇ
3176 998 3270 1051 τοῦ
3300 997 3462 1053 ἄθλου
3506 1001 3583 1063 εἰς
3621 1018 3752 1072 μαρ-

2200 1088 2391 1160 τυρίαν
2430 1087 2991 1158 τοῦθάπολελογῆσθαι
3024 1089 3426 1160 συγκέχρηται;
3463 1090 3553 1161 Μὴ
3590 1095 3755 1157 συνεὶς

2198 1182 2227 1233 ὀ
2253 1179 2552 1250 θαυμάσιος
2578 1180 2671 1233 τοῦ
2698 1180 2861 1234 ἄθλου
2887 1180 2984 1251 τὴν
3013 1177 3249 1250 ἔμφασιν
3272 1220 3286 1243 ,
3323 1180 3405 1233 ὅτι
3437 1180 3679 1253 καθάπερ
3707 1201 3753 1237 τι

2199 1272 2368 1345 γέρας
2396 1273 2490 1326 καὶ
2523 1276 2791 1344 ἀριστεῖον
2826 1272 2971 1343 αὐτῷ
3004 1272 3104 1341 τῆς
3143 1281 3282 1326 κατα
3321 1273 3573 1327 ἀσέϐειαν
3603 1278 3755 1347 ὑπερ-

2200 1366 2334 1436 οχῆς
2363 1368 2396 1436 ἡ
2425 1364 2659 1430 Κύζικος
2710 1363 2975 1436 προεδόθη
2995 1382 3009 1397 ο
3046 1364 3161 1418 ἀλλ’
3207 1365 3392 1435 ἐπειδὴ
3427 1365 3562 1438 πρὸς
3592 1367 3650 1420 τὸ
3678 1368 3757 1421 δο-

2199 1457 2326 1510 κοῦν
2354 1456 2567 1527 δέχεται
2603 1457 2664 1509 τὸ
2696 1452 2879 1520 ἆθλον,
2919 1456 3011 1509 καὶ
3038 1454 3113 1520 ὼς
3139 1456 3343 1529 δωρεὰν
3377 1458 3654 1522 ἐπινίκιον,
3680 1459 3757 1513 δε-

2200 1548 2379 1613 ξάσθω
2415 1548 2509 1602 καὶ
2548 1547 2609 1601 τὸ
2642 1547 2981 1620 συνημμένον
3011 1547 3089 1616 τῷ
3125 1548 3268 1620 λόγῳ
3290 1565 3304 1579 ·
3343 1550 3425 1603 ὅτι
3457 1552 3513 1603 ὲν
3543 1551 3757 1623 ἀσεϐείᾳ.

2197 1641 2255 1693 τὸ
2314 1638 2475 1691 πλέον
2525 1638 2614 1692 διά
2663 1640 2760 1709 τῆς
2814 1639 2968 1709 νίκης
3006 1638 3180 1709 ἔσχεν.
3238 1638 3455 1710 Ἐπειδὴ
3507 1640 3613 1712 γὰρ
3652 1645 3755 1705 τοῖς

2197 1733 2483 1804 ἡμετέροις
2514 1732 2634 1786 καθ’
2681 1730 2836 1801 ήμῶν
2872 1732 3223 1802 ἰσχυρίζεται,
3266 1732 3301 1803 ἢ
3338 1724 3681 1804 ἀμφοτέροις,
3719 1734 3754 1803 ἦ

524 1827 615 1881 dio
661 1827 901 1899 reliquos
942 1828 1214 1897 superarit
1249 1845 1262 1880 :
1316 1826 1361 1882 si
1403 1826 1608 1882 nostris
1658 1834 1848 1880 contra
1882 1839 1983 1882 nos
2015 1827 2093 1879 uti

2208 1825 2497 1897 356asé90t;
2526 1824 2824 1897 κεχρῆσθαι
2854 1824 3079 1879 δίκαιον.

523 1919 690 1985 volet,
720 1927 813 1974 aut
843 1919 1089 1987 utrisque
1128 1926 1220 1973 aut
1260 1918 1473 1974 neutris
1502 1918 1578 1971 uti
1602 1932 1815 1988 aequum
1851 1924 1953 1973 est.

600 2010 702 2066 Sed
743 2011 798 2065 in
850 2011 1054 2065 nostris
1098 2009 1317 2079 quidem
1364 2008 1667 2065 tractandis
1711 2010 1981 2079 ejusmodi
2016 2016 2097 2064 est

525 2102 827 2158 Eunomius
862 2122 875 2157 :
911 2109 1165 2157 czeterum
1209 2116 1277 2155 an
1307 2102 1359 2155 in
1396 2101 1518 2157 aliis
1550 2116 1668 2171 qua:
1715 2115 1810 2171 per
1841 2099 2099 2169 injuriam

526 2193 722 2249 ellutiit
764 2194 1011 2248 veritatis
1053 2192 1325 2247 amantior
1366 2193 1510 2247 erit?
1542 2192 1677 2247 Cum
1723 2191 2005 2254 Basilium,
2038 2197 2102 2243 ut

528 2284 771 2338 timidum
806 2292 859 2337 et
909 2283 1182 2353 pavidum,
1235 2283 1699 2355 difﬁcilior-umque
1732 2284 1972 2338 laborum
2011 2284 2101 2354 [ιι-

527 2378 772 2447 gientem,
803 2384 857 2429 et
884 2374 936 2428 id
972 2390 1146 2445 genus
1176 2374 1297 2429 aliis
1330 2374 1507 2430 modis
1532 2374 1789 2440 traducit,
1814 2375 2101 2445 esplicatis

527 2481 756 2537 operose
782 2465 992 2520 timoris
1019 2472 1071 2519 et
1101 2465 1320 2535 pavoris
1342 2463 1739 2528 alfectionibus,
1770 2478 2100 2519 commemo-

530 2574 659 2613 rans
697 2557 859 2612 etiam
915 2557 1103 2611 nescio
1146 2572 1308 2628 quam
1367 2556 1639 2610 occultam
1694 2555 2100 2619 domunculam,

530 2646 776 2700 vectibus
812 2653 867 2701 et
910 2645 1051 2700 seris
1082 2645 1312 2700 firmiter
1355 2652 1410 2700 et
1460 2643 1638 2698 valide
1677 2644 2008 2705 obseratam,
2050 2654 2102 2697 et

530 2740 942 2810 trepidationem
995 2752 1058 2792 ex
1112 2736 1399 2791 formidine
1452 2735 1869 2805 ingredientium
1907 2750 2104 2790 conce-

533 2839 700 2901 ptam,
731 2845 1028 2898 vocemque
1056 2837 1108 2882 et
1140 2827 1346 2890 oculos,
1372 2835 1427 2880 et
1465 2835 1623 2881 notas
1669 2826 1847 2891 faciei,
1899 2834 1951 2880 et
1984 2841 2102 2878 om-

532 2925 621 2978 nia
663 2925 825 2993 hujus
854 2922 1089 2993 generis,
1126 2920 1326 2990 quibus
1353 2920 1515 2973 timor
1545 2927 1598 2973 et
1631 2934 1799 2989 pavor
1826 2918 2098 2989 proditur.

533 3014 732 3069 Verum
789 3020 847 3065 ut
892 3011 1192 3066 Eunomius
1224 3009 1356 3063 nihil
1388 3008 1647 3063 mentitus
1691 3008 1884 3064 fuisset
1914 3010 1967 3062 in
2001 3024 2103 3063 suo

534 3105 699 3167 libro,
752 3103 854 3156 hoc
885 3111 1066 3156 tamen
1100 3101 1321 3155 unicum
1352 3100 1489 3154 satis
1515 3099 1677 3162 foret.
1726 3105 1785 3152 ut
1834 3097 2101 3152 mendacii

536 3200 857 3264 argueretur
899 3199 952 3246 et
1008 3192 1486 3247 condemnaretur.
1534 3188 1670 3256 Quis
1712 3188 1858 3244 enim
1902 3187 2100 3252 nescit,

535 3301 698 3356 quam
756 3299 984 3355 magnus
1036 3283 1127 3339 ille
1174 3282 1322 3353 pugil
1372 3279 1677 3354 [Basilius]
1717 3295 1782 3335 eo
1840 3288 2103 3350 tempore,

536 3390 646 3446 quo
685 3372 881 3429 Valens
910 3374 1205 3445 imperator
1234 3371 1532 3426 Ecclesiam
1559 3370 1764 3426 Christi
1794 3371 2105 3435 divcxabat,

537 3468 742 3522 invicto
776 3466 959 3520 animo
990 3464 1202 3519 steterit
1249 3477 1350 3534 pro
1373 3461 1537 3516 domo
1566 3460 1681 3525 Dei,
1715 3461 1969 3515 omnibus
1999 3460 2108 3514 illis

541 3559 718 3615 turbis
756 3564 809 3613 et
848 3554 1306 3611 terriculainentis
1348 3553 1620 3623 superior,
1655 3552 1908 3606 omnibus
1944 3551 2108 3605 minis

538 3651 863 3722 excogitatis
912 3647 1106 3703 mentis
1150 3647 1462 3700 excelsitate
1510 3642 1891 3712 major?Quis
1932 3643 2109 3697 homi-

541 3757 674 3797 num
710 3740 773 3794 ad
827 3738 1116 3804 orientem,
1162 3735 1287 3806 quis
1336 3735 1390 3788 in
1437 3733 1698 3789 extremis
1749 3733 1925 3788 nostri
1958 3733 2110 3787 orbis

540 3835 656 3887 oris
700 3830 973 3894 habitans,
1002 3828 1275 3898 egregiam
1310 3826 1459 3879 illam
1495 3839 1594 3895 pro
1620 3825 1850 3879 veritate
1881 3824 2110 3879 dimica-

502 3924 505 3925 ⁷
541 3925 743 3977 tionem
776 3930 970 3974 contra
996 3917 1363 3989 potentiorum
1383 3924 1616 3971 conatus
1644 3914 1953 3986 ignoravit?
1977 3913 2110 3979 Quis

542 4032 650 4070 non
676 4013 959 4083 obstupuit
989 4010 1289 4081 respiciens
1318 4008 1387 4063 ad
1424 4006 1821 4071 adversarium,
1870 4005 1962 4077 qui
2000 4021 2109 4059 non

541 4117 662 4164 erat
708 4124 851 4162 unus
876 4123 942 4160 ex
975 4106 1158 4177 vulgo,
1201 4110 1292 4156 aut
1332 4102 1424 4173 qui
1457 4099 1699 4156 victoriae
1738 4099 1845 4151 vim
1877 4106 1932 4152 et
1961 4112 2111 4168 spem

544 4202 704 4255 sitam
752 4199 975 4252 haberet
1008 4196 1062 4250 in
1108 4192 1466 4265 scphlsmatis
1504 4191 1811 4261 fucatisque
1846 4188 2114 4245 sermoni-

542 4293 670 4357 bus,
725 4292 778 4345 in
826 4290 1024 4361 quibus
1073 4287 1339 4342 excellere
1386 4284 1699 4357 inglorium,
1739 4291 1793 4338 et
1831 4280 2111 4336 victoriam

544 4385 795 4437 amittere
850 4382 1052 4434 damno
1100 4386 1271 4439 caret,
1328 4376 1424 4432 sed
1481 4379 1528 4433 is
1577 4383 1713 4440 erat,
1750 4374 1842 4446 qui
1890 4374 1994 4429 sub
2026 4371 2112 4427 di-

2281 2002 2417 2057 Ἀλλ’
2457 2006 2515 2059 ὲν
2555 2004 2653 2075 μὲν
2696 2008 2806 2068 τοῖς
2837 2003 3124 2076 ἡμετέροις
3153 2002 3413 2069 τοιοῦτος.
3457 2005 3544 2057 Ἐν
3572 2004 3625 2058 δὲ
3653 2009 3759 2064 τοῖς

2197 2095 2403 2159 λοιποῖς
2449 2096 2557 2150 τῶν
2606 2097 2690 2167 ἐφ’
2725 2096 2879 2168 ὕϐρει
2934 2096 3223 2168 ῥηθέντων,
3265 2092 3375 2167 ἆρά
3405 2115 3456 2149 τι
3490 2096 3758 2166 ἀληθεύων

2199 2188 2662 2260 ἑπιδειχθήσεται;
2718 2188 2807 2241 Ἔν
2850 2182 2931 2250 οἷς
2945 2188 3144 2244 δειλόν
3159 2203 3216 2239 τε
3259 2187 3353 2241 καὶ
3371 2183 3652 2251 ἄτολμον,
3670 2187 3760 2238 καί

2209 2271 2348 2337 τοὺς
2363 2267 2736 2339 παχυτέρους
2750 2263 2864 2317 τῶν
2878 2267 3081 2320 πόνων
3093 2267 3630 2338 ἀποδιδράσκοντα,
3671 2274 3762 2327 καὶ

2202 2364 2377 2419 πάντα
2420 2362 2489 2417 τά
2530 2364 2754 2418 τοιαῦτα
2800 2367 2923 2417 κατ’
2958 2362 3120 2416 αὑτοῦ
3154 2362 3512 2432 διεξέρχεται,
3546 2363 3762 2431 φιλοπό-

2201 2475 2306 2522 νως
2334 2455 2699 2520 διασκευάζων
2745 2456 2844 2525 τῆς
2890 2453 3088 2516 δειλίας
3114 2453 3183 2506 τὰ
3215 2453 3378 2528 πάθη,
3399 2453 3489 2507 καί
3532 2455 3765 2509 οἰκίσκον

2202 2548 2551 2611 λανθάνοντα,
2594 2547 2689 2601 καὶ
2736 2546 2901 2617 θύραν
2956 2544 3208 2613 ἀσφαλῶς
3256 2546 3627 2618 ἐπικειμένην,
3674 2547 3768 2600 καί⁵

2203 2639 2429 2711 πτόησιν
2469 2637 2602 2709 πρὸς
2629 2638 2720 2690 τὸν
2758 2635 2920 2707 φόϐον
2951 2635 3058 2689 τῶν
3094 2635 3397 2717 εἰσιόντων,
3448 2638 3539 2691 καὶ
3568 2638 3763 2710 φωνὴν,

2205 2731 2298 2784 καὶ
2330 2729 2547 2800 βλέμμα
2567 2770 2581 2793 ,
2610 2728 2704 2783 καὶ
2727 2729 2795 2782 τὰ
2822 2729 2913 2782 ἐπὶ
2946 2726 3039 2780 τοῦ
3073 2728 3362 2799 προσώπου
3396 2731 3765 2801 γνωρίσματα,

2204 2822 2299 2875 καὶ
2343 2821 2521 2875 πάντα
2565 2820 2633 2872 τὰ
2675 2819 2915 2883 τοιαῦτα,
2955 2819 3022 2873 δι’
3050 2813 3125 2874 ὧν
3152 2821 3250 2890 τῆς
3282 2821 3483 2886 δειλίας
3514 2823 3574 2875 τὸ
3603 2821 3771 2889 πάθος

2204 2912 2638 2983 διασημαίνεται.
2680 2912 2820 2966 Ἀλλ’
2865 2915 2911 2965 εἰ
2950 2914 3045 2967 καὶ
3079 2914 3243 2984 μηδὲν
3285 2915 3469 2985 ἕτερον
3512 2915 3771 2986 κατεψευ-

2208 3003 2403 3073 σμένος
2436 3003 2713 3073 ἡλέγχετο,
2757 3003 2935 3056 ἰκανὸν
2976 2999 3041 3075 ἦν
3077 3005 3232 3058 τοῦτο
3268 3005 3426 3076 μόνον
3471 3006 3635 3061 αὑτοῦ
3664 3007 3772 3061 διε-

2206 3094 2392 3163 λέγξαι
2419 3095 2509 3147 τὸν
2540 3096 2759 3166 τρόπον.
2792 3095 2888 3160 Τίς
2921 3097 3028 3168 γάρ
3056 3097 3155 3149 οὐκ
3182 3092 3288 3150 οἶδε
3318 3096 3407 3150 τὸν
3435 3098 3607 3170 μέγαν
3635 3101 3774 3154 ὲκεῖ-

2208 3204 2299 3240 νον
2319 3184 2623 3256 ἀγωνιστὴν
2645 3184 2792 3257 αὑτῷ
2810 3186 2985 3256 καιρῷ
3007 3187 3102 3256 τῆς
3118 3186 3207 3240 τοῦ
3228 3186 3489 3256 βασιλέως
3542 3186 3769 3243 υύάλεν-

2208 3295 2297 3341 τος
2338 3279 2479 3332 κατά
2520 3278 2630 3333 τῶν
2684 3282 3015 3353 Ἐκκλησιῶν
3053 3284 3146 3337 τοῦ
3181 3285 3382 3358 Κυρίου
3426 3287 3774 3356 φιλονεικίας,

2207 3371 2353 3434 ὅπως
2383 3372 2720 3444 ὑπερανέστη
2745 3377 2810 3446 τῇ
2845 3375 3177 3447 μεγαλοφυΐα
3200 3378 3295 3448 τῆς
3321 3377 3544 3450 γνώμης
3572 3379 3663 3432 τοῦ
3688 3398 3779 3434 το-

2210 3462 2397 3515 σούτου
2447 3464 2554 3523 τῶν
2600 3466 2937 3536 πραγμάτων
2982 3467 3281 3539 δγκου,κα“ι
3326 3470 3432 3523 τῶν
3472 3470 3780 3540 φοϐούντων

2209 3554 2535 3627 ὑψηλότερος
2579 3552 2666 3626 ἦν,
2718 3558 2896 3627 πάσης
2933 3559 3031 3628 τῆς
3081 3560 3583 3633 ἐτιμηχανηθείσης
3628 3562 3781 3632 αύτῷ

2212 3647 2599 3719 καταπλήξεως
2652 3648 2977 3721 ὑπεραρθεὶς
3020 3649 3097 3719 τῷ
3164 3641 3629 3722 ρρονήματι;’Τίς
3671 3654 3782 3707 τῶν

2210 3739 2349 3792 κατά
2377 3741 2475 3812 τὴν
2502 3740 2639 3811 ἑῴαν
2672 3740 2970 3811 ἀνθρώπων
2990 3757 3004 3771 ⁸
3031 3740 3113 3806 τίς
3143 3743 3251 3796 τῶν
3284 3744 3351 3797 τὰ
3373 3745 3653 3799 τελευταῖα
3680 3747 3784 3817 τῆς

2210 3832 2333 3885 καθ’
2361 3834 2507 3903 ἡμᾶς
2527 3832 2849 3904 οἰκουμένης
2881 3832 3192 3898 οἰκούντων,
3222 3835 3320 3906 τὴν
3348 3836 3486 3908 ὑπὲρ
3521 3837 3619 3907 τῆς
3650 3838 3786 3910 ἀλη-

2211 3922 2357 3986 θείας
2402 3922 2560 3975 αύτοῦ
2592 3923 2769 3993 μάχην
2802 3922 2937 3995 πρὸς
2980 3925 3106 3988 τοὺς
3144 3925 3477 3997 κρατοῦντας
3511 3928 3781 3999 ἠγνόησες

2212 4014 2307 4077 Τίς
2346 4014 2406 4067 ού
2445 4014 2763 4084 κατεπλάγη
2801 4014 2937 4087 πρὸς
2984 4015 3074 4069 τὸν
3119 4017 3409 4071 ἀντίπαλον
3442 4018 3673 4087 ὲπιδὼν;
3704 4022 3785 4074 οὐ

2211 4108 2318 4179 γὰρ
2350 4107 2457 4160 τῶν
2493 4107 2852 4177 ἐπιτυχόντων
2887 4104 2968 4172 εἷς
3003 4104 3071 4180 ἦν
3094 4126 3108 4139 ο
3142 4109 3261 4162 οὐδὲ
3309 4112 3367 4164 ὲν
3413 4112 3789 4180 σοφισματίοις

2215 4198 2483 4269 κιϐδήλοις
2517 4200 2615 4270 τὴν
2647 4198 2739 4252 τοῦ
2776 4201 2930 4271 νικᾷν
2962 4200 3221 4271 ἐκέκτητο
3240 4199 3485 4272 δύναμιν,
3513 4198 3573 4256 οὗ
3601 4204 3697 4256 καὶ
3725 4205 3791 4257 τὸ

2216 4292 2501 4363 ὑπερέχειν
2533 4290 2715 4356 ἄδοξον
2736 4330 2751 4354 ,
2787 4291 2881 4344 καὶ
2920 4291 2980 4344 τὸ
3018 4290 3313 4363 ἡττηθῆναι
3350 4293 3611 4365 ἀζήμιον·
3646 4295 3795 4350 ἀλλὰ

2218 4382 2394 4433 πᾶσαν
2435 4380 2532 4450 μὲν
2567 4380 2656 4448 ὑφ’
2707 4379 2897 4433 ἑαυτὸν
2934 4375 3079 4450 εῖχεν
3120 4382 3480 4455 εύθυνομένην
3525 4384 3644 4437 τότε
3690 4387 3795 4457 τὴν

545 4474 697 4526 tione
742 4485 840 4524 sua
884 4468 1099 4523 tenebat
1136 4473 1310 4519 totum
1345 4463 1650 4519 Romanum
1694 4462 2016 4533 imperium;
2059 4469 2106 4515 el

2229 4473 2513 4543 Ῥωμαίων
2571 4472 2778 4543 ἀρχήνσ
2839 4472 2931 4527 καὶ
2987 4473 3221 4545 τοσαύτῃ
3277 4475 3524 4549 βασιλεία
3575 4477 3792 4547 κομῶν.

544 4578 671 4617 cum
726 4569 876 4615 tanto
913 4573 1079 4630 regno
1123 4564 1402 4628 praeesset,
1428 4556 1751 4625 depravatus
1784 4562 1867 4608 est
1903 4555 2111 4608 calum-

545 4656 656 4710 niis
707 4661 900 4708 contra
944 4649 1254 4706 doctrinam
1282 4655 1522 4701 nostrain
1550 4687 1564 4711 ,
1602 4643 1847 4699 Eudoxio
1886 4643 2114 4697 Germa-

546 4746 708 4801 niciae
745 4745 1001 4815 episeopo
1054 4756 1148 4811 per
1190 4738 1436 4796 fraudem
1492 4736 1558 4791 ad
1603 4752 1733 4792 suas
1766 4745 1948 4805 partes
1991 4752 2113 4790 eum

546 4837 866 4893 traducente
900 4855 913 4890 :
946 4850 1136 4889 omnes
1184 4839 1387 4892 autem,
1420 4831 1515 4900 qui
1557 4828 1791 4896 alicujus
1839 4837 1996 4883 erant
2032 4829 2117 4883 di-

547 4930 792 5002 gnitatis,
816 4934 871 4982 et
890 4926 1118 4987 aulicos,
1152 4931 1205 4978 et
1234 4923 1327 4994 qui
1365 4923 1527 4976 rebus
1550 4921 1801 4991 gerendis
1828 4930 2114 4991 praeerant,

546 5019 906 5089 opitulatores
934 5014 1377 5086 babuitpropria
1411 5013 1694 5079 libidinis;
1735 5029 1968 5083 quorum
2024 5014 2114 5068 alii

548 5119 771 5182 propter
811 5103 1224 5163 consensionem
1266 5106 1607 5160 voluntatum
1653 5115 1846 5174 sponte
1899 5120 2020 5161 sese
2051 5107 2116 5162 ad

550 5203 703 5255 illum
757 5200 1162 5271 adjungebant;
1210 5198 1301 5252 alii
1344 5213 1472 5253 vero
1514 5198 1670 5251 multi
1717 5203 1912 5254 timore
1945 5201 2117 5270 impe-

550 5295 772 5358 ratoris,
825 5301 1071 5364 prompte
1109 5299 1164 5348 et
1213 5292 1487 5355 alacriter,
1521 5291 1598 5355 id,
1644 5292 1788 5362 quod
1825 5293 1899 5347 illi
1928 5293 2122 5359 jucun-

549 5384 678 5438 dum
725 5393 864 5448 erat,
905 5383 1196 5449 faciebant,
1248 5392 1305 5438 et
1343 5392 1565 5454 propter
1617 5381 2016 5437 dissensionem
2052 5383 2120 5438 ab

548 5476 866 5531 orthodoxa:
915 5475 1036 5531 ﬁdei
1092 5475 1519 5546 professoribus,
1571 5476 1720 5530 omni
1772 5474 2120 5530 observantia

552 5568 706 5622 illum
759 5565 1036 5632 colebant,
1086 5574 1201 5621 tum
1236 5568 1447 5624 scilicet
1476 5567 1700 5639 quando
1741 5567 1918 5637 fugas,
1954 5566 2123 5623 fortu-

553 5671 747 5713 narum
776 5655 1196 5726 publicationes,
1218 5659 1432 5724 exsilia,
1463 5660 1660 5722 minas.
1701 5667 1755 5714 et
1781 5658 2118 5722 exactiones,

554 5747 818 5821 pericula,
863 5764 1135 5812 carceres,
1170 5749 1409 5813 vincula,
1450 5750 1678 5821 flagella,
1708 5757 1763 5806 et
1799 5750 2120 5821 gravissima

2219 4562 2544 4637 προείληπτο
2567 4566 2633 4634 τῇ
2653 4561 2791 4615 κατὰ
2822 4561 2915 4615 τοῦ
2948 4562 3214 4634 δόγματος
3237 4566 3392 4638 ἡμῶν
3417 4567 3654 4639 διαϐολῇ,
3684 4570 3797 4622 Εὐ-

2215 4657 2385 4724 δοξίου
2430 4655 2522 4709 τοῦ
2574 4654 3003 4725 Γερμανικείας,
3053 4657 3119 4710 δι’
3156 4659 3391 4728 ἀπάτης,
3438 4659 3599 4712 αὐτὸν
3651 4662 3800 4732 πρὸς

2216 4748 2403 4801 ἑαυτὸν
2434 4745 2897 4816 μεταστήσαντος·
2931 4746 3139 4809 πάντας
3174 4747 3229 4800 δὲ
3261 4748 3386 4811 τοὺς
3413 4749 3471 4802 ἐν
3496 4748 3659 4813 τέλει,
3700 4754 3803 4803 καὶ

2216 4838 2342 4901 τοὺς
2373 4836 2498 4907 περὶ
2528 4835 2688 4889 αὐτὸν
2720 4835 3058 4908 θεραπευτὰς
3098 4839 3193 4891 καὶ
3220 4839 3346 4903 τοὺς
3376 4842 3466 4893 ἐπὶ
3504 4841 3613 4894 τῶν
3643 4858 3765 4911 πρα
3784 4872 3800 4881 -

2218 4931 2440 5002 γμάτων
2482 4928 3047 5001 παραδυναστεύοντας
3099 4933 3498 5000 συναγωνιστὰς
3538 4928 3649 5003 εἶχε
3689 4932 3802 5003 τῆς

2223 5025 2357 5088 ἰδίας
2383 5023 2588 5096 ὁρμῆς·
2628 5022 2753 5086 τοὺς
2797 5022 2896 5092 μὲν
2939 5023 3200 5087 ἑκουσίως
3237 5023 3323 5077 διά
3370 5025 3467 5096 τὴν
3514 5028 3801 5097 ὁμοιοτροι

2222 5116 2349 5170 πίαν
2383 5118 2481 5185 τῆς
2510 5113 2735 5185 γνώμης
2784 5114 3244 5184 προσκεκλικότας
3264 5133 3279 5146 ⁸
3311 5118 3436 5180 τοὺς
3466 5117 3522 5169 δὲ
3564 5117 3805 5181 πολλοὺς

2219 5204 2298 5277 τῷ
2343 5205 2491 5275 φόϐῳ
2530 5204 2630 5274 τῆς
2683 5205 2999 5269 δυναστείας
3045 5206 3113 5259 τὰ
3155 5207 3289 5277 πρὸς
3333 5207 3525 5278 ἡδονὴν
3560 5208 3808 5279 ἑτοίμως

2221 5298 2630 5369 χαριζομένους,
2666 5296 2755 5351 καὶ
2788 5296 2874 5349 διὰ
2910 5297 3008 5368 τῆς
3046 5298 3347 5369 ἁποτομίας
3380 5297 3477 5367 τῆς
3515 5299 3654 5353 κατά
3686 5300 3812 5353 τῶν

2221 5386 2593 5457 ἀντεχομένων
2628 5387 2725 5457 τῆς
2775 5386 3031 5451 πίστεως,
3073 5387 3207 5458 πρὸς
3256 5387 3415 5441 αὑτὸν
3455 5387 3817 5459 ἐνδεικνυμέ-

2222 5493 2344 5537 νους
2374 5474 2607 5545 σπουδήν
2626 5494 2637 5505 ·
2662 5477 2748 5529 ὅτε
2779 5476 2967 5545 φυγαὶ,
2993 5478 3085 5529 καὶ
3111 5477 3421 5547 δημεύσεις,
3451 5479 3545 5531 καὶ
3568 5477 3811 5550 ὲξορίαι,

2222 5566 2442 5620 ἀπειλαί
2480 5584 2537 5620 τε
2584 5568 2676 5622 καὶ
2733 5569 3177 5640 προστιμήματα,
3226 5568 3479 5633 κίνδυνοι,
3532 5570 3812 5638 φυλακαὶ,

2223 5661 2592 5731 δεσμωτήρια,
2634 5662 2920 5731 μάστιγες·
2943 5662 3036 5714 καὶ
3067 5661 3119 5714 τί
3146 5662 3253 5731 γὰρ
3281 5662 3398 5732 οὐχὶ
3428 5662 3537 5715 τῶν
3564 5660 3817 5717 δεινοτά-

2225 5770 2330 5805 των
2364 5755 2642 5821 ἐνηργεῖτο
2673 5752 2811 5806 κατὰ
2834 5753 2941 5806 τῶν
2966 5752 3041 5823 μὴ
3066 5752 3457 5824 συντιθεμένων
3486 5759 3547 5827 τῇ
3577 5756 3669 5810 τοῦ
3705 5757 3811 5828 βα-
