4008 6210
174 195 181 201 δ
227 251 328 306 289

1390 246 1671 303 CONTRA
1704 242 2093 308 EUNOMIUM,
2137 242 2265 299 LIB.
2300 243 2340 300 Ι.

3389 250 3495 307 9.90

227 368 422 432 (πλέως
450 369 616 437 ὀρμῇς
640 368 726 419 ὅτε
750 365 1125 437 χαλεπώτερον
1146 362 1213 437 ἦν
1242 368 1297 419 ἐν
1323 368 1457 437 οἴκῳ
1480 366 1614 419 Θεοῦ
1645 382 1801 418 κατα-

1909 377 2139 433 (ιυιειιιιο
2160 362 2429 434 supplicia
2464 361 2798 420 decernebat
2830 364 2919 429 iis,
2950 366 3044 435 qui
3078 366 3222 437 regis
3254 366 3470 425 libidini

227 463 496 535 ληφθῆναι
525 462 651 523 τοὺς
678 458 1055 525 εὐσεϐούντας,
1093 458 1126 529 ἢ
1161 459 1254 510 ἐπὶ
1282 460 1390 522 τοῖς
1421 458 1804 529 πονηροτάτοις

226 556 339 610 τῶν
360 553 719 624 ἐγκλημάτων
745 550 973 605 ἁλῶναι.

304 734 466 790 Ἀλλὰ
490 735 552 787 τὸ
583 735 681 805 μὲν
719 734 929 797 τούτοις
956 735 1089 787 πᾶσι
1118 733 1238 786 καθ’
1269 733 1496 786 ἕκαστον
1530 734 1802 801 ἐπεξιέναι

221 829 465 898 μεγάλης
486 826 630 888 τινὸς
648 824 717 878 ἂν
744 825 917 878 δέοιτο
947 823 1291 894 συγγραφῆς,
1325 822 1419 876 καὶ
1453 824 1644 895 χρόνου
1676 825 1804 877 πολ-

218 920 333 983 λοῦ,
365 922 461 973 καὶ
491 918 876 990 πραγματείας
906 916 1063 981 ἰδίας.
1107 916 1315 979 ’Ἄλλως
1340 932 1399 969 τε
1434 916 1527 969 καὶ
1554 916 1802 987 φανερῶν

216 1012 427 1065 ἆπασιν
461 1008 630 1063 ὄντων
662 1008 772 1062 τῶν
816 1006 1119 1078 τηνικαῦτα
1169 1007 1377 1072 κακῶν,
1411 1007 1560 1060 οὐδὲν
1608 1007 1674 1060 ἂν
1706 1008 1801 1076 γέ-

214 1118 366 1156 νοιτο
395 1100 555 1153 πλέον
580 1100 716 1172 πρὸς
740 1099 832 1153 τὸν
865 1099 1106 1169 παρέντα
1130 1098 1285 1168 λόγον
1311 1100 1374 1151 ἐκ
1394 1098 1487 1151 τοῦ
1513 1100 1630 1170 μετ’
1643 1100 1801 1170 ἀκρι-

213 1192 482 1256 εείαςτὰς
504 1191 788 1263 συμφορὰς
822 1190 1031 1254 ἐκείνας
1071 1192 1161 1244 ἐπὶ
1190 1190 1533 1262 γραμμάτων
1589 1191 1801 1244 ἐκτίθε-

212 1284 369 1338 σθαι.
408 1283 643 1334 ’Υπεστι
667 1281 726 1335 δὲ
748 1281 843 1334 καὶ
868 1280 1126 1352 φορτικὸν
1150 1280 1336 1352 ἕτερον
1365 1284 1423 1335 ἑν
1452 1281 1530 1353 τῷ
1560 1285 1689 1352 περὶ
1713 1283 1802 1336 αύ-

207 1375 325 1428 τῶν
358 1374 677 1444 διηγήματι,
713 1374 842 1436 τοὺς
869 1372 978 1425 τῶν
1004 1373 1288 1443 ἡμετέρων
1317 1372 1375 1437 ἐξ
1400 1374 1645 1444 ἀνάγκης
1680 1375 1802 1427 τινα

209 1467 444 1537 μνήμην
494 1465 824 1535 ποιήσασθαι
851 1463 1088 1534 καθεξῆς
1121 1464 1385 1530 διεξιόντα
1411 1466 1508 1537 τὴν
1530 1466 1636 1520 τῶν
1674 1483 1803 1519 σκυ-

207 1557 451 1629 θρωπῶν
490 1557 750 1626 ἱστορίαν.
784 1557 849 1610 Εἰ
895 1556 1003 1628 γάρ
1033 1573 1087 1608 τι
1108 1556 1200 1609 καὶ
1226 1555 1539 1629 πέπρακται
1564 1558 1801 1610 τοιοῦτον

204 1656 348 1724 ἡμῖν
378 1650 467 1704 διὰ
494 1653 620 1715 τοὺς
654 1650 792 1722 ὑπὲρ
820 1650 922 1720 τῆς
950 1649 1227 1714 εὐσεϐείας
1260 1644 1619 1719 ἁγῶνας,οἷον
1655 1650 1802 1720 φιλο-

1910 464 1963 511 et
2001 456 2282 511 effrenata:
2313 454 2603 526 cupiditati
2637 473 2748 512 non
2784 458 3227 526 subscriberent,
3266 466 3493 533 quando

1909 548 2273 617 periculosius
2305 554 2423 602 erat
2458 549 2577 618 pios
2606 558 2660 604 et
2687 551 3004 608 Catltolicos
3051 554 3105 608 in
3168 554 3334 611 domo
3372 556 3491 626 Dei,

1910 651 2072 707 quam
2105 638 2157 690 in
2190 638 2526 707 turpissimis
2580 638 2804 710 ﬂagitiis
2847 642 3203 711 deprehendi.

1983 725 2185 782 Verum
2227 730 2340 785 haec
2375 741 2428 785 et
2450 731 2651 786 similia
2690 733 2969 803 sigillatim
3001 738 3257 807 persequi
3294 742 3491 809 grandi

1909 829 2096 891 egeret
2137 822 2298 884 libro,
2340 831 2395 878 et
2446 823 2611 892 longo
2640 832 2886 894 tempore
2925 835 2980 882 et
3030 832 3250 900 proprio
3282 817 3514 890 studio:

1909 913 1976 969 Et
2035 930 2158 969 cum
2210 915 2357 971 illius
2402 918 2666 987 temporis
2724 925 2874 989 gesta
2926 919 2980 974 in
3024 923 3267 976 omnium
3311 926 3491 981 adhuc

1910 1007 2173 1061 memoria
2217 1016 2271 1062 et
2314 1023 2409 1063 ore
2455 1018 2767 1074 versentur,
2820 1011 3072 1069 fortassis
3104 1014 3296 1071 inutile
3342 1029 3490 1071 esset

1910 1098 1977 1153 ad
2017 1115 2259 1169 praesens
2304 1108 2554 1156 nostrum
2602 1102 2939 1167 institutum,
2988 1106 3334 1164 calamitates
3366 1109 3488 1164 illas

1909 1188 2213 1244 studiosius
2235 1190 2438 1246 litteris
2459 1191 2600 1247 velle
2626 1194 2976 1264 consignare,
3012 1207 3070 1250 ut
3101 1205 3310 1254 taceam
3332 1201 3489 1271 quid-

1908 1278 2033 1333 dam
2077 1282 2239 1335 etiam
2283 1282 2533 1338 odiosum
2577 1284 2892 1354 bujusmodi
2944 1302 3126 1342 rerum
3180 1293 3484 1347 narrationi

1909 1372 2163 1439 subesse,
2199 1376 2345 1445 quod
2376 1378 2699 1433 necessario
2728 1380 2933 1434 mentio
2966 1380 3214 1438 facienda
3250 1386 3321 1438 sit
3352 1401 3491 1456 qua-

1910 1464 2160 1519 rumdam
2219 1481 2403 1521 rerum
2451 1482 2482 1521 a
2535 1469 2700 1524 nobis
2734 1477 3033 1542 gestarum,
3085 1474 3132 1528 si
3165 1473 3359 1530 ordine
3391 1492 3490 1531 ex—

1911 1569 2115 1623 ponere
2145 1558 2401 1623 velimus,
2433 1574 2554 1629 quae
2592 1562 2733 1616 tristi
2765 1563 2858 1617 illo
2893 1571 3136 1634 tempore
3163 1578 3485 1623 evenerunt.

1909 1644 2137 1703 Etiamsi
2190 1650 2336 1704 enim
2382 1650 2586 1720 aliquid
2626 1661 2848 1723 propter
2883 1655 3142 1724 pietatem
3192 1658 3485 1728 gessimus,

204 1743 401 1813 τιμίαν
429 1744 614 1812 φέρειν
639 1741 718 1812 τῷ
745 1743 1065 1812 διηγήματι,
1086 1744 1198 1807 τοῖς
1232 1742 1458 1813 πλησίον
1480 1742 1800 1796 καταλιπεῖν

1908 1738 2051 1807 quod
2086 1748 2369 1795 narratum
2404 1742 2617 1797 laudem
2652 1751 2705 1799 et
2741 1745 2910 1801 decus
2948 1748 3247 1804 conciliare
3280 1764 3486 1820 posset,

207 1838 238 1906 ἡ
280 1835 454 1904 impia
492 1834 740 1900 κελεύει,
785 1833 1208 1905 Ἐγκωμιαζέτω
1254 1853 1329 1890 σε
1366 1834 1493 1907 γὰρ,
1533 1836 1718 1906 φησὶν,
1765 1839 1798 1890 ὁ

205 1929 427 1997 πέλας,
462 1929 561 1983 καί
582 1929 668 1999 μὴ
700 1930 773 1984 τὰ
809 1930 893 1983 σὰ
913 1930 1109 1999 χείλη.
1143 1930 1322 2001 Ὅπερ
1344 1931 1373 1983 6
1399 1931 1465 1983 τὰ
1497 1933 1672 1984 πάντα
1698 1948 1797 1984 πε-

209 2023 675 2094 ριεσκευασμένος
708 2024 782 2093 μὴ
836 2020 1114 2085 συνειδὼς,
1146 2021 1208 2074 τὸ
1254 2022 1504 2076 πλεῖστον
1538 2024 1636 2094 τῆς
1672 2041 1802 2092 συγ-

206 2117 431 2188 γραφῆς
487 2118 547 2170 ὲν
592 2118 714 2179 ταῖς
772 2115 901 2186 περὶ
953 2114 1117 2168 αὐτοῦ
1160 2114 1586 2190 μεγαληγορίαις
1639 2115 1801 2188 ησχό-

206 2202 364 2274 λησε.

275 2386 475 2439 Πάντα
516 2385 695 2439 τοίνυν
722 2384 832 2454 ἐγὼ
869 2386 935 2440 τὰ
973 2386 1198 2442 τοιαῦτα
1232 2386 1676 2460 περιδραμὼν.τά
1702 2390 1804 2463 τῆς

204 2479 414 2543 δειλίας
451 2479 547 2533 τοῦ
568 2478 890 2533 διδασκάλου
913 2479 1070 2551 ἡμῶν
1092 2479 1229 2551 ἔργα
1258 2483 1375 2552 μετ’
1402 2481 1686 2552 ἀκριϐείας
1707 2483 1800 2537 ἐκ·

207 2573 474 2643 θήσομαι.
530 2566 642 2625 Ἦν
688 2571 865 2625 τοίνυν
897 2572 926 2623 ὁ
965 2572 1420 2644 ἀντιτεταγμένος
1468 2573 1617 2643 αύτῷ
1668 2574 1804 2645 πρὸς

205 2663 512 2717 ἀντίπαλον
550 2661 727 2727 τάξιν,
773 2662 1027 2734 βασιλεὺς
1074 2663 1257 2727 αὐτὸς.
1295 2662 1354 2715 '0
1403 2663 1459 2716 δὲ
1517 2663 1805 2735 ὑπηρετῶν

207 2755 378 2811 αὐτοῦ
408 2759 535 2818 ταῖς
586 2757 803 2829 ὁρμαῖς,
828 2757 858 2809 6
892 2755 1072 2827 πάσης
1103 2756 1286 2827 ἄρχων
1319 2755 1436 2826 μετ’
1471 2757 1677 2809 ἐκεῖνον
1707 2758 1806 2827 τῆς

204 2850 521 2919 βασιλείας·
569 2849 619 2901 οἱ
656 2847 1046 2917 συνεργοῦντες
1100 2847 1158 2900 δὲ
1211 2847 1346 2918 πρὸς
1402 2848 1500 2919 τὴν
1550 2848 1806 2918 τοιαύτην

200 2942 536 3013 ἐπιθυμίαν,
554 2943 606 2994 οἰ
631 2944 759 3012 περὶ
781 2940 943 2995 αὐτὸν
978 2941 1196 3005 πάντες.
1217 2940 1570 3013 Προσκείσθω
1597 2942 1806 3005 τούτοις

201 3035 297 3089 καὶ
330 3038 365 3089 6
400 3034 596 3103 καιρὸς
629 3035 708 3098 εἰς
734 3033 1132 3106 ἀκριϐεστέραν
1156 3032 1388 3104 βάσανον
1427 3035 1521 3088 καὶ
1547 3035 1804 3099 ἐπίδειξιν

200 3128 302 3198 τῆς
329 3127 593 3196 γενναίας
627 3126 721 3180 τοῦ
750 3126 981 3196 ἀθλητοῦ
1009 3126 1406 3197 πεποιθήσεως.
1432 3126 1527 3190 Τίς
1555 3122 1648 3181 οὖν
1681 3122 1748 3198 ἦν
1775 3128 1805 3179 6

201 3220 436 3290 καιρός
468 3219 731 3290 ἐξήλαυνε
757 3218 857 3288 μὲν
880 3218 981 3288 τῆς
1019 3218 1434 3273 Κωνσταντίνου
1464 3218 1669 3282 πόλεως
1711 3220 1805 3273 ἐπὶ

198 3313 302 3385 τὴν
340 3314 495 3383 ἑῴαν
523 3314 553 3365 6
594 3311 867 3381 βασιλεὺς,
897 3310 1022 3382 ἄρτι
1052 3313 1166 3374 τοῖς
1197 3311 1336 3364 κατὰ
1376 3310 1483 3364 τῶν
1517 3309 1805 3382 βαρϐαρων

197 3403 362 3474 αὐτῷ
391 3401 820 3474 κατορθωθεῖσιν
853 3401 1168 3474 ἐπηρμένος
1190 3401 1251 3454 τὸ
1287 3401 1563 3473 φρόνημα,
1584 3402 1679 3455 καὶ
1712 3401 1804 3455 ού-

196 3495 291 3548 δὲν
314 3495 658 3550 ἀντιϐαίνειν
696 3494 863 3548 αὐτοῦ
888 3495 1008 3554 ταῖς
1048 3494 1247 3566 ὁρμαῖς
1276 3493 1444 3558 ἀξιῶν
1466 3510 1480 3523 ·
1507 3497 1804 3566 προηγεῖτο

196 3588 260 3641 δὲ
290 3588 470 3641 αὑτοῦ
492 3587 593 3657 τῆς
624 3586 852 3658 πορείας
887 3587 916 3639 6
942 3585 1202 3658 ὖπαρχος,
1220 3587 1336 3640 ἀντ’
1349 3585 1510 3640 ἄλλου
1524 3586 1665 3651 τινὸς
1696 3586 1804 3640 τῶν

196 3682 283 3743 εἰς
308 3681 424 3749 τὴν
473 3681 649 3751 ἀρχὴν
695 3679 1010 3748 ἀναγκαίων
1028 3668 1195 3733 ’τοῦτο
1217 3679 1714 3751 προδιοικούμενοςο
1744 3679 1804 3734 τὸ

197 3772 349 3843 μηδὲ
371 3788 498 3825 τινα
517 3772 611 3826 τὸν
639 3772 731 3825 ἐπὶ
758 3771 993 3834 πίστεως
1019 3771 1147 3824 ὅντα
1170 3772 1352 3842 μένειν
1372 3772 1639 3840 ἐφέστιον,
1667 3771 1803 3826 ἀλλὰ

188 3864 295 3918 τοῦ
350 3866 495 3929 τοὺς
551 3865 650 3934 μὲν
700 3860 1102 3917 ἀπελαύνεσθαι
1159 3863 1369 3926 πάντας
1420 3861 1757 3933 πανταχόθεν
1781 3903 1796 3930 ,

190 3959 442 4030 ἑτέρους
470 3958 527 4011 δὲ
566 3960 681 4012 ἀντ’
710 3958 935 4012 ἐκείνων
959 3957 1497 4028 αύτοχειροτονήτους
1532 3956 1680 4017 τινὰς
1711 3958 1803 4009 ἐπὶ

190 4052 366 4123 ὕϐρει
411 4052 510 4121 τῆς
538 4050 690 4114 θείας
717 4051 1027 4123 οἰκονομίας
1079 4049 1412 4119 εἰσάγεσθαι.
1447 4049 1602 4106 Μετὰ
1631 4053 1805 4104 τοιαύο

190 4161 301 4215 της
339 4141 442 4199 οὖν
481 4143 710 4215 γνώμης
753 4144 1005 4216 καθάπερ
1044 4143 1196 4212 νέφει
1226 4143 1372 4206 τινὸς
1412 4141 1671 4213 χαλεποῦ,
1704 4142 1804 4213 τῆς

188 4238 534 4299 δυναστείας
564 4239 633 4291 ὲκ
662 4240 764 4307 τῆς
816 4235 1176 4308 Προποντίδος
1224 4234 1369 4289 κατὰ
1413 4234 1523 4290 τῶν
1571 4236 1803 4305 Ἐκκλη-

1831 3091 1874 3147 C

1901 1828 1955 1883 id
1997 1838 2056 1883 ut
2097 1832 2367 1900 proximis
2400 1834 2610 1889 nostris
2637 1839 3181 1894 commemorandum
3216 1842 3490 1913 relinqua-

1901 1938 2048 1987 mus,
2103 1932 2290 1980 monet
2337 1925 2522 1978 divina
2566 1928 2831 1996 sapientia
2865 1948 2878 1983 :
2910 1929 3111 1986 Laude!
3159 1942 3226 1998 te,
3286 1934 3486 2006 inquit,

1899 2016 2195 2082 proximus,
2242 2026 2289 2069 et
2339 2033 2443 2070 non
2500 2016 2643 2070 labia
2694 2026 2787 2071 tua
2834 2020 2912 2074 ".
2969 2020 3119 2086 Quod
3182 2023 3486 2081 Ennomius

1902 2107 2319 2187 oculatissimus
2361 2122 2470 2162 non
2516 2107 2902 2180 considerans,
2950 2112 3243 2172 maximam
3278 2128 3485 2187 partem

1902 2184 1987 2255 sui
2028 2199 2156 2253 libri
2195 2200 2436 2271 gloriose
2473 2215 2596 2256 sese
2619 2199 2897 2277 elici-endo
2938 2217 2990 2259 ct
3017 2184 3317 2263 insolenter
3348 2225 3488 2279 pra:-

1903 2292 2148 2349 dicando
2193 2292 2561 2363 consumpsit.

1974 2384 2244 2440 Omnibus
2284 2385 2448 2455 igitur
2500 2384 2653 2440 hisce
2692 2385 2932 2452 relictis,
2984 2388 3174 2445 sedulo
3217 2405 3487 2460 exponam

1905 2491 2068 2546 opera
2093 2476 2451 2548 ptaaceptoris
2480 2477 2679 2540 nostri,
2702 2480 2920 2533 timoris
2940 2487 2994 2534 et
3015 2482 3235 2550 pavoris
3256 2482 3483 2539 indicia.

1904 2567 2038 2623 Erat
2070 2569 2238 2638 igitur
2273 2568 2340 2634 is,
2392 2584 2519 2624 cum
2556 2584 2665 2639 quo
2695 2570 2902 2629 Basilio
2943 2571 3318 2629 dimicandum
3344 2585 3484 2639 erat,

1906 2662 2135 2731 ipsemet
2191 2661 2513 2731 imperator.
2559 2660 2835 2716 Libidinis
2888 2678 3021 2719 vero
3075 2672 3130 2720 et
3190 2665 3488 2736 impietatis

1904 2755 2028 2824 ejus
2082 2754 2415 2809 administer
2463 2754 2573 2821 ille,
2605 2753 2699 2824 qui
2737 2761 2862 2823 post
2898 2755 3280 2825 imperatorem
3311 2766 3485 2813 totum

1906 2847 2195 2916 imperium
2262 2847 2509 2916 regebat.
2572 2847 2866 2916 Adjutores
2934 2857 3116 2903 autem
3167 2850 3487 2919 cupiditatis

1906 2938 2054 2993 illius
2093 2952 2286 2993 omnes
2327 2938 2553 2993 omnino
2579 2939 2768 2995 aulici.
2802 2940 3043 2996 Accedat
3086 2948 3142 2997 et
3189 2942 3276 2999 his
3308 2943 3486 3013 ipsum

1910 3037 2146 3100 tempus,
2202 3040 2263 3084 ut
2311 3046 2376 3085 eo
2407 3032 2720 3088 accuratius
2753 3039 2808 3089 et
2830 3033 3048 3103 planius
3080 3034 3490 3104 demonstretur

1906 3124 2146 3179 invictus
2181 3132 2236 3180 et
2265 3124 2523 3182 excelsus
2574 3125 2793 3183 animus
2840 3128 3093 3197 generosi
3125 3128 3275 3184 illius
3308 3129 3488 3184 athle-

1905 3227 1995 3273 tae.
2013 3215 2168 3282 Quod
2196 3216 2363 3288 igitur
2385 3227 2600 3289 tempus
2621 3218 2776 3272 erat?
2790 3218 2994 3274 Aberat
3008 3219 3486 3292 Constantinopoli

1904 3308 2204 3379 imperator
2246 3310 2299 3363 in
2346 3308 2589 3373 Oriente,
2625 3311 2803 3365 elatus
2849 3318 3030 3368 mente
3076 3313 3246 3371 rebus
3291 3323 3486 3372 contra

1904 3397 2172 3455 barbaros
2216 3415 2324 3454 non
2377 3399 2453 3455 ita
2505 3399 2717 3471 pridem
2774 3400 3009 3457 feliciter
3049 3404 3243 3474 gestis,
3297 3406 3488 3461 existi-

1906 3502 2176 3558 mansque
2227 3489 2624 3560 cupiditatibus
2671 3490 2791 3547 suis
2830 3490 2967 3546 nihil
3008 3493 3233 3548 omnino
3292 3493 3486 3550 adver-

1905 3581 2014 3636 sari
2070 3580 2308 3648 debere;
2358 3580 2704 3652 praecedebat
2753 3598 2878 3638 eum
2928 3582 3244 3652 praefectus,
3305 3587 3488 3656 specie

1903 3672 2127 3744 quidem
2165 3673 2322 3744 quasi
2348 3674 2657 3729 necessaria
2693 3672 3044 3744 imperatoris
3068 3675 3322 3731 adventui
3356 3693 3487 3747 pra»

1906 3778 2101 3833 parare
2154 3763 2397 3827 deberet,
2430 3778 2621 3818 revera
2650 3771 2855 3829 autem,
2886 3772 2945 3818 ut
2972 3764 3321 3822 Ortltodoxos
3353 3783 3484 3837 pro-

1904 3855 2042 3925 priis
2070 3854 2297 3910 sedibus
2330 3855 2740 3919 extcrtninarct,
2779 3855 2833 3908 in
2865 3857 3275 3927 ejectorumque
3303 3858 3483 3914 locum

1904 3948 2046 4004 alios
2089 3963 2200 4003 non
2249 3948 2491 4019 legitime
2539 3956 2763 4003 vocatos
2815 3956 2871 4002 et
2921 3949 3227 4016 ordinatos,
3254 3951 3310 4006 in
3350 3968 3485 4008 con-

1906 4050 2170 4112 temptum
2214 4050 2269 4097 et
2306 4042 2565 4111 injuriam
2605 4039 2886 4104 Ecclesiae,
2942 4041 3318 4098 substitueret.
3373 4044 3485 4099 llac

1907 4134 2072 4204 igitur
2119 4145 2321 4194 mente,
2372 4134 2524 4188 velut
2566 4133 2712 4187 nube
2757 4131 2991 4200 quadam
3033 4136 3323 4197 malorum,
3356 4152 3483 4190 cum

1904 4228 2166 4282 violentia
2201 4235 2256 4281 et
2272 4225 2568 4294 exagitatio
2599 4230 2790 4277 contra
2840 4220 3117 4281 Ecclesias
3150 4243 3218 4280 ex
3243 4226 3486 4297 PrOpono

191 4329 339 4384 θεῶν
382 4328 733 4399 κινηθείσης·
766 4329 989 4399 καὶτῆς
1017 4328 1117 4398 μὲν
1152 4326 1405 4389 Βιθυνίας
1434 4327 1645 4401 ἀθρόως
1675 4329 1801 4398 ἐρη-

1908 4319 2020 4373 title
2079 4332 2369 4388 progressa
2416 4325 2584 4380 esset,
2636 4322 2691 4370 et
2755 4314 3066 4386 Bithyniam
3128 4318 3349 4388 quidem
3415 4337 3483 4375 ex

188 4421 516 4492 μοθείσης,
546 4419 819 4482 Γαλατίας
849 4419 905 4473 δὲ
931 4421 1031 4472 σὺν
1054 4419 1224 4490 πολλῇ
1254 4420 1321 4489 τῇ
1354 4418 1605 4491 ῥᾳστώνη
1625 4436 1801 4491 παρα-

1908 4411 2206 4482 improviso
2272 4410 2611 4476 desolasset,
2682 4410 3064 4483 Galatiamque
3126 4416 3246 4471 sine
3299 4417 3486 4474 labore

189 4513 478 4583 συρείσης
504 4527 519 4541 ·
551 4512 649 4564 καὶ
679 4509 897 4563 πάντων
948 4511 1131 4572 αὐτοῖς
1175 4508 1318 4562 κατὰ
1354 4508 1479 4562 νοῦν
1514 4509 1600 4563 διὰ
1638 4509 1801 4580 μέσον

1908 4510 2198 4565 vastasset,
2230 4511 2284 4556 ct
2313 4516 2437 4555 cum
2474 4500 2659 4555 omnia
2689 4501 2798 4557 illis
2828 4501 2895 4555 ad
2929 4504 3261 4560 voluntatem
3291 4505 3483 4561 ﬂuxis—

1903 4601 2059 4660 sent;
2089 4591 2202 4663 jam
2234 4591 2474 4661 serpenti
2510 4591 2655 4647 malo
2684 4591 3053 4662 objiciebatur
3080 4603 3269 4649 nostra
3303 4599 3476 4667 regio,

182 4602 639 4675 κεχωρηκότων,
660 4601 952 4672 προῦκειτο
977 4601 1077 4671 ἤδη
1105 4603 1172 4671 τῇ
1201 4600 1495 4671 ἀκολουθίᾳ.
1514 4600 1607 4653 τοῦ
1632 4601 1804 4656 κακοῦ

184 4694 247 4747 τδ
276 4694 575 4763 ἡμέτερον
594 4709 611 4724 ο
644 4692 697 4745 τί
724 4688 820 4745 οὖν
843 4693 873 4745 6
903 4693 1076 4763 μέγας
1098 4692 1217 4745 τότε
1246 4690 1539 4755 Βασίλειος,
1556 4693 1585 4744 6
1612 4690 1804 4754 δειλὸς,

180 4781 262 4847 εις
318 4798 507 4853 φησιν
553 4774 731 4848 οὗτος,
765 4782 860 4834 καὶ
910 4780 1143 4850 ἄτολμος
1165 4819 1178 4840 .
1210 4780 1304 4833 καὶ
1336 4780 1701 4850 ὑποπτήσσων
1737 4780 1806 4834 τὰ

1903 4693 1963 4740 ut
2007 4683 2273 4753 proxima.
2305 4681 2448 4748 Quid
2493 4681 2661 4753 igitur
2689 4697 2925 4751 magnus
2958 4681 3214 4749 Basilius,
3254 4685 3483 4741 timidus

1903 4777 2017 4841 ille,
2062 4784 2121 4829 ut
2168 4776 2271 4831 iste
2312 4773 2571 4844 appellat,
2619 4781 2674 4830 et
2711 4775 2964 4845 pavidus,
3001 4784 3058 4830 et
3096 4777 3150 4832 in
3192 4778 3357 4833 rebus
3385 4795 3476 4832 ar-

181 4870 421 4941 θοϐερὰ
443 4909 460 4931 .
501 4870 595 4923 καὶ⁵
649 4869 878 4940 οἰκίσκῳ
920 4868 1234 4923 λανθάνοντι
1270 4869 1369 4939 τὴν
1403 4869 1675 4941 σωτηρίαν
1710 4887 1798 4923 πι-

182 4963 419 5017 στεύων
456 4978 472 5024 ;
503 4957 649 5033 'Apa.
684 4961 1003 5033 κατεπλάγη
1045 4962 1145 5032 τὴν
1193 4961 1289 5014 τοῦ
1345 4960 1516 5015 κακοῦ
1560 4963 1796 5033 προσϐο-

178 5054 285 5124 λήν
310 5073 330 5117 ;
356 5049 525 5123 ’Λρα
559 5054 623 5105 τὸ
667 5052 839 5118 πάθος
881 5052 988 5105 τῶν
1030 5051 1457 5123 προεαλωκότων
1494 5052 1797 5123 σύμϐουλον

182 5141 330 5212 ςρὸς
361 5141 481 5211 τὴν
502 5140 801 5209 ἁσιράλειαν
818 5140 926 5194 τῶν
953 5140 1073 5194 καθ’
1090 5141 1280 5195 ἑαυτὸν
1306 5142 1598 5211 ἐποιήσατο
1618 5158 1633 5207 ;
1650 5138 1795 5213 Ἆρα

183 5231 542 5295 κατεδέξατο
558 5231 653 5285 τοῦ
676 5228 815 5299 εἶξαι
844 5233 979 5305 πρὸς
1007 5232 1186 5301 ὀλίγον
1210 5234 1275 5303 τῇ
1323 5232 1467 5306 ῥύμῃ
1502 5231 1595 5285 τοῦ
1623 5232 1796 5286 κακοῦ

186 5321 706 5395 συμϐουλεύοντος,
728 5325 861 5394 μηδὲ
902 5327 983 5389 είς
1019 5320 1291 5395 προῦπτον
1332 5324 1574 5377 κίνδυνον
1610 5324 1798 5378 ἑαυτὸν

186 5414 515 5483 War
567 5415 659 5467 ἐπὶ
715 5415 1018 5488 ἀνθρώπιον
1078 5413 1641 5486 καταγυμνασθέντων
1687 5417 1799 5479 τοῖς

186 5508 479 5579 εἵμασι-κ
507 5505 707 5575 ῆπᾶσα
732 5508 902 5573 λόγων
943 5507 1234 5579 ὑπερϐοΗι,
1264 5509 1356 5563 καὶ
1384 5509 1490 5561 πᾶν
1520 5507 1649 5577 ὕψος
1675 5524 1796 5561 vor-

302 5712 353 5745 "
385 5708 761 5785 Pramum,
796 5710 852 5764 2.

1903 4866 2028 4922 duis
2064 4865 2363 4920 formidare
2408 4865 2629 4930 solitus,
2669 4872 2724 4920 et
2762 4867 3001 4922 obscuro
3035 4868 3253 4923 cuidam
3297 4868 3480 4923 domi-

1903 4959 2032 5015 cilio
2080 4974 2235 5014 suam
2281 4958 2515 5014 salutem
2565 4957 2835 5014 credens?
2878 4958 2961 5013 An
3009 4960 3192 5015 animo
3243 4960 3485 5017 concidit

1903 5050 1976 5106 ob
2019 5050 2350 5106 calamitatis
2399 5049 2546 5105 illius
2596 5049 2897 5120 impetum?
2943 5049 3026 5104 An
3080 5066 3144 5106 ea
3196 5067 3319 5122 quae
3358 5054 3483 5109 aliis

1902 5152 2200 5201 evenerunt
2244 5143 2498 5212 exemplo
2527 5152 2581 5196 et
2613 5142 2946 5198 documento
2985 5144 3090 5199 sibi
3135 5145 3330 5204 salutis
3358 5158 3485 5203 esse

1903 5237 2125 5291 voluit?
2168 5235 2308 5290 Num
2355 5236 2633 5305 acquievit
2681 5234 2901 5289 illorum
2944 5238 3190 5301 monitis,
3253 5241 3347 5310 qui
3392 5260 3488 5311 pu-

1902 5331 2091 5384 tabaut
2124 5328 2192 5381 ad
2238 5327 2514 5382 modicum
2552 5335 2765 5397 tempus
2812 5326 2980 5382 furori
3037 5328 3250 5386 illorum
3286 5333 3486 5388 ceden-

1904 5422 2031 5474 dum
2077 5434 2236 5482 esse,
2292 5426 2347 5474 et
2398 5426 2458 5473 ut
2511 5433 2571 5473 se
2627 5433 2739 5473 non
2786 5420 3089 5498 conjiceret
3130 5422 3184 5476 in
3235 5433 3486 5494 apertum

1904 5510 2204 5580 periculum
2237 5508 2559 5565 obsistendo
2582 5508 2899 5565 hominibus
2928 5509 2995 5564 ad
3031 5510 3232 5569 caedem
3266 5524 3322 5572 et
3353 5530 3486 5573 san-
