4008 6210
638 256 733 311 ‘29!

1878 251 1932 303 ς».
1977 250 2300 306 CRECORH
2337 250 2630 306 NYSSENI
3777 255 3869 309 ἳθὲ

635 371 849 441 guinem
893 366 1169 421 assuetis?
1214 366 1292 418 Au
1339 363 1520 417 munis
1564 365 1829 418 orationis
1875 367 2052 436 topia,
2081 382 2203 420 ver—

2313 366 2497 436 μάτων
2521 379 2579 418 τε
2601 364 2692 417 καὶ
2716 366 2780 434 ρη
2791 365 2975 432 μάτων
3004 365 3152 417 κάτω
3183 383 3284 418 που
3329 367 3426 436 τῆς
3453 366 3705 437 ἀληθείας
3735 368 3868 433 ἐλέγ-

634 466 937 530 bornmque
990 460 1207 528 pomlus
1244 459 1345 509 hac
1395 458 1447 509 in
1497 472 1553 510 re
1589 458 1746 526 longe
1785 458 1964 510 minor
2015 466 2100 513 est
2160 466 2214 512 et

634 555 880 619 inferior,
936 567 1098 620 quam
1143 551 1217 604 rei
1266 557 1430 619 gesta:
1478 551 1718 604 veritas?
1761 550 1877 615 Qua
1913 551 2058 604 enim
2089 565 2214 604 era-

632 648 777 699 tione
827 644 1185 713 explicaverit
1213 643 1338 712 quis
1371 644 1518 695 illam
1553 643 1796 694 onmium
1839 642 2208 711 periculorum

631 738 1094 810 despicientiam?
1123 735 1411 802 Quomodo
1454 736 1580 805 quis
1625 735 1802 788 oculis
1839 734 2096 802 subjiciat
2155 742 2209 787 et

595 837 988 902 .rcprzesentet
1056 843 1248 881 novam
1300 828 1444 880 illam
1517 835 1569 881 ct
1629 826 1902 879 insolitam
1944 840 2200 894 pugnam,

629 940 790 994 quam
841 938 1016 992 neque
1065 921 1134 975 ab
1161 919 1497 981 hominibus,
1525 936 1697 988 neque
1726 927 1915 971 contra
1954 917 2204 970 homines

2313 472 2497 527 χεταις
2525 457 2648 519 Πῶς
2675 457 2782 528 ἄρα
2821 473 2904 518 τις
2949 455 3202 520 διεξέλθοι
3235 457 3312 527 τῷ
3336 457 3478 527 λόγῳ
3502 457 3598 527 τὴν
3627 459 3870 531 τοσαύτην

2310 549 2417 601 τῶν
2475 547 2718 618 φοϐερῶν
2759 548 3160 616 καταφρόνησιν
3193 566 3206 612 ;
3243 548 3367 611 Πῶς
3398 550 3463 602 ἄν
3512 567 3598 614 τις
3645 550 3732 604 ὑπ’
3765 551 3869 620 ὄψιν

2310 641 2504 708 ἀγάγοι
2552 640 2642 692 τὸν
2692 638 2876 692 καινὸν
2910 641 3114 691 ἐκεῖνον
3165 640 3372 707 ἀγῶνα,
3400 640 3459 692 ὃν
3483 640 3607 694 οὔτε
3634 643 3755 715 παρ’
3790 646 3875 697 ἁν-

2309 733 2336 784 0
2346 731 2561 803 ρώπων,
2584 729 2706 783 οὔτε
2739 730 2874 799 πρὸς
2896 731 3215 804 ἀνθρώπους
3243 733 3468 788 είκότωε
3499 734 3565 788 ἄν
3589 751 3671 799 τις
3692 738 3872 807 συστῆ-

2307 841 2396 876 ναι
2432 825 2676 892 φήσειεν.
2713 822 2825 874 ἀλλ’
2855 823 3055 893 ἀρετὴν
3087 822 3180 875 καὶ
3226 825 3535 895 παρρησίαν
3571 827 3874 898 Χριστιανοῦ

2311 915 2443 985 πρὸς
2483 914 2796 967 δυναστείαν
2817 915 3062 983 φονῶσαν
3091 913 3577 984 ἁνταγωνίζεσθαι;

630 1025 936 1084 εειδοεριεῃη
977 1013 1170 1067 merito
1196 1013 1320 1080 quis
1381 1009 1887 1086 aﬂirmaverit,sed
1957 1009 2136 1079 potius
2206 1008 2464 1063 virtutem
2511 1017 2562 1061 et
2634 1009 2940 1062 libertatem
2995 1009 3302 1063 Christiani
3371 1018 3567 1064 contra
3633 1011 3874 1082 principis

629 1112 974 1170 violentiam,
1022 1108 1189 1161 cmdis
1243 1114 1295 1160 et
1352 1107 1640 1173 sanguinis
1696 1111 2062 1174 appetentem,
2107 1113 2350 1159 certasse
2403 1105 2635 1172 quilibet
2675 1102 2903 1157 dixerit?

701 1200 939 1253 Vocabat
971 1200 1118 1252 illum
1155 1197 1223 1252 ad
1263 1213 1321 1252 se
1355 1200 1664 1267 przel'ectus,
1709 1206 2061 1250 antevertens
2107 1195 2210 1248 im-

643 1293 914 1363 peratoris
962 1293 1308 1360 prmscntiam
1363 1301 1418 1344 et
1467 1290 1781 1350 adventum,
1848 1287 2212 1358 imperatoris—

629 1405 735 1457 que
768 1387 1064 1456 potentiam
1105 1401 1199 1456 per
1235 1401 1293 1439 se
1327 1384 1755 1445 formidandam,
1793 1383 2060 1437 eﬂiciebat
2095 1382 2208 1436 for-

630 1480 1030 1534 midabiliorem
1095 1477 1490 1548 suppliciorum
1543 1476 1928 1530 multitudine:
1989 1481 2208 1544 etpost

628 1572 746 1624 illas
798 1571 851 1623 in
903 1568 1151 1639 Bithynia
1227 1567 1544 1638 tragmdias,
1619 1568 1975 1637 tlet’itlﬂSQth
2047 1569 2206 1622 Solita

626 1662 888 1714 facilitate
966 1659 1208 1717 Galatas,
1278 1659 1482 1712 nullius
1563 1659 1766 1727 negotii
1834 1660 2204 1724 existimabat,

2400 1195 2611 1248 Ἐκάλει
2647 1195 2744 1265 μὲν
2778 1194 2887 1264 γὰρ
2937 1196 3070 1263 πρὸς
3115 1196 3304 1250 ἑαυτὸν
3343 1197 3627 1267 προλαϐὼν
3659 1192 3748 1263 τὴν
3787 1198 3872 1252 τοῦ

2317 1287 2580 1358 βασιλέως
2634 1287 2955 1340 ἐπιστασίαν
2987 1290 3015 1340 6
3059 1286 3308 1358 ὕπαρχος
3343 1307 3354 1319 ·
3384 1290 3476 1341 καὶ
3519 1289 3690 1352 ἄλλως
3725 1283 3874 1344 οὖσαν

2316 1380 2550 1450 φοϐερὰν
2581 1380 2667 1433 διὰ
2702 1381 2762 1434 τὸ
2794 1380 3023 1450 μέγεθος
3051 1379 3146 1450 τὴν
3187 1381 3383 1452 ἀρχὴν,
3417 1381 3786 1453 φοϐερωτέραν
3815 1389 3875 1455 τῇ

2315 1473 2527 1543 ἀφειδίᾳ
2569 1473 2678 1525 τῶν
2727 1472 3007 1544 τιμωριῶν
3059 1476 3422 1545 καταστήσας,
3474 1475 3566 1527 καὶ
3615 1476 3747 1545 μετά
3788 1477 3880 1536 τὰς

2312 1565 2617 1636 τραγῳδίας
2665 1566 2898 1630 ἐκείνας,
2943 1565 3012 1627 ἃς
3045 1566 3184 1618 κατά
3219 1566 3469 1620 Βιθυνίαν
3507 1567 3873 1639 ἐξειργάσατο.

2313 1657 2568 1709 Γαλατῶν
2625 1657 2730 1710 ὑπὸ
2775 1657 2872 1728 τῆς
2906 1656 3168 1725 συνήθους
3187 1657 3434 1721 εὐκολίας
3480 1661 3685 1712 ἀκονιτὶ
3715 1677 3883 1731 παρα-

623 1754 785 1807 etiam
813 1751 953 1821 apud
989 1767 1087 1806 nos
1119 1751 1382 1804 arbitratu
1419 1764 1519 1803 suo
1565 1749 1830 1803 insanire.
1873 1749 2057 1807 Rebus
2085 1768 2205 1808 vere

2318 1750 2578 1812 στάντων,
2598 1749 2816 1820 ἕτοιμον
2849 1748 3003 1819 ᾣετο,
3041 1751 3134 1803 καὶ
3165 1750 3224 1802 τδ
3258 1751 3378 1803 καθ’
3409 1753 3558 1822 ἡμᾶς
3586 1751 3729 1822 αὑτῷ
3754 1753 3885 1823 πρὸς

637 1846 836 1898 futuris
866 1844 1148 1897 exordium
1192 1843 1338 1897 dedit
1374 1843 1549 1895 oratio
1588 1843 1752 1896 minis
1812 1845 1973 1897 simul
1997 1853 2051 1899 et
2083 1861 2210 1914 pro-

625 1939 808 1992 missis
845 1937 1036 1991 mista:
1070 1945 1127 1991 et
1159 1939 1202 1990 si
1238 1935 1456 2006 quidem
1493 1936 1898 2005 obtemperaret
1943 1937 2204 2002 Basilius,

627 2027 978 2092 promittebat
1028 2027 1265 2080 honores
1300 2041 1487 2080 omnes
1510 2026 1577 2078 ab
1613 2026 1961 2096 imperatore,
1990 2034 2044 2080 et
2072 2043 2210 2098 prte-

625 2132 766 2173 lerea
804 2119 1059 2173 Ecclesiae
1101 2119 1529 2187 gubernaculum
1582 2126 1639 2173 et
1695 2120 1944 2184 clavum;
1978 2121 2022 2175 si
2068 2120 2209 2175 relu-

623 2221 886 2274 ctaretur,
930 2214 1270 2280 proponebat
1320 2210 1523 2270 omnia.
1570 2224 1691 2279 quae
1728 2210 1997 2265 acerbitas
2041 2210 2206 2264 animi

621 2319 744 2358 cum
777 2313 1044 2371 poti-state
1085 2301 1300 2371 quidvis
1329 2301 1522 2372 agendi
1560 2302 1859 2368 conjuncta
1891 2303 2207 2371 excogitare

623 2405 823 2466 potest.
853 2396 916 2449 lit
951 2398 1038 2450 illa
1072 2398 1291 2467 quidem
1322 2411 1443 2467 qua:
1491 2395 1580 2449 isti
1612 2403 1841 2465 egerunt
1891 2395 2204 2464 hujusmodi

625 2490 798 2542 I'uere.

694 2582 758 2634 At
789 2591 975 2634 noster
1013 2589 1225 2634 tantum
1261 2579 1466 2643 abfuit,
1498 2587 1557 2632 ut
1595 2579 1666 2632 ob
1695 2593 1780 2638 ea,
1816 2594 1936 2647 qua:
1966 2577 2202 2642 vidi-bat,

619 2673 704 2726 vel
742 2673 1018 2735 audiebat,
1052 2672 1248 2727 timore
1286 2671 1694 2741 percelleretur,
1729 2680 1784 2724 ut
1833 2672 1975 2725 sicut
2010 2670 2207 2741 aliquis

623 2765 886 2828 medicus,
917 2764 1000 2816 vel
1037 2762 1537 2816 lidusconsiliarins
1559 2762 1881 2824 accersitus,
1911 2776 2018 2831 quo
2043 2761 2206 2817 rebus

627 2855 926 2926 deploratis
959 2863 1012 2908 et
1047 2853 1312 2923 depositis
1339 2869 1496 2922 opem
1529 2852 1683 2916 ferat,
1724 2854 1992 2907 monuerit
2018 2852 2203 2908 etiam.

622 2955 675 2998 ul
713 2946 782 2997 ob
804 2960 865 2999 ea
895 2959 1014 3013 qua:
1051 2952 1518 3013 perpetraverant,
1551 2943 1920 3011 patnilentiam
1962 2947 2202 3010 agerent,

627 3045 679 3086 et
719 3034 786 3087 de
829 3040 1335 3087 rartero’cessarent
1371 3032 1434 3085 ad
1472 3031 1668 3086 cmdem
1720 3046 1964 3100 qurerere
2017 3045 2206 3084 servos

626 3125 751 3190 Dei;
783 3126 918 3179 nihil
959 3126 1103 3179 enim
1138 3124 1354 3180 efﬁcere
1398 3139 1491 3178 eos
1527 3137 1687 3192 posse
1718 3134 1907 3177 contra
1935 3123 2079 3186 illos,
2110 3122 2202 3192 qui

619 3217 796 3272 solum
833 3215 921 3268 Dei
971 3232 1196 3286 regnum
1243 3223 1522 3285 appetant,
1561 3226 1612 3269 et
1648 3213 2010 3268 immortalem
2058 3213 2202 3266 illam

621 3307 729 3360 vim
773 3314 826 3358 et
889 3307 1184 3376 potentiam
1246 3307 1462 3358 colant:
1521 3320 1696 3360 nenue
1747 3304 1891 3357 enim
1940 3317 2057 3366 eos,
2113 3302 2204 3372 qui

620 3399 835 3452 damnis
868 3399 968 3451 hos
1000 3396 1219 3450 afﬁcere
1253 3398 1440 3454 velint.
1471 3397 1746 3464 quidpiam
1777 3409 1938 3464 posse
1967 3393 2206 3464 reperire

621 3508 718 3547 seu
757 3492 961 3544 dictum
1010 3505 1106 3543 seu
1160 3489 1384 3548 factum,
1431 3487 1574 3556 quod
1623 3487 1993 3540 Christianum
2047 3484 2206 3540 lmdat

620 3585 705 3638 vel
755 3583 1075 3636 contristet.
1139 3580 1478 3644 Publicatio,
1533 3580 1728 3648 inquit,
1776 3578 2043 3632 bonorum
2093 3593 2201 3630 non

621 3677 776 3730 obest
804 3675 979 3743 ei,qui
1001 3674 1170 3726 solam
1192 3671 1344 3724 liden
1367 3671 1626 3740 possidet.
1655 3671 1916 3724 Exsilium
1949 3685 2056 3723 non
2089 3679 2203 3725 ter-

627 3767 788 3825 rebit.
817 3766 908 3834 qui
929 3774 1098 3816 totum
1136 3769 1401 3815 terrarum
1433 3762 1620 3814 orbem
1667 3761 1850 3813 animo
1884 3774 1985 3814 suo
2013 3775 2204 3828 super-

620 3859 898 3930 greditur;
933 3864 985 3909 et
1028 3855 1118 3924 qui
1153 3869 1366 3908 omnem
1399 3854 1670 3908 civitatem
1701 3860 1760 3905 ut
1787 3853 2039 3912 alienam,
2079 3867 2205 3919 pro-

622 3959 741 4018 pter
773 3957 986 4021 tempus
1023 3948 1290 4000 incolatus
1316 3947 1486 4012 sui,et
1529 3961 1723 4000 rursus
1747 3960 1983 4009 omnem,
2015 3953 2206 4013 utpro-

623 4045 797 4111 priam
824 4050 1042 4111 propter
1073 4041 1440 4094 conditionem
1464 4039 1706 4106 ejusdem
1734 4047 1942 4092 naturae
1960 4047 2010 4093 ct
2029 4047 2204 4093 status

623 4134 940 4187 arbitratur.
966 4132 1096 4186 Illud
1125 4139 1305 4186 autem
1322 4132 1526 4200 plagas,
1551 4131 1784 4191 labores,
1806 4136 2040 4185 mortem
2068 4129 2205 4182 tole-

623 4240 768 4288 rare,
809 4223 1030 4293 quando
1067 4223 1120 4277 id
1176 4238 1275 4293 pro
1313 4222 1558 4277 veritatis
1603 4221 1920 4277 defensione
1948 4221 2203 4291 exigitur,

621 4334 690 4372 ne
719 4318 1040 4371 mulieribus
1061 4316 1278 4385 quidem
1301 4323 1563 4370 terrorem
1589 4316 1831 4370 incutere
1853 4315 2024 4370 solet:
2059 4315 2202 4383 quod

2310 1840 2371 1892 το
2405 1839 2596 1893 δοκοῦν
2630 1840 3054 1910 ἀπαντήσεσθαι.
3103 1841 3215 1910 Τῆς
3271 1841 3326 1894 δὲ
3372 1842 3480 1896 τῶν
3526 1842 3698 1914 ἔργων
3745 1847 3880 1897 ἁπο-

2312 1934 2510 2003 τομίας
2543 1934 2827 2004 προοίμιον
2851 1935 2880 1987 6
2903 1933 3058 2002 λόγος
3092 1936 3299 2003 ἐγίνετο
3318 1974 3331 1997 ,
3363 1919 3610 1996 ἀπειλαῖς
3629 1934 3757 2004 ὁμοῦ
3795 1955 3887 2005 με·

2314 2023 2574 2094 μιγμὲνος
2599 2024 2692 2076 καὶ
2724 2024 3066 2095 ὑποσχέσεσι·
3100 2025 3372 2078 πεισθέντι
3410 2027 3507 2096 μὲν
3536 2027 3601 2079 ἐκ
3631 2027 3886 2096 βασιλέως

2310 2116 2496 2187 τιμὴν,
2529 2117 2620 2169 καὶ
2648 2117 2821 2190 ἀρχὴν
2846 2117 2944 2186 τῆς
2983 2117 3307 2186 Ἐκκλησίας
3332 2117 3655 2187 προτείνων·
3681 2121 3887 2171 ἐνιστα-

2314 2211 2460 2280 μένῳ
2509 2209 2585 2271 δὲ,
2619 2211 2795 2263 πάντα
2838 2209 2939 2262 ὅσα
2975 2209 3172 2279 πικρία
3195 2207 3374 2278 ψυχῆς
3421 2210 3794 2281 προσλαϐοῦσα
3831 2211 3887 2262 τὸ

2313 2301 2573 2355 δύνασθαι
2602 2304 2722 2354 κατ’
2753 2303 2999 2368 ἐξουσίαν
3032 2300 3363 2370 βουλεύεται.
3389 2301 3470 2354 Τὰ
3515 2303 3612 2372 μὲν
3636 2298 3726 2356 οὖν
3757 2305 3886 2374 παρ’

2311 2393 2532 2446 ἐκείνων
2564 2393 2810 2448 τοιαῦτα.

2390 2574 2448 2627 ’0
2481 2575 2536 2627 δὲ
2564 2574 2829 2645 ἡμέτερος
2875 2574 3128 2628 τοσοῦτον
3166 2575 3404 2648 ἀπέσχεν
3437 2580 3517 2643 είς
3551 2578 3891 2651 κατάπληξίν

2310 2685 2427 2720 τινα
2453 2668 2542 2721 διὰ
2567 2667 2675 2720 τῶν
2718 2668 3010 2738 ὁρωμένων
3035 2709 3050 2732 ,
3082 2668 3114 2739 ἤ
3152 2669 3460 2740 λεγομένων
3512 2673 3712 2736 ἐλθεῖν,
3749 2672 3896 2725 ὥστε

2309 2760 2560 2831 καθάπερ
2587 2778 2670 2824 τις
2709 2761 2910 2832 ἰατρὸς,
2939 2761 2972 2834 ἢ
3005 2761 3304 2833 σύμϐουλος
3340 2765 3540 2833 ἀγαθὸς
3564 2769 3643 2830 εἰς
3671 2765 3900 2838 διόρθω-

2312 2868 2397 2904 σιν
2455 2850 2943 2921 πλημμελημάτων
2999 2854 3409 2926 παρακληθεὶς,
3457 2858 3548 2911 καὶ
3597 2859 3733 2928 ὑπὲρ
3783 2858 3900 2910 τῶν

2310 2943 2833 3015 προτετολμημὲνων
2863 2945 3045 3009 αὑτοῖς
3072 2949 3498 3018 μεταγινώσκειν
3531 2949 3898 3013 ἐκθεκελεὺετο,

2311 3033 2404 3084 καὶ
2431 3031 2524 3084 τοῦ
2559 3031 2744 3085 λοιποῦ
2780 3033 3088 3088 παύσασθαι
3114 3041 3254 3089 κατὰ
3285 3039 3394 3091 τῶν
3425 3039 3625 3092 δούλων
3657 3039 3750 3092 τοῦ
3782 3043 3905 3093 Κυ-

2317 3125 2429 3194 ρίου
2470 3125 2744 3193 φονῶντας
2764 3143 2778 3157 ο
2804 3122 2940 3180 εἶναι
2967 3128 3075 3198 γὰρ
3105 3131 3288 3194 αὑτοῖς
3315 3131 3413 3200 τῆς
3444 3131 3685 3194 ἐπινοίας
3730 3132 3904 3185 πλέον

2309 3217 2464 3270 οὐδὲν
2502 3217 2592 3270 ἐπὶ
2620 3218 2727 3270 τῶν
2757 3218 2922 3291 μόνην
2954 3220 3052 3288 τὴν
3082 3222 3174 3274 τοῦ
3210 3223 3343 3276 Θεοῦ
3383 3222 3676 3292 βασιλείαν,
3713 3226 3811 3277 καὶ
3839 3224 3909 3277 τδ

2310 3309 2577 3363 ἀθάνατον
2609 3311 2809 3380 κράτος
2850 3313 3270 3384 θεραπευόντων.
3315 3317 3466 3385 Μηδέ
3496 3317 3603 3386 γὰρ
3634 3318 3907 3371 δύνασθαι

2309 3403 2436 3464 τοὺς
2493 3405 2808 3454 κακοποιεῖν
2861 3403 3213 3475 βουλομένους
3263 3408 3443 3478 εὑρεῖν
3490 3425 3540 3460 τι
3571 3409 3832 3461 τοιοῦτον.
3879 3411 3913 3462 ὃ

2309 3492 2538 3563 λυπήσει
2567 3493 2656 3547 τὸν
2691 3495 3052 3565 Χριστιανὸν,
3085 3497 3116 3567 ἢ
3153 3497 3346 3568 ῥηθὲν.
3378 3498 3410 3568 ἢ
3467 3501 3773 3568 γινόμενον.
3794 3503 3915 3570 Δῆ-

2313 3600 2503 3654 μευσις
2531 3584 2627 3654 οὑχ
2662 3583 2882 3654 ἅψεται,
2912 3587 3066 3657 φησι,
3095 3587 3188 3640 τοῦ
3224 3590 3388 3660 μόνην
3431 3592 3771 3658 κεκτημένου
3801 3593 3916 3662 τὴν

2311 3676 2490 3728 πίστιν
2513 3693 2525 3707 θ
2563 3677 2931 3747 ὑπερορισμὺς
2963 3679 3024 3730 οὑ
3077 3680 3300 3750 φοϐήσει
3331 3681 3420 3732 τὸν
3451 3680 3630 3751 πάσης
3658 3682 3759 3743 τῆς
3794 3683 3918 3752 γῆς

2314 3766 2450 3837 μετά
2499 3766 2596 3836 τῆς
2649 3769 2815 3838 αὐτῆς
2846 3769 3070 3841 γνώμης
3115 3770 3541 3824 ἐπιϐατεύοντα·
3582 3772 3675 3824 καὶ
3710 3776 3918 3827 πᾶσαν

2313 3857 2414 3928 μὲν
2437 3858 2512 3921 ὡς
2537 3858 2825 3930 ἀλλοτρίαν
2853 3861 2941 3913 διὰ
2963 3862 3023 3914 τὸ
3058 3861 3386 3932 πρόσκαιρον
3416 3861 3514 3931 τῆς
3542 3864 3918 3933 ἐνοικήσεως,

2311 3951 2492 4003 πᾶσαν
2525 3949 2583 4003 δὲ
2623 3950 2778 4004 πόλιν
2837 3952 2912 4015 ὡς
2961 3953 3198 4013 οἰκείαν,
3233 3953 3319 4007 διὰ
3365 3951 3427 4005 τὸ
3471 3954 3762 4022 ὁμόδουλον
3803 3957 3918 4026 τῆς

2310 4042 2561 4107 κτίσεως,
2587 4043 2868 4114 βλέποντα.
2895 4045 2965 4096 Τὸ
2987 4045 3058 4101 δὲ.
3087 4045 3316 4116 πληγὰς,
3349 4047 3380 4116 ἦ
3415 4047 3624 4109 πόνους,
3656 4048 3688 4116 ἢ
3734 4046 3918 4101 θάνοι·

2308 4151 2399 4188 τον
2439 4135 2760 4206 ὑποστῆναι,
2793 4137 2920 4188 ὅταν
2974 4135 3112 4207 ὑπὲρ
3144 4137 3245 4206 τῆς
3295 4137 3550 4208 ἀληθείας
3591 4138 3686 4208 ἐξῇ
3711 4180 3726 4201 ,
3762 4141 3918 4210 μηδέ

2309 4224 2522 4295 γυναιξὶ
2549 4227 2704 4280 τοῦτο
2743 4227 2906 4296 φόϐον
2937 4228 3212 4299 παρέχειν.
3261 4227 3398 4281 Ἀλλ’
3424 4225 3562 4282 εἶναι
3597 4231 3735 4282 πᾶσι
3766 4231 3918 4299 Χρι‹

2311 4321 2544 4381 στιανοῖς
2594 4319 2684 4371 τὸν
2730 4320 2989 4373 ἀνωτάτω
3041 4320 3137 4390 τῆς
3171 4320 3463 4390 εὑκληρίας
3490 4322 3635 4392 ὅρον,
3666 4321 3730 4373 τὸ
3757 4322 3918 4394 ὑπὲρ

621 4423 812 4462 omnes
854 4407 1152 4461 Christiani
1207 4423 1434 4460 summa:
1485 4406 1762 4462 felicitatis
1810 4409 1928 4462 loco
1975 4408 2198 4470 ducant,

2312 4411 2404 4478 τῆς
2425 4409 2638 4472 ἐλπίδος
2667 4426 2718 4461 τι
2744 4408 2947 4478 ταύτης
2967 4409 3073 4461 τῶν
3111 4410 3425 4482 ἀνηκέστων
3457 4413 3647 4465 παθεῖν
3668 4429 3681 4440 ⁸
3707 4411 3918 4466 λυπεῖ

624 4500 986 4554 intolerabilia
1021 4500 1183 4554 etiam
1215 4499 1402 4553 subire
1431 4507 1725 4562 tormenta,
1754 4515 1858 4570 pro
1906 4517 2002 4572 spe
2050 4501 2202 4556 illius

622 4594 764 4647 vita).
829 4592 1064 4646 Tantum
1109 4607 1203 4646 eos
1249 4592 1435 4646 dolere
1485 4592 1737 4657 dicebat,
1803 4595 1946 4661 quod
2011 4602 2204 4647 natura

623 4699 785 4737 unam
823 4692 1032 4737 tantum
1084 4690 1311 4736 mortem
1353 4681 1586 4751 singulis
1627 4683 1986 4746 decrevisset,
2028 4700 2205 4754 neque

623 4775 824 4843 Saepius
855 4772 1135 4827 moriendo
1166 4773 1353 4827 liceret
1385 4787 1482 4841 pro
1514 4771 1744 4827 veritate
1765 4773 2048 4830 dimicare.

693 4865 830 4920 Cum
862 4879 1021 4934 porro
1041 4863 1274 4919 Basilius
1293 4864 1438 4917 hunc
1464 4864 1516 4917 in
1543 4864 2015 4920 modumanimum
2046 4882 2204 4922 suum

624 4965 813 5011 contra
863 4956 1039 5010 minas
1071 4955 1398 5019 intenderet,
1445 4967 1502 5012 et
1530 4971 1746 5012 omnem
1783 4957 1982 5012 fastum
2025 4969 2207 5029 poten-

623 5051 713 5103 tia:
743 5057 797 5104 et
831 5049 1041 5117 imperii
1076 5047 1228 5102 nihili
1268 5048 1564 5118 penderet:
1599 5063 1726 5103 mox
1762 5056 1820 5102 ut
1862 5050 1916 5103 in
1943 5053 2202 5111 scena.in

626 5141 930 5210 repentinis
969 5152 1328 5210 perSonarum
1371 5141 1788 5204 mutationibus,
1821 5143 1924 5195 alia
1971 5159 2070 5212 pro
2099 5144 2203 5198 alia

627 5234 980 5304 producitur:
1013 5233 1202 5288 eodem
1245 5233 1404 5287 modo
1432 5243 1486 5288 et
1527 5234 1614 5288 hic
1656 5234 1924 5304 asperitas
1959 5235 2201 5290 inimico-

626 5341 745 5378 rum
789 5326 843 5380 in
896 5326 1194 5380 blanditias
1243 5340 1510 5381 conversa
1545 5335 1660 5381 est:
1716 5335 2034 5398 mutataque
2079 5344 2207 5382 ora-

628 5419 776 5471 tione
824 5419 890 5482 is,
942 5419 1033 5490 qui
1076 5434 1141 5472 eo
1193 5433 1368 5490 usque
1405 5418 1678 5474 terriﬁcos
1731 5428 1785 5474 et
1837 5421 2205 5478 minabundus

629 5508 827 5573 fuerat,
890 5508 952 5560 ad
998 5509 1224 5563 blamlos
1283 5516 1338 5564 et
1392 5510 1700 5564 moderatos
1749 5525 2034 5568 sermones
2084 5527 2205 5568 sese

629 5600 911 5652 transfert.
944 5596 1022 5651 Ne
1057 5605 1135 5664 tu,
1175 5598 1372 5666 inquit,
1405 5585 1555 5652 nihili
1594 5597 1761 5654 facias
1793 5599 1937 5669 quod
1972 5615 2205 5670 magnus

633 5689 927 5759 imperator
955 5695 1048 5742 tuo
1088 5689 1287 5758 popqu
1323 5689 1486 5744 inseri
1513 5689 1692 5759 cupit:
1724 5690 1857 5761 quin
1887 5691 2069 5760 potius
2105 5705 2204 5762 pa-

2309 4500 2436 4552 σθαι
2472 4500 2631 4570 μόνον
2691 4501 2894 4568 ἔλεγεν,
2925 4501 3004 4553 ὅτι
3052 4496 3131 4565 εἷς
3163 4503 3310 4554 ἐστιν
3351 4505 3407 4555 ἐν
3434 4505 3498 4572 τῇ
3541 4503 3701 4571 cpiast
3750 4506 3782 4556 6
3813 4503 3910 4557 Οά

2307 4607 2500 4653 νατος,
2558 4593 2649 4645 καὶ
2707 4592 2963 4662 οὐδεμίαν
3019 4592 3267 4664 μηχανὴν
3319 4593 3621 4664 ἐξευρίσκει
3679 4595 3917 4648 πολλοῖ.

2306 4684 2597 4755 δυνηθῆναι
2623 4684 2872 4748 θανάτοις
2897 4686 2994 4754 τῆς
3021 4685 3276 4756 ἀληθείας
3315 4687 3842 4758 προαγωνίσασθαι.

2379 4863 2536 4918 Οὕτω
2571 4865 2629 4918 δὲ
2668 4864 2831 4918 αὑτοῦ
2882 4866 3018 4938 πρὸς
3050 4865 3149 4930 τὰς
3192 4865 3420 4930 ἀπειλὰς
3457 4867 3671 4929 ἐκείνας
3706 4868 3910 4922 ἑαυτὶ-

2307 4957 2639 5026 ἐπαίροντος,
2659 4959 2753 5010 καὶ
2779 4959 2955 5011 πάντα
2983 4959 3073 5011 τὸν
3101 4961 3262 5025 ὄγκον
3286 4963 3384 5030 τῆς
3411 4960 3735 5022 δυναστείας
3757 4962 3917 5015 ἐκεῖ

2306 5067 2404 5120 νης
2434 5050 2549 5102 ἀντ’
2581 5049 2792 5112 οὐδενὸς
2832 5049 3270 5119 παραϐλέποντος
3295 5067 3306 5080 ο
3331 5051 3517 5122 ὥσπερ
3551 5052 3644 5103 ἐπὶ
3687 5056 3918 5122 σκηνηῖζ

2307 5140 2518 5210 ἀθρόως
2557 5141 2616 5192 ἐν
2660 5143 2779 5202 ταῖς
2835 5139 2944 5192 τῶν
2999 5141 3305 5212 προσώπων
3353 5144 3692 5213 ὑπαλλαγαίς
3713 5185 3730 5206 ,
3786 5148 3918 5200 ἀν(

2307 5233 2508 5302 ἐτέρων
2536 5231 2697 5302 ἕτερα
2725 5231 3032 5286 δείκνυται’
3065 5233 3154 5287 τὸν
3174 5235 3334 5288 αὑτὸν
3359 5236 3577 5308 τρόπον,
3616 5236 3716 5288 καὶ
3748 5238 3784 5306 ἡ
3825 5256 3918 5293 πε

2308 5322 2438 5395 κρία
2467 5322 2571 5375 τῶν
2609 5322 2846 5375 ἀπειλῶν
2873 5324 2952 5387 εἰς
2991 5324 3278 5379 κολακείαν
3310 5328 3777 5395 μετεσκευάζετο’
3823 5347 3918 5384 κε

2311 5415 2658 5484 μεταὸἀλλων
2704 5416 2733 5467 6
2783 5415 2920 5479 τέως
2956 5415 3158 5486 βαρὺς,
3193 5419 3286 5470 καὶ
3335 5419 3791 5488 καταπληκτικὸς
3855 5441 3918 5475 τ.

2309 5506 2634 5576 φρονήματι,
2661 5506 2784 5569 τοὺς
2809 5507 3073 5571 ἐπιεικεῖς
3109 5527 3168 5561 τε
3201 5510 3293 5562 καὶ
3315 5510 3640 5580 ὑφειμένους
3665 5511 3789 5562 τῶν
3829 5513 3918 5569 λέ

2307 5599 2556 5666 γων·Σὺ
2613 5600 2690 5662 δὲ,
2742 5601 2900 5670 φησὶ,
2953 5601 3026 5672 μὴ
3076 5604 3270 5673 μικρὸν
3317 5605 3469 5658 ποιοῦ
3525 5603 3754 5674 βασιλέα
3829 5609 3918 5663 τὲ

2312 5691 2484 5762 μέγαν
2515 5690 2592 5759 τῷ
2627 5691 2704 5762 σῷ
2725 5695 3128 5765 καταμιχθῆναι
3169 5696 3305 5766 λαῷ.
3327 5698 3485 5750 Ἀλλὰ
3514 5695 3664 5761 δέξαι
3696 5696 3918 5752 xitle
