4008 6210
235 261 345 315 9.95

1396 263 1673 320 CONTRA
1704 261 2088 332 EUNOMIUM,
2120 268 2245 324 LIB.
2279 269 2311 323 I.

3399 266 3505 322 τοι

236 403 340 440 νου
393 383 654 454 κληθῆναι
689 382 1029 446 διδάσκαλος,
1063 383 1198 454 μηδὲ
1247 384 1471 452 ἀντιθῇς
1513 383 1592 456 τῷ
1634 382 1828 452 βουλή-

1938 384 2070 440 liare
2111 386 2286 458 ipsius
2327 401 2542 456 quoque
2577 388 2833 458 magister
2873 388 3165 450 nominari.
3199 405 3374 460 neque
3414 405 3507 446 re-

245 493 419 548 ματι*
463 473 710 546 βούλεται
756 473 815 526 δὲ
862 473 1062 546 μικροῦ
1104 491 1248 538 τινος
1293 475 1402 528 τῶν
1443 476 1502 528 ἐν
1538 477 1603 547 τῇ
1647 475 1826 529 πίστει

240 567 646 640 γεγραμμένων
716 565 1105 638 ὑφαιρεθέντος
1163 565 1267 636 τῆς
1337 565 1433 620 τοῦ
1502 567 1829 638 ὁμοουσίου

242 660 476 726 λέξεως,
510 657 672 712 τοῦτο
703 657 980 727 γενέσθαι.
1023 659 1183 712 Ἀλλὰ
1203 659 1266 712 τὸ
1288 659 1386 730 μὲν
1417 663 1704 732 μετασχεῖν
1731 660 1828 732 τῆς

257 751 583 823 Ἐκκλησίας
613 750 707 804 τὸν
742 750 988 822 βασιλέα,
1006 751 1112 804 τῶν
1132 753 1404 824 μεγίστων
1435 748 1576 806 εἶναι
1615 752 1777 807 πάλιν
1802 753 1832 805 6

238 842 567 905 διδάσκαλος
594 841 976 912 ἀποκρίνεται.
1009 841 1173 912 Μέγα
1199 843 1329 915 γὰρ,
1369 843 1524 913 φησὶ,
1558 843 1618 896 τὸ
1651 842 1829 914 ψυχὴν

239 934 658 1006 περισώσασθαι
685 951 700 965 '
736 935 837 1004 οὐχ
883 934 965 988 ὅτι
995 933 1286 1005 βασιλέως,
1313 935 1427 990 ἀλλ’
1449 937 1532 990 ὅτι
1565 934 1701 999 ὅλως
1745 937 1831 988 ἁν-

238 1025 485 1098 θρώπου.
518 1026 631 1097 Τῆς
655 1025 712 1078 δὲ
746 1025 982 1088 πίστεως
1012 1024 1266 1080 τοσοῦτον
1311 1027 1570 1098 ἀποσχεῖν
1605 1028 1832 1100 ὑφαίρε-

243 1135 360 1181 σιν,
385 1117 419 1186 ἢ
456 1117 775 1189 προσθήκην
797 1117 1152 1188 ποιήσασθαι,
1188 1117 1264 1182 ὡς
1296 1118 1431 1191 μηδὲ
1461 1118 1558 1192 τὴν
1585 1119 1736 1184 τάξιν
1763 1119 1830 1173 ἂν

238 1207 545 1272 ὑπαλλάξαι
583 1207 693 1260 τῶν
739 1209 1159 1280 γεγραμμένων.
1189 1210 1374 1264 Ταῦτα
1405 1212 1432 1264 6
1460 1210 1630 1275 δειλός
1652 1229 1711 1264 τε
1737 1212 1830 1265 καὶ

235 1297 528 1368 ἄνανδρος,
557 1299 653 1350 καὶ
687 1299 825 1368 πρὸς
849 1298 940 1351 τὸν
967 1299 1136 1369 ψῆφον
1159 1299 1260 1371 τῆς
1285 1300 1454 1372 θύρας
1473 1303 1827 1374 ἐπτοημένος,

237 1389 385 1459 πρὸς
423 1387 514 1441 τὸν
553 1387 808 1442 τοσοῦτον
841 1387 1111 1458 ἀξιώματι
1154 1390 1252 1444 καὶ
1285 1387 1406 1445 εἷπε
1430 1391 1508 1462 τῷ
1537 1392 1708 1462 λόγῳ,
1738 1392 1830 1446 καὶ

233 1480 333 1534 διὰ
367 1479 480 1532 τῶν
512 1479 691 1549 ἔργων
732 1478 795 1532 τὸ
845 1480 1008 1552 ῥηθὲν
1051 1480 1391 1536 ἐπιστώσατο
1420 1498 1434 1512 ’
1469 1483 1528 1546 ὃς
1577 1485 1676 1556 τὴν
1722 1483 1832 1538 τῶν

248 1571 594 1640 Ἔκκλησιῶν
625 1571 748 1624 τότε
801 1574 1216 1644 καταστροφὴν,
1257 1571 1370 1630 οἷον
1425 1594 1548 1631 τινα
1597 1578 1830 1651 χειμάρο

239 1665 373 1734 ρουν
401 1662 490 1716 διὰ
523 1663 634 1715 τῶν
659 1663 986 1718 δυναστειῶν
1018 1666 1266 1734 ῥέουσαν,
1300 1666 1525 1739 ἔστησεν
1547 1671 1606 1722 ὲν
1631 1668 1828 1742 ἐαυτῷ,

1931 490 2110 547 pugna
2140 477 2522 548 pertinaciter:
2555 477 2668 530 vult
2703 493 2832 532 vero
2873 477 2977 532 hoc
3004 477 3116 533 ﬁeri
3155 479 3373 534 sublato
3395 483 3507 536 exi-

1929 579 2036 634 guo
2062 566 2319 635 quodam,
2360 566 2503 636 quod
2540 567 2596 620 in
2634 566 2755 633 ﬁdei
2805 568 3062 639 Symbolo
3107 569 3370 640 scriptum
3401 581 3508 636 est,

1931 672 2126 726 nempe
2155 656 2452 712 homoousii
2485 674 2580 713 seu
2613 659 3081 715 consubstantialis
3120 663 3402 718 vocabulo.
3437 665 3515 716 At

1933 745 2316 816 imperatorem
2348 748 2399 802 iu
2432 747 2733 803 Ecclesiam
2779 749 2968 820 recipi,
3002 751 3370 822 respondebat
3392 768 3510 803 ma-

1929 837 2100 906 gister
2127 848 2333 904 noster,
2365 855 2477 894 rem
2507 855 2631 894 esse
2671 839 2912 892 omnium
2949 841 3350 908 gravissimam.
3395 837 3508 893 illa-

1929 946 2094 1000 gnum
2121 931 2288 993 enim,
2325 932 2521 1000 inquit,
2559 931 2816 1004 quiddam
2857 939 2942 985 est
2980 932 3218 985 animam
3271 935 3505 994 salvare,

1930 1039 2040 1076 non
2076 1023 2202 1091 quia
2232 1023 2578 1094 imperatoris
2604 1032 2707 1088 est,
2741 1022 2836 1079 sed
2865 1023 2990 1092 quia
3009 1023 3266 1078 heminis.
3294 1024 3510 1078 Atvero

1932 1123 2141 1169 tantum
2188 1117 2382 1170 abesse
2429 1117 2628 1178 aiebat,
2675 1125 2729 1170 nt
2780 1116 2985 1186 aliquid
3020 1117 3102 1172 vel
3149 1117 3394 1171 demeret
3425 1117 3506 1172 vel

1931 1207 2154 1262 adderet
2188 1208 2332 1271 lidei,
2367 1219 2424 1262 ιιι
2470 1224 2537 1262 ne
2563 1209 2807 1262 ordinem
2847 1208 3064 1278 quidem
3106 1207 3353 1264 formulze
3384 1209 3511 1266 ﬁdei

1931 1304 2144 1350 mutare
2177 1297 2465 1365 cogitaret.
2517 1295 2642 1351 llaec
2677 1296 2904 1352 timidus
2953 1299 3044 1352 ille
3074 1307 3129 1354 et
3159 1297 3417 1362 imbellis,
3454 1307 3510 1355 et

1931 1388 1996 1442 ad
2029 1388 2157 1442 ostii
2189 1389 2476 1458 strepitum
2509 1404 2898 1460 expavescens,
2929 1390 2994 1443 ad
3028 1390 3199 1451 illum,
3230 1392 3321 1461 qui
3357 1401 3508 1446 tanta

1931 1477 2199 1550 dignitate
2235 1481 2554 1534 eminebat:
2602 1488 2655 1534 et
2693 1481 2837 1550 quod
2889 1481 3069 1535 verbis
3120 1482 3280 1544 dixit,
3330 1483 3509 1552 reipsa

1933 1581 2122 1640 postea
2157 1571 2409 1641 praestitit
2449 1579 2504 1626 et
2533 1571 2796 1625 ﬁrmavit:
2827 1571 2920 1642 qui
2954 1573 3295 1628 eversionem
3323 1572 3510 1628 Eccle-

1934 1663 2164 1727 siarum,
2207 1665 2354 1718 velut.
2384 1672 2679 1718 torrentem
2711 1665 3025 1734 quemdam,
3065 1681 3263 1738 magno
3303 1666 3508 1736 impetu

235 1732 339 1809 καὶ
382 1755 726 1828 ἀπέστρεψε·
763 1757 921 1828 μόνος
952 1732 1192 1828 άρ-κέσας
1222 1761 1288 1832 τῇ
1318 1732 1426 1814 τοῦ.
1449 1761 1622 1817 κακοῦ
1663 1732 1830 1836 προσξ

1938 1767 2032 1822 per
2085 1755 2398 1822 provincias
2442 1764 2805 1822 grassantem,
2852 1755 3072 1824 objectn
3125 1756 3208 1810 sui
3261 1759 3512 1827 corporis

237 1848 372 1920 ϐολῇ
397 1866 413 1881 ·
444 1849 702 1921 καθάπερ
742 1867 828 1914 τις
868 1850 927 1904 ἐν
977 1849 1220 1923 θαλάσσῃ
1255 1852 1432 1926 πέτρα
1461 1854 1686 1927 μεγάλη,
1736 1855 1831 1910 καὶ

236 1942 514 2006 ἄσειστος,
539 1942 661 1994 ἀντὶ
691 1941 935 2013 κύματος
967 1941 1162 1996 πολλοῦ
1219 1944 1312 1998 καὶ
1334 1946 1570 2016 μεγάλου
1601 1946 1700 2019 τὴν
1725 1947 1832 2001 τῶν

234 2033 432 2088 δεινῶν
465 2032 775 2107 προσϐολὴν
814 2034 873 2087 ὲν
905 2033 1082 2106 ἑαυτῷ
1111 2035 1472 2110 περιθρύψας.

311 2215 424 2268 Καὶ
453 2215 516 2268 οὗ
570 2215 730 2287 μέχρι
769 2214 977 2270 τούτων
1012 2215 1142 2288 ἔστη
1176 2217 1247 2270 τὰ
1275 2217 1373 2290 τῆς
1398 2219 1634 2288 ἀγωνίας
1661 2219 1827 2292 αὐτῷ.

247 2305 396 2360 Ἀλλ’
428 2305 711 2376 ἐκδέχεται
763 2305 924 2359 πάλιν
955 2305 983 2358 6
1010 2305 1258 2378 βασιλεὺς
1291 2309 1391 2380 τὴν
1417 2311 1614 2382 πεῖραν
1647 2311 1829 2376 αὐτὸς,

233 2397 571 2468 ἀγανακτῶν
623 2399 706 2451 ὅτι
743 2397 817 2470 μὴ
851 2398 993 2452 κατὰ
1032 2399 1132 2472 τὴν
1164 2400 1389 2475 πρώτην
1432 2402 1735 2476 προσϐολὴν
1765 2404 1831 2458 τὰ

236 2487 364 2542 καθ’
412 2487 607 2559 ἡδονὴν
641 2487 1063 2560 κατειργάσατο.
1097 2489 1312 2562 Ὠσπερ
1363 2493 1546 2547 τοίνυν
1597 2493 1686 2547 διὰ
1736 2498 1831 2548 τοῦ

236 2579 514 2652 μαγείρου
545 2576 942 2651 Ναϐουζάρδαν
973 2579 1067 2632 ἐπὶ
1111 2579 1220 2636 τῶν
1258 2581 1647 2655 Ἰεροσολύμων
1705 2586 1832 2639 ποτὲ

233 2676 264 2727 6
294 2670 587 2740 Ἀσσύριος
607 2668 709 2741 τὴν
729 2668 826 2722 τοῦ
849 2669 980 2724 ναοῦ
1009 2669 1330 2741 καθαίρεσιν
1345 2671 1454 2725 τῶν
1483 2673 1833 2746 Ἰσραηλιτῶν

231 2760 650 2832 κατειργάσατο
685 2773 702 2790 ⁸
735 2757 881 2813 οὕτω
923 2759 1019 2814 καὶ
1053 2755 1206 2824 οὗτος
1227 2762 1560 2833 Δημοσθένει
1588 2766 1715 2830 τινἰ,
1756 2766 1834 2838 τῷ

232 2853 332 2907 ἐπὶ
349 2851 464 2906 τῶν
485 2851 636 2922 ϐψων
667 2848 986 2920 τεταγμένῳ
1019 2850 1114 2903 καὶ
1148 2849 1258 2905 τῶν
1290 2851 1568 2924 μαγείρων
1590 2855 1833 2927 ἄρχοντι,

231 2944 312 3008 ὡς
366 2941 693 3014 ἰταμωτέρῳ
721 2940 832 2996 τῶν
873 2940 1048 2996 ἄλλων
1089 2941 1192 3012 τὴν
1229 2943 1484 3016 τοιαύτην
1531 2947 1836 3018 ὑπηρεσίαν

233 3034 580 3107 προστάξας,
616 3035 913 3108 κρατήσειν
959 3033 1098 3104 ᾤετο
1144 3035 1242 3088 τοῦ
1274 3036 1474 3101 παντὸς
1503 3037 1824 3112 ἐγχειρήμαι
1861 3069 1904 3127 C

234 3145 356 3193 τος.
412 3128 604 3182 Πάντα
647 3125 828 3181 τοίνυν
876 3125 1086 3180 ἐκείνου
1117 3127 1506 3196 διακυκῶντος,
1543 3130 1638 3184 καί
1690 3149 1834 3196 τινος

235 3223 352 3276 τῶν
381 3223 449 3275 ἐκ
481 3219 578 3274 τοῦ
625 3219 918 3292 Ἰλλυρικοῦ
951 3219 1233 3291 θεομάχων
1264 3222 1490 3277 πυκτίον
1533 3223 1750 3296 ἔχοντος
1777 3228 1834 3280 ἐν

235 3315 420 3388 χερσὶ,
450 3314 548 3366 καὶ
583 3313 714 3376 τοὺς
737 3312 796 3365 ὲν
827 3311 971 3366 τέλει
1021 3312 1230 3377 πάντας
1263 3313 1402 3384 πρὸς
1449 3314 1611 3369 τοῦτο
1657 3316 1835 3390 ἁθροε-

241 3408 447 3471 ζοντος,
467 3404 566 3458 καὶ
598 3401 979 3475 χαλεπώτερον
1005 3403 1104 3476 τῆς
1130 3403 1508 3478 προλαϐούσης
1537 3407 1714 3478 ὁρμῆς
1739 3407 1835 3461 τοῦ

243 3495 522 3550 “dissos
571 3494 736 3547 πάλιν
780 3491 881 3564 τὴν
931 3492 1102 3564 ὀργὴν
1156 3492 1556 3562 ἀναφλέξαντος
1583 3511 1598 3526 ’
1634 3496 1834 3559 πάντες

255 3589 351 3660 μὲν
385 3585 768 3642 συνεκινοῦντο
792 3585 928 3656 πρὸς
961 3585 1061 3658 τὴν
1081 3583 1174 3638 τοῦ
1198 3585 1460 3656 βασιλέως
1489 3586 1676 3658 ὀργὴν,
1711 3603 1835 3640 συν-

250 3679 685 3750 αγανακτοῦντες
700 3677 850 3748 αὐτῷ
871 3676 1268 3748 χαλεπαίνοντι,
1289 3680 1380 3734 καὶ
1399 3679 1547 3750 αὐτῷ
1561 3681 1661 3750 τῆς
1681 3678 1833 3747 ἐξου-

253 3773 372 3836 σίας
387 3771 550 3842 θυμῷ
567 3769 940 3842 χαριζόμενον
959 3768 1161 3833 πάντες
1181 3769 1237 3823 δὲ
1254 3769 1332 3842 τῷ
1361 3769 1516 3842 θυμῷ
1531 3770 1638 3825 τῶν
1663 3789 1832 3844 προσ-

249 3864 572 3936 δοαωμὲνων
601 3860 1057 3935 προκατῶληντο.
1075 3863 1245 3920 Πάλιν
1267 3863 1376 3938 γὰρ
1391 3865 1595 3930 ἐκεῖνος
1609 3865 1637 3918 6
1663 3863 1836 3940 ῦπαρ-

248 3972 366 4028 ιοςο
401 3955 572 4011 πάλιν
603 3955 785 4025 φόϐων
808 3955 1226 4022 ἐπαναστάσεις,
1253 3955 1362 4010 τῶν
1392 3957 1674 4030 προτέρων
1705 3976 1837 4028 σφο-

249 4049 524 4121 δρότεραι,
572 4048 670 4102 καὶ
713 4047 822 4102 τῶν
849 4047 1090 4102 ἀπειλῶν
1128 4049 1459 4125 προσθῆκαι,
1473 4050 1566 4104 καὶ
1598 4051 1627 4104 6
1664 4049 1834 4122 θυμὸς

249 4141 636 4212 ἀκμαιότερος,
664 4139 760 4193 καὶ
793 4141 826 4212 ή
873 4141 1001 4212 περὶ
1053 4140 1116 4194 τὸ
1160 4141 1510 4212 δικαστήριον
1536 4143 1833 4215 τραγῳδία,

249 4233 510 4305 κήρυκες,
553 4233 879 4301 εἰσαγωγεῖς
903 4274 920 4298 ,
957 4231 1240 4306 ῥαϐδοῦχοι
1260 4273 1274 4292 .
1307 4233 1578 4302 κιγκλίδες
1605 4274 1619 4296 ,
1655 4252 1836 4306 παρα-

247 4326 599 4398 πετάσματα,
623 4325 692 4378 δι’
719 4319 798 4379 ὧν
833 4325 1072 4390 εὐκόλως
1119 4326 1212 4380 καὶ
1237 4327 1306 4380 τὰ
1334 4326 1442 4380 τῶν
1464 4327 1669 4399 σφόδρα
1697 4343 1835 4400 παρα

1935 1843 2182 1898 eohibuit
2233 1853 2287 1898 et
2341 1845 2558 1904 avertit,
2615 1845 2769 1900 solus
2819 1844 3149 1901 calamitatis
3210 1846 3510 1902 incursioni

1936 1935 2346 2004 compescenda:
2405 1935 2680 1990 sufficiens
2733 1945 2789 1990 et
2847 1946 3030 2007 aptus,
3080 1937 3254 1992 instar
3305 1955 3514 2010 magna:

1935 2026 2223 2096 cujusdam
2269 2035 2321 2081 et
2353 2027 2647 2082 immobilis
2678 2036 2848 2097 petra:
2886 2030 3134 2094 marinae,
3165 2047 3287 2102 qua:
3327 2041 3518 2088 vastos

1936 2119 2106 2172 maris
2137 2104 2336 2175 tinctus
2362 2120 2504 2175 mole
2533 2134 2630 2174 sua
2665 2119 2862 2190 frangit
2891 2128 2944 2174 et
2965 2120 3137 2176 elidit.

2004 2209 2194 2280 Neque
2233 2209 2322 2265 hic
2367 2211 2685 2267 certaminis
2728 2211 2852 2266 linis
2886 2211 3008 2267 fuit.
3052 2211 3169 2284 Ipse
3219 2223 3519 2284 Imperator

1937 2299 2214 2356 fortunam
2245 2303 2548 2374 experitur,
2575 2303 2656 2358 ira
2677 2302 3069 2369 inllanunatns,
3102 2307 3242 2375 quod
3277 2322 3324 2376 p.
3345 2306 3518 2361 imum

1935 2401 2193 2447 conatum
2217 2409 2282 2447 ex
2301 2401 2430 2448 voto
2459 2409 2569 2448 non
2615 2396 2956 2450 successisse
2974 2396 3204 2451 videret.
3239 2395 3303 2450 Et
3325 2414 3523 2467 quem-

1935 2483 2228 2540 admodum
2319 2485 2450 2540 olim
2534 2500 2629 2541 rex
2719 2487 3071 2556 Assyriorum
3153 2503 3320 2560 opera
3393 2491 3518 2544 coci-

1935 2575 2222 2646 cujusdam
2257 2575 2640 2643 Nabuzardan,
2675 2578 2938 2648 templum
2960 2577 3515 2652 Hierosolymitanum

1935 2671 2130 2725 evertit
2159 2670 2239 2724 ὀε
2271 2671 2346 2725 ita
2385 2679 2442 2726 et
2480 2671 2584 2726 iste
2633 2669 2984 2727 Demostheni
3018 2671 3238 2728 cuidam
3292 2689 3518 2744 promo-

1935 2761 2139 2826 eondo,
2191 2769 2248 2816 et
2289 2763 2439 2818 cocis
2489 2761 2764 2833 praefecto,
2803 2763 3040 2836 aliisque
3096 2765 3521 2836 impndentiori,

1936 2851 2037 2907 hac
2077 2852 2360 2923 provincia
2393 2851 2744 2918 demandata,
2791 2854 3050 2923 sperabat
3091 2869 3152 2910 se
3184 2863 3518 2912 consecutu-

1936 2959 2056 2998 rum
2089 2943 2396 2998 victoriam.
2427 2941 2625 2998 Omnia
2649 2943 2816 3014 igitur
2843 2943 2937 2999 illo
2967 2944 3252 3010 miscente,
3277 2944 3521 3016 etimpio

1936 3033 2170 3104 quodam
2202 3051 2269 3090 ex
2303 3033 2537 3104 Illyrico,
2567 3035 2662 3106 qui
2691 3035 2918 3092 tabellas
2947 3052 3112 3092 manu
3146 3036 3374 3102 ferebat,
3398 3053 3525 3094 om-

1936 3141 2034 3182 nes
2073 3124 2439 3202 proceresgad
2468 3141 2608 3198 opus
2643 3127 2747 3182 hoc
2775 3141 3138 3195 eonvocante,
3165 3131 3526 3208 ilotlcstoqne

1937 3218 2017 3273 ira
2057 3217 2231 3272 multo
2269 3218 2674 3284 vehementius,
2721 3236 2887 3291 quam
2940 3224 3116 3294 prima
3155 3226 3524 3296 impressione

1935 3326 2210 3366 accenso:
2246 3325 2439 3367 omnes
2471 3312 2692 3382 quidem
2731 3316 3217 3370 commovebantur
3238 3319 3306 3370 ob
3345 3317 3522 3390 impe-

1937 3403 2136 3457 ratoris
2152 3402 2310 3468 iram,
2340 3413 2394 3458 et
2417 3417 2542 3459 cum
2569 3404 2710 3458 irato
2729 3405 3130 3473 irascebantur,
3153 3409 3521 3481 indignationi

1937 3496 2189 3552 videlicet
2219 3496 2368 3550 illius
2391 3497 2800 3555 subservientcs
2817 3508 2871 3554 et
2889 3502 3262 3570 gratiticantes
3286 3523 3300 3560 :
3327 3519 3523 3560 omnes

1935 3587 2344 3658 exspectatione
2373 3587 2683 3645 futurorum
2701 3597 2954 3662 suspensi
2979 3593 3523 3670 erantJtursusergo

1936 3677 2091 3732 adest
2124 3677 2461 3748 praefectus;
2502 3696 2699 3738 rursus
2749 3691 2988 3740 terrores
3040 3686 3409 3754 incntiuntur,
3464 3699 3522 3746 et

1937 3768 2212 3838 prioribus
2241 3769 2460 3840 quidem
2488 3773 2791 3843 graviores;
2833 3775 3031 3830 iterum
3057 3778 3218 3832 mina:
3247 3781 3522 3834 intentam

1937 3867 2048 3923 tur,
2079 3867 2134 3916 et
2177 3861 2259 3914 ira
2305 3861 2458 3916 saevit
2487 3863 2768 3918 acerbior:
2806 3865 2962 3922 adest
3004 3867 3220 3923 foret‘ise
3269 3869 3523 3926 ministe-

1936 3952 2102 4015 rium,
2157 3967 2459 4022 praecones,
2525 3957 2890 4026 apparitores,
2965 3957 3206 4021 lictores,
3265 3961 3524 4026 cancelli,

1937 4043 2184 4112 cortinae,
2215 4045 2417 4115 quibus
2463 4049 2723 4104 onmilms
2770 4048 2930 4104 facile
2977 4050 3144 4105 etiam
3181 4067 3394 4122 eorum,
3423 4056 3524 4125 qui

1937 4132 2006 4187 ad
2039 4134 2223 4188 omnia
2245 4134 2404 4190 valde
2429 4137 2607 4206 parati
2645 4137 2932 4202 accedunt,
2959 4139 3125 4194 animi
3150 4143 3368 4210 percelli
3401 4159 3526 4216 post

1939 4233 2087 4280 sunt.
2111 4223 2312 4280 lterum
2339 4240 2642 4296 generosus
2671 4235 2862 4282 noster
2894 4228 3100 4284 athleta
3128 4232 3182 4286 in
3215 4236 3525 4290 certamine

1938 4315 2297 4386 conspicitur,
2333 4316 2562 4386 gloriam
2603 4317 2804 4387 prioris
2843 4336 3037 4392 pugnae
3085 4323 3244 4395 longe
3287 4343 3522 4400 exsupe-

247 4417 675 4488 εσκευασμὲνων
699 4421 1083 4472 καταπτοεῖται
1113 4419 1452 4490 φρονήματα.
1483 4420 1592 4474 Καὶ
1620 4420 1782 4474 πάλιν
1807 4423 1834 4476 6

1941 4423 2092 4462 rans.
2123 4407 2278 4474 Quod
2311 4408 2357 4463 si
2403 4408 2632 4478 hujusce
2689 4412 2768 4467 rei
2817 4415 2956 4484 petis
2989 4423 3181 4483 testes,
3231 4435 3320 4476 res
3372 4421 3525 4494 ipsas

247 4510 489 4582 ἀθλητὴς
521 4508 620 4562 τοῦ
671 4508 808 4563 Θεοῦ
841 4513 955 4573 τοῖς
997 4509 1269 4582 δευτέροις
1322 4511 1434 4564 τῶν
1465 4510 1710 4580 ἀγώνων,
1742 4514 1836 4567 καὶ

245 4600 342 4670 τὴν
375 4600 474 4653 ἐπὶ
523 4600 641 4661 τας
689 4597 1017 4670 προλαϐοῦσι
1045 4599 1202 4665 δόξαν
1253 4600 1742 4673 ὑπερϐαλλόμενος.
1776 4604 1837 4657 Ei

248 4691 302 4745 δὲ
334 4692 528 4762 ζητεῖς
559 4689 770 4744 τούτων
794 4689 894 4752 τὰς
920 4690 1240 4758 ἀποδείξεις,
1274 4694 1353 4756 εἰς
1380 4693 1519 4746 αὐτὰ
1552 4693 1743 4764 βλέψον
1771 4695 1839 4748 τὲι

249 4785 583 4855 πράγματα.
607 4781 766 4836 Ποῖον
798 4781 898 4836 οὐκ
921 4783 1244 4854 ἐπενείματο
1277 4784 1441 4838 τόπον
1472 4785 1580 4840 τῶν
1616 4785 1842 4858 Ἐκκλη-

252 4875 384 4928 quin
412 4875 452 4946 ή
481 4872 789 4944 τηνικαῦτα
813 4880 1160 4946 καταστροφή
1193 4891 1209 4940 ;
1245 4877 1402 4929 Ποῖον
1435 4875 1646 4946 ἔμεινεν
1692 4877 1843 4942 ἔθνος

251 4966 351 5037 τῆς
375 4965 494 5019 τῶν
529 4963 828 5036 αίρετικῶν
871 4964 1192 5028 ἐπιστασίας
1231 4966 1562 5039 άπείρατονς
1599 4969 1698 5032 Τίς
1732 4971 1843 5024 τῶν

255 5057 396 5112 κατὰ
444 5056 550 5121 τὰς
596 5054 923 5128 Ἐκκλησίας
959 5055 1388 5129 εὐδοκιμούντων
1414 5059 1514 5113 ούκ
1544 5061 1842 5134 ἁπεσείσθη

257 5149 362 5203 τῶν
377 5148 566 5201 τούτων
581 5163 596 5212 ;
613 5148 773 5212 Ποίος
787 5147 1007 5217 διέφυγε
1022 5147 1152 5213 λαὸς
1172 5147 1270 5220 τὴν
1285 5149 1536 5222 τοιαύτην
1552 5153 1814 5224 ἐπήρειαν
1827 5171 1842 5221 ;

259 5240 330 5292 υῦ
380 5239 558 5310 Συρία
596 5239 768 5302 πᾶσα,
811 5239 906 5292 καὶ
942 5238 1052 5293 τῶν
1094 5239 1358 5312 ποταμῶν
1396 5242 1429 5312 ὴ
1473 5240 1646 5313 μέση,
1685 5243 1844 5316 μέχρι

261 5329 364 5383 et?»
383 5331 528 5401 πρὸς
557 5329 687 5392 τοὺς
710 5327 1020 5401 βαρϐάρους
1044 5329 1186 5403 ὅρων
1204 5345 1220 5362 ·
1253 5329 1314 5382 οὐ
1337 5330 1557 5401 Φοινίκη
1581 5373 1596 5396 ,
1613 5333 1708 5386 καὶ
1733 5333 1846 5388 Πα-

266 5423 540 5493 ὶαιστίνη,
574 5421 671 5476 καὶ
704 5421 988 5494 ’Λρῤαϐία,
1017 5421 1112 5475 καὶ
1158 5421 1454 5490 Λίγυπτος,
1478 5421 1573 5476 καὶ
1603 5423 1674 5478 τὰ
1718 5423 1844 5496 ἔθνη

267 5513 358 5585 τῆς
389 5513 626 5585 Λιϐύης,
649 5511 756 5578 ῑως
784 5511 881 5567 τοῦ
908 5513 1182 5586 τέρματος
1207 5513 1308 5585 τῆς
1335 5513 1459 5569 καθ’
1493 5516 1640 5586 ἡμᾶς
1669 5518 1843 5571 οίκουο

275 5603 458 5674 μένης.
486 5603 552 5656 οὐ
575 5603 644 5657 τὰ
674 5602 768 5656 ἰπὶ
793 5601 919 5656 τάδε
953 5603 1151 5666 πάντα,
1184 5603 1430 5658 Ποντικοί
1473 5605 1568 5658 καὶ
1603 5605 1846 5668 Κίλικες,

274 5695 493 5754 Λύκιοι,
525 5691 719 5756 Λυδοὶ,
751 5690 996 5758 Πισίδαι,
1045 5692 1352 5764 Πάμφυλοι,
1401 5695 1608 5768 Κᾶρες,
1657 5694 1848 5766 Ἐλλη-

333 5818 381 5848 ⁸¹¹
415 5815 480 5870 ιι
513 5815 648 5890 Reg.
680 5831 806 5882 xxv,
839 5815 892 5870 9.

1939 4501 2171 4557 intuere.
2207 4499 2380 4568 Quem
2411 4502 2555 4558 enim
2601 4503 2780 4559 locum
2824 4505 3089 4563 intactmn
3130 4513 3352 4584 reliquit
3383 4523 3524 4571 tem-

1941 4592 2091 4663 poris
2119 4591 2267 4650 illius
2295 4593 2624 4650 calamitas?
2653 4597 2912 4664 Quaenam
2945 4615 3078 4672 gens
3122 4602 3393 4661 luet-etim
3429 4621 3524 4660 va-

1941 4684 2195 4750 stationis
2218 4693 2273 4740 et
2300 4686 2665 4758 grassationis
2680 4704 2877 4760 expers
2895 4691 3134 4747 mansit?
3166 4691 3301 4760 Quis
3328 4711 3523 4752 eorum

1939 4775 2033 4846 qui
2065 4776 2120 4832 in
2152 4776 2400 4834 Ecclesia
2423 4776 2709 4845 ﬂorebant,
2741 4796 2850 4837 non
2886 4781 3136 4854 deiectus
3158 4798 3240 4841 est
3268 4802 3300 4842 a
3327 4789 3526 4860 emptis

1942 4881 1996 4926 et
2032 4871 2314 4930 laboribus
2363 4873 2523 4930 suis?
2567 4873 2701 4942 Quis
2735 4878 2971 4947 pepulus
3013 4878 3429 4936 insultationem
3459 4883 3525 4938 il-

1945 4963 2052 5017 lam
2082 4964 2446 5035 eti‘ugit?Non
2477 4965 2636 5038 Syria
2671 4969 2948 5033 universa,
2991 4986 3098 5026 non
3133 4972 3448 5044 Mesopotan
3473 4975 3524 5030 ia

1945 5067 2120 5123 usque
2159 5056 2228 5110 ad
2265 5056 2401 5114 tlttes
2435 5057 2832 5115 barbarorum:
2881 5078 2990 5117 non
3056 5063 3360 5132 Plnenicia,
3417 5083 3523 5121 non

1948 5143 2264 5210 Palaestina,
2299 5163 2406 5202 non
2444 5150 2668 5216 Arabia,
2712 5167 2820 5208 non
2859 5154 3153 5225 Egyptns,
3191 5173 3296 5211 non
3334 5157 3518 5216 incolat

1949 5232 2130 5306 Libyae
2161 5254 2336 5307 usque
2361 5239 2430 5293 ad
2459 5243 2727 5299 terminos
2752 5248 2928 5301 nostri
2969 5248 3154 5316 orbis;
3193 5266 3372 5320 neque
3404 5253 3518 5318 alii,

1947 5328 2039 5397 qui
2077 5329 2130 5383 in
2161 5344 2226 5382 eo
2245 5328 2448 5400 degunt
2486 5331 2721 5394 Pontici,
2747 5337 2966 5398 Cilices.
2989 5336 3159 5410 Lycii,
3197 5340 3351 5404 Lvdi.
3380 5341 3518 5400 Pisic

1949 5419 2047 5486 dii,
2079 5418 2408 5492 Pamphylii,
2439 5423 2628 5488 Cares,
2657 5425 3034 5500 liellespontii,
3065 5434 3308 5489 insulani
3352 5451 3516 5509 usqut

1950 5510 2016 5565 ad
2044 5512 2219 5580 ipsam
2242 5511 2671 5584 Propontidem:
2717 5533 2826 5575 non
2877 5531 3071 5594 gentes
3117 5521 3386 5595 Thraciae,
3417 5545 3518 5600 qut

1952 5612 2096 5672 patet
2128 5602 2385 5668 Thracia,
2427 5616 2483 5663 et
2529 5609 2745 5665 ﬁnitimi
2785 5617 2997 5686 quique
3028 5632 3206 5688 usque
3238 5620 3306 5675 ad
3344 5626 3525 5692 ipsum

1955 5695 2290 5754 Danubium.
2324 5700 2456 5767 Quae
2482 5718 2546 5758 ex
2582 5702 2668 5758 bis
2697 5707 2954 5762 omnibus
2977 5711 3278 5782 provinciis
3303 5715 3530 5770 calami-
