4008 6210
583 291 691 345 gos
1832 286 1890 341 S.
1935 285 2264 342 GREGORII
2300 289 2589 345 NYSSENI
3735 299 3831 351 9.96

528 466 533 469 ,
582 411 713 464 tatis
744 406 905 477 hujus
950 421 1147 475 expers
1194 404 1320 467 fuit,
1367 402 1473 459 nisi
1513 402 1652 458 forte
1684 405 1797 468 illa,
1844 419 1968 475 quae
2012 412 2111 459 ant

2280 410 2518 463 σπόντιοι
2541 451 2553 471 ,
2585 411 2875 480 νησιῶται,
2910 410 3069 481 μέχρι
3102 412 3198 482 τῆς
3243 411 3597 483 Προποντίδος
3644 414 3831 484 αὐτῆς.

583 498 687 553 hoe
736 499 881 550 malo
914 494 1240 549 tenebatur?
1293 491 1459 549 Solus
1514 510 1582 548 ex
1626 495 1883 550 omnibus
1934 495 2166 566 populus

2270 499 2344 552 Οὐ
2374 499 2439 552 τὰ
2470 501 2563 552 ἐπὶ
2590 499 2811 571 Θρᾴκης
2860 501 3057 563 πάντα,
3093 502 3195 565 ἓως
3224 497 3291 571 ἦν
3324 503 3356 573 ἡ
3388 500 3576 573 Θρᾴκη
3596 542 3611 563 ,
3646 504 3735 556 καὶ
3770 502 3832 556 τά

581 586 876 658 Cappadox
920 601 1271 640 communem
1323 585 1537 640 cladem
1600 595 1653 640 et
1704 604 2007 643 mrumnam
2056 603 2164 642 non

2273 590 2400 660 περὶ
2426 588 2593 659 αὐτὴν
2625 589 2772 661 ἔθνη,
2790 590 2896 654 ’ἐως
2922 591 3056 662 πρὸς
3076 592 3168 645 τὸν
3201 593 3410 663 Ἴστρον
3433 592 3620 647 αὐτόν.
3650 593 3712 645 Τί
3737 593 3839 647 τῶν

582 681 776 746 sensit,
821 695 981 750 quem
1015 694 1246 749 magnus
1289 689 1476 735 noster
1512 689 1886 751 propugnator
1936 696 2003 735 ex
2051 694 2165 735 om-

2275 680 2491 733 πάντων
2518 680 2609 733 ἐπὶ
2640 683 2915 753 σχήματος
2944 682 3148 753 ἔμεινε,
3167 684 3305 756 πλὴν
3332 686 3378 738 εί
3404 686 3534 755 μήτι
3567 684 3841 755 προκατεί-

580 771 745 825 nibus
782 770 1179 826 tentationibus
1211 770 1432 840 eripuit.

2273 789 2397 842 χετο
2421 773 2498 844 τῷ
2528 774 2751 845 τοιούτῳ
2780 774 2963 846 κακῶς
2986 776 3121 830 ἀλλὰ
3143 776 3303 847 μόνος
3324 777 3387 829 ὲκ
3414 777 3629 829 πάντων
3648 777 3675 828 ὁ
3696 777 3846 829 Καπ-

583 867 869 929 παδόκειος
915 865 1063 930 λαὸς,
1102 867 1200 938 τῆς
1233 865 1420 935 κοινῆς
1451 866 1557 919 τῶν
1599 865 1934 936 Ἐκκλησιῶν
1963 867 2247 937 συμφορᾶς
2295 867 2393 920 οὐκ
2447 870 2738 941 ἐπῄσθετο·
2765 871 2824 923 ὃν
2883 873 2913 925 ό
2976 870 3149 942 μέγας
3192 871 3473 943 πρόμαχος
3538 870 3689 942 ἡμῶν
3753 866 3842 921 ἐπὶ

582 961 689 1013 τῶν
721 958 1038 1030 πειρασμῶν
1071 956 1386 1012 διεσώσατο.
2205 1029 2208 1033 _

652 1049 776 1103 llaec
796 1048 1002 1104 scilicet
1029 1046 1337 1102 timiditatis
1359 1046 1688 1102 documenta
1717 1046 1887 1102 edidit
1914 1047 2172 1119 magister

2341 1041 2528 1097 Ταῦτα
2574 1044 2640 1099 τὰ
2670 1046 2769 1113 τῆς
2797 1044 2998 1109 δειλίας
3026 1043 3119 1098 τοῦ
3161 1044 3480 1101 διδασκάλου
3525 1049 3679 1119 ἡμῶν
3708 1055 3831 1107 ἁπο-

582 1149 806 1196 noster:
865 1141 981 1195 haec
1029 1147 1159 1194 sunt
1205 1140 1457 1209 paventis
1529 1149 1582 1195 et
1612 1141 1936 1211 trepidantis
1975 1139 2043 1193 ad
2089 1141 2165 1194 la-

2268 1136 2577 1208 τελέσματα
2612 1154 2626 1169 ·
2653 1138 2825 1192 ταῦτα
2855 1136 2948 1192 τοῦ
2983 1139 3388 1208 κατεπτηχότος
3429 1142 3552 1206 τοὺς
3587 1147 3838 1215 τραχυτέ-

584 1234 742 1288 bores
773 1233 977 1287 arduos
1024 1232 1284 1302 prmelara
1335 1232 1578 1288 facinora
1608 1249 1622 1297 ;
1656 1234 1748 1302 qui
1785 1248 1890 1286 non
1928 1232 1981 1286 ili
2021 1239 2167 1285 coetu

2271 1243 2398 1296 ρους
2429 1227 2540 1281 τῶν
2571 1227 2747 1281 πόνων
2794 1227 2861 1282 τὰ
2907 1226 3305 1301 κατορθώματα
3326 1247 3342 1261 ο
3365 1230 3467 1284 οὐκ
3509 1233 3567 1284 ἐν
3592 1235 3838 1305 γραῖδίοις

584 1326 907 1377 miserarum
936 1324 1274 1377 anicularum
1306 1324 1532 1394 gloriam
1563 1324 1665 1378 sibi
1708 1324 1946 1394 peperit.
1990 1339 2167 1394 neque

2266 1313 2548 1387 δυστήνοις
2604 1316 3016 1389 εὐδοκιμοῦντος
3041 1358 3055 1384 ,
3097 1320 3217 1372 οὐδὲ
3260 1320 3473 1392 ἀπατᾷν
3518 1324 3840 1398 γυναικάρια

586 1415 941 1470 mulierculas
964 1416 1112 1469 omni
1143 1413 1320 1469 fraudi
1352 1423 1406 1470 et
1430 1415 1740 1486 deceptioni
1769 1417 2037 1471 obnoxias
2060 1416 2169 1470 cir-

2268 1405 2404 1477 πρὸς
2431 1408 2610 1460 πᾶσαν
2635 1406 2850 1477 ἀπάτην
2880 1408 3117 1474 εὐκόλως
3155 1409 3344 1480 ἔχοντα
3374 1411 3701 1482 μελετῶντος
3718 1459 3732 1482 ,
3759 1419 3841 1471 οὐ·

584 1506 896 1562 rumvenire
928 1505 1176 1570 studuit,
1212 1521 1386 1576 neque
1420 1521 1450 1560 a
1480 1506 1782 1577 desperatis
1809 1516 1863 1563 et
1896 1517 2167 1576 corruptae

2269 1496 2326 1550 δὲ
2380 1498 2485 1552 ὑπὸ
2536 1498 2643 1551 τῶν
2706 1501 3191 1579 κατεγνωσμένων.
3236 1504 3332 1556 καὶ
3390 1506 3841 1579 κατεφθαρμένων

586 1598 784 1653 mentis
807 1597 1121 1652 hominibus
1144 1598 1324 1669 magni
1354 1597 1473 1651 ﬁeri
1502 1598 1659 1653 valde
1685 1598 2049 1669 expetendqu
2076 1597 2169 1651 du-

2269 1588 2640 1659 θαυμάζεσθαι
2702 1590 2843 1661 μέγα
2892 1591 3193 1662 κρίνοντος,
3237 1593 3394 1649 .ἀλλὰ
3423 1596 3510 1650 διὰ
3538 1597 3644 1651 τῶν
3672 1598 3843 1670 ἔργων

587 1690 661 1743 xit
692 1707 706 1757 ;
734 1690 827 1744 sed
858 1689 1037 1759 reipsa
1068 1689 1465 1745 demonstravit
1490 1690 1597 1743 vim
1627 1690 1800 1744 animi
1828 1690 1949 1756 sui,
1983 1697 2038 1744 et
2067 1689 2170 1743 im-

2267 1681 2537 1746 δείξαντος
2569 1682 2666 1755 τὴν
2701 1684 2853 1753 ἰσχὺν
2876 1682 2975 1753 τῆς
2996 1684 3193 1757 ψυχῆς,
3215 1686 3311 1741 καὶ
3338 1687 3398 1740 τὸ
3431 1689 3698 1761 ἄτρεπτον
3716 1734 3729 1757 ,
3752 1695 3846 1746 καὶ

583 1782 930 1852 perterritum
952 1821 967 1847 ,
996 1782 1260 1836 invictum
1283 1791 1337 1836 et
1361 1796 1685 1850 generosum
1712 1783 1864 1837 illum
1889 1781 2165 1851 spiritum,

2269 1772 2533 1845 ἀνδρεῖον,
2566 1774 2659 1826 καὶ
2683 1772 2899 1841 γενικδν
2929 1774 3022 1827 τοῦ
3074 1778 3421 1848 φρονήματος
3441 1796 3453 1811 °
3484 1774 3544 1833 οὗ
3572 1780 3633 1835 τὸ
3664 1785 3848 1855 κατόρ-

583 1873 742 1942 cujus
776 1874 1038 1944 praeclare
1072 1872 1278 1929 factum
1315 1875 1466 1929 salus
1499 1873 1601 1927 fuit
1634 1875 1905 1930 universa:
1939 1874 2164 1944 patriae,

2272 1865 2451 1937 θωμα,
2482 1864 2726 1938 σωτηρία
2750 1865 2847 1936 μὲν
2886 1868 2984 1936 τῆς
3014 1846 3266 1938 πατρίδος
3297 1870 3535 1942 ἁπάσης,
3563 1874 3746 1946 εἰρήνη

584 1983 684 2040 pax
719 1975 921 2023 nostra:
951 1966 1207 2023 Ecclesia:
1227 2008 1243 2033 ,
1269 1969 1550 2039 exemplar
1579 1968 1761 2024 omnis
1787 1967 2035 2031 honesti,
2065 1966 2131 2022 iis
2151 2006 2166 2028 .

2271 1957 2371 2027 τῆς
2394 1957 2515 2011 καθ’
2538 1958 2685 2028 ἡμᾶς
2718 1956 3062 2027 Ἐκκλησίας,
3091 1959 3392 2031 ὑπόδειγμα
3413 1962 3468 2017 δὲ
3490 1971 3685 2029 παντὸς
3713 1967 3846 2035 ἀγα-

582 2059 673 2128 qui
722 2056 1026 2114 secundum
1076 2057 1332 2112 virtutem
1379 2057 1612 2125 vivunt;
1660 2057 1874 2113 eversio
1908 2057 2165 2113 adversa-

2272 2047 2388 2112 θοῦ,
2418 2051 2528 2112 τοῖς
2553 2051 2885 2123 κατ’ἀρετὴν
2914 2050 3100 2115 ζῶσιν,
3133 2052 3413 2125 ἀνατροπὴ
3436 2054 3543 2108 τῶν
3566 2057 3842 2122 ἐναντίων,

584 2152 789 2204 riorutn
809 2192 825 2215 ,
848 2149 1214 2220 patrocinium
1243 2148 1364 2204 fidei
1388 2189 1403 2213 ,
1430 2152 1700 2205 securitas
1727 2148 2167 2212 imbecilliorum,

2274 2140 2571 2213 συνηγορία
2591 2141 2688 2212 τῆς
2712 2141 2969 2209 πίστεως,
2991 2141 3261 2212 ἀσφάλεια
3297 2144 3404 2199 τῶν
3429 2146 3846 2219 ἀσθενεστέρων,

584 2244 1018 2297 stabilimentum
1052 2243 1425 2296 rohustiorum
1455 2282 1469 2306 ,
1500 2251 1553 2296 et
1583 2250 1641 2295 ut
1670 2257 1779 2297 uno
1808 2241 1974 2296 verbo
2000 2255 2167 2311 expe-

2274 2231 2561 2301 βεόαίωσις
2595 2232 2701 2287 τῶν
2738 2233 3183 2305 προθυμοτέρων,
3217 2236 3395 2290 πάντα
3422 2238 3521 2291 ὃσα
3550 2239 3647 2310 τῆς
3673 2241 3851 2311 κρείτ-

583 2335 729 2386 diam
752 2372 766 2398 ,
802 2331 1069 2402 quidquid
1100 2331 1230 2385 boni
1262 2333 1560 2403 excogitari
1610 2340 1827 2404 potest,
1881 2331 1934 2386 id
1979 2333 2032 2386 in
2066 2333 2166 2387 hoc

2271 2336 2419 2383 τονος
2466 2320 2659 2391 μοίρας
2703 2319 2840 2376 εἶναι
2874 2323 3228 2378 πεπίστευται
3259 2340 3273 2355 ⁶
3297 2327 3390 2380 ἐπὶ
3424 2327 3627 2382 τούτων
3676 2331 3849 2401 μόνων

585 2425 730 2479 fat-to
765 2423 1274 2495 comprehenditur,
1313 2424 1369 2479 in
1400 2440 1508 2497 qua
1544 2423 1812 2479 duntaxat
1845 2424 2168 2478 narratione

2272 2411 2379 2466 τῶν
2400 2411 2775 2486 διηγημάτων,
2806 2416 2945 2488 ἀκοή
2977 2434 3036 2469 τε
3070 2418 3162 2472 καὶ
3193 2419 3313 2489 ὄψις
3341 2421 3434 2474 ἐπὶ
3464 2420 3572 2474 τῶν
3596 2425 3855 2495 πραγμά-

584 2514 845 2570 audiendi
891 2522 945 2570 et
994 2515 1213 2570 videndi
1267 2531 1466 2572 sensus
1512 2531 1571 2572 re
1619 2516 1737 2587 ipsa
1782 2517 2166 2571 conveniunt:

2274 2522 2378 2558 των
2411 2507 2799 2576 συμϐαίνουσι’
2836 2512 3029 2565 ταυτὸν
3058 2512 3167 2582 γάρ
3203 2515 3317 2566 ἐστι
3372 2513 3515 2586 λόγῳ
3560 2515 3629 2569 τὰ
3665 2518 3849 2571 κάλλι-

583 2606 726 2663 idem
756 2607 902 2663 enim
936 2618 1019 2662 est
1052 2608 1303 2664 oratione
1338 2608 1602 2679 praeclara
1642 2623 1876 2680 quinque
1920 2605 2166 2662 facinora

2276 2615 2375 2651 στα
2430 2598 2815 2674 διηγήσασθαι,
2846 2603 2940 2657 καὶ
2994 2604 3141 2676 ἔργῳ
3187 2605 3356 2673 δεῖξαι
3400 2608 3500 2680 τὴν
3548 2612 3853 2682 μαρτυρίαν

585 2704 873 2776 persequi,
906 2714 959 2760 et
989 2720 1154 2775 opere
1190 2704 1311 2775 ipso
1341 2704 1574 2759 orationi
1614 2704 1988 2758 testimonium
2036 2715 2162 2772 per—

2269 2688 2378 2743 τῶν
2402 2688 2605 2760 λόγων,
2630 2695 2724 2749 καὶ
2753 2695 3038 2767 ἀμφότερα
3074 2696 3137 2749 δι’
3163 2697 3409 2774 ἀλλήλων
3449 2700 3852 2760 πιστώσασθαι.

586 2796 808 2864 bibere,
841 2804 896 2852 et
943 2804 1177 2867 utraque
1207 2796 1413 2850 mutuis
1451 2795 1611 2866 quasi
1648 2795 2007 2849 firmamentis
2041 2808 2168 2848 cor-

2274 2783 2369 2854 τήν
2385 2801 2444 2836 τε
2473 2785 2692 2858 μνήμην
2708 2787 2815 2840 ἀπὸ
2831 2787 2934 2841 τῶν
2964 2788 3323 2859 φαινομένων,
3348 2791 3438 2846 καὶ
3463 2792 3532 2847 τὰ
3555 2795 3857 2866 πράγματα

583 2890 845 2945 roborare
866 2931 882 2955 ,
911 2888 1230 2943 memoriam
1266 2888 1487 2958 quidem
1514 2903 1583 2942 ex
1619 2888 1686 2941 iis
1706 2928 1721 2950 ,
1753 2902 1874 2957 qua:
1909 2886 2166 2941 sensibus

1278 2888 1487 2958 quidem
1514 2903 1583 2942 ex
1619 2888 1721 2950 iis,
1753 2902 1874 2957 qua:
1909 2886 2167 2941 sensibus
2270 2872 2357 2927 διὰ
2396 2874 2504 2928 τῶν
2536 2876 2861 2949 λεγομένων.

585 2982 945 3052 objiciuntur,
979 2996 1069 3036 res
1099 2996 1229 3036 vero
1256 2996 1321 3034 ex
1346 2968 1460 3041 iis,
1496 2995 1618 3050 qua:
1650 2978 1932 3035 dicuntur.

658 3070 1145 3126 Verumeuimvero
1177 3070 1365 3125 nescio
1390 3084 1498 3140 qua
1531 3069 1741 3124 ratione
1771 3069 1985 3140 longius
2018 3079 2166 3125 extra

2356 3057 2517 3114 Ἀλλὰ
2544 3058 2652 3133 γὰρ
2694 3069 2793 3115 οὐκ
2841 3060 2936 3117 οἷδ’
2962 3064 3111 3129 ὅπως
3158 3064 3410 3122 τοσοῦτον
3451 3068 3555 3136 ἔξω
3584 3070 3691 3124 τῶν
3716 3088 3858 3145 προ-

586 3163 925 3234 pr0positam
960 3161 1246 3217 materiam
1276 3160 1608 3232 processerit
1641 3160 1818 3215 oratio
1840 3201 1854 3223 ,
1902 3176 2164 3217 conversa

2276 3150 2542 3222 κειμένων
2576 3153 2890 3226 παρηνέχθη
2918 3156 2947 3208 ὁ
2980 3155 3155 3226 λόγος,
3183 3159 3322 3231 πρὸς
3364 3160 3591 3214 ἕκαστον
3629 3163 3736 3216 τῶν
3770 3167 3859 3232 ἐρ’

586 3254 653 3309 ad
686 3254 896 3325 singula
920 3296 934 3319 ,
965 3269 1086 3325 qua!
1117 3254 1457 3325 schphanta
1490 3268 1585 3323 per
1613 3252 2001 3307 contumeliam
2029 3253 2169 3323 obje-

2279 3243 2432 3316 ὕὸρει
2461 3244 2735 3317 ῥηθέντων
2764 3248 2913 3320 παρὰ
2953 3248 3046 3303 τοῦ
3091 3253 3427 3318 συκοφάντου
3462 3257 3862 3326 ἐπιστρεφόμε-

585 3346 681 3401 cit.
713 3346 876 3417 Atqui
910 3345 1205 3400 admodum
1236 3345 1388 3400 utilis
1418 3344 1672 3401 fortassis
1701 3344 1969 3400 Eunomio
2006 3345 2168 3401 fuerit

2280 3350 2394 3400 νος⁸
2424 3336 2599 3391 καίτοι
2626 3336 2704 3409 τῷ
2732 3340 2980 3412 Εὐνομίῳ
3016 3340 3205 3413 κέρδος
3237 3344 3297 3397 οὐ
3330 3345 3524 3417 μικρὸν
3559 3348 3593 3418 ἡ
3634 3349 3762 3419 περὶ
3788 3349 3863 3401 τὰ

586 3454 742 3494 mora
779 3438 891 3492 haec
925 3436 1230 3501 orationis,
1266 3437 1321 3490 iit
1356 3435 1447 3491 his
1480 3437 1775 3493 calumniis
1818 3435 2169 3502 refellendis,

2282 3426 2497 3482 τοιαῦτα
2528 3430 2623 3484 τοῦ
2656 3430 2812 3500 λόγου
2870 3433 3141 3506 διατριϐὴ,
3175 3437 3231 3488 ἐν
3265 3438 3329 3507 τῇ
3358 3435 3466 3490 τῶν
3497 3437 3865 3509 ἀνθρωπίνων

587 3537 777 3599 utpote
834 3544 956 3598 quae
1020 3534 1288 3598 occupata
1353 3526 1631 3583 diluendis
1691 3529 2170 3585 criminationibus

2282 3518 2625 3590 ἀδικημάτων
2657 3524 2960 3596 κατηγορίᾳ
3005 3527 3115 3587 τοῖς
3148 3525 3502 3597 κυριωτέροις
3550 3527 3865 3600 προσϐῆναι

587 3630 777 3676 contra
814 3621 1064 3676 homines
1105 3619 1335 3689 ejectis,
1370 3619 1435 3673 ad
1487 3634 1548 3673 ea
1599 3635 1720 3690 qua:
1769 3620 1994 3689 majoris
2046 3629 2170 3676 sunt

2283 3611 2638 3684 κωλυομένου,
2679 3615 2889 3687 ’Ὠσπερ
2922 3611 3014 3669 οὖν
3070 3618 3159 3671 τὸν
3205 3618 3297 3672 ἐπὶ
3350 3618 3495 3689 φόνῳ
3541 3621 3866 3692 κρινόμενον

587 3713 849 3767 momenti
900 3728 1021 3766 sese
1068 3712 1321 3767 conferre
1373 3719 1632 3782 nequeat.
1693 3710 2170 3777 Quemadmodum

2283 3702 2415 3776 ὑπὲρ
2446 3705 2545 3776 τῆς
2568 3706 2625 3758 ἐν
2654 3707 2864 3778 ῥήμασι
2899 3709 3226 3780 προπετείας
3261 3711 3507 3776 κακίζειν
3540 3713 3645 3766 τῶν
3681 3715 3866 3786 ἀχρή-

584 3807 755 3877 igitur
782 3820 940 3869 eum,
970 3803 1062 3874 qui
1095 3803 1163 3858 de
1200 3803 1499 3859 homicidio
1545 3812 1861 3864 accusatur,
1906 3818 2167 3875 superva-

2284 3813 2417 3851 στων
2454 3796 2601 3850 ἐστὶν
2631 3798 2811 3868 (ἀρκεῖ
2842 3799 2949 3870 γὰρ
2981 3801 3010 3852 ὀ
3046 3800 3205 3868 φόνος
3247 3801 3601 3872 ἁπελεγχθεὶς
3637 3802 3736 3874 τὴν
3764 3806 3867 3858 τοῦ

588 3914 817 3953 eaueum
847 3904 931 3951 est
964 3911 1229 3951 accusare
1272 3896 1339 3950 de
1393 3896 1688 3952 verborum
1737 3897 2077 3967 procacitate
2119 3905 2171 3951 et

2286 3887 2504 3941 θανάτου
2543 3888 2721 3960 ψῆφον
2769 3891 3103 3959 ἐπενεγκεῖν,
3134 3891 3237 3946 κᾶν
3279 3892 3515 3964 μηδεμία
3557 3894 3869 3965 προπέτεια

586 3990 842 4045 levitate:
874 3987 1074 4044 suflicit
1101 3988 1248 4042 enim
1273 3988 1449 4043 solum
1482 3988 1834 4044 homicidium
1861 3987 1927 4041 ad
1954 3987 2090 4054 hoc,
2114 3998 2169 4044 ut

2288 3981 2446 4050 ιόγων
2465 3981 2542 4051 τῷ
2560 3981 2826 4053 μιαιφόνῳ
2856 3983 3338 4054 συναπελέγχηται)
3363 4001 3375 4014 °
3394 3982 3535 4039 οὕτω
3564 4003 3653 4056 μοι
3675 3987 3871 4053 καλῶς

589 4091 781 4137 contra
812 4096 935 4135 eum
972 4080 1167 4135 mortis
1199 4079 1473 4135 sententia
1512 4080 1743 4146 feratur,
1775 4079 1989 4134 etiamsi
2023 4081 2172 4135 nulla

2287 4072 2421 4144 ἔχειν
2460 4073 2623 4137 δοκεῖ,
2670 4073 2836 4145 μόνην
2862 4072 3029 4128 αὐτοῦ
3078 4074 3178 4145 τὴν
3221 4074 3473 4129 ἀσέϐειαν
3515 4078 3595 4141 είς
3634 4077 3870 4150 ἔλεγχον

590 4175 878 4228 verborum
917 4172 1232 4227 temeritate
1285 4187 1407 4228 sese
1454 4171 1725 4226 homicida
1773 4172 2170 4228 obstrinxerit:

2285 4165 2522 4233 ἀγαγεῖν,
2544 4165 2644 4229 τὰς
2686 4165 2742 4218 δὲ
2784 4164 2903 4219 καθ’
2933 4165 3089 4237 ἡμῶν
3122 4165 3387 4239 λοιδορίας
3428 4168 3636 4239 χαίρειν
3676 4170 3868 4226 ἐᾶσαι.

592 4269 663 4320 ita
698 4265 828 4320 mihi
861 4279 1039 4335 Operae
1057 4264 1289 4333 pretium
1325 4264 1559 4326 videtur,
1588 4273 1648 4318 ut
1680 4263 1849 4319 solam
1881 4262 2041 4318 istius
2069 4262 2173 4317 im-

2291 4252 2442 4324 δῆλον
2471 4250 2580 4324 γὰρ
2619 4253 2699 4306 ὅτι
2739 4254 2864 4326 περὶ
2911 4254 2979 4308 τὰ
3013 4256 3245 4326 μέγιστα
3277 4258 3370 4310 καὶ
3403 4257 3719 4328 κυριώτατα
3760 4259 3874 4329 τῆς

593 4354 845 4423 pietatem
877 4351 1233 4407 refellendam
1264 4353 1561 4422 suscipiam
1583 4393 1598 4417 ,
1633 4353 1823 4408 relicta
1853 4353 1943 4407 illa
1968 4392 1983 4416 ,
2012 4368 2174 4423 quant

2295 4343 2541 4413 τονηρίας
2574 4344 2941 4416 φωραθείσης,
2979 4348 3071 4399 καὶ
3105 4349 3174 4401 τὰ
3204 4347 3367 4402 λοιπὰ
3399 4351 3572 4404 πάντα
3601 4355 3668 4423 τῇ
3700 4352 3878 4407 δυνά-

594 4443 648 4494 in
678 4456 778 4496 nos
804 4450 1022 4496 exercet
1052 4441 1411 4496 maledicendi
1462 4442 1682 4497 licentia
1713 4459 1727 4495 :
1776 4443 1987 4497 clarum
2028 4443 2173 4499 enim

2294 4453 2368 4489 ιει
2401 4435 2890 4507 συναπελέγχεται·
2925 4439 3028 4493 κᾶν
3075 4442 3150 4512 μὴ
3196 4440 3317 4496 καθ’
3343 4441 3571 4497 ἕκαστον
3610 4446 3877 4517 ἀκριϐῶς

592 4541 712 4595 est,
746 4533 881 4588 siin
935 4533 1101 4589 rebus
1150 4532 1373 4587 maximi
1425 4534 1686 4603 ponderis
1727 4535 1977 4603 impietas
2025 4536 2172 4591 illius

2294 4526 2599 4598 ιπεξίωμεν.
2621 4526 2773 4581 Ἔστι
2796 4529 2974 4583 τοίνυν
2992 4532 3052 4583 τὸ
3067 4533 3356 4601 κεφάλαιον
3394 4534 3518 4587 τῶν.
3533 4537 3662 4606 παρ’
3686 4538 3877 4591 αὑτοῦ

593 4622 937 4686 retundatur,
972 4622 1161 4676 eadem
1193 4621 1356 4676 etiam
1385 4637 1550 4692 opera
1575 4624 1848 4680 confutari
1880 4627 2063 4681 omnia
2092 4645 2176 4684 re-

2298 4619 2831 4690 ιατασκευαζομένων
2850 4662 2863 4683 ,
2890 4619 3207 4695 βλασφημία
3246 4624 3343 4695 μὲν
3368 4626 3447 4690 εἰς
3472 4626 3531 4679 τὸ
3553 4627 3735 4697 δόγμα
3765 4632 3881 4698 τῆς

572 4700 741 4783 ἰῑῳιιι
766 4754 780 4775 ,
810 4713 936 4767 licet
966 4728 1071 4767 non
1103 4727 1503 4783 persequamur
1527 4717 1712 4772 omnia
1742 4717 2042 4789 sigillatim.
2071 4720 2148 4776 Ca

2306 4708 2576 4775 ὑσεϐείας,
2608 4710 2664 4763 ἓν
2712 4729 2769 4764 τε
2813 4712 2888 4782 τῷ
2918 4715 3208 4784 προάγοντι
3234 4716 3396 4789 λόγῳ,
3429 4719 3522 4773 καὶ
3554 4720 3610 4772 ὲν
3658 4718 3743 4789 τῷ
3770 4721 3883 4774 νῦν

593 4813 687 4874 put
720 4804 888 4874 igitur
932 4804 1176 4858 omnium
1224 4819 1417 4859 eorum
1439 4845 1454 4870 ,
1486 4822 1608 4876 qum
1642 4808 1868 4863 molitus
1896 4817 1983 4864 est
2018 4808 2172 4880 ipse,

2295 4799 2404 4869 ταρ’
2426 4798 2583 4870 ἡμῶν
2635 4800 2977 4874 εὐθυνομένῳ
2999 4822 3013 4835 ·
3045 4805 3247 4878 σπουδὴ
3276 4806 3334 4860 δὲ
3377 4809 3527 4862 πᾶσα
3584 4807 3878 4875 καθελεῖν,

592 4895 804 4949 nullum
830 4901 915 4949 est
947 4892 1092 4947 aliud
1114 4934 1128 4957 ,
1155 4908 1319 4964 quam
1356 4895 1694 4965 blaSphemia
1728 4899 1782 4952 in
1808 4898 2171 4955 orthodoxam

2303 4893 2367 4945 εαὶ
2416 4893 2910 4966 παραγράψασθαι,
2944 4895 3036 4950 καὶ
3094 4898 3399 4969 ἀνατρέψαι
3445 4902 3727 4964 παντελῶς
3769 4903 3886 4967 τὰς

594 4987 752 5041 fidem
773 5025 788 5049 ,
819 4994 925 5039 tam
955 4985 1009 5039 in
1038 4986 1205 5056 priori
1238 4985 1379 5041 libro
1400 5028 1414 5054 ,
1445 5003 1606 5058 quam
1640 4989 1693 5043 in
1721 4989 1826 5045 hoc
1847 5032 1862 5055 ,
1890 5007 2054 5062 quem
2083 5008 2171 5047 re-

2301 4984 2404 5054 ιερὶ
2450 4984 2546 5038 τοῦ
2582 4987 2901 5057 μονογενοῦς
2950 4989 3106 5053 Θεοῦ,
3135 4990 3228 5044 καὶ
3263 4992 3359 5057 τὰς
3409 4994 3535 5064 περὶ
3571 4993 3668 5048 τοῦ
3703 4995 3884 5062 ἁγίου

594 5078 769 5132 futare
811 5077 1200 5147 aggredimur:
1238 5092 1453 5133 onmem
1503 5096 1635 5135 vero
1670 5081 1892 5137 adhibet
1937 5081 2171 5153 diligen-

2304 5076 2589 5148 Ινεύματος
2640 5080 2881 5146 εὐσεϐεῖς
2933 5082 3247 5154 ὑπολήψεις.
3294 5086 3382 5149 Ὠς
3409 5085 3474 5140 ἂν
3503 5082 3593 5141 οὖν
3623 5088 3887 5158 μάλιστα

592 5169 724 5221 tiam
746 5208 759 5232 ,
793 5175 851 5222 ut
880 5166 1128 5224 funditus
1160 5170 1356 5225 evellat
1389 5179 1444 5226 et
1490 5172 1731 5227 aholeat‘
1762 5173 1832 5228 de
1884 5174 2172 5244 unigenito

2307 5169 2491 5240 ιευδὴς,
2520 5170 2614 5225 καὶ
2640 5172 2941 5236 ἁσύστατος
2976 5175 3250 5249 ἐπιδειχθῇ
3277 5178 3310 5248 ἡ
3340 5177 3484 5231 κατὰ
3513 5177 3621 5232 τῶν
3648 5179 3890 5250 δογμάο

591 5255 730 5314 Filio
756 5257 850 5313 Dei
905 5267 956 5313 et
980 5257 1187 5325 Spiritu
1214 5270 1404 5315 sancto
1425 5276 1614 5318 omnes
1641 5264 1759 5333 pias
1785 5264 2165 5334 cogitationes.

2311 5277 2381 5312 ων
2416 5261 2516 5331 τῆς
2562 5260 2820 5333 ἀληθείας
2875 5268 3187 5340 κατασκευή
3212 5286 3224 5300 ·
3255 5270 3471 5340 πρῶτον
3515 5271 3615 5343 μὲν
3648 5273 3749 5325 ἐπὶ
3779 5272 3894 5327 λέ-

594 5346 666 5404 Ut
695 5350 860 5420 igitur
886 5350 1143 5405 omnibus
1173 5354 1520 5423 perspicuum
1555 5353 1680 5418 fiat,
1716 5370 1879 5424 quam
1920 5355 2089 5413 falsus
2115 5366 2170 5413 et

2303 5353 2410 5415 ξεως
2453 5352 2617 5406 αὑτοῦ
2658 5353 2754 5426 τὴν
2781 5357 2908 5428 περὶ
2949 5357 3151 5412 τούτων
3206 5360 3596 5434 παραθήσομαι
3649 5363 3825 5435 ῥῆσιν
3862 5383 3886 5397 ε

594 5443 919 5498 inconstans
952 5443 1025 5498 sit
1062 5445 1243 5500 omnis
1292 5446 1383 5501 ille
1411 5457 1603 5503 contra
1640 5448 1889 5502 veritatis
1915 5448 2169 5519 dogmata

2312 5461 2466 5497 πειτα
2507 5444 2562 5499 δὲ
2603 5446 2763 5500 πάλιν
2793 5448 3161 5521 ὑπελεύσομαι
3208 5455 3320 5517 τοῖς
3349 5453 3684 5526 εἰρημένοις,
3732 5455 3895 5513 ἒχει-

594 5538 889 5602 apparatus
920 5551 933 5585 :
968 5532 1206 5603 primum
1233 5536 1454 5606 quidem
1488 5534 1555 5589 ad
1590 5536 1815 5591 verbum
1849 5551 2049 5605 ponam
2088 5538 2172 5607 ip-

1523 5534 1555 5589 d
1590 5536 1815 5591 verbum
1849 5551 2049 5605 ponam
2088 5538 2172 5607 ip-
2279 5554 2402 5589 στον
2424 5536 2602 5591 αὐτῶν
2630 5537 2898 5605 ἐξετάζων
2918 5544 3104 5614 χωρίς.

594 5623 711 5680 sius
740 5622 1042 5677 orationem
1067 5665 1081 5687 ,
1118 5625 1512 5693 qumdeinde,
1561 5627 1859 5696 resumptis
1903 5626 2170 5699 singulis,

574 5714 886 5788 separatim
915 5715 1236 5771 examinabo
