  <div class='ocr_page' id='page_1' title='image "/cluster/home/n/w/nwhite01/storage/ocr_20150623/45/hvd.32044073501876/166.png"; bbox 0 0 4008 6210; ppageno 0'>
   <div class='ocr_carea' id='block_1_1' title="bbox 256 336 354 392">
    <p class='ocr_par' dir='ltr' id='par_1_1' title="bbox 256 336 354 392">
     <span class='ocr_line' id='line_1_1' title="bbox 256 336 354 392; baseline -0.041 0"><span class='ocrx_word' id='word_1_1' title='bbox 256 336 354 392; x_wconf 76' lang='lat'><strong><em>9.97</em></strong></span> 
     </span>
    </p>
   </div>
   <div class='ocr_carea' id='block_1_2' title="bbox 1388 338 2330 409">
    <p class='ocr_par' dir='ltr' id='par_1_2' title="bbox 1388 338 2330 409">
     <span class='ocr_line' id='line_1_2' title="bbox 1388 338 2330 409; baseline 0.008 -16"><span class='ocrx_word' id='word_1_2' title='bbox 1388 338 1663 395; x_wconf 73' lang='lat' dir='ltr'><strong>CONTRA</strong></span> <span class='ocrx_word' id='word_1_3' title='bbox 1697 339 2084 409; x_wconf 74' lang='lat' dir='ltr'><strong><em>EUNOMIUM,</em></strong></span> <span class='ocrx_word' id='word_1_4' title='bbox 2120 345 2247 401; x_wconf 81' lang='lat' dir='ltr'><strong>LIB.</strong></span> <span class='ocrx_word' id='word_1_5' title='bbox 2290 347 2330 401; x_wconf 84' lang='grc'><strong><em>1.</em></strong></span> 
     </span>
    </p>
   </div>
   <div class='ocr_carea' id='block_1_3' title="bbox 3392 355 3497 410">
    <p class='ocr_par' dir='ltr' id='par_1_3' title="bbox 3392 355 3497 410">
     <span class='ocr_line' id='line_1_3' title="bbox 3392 355 3497 410; baseline 0 0"><span class='ocrx_word' id='word_1_6' title='bbox 3392 355 3497 410; x_wconf 78' lang='lat'><strong><em>9.98</em></strong></span> 
     </span>
    </p>
   </div>
   <div class='ocr_carea' id='block_1_4' title="bbox 330 444 1831 541">
    <p class='ocr_par' dir='ltr' id='par_1_4' title="bbox 330 444 1831 528">
     <span class='ocr_line' id='line_1_4' title="bbox 330 444 1831 528; baseline 0.009 -27"><span class='ocrx_word' id='word_1_7' title='bbox 330 448 449 513; x_wconf 77' lang='grc' dir='ltr'><strong><em>πᾶς</em></strong></span> <span class='ocrx_word' id='word_1_8' title='bbox 487 449 521 501; x_wconf 84' lang='lat' dir='ltr'><strong><em>d</em></strong></span> <span class='ocrx_word' id='word_1_9' title='bbox 567 444 685 501; x_wconf 83' lang='grc' dir='ltr'><em>τῶν</em></span> <span class='ocrx_word' id='word_1_10' title='bbox 718 451 845 503; x_wconf 75' lang='grc' dir='ltr'><strong><em>καθ’</em></strong></span> <span class='ocrx_word' id='word_1_11' title='bbox 889 451 1047 520; x_wconf 69' lang='grc' dir='ltr'><em>ἡμᾶς</em></span> <span class='ocrx_word' id='word_1_12' title='bbox 1095 452 1402 524; x_wconf 77' lang='grc' dir='ltr'><strong><em>δογμάτων</em></strong></span> <span class='ocrx_word' id='word_1_13' title='bbox 1439 459 1831 528; x_wconf 73' lang='grc' dir='ltr'><em>συμπληροῦ-</em></span> 
     </span>
    </p>
   </div>
   <div class='ocr_carea' id='block_1_5' title="bbox 1930 444 3496 541">
    <p class='ocr_par' dir='ltr' id='par_1_5' title="bbox 2008 462 3496 541">
     <span class='ocr_line' id='line_1_5' title="bbox 2008 462 3496 541; baseline 0.006 -24"><span class='ocrx_word' id='word_1_14' title='bbox 2008 462 2192 518; x_wconf 87' lang='lat' dir='ltr'><strong><em>Omnis</em></strong></span> <span class='ocrx_word' id='word_1_15' title='bbox 2234 473 2441 528; x_wconf 77' lang='lat' dir='ltr'><strong><em>oratio,</em></strong></span> <span class='ocrx_word' id='word_1_16' title='bbox 2482 480 2587 533; x_wconf 90' lang='lat' dir='ltr'><strong><em>qua</em></strong></span> <span class='ocrx_word' id='word_1_17' title='bbox 2635 466 2884 537; x_wconf 75' lang='lat' dir='ltr'><strong><em>dogmata</em></strong></span> <span class='ocrx_word' id='word_1_18' title='bbox 2927 477 3106 524; x_wconf 86' lang='lat' dir='ltr'><strong><em>nostra</em></strong></span> <span class='ocrx_word' id='word_1_19' title='bbox 3143 470 3496 541; x_wconf 67' lang='lat' dir='ltr'><strong><em>explicatum,</em></strong></span> 
     </span>
    </p>
   </div>
   <div class='ocr_carea' id='block_1_6' title="bbox 212 541 1830 621">
    <p class='ocr_par' dir='ltr' id='par_1_6' title="bbox 212 541 1830 621">
     <span class='ocr_line' id='line_1_6' title="bbox 212 541 1830 621; baseline 0.009 -29"><span class='ocrx_word' id='word_1_20' title='bbox 212 560 219 605; x_wconf 64' lang='grc' dir='ltr'><strong><em>ε</em></strong></span> <span class='ocrx_word' id='word_1_21' title='bbox 259 558 347 594; x_wconf 84' lang='grc' dir='ltr'><strong><em>ται</em></strong></span> <span class='ocrx_word' id='word_1_22' title='bbox 388 541 574 609; x_wconf 64' lang='grc' dir='ltr'><em>λόγος</em></span> <span class='ocrx_word' id='word_1_23' title='bbox 609 541 683 594; x_wconf 73' lang='grc' dir='ltr'><em>ἐκ</em></span> <span class='ocrx_word' id='word_1_24' title='bbox 730 558 795 595; x_wconf 83' lang='grc' dir='ltr'><strong><em>τε</em></strong></span> <span class='ocrx_word' id='word_1_25' title='bbox 837 541 948 612; x_wconf 82' lang='grc' dir='ltr'><em>τῆς</em></span> <span class='ocrx_word' id='word_1_26' title='bbox 968 545 1265 619; x_wconf 35' lang='grc' dir='ltr'><em>,ἀνωτάτω</em></span> <span class='ocrx_word' id='word_1_27' title='bbox 1314 549 1413 603; x_wconf 78' lang='grc' dir='ltr'><strong><em>καὶ</em></strong></span> <span class='ocrx_word' id='word_1_28' title='bbox 1464 551 1830 621; x_wconf 79' lang='grc' dir='ltr'><em>κυριωτάτης</em></span> 
     </span>
    </p>
   </div>
   <div class='ocr_carea' id='block_1_7' title="bbox 256 630 1827 711">
    <p class='ocr_par' dir='ltr' id='par_1_7' title="bbox 256 630 1827 711">
     <span class='ocr_line' id='line_1_7' title="bbox 256 630 1827 711; baseline 0.008 -27"><span class='ocrx_word' id='word_1_29' title='bbox 256 632 482 697; x_wconf 81' lang='grc' dir='ltr'><em>οὐσίας,</em></span> <span class='ocrx_word' id='word_1_30' title='bbox 511 630 611 686; x_wconf 80' lang='lat' dir='ltr'><strong><em>real</em></strong></span> <span class='ocrx_word' id='word_1_31' title='bbox 636 632 708 687; x_wconf 78' lang='grc' dir='ltr'><strong><em>ἐκ</em></strong></span> <span class='ocrx_word' id='word_1_32' title='bbox 756 632 869 703; x_wconf 85' lang='grc' dir='ltr'><em>τῆς</em></span> <span class='ocrx_word' id='word_1_33' title='bbox 912 633 986 689; x_wconf 88' lang='grc' dir='ltr'><em>δι’</em></span> <span class='ocrx_word' id='word_1_34' title='bbox 1015 636 1258 707; x_wconf 71' lang='grc' dir='ltr'><em>ἐκείνην</em></span> <span class='ocrx_word' id='word_1_35' title='bbox 1292 641 1410 708; x_wconf 78' lang='grc' dir='ltr'><em>μὲν</em></span> <span class='ocrx_word' id='word_1_36' title='bbox 1450 643 1665 711; x_wconf 80' lang='grc' dir='ltr'><em>οὔσης,</em></span> <span class='ocrx_word' id='word_1_37' title='bbox 1700 644 1827 711; x_wconf 86' lang='grc' dir='ltr'><em>μετ’</em></span> 
     </span>
    </p>
   </div>
   <div class='ocr_carea' id='block_1_8' title="bbox 240 721 1829 805">
    <p class='ocr_par' dir='ltr' id='par_1_8' title="bbox 240 721 1829 805">
     <span class='ocr_line' id='line_1_8' title="bbox 240 721 1829 805; baseline 0.008 -31"><span class='ocrx_word' id='word_1_38' title='bbox 240 723 490 805; x_wconf 38' lang='lat' dir='ltr'><strong><em>enim</em></strong></span> <span class='ocrx_word' id='word_1_39' title='bbox 513 722 585 775; x_wconf 75' lang='grc' dir='ltr'><em>δὲ</em></span> <span class='ocrx_word' id='word_1_40' title='bbox 614 721 858 778; x_wconf 73' lang='grc' dir='ltr'><em>πάντων</em></span> <span class='ocrx_word' id='word_1_41' title='bbox 880 724 998 778; x_wconf 85' lang='grc' dir='ltr'><em>τῶν</em></span> <span class='ocrx_word' id='word_1_42' title='bbox 1017 725 1224 782; x_wconf 70' lang='grc' dir='ltr'><em>ἄλλων</em></span> <span class='ocrx_word' id='word_1_43' title='bbox 1243 734 1667 801; x_wconf 87' lang='grc' dir='ltr'><em>πρωτευούσης</em></span> <span class='ocrx_word' id='word_1_44' title='bbox 1687 750 1700 764; x_wconf 94' lang='grc'><strong>·</strong></span> <span class='ocrx_word' id='word_1_45' title='bbox 1726 733 1829 787; x_wconf 80' lang='grc' dir='ltr'><strong><em>καὶ</em></strong></span> 
     </span>
    </p>
   </div>
   <div class='ocr_carea' id='block_1_9' title="bbox 244 812 1829 893">
    <p class='ocr_par' dir='ltr' id='par_1_9' title="bbox 244 812 1829 893">
     <span class='ocr_line' id='line_1_9' title="bbox 244 812 1829 893; baseline 0.01 -31"><span class='ocrx_word' id='word_1_46' title='bbox 244 813 448 879; x_wconf 54' lang='grc' dir='ltr'><em>τρίτης</em></span> <span class='ocrx_word' id='word_1_47' title='bbox 485 829 554 882; x_wconf 83' lang='grc' dir='ltr'><strong><em>γε</em></strong></span> <span class='ocrx_word' id='word_1_48' title='bbox 584 812 697 881; x_wconf 84' lang='grc' dir='ltr'><em>τῆς</em></span> <span class='ocrx_word' id='word_1_49' title='bbox 732 814 986 884; x_wconf 76' lang='grc' dir='ltr'><strong><em>μηδεμιᾷ</em></strong></span> <span class='ocrx_word' id='word_1_50' title='bbox 1012 817 1129 886; x_wconf 79' lang='grc' dir='ltr'><em>μὲν</em></span> <span class='ocrx_word' id='word_1_51' title='bbox 1163 821 1393 875; x_wconf 85' lang='grc' dir='ltr'><em>τούτων</em></span> <span class='ocrx_word' id='word_1_52' title='bbox 1430 824 1829 893; x_wconf 88' lang='grc' dir='ltr'><em>συνταττομέ-</em></span> 
     </span>
    </p>
   </div>
   <div class='ocr_carea' id='block_1_10' title="bbox 232 902 1829 984">
    <p class='ocr_par' dir='ltr' id='par_1_10' title="bbox 232 902 1829 984">
     <span class='ocr_line' id='line_1_10' title="bbox 232 902 1829 984; baseline 0.009 -29"><span class='ocrx_word' id='word_1_53' title='bbox 232 912 377 975; x_wconf 50' lang='grc' dir='ltr'><em>ξνης,</em></span> <span class='ocrx_word' id='word_1_54' title='bbox 406 903 574 957; x_wconf 73' lang='grc' dir='ltr'><em>ἀλλὰ</em></span> <span class='ocrx_word' id='word_1_55' title='bbox 595 902 671 972; x_wconf 79' lang='grc' dir='ltr'><em>τῇ</em></span> <span class='ocrx_word' id='word_1_56' title='bbox 694 904 833 973; x_wconf 82' lang='grc' dir='ltr'><em>μὲν,</em></span> <span class='ocrx_word' id='word_1_57' title='bbox 863 906 962 961; x_wconf 86' lang='grc' dir='ltr'><strong><em>διὰ</em></strong></span> <span class='ocrx_word' id='word_1_58' title='bbox 988 906 1104 976; x_wconf 81' lang='grc' dir='ltr'><strong><em>τὴν</em></strong></span> <span class='ocrx_word' id='word_1_59' title='bbox 1133 910 1329 965; x_wconf 76' lang='grc' dir='ltr'><em>αἰτίαν</em></span> <span class='ocrx_word' id='word_1_60' title='bbox 1347 929 1361 942; x_wconf 91' lang='grc'><strong>·</strong></span> <span class='ocrx_word' id='word_1_61' title='bbox 1393 912 1469 981; x_wconf 78' lang='grc' dir='ltr'><em>τῇ</em></span> <span class='ocrx_word' id='word_1_62' title='bbox 1496 912 1564 967; x_wconf 81' lang='grc' dir='ltr'><em>δὲ</em></span> <span class='ocrx_word' id='word_1_63' title='bbox 1588 914 1684 969; x_wconf 85' lang='grc' dir='ltr'><strong><em>διὰ</em></strong></span> <span class='ocrx_word' id='word_1_64' title='bbox 1714 916 1829 984; x_wconf 84' lang='grc' dir='ltr'><em>τὴν</em></span> 
     </span>
    </p>
   </div>
   <div class='ocr_carea' id='block_1_11' title="bbox 224 995 1829 1079">
    <p class='ocr_par' dir='ltr' id='par_1_11' title="bbox 224 995 1829 1079">
     <span class='ocr_line' id='line_1_11' title="bbox 224 995 1829 1079; baseline -0.01 -12"><span class='ocrx_word' id='word_1_65' title='bbox 224 995 572 1079; x_wconf 63' lang='grc' dir='ltr'><strong><em>ζένέρτειανν</em></strong></span> <span class='ocrx_word' id='word_1_66' title='bbox 597 1000 726 1053; x_wconf 67' lang='grc' dir='ltr'><strong><em>καθ’</em></strong></span> <span class='ocrx_word' id='word_1_67' title='bbox 750 997 832 1067; x_wconf 72' lang='grc' dir='ltr'><strong><em>ἣν</em></strong></span> <span class='ocrx_word' id='word_1_68' title='bbox 848 999 1115 1070; x_wconf 74' lang='grc' dir='ltr'><em>γέγονεν.</em></span> <span class='ocrx_word' id='word_1_69' title='bbox 1143 1005 1622 1076; x_wconf 81' lang='grc' dir='ltr'><em>ὑποταττομένης</em></span> <span class='ocrx_word' id='word_1_70' title='bbox 1650 1026 1663 1040; x_wconf 92' lang='grc'><strong>·</strong></span> <span class='ocrx_word' id='word_1_71' title='bbox 1682 1025 1829 1079; x_wconf 78' lang='grc' dir='ltr'><strong><em>συμ-</em></strong></span> 
     </span>
    </p>
   </div>
   <div class='ocr_carea' id='block_1_12' title="bbox 226 1078 1827 1166">
    <p class='ocr_par' dir='ltr' id='par_1_12' title="bbox 226 1078 1827 1166">
     <span class='ocr_line' id='line_1_12' title="bbox 226 1078 1827 1166; baseline 0.033 -61"><span class='ocrx_word' id='word_1_72' title='bbox 226 1078 848 1159; x_wconf 34' lang='grc' dir='ltr'><strong><em>εῑπεριλαμσανομέγων</em></strong></span> <span class='ocrx_word' id='word_1_73' title='bbox 875 1090 1108 1161; x_wconf 77' lang='grc' dir='ltr'><em>δηλαδὴ</em></span> <span class='ocrx_word' id='word_1_74' title='bbox 1136 1095 1284 1162; x_wconf 77' lang='grc' dir='ltr'><em>πρὸς</em></span> <span class='ocrx_word' id='word_1_75' title='bbox 1320 1095 1435 1165; x_wconf 71' lang='grc' dir='ltr'><em>τὴν</em></span> <span class='ocrx_word' id='word_1_76' title='bbox 1464 1098 1570 1151; x_wconf 85' lang='grc' dir='ltr'><em>τοῦ</em></span> <span class='ocrx_word' id='word_1_77' title='bbox 1604 1078 1827 1166; x_wconf 78' lang='grc' dir='ltr'><em>παντὸς</em></span> 
     </span>
    </p>
   </div>
   <div class='ocr_carea' id='block_1_13' title="bbox 236 1170 1827 1256">
    <p class='ocr_par' dir='ltr' id='par_1_13' title="bbox 236 1170 1827 1256">
     <span class='ocr_line' id='line_1_13' title="bbox 236 1170 1827 1256; baseline 0.008 -26"><span class='ocrx_word' id='word_1_78' title='bbox 236 1170 431 1246; x_wconf 46' lang='grc' dir='ltr'><em>βιότου</em></span> <span class='ocrx_word' id='word_1_79' title='bbox 461 1178 926 1248; x_wconf 69' lang='grc' dir='ltr'><strong><em>συμπλήρωσιν,</em></strong></span> <span class='ocrx_word' id='word_1_80' title='bbox 964 1182 1063 1236; x_wconf 73' lang='grc' dir='ltr'><strong><em>καὶ</em></strong></span> <span class='ocrx_word' id='word_1_81' title='bbox 1112 1184 1243 1251; x_wconf 88' lang='grc' dir='ltr'><em>ταῖς</em></span> <span class='ocrx_word' id='word_1_82' title='bbox 1286 1188 1523 1253; x_wconf 84' lang='grc' dir='ltr'><strong><em>οὐσίαις</em></strong></span> <span class='ocrx_word' id='word_1_83' title='bbox 1564 1201 1827 1256; x_wconf 85' lang='grc' dir='ltr'><em>παρεπο-</em></span> 
     </span>
    </p>
   </div>
   <div class='ocr_carea' id='block_1_14' title="bbox 242 1267 1826 1347">
    <p class='ocr_par' dir='ltr' id='par_1_14' title="bbox 242 1267 1826 1347">
     <span class='ocr_line' id='line_1_14' title="bbox 242 1267 1826 1347; baseline 0.01 -28"><span class='ocrx_word' id='word_1_84' title='bbox 242 1267 441 1337; x_wconf 78' lang='grc' dir='ltr'><em>μένων</em></span> <span class='ocrx_word' id='word_1_85' title='bbox 458 1268 792 1337; x_wconf 78' lang='grc' dir='ltr'><em>ἐνεργειῶν,</em></span> <span class='ocrx_word' id='word_1_86' title='bbox 824 1272 922 1325; x_wconf 78' lang='lat' dir='ltr'><strong><em>real</em></strong></span> <span class='ocrx_word' id='word_1_87' title='bbox 950 1271 1068 1327; x_wconf 85' lang='grc' dir='ltr'><em>τῶν</em></span> <span class='ocrx_word' id='word_1_88' title='bbox 1093 1277 1335 1343; x_wconf 81' lang='grc' dir='ltr'><strong><em>ταύταις</em></strong></span> <span class='ocrx_word' id='word_1_89' title='bbox 1364 1279 1659 1347; x_wconf 70' lang='grc' dir='ltr'><em>συμφυῶν</em></span> <span class='ocrx_word' id='word_1_90' title='bbox 1691 1281 1826 1334; x_wconf 84' lang='grc' dir='ltr'><em>ὀνο-</em></span> 
     </span>
    </p>
   </div>
   <div class='ocr_carea' id='block_1_15' title="bbox 241 1357 1826 1437">
    <p class='ocr_par' dir='ltr' id='par_1_15' title="bbox 241 1357 1826 1437">
     <span class='ocr_line' id='line_1_15' title="bbox 241 1357 1826 1437; baseline 0.009 -26"><span class='ocrx_word' id='word_1_91' title='bbox 241 1359 476 1429; x_wconf 76' lang='grc' dir='ltr'><em>μάτωνο</em></span> <span class='ocrx_word' id='word_1_92' title='bbox 507 1360 695 1415; x_wconf 70' lang='grc' dir='ltr'><em>πάλιν</em></span> <span class='ocrx_word' id='word_1_93' title='bbox 737 1360 791 1414; x_wconf 84' lang='grc' dir='ltr'><em>δ’</em></span> <span class='ocrx_word' id='word_1_94' title='bbox 823 1357 901 1418; x_wconf 74' lang='grc' dir='ltr'><em>αὖ</em></span> <span class='ocrx_word' id='word_1_95' title='bbox 935 1363 1201 1433; x_wconf 73' lang='grc' dir='ltr'><em>ἑκάστης</em></span> <span class='ocrx_word' id='word_1_96' title='bbox 1237 1368 1466 1423; x_wconf 88' lang='grc' dir='ltr'><em>τούτων</em></span> <span class='ocrx_word' id='word_1_97' title='bbox 1493 1371 1708 1437; x_wconf 85' lang='grc' dir='ltr'><em>οὐσίας</em></span> <span class='ocrx_word' id='word_1_98' title='bbox 1744 1373 1826 1425; x_wconf 85' lang='grc' dir='ltr'><em>εί·-</em></span> 
     </span>
    </p>
   </div>
   <div class='ocr_carea' id='block_1_16' title="bbox 243 1450 1828 1528">
    <p class='ocr_par' dir='ltr' id='par_1_16' title="bbox 243 1450 1828 1528">
     <span class='ocr_line' id='line_1_16' title="bbox 243 1450 1828 1528; baseline 0.008 -24"><span class='ocrx_word' id='word_1_99' title='bbox 243 1450 527 1518; x_wconf 77' lang='grc' dir='ltr'><em>λικρινῶς</em></span> <span class='ocrx_word' id='word_1_100' title='bbox 571 1450 798 1519; x_wconf 73' lang='grc' dir='ltr'><em>ἁπλῆς,</em></span> <span class='ocrx_word' id='word_1_101' title='bbox 852 1455 952 1507; x_wconf 75' lang='grc' dir='ltr'><strong><em>καὶ</em></strong></span> <span class='ocrx_word' id='word_1_102' title='bbox 982 1455 1177 1524; x_wconf 86' lang='grc' dir='ltr'><em>πάντη</em></span> <span class='ocrx_word' id='word_1_103' title='bbox 1215 1455 1359 1526; x_wconf 85' lang='grc' dir='ltr'><em>μιᾶς</em></span> <span class='ocrx_word' id='word_1_104' title='bbox 1405 1461 1597 1528; x_wconf 85' lang='grc' dir='ltr'><em>οῦσης</em></span> <span class='ocrx_word' id='word_1_105' title='bbox 1634 1478 1698 1516; x_wconf 90' lang='grc' dir='ltr'><strong><em>τε</em></strong></span> <span class='ocrx_word' id='word_1_106' title='bbox 1730 1462 1828 1516; x_wconf 80' lang='grc' dir='ltr'><strong><em>καὶ</em></strong></span> 
     </span>
    </p>
   </div>
   <div class='ocr_carea' id='block_1_17' title="bbox 243 1540 1828 1622">
    <p class='ocr_par' dir='ltr' id='par_1_17' title="bbox 243 1540 1828 1622">
     <span class='ocr_line' id='line_1_17' title="bbox 243 1540 1828 1622; baseline 0.01 -30"><span class='ocrx_word' id='word_1_107' title='bbox 243 1540 601 1609; x_wconf 71' lang='grc' dir='ltr'><strong><em>νοουμένης,</em></strong></span> <span class='ocrx_word' id='word_1_108' title='bbox 631 1540 782 1595; x_wconf 84' lang='grc' dir='ltr'><em>κατά</em></span> <span class='ocrx_word' id='word_1_109' title='bbox 803 1541 918 1611; x_wconf 84' lang='grc' dir='ltr'><em>τὴν</em></span> <span class='ocrx_word' id='word_1_110' title='bbox 940 1542 1097 1599; x_wconf 71' lang='grc' dir='ltr'><em>ἰδίαν</em></span> <span class='ocrx_word' id='word_1_111' title='bbox 1121 1546 1320 1613; x_wconf 80' lang='grc' dir='ltr'><em>ἀξίαν,</em></span> <span class='ocrx_word' id='word_1_112' title='bbox 1349 1563 1828 1622; x_wconf 72' lang='grc' dir='ltr'><em>συμπεριγραεοο-</em></span> 
     </span>
    </p>
   </div>
   <div class='ocr_carea' id='block_1_18' title="bbox 239 1628 1828 1709">
    <p class='ocr_par' dir='ltr' id='par_1_18' title="bbox 239 1628 1828 1709">
     <span class='ocr_line' id='line_1_18' title="bbox 239 1628 1828 1709; baseline 0.011 -29"><span class='ocrx_word' id='word_1_113' title='bbox 239 1628 441 1698; x_wconf 74' lang='grc' dir='ltr'><em>μένων</em></span> <span class='ocrx_word' id='word_1_114' title='bbox 492 1630 563 1683; x_wconf 79' lang='grc' dir='ltr'><em>δὲ</em></span> <span class='ocrx_word' id='word_1_115' title='bbox 602 1631 725 1698; x_wconf 80' lang='grc' dir='ltr'><em>τοῖς</em></span> <span class='ocrx_word' id='word_1_116' title='bbox 768 1630 964 1702; x_wconf 78' lang='grc' dir='ltr'><em>ἔργοις</em></span> <span class='ocrx_word' id='word_1_117' title='bbox 1014 1634 1132 1690; x_wconf 82' lang='grc' dir='ltr'><em>τῶν</em></span> <span class='ocrx_word' id='word_1_118' title='bbox 1170 1638 1504 1709; x_wconf 78' lang='grc' dir='ltr'><strong><em>ἐνεργειῶν,</em></strong></span> <span class='ocrx_word' id='word_1_119' title='bbox 1557 1643 1657 1696; x_wconf 81' lang='grc' dir='ltr'><strong><em>καὶ</em></strong></span> <span class='ocrx_word' id='word_1_120' title='bbox 1708 1641 1828 1697; x_wconf 86' lang='grc' dir='ltr'><em>τῶν</em></span> 
     </span>
    </p>
   </div>
   <div class='ocr_carea' id='block_1_19' title="bbox 242 1721 1827 1804">
    <p class='ocr_par' dir='ltr' id='par_1_19' title="bbox 242 1721 1827 1804">
     <span class='ocr_line' id='line_1_19' title="bbox 242 1721 1827 1804; baseline 0.01 -31"><span class='ocrx_word' id='word_1_121' title='bbox 242 1723 432 1791; x_wconf 78' lang='grc' dir='ltr'><em>ἔργων</em></span> <span class='ocrx_word' id='word_1_122' title='bbox 459 1722 591 1787; x_wconf 85' lang='grc' dir='ltr'><em>ταῖς</em></span> <span class='ocrx_word' id='word_1_123' title='bbox 616 1721 735 1776; x_wconf 84' lang='grc' dir='ltr'><em>τῶν</em></span> <span class='ocrx_word' id='word_1_124' title='bbox 762 1726 1184 1796; x_wconf 74' lang='grc' dir='ltr'><strong><em>ἐργασαμένων</em></strong></span> <span class='ocrx_word' id='word_1_125' title='bbox 1216 1731 1540 1801; x_wconf 70' lang='grc' dir='ltr'><em>ἐνεργείαις</em></span> <span class='ocrx_word' id='word_1_126' title='bbox 1568 1749 1827 1804; x_wconf 83' lang='grc' dir='ltr'><em>παραμε-</em></span> 
     </span>
    </p>
   </div>
   <div class='ocr_carea' id='block_1_20' title="bbox 242 1795 1898 1892">
    <p class='ocr_par' dir='ltr' id='par_1_20' title="bbox 242 1795 1898 1892">
     <span class='ocr_line' id='line_1_20' title="bbox 242 1795 1898 1892; baseline 0.007 -24"><span class='ocrx_word' id='word_1_127' title='bbox 242 1815 586 1882; x_wconf 79' lang='grc' dir='ltr'><em>τρουμένων</em></span> <span class='ocrx_word' id='word_1_128' title='bbox 602 1832 617 1846; x_wconf 68' lang='grc' dir='ltr'><strong><em>ο</em></strong></span> <span class='ocrx_word' id='word_1_129' title='bbox 644 1816 876 1887; x_wconf 78' lang='grc' dir='ltr'><em>ἀνάγκη</em></span> <span class='ocrx_word' id='word_1_130' title='bbox 894 1795 1102 1884; x_wconf 72' lang='grc' dir='ltr'><em>’δήπου</em></span> <span class='ocrx_word' id='word_1_131' title='bbox 1124 1795 1437 1887; x_wconf 47' lang='grc' dir='ltr'><em>πᾶσαξτιίς</em></span> <span class='ocrx_word' id='word_1_132' title='bbox 1462 1795 1690 1892; x_wconf 65' lang='grc' dir='ltr'><em>ἐλιάστῇ</em></span> <span class='ocrx_word' id='word_1_133' title='bbox 1854 1795 1898 1850; x_wconf 74' lang='grc' dir='ltr'>Β</span> 
     </span>
    </p>
   </div>
   <div class='ocr_carea' id='block_1_21' title="bbox 206 1904 1824 1985">
    <p class='ocr_par' dir='ltr' id='par_1_21' title="bbox 206 1904 1824 1985">
     <span class='ocr_line' id='line_1_21' title="bbox 206 1904 1824 1985; baseline 0.01 -32"><span class='ocrx_word' id='word_1_134' title='bbox 206 1918 217 1953; x_wconf 78' lang='grc' dir='ltr'><strong><em>ι</em></strong></span> <span class='ocrx_word' id='word_1_135' title='bbox 243 1904 474 1960; x_wconf 82' lang='grc' dir='ltr'><em>οὐσιῶν</em></span> <span class='ocrx_word' id='word_1_136' title='bbox 506 1905 805 1976; x_wconf 84' lang='grc' dir='ltr'><em>ἑπομένας</em></span> <span class='ocrx_word' id='word_1_137' title='bbox 824 1907 1145 1978; x_wconf 74' lang='grc' dir='ltr'><em>ἐνεργείας,</em></span> <span class='ocrx_word' id='word_1_138' title='bbox 1162 1910 1454 1978; x_wconf 76' lang='grc' dir='ltr'><em>ἐλάττους</em></span> <span class='ocrx_word' id='word_1_139' title='bbox 1482 1929 1546 1967; x_wconf 85' lang='grc' dir='ltr'><strong><em>τε</em></strong></span> <span class='ocrx_word' id='word_1_140' title='bbox 1575 1916 1673 1968; x_wconf 77' lang='grc' dir='ltr'><strong><em>καὶ</em></strong></span> <span class='ocrx_word' id='word_1_141' title='bbox 1693 1915 1824 1985; x_wconf 88' lang='grc' dir='ltr'><em>μεί-</em></span> 
     </span>
    </p>
   </div>
   <div class='ocr_carea' id='block_1_22' title="bbox 242 1996 1867 2075">
    <p class='ocr_par' dir='ltr' id='par_1_22' title="bbox 242 1996 1867 2075">
     <span class='ocr_line' id='line_1_22' title="bbox 242 1996 1867 2075; baseline 0.007 -26"><span class='ocrx_word' id='word_1_142' title='bbox 242 1996 380 2062; x_wconf 78' lang='grc' dir='ltr'><em>ζους</em></span> <span class='ocrx_word' id='word_1_143' title='bbox 410 1997 585 2059; x_wconf 78' lang='grc' dir='ltr'><em>εἶναι,</em></span> <span class='ocrx_word' id='word_1_144' title='bbox 614 1997 712 2052; x_wconf 71' lang='grc' dir='ltr'><strong><em>καὶ</em></strong></span> <span class='ocrx_word' id='word_1_145' title='bbox 739 1998 847 2065; x_wconf 88' lang='grc' dir='ltr'><strong><em>τὰς</em></strong></span> <span class='ocrx_word' id='word_1_146' title='bbox 867 1999 983 2068; x_wconf 86' lang='grc' dir='ltr'><em>μὲν</em></span> <span class='ocrx_word' id='word_1_147' title='bbox 1009 1999 1267 2069; x_wconf 81' lang='grc' dir='ltr'><em>πρώτην,</em></span> <span class='ocrx_word' id='word_1_148' title='bbox 1307 2002 1416 2070; x_wconf 85' lang='grc' dir='ltr'><strong><em>τὰς</em></strong></span> <span class='ocrx_word' id='word_1_149' title='bbox 1445 2004 1515 2058; x_wconf 85' lang='grc' dir='ltr'><em>δὲ</em></span> <span class='ocrx_word' id='word_1_150' title='bbox 1537 2004 1826 2075; x_wconf 83' lang='grc' dir='ltr'><strong><em>δευτέραν</em></strong></span> <span class='ocrx_word' id='word_1_151' title='bbox 1863 1996 1867 2000; x_wconf 62' lang='grc'><em>’</em></span> 
     </span>
    </p>
   </div>
   <div class='ocr_carea' id='block_1_23' title="bbox 241 2088 1826 2166">
    <p class='ocr_par' dir='ltr' id='par_1_23' title="bbox 241 2088 1826 2166">
     <span class='ocr_line' id='line_1_23' title="bbox 241 2088 1826 2166; baseline 0.007 -26"><span class='ocrx_word' id='word_1_152' title='bbox 241 2088 421 2153; x_wconf 78' lang='grc' dir='ltr'><em>τάξιν</em></span> <span class='ocrx_word' id='word_1_153' title='bbox 442 2088 703 2158; x_wconf 79' lang='grc' dir='ltr'><strong><em>ἐπέχειν.</em></strong></span> <span class='ocrx_word' id='word_1_154' title='bbox 731 2091 1008 2158; x_wconf 78' lang='grc' dir='ltr'><em>Συνόλως</em></span> <span class='ocrx_word' id='word_1_155' title='bbox 1038 2109 1103 2146; x_wconf 84' lang='grc' dir='ltr'><strong><em>τε</em></strong></span> <span class='ocrx_word' id='word_1_156' title='bbox 1129 2092 1500 2160; x_wconf 80' lang='grc' dir='ltr'><em>είπεῖν,πρὸς</em></span> <span class='ocrx_word' id='word_1_157' title='bbox 1522 2098 1826 2166; x_wconf 79' lang='grc' dir='ltr'><em>τοσαύτην</em></span> 
     </span>
    </p>
   </div>
   <div class='ocr_carea' id='block_1_24' title="bbox 239 2178 1823 2254">
    <p class='ocr_par' dir='ltr' id='par_1_24' title="bbox 239 2178 1823 2254">
     <span class='ocr_line' id='line_1_24' title="bbox 239 2178 1823 2254; baseline 0.006 -23"><span class='ocrx_word' id='word_1_158' title='bbox 239 2178 613 2243; x_wconf 80' lang='grc' dir='ltr'><em>ἐξικνεῖσθαι</em></span> <span class='ocrx_word' id='word_1_159' title='bbox 635 2179 945 2249; x_wconf 75' lang='grc' dir='ltr'><em>διαφορὰν,</em></span> <span class='ocrx_word' id='word_1_160' title='bbox 971 2181 1121 2249; x_wconf 83' lang='grc' dir='ltr'><em>πρὸς</em></span> <span class='ocrx_word' id='word_1_161' title='bbox 1141 2184 1383 2250; x_wconf 79' lang='grc' dir='ltr'><em>ὁπόσην</em></span> <span class='ocrx_word' id='word_1_162' title='bbox 1412 2182 1490 2237; x_wconf 82' lang='grc' dir='ltr'><em>ἂν</em></span> <span class='ocrx_word' id='word_1_163' title='bbox 1515 2183 1823 2254; x_wconf 80' lang='grc' dir='ltr'><em>ἐξικνῆται</em></span> 
     </span>
    </p>
   </div>
   <div class='ocr_carea' id='block_1_25' title="bbox 241 2270 1826 2346">
    <p class='ocr_par' dir='ltr' id='par_1_25' title="bbox 241 2270 1826 2346">
     <span class='ocr_line' id='line_1_25' title="bbox 241 2270 1826 2346; baseline 0.004 -23"><span class='ocrx_word' id='word_1_164' title='bbox 241 2271 306 2325; x_wconf 79' lang='grc' dir='ltr'><em>τὰ</em></span> <span class='ocrx_word' id='word_1_165' title='bbox 334 2272 519 2339; x_wconf 66' lang='grc' dir='ltr'><em>ἔργα*</em></span> <span class='ocrx_word' id='word_1_166' title='bbox 551 2270 681 2324; x_wconf 76' lang='grc' dir='ltr'><em>ἐπεὶ</em></span> <span class='ocrx_word' id='word_1_167' title='bbox 706 2270 865 2340; x_wconf 81' lang='grc' dir='ltr'><em>μηδὲ</em></span> <span class='ocrx_word' id='word_1_168' title='bbox 897 2271 1132 2342; x_wconf 88' lang='grc' dir='ltr'><em>θεμιτὸν</em></span> <span class='ocrx_word' id='word_1_169' title='bbox 1157 2272 1272 2343; x_wconf 78' lang='grc' dir='ltr'><em>τὴν</em></span> <span class='ocrx_word' id='word_1_170' title='bbox 1302 2272 1496 2343; x_wconf 83' lang='grc' dir='ltr'><em>αὐτὴν</em></span> <span class='ocrx_word' id='word_1_171' title='bbox 1522 2275 1826 2346; x_wconf 78' lang='grc' dir='ltr'><em>ἐνέργειαν</em></span> 
     </span>
    </p>
   </div>
   <div class='ocr_carea' id='block_1_26' title="bbox 239 2360 1823 2436">
    <p class='ocr_par' dir='ltr' id='par_1_26' title="bbox 239 2360 1823 2436">
     <span class='ocr_line' id='line_1_26' title="bbox 239 2360 1823 2436; baseline 0.004 -21"><span class='ocrx_word' id='word_1_172' title='bbox 239 2361 454 2427; x_wconf 79' lang='grc' dir='ltr'><em>είπεῐν,</em></span> <span class='ocrx_word' id='word_1_173' title='bbox 486 2364 616 2415; x_wconf 81' lang='grc' dir='ltr'><strong><em>καθ’</em></strong></span> <span class='ocrx_word' id='word_1_174' title='bbox 655 2360 736 2430; x_wconf 78' lang='grc' dir='ltr'><em>ἢν</em></span> <span class='ocrx_word' id='word_1_175' title='bbox 766 2363 908 2429; x_wconf 81' lang='grc' dir='ltr'><em>τοὺς</em></span> <span class='ocrx_word' id='word_1_176' title='bbox 937 2365 1233 2434; x_wconf 75' lang='grc' dir='ltr'><em>ἀγγέλους</em></span> <span class='ocrx_word' id='word_1_177' title='bbox 1260 2366 1569 2434; x_wconf 77' lang='grc' dir='ltr'><em>ἐποίησεν,</em></span> <span class='ocrx_word' id='word_1_178' title='bbox 1602 2367 1640 2436; x_wconf 79' lang='grc' dir='ltr'><strong><em>ἣ</em></strong></span> <span class='ocrx_word' id='word_1_179' title='bbox 1681 2368 1823 2434; x_wconf 84' lang='grc' dir='ltr'><em>τοὺς</em></span> 
     </span>
    </p>
   </div>
   <div class='ocr_carea' id='block_1_27' title="bbox 239 2448 1822 2523">
    <p class='ocr_par' dir='ltr' id='par_1_27' title="bbox 239 2448 1822 2523">
     <span class='ocr_line' id='line_1_27' title="bbox 239 2448 1822 2523; baseline 0.004 -19"><span class='ocrx_word' id='word_1_180' title='bbox 239 2448 503 2518; x_wconf 82' lang='grc' dir='ltr'><em>ἀστέρας</em></span> <span class='ocrx_word' id='word_1_181' title='bbox 544 2450 646 2504; x_wconf 72' lang='grc' dir='ltr'><strong><em>καὶ</em></strong></span> <span class='ocrx_word' id='word_1_182' title='bbox 684 2451 791 2505; x_wconf 86' lang='grc' dir='ltr'><em>τὸν</em></span> <span class='ocrx_word' id='word_1_183' title='bbox 820 2451 1096 2520; x_wconf 83' lang='grc' dir='ltr'><em>οὐρανὸν,</em></span> <span class='ocrx_word' id='word_1_184' title='bbox 1124 2452 1163 2523; x_wconf 79' lang='grc' dir='ltr'><strong>ἢ</strong></span> <span class='ocrx_word' id='word_1_185' title='bbox 1190 2452 1296 2507; x_wconf 85' lang='grc' dir='ltr'><em>τὸν</em></span> <span class='ocrx_word' id='word_1_186' title='bbox 1320 2453 1655 2522; x_wconf 78' lang='grc' dir='ltr'><em>ἄνθρωπον,</em></span> <span class='ocrx_word' id='word_1_187' title='bbox 1685 2457 1822 2510; x_wconf 76' lang='grc' dir='ltr'><em>ἀλλ’</em></span> 
     </span>
    </p>
   </div>
   <div class='ocr_carea' id='block_1_28' title="bbox 239 2539 1822 2618">
    <p class='ocr_par' dir='ltr' id='par_1_28' title="bbox 239 2539 1822 2618">
     <span class='ocr_line' id='line_1_28' title="bbox 239 2539 1822 2618; baseline 0.005 -25"><span class='ocrx_word' id='word_1_188' title='bbox 239 2539 369 2607; x_wconf 73' lang='grc' dir='ltr'><strong><em>ὅσῳ</em></strong></span> <span class='ocrx_word' id='word_1_189' title='bbox 408 2539 482 2593; x_wconf 88' lang='grc' dir='ltr'><strong><em>τὰ</em></strong></span> <span class='ocrx_word' id='word_1_190' title='bbox 521 2542 668 2611; x_wconf 73' lang='grc' dir='ltr'><em>ἔργα</em></span> <span class='ocrx_word' id='word_1_191' title='bbox 704 2540 822 2596; x_wconf 86' lang='grc' dir='ltr'><em>τῶν</em></span> <span class='ocrx_word' id='word_1_192' title='bbox 851 2542 1040 2612; x_wconf 71' lang='grc' dir='ltr'><em>ἔργων</em></span> <span class='ocrx_word' id='word_1_193' title='bbox 1079 2545 1447 2614; x_wconf 87' lang='grc' dir='ltr'><em>πρεσϐύτερα</em></span> <span class='ocrx_word' id='word_1_194' title='bbox 1486 2546 1583 2601; x_wconf 72' lang='grc' dir='ltr'><strong><em>καὶ</em></strong></span> <span class='ocrx_word' id='word_1_195' title='bbox 1627 2549 1822 2618; x_wconf 81' lang='grc' dir='ltr'><em>τιμιώ-</em></span> 
     </span>
    </p>
   </div>
   <div class='ocr_carea' id='block_1_29' title="bbox 236 2629 1823 2706">
    <p class='ocr_par' dir='ltr' id='par_1_29' title="bbox 236 2629 1823 2706">
     <span class='ocr_line' id='line_1_29' title="bbox 236 2629 1823 2706; baseline 0.006 -25"><span class='ocrx_word' id='word_1_196' title='bbox 236 2646 407 2698; x_wconf 76' lang='grc' dir='ltr'><em>τερα,</em></span> <span class='ocrx_word' id='word_1_197' title='bbox 442 2631 711 2696; x_wconf 85' lang='grc' dir='ltr'><em>τοσούτῳ</em></span> <span class='ocrx_word' id='word_1_198' title='bbox 741 2629 839 2683; x_wconf 78' lang='grc' dir='ltr'><strong><em>καὶ</em></strong></span> <span class='ocrx_word' id='word_1_199' title='bbox 880 2630 997 2699; x_wconf 79' lang='grc' dir='ltr'><em>τὴν</em></span> <span class='ocrx_word' id='word_1_200' title='bbox 1038 2631 1343 2702; x_wconf 75' lang='grc' dir='ltr'><em>ἐνέργειαν</em></span> <span class='ocrx_word' id='word_1_201' title='bbox 1382 2632 1495 2704; x_wconf 81' lang='grc' dir='ltr'><em>τῆς</em></span> <span class='ocrx_word' id='word_1_202' title='bbox 1522 2634 1823 2706; x_wconf 74' lang='grc' dir='ltr'><em>ἐνεργείας</em></span> 
     </span>
    </p>
   </div>
   <div class='ocr_carea' id='block_1_30' title="bbox 239 2720 1818 2797">
    <p class='ocr_par' dir='ltr' id='par_1_30' title="bbox 239 2720 1818 2797">
     <span class='ocr_line' id='line_1_30' title="bbox 239 2720 1818 2797; baseline 0.005 -23"><span class='ocrx_word' id='word_1_203' title='bbox 239 2720 677 2789; x_wconf 75' lang='grc' dir='ltr'><em>ἀναϐεϐηκέναι</em></span> <span class='ocrx_word' id='word_1_204' title='bbox 696 2722 846 2791; x_wconf 71' lang='grc' dir='ltr'><em>φαίη</em></span> <span class='ocrx_word' id='word_1_205' title='bbox 867 2721 945 2775; x_wconf 80' lang='grc' dir='ltr'><strong><em>ἀν</em></strong></span> <span class='ocrx_word' id='word_1_206' title='bbox 967 2738 1056 2788; x_wconf 83' lang='grc' dir='ltr'><strong><em>τις</em></strong></span> <span class='ocrx_word' id='word_1_207' title='bbox 1082 2722 1344 2790; x_wconf 85' lang='grc' dir='ltr'><em>εὐσεϐῶς</em></span> <span class='ocrx_word' id='word_1_208' title='bbox 1363 2724 1789 2797; x_wconf 78' lang='grc' dir='ltr'><em>διανοούμενος</em></span> <span class='ocrx_word' id='word_1_209' title='bbox 1806 2745 1818 2758; x_wconf 88' lang='grc'><strong>·</strong></span> 
     </span>
    </p>
   </div>
   <div class='ocr_carea' id='block_1_31' title="bbox 237 2811 1823 2888">
    <p class='ocr_par' dir='ltr' id='par_1_31' title="bbox 237 2811 1823 2888">
     <span class='ocr_line' id='line_1_31' title="bbox 237 2811 1823 2888; baseline 0.005 -21"><span class='ocrx_word' id='word_1_210' title='bbox 237 2811 339 2867; x_wconf 83' lang='grc' dir='ltr'><em>ἅτε</em></span> <span class='ocrx_word' id='word_1_211' title='bbox 363 2812 450 2881; x_wconf 76' lang='grc' dir='ltr'><em>δὴ</em></span> <span class='ocrx_word' id='word_1_212' title='bbox 480 2812 602 2866; x_wconf 87' lang='grc' dir='ltr'><em>τῶν</em></span> <span class='ocrx_word' id='word_1_213' title='bbox 625 2811 822 2867; x_wconf 78' lang='grc' dir='ltr'><em>αὐτῶν</em></span> <span class='ocrx_word' id='word_1_214' title='bbox 847 2812 1177 2884; x_wconf 86' lang='grc' dir='ltr'><em>ἐνεργειῶν.</em></span> <span class='ocrx_word' id='word_1_215' title='bbox 1207 2817 1322 2885; x_wconf 80' lang='grc' dir='ltr'><em>τὴν</em></span> <span class='ocrx_word' id='word_1_216' title='bbox 1346 2818 1681 2888; x_wconf 84' lang='grc' dir='ltr'><em>ταυτότητα</em></span> <span class='ocrx_word' id='word_1_217' title='bbox 1704 2819 1823 2875; x_wconf 85' lang='grc' dir='ltr'><em>τῶν</em></span> 
     </span>
    </p>
   </div>
   <div class='ocr_carea' id='block_1_32' title="bbox 234 2904 1823 2983">
    <p class='ocr_par' dir='ltr' id='par_1_32' title="bbox 234 2904 1823 2983">
     <span class='ocr_line' id='line_1_32' title="bbox 234 2904 1823 2983; baseline 0.009 -28"><span class='ocrx_word' id='word_1_218' title='bbox 234 2905 433 2973; x_wconf 71' lang='grc' dir='ltr'><em>ἔργων</em></span> <span class='ocrx_word' id='word_1_219' title='bbox 480 2904 934 2972; x_wconf 69' lang='grc' dir='ltr'><em>ἀποτελουσῶν,</em></span> <span class='ocrx_word' id='word_1_220' title='bbox 980 2907 1079 2961; x_wconf 77' lang='grc' dir='ltr'><strong><em>καὶ</em></strong></span> <span class='ocrx_word' id='word_1_221' title='bbox 1134 2906 1253 2962; x_wconf 85' lang='grc' dir='ltr'><em>τῶν</em></span> <span class='ocrx_word' id='word_1_222' title='bbox 1305 2913 1823 2983; x_wconf 75' lang='grc' dir='ltr'><em>παρηλλαγμένων</em></span> 
     </span>
    </p>
   </div>
   <div class='ocr_carea' id='block_1_33' title="bbox 234 2992 1819 3074">
    <p class='ocr_par' dir='ltr' id='par_1_33' title="bbox 234 2992 1819 3074">
     <span class='ocr_line' id='line_1_33' title="bbox 234 2992 1819 3074; baseline 0.01 -30"><span class='ocrx_word' id='word_1_223' title='bbox 234 2992 436 3064; x_wconf 77' lang='grc' dir='ltr'><em>ἔργων</em></span> <span class='ocrx_word' id='word_1_224' title='bbox 476 2995 983 3064; x_wconf 73' lang='grc' dir='ltr'><em>παρηλλαγμένας</em></span> <span class='ocrx_word' id='word_1_225' title='bbox 1014 2997 1123 3064; x_wconf 82' lang='grc' dir='ltr'><em>τὰς</em></span> <span class='ocrx_word' id='word_1_226' title='bbox 1160 2998 1463 3069; x_wconf 82' lang='grc' dir='ltr'><em>ἐνεργείας</em></span> <span class='ocrx_word' id='word_1_227' title='bbox 1501 3003 1819 3074; x_wconf 71' lang='grc' dir='ltr'><em>ἐμφαινόν-</em></span> 
     </span>
    </p>
   </div>
   <div class='ocr_carea' id='block_1_34' title="bbox 236 3084 1897 3193">
    <p class='ocr_par' dir='ltr' id='par_1_34' title="bbox 236 3084 1897 3193">
     <span class='ocr_line' id='line_1_34' title="bbox 236 3084 1897 3193; baseline 0.007 -56"><span class='ocrx_word' id='word_1_228' title='bbox 236 3102 377 3140; x_wconf 83' lang='grc' dir='ltr'><em>των.</em></span> <span class='ocrx_word' id='word_1_229' title='bbox 415 3084 586 3193; x_wconf 61' lang='grc' dir='ltr'><em>Οὕτω</em></span> <span class='ocrx_word' id='word_1_230' title='bbox 618 3084 686 3138; x_wconf 85' lang='grc' dir='ltr'><em>δὲ</em></span> <span class='ocrx_word' id='word_1_231' title='bbox 723 3087 949 3193; x_wconf 71' lang='grc' dir='ltr'><em>τούτων</em></span> <span class='ocrx_word' id='word_1_232' title='bbox 969 3087 1252 3158; x_wconf 81' lang='grc' dir='ltr'><em>ἐχόντων,</em></span> <span class='ocrx_word' id='word_1_233' title='bbox 1295 3093 1392 3146; x_wconf 81' lang='grc' dir='ltr'><strong><em>καὶ</em></strong></span> <span class='ocrx_word' id='word_1_234' title='bbox 1436 3093 1511 3163; x_wconf 78' lang='grc' dir='ltr'><em>τῇ</em></span> <span class='ocrx_word' id='word_1_235' title='bbox 1537 3096 1688 3165; x_wconf 84' lang='grc' dir='ltr'><em>πρὸς</em></span> <span class='ocrx_word' id='word_1_236' title='bbox 1712 3098 1820 3153; x_wconf 74' lang='grc' dir='ltr'><strong><em>ἀλ-</em></strong></span> <span class='ocrx_word' id='word_1_237' title='bbox 1851 3130 1897 3193; x_wconf 76' lang='lat' dir='ltr'><strong>c</strong></span> 
     </span>
    </p>
   </div>
   <div class='ocr_carea' id='block_1_35' title="bbox 233 3173 1824 3255">
    <p class='ocr_par' dir='ltr' id='par_1_35' title="bbox 233 3173 1824 3255">
     <span class='ocr_line' id='line_1_35' title="bbox 233 3173 1824 3255; baseline 0.001 -27"><span class='ocrx_word' id='word_1_238' title='bbox 233 3177 403 3242; x_wconf 67' lang='grc' dir='ltr'><em>,ἰηλα</em></span> <span class='ocrx_word' id='word_1_239' title='bbox 429 3173 648 3245; x_wconf 82' lang='grc' dir='ltr'><em>σχέσει</em></span> <span class='ocrx_word' id='word_1_240' title='bbox 690 3176 797 3231; x_wconf 79' lang='grc' dir='ltr'><em>τὸν</em></span> <span class='ocrx_word' id='word_1_241' title='bbox 826 3179 1029 3248; x_wconf 83' lang='grc' dir='ltr'><em>εἱρμὸν</em></span> <span class='ocrx_word' id='word_1_242' title='bbox 1050 3181 1433 3250; x_wconf 80' lang='grc' dir='ltr'><em>ἀπαράϐατον</em></span> <span class='ocrx_word' id='word_1_243' title='bbox 1471 3185 1824 3255; x_wconf 75' lang='grc' dir='ltr'><em>διατηρούν..</em></span> 
     </span>
    </p>
   </div>
   <div class='ocr_carea' id='block_1_36' title="bbox 235 3267 1827 3348">
    <p class='ocr_par' dir='ltr' id='par_1_36' title="bbox 235 3267 1827 3348">
     <span class='ocr_line' id='line_1_36' title="bbox 235 3267 1827 3348; baseline 0.011 -30"><span class='ocrx_word' id='word_1_244' title='bbox 235 3283 359 3319; x_wconf 72' lang='grc' dir='ltr'><strong><em>των</em></strong></span> <span class='ocrx_word' id='word_1_245' title='bbox 377 3285 391 3296; x_wconf 77' lang='grc' dir='ltr'><strong>ο</strong></span> <span class='ocrx_word' id='word_1_246' title='bbox 414 3267 717 3335; x_wconf 68' lang='grc' dir='ltr'><em>προσήκει</em></span> <span class='ocrx_word' id='word_1_247' title='bbox 737 3267 933 3335; x_wconf 78' lang='grc' dir='ltr'><em>δήπου</em></span> <span class='ocrx_word' id='word_1_248' title='bbox 961 3269 1085 3336; x_wconf 83' lang='grc' dir='ltr'><em>τοῖς</em></span> <span class='ocrx_word' id='word_1_249' title='bbox 1113 3273 1264 3328; x_wconf 80' lang='grc' dir='ltr'><em>κατὰ</em></span> <span class='ocrx_word' id='word_1_250' title='bbox 1289 3274 1406 3343; x_wconf 82' lang='grc' dir='ltr'><em>τὴν</em></span> <span class='ocrx_word' id='word_1_251' title='bbox 1424 3278 1678 3348; x_wconf 72' lang='grc' dir='ltr'><em>συμφυῆ</em></span> <span class='ocrx_word' id='word_1_252' title='bbox 1703 3281 1827 3345; x_wconf 84' lang='grc' dir='ltr'><em>τοῖς</em></span> 
     </span>
    </p>
   </div>
   <div class='ocr_carea' id='block_1_37' title="bbox 236 3356 1873 3437">
    <p class='ocr_par' dir='ltr' id='par_1_37' title="bbox 236 3356 1873 3437">
     <span class='ocr_line' id='line_1_37' title="bbox 236 3356 1873 3437; baseline 0.01 -28"><span class='ocrx_word' id='word_1_253' title='bbox 236 3358 556 3428; x_wconf 72' lang='grc' dir='ltr'><em>πράγμασι</em></span> <span class='ocrx_word' id='word_1_254' title='bbox 602 3357 774 3423; x_wconf 74' lang='grc' dir='ltr'><em>τάξιν</em></span> <span class='ocrx_word' id='word_1_255' title='bbox 804 3360 920 3428; x_wconf 79' lang='grc' dir='ltr'><em>τὴν</em></span> <span class='ocrx_word' id='word_1_256' title='bbox 962 3360 1245 3426; x_wconf 78' lang='grc' dir='ltr'><em>ἐξέτασιν</em></span> <span class='ocrx_word' id='word_1_257' title='bbox 1292 3368 1692 3437; x_wconf 79' lang='grc' dir='ltr'><em>ποιουμένοις,</em></span> <span class='ocrx_word' id='word_1_258' title='bbox 1727 3370 1826 3425; x_wconf 72' lang='grc' dir='ltr'><strong><em>καὶ</em></strong></span> <span class='ocrx_word' id='word_1_259' title='bbox 1868 3356 1873 3362; x_wconf 50' lang='grc'><strong>’</strong></span> 
     </span>
    </p>
   </div>
   <div class='ocr_carea' id='block_1_38' title="bbox 232 3450 1823 3531">
    <p class='ocr_par' dir='ltr' id='par_1_38' title="bbox 232 3450 1823 3531">
     <span class='ocr_line' id='line_1_38' title="bbox 232 3450 1823 3531; baseline 0.01 -30"><span class='ocrx_word' id='word_1_260' title='bbox 232 3450 322 3518; x_wconf 75' lang='grc' dir='ltr'><em>μὴ</em></span> <span class='ocrx_word' id='word_1_261' title='bbox 363 3452 583 3519; x_wconf 65' lang='grc' dir='ltr'><em>φύρειν</em></span> <span class='ocrx_word' id='word_1_262' title='bbox 612 3450 759 3519; x_wconf 82' lang='grc' dir='ltr'><em>ὁμοῦ</em></span> <span class='ocrx_word' id='word_1_263' title='bbox 791 3451 1009 3519; x_wconf 86' lang='grc' dir='ltr'><em>πάντα,</em></span> <span class='ocrx_word' id='word_1_264' title='bbox 1037 3454 1135 3508; x_wconf 74' lang='grc' dir='ltr'><strong><em>καὶ</em></strong></span> <span class='ocrx_word' id='word_1_265' title='bbox 1159 3458 1414 3526; x_wconf 81' lang='grc' dir='ltr'><em>συγχεῖν</em></span> <span class='ocrx_word' id='word_1_266' title='bbox 1427 3458 1823 3531; x_wconf 55' lang='grc' dir='ltr'><em>βιαζομένοις</em></span> 
     </span>
    </p>
   </div>
   <div class='ocr_carea' id='block_1_39' title="bbox 236 3540 1824 3620">
    <p class='ocr_par' dir='ltr' id='par_1_39' title="bbox 236 3540 1824 3620">
     <span class='ocr_line' id='line_1_39' title="bbox 236 3540 1824 3620; baseline 0.011 -28"><span class='ocrx_word' id='word_1_267' title='bbox 236 3542 291 3593; x_wconf 83' lang='grc' dir='ltr'><strong><em>ει</em></strong></span> <span class='ocrx_word' id='word_1_268' title='bbox 314 3540 436 3609; x_wconf 83' lang='grc' dir='ltr'><em>μὲν</em></span> <span class='ocrx_word' id='word_1_269' title='bbox 457 3541 595 3613; x_wconf 71' lang='grc' dir='ltr'><em>περὶ</em></span> <span class='ocrx_word' id='word_1_270' title='bbox 628 3540 731 3609; x_wconf 81' lang='grc' dir='ltr'><em>τῆς</em></span> <span class='ocrx_word' id='word_1_271' title='bbox 759 3544 974 3610; x_wconf 82' lang='grc' dir='ltr'><em>οὐσίας</em></span> <span class='ocrx_word' id='word_1_272' title='bbox 999 3547 1222 3601; x_wconf 83' lang='grc' dir='ltr'><em>κινοῖτο</em></span> <span class='ocrx_word' id='word_1_273' title='bbox 1252 3550 1719 3620; x_wconf 66' lang='grc' dir='ltr'><em>ἀμφισϐήτησις,</em></span> <span class='ocrx_word' id='word_1_274' title='bbox 1755 3555 1824 3609; x_wconf 80' lang='grc' dir='ltr'><strong><em>ἐκ</em></strong></span> 
     </span>
    </p>
   </div>
   <div class='ocr_carea' id='block_1_40' title="bbox 235 3631 1826 3713">
    <p class='ocr_par' dir='ltr' id='par_1_40' title="bbox 235 3631 1826 3713">
     <span class='ocr_line' id='line_1_40' title="bbox 235 3631 1826 3713; baseline 0.009 -28"><span class='ocrx_word' id='word_1_275' title='bbox 235 3631 366 3686; x_wconf 81' lang='grc' dir='ltr'><em>τῶν</em></span> <span class='ocrx_word' id='word_1_276' title='bbox 407 3633 661 3701; x_wconf 76' lang='grc' dir='ltr'><em>πρώτων</em></span> <span class='ocrx_word' id='word_1_277' title='bbox 702 3633 802 3687; x_wconf 81' lang='grc' dir='ltr'><strong><em>καὶ</em></strong></span> <span class='ocrx_word' id='word_1_278' title='bbox 844 3636 1159 3707; x_wconf 84' lang='grc' dir='ltr'><em>προσεχῶν</em></span> <span class='ocrx_word' id='word_1_279' title='bbox 1205 3639 1336 3707; x_wconf 87' lang='grc' dir='ltr'><em>ταῖς</em></span> <span class='ocrx_word' id='word_1_280' title='bbox 1379 3643 1616 3709; x_wconf 85' lang='grc' dir='ltr'><em>οὐσίαις</em></span> <span class='ocrx_word' id='word_1_281' title='bbox 1662 3645 1826 3713; x_wconf 76' lang='grc' dir='ltr'><em>ἐνερ-</em></span> 
     </span>
    </p>
   </div>
   <div class='ocr_carea' id='block_1_41' title="bbox 239 3723 1828 3801">
    <p class='ocr_par' dir='ltr' id='par_1_41' title="bbox 239 3723 1828 3801">
     <span class='ocr_line' id='line_1_41' title="bbox 239 3723 1828 3801; baseline 0.009 -26"><span class='ocrx_word' id='word_1_282' title='bbox 239 3723 424 3793; x_wconf 81' lang='grc' dir='ltr'><em>γειῶν</em></span> <span class='ocrx_word' id='word_1_283' title='bbox 439 3723 738 3779; x_wconf 79' lang='grc' dir='ltr'><em>ποιεῖσθαι</em></span> <span class='ocrx_word' id='word_1_284' title='bbox 764 3724 882 3780; x_wconf 86' lang='grc' dir='ltr'><em>τῶν</em></span> <span class='ocrx_word' id='word_1_285' title='bbox 909 3727 1313 3799; x_wconf 80' lang='grc' dir='ltr'><em>δεικνυμένων</em></span> <span class='ocrx_word' id='word_1_286' title='bbox 1332 3732 1448 3801; x_wconf 83' lang='grc' dir='ltr'><em>τὴν</em></span> <span class='ocrx_word' id='word_1_287' title='bbox 1474 3734 1703 3799; x_wconf 88' lang='grc' dir='ltr'><em>πίστιν,</em></span> <span class='ocrx_word' id='word_1_288' title='bbox 1728 3736 1828 3791; x_wconf 74' lang='grc' dir='ltr'><strong><em>καὶ</em></strong></span> 
     </span>
    </p>
   </div>
   <div class='ocr_carea' id='block_1_42' title="bbox 1928 554 3498 631">
    <p class='ocr_par' dir='ltr' id='par_1_42' title="bbox 1928 554 3498 631">
     <span class='ocr_line' id='line_1_42' title="bbox 1928 554 3498 631; baseline 0.008 -26"><span class='ocrx_word' id='word_1_289' title='bbox 1928 554 2202 622; x_wconf 82' lang='lat' dir='ltr'><strong><em>perﬁcitur</em></strong></span> <span class='ocrx_word' id='word_1_290' title='bbox 2235 569 2300 607; x_wconf 83' lang='lat' dir='ltr'><strong><em>ea:</em></strong></span> <span class='ocrx_word' id='word_1_291' title='bbox 2336 570 2581 625; x_wconf 89' lang='lat' dir='ltr'><strong><em>suprema</em></strong></span> <span class='ocrx_word' id='word_1_292' title='bbox 2610 565 2662 609; x_wconf 92' lang='lat' dir='ltr'><strong><em>et</em></strong></span> <span class='ocrx_word' id='word_1_293' title='bbox 2693 559 2921 615; x_wconf 77' lang='lat' dir='ltr'><strong><em>maxime</em></strong></span> <span class='ocrx_word' id='word_1_294' title='bbox 2957 562 3165 631; x_wconf 77' lang='lat' dir='ltr'><strong><em>proprie</em></strong></span> <span class='ocrx_word' id='word_1_295' title='bbox 3194 564 3342 616; x_wconf 90' lang='lat' dir='ltr'><strong><em>dicta</em></strong></span> <span class='ocrx_word' id='word_1_296' title='bbox 3369 563 3498 617; x_wconf 84' lang='lat' dir='ltr'><strong><em>sub-</em></strong></span> 
     </span>
    </p>
   </div>
   <div class='ocr_carea' id='block_1_43' title="bbox 1928 644 3499 719">
    <p class='ocr_par' dir='ltr' id='par_1_43' title="bbox 1928 644 3499 719">
     <span class='ocr_line' id='line_1_43' title="bbox 1928 644 3499 719; baseline 0.007 -25"><span class='ocrx_word' id='word_1_297' title='bbox 1928 644 2129 696; x_wconf 92' lang='lat' dir='ltr'><strong><em>stantia</em></strong></span> <span class='ocrx_word' id='word_1_298' title='bbox 2152 659 2170 696; x_wconf 89' lang='lat'><strong><em>:</em></strong></span> <span class='ocrx_word' id='word_1_299' title='bbox 2199 654 2250 698; x_wconf 91' lang='lat' dir='ltr'><strong><em>et</em></strong></span> <span class='ocrx_word' id='word_1_300' title='bbox 2274 661 2339 701; x_wconf 79' lang='lat' dir='ltr'><strong><em>ea:</em></strong></span> <span class='ocrx_word' id='word_1_301' title='bbox 2364 644 2461 698; x_wconf 90' lang='lat' dir='ltr'><strong><em>illa</em></strong></span> <span class='ocrx_word' id='word_1_302' title='bbox 2487 661 2603 714; x_wconf 71' lang='lat' dir='ltr'><strong><em>qua:</em></strong></span> <span class='ocrx_word' id='word_1_303' title='bbox 2629 663 2720 714; x_wconf 89' lang='lat' dir='ltr'><strong><em>per</em></strong></span> <span class='ocrx_word' id='word_1_304' title='bbox 2745 647 2896 702; x_wconf 80' lang='lat' dir='ltr'><strong><em>illam</em></strong></span> <span class='ocrx_word' id='word_1_305' title='bbox 2922 658 3025 718; x_wconf 89' lang='lat' dir='ltr'><strong><em>est,</em></strong></span> <span class='ocrx_word' id='word_1_306' title='bbox 3067 662 3186 719; x_wconf 89' lang='lat' dir='ltr'><strong><em>post</em></strong></span> <span class='ocrx_word' id='word_1_307' title='bbox 3213 653 3367 706; x_wconf 82' lang='lat' dir='ltr'><strong><em>illam</em></strong></span> <span class='ocrx_word' id='word_1_308' title='bbox 3401 670 3499 705; x_wconf 86' lang='lat' dir='ltr'><strong><em>au-</em></strong></span> 
     </span>
    </p>
   </div>
   <div class='ocr_carea' id='block_1_44' title="bbox 1931 732 3500 812">
    <p class='ocr_par' dir='ltr' id='par_1_44' title="bbox 1931 732 3500 812">
     <span class='ocr_line' id='line_1_44' title="bbox 1931 732 3500 812; baseline 0.007 -28"><span class='ocrx_word' id='word_1_309' title='bbox 1931 741 2031 784; x_wconf 90' lang='lat' dir='ltr'><strong><em>tem</em></strong></span> <span class='ocrx_word' id='word_1_310' title='bbox 2078 732 2296 800; x_wconf 75' lang='lat' dir='ltr'><strong><em>reliquis</em></strong></span> <span class='ocrx_word' id='word_1_311' title='bbox 2340 733 2582 787; x_wconf 86' lang='lat' dir='ltr'><strong><em>omnibus</em></strong></span> <span class='ocrx_word' id='word_1_312' title='bbox 2632 736 2929 789; x_wconf 81' lang='lat' dir='ltr'><strong><em>antecedit:</em></strong></span> <span class='ocrx_word' id='word_1_313' title='bbox 2960 746 3010 791; x_wconf 92' lang='lat' dir='ltr'><strong><em>et</em></strong></span> <span class='ocrx_word' id='word_1_314' title='bbox 3043 754 3108 793; x_wconf 81' lang='lat' dir='ltr'><strong><em>ea:</em></strong></span> <span class='ocrx_word' id='word_1_315' title='bbox 3143 742 3301 794; x_wconf 90' lang='lat' dir='ltr'><strong><em>tertia</em></strong></span> <span class='ocrx_word' id='word_1_316' title='bbox 3326 779 3342 802; x_wconf 87' lang='lat'><strong><em>,</em></strong></span> <span class='ocrx_word' id='word_1_317' title='bbox 3381 757 3500 812; x_wconf 68' lang='lat' dir='ltr'><strong><em>quia</em></strong></span> 
     </span>
    </p>
   </div>
   <div class='ocr_carea' id='block_1_45' title="bbox 1928 820 3498 897">
    <p class='ocr_par' dir='ltr' id='par_1_45' title="bbox 1928 820 3498 897">
     <span class='ocr_line' id='line_1_45' title="bbox 1928 820 3498 897; baseline 0.006 -24"><span class='ocrx_word' id='word_1_318' title='bbox 1928 835 2046 873; x_wconf 79' lang='lat' dir='ltr'><strong><em>eum</em></strong></span> <span class='ocrx_word' id='word_1_319' title='bbox 2085 820 2234 874; x_wconf 87' lang='lat' dir='ltr'><strong><em>nulla</em></strong></span> <span class='ocrx_word' id='word_1_320' title='bbox 2272 820 2464 874; x_wconf 87' lang='lat' dir='ltr'><strong><em>harum</em></strong></span> <span class='ocrx_word' id='word_1_321' title='bbox 2500 823 2861 877; x_wconf 87' lang='lat' dir='ltr'><strong><em>coordinatur.</em></strong></span> <span class='ocrx_word' id='word_1_322' title='bbox 2906 823 3009 879; x_wconf 83' lang='lat' dir='ltr'><strong><em>Sed</em></strong></span> <span class='ocrx_word' id='word_1_323' title='bbox 3048 826 3130 879; x_wconf 84' lang='lat' dir='ltr'><strong><em>illi</em></strong></span> <span class='ocrx_word' id='word_1_324' title='bbox 3181 827 3389 897; x_wconf 85' lang='lat' dir='ltr'><strong><em>quidem</em></strong></span> <span class='ocrx_word' id='word_1_325' title='bbox 3441 839 3498 883; x_wconf 90' lang='lat' dir='ltr'><strong><em>ut</em></strong></span> 
     </span>
    </p>
   </div>
   <div class='ocr_carea' id='block_1_46' title="bbox 1928 910 3498 984">
    <p class='ocr_par' dir='ltr' id='par_1_46' title="bbox 1928 910 3498 984">
     <span class='ocr_line' id='line_1_46' title="bbox 1928 910 3498 984; baseline 0.006 -22"><span class='ocrx_word' id='word_1_326' title='bbox 1928 925 2131 973; x_wconf 71' lang='lat' dir='ltr'><strong><em>causae,</em></strong></span> <span class='ocrx_word' id='word_1_327' title='bbox 2166 910 2285 964; x_wconf 82' lang='lat' dir='ltr'><strong><em>huic</em></strong></span> <span class='ocrx_word' id='word_1_328' title='bbox 2318 927 2433 965; x_wconf 85' lang='lat' dir='ltr'><strong><em>vero</em></strong></span> <span class='ocrx_word' id='word_1_329' title='bbox 2465 922 2522 964; x_wconf 91' lang='lat' dir='ltr'><strong><em>ut</em></strong></span> <span class='ocrx_word' id='word_1_330' title='bbox 2554 914 2845 981; x_wconf 89' lang='lat' dir='ltr'><strong><em>operationi</em></strong></span> <span class='ocrx_word' id='word_1_331' title='bbox 2864 954 2880 979; x_wconf 90' lang='lat'><strong><em>,</em></strong></span> <span class='ocrx_word' id='word_1_332' title='bbox 2916 930 3021 984; x_wconf 88' lang='lat' dir='ltr'><strong><em>qua</em></strong></span> <span class='ocrx_word' id='word_1_333' title='bbox 3063 915 3210 983; x_wconf 79' lang='lat' dir='ltr'><strong><em>facta</em></strong></span> <span class='ocrx_word' id='word_1_334' title='bbox 3241 926 3341 983; x_wconf 81' lang='lat' dir='ltr'><strong><em>est,</em></strong></span> <span class='ocrx_word' id='word_1_335' title='bbox 3372 919 3498 973; x_wconf 89' lang='lat' dir='ltr'><strong><em>sub-</em></strong></span> 
     </span>
    </p>
   </div>
   <div class='ocr_carea' id='block_1_47' title="bbox 1926 1001 3501 1071">
    <p class='ocr_par' dir='ltr' id='par_1_47' title="bbox 1926 1001 3501 1071">
     <span class='ocr_line' id='line_1_47' title="bbox 1926 1001 3501 1071; baseline 0.003 -18"><span class='ocrx_word' id='word_1_336' title='bbox 1926 1001 2134 1068; x_wconf 81' lang='lat' dir='ltr'><strong><em>iicitur,</em></strong></span> <span class='ocrx_word' id='word_1_337' title='bbox 2157 1002 2537 1071; x_wconf 80' lang='lat' dir='ltr'><strong><em>comprehensis</em></strong></span> <span class='ocrx_word' id='word_1_338' title='bbox 2559 1003 2796 1057; x_wconf 84' lang='lat' dir='ltr'><strong><em>videlicet</em></strong></span> <span class='ocrx_word' id='word_1_339' title='bbox 2815 1005 2883 1058; x_wconf 87' lang='lat' dir='ltr'><strong><em>ad</em></strong></span> <span class='ocrx_word' id='word_1_340' title='bbox 2904 1006 3062 1060; x_wconf 86' lang='lat' dir='ltr'><strong><em>totius</em></strong></span> <span class='ocrx_word' id='word_1_341' title='bbox 3084 1009 3339 1064; x_wconf 87' lang='lat' dir='ltr'><strong><em>orationis</em></strong></span> <span class='ocrx_word' id='word_1_342' title='bbox 3360 1025 3501 1062; x_wconf 77' lang='lat' dir='ltr'><strong><em>eam-</em></strong></span> 
     </span>
    </p>
   </div>
   <div class='ocr_carea' id='block_1_48' title="bbox 1920 1093 3503 1166">
    <p class='ocr_par' dir='ltr' id='par_1_48' title="bbox 1920 1093 3503 1166">
     <span class='ocr_line' id='line_1_48' title="bbox 1920 1093 3503 1166; baseline 0.004 -20"><span class='ocrx_word' id='word_1_343' title='bbox 1920 1093 2236 1159; x_wconf 84' lang='lat' dir='ltr'><strong><em>plementum</em></strong></span> <span class='ocrx_word' id='word_1_344' title='bbox 2260 1095 2421 1148; x_wconf 89' lang='lat' dir='ltr'><strong><em>etiam</em></strong></span> <span class='ocrx_word' id='word_1_345' title='bbox 2449 1094 2871 1163; x_wconf 80' lang='lat' dir='ltr'><strong><em>operationibus,</em></strong></span> <span class='ocrx_word' id='word_1_346' title='bbox 2902 1113 3018 1166; x_wconf 74' lang='lat' dir='ltr'><strong><em>quae</em></strong></span> <span class='ocrx_word' id='word_1_347' title='bbox 3044 1106 3260 1152; x_wconf 82' lang='lat' dir='ltr'><strong><em>manant</em></strong></span> <span class='ocrx_word' id='word_1_348' title='bbox 3284 1113 3350 1153; x_wconf 76' lang='lat' dir='ltr'><strong><em>ea:</em></strong></span> <span class='ocrx_word' id='word_1_349' title='bbox 3378 1100 3503 1154; x_wconf 80' lang='lat' dir='ltr'><strong><em>sub-</em></strong></span> 
     </span>
    </p>
   </div>
   <div class='ocr_carea' id='block_1_49' title="bbox 1927 1185 3501 1259">
    <p class='ocr_par' dir='ltr' id='par_1_49' title="bbox 1927 1185 3501 1259">
     <span class='ocr_line' id='line_1_49' title="bbox 1927 1185 3501 1259; baseline 0.004 -21"><span class='ocrx_word' id='word_1_350' title='bbox 1927 1186 2172 1248; x_wconf 88' lang='lat' dir='ltr'><strong><em>stantiis,</em></strong></span> <span class='ocrx_word' id='word_1_351' title='bbox 2203 1195 2253 1238; x_wconf 91' lang='lat' dir='ltr'><strong><em>et</em></strong></span> <span class='ocrx_word' id='word_1_352' title='bbox 2288 1185 2417 1254; x_wconf 89' lang='lat' dir='ltr'><strong><em>ipsis</em></strong></span> <span class='ocrx_word' id='word_1_353' title='bbox 2448 1194 2765 1255; x_wconf 88' lang='lat' dir='ltr'><strong><em>competunt.</em></strong></span> <span class='ocrx_word' id='word_1_354' title='bbox 2814 1185 3050 1252; x_wconf 86' lang='lat' dir='ltr'><strong><em>Rursus,</em></strong></span> <span class='ocrx_word' id='word_1_355' title='bbox 3097 1205 3216 1242; x_wconf 88' lang='lat' dir='ltr'><strong><em>cum</em></strong></span> <span class='ocrx_word' id='word_1_356' title='bbox 3254 1191 3501 1259; x_wconf 79' lang='lat' dir='ltr'><strong><em>quwlibet</em></strong></span> 
     </span>
    </p>
   </div>
   <div class='ocr_carea' id='block_1_50' title="bbox 1926 1262 3500 1349">
    <p class='ocr_par' dir='ltr' id='par_1_50' title="bbox 1926 1262 3500 1349">
     <span class='ocr_line' id='line_1_50' title="bbox 1926 1262 3500 1349; baseline 0.004 -22"><span class='ocrx_word' id='word_1_357' title='bbox 1926 1290 1991 1328; x_wconf 77' lang='lat' dir='ltr'><strong><em>ea:</em></strong></span> <span class='ocrx_word' id='word_1_358' title='bbox 2012 1273 2091 1328; x_wconf 89' lang='lat' dir='ltr'><strong><em>his</em></strong></span> <span class='ocrx_word' id='word_1_359' title='bbox 2122 1274 2437 1330; x_wconf 80' lang='lat' dir='ltr'><strong><em>substantiis</em></strong></span> <span class='ocrx_word' id='word_1_360' title='bbox 2465 1277 2536 1330; x_wconf 89' lang='lat' dir='ltr'><strong><em>sit</em></strong></span> <span class='ocrx_word' id='word_1_361' title='bbox 2563 1284 2611 1330; x_wconf 88' lang='lat' dir='ltr'><strong><em>et</em></strong></span> <span class='ocrx_word' id='word_1_362' title='bbox 2636 1276 2971 1347; x_wconf 84' lang='lat' dir='ltr'><strong><em>intelligatur</em></strong></span> <span class='ocrx_word' id='word_1_363' title='bbox 3012 1262 3140 1346; x_wconf 81' lang='lat' dir='ltr'><strong><em>pure</em></strong></span> <span class='ocrx_word' id='word_1_364' title='bbox 3165 1280 3389 1349; x_wconf 66' lang='lat' dir='ltr'><strong><em>simplex</em></strong></span> <span class='ocrx_word' id='word_1_365' title='bbox 3409 1321 3423 1346; x_wconf 91' lang='lat'><strong><em>,</em></strong></span> <span class='ocrx_word' id='word_1_366' title='bbox 3452 1291 3500 1333; x_wconf 85' lang='lat' dir='ltr'><strong><em>ct</em></strong></span> 
     </span>
    </p>
   </div>
   <div class='ocr_carea' id='block_1_51' title="bbox 1928 1365 3501 1439">
    <p class='ocr_par' dir='ltr' id='par_1_51' title="bbox 1928 1365 3501 1439">
     <span class='ocr_line' id='line_1_51' title="bbox 1928 1365 3501 1439; baseline 0.002 -20"><span class='ocrx_word' id='word_1_367' title='bbox 1928 1365 2245 1433; x_wconf 79' lang='lat' dir='ltr'><strong><em>simpliciter</em></strong></span> <span class='ocrx_word' id='word_1_368' title='bbox 2269 1382 2379 1420; x_wconf 91' lang='lat' dir='ltr'><strong><em>una</em></strong></span> <span class='ocrx_word' id='word_1_369' title='bbox 2405 1366 2690 1420; x_wconf 89' lang='lat' dir='ltr'><strong><em>secundum</em></strong></span> <span class='ocrx_word' id='word_1_370' title='bbox 2722 1368 2992 1436; x_wconf 86' lang='lat' dir='ltr'><strong><em>propriam</em></strong></span> <span class='ocrx_word' id='word_1_371' title='bbox 3021 1368 3361 1439; x_wconf 78' lang='lat' dir='ltr'><strong><em>dignitatem,</em></strong></span> <span class='ocrx_word' id='word_1_372' title='bbox 3396 1372 3501 1425; x_wconf 85' lang='lat' dir='ltr'><strong><em>cir-</em></strong></span> 
     </span>
    </p>
   </div>
   <div class='ocr_carea' id='block_1_52' title="bbox 1928 1458 3498 1529">
    <p class='ocr_par' dir='ltr' id='par_1_52' title="bbox 1928 1458 3498 1529">
     <span class='ocr_line' id='line_1_52' title="bbox 1928 1458 3498 1529; baseline 0.003 -19"><span class='ocrx_word' id='word_1_373' title='bbox 1928 1458 2262 1527; x_wconf 89' lang='lat' dir='ltr'><strong><em>cumscriptis</em></strong></span> <span class='ocrx_word' id='word_1_374' title='bbox 2298 1466 2474 1512; x_wconf 86' lang='lat' dir='ltr'><strong><em>autem</em></strong></span> <span class='ocrx_word' id='word_1_375' title='bbox 2514 1458 2908 1527; x_wconf 85' lang='lat' dir='ltr'><strong><em>operationibus</em></strong></span> <span class='ocrx_word' id='word_1_376' title='bbox 2947 1474 3039 1527; x_wconf 89' lang='lat' dir='ltr'><strong><em>per</em></strong></span> <span class='ocrx_word' id='word_1_377' title='bbox 3075 1461 3190 1528; x_wconf 90' lang='lat' dir='ltr'><strong><em>ipsa</em></strong></span> <span class='ocrx_word' id='word_1_378' title='bbox 3226 1475 3416 1529; x_wconf 87' lang='lat' dir='ltr'><strong><em>opera,</em></strong></span> <span class='ocrx_word' id='word_1_379' title='bbox 3450 1471 3498 1514; x_wconf 92' lang='lat' dir='ltr'><strong><em>et</em></strong></span> 
     </span>
    </p>
   </div>
   <div class='ocr_carea' id='block_1_53' title="bbox 1927 1549 3496 1618">
    <p class='ocr_par' dir='ltr' id='par_1_53' title="bbox 1927 1549 3496 1618">
     <span class='ocr_line' id='line_1_53' title="bbox 1927 1549 3496 1618; baseline 0.002 -16"><span class='ocrx_word' id='word_1_380' title='bbox 1927 1550 2057 1618; x_wconf 87' lang='lat' dir='ltr'><strong><em>ipsis</em></strong></span> <span class='ocrx_word' id='word_1_381' title='bbox 2085 1549 2324 1617; x_wconf 86' lang='lat' dir='ltr'><strong><em>operibus</em></strong></span> <span class='ocrx_word' id='word_1_382' title='bbox 2354 1591 2370 1616; x_wconf 90' lang='lat'><strong><em>,</em></strong></span> <span class='ocrx_word' id='word_1_383' title='bbox 2402 1550 2670 1618; x_wconf 88' lang='lat' dir='ltr'><strong><em>aperantis</em></strong></span> <span class='ocrx_word' id='word_1_384' title='bbox 2703 1550 3001 1605; x_wconf 82' lang='lat' dir='ltr'><strong><em>actionibus</em></strong></span> <span class='ocrx_word' id='word_1_385' title='bbox 3029 1553 3496 1618; x_wconf 87' lang='lat' dir='ltr'><strong><em>commensuratis,</em></strong></span> 
     </span>
    </p>
   </div>
   <div class='ocr_carea' id='block_1_54' title="bbox 1928 1641 3501 1712">
    <p class='ocr_par' dir='ltr' id='par_1_54' title="bbox 1928 1641 3501 1712">
     <span class='ocr_line' id='line_1_54' title="bbox 1928 1641 3501 1712; baseline 0 -18"><span class='ocrx_word' id='word_1_386' title='bbox 1928 1641 2140 1694; x_wconf 82' lang='lat' dir='ltr'><strong><em>omnino</em></strong></span> <span class='ocrx_word' id='word_1_387' title='bbox 2188 1656 2394 1694; x_wconf 89' lang='lat' dir='ltr'><strong><em>necesse</em></strong></span> <span class='ocrx_word' id='word_1_388' title='bbox 2444 1650 2560 1704; x_wconf 87' lang='lat' dir='ltr'><strong><em>est,</em></strong></span> <span class='ocrx_word' id='word_1_389' title='bbox 2616 1642 2987 1709; x_wconf 89' lang='lat' dir='ltr'><strong><em>operationes,</em></strong></span> <span class='ocrx_word' id='word_1_390' title='bbox 3044 1658 3162 1712; x_wconf 61' lang='lat' dir='ltr'><strong><em>qua:</em></strong></span> <span class='ocrx_word' id='word_1_391' title='bbox 3212 1652 3501 1712; x_wconf 83' lang='lat' dir='ltr'><strong><em>sequuntur</em></strong></span> 
     </span>
    </p>
   </div>
   <div class='ocr_carea' id='block_1_55' title="bbox 1928 1731 3495 1803">
    <p class='ocr_par' dir='ltr' id='par_1_55' title="bbox 1928 1731 3495 1803">
     <span class='ocr_line' id='line_1_55' title="bbox 1928 1731 3495 1803; baseline 0 -18"><span class='ocrx_word' id='word_1_392' title='bbox 1928 1732 2213 1803; x_wconf 85' lang='lat' dir='ltr'><strong><em>quamlibet</em></strong></span> <span class='ocrx_word' id='word_1_393' title='bbox 2242 1731 2596 1785; x_wconf 84' lang='lat' dir='ltr'><strong><em>substantiam</em></strong></span> <span class='ocrx_word' id='word_1_394' title='bbox 2620 1772 2634 1797; x_wconf 85' lang='lat'><strong><em>,</em></strong></span> <span class='ocrx_word' id='word_1_395' title='bbox 2667 1733 2893 1801; x_wconf 88' lang='lat' dir='ltr'><strong><em>majores</em></strong></span> <span class='ocrx_word' id='word_1_396' title='bbox 2925 1741 2974 1787; x_wconf 94' lang='lat' dir='ltr'><strong><em>et</em></strong></span> <span class='ocrx_word' id='word_1_397' title='bbox 3014 1733 3239 1786; x_wconf 90' lang='lat' dir='ltr'><strong><em>minores</em></strong></span> <span class='ocrx_word' id='word_1_398' title='bbox 3262 1748 3415 1787; x_wconf 88' lang='lat' dir='ltr'><strong><em>esse:</em></strong></span> <span class='ocrx_word' id='word_1_399' title='bbox 3443 1744 3495 1787; x_wconf 90' lang='lat' dir='ltr'><strong><em>et</em></strong></span> 
     </span>
    </p>
   </div>
   <div class='ocr_carea' id='block_1_56' title="bbox 1931 1821 3495 1893">
    <p class='ocr_par' dir='ltr' id='par_1_56' title="bbox 1931 1821 3495 1893">
     <span class='ocr_line' id='line_1_56' title="bbox 1931 1821 3495 1893; baseline 0 -16"><span class='ocrx_word' id='word_1_400' title='bbox 1931 1824 2055 1877; x_wconf 84' lang='lat' dir='ltr'><strong><em>illas</em></strong></span> <span class='ocrx_word' id='word_1_401' title='bbox 2086 1822 2293 1893; x_wconf 88' lang='lat' dir='ltr'><strong><em>quidem</em></strong></span> <span class='ocrx_word' id='word_1_402' title='bbox 2320 1823 2375 1875; x_wconf 90' lang='lat' dir='ltr'><strong><em>in</em></strong></span> <span class='ocrx_word' id='word_1_403' title='bbox 2402 1822 2603 1891; x_wconf 91' lang='lat' dir='ltr'><strong><em>primo,</em></strong></span> <span class='ocrx_word' id='word_1_404' title='bbox 2636 1822 2762 1876; x_wconf 87' lang='lat' dir='ltr'><strong><em>illas</em></strong></span> <span class='ocrx_word' id='word_1_405' title='bbox 2796 1839 2914 1876; x_wconf 88' lang='lat' dir='ltr'><strong><em>vero</em></strong></span> <span class='ocrx_word' id='word_1_406' title='bbox 2946 1822 3274 1877; x_wconf 85' lang='lat' dir='ltr'><strong><em>in-secundo</em></strong></span> <span class='ocrx_word' id='word_1_407' title='bbox 3308 1821 3495 1877; x_wconf 84' lang='lat' dir='ltr'><strong><em>ordine</em></strong></span> 
     </span>
    </p>
   </div>
   <div class='ocr_carea' id='block_1_57' title="bbox 1925 1912 3504 1978">
    <p class='ocr_par' dir='ltr' id='par_1_57' title="bbox 1925 1912 3504 1978">
     <span class='ocr_line' id='line_1_57' title="bbox 1925 1912 3504 1978; baseline -0.001 -10"><span class='ocrx_word' id='word_1_408' title='bbox 1925 1931 2035 1968; x_wconf 88' lang='lat' dir='ltr'><strong><em>esse</em></strong></span> <span class='ocrx_word' id='word_1_409' title='bbox 2062 1913 2398 1967; x_wconf 84' lang='lat' dir='ltr'><strong><em>collocandus</em></strong></span> <span class='ocrx_word' id='word_1_410' title='bbox 2422 1927 2439 1963; x_wconf 92' lang='lat'><strong><em>:</em></strong></span> <span class='ocrx_word' id='word_1_411' title='bbox 2468 1920 2542 1975; x_wconf 88' lang='lat' dir='ltr'><strong><em>et,</em></strong></span> <span class='ocrx_word' id='word_1_412' title='bbox 2569 1922 2626 1965; x_wconf 91' lang='lat' dir='ltr'><strong><em>ut</em></strong></span> <span class='ocrx_word' id='word_1_413' title='bbox 2658 1912 2943 1967; x_wconf 87' lang='lat' dir='ltr'><strong><em>universim</em></strong></span> <span class='ocrx_word' id='word_1_414' title='bbox 2971 1913 3169 1978; x_wconf 86' lang='lat' dir='ltr'><strong><em>dicam,</em></strong></span> <span class='ocrx_word' id='word_1_415' title='bbox 3199 1921 3346 1966; x_wconf 87' lang='lat' dir='ltr'><strong><em>tanto</em></strong></span> <span class='ocrx_word' id='word_1_416' title='bbox 3381 1912 3504 1966; x_wconf 82' lang='lat' dir='ltr'><strong><em>dis-</em></strong></span> 
     </span>
    </p>
   </div>
   <div class='ocr_carea' id='block_1_58' title="bbox 1926 2001 3496 2073">
    <p class='ocr_par' dir='ltr' id='par_1_58' title="bbox 1926 2001 3496 2073">
     <span class='ocr_line' id='line_1_58' title="bbox 1926 2001 3496 2073; baseline -0.001 -15"><span class='ocrx_word' id='word_1_417' title='bbox 1926 2005 2144 2059; x_wconf 79' lang='lat' dir='ltr'><strong><em>crimine</em></strong></span> <span class='ocrx_word' id='word_1_418' title='bbox 2192 2004 2330 2057; x_wconf 90' lang='lat' dir='ltr'><strong><em>inter</em></strong></span> <span class='ocrx_word' id='word_1_419' title='bbox 2390 2018 2443 2056; x_wconf 89' lang='lat' dir='ltr'><strong><em>se</em></strong></span> <span class='ocrx_word' id='word_1_420' title='bbox 2496 2001 2782 2066; x_wconf 83' lang='lat' dir='ltr'><strong><em>dissident,</em></strong></span> <span class='ocrx_word' id='word_1_421' title='bbox 2826 2011 3022 2073; x_wconf 88' lang='lat' dir='ltr'><strong><em>quanto</em></strong></span> <span class='ocrx_word' id='word_1_422' title='bbox 3080 2001 3338 2057; x_wconf 85' lang='lat' dir='ltr'><strong><em>dissident</em></strong></span> <span class='ocrx_word' id='word_1_423' title='bbox 3379 2002 3496 2071; x_wconf 87' lang='lat' dir='ltr'><strong><em>ipsa</em></strong></span> 
     </span>
    </p>
   </div>
   <div class='ocr_carea' id='block_1_59' title="bbox 1925 2091 3500 2164">
    <p class='ocr_par' dir='ltr' id='par_1_59' title="bbox 1925 2091 3500 2164">
     <span class='ocr_line' id='line_1_59' title="bbox 1925 2091 3500 2164; baseline -0.003 -15"><span class='ocrx_word' id='word_1_424' title='bbox 1925 2110 2083 2164; x_wconf 83' lang='lat' dir='ltr'><strong><em>opera</em></strong></span> <span class='ocrx_word' id='word_1_425' title='bbox 2105 2110 2122 2149; x_wconf 91' lang='lat'><strong><em>:</em></strong></span> <span class='ocrx_word' id='word_1_426' title='bbox 2146 2110 2264 2147; x_wconf 89' lang='lat' dir='ltr'><strong><em>cum</em></strong></span> <span class='ocrx_word' id='word_1_427' title='bbox 2285 2093 2436 2160; x_wconf 79' lang='lat' dir='ltr'><strong><em>nefas</em></strong></span> <span class='ocrx_word' id='word_1_428' title='bbox 2459 2093 2528 2146; x_wconf 84' lang='lat' dir='ltr'><strong><em>sit</em></strong></span> <span class='ocrx_word' id='word_1_429' title='bbox 2549 2092 2719 2147; x_wconf 88' lang='lat' dir='ltr'><strong><em>dicere</em></strong></span> <span class='ocrx_word' id='word_1_430' title='bbox 2741 2092 2979 2147; x_wconf 85' lang='lat' dir='ltr'><strong><em>eamdem</em></strong></span> <span class='ocrx_word' id='word_1_431' title='bbox 2999 2108 3110 2147; x_wconf 89' lang='lat' dir='ltr'><strong><em>esse</em></strong></span> <span class='ocrx_word' id='word_1_432' title='bbox 3129 2091 3500 2161; x_wconf 89' lang='lat' dir='ltr'><strong><em>operationem,</em></strong></span> 
     </span>
    </p>
   </div>
   <div class='ocr_carea' id='block_1_60' title="bbox 1926 2180 3499 2252">
    <p class='ocr_par' dir='ltr' id='par_1_60' title="bbox 1926 2180 3499 2252">
     <span class='ocr_line' id='line_1_60' title="bbox 1926 2180 3499 2252; baseline 0 -18"><span class='ocrx_word' id='word_1_433' title='bbox 1926 2197 2044 2252; x_wconf 72' lang='lat' dir='ltr'><strong><em>qua:</em></strong></span> <span class='ocrx_word' id='word_1_434' title='bbox 2067 2180 2425 2252; x_wconf 64' lang='lat' dir='ltr'><strong><em>angelosfecit</em></strong></span> <span class='ocrx_word' id='word_1_435' title='bbox 2448 2219 2464 2243; x_wconf 91' lang='lat'><strong><em>,</em></strong></span> <span class='ocrx_word' id='word_1_436' title='bbox 2486 2180 2565 2233; x_wconf 75' lang='lat' dir='ltr'><strong><em>vel</em></strong></span> <span class='ocrx_word' id='word_1_437' title='bbox 2589 2180 2773 2234; x_wconf 84' lang='lat' dir='ltr'><strong><em>stellas</em></strong></span> <span class='ocrx_word' id='word_1_438' title='bbox 2794 2191 2843 2235; x_wconf 90' lang='lat' dir='ltr'><strong><em>et</em></strong></span> <span class='ocrx_word' id='word_1_439' title='bbox 2867 2181 3051 2236; x_wconf 66' lang='lat' dir='ltr'><strong><em>celum</em></strong></span> <span class='ocrx_word' id='word_1_440' title='bbox 3068 2220 3083 2244; x_wconf 89' lang='lat'><strong><em>,</em></strong></span> <span class='ocrx_word' id='word_1_441' title='bbox 3107 2181 3185 2235; x_wconf 82' lang='lat' dir='ltr'><strong><em>vel</em></strong></span> <span class='ocrx_word' id='word_1_442' title='bbox 3206 2180 3499 2236; x_wconf 82' lang='lat' dir='ltr'><strong><em>hominem:</em></strong></span> 
     </span>
    </p>
   </div>
   <div class='ocr_carea' id='block_1_61' title="bbox 1926 2270 3501 2342">
    <p class='ocr_par' dir='ltr' id='par_1_61' title="bbox 1926 2270 3501 2342">
     <span class='ocr_line' id='line_1_61' title="bbox 1926 2270 3501 2342; baseline -0.001 -16"><span class='ocrx_word' id='word_1_443' title='bbox 1926 2271 2017 2326; x_wconf 89' lang='lat' dir='ltr'><strong><em>sed</em></strong></span> <span class='ocrx_word' id='word_1_444' title='bbox 2054 2279 2253 2342; x_wconf 88' lang='lat' dir='ltr'><strong><em>quanto</em></strong></span> <span class='ocrx_word' id='word_1_445' title='bbox 2292 2286 2453 2339; x_wconf 88' lang='lat' dir='ltr'><strong><em>opera</em></strong></span> <span class='ocrx_word' id='word_1_446' title='bbox 2491 2270 2734 2339; x_wconf 89' lang='lat' dir='ltr'><strong><em>operibus</em></strong></span> <span class='ocrx_word' id='word_1_447' title='bbox 2760 2270 3134 2326; x_wconf 69' lang='lat' dir='ltr'><strong><em>excellentiam</em></strong></span> <span class='ocrx_word' id='word_1_448' title='bbox 3156 2282 3206 2327; x_wconf 90' lang='lat' dir='ltr'><strong><em>et</em></strong></span> <span class='ocrx_word' id='word_1_449' title='bbox 3236 2283 3501 2342; x_wconf 64' lang='lat' dir='ltr'><strong><em>prastan-</em></strong></span> 
     </span>
    </p>
   </div>
   <div class='ocr_carea' id='block_1_62' title="bbox 1928 2360 3505 2429">
    <p class='ocr_par' dir='ltr' id='par_1_62' title="bbox 1928 2360 3505 2429">
     <span class='ocr_line' id='line_1_62' title="bbox 1928 2360 3505 2429; baseline 0 -14"><span class='ocrx_word' id='word_1_450' title='bbox 1928 2362 2068 2416; x_wconf 89' lang='lat' dir='ltr'><strong><em>tiara</em></strong></span> <span class='ocrx_word' id='word_1_451' title='bbox 2097 2370 2219 2415; x_wconf 88' lang='lat' dir='ltr'><strong><em>sunt</em></strong></span> <span class='ocrx_word' id='word_1_452' title='bbox 2241 2400 2255 2426; x_wconf 93' lang='lat'><strong><em>,</em></strong></span> <span class='ocrx_word' id='word_1_453' title='bbox 2288 2369 2436 2413; x_wconf 89' lang='lat' dir='ltr'><strong><em>tanto</em></strong></span> <span class='ocrx_word' id='word_1_454' title='bbox 2460 2369 2510 2413; x_wconf 91' lang='lat' dir='ltr'><strong><em>et</em></strong></span> <span class='ocrx_word' id='word_1_455' title='bbox 2537 2360 2893 2428; x_wconf 89' lang='lat' dir='ltr'><strong><em>operationem</em></strong></span> <span class='ocrx_word' id='word_1_456' title='bbox 2921 2361 3217 2429; x_wconf 89' lang='lat' dir='ltr'><strong><em>operationi</em></strong></span> <span class='ocrx_word' id='word_1_457' title='bbox 3241 2370 3505 2416; x_wconf 87' lang='lat' dir='ltr'><strong><em>antestare</em></strong></span> 
     </span>
    </p>
   </div>
   <div class='ocr_carea' id='block_1_63' title="bbox 1923 2450 3501 2523">
    <p class='ocr_par' dir='ltr' id='par_1_63' title="bbox 1923 2450 3501 2523">
     <span class='ocr_line' id='line_1_63' title="bbox 1923 2450 3501 2523; baseline -0.002 -14"><span class='ocrx_word' id='word_1_458' title='bbox 1923 2456 2109 2509; x_wconf 85' lang='lat' dir='ltr'><strong><em>merito</em></strong></span> <span class='ocrx_word' id='word_1_459' title='bbox 2148 2453 2520 2507; x_wconf 81' lang='lat' dir='ltr'><strong><em>asseveraverit</em></strong></span> <span class='ocrx_word' id='word_1_460' title='bbox 2541 2492 2556 2517; x_wconf 91' lang='lat'><strong><em>,</em></strong></span> <span class='ocrx_word' id='word_1_461' title='bbox 2590 2452 2681 2521; x_wconf 85' lang='lat' dir='ltr'><strong><em>qui</em></strong></span> <span class='ocrx_word' id='word_1_462' title='bbox 2708 2452 2793 2520; x_wconf 91' lang='lat' dir='ltr'><strong><em>pie</em></strong></span> <span class='ocrx_word' id='word_1_463' title='bbox 2834 2450 2901 2506; x_wconf 89' lang='lat' dir='ltr'><strong><em>de</em></strong></span> <span class='ocrx_word' id='word_1_464' title='bbox 2938 2454 3034 2506; x_wconf 88' lang='lat' dir='ltr'><strong><em>hoc</em></strong></span> <span class='ocrx_word' id='word_1_465' title='bbox 3070 2454 3305 2523; x_wconf 86' lang='lat' dir='ltr'><strong><em>cogitare</em></strong></span> <span class='ocrx_word' id='word_1_466' title='bbox 3333 2453 3454 2507; x_wconf 74' lang='lat' dir='ltr'><strong><em>velit</em></strong></span> <span class='ocrx_word' id='word_1_467' title='bbox 3483 2471 3501 2506; x_wconf 91' lang='lat'><strong><em>:</em></strong></span> 
     </span>
    </p>
   </div>
   <div class='ocr_carea' id='block_1_64' title="bbox 1926 2541 3505 2613">
    <p class='ocr_par' dir='ltr' id='par_1_64' title="bbox 1926 2541 3505 2613">
     <span class='ocr_line' id='line_1_64' title="bbox 1926 2541 3505 2613; baseline -0.003 -12"><span class='ocrx_word' id='word_1_468' title='bbox 1926 2562 2046 2600; x_wconf 92' lang='lat' dir='ltr'><strong><em>cum</em></strong></span> <span class='ocrx_word' id='word_1_469' title='bbox 2091 2545 2288 2599; x_wconf 67' lang='lat' dir='ltr'><strong><em>eadem</em></strong></span> <span class='ocrx_word' id='word_1_470' title='bbox 2328 2543 2659 2613; x_wconf 83' lang='lat' dir='ltr'><strong><em>operationes</em></strong></span> <span class='ocrx_word' id='word_1_471' title='bbox 2697 2541 2905 2596; x_wconf 89' lang='lat' dir='ltr'><strong><em>eosdem</em></strong></span> <span class='ocrx_word' id='word_1_472' title='bbox 2941 2545 3101 2596; x_wconf 86' lang='lat' dir='ltr'><strong><em>etiam</em></strong></span> <span class='ocrx_word' id='word_1_473' title='bbox 3135 2544 3355 2612; x_wconf 72' lang='lat' dir='ltr'><strong><em>eﬂ&#39;ectus</em></strong></span> <span class='ocrx_word' id='word_1_474' title='bbox 3380 2558 3505 2612; x_wconf 63' lang='lat' dir='ltr'><strong><em>proo</em></strong></span> 
     </span>
    </p>
   </div>
   <div class='ocr_carea' id='block_1_65' title="bbox 1922 2633 3503 2705">
    <p class='ocr_par' dir='ltr' id='par_1_65' title="bbox 1922 2633 3503 2705">
     <span class='ocr_line' id='line_1_65' title="bbox 1922 2633 3503 2705; baseline -0.002 -13"><span class='ocrx_word' id='word_1_475' title='bbox 1922 2639 2161 2703; x_wconf 88' lang='lat' dir='ltr'><strong><em>ducant,</em></strong></span> <span class='ocrx_word' id='word_1_476' title='bbox 2201 2649 2420 2705; x_wconf 89' lang='lat' dir='ltr'><strong><em>cumque</em></strong></span> <span class='ocrx_word' id='word_1_477' title='bbox 2456 2633 2665 2688; x_wconf 85' lang='lat' dir='ltr'><strong><em>diuersa</em></strong></span> <span class='ocrx_word' id='word_1_478' title='bbox 2703 2649 2863 2703; x_wconf 90' lang='lat' dir='ltr'><strong><em>opera</em></strong></span> <span class='ocrx_word' id='word_1_479' title='bbox 2883 2673 2898 2698; x_wconf 91' lang='lat'><strong><em>,</em></strong></span> <span class='ocrx_word' id='word_1_480' title='bbox 2929 2633 3162 2689; x_wconf 85' lang='lat' dir='ltr'><strong><em>diversas</em></strong></span> <span class='ocrx_word' id='word_1_481' title='bbox 3191 2636 3350 2688; x_wconf 89' lang='lat' dir='ltr'><strong><em>etiam</em></strong></span> <span class='ocrx_word' id='word_1_482' title='bbox 3382 2651 3503 2702; x_wconf 83' lang='lat' dir='ltr'><strong><em>ope-</em></strong></span> 
     </span>
    </p>
   </div>
   <div class='ocr_carea' id='block_1_66' title="bbox 1922 2721 3503 2786">
    <p class='ocr_par' dir='ltr' id='par_1_66' title="bbox 1922 2721 3503 2786">
     <span class='ocr_line' id='line_1_66' title="bbox 1922 2721 3503 2786; baseline -0.003 -5"><span class='ocrx_word' id='word_1_483' title='bbox 1922 2728 2155 2782; x_wconf 81' lang='lat' dir='ltr'><strong><em>rationes</em></strong></span> <span class='ocrx_word' id='word_1_484' title='bbox 2178 2725 2555 2781; x_wconf 89' lang='lat' dir='ltr'><strong><em>demonstrent.</em></strong></span> <span class='ocrx_word' id='word_1_485' title='bbox 2582 2721 2716 2777; x_wconf 87' lang='lat' dir='ltr'><strong><em>Cum</em></strong></span> <span class='ocrx_word' id='word_1_486' title='bbox 2742 2738 2862 2777; x_wconf 78' lang='lat' dir='ltr'><strong><em>uero</em></strong></span> <span class='ocrx_word' id='word_1_487' title='bbox 2887 2722 2998 2777; x_wconf 78' lang='lat' dir='ltr'><strong><em>htec</em></strong></span> <span class='ocrx_word' id='word_1_488' title='bbox 3022 2723 3100 2776; x_wconf 91' lang='lat' dir='ltr'><strong><em>ita</em></strong></span> <span class='ocrx_word' id='word_1_489' title='bbox 3124 2740 3233 2778; x_wconf 87' lang='lat' dir='ltr'><strong><em>sese</em></strong></span> <span class='ocrx_word' id='word_1_490' title='bbox 3255 2724 3503 2786; x_wconf 89' lang='lat' dir='ltr'><strong><em>habeant,</em></strong></span> 
     </span>
    </p>
   </div>
   <div class='ocr_carea' id='block_1_67' title="bbox 1923 2810 3503 2887">
    <p class='ocr_par' dir='ltr' id='par_1_67' title="bbox 1923 2810 3503 2887">
     <span class='ocr_line' id='line_1_67' title="bbox 1923 2810 3503 2887; baseline -0.004 -15"><span class='ocrx_word' id='word_1_491' title='bbox 1923 2817 2204 2887; x_wconf 86' lang='lat' dir='ltr'><strong><em>omniaque</em></strong></span> <span class='ocrx_word' id='word_1_492' title='bbox 2229 2855 2244 2880; x_wconf 91' lang='lat'><strong><em>,</em></strong></span> <span class='ocrx_word' id='word_1_493' title='bbox 2275 2826 2461 2868; x_wconf 87' lang='lat' dir='ltr'><strong><em>mutua</em></strong></span> <span class='ocrx_word' id='word_1_494' title='bbox 2501 2812 2570 2865; x_wconf 93' lang='lat' dir='ltr'><strong><em>ad</em></strong></span> <span class='ocrx_word' id='word_1_495' title='bbox 2611 2827 2722 2866; x_wconf 88' lang='lat' dir='ltr'><strong><em>sese</em></strong></span> <span class='ocrx_word' id='word_1_496' title='bbox 2761 2810 3069 2865; x_wconf 87' lang='lat' dir='ltr'><strong><em>habitudine</em></strong></span> <span class='ocrx_word' id='word_1_497' title='bbox 3092 2850 3107 2875; x_wconf 91' lang='lat'><strong><em>,</em></strong></span> <span class='ocrx_word' id='word_1_498' title='bbox 3141 2811 3503 2866; x_wconf 83' lang='lat' dir='ltr'><strong><em>invariabilem</em></strong></span> 
     </span>
    </p>
   </div>
   <div class='ocr_carea' id='block_1_68' title="bbox 1921 2902 3506 2974">
    <p class='ocr_par' dir='ltr' id='par_1_68' title="bbox 1921 2902 3506 2974">
     <span class='ocr_line' id='line_1_68' title="bbox 1921 2902 3506 2974; baseline -0.006 -9"><span class='ocrx_word' id='word_1_499' title='bbox 1921 2910 2108 2965; x_wconf 88' lang='lat' dir='ltr'><strong><em>seriem</em></strong></span> <span class='ocrx_word' id='word_1_500' title='bbox 2145 2908 2450 2969; x_wconf 80' lang='lat' dir='ltr'><strong><em>observent,</em></strong></span> <span class='ocrx_word' id='word_1_501' title='bbox 2480 2918 2582 2974; x_wconf 88' lang='lat' dir='ltr'><strong><em>par</em></strong></span> <span class='ocrx_word' id='word_1_502' title='bbox 2613 2910 2728 2967; x_wconf 88' lang='lat' dir='ltr'><strong><em>est,</em></strong></span> <span class='ocrx_word' id='word_1_503' title='bbox 2768 2909 2825 2955; x_wconf 88' lang='lat' dir='ltr'><strong><em>ut</em></strong></span> <span class='ocrx_word' id='word_1_504' title='bbox 2854 2903 2945 2971; x_wconf 88' lang='lat' dir='ltr'><strong><em>qui</em></strong></span> <span class='ocrx_word' id='word_1_505' title='bbox 2988 2902 3381 2971; x_wconf 88' lang='lat' dir='ltr'><strong><em>inquisitionem</em></strong></span> <span class='ocrx_word' id='word_1_506' title='bbox 3424 2919 3506 2956; x_wconf 50' lang='lat' dir='ltr'><strong><em>se.</em></strong></span> 
     </span>
    </p>
   </div>
   <div class='ocr_carea' id='block_1_69' title="bbox 1922 2992 3507 3060">
    <p class='ocr_par' dir='ltr' id='par_1_69' title="bbox 1922 2992 3507 3060">
     <span class='ocr_line' id='line_1_69' title="bbox 1922 2992 3507 3060; baseline -0.006 -6"><span class='ocrx_word' id='word_1_507' title='bbox 1922 3002 2152 3057; x_wconf 88' lang='lat' dir='ltr'><strong><em>cundum</em></strong></span> <span class='ocrx_word' id='word_1_508' title='bbox 2179 2997 2476 3053; x_wconf 88' lang='lat' dir='ltr'><strong><em>naturalem</em></strong></span> <span class='ocrx_word' id='word_1_509' title='bbox 2499 3011 2679 3049; x_wconf 87' lang='lat' dir='ltr'><strong><em>rerum</em></strong></span> <span class='ocrx_word' id='word_1_510' title='bbox 2707 2992 2946 3047; x_wconf 87' lang='lat' dir='ltr'><strong><em>ordinem</em></strong></span> <span class='ocrx_word' id='word_1_511' title='bbox 2976 2994 3262 3047; x_wconf 87' lang='lat' dir='ltr'><strong><em>instituunt</em></strong></span> <span class='ocrx_word' id='word_1_512' title='bbox 3287 3034 3301 3060; x_wconf 87' lang='lat'><strong><em>,</em></strong></span> <span class='ocrx_word' id='word_1_513' title='bbox 3324 3002 3373 3048; x_wconf 92' lang='lat' dir='ltr'><strong><em>et</em></strong></span> <span class='ocrx_word' id='word_1_514' title='bbox 3403 3010 3507 3047; x_wconf 82' lang='lat' dir='ltr'><strong><em>non</em></strong></span> 
     </span>
    </p>
   </div>
   <div class='ocr_carea' id='block_1_70' title="bbox 1926 3082 3507 3153">
    <p class='ocr_par' dir='ltr' id='par_1_70' title="bbox 1926 3082 3507 3153">
     <span class='ocr_line' id='line_1_70' title="bbox 1926 3082 3507 3153; baseline -0.009 -5"><span class='ocrx_word' id='word_1_515' title='bbox 1926 3093 2106 3148; x_wconf 87' lang='lat' dir='ltr'><strong><em>omnia</em></strong></span> <span class='ocrx_word' id='word_1_516' title='bbox 2137 3088 2299 3145; x_wconf 89' lang='lat' dir='ltr'><strong><em>simul</em></strong></span> <span class='ocrx_word' id='word_1_517' title='bbox 2342 3088 2560 3141; x_wconf 88' lang='lat' dir='ltr'><strong><em>miscere</em></strong></span> <span class='ocrx_word' id='word_1_518' title='bbox 2602 3094 2652 3139; x_wconf 92' lang='lat' dir='ltr'><strong><em>et</em></strong></span> <span class='ocrx_word' id='word_1_519' title='bbox 2691 3082 3013 3153; x_wconf 79' lang='lat' dir='ltr'><strong><em>confundere</em></strong></span> <span class='ocrx_word' id='word_1_520' title='bbox 3050 3084 3303 3153; x_wconf 90' lang='lat' dir='ltr'><strong><em>cupiunt,</em></strong></span> <span class='ocrx_word' id='word_1_521' title='bbox 3344 3084 3507 3152; x_wconf 86' lang='lat' dir='ltr'><strong><em>siqui-</em></strong></span> 
     </span>
    </p>
   </div>
   <div class='ocr_carea' id='block_1_71' title="bbox 1926 3174 3508 3247">
    <p class='ocr_par' dir='ltr' id='par_1_71' title="bbox 1926 3174 3508 3247">
     <span class='ocr_line' id='line_1_71' title="bbox 1926 3174 3508 3247; baseline -0.01 -7"><span class='ocrx_word' id='word_1_522' title='bbox 1926 3186 2045 3240; x_wconf 87' lang='lat' dir='ltr'><strong><em>dem</em></strong></span> <span class='ocrx_word' id='word_1_523' title='bbox 2080 3182 2144 3237; x_wconf 92' lang='lat' dir='ltr'><strong><em>de</em></strong></span> <span class='ocrx_word' id='word_1_524' title='bbox 2168 3178 2468 3235; x_wconf 88' lang='lat' dir='ltr'><strong><em>substantia</em></strong></span> <span class='ocrx_word' id='word_1_525' title='bbox 2503 3177 2724 3247; x_wconf 73' lang='lat' dir='ltr'><strong><em>quiestio</em></strong></span> <span class='ocrx_word' id='word_1_526' title='bbox 2762 3177 2989 3239; x_wconf 88' lang='lat' dir='ltr'><strong><em>oriatur,</em></strong></span> <span class='ocrx_word' id='word_1_527' title='bbox 3037 3189 3102 3228; x_wconf 73' lang='lat' dir='ltr'><strong><em>ex</em></strong></span> <span class='ocrx_word' id='word_1_528' title='bbox 3126 3174 3313 3243; x_wconf 88' lang='lat' dir='ltr'><strong><em>primis</em></strong></span> <span class='ocrx_word' id='word_1_529' title='bbox 3348 3182 3399 3226; x_wconf 93' lang='lat' dir='ltr'><strong><em>et</em></strong></span> <span class='ocrx_word' id='word_1_530' title='bbox 3442 3188 3508 3225; x_wconf 75' lang='lat' dir='ltr'><strong><em>ex</em></strong></span> 
     </span>
    </p>
   </div>
   <div class='ocr_carea' id='block_1_72' title="bbox 1928 3264 3507 3342">
    <p class='ocr_par' dir='ltr' id='par_1_72' title="bbox 1928 3264 3507 3342">
     <span class='ocr_line' id='line_1_72' title="bbox 1928 3264 3507 3342; baseline -0.009 -13"><span class='ocrx_word' id='word_1_531' title='bbox 1928 3274 2166 3342; x_wconf 84' lang='lat' dir='ltr'><strong><em>cognatis</em></strong></span> <span class='ocrx_word' id='word_1_532' title='bbox 2207 3267 2634 3325; x_wconf 87' lang='lat' dir='ltr'><strong><em>substantiarum</em></strong></span> <span class='ocrx_word' id='word_1_533' title='bbox 2665 3264 3053 3334; x_wconf 86' lang='lat' dir='ltr'><strong><em>operationibus</em></strong></span> <span class='ocrx_word' id='word_1_534' title='bbox 3081 3273 3395 3336; x_wconf 89' lang='lat' dir='ltr'><strong><em>argumenta</em></strong></span> <span class='ocrx_word' id='word_1_535' title='bbox 3423 3280 3507 3315; x_wconf 89' lang='lat' dir='ltr'><strong><em>re-</em></strong></span> 
     </span>
    </p>
   </div>
   <div class='ocr_carea' id='block_1_73' title="bbox 1928 3356 3506 3429">
    <p class='ocr_par' dir='ltr' id='par_1_73' title="bbox 1928 3356 3506 3429">
     <span class='ocr_line' id='line_1_73' title="bbox 1928 3356 3506 3429; baseline -0.006 -9"><span class='ocrx_word' id='word_1_536' title='bbox 1928 3382 2046 3420; x_wconf 90' lang='lat' dir='ltr'><strong><em>rum</em></strong></span> <span class='ocrx_word' id='word_1_537' title='bbox 2070 3359 2602 3419; x_wconf 87' lang='lat' dir='ltr'><strong><em>demonstrandarum</em></strong></span> <span class='ocrx_word' id='word_1_538' title='bbox 2637 3368 2853 3428; x_wconf 89' lang='lat' dir='ltr'><strong><em>petant,</em></strong></span> <span class='ocrx_word' id='word_1_539' title='bbox 2887 3373 3169 3429; x_wconf 87' lang='lat' dir='ltr'><strong><em>eorumque</em></strong></span> <span class='ocrx_word' id='word_1_540' title='bbox 3214 3356 3278 3411; x_wconf 90' lang='lat' dir='ltr'><strong><em>de</em></strong></span> <span class='ocrx_word' id='word_1_541' title='bbox 3321 3357 3506 3426; x_wconf 74' lang='lat' dir='ltr'><strong><em>quibus</em></strong></span> 
     </span>
    </p>
   </div>
   <div class='ocr_carea' id='block_1_74' title="bbox 1930 3449 3509 3528">
    <p class='ocr_par' dir='ltr' id='par_1_74' title="bbox 1930 3449 3509 3528">
     <span class='ocr_line' id='line_1_74' title="bbox 1930 3449 3509 3528; baseline -0.006 -17"><span class='ocrx_word' id='word_1_542' title='bbox 1930 3457 2217 3528; x_wconf 83' lang='lat' dir='ltr'><strong><em>ambigitur</em></strong></span> <span class='ocrx_word' id='word_1_543' title='bbox 2243 3453 2582 3509; x_wconf 87' lang='lat' dir='ltr'><strong><em>solutionem.</em></strong></span> <span class='ocrx_word' id='word_1_544' title='bbox 2613 3453 2685 3506; x_wconf 81' lang='lat' dir='ltr'><strong><em>At</em></strong></span> <span class='ocrx_word' id='word_1_545' title='bbox 2713 3468 2831 3508; x_wconf 82' lang='lat' dir='ltr'><strong><em>vero</em></strong></span> <span class='ocrx_word' id='word_1_546' title='bbox 2869 3450 3253 3505; x_wconf 86' lang='lat' dir='ltr'><strong><em>dubitationem</em></strong></span> <span class='ocrx_word' id='word_1_547' title='bbox 3291 3449 3354 3503; x_wconf 90' lang='lat' dir='ltr'><strong><em>de</em></strong></span> <span class='ocrx_word' id='word_1_548' title='bbox 3392 3464 3509 3517; x_wconf 91' lang='lat' dir='ltr'><strong><em>ope-</em></strong></span> 
     </span>
    </p>
   </div>
   <div class='ocr_carea' id='block_1_75' title="bbox 1930 3542 3510 3607">
    <p class='ocr_par' dir='ltr' id='par_1_75' title="bbox 1930 3542 3510 3607">
     <span class='ocr_line' id='line_1_75' title="bbox 1930 3542 3510 3607; baseline -0.007 -3"><span class='ocrx_word' id='word_1_549' title='bbox 1930 3548 2230 3604; x_wconf 89' lang='lat' dir='ltr'><strong><em>rationibus</em></strong></span> <span class='ocrx_word' id='word_1_550' title='bbox 2268 3561 2332 3602; x_wconf 67' lang='grc' dir='ltr'><strong><em>στ</em></strong></span> <span class='ocrx_word' id='word_1_551' title='bbox 2370 3545 2685 3602; x_wconf 87' lang='lat' dir='ltr'><strong><em>substantiis</em></strong></span> <span class='ocrx_word' id='word_1_552' title='bbox 2718 3543 3038 3607; x_wconf 84' lang='lat' dir='ltr'><strong><em>dissolvent,</em></strong></span> <span class='ocrx_word' id='word_1_553' title='bbox 3069 3542 3177 3596; x_wconf 90' lang='lat' dir='ltr'><strong><em>rati</em></strong></span> <span class='ocrx_word' id='word_1_554' title='bbox 3202 3542 3510 3597; x_wconf 87' lang='lat' dir='ltr'><strong><em>convenien-</em></strong></span> 
     </span>
    </p>
   </div>
   <div class='ocr_carea' id='block_1_76' title="bbox 1933 3633 3508 3706">
    <p class='ocr_par' dir='ltr' id='par_1_76' title="bbox 1933 3633 3508 3706">
     <span class='ocr_line' id='line_1_76' title="bbox 1933 3633 3508 3706; baseline -0.007 -11"><span class='ocrx_word' id='word_1_555' title='bbox 1933 3642 2119 3697; x_wconf 89' lang='lat' dir='ltr'><strong><em>tiorem</em></strong></span> <span class='ocrx_word' id='word_1_556' title='bbox 2147 3649 2195 3694; x_wconf 87' lang='lat' dir='ltr'><strong><em>et</em></strong></span> <span class='ocrx_word' id='word_1_557' title='bbox 2229 3637 2470 3694; x_wconf 90' lang='lat' dir='ltr'><strong><em>omnibus</em></strong></span> <span class='ocrx_word' id='word_1_558' title='bbox 2514 3637 2785 3693; x_wconf 86' lang='lat' dir='ltr'><strong><em>utiliorem</em></strong></span> <span class='ocrx_word' id='word_1_559' title='bbox 2825 3636 2936 3706; x_wconf 76' lang='lat' dir='ltr'><strong><em>fore</em></strong></span> <span class='ocrx_word' id='word_1_560' title='bbox 3021 3651 3052 3688; x_wconf 94' lang='lat' dir='ltr'><strong><em>a</em></strong></span> <span class='ocrx_word' id='word_1_561' title='bbox 3095 3633 3278 3703; x_wconf 88' lang='lat' dir='ltr'><strong><em>primis</em></strong></span> <span class='ocrx_word' id='word_1_562' title='bbox 3322 3633 3390 3686; x_wconf 79' lang='lat' dir='ltr'><strong><em>ad</em></strong></span> <span class='ocrx_word' id='word_1_563' title='bbox 3429 3650 3508 3685; x_wconf 85' lang='lat' dir='ltr'><strong><em>se-</em></strong></span> 
     </span>
    </p>
   </div>
   <div class='ocr_carea' id='block_1_77' title="bbox 1932 3731 2457 3788">
    <p class='ocr_par' dir='ltr' id='par_1_77' title="bbox 1932 3731 2457 3788">
     <span class='ocr_line' id='line_1_77' title="bbox 1932 3731 2457 3788; baseline -0.011 0"><span class='ocrx_word' id='word_1_564' title='bbox 1932 3732 2104 3788; x_wconf 86' lang='lat' dir='ltr'><strong><em>cunda</em></strong></span> <span class='ocrx_word' id='word_1_565' title='bbox 2132 3731 2457 3786; x_wconf 86' lang='lat' dir='ltr'><strong><em>descensum.</em></strong></span> 
     </span>
    </p>
   </div>
   <div class='ocr_carea' id='block_1_78' title="bbox 236 3814 3509 3896">
    <p class='ocr_par' dir='ltr' id='par_1_78' title="bbox 236 3814 3509 3896">
     <span class='ocr_line' id='line_1_78' title="bbox 236 3814 3509 3896; baseline -0.007 -9"><span class='ocrx_word' id='word_1_566' title='bbox 236 3815 366 3870; x_wconf 66' lang='grc' dir='ltr'><strong><em>τῶν</em></strong></span> <span class='ocrx_word' id='word_1_567' title='bbox 390 3818 964 3889; x_wconf 59' lang='grc' dir='ltr'><em>ἀμφισϐητουμένων</em></span> <span class='ocrx_word' id='word_1_568' title='bbox 994 3821 1109 3891; x_wconf 80' lang='grc' dir='ltr'><em>τὴν</em></span> <span class='ocrx_word' id='word_1_569' title='bbox 1135 3823 1454 3880; x_wconf 76' lang='grc' dir='ltr'><em>διάλυσιν·</em></span> <span class='ocrx_word' id='word_1_570' title='bbox 1526 3829 1640 3896; x_wconf 80' lang='grc' dir='ltr'><strong><em>τὴν</em></strong></span> <span class='ocrx_word' id='word_1_571' title='bbox 1693 3830 1762 3884; x_wconf 86' lang='grc' dir='ltr'><em>δὲ</em></span> <span class='ocrx_word' id='word_1_572' title='bbox 1792 3830 1893 3885; x_wconf 74' lang='grc' dir='ltr'><strong><em>ἐπὶ</em></strong></span> <span class='ocrx_word' id='word_1_573' title='bbox 1927 3829 2058 3895; x_wconf 85' lang='grc' dir='ltr'><em>ταῖς</em></span> <span class='ocrx_word' id='word_1_574' title='bbox 2099 3825 2421 3894; x_wconf 83' lang='grc' dir='ltr'><em>ἐνεργείαις</em></span> <span class='ocrx_word' id='word_1_575' title='bbox 2463 3822 2823 3893; x_wconf 69' lang='grc' dir='ltr'><em>ἀμφιϐολίαν</em></span> <span class='ocrx_word' id='word_1_576' title='bbox 2876 3818 3235 3872; x_wconf 74' lang='grc' dir='ltr'><em>διαλύουσιν</em></span> <span class='ocrx_word' id='word_1_577' title='bbox 3282 3815 3349 3867; x_wconf 79' lang='grc' dir='ltr'><strong><em>ἐκ</em></strong></span> <span class='ocrx_word' id='word_1_578' title='bbox 3392 3814 3509 3867; x_wconf 80' lang='grc' dir='ltr'><em>τῶν</em></span> 
     </span>
    </p>
   </div>
   <div class='ocr_carea' id='block_1_79' title="bbox 238 3906 3510 3986">
    <p class='ocr_par' dir='ltr' id='par_1_79' title="bbox 238 3906 3510 3986">
     <span class='ocr_line' id='line_1_79' title="bbox 238 3906 3510 3986; baseline -0.006 -6"><span class='ocrx_word' id='word_1_579' title='bbox 238 3910 497 3975; x_wconf 63' lang='grc' dir='ltr'><strong><em>οὐσιῶν,</em></strong></span> <span class='ocrx_word' id='word_1_580' title='bbox 528 3910 960 3980; x_wconf 76' lang='grc' dir='ltr'><em>ἁρμοδιωτέραν</em></span> <span class='ocrx_word' id='word_1_581' title='bbox 1005 3930 1071 3983; x_wconf 77' lang='grc' dir='ltr'><em>τε</em></span> <span class='ocrx_word' id='word_1_582' title='bbox 1106 3914 1234 3984; x_wconf 75' lang='grc' dir='ltr'><em>μὴν</em></span> <span class='ocrx_word' id='word_1_583' title='bbox 1276 3917 1375 3971; x_wconf 73' lang='grc' dir='ltr'><strong><em>καὶ</em></strong></span> <span class='ocrx_word' id='word_1_584' title='bbox 1401 3917 1525 3985; x_wconf 84' lang='grc' dir='ltr'><em>τοῖς</em></span> <span class='ocrx_word' id='word_1_585' title='bbox 1557 3920 1745 3975; x_wconf 84' lang='grc' dir='ltr'><em>πᾶσιν</em></span> <span class='ocrx_word' id='word_1_586' title='bbox 1781 3917 2233 3986; x_wconf 65' lang='grc' dir='ltr'><em>ἀνυσιμωτέραν</em></span> <span class='ocrx_word' id='word_1_587' title='bbox 2268 3914 2538 3986; x_wconf 74' lang='grc' dir='ltr'><em>ἡγεῖσθαι</em></span> <span class='ocrx_word' id='word_1_588' title='bbox 2588 3912 2704 3981; x_wconf 81' lang='grc' dir='ltr'><em>τὴν</em></span> <span class='ocrx_word' id='word_1_589' title='bbox 2733 3911 2851 3967; x_wconf 86' lang='grc' dir='ltr'><em>ἀπὸ</em></span> <span class='ocrx_word' id='word_1_590' title='bbox 2883 3910 3001 3963; x_wconf 85' lang='grc' dir='ltr'><em>τῶν</em></span> <span class='ocrx_word' id='word_1_591' title='bbox 3029 3910 3272 3978; x_wconf 88' lang='grc' dir='ltr'><em>πρώτων</em></span> <span class='ocrx_word' id='word_1_592' title='bbox 3302 3906 3401 3960; x_wconf 80' lang='grc' dir='ltr'><strong><em>ἐπὶ</em></strong></span> <span class='ocrx_word' id='word_1_593' title='bbox 3439 3906 3510 3960; x_wconf 85' lang='grc' dir='ltr'><strong><em>τὰ</em></strong></span> 
     </span>
    </p>
   </div>
   <div class='ocr_carea' id='block_1_80' title="bbox 238 4002 800 4072">
    <p class='ocr_par' dir='ltr' id='par_1_80' title="bbox 238 4002 800 4072">
     <span class='ocr_line' id='line_1_80' title="bbox 238 4002 800 4072; baseline -0.002 -14"><span class='ocrx_word' id='word_1_594' title='bbox 238 4004 500 4072; x_wconf 77' lang='grc' dir='ltr'><em>δεύτερα</em></span> <span class='ocrx_word' id='word_1_595' title='bbox 529 4002 800 4058; x_wconf 82' lang='grc' dir='ltr'><em>κάθοδον.</em></span> 
     </span>
    </p>
   </div>
   <div class='ocr_carea' id='block_1_81' title="bbox 328 4093 1821 4182">
    <p class='ocr_par' dir='ltr' id='par_1_81' title="bbox 328 4093 1821 4182">
     <span class='ocr_line' id='line_1_81' title="bbox 328 4093 1821 4182; baseline 0.01 -33"><span class='ocrx_word' id='word_1_596' title='bbox 328 4098 398 4149; x_wconf 81' lang='grc' dir='ltr'><strong>Ἠ</strong></span> <span class='ocrx_word' id='word_1_597' title='bbox 463 4107 562 4167; x_wconf 66' lang='grc' dir='ltr'><em>μὲν</em></span> <span class='ocrx_word' id='word_1_598' title='bbox 609 4093 704 4151; x_wconf 74' lang='grc' dir='ltr'><em>οὖν</em></span> <span class='ocrx_word' id='word_1_599' title='bbox 749 4100 1064 4170; x_wconf 81' lang='grc' dir='ltr'><em>τεχνολογία</em></span> <span class='ocrx_word' id='word_1_600' title='bbox 1109 4102 1210 4173; x_wconf 81' lang='grc' dir='ltr'><em>τῆς</em></span> <span class='ocrx_word' id='word_1_601' title='bbox 1257 4103 1603 4178; x_wconf 76' lang='grc' dir='ltr'><em>βλασφημίας</em></span> <span class='ocrx_word' id='word_1_602' title='bbox 1662 4111 1821 4182; x_wconf 78' lang='grc' dir='ltr'><em>αὕτη.</em></span> 
     </span>
    </p>
   </div>
   <div class='ocr_carea' id='block_1_82' title="bbox 234 4184 1825 4265">
    <p class='ocr_par' dir='ltr' id='par_1_82' title="bbox 234 4184 1825 4265">
     <span class='ocr_line' id='line_1_82' title="bbox 234 4184 1825 4265; baseline 0.008 -26"><span class='ocrx_word' id='word_1_603' title='bbox 234 4184 381 4249; x_wconf 70' lang='grc' dir='ltr'><em>Θεὸς</em></span> <span class='ocrx_word' id='word_1_604' title='bbox 422 4186 479 4239; x_wconf 75' lang='grc' dir='ltr'><em>δὲ</em></span> <span class='ocrx_word' id='word_1_605' title='bbox 521 4188 653 4256; x_wconf 77' lang='grc' dir='ltr'><em>ἡμῖν</em></span> <span class='ocrx_word' id='word_1_606' title='bbox 694 4186 965 4257; x_wconf 78' lang='grc' dir='ltr'><em>ἀληθινὸς,</em></span> <span class='ocrx_word' id='word_1_607' title='bbox 1000 4192 1030 4242; x_wconf 85' lang='grc' dir='ltr'>ὁ</span> <span class='ocrx_word' id='word_1_608' title='bbox 1063 4191 1156 4244; x_wconf 78' lang='grc' dir='ltr'><em>τοῦ</em></span> <span class='ocrx_word' id='word_1_609' title='bbox 1199 4192 1456 4264; x_wconf 78' lang='grc' dir='ltr'><em>ἀληθινοῦ</em></span> <span class='ocrx_word' id='word_1_610' title='bbox 1502 4195 1638 4250; x_wconf 81' lang='grc' dir='ltr'><em>Θεοῦ</em></span> <span class='ocrx_word' id='word_1_611' title='bbox 1676 4199 1825 4265; x_wconf 80' lang='grc' dir='ltr'><strong><em>Υἱὸς,</em></strong></span> 
     </span>
    </p>
   </div>
   <div class='ocr_carea' id='block_1_83' title="bbox 235 4276 1830 4354">
    <p class='ocr_par' dir='ltr' id='par_1_83' title="bbox 235 4276 1830 4354">
     <span class='ocr_line' id='line_1_83' title="bbox 235 4276 1830 4354; baseline 0.007 -25"><span class='ocrx_word' id='word_1_612' title='bbox 235 4276 331 4329; x_wconf 64' lang='grc' dir='ltr'><em>διὰ</em></span> <span class='ocrx_word' id='word_1_613' title='bbox 361 4279 468 4348; x_wconf 77' lang='grc' dir='ltr'><em>τῆς</em></span> <span class='ocrx_word' id='word_1_614' title='bbox 493 4276 585 4330; x_wconf 82' lang='grc' dir='ltr'>τοῦ</span> <span class='ocrx_word' id='word_1_615' title='bbox 611 4278 766 4347; x_wconf 78' lang='grc' dir='ltr'><em>ἁγίου</em></span> <span class='ocrx_word' id='word_1_616' title='bbox 797 4280 1111 4350; x_wconf 80' lang='grc' dir='ltr'><em>Πνεύματος</em></span> <span class='ocrx_word' id='word_1_617' title='bbox 1135 4282 1362 4354; x_wconf 74' lang='grc' dir='ltr'><em>ὁδηγίας</em></span> <span class='ocrx_word' id='word_1_618' title='bbox 1376 4287 1703 4342; x_wconf 68' lang='grc' dir='ltr'><em>κατευθύνει</em></span> <span class='ocrx_word' id='word_1_619' title='bbox 1741 4290 1830 4342; x_wconf 82' lang='grc' dir='ltr'><em>τὸν</em></span> 
     </span>
    </p>
   </div>
   <div class='ocr_carea' id='block_1_84' title="bbox 234 4366 1829 4449">
    <p class='ocr_par' dir='ltr' id='par_1_84' title="bbox 234 4366 1829 4449">
     <span class='ocr_line' id='line_1_84' title="bbox 234 4366 1829 4449; baseline 0.009 -30"><span class='ocrx_word' id='word_1_620' title='bbox 234 4366 407 4435; x_wconf 71' lang='grc' dir='ltr'><em>λόγον</em></span> <span class='ocrx_word' id='word_1_621' title='bbox 439 4368 573 4439; x_wconf 73' lang='grc' dir='ltr'><em>πρὸς</em></span> <span class='ocrx_word' id='word_1_622' title='bbox 614 4372 715 4440; x_wconf 69' lang='grc' dir='ltr'><em>τὴν</em></span> <span class='ocrx_word' id='word_1_623' title='bbox 760 4370 1051 4443; x_wconf 76' lang='grc' dir='ltr'><em>ἀλήθειανο</em></span> <span class='ocrx_word' id='word_1_624' title='bbox 1099 4374 1259 4427; x_wconf 78' lang='grc' dir='ltr'><em>πάλιν</em></span> <span class='ocrx_word' id='word_1_625' title='bbox 1290 4375 1359 4429; x_wconf 77' lang='grc' dir='ltr'><em>τὰ</em></span> <span class='ocrx_word' id='word_1_626' title='bbox 1394 4378 1658 4449; x_wconf 68' lang='grc' dir='ltr'><em>εἰρημένα</em></span> <span class='ocrx_word' id='word_1_627' title='bbox 1696 4379 1829 4433; x_wconf 80' lang='grc' dir='ltr'><strong><em>καθ-</em></strong></span> 
     </span>
    </p>
   </div>
   <div class='ocr_carea' id='block_1_85' title="bbox 1995 4087 3512 4167">
    <p class='ocr_par' dir='ltr' id='par_1_85' title="bbox 1995 4087 3512 4167">
     <span class='ocr_line' id='line_1_85' title="bbox 1995 4087 3512 4167; baseline -0.011 -9"><span class='ocrx_word' id='word_1_628' title='bbox 1995 4102 2122 4158; x_wconf 77' lang='lat' dir='ltr'><strong><em>Haec</em></strong></span> <span class='ocrx_word' id='word_1_629' title='bbox 2153 4109 2239 4156; x_wconf 87' lang='lat' dir='ltr'><strong><em>est</em></strong></span> <span class='ocrx_word' id='word_1_630' title='bbox 2270 4094 2612 4167; x_wconf 80' lang='lat' dir='ltr'><strong><em>blasphemia</em></strong></span> <span class='ocrx_word' id='word_1_631' title='bbox 2641 4092 2941 4148; x_wconf 82' lang='lat' dir='ltr'><strong><em>artiﬁciosa</em></strong></span> <span class='ocrx_word' id='word_1_632' title='bbox 2995 4099 3048 4145; x_wconf 92' lang='lat' dir='ltr'><strong><em>et</em></strong></span> <span class='ocrx_word' id='word_1_633' title='bbox 3079 4088 3310 4145; x_wconf 87' lang='lat' dir='ltr'><strong><em>subdola</em></strong></span> <span class='ocrx_word' id='word_1_634' title='bbox 3337 4087 3512 4159; x_wconf 78' lang='lat' dir='ltr'><strong><em>expli-</em></strong></span> 
     </span>
    </p>
   </div>
   <div class='ocr_carea' id='block_1_86' title="bbox 1928 4179 3504 4253">
    <p class='ocr_par' dir='ltr' id='par_1_86' title="bbox 1928 4179 3504 4253">
     <span class='ocr_line' id='line_1_86' title="bbox 1928 4179 3504 4253; baseline -0.01 -1"><span class='ocrx_word' id='word_1_635' title='bbox 1928 4197 2100 4253; x_wconf 86' lang='lat' dir='ltr'><strong><em>catio.</em></strong></span> <span class='ocrx_word' id='word_1_636' title='bbox 2132 4196 2203 4246; x_wconf 69' lang='lat' dir='ltr'><strong><em>At</em></strong></span> <span class='ocrx_word' id='word_1_637' title='bbox 2233 4191 2379 4246; x_wconf 87' lang='lat' dir='ltr'><strong><em>Deus</em></strong></span> <span class='ocrx_word' id='word_1_638' title='bbox 2416 4187 2579 4241; x_wconf 81' lang='lat' dir='ltr'><strong><em>nobis</em></strong></span> <span class='ocrx_word' id='word_1_639' title='bbox 2616 4198 2782 4239; x_wconf 80' lang='lat' dir='ltr'><strong><em>verax</em></strong></span> <span class='ocrx_word' id='word_1_640' title='bbox 2815 4189 2925 4247; x_wconf 86' lang='lat' dir='ltr'><strong><em>est,</em></strong></span> <span class='ocrx_word' id='word_1_641' title='bbox 2955 4190 3011 4237; x_wconf 85' lang='lat' dir='ltr'><strong><em>et</em></strong></span> <span class='ocrx_word' id='word_1_642' title='bbox 3046 4181 3162 4237; x_wconf 80' lang='lat' dir='ltr'><strong><em>veri</em></strong></span> <span class='ocrx_word' id='word_1_643' title='bbox 3186 4180 3282 4237; x_wconf 86' lang='lat' dir='ltr'><strong><em>Dei</em></strong></span> <span class='ocrx_word' id='word_1_644' title='bbox 3310 4179 3504 4246; x_wconf 87' lang='lat' dir='ltr'><strong><em>Filius,</em></strong></span> 
     </span>
    </p>
   </div>
   <div class='ocr_carea' id='block_1_87' title="bbox 1925 4275 3509 4350">
    <p class='ocr_par' dir='ltr' id='par_1_87' title="bbox 1925 4275 3509 4350">
     <span class='ocr_line' id='line_1_87' title="bbox 1925 4275 3509 4350; baseline -0.01 -5"><span class='ocrx_word' id='word_1_645' title='bbox 1925 4290 2091 4345; x_wconf 88' lang='lat' dir='ltr'><strong><em>ductu</em></strong></span> <span class='ocrx_word' id='word_1_646' title='bbox 2126 4283 2306 4341; x_wconf 84' lang='lat' dir='ltr'><strong><em>sancti</em></strong></span> <span class='ocrx_word' id='word_1_647' title='bbox 2364 4279 2606 4350; x_wconf 82' lang='lat' dir='ltr'><strong><em>Spiritus</em></strong></span> <span class='ocrx_word' id='word_1_648' title='bbox 2658 4277 2798 4350; x_wconf 76' lang='lat' dir='ltr'><strong><em>dit-ig</em></strong></span> <span class='ocrx_word' id='word_1_649' title='bbox 2890 4275 3201 4331; x_wconf 87' lang='lat' dir='ltr'><strong><em>orationem</em></strong></span> <span class='ocrx_word' id='word_1_650' title='bbox 3262 4285 3509 4330; x_wconf 84' lang='lat' dir='ltr'><strong><em>nostram</em></strong></span> 
     </span>
    </p>
   </div>
   <div class='ocr_carea' id='block_1_88' title="bbox 1929 4367 3509 4436">
    <p class='ocr_par' dir='ltr' id='par_1_88' title="bbox 1929 4367 3509 4436">
     <span class='ocr_line' id='line_1_88' title="bbox 1929 4367 3509 4436; baseline -0.008 1"><span class='ocrx_word' id='word_1_651' title='bbox 1929 4381 1998 4436; x_wconf 87' lang='lat' dir='ltr'><strong><em>ad</em></strong></span> <span class='ocrx_word' id='word_1_652' title='bbox 2029 4377 2332 4433; x_wconf 83' lang='lat' dir='ltr'><strong><em>veritatem.</em></strong></span> <span class='ocrx_word' id='word_1_653' title='bbox 2356 4370 2512 4426; x_wconf 82' lang='lat' dir='ltr'><strong><em>Nunc</em></strong></span> <span class='ocrx_word' id='word_1_654' title='bbox 2548 4370 2747 4425; x_wconf 87' lang='lat' dir='ltr'><strong><em>iterum</em></strong></span> <span class='ocrx_word' id='word_1_655' title='bbox 2785 4368 2854 4423; x_wconf 88' lang='lat' dir='ltr'><strong><em>ad</em></strong></span> <span class='ocrx_word' id='word_1_656' title='bbox 2880 4367 3107 4424; x_wconf 81' lang='lat' dir='ltr'><strong><em>verbum</em></strong></span> <span class='ocrx_word' id='word_1_657' title='bbox 3140 4381 3509 4424; x_wconf 84' lang='lat' dir='ltr'><strong><em>resumamus.</em></strong></span> 
     </span>
    </p>
   </div>
   <div class='ocr_carea' id='block_1_89' title="bbox 238 4456 1831 4564">
    <p class='ocr_par' dir='ltr' id='par_1_89' title="bbox 238 4456 1827 4538">
     <span class='ocr_line' id='line_1_89' title="bbox 238 4456 1827 4538; baseline 0.008 -28"><span class='ocrx_word' id='word_1_658' title='bbox 238 4459 377 4526; x_wconf 56' lang='grc' dir='ltr'><em>ιῇς</em></span> <span class='ocrx_word' id='word_1_659' title='bbox 418 4460 795 4531; x_wconf 74' lang='grc' dir='ltr'><em>ἀναλάϐωμεν.</em></span> <span class='ocrx_word' id='word_1_660' title='bbox 839 4456 976 4517; x_wconf 62' lang='lat' dir='ltr'><strong><em>[sine</em></strong></span> <span class='ocrx_word' id='word_1_661' title='bbox 1008 4463 1128 4517; x_wconf 82' lang='grc' dir='ltr'><em>τῶν</em></span> <span class='ocrx_word' id='word_1_662' title='bbox 1169 4467 1299 4519; x_wconf 78' lang='grc' dir='ltr'><strong><em>καθ’</em></strong></span> <span class='ocrx_word' id='word_1_663' title='bbox 1343 4466 1561 4520; x_wconf 79' lang='grc' dir='ltr'><em>ἑαυτὸν</em></span> <span class='ocrx_word' id='word_1_664' title='bbox 1607 4466 1827 4538; x_wconf 81' lang='grc' dir='ltr'><em>δογμά-</em></span> 
     </span>
    </p>
   </div>
   <div class='ocr_carea' id='block_1_90' title="bbox 1930 4456 3512 4564">
    <p class='ocr_par' dir='ltr' id='par_1_90' title="bbox 1933 4459 3512 4544">
     <span class='ocr_line' id='line_1_90' title="bbox 1933 4459 3512 4544; baseline -0.012 -17"><span class='ocrx_word' id='word_1_665' title='bbox 1933 4486 2056 4544; x_wconf 70' lang='lat' dir='ltr'><strong><em>quze</em></strong></span> <span class='ocrx_word' id='word_1_666' title='bbox 2090 4464 2327 4524; x_wconf 73' lang='lat' dir='ltr'><strong><em>effutivit</em></strong></span> <span class='ocrx_word' id='word_1_667' title='bbox 2364 4460 2693 4517; x_wconf 85' lang='lat' dir='ltr'><strong><em>Eunomius.</em></strong></span> <span class='ocrx_word' id='word_1_668' title='bbox 2748 4460 2914 4524; x_wconf 77' lang='lat' dir='ltr'><strong><em>Dixit,</em></strong></span> <span class='ocrx_word' id='word_1_669' title='bbox 2945 4459 3249 4530; x_wconf 89' lang='lat' dir='ltr'><strong><em>dogmatum</em></strong></span> <span class='ocrx_word' id='word_1_670' title='bbox 3296 4473 3512 4511; x_wconf 86' lang='lat' dir='ltr'><strong><em>suorum</em></strong></span> 
     </span>
    </p>
   </div>
   <div class='ocr_carea' id='block_1_91' title="bbox 237 4550 1827 4623">
    <p class='ocr_par' dir='ltr' id='par_1_91' title="bbox 237 4550 1827 4623">
     <span class='ocr_line' id='line_1_91' title="bbox 237 4550 1827 4623; baseline 0.008 -22"><span class='ocrx_word' id='word_1_671' title='bbox 237 4564 362 4601; x_wconf 81' lang='grc' dir='ltr'><strong><em>των</em></strong></span> <span class='ocrx_word' id='word_1_672' title='bbox 388 4550 773 4618; x_wconf 79' lang='grc' dir='ltr'><em>πληροῦσθαι</em></span> <span class='ocrx_word' id='word_1_673' title='bbox 807 4551 914 4605; x_wconf 87' lang='grc' dir='ltr'><em>τὸν</em></span> <span class='ocrx_word' id='word_1_674' title='bbox 942 4555 1129 4623; x_wconf 76' lang='grc' dir='ltr'><em>λόγον</em></span> <span class='ocrx_word' id='word_1_675' title='bbox 1163 4556 1231 4608; x_wconf 82' lang='grc' dir='ltr'><strong><em>ἐκ</em></strong></span> <span class='ocrx_word' id='word_1_676' title='bbox 1273 4555 1383 4623; x_wconf 84' lang='grc' dir='ltr'><em>τῆς</em></span> <span class='ocrx_word' id='word_1_677' title='bbox 1419 4557 1694 4612; x_wconf 84' lang='grc' dir='ltr'><em>ἀνωτάτω</em></span> <span class='ocrx_word' id='word_1_678' title='bbox 1729 4560 1827 4614; x_wconf 73' lang='grc' dir='ltr'><strong><em>καὶ</em></strong></span> 
     </span>
    </p>
   </div>
   <div class='ocr_carea' id='block_1_92' title="bbox 235 4640 1828 4720">
    <p class='ocr_par' dir='ltr' id='par_1_92' title="bbox 235 4640 1828 4720">
     <span class='ocr_line' id='line_1_92' title="bbox 235 4640 1828 4720; baseline 0.007 -27"><span class='ocrx_word' id='word_1_679' title='bbox 235 4640 618 4709; x_wconf 63' lang='grc' dir='ltr'><em>ιιφιωτάτης</em></span> <span class='ocrx_word' id='word_1_680' title='bbox 661 4644 899 4708; x_wconf 86' lang='grc' dir='ltr'><em>οὐσίας,</em></span> <span class='ocrx_word' id='word_1_681' title='bbox 938 4645 1035 4699; x_wconf 77' lang='grc' dir='ltr'><strong><em>καὶ</em></strong></span> <span class='ocrx_word' id='word_1_682' title='bbox 1077 4647 1146 4700; x_wconf 81' lang='grc' dir='ltr'><strong><em>ἐκ</em></strong></span> <span class='ocrx_word' id='word_1_683' title='bbox 1186 4646 1294 4715; x_wconf 82' lang='grc' dir='ltr'><em>τῆς</em></span> <span class='ocrx_word' id='word_1_684' title='bbox 1337 4646 1413 4713; x_wconf 79' lang='grc' dir='ltr'><em>δι’</em></span> <span class='ocrx_word' id='word_1_685' title='bbox 1447 4648 1690 4717; x_wconf 80' lang='grc' dir='ltr'><em>ἐκείνην</em></span> <span class='ocrx_word' id='word_1_686' title='bbox 1712 4652 1828 4720; x_wconf 84' lang='grc' dir='ltr'><em>μὲν</em></span> 
     </span>
    </p>
   </div>
   <div class='ocr_carea' id='block_1_93' title="bbox 238 4733 1829 4810">
    <p class='ocr_par' dir='ltr' id='par_1_93' title="bbox 238 4733 1829 4810">
     <span class='ocr_line' id='line_1_93' title="bbox 238 4733 1829 4810; baseline 0.008 -27"><span class='ocrx_word' id='word_1_687' title='bbox 238 4733 470 4798; x_wconf 74' lang='grc' dir='ltr'><em>οὔσης,</em></span> <span class='ocrx_word' id='word_1_688' title='bbox 494 4736 619 4801; x_wconf 79' lang='grc' dir='ltr'><em>μετ’</em></span> <span class='ocrx_word' id='word_1_689' title='bbox 652 4734 896 4801; x_wconf 84' lang='grc' dir='ltr'><em>ἐκείνην</em></span> <span class='ocrx_word' id='word_1_690' title='bbox 927 4735 995 4789; x_wconf 84' lang='grc' dir='ltr'><em>δὲ</em></span> <span class='ocrx_word' id='word_1_691' title='bbox 1030 4736 1272 4791; x_wconf 80' lang='grc' dir='ltr'><em>πάντων</em></span> <span class='ocrx_word' id='word_1_692' title='bbox 1297 4739 1417 4793; x_wconf 85' lang='grc' dir='ltr'><em>τῶν</em></span> <span class='ocrx_word' id='word_1_693' title='bbox 1442 4740 1649 4795; x_wconf 69' lang='grc' dir='ltr'><em>ἄλλων</em></span> <span class='ocrx_word' id='word_1_694' title='bbox 1677 4758 1829 4810; x_wconf 85' lang='grc' dir='ltr'><em>πρω-</em></span> 
     </span>
    </p>
   </div>
   <div class='ocr_carea' id='block_1_94' title="bbox 238 4824 1828 4899">
    <p class='ocr_par' dir='ltr' id='par_1_94' title="bbox 238 4824 1828 4899">
     <span class='ocr_line' id='line_1_94' title="bbox 238 4824 1828 4899; baseline 0.008 -25"><span class='ocrx_word' id='word_1_695' title='bbox 238 4824 571 4889; x_wconf 61' lang='lat' dir='ltr'><strong><em>cavatione,</em></strong></span> <span class='ocrx_word' id='word_1_696' title='bbox 628 4825 728 4878; x_wconf 75' lang='grc' dir='ltr'><strong><em>καὶ</em></strong></span> <span class='ocrx_word' id='word_1_697' title='bbox 780 4826 980 4893; x_wconf 84' lang='grc' dir='ltr'><em>τρίτης</em></span> <span class='ocrx_word' id='word_1_698' title='bbox 1033 4843 1098 4896; x_wconf 88' lang='grc' dir='ltr'><strong><em>γε</em></strong></span> <span class='ocrx_word' id='word_1_699' title='bbox 1150 4826 1257 4895; x_wconf 84' lang='grc' dir='ltr'><em>τῆς</em></span> <span class='ocrx_word' id='word_1_700' title='bbox 1304 4829 1560 4899; x_wconf 81' lang='grc' dir='ltr'><em>μηδεμιᾷ</em></span> <span class='ocrx_word' id='word_1_701' title='bbox 1603 4833 1828 4886; x_wconf 84' lang='grc' dir='ltr'><em>τούτων</em></span> 
     </span>
    </p>
   </div>
   <div class='ocr_carea' id='block_1_95' title="bbox 236 4916 1831 4993">
    <p class='ocr_par' dir='ltr' id='par_1_95' title="bbox 236 4916 1831 4993">
     <span class='ocr_line' id='line_1_95' title="bbox 236 4916 1831 4993; baseline 0.008 -27"><span class='ocrx_word' id='word_1_702' title='bbox 236 4916 763 4985; x_wconf 66' lang='grc' dir='ltr'><em>σιτ-ταττομένης.</em></span> <span class='ocrx_word' id='word_1_703' title='bbox 809 4917 982 4972; x_wconf 72' lang='grc' dir='ltr'><em>Ἀλλὰ</em></span> <span class='ocrx_word' id='word_1_704' title='bbox 1005 4918 1081 4987; x_wconf 78' lang='grc' dir='ltr'><em>τῇ</em></span> <span class='ocrx_word' id='word_1_705' title='bbox 1109 4919 1221 4987; x_wconf 81' lang='grc' dir='ltr'><em>μὲν</em></span> <span class='ocrx_word' id='word_1_706' title='bbox 1244 4919 1343 4976; x_wconf 81' lang='grc' dir='ltr'><strong><em>διὰ</em></strong></span> <span class='ocrx_word' id='word_1_707' title='bbox 1377 4921 1492 4985; x_wconf 84' lang='grc' dir='ltr'><em>τὴν</em></span> <span class='ocrx_word' id='word_1_708' title='bbox 1512 4923 1727 4987; x_wconf 74' lang='grc' dir='ltr'><em>αἰτίαν,</em></span> <span class='ocrx_word' id='word_1_709' title='bbox 1756 4922 1831 4993; x_wconf 78' lang='grc' dir='ltr'><em>τῇ</em></span> 
     </span>
    </p>
   </div>
   <div class='ocr_carea' id='block_1_96' title="bbox 233 5005 1830 5082">
    <p class='ocr_par' dir='ltr' id='par_1_96' title="bbox 233 5005 1830 5082">
     <span class='ocr_line' id='line_1_96' title="bbox 233 5005 1830 5082; baseline 0.004 -24"><span class='ocrx_word' id='word_1_710' title='bbox 233 5005 305 5058; x_wconf 72' lang='grc' dir='ltr'><em>δὲ</em></span> <span class='ocrx_word' id='word_1_711' title='bbox 336 5006 455 5058; x_wconf 75' lang='grc' dir='ltr'><strong><em>διὰ</em></strong></span> <span class='ocrx_word' id='word_1_712' title='bbox 490 5007 598 5075; x_wconf 77' lang='grc' dir='ltr'><em>τὴν</em></span> <span class='ocrx_word' id='word_1_713' title='bbox 626 5006 932 5077; x_wconf 80' lang='grc' dir='ltr'><em>ἐνέργειαν</em></span> <span class='ocrx_word' id='word_1_714' title='bbox 956 5011 1695 5082; x_wconf 62' lang='grc' dir='ltr'><em>ὐποταττομένηςᾞρῶτον</em></span> <span class='ocrx_word' id='word_1_715' title='bbox 1717 5011 1830 5066; x_wconf 85' lang='grc' dir='ltr'><em>τοι-</em></span> 
     </span>
    </p>
   </div>
   <div class='ocr_carea' id='block_1_97' title="bbox 238 5095 1828 5173">
    <p class='ocr_par' dir='ltr' id='par_1_97' title="bbox 238 5095 1828 5173">
     <span class='ocr_line' id='line_1_97' title="bbox 238 5095 1828 5173; baseline 0.009 -28"><span class='ocrx_word' id='word_1_716' title='bbox 238 5112 336 5147; x_wconf 68' lang='grc' dir='ltr'><em>νυν</em></span> <span class='ocrx_word' id='word_1_717' title='bbox 380 5095 501 5149; x_wconf 76' lang='grc' dir='ltr'><em>τῶν</em></span> <span class='ocrx_word' id='word_1_718' title='bbox 534 5100 591 5151; x_wconf 79' lang='grc' dir='ltr'><em>ὲν</em></span> <span class='ocrx_word' id='word_1_719' title='bbox 629 5098 708 5169; x_wconf 83' lang='grc' dir='ltr'><em>τῷ</em></span> <span class='ocrx_word' id='word_1_720' title='bbox 739 5099 883 5170; x_wconf 81' lang='grc' dir='ltr'><strong><em>λόγῳ</em></strong></span> <span class='ocrx_word' id='word_1_721' title='bbox 921 5102 1410 5173; x_wconf 63' lang='grc' dir='ltr'><em>καωυργηθὲντων</em></span> <span class='ocrx_word' id='word_1_722' title='bbox 1463 5103 1618 5158; x_wconf 77' lang='grc' dir='ltr'><em>τοῦτό</em></span> <span class='ocrx_word' id='word_1_723' title='bbox 1662 5107 1828 5169; x_wconf 74' lang='grc' dir='ltr'><em>ἐστιν,</em></span> 
     </span>
    </p>
   </div>
   <div class='ocr_carea' id='block_1_98' title="bbox 238 5184 1830 5265">
    <p class='ocr_par' dir='ltr' id='par_1_98' title="bbox 238 5184 1830 5265">
     <span class='ocr_line' id='line_1_98' title="bbox 238 5184 1830 5265; baseline 0.008 -30"><span class='ocrx_word' id='word_1_724' title='bbox 238 5184 323 5236; x_wconf 70' lang='grc' dir='ltr'><em>ὅτι</em></span> <span class='ocrx_word' id='word_1_725' title='bbox 354 5184 427 5235; x_wconf 76' lang='grc' dir='ltr'><em>τὸ</em></span> <span class='ocrx_word' id='word_1_726' title='bbox 463 5184 631 5256; x_wconf 70' lang='grc' dir='ltr'><em>δόγμα</em></span> <span class='ocrx_word' id='word_1_727' title='bbox 676 5188 740 5240; x_wconf 80' lang='grc' dir='ltr'><em>τὸ</em></span> <span class='ocrx_word' id='word_1_728' title='bbox 769 5189 1028 5258; x_wconf 79' lang='grc' dir='ltr'><em>μυστικὸν</em></span> <span class='ocrx_word' id='word_1_729' title='bbox 1060 5192 1527 5265; x_wconf 78' lang='grc' dir='ltr'><em>ἐπαγγειλάμενος</em></span> <span class='ocrx_word' id='word_1_730' title='bbox 1569 5195 1699 5264; x_wconf 79' lang='grc' dir='ltr'><em>ἡμῖν</em></span> <span class='ocrx_word' id='word_1_731' title='bbox 1736 5195 1830 5248; x_wconf 83' lang='grc' dir='ltr'><strong><em>ὲκ-</em></strong></span> 
     </span>
    </p>
   </div>
   <div class='ocr_carea' id='block_1_99' title="bbox 244 5274 1832 5353">
    <p class='ocr_par' dir='ltr' id='par_1_99' title="bbox 244 5274 1832 5353">
     <span class='ocr_line' id='line_1_99' title="bbox 244 5274 1832 5353; baseline 0.008 -27"><span class='ocrx_word' id='word_1_732' title='bbox 244 5274 545 5345; x_wconf 65' lang='grc' dir='ltr'><em>ιήσεσθαι,</em></span> <span class='ocrx_word' id='word_1_733' title='bbox 571 5277 760 5350; x_wconf 78' lang='grc' dir='ltr'><em>ὥσπερ</em></span> <span class='ocrx_word' id='word_1_734' title='bbox 791 5279 1171 5353; x_wconf 76' lang='grc' dir='ltr'><em>διορθούμενος</em></span> <span class='ocrx_word' id='word_1_735' title='bbox 1198 5282 1298 5347; x_wconf 80' lang='grc' dir='ltr'><em>τὰς</em></span> <span class='ocrx_word' id='word_1_736' title='bbox 1329 5284 1832 5353; x_wconf 46' lang='grc' dir='ltr'><em>εὐαγγελικὰςηφω-</em></span> 
     </span>
    </p>
   </div>
   <div class='ocr_carea' id='block_1_100' title="bbox 243 5366 1833 5447">
    <p class='ocr_par' dir='ltr' id='par_1_100' title="bbox 243 5366 1833 5447">
     <span class='ocr_line' id='line_1_100' title="bbox 243 5366 1833 5447; baseline 0.008 -29"><span class='ocrx_word' id='word_1_737' title='bbox 243 5368 363 5429; x_wconf 47' lang='lat' dir='ltr'><strong><em>vi;</em></strong></span> <span class='ocrx_word' id='word_1_738' title='bbox 395 5366 508 5419; x_wconf 72' lang='grc' dir='ltr'><strong><em>οὐκ</em></strong></span> <span class='ocrx_word' id='word_1_739' title='bbox 531 5369 758 5434; x_wconf 76' lang='grc' dir='ltr'><em>ἐκείνοις</em></span> <span class='ocrx_word' id='word_1_740' title='bbox 783 5372 1045 5443; x_wconf 78' lang='grc' dir='ltr'><em>κέχρηται</em></span> <span class='ocrx_word' id='word_1_741' title='bbox 1064 5377 1179 5437; x_wconf 82' lang='grc' dir='ltr'><em>τοῖς</em></span> <span class='ocrx_word' id='word_1_742' title='bbox 1205 5374 1451 5445; x_wconf 77' lang='grc' dir='ltr'><em>ὀνόμασι,</em></span> <span class='ocrx_word' id='word_1_743' title='bbox 1485 5375 1553 5430; x_wconf 83' lang='grc' dir='ltr'><em>δι’</em></span> <span class='ocrx_word' id='word_1_744' title='bbox 1582 5370 1658 5430; x_wconf 77' lang='grc' dir='ltr'><em>ὧν</em></span> <span class='ocrx_word' id='word_1_745' title='bbox 1692 5393 1833 5447; x_wconf 73' lang='grc' dir='ltr'><em>παρ-</em></span> 
     </span>
    </p>
   </div>
   <div class='ocr_carea' id='block_1_101' title="bbox 248 5458 1833 5540">
    <p class='ocr_par' dir='ltr' id='par_1_101' title="bbox 248 5458 1833 5540">
     <span class='ocr_line' id='line_1_101' title="bbox 248 5458 1833 5540; baseline 0.009 -32"><span class='ocrx_word' id='word_1_746' title='bbox 248 5458 467 5510; x_wconf 70' lang='grc' dir='ltr'><em>ίέυκεν</em></span> <span class='ocrx_word' id='word_1_747' title='bbox 506 5459 535 5510; x_wconf 83' lang='grc' dir='ltr'><strong>ὁ</strong></span> <span class='ocrx_word' id='word_1_748' title='bbox 566 5460 770 5533; x_wconf 75' lang='grc' dir='ltr'><em>Κύριος</em></span> <span class='ocrx_word' id='word_1_749' title='bbox 814 5465 875 5517; x_wconf 82' lang='grc' dir='ltr'><em>τὸ</em></span> <span class='ocrx_word' id='word_1_750' title='bbox 917 5468 1218 5538; x_wconf 76' lang='grc' dir='ltr'><em>μυστήριον</em></span> <span class='ocrx_word' id='word_1_751' title='bbox 1249 5468 1309 5521; x_wconf 76' lang='grc' dir='ltr'><em>ἐν</em></span> <span class='ocrx_word' id='word_1_752' title='bbox 1338 5471 1404 5540; x_wconf 79' lang='grc' dir='ltr'><em>τῇ</em></span> <span class='ocrx_word' id='word_1_753' title='bbox 1430 5468 1705 5523; x_wconf 75' lang='grc' dir='ltr'><em>τελειώσει</em></span> <span class='ocrx_word' id='word_1_754' title='bbox 1732 5469 1833 5539; x_wconf 83' lang='grc' dir='ltr'><em>τῆς</em></span> 
     </span>
    </p>
   </div>
   <div class='ocr_carea' id='block_1_102' title="bbox 252 5548 1833 5631">
    <p class='ocr_par' dir='ltr' id='par_1_102' title="bbox 252 5548 1833 5631">
     <span class='ocr_line' id='line_1_102' title="bbox 252 5548 1833 5631; baseline 0.01 -31"><span class='ocrx_word' id='word_1_755' title='bbox 252 5548 522 5615; x_wconf 55' lang='lat' dir='ltr'><strong><em>tinam,</em></strong></span> <span class='ocrx_word' id='word_1_756' title='bbox 557 5551 695 5606; x_wconf 76' lang='grc' dir='ltr'><strong><em>ἀλλὰ</em></strong></span> <span class='ocrx_word' id='word_1_757' title='bbox 734 5554 793 5607; x_wconf 74' lang='grc' dir='ltr'><em>τὸ</em></span> <span class='ocrx_word' id='word_1_758' title='bbox 826 5553 996 5625; x_wconf 75' lang='grc' dir='ltr'><em>ὄνομα</em></span> <span class='ocrx_word' id='word_1_759' title='bbox 1034 5556 1129 5611; x_wconf 77' lang='grc' dir='ltr'><em>τοῦ</em></span> <span class='ocrx_word' id='word_1_760' title='bbox 1164 5558 1397 5631; x_wconf 74' lang='grc' dir='ltr'><em>Πατρδς,</em></span> <span class='ocrx_word' id='word_1_761' title='bbox 1425 5560 1520 5615; x_wconf 57' lang='grc' dir='ltr'><strong><em>καὶ⁵</em></strong></span> <span class='ocrx_word' id='word_1_762' title='bbox 1552 5559 1644 5614; x_wconf 81' lang='grc' dir='ltr'><em>τοῦ</em></span> <span class='ocrx_word' id='word_1_763' title='bbox 1681 5558 1833 5627; x_wconf 77' lang='grc' dir='ltr'><em>Υἱοῢ,</em></span> 
     </span>
    </p>
   </div>
   <div class='ocr_carea' id='block_1_103' title="bbox 318 5705 923 5775">
    <p class='ocr_par' dir='ltr' id='par_1_103' title="bbox 318 5705 923 5775">
     <span class='ocr_line' id='line_1_103' title="bbox 318 5705 923 5775; baseline 0.012 -15"><span class='ocrx_word' id='word_1_764' title='bbox 318 5711 363 5741; x_wconf 84' lang='grc'><strong><em>¹¹</em></strong></span> <span class='ocrx_word' id='word_1_765' title='bbox 400 5705 593 5763; x_wconf 60' lang='lat' dir='ltr'><strong><em>“mh.</em></strong></span> <span class='ocrx_word' id='word_1_766' title='bbox 627 5711 923 5775; x_wconf 58' lang='lat' dir='ltr'><strong><em>umidi).</em></strong></span> 
     </span>
    </p>
   </div>
   <div class='ocr_carea' id='block_1_104' title="bbox 513 5806 1134 5868">
    <p class='ocr_par' dir='ltr' id='par_1_104' title="bbox 513 5806 1134 5868">
     <span class='ocr_line' id='line_1_104' title="bbox 513 5806 1134 5868; baseline 0.006 -4"><span class='ocrx_word' id='word_1_767' title='bbox 513 5806 784 5868; x_wconf 74' lang='grc' dir='ltr'><em>ΡΑτιοι.</em></span> <span class='ocrx_word' id='word_1_768' title='bbox 825 5808 941 5868; x_wconf 79' lang='lat' dir='ltr'><strong><em>Gn.</em></strong></span> <span class='ocrx_word' id='word_1_769' title='bbox 978 5808 1134 5868; x_wconf 74' lang='lat' dir='ltr'><strong><em>XLV</em></strong></span> 
     </span>
    </p>
   </div>
   <div class='ocr_carea' id='block_1_105' title="bbox 1934 4551 3513 4623">
    <p class='ocr_par' dir='ltr' id='par_1_105' title="bbox 1934 4551 3513 4623">
     <span class='ocr_line' id='line_1_105' title="bbox 1934 4551 3513 4623; baseline -0.012 -4"><span class='ocrx_word' id='word_1_770' title='bbox 1934 4575 2224 4619; x_wconf 89' lang='lat' dir='ltr'><strong><em>sermonem</em></strong></span> <span class='ocrx_word' id='word_1_771' title='bbox 2263 4564 2430 4609; x_wconf 90' lang='lat' dir='ltr'><strong><em>totum</em></strong></span> <span class='ocrx_word' id='word_1_772' title='bbox 2455 4554 2637 4623; x_wconf 76' lang='lat' dir='ltr'><strong><em>perﬁci</em></strong></span> <span class='ocrx_word' id='word_1_773' title='bbox 2655 4568 2721 4607; x_wconf 80' lang='lat' dir='ltr'><strong><em>ea:</em></strong></span> <span class='ocrx_word' id='word_1_774' title='bbox 2770 4566 3033 4620; x_wconf 87' lang='lat' dir='ltr'><strong><em>suprema,</em></strong></span> <span class='ocrx_word' id='word_1_775' title='bbox 3055 4560 3106 4605; x_wconf 88' lang='lat' dir='ltr'><strong><em>et</em></strong></span> <span class='ocrx_word' id='word_1_776' title='bbox 3136 4551 3365 4603; x_wconf 75' lang='lat' dir='ltr'><strong><em>maxime</em></strong></span> <span class='ocrx_word' id='word_1_777' title='bbox 3392 4565 3513 4616; x_wconf 74' lang='lat' dir='ltr'><strong><em>pro-</em></strong></span> 
     </span>
    </p>
   </div>
   <div class='ocr_carea' id='block_1_106' title="bbox 1933 4640 3510 4725">
    <p class='ocr_par' dir='ltr' id='par_1_106' title="bbox 1933 4640 3510 4725">
     <span class='ocr_line' id='line_1_106' title="bbox 1933 4640 3510 4725; baseline -0.013 -16"><span class='ocrx_word' id='word_1_778' title='bbox 1933 4656 2046 4725; x_wconf 80' lang='lat' dir='ltr'><strong><em>prie</em></strong></span> <span class='ocrx_word' id='word_1_779' title='bbox 2078 4652 2221 4705; x_wconf 88' lang='lat' dir='ltr'><strong><em>dicta</em></strong></span> <span class='ocrx_word' id='word_1_780' title='bbox 2251 4646 2571 4707; x_wconf 89' lang='lat' dir='ltr'><strong><em>substantia,</em></strong></span> <span class='ocrx_word' id='word_1_781' title='bbox 2604 4651 2653 4698; x_wconf 90' lang='lat' dir='ltr'><strong><em>et</em></strong></span> <span class='ocrx_word' id='word_1_782' title='bbox 2685 4657 2750 4697; x_wconf 78' lang='lat' dir='ltr'><strong><em>ea:</em></strong></span> <span class='ocrx_word' id='word_1_783' title='bbox 2780 4643 2897 4707; x_wconf 87' lang='lat' dir='ltr'><strong><em>illa,</em></strong></span> <span class='ocrx_word' id='word_1_784' title='bbox 2929 4658 3045 4710; x_wconf 72' lang='lat' dir='ltr'><strong><em>qua:</em></strong></span> <span class='ocrx_word' id='word_1_785' title='bbox 3071 4657 3162 4710; x_wconf 89' lang='lat' dir='ltr'><strong><em>per</em></strong></span> <span class='ocrx_word' id='word_1_786' title='bbox 3212 4640 3365 4694; x_wconf 90' lang='lat' dir='ltr'><strong><em>illam</em></strong></span> <span class='ocrx_word' id='word_1_787' title='bbox 3412 4648 3510 4698; x_wconf 88' lang='lat' dir='ltr'><strong><em>est,</em></strong></span> 
     </span>
    </p>
   </div>
   <div class='ocr_carea' id='block_1_107' title="bbox 1933 4732 3515 4816">
    <p class='ocr_par' dir='ltr' id='par_1_107' title="bbox 1933 4732 3515 4816">
     <span class='ocr_line' id='line_1_107' title="bbox 1933 4732 3515 4816; baseline -0.012 -16"><span class='ocrx_word' id='word_1_788' title='bbox 1933 4754 2048 4816; x_wconf 88' lang='lat' dir='ltr'><strong><em>post</em></strong></span> <span class='ocrx_word' id='word_1_789' title='bbox 2077 4744 2228 4797; x_wconf 88' lang='lat' dir='ltr'><strong><em>illam</em></strong></span> <span class='ocrx_word' id='word_1_790' title='bbox 2259 4745 2435 4793; x_wconf 90' lang='lat' dir='ltr'><strong><em>autem</em></strong></span> <span class='ocrx_word' id='word_1_791' title='bbox 2464 4735 2678 4805; x_wconf 88' lang='lat' dir='ltr'><strong><em>reliquis</em></strong></span> <span class='ocrx_word' id='word_1_792' title='bbox 2712 4734 2953 4788; x_wconf 88' lang='lat' dir='ltr'><strong><em>omnibus</em></strong></span> <span class='ocrx_word' id='word_1_793' title='bbox 3011 4732 3306 4787; x_wconf 88' lang='lat' dir='ltr'><strong><em>antecellit:</em></strong></span> <span class='ocrx_word' id='word_1_794' title='bbox 3350 4741 3400 4784; x_wconf 89' lang='lat' dir='ltr'><strong><em>et</em></strong></span> <span class='ocrx_word' id='word_1_795' title='bbox 3450 4745 3515 4784; x_wconf 78' lang='lat' dir='ltr'><strong><em>ea:</em></strong></span> 
     </span>
    </p>
   </div>
   <div class='ocr_carea' id='block_1_108' title="bbox 1936 4820 3514 4903">
    <p class='ocr_par' dir='ltr' id='par_1_108' title="bbox 1936 4820 3514 4903">
     <span class='ocr_line' id='line_1_108' title="bbox 1936 4820 3514 4903; baseline -0.011 -13"><span class='ocrx_word' id='word_1_796' title='bbox 1936 4835 2092 4891; x_wconf 87' lang='lat' dir='ltr'><strong><em>tertia</em></strong></span> <span class='ocrx_word' id='word_1_797' title='bbox 2116 4847 2230 4903; x_wconf 73' lang='lat' dir='ltr'><strong><em>qua:</em></strong></span> <span class='ocrx_word' id='word_1_798' title='bbox 2262 4845 2380 4883; x_wconf 88' lang='lat' dir='ltr'><strong><em>cum</em></strong></span> <span class='ocrx_word' id='word_1_799' title='bbox 2428 4825 2578 4881; x_wconf 91' lang='lat' dir='ltr'><strong><em>nulla</em></strong></span> <span class='ocrx_word' id='word_1_800' title='bbox 2605 4824 2793 4877; x_wconf 86' lang='lat' dir='ltr'><strong><em>harum</em></strong></span> <span class='ocrx_word' id='word_1_801' title='bbox 2850 4822 3212 4879; x_wconf 84' lang='lat' dir='ltr'><strong><em>coordinatur.</em></strong></span> <span class='ocrx_word' id='word_1_802' title='bbox 3273 4820 3377 4875; x_wconf 89' lang='lat' dir='ltr'><strong><em>Sed</em></strong></span> <span class='ocrx_word' id='word_1_803' title='bbox 3431 4821 3514 4874; x_wconf 89' lang='lat' dir='ltr'><strong><em>illi</em></strong></span> 
     </span>
    </p>
   </div>
   <div class='ocr_carea' id='block_1_109' title="bbox 1935 4913 3514 4997">
    <p class='ocr_par' dir='ltr' id='par_1_109' title="bbox 1935 4913 3514 4997">
     <span class='ocr_line' id='line_1_109' title="bbox 1935 4913 3514 4997; baseline -0.009 -17"><span class='ocrx_word' id='word_1_804' title='bbox 1935 4924 2142 4997; x_wconf 87' lang='lat' dir='ltr'><strong><em>quidem</em></strong></span> <span class='ocrx_word' id='word_1_805' title='bbox 2170 4931 2228 4976; x_wconf 91' lang='lat' dir='ltr'><strong><em>ut</em></strong></span> <span class='ocrx_word' id='word_1_806' title='bbox 2256 4934 2454 4984; x_wconf 68' lang='lat' dir='ltr'><strong><em>causa,</em></strong></span> <span class='ocrx_word' id='word_1_807' title='bbox 2510 4916 2630 4969; x_wconf 84' lang='lat' dir='ltr'><strong><em>huic</em></strong></span> <span class='ocrx_word' id='word_1_808' title='bbox 2658 4922 2715 4967; x_wconf 90' lang='lat' dir='ltr'><strong><em>ut</em></strong></span> <span class='ocrx_word' id='word_1_809' title='bbox 2746 4915 3062 4982; x_wconf 82' lang='lat' dir='ltr'><strong><em>operationi,</em></strong></span> <span class='ocrx_word' id='word_1_810' title='bbox 3098 4931 3203 4984; x_wconf 87' lang='lat' dir='ltr'><strong><em>qua</em></strong></span> <span class='ocrx_word' id='word_1_811' title='bbox 3230 4913 3377 4983; x_wconf 79' lang='lat' dir='ltr'><strong><em>facta</em></strong></span> <span class='ocrx_word' id='word_1_812' title='bbox 3412 4921 3514 4976; x_wconf 86' lang='lat' dir='ltr'><strong><em>est,</em></strong></span> 
     </span>
    </p>
   </div>
   <div class='ocr_carea' id='block_1_110' title="bbox 1935 5003 3517 5085">
    <p class='ocr_par' dir='ltr' id='par_1_110' title="bbox 1935 5003 3517 5085">
     <span class='ocr_line' id='line_1_110' title="bbox 1935 5003 3517 5085; baseline -0.009 -13"><span class='ocrx_word' id='word_1_813' title='bbox 1935 5016 2215 5085; x_wconf 86' lang='lat' dir='ltr'><strong><em>subjicitur</em></strong></span> <span class='ocrx_word' id='word_1_814' title='bbox 2250 5028 2267 5066; x_wconf 89' lang='lat'><strong><em>:</em></strong></span> <span class='ocrx_word' id='word_1_815' title='bbox 2310 5011 2547 5081; x_wconf 89' lang='lat' dir='ltr'><strong><em>primum</em></strong></span> <span class='ocrx_word' id='word_1_816' title='bbox 2588 5005 2809 5077; x_wconf 82' lang='lat' dir='ltr'><strong><em>quidem</em></strong></span> <span class='ocrx_word' id='word_1_817' title='bbox 2855 5005 2911 5060; x_wconf 87' lang='lat' dir='ltr'><strong><em>in</em></strong></span> <span class='ocrx_word' id='word_1_818' title='bbox 2950 5005 3036 5061; x_wconf 83' lang='lat' dir='ltr'><strong><em>bis</em></strong></span> <span class='ocrx_word' id='word_1_819' title='bbox 3075 5007 3256 5061; x_wconf 81' lang='lat' dir='ltr'><strong><em>verbis</em></strong></span> <span class='ocrx_word' id='word_1_820' title='bbox 3300 5003 3517 5058; x_wconf 71' lang='lat' dir='ltr'><strong><em>malitia:</em></strong></span> 
     </span>
    </p>
   </div>
   <div class='ocr_carea' id='block_1_111' title="bbox 1936 5094 3513 5176">
    <p class='ocr_par' dir='ltr' id='par_1_111' title="bbox 1936 5094 3513 5176">
     <span class='ocr_line' id='line_1_111' title="bbox 1936 5094 3513 5176; baseline -0.008 -14"><span class='ocrx_word' id='word_1_821' title='bbox 1936 5115 1990 5162; x_wconf 87' lang='lat' dir='ltr'><strong><em>et</em></strong></span> <span class='ocrx_word' id='word_1_822' title='bbox 2037 5102 2407 5176; x_wconf 81' lang='lat' dir='ltr'><strong><em>improbitatis</em></strong></span> <span class='ocrx_word' id='word_1_823' title='bbox 2467 5101 2683 5169; x_wconf 78' lang='lat' dir='ltr'><strong><em>signum</em></strong></span> <span class='ocrx_word' id='word_1_824' title='bbox 2735 5097 2838 5151; x_wconf 78' lang='lat' dir='ltr'><strong><em>hoc</em></strong></span> <span class='ocrx_word' id='word_1_825' title='bbox 2875 5103 2982 5160; x_wconf 88' lang='lat' dir='ltr'><strong><em>est,</em></strong></span> <span class='ocrx_word' id='word_1_826' title='bbox 3035 5095 3180 5165; x_wconf 87' lang='lat' dir='ltr'><strong><em>quod</em></strong></span> <span class='ocrx_word' id='word_1_827' title='bbox 3237 5094 3513 5164; x_wconf 78' lang='lat' dir='ltr'><strong><em>pollicitus</em></strong></span> 
     </span>
    </p>
   </div>
   <div class='ocr_carea' id='block_1_112' title="bbox 1936 5190 3516 5267">
    <p class='ocr_par' dir='ltr' id='par_1_112' title="bbox 1936 5190 3516 5267">
     <span class='ocr_line' id='line_1_112' title="bbox 1936 5190 3516 5267; baseline -0.009 -14"><span class='ocrx_word' id='word_1_828' title='bbox 1936 5197 2129 5267; x_wconf 76' lang='lat' dir='ltr'><strong><em>dogma</em></strong></span> <span class='ocrx_word' id='word_1_829' title='bbox 2159 5193 2451 5265; x_wconf 84' lang='lat' dir='ltr'><strong><em>mysticum</em></strong></span> <span class='ocrx_word' id='word_1_830' title='bbox 2489 5190 2650 5245; x_wconf 85' lang='lat' dir='ltr'><strong><em>nobis</em></strong></span> <span class='ocrx_word' id='word_1_831' title='bbox 2692 5202 2997 5258; x_wconf 80' lang='lat' dir='ltr'><strong><em>exponere,</em></strong></span> <span class='ocrx_word' id='word_1_832' title='bbox 3040 5195 3298 5255; x_wconf 85' lang='lat' dir='ltr'><strong><em>tanquam</em></strong></span> <span class='ocrx_word' id='word_1_833' title='bbox 3331 5199 3516 5240; x_wconf 85' lang='lat' dir='ltr'><strong><em>corre-</em></strong></span> 
     </span>
    </p>
   </div>
   <div class='ocr_carea' id='block_1_113' title="bbox 1939 5273 3516 5349">
    <p class='ocr_par' dir='ltr' id='par_1_113' title="bbox 1939 5273 3516 5349">
     <span class='ocr_line' id='line_1_113' title="bbox 1939 5273 3516 5349; baseline -0.008 -10"><span class='ocrx_word' id='word_1_834' title='bbox 1939 5292 2132 5349; x_wconf 68' lang='lat' dir='ltr'><strong><em>cturus</em></strong></span> <span class='ocrx_word' id='word_1_835' title='bbox 2171 5296 2337 5337; x_wconf 76' lang='lat' dir='ltr'><strong><em>voces</em></strong></span> <span class='ocrx_word' id='word_1_836' title='bbox 2362 5278 2727 5349; x_wconf 78' lang='lat' dir='ltr'><strong><em>evangelicas,</em></strong></span> <span class='ocrx_word' id='word_1_837' title='bbox 2755 5290 2863 5330; x_wconf 88' lang='lat' dir='ltr'><strong><em>non</em></strong></span> <span class='ocrx_word' id='word_1_838' title='bbox 2900 5290 2963 5330; x_wconf 87' lang='lat' dir='ltr'><strong><em>ea</em></strong></span> <span class='ocrx_word' id='word_1_839' title='bbox 2995 5275 3216 5329; x_wconf 86' lang='lat' dir='ltr'><strong><em>nomina</em></strong></span> <span class='ocrx_word' id='word_1_840' title='bbox 3247 5273 3516 5340; x_wconf 88' lang='lat' dir='ltr'><strong><em>adhibuit,</em></strong></span> 
     </span>
    </p>
   </div>
   <div class='ocr_carea' id='block_1_114' title="bbox 1938 5366 3515 5449">
    <p class='ocr_par' dir='ltr' id='par_1_114' title="bbox 1938 5366 3515 5449">
     <span class='ocr_line' id='line_1_114' title="bbox 1938 5366 3515 5449; baseline -0.008 -16"><span class='ocrx_word' id='word_1_841' title='bbox 1938 5378 2138 5449; x_wconf 86' lang='lat' dir='ltr'><strong><em>quibus</em></strong></span> <span class='ocrx_word' id='word_1_842' title='bbox 2170 5374 2433 5430; x_wconf 88' lang='lat' dir='ltr'><strong><em>Dominus</em></strong></span> <span class='ocrx_word' id='word_1_843' title='bbox 2472 5371 2631 5427; x_wconf 86' lang='lat' dir='ltr'><strong><em>nobis</em></strong></span> <span class='ocrx_word' id='word_1_844' title='bbox 2670 5369 2986 5441; x_wconf 84' lang='lat' dir='ltr'><strong><em>mysterium</em></strong></span> <span class='ocrx_word' id='word_1_845' title='bbox 3036 5366 3257 5422; x_wconf 81' lang='lat' dir='ltr'><strong><em>tradidit</em></strong></span> <span class='ocrx_word' id='word_1_846' title='bbox 3294 5370 3360 5429; x_wconf 77' lang='lat'><strong><em>&quot;,</em></strong></span> <span class='ocrx_word' id='word_1_847' title='bbox 3391 5382 3515 5420; x_wconf 88' lang='lat' dir='ltr'><strong><em>cum</em></strong></span> 
     </span>
    </p>
   </div>
   <div class='ocr_carea' id='block_1_115' title="bbox 1937 5456 3520 5537">
    <p class='ocr_par' dir='ltr' id='par_1_115' title="bbox 1937 5456 3520 5537">
     <span class='ocr_line' id='line_1_115' title="bbox 1937 5456 3520 5537; baseline -0.011 -11"><span class='ocrx_word' id='word_1_848' title='bbox 1937 5469 2062 5525; x_wconf 79' lang='lat' dir='ltr'><strong><em>ﬁdei</em></strong></span> <span class='ocrx_word' id='word_1_849' title='bbox 2114 5466 2568 5537; x_wconf 86' lang='lat' dir='ltr'><strong><em>complementum</em></strong></span> <span class='ocrx_word' id='word_1_850' title='bbox 2595 5460 2921 5531; x_wconf 77' lang='lat' dir='ltr'><strong><em>assignaret,</em></strong></span> <span class='ocrx_word' id='word_1_851' title='bbox 2956 5459 3050 5514; x_wconf 83' lang='lat' dir='ltr'><strong><em>sed</em></strong></span> <span class='ocrx_word' id='word_1_852' title='bbox 3084 5460 3304 5514; x_wconf 84' lang='lat' dir='ltr'><strong><em>nomine</em></strong></span> <span class='ocrx_word' id='word_1_853' title='bbox 3336 5456 3520 5512; x_wconf 81' lang='lat' dir='ltr'><strong><em>Patris</em></strong></span> 
     </span>
    </p>
   </div>
   <div class='ocr_carea' id='block_1_116' title="bbox 1938 5549 3513 5626">
    <p class='ocr_par' dir='ltr' id='par_1_116' title="bbox 1938 5549 3513 5626">
     <span class='ocr_line' id='line_1_116' title="bbox 1938 5549 3513 5626; baseline -0.01 -9"><span class='ocrx_word' id='word_1_854' title='bbox 1938 5570 1993 5617; x_wconf 89' lang='lat' dir='ltr'><strong><em>et</em></strong></span> <span class='ocrx_word' id='word_1_855' title='bbox 2030 5557 2151 5616; x_wconf 81' lang='lat' dir='ltr'><strong><em>Filii</em></strong></span> <span class='ocrx_word' id='word_1_856' title='bbox 2182 5567 2233 5615; x_wconf 81' lang='lat' dir='ltr'><strong><em>et</em></strong></span> <span class='ocrx_word' id='word_1_857' title='bbox 2289 5556 2528 5626; x_wconf 85' lang='lat' dir='ltr'><strong><em>Spiritus</em></strong></span> <span class='ocrx_word' id='word_1_858' title='bbox 2556 5553 2735 5612; x_wconf 84' lang='lat' dir='ltr'><strong><em>sancti</em></strong></span> <span class='ocrx_word' id='word_1_859' title='bbox 2769 5565 3088 5623; x_wconf 87' lang='lat' dir='ltr'><strong><em>suppresso,</em></strong></span> <span class='ocrx_word' id='word_1_860' title='bbox 3141 5551 3264 5606; x_wconf 84' lang='lat' dir='ltr'><strong><em>loco</em></strong></span> <span class='ocrx_word' id='word_1_861' title='bbox 3328 5549 3513 5604; x_wconf 81' lang='lat' dir='ltr'><strong><em>Patris</em></strong></span> 
     </span>
    </p>
   </div>
   <div class='ocr_carea' id='block_1_117' title="bbox 3145 5802 3246 5861">
    <p class='ocr_par' dir='ltr' id='par_1_117' title="bbox 3145 5802 3246 5861">
     <span class='ocr_line' id='line_1_117' title="bbox 3145 5802 3246 5861; baseline 0.04 -4"><span class='ocrx_word' id='word_1_862' title='bbox 3145 5802 3246 5861; x_wconf 79' lang='lat'><strong><em>&quot;[0</em></strong></span> 
     </span>
    </p>
   </div>
  </div>
