4008 6210
498 274 601 330 303

1727 279 1782 335 S.
1809 279 2133 338 GREGO‘RII
2166 280 2456 337 NYSSENI

3627 281 3725 337 3M

496 389 565 442 At
596 388 649 442 in
698 385 907 442 inﬁnita
954 396 1008 443 et
1054 381 1394 442 interminata
1433 388 1588 458 copia
1628 395 1681 443 et
1726 390 2059 446 abundantia

2176 392 2285 462 ρίας
2315 391 2602 461 διασωθείη
2648 392 2826 459 λόγος,
2859 393 2905 444 εί
2948 392 3011 446 τὸ
3038 393 3198 446 πλέον
3227 409 3285 445 τε
3311 394 3405 448 καὶ
3434 392 3653 450 ἔλαττον
3683 397 3735 446 ἐν
3778 408 3792 435 ς

495 479 767 536 defectum
806 489 860 535 et
889 478 1328 534 imminutionem
1384 480 1569 535 animo
1614 481 1926 549 concipere,
1971 498 2064 535 ex-

496 584 682 631 tremae
709 574 1036 643 insipientia
1066 579 1445 643 argumentum
1463 580 1568 627 est.
1598 572 1881 637 Quomodo
1917 573 2064 626 enim

497 666 635 723 ratio
665 674 720 719 et
748 665 898 719 notio
931 663 1216 718 inﬁnitatis
1246 663 1527 727 subsistet,
1555 665 1601 717 si
1630 663 1757 733 quis
1800 664 1853 716 in
1895 678 1953 717 re
1982 663 2061 717 in-

496 759 792 814 tentionem
819 766 874 813 et
905 756 1282 812 remissionem
1313 754 1555 810 statuat?
1590 753 1665 808 Ex
1700 753 1887 808 [inium
1921 755 2063 808 enim

497 857 680 902 mutua
709 847 863 916 juxta
889 863 949 903 se
971 846 1318 918 oppositione
1349 845 1630 901 excelsum
1653 846 2064 916 cognoscimus.

499 936 599 993 Ubi
632 953 759 993 vero
778 940 902 993 linis
931 939 1111 994 omnis
1142 938 1319 1003 abest,
1355 951 1594 1007 quanam
1637 938 1851 992 ratione
1878 953 2069 992 exces-

495 1049 590 1088 sus
617 1033 873 1101 cognosci
897 1031 1116 1101 potest?
1164 1030 1246 1085 An
1301 1029 1553 1085 fortassis
1602 1027 1906 1084 Eunnmius
1963 1030 2069 1084 huc

494 1138 603 1177 non
628 1123 962 1186 collineavit,
991 1122 1087 1177 sed
1116 1123 1295 1191 potius
1344 1121 1679 1190 temporaria
1707 1120 1943 1190 quodam
1969 1137 2065 1175 ex-

495 1227 654 1268 eessu
686 1212 1017 1282 cogitatione
1046 1211 1351 1274 eﬂ‘ormalo,
1410 1210 1715 1264 secundum
1746 1210 2064 1279 praerogati-

496 1316 614 1356 vam
635 1303 866 1374 originis
893 1313 947 1358 et
990 1302 1340 1372 antiquitatis
1379 1301 1761 1357 excellentiam
1792 1301 2066 1370 intelligit,

2168 484 2317 554 αὐτῷ
2348 484 2747 554 δογματίζοιτος
2789 486 3019 557 Ἐκσγάρ
3050 487 3145 556 τῆς
3188 486 3293 538 τῶν
3324 485 3570 557 περάτων
3604 488 3737 558 πρὸς

2168 573 2372 643 ἄλληλα
2397 574 2772 644 παραθέσεως,
2794 577 2857 629 τὸ
2885 576 3044 630 πλέον
3078 576 3531 647 διαγινώσκομεν*
3561 577 3645 645 ἐφ’
3664 571 3739 629 ὧν

2169 664 2224 717 δὲ
2254 665 2426 735 πέρας
2457 666 2555 717 οὐκ
2595 665 2859 730 ἐπι,πῶς
2900 668 2965 722 ἄν
2988 686 3071 731 τις
3100 667 3350 738 δυνηθείη
3381 667 3440 719 τὸ
3485 668 3741 737 περισσὸν

2171 756 2418 825 ἐννοῆσαι
2444 775 2458 823 ;
2488 759 2557 810 Ἢ
2586 759 2709 829 οὐχ)⁵
2738 758 2914 824 τοῦτο,
2944 761 3198 831 χρονικὴν
3219 760 3274 813 δέ
3301 778 3422 813 τινα
3458 759 3553 831 τὴν
3576 760 3741 830 ὐπερ-

2168 849 2299 919 οχὴν
2333 850 2549 915 ἐννοῶν,
2582 852 2722 904 κατὰ
2763 851 2829 904 τά
2868 851 3130 922 πρεσϐεῖα
3160 853 3257 921 τῆς
3298 852 3654 923 ἀρχαιότητος
3683 849 3742 902 τὸ

2170 942 2328 997 πλέον
2362 942 2535 1013 νέμει,
2588 944 2682 997 καὶ
2708 942 2794 996 διὰ
2823 943 2980 997 τοῦτο
3010 944 3108 1014 τὴν
3161 943 3252 996 τοῦ
3296 944 3506 1015 Πατρὸς
3553 943 3741 995 οὐσίαν

2174 1033 2339 1103 μόνην
2361 1034 2620 1088 ἀνωτάτω
2648 1035 2838 1106 φησίν;
2872 1034 3078 1088 Οὐκοῦν
3107 1036 3312 1089 εἰπάτω
3331 1035 3437 1088 τίνι
3458 1034 3552 1086 τοῦ
3584 1034 3743 1086 πλέον

2170 1126 2268 1195 τῆς
2294 1124 2388 1177 τοῦ
2415 1125 2626 1197 Πατρὸς
2652 1127 2795 1196 ζωῆς
2825 1125 3166 1197 διεμέτρησε,
3202 1126 3426 1195 μηδενὸς
3450 1125 3744 1194 διαστήμα-

2171 1229 2262 1278 τος
2310 1214 2560 1284 χρονικοῦ
2608 1215 3093 1287 προεπινοουμένσυ
3137 1216 3238 1287 τῆς
3278 1216 3373 1269 τοῦ
3412 1212 3745 1284 Μονογενοῦς

2176 1305 2543 1369 ὑποστάσεως.

492 1394 563 1448 ob
596 1408 826 1464 eamque
875 1394 1054 1449 Patris
1124 1394 1493 1450 substantiam
1542 1395 1715 1449 solam
1788 1394 2032 1447 omnium
2101 1410 2413 1467 supremam
2474 1402 2677 1455 vocat?
2738 1396 2884 1456 dicat
2923 1416 3075 1473 ergo,
3129 1401 3216 1457 cui
3261 1415 3545 1456 excessum
3597 1399 3745 1452 illum

494 1482 639 1543 vitae,
664 1498 771 1552 qua
826 1482 986 1537 Pater
1018 1482 1167 1546 vicit,
1214 1483 1497 1545 attribuat.
1533 1497 1654 1538 cum
1689 1483 1900 1538 nullum
1962 1486 2226 1554 temporis
2294 1489 2530 1558 spatium
2584 1492 2727 1547 inter
2788 1491 3005 1547 Patrem
3052 1499 3107 1548 et
3148 1491 3485 1562 unigenitum
3554 1488 3747 1544 Filium

490 1577 836 1647 interjectum
872 1578 1055 1634 animo
1093 1587 1240 1633 recte
1270 1579 1486 1649 concipi
1518 1579 1717 1648 queat?

562 1712 849 1771 Faciamus
892 1724 1071 1771 tamen
1109 1724 1326 1788 tempus
1366 1718 1727 1783 intercedere,
1768 1721 2066 1789 quomodo,

2241 1718 2435 1772 Καίτοι
2469 1720 2517 1771 εί
2555 1720 2650 1772 καὶ
2675 1719 2831 1773 τοῦτο
2856 1715 2922 1790 ἦν
2963 1717 3221 1790 (είρήσθω
3254 1716 3362 1789 γὰρ
3388 1718 3509 1773 καθ’
3548 1719 3748 1772 ὐπόθε-

497 1824 714 1880 (ιιιοξεο,
749 1811 872 1878 plus
930 1809 997 1865 de
1055 1811 1267 1865 ratione
1317 1811 1638 1866 substantia:
1700 1813 2072 1881 participaret,

497 1900 646 1966 prior
680 1900 771 1953 illa
797 1901 1102 1956 secundum
1150 1901 1499 1956 durationem
1548 1902 1877 1965 substantia,
1911 1916 2072 1971 quam

495 1990 787 2061 posterior,
825 1989 892 2044 de
920 1991 1061 2060 ipsa,
1090 1990 1337 2060 inquam,
1374 1994 1588 2046 ratione
1614 2001 1668 2046 et
1705 1992 2073 2046 notionesub-

496 2080 730 2143 stantiae,
781 2087 839 2134 ut
880 2095 1147 2149 suprema,
1188 2087 1243 2136 et
1279 2097 1400 2151 quae
1447 2083 1655 2151 proprie
1686 2083 1777 2146 sit,
1812 2083 2074 2153 appellari

495 2179 819 2235 mereretur,
853 2170 943 2225 illa
977 2187 1108 2227 vero
1148 2188 1492 2242 nequaquam
1526 2174 1550 2228 ?
1580 2172 1738 2228 Prior
1806 2175 1951 2229 enim
1990 2190 2075 2228 rc-

494 2267 685 2329 spectu
712 2262 1036 2330 posterioris
1060 2303 1076 2329 ,
1131 2263 1497 2319 dinturnioris
1529 2264 1749 2334 quidem
1802 2266 2069 2333 temporis

497 2350 771 2419 particeps
824 2357 929 2415 est,
984 2358 1039 2404 at
1099 2350 1167 2406 de
1217 2352 1540 2408 substantiae
1590 2354 1845 2417 ratione,
1898 2369 2073 2423 neque

502 2441 669 2509 plus,
719 2455 896 2510 neque
958 2442 1162 2508 minus,
1217 2459 1379 2514 quam
1440 2445 1715 2513 posterior
1757 2445 2070 2515 participat.

493 2531 706 2588 Clarior
792 2550 879 2590 res
941 2542 1055 2589 tota
1138 2536 1403 2605 exemplis
1494 2534 1706 2592 evadet.
1770 2535 1918 2603 Quid
1970 2538 2073 2591 mi-

496 2638 600 2677 nus
642 2622 833 2678 habuit
862 2640 1026 2695 quam
1075 2625 1369 2689 Abraham,
1426 2627 1572 2698 quod
1628 2626 1696 2682 ad
1754 2628 2074 2684 substantiae

496 2715 761 2770 rationem
802 2717 1022 2780 attinet,
1059 2718 1253 2773 beatus
1300 2717 1492 2786 David,
1528 2720 1949 2788 quatuordecim
1976 2735 2068 2790 ge-

498 2806 879 2862 nerationibus
916 2807 1011 2862 illo
1038 2808 1219 2862 minor
1259 2809 1343 2860 υτ
1378 2808 1460 2861 An
1508 2810 1657 2879 quod
1698 2818 1945 2879 tempore
1978 2825 2071 2879 po-

497 2899 698 2952 sterior
733 2908 897 2953 natus
928 2898 1098 2962 sit,ob
1116 2898 1169 2952 id
1193 2899 1431 2953 humana
1462 2908 1661 2955 natura
1692 2902 1746 2955 in
1781 2916 1847 2956 eo
1864 2909 2070 2956 mutata

494 2999 598 3048 est,
634 2989 883 3047 minusve
930 2990 1093 3046 homo
1121 2991 1224 3045 fuit
1252 2990 1275 3044 ’ἰ
1306 2991 1440 3057 Quis
1474 2999 1587 3045 tam
1632 2991 1815 3047 fatuus
1843 3000 1950 3059 est,
1976 2993 2070 3061 qui

2179 1828 2261 1863 σιν
2284 1810 2439 1881 τέως)
2484 1812 2516 1881 ή
2541 1810 2618 1879 τῷ
2641 1810 2815 1881 χρόνῳ
2841 1811 3154 1881 προήκουσα
3169 1809 3269 1878 τῆς
3291 1812 3750 1881 μεταγενεστέραις

2176 1902 2380 1969 οὐσίας,
2411 1902 2464 1955 τί
2494 1902 2691 1973 μᾶλλον
2727 1902 2837 1973 ἔχει
2863 1901 2924 1955 τὸ
2960 1897 3120 1965 εἶναι,
3151 1902 3271 1955 κατ’
3307 1900 3468 1955 αὐτόν
3490 1901 3632 1970 λέγω
3658 1901 3750 1953 τὸν

2176 1994 2270 2047 τοῦ
2303 1989 2444 2046 εἶναι
2474 1994 2630 2062 λόγον
2650 2034 2665 2058 ,
2695 1994 2834 2047 ὥστε
2864 1993 2962 2064 τὴν
3001 1994 3098 2064 μὲν
3134 1993 3394 2047 ἀνωτάτω
3427 1993 3522 2046 καὶ
3554 1995 3749 2063 κυρίαν

2175 2085 2375 2155 λέγειν,
2405 2085 2504 2156 τὴν
2534 2086 2590 2138 δὲ
2631 2086 2704 2157 μὴ
2725 2084 2895 2150 οὕτως
2922 2086 3098 2154 ἐχειν;
3127 2085 3235 2138 Τοῦ
3262 2084 3371 2158 γὰρ
3398 2085 3751 2156 προγενεστέ-

2178 2194 2273 2249 ρου
2304 2178 2440 2250 πρὸς
2472 2177 2532 2230 τὸ
2556 2176 2837 2249 νεώτερον,
2863 2180 2890 2231 6
2926 2178 3023 2248 μὲν
3052 2176 3243 2248 χρόνος
3266 2176 3361 2246 τῆς
3384 2176 3528 2248 ζωῆς
3550 2176 3753 2231 πλείων

2176 2269 2322 2322 ἐστίν
2342 2285 2356 2298 ο
2394 2270 2427 2339 ή
2451 2268 2507 2321 δὲ
2536 2268 2691 2321 οὐσία
2718 2269 2867 2339 παρὰ
2893 2267 3069 2333 τοῦτο,
3105 2268 3224 2321 οὐδὲ
3253 2268 3414 2321 πλέον
3440 2268 3501 2321 τὸ
3533 2267 3750 2320 ἔλαττον

2175 2357 2305 2428 ἔχει.
2334 2357 2670 2427 Σαφέστερον
2696 2358 2752 2411 δὲ
2792 2355 2949 2409 τοῦτο
2976 2356 3070 2409 καὶ
3106 2355 3171 2408 δι’
3216 2354 3626 2424 ὑποδειγμάτων
3656 2372 3751 2423 γε-

2174 2449 2394 2519 νήσεται
2418 2466 2431 2478 ·
2464 2448 2518 2500 τί
2544 2446 2762 2501 ἔλαττον
2799 2441 2912 2517 εἶχε
2941 2446 3035 2499 τοῦ
3081 2445 3330 2517 Ἀϐραὰμ
3361 2444 3502 2498 κατά
3530 2445 3620 2497 τὸν
3650 2447 3749 2515 τῆς

2173 2537 2360 2600 οὐσίας
2400 2537 2577 2607 λόγον,
2610 2538 2640 2589 6
2679 2536 2813 2608 μετά
2857 2536 3260 2607 δεκατέσσαρας
3303 2536 3495 2605 γενεὰς
3540 2535 3749 2589 ἀναδει·

2173 2627 2322 2697 χθεὶς
2353 2628 2548 2694 Δαϐίδ;
2573 2624 2721 2701 τΑρά
2755 2647 2811 2682 τι
2841 2627 3169 2699 μετεποιήθη
3206 2630 3305 2698 τῆς
3333 2626 3750 2699 ἀνθρωπότητος

2173 2720 2265 2773 ἐπὶ
2295 2719 2517 2785 τούτους
2554 2722 2661 2774 Καὶ
2708 2716 2869 2793 ἦττον
2911 2720 3194 2792 ἄνθρωπος
3218 2715 3306 2791 ἦν,
3340 2720 3421 2773 ὅτι
3460 2720 3535 2790 νς.
3572 2720 3749 2792 χρόνῳ

2179 2813 2634 2885 μεταγενέστερος
2659 2833 2672 2880 ;
2722 2815 2832 2868 Καὶ
2858 2814 2941 2877 τίς
2977 2814 3149 2876 οὕτως
3176 2812 3381 2882 ἠλίθιος
3406 2815 3551 2868 dm...
3590 2810 3751 2867 ’.ΛοἏο

2174 2904 2385 2971 είπείν;
2432 2902 2529 2969 Εἷς
2576 2906 2683 2977 γὰρ
2717 2908 2802 2974 ἐφ’
2835 2906 3109 2977 ἑκατέρων
3138 2906 3237 2976 τῆς
3264 2905 3451 2969 οὐσίας
3500 2906 3528 2957 6
3569 2904 3747 2971 λόγος,

2173 2995 2325 3049 οὐδὲν
2360 3000 2428 3067 τῇ
2466 2996 2685 3067 παρόδῳ
2714 2996 2808 3051 τοῦ
2861 2997 3052 3068 χρόνου
3090 2995 3750 3066 συναλλοιούμενυςσ-οὐδ“

495 3081 602 3135 bne
625 3083 870 3137 asserat?
897 3082 1099 3138 Eadem
1125 3085 1270 3139 enim
1300 3092 1354 3138 et
1403 3084 1459 3139 in
1510 3083 1615 3139 hoc
1640 3093 1691 3139 et
1720 3086 1773 3139 iu
1805 3086 1897 3141 illo
1948 3088 2071 3142 sub-

2176 3085 2238 3138 ἄν
2262 3103 2345 3150 τις
2395 3059 2781 3158 τὸν-μὲν
2820 3059 3019 3157 μάλλον
3063 3084 3348 3156 ἄνθρωπον
3378 3059 3537 3149 είναι,
3568 3083 3653 3136 διὰ
3689 3084 3751 3137 τὸ

496 3175 711 3230 stantia:
737 3175 880 3228 ratio
925 3181 1031 3241 est,
1072 3176 1338 3246 temporis
1365 3192 1626 3246 processu
1667 3177 1807 3232 nihil
1855 3178 2072 3248 penitus

495 3265 728 3319 variata.
755 3263 941 3336 Neque
971 3266 1117 3322 ullus
1172 3268 1371 3323 dixerit
1419 3269 1571 3323 illum
1622 3270 1797 3340 magis
1824 3284 1948 3325 esse
1975 3270 2074 3322 ho-

500 3357 724 3420 minem,
756 3356 900 3427 quod
919 3365 1166 3428 tempore
1203 3361 1592 3428 antecesserit;
1625 3360 1772 3415 hunc
1804 3377 1933 3415 vero
1974 3362 2073 3415 mi-

498 3462 603 3501 nus
647 3457 861 3502 natura:
896 3449 1145 3503 humana:
1188 3451 1513 3520 participem
1558 3466 1681 3506 esse
1714 3492 1728 3516 ,
1762 3452 1907 3522 quod
1951 3461 2075 3522 post

497 3537 635 3592 alios
655 3538 706 3592 in
731 3539 869 3594 hanc
903 3542 1025 3596 vitze
1071 3555 1293 3596 scenam
1335 3542 1621 3612 ingressus
1653 3543 1749 3597 sit:
1796 3543 1954 3612 quasi
1990 3542 2074 3597 vel

498 3637 819 3698 consumpta
849 3629 961 3699 jam
986 3638 1182 3684 natura
1216 3629 1270 3684 in
1295 3630 1382 3696 iis,
1422 3617 1968 3701 quiautscesserant,
1989 3633 2075 3686 vel

501 3719 657 3788 quasi
690 3727 905 3790 tempus
938 3722 992 3776 in
1028 3722 1094 3777 iis
1126 3737 1341 3777 omnem
1382 3737 1536 3778 suam
1600 3724 1708 3778 vim
1757 3732 1811 3780 et
1840 3725 2071 3780 faculta-

493 3819 608 3866 tem
656 3812 1034 3884 insumpserit.
1080 3812 1409 3882 Neutiquam
1453 3815 1600 3869 enim
1639 3831 1806 3886 pcnes
1860 3825 2075 3887 tempus

500 3911 585 3957 est
613 3904 858 3971 cujusvis
898 3914 1151 3961 naturam
1211 3908 1359 3961 velut
1414 3907 1733 3962 demensam
1784 3907 1935 3972 dare,
1979 3907 2076 3963 sed

496 3995 617 4066 ipsa
652 3997 707 4050 in
764 3998 942 4067 seipsa
982 3997 1171 4053 eadem
1219 4009 1419 4064 manet,
1464 3999 1519 4053 in
1582 3999 1815 4068 posreris
1858 4013 2078 4069 quoque

500 4078 736 4157 seipsam
768 4105 1128 4145 conservans.
1158 4092 1226 4145 At
1259 4101 1475 4161 tempus
1508 4093 1748 4146 volvitur
1782 4106 1937 4146 more
1970 4092 2075 4146 sibi

501 4179 687 4246 insito,
721 4189 1083 4251 naturamque
1115 4181 1300 4244 fixam,
1336 4189 1389 4236 et
1420 4180 1820 4236 immutabilem
1853 4189 1907 4236 et
1935 4181 2079 4235 intra

503 4271 755 4340 proprios
818 4273 1081 4327 terminos
1137 4279 1507 4339 eonstantem,‘
1541 4275 1656 4331 sive
1692 4273 2074 4344 praetergredi-

500 4371 610 4424 tur.
640 4364 754 4420 sive
798 4366 1224 4434 prmterlabitur.
1255 4366 1622 4431 Quamobrem
1659 4383 1837 4437 neque
1868 4366 1922 4442 si
1943 4373 2080 4419 tem-

500 4471 632 4525 pore
660 4464 714 4511 et
758 4456 1043 4512 duratione
1087 4459 1239 4527 prior
1296 4466 1443 4513 esset
1482 4457 1662 4522 Pater,
1715 4466 1774 4512 ut
1829 4460 1883 4512 in
1918 4457 2080 4528 hypo-

502 4547 644 4602 thesi
705 4557 892 4603 nostra
942 4550 1253 4620 posuimus,
1290 4549 1360 4603 ob
1411 4549 1462 4603 id
1521 4550 1738 4619 proprie
1789 4549 1892 4604 soli
1932 4548 2079 4604 Patri

504 4638 843 4711 principatus
872 4650 925 4696 et
960 4642 1250 4696 summitas
1310 4642 1629 4697 substantiae
1670 4640 1869 4695 ascribi
1914 4641 2079 4695 debe-

505 4740 615 4798 ret;
642 4748 765 4787 cum
793 4748 922 4789 vero
949 4733 1096 4787 nulla
1133 4735 1204 4789 sit
1225 4733 1405 4804 quoad
1448 4732 1710 4801 temporis
1739 4729 2082 4785 durationem

504 4822 812 4891 diversitas,
853 4841 959 4895 qua
990 4826 1207 4882 tandem
1262 4826 1471 4881 ratione
1509 4824 1563 4878 in
1599 4823 1712 4888 illa,
1745 4837 1865 4893 qua:
1890 4822 2087 4877 saecula

2175 3179 2437 3249 προήκειν
2480 3177 2559 3258 τῷ
2608 3177 2821 3249 χρόνῳι
2871 3178 2962 3231 τὸν
2990 3177 3045 3231 δὲ
3096 3177 3314 3229 ἔλαττον
3362 3175 3608 3247 μετέχειν
3653 3178 3753 3245 τῆς

2176 3268 2410 3337 φύσεως,
2434 3269 2513 3322 ὅτι
2544 3268 2661 3338 μεθ’
2690 3268 2908 3340 ἐτέρους
2934 3271 2999 3339 τῇ
3026 3267 3137 3338 ζωῇ
3165 3266 3528 3336 ἐπεδήμησεν·
3564 3265 3753 3337 ὥσπερ

2175 3362 2208 3430 ἢ
2242 3358 2721 3431 προαναλωθείσης
2749 3362 2847 3430 τῆς
2874 3358 3087 3427 φύσεως
3132 3361 3190 3412 ἐν
3217 3360 3329 3420 τοῖς
3371 3356 3753 3427 προλαϐοῦσιν,

2175 3454 2207 3523 ἢ
2233 3452 2327 3505 τοῦ
2356 3452 2548 3523 χρόνου
2568 3452 2664 3522 τὴν
2686 3451 2914 3521 δύναμιν
2945 3454 3002 3504 ὲν
3026 3454 3137 3514 τοῖς
3167 3449 3517 3521 παρῳχηκόσι
3552 3449 3753 3519 προδα-

2177 3544 2538 3613 πανήσαντος.
2565 3541 2700 3595 Οὐτε
2728 3542 2835 3613 γὰρ
2875 3542 2968 3594 ἐπὶ
2999 3541 3076 3612 τῷ
3108 3541 3282 3612 χρόνῳ
3312 3541 3457 3594 ἔστιν
3483 3539 3759 3609 ἀφορίζειν

2178 3634 2390 3704 ἑκάστῳ
2416 3634 2484 3687 τά
2519 3633 2688 3703 μέτρα
2718 3633 2817 3701 τῆς
2869 3632 3103 3702 φίσεως,
3138 3631 3277 3685 ἀλλά
3324 3631 3464 3702 αὐτὴ
3525 3630 3621 3701 μὲν
3670 3632 3761 3699 ἐφ’

2178 3724 2377 3793 ἑαυτῆς
2437 3724 2584 3793 μένει
2633 3723 2720 3777 διὰ
2767 3723 2878 3776 τῶν
2906 3722 3298 3794 ἐπιγινομένων
3331 3722 3527 3793 ἑαυτὴν
3560 3738 3760 3790 συντη-

2182 3813 2347 3883 ροῦσα
2375 3830 2388 3842 ·
2427 3814 2456 3864 6
2487 3812 2544 3865 δὲ
2583 3813 2772 3885 χρόνος
2814 3814 3033 3883 φέρεται
3079 3813 3217 3867 κατά
3242 3813 3330 3867 τὸν
3361 3813 3488 3866 [διον
3536 3811 3761 3883 τρόπον,

2179 3905 2287 3958 εἴτε
2331 3903 2621 3975 περιέχων,
2674 3902 2783 3956 εἴτε
2819 3903 3147 3975 παραρρέων
3178 3902 3274 3973 τὴν
3324 3903 3506 3972 φύσιν,
3556 3903 3763 3969 παγίαν

2179 3998 2273 4050 καὶ
2302 3995 2638 4067 ἀμετάθετον
2662 3998 2719 4049 ἐν
2743 3998 2855 4058 τοῖς
2882 3995 3032 4058 ἰδίοις
3060 3995 3324 4065 μένουσαν
3348 3993 3516 4064 ὅροις.
3550 3993 3765 4045 Οὐκοῦν

2177 4089 2297 4142 οὐδὲ
2324 4088 2374 4141 εί
2399 4088 2476 4158 τῷ
2510 4087 2685 4160 χρόνῳ
2721 4087 2899 4157 δοθείη
2924 4087 2984 4140 τὸ
3024 4087 3182 4141 πλέον
3217 4086 3380 4156 ἔχειν,
3412 4083 3593 4148 καθὼς
3612 4086 3641 4136 6
3670 4084 3765 4136 λό-

2179 4197 2274 4251 γος
2305 4179 2554 4243 ὑπέθετο,
2605 4179 2807 4250 κυρξως
2833 4178 2913 4248 τῷ
2957 4179 3132 4250 Πατρὶ
3181 4179 3328 4249 μόνῳ
3373 4177 3432 4230 τὸ
3487 4174 3768 4230 ἀνώτατον

2178 4271 2279 4338 τῆς
2307 4271 2491 4333 οὐσίας
2547 4270 3103 4340 προσμαρτυρήσουσι
3131 4283 3144 4299 ’
3199 4268 3468 4339 μηδεμιᾶς
3498 4266 3555 4319 δὲ
3597 4266 3771 4335 οὔσης

2182 4365 2280 4434 τῆς
2311 4363 2449 4416 κατὰ
2477 4361 2544 4413 τά
2584 4360 2850 4430 πρεσϐεῖα
2882 4360 2975 4413 τοῦ
3008 4360 3199 4432 χρόνου
3235 4359 3517 4430 διαφορᾶς,
3558 4356 3675 4419 πῶς
3702 4357 3797 4409 ἄνθ

2184 4473 2267 4518 τις
2289 4454 2380 4506 ἐπὶ
2401 4453 2500 4522 τῆς
2521 4452 2843 4523 προαιωνξου
2866 4452 3080 4522 φύσεως
3104 4453 3163 4505 τὸ
3182 4451 3418 4505 τοιοῦτον
3440 4451 3624 4520 ἐπινοή
3634 4465 3770 4512 σειε;

2186 4547 2392 4610 Παντὸς
2432 4546 2540 4617 γάρ
2579 4546 2944 4616 διαστήματος
2981 4544 3310 4617 μετρητικοῦ
3366 4544 3442 4615 τῷ
3493 4544 3643 4597 κάτω
3672 4545 3775 4611 τῆς

2188 4638 2337 4700 θείας
2370 4637 2589 4707 φύσεως
2625 4637 3035 4709 εὑρισκομένου,
3066 4638 3150 4701 τίς
3183 4637 3568 4691 καταλείπεται
3614 4635 3778 4705 λόγος

2187 4732 2298 4793 τοῖς
2333 4730 2667 4801 ἐπιχειροῦσι
2700 4729 2798 4801 τὴν
2840 4729 3140 4801 πρόχρονόν
3164 4747 3224 4782 τε
3256 4729 3351 4783 καὶ
3389 4728 3778 4799 ἀκατάληπτον

2193 4821 2378 4875 οὐσίαν
2422 4824 2487 4893 τῇ
2519 4821 2655 4893 πρὸς
2682 4822 2741 4875 τὸ
2767 4822 2879 4875 ἀνω
2906 4823 2997 4875 καὶ
3017 4822 3165 4875 κάτω
3184 4822 3416 4892 διαφορᾷ
3438 4819 3779 4891 διασχίζεινς

506 4918 801 4974 antecessit
854 4927 1069 4983 natura,
1113 4919 1221 4974 tale
1277 4919 1404 4989 quid
1456 4916 1797 4973 cetnminisci
1847 4916 1971 4985 quis
2018 4914 2250 4971 audeat?
2299 4932 2425 4970 cum
2500 4918 2641 4972 enim
2722 4931 2884 4971 omne
2949 4915 3297 4971 intervallum
3352 4914 3557 4985 aliquid
3596 4914 3783 4968 dime-

509 5005 599 5061 tiri
631 5009 875 5075 solitum,
905 5009 1049 5065 infra
1093 5011 1241 5066 illam
1298 5010 1538 5066 divinam
1574 5020 1826 5065 naturam
1873 5011 2200 5081 reperiatur,
2247 5012 2399 5082 quid,
2432 5028 2549 5077 nro,
2586 5012 2768 5084 etiugii
2835 5011 3162 5082 relinquitur
3202 5011 3333 5074 illis,
3405 5010 3500 5078 qui
3567 5024 3786 5063 conan-

506 5106 595 5155 tur
620 5105 982 5165 substantiam
1018 5106 1189 5175 illam,
1228 5115 1446 5178 tempus
1475 5122 1637 5163 omne
1676 5114 2073 5178 antegressam,
2099 5116 2154 5163 et
2177 5109 2363 5163 animo
2402 5107 2912 5179 incomprehensam
2942 5107 3125 5178 superi
3181 5114 3235 5161 et
3290 5104 3449 5159 inferi
3487 5104 3786 5175 positioni-

506 5193 609 5252 bus
638 5197 1065 5255 diseriminare?

578 5288 645 5345 At
706 5294 1051 5363 perspicuum
1116 5303 1234 5358 est,
1290 5303 1343 5349 et
1398 5294 1517 5350 sine
1566 5293 1676 5349 ttlla
1706 5293 2085 5361 dubitatione,

512 5377 617 5433 hoc
652 5382 797 5450 quod
820 5385 925 5441 iste
944 5389 1163 5453 asserit,
1198 5387 1331 5442 nihil
1365 5386 1515 5441 aliud
1544 5402 1687 5454 esse,
1711 5402 1876 5458 quam
1902 5396 2088 5459 patrn-

512 5469 715 5526 cinium
750 5469 990 5532 Iudaica:
1030 5480 1347 5550 impietatis,
1384 5480 1478 5551 qui
1531 5479 1704 5535 solam
1736 5478 1915 5537 Patris
1957 5479 2089 5535 sub-

589 5731 634 5761 ”
657 5726 847 5785 Matth.
876 5743 914 5795 ι,
933 5729 1053 5784 Ξοϐ.

2281 5290 2419 5343 Ἀλλ’
2457 5289 2713 5359 οὐδεμίαν
2746 5286 3076 5359 ἀμφιϐολίαν
3112 5289 3140 5339 6
3173 5287 3330 5355 λόγος
3359 5286 3490 5356 ἔχει,
3526 5286 3607 5339 ὅτι
3650 5303 3783 5339 συν-

2196 5385 2392 5455 ηγορία
2419 5382 2512 5435 τοῦ
2539 5380 2829 5435 Ἰουδαῖκού
2867 5380 3132 5451 δόγματός
3157 5382 3294 5440 ἐστι,
3313 5378 3373 5431 τὸ
3401 5378 3547 5452 παρά
3572 5377 3785 5433 τούτων

2193 5473 2672 5547 δογματιζόμενον,
2726 5473 2895 5544 μόνην
2940 5472 3238 5541 ὑφεστάναι
3281 5469 3374 5525 τοῦ
3416 5470 3630 5542 Πατρός
3682 5475 3784 5541 τὴν
3856 5482 3876 5525 Ι
