4008 6210
294 288 404 344 305

1447 302 1723 362 CONTRA
1765 310 2153 376 ευΝοΜιωι,
2194 311 2317 366 LIB.
2361 313 2399 365 ῐ.

3438 319 3540 375 506

303 411 484 465 οὐσίαν
512 412 954 485 ἐνδεικνυμένων,
977 418 1043 488 ἢν
1087 418 1253 492 μόνην
1283 423 1483 495 κυρίως
1513 422 1652 481 εἶναι
1677 428 1869 499 διισχυ-

1975 429 2233 482 stantiam
2275 428 2576 484 subsistere
2616 429 2866 497 credunt,
2906 437 2959 487 et
2997 445 3157 502 quam
3203 432 3373 488 solam
3411 447 3535 502 pro'

304 501 557 570 ρίζονται,
615 503 714 575 τὴν
757 506 816 558 δὲ
855 509 949 560 τοῦ
1002 508 1132 562 Υἱοῦ
1188 512 1280 565 καὶ
1329 513 1423 567 τοῦ
1456 516 1770 588 Πνεύματος
1813 519 1870 571 ὲν

301 595 409 655 τοῖς
439 593 515 664 μὴ
556 590 674 647 οὖσι
731 594 1093 666 λογιζομένων
1121 616 1133 627 ’
1164 602 1271 655 πᾶν
1298 604 1407 674 γάρ
1444 604 1504 657 τὸ
1549 606 1627 677 μὴ
1671 608 1872 678 κυρίως

296 681 378 743 ἓν,
416 685 474 734 ἐν
501 684 707 755 ῥήματι
748 686 914 756 μόνῳ,
943 686 1038 740 καὶ
1068 697 1403 764 καταχρήσει
1427 696 1710 768 συνηθείας
1732 692 1871 751 εἶναι

291 774 538 842 λέγεται.
579 777 784 849 Ὥσπερ
809 779 901 832 καὶ
925 778 1211 850 ἄνθρωπος
1237 783 1577 854 ὀνομάζεται,
1607 788 1704 859 οὐχ
1734 791 1761 841 6
1786 789 1872 842 διὰ

298 868 587 937 μιμήσεως
612 866 705 919 ἐπὶ
730 869 829 939 τῆς
850 871 1055 935 εἰκόνος
1075 872 1448 946 δεικνύμενος,
1474 877 1589 931 ἀλλ’
1613 881 1641 933 ὁ
1668 880 1872 951 κυρίως

293 957 590 1026 λεγόμενος
616 952 791 1022 οὗτος,
830 960 928 1031 οὐχ
968 962 1215 1035 ὁμοίωμα
1258 964 1350 1018 τοῦ
1396 966 1704 1038 ἀνθρώπου,
1738 970 1871 1023 ἀλλά

292 1046 359 1097 τὸ
378 1046 682 1116 ἀρχέτυπόν
703 1051 820 1102 ἐστι
846 1050 937 1103 τοῦ
964 1052 1371 1126 όμοιώματος·ἠ
1397 1055 1453 1108 δὲ
1478 1056 1659 1121 εἰκὼν,
1680 1058 1870 1131 μέχρις

291 1137 563 1206 ὀνόματος
603 1139 908 1211 ἄνθρωπος,
951 1145 1043 1198 καὶ
1069 1146 1158 1199 διὰ
1198 1145 1353 1200 τοῦτο
1398 1149 1498 1202 οὐκ
1526 1150 1636 1220 ἔχει
1680 1151 1739 1204 τὸ
1774 1170 1869 1205 κυ-

284 1228 431 1307 Ιρέως
460 1227 733 1295 λέγεσθαι,
774 1233 909 1303 ὅπερ
934 1233 1170 1303 λέγεται,
1209 1237 1290 1292 ὅτι
1337 1239 1436 1292 οὐκ
1470 1239 1584 1293 ἔστι
1614 1243 1678 1311 τῇ
1711 1240 1868 1311 φύσει

292 1318 324 1370 ὅ
365 1319 707 1389 ὀνομάζεται,
738 1325 846 1377 Καὶ
872 1327 1102 1381 ἐνταῦθα
1133 1328 1330 1393 τοίνυν,
1365 1332 1413 1384 εἰ
1451 1330 1612 1398 μόνου
1638 1331 1731 1385 τοῦ
1762 1334 1871 1386 [Ia-

290 1409 424 1477 τρὸς
448 1411 481 1479 ἡ
508 1412 667 1465 οὐσία
698 1414 902 1484 κυρίως
924 1416 1143 1485 λέγεται
1167 1458 1183 1483 ,
1218 1420 1251 1489 ἡ
1286 1419 1344 1471 δὲ
1378 1419 1472 1473 τοῦ
1502 1422 1632 1474 Υἱοῦ
1659 1423 1752 1477 καὶ
1775 1424 1866 1476 τοῦ

286 1500 618 1572 Πνεύματος
663 1505 867 1573 οὐκέτι,
897 1507 950 1560 τί
1004 1509 1162 1577 ἀλλο;
1197 1511 1269 1564 Ἦ
1314 1513 1434 1582 οὐχὶ
1477 1513 1703 1586 ἄρνησίς
1751 1518 1868 1569 ἐστι

289 1592 604 1661 περιφανὴς
632 1592 725 1645 τοῦ
771 1596 1039 1666 σωτηρίου
1086 1598 1475 1669 κηρύγματος;
1526 1602 1735 1656 Οὐκοῦν
1762 1604 1870 1657 ἀπὸ

282 1684 394 1752 τῆς
430 1684 752 1754 Ἐκκλησίας
798 1686 890 1739 ἐπὶ
935 1687 1033 1749 τὰς
1088 1693 1408 1759 συναγωγὰς
1447 1692 1555 1746 τῶν
1602 1694 1868 1748 Ἰουδαίων

1974 519 2090 588 prie
2130 534 2254 574 esse
2298 527 2663 586 asseverant;
2728 522 2977 593 conjecta
3026 520 3149 577 Filii
3190 532 3247 577 et
3302 523 3540 593 Spiritus

1973 606 2151 667 sancti
2182 611 2493 666 substantia
2522 612 2577 665 in
2601 625 2809 680 eorum,
2853 624 2973 682 quae
3010 630 3117 669 non
3166 622 3315 679 sunt,
3345 630 3537 670 nume-

1973 717 2092 755 rum
2134 709 2190 757 et
2239 701 2509 768 ordinem,
2557 703 2683 772 quia
2720 716 2883 758 omne
2935 702 3089 769 illud,
3118 703 3264 773 quod
3320 706 3540 775 proprie

1971 807 2083 846 non
2118 800 2221 855 est,
2257 793 2424 847 verbo
2455 792 2592 856 solo,
2635 801 2688 848 et
2722 792 2901 850 abusu
2935 794 3172 863 quodam
3212 793 3539 863 quotidianus

1972 882 2387 938 consuetudinis
2431 897 2556 939 esse
2593 883 2815 937 dicitur.
2849 881 3321 949 Quemadmodum
3366 884 3537 937 homi-

1971 970 2058 1028 nis
2104 988 2323 1043 quoque
2379 973 2797 1044 appellationem
2855 988 2963 1028 non
3019 975 3245 1030 sortitur
3282 974 3391 1039 ille,
3445 974 3537 1041 qui

1971 1062 2276 1119 imitatione
2303 1072 2536 1129 tantum,
2581 1073 2634 1120 et
2693 1065 2751 1119 in
2786 1080 3051 1135 expressa
3102 1064 3335 1135 imagine
3373 1064 3539 1117 homo

1972 1163 2074 1219 est,
2104 1154 2197 1210 sed
2223 1156 2316 1225 qui
2339 1156 2556 1226 proprie
2596 1157 2721 1213 talis
2749 1158 2973 1222 dicitur,
3003 1158 3206 1228 quique
3239 1171 3346 1212 non
3386 1156 3540 1211 simi~

1973 1245 2145 1299 litudo
2173 1245 2410 1299 hominis
2443 1253 2546 1309 est,
2577 1246 2670 1302 sed
2707 1247 2885 1317 ipsum
2912 1250 3243 1318 archetypon
3271 1254 3323 1302 et
3355 1262 3540 1303 exem-

1972 1335 2088 1406 plar
2114 1336 2508 1392 similitudinis.
2543 1339 2610 1391 At
2639 1338 2816 1409 imago
2833 1339 3050 1393 nomine
3069 1339 3404 1394 tenusbomo
3430 1345 3534 1392 est.

1970 1429 2311 1499 Quapropter
2344 1444 2452 1483 non
2475 1429 2694 1500 proprie
2730 1439 2816 1485 est
2850 1429 2995 1499 quod
3031 1429 3377 1499 appellatur;
3406 1427 3535 1497 quia

1969 1535 2036 1575 ex
2066 1529 2261 1575 natura
2293 1534 2400 1575 non
2436 1530 2521 1576 est
2576 1520 2722 1591 quod
2766 1520 2989 1576 dicitur.
3026 1519 3151 1575 Pari
3181 1520 3347 1591 igitur
3377 1517 3538 1572 modo

1968 1618 2023 1664 et
2061 1609 2170 1676 hic,
2218 1610 2265 1664 si
2297 1611 2412 1664 sola
2472 1610 2651 1664 Patris
2685 1610 2988 1666 substantia
3040 1609 3258 1680 prOprie
3314 1606 3535 1669 dicitur,

1970 1714 2079 1753 non
2104 1706 2285 1764 autem
2315 1700 2437 1754 Filii
2468 1707 2522 1755 et
2570 1698 2808 1770 Spiritus
2840 1700 3038 1763 sancti,
3080 1699 3211 1768 quid
3247 1697 3396 1751 aliud
3435 1696 3537 1749 hoc

284 1772 851 1843 παλινδρομείτωσαν,
891 1777 950 1829 ὲν
994 1777 1073 1848 τῷ
1112 1777 1187 1849 μὴ
1233 1778 1434 1834 διδόναι
1479 1781 1570 1835 τὸν
1602 1782 1729 1837 Υἰὸν
1767 1800 1865 1836 κυ-

1970 1804 2247 1855 censeam,
2278 1804 2440 1859 quam
2501 1789 2915 1856 abnegationem
2968 1788 3309 1843 manifestam
3368 1786 3537 1840 totius

287 1863 428 1931 ρίως
456 1859 616 1928 εἶναι,
646 1865 708 1917 τὺ
742 1866 876 1937 μηδὲ
905 1868 1040 1930 ὅλως
1070 1865 1208 1923 εἶναι
1250 1874 1774 1940 κατασκευάζοντες⁹
1803 1876 1866 1928 τὸ

281 1955 406 2023 γὰρ
433 1955 636 2025 ἄκυρον
669 1954 748 2025 τῷ
769 1958 1096 2028 ἀνυπάρκτῳ
1130 1962 1321 2015 ταυτόν
1347 1964 1513 2017 ἐστιν.

1973 1877 2188 1941 salutis,
2217 1892 2339 1946 quae
2376 1878 2537 1931 nobis
2566 1876 2787 1930 coalitus
2820 1875 3141 1929 annnntiata
3174 1873 3301 1929 est?
3334 1870 3536 1927 Confe-

1972 1976 2097 2022 rant
2119 1983 2250 2039 ergo
2270 1981 2391 2024 sese
2418 1968 2486 2022 ab
2512 1966 2753 2022 Ecclesia
2778 1967 2843 2021 ad
2884 1962 3534 2037 synagogasJudaeorum,
3645 1968 3651 1974 '

278 2047 424 2099 dum
460 2048 708 2104 nolentes
741 2050 1045 2108 concedere
1088 2052 1285 2109 Filium
1344 2058 1560 2126 proprie
1607 2073 1749 2124 esse,
1802 2059 1854 2113 id
1897 2075 2063 2116 unum
2094 2062 2412 2127 moliuntur,
2445 2070 2506 2116 ut
2537 2069 2713 2117 totum
2746 2061 2893 2116 illius
2918 2074 3041 2116 esse
3112 2073 3143 2112 e
3188 2056 3366 2113 medio
3427 2056 3536 2109 tol—

280 2138 432 2192 lant.
471 2136 606 2193 Nam
636 2138 781 2194 idem
820 2147 903 2196 est
951 2141 1246 2214 improprie
1277 2160 1423 2213 esse,
1460 2158 1515 2203 et
1559 2163 1671 2203 non
1718 2164 1862 2205 esse.

379 2230 532 2285 Ἐπεὶ
556 2232 612 2285 δὲ
637 2233 732 2286 καὶ
759 2235 919 2302 σθφὸς
960 2231 1098 2290 εἶναι
1122 2236 1190 2291 τὰ
1217 2238 1436 2292 τοιαῦτα
1478 2239 1744 2310 βούλεται.
1773 2243 1866 2296 καὶ

277 2322 544 2380 Grai-mist
569 2327 695 2389 τοὺς
718 2325 847 2380 ἄνευ
869 2327 1091 2399 λογικῆς
1116 2330 1425 2401 ὲντρεχείας
1454 2332 1865 2403 ἐπιχειροῦντας

281 2415 374 2483 τῷ
398 2414 633 2484 γράφειν
656 2432 672 2447 ·
695 2417 904 2471 εἰπάτω
946 2422 1059 2483 τοῖς
1088 2412 1615 2493 καταφρονουμένοις
1642 2426 1771 2493 ἡμῖν
1802 2425 1866 2478 ἐκ

282 2503 455 2567 ποίας
503 2507 697 2574 σοφίας
760 2508 820 2560 τὸ
870 2506 1065 2578 μᾶλλόν
1109 2526 1168 2563 τε
1214 2511 1307 2564 καὶ
1350 2506 1511 2582 ἦττον
1553 2511 1653 2581 τῆς
1681 2511 1866 2575 οὐσίας

283 2596 584 2668 ἐγνώρισε.
619 2599 715 2663 Τίς
766 2598 923 2668 λόγος
953 2602 982 2653 6
1022 2601 1121 2673 τὴν
1157 2601 1411 2672 τοιαύτην
1456 2602 1715 2675 διαφορὰν
1762 2620 1865 2657 πα-

284 2692 697 2760 ραστήσας,ὅτι
735 2692 892 2771 οὐσία
922 2709 1007 2756 τις
1034 2693 1224 2764 ἑτέρας
1261 2693 1447 2758 οὐσίας
1484 2694 1679 2765 μᾶλλόν
1720 2696 1865 2760 ἐστι,

281 2783 415 2834 κατ’
436 2781 572 2835 αὐτὸ
598 2782 739 2849 λέγω
766 2783 825 2836 τὸ
848 2783 1243 2853 σημαινόμενον
1268 2783 1367 2855 τῆς
1396 2784 1583 2848 οὐσίας
1604 2802 1619 2850 ;
1647 2785 1737 2856 Μὴ
1761 2786 1869 2856 γὰρ

280 2875 357 2944 δὴ
394 2873 718 2945 προφερέτω
743 2874 841 2936 τὰς
877 2873 985 2928 τῶν
1027 2876 1325 2944 ποιοτήτων
1361 2875 1395 2945 ἢ
1439 2876 1538 2940 τὰς
1584 2875 1693 2929 τῶν
1728 2875 1869 2929 ίδιω-

289 2960 488 3028 μάτων
517 2958 800 3029 διαφορὰς,
835 2962 957 3014 ὅσαι
977 2963 1104 3033 περὶ
1136 2960 1321 3015 οὐσίαν
1346 2962 1587 3037 τῷλόγῳ
1622 2964 1722 3035 τῆς
1746 2952 1866 3017 ἔπι-

2037 2241 2174 2308 Quia
2198 2257 2327 2298 vero
2361 2240 2661 2296 Ennomius
2708 2238 2763 2293 in
2797 2238 2883 2294 his
2935 2235 3301 2308 intelligendis
3349 2235 3538 2290 admo-

1968 2335 2096 2390 dum
2124 2335 2299 2391 solers
2340 2333 2444 2389 sibi
2474 2347 2598 2388 esse
2624 2331 2858 2395 videtur,
2904 2337 2959 2385 et
3011 2329 3137 2398 quia
3170 2329 3378 2399 spernit
3414 2343 3534 2381 om-

1967 2442 2065 2482 nes
2101 2427 2244 2491 illos,
2273 2427 2366 2496 qui
2396 2426 2517 2481 sine
2545 2423 2853 2481 disserendi
2880 2422 3182 2477 subtilitate
3206 2430 3259 2475 et
3285 2420 3537 2473 acumine

1964 2519 2031 2572 ad
2054 2517 2401 2574 scribendum
2441 2518 2730 2580 accedunt,
2794 2514 3027 2586 explicet
3085 2512 3313 2567 rudibus
3355 2511 3536 2574 nobis,

1964 2608 2057 2678 qui
2089 2623 2156 2663 ex
2184 2621 2414 2662 numero
2446 2606 2591 2677 vulgi
2643 2621 2857 2670 sumus,
2916 2620 2981 2658 ex
3006 2602 3154 2673 quali
3194 2598 3536 2671 philosophia

1965 2699 2219 2755 didicerit
2274 2697 2638 2755 substantiam
2700 2695 3030 2752 intensionis
3084 2701 3137 2749 et
3200 2691 3536 2748 remissionis

1966 2802 2221 2859 capacem
2252 2802 2395 2844 esse.
2428 2785 2559 2852 Quae
2586 2786 2727 2840 ratio
2762 2784 2953 2850 dictat,
3004 2792 3096 2836 aut
3132 2780 3343 2843 suadet,
3369 2794 3535 2831 unam

1967 2879 2330 2935 substantiam
2358 2878 2526 2932 altera
2566 2876 2741 2948 magis
2768 2890 2891 2932 esse
2919 2872 3306 2935 substantiam,
3341 2884 3538 2925 secun-

1968 2968 2097 3025 dum
2127 2968 2298 3038 ipsam
2329 2967 2453 3022 dico
2494 2966 2815 3022 substantia:
2859 2962 3160 3019 rationem?
3180 2976 3360 3031 neque
3389 2960 3537 3022 volo,

285 3055 443 3116 νοίας
478 3053 1005 3122 καταλαμϐάνονται,
1037 3030 1165 3109 άλλο
1206 3072 1260 3108 τι
1302 3030 1451 3124 παρὰ
1487 3030 1867 3127 τδνύποκείμε-

1971 3068 2027 3115 ut
2056 3030 2291 3112 adducat
2319 3056 2480 3112 nobis
2502 3056 2827 3127 qualitatum
2876 3061 2969 3108 aut
3004 3030 3399 3124 preprietatum
3432 3049 3539 3103 dif-

285 3164 383 3199 νον
428 3143 610 3199 οὖσαι.
640 3147 714 3200 Οὐ
745 3146 855 3216 γάρ
903 3146 1109 3217 ἀτμῶν,
1147 3146 1538 3219 ἢχρωμάτων,
1581 3148 1613 3219 ἢ
1650 3148 1866 3220 βάρους,

286 3238 324 3307 ἢ
349 3236 663 3306 δυνάμεως,
699 3236 732 3307 ἦ
760 3236 1088 3307 ἀξιώματος,
1119 3239 1152 3311 ἢ
1180 3240 1415 3310 τρόπων,
1441 3240 1532 3293 καλ⁸
1559 3239 1722 3311 ἤθους
1752 3240 1868 3293 δια-

288 3331 492 3403 φορὰς.
522 3332 556 3403 ἢ
588 3331 720 3385 εἴτι
750 3332 876 3385 ἄλλο
914 3332 1042 3402 περί
1071 3350 1129 3386 τε
1165 3333 1322 3405 σῶμα
1380 3334 1474 3390 καὶ
1515 3334 1690 3406 ψυχὴν
1733 3335 1867 3389 θεω-

290 3426 492 3493 ρεῖται,
539 3422 711 3476 ταῦτα
752 3423 1038 3493 πρόκειται
1085 3422 1179 3476 νῦν
1221 3421 1496 3488 ἐξετάζειν
1522 3440 1536 3454 ν
1595 3424 1710 3477 ἀλλ’
1741 3424 1871 3477 αὐτὸ

287 3515 438 3583 λέγω
468 3516 848 3586 ὑποκείμενον,
892 3507 936 3583 ᾧ
990 3516 1193 3587 κυρίως
1219 3516 1280 3570 τὸ
1328 3517 1426 3586 τῆς
1454 3516 1636 3580 οὐσίας
1680 3517 1866 3571 ἐπικέο

288 3601 490 3672 κληται
513 3602 710 3672 ὄνομα,
730 3604 785 3656 εί
811 3619 935 3656 τινα
962 3604 1099 3673 πρὸς
1140 3602 1304 3675 ἄλλην
1333 3604 1519 3658 οὐσίαν
1546 3606 1602 3657 ὲν
1623 3604 1700 3675 τῷ
1731 3607 1866 3676 μᾶλ-

290 3693 388 3746 ὶον
414 3689 552 3747 εῖναι
592 3693 692 3764 τὴν
718 3692 980 3764 διαφορὰν
1024 3693 1156 3765 ἔχει.
1194 3695 1334 3748 Ἀλλ’
1378 3694 1529 3750 οὐπω
1565 3696 1727 3768 μέχρι
1773 3697 1866 3751 τοῦ

288 3784 393 3838 νῦν
421 3785 739 3856 ἀκηκόαμεν
771 3784 865 3838 δύο
912 3784 1074 3839 τινῶν
1104 3786 1548 3858 ὁμολογουμένων
1576 3784 1732 3856 εἶναι,
1765 3788 1869 3853 ἕως

292 3875 367 3927 iv
389 3876 675 3946 ἀμφότερα
698 3871 755 3947 ᾖ,
779 3876 839 3928 τὸ
863 3875 961 3945 μέν
976 3892 1029 3928 τι
1054 3875 1281 3947 μᾶλλον,
1304 3875 1365 3929 τὸ
1382 3876 1437 3929 δὲ
1467 3877 1684 3931 ἔλαττον
1710 3873 1864 3931 εἶναι’

286 3967 415 4018 ἐστι
436 3967 545 4038 γάρ
568 3968 770 4038 ὁμοίως
797 3968 1076 4040 ἑκάτερον,
1099 3967 1205 4033 ἕως
1229 3968 1294 4022 ἂν
1391 3970 1525 4023 καθὸ
1558 3973 1725 4037 ἐστιν,
1766 3971 1869 4025 ὐπ-

287 4058 656 4129 ιξῃρημένου,
701 4058 882 4123 καθὼς
917 4060 1271 4131 προείρηται,
1301 4060 1397 4114 τοῦ
1444 4061 1584 4115 κατὰ
1632 4062 1693 4114 τὸ
1736 4079 1867 4133 προ-

281 4149 583 4220 τιμότερον
620 4149 654 4220 ἢ
683 4149 1064 4222 διαρκέστερον
1095 4151 1277 4222 λόγου.

1969 3148 2251 3212 ferentias,
2288 3162 2426 3219 quas
2483 3147 2539 3202 in
2571 3146 2881 3202 substantia
2928 3144 3261 3216 cogitatione
3294 3137 3538 3211 concipi-

1967 3254 2107 3303 mus,
2144 3252 2372 3307 quaeque
2420 3236 2697 3292 diversum
2740 3235 2999 3305 quiddam
3047 3240 3178 3289 sunt
3228 3233 3297 3286 ab
3346 3246 3411 3287 co
3451 3230 3539 3283 cui

1967 3331 2205 3385 insunt:
2258 3344 2368 3383 non
2429 3328 2573 3384 enim
2631 3326 3044 3398 inquisitionem
3081 3323 3421 3380 instituimus
3473 3322 3542 3378 de

1967 3421 2279 3477 diversitate
2317 3420 2609 3484 halituum,
2635 3417 2905 3483 colorum,
2947 3415 3253 3489 gravitatis,
3303 3413 3538 3473 roboris,

1973 3513 2272 3585 dignitatis,
2333 3527 2546 3568 morum
2603 3521 2656 3567 et
2696 3511 2917 3574 indolis,
2974 3511 3059 3566 vel
3109 3494 3371 3572 aliorum,
3422 3522 3541 3576 quae

1974 3612 2189 3682 corpori
2222 3619 2276 3666 et
2306 3612 2489 3665 animo
2537 3608 2802 3663 inhaerere
2842 3605 3275 3676 contemplamnr
3306 3623 3319 3658 :
3351 3602 3445 3659 sed
3474 3601 3542 3656 de

1976 3701 2094 3770 ipso
2127 3700 2392 3770 subjecto,
2424 3699 2510 3754 cui
2546 3697 2766 3769 proprie
2815 3711 3012 3750 nomen
3044 3694 3363 3750 substantiae
3392 3708 3541 3745 com-

1972 3792 2128 3861 petit,
2153 3790 2448 3861 quaarimtts
2494 3790 2550 3843 in
2580 3789 2832 3859 praesenti
2865 3806 2880 3855 ;
2935 3801 3060 3841 num
3118 3792 3372 3853 respectu
3402 3784 3539 3835 alte-

1970 3884 2107 3948 rius,
2139 3882 2553 3953 prasrogativam
2584 3878 2882 3950 quamdam
2916 3878 2971 3931 in
3026 3878 3155 3940 hoc,
3184 3873 3329 3945 quod
3364 3872 3539 3941 magis

1967 3972 2061 4036 sit,
2088 3971 2351 4043 obtineat.
2384 3968 2549 4039 Atqui
2582 3967 2648 4021 ad
2682 3967 2833 4021 hunc
2867 3979 3041 4033 usque
3068 3962 3212 4017 diem
3258 3974 3537 4029 nunquam

1968 4062 2277 4117 audivimus
2323 4060 2433 4114 duo
2484 4056 2753 4129 quaedam,
2799 4069 2920 4124 qua:
2976 4052 3217 4108 omnium
3272 4066 3541 4106 consensu

1969 4159 2117 4215 sunt,
2140 4149 2401 4222 quamdiu
2432 4149 2594 4201 ambo
2624 4145 2842 4216 quidem
2870 4152 3019 4209 sunt,
3070 4144 3301 4198 alterum
3342 4142 3540 4222 magis,

285 4240 529 4294 alterum
563 4241 749 4296 minus
766 4255 908 4297 esse.
937 4241 1243 4312 Equalitcr
1269 4244 1415 4299 enim
1434 4251 1729 4312 utrumque
1755 4249 1861 4306 est,
1897 4241 2156 4313 quamdiu
2191 4249 2299 4305 est,
2354 4237 2501 4309 quod
2543 4243 2648 4302 est,
2675 4235 2891 4292 sublata
2957 4234 3107 4289 omni
3167 4248 3397 4304 prorsus
3447 4248 3543 4285 ex-

281 4346 491 4386 cessus
515 4339 570 4387 et
595 4331 844 4389 defectus
879 4335 1113 4398 ratione,
1144 4343 1204 4390 ut
1240 4344 1399 4392 antea
1433 4338 1695 4393 diximus.

366 4421 437 4476 Ei
462 4424 562 4493 μιν
584 4420 680 4478 οὖν
707 4427 766 4478 οὐ
793 4426 1005 4482 δίδωσιν
1035 4429 1172 4492 ὅλως
1197 4430 1255 4485 ὲν
1287 4432 1443 4503 οὐσίᾳ
1473 4433 1564 4485 τὸν
1592 4432 1868 4504 Μονογενῆ

2042 4425 2101 4481 Si
2133 4425 2299 4498 igitur
2329 4424 2555 4480 omnino
2584 4440 2693 4482 non
2720 4422 3063 4487 conceditur,
3095 4422 3378 4494 unigenito
3406 4422 3544 4478 Filio

282 4514 623 4584 θεωρεῖσθαι
665 4515 838 4587 (πρὸς
883 4518 1041 4573 τοῦτο
1069 4520 1177 4591 γὰρ
1208 4520 1351 4576 ἔοικε
1392 4522 1688 4595 λεληθότως
1727 4523 1876 4593 αὐτῷ

276 4604 726 4661 κατολισθαίνειν
749 4608 779 4660 6
809 4608 1011 4679 λόγος),
1039 4612 1067 4663 ὁ
1104 4612 1177 4683 μὴ
1204 4613 1379 4678 διδοὺς
1410 4613 1557 4685 αὐτῷ
1588 4614 1648 4668 τὺ
1675 4615 1877 4686 κυρίως

276 4689 466 4756 εἶναι,
497 4696 626 4767 μηδὲ
664 4696 726 4749 τὸ
776 4693 937 4768 ἧττον
966 4700 1056 4752 ἐπ’
1096 4702 1263 4755 αὐτοῦ
1313 4703 1664 4774 συγχωρείτω
1686 4719 1700 4733 ·
1734 4706 1782 4757 εί
1816 4704 1873 4757 δὲ

275 4784 544 4838 ὲνοὸσιον
591 4787 820 4859 δύναμιν
864 4791 1118 4860 ὁμολογεῖ
1159 4792 1252 4845 τὸν
1292 4793 1420 4847 Υίδν
1451 4795 1695 4848 ὁπωσοῦν
1743 4795 1875 4849 ὑπο-

276 4875 506 4930 στάντα
553 4879 743 4946 (οὔπω
787 4879 896 4951 γὰρ
943 4885 1071 4953 περὶ
1114 4884 1303 4938 τούτου
1352 4885 1790 4957 διαμαχόμεθα),
1822 4887 1874 4938 τί

271 4968 468 5021 πάλιν
496 4969 804 5042 ἀφαιρεῖται
834 4973 865 5025 ὃ
894 4973 1113 5028 δίδωσι·
1140 4975 1232 5029 τὸν
1273 4976 1671 5047 ὁμολογηθέντα
1711 4974 1871 5041 εἶναι,

270 5060 368 5130 τῷ
418 5062 499 5131 μὴ
533 5064 729 5134 κυρίως
771 5059 911 5118 εἶναι
948 5066 1390 5132 κατασκευάζων,
1424 5067 1559 5139 ὅπερ
1591 5064 1704 5122 ἶσόν
1737 5071 1870 5133 ἐστι,

270 5148 493 5211 καθὼς
536 5153 764 5224 εἴρηται,
794 5154 872 5225 τῷ
907 5156 1041 5227 μηδὲ
1081 5156 1217 5218 ὅλως
1268 5153 1444 5221 εἷναις
1484 5157 1572 5220 Ὠς
1615 5157 1725 5228 γὰρ
1774 5158 1873 5210 οὐκ

270 5244 459 5296 ἐστιν
477 5243 749 5314 άνῦρωπον
783 5244 945 5314 εἶναι,
973 5242 1018 5317 ᾧ
1047 5250 1121 5320 μὴ
1146 5249 1364 5313 τελείως
1389 5252 1416 5303 ὁ
1446 5248 1586 5303 κατὰ
1610 5248 1672 5301 τὸ
1704 5248 1874 5319 ὄνομα

268 5334 468 5402 λόγος
510 5334 842 5409 ὶφήρμοσται
860 5354 875 5368 ⁸
900 5340 979 5410 τῷ
998 5341 1056 5394 δὲ
1081 5340 1377 5395 ὲλλείποντι
1411 5340 1520 5393 τῶν
1547 5338 1872 5410 ἰδιωμάτων,

272 5423 421 5487 ὅλος
473 5424 502 5475 6
526 5427 617 5498 τῆς
643 5431 830 5495 οὐσίας
866 5432 1012 5503 αὐτῷ
1033 5433 1490 5505 συνδιαγράφεται
1516 5432 1701 5501 λόγος·
1730 5430 1875 5484 οὓτω

272 5523 389 5577 καὶ
422 5517 522 5573 ἐπὶ
548 5516 739 5587 παντὸς
767 5523 1113 5594 πράγματος,
1227 5524 1301 5596 μὴ
1343 5523 1581 5587 τελείως,
1616 5524 1875 5595 μήτε-κυ-

276 5614 447 5673 ρίως
482 5609 536 5663 τὸ
561 5608 692 5666 εἶναι
738 5619 1260 5687 προσμαρτυρεὴαι,
1307 5615 1560 5688 οὐδεμίαν
1601 5612 1875 5678 ἀπόδειξιν

286 5699 433 5769 ἔχει
458 5691 551 5761 τῆς
585 5702 932 5767 ὕποπάσεως
971 5707 1004 5773 ὴ
1048 5706 1244 5780 μερικὴ
1285 5708 1377 5763 τοῦ
1419 5704 1553 5763 εἶναι
1605 5701 1872 5774 συγκατά-

1973 4521 2239 4575 rationem
2265 4519 2591 4575 substantia“:
2616 4518 2950 4575 convenire:
2977 4517 3085 4572 huc
3124 4518 3295 4581 enim,
3344 4532 3543 4587 quam-

1974 4612 2056 4666 vis
2089 4609 2428 4667 clandeslina
2461 4610 2567 4675 via,
2613 4610 2838 4665 tendere
2882 4607 3097 4663 videtur
3145 4608 3297 4663 illius
3331 4609 3546 4671 oratio;

1972 4720 2094 4759 cum
2114 4719 2236 4761 eum
2268 4704 2490 4774 prOprie
2528 4716 2650 4758 esse
2682 4707 2863 4771 negat,
2884 4700 3111 4755 deberet
3142 4700 3304 4754 etiam
3338 4714 3540 4771 negare

1971 4812 2095 4852 eum
2127 4796 2309 4851 minus
2340 4810 2482 4849 esse.
2533 4791 2690 4859 Quod
2722 4793 2769 4847 si
2796 4791 2994 4847 fatetur
3020 4789 3220 4845 Filium
3262 4806 3383 4845 esse
3412 4790 3544 4845 sub-

1972 4887 2231 4941 stantiam
2267 4885 2582 4956 quamdam,
2624 4882 3120 4954 quontodocunque
3155 4881 3551 4937 subsistentem

1975 4973 2238 5042 (nondum
2263 4974 2407 5027 enim
2445 4971 2511 5026 de
2542 4972 2645 5025 hoc
2666 4969 3082 5040 disceptamus),
3112 4983 3211 5024 cur
3240 4969 3435 5023 iterum
3467 4969 3545 5023 ei-

1974 5060 2095 5117 dem
2130 5063 2275 5133 quod
2323 5062 2555 5133 largitur
2599 5060 2819 5125 adimit,
2872 5060 3001 5115 dum
3035 5075 3158 5114 eum
3203 5072 3361 5129 quem
3411 5074 3545 5113 con-

1975 5154 2154 5210 fessus
2181 5162 2264 5210 est
2292 5169 2433 5217 esse,
2482 5169 2577 5224 per
2612 5152 2716 5207 hoc
2740 5151 2886 5223 quod
2915 5151 3197 5206 contendit
3239 5152 3540 5221 improprie

1973 5260 2117 5311 esse,
2150 5246 2370 5316 penitus
2392 5245 2571 5299 abolet
2593 5256 2647 5300 et
2685 5242 2869 5297 tollit?
2900 5240 3042 5296 Idem
3092 5243 3237 5297 enim
3269 5250 3356 5297 est
3402 5242 3548 5313 quod

1973 5339 2196 5395 omnino
2224 5352 2332 5392 non
2366 5352 2509 5403 esse,
2545 5343 2604 5390 ut
2630 5335 2793 5405 paulo
2823 5343 2948 5388 ante
2981 5334 3316 5389 monuimus.
3349 5333 3551 5401 Quem-

1974 5429 2266 5486 admodum
2311 5428 2455 5483 enim
2491 5425 2624 5481 illud
2678 5426 2841 5480 homo
2875 5438 2983 5478 non
3014 5431 3123 5489 est,
3154 5425 3244 5480 cui
3298 5425 3543 5480 nominis

1975 5524 2115 5580 ratio
2149 5521 2381 5592 perfecte
2416 5533 2526 5576 non
2564 5520 2819 5589 congruit
2851 5538 2864 5575 :
2899 5519 3046 5591 quod
3082 5526 3261 5575 autem
3298 5519 3558 5590 proprie-

1977 5615 2179 5672 tatibus
2212 5614 2288 5670 rei
2314 5622 2486 5678 caret,
2518 5612 2567 5668 ei
2588 5618 2701 5666 tota
2734 5612 3062 5668 substantia:
3093 5611 3240 5667 illius
3264 5612 3406 5665 ratio
3445 5608 3548 5661 ah—

1977 5705 2249 5781 judicatur
2278 5726 2290 5761 :
2330 5706 2403 5759 ita
2435 5701 2733 5777 generatim
2768 5701 3036 5773 contingit
3074 5704 3129 5758 in
3187 5689 3335 5752 omni
3363 5702 3442 5747 re»
3476 5699 3545 5733 μοι
