4008 6210
511 342 614 402 307
1750 340 1809 397 S.
1850 339 2177 398 GREGOBII
2211 340 2503 399 NYSSENI
3664 344 3758 401 508

508 480 620 539 qua
647 479 776 522 vere
812 479 922 521 non
968 463 1289 530 aflirmatur,
1347 463 1495 538 quod
1547 464 1630 520 vel
1682 463 1948 534 perfecte,
2001 464 2087 520 vel

2204 462 2367 528 θεσις·
2405 463 2542 519 ἀλλὰ
2576 461 2673 534 τὴν
2703 460 2931 516 καθόλου
2962 460 3055 516 τοῦ
3085 463 3447 533 ὑποκειμένου
3492 463 3761 534 ἀναίρεσιν

514 557 732 628 proprie
763 556 835 613 sit
866 576 880 613 :
914 572 1028 611 non
1053 557 1200 613 enim
1224 557 1296 613 ob
1332 557 1389 612 id
1417 571 1539 614 eam
1571 570 1695 612 esse
1737 555 2088 612 demonstra-

2204 554 2590 620 ιατασκευάζει
2612 556 2646 625 η
2669 554 2797 625 περὶ
2816 551 2909 608 τοῦ
2937 552 3013 625 μὴ
3037 553 3256 617 τελείως
3277 549 3417 609 εἶναι
3438 559 3760 630 κατασκευή.

512 649 680 714 veris,
722 647 868 720 quod
899 647 1077 705 eidem
1125 658 1335 719 partem
1363 648 1521 719 quasi
1574 647 1831 704 essentia:
1859 655 1914 701 et
1944 645 2089 702 exsi-

515 741 733 797 stentize
761 740 1058 797 concedas.
1095 740 1199 808 Qui
1230 741 1376 797 enim
1410 756 1528 796 rem
1558 740 1778 812 proprie
1827 754 1935 795 non
1967 755 2089 795 esse

513 833 736 898 astruit,
771 834 817 889 is
849 833 1018 889 totius
1047 835 1129 890 rei
1160 833 1442 888 interitum
1476 843 1531 889 et
1575 816 1879 904 perniciem
1921 832 2092 888 medi-

514 933 684 982 tatur.
713 925 1060 997 Quapropter
1094 927 1163 982 ad
1190 927 1438 989 meliora.
1468 927 1513 982 si
1547 928 1713 998 sapit,
1759 926 2005 981 animum
2037 934 2092 982 et

516 1018 905 1089 cogitationem
936 1018 1255 1083 transferat,
1281 1027 1335 1073 et
1364 1019 1569 1075 docere
1616 1026 1798 1075 cesset
1827 1018 2090 1074 substan-

518 1107 649 1162 tiam
690 1104 968 1178 Unigeniti
1011 1106 1311 1178 impr0prie
1367 1114 1421 1162 et
1452 1107 1638 1164 minus
1667 1122 1814 1163 esse.
1858 1106 2014 1173 Quod
2046 1106 2093 1163 si

519 1199 575 1253 in
613 1197 891 1268 impietate
944 1198 1243 1269 persistere
1287 1198 1479 1255 statuit
1506 1198 1777 1269 (quamvis
1823 1197 2088 1264 nesciam,

517 1303 618 1344 cur
650 1289 780 1344 velit
806 1289 1145 1345 conditorem
1173 1304 1336 1346 suum
1374 1287 1657 1360 Deumque
1682 1298 1736 1345 et
1773 1287 2094 1346 benefacto-

517 1397 632 1436 rem
684 1380 1042 1451 blasphemiis
1098 1383 1513 1453 remunerare),
1549 1396 1742 1452 poenas
1794 1382 1909 1436 luat
1944 1395 2095 1437 vanae

516 1472 963 1539 existimationis,
1023 1488 1187 1544 quam
1234 1473 1303 1529 de
1344 1472 1596 1529 doctrina
1647 1489 1745 1530 sua
1794 1472 2089 1543 concepit:

516 1564 719 1634 quippe
750 1563 843 1633 qui
873 1562 1126 1634 imperite
1160 1562 1521 1619 substantiam
1553 1563 1659 1617 alia
1689 1563 1851 1617 aliam
1882 1578 2087 1619 secun-

517 1653 647 1707 dum
681 1653 1005 1709 substantiae
1030 1653 1300 1709 rationem
1333 1652 1499 1710 faciat
1531 1654 1820 1724 majorem,
1861 1660 1917 1708 et
1952 1653 2095 1708 hanc

519 1744 738 1816 quidem
761 1759 1041 1816 superam,
1071 1745 1219 1800 illam
1245 1760 1377 1801 vero
1408 1746 1665 1813 inferam,
1690 1760 1757 1801 eo
1792 1744 1978 1810 modo,
1999 1744 2093 1816 qui

2191 648 2356 701 Ὥστε
2391 648 2440 700 εί
2479 646 2578 717 μὲν
2624 641 2683 700 εὖ
2714 648 2920 718 φρονεῖ,
2967 644 3105 717 πρὸς
3148 644 3248 718 τὴν
3289 647 3487 718 εὑσεϐἧ
3537 647 3763 704 διάνοιαν

2193 736 2521 809 μεταθέσθαι
2545 777 2560 800 ,
2596 736 2657 791 τὸ
2682 731 2847 808 ⁴ἧττον
2886 737 2978 791 καὶ
3010 737 3072 790 τὸ
3108 736 3314 808 άκυρον
3341 738 3433 791 ἐπὶ
3464 739 3564 812 τῆς
3586 739 3763 805 οὐσίας

2191 828 2286 882 τοῦ
2308 827 2645 898 Μονογενοῦς
2671 845 2732 882 τε
2767 829 2859 882 καὶ
2891 827 2986 883 τοῦ
3019 828 3172 896 άγίου
3202 829 3520 900 Πνεύματος
3563 832 3763 901 ὑφελὼν

2193 923 2258 975 ὲκ
2288 920 2383 974 τοῦ
2416 921 2703 993 δόγματος.
2737 921 2801 974 Εί
2831 920 2888 975 δὲ
2932 920 3149 975 ἀσεϐεῖν
3180 919 3387 989 ἔγνωκε
3418 922 3634 987 πάντως
3664 923 3766 995 (ὡς

2195 1010 2371 1081 ἔγωγε
2414 1011 2514 1066 οὑκ
2551 1008 2666 1066 οἴδα
2704 1011 2820 1066 ἀνθ’
2846 1010 2968 1066 ὅτου
3010 1012 3105 1066 καὶ
3148 1011 3394 1082 βούλεται
3420 1012 3512 1067 τὸν
3549 1013 3766 1085 κτίστην

2195 1101 2388 1157 ἑαυτοῦ
2415 1103 2511 1157 καὶ
2535 1104 2670 1158 Θεὸν
2700 1102 2793 1157 καὶ
2825 1103 3119 1175 εὐεργέτην
3141 1102 3231 1158 διὰ
3257 1104 3600 1177 βλασφημίας
3625 1107 3767 1176 ἀμεί-

2190 1193 2426 1265 ϐεσθαι),
2450 1194 2550 1265 τὴν
2576 1194 2709 1263 γοῦν
2735 1193 2831 1248 τοῦ
2862 1195 3039 1251 δοκεῖν
3069 1213 3153 1259 τις
3184 1193 3326 1252 εἶναι
3354 1197 3496 1251 κατά
3523 1197 3621 1270 τὴν
3643 1198 3767 1253 παί-

2194 1285 2376 1339 δευσιν
2406 1286 2658 1341 ὑπόνοιαν
2705 1285 3058 1359 ζημιούσθω’
3100 1288 3330 1359 ἀμαθῶς
3367 1290 3558 1344 οὑσίαν
3607 1291 3769 1363 ὑπερ·

2193 1379 2363 1444 τιθεὶς
2393 1380 2599 1444 οὑσίαςο
2632 1381 2724 1434 καὶ
2750 1380 2846 1451 τὴν
2871 1380 2966 1451 μὲν
2988 1381 3121 1449 άνω,
3145 1381 3244 1454 τὴν
3274 1382 3330 1436 δὲ
3358 1383 3506 1438 κάτω
3522 1383 3660 1438 κατὰ
3682 1385 3767 1439 τὸν

2200 1471 2273 1542 μὴ
2316 1471 2703 1543 εὑρισκόμενον
2739 1472 2894 1542 λόγον
2947 1473 3410 1545 ἀποφαινόμενος·
3438 1477 3530 1529 καὶ
3569 1478 3635 1545 τῇ
3674 1476 3768 1548 μὲν

2195 1562 2255 1615 τὸ
2293 1563 2502 1633 κύριον,
2532 1564 2598 1634 τῇ
2649 1562 2706 1616 δὲ
2743 1564 2818 1634 μὴ
2863 1563 3100 1618 τοιοῦτον
3134 1565 3593 1638 προσμαρτυρῶν.
3634 1564 3769 1620 Οὔτε

2197 1653 2306 1725 γὰρ
2338 1654 2447 1708 τῶν
2495 1654 2600 1719 ἔξω
2633 1654 2733 1726 τῆς
2765 1655 3000 1719 πίστεως
3051 1655 3563 1729 πεφιλοσοφηκότων
3609 1656 3769 1726 ἔγνω-

2201 1747 2301 1818 μὲν
2325 1763 2446 1802 τινα
2494 1745 2650 1800 τοῦτο
2691 1747 3026 1818 ληρήσειντα,
3078 1747 3202 1801 οὔτε
3233 1750 3353 1812 ταῖς
3398 1748 3770 1815 θεοπνεύστοις

518 1837 826 1893 consistere
870 1837 1083 1908 nequit,
1138 1836 1399 1893 decernat
1432 1855 1447 1892 :
1483 1838 1823 1909 alteramque
1852 1836 2091 1910 proprie,

2204 1840 2425 1907 φωναῖς,
2459 1836 2582 1891 οὔτε
2621 1839 2739 1902 ταῖς
2768 1840 2977 1903 κοιναῖς
3023 1838 3253 1902 ἐννοίαις
3281 1839 3344 1893 τὸ
3372 1839 3584 1895 τοιοῦτο
3637 1858 3772 1913 συμ-

523 1929 752 1984 alteram
784 1929 1084 1999 improprie
1118 1945 1244 1985 esse
1272 1928 1476 1985 tradat.
1523 1927 1711 2000 Neque
1732 1944 1864 1986 vero
1899 1945 2091 2000 quem-

518 2037 683 2093 quam
708 2022 1158 2093 philosopborum
1188 2024 1353 2080 etiam
1374 2038 1407 2078 a
1439 2024 1544 2081 fide
1565 2032 1756 2080 nostra
1784 2025 2172 2081 abhorrentem
2233 2023 2612 2095 cognovimus,
2658 2024 2750 2095 qui
2815 2023 2951 2079 adeo
3007 2023 3267 2082 deliraret
3302 2045 3319 2095 ;

2199 1929 2395 1982 ϐαίνει.

3394 2043 3574 2099 neque
3643 2041 3770 2084 con-

520 2129 681 2178 sonat
712 2119 819 2175 hoc
858 2119 940 2175 vel
962 2119 1164 2175 divinis
1193 2120 1435 2177 oraculis
1458 2122 1541 2176 vel
1569 2121 1959 2177 communibus
1993 2118 2278 2174 hominum
2315 2118 2661 2175 notionibus.

589 2263 734 2331 Quid
773 2262 941 2333 igitur
972 2263 1026 2317 in
1061 2262 1148 2320 his
1205 2263 1489 2322 vocabulis
1542 2265 1812 2321 novandis
1857 2267 1962 2322 iste
1991 2264 2095 2322 sibi

520 2355 889 2428 proposuerit,
924 2354 1086 2419 satis,
1120 2362 1182 2409 ut
1208 2356 1472 2421 arbitror,
1529 2372 1596 2413 ex
1628 2358 1791 2413 dictis
1837 2358 1951 2429 jam
2016 2365 2098 2414 est

520 2446 909 2502 manifestum:
935 2445 1192 2502 videlicet
1220 2455 1482 2517 tanquam
1514 2447 1985 2519 propugnaculum
2010 2448 2096 2503 vel

522 2534 942 2591 fundamentum
989 2535 1266 2606 quoddam
1330 2535 1502 2592 totius
1554 2536 1924 2607 improbitatis
1960 2549 2095 2601 suae,

519 2629 689 2686 veoba
728 2629 842 2684 hzec
872 2629 1152 2700 praemittit
1172 2638 1227 2685 et
1265 2630 1530 2700 supponit
1565 2648 1578 2684 :
1614 2637 1674 2683 ut
1717 2629 1763 2685 si
1792 2642 2087 2699 persuase-

519 2722 595 2776 rit
628 2722 845 2778 unicam
876 2723 1047 2778 solam
1065 2723 1428 2779 substantiam
1447 2738 1762 2794 supremam
1786 2730 1839 2776 et
1864 2721 2101 2776 maxime

522 2815 799 2884 propriam
863 2830 1009 2879 esse,
1063 2813 1282 2871 facilius
1329 2815 1398 2870 de
1454 2815 1576 2870 aliis
1625 2829 1739 2868 rem
1796 2813 2097 2868 conficiat:

521 2906 680 2977 quasi
706 2906 773 2962 de
796 2906 889 2972 iis,
923 2922 1045 2976 qua:
1066 2905 1209 2961 infra
1245 2906 1392 2961 illam
1436 2907 1691 2977 primam,
1727 2914 1781 2961 et
1820 2922 1928 2961 non
1968 2920 2103 2976 pro-

524 2999 641 3069 prie
667 3013 789 3055 esse
813 2999 1141 3069 cogitentur.
1173 2998 1406 3054 Maxime
1436 3015 1565 3054 vero
1578 2999 1682 3054 hoc
1709 2998 1951 3056 ostendit
1978 3015 2103 3071 pro-

524 3106 717 3160 gressu
752 3090 1164 3160 disputationis,
1215 3106 1340 3145 cum
1379 3106 1479 3147 sua
1519 3092 1586 3147 de
1627 3090 1768 3147 Filio
1799 3103 1853 3147 et
1892 3091 2102 3163 Spiritu

524 3189 716 3237 sancto
743 3181 946 3253 placita
974 3181 1233 3238 edisserit
1262 3200 1277 3250 ;
1312 3198 1587 3252 nusquam
1615 3183 1766 3238 enim
1812 3182 1986 3237 utitur
2013 3198 2104 3238 ve-

524 3286 603 3325 ris
634 3270 968 3335 nominibus,
998 3287 1088 3337 ne,
1123 3280 1184 3326 ut
1208 3280 1335 3328 ante
1365 3271 1497 3337 dixi,
1520 3280 1732 3328 naturae
1759 3275 2102 3329 consortium

524 3374 578 3418 et
614 3364 1057 3420 communionem
1109 3365 1254 3420 inter
1288 3379 1370 3432 se,
1429 3366 1566 3436 ipsis
1603 3366 1888 3423 vocabulis
1935 3366 2103 3421 etiam

2268 2262 2372 2315 Τὸν
2400 2262 2498 2334 μὲν
2520 2256 2612 2317 οὑν
2643 2262 2844 2318 σκοπὸν
2866 2263 2966 2334 τῆς
2991 2262 3101 2319 τῶν
3131 2262 3413 2335 ὀνομάτων
3434 2265 3640 2321 τούτων
3658 2267 3775 2321 ἑπι-

2198 2354 2344 2419 νοίας
2392 2353 2591 2417 ἱκανῶς
2623 2355 2688 2408 ὲκ
2732 2354 2840 2410 τῶν
2883 2356 3189 2427 είρημένων
3231 2356 3414 2429 οῐομαι
3461 2356 3772 2429 πεφανερῶ-

2201 2445 2349 2500 σθαγ
2379 2446 2459 2500 ὅτι
2486 2446 2733 2519 καθάπερ
2753 2448 3111 2519 ὁρμητήριον,
3139 2448 3173 2521 ἢ
3200 2448 3448 2520 θεμέλιον
3472 2449 3573 2521 τῆς
3599 2449 3777 2521 πάσης

2200 2537 2393 2591 ἑαυτοῦ
2425 2539 2552 2612 περὶ
2573 2538 2634 2592 τὸ
2665 2538 2840 2611 δόγμα
2873 2540 3228 2613 κακουργίας,
3267 2540 3336 2596 τὰ
3368 2542 3585 2614 ῥήματα
3609 2540 3777 2597 ταῦτα

2200 2629 2701 2701 προῦποϐάλλεται*
2759 2631 2845 2685 ἵνα
2906 2634 3323 2696 κατασκευάσας
3370 2634 3431 2688 τὸ
3480 2635 3645 2705 μόνην
3680 2634 3778 2705 τὴν

2204 2722 2332 2794 μίαν
2367 2723 2557 2789 οὑσίαν
2598 2723 2859 2778 ἀνωτάτω
2902 2741 2963 2778 τε
3002 2724 3097 2779 καὶ
3150 2725 3494 2796 κυριωτάτην
3519 2722 3774 2795 νομίζειν,

2204 2813 2401 2886 ῥᾳδίως
2429 2814 2742 2889 κατατρέχῃ
2772 2815 2880 2870 τῶν
2911 2816 3108 2882 ἄλλων,
3136 2816 3212 2881 ὡς
3240 2810 3312 2871 ἐν’
3329 2817 3440 2881 τοῖς
3474 2815 3642 2880 κάτω,
3683 2814 3779 2869 καὶ

2207 2907 2282 2978 μὴ
2316 2906 2521 2977 κυρίως
2553 2906 2962 2979 θεωρουμένων.
2988 2908 3237 2963 Δείκνυσι
3262 2907 3319 2962 δὲ
3355 2908 3515 2963 τοῦτο
3551 2906 3780 2977 μάλιστα

2201 2996 2428 3051 διὰοτῶν
2468 2996 2615 3067 ἑξῆς,
2655 2998 2713 3050 ὲν
2741 2992 2824 3061 οἷς
2853 2996 2925 3051 τὰ
2950 2996 3207 3052 δοκοῦντα
3236 2997 3365 3070 περὶ
3403 2998 3498 3053 τοῦ
3532 2997 3659 3051 Υίοῦ
3687 2999 3782 3053 καὶ

2201 3089 2297 3144 τοῦ
2326 3089 2484 3158 ἁγίου
2512 3087 2832 3159 Πνεύματος
2863 3089 3259 3160 διαλεγόμενος,
3291 3090 3391 3144 οὑκ
3421 3090 3515 3145 ἐπὶ
3540 3091 3649 3145 τῶν
3667 3092 3785 3146 dvo-

2207 3180 2392 3251 μάτων
2414 3178 2631 3250 ἔρχεται
2670 3178 2907 3232 τούτων’
2939 3179 3025 3233 ἵνα
3060 3180 3156 3251 μὴ,
3198 3178 3381 3244 καθὼς
3409 3183 3686 3251 προεῖπον,
3719 3183 3785 3237 τὸ

2203 3272 2400 3325 οἰκεῖον
2445 3271 2542 3343 τῆς
2575 3269 2789 3340 φύσεως
2839 3270 3018 3325 αὑτῶν
3060 3275 3182 3336 ταῖς
3236 3275 3650 3347 προσηγορίαις,
3689 3276 3787 3329 καὶ⁸

2208 3360 2283 3429 μὴ
2330 3358 2673 3431 βουλόμενος,
2725 3362 3090 3435 παραστήσῃ⁸
3123 3363 3238 3416 ἀλλ’
3281 3363 3563 3438 ἀνώνυμον
3607 3367 3789 3421 αὑτῶν

526 3456 732 3511 invitus
758 3456 1036 3512 mentibus
1068 3459 1276 3514 nostris
1311 3458 1562 3528 objiciat,
1606 3459 1702 3515 sed
1732 3461 1851 3514 sine
1866 3459 2100 3530 propriis

2207 3452 2438 3513 ποιεῖται
2466 3449 2563 3521 τὴν
2586 3452 2805 3522 μνήμην
2834 3455 2862 3506 ό
2891 3453 3257 3523 δογματίζων,
3285 3455 3405 3510 ἀπὸ
3447 3454 3567 3510 τῶν
3602 3471 3791 3526 προσ·-

527 3545 845 3601 nominibus
874 3546 1091 3602 illorum
1148 3527 1482 3603 mentionem
1511 3549 1640 3604 facit
1672 3550 1742 3615 is,
1789 3527 1882 3620 qui
1915 3527 2098 3616 docet,

2210 3541 2385 3611 φυῶν
2453 3542 2760 3613 ὀνομάτων
2820 3544 2920 3598 καὶ
2974 3542 3261 3615 ,ῥημάτων
3320 3546 3449 3603 δεῖν
3511 3548 3617 3615 τὰς
3670 3548 3793 3604 τῶν

526 3652 590 3690 ea:
620 3637 786 3691 verbis
814 3646 865 3691 et
890 3639 1189 3692 nominibus
1222 3638 1430 3695 idoneis
1470 3655 1519 3695 et
1543 3641 1957 3695 accommodatis
1981 3644 2105 3695 ani-

527 3746 639 3784 mos
675 3730 1007 3787 audientium
1028 3731 1097 3786 ad
1124 3734 1200 3787 rei
1230 3734 1504 3789 veritatem
1548 3734 1821 3790 ducendos
1865 3751 2001 3789 esse.
2037 3734 2108 3788 At

527 3823 689 3892 quale
740 3838 939 3879 nomen
989 3806 1461 3882 accommodatius
1507 3841 1633 3882 esse
1683 3834 1871 3899 queat,
1937 3840 2103 3896 quam

528 3915 673 3985 quod
704 3916 773 3971 ab
802 3916 917 3986 ipsa
939 3916 1170 3973 veritate
1209 3917 1526 3989 impositum
1552 3919 1678 3974 est?
1729 3919 1838 3975 Sed
1870 3919 2111 3991 Evangeo

530 4007 618 4060 liis
648 4006 877 4062 adversa
927 4008 982 4061 in
1029 4008 1296 4062 mundum
1338 4007 1690 4063 introducere
1737 4008 1952 4073 volens,
1997 4025 2109 4064 non

530 4098 773 4152 nominat
803 4096 1021 4163 Filium,
1080 4098 1176 4154 sed
1209 4097 1603 4163 substantiam,
1648 4114 1771 4169 quae
1818 4115 1915 4171 per
1956 4100 2109 4154 illam

547 4183 782 4255 primam
816 4183 909 4249 sit,
937 4189 991 4237 et
1017 4197 1137 4252 qua
1164 4190 1291 4253 post
1322 4181 1466 4237 illam
1505 4181 1711 4252 primas
1734 4189 1936 4237 teneat.
1959 4180 2116 4246 Quod

548 4285 728 4331 autem
752 4275 864 4329 haec
891 4290 997 4329 non
1016 4273 1122 4330 alio
1137 4273 1369 4329 consilio
1392 4270 1643 4340 afﬁrmet,
1665 4287 1827 4343 quam
1847 4279 1906 4326 ut
1924 4285 2116 4326 sanam

547 4376 602 4424 et
618 4365 977 4422 orthodoxam
997 4365 1066 4420 de
1091 4364 1367 4434 unigenito
1397 4362 1536 4418 Filio
1553 4364 1861 4434 opinionem
1879 4379 1943 4418 ex
1961 4379 2113 4419 men-

550 4460 698 4514 tibus
721 4458 1241 4522 hominumeximat,
1268 4456 1440 4526 magis
1454 4456 1617 4511 etiam
1647 4455 1968 4526 patefacitet
1989 4456 2119 4512 reli-

549 4549 675 4620 quis
700 4548 850 4604 illius
878 4547 1201 4619 imposturis
1224 4553 1276 4600 et
1299 4545 1774 4599 machinamentis.
1797 4543 1970 4599 Porro
1987 4560 2117 4615 quo-

550 4640 698 4694 niam
717 4638 911 4694 modus
934 4636 1212 4708 loquendi,
1243 4650 1353 4706 quo
1373 4649 1507 4689 usus
1536 4641 1642 4697 est,
1670 4635 1743 4688 ita
1772 4646 2117 4705 comparatus

2207 3635 2551 3690 ἀκουόντων
2564 3636 2833 3702 διανοίας
2857 3637 3287 3708 προσάγεσθαι.
3324 3640 3517 3694 Καίτοι
3536 3643 3592 3698 τί
3623 3656 3794 3714 προσ-

2209 3727 2504 3800 φυέστερον
2538 3728 2708 3799 ὄνομα
2755 3727 2849 3782 τοῦ
2894 3731 3026 3802 παρ’
3057 3730 3230 3801 αὑτῆς
3258 3732 3356 3803 τῆς
3384 3731 3639 3803 ἀληθείας
3663 3732 3795 3788 ὠνο-

2213 3822 2516 3892 μασμένους
2574 3820 2713 3874 Ἀλλ’
2766 3822 3204 3893 ἁντιδογματίζει
3251 3826 3365 3888 τοῖς
3401 3824 3793 3893 Εὑαγγελίοις,

2209 3914 2307 3983 οὑχ
2332 3912 2461 3968 Υίὸν
2493 3912 2795 3984 ὀνομάζων,
2828 3913 2965 3968 ἀλλὰ
3007 3915 3106 3985 τὴν
3129 3914 3196 3968 δι’
3234 3915 3448 3985 ἐκείνην
3473 3916 3571 3986 μὲν
3601 3911 3793 3981 οὖσαν,

2214 4007 2331 4076 μετ’
2373 4006 2589 4077 ἐκείνην
2635 4006 2693 4060 δὲ
2745 4006 2963 4062 πάντων
3009 4006 3116 4061 τῶν
3167 4007 3336 4062 ὄντων
3380 4007 3792 4080 πρωτεύουσαν.

2211 4098 2381 4152 Τοῦτο
2410 4098 2487 4165 δὲ,
2518 4100 2601 4152 ὅτι
2634 4099 2731 4169 μὲν
2759 4099 2852 4153 ἐπὶ
2881 4098 3197 4170 καθαιρέσει
3226 4100 3325 4170 τῆς
3357 4099 3614 4165 εὐσεϐοῦς
3664 4103 3799 4173 περὶ

2210 4189 2303 4243 τοῦ
2338 4189 2678 4258 Μονογενοῦς
2713 4188 3031 4260 ὑπολήψεως
3063 4188 3299 4258 λέγεται,
3334 4190 3401 4245 ὲκ
3445 4191 3549 4261 τῆς
3598 4190 3799 4263 λοιπῆς

2211 4279 2376 4334 αὑτοῦ
2426 4280 2770 4351 κατασκευῆς
2807 4280 3007 4351 μᾶλλον
3046 4280 3512 4354 φανερωθήσεται.
3554 4283 3708 4335 Ἐπεὶ
3740 4283 3799 4336 δὲ

2214 4371 2397 4443 μέσως
2442 4372 2587 4443 ἔχειν
2617 4372 2766 4426 δοκεῖ
2808 4371 2876 4425 τά
2922 4373 3211 4444 εἰρημένα,
3366 4374 3463 4427 καὶ
3502 4372 3595 4427 τὸν
3625 4373 3802 4445 μηδὲν

2211 4464 2405 4528 ἀσεϐὲς
2431 4465 2558 4537 περὶ
2583 4463 2678 4517 τοῦ
2699 4463 2936 4537 Χριστοῦ
2962 4464 3210 4534 λέγοντα,
3235 4466 3544 4538 χρήσασθαι
3567 4467 3634 4521 ἄν
3664 4483 3804 4519 ποτε

2210 4560 2321 4621 τοῖς
2370 4557 2579 4627 ῥήμασι
2610 4554 2844 4620 τούτοιςο
2884 4555 2973 4611 διὰ
3019 4556 3177 4612 τοῦτο
3218 4558 3313 4612 καὶ
3343 4557 3507 4621 αὑτὸς
3539 4556 3635 4609 τὸν
3668 4557 3808 4628 περὶ

2208 4648 2300 4702 τοῦ
2332 4646 2539 4718 Κυρίου
2571 4646 2727 4715 λόγον
2756 4646 2854 4701 νῦν
2891 4647 3295 4720 ὑπερϐήσομαι,
3327 4652 3450 4713 ταῖς
3482 4652 3806 4721 φανερωτέ-

546 4731 786 4796 videtur,
825 4738 884 4785 ut
916 4730 960 4785 is
1002 4730 1190 4792 etiam,
1222 4726 1316 4797 qui
1354 4724 1559 4796 aliquid
1590 4724 1755 4794 impie
1786 4726 1855 4781 de
1881 4726 2100 4785 Christo

2211 4756 2331 4811 ραις
2362 4739 2483 4793 κατ’
2517 4736 2683 4791 αὑτοῦ
2718 4736 3089 4808 βλασφημίαις
3115 4738 3550 4808 ταμιευσάμενος
3574 4739 3675 4807 τὴν
3705 4739 3811 4791 ἀν-

549 4821 791 4893 proferre
832 4835 937 4875 non
957 4819 1131 4888 cupit,
1148 4838 1215 4877 eo
1235 4838 1405 4892 usque
1421 4831 1504 4876 eat
1523 4828 1836 4890 :propterea
1861 4835 1960 4891 ego
1975 4836 2100 4890 quo-

2211 4832 2459 4904 τίρρησιν
2483 4847 2495 4859 ·
2531 4830 2658 4903 περὶ
2689 4829 2744 4883 δὲ
2789 4829 2883 4883 τοῦ
2913 4829 3067 4896 ἁγίου
3102 4829 3441 4901 Πνεύματος,
3476 4829 3667 4901 ἐπειδὴ
3699 4846 3811 4898 φα-

551 4927 660 4982 que
701 4910 903 4967 tacitus
939 4925 1084 4966 nunc
1109 4911 1467 4980 praetermitto
1487 4926 1629 4978 eam,
1662 4924 1883 4983 quaeest
1913 4916 1981 4970 de
2009 4914 2100 4971 Do-

2216 4924 2350 4994 νερᾷ
2389 4923 2483 4975 καὶ
2511 4920 2963 4994 ἀπαρακαλύπτῳ
2993 4921 3194 4993 χρῆται
3224 4924 3291 4993 τῇ
3338 4921 3680 4994 βλασφημίᾳ,
3717 4922 3812 4975 λέ-

551 5002 703 5056 mino
721 5008 935 5067 nostro,
961 4999 1410 5081 disputationem,
1428 5012 1713 5059 exstructa
1740 5007 1887 5063 illius
1903 5023 1961 5064 re
1972 5008 2100 5064 futa-

2217 5032 2328 5083 γων
2372 5013 2706 5068 ἀσύντακτον
2754 5008 2897 5067 εἶναι
2940 5015 3115 5084 Πατρ)⁸
3153 5014 3249 5067 καὶ⁵
3288 5014 3436 5085 Υίῷ,
3467 5014 3814 5084 ἀμφοτέροις

549 5097 697 5149 tione
736 5094 1304 5151 ex'mauifestissimis
1349 5076 1730 5155 tantummodo
1758 5099 2100 5171 blasphemiis

2214 5076 2269 5161 ὑὲ
2309 5104 2773 5178 ὑποτεταγμένον,
2805 5103 2906 5175 ἠδη
2953 5076 3182 5159 καθόσον
3214 5099 3326 5170 οἷός
3464 5076 3532 5169 ὦ,
3557 5076 3816 5170 ἐξετάσω

552 5194 746 5242 contra
766 5184 1032 5258 Spiritum
1057 5195 1331 5255 sanctum,
1351 5205 1511 5261 quem
1540 5202 1728 5265 aperta
1751 5199 1805 5249 et
1830 5192 1982 5249 nullo
2003 5210 2120 5251 ver-
2214 5200 2304 5254 τὸν
2335 5201 2513 5271 λόγον.

549 5279 744 5334 borum
772 5279 1057 5336 involucro
1078 5288 1225 5336 tecta
1248 5281 1589 5354 blasphemia
1618 5285 1958 5356 aggreditur,
1987 5286 2117 5345 dum
2144 5301 2271 5344 eum
2296 5280 2434 5339 dicit
2457 5295 2568 5337 non
2594 5280 2839 5352 ejusdem
2857 5279 3071 5339 ordinis
3086 5296 3209 5337 cum
3226 5279 3389 5337 Patre
3407 5291 3465 5340 et
3492 5281 3635 5341 Filio
3651 5302 3799 5342 cen-

553 5375 662 5429 seri
693 5387 875 5443 posse,
909 5374 1126 5445 utrique
1154 5385 1333 5431 autem
1369 5376 1697 5447 subjectum.
1722 5379 1894 5445 Quam
1925 5382 2045 5451 ejus
2078 5384 2411 5456 impietatem
2444 5396 2544 5453 pro
2568 5380 2778 5434 viribus
2797 5394 2941 5433 nunc
2965 5379 3313 5436 exarninabo.

598 5504 731 5568 Qua:
765 5504 934 5574 igitur
966 5506 1329 5577 subjectionis
1367 5508 1640 5564 vocabulo
1668 5511 1823 5567 notio
1851 5514 2100 5587 subjecta

2283 5515 2349 5568 Τί
2377 5513 2553 5568 τοίνυν
2584 5513 2682 5584 τῆς
2718 5511 3000 5583 ὑποταγῆς
3026 5513 3140 5568 ἐστι
3170 5513 3232 5569 τὸ
3264 5516 3665 5589 σημαινόμενον
3707 5521 3818 5574 καὶ

532 5595 626 5660 sit,
652 5603 706 5650 et
738 5594 793 5650 in
825 5597 1027 5665 quibus
1059 5600 1225 5655 rebus
1259 5600 1444 5655 divina
1489 5600 1776 5672 Scriptura
1808 5605 1859 5661 id
1894 5623 2096 5663 nomen

2214 5610 2306 5661 ἐπὶ
2333 5607 2495 5660 τίνων
2526 5607 2559 5675 ἡ
2593 5604 2712 5658 θεία
2742 5604 2929 5676 Γραφὴ
2960 5605 3040 5675 τῷ
3071 5607 3297 5679 τοιούτῳ
3325 5608 3671 5680 προσχρῆται
3706 5613 3817 5683 ῥή-

541 5694 790 5756 usurpet,
819 5686 1093 5758 principio
1148 5692 1428 5760 inquirere
1481 5704 1720 5764 oportet.
1770 5697 1904 5752 Cum
1963 5700 2100 5757 Deus

2220 5716 2371 5770 ματι,
2411 5696 2627 5767 πρῶτον
2662 5698 3102 5768 κατανοήσωμεν.
3135 5698 3325 5768 Τιμῶν
3371 5699 3462 5753 τὸν
3504 5700 3816 5772 ἄνθρωπον

546 5780 822 5835 hominem
852 5781 1200 5847 houorasset,
1229 5800 1294 5841 eo
1317 5785 1463 5857 quod
1490 5787 1671 5859 ipsum
1714 5789 1780 5844 ad
1818 5793 2100 5863 imaginem

2216 5791 2291 5860 τῷ
2315 5789 2433 5842 κατ’
2454 5787 2635 5842 εἰκόνα
2663 5788 2984 5861 γεγενῆσθαι
3006 5789 3097 5844 τοῦ
3116 5791 3414 5859 κτίσαντος,
3446 5793 3625 5849 πᾶσαν
3650 5792 3817 5866 αὑτῷ
