4008 6210
324 272 430 328 309

1490 281 1771 339 CONTRA
1801 284 2168 345 EUNOMIUM
2206 288 2333 345 LIB.
2370 289 2403 345 Ι.

3488 299 3590 354 310

332 391 427 457 τὴν
462 385 649 453 ἀλογον
683 384 845 455 φύσιν
883 387 1152 453 ὑπέταξεν
1195 391 1223 443 ό
1264 390 1455 456 κτίσας
1482 393 1635 460 Θεὸς,
1672 396 1853 463 καθὼς
1882 401 1900 451 ί

2012 407 2067 455 et
2098 400 2515 457 similitudinem
2551 401 2637 456 sui
2673 402 2942 459 creatoris
2983 402 3259 463 cnectsset
3279 409 3347 474 “,
3366 424 3587 465 omnem

331 477 503 545 μέγας
550 475 718 528 Δαὸλδ
749 476 808 529 ὲν
858 475 1051 546 ὕμνοις
1094 479 1194 550 τὴν
1239 479 1400 552 χάριν
1446 482 1650 556 ταύτην
1701 486 1911 551 διεξιὼν

326 567 701 638 ἀνευφήμησε.
752 568 960 623 Πάντα
1010 570 1139 641 γὰρ,
1175 574 1358 642 φησιν,
1408 575 1710 640 ὑπέταξεν
1766 582 1912 633 ὐπο-

320 660 483 715 ιάτω
514 662 637 715 τῶν
667 662 874 718 ποδῶν
900 665 1116 720 αὐτοῦ·
1152 668 1243 719 καὶ
1274 669 1361 722 ἐπ’
1404 669 1663 739 ὀνόματος
1704 673 1910 744 μέμνη-

317 768 409 804 ται
436 752 549 805 τῶν
581 753 1055 826 ὑποτεταγμένων.
1090 759 1245 811 Ἔστι
1268 759 1428 814 πάλιν
1455 762 1733 833 ὑποταγῆς
1761 763 1912 834 παρὰ

317 845 388 913 τῇ
417 842 540 914 θεία
576 843 767 917 Γραφῇ
796 846 890 899 καὶ
931 846 1059 902 ἄλλο
1097 848 1161 902 τὸ
1198 853 1614 922 σημαινόμενον.
1653 853 1771 907 Τῶν
1801 855 1910 927 γὰρ

316 934 383 987 ὲν
412 938 525 997 τοῖς
555 935 815 1007 πολέμοις
861 938 1314 1009 κατορθωθέντων
1344 941 1514 1013 αὐτῷ,
1552 943 1632 1014 τῷ
1655 943 1774 1015 Θεῷ
1798 944 1908 997 τῶν

316 1027 462 1080 ὅλων
495 1028 775 1093 ἀνατιθεὶς
802 1030 899 1101 τὴν
928 1031 1130 1096 αἰτίαν,
1168 1031 1447 1097 Ύπέταξε
1479 1036 1691 1102 λαοὺς,
1722 1036 1907 1107 φησιν,

316 1120 488 1189 ἡμῖν,
521 1122 621 1176 καὶ
661 1123 809 1192 ἔθνη
839 1124 959 1179 ὑπὸ
990 1124 1133 1191 τοὺς
1155 1126 1347 1194 πόδας
1370 1127 1571 1197 ἡμῶν·
1603 1129 1697 1182 καὶ
1726 1129 1905 1195 πάλιν,

329 1212 391 1264 ὐ
426 1212 793 1269 ὐποτάσσων
834 1216 1023 1284 λαοὺς
1058 1217 1162 1272 ὑπ’
1199 1216 1323 1287 ἐμέ.
1353 1218 1464 1270 Καὶ
1496 1219 1754 1284 πολλάκις
1792 1220 1907 1273 ἐστι

312 1304 425 1374 τὴν
453 1304 637 1377 φωνὴν
668 1305 874 1379 ταύτην
903 1309 963 1361 ἐν
994 1310 1115 1372 ταῖς
1137 1307 1311 1373 θείαις
1343 1309 1524 1381 εὑρεῖν
1557 1311 1824 1382 Γραφαῖς,
1846 1312 1907 1365 τὸ

315 1395 468 1450 κατὰ
496 1395 606 1450 τῶν
648 1398 1119 1469 ἀντιτεταγμένων
1160 1400 1358 1471 κράτος
1400 1401 1904 1473 ἀποσημαίνουσαν.

314 1488 399 1541 Th
427 1488 538 1559 γὰρ
577 1488 670 1543 τοῦ
713 1489 1034 1542 Ἀποστόλου
1065 1490 1159 1544 ἐπὶ
1191 1491 1291 1561 τῆς
1334 1494 1392 1545 ὲν
1426 1493 1638 1564 ὑστέρῳ
1679 1511 1904 1566 γενησο-

311 1581 492 1654 μένης
513 1582 795 1653 ὑποταγῆς
821 1582 1038 1636 πάντων
1058 1583 1168 1636 τῶν
1200 1582 1296 1637 ἀνθ
1306 1583 1502 1653 ρώπων
1530 1585 1665 1655 πρὸς
1685 1585 1775 1638 τὸν
1791 1588 1904 1639 Μο-

308 1676 534 1747 νογενῆ,
569 1677 664 1729 καὶ
699 1677 767 1730 δι’
798 1676 964 1731 αὑτοῦ
997 1677 1134 1748 πρὸς
1157 1676 1248 1732 τὸν
1280 1678 1520 1749 Πατέρα,
1554 1680 1611 1733 ἐν
1642 1674 1722 1742 οἷς
1750 1681 1806 1732 ὲν
1827 1678 1905 1749 τῷ

2015 494 2249 551 rationis
2274 501 2551 564 expertem
2606 502 2915 550 creaturam
2949 496 3186 569 subjecit
3224 498 3305 556 illi
3338 502 3592 559 conditor

2013 584 2178 639 Deus.
2244 583 2713 651 Quemadmodum
2796 601 3028 658 magnus
3085 590 3249 646 etiam
3296 590 3470 649 David
3532 593 3589 649 in

2012 674 2247 731 Psalmis
2300 676 2444 730 hanc
2510 675 2741 746 gratiam
2785 674 2881 731 Dei
2941 692 3206 736 cuarrans
3253 681 3588 751 decantavit,

2017 764 2231 834 Omnia,
2287 766 2563 837 inquiens,
2619 766 2841 837 subjecit
2864 768 2959 822 sub
3009 771 3224 838 pedibus
3277 773 3479 843 ejus",
3532 782 3590 833 et

2012 855 2269 928 deinceps
2296 859 2627 914 nominatim
2659 862 2982 930 exsequitur
3016 861 3134 928 illa,
3186 880 3309 934 qum
3336 866 3388 922 ei
3449 876 3582 924 sunt

2013 949 2278 1018 subjecta.
2310 948 2579 1006 Praeterea
2618 950 2764 1006 aliud
2793 950 3153 1021 subjectionis
3176 953 3233 1008 in
3272 957 3449 1014 sacris
3470 957 3577 1013 Lit-

2011 1040 2149 1094 teris
2179 1040 2452 1110 repcritur
2479 1042 2887 1113 signiﬁcatum;
2928 1058 3114 1100 rerum
3155 1045 3301 1102 enim
3339 1047 3396 1102 in
3438 1048 3587 1105 bello

2013 1126 2256 1183 feliciter
2302 1130 2371 1183 ah
2410 1129 2530 1200 ipso
2560 1139 2838 1201 gestarum
2886 1147 3111 1189 causam
3156 1133 3270 1192 Deo
3298 1137 3586 1196 universo-

2008 1232 2129 1272 rum
2179 1220 2463 1289 ascribens
2518 1220 2580 1276 Β.
2630 1220 2797 1277 David
2836 1220 3113 1292 :Subjecit
3141 1226 3360 1296 populos
3409 1230 3580 1295 nobis,

2008 1309 2183 1381 inquit
2228 1312 2296 1377 ",
2338 1321 2388 1367 et
2434 1324 2611 1383 gentes
2653 1313 2747 1368 sub
2800 1313 3019 1381 pedibus
3075 1320 3311 1383 nostris;
3359 1321 3581 1376 iterum-

2006 1418 2112 1472 que
2148 1424 2159 1459 :
2194 1402 2298 1469 Qui
2320 1405 2531 1473 subjicit
2557 1406 2775 1475 populos
2796 1405 2947 1459 mihi.
2987 1404 3307 1479 Saepiusque
3337 1411 3584 1466 invenire

2006 1502 2089 1549 est
2113 1509 2298 1549 vocem
2322 1495 2464 1551 hanc
2490 1496 2545 1550 in
2578 1512 2735 1552 sacra
2774 1498 3063 1569 Scriptura
3091 1513 3156 1555 ea
3200 1499 3443 1561 notione,
3467 1510 3575 1566 qua

2008 1584 2285 1656 signiﬁcat
2334 1586 2764 1642 dominationem
2818 1589 2872 1643 in
2927 1590 3282 1648 adversarios
3325 1603 3581 1665 partam:

2006 1691 2131 1730 nam
2165 1676 2298 1731 illud
2329 1675 2575 1747 Apostoli
2601 1679 2668 1734 de
2698 1679 2882 1735 futura
2913 1692 3018 1738 sub
3048 1681 3207 1738 linem
3231 1685 3422 1740 mundi
3450 1686 3580 1742 sub—

309 1767 475 1835 βάθει
520 1769 620 1839 τῆς
654 1768 845 1837 σοφίας
876 1769 966 1823 τὸν
1008 1769 1234 1840 μεσίτην
1278 1768 1414 1823 Θεοῦ
1456 1771 1550 1824 καὶ
1599 1770 1900 1842 ἀνθρώπων

2002 1766 2241 1836 jectione
2288 1769 2533 1823 omnium
2571 1769 2876 1837 hominum,
2930 1788 3037 1843 qua
3089 1774 3387 1845 Unigenito
3415 1776 3583 1847 subji-

306 1858 483 1912 αὑτὸν
526 1859 928 1913 ὑποτάσσεσθαι
977 1860 1057 1930 τῷ
1088 1861 1262 1932 Πατρὶ
1313 1860 1463 1927 λέγει
1519 1860 1635 1931 (τὴν
1687 1861 1901 1915 πάντων

305 1948 623 2018 ἀνθρώπων
655 1949 922 2019 ὑπακοὴν,
953 1948 1042 2002 διὰ
1086 1948 1189 2018 τῆς
1217 1948 1312 2002 τοῦ
1342 1948 1471 2002 Υἱοῦ
1508 1950 1904 2020 μετεσχηκότος

304 2041 418 2110 τῆς
444 2040 864 2111 ἀνθρωπότητος
898 2040 1034 2110 πρὸς
1060 2040 1150 2093 τὸν
1171 2040 1392 2111 Πατέρα
1420 2040 1697 2110 ὑποταγῆς
1726 2042 1902 2094 αἰνισ-

304 2132 601 2202 σόμενος),
639 2132 717 2195 ὡς
756 2132 1001 2195 πλείονος
1036 2132 1131 2185 καὶ
1175 2132 1612 2205 φιλοπονωτέρας
1650 2133 1903 2203 δεόμενον

301 2226 417 2294 τῆς
442 2223 778 2295 ἐξηγήσεως,
810 2224 947 2296 πρὸς
986 2224 1046 2277 τὸ
1087 2223 1260 2294 παρὸν
1308 2225 1706 2295 ὑπερθήσομαι.
1762 2225 1900 2277 Ἀλλ’

304 2317 379 2369 ὲν
405 2319 518 2379 τοῖς
544 2315 851 2388 προδήλοις,
886 2316 946 2367 ὲν
973 2308 1052 2379 οἷς
1077 2315 1329 2386 οὐδεμίαν
1367 2315 1695 2385 ἀμφιϐολίαν
1722 2315 1785 2369 τὸ
1804 2317 1901 2388 τῆς

304 2408 599 2478 ὑποταγῆς
633 2408 1031 2478 σημαινόμενον
1085 2406 1232 2477 ἔχει,
1272 2406 1414 2460 κατὰ
1443 2407 1565 2463 τίνα
1610 2406 1733 2461 νοῦν
1769 2406 1903 2463 ὑπο-

302 2499 578 2569 τετάχθαι
619 2501 721 2571 τὴν
764 2498 858 2552 τοῦ
911 2497 1229 2568 Πνεύματος
1269 2497 1460 2552 οὐσίαν
1505 2502 1572 2570 τῇ
1622 2498 1717 2554 τοῦ
1767 2500 1899 2554 Υίοῦ

305 2592 411 2644 καὶ
437 2592 534 2645 τοῦ
590 2591 805 2663 Πατρός
848 2590 1252 2658 ἀποφαίνεταις
1300 2590 1388 2653 Ὠς
1434 2589 1565 2654 Υίὸς
1605 2590 1684 2662 τῷ
1726 2591 1900 2664 Πασιρ)⁸

303 2683 702 2743 ὑποτάσσεται.
732 2682 915 2746 καθὼς
939 2685 1050 2736 νοεῖ
1074 2683 1103 2735 ὁ
1149 2682 1491 2745 Ἀπόστολοςς
1516 2682 1728 2737 Οὐκοῦν
1757 2683 1899 2738 κατὰ

304 2775 477 2831 τοῦτο
516 2775 871 2829 συντάσσεται
896 2774 973 2844 τῷ
1003 2773 1118 2843 Υίῷ
1148 2772 1210 2826 τὸ
1248 2759 1494 2844 Πνεῦμα,
1522 2775 1621 2845 οὐχ
1663 2775 1900 2830 ὑποτάσ-

305 2886 496 2931 σεται,
537 2869 697 2937 εῐπερ
741 2866 811 2919 τά
847 2865 940 2919 δύο
981 2865 1248 2937 πρόσωπα
1298 2863 1405 2918 τῶν
1452 2866 1898 2936 ὑποταττομένων

306 2959 490 3013 ἐστίν.
525 2956 605 3013 Ἥ
637 2959 737 3029 οὐχ
770 2958 915 3012 οὕτω
944 2957 1084 3028 (πῶς
1110 2952 1203 3009 οὖν
1236 2955 1433 3026 ἑτέρως
1454 2950 1494 3021 ;)
1513 2956 1588 3020 ὼς
1614 2958 1678 3027 τῇ
1706 2956 1895 3029 λογικῇ

2003 1861 2238 1924 cientur,
2285 1868 2340 1914 et
2368 1876 2464 1930 per
2498 1861 2679 1931 ipsum
2714 1861 2886 1925 Patri,
2938 1877 3065 1918 cum
3098 1880 3209 1919 non
3251 1866 3461 1937 absque
3491 1882 3577 1922 re-

2002 1948 2221 2003 condita
2253 1950 2518 2019 sapientia
2551 1950 2685 2004 dicit
2719 1969 2733 2005 :
2787 1951 2966 2020 ipsum
3002 1953 3169 2008 etiam
3220 1957 3579 2012 mediatorem

2003 2038 2100 2095 Dei
2138 2051 2191 2095 et
2220 2039 2504 2095 hominum
2534 2039 2680 2096 Patri
2729 2042 3037 2111 subjectum
3082 2044 3147 2098 iri
3167 2046 3232 2111 ’⁷,
3269 2047 3559 2103 insinuans

2000 2129 2253 2184 videlicet
2286 2129 2533 2184 omnium
2562 2130 2849 2185 hominum
2880 2132 3012 2202 erga
3049 2131 3266 2190 Patrem
3311 2135 3574 2191 obedien-

2002 2221 2132 2274 tiam
2170 2236 2264 2290 per
2295 2220 2495 2275 Filium
2554 2221 2915 2279 humanitatis
2958 2231 3163 2280 nostra
3201 2226 3524 2295 participem
3560 2244 3575 2282 :

2002 2313 2054 2368 in
2094 2314 2377 2383 praesentia
2412 2315 2934 2383 praetermittendum
2965 2331 3192 2383 censeo,
3218 2320 3578 2390 quippequod

2001 2405 2246 2475 longiore
2274 2414 2329 2459 et
2358 2408 2700 2462 accuratiore
2720 2408 3088 2465 declarations
3103 2418 3275 2481 egeat.
3297 2410 3417 2467 Non
3447 2412 3575 2469 dis-

2001 2496 2188 2549 cedam
2224 2510 2253 2548 a
2303 2496 2612 2566 perspicuis
2634 2536 2650 2561 ,
2679 2496 2855 2567 iisque
2893 2497 2947 2552 in
2980 2499 3184 2569 quibus
3218 2501 3368 2555 nulla
3398 2502 3575 2557 ambi-

2000 2586 2180 2657 guitas
2201 2586 2268 2642 de
2304 2587 2621 2657 signiﬁcatu
2651 2588 3019 2659 subjectionis
3051 2591 3280 2648 residet.
3320 2593 3443 2659 Quo
3469 2594 3570 2664 igi-

1960 2683 2091 2731 ‘tnr
2122 2693 2286 2732 sensu
2321 2677 2505 2743 docet,
2553 2677 2797 2748 Spiritus
2850 2681 3241 2751 substantiam,
3291 2683 3470 2740 Patris
3523 2699 3578 2744 et

2002 2768 2123 2822 Filii
2188 2769 2508 2824 substantia:
2542 2770 2846 2841 subjectam
2900 2775 3062 2830 esse?
3107 2773 3246 2829 Num
3299 2783 3359 2829 ut
3405 2773 3576 2832 Filius

2002 2861 2153 2915 Patri
2189 2862 2503 2929 subjicitur,
2524 2864 2802 2932 quomodo
2837 2865 3197 2935 subjectionis
3242 2869 3569 2923 vocabulum

2000 2963 2232 3024 usurpat
2276 2955 2607 3027 Apostolus?
2665 2954 2926 3026 Sequitur
2999 2974 3174 3030 ergo,
3231 2960 3413 3031 quoad
3470 2963 3574 3021 hoc

304 3053 480 3123 φύσει
525 3054 626 3123 τὴν
653 3052 843 3121 ἄλογον
871 3053 930 3105 ὲν
957 3049 1035 3122 τῷ
1068 3047 1268 3120 ψαλμῷ
1298 3047 1726 3145 μεμαθήκαμενς
1757 3051 1900 3104 Οὐκ-

2004 3044 2268 3117 Spiritum
2356 3056 2608 3103 sanctum
2706 3047 2845 3103 Filio
2940 3065 3052 3106 non
3155 3052 3377 3123 subjici,
3466 3057 3565 3113 sed

303 3142 411 3197 οῦν
441 3141 698 3197 τοσοῦτον
732 3139 1135 3210 παρήλλακται,
1171 3138 1295 3192 ὅσον
1319 3140 1352 3208 ἡ
1375 3137 1483 3192 τῶν
1523 3138 1735 3210 κτηνῶν
1762 3141 1899 3212 πρὸς

304 3233 409 3288 τὸν
434 3232 744 3304 ἄνθρωπον.
793 3230 953 3285 Ἀλλὰ
997 3228 1396 3301 περιγράφεται
1426 3229 1520 3282 καὶ⁵
1544 3228 1731 3284 τοῦτον
1767 3231 1899 3295 [σως

306 3326 405 3380 τὸν
424 3325 623 3393 λόγονς
650 3323 860 3378 Οὐκοῦν
881 3323 974 3378 ἐπὶ
1002 3322 1093 3377 τὸν
1120 3321 1437 3392 λειπόμενον
1456 3322 1598 3392 ἥξει·
1628 3323 1712 3376 ὅτι
1752 3324 1898 3378 ἀντι-

306 3418 628 3486 τεταγμένη
681 3415 777 3469 καὶ
832 3411 1260 3484 ἀντιστρατοῦσα
1302 3411 1365 3465 τὸ
1405 3412 1692 3484 πρότερον,
1759 3412 1899 3485 μετὰ

307 3508 491 3563 ταῦτα
539 3506 631 3562 διὰ
687 3505 1038 3576 βεὸαιοτέρας
1083 3503 1331 3573 ἀνάγκης
1381 3502 1715 3558 ὑποκύπτειν
1761 3522 1897 3560 κατ-

309 3598 639 3671 ηναγκάσθη
674 3597 749 3669 τῷ
775 3596 1184 3667 κατισχύσαντι.

2000 3137 2245 3209 ejusdem
2278 3140 2461 3208 potius
2512 3156 2637 3194 cum
2696 3142 2791 3196 illo
2835 3142 3049 3200 ordinis
3097 3158 3244 3209 esse,
3300 3146 3572 3217 siquidem

2002 3230 2123 3285 duae
2148 3246 2396 3300 personae
2424 3239 2575 3298 sunt,
2605 3246 2726 3302 quae
2752 3232 3141 3302 subjiciuntur.
3190 3236 3276 3290 An
3315 3251 3429 3293 non
3456 3237 3562 3293 hoc

2000 3324 2348 3389 sensu?Quo
2392 3324 2555 3394 igitur
2585 3325 2725 3379 alio?
2776 3325 2915 3381 Num
2943 3334 3004 3382 ut
3046 3326 3301 3383 rationali
3328 3340 3568 3385 malum

2002 3415 2235 3470 rationis
2275 3424 2556 3483 expertem
2609 3414 2815 3484 subjici
2856 3431 2922 3471 ex
2979 3417 3191 3487 psalmo
3240 3417 3575 3475 didicimus?

2000 3504 2171 3576 igitur
2202 3513 2414 3560 tantum
2449 3504 2648 3571 diﬂert,
2693 3515 2960 3575 quantum
2992 3507 3267 3578 subjectio
3289 3509 3571 3566 brutorum

2004 3603 2256 3667 respectu
2278 3594 2541 3650 hominis.
2573 3594 2678 3650 Sed
2713 3594 2855 3651 forte
2882 3596 3026 3675 hanc
3054 3612 3273 3669 quoque
3296 3600 3572 3656 notionem

314 3693 543 3747 abnuet?
572 3689 655 3744 Ad
683 3690 951 3760 reliquam
1006 3704 1136 3760 ergo
1166 3689 1348 3745 veniat
1376 3695 1613 3759 oportet,
1670 3696 1730 3743 ut
1771 3688 1984 3745 scilicet
2007 3689 2082 3744 ita
2114 3686 2316 3758 subjici
2381 3688 2554 3752 dicat,
2623 3703 2738 3758 quo
2801 3696 2965 3759 pacto
3032 3690 3109 3756 is,
3159 3691 3254 3761 qui
3305 3695 3568 3759 repugnat

312 3796 371 3841 et
396 3790 718 3848 reluctatur,
752 3783 951 3854 subjici
985 3784 1124 3839 solet
1166 3795 1315 3849 tunc,
1353 3799 1478 3839 cum
1512 3798 1540 3837 a
1577 3784 1888 3853 potentiore
1924 3792 2150 3841 coactus
2179 3798 2302 3838 sese
2337 3782 2636 3847 submittit,
2690 3783 2981 3854 victusque
3008 3799 3206 3841 manus
3239 3786 3467 3856 praebet.

399 3877 769 3945 Ἑπιλεξάσθω
800 3877 907 3932 τῶν
943 3876 1245 3950 εἰρημένων
1279 3875 1307 3929 ὃ
1339 3874 1619 3945 βούλεται·
1656 3874 1770 3929 ἀλλ’
1794 3875 1897 3930 οὑκ

312 3968 429 4026 οἰδα
449 3971 503 4026 τί
523 3970 729 4026 τούτων
760 3970 1034 4041 ἑλόμενος,
1062 3968 1424 4045 τὴνῂᾶφυκτον
1446 3968 1770 4040 κατάκρισιν
1795 3968 1895 4039 τῆς

318 4059 662 4133 βλασφημίας
707 4059 1059 4130 ἐκφεύξεται·
1112 4058 1224 4112 εἴτε
1277 4059 1335 4111 ὲν
1380 4057 1480 4129 ῐσῳ
1524 4059 1637 4121 τοῖς
1679 4057 1896 4127 ἀλόγοις

2068 3874 2247 3945 Eligat
2298 3890 2367 3929 cx
2417 3874 2614 3940 dictis,
2663 3875 2928 3945 quidquid
2965 3876 3238 3937 voluerit,
3286 3892 3394 3933 non
3435 3879 3574 3934 satis

1996 3967 2254 4039 dispicio,
2294 3980 2540 4037 quonam
2577 3980 2768 4020 eorum
2796 3966 2995 4027 electo.
3032 3966 3403 4022 inevitabilem
3438 3983 3571 4037 pro-

2001 4062 2124 4117 lata:
2171 4059 2520 4132 blasphemia:
2621 4070 2794 4111 causa
2853 4056 3268 4113 damnationem
3334 4058 3571 4131 cﬂ‘ugere

316 4152 681 4224 ὑποτετάχθαι
702 4152 849 4221 λέγει
883 4151 942 4205 τὸ
972 4149 1217 4221 Πνεῦμα,
1252 4149 1329 4213 ὡς
1358 4148 1435 4220 τῷ
1471 4149 1744 4222 ἀνθρώπῳ
1767 4150 1895 4214 τοὺς

2002 4156 2173 4217 queat,
2210 4147 2324 4205 sive
2358 4149 2507 4205 dicat
2535 4146 2801 4217 Spiritum
2833 4147 3032 4218 subjici
3066 4149 3132 4203 ad
3166 4148 3414 4216 modum,
3460 4167 3571 4222 quo

316 4242 524 4312 ἰχθύας,
553 4242 652 4295 καὶ
681 4239 752 4294 τὰ
783 4239 1024 4301 πετεινὰ,
1060 4239 1155 4293 καὶ
1200 4238 1269 4291 τὰ
1302 4238 1547 4309 πρόϐατα
1572 4256 1585 4271 ·
1622 4237 1730 4291 εἴτε
1768 4236 1894 4291 καθ’

312 4333 606 4404 ὁμοιότητα
632 4332 743 4385 τῶν
775 4329 1102 4399 ἀφεστώτων
1129 4328 1318 4400 ὥσπερ
1347 4328 1689 4400 αἰχμάλωτον
1724 4345 1893 4400 προσ-

2000 4240 2375 4311 subjiciuntur
2405 4239 2565 4292 bruta
2599 4236 2901 4291 animantia
2936 4239 3167 4319 homini,
3197 4241 3379 4310 pisces
3408 4242 3572 4298 nimi-

1998 4345 2144 4398 rum,
2176 4333 2433 4385 volucres
2457 4337 2520 4399 ει,
2538 4343 2691 4392 oves,
2722 4327 2838 4384 sive
2862 4329 2931 4385 ad
2963 4331 3182 4386 modum
3208 4346 3424 4401 eorum,
3473 4349 3568 4405 qut

311 4424 435 4491 ἄγοι
460 4423 543 4494 τῷ
574 4420 982 4475 πλεονεκτοῦντι
1016 4418 1156 4474 κατὰ
1178 4420 1277 4491 τὴν
1299 4419 1547 4490 δύναμιν.
1578 4419 1650 4473 Ἣ
1686 4420 1893 4474 τούτων

2002 4423 2070 4479 ab
2098 4421 2332 4494 imperio
2351 4419 2694 4486 defecerunt,
2722 4436 2873 4489 eum,
2904 4422 3054 4477 velut
3080 4424 3379 4495 captivum,
3403 4425 3574 4482 addu-

316 4513 412 4571 μὶν
441 4491 616 4575 οὐδὲν,
652 4511 787 4582 φησι
816 4510 874 4565 δὲ
908 4509 984 4583 μὴ
1010 4509 1153 4564 κατὰ
1183 4509 1282 4581 τὴν
1312 4510 1412 4582 τῆς
1440 4510 1663 4583 Γραφῆς
1684 4510 1893 4565 ἔννοιαν

2002 4512 2139 4569 xerit
2179 4491 2247 4567 ad
2274 4511 2398 4583 ejus
2429 4512 2669 4578 solium,
2700 4515 2795 4583 qui
2827 4513 3039 4571 viribus
3066 4523 3124 4569 et
3149 4491 3326 4572 armis
3366 4533 3575 4587 praeva-

311 4608 388 4679 τῷ
432 4609 536 4680 τῆς
586 4606 871 4676 ὑποταγῆς
919 4606 1126 4677 ῥήματι
1174 4605 1519 4676 χρήσασθαι,
1574 4606 1713 4660 ἀλλὰ
1772 4608 1894 4662 καθ’

311 4701 493 4773 ἕτερον
566 4698 965 4770 σημαινόμενον
1016 4698 1378 4768 ὑποτετάχθαι
1423 4697 1486 4751 τὸ
1534 4696 1760 4770 Πνεῦμα
1820 4701 1898 4773 τῷ

316 4791 485 4862 Harp!
516 4791 614 4845 καὶ
656 4791 735 4862 τῷ
771 4789 885 4861 Υίῷ
924 4789 1120 4857 λέγειν.
1157 4789 1224 4842 Τί
1254 4785 1348 4844 οὖν
1381 4789 1499 4843 ἐστι
1524 4788 1713 4855 τοῦτο;
1750 4784 1899 4860 ’Δρα

314 4883 390 4935 ἰτι
419 4883 602 4955 τρίτον
629 4879 773 4935 κατὰ
810 4881 910 4951 τὴν
941 4878 1097 4945 τάξιν
1129 4879 1196 4950 ἢν
1226 4879 1376 4949 παρὰ
1406 4877 1501 4933 τοῦ
1532 4879 1738 4952 Κυρίου
1782 4881 1899 4945 τοῖς

319 4972 580 5044 μαθηταῖς
604 4971 896 5042 παρεδόθη,
927 4970 1014 5024 διὰ
1043 4970 1203 5024 τοῦτο
1234 4971 1560 5025 ὑποτάσσειν
1589 4970 1889 5041 νομοθετεῖ,

318 5065 404 5118 καὶ
431 5066 493 5118 οὑ
530 5064 883 5128 συντάσσεινς
914 5061 1110 5117 οὐκοῦν
1138 5062 1232 5116 καὶ
1279 5061 1367 5115 τὸν
1396 5061 1616 5133 Πατέρα
1658 5060 1736 5132 τῷ
1773 5062 1889 5116 Μο-

316 5157 521 5223 νογενεῖ
565 5154 706 5209 κατὰ
755 5155 846 5208 τὸν
874 5154 1038 5208 αὐτὸν
1073 5154 1230 5222 λόγον
1265 5151 1649 5207 ὑποτασσέτωο
1702 5152 1892 5224 ἐπειδὴ

316 5242 581 5314 πολλαχοῦ
622 5242 937 5315 προτάξασα
979 5242 1073 5296 τοῦ
1121 5242 1328 5314 Κυρίου
1376 5241 1439 5294 τὸ
1483 5241 1655 5313 ὄνομα
1694 5242 1728 5313 ἡ
1773 5240 1895 5296 θεία

319 5333 524 5407 Γραᾷὴ,
555 5334 616 5388 ὲν
645 5334 916 5407 δευτέροις
947 5333 1042 5388 τοῦ
1073 5334 1168 5388 ἐπὶ
1194 5334 1409 5389 πάντων
1450 5334 1584 5388 Θεοῦ
1620 5332 1718 5406 τὴν
1758 5337 1893 5406 μνῆ-

321 5442 422 5495 μιν
442 5426 758 5498 πεποίηται.
797 5428 945 5498 Ἐγὼ
972 5425 1072 5481 καὶ
1098 5427 1133 5481 ὀ
1152 5426 1373 5495 Πατὴρ,
1404 5425 1569 5499 φησὶν
1597 5427 1626 5479 ὁ
1653 5425 1854 5498 Κύριος
1873 5441 1889 5458 ·

319 5516 374 5571 ὼ
404 5517 523 5572 καθ’
553 5517 741 5571 ἑαυτὸν
763 5518 1103 5589 προτάσσων.
1132 5515 1257 5582 Καὶ,
1274 5516 1335 5572 Ἠ
1349 5516 1521 5587 χάρις
1540 5515 1649 5570 τοῦ
1670 5517 1890 5584 Κυρίου

1994 4602 2115 4660 lens
2137 4603 2425 4659 victoriam
2453 4604 2699 4660 obtinuit
2725 4644 2739 4659 .
2765 4604 2839 4660 At
2864 4605 3000 4660 nihil
3032 4605 3230 4662 borum
3258 4608 3570 4675 amrmabit,

1992 4696 2089 4750 sed
2125 4694 2478 4766 respondebit
2532 4696 2715 4765 potius
2752 4710 2813 4751 se
2869 4694 3234 4767 subjectionis
3279 4698 3577 4756 vocabulo.

1993 4802 2106 4844 non
2140 4803 2206 4842 ex
2244 4786 2548 4857 Scriptura:
2586 4789 2912 4858 praescripto
2953 4796 3009 4844 et
3057 4790 3368 4859 signiﬁcato
3408 4804 3581 4848 usum

1991 4893 2147 4946 esse;
2179 4877 2278 4935 sed
2316 4879 2422 4933 alia
2457 4880 2695 4949 quadam
2737 4881 2964 4937 notione
3003 4880 3273 4953 Spiritum
3318 4892 3572 4938 sanctum

1991 4971 2298 5040 subjectum
2343 4984 2468 5026 esse
2502 4968 2654 5026 Patri
2692 4979 2747 5025 et
2774 4969 2935 5026 Filio.
2967 4972 3100 5038 ρυω
3143 4973 3312 5044 igitur
3341 4974 3456 5028 haec
3488 4982 3574 5030 est

1989 5061 2180 5115 notio?
2205 5060 2286 5114 An
2322 5060 2451 5130 quia
2475 5061 2644 5115 tertio
2663 5061 2787 5116 loco
2817 5060 2874 5116 in
2899 5063 3094 5119 ordine
3112 5062 3424 5128 verborum,
3453 5077 3575 5134 qua!

1991 5151 2250 5222 discipuli
2296 5167 2327 5206 a
2360 5150 2598 5208 Domino
2629 5160 2971 5224 acceperunt
3009 5154 3079 5219 ⁸⁸,
3120 5154 3427 5210 collocatus
3463 5161 3578 5219 est,

1992 5243 2066 5298 ob
2100 5244 2155 5298 id
2185 5242 2344 5299 docet
2378 5258 2504 5299 eum
2545 5243 2772 5314 subjici,
2802 5252 2859 5299 et
2888 5259 2998 5300 non
3027 5243 3272 5314 ejusdem
3305 5258 3431 5299 cum
3462 5243 3575 5300 illis

1996 5348 2121 5389 esse
2148 5332 2404 5390 ordinis?
2436 5332 2638 5388 Eadem
2682 5335 2905 5389 ratione
2935 5335 3155 5390 Patrem
3191 5350 3414 5409 quoque
3444 5336 3567 5391 uni-

1992 5425 2178 5498 genito
2208 5422 2347 5481 Filio
2385 5423 2666 5494 subjiciat,
2707 5440 2832 5480 cum
2861 5425 3149 5497 Scriptura
3182 5441 3327 5499 saepe
3353 5426 3565 5484 Domini

1998 5517 2218 5573 nomine
2245 5517 2396 5589 prius
2427 5517 2626 5589 posito,
2667 5516 2910 5573 secundo
2949 5516 3167 5573 demum
3188 5518 3310 5575 loco
3331 5518 3449 5586 Dei,
3475 5517 3568 5589 qui

417 5678 465 5711 “
493 5676 634 5734 Gen.
660 5695 700 5741 ι.
732 5675 823 5733 25.
918 5679 964 5712 "
986 5675 1129 5733 Psal.
1162 5693 1278 5747 vm,
1311 5679 1363 5734 8.
1444 5679 1485 5711 "
1512 5675 1656 5734 Psal.
1692 5691 1834 5741 XLVI,
1869 5679 1905 5734 4
1943 5694 2060 5749 sqq.
2105 5677 2147 5708 "
2190 5677 2206 5730 l
2240 5675 2364 5732 Cor.
2438 5690 2527 5738 xv,
2566 5671 2658 5729 Ἡ.
2739 5675 2784 5707 ’⁸
2817 5673 3005 5731 Matth.
3046 5689 3240 5739 XXVI",
3271 5674 3352 5730 l9.
