4008 6210
559 248 658 306 5H

1756 240 1814 294 S.
1845 237 2171 295 GREGORII
2204 237 2492 294 NYSSENI

3529 185 3548 214 \

3683 229 3779 284 512

557 373 641 419 est
671 377 835 432 super
864 360 1046 418 omnia
1070 399 1082 422 ,
1116 370 1443 414 mentionem
1484 356 1666 411 faciat.
1715 357 1824 426 Ego
1854 367 1904 411 et
1945 356 2111 422 Pater,

2227 353 2392 423 ἡμῶν
2437 351 2635 421 Ἰησοῦ
2680 349 2938 421 Χριστοῦ
2988 349 3086 404 καὶ
3142 350 3180 417 ἡ
3214 349 3412 418 ἀγάπη
3466 348 3570 402 τοῦ
3607 350 3759 402 θεοῦ.

557 457 735 526 inquit
781 453 1042 508 Dominus
1065 454 1130 516 ",
1171 451 1459 521 praeposito
1495 450 1682 518 utique
1730 465 1829 504 suo
1879 449 2119 504 nomine.

559 545 625 600 Et
661 563 673 598 :
712 543 899 599 Gratia
929 542 1140 596 Domini
1170 543 1340 596 nostri
1391 541 1522 595 Iesu
1556 540 1778 605 Christi,
1810 551 1858 595 et
1890 541 2122 594 charitas

468 641 472 648 ’
559 635 655 688 Dei
673 633 754 685 "z
789 640 842 686 et
871 632 1080 686 inﬁnita
1109 631 1235 686 talia
1259 638 1549 686 occurrent
1591 629 1886 700 Scripturae
1917 629 2124 684 studio-

557 726 657 789 sis,
684 724 777 793 qui
803 725 929 777 talia
952 723 1266 778 testimonia
1291 721 1549 792 colligere
1578 722 1776 796 volent,
1801 720 2123 790 Cujusmodi

557 824 638 868 est
671 823 725 868 et
767 813 898 867 illud
937 834 946 866 :
980 814 1273 868 Divisiones
1304 814 1596 883 gratiarum
1632 822 1791 877 sunt,
1827 812 1963 866 idem
2005 829 2121 866 vero

555 902 883 971 Spiritus;et
897 903 1174 960 divisiones
1211 905 1624 958 ministeriorum
1648 914 1805 969 sunt,
1835 906 1971 959 idem
2004 921 2120 958 vero

558 996 868 1059 Dominus;
919 1006 969 1051 et
1017 995 1299 1052 divisiones
1357 999 1718 1066 operationum
1768 1007 1923 1064 sunt,
1982 997 2120 1051 idem

553 1101 672 1140 vero
706 1085 842 1140 Deus
865 1086 931 1140 ⁸¹.
957 1083 1144 1156 Itaque
1174 1085 1474 1141 secundum
1501 1088 1660 1141 istam
1701 1088 1962 1143 rationem
1993 1088 2124 1143 sub-

548 1177 725 1244 jectus
753 1187 837 1232 est
866 1175 1006 1232 Filio
1037 1185 1090 1233 et
1124 1177 1352 1246 Spiritui
1383 1187 1578 1234 sancto
1605 1179 1722 1248 ipse
1744 1194 1909 1249 super
1935 1178 2119 1233 omnia

553 1265 716 1332 Deus,
753 1270 912 1323 tertio
940 1269 1057 1323 loco
1081 1283 1110 1322 a
1145 1269 1312 1324 Paulo
1345 1270 1676 1327 recensitus.
1712 1269 1817 1325 Sed
1853 1271 2119 1326 hactenus

551 1359 822 1426 ejusmodi
859 1361 1262 1432 philosophiam
1293 1377 1573 1432 nunquam
1619 1361 1932 1418 audivimus
1953 1401 1967 1424 ,
1999 1377 2120 1431 qum

552 1452 852 1508 secundum
882 1461 937 1506 et
964 1454 1204 1520 tertium,
1233 1469 1298 1512 ex
1321 1455 1717 1510 consecutione
1746 1455 1984 1525 quadam
2023 1469 2119 1524 po-

551 1544 714 1596 situm
735 1551 788 1598 et
815 1545 1225 1613 pronuntiatum
1259 1546 1517 1614 conjiciat
1545 1547 1600 1601 in
1636 1547 1881 1603 ordinem
1905 1562 2116 1611 eorum,

550 1642 672 1700 quae
712 1633 867 1688 alteri
906 1642 1036 1690 sunt
1069 1636 1317 1706 subjecta
1351 1643 1403 1692 et
1437 1637 1694 1703 obnoxia,
1723 1646 1778 1693 et
1804 1647 1983 1694 tamen
2015 1639 2118 1695 iste

549 1726 1021 1780 enumerationem
1045 1741 1432 1796 personarum,
1463 1743 1530 1783 ex
1569 1728 1713 1783 serie
1751 1735 1805 1783 et
1847 1743 2115 1783 consecu-

549 1815 700 1869 tione
729 1815 990 1884 quadam,
1032 1819 1317 1873 contendit
1343 1833 1467 1874 esse
1495 1827 1819 1875 naturarum
1853 1821 2116 1892 majorem

548 1912 603 1956 et
639 1903 900 1958 minorem
931 1906 1328 1974 praestantiam.
1369 1906 1593 1964 Ordinis
1624 1909 1767 1963 enim
1797 1909 1992 1965 seriem
2027 1909 2120 1964 do-

548 1999 635 2044 cet
661 2006 784 2047 essc
807 2000 1188 2062 argumentum
1211 1993 1544 2051 diversitatis
1563 2005 1904 2061 naturarum,
1932 1999 2116 2054 nescio

547 2097 579 2135 a
629 2095 739 2151 quo
782 2083 837 2136 in
891 2082 1008 2137 hzec
1052 2083 1234 2138 inania
1277 2086 1541 2154 ﬁgmenta
1585 2087 1874 2153 inductus,
1913 2095 1966 2143 et
2009 2105 2116 2160 qua

546 2173 708 2226 etiam
755 2175 1452 2247 necessitate_compulsus
1503 2177 1558 2232 in
1603 2178 1745 2234 hanc
1789 2181 2115 2235 sententiam

546 2264 922 2334 descenderit;
959 2283 1087 2322 nam
1123 2268 1263 2323 ordo
1303 2266 1519 2324 numeri
1547 2286 1655 2326 non
1687 2270 1848 2327 eﬂicit
1891 2281 2116 2329 natura-

547 2369 669 2408 rum
695 2355 1093 2412 diversitatem.
1129 2357 1236 2414 Sed
1259 2375 1348 2415 res
1383 2369 1681 2417 numeratae
1716 2377 1868 2418 suam
1895 2365 2114 2435 quidem

549 2453 802 2500 naturam
856 2447 1184 2504 invariatam
1245 2450 1530 2517 retinent,
1573 2453 1689 2508 sive
1735 2465 2112 2522 numerentur,

546 2537 662 2593 sive
688 2552 821 2592 non.
847 2536 1120 2595 Numerus
1164 2548 1345 2596 autem
1382 2542 1599 2614 signum
1633 2551 1746 2608 est,
1784 2561 1892 2616 quo
1930 2563 2112 2604 rerum

545 2627 824 2694 quantitas
856 2627 1154 2684 innotescit
1181 2647 1195 2696 ;
1232 2647 1412 2701 neque
1450 2648 1534 2698 ea,
1566 2649 1686 2705 qua:
1718 2635 1990 2694 inferioris
2019 2654 2115 2693 na-

544 2726 682 2772 tura:
706 2727 853 2786 sunt,
887 2718 940 2773 in
973 2720 1270 2776 secundam
1303 2724 1460 2792 quasi
1490 2725 1722 2780 classem
1746 2730 1993 2796 reponit;
2017 2731 2114 2786 sed

543 2804 777 2862 arbitrio
807 2821 1019 2872 eorum,
1057 2809 1150 2876 qui
1185 2821 1498 2878 numerant,
1529 2829 1618 2868 res
1643 2831 1872 2871 numero
1900 2819 2111 2888 signiﬁ-

544 2906 720 2962 catas,
752 2897 1043 2954 immutata
1067 2900 1303 2970 quadam
1336 2903 1477 2957 serie
1514 2905 1760 2974 disponit
1792 2917 1844 2962 et
1873 2910 2108 2964 ordinat.

2228 448 2322 500 καὶ
2359 447 2524 516 μυρία
2553 443 2778 498 τοιαῦτα
2821 443 2932 505 τοῖς
2978 441 3282 510 φιλοπόνοις
3325 438 3649 511 ὰναζητοῦσι
3692 441 3781 504 τάς

2226 539 2290 590 ἐκ
2323 537 2431 589 τῶν
2476 534 2708 607 Γραφῶν
2755 533 3054 605 μαρτυρίας
3107 531 3369 603 πάρεστιν
3413 531 3780 595 ἀναλέξασθαι,

2196 623 2333 680 ὀἷον
2371 626 2542 680 ὲκεῖνό
2583 628 2728 678 ἐστιν
2749 643 2762 656 ο
2795 623 3117 692 Διαιρέσεις
3149 621 3216 675 δὲ
3249 621 3629 691 χαρισμάτων
3648 621 3781 683 εἰσὶ,

2225 716 2290 768 τὸ
2329 713 2397 767 δὲ
2426 715 2569 768 αὐτὸ
2599 713 2857 781 Πνεῦμαο
2892 711 2990 765 καὶ
3019 710 3336 779 διαιρέσεις
3361 710 3676 764 διακονιῶν
3703 714 3780 764 ει-

2228 821 2331 860 σιν
2351 846 2365 872 ,
2397 808 2429 859 ό
2461 804 2528 858 δὲ
2559 805 2740 870 αὐτὸς
2777 805 2992 872 Κύριος
3012 821 3025 833 ·
3074 803 3168 857 καὶ
3210 802 3526 870 διαιρέσεις
3555 805 3784 872 ἐνεργη-

2220 895 2426 964 μάτων
2461 894 2635 959 εἰσὶν,
2663 897 2695 948 ὀ
2724 894 2792 948 δὲ
2817 893 3001 960 αὐτὸς
3039 893 3182 959 Θεός
3201 911 3215 924 ο
3246 892 3384 946 ὥστε
3412 894 3549 946 κατὰ
3579 894 3666 946 τὸν
3702 893 3783 945 λό-

2225 1003 2319 1055 γον
2357 985 2542 1038 τοῦτον
2577 985 2923 1055 ὑποτετάχθω
2949 985 3026 1055 τῷ
3059 984 3192 1054 Υίῷ,
3230 985 3325 1038 καὶ
3355 985 3431 1055 τῷ
3460 985 3729 1054 Πνεύματι
3756 989 3784 1039 ό

2228 1077 2320 1130 ἐπὶ
2354 1076 2568 1130 πάντων
2602 1076 2752 1142 Θεὸς,
2785 1078 2844 1129 ἐν
2876 1076 3031 1149 τρίτῃ
3064 1076 3213 1140 τάξει
3257 1077 3405 1147 παρὰ
3447 1076 3538 1130 τοῦ
3577 1077 3781 1130 Παύλου

2229 1165 2636 1237 μνημονευθείς.
2686 1165 2823 1219 Ἀλλ’
2848 1166 3057 1219 οὐδέπω
3089 1167 3182 1219 καὶ
3207 1166 3300 1219 ν’ὑν
3323 1166 3522 1236 ταύτης
3548 1167 3780 1238 ἀκηκόα-

2228 1273 2324 1326 μεν
2367 1258 2464 1326 τῆς
2491 1256 2714 1325 σοφίαςθ
2755 1257 2788 1326 ἢ
2838 1256 2896 1310 τὸ
2925 1256 3172 1326 δεύτερον
3203 1257 3297 1310 καὶ
3336 1256 3515 1327 τρίτον
3557 1257 3619 1310 ἐκ
3645 1274 3781 1318 τινος

2224 1345 2538 1409 ἀκολουθίας
2579 1346 2887 1416 λεγόμενον,
2934 1348 3014 1410 είς
3050 1347 3148 1416 τὴν
3184 1346 3292 1399 τῶν
3335 1346 3656 1417 ὑποχειρίων
3691 1348 3780 1400 καὶ

2223 1437 2670 1507 ὑποτεταγμένων
2711 1437 3007 1491 ἀπωθεῖται
3052 1437 3222 1503 τάξιν.
3261 1437 3436 1507 Ὅπερ
3473 1430 3626 1500 οὗτος
3658 1437 3778 1506 βούο

2220 1529 2368 1580 λεται
2403 1529 2500 1596 τὴν
2544 1527 2643 1596 τῆς
2688 1527 3034 1599 παραδόσεως
3072 1526 3178 1581 τῶν
3222 1526 3524 1596 προσώπων
3557 1529 3773 1582 ἀκολουο

2221 1621 2362 1683 θίαν,
2415 1619 2758 1689 ἀξιωμάτων,
2811 1619 2904 1672 καὶ
2959 1618 3206 1688 φύσεων,
3256 1619 3526 1688 ὑπεροχάς
3580 1637 3637 1671 τε
3688 1621 3777 1674 καὶ

2147 1696 2191 1750 Β
2219 1710 2538 1774 ἐλαττώσεις
2596 1711 3012 1774 κατασκευάζων
3069 1709 3450 1766 ἐνδείκνυσθαι.
3511 1711 3620 1781 Τῆς
3671 1712 3777 1785 γὰρ

2217 1801 2325 1854 τῶν
2377 1799 2587 1870 φύσεων
2636 1800 2948 1871 ἑτερότητος
2998 1799 3330 1870 ὲνδεικτικὴν
3376 1795 3513 1853 εἶναι
3555 1801 3650 1872 τὴν
3681 1802 3775 1874 τῆς

2217 1891 2418 1958 τάξεως
2443 1890 2762 1944 ἀκολουθίαν
2808 1890 3066 1961 ὁρίζεται,
3099 1892 3198 1944 οὑκ
3239 1887 3354 1944 οἴδα
3395 1892 3554 1945 πόθεν
3582 1911 3775 1962 φαντα-

2219 1983 2364 2046 σθεὶς
2404 1983 2474 2035 τὰ
2503 1981 2758 2049 τοιαῦτα,
2809 1983 2903 2036 καὶ
2941 1985 3004 2036 ὲκ
3057 1983 3214 2046 ποίας
3255 1984 3498 2054 ἀνάγκης
3549 1985 3640 2036 ἐπὶ
3682 1985 3774 2056 τὴν

2218 2073 2470 2127 ὑπόνοιαν
2510 2074 2712 2145 ταύτην
2759 2073 3101 2128 καταπεσών.
3155 2075 3228 2128 Οὑ
3272 2075 3379 2145 γὰρ
3433 2078 3464 2145 ὴ
3516 2076 3652 2128 κατὰ
3687 2077 3773 2128 τὸν

2217 2164 2444 2236 ἀριθμὸν
2479 2164 2631 2229 τάξις
2661 2163 2760 2234 τὴν
2784 2162 2890 2215 τῶν
2921 2161 3132 2232 φύσεων
3157 2163 3416 2235 διαφοράν
3447 2165 3771 2237 κατεργάζε-

2215 2271 2335 2307 ταιε
2379 2252 2515 2307 ἀλλὰ
2543 2252 2611 2306 τὰ
2647 2252 2744 2322 μὲν
2791 2252 3183 2324 ἀριθμούμενα,
3223 2254 3298 2317 ὼς
3332 2255 3398 2308 ἂν
3437 2253 3532 2326 ἔχῃ
3567 2255 3772 2323 φύσεως

2216 2345 2300 2413 ἐφ’
2334 2343 2537 2398 έαυτῶν
2576 2344 2757 2414 μένει·
2811 2343 2913 2396 κᾶν
2965 2343 3294 2414 ἀριθμῆται,
3342 2345 3442 2399 κᾶν
3479 2348 3589 2416 μή·
3640 2350 3667 2400 ὁ
3712 2349 3768 2400 δὲ

2215 2433 2442 2506 ἀριθμὸς
2475 2433 2697 2504 σημεῖόν
2735 2436 2848 2487 ἐστι
2874 2435 3226 2506 γνωριστικὸν
3255 2435 3354 2505 τῆς
3380 2435 3486 2488 τῶν
3523 2439 3774 2508 πραγμά-

2213 2544 2320 2581 των
2363 2527 2687 2596 ποσότητοςο
2733 2527 2792 2579 οὑ
2840 2527 3052 2590 πάντως
3103 2528 3200 2580 ὅσα
3245 2527 3322 2598 τῷ
3366 2528 3634 2598 ἀξιώματι
3679 2531 3774 2599 τῆς

2215 2620 2426 2688 φύσεως
2476 2618 2813 2690 ὑποϐέϐηκεν
2850 2621 2928 2682 είς
2972 2619 3226 2691 δευτέραν
3267 2620 3421 2683 τάξιν
3456 2621 3774 2690 ἀποπεμπό-

2217 2729 2374 2783 μενος
2397 2750 2412 2776 ,
2450 2710 2583 2764 άλλὰ
2631 2710 2767 2780 πρὸς
2807 2712 2868 2764 τὸ
2910 2711 3155 2783 βούλημα
3185 2713 3290 2766 τῶν
3323 2713 3769 2784 ἐξαριθμούντων,

2211 2805 2308 2872 τὴν
2360 2803 2467 2856 τῶν
2536 2802 2943 2872 σημαινομένων
2999 2802 3093 2856 τοῦ
3154 2802 3384 2874 ἀριθμοῦ
3441 2805 3774 2875 πραγμάτων

2211 2893 2528 2948 ἀκολουθίαν
2593 2893 2942 2964 ποιούμενος·
2996 2895 3234 2960 Παῦλος
3291 2894 3387 2948 καὶ
3452 2895 3773 2959 Σιλουανὸς

546 2986 748 3042 Paulus
782 2997 832 3041 et
861 2987 1120 3058 Sylvanus
1146 2999 1194 3043 et
1231 2989 1534 3046 Timotheus
1558 2993 1624 3048 “.
1654 2994 1788 3050 Cum
1822 2998 1982 3052 trium
2013 2998 2111 3055 ho-

2211 2984 2309 3036 καὶ
2341 2986 2641 3053 Τιμόθεοςο
2675 2985 2838 3054 τριῶν
2875 2985 3178 3054 προσώπων
3212 2985 3446 3039 ἐνταῦθα
3477 3002 3765 3055 μνημονευο

543 3079 748 3132 minum
779 3079 891 3142 hic,
926 3081 1116 3135 ordine
1142 3081 1402 3152 quodam,
1429 3083 1696 3139 arbitratu
1727 3085 1866 3154 ejus,
1894 3088 1984 3158 qui
2006 3105 2109 3143 nu-

542 3169 772 3222 meravit
808 3169 1140 3225 mentionem
1171 3170 1384 3238 fecerit,
1430 3169 1836 3245 Sylvanumque
1867 3178 2111 3233 secundo

541 3261 660 3314 loco
683 3269 802 3330 post
832 3261 1059 3317 Paulum
1088 3264 1333 3334 posuerit
1358 3281 1372 3319 :
1407 3281 1538 3319 num
1567 3266 1713 3323 aliud
1748 3267 1900 3336 quid,
1921 3275 1972 3323 et
2000 3285 2109 3325 non

541 3349 836 3412 hominem,
885 3349 1184 3420 Sylvanum
1225 3368 1349 3408 esse
1391 3353 1822 3408 demonstravit?
1865 3357 1930 3410 Et
1977 3373 2107 3412 num

540 3438 857 3495 Timotheus
887 3442 1050 3497 tertio
1085 3443 1276 3498 ordine
1302 3443 1624 3509 collocatus,
1660 3444 1884 3501 alterius
1917 3446 2104 3516 cujus-

539 3529 664 3583 dam
698 3539 906 3586 naturze
947 3533 1053 3587 erit
1086 3544 1313 3604 propter
1354 3534 1603 3590 ordinem
1650 3536 1913 3591 orationis
1962 3538 2102 3607 ejus,

538 3621 634 3687 qui
663 3628 773 3676 tres
801 3623 937 3678 istos
960 3626 1302 3680 nominavit?
1330 3625 1551 3681 Minime
1572 3639 1723 3694 vero.
1751 3627 1938 3692 Quivis
1959 3630 2102 3684 enim

541 3710 759 3764 illorum
804 3711 967 3766 homo
997 3721 1102 3778 est,
1144 3723 1196 3768 et
1232 3722 1362 3772 ante
1399 3724 1451 3771 et
1492 3723 1612 3785 post
1647 3717 2100 3774 numerationem.

538 3801 727 3856 Oratio
757 3813 940 3859 autem
971 3821 1094 3860 cum
1122 3807 1285 3862 unica
1316 3822 1451 3862 voce
1477 3816 1590 3863 tres
1617 3808 1780 3863 simul
1799 3811 2104 3881 signiﬁcare

537 3905 792 3964 nequeat,
831 3898 1265 3968 uniuscujusque
1287 3899 1527 3964 divisim,
1560 3901 1772 3966 ordine,
1803 3917 1912 3972 quo
1934 3903 2099 3968 lubet,

533 3986 865 4040 mentionem
902 3987 1030 4041 facit
1061 4005 1074 4042 :
1109 3982 1504 4058 conjungitque
1539 3990 1759 4043 nomina
1793 3993 2008 4061 copulis
2047 4002 2103 4048 et

532 4076 767 4132 nexibus
799 4077 1122 4146 interiectis,
1145 4089 1198 4134 et
1233 4080 1420 4144 trium,
1454 4085 1514 4132 ut
1545 4079 1807 4143 arbitror,
1841 4096 1962 4135 cum
1991 4097 2099 4137 uno

532 4181 862 4223 consensum
897 4180 949 4224 et
977 4172 1410 4228 convenientiam
1446 4171 1547 4228 hac
1579 4173 1857 4228 nominum
1877 4189 2100 4246 compo-

533 4259 731 4313 silione
761 4262 1022 4316 ostendit.

604 4349 802 4406 Verum
839 4352 954 4409 haec
995 4368 1137 4409 novo
1178 4354 1307 4410 huic
1349 4357 1585 4414 sectario
1631 4365 1685 4414 et
1725 4357 1935 4413 doctori
1987 4373 2093 4414 non
2126 4369 2170 4424 ι)

537 4441 770 4508 placent.
829 4441 1018 4513 Itaque
1059 4444 1236 4498 ordini
1287 4453 1342 4500 et
1398 4447 1743 4515 dispositioni
1792 4447 2100 4504 divinorum

530 4531 881 4585 oraculorum
923 4535 1149 4589 adversa
1194 4535 1393 4598 sancit,
1441 4552 1676 4607 eumque
1728 4537 1821 4606 qui
1871 4539 1937 4592 ab
1979 4539 2101 4608 ipso

530 4617 764 4676 Domino
805 4623 951 4677 Patri
984 4634 1038 4679 et
1066 4625 1204 4680 Filio
1239 4627 1568 4693 conjunctus
1606 4635 1710 4691 est,
1744 4629 1926 4682 avellit
1951 4643 1980 4681 a
2002 4644 2101 4684 na-

530 4711 692 4764 turali
728 4719 780 4765 ct
819 4713 1038 4782 propria
1074 4715 1230 4783 quasi
1269 4717 1508 4771 statione
1549 4724 1603 4770 et
1641 4715 1872 4780 ordine,
1905 4719 2100 4775 rebus-

528 4817 636 4871 que
663 4803 929 4872 subjectis
969 4815 1325 4870 annumerat,
1360 4814 1415 4861 et
1457 4809 1740 4864 amborum
1797 4825 1935 4879 opus
1976 4826 2100 4866 esse

529 4891 663 4946 dicit
699 4891 926 4948 {Patris
953 4895 1172 4964 quidem
1210 4905 1269 4950 ut
1313 4912 1537 4953 causam
1599 4899 1902 4977 eli'ectionis
1950 4901 2098 4957 illius

527 4987 1034 5058 subministrantis;
1060 4993 1324 5063 unigeniti
1346 5012 1472 5051 vero
1502 4995 1646 5061 Filii,
1673 5007 1932 5070 tanquam
1955 5000 2094 5069 ejus,

526 5079 622 5148 qui
643 5079 848 5134 efficiat
876 5083 1024 5138 illius
1049 5085 1366 5154 hypostasin
1394 5099 1448 5143 et
1470 5090 1900 5154 subsistentiam,
1927 5092 2098 5145 hanc-

526 5184 633 5237 que
661 5184 884 5226 causam
927 5173 1284 5241 subjectionis
1326 5192 1447 5231 esse
1473 5179 1796 5242 conﬁrmat,
1830 5193 1953 5232 cum
2010 5185 2094 5232 la~

528 5273 651 5313 men
693 5261 1052 5330 subjectionis
1101 5265 1466 5335 signiﬁcatum
1508 5268 1748 5323 nondum
1790 5268 1948 5324 nobis
1993 5283 2091 5322 ex-

531 5348 782 5415 planarit.

602 5434 803 5492 Deinde
844 5438 977 5494 dicit
1027 5461 1041 5496 :
1083 5443 1480 5513 Comprehensis
1529 5444 1760 5499 videlicet
1819 5447 1889 5500 ad
1934 5449 2090 5500 totius

604 5587 822 5645 "Joan.
858 5609 911 5661 χ,
946 5593 1032 5650 '50.
1141 5596 1190 5668 ’³ο
1212 5595 1252 5648 il
1284 5596 1407 5650 Cor.
1442 5612 1560 5664 mn,
1605 5599 1690 5653 15.

2211 3074 2428 3138 θέντων,
2463 3075 2604 3128 κατά
2633 3074 2691 3127 τὺ
2715 3072 2807 3127 τοῦ
2839 3074 3306 3144 μνημονεύσαντος
3335 3075 3598 3146 βούλημα.
3631 3073 3772 3147 *Αρα

2205 3165 2286 3230 τὸ,
2318 3165 2621 3229 Σιλουανδν,
2645 3167 2703 3219 ὲν
2731 3165 3001 3236 δευτέροις
3030 3167 3292 3237 ταχθέντα
3325 3166 3461 3236 μετά
3499 3167 3590 3219 τὸν
3623 3166 3774 3220 Παῦ-

2204 3257 2314 3318 λον,
2338 3257 2464 3311 ἄλλο
2481 3273 2554 3320 τι,
2581 3257 2672 3310 καὶ
2698 3257 2818 3326 οὐχὶ
2842 3255 3123 3328 ἄνθρωπον
3146 3261 3174 3312 ό
3193 3259 3421 3331 ἀριθμὸς
3445 3260 3769 3324 ὲνεδείξατος

2205 3347 2237 3418 ἢ
2270 3350 2298 3401 ὁ
2329 3347 2588 3417 Τιμόθεος
2617 3348 2674 3401 ὲν
2710 3349 2911 3418 τρίτοις
2933 3350 3170 3420 ταχθεὶς,
3214 3354 3291 3414 είς
3333 3351 3625 3422 ἐτερότητά
3655 3370 3773 3406 τινα

2211 3437 2424 3506 φύσεως
2450 3439 2514 3492 ὲκ
2540 3440 2636 3510 τῆς
2664 3439 2979 3502 ἀκολουθίας
3015 3441 3109 3493 τοῦ
3157 3442 3578 3512 μνημονεύοντος
3604 3442 3772 3504 οὓτως

2212 3530 2518 3600 ὑπενοήθη;
2567 3531 2680 3583 Οὐκ
2703 3530 2816 3584 ἔστι
2849 3532 3039 3586 ταῦτα.
3074 3533 3390 3604 ’Ἄνθρωπος
3438 3535 3546 3602 γὰρ
3573 3534 3774 3586 τούτων

2210 3621 2454 3686 ἕκαστος,
2482 3622 2574 3674 καὶ
2594 3623 2700 3693 πρὸ
2723 3621 2815 3675 τοῦ
2846 3623 3101 3694 ἀριθμοῦ,
3123 3625 3216 3677 καὶ
3243 3623 3384 3694 μετά
3425 3624 3610 3677 τοῦτο’
3657 3626 3685 3677 ὁ
3717 3624 3774 3678 δὲ

2209 3710 2364 3783 λόγος
2403 3713 2586 3784 ἐπειδὴ
2628 3715 2725 3784 μιᾷ
2752 3715 2900 3784 φωνῇ
2938 3714 3060 3777 τοὺς
3091 3715 3237 3784 τρεῖς
3282 3715 3421 3768 κατὰ
3463 3715 3656 3768 ταυτὸν
3705 3709 3774 3784 ἦν

2209 3801 2464 3854 ἀδύνατον
2521 3803 2884 3867 ἐνδείξασθαι,
2950 3805 3218 3875 μέμνηται
3281 3805 3378 3876 μὲν
3432 3805 3775 3876 διῃρημένοις

2207 3893 2436 3947 ἑκάστου
2480 3894 2620 3948 κατά
2659 3897 2760 3966 τὴν
2802 3897 3077 3968 ἀρέσασαν
3103 3897 3273 3963 τάξιν,
3317 3898 3573 3951 συνάπτει
3610 3896 3667 3949 δὲ
3704 3898 3776 3949 τὰ

2205 3984 2441 4055 ὀνόματα
2465 3986 2552 4040 διὰ
2587 3987 2694 4040 τῶν
2723 3987 2809 4042 διὰ
2840 3988 3002 4059 μέσου
3027 3990 3355 4061 συνδέσμων,
3385 3988 3460 4052 ὡς
3486 3989 3572 4054 ἂν,
3596 3984 3772 4056 οἶμαι,

2205 4075 2309 4145 τὴν.
2343 4075 2452 4128 τῶν
2480 4076 2644 4147 τριῶν
2691 4077 2824 4148 πρὸς
2855 4063 2915 4131 «ab
2956 4079 3014 4131 ἓν
3061 4079 3364 4148 σύμπνοιαν
3407 4077 3497 4131 διὰ
3543 4075 3642 4145 τῆς
3663 4077 3775 4130 τῶν

2205 4165 2482 4236 ὀνομάτων
2512 4167 2802 4237 συναφείας
2837 4165 3153 4238 ἐνδείξηται.

2287 4349 2423 4402 Ἀλλ’
2461 4349 2560 4419 οὑχ
2596 4349 2767 4415 οὑτως
2805 4351 3034 4422 ἀρέσκει
3078 4351 3158 4422 τῷ
3203 4350 3371 4422 καινῷ
3411 4351 3772 4422 δογματιστῇ.

2195 4441 2636 4512 ⁴Ἀντινομοθετεῖ
2676 4443 2733 4495 δὲ
2764 4446 2829 4514 τῇ
2869 4443 3104 4508 διατάξει
3126 4447 3223 4514 τῆς
3248 4445 3398 4507 θείας
3423 4447 3604 4515 φωνῆς
3627 4459 3642 4472 ·
3678 4445 3776 4497 καὶ

2200 4533 2261 4586 τό
2305 4533 2729 4602 συντεταγμένον
2764 4534 2854 4586 ὑπ’
2879 4534 3042 4587 αὑτοῦ
3087 4535 3178 4588 τοῦ
3218 4536 3419 4607 Κυρίου
3460 4535 3633 4606 Πατρὶ
3679 4538 3778 4588 καὶ

2202 4623 2336 4692 Υίῷ,
2366 4623 2467 4691 τῆς
2503 4622 2706 4684 οἰκείας
2739 4623 2888 4692 αύτῷ
2928 4625 3021 4677 καὶ
3057 4624 3195 4678 κατὰ
3238 4624 3397 4694 φύσιν
3432 4623 3638 4687 τάξεως
3677 4627 3776 4678 καὶ

2203 4714 2495 4782 συναφείας
2558 4714 2972 4784 ἀποσχοινίσας,
3025 4717 3081 4770 ὲν
3132 4717 3244 4778 τοῖς
3308 4714 3776 4784 ὑποτεταγμένοις

2201 4803 2497 4873 ἠρίθμησε,
2532 4803 2624 4856 καὶ
2657 4803 2814 4872 ἔργον
2849 4803 3122 4875 ἑκατέρων
3154 4799 3290 4857 εἷναί
3319 4821 3480 4874 φησιο
3525 4803 3618 4856 τοῦ
3671 4805 3778 4873 μὲν

2197 4893 2426 4963 Πατρὸς,
2463 4893 2537 4956 ὼς
2577 4892 2676 4962 τὴν
2713 4893 2888 4946 αἰτίαν
2920 4895 3016 4964 τῆς
3066 4893 3406 4963 κατασκευῆς
3439 4892 3780 4946 ὑποϐάλλον-

2194 5001 2316 5046 τος·
2362 4983 2454 5036 τοῦ
2492 4985 2549 5037 δὲ
2582 4985 2935 5052 Μονογενοῦς,
2983 4984 3057 5048 ὡς
3103 4985 3566 5056 αὑτουργήσαντος
3598 4983 3777 5037 αὑτοῦ

2194 5074 2292 5142 τὴν
2332 5075 2647 5141 ὑπόστασιν,
2682 5077 2775 5129 καὶ
2817 5077 3018 5147 ταύτην
3047 5076 3228 5129 αἰτίαν
3263 5071 3401 5130 εῖναι
3431 5076 3527 5144 τῆς
3558 5075 3778 5128 ὑποτα-

2193 5167 2299 5236 γῆς
2329 5166 2639 5238 διορίζεται,
2677 5169 2847 5239 αὑτῆς
2886 5169 3049 5239 μήπω
3074 5169 3172 5240 τῆς
3215 5168 3493 5238 ὑποταγῆς
3535 5167 3780 5221 ἐκκαλύ-

2196 5259 2303 5326 ψας
2333 5257 2394 5309 τὸ
2428 5259 2847 5328 σημαινόμενον.

2265 5345 2402 5403 Εἶτά
2427 5367 2556 5420 φησι
2586 5368 2598 5381 ·
2627 5349 3350 5420 Συμπεριλαμϐανομένων
3393 5348 3628 5419 δηλαδὴ
3665 5351 3774 5404 καὶ
3845 5353 3847 5358 “

2195 5439 2313 5494 τῶν
2342 5439 2471 5507 ταῖς
2497 5441 2733 5508 οὐσίαις
2776 5441 3080 5511 ἑπομένων
3111 5439 3446 5510 ἐνεργειῶν,
3507 5439 3604 5492 καὶ
3645 5436 3779 5492 τῶν

1801 5598 1842 5629 ⁸¹
1879 5597 2050 5653 lCor.
2080 5599 2226 5667 κυνί
2258 5612 2378 5666 sqq.
2447 5596 2490 5627 ³¹
2529 5594 2755 5653 lThess.
2792 5613 2830 5660 ι,
2863 5599 2911 5651 1.
