4008 6210
207 283 297 339 515

1343 270 1624 328 CONTRA
1662 264 2049 330 EUNOMlUM,
2092 264 2220 320 LIB.
2260 263 2300 317 1.

3346 260 3451 316 5M

206 398 441 462 ταύταις
478 392 809 462 προσφυῶν
853 390 1179 462 ὀνομάτων.
1250 390 1466 444 Τούτων
1501 389 1557 442 δὲ
1593 390 1623 441 6
1653 383 1779 449 νοῦς

1886 383 2135 439 orationis
2182 379 2612 446 complementum
2664 376 2825 431 etiam
2871 374 3298 444 operationibus,
3342 393 3455 448 qua:

207 493 316 544 ἐστι
351 486 447 556 μὲν
493 484 553 538 οὐ
595 484 716 538 λίαν
749 482 1101 548 εὐσύνοπτος,
1133 480 1313 555 πολλῷ
1342 481 1419 551 τῷ
1459 479 1643 550 γνόφῳ
1682 479 1783 549 τῆς

205 575 452 639 ἀσεϐείας
481 574 930 645 κεκαλυμμένοςο
964 574 1037 636 ὼς
1078 573 1122 626 δ’
1162 570 1235 626 ἄν
1271 588 1353 636 τις
1394 570 1621 632 εἰκάσας
1654 568 1784 619 ὐπο-

202 670 432 739 νοήσειε,
528 665 772 729 τοιοῦτός
818 666 983 719 ἐστιν’
1039 663 1346 735 Ἐνεργείας
1405 660 1602 716 οὐσιῶν
1661 659 1780 711 ὀνο-

205 760 359 830 μάζει
399 757 501 821 τὰς
541 757 983 823 ἀποτελεστικὰς,
1030 757 1106 819 ὡς
1140 751 1320 827 οἶμαι,
1365 753 1459 807 τοῦ
1506 749 1635 805 Υἱοῦ
1685 749 1778 803 καὶ

199 850 285 904 τοῦ
328 849 489 919 ἀγίου
551 849 870 918 Πνεύματος
930 848 1186 919 δυνάμεις
1206 863 1220 878 ·
1265 844 1333 899 δι’
1380 839 1455 898 ὧν
1502 844 1536 914 ἡ
1585 840 1775 914 πρώτη

200 939 354 993 οὐσία
416 938 517 1010 τὴν
550 938 809 1010 δευτέραν
849 938 1162 1009 εἰργάσατο,
1206 937 1300 991 καὶ
1341 936 1374 1006 ἡ
1414 934 1641 1006 δευτέρα
1681 932 1777 1004 τὴν

197 1030 419 1101 τρίτην·
467 1030 565 1084 καὶ
608 1028 681 1082 τά
727 1028 964 1100 ὀνόματα
1012 1028 1119 1082 τῶν
1175 1025 1638 1081 ἀποτελεσθέντων
1685 1023 1779 1096 ἔρ-

198 1136 306 1186 των
361 1118 655 1190 προσφυῶς
706 1117 1242 1187 ωγκατεσκευάσθαι
1290 1118 1403 1179 τοῖς
1446 1114 1630 1187 ἔργοις
1675 1130 1780 1184 φη-

198 1210 309 1263 σίν’
347 1209 487 1263 ἀλλά
515 1210 617 1280 τὴν
647 1208 746 1278 μὲν
776 1209 905 1279 περὶ
928 1207 1000 1262 τὰ
1024 1207 1263 1278 ὀνόματα
1293 1206 1629 1277 κακουργίαν
1676 1204 1775 1275 ἤδη

197 1313 247 1348 τε
276 1295 430 1349 κατά
456 1296 519 1349 τὸ
545 1296 767 1350 δυνατὸν
795 1296 1137 1367 ὲξητάσαμεν
1154 1312 1168 1326 °
1199 1296 1292 1350 καὶ
1318 1297 1446 1349 ὃταν
1483 1295 1563 1357 εἰς
1604 1294 1779 1347 έκεῖνο

196 1387 251 1439 τδ
282 1387 460 1459 μέρος
501 1390 602 1458 τῆς
640 1387 941 1453 ἐξετάσεως
981 1387 1242 1460 ἔλθωμεν,
1270 1387 1365 1442 ὲάν
1404 1388 1434 1440 6
1464 1384 1621 1453 λόγος
1652 1387 1775 1438 ὲπι-

196 1477 358 1550 ζητῇ,
395 1478 557 1533 πάλιν
589 1479 993 1553 προσθήσομεν.

1884 481 2103 527 mannnt
2170 485 2233 523 ea:
2285 468 2631 531 substantiis,
2685 466 3114 536 nominibusque,
3173 484 3291 537 qum
3342 468 3454 522 illis

1883 573 2203 635 competunt.
2238 560 2440 614 Harum
2475 560 2785 613 orationum
2820 575 3017 615 sensus
3048 576 3154 613 non
3191 567 3275 613 est
3305 561 3457 614 intel-

1880 658 2021 712 lectu
2065 653 2266 717 facilis,
2312 652 2512 721 quippe
2556 650 2723 704 multa
2764 651 3058 717 impietatis
3094 652 3323 721 caligine
3376 661 3456 706 te-

1882 758 2031 807 ctus:
2056 745 2271 800 videtur
2321 750 2501 797 autem
2524 780 2539 804 ,
2581 748 2845 811 quantum
2882 742 3099 810 quidem
3134 743 3452 809 conjectura

1879 836 2101 907 assequi
2138 836 2289 899 licet,
2319 832 2590 903 ejusmodi
2619 819 2779 888 esse:
2811 832 3172 902 Operationes
3199 835 3454 889 substan-

1879 929 2077 984 tiarum
2108 926 2506 996 productrices,
2540 934 2600 979 ut
2628 930 2781 995 puto,
2825 922 3004 979 Patris
3028 934 3083 979 et
3120 924 3244 980 Filii
3282 925 3457 980 facul-

1880 1029 2021 1075 tates
2057 1020 2339 1086 nominat,
2369 1034 2467 1089 per
2506 1033 2643 1091 quas
2684 1018 2861 1089 prima
2900 1018 3203 1073 substantia
3252 1035 3456 1075 secun-

1881 1114 2005 1168 dam
2034 1110 2640 1182 produxit,etsecbnda
2672 1110 2911 1173 tertiam,
2934 1118 2989 1166 et
3016 1112 3237 1165 nomina
3257 1111 3456 1167 horum

1883 1217 2128 1272 operum,
2148 1217 2268 1272 qua:
2283 1200 2472 1256 effecta
2500 1207 2650 1266 sunt,
2683 1209 2806 1270 apte
2835 1208 2889 1255 et
2916 1198 3303 1257 convenienter
3324 1204 3458 1272 ipsis

1885 1293 2148 1364 operibus
2181 1293 2438 1362 imposita
2478 1307 2601 1348 esse
2647 1290 2802 1346 dicit.
2851 1291 3117 1347 Caeterum
3165 1294 3455 1364 malignam

1882 1385 2200 1452 versutiam,
2227 1399 2331 1454 qua
2360 1385 2414 1438 in
2438 1384 2575 1454 ipsis
2598 1384 2913 1440 nominibus
2935 1399 3069 1440 usus
3097 1394 3199 1447 est,
3219 1385 3332 1455 jam
3360 1400 3459 1455 pro

1880 1476 2029 1531 virili
2054 1476 2416 1545 patefecimus
2452 1495 2465 1530 :
2508 1486 2561 1543 ct
2602 1475 3043 1546 quotiescunque
3083 1478 3311 1533 materia
3360 1493 3459 1532 nos

194 1585 254 1625 ‹-ο
298 1573 605 1635 vocaverit,
651 1572 697 1629 si
736 1572 1035 1628 necessitas
1074 1571 1330 1643 postulet,
1375 1585 1567 1627 rursus
1607 1569 2016 1640 patefaciemus.

256 1665 419 1729 Τέως
446 1664 504 1716 δὲ
533 1663 631 1719 νῦν
665 1664 814 1731 ἄξιόν
861 1667 974 1719 ἐστι
1006 1664 1324 1733 λογίσασθαι
1345 1680 1359 1693 ·
1397 1663 1516 1727 πῶς
1559 1664 1778 1717 ἕπονται

1956 1661 2112 1716 Nunc
2140 1677 2238 1733 par
2296 1672 2379 1719 est
2429 1662 2756 1734 disquirere,
2797 1666 3072 1735 quomodo
3110 1673 3458 1738 operationes

195 1757 310 1817 ni;
362 1754 573 1817 οὐσίαις
617 1755 674 1808 αί
704 1755 1007 1827 ὲνέργειαις
1054 1754 1109 1808 τί
1150 1751 1307 1808 οὖσαι
1341 1754 1480 1808 κατὰ
1518 1755 1617 1822 τὴν
1646 1754 1780 1807 ίδίαν

1886 1763 2187 1824 sequantur
2216 1769 2283 1809 cx
2314 1755 2662 1821 substantiis,
2715 1765 2768 1812 et
2802 1758 3061 1828 quidnam
3107 1759 3218 1814 sint
3263 1775 3462 1816 secun-

196 1844 402 1912 φύσινς
434 1846 617 1900 ἄλλοτι
663 1847 814 1917 παρά
844 1845 946 1909 τὰς
993 1846 1181 1909 οὐσίας
1219 1839 1308 1908 αἶς
1351 1844 1710 1917 παρέπονται,
1749 1845 1778 1913 ἢ

166 1926 376 2007 ’μέρος
422 1936 647 1989 ἐκείνων
691 1937 786 1991 κα).
819 1940 919 2008 τῆς
969 1937 1218 2007 φύσεως;
1263 1936 1355 1990 καὶ
1393 1939 1441 1990 εἰ
1489 1937 1585 2008 μὲν
1630 1936 1778 2002 ἄλλο,

197 2026 311 2091 πῶς
346 2026 386 2098 ἢ
434 2027 585 2098 παρά
634 2027 777 2091 τίνος
823 2028 1144 2100 γενόμεναι;
1196 2030 1245 2082 εἰ
1274 2027 1332 2081 δὲ
1377 2027 1439 2081 τὸ
1480 2027 1630 2090 αὐτὸ,
1665 2026 1783 2092 πῶς

196 2119 672 2189 ἀποτεμνόμεναι,
722 2119 818 2173 καὶ
862 2121 982 2174 ἀντὶ⁸
1041 2120 1135 2174 τοῦ
1183 2120 1545 2193 συνυπάρχειν
1594 2120 1781 2183 αὐταῖς

194 2211 403 2274 ἔξωθεν
439 2212 861 2282 παρεπόμεναι;
913 2212 1079 2266 Οὐδὲν
1118 2212 1226 2283 γὰρ
1272 2212 1460 2276 ἁπλῶς
1500 2210 1672 2275 οὕτως
1719 2212 1783 2265 ὲκ

195 2302 301 2355 τῶν
340 2300 651 2372 εἰρημένων
681 2302 798 2355 ἔστι
839 2301 1064 2374 μαθεῖν’
1106 2302 1335 2374 πότερον
1366 2302 1612 2372 ἀνάγκης
1638 2302 1784 2367 τινὸς

195 2394 441 2463 φυσικῆς
470 2394 848 2465 ἀπροαιρέτως
874 2393 972 2465 τὴν
998 2394 1299 2466 ἐνέργειαν,
1331 2394 1454 2465 ητις
1478 2394 1607 2447 ποτὲ
1644 2393 1782 2465 αὕτη

195 2486 347 2537 ἐστὶν
382 2484 695 2539 ἀκολουθεῖν
715 2488 780 2556 τῇ
801 2485 959 2558 οὐσίᾳ
1002 2485 1326 2558 βιαζομένης
1346 2526 1362 2552 ,
1386 2485 1461 2549 ὡς
1487 2485 1674 2540 ἕπεται
1703 2486 1783 2558 τῷ

196 2577 328 2648 πυρὶ
381 2577 417 2646 ἠ
450 2574 666 2641 καῦσις,
717 2576 813 2630 καὶ
842 2577 893 2631 οἱ
937 2577 1134 2648 ἀτμοὶ,
1179 2578 1272 2631 καὶ
1303 2578 1359 2631 αί
1391 2577 1782 2649 ἀναθυμιάσεις

194 2671 304 2731 τοῖς
384 2668 482 2736 ἀφ’
521 2660 597 2721 ὧν
649 2666 822 2722 ταῦτα
870 2668 1109 2738 γίνονται
1153 2668 1419 2740 σώμασιν;
1491 2670 1631 2724 Ἀλλ’
1681 2671 1782 2725 οὐκ

196 2758 257 2809 ἂν
277 2758 456 2811 αὐτὸν
481 2755 632 2829 οἶμαι
659 2758 818 2813 τοῦτο
845 2761 1019 2813 εἰπεῖν
1037 2778 1052 2793 ο
1072 2760 1214 2814 ὥστε
1243 2761 1485 2816 ποικίλον
1510 2779 1563 2815 τι
1596 2763 1782 2835 χρῆμα

193 2850 287 2903 καὶ
329 2849 591 2903 σύνθετον
614 2851 854 2921 νομίζειν
883 2850 977 2905 τοῦ
1015 2851 1150 2905 Θεοῦ
1187 2851 1287 2921 τὴν
1327 2851 1533 2920 οὐσίαν,
1574 2852 1779 2924 ἀχώρι-

196 2959 321 2995 στον
386 2942 620 3013 ἔχουσαν
681 2943 774 2997 καὶ
837 2942 1409 3014 συνεπιθεωρουμένην
1459 2945 1625 3016 ἑαυτῇ
1684 2943 1781 3015 τὴν

192 3035 519 3105 ἐνέργειαν,
551 3032 629 3096 ὣς
651 3052 704 3089 τι
736 3033 1080 3106 ωμὸεὸηκὺς
1108 3036 1166 3089 ἐν
1197 3035 1539 3107 ὑποκειμένῳ
1566 3035 1777 3090 δεικνύ-

198 3143 402 3196 μενον·
454 3126 593 3181 ἀλλά
633 3128 1036 3200 προαιρετικῶς
1072 3128 1168 3183 καὶ
1202 3125 1566 3194 αὐτεξουσίως
1611 3145 1784 3182 κινουο

197 3222 374 3287 μένας
411 3218 513 3283 τὰς
538 3219 724 3283 οὐσίας
750 3219 811 3273 τὸ
836 3218 1026 3273 δοκοῦν
1061 3237 1195 3292 φησι
1226 3220 1347 3274 καθ’
1378 3222 1577 3284 ἑαυτὰς
1612 3222 1785 3292 ἀπερ-

196 3311 487 3379 γάζεσθαι.
508 3311 620 3365 Καὶ
644 3311 729 3375 τίς
747 3310 808 3364 τὸ
833 3313 894 3364 ἐκ
917 3312 1169 3383 προνοίας
1199 3312 1458 3377 ἑκουσίως
1478 3312 1780 3383 γινόμενον,

195 3402 274 3465 ὥς
319 3420 377 3456 τι
415 3403 526 3456 τῶν
570 3402 767 3467 ἔξωθεν
799 3390 1305 3459 ἐπακολουθούντων
1337 3403 1566 3458 ἕπεσθαι
1594 3405 1782 3475 λέγεις

198 3494 343 3547 υύδὲ
372 3495 483 3565 γὰρ
510 3495 654 3549 κατά
675 3495 775 3567 τὴν
804 3495 988 3566 κοινὴν
1014 3496 1299 3567 συνήθειαν
1325 3495 1420 3549 ἐπὶ
1464 3496 1577 3551 τῶν
1608 3496 1786 3551 τοιού-

198 3602 311 3640 των
372 3586 618 3658 ἔγνωμεν
666 3587 1038 3659 τετριμμένην
1105 3586 1203 3659 τὴν
1266 3587 1443 3653 λέξιν·
1491 3587 1633 3642 ὥστε
1686 3587 1786 3659 τὴν

200 3679 484 3751 ἐνέργειαν
527 3678 625 3732 τοῦ
660 3679 789 3750 περί
819 3697 870 3733 τι
901 3678 1186 3743 πονοῦντος
1230 3680 1541 3735 ἀκολουθεῖν
1577 3679 1657 3750 τῷ
1688 3695 1787 3732 πο-

203 3770 391 3822 νοῦν-τι
422 3771 623 3840 λέγειν.
682 3771 821 3827 Οὐδὲ
857 3773 965 3844 γάρ
990 3774 1107 3827 ἐστι
1135 3773 1359 3827 δυνατὸν
1386 3775 1447 3827 τὸ
1482 3774 1668 3845 ἕτερον
1693 3773 1785 3827 τοῦ

200 3861 398 3929 ἐτέρου
437 3861 815 3930 διαζεύξαντα,
853 3863 1177 3919 καταλαϐεῖν
1223 3865 1306 3935 ἐφ’
1340 3865 1533 3919 ἑαυτοῦ
1576 3866 1638 3919 τὺ
1678 3866 1789 3920 λει-

206 3952 474 4021 πύμενον·
510 3954 626 4006 ἀλλ’
649 3956 680 4009 6
713 3956 812 4026 τὴν
845 3957 1123 4028 ἐνέργειαν
1159 3957 1353 4023 εἰπὼν,
1384 3957 1446 4011 τὸ
1477 3960 1598 4012 κατ’
1617 3958 1788 4031 αὐτὴν

202 4043 527 4115 κινούμενον
557 4048 635 4119 τῷ
664 4047 807 4119 λόγῳ
846 4051 1249 4122 συμπεριέλαόε
1269 4069 1282 4082 ·
1320 4052 1413 4105 καὶ
1454 4054 1483 4106 6
1513 4050 1608 4106 τοῦ
1638 4053 1788 4122 ἐνερ-

202 4135 433 4201 τεῧντος
481 4139 765 4208 μνησθεὶς,
802 4141 895 4194 καὶ
937 4142 1037 4214 τὴν
1086 4143 1365 4215 ἐνέργειαν
1394 4142 1611 4206 πάντως
1649 4142 1790 4197 κατά

200 4228 267 4278 τδ
320 4229 671 4300 σιωπώμενον
705 4235 1062 4304 συνεσήμανε.
1102 4235 1441 4305 Σαφέστερον
1472 4235 1527 4288 δὲ
1563 4234 1650 4288 διὰ
1682 4234 1791 4287 τῶν

206 4319 624 4391 ὑποδειγμάτων
654 4322 714 4376 τὸ
743 4322 1033 4394 λεγόμενον
1063 4325 1233 4378 ἔσται·
1252 4324 1546 4379 Χαλκεύειν
1574 4325 1695 4379 τινὰ
1707 4325 1799 4378 λέ-’

1882 1847 2009 1902 dum
2045 1862 2200 1903 suam
2244 1846 2519 1916 propriam
2565 1857 2837 1901 naturam.
2865 1848 3120 1918 Nunquid
3151 1850 3296 1905 aliud
3333 1860 3462 1905 sunt

1882 1953 1912 1991 a
1947 1937 2295 2003 substantiis,
2327 1953 2393 1992 ex
2427 1937 2628 2008 quibus
2662 1938 2923 1994 emuunt?
2974 1940 3113 1995 Num
3172 1957 3297 2012 pars
3344 1944 3461 1997 illa-

1881 2044 2002 2083 rum
2026 2035 2080 2084 et
2108 2030 2354 2084 naturae?
2386 2030 2505 2086 etsi
2528 2029 2747 2100 quidem
2782 2031 2928 2087 aliud
2965 2041 3126 2089 sunt:
3160 2034 3458 2104 quomodo,
3558 2044 3563 2049 '

1883 2126 1978 2175 aut
2007 2135 2036 2173 a
2061 2134 2172 2190 quo
2203 2119 2410 2177 eﬁ‘ectae
2447 2122 2613 2177 sunt?
2669 2122 2727 2178 Si
2776 2139 2908 2180 vero
2947 2125 3089 2180 idem
3121 2135 3271 2192 sunt,
3322 2142 3461 2198 quo-

1881 2212 2046 2267 modo
2092 2212 2355 2282 sejunctas
2387 2221 2539 2281 sunt,
2564 2215 2640 2269 ita
2689 2223 2749 2269 ut
2785 2232 2963 2285 neque
2994 2218 3187 2284 insint,
3236 2221 3331 2276 sed
3364 2237 3461 2277 οι·
3512 2214 3517 2221 ’

1881 2306 2159 2362 trinsecus
2197 2306 2559 2362 substantiam
2612 2309 2979 2365 comitentur?
3002 2309 3150 2366 Nihil
3192 2313 3337 2369 enim
3368 2315 3461 2369 ho-

1884 2412 2003 2452 rum
2040 2413 2108 2452 ex
2135 2397 2300 2454 dictis
2327 2399 2617 2470 perspicue
2643 2399 2781 2456 satis
2807 2400 3147 2473 intelligitur.
3188 2403 3329 2459 Num
3359 2423 3458 2462 ne-

1881 2489 2142 2546 cessitate
2198 2490 2434 2561 quadam
2483 2491 2718 2545 naturali
2763 2501 2994 2562 cogente
3047 2498 3457 2565 Operationem,

1883 2582 2278 2651 qualiscunque
2305 2580 2523 2637 demum
2553 2582 2641 2636 illa
2666 2581 2757 2649 sit,
2791 2584 2947 2654 sequi
2982 2585 3048 2639 ad
3069 2586 3457 2653 substantiam,

1883 2664 2098 2727 sublata
2155 2672 2303 2727 omni
2354 2671 2626 2728 libertatis
2687 2674 2941 2741 ratione,
2994 2677 3458 2744 quemadmodum

1882 2763 2030 2818 ustio
2057 2771 2110 2819 et
2135 2779 2306 2834 vapor
2336 2762 2401 2817 ad
2426 2764 2634 2834 ignem,
2654 2773 2708 2819 et
2752 2765 3134 2823 exhalationes
3166 2769 3229 2822 ad
3263 2784 3460 2840 corpo-

1882 2869 1966 2918 ra,
1997 2870 2066 2910 ex
2109 2855 2308 2925 quibus
2345 2854 2648 2922 exsistunt,
2701 2859 3153 2927 consequuntur?
3191 2858 3296 2915 Sed
3351 2877 3458 2915 non

1884 2943 2121 2999 arbitror
2144 2945 2293 2998 illum
2327 2944 2432 2999 hoc
2482 2946 2659 3001 velle:
2691 2953 2754 3001 ut
2802 2947 2907 3002 subi
2949 2948 3278 3019 persuadeat
3318 2950 3461 3006 divi-

1886 3048 2009 3087 nam
2050 3044 2303 3089 naturam
2342 3050 2466 3091 esse
2510 3036 2643 3109 quid
2688 3039 3057 3109 compositum
3115 3047 3170 3097 et
3210 3042 3459 3108 varium,

1883 3138 2005 3195 quae
2051 3123 2468 3195 inseparabilem
2532 3141 2563 3180 a
2625 3142 2684 3183 se
2727 3128 3105 3197 operationem
3160 3133 3460 3199 contineat,

1885 3232 2158 3288 quamque
2190 3232 2417 3274 necesse
2450 3217 2520 3273 sit
2548 3217 2603 3273 in
2644 3219 2762 3290 ipsa
2816 3219 2908 3275 Dei
2943 3222 3272 3288 substantia,
3301 3227 3461 3295 quasi

1886 3310 2103 3365 insitam
2133 3310 2451 3379 concipere:
2507 3320 2764 3382 tanquam
2799 3312 3056 3370 accidens
3091 3314 3144 3369 in
3171 3315 3462 3386 subjecto;

1860 3402 2014 3474 quia
2042 3401 2177 3457 dicit
2201 3402 2543 3457 substantias
2580 3402 2714 3459 istas
2741 3419 2806 3459 ex
2848 3413 3000 3461 certo
3033 3408 3265 3463 consilio
3290 3419 3345 3463 et
3395 3409 3464 3463 li-

1886 3493 2014 3548 bere
2048 3493 2251 3547 moveri
2282 3492 2351 3547 ad
2395 3493 2662 3564 agendum
2693 3494 2911 3565 quidvis
2945 3496 3212 3553 arbitrati:
3244 3515 3365 3556 suo.
3399 3475 3468 3554 Et

1886 3585 2138 3655 quisnam
2167 3584 2323 3649 illud,
2358 3585 2506 3655 quod
2529 3602 2596 3642 ex
2634 3588 2918 3657 proposito
2947 3598 3002 3646 et
3039 3591 3207 3648 libere
3239 3594 3468 3664 suscipi-

1888 3683 1997 3741 tur,
2035 3676 2188 3747 sequi
2233 3677 2310 3731 ait
2371 3677 2547 3734 instar
2602 3694 2817 3744 eorum,
2851 3674 2973 3750 quae
3012 3683 3354 3741 extrinsecus
3396 3686 3465 3741 ad

1889 3767 2251 3823 substantiam
2303 3769 2458 3838 sequi
2492 3770 2707 3825 solent?
2756 3770 2945 3842 Neque
2994 3773 3138 3827 enim
3186 3776 3466 3830 communi

1888 3859 2171 3914 hominum
2228 3861 2627 3917 consuetudine
2654 3862 2759 3917 hoc
2808 3878 2973 3919 sensu
3027 3864 3171 3919 hunc
3211 3865 3465 3934 loquendi

1889 3950 2111 4006 modum
2134 3960 2457 4023 usurpatum
2488 3953 2760 4020 novimus,
2780 3963 2838 4008 ut
2860 3955 3069 4010 scilicet
3094 3957 3464 4025 operationem

1889 4042 2031 4110 ejus,
2056 4043 2148 4113 qui
2188 4043 2336 4097 circa
2369 4045 2604 4115 aliquam
2640 4060 2751 4099 rem
2799 4054 3100 4113 occupatur
3130 4055 3185 4101 et
3233 4047 3463 4113 laborat,

1890 4135 2043 4203 sequi
2068 4134 2192 4204 quis
2223 4134 2370 4189 dicat
2398 4136 2465 4189 ad
2490 4135 2855 4191 substantiam
2893 4135 3035 4205 ejus,
3065 4138 3160 4206 qui
3180 4144 3463 4208 ‘operatur.

1890 4223 2001 4280 Nec
2032 4227 2147 4282 ﬁeri
2176 4234 2374 4297 potest,
2396 4234 2453 4280 ut
2494 4226 2587 4296 qui
2612 4226 2846 4281 alterum
2876 4227 2945 4279 ab
2977 4229 3151 4283 altero
3201 4230 3465 4300 scjungit,

1892 4319 2187 4389 separatim
2216 4327 2268 4373 et
2298 4334 2396 4388 per
2424 4333 2484 4373 se
2522 4318 2725 4382 solum,
2756 4319 2900 4389 quod
2929 4320 3275 4391 relinquitur,
3322 4322 3468 4377 acci-

202 4429 401 4482 γομεν,
451 4414 484 4485 ἢ
544 4415 943 4481 τεκταίνεσθαι,
1002 4417 1037 4489 ἢ
1103 4416 1230 4471 ἀλλο
1278 4435 1333 4471 τι
1391 4419 1633 4490 ἐνεργεῖν
1684 4417 1784 4471 τῶν

1894 4411 2041 4481 piat;
2074 4409 2168 4465 sed
2232 4409 2326 4478 qui
2375 4410 2748 4479 operationem
2791 4412 3061 4476 nominat,
3104 4413 3148 4469 is
3188 4414 3350 4468 etiam
3391 4415 3466 4490 id,

204 4506 487 4560 sazo-Jsmv.
543 4507 756 4561 Οὐκοῦν
804 4512 871 4581 τῇ
905 4510 1005 4581 μιᾷ
1036 4512 1206 4581 φωνῇ,
1258 4511 1360 4581 τήν
1404 4528 1464 4563 τε
1507 4511 1788 4583 ἐργασίαν,

202 4594 327 4647 καὶτ
356 4595 443 4648 τὸν
474 4596 730 4667 μετιόντα
757 4601 857 4671 τὴν
905 4600 1099 4669 τέχνην
1141 4599 1281 4653 κατά
1320 4599 1515 4654 ταυτὸν
1562 4602 1591 4654 6
1636 4600 1791 4669 λόγος

204 4683 583 4755 παρέστησεν,
613 4684 755 4739 ὥστε
803 4688 852 4739 εί
899 4687 1189 4759 χωρισθείη
1238 4687 1298 4741 τὸ
1345 4687 1550 4759 ἕτερον,
1604 4687 1678 4759 μὴ
1724 4687 1791 4742 ἂν

204 4772 510 4845 ὑποστῆναι
544 4775 606 4829 τὸ
633 4775 969 4847 λειπόμενον.
1022 4776 1086 4829 Et
1115 4771 1207 4829 οὖν
1234 4776 1301 4830 τὰ
1346 4776 1439 4829 δύο
1473 4777 1589 4846 μετ’
1629 4776 1792 4847 ἀλλή-

202 4861 325 4915 λων
360 4868 578 4933 νοεῖται,
605 4867 743 4939 αὐτή
790 4883 849 4920 τε
883 4868 916 4939 ἠ
968 4868 1216 4939 ἐνέργεια
1259 4868 1352 4921 καὶ
1386 4870 1415 4920 6
1459 4866 1578 4921 κατ’
1624 4867 1792 4938 αὐτὴν

204 4955 548 5027 κενώμενος,
589 4960 709 5023 πῶς
737 4959 972 5015 ἐνταῦθα
1012 4960 1237 5015 ἕπεσθαι
1265 4959 1480 5029 λέγεται
1525 4961 1589 5031 τῇ
1636 4958 1793 5029 οὐσίᾳ

203 5051 275 5117 τῇ
525 5052 560 5123 ἡ
580 5054 681 5123 τὴν
705 5052 961 5126 δευτέραν
987 5053 1176 5107 οὐσίαν
1194 5052 1614 5125 ἀπεργαζομένη
1640 5050 1792 5121 ὲνέρ-

206 5158 365 5206 τεια.
399 5144 757 5214 μεσιτεύουσά
802 5164 919 5210 πως
961 5145 1028 5200 δι’
1058 5146 1255 5218 ἑαυτῆς
1298 5145 1652 5216 ἀμφοτέραις,
1696 5144 1792 5198 καὶ

204 5231 345 5285 αὖτε
372 5237 435 5305 τῇ
473 5235 669 5310 πρώτῃ
697 5238 838 5291 κατὰ
885 5238 984 5309 τὴν
1034 5237 1195 5307 φύσιν
1236 5237 1627 5308 συμϐαίνουσα,
1670 5235 1792 5289 οὐτε

212 5322 361 5390 πρὸς
383 5325 478 5395 τὴν
508 5326 769 5397 δευτέραν
803 5328 1219 5400 συναπτομένη;
1257 5329 1369 5399 Τῆς
1411 5328 1510 5399 μὲν
1546 5328 1654 5400 γὰρ
1699 5344 1792 5382 κε-

212 5410 478 5484 χώρισται
518 5417 598 5487 τῷ
630 5417 705 5490 μὴ
737 5418 899 5489 φύσις
931 5415 1089 5486 εἶναι,
1127 5419 1263 5474 ἀλλά
1292 5419 1505 5490 φύσεως
1544 5419 1789 5492 κίνησις·

209 5504 283 5571 τῇ
338 5504 393 5558 ἂ
447 5506 567 5578 μεθ’
629 5510 827 5583 ἑαυτὴν
889 5512 948 5567 οὐ
1002 5511 1324 5584 συμϐαίνει*
1374 5513 1457 5567 ὅτι
1517 5512 1579 5564 οὐ
1633 5512 1794 5584 ψιλὴν

208 5594 529 5665 ἐνέργειαν,
586 5601 700 5656 ἀλλ’
756 5603 978 5676 ἐνεργὸν
1042 5604 1228 5657 οὐσίαν
1288 5603 1355 5657 δι’
1437 5600 1633 5675 ἑαυτῆς
1694 5603 1795 5657 ὐπ-

212 5700 321 5737 ιατ
332 5687 506 5755 quam.

1892 4499 2038 4570 quod
2068 4514 2165 4569 per
2196 4500 2566 4569 operationem
2593 4500 2791 4566 cietur,
2814 4502 2999 4557 animo
3031 4488 3469 4573 comprehendit,

1891 4600 1946 4647 et
1969 4591 2063 4663 qui
2093 4593 2375 4662 operantis
2423 4593 2758 4648 mentionem
2794 4593 2947 4658 facit,
3004 4596 3095 4649 ille
3132 4598 3358 4653 omnino
3388 4607 3471 4652 ta-

1891 4684 2001 4738 cite
2051 4682 2428 4754 operationem
2460 4698 2679 4753 quoque
2732 4683 3082 4754 signiﬁcavit.
3119 4683 3237 4741 Fiet
3286 4695 3468 4743 autem

1892 4773 1945 4828 id
1997 4774 2142 4844 quod
2199 4773 2497 4829 asserimus
2541 4774 2836 4829 dilucidius
2896 4776 3179 4846 exemplis.
3231 4774 3470 4832 Dicimus

1893 4865 2059 4935 igitur
2113 4865 2347 4936 aliquem
2400 4880 2475 4921 ms
2525 4865 2722 4919 malleo
2753 4864 3005 4931 tundere,
3043 4867 3129 4923 vel
3179 4867 3469 4931 fabricare,

1892 4959 1977 5014 vel
2007 4959 2154 5013 aliud
2186 4959 2445 5029 quiddam
2481 4959 2549 5014 de
2597 4973 2796 5028 genere
2841 4957 3033 5014 eodem
3078 4975 3257 5030 agerc.
3301 4956 3471 5029 Igitur

1894 5065 2007 5105 uno
2062 5050 2331 5105 vocabulo
2384 5058 2438 5103 et
2486 5050 2659 5119 ipsam
2705 5050 3083 5119 operationem
3128 5059 3183 5107 et
3216 5051 3469 5121 opiﬁcem

1894 5144 2073 5198 oratio
2098 5142 2509 5213 repraesentavit
2536 5160 2549 5196 :
2606 5142 2678 5194 ita
2699 5149 2758 5195 ut
2790 5142 2837 5197 si
2867 5144 3097 5197 alterum
3130 5144 3471 5214 sejungatur,

1895 5235 2126 5290 alterum
2158 5233 2460 5290 subsistere
2494 5240 2748 5303 nequeat.
2782 5231 2838 5287 Si
2875 5234 3041 5303 igitur
3078 5233 3191 5288 duo
3231 5234 3346 5290 lucc
3396 5236 3474 5291 si-

1896 5329 2008 5383 mul
2035 5326 2434 5395 intelliguntur,
2469 5327 2717 5395 operatio
2745 5326 3093 5390 videlicet,et
3122 5326 3170 5380 is
3200 5328 3294 5397 qui
3340 5342 3473 5398 ope-

1896 5421 2107 5474 ratione
2134 5418 2223 5472 illa
2260 5418 2390 5487 agit,
2421 5418 2695 5487 quomodo
2723 5416 2962 5471 afﬁrmat
3000 5416 3106 5473 iste
3136 5417 3203 5471 ad
3242 5419 3471 5488 primam

1898 5512 2261 5570 substantiam
2318 5510 2473 5579 sequi
2528 5510 2674 5563 illam
2710 5510 3108 5577 one-rationem,
3144 5527 3249 5582 qua
3299 5512 3472 5581 prima

1900 5602 2195 5663 secundam
2247 5599 2612 5656 substantiam
2653 5599 2886 5664 efﬁnxit,
2918 5607 2976 5654 ut
3020 5600 3092 5655 sit
3122 5600 3298 5656 media
3339 5615 3474 5670 quo-

1905 5692 2192 5754 dammodo
2223 5692 2361 5748 inter
2388 5701 2695 5761 utramque,
2738 5699 2792 5747 et
2847 5707 3024 5762 neque
3064 5692 3249 5762 prima.
3284 5702 3477 5747 sciun-
