4008 6210
625 292 732 348 515

1862 291 1918 346 S.
1956 288 2285 349 GREGORII
2316 287 2615 348 NYSSENI

3745 294 3834 349 5ίὸ

622 412 753 463 dum
789 416 1038 462 naturam
1082 420 1413 478 congruens,
1458 420 1638 477 neque
1683 419 1808 460 cum
1875 407 2117 463 secunda
2172 406 2464 478 copulata?
2496 405 2633 462 Nam
2681 405 2751 462 ab
2796 403 2892 460 illa
2959 408 3213 474 separata
3283 408 3390 468 est,
3432 402 3577 473 quod
3618 418 3713 458 non
3771 408 3833 462 sit

624 507 841 565 natura,
892 498 987 553 sed
1042 507 1251 552 naturae
1299 496 1544 569 quaedam
1590 498 1793 563 motio;
1854 498 2009 554 alteri
2059 513 2210 566 vero,
2245 513 2410 569 quam
2465 504 2589 568 post
2633 512 2695 554 se
2764 496 3052 566 relinquit,
3102 509 3215 550 non
3245 494 3527 565 competit,
3579 496 3692 567 quia
3740 512 3832 552 non

624 590 827 645 nudam
855 590 1251 660 operationem,
1283 588 1379 645 sed
1409 588 1771 645 substantiam
1802 590 1997 660 agendi
2022 590 2277 647 facultate
2298 589 2600 661 praeditam,
2619 589 2796 657 seipsa
2813 587 3091 659 produxit.

693 677 901 733 Deinde
935 678 1039 732 hoc
1079 679 1244 732 etiam
1287 678 1675 747 disquisitione
1715 677 1937 749 dignum
1979 694 2175 735 censeo

2373 673 2508 732 Εἶτα
2567 680 2786 733 κάκεῖνο
2844 676 3047 740 τούτοις
3107 674 3606 747 προσεξετάσωμεν·
3660 674 3833 747 Ἔργον

621 768 772 839 Opus
839 769 1159 824 substantia:
1222 776 1402 827 vocat.
1450 768 1841 837 substantiam;
1904 769 2196 826 secundam

622 860 838 930 quidem
898 861 1103 929 primae,
1140 876 1333 917 rursus
1393 861 1648 918 secundae
1704 863 1940 918 tertiam.
1992 866 2060 918 At
2090 876 2198 933 qua

621 949 837 1005 ratione
892 950 996 1005 hoc
1045 953 1473 1008 demonstravit?
1529 953 1678 1020 Quas
1738 955 2091 1027 probationes
2129 954 2198 1009 ad

618 1041 723 1096 hoc
750 1041 1147 1097 ostendendum
1178 1043 1466 1098 adhibuit?
1495 1060 1560 1100 ex
1577 1060 1684 1116 qua
1712 1046 1968 1101 methodo
1995 1058 2047 1101 et
2080 1053 2196 1100 arte

500 1130 507 1137 ’
615 1133 799 1195 evicit.
838 1134 1007 1202 credi,
1030 1134 1230 1190 debere
1272 1135 1630 1206 posteriorem
1648 1152 1770 1192 esse
1796 1137 1993 1206 prioris
2021 1136 2197 1206 opus?

618 1223 675 1278 Si
716 1225 861 1280 enim
889 1240 954 1280 ex
987 1226 1094 1292 his,
1125 1242 1245 1295 quae
1280 1226 1335 1281 in
1373 1227 1475 1282 hac
1504 1242 1687 1282 rerum
1725 1228 2079 1283 universitate
2113 1227 2195 1281 vi-

615 1326 835 1379 suntur,
869 1314 937 1370 de
990 1315 1078 1370 his
1111 1316 1275 1370 etiam
1309 1316 1749 1371 ratiocinandum
1778 1326 1924 1373 esset
1955 1334 1970 1373 :
2017 1331 2194 1384 neque

613 1404 693 1458 sic
726 1404 944 1474 quidem
984 1405 1221 1472 deceret,
1252 1421 1320 1461 ex
1345 1406 1431 1462 his
1457 1406 1682 1463 caducis
1724 1419 1778 1463 et
1828 1408 1882 1462 in
1915 1408 2024 1461 imo
2053 1406 2194 1476 posi-

612 1497 684 1551 tis
717 1496 1094 1566 conjecturam
1133 1498 1201 1555 de
1232 1499 1342 1554 illis
1373 1498 1793 1555 sublimioribus
1829 1497 2041 1554 facere:
2095 1497 2191 1553 sed

612 1595 792 1642 tamen
856 1589 1069 1643 veniam
1123 1598 1442 1657 mereretur,
1490 1592 1740 1662 quisquis
1794 1591 1897 1654 his,
1953 1605 2074 1660 quae
2124 1590 2191 1645 ob

610 1676 802 1731 oculos
844 1677 1233 1740 obversantur,
1293 1676 1572 1743 inductus,
1637 1688 1845 1733 erraret
1881 1677 2027 1733 circa
2074 1676 2187 1745 illa,

609 1782 731 1836 qua:
759 1767 1148 1836 comprehendi
1178 1774 1478 1837 nequeunt.
1530 1766 1687 1822 Nunc
1712 1782 1841 1823 vero
1873 1767 1997 1836 quis
2040 1765 2191 1820 afﬁr-

611 1870 760 1910 mare
788 1856 954 1917 ausit,
1011 1856 1211 1910 cmlnm
1260 1870 1386 1911 esse
1431 1856 1651 1926 quidem
1692 1871 1830 1926 opus
1879 1855 2012 1921 Dei,
2063 1855 2188 1910 caeli

611 1961 740 2001 vero
769 1946 976 2003 solem?
1004 1946 1146 2002 Solis
1181 1950 1391 2012 lunam,
1438 1948 1603 2019 hujus
1652 1949 1860 2013 stellas,
1906 1957 1960 2003 et
1993 1948 2187 2002 harum

2298 766 2557 838 ὀνομάζει
2594 768 2694 838 τῆς
2726 766 2914 830 ούσίας
2942 764 3041 834 τὴν
3087 763 3275 817 οὐσίαν
3295 780 3306 792 ·
3342 762 3441 834 τὴν
3472 761 3572 833 μὲν
3610 761 3832 833 δευτέραν

2298 861 2397 930 τῆς
2429 858 2681 931 πρώτης
2705 860 2804 930 τῆς
2823 858 2879 911 δὲ
2905 858 3158 929 δευτέρας
3184 856 3364 921 πάλιν,
3386 856 3485 927 τὴν
3513 855 3705 928 τρίτην.
3728 858 3832 911 Τίνι

2297 949 2484 1019 τρόπῳ
2527 948 2916 1020 προαποδείξας
2963 946 3054 1001 τὸν
3108 946 3294 1015 λόγον;
3344 945 3456 998 τίσι
3509 948 3834 1009 κατασκευαῖς

2298 1041 2377 1103 είς
2430 1038 2585 1093 τοῦτο
2643 1038 3018 1111 χρησάμενος;
3073 1039 3137 1091 ἐκ
3182 1036 3343 1098 ποίας
3386 1034 3604 1105 μεθόδου
3646 1035 3701 1089 τὸ
3738 1037 3834 1091 δεῖν

2297 1127 2575 1197 ἐνέργειαν
2595 1130 2693 1200 τῆς
2712 1127 3084 1202 προλαϐούσης
3106 1127 3205 1198 τὴν
3225 1126 3423 1197 ἐφεξῆς
3440 1121 3578 1180 εἶναι
3594 1126 3833 1181 πιστεύειν

2298 1220 2730 1289 συναναγκάσαςς
2776 1220 2839 1273 Et
2873 1218 2972 1291 μὲν
2998 1220 3105 1289 γὰρ
3138 1219 3202 1271 ἐκ
3227 1217 3335 1272 τῶν
3355 1216 3555 1271 λοιπῶν
3578 1218 3677 1271 τῶν
3700 1219 3751 1273 ἐν
3772 1223 3833 1293 τῇ

2294 1309 2466 1364 κτίσει
2497 1310 2880 1383 θεωρουμένων
2911 1308 3017 1363 ἔδει
3068 1309 3163 1362 καὶ
3210 1310 3339 1380 περὶ
3374 1307 3578 1363 τούτων
3613 1309 3833 1377 ἀναλογί-

2296 1401 2511 1468 σασθαι,
2545 1399 2657 1473 εἶχε
2690 1403 2790 1474 μέν
2816 1401 2932 1455 οὔθ’
2959 1400 3131 1464 οὕτως
3159 1399 3338 1464 καλῶς
3370 1399 3435 1454 ἐκ
3471 1400 3578 1455 τῶν
3618 1402 3832 1456 κατωτέ-

2297 1508 2403 1561 ρων
2433 1491 2528 1545 καὶ
2561 1492 2669 1545 τῶν
2698 1491 3107 1564 ὑπερκειμένων
3149 1488 3501 1560 στοχάζεσθαι
3522 1504 3536 1522 ·
3584 1490 3710 1561 πλὴν
3729 1491 3834 1544 ἀλλ’

2291 1577 2404 1652 εῐχέ
2435 1600 2488 1637 τι
2535 1582 2877 1652 συγγνωστὸν
2909 1583 3041 1645 ἴσως
3064 1582 3094 1635 ό
3125 1580 3312 1651 λόγος,
3349 1580 3435 1634 διὰ
3458 1580 3566 1634 τῶν
3602 1583 3837 1652 φαινομέ-

2290 1689 2397 1726 νων
2426 1674 2485 1728 ἐν
2512 1676 2623 1738 τοῖς
2667 1674 3070 1745 ἀκαταλήπτοις
3108 1671 3477 1743 πλανώμενος.
3519 1673 3649 1727 Νυνὶ
3672 1673 3724 1727 δὲ
3758 1674 3835 1737 τίς

2289 1761 2445 1817 τοῦτο
2489 1764 2666 1834 λέγειν
2714 1765 3071 1835 ἐπιχειρήσει,
3127 1763 3210 1816 ὅτι
3278 1762 3506 1833 οὐρανὸς
3565 1763 3653 1834 μὲν
3691 1763 3836 1834 ἔργον

2289 1851 2446 1917 Θεοῦ,
2477 1854 2704 1925 ούρανοῦ
2741 1855 2798 1907 δὲ
2826 1855 2975 1925 ἥλιος
2997 1870 3009 1883 ο
3041 1855 3133 1907 καὶ
3171 1853 3322 1925 ἡλίου
3350 1854 3568 1925 σελήνη,
3608 1854 3694 1908 καὶ
3716 1855 3837 1909 ταύ-

2288 1961 2388 2014 της
2420 1945 2667 2017 ἀστέρες,
2700 1947 2965 2000 κάκείνων
3009 1945 3137 2000 ἄλλο
3183 1963 3235 1999 τι
3276 1945 3385 1999 τῶν
3429 1946 3488 1998 ἐν
3537 1948 3599 2017 τῇ
3643 1947 3836 2009 κτίσεις

608 2036 771 2091 aliam
795 2037 1088 2109 quamdam
1121 2054 1188 2094 ex
1223 2054 1408 2094 rerum
1430 2048 1740 2096 creatarum
1770 2039 2037 2095 numero?
2060 2037 2183 2094 0m-

2300 2035 2446 2101 Ἑνὸς
2474 2038 2584 2109 γὰρ
2613 2037 2748 2109 ἔργα
2773 2036 2842 2091 τά
2876 2037 3075 2102 πάντα,
3103 2035 3286 2108 ἐπειδὴ
3324 2031 3419 2103 εἷς
3442 2035 3584 2102 Θεὸς
3611 2037 3702 2090 καὶ
3726 2041 3842 2091 Πα-

608 2125 697 2179 nia
720 2127 866 2181 enim
906 2127 1072 2183 unius
1126 2136 1255 2183 sunt
1285 2144 1473 2198 opera,
1514 2144 1638 2185 cum
1675 2130 1745 2186 sit
1780 2147 1915 2184 unus
1968 2129 2104 2184 Deus
2135 2138 2187 2185 et

610 2222 774 2271 Pater
811 2219 1070 2282 omnium,
1105 2234 1171 2272 ea:
1220 2236 1321 2289 quo
1367 2221 1547 2274 omnia
1572 2222 1637 2278 ³³.
1669 2220 1824 2287 Quod
1858 2222 1905 2277 si
1938 2222 2184 2290 quaedam

606 2322 670 2360 ex
703 2323 762 2363 se
791 2316 981 2363 mutuo
1037 2308 1191 2377 ﬁunt,
1227 2318 1307 2379 ut,
1357 2313 1592 2382 exempli
1640 2328 1828 2378 causa,
1865 2314 2181 2368 animalium

605 2400 925 2466 generatio;
959 2416 1137 2471 neque
1166 2403 1245 2458 sic
1275 2402 1421 2458 aliud
1449 2419 1513 2459 ex
1563 2403 1672 2458 alio
1700 2404 1777 2469 fit,
1816 2412 2068 2461 manente
2094 2419 2184 2459 ea-

605 2487 754 2552 dem,
794 2487 849 2542 in
883 2488 968 2545 his
989 2505 1111 2560 qua
1149 2490 1466 2562 gignuntur,
1510 2500 1727 2547 natura.
1753 2494 1870 2559 Qua
1898 2492 2062 2564 igitur
2103 2508 2184 2548 ra-

605 2577 752 2633 tione
783 2577 858 2643 id,
891 2580 1037 2650 quod
1086 2597 1187 2637 nec
1225 2582 1281 2636 in
1324 2583 1489 2638 rebus
1526 2583 1730 2639 creatis
1780 2583 2077 2650 invenitur,
2104 2584 2181 2639 illi

603 2685 877 2738 supremae
902 2681 1112 2727 naturae
1134 2672 1407 2738 attribuit,
1436 2676 1626 2743 primae
1654 2673 1909 2730 videlicet
1932 2675 2183 2731 substan-

603 2761 694 2815 tia:
745 2761 1044 2817 secundam
1113 2779 1238 2820 esse
1298 2780 1457 2835 opus,
1503 2774 1558 2821 et
1612 2766 1778 2835 hujus
1831 2768 2183 2838 sequentem?

602 2849 761 2915 Quod
793 2851 841 2906 si
864 2851 1112 2921 inspecto
1158 2853 1477 2906 animalium
1501 2862 1626 2908 ortu
1664 2862 1943 2924 permotus
1974 2863 2078 2921 est,
2121 2864 2181 2910 ut

603 2942 785 2997 simile
806 2942 938 3012 quid
986 2942 1055 2998 de
1110 2942 1322 2999 illibata
1355 2944 1449 2997 illa
1513 2954 1569 3000 et
1616 2945 1942 3001 intemerata
1981 2955 2178 3003 natura

600 3030 940 3097 decerneret,
995 3032 1198 3102 prioris
1266 3033 1480 3089 scilicet
1532 3050 1674 3106 opus
1726 3037 2000 3107 quoddam
2056 3054 2179 3095 esse

600 3120 1000 3187 posteriorem,
1061 3136 1131 3176 ne
1174 3122 1256 3177 sic
1306 3120 1529 3192 quidem
1578 3123 1746 3179 rebus
1794 3125 2179 3182 convenienter

598 3211 787 3266 sentit.
812 3209 947 3266 Nam
978 3227 1098 3282 qua:
1121 3228 1185 3268 ex
1217 3228 1277 3270 se
1305 3213 1538 3271 invicem
1581 3203 1899 3287 gignuntur,
1947 3232 2011 3272 ea
2039 3217 2179 3288 ejus-

598 3300 722 3358 dem
762 3302 989 3357 omnino
1048 3311 1260 3358 naturae
1309 3313 1459 3371 sunt,
1505 3318 1630 3359 cum
1688 3304 1818 3373 illis,
1852 3320 1917 3363 ex
1976 3306 2176 3376 quibus

599 3394 920 3466 gignuntur.
951 3393 1059 3450 Iste
1092 3403 1272 3450 autem
1299 3395 1534 3450 alienam
1559 3403 1615 3451 et
1638 3397 1979 3468 peregrinam
2010 3405 2175 3453 natu-

599 3503 716 3543 ram
741 3486 955 3558 afﬁngit
976 3487 1107 3554 illis,
1138 3486 1233 3558 qui
1262 3502 1407 3543 exse
1438 3496 1630 3544 mutuo
1677 3490 1791 3543 nati
1826 3497 1976 3555 sunt,
1996 3498 2056 3544 ut
2086 3505 2179 3560 pa-

599 3577 820 3635 tefaciat
849 3579 1120 3635 mendacii
1153 3579 1475 3646 vanitatem,
1509 3589 1564 3637 et
1599 3588 1859 3653 tanquam
1897 3582 2179 3638 ambidex—

599 3677 683 3725 ter
714 3670 864 3741 pugil
910 3669 1130 3741 gemino
1161 3670 1274 3725 ictu
1306 3672 1595 3727 veritatem
1639 3680 1882 3744 appetat.
1931 3671 2003 3729 Ut
2032 3673 2178 3728 enim

605 3759 996 3829 subjectionem
1030 3760 1424 3834 dignitatisque
1463 3764 1734 3821 naturalis
1780 3763 1902 3819 Filii
1933 3773 1988 3821 et
2015 3763 2182 3835 Spiri-

602 3860 691 3908 tus
721 3851 899 3909 Sancti
931 3853 1370 3910 imminutionem
1416 3855 1680 3922 stabiliat,
1739 3856 1971 3911 alterum
2003 3872 2068 3912 ex
2102 3856 2180 3910 al-

601 3953 722 3998 tero
749 3942 957 3998 editum
985 3943 1141 3999 dicit.
1170 3943 1249 4001 Ne
1278 3960 1405 4002 vero
1446 3946 1576 4002 dum
1610 3948 1726 4003 haec
1757 3948 1973 4015 asserit,
2003 3948 2057 4002 in
2081 3962 2179 4003 co-

599 4034 897 4103 gnitionem
955 4036 1201 4106 ejusdem
1235 4038 1572 4095 exsistentiae
1626 4039 1682 4094 in
1732 4038 1925 4096 eadem
1984 4047 2178 4094 natura

598 4123 890 4180 deveniant
911 4127 988 4182 illi
1009 4128 1104 4198 qui
1139 4131 1547 4199 generationem
1573 4146 1641 4186 ex
1670 4146 1730 4188 se
1757 4131 1989 4187 invicem
2021 4130 2177 4203 intel-

600 4214 793 4286 ligunt,
825 4232 949 4272 cum
977 4219 1094 4289 ipsa
1125 4229 1338 4275 naturae.
1373 4222 1582 4278 ratione
1618 4231 1844 4295 pugnat,
1884 4223 2013 4277 dum
2044 4222 2179 4277 alte-

599 4319 721 4358 rum
755 4319 822 4359 ex
849 4306 1027 4361 altero
1057 4319 1482 4379 progeneratum
1521 4313 1773 4367 concedit
1799 4329 1815 4380 ;
1847 4312 2180 4383 diversaeque

600 4401 829 4462 naturae,
855 4408 909 4453 et
939 4399 1103 4469 quasi
1136 4401 1339 4469 spuriae
1376 4416 1525 4469 eum,
1558 4405 1653 4475 qui
1686 4410 1849 4460 natus
1875 4412 1979 4475 est,
2011 4418 2042 4459 a
2076 4419 2177 4460 suo

599 4486 844 4556 genitore
869 4487 1057 4545 efﬁcit.

2203 3348 2246 3407 C-

667 4581 960 4651 Caatcrum,
991 4584 1136 4654 quod
1166 4586 1296 4640 mihi
1347 4595 1476 4643 ante
1512 4589 1696 4644 omnia
1730 4589 1955 4662 dignum
1993 4606 2175 4662 τερενο-
2204 4616 2249 4673 D

2285 2125 2397 2195 τὴρ
2433 2127 2693 2192 πάντων,
2724 2126 2795 2192 ἐξ
2822 2123 2894 2183 οὗ
2935 2127 3008 2181 τὰ
3038 2126 3254 2181 πάντα.
3295 2127 3359 2179 Εἰ
3382 2125 3438 2179 δέ
3468 2144 3520 2179 τι
3546 2126 3635 2180 καὶ
3663 2126 3723 2180 δι’
3751 2128 3840 2181 ἀλ-

2285 2217 2460 2288 λήλων
2504 2218 2744 2287 γίνεται,
2797 2217 2984 2290 ὥσπερ
3028 2220 3060 2290 ἡ
3096 2217 3206 2272 τῶν
3255 2216 3408 2277 ζώων
3455 2217 3679 2285 γένεσις,
3726 2219 3839 2273 οὐδὲ

2284 2308 2440 2362 τοῦτο
2468 2309 2652 2380 ἕτερον
2679 2309 2739 2373 ἐξ
2786 2308 2971 2381 ἐτέρου
3006 2308 3236 2378 γίνεται,
3267 2307 3618 2378 διαμενούσης
3657 2309 3710 2362 ἐν
3735 2312 3841 2371 τοῖς

2284 2399 2677 2471 ἐπιγινομένοις
2701 2400 2800 2471 τῆς
2825 2400 3059 2471 φύσεως.
3090 2400 3215 2464 Πῶς
3229 2395 3322 2454 οὖν
3338 2402 3422 2453 ἐπ’
3438 2400 3648 2464 οὑδενδς
3662 2399 3763 2454 τῶν
3782 2402 3845 2453 ἐν

2282 2493 2348 2562 τῇ
2392 2491 2565 2545 κτίσει
2610 2490 2999 2563 θεωρουμένων
3030 2490 3168 2563 ἔχων
3197 2491 3259 2546 τδ
3284 2491 3522 2547 τοιοῦτον
3544 2493 3845 2561 εἰπεῖν,,ὲπὶ

2281 2585 2379 2655 τῆς
2395 2582 2794 2654 ὑπερκειμένης
2808 2583 2993 2648 οὐσίας
3015 2582 3171 2636 τοῦτο
3191 2584 3607 2648 κατασκευάζει,
3620 2584 3677 2638 τὸ
3690 2583 3844 2656 ἔργον

2283 2668 2420 2724 εἶναι
2459 2670 2556 2743 τὴν
2606 2671 2864 2743 δευτέραν
2914 2672 3014 2743 τῆς
3059 2670 3313 2742 πρώτης,
3370 2673 3464 2727 καὶ
3502 2673 3698 2745 ταύτην
3748 2675 3845 2745 τῆς

2281 2759 2477 2831 ἐφεξῆς
2501 2776 2515 2824 ;
2545 2760 2608 2813 Ei
2632 2759 2690 2814 δὲ
2718 2760 2816 2830 τὴν
2847 2758 3034 2830 ζωώδη
3064 2758 3271 2828 γένεσιν
3301 2761 3575 2832 ἐννοήσας,
3606 2761 3847 2815 ἐντεῦθεν

2282 2850 2591 2922 ἐφαντάσθη
2624 2850 2720 2905 καὶ
2745 2849 2870 2922 περὶ
2895 2851 2992 2921 τῆς
3033 2849 3311 2922 ἀκηράτου
3335 2849 3547 2920 φύσεως
3577 2852 3850 2923 ὁμοιότρο·

2282 2943 2382 2998 πόν
2410 2960 2462 2997 τι
2490 2941 2807 3012 λογίσασθαι
2829 2982 2844 3004 ,
2883 2940 3023 2995 ὥστε
3062 2939 3222 3012 ἔργον
3254 2942 3510 3014 νοηθῆναι
3550 2942 3609 2997 τὸ
3652 2944 3850 3014 ἐφεξῆς

2279 3033 2370 3087 τοῦ
2397 3034 2747 3105 προάγοντος,
2775 3032 2884 3086 οὐδ’
2905 3033 2963 3085 ἐν
2985 3030 3158 3103 τούτῳ
3197 3032 3259 3086 τὸ
3281 3032 3569 3088 ἀκόλουθον
3597 3033 3852 3100 διασώζει

2279 3123 2372 3178 τοῦ
2417 3125 2600 3194 λόγου.
2649 3124 2730 3179 Τά
2776 3124 2887 3196 γάρ
2920 3124 2979 3191 ἐξ
3016 3123 3216 3195 ἐτέρων
3245 3124 3527 3196 γινόμενά,
3564 3126 3852 3199 ὁμοιογενῆ

2280 3216 2496 3281 πάντως
2538 3216 2658 3271 ἐστλ¹
2684 3218 2799 3281 τοῖς
2845 3215 2904 3284 ἐξ
2931 3209 3008 3271 ὧν
3049 3215 3279 3284 γίνεται.
3323 3215 3384 3271 '0
3416 3215 3476 3270 δὲ
3513 3216 3573 3271 τὸ
3616 3216 3764 3283 ξένον
3787 3235 3853 3273 τε

2280 3308 2375 3360 καὶ
2405 3306 2696 3377 ἀλλόφυλον
2729 3309 2841 3371 τοῖς
2882 3306 2950 3361 δι’
2985 3305 3228 3377 ἀλλήλων
3258 3295 3642 3378 γεγενημένοις
3680 3326 3856 3381 προσ-

2283 3401 2581 3471 μαρτυρεῖ,
2632 3398 2719 3452 ἵνα
2760 3398 2908 3471 δείξῃ
2956 3398 3054 3470 τὴν
3098 3398 3415 3468 περιουσίαν
3459 3398 3556 3454 τοῦ
3582 3400 3859 3471 ψεύδους,

2276 3489 2464 3562 ὥσπερ
2495 3488 2665 3554 δεξιὸς
2692 3489 2994 3560 ἀγωνιστὴς
3020 3488 3178 3561 διπλῇ
3218 3492 3284 3562 τῇ
3319 3489 3462 3562 χειρὶ
3485 3488 3701 3561 βάλλειν
3732 3494 3860 3547 ἐπι-

2276 3581 2474 3654 χειρῶν
2519 3581 2617 3653 τὴν
2664 3582 2939 3654 ἀλήθειαν.
2991 3581 3109 3635 Ἵνα
3158 3580 3267 3652 γὰρ
3315 3581 3379 3635 τὸ
3419 3582 3710 3654 ὑφειμένον
3758 3587 3862 3640 καὶ

2277 3674 2417 3729 κατά
2447 3674 2545 3745 τὴν
2576 3673 2812 3746 φυσικὴν
2854 3673 3009 3739 ἀξίαν
3042 3672 3418 3743 ἠλαττωμένον
3452 3673 3547 3728 τοῦ
3595 3673 3731 3729 Υίοῢ
3762 3677 3864 3733 καὶ

2276 3765 2371 3820 τοῦ
2414 3765 2725 3837 Πνεύματος
2753 3765 3014 3836 ἐπιδείξῃ,
3045 3765 3230 3836 ἓτερον
3259 3763 3323 3830 ἐξ
3349 3765 3534 3836 ἐτέρου
3562 3765 3863 3837 γενόμενον

2276 3856 2460 3926 λέγει·
2495 3857 2569 3921 ὡς
2620 3856 2831 3927 μήποτε
2876 3857 2955 3918 είς
2999 3855 3328 3926 οἰκειότητος
3384 3853 3589 3907 ἔννοιαν
3638 3855 3706 3908 ὲκ
3763 3857 3867 3909 τοῦ

2276 3948 2515 4002 τοιούτου
2562 3948 2766 4020 τρόπου
2819 3948 2919 4017 τῆς
2960 3946 3244 4018 ὑπάρξεως
3276 3946 3478 4000 ἔλθοιεν
3546 3946 3596 3999 οἱ
3645 3944 3749 4016 τὴν
3800 3947 3867 4014 ἐξ

2275 4040 2518 4112 ἀλλήλων
2544 4040 2755 4110 γένεσιν
2780 4038 3178 4111 μεμαθηκότες,
3206 4038 3298 4092 καὶ
3331 4036 3479 4109 αὐτῷ
3509 4038 3750 4109 μάχεται
3778 4039 3869 4110 τῷ

2274 4133 2376 4204 τῆς
2404 4132 2617 4202 φύσεως
2644 4132 2806 4203 λόγῳ,
2836 4132 2930 4186 καὶ
2949 4131 3134 4204 ἕτερον
3159 4127 3218 4197 ἐξ
3258 4130 3445 4202 ἐτέρου
3476 4128 3741 4199 γενέσθαι
3767 4130 3867 4184 λέ-

2279 4238 2413 4289 γων,
2456 4223 2550 4276 καὶ
2579 4220 2732 4276 νόθον
2764 4220 2856 4275 τὸν
2901 4220 3286 4291 γεγενημένον,
3333 4220 3409 4285 ὡς
3444 4220 3580 4293 πρὸς
3617 4219 3722 4292 τὴν
3763 4219 3871 4273 τοῦ

2279 4313 2665 4383 γεγεννηκότος
2695 4310 2874 4381 φύσιν,
2906 4309 3355 4381 ἀποφαινόμενος.

2353 4585 2419 4639 *υ
2453 4584 2512 4639 δέ
2559 4602 2648 4655 μοι
2677 4583 2823 4637 δοκεῖ
2862 4582 2968 4654 πρὸ
3005 4581 3207 4637 τούτων
3239 4581 3304 4637 ἄν
3334 4598 3420 4647 τις
3447 4580 3679 4646 εἰκότως
3717 4586 3880 4655 μέμ-

600 4674 863 4731 liensione
906 4676 1143 4742 videtur,
1193 4677 1299 4732 hoc
1351 4687 1437 4735 est
1475 4698 1488 4734 :
1520 4680 1579 4736 Si
1615 4681 1850 4735 aliorum
1898 4681 2172 4751 quispiam

2284 4676 2507 4749 ψασθαι,
2552 4674 2709 4729 τοῦτό
2747 4676 2914 4727 ἐστιν’
2958 4676 3022 4732 Et
3064 4674 3163 4745 μὲν
3204 4674 3313 4728 τῶν
3349 4672 3524 4728 ἄλλων
3570 4690 3662 4737 τις
3695 4668 3771 4746 ἦν
3816 4676 3887 4729 ἐν

598 4764 829 4821 docendi
861 4765 1170 4838 imperitus,
1204 4778 1260 4825 et
1286 4770 1341 4825 in
1383 4770 1471 4826 his
1500 4773 1991 4831 exercitationibus
2020 4774 2174 4831 rudis

596 4864 653 4912 et
711 4856 911 4926 hospes
963 4860 1296 4914 sententiam
1346 4876 1537 4927 suam,
1584 4872 1747 4933 prout
1788 4879 1877 4920 res
1922 4864 2172 4926 tulisset,

596 4948 958 5013 enuntiasset,
1004 4950 1198 5005 merito
1252 4951 1302 5005 ei
1345 4949 1769 5022 ignosceremus,
1793 4955 1939 5025 quod
1984 4955 2177 5024 hujus-

600 5035 744 5090 modi
771 5044 1038 5106 apparatu
1068 5040 1135 5095 ad
1176 5040 1504 5097 stabilienda
1529 5043 1783 5114 dogmata
1818 5058 1954 5100 usus
2005 5051 2171 5099 esset.

597 5128 669 5182 At
686 5143 813 5183 cum
846 5129 948 5186 iste
984 5146 1049 5187 ea
1086 5131 1343 5190 facultate
1380 5136 1601 5205 polleat,
1644 5144 1701 5192 ut
1741 5144 1796 5192 et
1838 5136 1908 5192 ad
1949 5150 2012 5192 ea
2053 5152 2175 5208 qua:

599 5219 761 5291 longe
789 5236 957 5293 supra
993 5232 1246 5279 naturam
1276 5236 1521 5283 nostram
1556 5230 1733 5298 posita
1765 5235 1916 5295 sunt,
1949 5228 2176 5285 investi-

599 5310 778 5381 ganda
827 5314 1249 5385 perspicacitale
1290 5332 1391 5372 sua
1436 5334 1558 5375 sese
1608 5320 1884 5383 extendat,
1936 5334 2173 5391 quonam

602 5399 762 5453 modo
809 5400 1076 5472 ignoravit
1124 5405 1476 5477 principium,
1520 5422 1629 5477 quo
1666 5408 1720 5464 in
1751 5409 1838 5464 bis
1867 5424 2051 5465 rerum
2084 5423 2175 5463 oc-

601 5489 868 5545 cultarnm
935 5494 1415 5565 disquisitionibus
1480 5498 1757 5570 indagatio
1817 5500 2171 5558 instituitur?

674 5665 755 5723 ³³Ι
792 5670 916 5729 Cor.
950 5689 1065 5744 vm,
1089 5674 1144 5729 6.

2275 4767 2500 4839 ἀπειρίᾳ
2514 4765 2607 4819 τοῦ
2626 4765 2803 4835 λέγειν
2823 4763 3048 4836 ἀτριϐὴς
3068 4763 3175 4818 τῶν
3194 4764 3448 4818 τοιούτων
3470 4764 3889 4829 κατασκευῶν,

2276 4858 2368 4912 καὶ
2391 4855 2768 4929 ἀγύμναστος,
2804 4854 2992 4909 ἔπειτα
3021 4853 3082 4907 τὸ
3121 4853 3405 4926 παραστάν
3439 4852 3592 4924 αύτῷ
3624 4852 3788 4908 κατὰ
3818 4854 3898 4908 τὸ

2277 4948 2490 5020 συμϐὰν
2519 4947 2868 5017 ἀπεφαίνετο,
2900 4944 3242 5016 συγγνωστὸς
3289 4945 3355 5000 ἂν
3387 4943 3517 5009 ἴσως
3544 4946 3676 5007 ταῖς
3718 4961 3895 4999 ν;νο-

2280 5037 2569 5108 μισμέναις
2606 5037 2735 5109 περὶ
2775 5036 2978 5089 τούτων
3010 5035 3217 5104 ἐφόδοις
3249 5035 3329 5098 είς
3359 5034 3458 5104 τὴν
3499 5032 3614 5087 τῶν
3646 5033 3899 5104 δογμά-

2269 5146 2376 5182 των
2408 5127 2748 5198 κατασκευὴν
2779 5126 2854 5198 μὴ
2886 5124 3285 5196 συγχρώμενος.
3330 5123 3483 5178 Ἐπεὶ
3509 5124 3565 5178 δέ
3599 5124 3907 5178 τοσοῦτον

2271 5217 2418 5289 αύτῷ
2456 5218 2700 5289 περίεστι
2747 5217 2846 5289 τῆς
2887 5219 2946 5271 ἐν
2999 5216 3173 5289 τούτῳ
3217 5215 3528 5286 δυνάμεως,
3563 5213 3725 5268 ὥστε
3783 5216 3913 5270 καὶ

2271 5312 2350 5373 εἰς
2381 5308 2447 5362 τά
2480 5308 2807 5380 ὑπερέκεινα
2848 5307 2949 5377 τῆς
2993 5306 3206 5376 φύσεως
3234 5306 3392 5376 ἡμῶν
3423 5305 3509 5358 διὰ
3540 5306 3649 5375 τῆς
3697 5322 3913 5359 κατα-

2272 5400 2540 5473 ληπτικῆς
2568 5399 2753 5469 ἐφόδου
2785 5397 3290 5471 ὑπερεκτείνεσθαι,
3326 5395 3444 5461 πῶς
3473 5396 3736 5469 ἠγνόησε
3781 5397 3923 5469 τὴν

2274 5490 2467 5565 ἀρχὴν,
2488 5491 2555 5546 δι’
2576 5486 2643 5563 ἦς
2666 5489 2865 5554 παντὸς
2889 5488 3270 5562 κεκρυμμένου
3294 5487 3626 5560 πράγματος
3658 5488 3731 5544 ἐν
3763 5490 3923 5554 ταῖς
