4008 6210
197 303 302 358 317

1337 281 1615 360 οοΝτιιἈ
1647 301 2033 367 EUNOMIUM,
2079 303 2201 358 LIB.
2246 304 2285 358 ι.

3361 307 3462 360 513

196 416 453 485 λογικαῖς
475 414 690 480 ταύταις
732 417 1129 488 ἐπιχειρήσεσιν
1161 416 1511 486 ἡκατάληψις
1538 417 1745 484 γίνεται
1768 434 1777 482 ;

1889 415 2022 482 Quis
2051 416 2195 470 enim
2231 415 2411 470 nescit
2458 415 2760 470 orationem
2797 431 2864 470 ex
2909 414 3214 470 manifestis
3247 421 3450 486 perspi-

195 505 297 568 Τίς
326 507 436 575 γὰρ
466 506 565 558 ούκ
588 501 749 570 οἶδεν,
775 507 855 560 ὅτι
891 507 998 570 πᾶς
1027 505 1180 574 λόγος
1210 508 1272 559 ἐκ
1296 507 1402 560 τῶν
1443 507 1690 578 φανερῶν
1718 523 1776 558 τε

197 597 296 648 καὶ
341 597 504 648 πᾶσιν
552 597 909 666 ἐγνωσμένων
948 597 1046 659 τὰς
1092 597 1266 668 ἀρχάς
1307 597 1622 668 λαμϐάνων,
1669 602 1780 663 τοῖς

197 686 735 758 ἀμφισϐητουμένοις
776 688 844 741 δι’
882 688 1048 742 αὐτοῦ
1093 689 1288 758 ἐπάγει
1320 691 1416 761 τὴν
1448 691 1648 756 πίστιν,
1686 690 1780 744 κα)⁸

201 784 299 835 οὐκ
321 782 388 835 ἂν
415 783 620 853 ἑτέρως
643 800 696 836 τι
727 783 1098 854 καταληφθείη
1125 785 1235 839 τῶν
1261 786 1678 858 κεκρυμμένων,
1705 785 1780 857 μὴ

201 875 310 928 τῶν
373 875 829 946 ὁμολογουμένων
869 879 1018 948 ἡμᾶς
1073 878 1208 948 πρὸς
1252 879 1352 950 τὴν
1408 879 1516 932 τῶν
1569 880 1780 949 ἀδήλων

200 967 422 1018 σύνεσιν
464 966 984 1036 χειραγωγούντων;
1012 969 1073 1022 Ei
1100 968 1246 1021 δὲτά
1273 970 1330 1022 ἐν
1369 971 1564 1041 ἀρχαῖς
1606 969 1780 1037 λόγων

199 1057 339 1126 πρὸς
366 1056 463 1126 τὴν
481 1057 588 1109 τῶν
606 1058 988 1128 ἀγνοουμένων
1022 1059 1327 1129 φανέρωσιν
1358 1060 1424 1113 λα
1433 1060 1743 1131 μὸανόμενα
1761 1098 1776 1123 ,

197 1149 319 1209 ταῖς
353 1147 464 1200 τῶν
516 1147 724 1200 πολλῶν
755 1148 1054 1218 ὑπολήψεσι
1103 1152 1358 1220 μάχοιτο,
1414 1151 1576 1222 σχολῇ
1626 1151 1678 1218 γ’
1714 1150 1779 1205 ἂν

198 1238 294 1289 καί
322 1237 413 1290 διὰ
448 1236 648 1291 τούτων
682 1238 1020 1310 φανερωθείη
1046 1241 1106 1293 τὸ
1138 1240 1517 1310 ἀγνοούμενον.

266 1458 483 1514 Οὐκοῦν
508 1461 540 1531 ἡ
575 1462 725 1514 πᾶσα
765 1461 910 1533 μάχη
940 1463 1034 1515 καλ⁵
1065 1463 1361 1532 ἀμφιϐολία
1393 1465 1486 1518 τοῦ
1512 1465 1782 1536 δόγματος

195 1554 309 1613 τοῖς
348 1551 858 1620 Ἐκκλησιαστικοῖς
880 1553 1015 1623 πρὸς
1031 1556 1152 1619 τοὺς
1188 1556 1494 1626 Ἀνομοίους
1511 1559 1782 1630 ebriatis-pi

197 1659 254 1692 τε
293 1641 389 1694 τοῦ
421 1642 531 1694 δεῖν
561 1643 593 1714 ἦ
632 1644 847 1696 κτιστὸν
875 1647 1011 1697 νοεῖν
1043 1645 1134 1697 τὸν
1163 1647 1309 1714 Υίὸν,
1341 1649 1434 1702 καὶ
1472 1649 1534 1702 τὸ
1559 1651 1782 1723 Πνεῦμα

203 1735 345 1786 κατά
393 1734 482 1786 τὸν
514 1734 671 1802 λόγον
714 1735 822 1787 τῶν
854 1735 1131 1800 ἐναντίων,
1175 1740 1209 1811 ἢ
1245 1737 1344 1808 τῆς
1378 1740 1632 1794 ἀκτίστου
1681 1742 1782 1810 φύ-

196 1843 358 1891 σεως,
392 1826 576 1890 καθὼς
609 1829 641 1898 ἡ
692 1828 986 1900 Ἐκκλησία
1017 1830 1361 1886 πεπίστευκε.
1395 1826 1560 1896 Οὗτος
1605 1834 1783 1888 τοίνυν

193 1920 329 1971 αὐτὸ
354 1919 418 1971 τὸ
461 1919 612 1990 παρὰ
648 1920 864 1973 πάντων
904 1921 1335 1992 ἀντιλεγόμενον,
1385 1925 1460 1987 ὼς
1492 1926 1784 1995 ὁμολογού-

195 2027 360 2079 μενον
397 2011 780 2078 ἀποφαίνεται.
832 2013 940 2064 Καὶ
963 2013 1216 2083 οὐδεμίαν
1241 2014 1509 2080 ἀπόδειξιν
1547 2015 1783 2086 ἐξευρὼν

187 2100 286 2152 τοῦ
318 2101 482 2169 ἔργον
533 2096 672 2153 εἶναι
705 2101 803 2171 τῆς
845 2102 1190 2173 προαγούσης
1218 2103 1403 2167 οὐσίας
1430 2103 1530 2173 τὴν
1559 2104 1781 2175 ἐφεξῆς.

191 2189 418 2260 θαρσῶν
441 2190 760 2259 δογματίζει
790 2191 850 2244 τὸ
871 2190 1042 2256 οὕτως
1067 2191 1230 2262 ἔχειν,
1273 2193 1372 2246 ούκ
1396 2187 1512 2246 οἴδα
1538 2195 1599 2246 ὲκ
1625 2195 1782 2256 ποίας

191 2280 536 2344 ταιδεύσεως
569 2281 603 2351 ἦ
635 2282 824 2350 σοφίας
853 2281 1010 2334 τοῦτο
1049 2282 1346 2353 θαρσήσας.
1374 2283 1435 2336 Ei
1469 2285 1574 2354 γὰρ
1602 2284 1781 2356 πάσης

187 2374 545 2442 κατασκευῆς
585 2372 680 2425 καὶ
721 2373 1041 2438 ἀποδείξεως
1076 2374 1287 2444 ἄμαχόν
1328 2392 1448 2430 τινα
1479 2377 1572 2428 καὶ
1609 2378 1780 2447 ἀναμ-

195 2464 416 2528 ςίῦολον
456 2463 819 2533 προηγεῖσθαι
870 2464 976 2536 χρὴ
995 2465 1090 2536 τὴν
1135 2465 1456 2535 ὁμολογίαν.
1507 2467 1647 2521 ὥστε
1702 2468 1780 2538 τῷ

190 2553 729 2625 προκατειλημμένῳ
754 2554 816 2608 τὸ
842 2555 1201 2628 ἀγνοούμενον
1219 2558 1338 2620 ταῖς
1366 2555 1452 2610 διὰ
1486 2557 1650 2628 μέσου
1680 2575 1780 2613 κα-

187 2647 494 2706 τασκευαίς
519 2644 734 2708 οἰκείως
754 2651 1158 2722 προσαγόμενον
1190 2646 1627 2714 ἀποδείκνυσθαι,
1659 2651 1688 2702 ὁ
1717 2650 1779 2704 τὺ

188 2732 529 2802 ζητούμενον
579 2731 661 2786 ἔτι
702 2731 782 2796 είς
821 2734 1164 2806 κατασκευὴν
1208 2735 1774 2806 ἑτέρωνπροτείνων,

185 2822 346 2875 οὐδὲν
378 2822 566 2891 ἓτερον
611 2821 642 2892 ἢ
675 2822 740 2875 δι’
783 2823 1003 2890 ἀγνοίας
1049 2825 1289 2892 ἄγνοιαν,
1326 2827 1422 2878 καὶ
1467 2826 1532 2879 δι’
1561 2829 1778 2900 ἀπάτης

183 2912 410 2981 ἀπάτην
439 2911 858 2976 κατασκευάζει.
901 2911 1070 2966 Τοῦτό
1116 2915 1231 2967 ἐστι
1257 2915 1316 2968 τὸ
1344 2915 1542 2984 τυφλοῦ
1577 2919 1776 2986 τυφλὸν

181 3003 388 3074 ὁδηγὸν
432 3003 722 3067 ποιεῖσθαι,
775 3003 959 3068 καθώς
990 3006 1123 3076 φησί
1157 3024 1258 3061 που
1307 3007 1368 3062 τὺ
1402 3007 1772 3079 Εὐαγγέλιον.

189 3096 407 3156 Ὄντως
436 3093 546 3164 γάρ
578 3095 760 3166 τυφλῷ
807 3096 900 3150 καὶ⁴
925 3097 1351 3169 κενεμϐατοῦντι
1387 3101 1463 3173 τῷ
1496 3103 1658 3173 λόγῳ,
1697 3103 1775 3174 τῷ

183 3183 402 3252 κτίσμα
468 3185 562 3236 καὶ
614 3183 822 3255 ποίημα
864 3185 954 3238 τὸν
998 3187 1214 3241 πάντων
1268 3189 1489 3262 κτίστην
1544 3193 1637 3245 καὶ
1685 3193 1778 3264 δη-

185 3274 463 3344 μιουργὸν
509 3271 650 3328 εἶναι
687 3275 930 3343 λέγοντι,
957 3275 1142 3349 ἕτερον
1177 3279 1374 3349 τυφλὸν
1410 3281 1567 3350 λόγον
1597 3299 1776 3352 παρα-

181 3365 517 3434 ζευγνύουσι
541 3405 557 3428 ,
597 3366 658 3419 τὸ
692 3365 971 3438 ἀλλότριον
1012 3364 1150 3422 εἶναι
1181 3373 1248 3441 τῇ
1288 3371 1447 3440 φύσει
1499 3374 1593 3427 καὶ
1638 3376 1778 3428 κατά

179 3459 284 3529 τὴν
323 3458 514 3511 οὐσίαν
546 3457 819 3528 ἀνόμοιον,
863 3459 958 3512 καὶ
987 3460 1163 3530 πάντη
1191 3462 1289 3533 τῆς
1321 3465 1554 3535 φυσικῆς
1583 3465 1778 3520 οἰκειό-

179 3566 356 3620 τητος
373 3549 657 3620 ἀμέτοχον,
678 3549 920 3608 εἶναιτοῦ
949 3551 1161 3623 Πατρὸς
1188 3554 1279 3608 τὸν
1308 3555 1452 3609 Υίόψ
1485 3556 1599 3608 ἀλλ’
1624 3557 1777 3612 οὔπω

184 3642 326 3711 περὶ
355 3641 558 3693 τούτων
579 3658 593 3671 ο
623 3642 683 3695 ὲν
717 3636 799 3706 οἷς
839 3641 950 3714 γάρ
1001 3645 1332 3717 γυμνότερον
1359 3647 1687 3702 ὲκκαλύπτει
1717 3650 1777 3702 τὸ

181 3732 392 3794 ἀσεϐὲς
414 3731 505 3784 τοῦ
537 3734 899 3804 φρονήματος,
925 3737 982 3788 ὲν
1007 3735 1216 3798 τούτοις
1257 3737 1509 3811 εὔκαιρον
1539 3743 1652 3793 ἐστι
1685 3741 1777 3794 καὶ

185 3824 344 3892 ἡμᾶς
379 3822 707 3893 ὑπερθέσθαι
739 3823 838 3893 τῆς
877 3825 1127 3888 ἀσεϐείας
1167 3827 1257 3880 τὸν
1288 3829 1526 3899 ἔλεγχον.
1557 3832 1690 3884 Νυνὶ
1718 3833 1776 3885 δὲ

182 3918 323 3985 ἡμῖν
349 3915 484 3984 πρὸς
507 3915 605 3986 τὴν
633 3915 950 3971 ἀκολουθίαν
975 3917 1084 3972 τῶν
1115 3921 1242 3990 παρ’
1269 3921 1476 3974 ἐκείνου
1504 3923 1776 3993 ῥηθέντων

185 4005 501 4058 ἐπανιτέον.

257 4157 461 4212 Πάλιν
489 4157 560 4211 δὲ
599 4152 678 4214 αὖ
725 4158 991 4229 ἑκάστης
1025 4163 1250 4217 τούτων
1280 4166 1496 4232 οὐσίας
1538 4170 1776 4236 sumpt-

185 4248 356 4312 νοῦς,
377 4249 504 4300 ἀπ]
515 4243 606 4312 ῆς,
621 4249 721 4303 καὶ
737 4249 932 4318 πάντη
947 4252 1088 4321 μιᾶς
1111 4254 1301 4322 οὔσης
1323 4272 1387 4309 τε
1414 4257 1509 4311 καὶ
1533 4262 1776 4328 νοουμέ-

185 4354 302 4403 νης
356 4336 512 4390 κατὰ
551 4338 667 4404 τὴν
696 4338 854 4392 tatur
881 4341 1082 4406 ἀξίαν,
1129 4349 1776 4418 συμπεριτραφομένων

185 4424 256 4478 ι’ἑ
277 4428 406 4493 τοῖς
425 4428 627 4497 ἔργοις
661 4429 778 4483 τῶν
803 4431 1132 4502 ἐνεργειῶν,
1159 4436 1255 4489 καὶ
1286 4437 1404 4490 τῶν
1429 4438 1618 4509 ἔργων
1648 4441 1774 4508 ταῖς

185 4519 306 4573 τῶν
347 4521 779 4589 ἐργασαμένων
815 4524 1137 4594 ἐνεργείαις
1181 4503 1770 4600 ,τταραμετρουιιένων·ἰ
1799 4503 1851 4562 D

181 4609 420 4677 ἀνάγκη
457 4610 655 4676 δήπου
678 4613 864 4678 πᾶσα,
896 4616 991 4669 καὶ
1017 4615 1122 4683 τὰς
1153 4619 1379 4688 ἑκάστῃ
1411 4621 1531 4674 τῶν
1555 4625 1780 4679 οὐσιῶν

182 4701 490 4769 ἑπομένας
517 4703 837 4773 ἐνεργείας,
880 4705 1168 4774 ἐλάττους
1204 4709 1273 4762 δὲ
1309 4712 1405 4764 καὶ
1434 4712 1670 4782 μείζους
1700 4712 1781 4770 εἷν-

180 4809 303 4844 ν-αν
338 4793 444 4846 καὶ
480 4794 588 4857 τὰς
609 4795 726 4862 μὲν
762 4796 1020 4864 πρώτην,
1053 4798 1161 4865 τὰς
1197 4799 1266 4853 δὲ
1293 4801 1579 4871 δευτέραν
1608 4807 1781 4871 τάξιν

181 4887 452 4955 ἐπέχειν.
505 4887 570 4939 Ἦ
608 4887 705 4958 μὲν
743 4889 952 4943 διάνοια
998 4890 1086 4945 διὰ
1139 4893 1352 4948 πάντων
1394 4896 1503 4950 τῶν
1556 4899 1781 4970 εἰρημέ-

178 4997 308 5042 νων,
359 4977 469 5030 κᾶν
525 4979 584 5031 ὲν
633 4979 825 5050 πλήθει
885 4983 1145 5053 ῥημάτων
1204 4985 1352 5056 αύτῷ
1401 4990 1770 5061 συμπεραίνη-

179 5087 291 5132 ται,
328 5071 434 5140 μία
465 5069 605 5137 ἐστὶ,
645 5071 708 5125 τὸ
741 5075 1147 5129 κατασκευάσαι
1179 5079 1448 5150 μηδεμίαν
1478 5084 1772 5152 συνάφειαν

183 5157 319 5213 εἶναι
339 5160 426 5231 τῷ
457 5162 631 5234 Πατρὶ
657 5164 792 5234 πρὸς
817 5165 908 5217 τὸν
935 5166 1084 5230 Υίον,
1111 5168 1144 5239 ἢ
1177 5171 1313 5241 πρὸς
1334 5171 1425 5225 τὸν
1454 5174 1581 5226 Υἱὸν
1613 5175 1772 5230 πάλιν

183 5250 255 5319 τῷ
293 5250 597 5320 Πνεύματι·
627 5253 741 5305 ἀλλ’
774 5254 1101 5325 ἀπεσχίσθαι
1139 5259 1236 5323 τὰς
1259 5260 1444 5326 οὐσίας
1473 5263 1567 5316 ἀπ’
1603 5266 1768 5336 ἀλλή-

184 5341 322 5406 λων,
365 5346 451 5405 είς
494 5344 911 5418 ἀπεξενωμένην
948 5349 1070 5403 τινὰ
1112 5349 1272 5419 φύσιν
1319 5355 1411 5406 καὶ
1454 5355 1769 5426 ἀσύμφυλον

186 5434 575 5505 ἀλλοτριότητα
593 5437 994 5508 διασπωμένας·
1029 5441 1120 5493 καὶ
1147 5443 1207 5494 ού
1232 5443 1404 5515 τούτῳ
1429 5446 1607 5517 μόνον,
1636 5449 1769 5504 ἀλλὰ

187 5529 274 5578 καὶ
313 5526 663 5596 πηλικότητι,
698 5529 790 5581 καὶ
823 5530 1144 5600 ἀξιωμάτων
1172 5535 1359 5603 ὑφέσει
1387 5536 1764 5610 διαφερούσας*

255 5715 300 5740 ιι
347 5709 543 5764 Matth.
578 5727 667 5776 xv2
701 5711 801 5774 id;
836 5711 1046 5778 Luc.vt,
1083 5713 1169 5767 39.

1880 508 2107 575 cuisque
2150 506 2368 560 ductam
2418 506 2712 560 conciliare
2760 505 2919 560 [idem
2967 507 3096 571 illis,
3150 506 3218 562 de
3261 509 3462 578 quibus

1881 598 2212 668 ambigitur:
2254 613 2429 665 neque
2460 597 2512 649 in
2534 596 2900 665 cognitionem
2936 614 3118 652 rerum
3151 600 3458 668 ignotarum

1879 695 1936 744 et
1979 688 2358 742 abstrusarum
2392 702 2494 740 nos
2532 685 2836 755 pervenire,
2867 687 2972 740 nisi
3007 704 3128 757 qua
3144 689 3464 758 plerumque

1880 777 2262 832 conceduntur
2288 785 2342 830 et
2372 775 2764 845 approbantur,
2804 775 2873 828 ad
2907 790 3090 831 rerum
3127 777 3462 831 incertarum

1879 870 2318 940 perspicientiam
2351 884 2452 924 nos
2486 868 2642 938 quasi
2671 883 2837 922 manu
2865 867 3104 921 ducant?
3135 868 3192 921 Si
3229 885 3360 924 vero
3397 884 3462 923 ea

1880 978 2001 1032 qua:
2025 963 2081 1016 in
2114 961 2384 1032 principio
2413 961 2804 1030 disputationis
2850 960 2918 1013 ad
2953 962 3165 1030 ignotas
3196 975 3284 1015 res
3315 960 3460 1013 noti-

1882 1054 2125 1109 ticandas
2172 1052 2545 1116 adhibuimus,
2593 1051 2870 1107 communi
2927 1051 3210 1104 hominum
3275 1050 3464 1105 sensui

1879 1151 2204 1216 repugnent,
2246 1159 2387 1214 aegre
2427 1144 2673 1213 profecto
2713 1144 2786 1208 id,
2839 1143 2984 1213 quod
3026 1143 3084 1197 in
3133 1141 3300 1196 dubio
3342 1158 3464 1197 ver-

1882 1245 2056 1300 satur,
2107 1243 2270 1305 atque
2312 1235 2446 1291 adeo
2482 1237 2700 1306 penitus
2738 1243 2988 1306 negatur,
3048 1235 3155 1291 illis
3203 1233 3462 1290 adhibitis

1881 1325 2284 1397 explanabitur.

1951 1455 2120 1526 Igitur
2150 1460 2330 1516 omnis
2361 1461 2733 1516 controversia
2777 1461 2919 1515 inter
2975 1461 3332 1522 orthodoxos,
3366 1460 3460 1530 qui

1883 1551 2180 1606 Ecclesiam
2237 1562 2562 1621 sequuntur,
2615 1561 2669 1607 et
2712 1552 2855 1606 inter
2908 1553 3202 1607 Anomoeos
3255 1553 3309 1605 in
3359 1554 3460 1605 hoc

1883 1641 2174 1696 consistit:
2215 1649 2398 1695 utrum
2442 1649 2687 1712 oporteat
2731 1641 2925 1696 Filium
2963 1643 3054 1697 Dei
3095 1651 3149 1698 et
3193 1641 3458 1713 Spiritum

1886 1743 2137 1786 sanctum
2194 1748 2482 1788 numerare
2531 1735 2673 1790 inter
2730 1749 2816 1789 res
2872 1743 3108 1798 creatas,
3160 1743 3218 1787 ιιι
3273 1735 3460 1788 volunt

1888 1821 2208 1888 adversarii,
2228 1838 2296 1876 an
2324 1825 2464 1878 inter
2495 1841 2582 1880 res
2608 1825 2903 1890 increatas,
2925 1833 2982 1878 ut
3006 1826 3168 1881 sentit
3195 1825 3456 1880 Ecclesia.

1883 1909 1998 1965 lloc
2044 1911 2212 1980 igitur
2274 1913 2361 1966 cui
2390 1913 2459 1966 ab
2512 1915 2766 1970 omnibus
2817 1916 3234 1979 contradicitur,
3293 1917 3461 1972 sumit

1884 2003 1998 2070 ipse
2028 2013 2284 2073 tanquam
2319 2019 2644 2061 concessum
2675 2007 2744 2061 ab
2781 2007 3076 2072 omnibus;
3109 2008 3276 2061 etiam
3311 2008 3457 2062 nulla

1883 2095 2042 2148 allata
2072 2094 2562 2162 demonstratione,
2591 2099 2733 2168 quod
2767 2100 3033 2168 posterior
3067 2100 3137 2155 sit
3175 2115 3314 2171 opus
3337 2102 3459 2155 sub-

1881 2190 2094 2243 stantiae
2147 2190 2370 2256 prioris,
2432 2190 2766 2246 confidenter
2814 2191 2994 2255 docet,
3053 2207 3166 2247 rem
3216 2193 3288 2246 ita
3338 2206 3460 2248 sese

1883 2279 2104 2347 habere,
2145 2283 2330 2338 nescio
2378 2298 2485 2353 qua
2520 2283 2864 2338 institutione
2916 2291 3009 2337 aut
3053 2283 3345 2353 disciplina
3386 2284 3460 2337 ita

1881 2367 2124 2435 edoctus,
2157 2378 2212 2424 et
2235 2387 2301 2425 eo
2331 2387 2504 2442 usque
2524 2371 2865 2426 conﬁdentia:
2890 2381 3201 2440 provectus.
3233 2371 3289 2427 Si
3317 2374 3459 2427 enim

1882 2459 2028 2511 omni
2089 2460 2397 2528 probationi
2450 2469 2505 2516 et
2567 2461 3021 2517 demonstrationi
3087 2464 3461 2532 praemittenda

1888 2562 2018 2600 sunt
2044 2556 2214 2612 certa,
2253 2551 2607 2622 omniumque
2655 2567 2926 2608 consensu
2976 2555 3350 2616 corroborata,
3403 2562 3461 2606 ιιι

1886 2637 2132 2708 ignotum
2169 2655 2291 2694 cum
2332 2641 2399 2696 iis
2425 2658 2544 2712 qum
2576 2643 2855 2712 prtemissa
2889 2651 3038 2708 sunt,
3084 2653 3207 2714 apte
3247 2652 3300 2698 et
3325 2659 3461 2698 con-

1879 2731 2165 2784 venienter
2185 2746 2490 2786 connexum
2512 2733 2728 2803 patefiat
2745 2742 2798 2788 et
2816 2735 3110 2788 clarescat:
3143 2743 3277 2788 sane
3294 2737 3340 2791 is
3365 2734 3456 2799 qui

1881 2821 2025 2891 quod
2048 2823 2102 2875 in
2133 2824 2432 2893 quastione
2449 2826 2684 2894 positum
2703 2833 2806 2889 est,
2828 2825 2894 2878 ad
2919 2827 3020 2879 alia
3039 2825 3461 2880 demonstranda

1884 2914 2136 2978 asciscit,
2170 2915 2310 2969 nihil
2345 2916 2488 2970 aliud
2521 2933 2682 2987 quam
2725 2918 3084 2988 ignorantiam
3131 2917 3460 2988 ignorantia,

1882 3003 2238 3076 fraudemque
2268 3007 2458 3063 fraude
2488 3010 2749 3064 cumulat.
2776 3007 2890 3063 Hoc
2921 3009 3133 3064 scilicet
3153 3017 3237 3064 est
3257 3024 3460 3063 caecum

1882 3111 2026 3152 caeco
2052 3113 2109 3152 se
2140 3098 2380 3168 praebere
2402 3099 2619 3164 ducem,
2652 3107 2712 3154 ut
2751 3099 2953 3154 alicubi
2993 3099 3345 3170 Evangelium
3376 3100 3459 3153 lo-

1880 3189 2065 3260 quitur
2096 3189 2160 3244 “.
2193 3189 2326 3245 Vere
2367 3191 2512 3245 enim
2552 3206 2698 3246 czeco
2729 3199 2782 3245 et
2829 3192 2988 3261 pleno
3040 3192 3294 3246 vanitatis
3341 3206 3461 3246 ser-

1879 3283 2048 3345 moni,
2074 3283 2166 3353 qui
2192 3283 2436 3338 omnium
2469 3291 2771 3338 creatorem
2821 3294 2874 3339 et
2919 3284 3256 3340 conditorem
3291 3286 3343 3338 in
3375 3301 3460 3340 rc-

1880 3389 2000 3428 rum
2052 3384 2362 3429 creatarum
2409 3384 2462 3430 et
2517 3375 2832 3430 eﬂectarunt
2889 3376 3138 3430 ordinem
3197 3375 3457 3444 conjicit,

1879 3465 2182 3536 adjungunt
2214 3466 2380 3519 alium
2425 3481 2580 3536 aeque
2612 3482 2838 3530 caecum,
2867 3468 3056 3522 aliena:
3077 3468 3327 3523 videlicet
3359 3485 3458 3523 na-

1879 3561 2014 3609 turae
2041 3571 2137 3610 eos
2166 3570 2309 3619 esse,
2341 3563 2397 3612 et
2420 3557 2722 3611 secundum
2756 3558 3117 3613 substantiam
3143 3559 3457 3630 inaequales,

1877 3639 2185 3714 Filiumque
2214 3645 2541 3715 cognatione
2556 3655 2764 3701 natura:
2795 3645 2939 3701 Patri
2967 3649 3117 3702 nullo
3145 3649 3306 3703 modo
3336 3663 3459 3702 con-

1879 3737 2115 3802 sociari;
2146 3737 2240 3793 sed
2275 3736 2341 3792 de
2371 3739 2454 3792 his
2485 3750 2667 3808 postea
2697 3739 3029 3794 viderimus:
3064 3755 3160 3808 par
3181 3741 3323 3794 enim
3349 3751 3456 3804 est,

1879 3836 1937 3882 ut
1979 3843 2099 3897 qua:
2140 3828 2568 3885 manifestiorcm
2627 3846 2738 3900 prae
2783 3847 2841 3886 se
2880 3829 3060 3885 ferunt
3102 3832 3458 3904 impietatem,

1879 3937 1978 3976 nos
2003 3935 2221 3991 quoque
2254 3922 2374 3978 aliis
2407 3923 2540 3978 locis
2580 3923 2884 3992 indaganda
2918 3939 3272 3980 reservemus.
3307 3925 3456 3980 Nunc

1877 4018 1943 4071 ad
1969 4019 2272 4075 orationem
2303 4018 2555 4074 Eunomii
2585 4027 2938 4076 revertamur.

1949 4164 2154 4220 Rursus
2185 4184 2304 4221 vero
2331 4184 2448 4221 cum
2473 4167 2718 4236 quwlibet
2739 4182 2804 4220 ea:
2832 4167 2913 4221 his
2947 4167 3259 4224 substantiis
3285 4180 3335 4225 et
3372 4173 3456 4226 iu-

1877 4258 2571 4331 telligaturpura,simplex,
2601 4267 2651 4311 et
2678 4258 2991 4324 simpliciter
3012 4276 3140 4325 una,
3169 4263 3453 4316 secundum

1875 4351 2138 4418 propriam
2163 4351 2498 4419 dignitatem,
2530 4349 2947 4419 circumscriptis
2971 4360 3149 4406 autem
3187 4356 3452 4423 operatio-

1879 4447 2029 4500 nibus
2073 4462 2164 4516 per
2205 4446 2321 4514 ipsa
2362 4461 2539 4513 opera,
2584 4456 2634 4500 et
2678 4447 2806 4515 ipsis
2845 4449 3083 4516 operibus
3124 4451 3452 4518 operantium

1877 4522 2169 4592 actionibus
2203 4539 2675 4592 commensuratis:
2713 4541 2927 4594 omnino
2971 4553 3176 4595 necesse
3215 4553 3293 4596 est
3327 4560 3452 4613 ope-

1874 4630 2126 4691 rationes,
2192 4644 2310 4699 qua:
2376 4638 2664 4698 sequuntur
2725 4631 3010 4700 quamlibet
3071 4631 3450 4693 substantiam,

1874 4721 2104 4790 majores
2127 4730 2176 4775 et
2224 4722 2452 4775 minores
2500 4739 2633 4787 esse,
2659 4733 2708 4777 et
2764 4723 2886 4777 illas
2937 4723 3142 4793 quidem
3172 4725 3227 4778 in
3255 4726 3449 4794 primo,

1875 4811 1999 4865 illas
2038 4812 2090 4864 in
2134 4812 2362 4865 secundo
2415 4812 2597 4867 ordine
2636 4814 2890 4867 collocari
2923 4816 3123 4869 debere.
3172 4814 3449 4872 Sententia

1875 4903 2118 4958 omnium
2151 4905 2343 4958 horum
2390 4903 2708 4969 verborum,
2748 4906 2871 4961 licet
2905 4907 3061 4961 valde
3102 4908 3269 4960 multa
3319 4907 3450 4971 sint,

1877 5001 1930 5049 et
1962 4995 2344 5060 redundantia,
2383 5012 2488 5050 una
2519 5005 2620 5060 est,
2653 4999 2885 5067 probare
2926 4999 3205 5063 nimirum,
3236 4997 3449 5052 Patrem

1876 5087 2084 5139 nullam
2124 5088 2516 5142 connexionem
2551 5088 2752 5144 habere
2789 5106 2912 5145 cum
2958 5088 3116 5152 Filio,
3149 5105 3452 5160 rursusque

1878 5177 2073 5232 Filium
2099 5194 2222 5233 cum
2261 5179 2466 5250 Spiritu
2510 5192 2719 5248 sancto,
2750 5182 2844 5237 sed
2891 5183 3226 5239 substantias
3266 5197 3294 5235 a
3332 5198 3452 5238 sese

1878 5278 2068 5324 mutuo
2089 5269 2369 5338 sejunctas
2401 5287 2540 5335 esse,
2569 5274 2811 5328 divulsas
2839 5281 2891 5328 et
2934 5273 3246 5338 distractus,
3297 5290 3454 5344 pcre-

1875 5361 2026 5430 grina
2053 5361 2284 5431 quadam
2308 5370 2361 5416 et
2384 5363 2686 5419 insociabili
2719 5373 2929 5419 natura?
2961 5364 3317 5421 diversitate:
3351 5383 3453 5422 nec

1878 5452 1977 5505 hoc
2007 5454 2204 5518 solum,
2229 5454 2322 5508 sed
2357 5464 2409 5510 et
2455 5456 2829 5526 magnitudine
2857 5463 2910 5511 et
2947 5456 3232 5526 dignitatis
3277 5459 3452 5530 impa--

1876 5545 2038 5602 ritate
2069 5545 2291 5613 divisas,
2322 5555 2371 5601 ct
2403 5548 2505 5602 alia
2562 5547 2784 5617 majore,
2827 5549 2929 5603 alia
2965 5548 3196 5618 minore,
3249 5560 3309 5606 ut
3345 5553 3459 5623 ipse
