4008 6210
606 299 710 356 319

1837 299 1895 355 s.
1936 299 2263 357 esseom
2299 282 2589 363 NYSSENI

3750 303 3851 357 3‘20

607 421 771 482 ait,et
813 413 991 488 quoad
1023 413 1124 469 alia
1181 413 1363 470 omnia
1388 419 1615 469 multum
1646 414 1809 470 etiam
1838 416 1981 473 inter
2011 433 2070 473 se
2096 419 2182 474 di-

2284 421 2423 475 ὦστε
2453 422 2549 486 τὰς
2602 421 2698 492 μὲν
2742 417 2992 490 μείζους,
3040 418 3219 482 καθὼς
3268 418 3429 483 αὐτός
3473 435 3625 490 φησι,
3661 419 3756 483 τὰς
3796 422 3851 473 δὲ

607 509 899 563 stantibus.

675 690 785 747 Nos
813 706 963 753 vero,
1010 690 1137 745 licet
1174 691 1359 747 multis
1404 705 1867 761 supervacaneum
1909 692 2179 761 videatur,

607 784 662 838 in
696 784 782 838 his
824 792 933 836 tam
966 783 1219 837 dilucidis
1247 783 1545 845 immorari,
1592 793 1646 837 ct
1683 784 1864 837 omnia
1906 784 2182 854 sigillatim

607 874 848 928 refutare
874 874 1027 938 velle,
1063 889 1184 942 quae
1216 890 1244 927 a
1268 874 1539 945 plerisque
1574 873 1708 930 falsa
1737 883 1788 928 et
1825 876 2181 939 exsecranda,

605 975 660 1018 ct
702 967 902 1019 nullius
942 966 1163 1019 omnino
1210 966 1466 1019 momenti
1513 966 1938 1020 existimentur:
1983 965 2183 1019 nihilo-

605 1058 788 1111 minus
838 1071 906 1110 ne
954 1062 1207 1124 putemur
1255 1062 1479 1123 propter
1526 1055 1762 1124 inopiam
1816 1054 2182 1123 refutationis,

605 1146 809 1215 aliquid
858 1161 1069 1210 eorum,
1118 1159 1238 1214 qua:
1283 1145 1481 1207 attulit,
1535 1144 1796 1198 intactum
1846 1153 1900 1199 et
1953 1133 2186 1216 irreper-

605 1252 827 1291 cussum
855 1238 1152 1307 prmterire,
1176 1252 1275 1306 pro
1301 1237 1511 1292 viribus
1538 1237 1623 1292 his
1649 1237 1835 1292 itidem
1878 1238 2185 1293 rel'ellendis

605 1327 936 1383 insistimus.
957 1327 1131 1381 Dicit:
1156 1326 1585 1397 Unamquamque
1615 1327 1804 1380 harum
1831 1326 2185 1381 substantiam

608 1435 819 1487 puram,
858 1417 1170 1487 simplicem,
1208 1434 1468 1489 unamque
1499 1434 1611 1472 esse
1663 1426 1713 1471 et
1757 1418 2001 1487 intelligi.
2039 1417 2185 1472 Rur-

605 1528 698 1565 sus
726 1511 814 1564 hic
835 1525 898 1564 ea
930 1526 1049 1580 quae
1078 1510 1239 1564 dubia
1277 1517 1424 1576 sunt,
1458 1523 1557 1577 pro
1584 1507 1749 1562 certis
1794 1517 1847 1562 et
1890 1510 2185 1578 compertis

605 1617 910 1666 assumens,
950 1608 1102 1671 putat
1151 1616 1210 1656 se
1257 1600 1462 1669 aliquid
1501 1598 1701 1663 dicere,
1738 1598 1985 1654 suﬂicere
2030 1607 2185 1655 ratus

604 1708 703 1761 pro
753 1692 899 1746 omni
954 1692 1442 1755 demonstratione,
1484 1690 1530 1745 si
1579 1690 1697 1760 ipse
1751 1690 1999 1746 aﬂirmet.
2047 1690 2185 1748 Tres

604 1784 941 1840 substantias
980 1783 1131 1837 dicit.
1173 1782 1288 1837 Hoc
1321 1781 1465 1837 enim
1500 1783 1756 1845 ostendit,
1788 1782 1915 1836 dum
1947 1783 2056 1838 ait:
2088 1799 2180 1837 cu-
2216 1772 2253 1826 Β

595 1875 815 1945 juslibet
852 1889 915 1929 ea:
955 1874 1034 1928 Itis
1073 1874 1408 1928 substantiae.
1448 1872 1635 1944 Neque
1666 1873 1809 1927 enim
1862 1873 1935 1927 ita
1970 1874 2185 1929 locutus

602 1974 771 2032 esset,
801 1965 847 2020 si
884 1980 1045 2018 unam
1090 1965 1478 2022 existimasset.
1515 1966 1572 2021 Si
1615 1968 1781 2037 igitur
1810 1968 1884 2021 ita
1927 1970 2189 2024 substan-

603 2059 800 2111 tiarum
849 2057 989 2112 inter
1034 2073 1091 2112 se
1123 2058 1532 2113 distinctionem
1570 2059 1831 2129 assignat,
1865 2068 1923 2114 ut
1954 2076 2064 2115 non
2100 2062 2186 2114 vi-

600 2149 794 2205 deatur
853 2149 909 2204 in
969 2148 1192 2204 Sabellii
1258 2151 1592 2220 impietatem
1665 2151 1844 2206 delabi
1927 2152 2020 2221 qui
2090 2152 2184 2206 uni

601 2243 849 2312 subjecto
886 2250 998 2297 tres
1026 2243 1474 2297 accommodabat
1512 2244 1943 2313 appellationes;
1988 2261 2183 2301 asseu-

600 2335 769 2387 timur
791 2341 845 2387 et
876 2349 991 2399 nos,
1039 2348 1215 2402 neque
1266 2335 1539 2403 quispiam
1591 2335 1719 2390 huic
1767 2337 2008 2408 dogmati
2053 2353 2187 2393 con-

600 2420 841 2484 tradicit,
873 2420 978 2475 nisi
1020 2419 1164 2491 quod
1196 2422 1328 2476 solis
1377 2423 1711 2487 nominibus,
1746 2433 1798 2479 et
1845 2427 1960 2482 sola
1996 2430 2183 2497 prola-

600 2516 751 2568 tione
800 2512 1067 2568 orationis
1108 2528 1295 2567 errare
1347 2513 1641 2581 videbitur,
1697 2518 2031 2573 substantias
2084 2535 2184 2589 pro

600 2604 986 2674 hypostasibus
1020 2620 1332 2674 usurpans:
1370 2621 1478 2660 non
1506 2606 1674 2670 enim,
1702 2624 1823 2676 qua:
1863 2609 2183 2665 substantia:

599 2696 863 2749 rationem
889 2695 1131 2750 eamdem
1163 2696 1382 2759 habent,
1407 2697 1659 2752 similiter
1689 2701 1850 2753 etiam
1886 2701 1940 2754 in
1972 2703 2183 2758 ratione

601 2783 957 2853 hypostaseos
1006 2784 1372 2848 conveniunt;
1422 2800 1545 2838 nam
1587 2784 1799 2852 Petrus,
1845 2770 2181 2844 Jacobus.et

597 2874 835 2930 Joannes
881 2876 933 2928 in
979 2875 1192 2928 ratione
1241 2875 1559 2930 substantiae
1586 2893 1755 2932 unum
1796 2889 1850 2934 et
1883 2880 2022 2935 idem
2050 2889 2180 2936 sunt

599 2966 742 3019 inter
770 2981 829 3020 se
860 2972 1066 3028 mutuo,
1098 2963 1326 3033 quilibet
1354 2966 1497 3019 enim
1534 2967 1725 3021 horum
1762 2969 1925 3025 homo
1949 2979 2052 3037 est,
2082 2971 2179 3027 sed

598 3056 654 3109 in
685 3054 1104 3125 proprietatibus
1137 3055 1511 3126 hypostaticis,
1563 3058 1785 3114 minime
1819 3061 2173 3119 conveniunt.
2210 3096 2256 3159 ο

597 3145 766 3215 Igitur
788 3143 832 3200 si
862 3144 963 3199 hoc
986 3145 1285 3211 contendit,
1310 3161 1417 3201 non
1442 3161 1565 3202 esse
1591 3147 1898 3206 miscendas
1923 3166 2184 3219 personas

598 3248 694 3287 seu
747 3233 1113 3304 hypostases,
1163 3251 1340 3305 neque
1406 3236 1496 3290 nni
1547 3245 1797 3307 perSona:
1848 3241 2184 3312 adaptandas

600 3334 715 3378 tres
775 3324 1212 3394 appellationes,
1269 3328 1441 3396 ﬁdelis
1507 3328 1688 3393 fuerit,
1735 3331 1891 3400 juxta
1938 3332 2183 3401 Apostoli

598 3415 847 3478 verbum,
892 3432 1085 3480 sermo,
1132 3426 1180 3471 et
1215 3419 1356 3471 onmi
1394 3421 1692 3489 acceptione
1732 3421 1918 3492 dignus
1947 3423 2010 3477 ³⁵.
2044 3422 2182 3490 Quia

599 3520 728 3562 vero
756 3521 865 3561 non
897 3506 1002 3562 huc
1033 3509 1228 3574 tendit,
1275 3525 1453 3580 neque
1494 3514 1656 3566 etiam
1697 3512 1811 3568 haec
1856 3513 2074 3581 asserit,
2127 3526 2183 3573 ut

601 3598 925 3668 bypostases
969 3601 1087 3657 suis
1130 3601 1405 3660 idiomatis
1446 3613 1499 3659 et
1564 3606 1991 3676 pmprietatibus
2050 3623 2077 3660 a
2122 3622 2183 3663 se

602 3696 796 3741 mutuo
838 3698 1129 3759 secernat,
1182 3692 1275 3747 sed
1315 3703 1373 3747 ut
1415 3694 1469 3747 in
1519 3694 1634 3763 ipsa
1689 3704 1884 3751 natura
1936 3698 2181 3768 subjecta

600 3774 971 3835 diversitatem
1004 3780 1072 3834 ab
1108 3780 1235 3846 alia,
1271 3782 1354 3836 vel
1386 3782 1569 3851 potius
1598 3798 1627 3837 a
1660 3785 1837 3855 seipsa
1876 3786 2057 3843 inesse
2078 3789 2185 3849 do-.

599 3879 740 3932 ceat,
778 3878 829 3925 et
860 3870 929 3925 ob
977 3870 1031 3925 id
1079 3872 1279 3928 multas
1328 3872 1667 3930 substantias
1713 3876 1979 3942 nominat,
2023 3880 2178 3948 quasi

599 3956 854 4026 quzelibet
884 3957 1079 4012 collata
1108 3973 1233 4013 cum
1276 3959 1398 4017 aliis
1441 3962 1719 4031 propriam
1769 3965 1966 4020 habeat
2000 3967 2180 4023 diver-

604 4047 860 4101 sitatem:
900 4056 1184 4117 propterea
1219 4048 1344 4104 dico
1400 4052 1702 4107 orationem
1736 4054 1881 4109 illius
1911 4056 2180 4127 principio

601 4147 655 4193 et
680 4141 856 4209 capite
888 4140 1201 4195 destitutam
1237 4157 1377 4209 esse,
1425 4157 1547 4198 cum
1592 4145 1791 4201 seriem
1827 4147 2181 4218 blasphemiae

602 4244 715 4283 sua:
746 4243 856 4283 non
904 4244 968 4284 ex
1018 4236 1300 4288 concessis
1346 4241 1401 4288 et
1444 4233 1609 4289 certis
1649 4244 1930 4305 pertexere
1967 4246 2176 4308 pergat.

602 4316 786 4389 Neque
836 4320 981 4374 enim
1022 4323 1270 4391 probatio
1316 4324 1464 4381 illius
1520 4325 1607 4397 ita
1642 4327 1909 4399 instructa
1949 4338 2064 4395 est,
2119 4339 2180 4385 ut

601 4409 724 4477 quis
759 4424 852 4478 per
893 4408 1038 4465 illam
1077 4411 1145 4466 ad
1192 4414 1598 4481 persuasionem
1637 4417 1823 4473 induci
1855 4420 2050 4488 possit,
2081 4423 2175 4478 sed
2207 4439 2251 4495 ι)

602 4495 800 4550 nudam
823 4504 877 4551 et
940 4500 1130 4554 exilem
1162 4501 1452 4570 impietatis
1486 4506 1877 4574 expositionem
1920 4511 2179 4578 continet,

601 4588 745 4642 sicut
780 4588 833 4643 in
867 4590 1063 4645 somnii
1101 4591 1335 4660 alicujus
1374 4597 1710 4652 narratione.
1753 4597 1887 4653 Nam
1919 4616 2041 4656 cum
2073 4601 2177 4658 Ec-

600 4679 765 4735 clesia
794 4680 984 4735 doceat
1016 4680 1173 4736 tidem
1209 4682 1433 4738 minime
1462 4685 1817 4743 scindendam
1845 4698 1899 4745 et
1927 4690 2176 4748 dividen-

599 4769 724 4823 dam
772 4771 824 4823 in
863 4771 1223 4840 pluralitatem
1269 4773 1720 4843 substantiarum,
1764 4779 1859 4834 sed
1895 4781 1950 4834 in
1998 4782 2175 4839 tribus

600 4862 850 4929 personis
881 4872 933 4915 et
968 4861 1353 4931 hypostasibus
1381 4866 1515 4920 nihil
1550 4870 1851 4925 secundum
1879 4874 2173 4929 essentiam

599 4950 916 5006 ditl‘erentiae
974 4951 1304 5007 credendum
1366 4970 1523 5012 esse:
1582 4959 1880 5016 adversarii
1932 4979 2061 5020 vero
2116 4966 2172 5020 in

600 5041 733 5110 ipsis
779 5040 1094 5098 substantiis
1135 5045 1453 5101 varietatem
1495 5057 1547 5104 et
1593 5051 2014 5122 inaequalitatem
2057 5062 2172 5109 sta-

601 5139 779 5188 tuant;
824 5132 923 5187 iste
966 5131 1042 5199 id,
1093 5136 1236 5203 quod
1287 5139 1433 5193 nulla
1480 5141 1689 5198 ratione
1738 5144 2171 5201 demonstratum

599 5229 705 5287 est,
758 5228 850 5276 aut
898 5222 1265 5281 demonstrari
1326 5238 1523 5299 potest,
1580 5233 1858 5303 audacter,
1910 5245 2170 5307 tanquam

594 5312 706 5381 .jnm
740 5314 1046 5382 probatum,
1078 5317 1281 5386 profert
1304 5327 1357 5373 et
1401 5323 1743 5389 pronuntiat,
1779 5341 1902 5380 cum
1945 5325 2083 5381 forte
2118 5325 2171 5380 id

602 5419 879 5473 nunquam
936 5408 1167 5462 antehac
1214 5423 1336 5463 cum
1375 5412 1484 5466 ullo
1525 5415 1833 5470 mortalium
1868 5418 2172 5471 communi-

600 5500 814 5559 casset;
843 5494 1043 5565 alioqui
1073 5497 1139 5551 ab
1176 5498 1264 5564 iis,
1309 5500 1401 5569 qui
1436 5510 1579 5557 recte
1619 5511 1671 5559 et
1724 5502 1891 5574 probe
1936 5504 2172 5560 instituti

706 5663 751 5696 ³⁸
786 5667 966 5725 lTim.
1001 5687 1039 5737 ι,
1076 5671 1165 5729 15.

2290 513 2619 585 μικροτέρας
2656 511 2920 575 νοεῖσθαι,
2965 511 3058 563 καὶ
3090 511 3230 564 κατὰ
3254 511 3321 565 τὰ
3358 511 3518 566 λοιπά
3557 514 3732 567 πάντα
3758 516 3853 586 τήν

2289 603 2644 674 παραλλαγὴν
2672 602 2834 672 ἔχειν.

2370 693 2557 762 Ἡμεῖς
2583 692 2640 744 δὲ
2672 693 2775 745 κᾶν
2808 691 3056 762 περιττὸν
3084 694 3196 755 τοῖς
3229 691 3441 757 πολλοῖς
3467 689 3606 747 εἶναι
3635 695 3761 766 δοκῇ
3796 697 3855 748 τὸ

2287 787 2399 845 τοῖς
2424 782 2708 853 προδήλοις
2735 782 3102 852 ἑνδιατρίὸειν,
3131 784 3225 836 καὶ
3248 783 3317 836 τὰ
3355 785 3475 838 καθ’
3506 786 3731 838 ἑκαστον
3779 786 3857 838 διο

2291 874 2531 944 ελέγχειν
2580 874 2902 945 πειρᾶσθαι,
2929 874 3028 927 ὅσα
3056 876 3205 946 παρὰ
3242 878 3354 937 τοῖς
3382 876 3592 939 πολλοῖς
3634 876 3856 929 αὐτόθεν

2290 965 2476 1036 ψευδῆ,
2513 966 2606 1019 καὶ
2636 964 2914 1035 βδελυκτά,
2946 967 3037 1019 καὶ
3071 967 3324 1036 οὐδεμίαν
3352 969 3501 1037 ίσχύν
3528 968 3668 1037 ἔχειν
3706 968 3854 1038 νομίο

2292 1051 2462 1115 ζεται,
2495 1053 2643 1121 ὅμως
2674 1052 2812 1123 ὑπὲρ
2835 1050 2928 1104 τοῦ
2959 1051 3033 1122 μή
3060 1052 3234 1104 δοκεῖν
3260 1052 3327 1105 δι’
3360 1053 3592 1123 ἀπορίαν
3620 1053 3854 1123 ἐλέγχων

2293 1146 2644 1211 ἀνεξέταστόν
2667 1162 2718 1198 τι
2751 1147 2997 1216 παρορᾷν
3030 1144 3138 1197 τῶν
3172 1145 3299 1216 παρ’
3329 1146 3536 1198 ἑκείνου
3561 1145 3850 1216 ῥηθέντων,

2292 1238 2434 1292 κατά
2462 1238 2689 1307 δύναμιν
2718 1238 2811 1291 καὶ
2837 1236 3045 1300 τούτοις
3077 1238 3509 1307 ἑπελευσόμεθα.
3556 1238 3853 1306 Ἐκάο-την

2293 1330 2425 1401 φησι
2453 1331 2676 1383 τούτων
2695 1328 2913 1382 οὐσίαν
2943 1327 3253 1396 ειὶικρινῆ,
3280 1329 3507 1398 ἁπλῆν,
3538 1332 3636 1383 καί
3659 1331 3849 1398 πάντη

2286 1423 2433 1491 μίαν
2454 1418 2608 1475 εἶναι’
2629 1437 2692 1473 τε
2716 1419 2810 1473 καὶ
2842 1418 3105 1472 νοεῖσθαι
3142 1424 3292 1473 κατὰ
3327 1419 3441 1489 τὴν
3478 1419 3632 1473 ἰδίαν
3651 1420 3849 1482 ἀξίαν,

2294 1513 2450 1567 πάλιν
2477 1510 2705 1565 ἐνταῦθα
2738 1510 2813 1573 ὡς
2850 1508 3250 1579 ὁμολογούμενα
3291 1511 3358 1562 τά
3412 1509 3855 1579 ἀμφιϐαλλόμενα

2293 1584 2721 1675 προτεινόμενος,
2735 1600 2901 1654 οἴεταί
2924 1618 2976 1652 τι
2994 1601 3189 1669 λέγειν,
3203 1600 3322 1653 ἀντὶ
3337 1599 3515 1670 πάσης
3533 1600 3856 1665 ἀποδείξειοτς

2293 1696 2539 1765 ἐξαρκεῖν
2556 1694 2787 1764 νομίζων
2802 1692 2863 1744 τὸ
2890 1693 3047 1756 αὐτὸς
3069 1692 3463 1762 ἀποφήνασθαι.
3486 1693 3644 1762 Τρεῖς
3670 1693 3855 1756 οὐσίας

2286 1784 2434 1854 φησί.
2457 1782 2625 1835 Τοῦτο
2641 1782 2750 1852 γὰρ
2770 1780 3096 1835 ἐνδείκνυται
3113 1779 3189 1851 τῷ
3211 1781 3402 1841 εἰπεῖν,
3419 1777 3706 1844 Ἑκάστης
3730 1781 3857 1831 τοὺ·

2286 1892 2403 1929 των
2420 1875 2655 1939 οὐσίας.
2692 1872 2824 1925 Οὐδὲ
2856 1871 2961 1942 γὰρ
2987 1870 3052 1924 ἂν
3070 1870 3239 1934 οὐτως
3266 1864 3439 1925 εἶπεν.
3470 1870 3516 1921 εί
3547 1870 3673 1939 μίαν
3693 1868 3857 1938 ᾤετο-

2287 1965 2348 2017 Εί
2378 1964 2476 2034 μὲν
2503 1957 2594 2017 οὖν
2626 1961 2766 2015 οὕτω
2797 1961 2942 2028 λέγει
2965 1960 3061 2031 τὴν
3082 1959 3188 2012 τῶν
3229 1958 3426 2013 οὐσιῶν
3460 1958 3592 2029 πῷς
3620 1958 3856 2028 ἀλλήλας

2284 2054 2564 2126 διαφορὰν,
2597 2054 2671 2117 ὡς
2726 2052 2799 2124 μὴ
2840 2052 3013 2105 δοκεῖν
3056 2054 3122 2121 τῇ
3169 2050 3391 2121 ἀσεϐείᾳ
3424 2049 3516 2102 τοῦ
3565 2048 3854 2102 Σαϐελλέου

2287 2141 2675 2214 συμφέρεσθαι,
2701 2142 2780 2195 ἑνὶ
2808 2140 2883 2210 τῷ
2909 2139 3251 2210 ὑποκειμένῳ
3280 2142 3426 2210 τρεῖς
3452 2139 3855 2209 ἑφαρμόζοντος

2288 2234 2675 2306 προσηγορίας,
2704 2233 2797 2286 καὶ
2828 2234 2986 2303 ἡμεῖς
3026 2230 3401 2301 συντιθέμεθω
3430 2232 3522 2284 καὶ
3548 2231 3719 2293 οὐδεὶς
3745 2232 3858 2283 τῶν

2284 2324 2643 2381 εὐσεϐούντων
2668 2324 2936 2390 ἀντιλέγει
2966 2322 3042 2393 τῷ
3069 2323 3318 2393 δόγματι·
3355 2321 3491 2392 πλὴν
3520 2323 3642 2375 ὅσον
3674 2323 3858 2391 μόνοις

2281 2418 2394 2480 τοῖς
2433 2416 2655 2487 ὀνόμασι
2694 2417 2785 2469 καὶ
2829 2418 2896 2486 τῇ
2928 2416 3175 2485 προφορᾷ
3201 2412 3294 2466 τοῦ
3320 2413 3476 2482 λόγου
3519 2412 3858 2482 πλημμελεῖν

2282 2508 2429 2561 δοκεῖ
2471 2507 2654 2570 οὐσίας
2710 2506 2830 2559 ἀντὶ
2870 2505 3219 2559 ὑποστάσεων
3269 2503 3563 2574 ὀνομάζων.
3623 2504 3698 2556 Οὐ
3749 2503 3857 2576 γὰρ

2282 2596 2380 2649 ὅσα
2404 2595 2494 2649 τὸν
2521 2596 2620 2665 τῆς
2655 2594 2839 2658 οὐσίας
2866 2594 3021 2663 λόγον
3053 2594 3144 2646 τὸν
3170 2593 3330 2646 αὐτὸν
3360 2593 3470 2662 ἔχει
3489 2633 3504 2656 ,
3533 2593 3734 2663 ὁμοίως
3761 2596 3860 2647 καὶ

2281 2685 2374 2738 ἑπλ¹
2405 2688 2470 2756 τῇ
2516 2685 2808 2738 ὑποστάσει
2839 2687 2905 2755 τῇ
2934 2684 3184 2737 ἀποδόσει
3216 2683 3308 2737 τοῦ
3339 2683 3496 2751 λόγου
3539 2685 3862 2754 συνενεχθή-

2284 2788 2452 2824 σεται.
2494 2772 2698 2843 Πετρὸς
2731 2772 2839 2841 γὰρ
2871 2774 2965 2825 καὶ
3002 2771 3216 2837 Ἰακὼϐ,
3250 2773 3343 2825 καὶ
3381 2772 3637 2843 Ἰωάννης
3663 2774 3719 2825 ἑν
3758 2774 3862 2843 μὲν

2280 2861 2357 2933 τῷ
2385 2862 2525 2933 λόγῳ
2556 2862 2653 2934 τῆς
2679 2863 2865 2925 οὐσίας
2888 2902 2903 2928 ,
2932 2863 2982 2916 oi
3010 2862 3163 2915 αὐτοὶ
3190 2857 3329 2932 ἦσαν
3351 2861 3598 2932 ἀλλήλοις
3627 2864 3865 2935 (ἀνθρω-

2283 2970 2380 3017 πος
2416 2955 2523 3024 γάρ
2552 2953 2751 3007 τούτων
2795 2954 3064 3025 ἕκαστος),
3096 2955 3154 3006 ἑν
3200 2952 3257 3006 δὲ
3303 2955 3415 3016 τοῖς
3466 2952 3714 3022 ίδιὼμασι
3755 2956 3861 3026 τῆς

2285 3047 2513 3099 ἑκάστου
2568 3044 2745 3099 αὐτῶν
2804 3044 3190 3110 ὑποστάσεως,
3238 3042 3484 3115 ἀλλήλοις
3526 3044 3588 3096 οὐ
3628 3046 3866 3113 συνεφέ-

2289 3153 2460 3207 ροντο.
2495 3135 2700 3189 Οὐκοῦν
2732 3138 2780 3189 εί
2822 3136 2919 3205 μὲν
2940 3132 3098 3188 τοῦτο
3137 3133 3524 3198 κατεσκεύαζε,
3546 3134 3605 3187 τὸ
3647 3136 3721 3206 μὴ
3745 3136 3866 3189 δεῖν

2286 3226 2476 3297 φύρειν
2521 3226 2619 3287 τὰς
2648 3224 2995 3287 ὑποστάσεις,
3028 3224 3120 3277 καὶ
3160 3223 3240 3276 ἑνὶ
3274 3223 3545 3294 προσώπῳ
3581 3223 3677 3287 τὰς
3704 3228 3865 3295 τρεῖς

2284 3314 2613 3386 ἐφαρμόζειν
2651 3314 3056 3386 προσηγορίας,
3110 3314 3324 3379 πιστὸς
3352 3314 3418 3369 ἂν
3450 3309 3538 3385 ἦν,
3577 3315 3719 3368 κατά
3755 3317 3869 3387 τὴν

2281 3405 2375 3457 τοῦ
2409 3405 2725 3460 Ἀποστόλου
2761 3406 3087 3477 μαρτυρίαν,
3123 3409 3157 3459 ό
3186 3406 3367 3476 λόγος
3394 3404 3571 3470 αὐτῷ,
3611 3406 3707 3460 καὶ
3744 3406 3870 3460 πά-

2281 3509 2399 3564 σης
2415 3495 2718 3565 ἀποδοχῆς
2739 3497 2925 3562 ἄξιος.
2969 3496 3120 3549 Ἐπεὶ
3138 3495 3194 3549 δὲ
3219 3497 3278 3549 οὐ
3302 3497 3435 3567 πρὸς
3463 3496 3617 3550 τοῦτο
3645 3496 3868 3567 βλέπει,

2280 3587 2399 3639 οὐδὲ
2426 3588 2527 3652 τὰς
2556 3588 2881 3652 ὑποστάσεις
2920 3588 3013 3641 ἀπ’
3042 3585 3284 3656 ἀλλήλων
3312 3588 3422 3650 τοῖς
3455 3586 3872 3658 ἑπιθεωρουμὲ-

2281 3694 2391 3743 νοις
2421 3678 2670 3749 ίδιώμασι
2685 3678 2989 3750 διακρίνων,
3021 3677 3193 3731 ταῦτά
3221 3695 3404 3747 φησιν,
3432 3677 3545 3731 ἀλλ’
3564 3678 3734 3749 αὐτὴν
3756 3679 3872 3750 τὴν

2281 3769 2645 3842 ὑποκειμένην
2673 3770 2860 3822 οὐσίαν
2884 3767 3176 3840 ἀλλοτρίως
3201 3768 3336 3840 πρὸς
3355 3767 3451 3839 τὴν
3477 3769 3686 3838 ἑτέραν,
3720 3769 3873 3838 μᾶλ-

2278 3861 2368 3917 λον
2393 3863 2448 3915 δὲ
2474 3862 2612 3934 πρὸς
2639 3861 2838 3931 ἑαυτὴν
2860 3859 3001 3930 ἔχειν
3025 3860 3439 3925 κατασκευάζει,
3470 3860 3563 3911 καὶ
3582 3858 3671 3912 διὰ
3694 3859 3874 3915 τοῦτο

2281 3954 2478 4017 πολλὰς
2499 3953 2686 4015 οὐσίας
2701 3950 2973 4023 ὀνομάζει,
3000 3949 3075 4013 ὡς
3104 3950 3337 4020 ἑκάστης
3368 3948 3671 4011 ἰδιάζουσαν
3697 3951 3873 4019 ἑχούο

2281 4063 2380 4117 σης
2402 4043 2524 4098 τινὰ
2548 4043 2645 4115 τὴν
2683 4040 2819 4111 πρὸς
2848 4039 2947 4102 τὰς
2973 4025 3139 4102 ἄλλας
3161 4038 3565 4110 ἀλλοτριότητα,
3590 4038 3676 4091 διὰ
3695 4039 3875 4094 τοῦτό

2280 4155 2421 4209 φημι
2463 4135 2695 4205 ἄναρχον
2740 4130 2888 4202 αὐτῷ
2928 4131 3021 4185 καὶ⁸
3059 4130 3329 4200 ἀκέφαλον
3372 4126 3513 4183 εἶναι
3546 4130 3636 4183 τὸν
3668 4130 3872 4198 λόγον,

2280 4228 2387 4282 ἀπὸ
2418 4226 2628 4289 οὐδενὸς
2656 4223 3081 4296 ὁμολογουμένου
3102 4263 3116 4287 ,
3146 4221 3285 4275 κατά
3313 4220 3373 4274 τὸ
3410 4221 3720 4286 ἀκόλουθον,
3754 4223 3875 4293 τὴν

2280 4318 2625 4391 βλασφημίαν
2669 4313 3162 4377 κατασκευάζοντα.
3213 4314 3285 4367 Οὐ
3321 4312 3430 4384 γὰρ
3469 4313 3616 4376 ὅπως
3657 4313 3723 4366 ἄν
3767 4331 3875 4379 τις

2281 4409 2611 4483 προσαχθείη
2653 4410 2717 4479 τῇ
2747 4406 2966 4477 τοιαύτῃ
3009 4405 3103 4458 τοῦ
3138 4404 3404 4476 δόγματος
3437 4404 3720 4475 ὑπολήψει,
3759 4423 3876 4460 κα-

2279 4501 2545 4572 τασκευὴν
2589 4500 2721 4571 ἔχει’
2774 4499 2887 4552 ἀλλ’
2930 4496 3118 4569 ὥσπερ
3161 4498 3247 4551 ἐπ’
3275 4498 3481 4569 ὀνείρου
3522 4498 3875 4569 διηγήσεως,

2277 4591 2434 4664 ψιλὴν
2468 4592 2562 4645 καὶ
2602 4590 2972 4645 ἀκατάσκευον
2998 4588 3313 4665 ἐμπεριέχει
3343 4587 3440 4658 τῆς
3470 4588 3724 4652 ἀσεϐείας
3752 4592 3882 4662 τὴν

2278 4686 2508 4738 ἔκθεσιν.
2543 4683 2654 4753 Τῆς
2678 4682 2786 4752 γὰρ
2820 4680 3139 4749 Ἑκκλησίας
3167 4679 3630 4751 δογματιζούσης,
3667 4681 3743 4751 μὴ
3771 4684 3883 4746 εἰς

2276 4775 2478 4846 πλῆθος
2513 4774 2712 4827 οὐσιῶν
2750 4773 3046 4843 διασχίζειν
3089 4772 3186 4844 τὴν
3217 4773 3416 4836 πίστιν,
3445 4773 3561 4826 ἀλλ’
3596 4775 3659 4837 ἑν
3699 4780 3884 4844 τρισὶ

2275 4865 2583 4939 προσώποις
2614 4866 2706 4919 καὶ
2757 4864 3083 4919 ὑποστάσεσι
3129 4865 3397 4936 μηδεμίαν
3448 4864 3547 4934 τὴν
3596 4865 3743 4918 κατά
3800 4868 3884 4919 τὸ

2277 4955 2414 5013 εἶναι
2446 4956 2705 5028 διαφορὰν
2735 4956 3028 5018 πιστεύειν,
3059 4956 3165 5009 τῶν
3198 4956 3253 5027 δὲ
3279 4954 3533 5008 ἐναντίων
3573 4955 3630 5008 ἑν
3658 4955 3885 5021 αὐταῖς

2276 5052 2395 5114 ταῖς
2419 5049 2628 5111 οὐσίαις
2667 5048 2765 5121 τὴν
2801 5044 3173 5118 παραλλαγὴν,
3220 5046 3313 5099 καὶ
3358 5045 3457 5116 τὴν
3488 5045 3886 5117 ἀνομοιότητα.

2274 5142 2589 5213 τιθεμένων,
2614 5133 2767 5202 οὗτος
2794 5138 2853 5191 τὸ
2883 5135 3069 5207 μηδενὶ
3089 5136 3249 5205 λόγῳ,
3284 5137 3418 5206 μήτε
3443 5133 3669 5205 δειχθὲν,
3703 5136 3833 5206 μήτ
3850 5156 3886 5191 ε

2274 5233 2546 5303 δειχθῆναι
2573 5230 2884 5300 δυνάμενον,
2929 5227 3004 5290 ὡς
3051 5225 3686 5298 προκατεσκευασμένον,
3717 5225 3847 5297 θαρ

2278 5325 2387 5377 σῶν
2406 5323 2781 5392 ἀποφαίνεται,
2807 5321 2944 5390 τάχα
2970 5319 3179 5373 οὐδέπω
3201 5319 3292 5373 καὶ
3324 5319 3417 5373 νῦν
3444 5321 3521 5383 είς
3543 5319 3888 5374 ἀκουόντων

2275 5409 2389 5468 ὦτα
2420 5413 2673 5482 λαλήσας.
2703 5406 2779 5463 Ἦ
2810 5412 2917 5481 γὰρ
2942 5409 3007 5463 ἂν
3038 5409 3284 5481 ἐδιδάχθη
3317 5408 3452 5481 πρὸς
3479 5408 3584 5462 τῶν
3610 5410 3889 5476 συνετῶς

2279 5503 2663 5578 ἀκροωμένων,
2712 5502 2794 5556 ὅτι
2837 5503 2943 5565 πᾶς
2986 5500 3140 5572 λόγος
3180 5502 3285 5565 ἕως
3333 5502 3399 5557 ἀν
3444 5501 3562 5555 κατ’
3600 5500 3889 5567 ἐξουσίαν
