4008 6210
164 290 235 346 521
1329 289 1605 347 CONTRA
1644 288 2034 355 EUNOMIUM,
2079 288 2205 342 LIB.
2242 290 2265 343 l

3270 292 3376 346 5'29.

164 408 510 472 ἀναπόδεικτος
554 408 825 479 φέρηται,
866 408 926 462 τὸ
969 409 1275 479 λεγόμενον,
1328 410 1511 480 γραῶν
1543 401 1701 471 ὕθλος

1813 420 1949 472 sunt,
2013 408 2313 471 didicisset,
2372 420 2586 461 onmem
2643 414 2965 472 orationem,
3020 407 3263 477 quandtu
3312 428 3378 466 ex

161 502 304 560 ἐστιν,
338 498 584 568 οὐδεμίαν
612 500 765 568 ἰσχὺν
793 498 933 570 ἔχων
962 501 1093 570 πρὸς
1116 500 1176 554 τὸ
1206 501 1374 565 δεῖξαι
1416 501 1479 554 δι’
1508 498 1700 553 ἑαυτοῦ

162 590 205 641 τὸ
237 589 573 658 ζητούμενον·
626 590 754 645 ὅταν
803 591 1041 661 μηδεμία
1082 592 1410 662 συνηγορία,
1461 593 1597 663 μήτε
1639 595 1703 645 ὲκ

161 679 244 731 τῶν
282 678 439 733 θείων
486 679 701 747 φωνῶν,
757 681 895 752 μήτε
940 683 1002 734 ὲκ
1040 680 1313 751 λογισμῶν
1351 680 1703 750 ἀνθρωπίνων

163 773 240 832 τοῖς
286 770 603 841 λεγομένοις
656 772 950 842 ὲπάγηται.
992 774 1098 826 Καὶ
1145 772 1314 825 ταῦτα
1350 772 1448 851 μὲν
1496 772 1575 834 είς
1619 787 1706 824 το-

163 878 335 915 τουτον.

222 1131 400 1202 Ἡμεῖς
417 1132 475 1186 δὲ
491 1133 557 1186 τὰ
572 1133 838 1203 εἰρημένα
860 1133 1275 1205 διασκεψώμεθα
1288 1179 1301 1193 .
1326 1137 1373 1190 Ἀ
1383 1137 1547 1207 πλῆν
1557 1134 1709 1193 εἶναι

160 1226 229 1277 ml
257 1224 458 1294 πάντη
470 1228 619 1294 μίαν
640 1229 773 1296 φησὶ
797 1228 1020 1280 τούτων
1035 1227 1303 1296 ἑκάστην
1323 1228 1440 1283 τῶν
1461 1233 1706 1298 οὐσιῶν,

154 1319 203 1379 Et;
215 1316 280 1386 τῷ
300 1317 450 1386 λόγῳ
471 1316 877 1371 ἀνετυπώσατο.
898 1319 1057 1372 Ἀλλά
1075 1320 1133 1373 τὸ
1153 1322 1250 1390 μὲν
1266 1320 1440 1391 ἁπλῆν
1457 1318 1594 1376 εἶναι
1613 1322 1708 1394 τὴν

155 1408 273 1460 Θείαν
289 1426 354 1461 τε
379 1407 476 1460 κού⁵
511 1410 808 1481 μακαρίαν,
837 1412 927 1464 καὶ
958 1411 1134 1465 πάντα
1159 1412 1281 1465 νοῦν
1311 1413 1710 1486 ὑπεραίρουσαν

153 1499 301 1567 φύσιν,
320 1501 449 1553 οὐδὲ
464 1502 587 1564 τοὺς
602 1502 739 1570 ἄγαν
760 1503 1067 1573 κτηνώδεις,
1085 1507 1177 1560 καὶ
1187 1507 1472 1570 ταπεινοὺς
1485 1507 1582 1579 τὴν
1600 1508 1712 1562 διά-

153 1608 268 1643 νοιαν
293 1591 603 1659 ἀντιλέγειν
636 1593 881 1663 οἰόμεθα.
909 1594 1019 1663 Τὴν
1051 1596 1158 1665 γὰρ
1174 1596 1323 1667 ἀειδῆ
1349 1614 1408 1649 τε
1431 1598 1521 1650 καὶ
1543 1600 1711 1669 ἀσχη-

154 1683 389 1751 μέτιστον
408 1683 765 1755 πηλικότητός
791 1703 850 1738 τε
873 1686 1069 1757 πάσης,
1094 1687 1303 1758 καὶτῆς
1323 1691 1379 1741 ὲν
1394 1689 1470 1759 τῷ
1495 1689 1709 1759 μεγέθει

1808 515 1955 555 mera
1979 499 2228 561 libidine,
2255 505 2309 553 et
2337 498 2455 553 sine
2481 494 2587 550 ulla
2616 498 2934 567 probatione
2962 496 3228 565 effutitur,
3258 518 3382 557 esse

1805 590 1949 660 quod
1976 590 2085 645 diei
2120 590 2280 651 solet,
2325 604 2501 659 nugas
2529 588 2721 652 aniles,
2759 597 2815 643 et
2853 605 3040 659 gerras
3068 607 3377 660 germanas.

1806 682 2012 736 nullius
2057 696 2284 751 prorsus
2336 680 2593 735 momenti
2638 686 2693 734 et
2738 679 2995 735 efficacia:
3041 684 3107 734 ad
3152 682 3382 736 demon-

1807 774 2092 829 strandum
2132 774 2208 838 id,
2245 773 2387 843 quod
2433 787 2530 842 per
2566 786 2684 826 eam
2718 773 3003 841 quaeritur,
3037 775 3256 842 quando
3294 775 3378 828 vi-

1806 864 2000 921 delicet
2026 865 2162 919 nihil
2197 865 2524 920 ﬁrmamenti
2556 879 2730 934 neque
2777 880 2842 919 ex
2877 879 3034 917 saera
3072 863 3376 935 Scriptura,

1806 972 1981 1025 neque
2002 973 2066 1010 ex
2097 956 2605 1011 ratiocinationibus
2630 955 2853 1026 humani
2886 954 3109 1024 ingenii,
3142 956 3230 1023 iis,
3260 973 3380 1027 qu:e

1807 1056 2148 1113 asseruntur,
2180 1049 2409 1103 accedit.
2440 1048 2504 1102 Et
2540 1049 2653 1102 lucc
2690 1047 2911 1117 quidem
2947 1049 3233 1104 hactenus.

1877 1140 1988 1196 Nos
2031 1156 2161 1195 vero
2195 1141 2360 1195 verba
2380 1139 2634 1195 Eunomii
2665 1141 3033 1194 excutiamus.
3075 1139 3380 1210 Simplicem

1808 1248 1917 1285 esse
1944 1240 1993 1285 et
2023 1232 2163 1285 omni
2211 1231 2363 1287 modo
2403 1248 2563 1285 unam
2597 1230 2878 1301 quamlibet
2919 1231 3107 1284 harum
3132 1232 3381 1288 substan-

1812 1325 2006 1376 tiarum
2033 1323 2264 1377 allirmat
2297 1340 2310 1377 :
2347 1334 2484 1393 qnas
2518 1324 2767 1378 oratione
2813 1339 2912 1377 sua
2946 1326 3234 1394 expressit.
3266 1327 3379 1380 Cae-

1809 1423 1985 1469 terum
2038 1415 2344 1484 simplicem
2388 1430 2510 1469 esse
2557 1413 2798 1468 divinam
2831 1415 2979 1468 illam
3037 1423 3090 1471 et
3138 1417 3375 1479 beatam,

1810 1506 2176 1574 omnibusque
2194 1504 2691 1574 supereminentem
2712 1512 2960 1558 naturam
2982 1548 2997 1572 ,
3026 1521 3199 1576 neque
3223 1523 3382 1577 agre-

1811 1605 1923 1651 stes
1964 1596 2258 1650 admodum
2289 1603 2343 1650 et
2403 1597 2624 1651 hebetes
2673 1592 2893 1666 ingenio
2928 1607 3221 1667 negaturos
3259 1615 3382 1654 esse

1814 1695 1967 1757 puto.
2005 1686 2291 1752 Quomodo
2332 1688 2477 1742 enim
2516 1689 2641 1757 quis
2676 1696 2927 1742 naturam
2983 1690 3129 1743 illam
3178 1692 3379 1761 speciei

152 1775 427 1846 ποσὸτητος
457 1779 898 1848 κεχωρισμένην,
932 1779 1046 1843 πῶς
1079 1780 1144 1834 ἄν
1197 1798 1280 1843 τις
1322 1781 1574 1852 πολυειδῆ
1615 1782 1710 1835 καὶ

1813 1789 1865 1835 et
1905 1780 2200 1850 figurarum
2251 1779 2531 1834 varietatis
2563 1791 2860 1849 expertem,
2902 1788 2955 1834 et
2990 1782 3135 1835 omni
3163 1786 3381 1852 quanti-

153 1866 387 1920 σύνθετον
420 1868 723 1933 ύπολάὸοω
784 1871 904 1923 Ὀτι
932 1871 988 1923 δὲ
1027 1873 1088 1925 οὐ
1124 1872 1408 1942 συμϐαίνει
1457 1873 1534 1942 τῷ
1578 1875 1708 1946 παρ’

152 1956 299 2011 αὐτῶν
365 1959 892 2029 κατασκευαζομένῳ
942 1960 1190 2030 δόγματι,
1244 1963 1304 2016 τὸ
1342 1963 1518 2033 ἁπλῆν
1569 1960 1708 2017 εἶναι

150 2046 227 2117 τὴν
254 2049 665 2119 ὑπερκειμένην
698 2050 887 2105 οὐσίαν
915 2050 1140 2119 οἴεσθαι,
1194 2052 1295 2107 κᾶν
1327 2053 1402 2124 τῷ
1444 2055 1587 2125 λόγῳ
1615 2072 1710 2125 χα-

153 2139 531 2207 ριεντίζωνται,
580 2142 812 2212 φανερὸν
856 2141 1007 2196 ἕσται
1039 2142 1114 2213 τῷ
1149 2144 1243 2197 καὶ
1272 2145 1463 2216 μικρὸν
1485 2148 1711 2218 ἐπιστή-

153 2249 297 2287 σαντι.
324 2235 432 2297 Τίς
461 2233 572 2306 γὰρ
595 2236 695 2289 οὐκ
743 2231 883 2289 οἶδεν
912 2237 993 2290 ὅτι
1026 2238 1166 2292 κατὰ
1202 2238 1292 2291 τὸν
1326 2239 1454 2293 ἴδιον
1490 2239 1645 2308 λόγον
1674 2242 1707 2312 ή

151 2323 374 2395 ἁπλότης
411 2327 506 2379 ἐπὶ
537 2327 637 2394 τῆς
672 2327 835 2393 ἁγίας
867 2327 1094 2398 Τριάδος
1128 2330 1187 2382 τὸ
1241 2329 1441 2399 μᾶλλον
1512 2333 1605 2384 καὶ
1649 2333 1709 2385 τὸ

149 2404 283 2481 ἦττον
308 2411 418 2465 οὐκ
456 2412 806 2483 ἐπιδέχεται;
852 2415 983 2486 Περὶ
1018 2417 1085 2487 ἣν
1121 2418 1228 2489 γὰρ
1265 2420 1365 2472 οὐκ
1415 2421 1530 2473 ἐστι
1564 2422 1708 2491 μίξιν

150 2504 251 2557 τινὰ.
274 2508 587 2576 ποιοτήτων
646 2508 737 2561 καὶ
766 2509 1069 2581 συνδρομὴν
1095 2512 1364 2583 ἐννοῆσαι,
1392 2514 1505 2568 ἀλλ’
1528 2516 1708 2588 ἀμερῆ

149 2612 265 2659 τινα,
294 2600 390 2651 καὶ
426 2598 723 2651 ἀσύνθετον
753 2598 979 2670 δύναμιν
1007 2601 1413 2674 καταλαμϐάνει
1442 2607 1474 2676 ἡ
1511 2606 1705 2672 ἔννοια,

149 2688 247 2751 πῶς
271 2690 329 2740 iv
353 2708 449 2753 τις
486 2691 581 2743 καὶ
610 2691 750 2743 κατὰ
777 2691 897 2744 τίνα
925 2692 1080 2762 λόγον
1103 2695 1201 2765 τὴν
1231 2696 1379 2767 παρὰ
1410 2697 1471 2751 τὸ
1504 2697 1707 2763 πλεῖον,

150 2780 227 2830 καὶ
240 2781 293 2832 τί)
306 2782 534 2835 ἔλαττον
550 2783 811 2855 διαφορὰν
823 2803 962 2839 κατα
970 2787 1129 2856 μάθοι
1144 2806 1158 2853 ;
1185 2788 1420 2860 Ἀνάγκη
1435 2789 1543 2862 γὰρ
1562 2791 1709 2843 πᾶσα

146 2870 223 2922 τὶν
237 2873 621 2943 παρηλλάχθαι
632 2875 803 2929 ταῦτα
820 2877 1206 2948 διοριζόμενον,
1229 2881 1529 2950 ποιοτήτων
1549 2881 1709 2935 τινῶν

149 2958 445 3027 ἐμπτώσεις
482 2964 611 3034 περὶ
657 2964 719 3018 τὸ
764 2966 1119 3037 ὑποκείμενον
1160 2969 1357 3021 ἐννοεῖν
1385 2986 1398 2999 °
1450 2971 1568 3041 ἦτοι
1602 2971 1711 3043 γὰρ

146 3054 252 3107 καθ’
279 3056 596 3128 ὑπερϐολὴν
616 3060 710 3111 καὶ
737 3058 1030 3114 ἐλάττωσιν
1054 3061 1114 3114 τὸ
1133 3061 1386 3134 διάφορον
1416 3063 1473 3115 ὲν
1497 3063 1706 3129 τούτοις
1737 3088 1779 3146 c

150 3145 349 3213 ἐπινοῇ,
389 3149 494 3202 καὶ
522 3149 610 3202 διὰ
642 3150 834 3204 τούτου
859 3152 959 3223 τὴν
998 3154 1096 3224 τῆς
1125 3153 1482 3225 πηλικότητος
1505 3154 1712 3210 ἔννοιαν

148 3240 412 3311 ἐπεισάγει
425 3241 506 3312 τῷ
520 3242 854 3314 ζητουμένῳ,
867 3244 899 3313 ἣ
913 3246 1050 3299 κατὰ
1060 3246 1118 3298 τὸ
1130 3245 1349 3314 ἀγαθὸν,
1363 3246 1457 3299 καὶ
1471 3247 1711 3310 δυνατὸν,

150 3335 228 3385 n‘:
248 3335 530 3403 σοφὸν,κα”δ
552 3337 606 3389 εί
622 3353 676 3388 τι
700 3335 830 3407 ἄλλο
851 3334 976 3405 περὶ
990 3338 1051 3393 τὸ
1071 3335 1222 3391 Θεῖον
1235 3338 1473 3402 εὐσεϐῶς
1494 3341 1711 3403 νοεῖται,

148 3425 474 3491 πλεονάζειν,
497 3428 530 3496 ἦ
559 3427 956 3496 ύποὸεδηκέναι
990 3429 1392 3494 κατασκευάζει
1410 3446 1422 3459 ·
1457 3432 1551 3484 καὶ
1573 3430 1716 3484 οὕτω

147 3514 222 3563 τὶν
248 3516 347 3585 τῆς
390 3516 701 3579 συνθέσεως
724 3516 880 3585 λόγον
914 3516 974 3570 ού
1013 3517 1379 3587 διαφεύξεται.
1411 3520 1574 3573 Οὐδὲν
1606 3519 1713 3593 γὰρ

145 3600 367 3667 ἐλλιπῶς
402 3605 548 3658 κατὰ
592 3604 803 3674 σοφίαν,
836 3606 869 3675 ἦ
904 3604 1207 3678 δύναμιν,ἢ
1242 3609 1360 3661 κατ’
1382 3607 1508 3661 ἄλλο
1535 3625 1588 3660 τι
1607 3608 1715 3661 τῶν

146 3692 351 3758 ἀγαθῶν
374 3697 513 3765 ἔχει,
550 3692 596 3764 ᾧ
629 3698 704 3768 μὴ
734 3698 1024 3771 ἐπίκτητόν
1058 3702 1171 3754 ἐστι
1221 3699 1282 3753 τὸ
1317 3699 1549 3768 ἀγαθόν’
1599 3700 1713 3753 ἀλλ’

142 3784 265 3839 αὐτὸ
309 3789 451 3845 καθὸ
492 3788 610 3843 bri.
654 3790 894 3844 τοιοῦτον
943 3791 1206 3862 πέφυκεν.
1263 3793 1423 3845 Ὥστε
1469 3795 1497 3846 ὁ
1541 3792 1713 3861 λέγων

142 3875 388 3943 ἐλάττους
413 3897 475 3932 τε
510 3881 607 3934 καὶ
648 3882 868 3951 μείζους
900 3885 956 3936 ὲν
996 3887 1061 3955 τῇ
1093 3883 1213 3955 θεία
1252 3883 1409 3954 φύσει
1438 3884 1715 3955 καταλαμ-

146 3966 316 4021 ίὲνειν
346 3972 451 4034 τὰς
498 3972 706 4037 οὐσίας,
744 3974 964 4045 λέληθεν
1008 3977 1199 4030 ἑαυτὸν
1237 3976 1488 4032 σύνθετον
1509 3977 1567 4045 ἐξ
1593 3978 1715 4032 ἀνο-

145 4061 303 4126 μοίων
329 4065 765 4129 κατασκευάζων
796 4067 855 4119 τὸ
885 4068 1055 4121 Θεῖον’
1104 4068 1179 4133 ὡς
1203 4069 1329 4124 ἄλλο
1361 4070 1459 4140 μέν
1487 4088 1541 4123 τι
1573 4073 1713 4124 νοεῖν

144 4146 353 4207 εἶναιτὸ
386 4156 750 4225 ὑποκείμενον
777 4176 789 4186 υ
845 4158 1027 4230 ἕτερον
1052 4160 1107 4213 δὲ
1133 4161 1292 4215 πάλιν
1323 4161 1384 4215 τὸ
1416 4162 1715 4233 μετεχόμε-

142 4260 217 4293 νει
244 4262 257 4273 ⁸
296 4240 363 4303 οὗ
396 4248 544 4301 κατὰ
580 4249 867 4317 μετουσίαν
899 4253 956 4303 ἐν
987 4250 1067 4322 τῷ
1089 4252 1280 4323 ἀγαθῷ
1297 4254 1615 4317 γίνεται,“τδ
1640 4253 1714 4324 μὴ

142 4335 371 4389 τοιοῦτον
401 4339 487 4394 ὃν.
553 4339 620 4393 Ei.
660 4340 717 4393 δὲ
767 4341 978 4411 ἀληθῶς
1005 4343 1182 4413 ἁπλῆν
1260 4346 1356 4397 καὶ
1385 4345 1559 4414 πάντη
1587 4345 1715 4413 μίαν

1810 1879 1948 1934 tate,
1986 1887 2107 1940 qua:
2144 1871 2198 1924 in
2235 1871 2608 1940 magnitudine
2638 1870 2855 1934 visitur,
2893 1879 3220 1939 separatam,
3268 1889 3384 1928 ere-

1809 1959 1899 2014 dal
1924 1974 2044 2015 esse
2067 1958 2451 2014 multiformem
2476 1968 2528 2012 et
2548 1961 2911 2029 compositam
2937 1959 3012 2030 (α)
3029 1963 3052 2013 ?
3072 1960 3225 2026 Quod
3251 1980 3381 2018 vero

1804 2052 1960 2120 juxta
1994 2052 2190 2123 dogma
2245 2052 2311 2106 ab
2363 2051 2485 2105 istis
2523 2052 2815 2106 confictum
2872 2053 3122 2123 sublimis
3162 2055 3278 2119 illa,
3326 2066 3382 2109 et

1811 2159 1975 2214 super
2015 2145 2242 2198 aliarum
2302 2159 2482 2198 rerum
2532 2135 2781 2198 ordinem
2837 2144 3012 2213 posita
3071 2146 3379 2203 substantia

1809 2236 2039 2305 simplex
2072 2250 2181 2289 non
2220 2237 2289 2289 sit
2323 2236 2471 2304 (licet
2495 2235 2737 2304 alioquin
2766 2236 2943 2291 verbis
2996 2238 3218 2307 pulchre
3246 2240 3382 2294 sim-

1809 2327 2111 2397 plicitatem
2157 2325 2633 2397 asserant),facile
2684 2326 3070 2396 deprehendet,
3128 2330 3381 2401 quisquis

1810 2420 2090 2488 paululum
2142 2429 2377 2473 mentem
2430 2418 2715 2472 advertere
2761 2420 3010 2474 voluerit.
3065 2420 3200 2475 Nam
3254 2424 3383 2492 quis

1810 2511 2046 2580 ignorat,
2098 2511 2244 2580 quod
2307 2509 2631 2580 simplicitas
2684 2511 2984 2565 secundum
3055 2527 3211 2567 suam
3257 2530 3383 2583 pro-
3429 2570 3442 2584 δ

1809 2599 1982 2667 priam
2028 2600 2295 2672 rationem~
2343 2599 2398 2651 in
2426 2598 2774 2652 sanctissima
2807 2598 3073 2655 Trinitate
3098 2603 3380 2659 remissio—

1810 2704 1933 2743 nem
1968 2696 2023 2743 et
2053 2690 2414 2745 intensionem
2452 2704 2561 2743 non
2592 2689 2857 2759 recipiat?
2886 2690 2940 2744 in
2968 2706 3074 2761 qua
3104 2692 3250 2747 enim
3284 2710 3377 2748 ua-

1811 2792 1932 2835 tura
1975 2782 2285 2836 mistionem
2317 2788 2372 2835 et
2409 2795 2741 2835 concursum
2778 2780 3101 2850 qualitatum
3138 2783 3382 2840 invenire

1811 2890 1920 2928 non
1978 2883 2082 2937 est,
2149 2874 2282 2943 quin
2336 2874 2517 2943 potius
2576 2874 2630 2927 in
2702 2890 2808 2944 qua
2862 2874 3268 2945 itnpartibiletn,
3329 2888 3383 2933 ct

1810 2965 2226 3033 compositionis
2285 2964 2447 3034 plane
2492 2975 2770 3034 expertem
2828 2963 3146 3020 facultatem
3198 2969 3383 3021 animo

1812 3055 2150 3124 concipimus
2186 3073 2199 3110 :
2238 3054 2512 3125 quomodo
2554 3054 2683 3124 quis
2730 3054 3061 3111 intensionis
3090 3067 3145 3112 et
3189 3058 3384 3112 remis-

1815 3144 1988 3199 sionis
2027 3145 2402 3199 diversitatem
2450 3145 2637 3213 aliquo
2678 3144 2840 3200 modo
2873 3148 3199 3217 cogitatione
3235 3164 3384 3204 eom~

1815 3237 2122 3309 plectetur?
2146 3238 2382 3294 Necesse
2404 3238 2550 3292 enim
2569 3246 2674 3304 est,
2695 3247 2755 3292 ut
2792 3238 2859 3303 is,
2890 3241 2984 3310 qui
3019 3241 3381 3298 diﬂ'erentiam

1815 3328 1870 3381 in
1910 3328 1994 3385 his
2035 3330 2253 3395 statuit,
2306 3330 2630 3400 qualitatum
2656 3333 3019 3401 quarumdam
3071 3334 3383 3390 confluxum

1814 3421 1959 3476 circa
2008 3422 2319 3489 subjectum
2350 3422 2652 3487 concedat;
2687 3424 2813 3494 quia
2846 3413 2928 3478 vel
2954 3442 3048 3495 per
3073 3442 3381 3492 excessum,

1814 3514 1898 3567 vel
1948 3530 2044 3583 per
2089 3515 2361 3570 defectum
2403 3514 2764 3571 differentiam
2806 3517 2861 3572 in
2911 3518 2995 3573 his
3039 3521 3381 3589 considerat;

1814 3613 1867 3658 et
1897 3621 1992 3674 per
2028 3607 2131 3661 hoc
2159 3608 2487 3677 quantitatis
2521 3609 2789 3663 rationem
2825 3610 2898 3673 ei,
2924 3612 3068 3678 quod
3100 3614 3382 3681 quaeritur,

1813 3697 2229 3766 superindueit;
2270 3699 2354 3754 vel
2391 3700 2445 3753 in
2487 3700 2749 3761 bonitate.
2787 3702 3050 3770 potentia,
3091 3705 3383 3771 sapientia,

1814 3787 1899 3843 vel
1953 3788 1999 3843 si
2047 3787 2179 3857 quid
2227 3788 2378 3842 aliud
2424 3788 2479 3841 in
2520 3788 2704 3843 divina
2750 3796 2946 3843 natura
2995 3789 3178 3845 inesse
3222 3808 3385 3860 posse

1815 3879 2108 3949 cogitatur,
2134 3879 2579 3944 redundantiam,
2598 3881 2681 3934 vel
2697 3880 3129 3937 imminutionem
3149 3885 3380 3951 astruit;

1814 3978 1869 4025 et
1922 3972 2003 4025 sic
2036 3972 2460 4041 compositionis
2506 3973 2770 4027 rationem
2812 3987 2920 4027 non
2961 3974 3219 4041 evitabit;
3257 3992 3387 4030 nam

1817 4062 2162 4131 sapientiam,
2208 4063 2504 4132 potentiam
2533 4072 2587 4117 et
2621 4062 2786 4130 hujus
2817 4063 3033 4131 generis
3077 4064 3187 4118 alia
3223 4066 3383 4128 bona,

1816 4152 1936 4208 sine
1977 4151 2359 4206 imminutione
2398 4168 2462 4206 ac
2508 4151 2720 4205 defectu
2781 4152 3022 4219 possidet
3068 4155 3143 4221 id,
3171 4157 3258 4210 cui
3292 4158 3386 4212 bo-

1818 4259 1949 4297 num
1979 4259 2090 4297 non
2123 4250 2207 4298 est
2240 4242 2633 4306 adventitium;
2692 4242 2786 4295 sed
2844 4241 3026 4311 ipsum
3066 4248 3228 4315 quale
3281 4260 3383 4314 est,

1817 4334 1926 4390 tale
1973 4343 2170 4388 natura
2217 4349 2316 4388 sua
2369 4339 2472 4387 est.
2519 4329 2708 4400 Itaque
2765 4332 2858 4402 qui
2901 4338 3101 4390 asserit
3152 4338 3387 4407 majores

138 4428 323 4481 ὶνενὸει
353 4431 462 4501 τὴν
486 4432 696 4495 οὐσίαν,
719 4434 849 4487 αὐτὸ
874 4435 1012 4506 ὅπερ
1040 4435 1187 4489 ἐστὶν
1207 4434 1411 4503 ἀγαθὸν
1433 4429 1617 4499 οὖσαν,
1647 4435 1708 4488 ού

1824 4434 1876 4481 et
1926 4425 2169 4480 minores
2220 4439 2343 4479 esse
2396 4424 2449 4477 in
2486 4423 2671 4479 divina
2713 4436 2909 4480 natura
2945 4427 3304 4491 substantias.
3344 4432 3390 4486 is

140 4522 427 4594 γινομένην
469 4524 531 4589 ἐξ
572 4526 931 4596 ὲπικτήσεως,
973 4527 1072 4579 οὐκ
1100 4527 1166 4580 ἂν
1206 4527 1268 4579 τὸ
1298 4526 1503 4597 μεῖξον,
1529 4528 1623 4581 καί
1653 4527 1714 4580 τὸ

138 4607 349 4665 ἔλαττον
379 4616 517 4685 περὶ
535 4615 707 4679 αὐτὴν
731 4615 1019 4684 ἐλογίζετο.
1047 4616 1246 4688 Εἴρητο
1268 4618 1375 4687 γὰρ
1398 4619 1491 4671 καὶ
1516 4619 1576 4670 ὲν
1600 4620 1714 4681 τοῖς

137 4698 469 4773 ἱμεροσθεν,
497 4706 585 4758 ὅτι
622 4708 761 4779 μόνῃ
783 4709 850 4776 τῇ
876 4706 970 4760 τοῦ
995 4706 1165 4760 κακοῦ
1190 4707 1458 4778 παρουσίᾳ
1484 4708 1552 4761 τὰ
1574 4709 1636 4776 ἀγ
1648 4724 1711 4760 α-

130 4789 194 4846 Ξὰ
229 4798 771 4869 κατασμικρύνεται.
811 4799 926 4868 Ἐφ’
947 4792 1020 4852 ὧν
1041 4798 1097 4852 δὲ
1126 4800 1159 4869 ἡ
1189 4799 1348 4867 φύσις
1367 4798 1712 4860 ἁνεπίδεκτός

132 4883 235 4935 ἐπι
261 4886 365 4939 τοῦ
399 4888 673 4959 χείρονος,
708 4889 832 4957 ὅρος
863 4888 965 4941 οὐκ
999 4888 1286 4940 ἐπινοεῖται
1310 4886 1410 4956 τῆς
1440 4884 1709 4955 ἀγαθότη-

130 4989 207 5037 τος
233 4996 245 5005 ·
272 4979 343 5031 τὸ
373 4980 441 5033 δὲ
473 4980 746 5051 ἀόριστον,
778 4979 840 5034 οὐ
862 4984 927 5051 τῇ
960 4978 1095 5051 πρὸς
1120 4978 1305 5050 ἕτερον
1337 4977 1517 5049 σχέσει
1540 4977 1713 5031 τοιού-

131 5070 209 5118 τίιτ
226 5072 411 5133 ἐστιν,
426 5071 688 5125 ἀλλάύτὺ
706 5071 767 5124 τὸ
785 5070 907 5124 καθ’
937 5070 1098 5123 ἑαυτὸ
1131 5070 1438 5141 νοούμενον,
1455 5069 1710 5139 ἐκφεύγει

132 5162 207 5212 τὶν
226 5165 363 5235 ερον
386 5182 401 5193 ·
444 5164 670 5235 ἄπειρον
692 5165 749 5218 δὲ
779 5163 1028 5235 ἀπείρου,
1058 5162 1218 5217 πλέον
1245 5162 1337 5216 καὶ
1371 5162 1587 5217 ἔλαττον
1617 5162 1711 5214 λέ-

134 5267 255 5316 ῒῖιυ.
284 5258 399 5308 οὐκ
426 5251 547 5307 οἶδα
575 5256 650 5319 ὡς
672 5254 1051 5322 λελογισμένον
1085 5251 1410 5323 συνθήσεται
1434 5266 1445 5278 ⁸
1497 5252 1633 5306 ὥστε
1662 5252 1710 5303 εἰ

134 5342 289 5419 ἁπλῆν
311 5349 586 5418 ὁμολογεῖ
606 5347 706 5416 τὴν
725 5347 1127 5417 ὑπερκειμένην
1151 5343 1359 5406 οὐσίαν,
1380 5341 1474 5396 καὶ
1498 5342 1710 5406 οἰκείως

132 5436 257 5503 ἔχειν
304 5442 502 5510 αὑτὴν
547 5440 684 5512 πρὸς
728 5439 949 5509 ἑαυτὴν,
995 5434 1320 5490 συνειθίσθω
1363 5437 1429 5506 τῇ
1466 5432 1608 5487 κατὰ
1652 5435 1714 5487 τὸ

129 5528 343 5598 ἁπλοῦν,
362 5532 478 5589 καὶ
495 5531 716 5604 ἄπειρον
737 5530 991 5600 κοινωνίᾳ
1014 5527 1442 5599 συναπτομένην.
1467 5526 1529 5579 Et
1556 5526 1610 5579 δὲ
1631 5526 1711 5580 δι-

1816 4517 2138 4588 imprudens
2171 4517 2416 4571 divinum
2449 4532 2652 4572 numen
2683 4534 2748 4571 ex
2784 4518 3143 4589 inmqualibus
3165 4537 3388 4592 compo-

1814 4612 1981 4666 situm
2003 4610 2188 4676 etlicit,
2212 4616 2271 4664 ut
2299 4609 2445 4663 aliud
2471 4609 2856 4680 concipiamus
2900 4625 3023 4667 esse
3053 4612 3385 4682 subjectum,

1815 4701 1964 4757 aliud
2000 4716 2133 4756 vero
2166 4701 2243 4765 id,
2275 4699 2420 4770 quod
2460 4702 2820 4771 partieipatur
2855 4720 2868 4755 :
2906 4702 3064 4771 cujus
3086 4705 3386 4760 secundum

1818 4793 2371 4849 communicationem
2417 4792 2472 4846 in
2528 4792 2671 4848 bono
2720 4791 2815 4846 fiat
2855 4792 2931 4857 id,
2986 4794 3131 4863 quod
3164 4811 3272 4850 non
3302 4805 3386 4851 est

1818 4884 1946 4939 tale.
1981 4882 2138 4948 Quod
2174 4883 2219 4938 si
2248 4898 2372 4937 vere
2403 4882 2705 4950 simplicem
2737 4882 2996 4951 omnique
3030 4884 3193 4940 modo
3224 4901 3386 4940 unam

1818 4975 2188 5031 existimasset
2244 4974 2643 5039 substantiam,
2711 4974 2991 5043 ipsamque
3053 4975 3217 5029 sicuti
3270 4986 3384 5040 est,

1817 5064 2141 5126 bonitatem,
2173 5078 2281 5118 non
2323 5079 2387 5117 ex
2426 5062 2794 5131 acquisitione
2820 5061 3083 5118 bonitatis
3110 5064 3384 5133 ejusmodi

1818 5150 2018 5207 factam
2040 5168 2163 5207 esse
2195 5151 2545 5214 credidisset,
2568 5148 2996 5221 haudquaquam
3022 5154 3386 5209 intensionem

1816 5252 1869 5299 et
1905 5244 2284 5299 remissionem
2319 5242 2373 5296 in
2413 5258 2478 5297 ea
2520 5244 2842 5308 statuisset;
2888 5259 3015 5297 nam
3048 5245 3201 5312 prius
3247 5261 3380 5315 q-uo-

1816 5353 1924 5408 que
1967 5336 2208 5392 diximus
2254 5336 2427 5392 solam
2460 5335 2588 5390 m‘ali
2623 5336 2971 5406 przesentiam
3019 5336 3161 5391 bona
3207 5338 3389 5394 immi-

1817 5449 2008 5489 nuere.
2056 5433 2113 5488 In
2167 5431 2254 5486 his
2304 5440 2509 5493 autem,
2548 5444 2784 5500 quorum
2847 5438 3045 5485 natura
3100 5430 3388 5489 deterioris

1818 5542 1927 5580 non
1966 5534 2050 5582 est
2097 5539 2292 5595 capax,
2325 5539 2434 5579 non
2480 5523 2607 5579 licet
2654 5521 2949 5603 terminum
2985 5521 3245 5581 bonitatis
3270 5524 3388 5580 aui-

194 5718 261 5779 (α)
316 5711 555 5770 Profert
619 5714 767 5769 hunc
804 5713 987 5770 locum
1034 5713 1313 5786 Cypariss.
1365 5708 1558 5767 dccad.
1619 5722 1694 5772 ιχ,
1737 5722 1786 5761 e.
1845 5705 1879 5757 5
