4008 6210
668 310 772 368 5ἳό
1939 311 1995 367 S.
2030 311 2356 370 GREGORll
2381 310 2675 370 NYSSENI
3789 320 3884 375 524

667 446 756 486 mo
796 427 1280 499 comprehendere.
1320 426 1385 481 At
1415 425 1691 499 inﬁnitum
1739 442 1847 484 non
1885 437 1969 485 est
2015 431 2111 484 tali
2142 430 2231 485 ha-

2348 436 2545 506 ίστησι,
2560 435 2651 488 καὶ
2670 432 2921 500 ἁποξενοϊ
2934 432 3031 496 τὰς
3048 432 3232 496 οὐσίας
3253 433 3347 488 ἀπ’
3364 433 3626 506 ἀλλήλων,
3640 434 3784 508 ἀλλην
3797 437 3885 491 τοῦ

655 521 912 578 ’ὺίιυᾱὶιιο
942 518 1011 572 ad
1056 519 1241 587 aliud;
1281 519 1378 574 scd
1427 520 1609 589 ipsum
1666 521 1967 576 secundum
2003 523 2231 592 seipsutr

2344 525 2679 595 Μονογενοῦς
2701 524 2853 595 παρά
2874 522 2964 578 τὸν
2979 524 3217 596 Πατέρα,
3238 524 3429 596 ἑτέραν
3445 525 3615 598 δὲτὴν
3632 525 3718 580 τοῦ
3738 527 3887 581 Πνεύ-

658 621 995 684 spectatum,
1032 613 1188 666 nullo
1237 612 1473 666 termino
1507 622 1816 670 coercetur.
1851 613 2027 670 Porro
2061 616 2231 671 inﬁni-

2346 637 2513 690 ματος
2535 620 2686 690 παρά
2704 617 2802 689 τὴν
2821 616 2915 671 τοῦ
2938 616 3273 686 Μονογενοῦς
3300 617 3516 683 ἐννοῶν,
3535 619 3625 673 καὶ
3648 618 3700 673 τὸ
3742 617 3888 671 πλέον

660 713 777 757 tum
818 702 1033 756 inﬁnito
1060 703 1181 773 plus
1202 703 1454 758 minusve
1481 703 1706 769 habere,
1749 706 1939 761 nescio
1966 708 2231 778 quomodc

2341 709 2436 762 καὶ
2451 707 2512 762 τὸ
2539 706 2757 760 ἔλαττον
2783 707 2868 759 ἐπ’
2897 706 3074 761 αὐτῶν
3092 706 3261 774 λέγει,
3284 705 3359 777 μὴ
3382 706 3679 761 λανθανέτω
3705 708 3772 779 τῷ
3797 709 3889 778 μὲν

661 810 1032 850 concessurus
1054 796 1127 849 sit
1148 795 1218 857 is,
1250 795 1342 864 qui
1378 810 1492 849 rem
1523 797 1842 852 accuratius
1867 799 2231 868 perpenderit.

2340 799 2517 853 δοκεῖν
2546 799 2608 852 τὸ
2645 796 2850 853 ἁπλοῦν
2873 796 3229 869 χαριζόμενος
3246 835 3261 860 ,
3310 799 3376 869 τῇ
3404 796 3460 852 δὲ
3496 796 3711 869 ἀληθείᾳ
3735 816 3890 854 κατα-

665 894 851 957 Itaque
876 882 932 943 “si
961 887 1328 943 substantiam
1356 887 1506 942 illam
1541 903 1839 959 supernam
1880 889 2088 946 fatetur
2116 905 2231 947 esse

2341 891 2620 955 σκευάζων
2641 890 2701 944 τὸ
2729 888 3001 945 σύνθετον.
3246 909 3251 915 '

660 984 988 1053 simplicem,
1051 995 1347 1050 secumque
1375 980 1550 1048 ipsam
1584 981 1705 1035 sine
1733 980 2078 1038 dissensione
2103 984 2544 1049 convenientem,
2594 996 2827 1037 necesse
2872 988 2978 1049 est,
3032 987 3095 1036 ut
3148 980 3416 1036 concedat
3442 996 3562 1037 eam
3604 997 3797 1053 quoque
3833 983 3887 1038 in

659 1074 1159 1132 communicatione
1189 1073 1563 1143 simplicitatis
1615 1082 1667 1128 et
1702 1073 1993 1130 inﬁnitatis
2026 1076 2261 1146 junctim
2301 1074 2618 1131 convenire.
2666 1074 2725 1130 Si
2767 1090 2897 1130 vero
2953 1073 3296 1129 substantias
3329 1074 3400 1129 ab
3447 1074 3672 1130 invicem
3709 1068 3891 1131 disci-i-

659 1166 857 1230 minat,
914 1171 969 1219 et
1015 1163 1174 1233 quasi
1210 1163 1414 1217 alienat
1484 1162 1648 1217 aliam
1697 1164 1981 1234 Unigeniti
2017 1179 2048 1218 a
2094 1166 2407 1222 substantia
2452 1164 2676 1230 Patris,
2726 1173 2782 1221 et
2826 1165 2990 1219 aliam
3037 1164 3277 1234 Spiritus
3323 1167 3500 1221 sancti
3542 1182 3573 1221 a
3611 1168 3888 1223 substantia

658 1264 784 1319 Filii
808 1270 1075 1325 statuens,
1110 1260 1585 1330 intensioncmque
1614 1268 1666 1315 ct
1691 1261 2071 1317 remissionem
2105 1263 2242 1333 ipsis
2269 1263 2552 1331 attribuit;
2585 1278 2694 1318 non
2722 1262 2877 1317 fallat
2908 1277 3010 1319 nos
3041 1262 3273 1318 occultis
3307 1262 3545 1327 insidiis,
3578 1262 3696 1317 dum
3734 1263 3890 1318 verbo

659 1352 879 1424 quidem
916 1349 1320 1419 simplicitatem
1356 1349 1576 1411 asserit,
1619 1350 1799 1418 reipsa
1851 1366 1979 1405 vero
2023 1353 2475 1422 compositionem
2522 1353 2617 1410 Dei
2653 1354 2886 1424 afﬁngit.

731 1446 838 1503 Sed
870 1446 980 1515 jam
1016 1460 1214 1499 rursus
1260 1441 1426 1497 verba
1453 1441 1599 1497 illius
1632 1442 1829 1496 ordine
1862 1457 2231 1500 resumamus.

2414 1444 2583 1499 Πάλιν
2620 1445 2677 1499 δὲ
2723 1446 2815 1499 τὸν
2850 1445 3081 1517 ρηθέντα
3123 1446 3251 1517 παρ’
3284 1443 3448 1498 αὐτοῦ
3492 1445 3644 1514 λόγον
3677 1447 3893 1516 καθεξῆς

658 1540 749 1594 Ait
784 1556 797 1593 :
828 1536 961 1593 Cum
990 1536 1197 1590 sincera
1219 1534 1347 1588 silet
1376 1533 1598 1602 simplex
1617 1532 1917 1587 substantia
1938 1550 1999 1587 ac
2021 1549 2231 1603 prorsus

2341 1535 2698 1606 ἀναλάϐωμεν
2718 1577 2730 1590 .
2769 1536 3168 1604 Είλικρινοῦς,
3219 1535 3413 1607 φησὶν,
3443 1534 3645 1603 ἁπλῆς
3674 1534 3771 1605 τῆς
3799 1540 3895 1590 οὑ-

659 1646 787 1693 una,
826 1629 1049 1699 talisque
1077 1628 1335 1696 cogitetur
1362 1635 1409 1680 et
1444 1625 1774 1697 intelligatur
1801 1624 2082 1679 secundum
2115 1640 2231 1695 pro-

2342 1628 2502 1694 σίας,
2526 1627 2624 1681 καὶ
2650 1627 2845 1695 πάντη
2878 1624 3025 1697 μιᾶς
3057 1625 3251 1695 οὔσης
3280 1625 3378 1680 καί
3406 1626 3725 1695 νοουμένης
3754 1628 3895 1681 κατὰ

659 1725 833 1792 prium
875 1721 1204 1790 dignitatem.
1253 1717 1395 1784 Quid
1447 1718 1550 1773 sibi
1601 1717 1712 1772 vult
1766 1716 1920 1782 illud,
1954 1717 2231 1771 secundum

2340 1716 2456 1786 τὴν
2491 1718 2649 1772 ἰδίαν
2681 1718 2880 1782 ἀξίαν.
2934 1717 2999 1771 Τί
3039 1717 3285 1788 βούλεται
3321 1717 3382 1771 τὸ
3417 1718 3567 1772 κατὰ
3604 1716 3709 1787 τὴν
3745 1718 3896 1771 ἰδίαν

657 1816 927 1884 propriam
980 1812 1331 1883 dignitatem?
1368 1810 1424 1862 Si
1470 1810 1614 1864 enim
1657 1810 1940 1864 existimat
1986 1810 2231 1864 substan-

2342 1808 2553 1874 dElar;
2579 1811 2640 1863 Et
2666 1810 2765 1880 μὲν
2790 1809 2899 1881 γὰρ
2927 1811 2985 1863 ἐν
3010 1810 3278 1882 κοινότητι
3300 1809 3397 1881 τῆς
3416 1807 3574 1874 ἀξίας
3600 1809 3780 1881 θεωρεῖ
3799 1811 3895 1872 τὰς

659 1906 765 1959 tias
792 1917 917 1958 esse
951 1902 1216 1972 dignitate
1245 1914 1426 1968 pares,
1458 1899 1639 1954 inanis
1676 1907 1826 1954 certe
1859 1907 1914 1954 et
1957 1898 2232 1969 superflua

662 1996 826 2051 fuerit
856 1996 1053 2050 borum
1102 1993 1397 2047 verborum
1430 1992 1722 2062 appositio,
1757 2000 1945 2061 utpote
1975 1991 2029 2045 in
2067 1991 2233 2048 rebus

658 2086 849 2151 certis,
903 2092 959 2140 et
1005 2083 1253 2139 omnium
1306 2079 1652 2147 confessione
1691 2082 1995 2151 perspicuis
2038 2082 2236 2138 immo-

659 2192 831 2241 rans;
883 2175 976 2230 sed
1030 2173 1209 2230 danda
1234 2180 1319 2228 est
1374 2172 1536 2226 venia
1578 2170 1832 2229 fortassis
1865 2172 2129 2228 dictionis
2159 2174 2234 2226 itt-

659 2270 1003 2340 tempcstivze
1042 2266 1413 2337 usurpationi,
1441 2280 1565 2320 cum
1618 2265 1812 2320 melior
1847 2271 1902 2320 et
1946 2265 2134 2320 sanior
2166 2264 2234 2321 de

659 2361 772 2415 Deo
826 2357 1164 2414 existimatio
1230 2370 1340 2410 non
1411 2354 1670 2425 repudiet
1737 2354 1884 2409 banc
1962 2354 2232 2409 orationis

659 2451 974 2504 inanitatem
1009 2459 1063 2504 et
1106 2446 1569 2517 superfluitatem.
1602 2444 1803 2501 Verum
1831 2460 1942 2500 non
1983 2444 2233 2499 imminet

630 2545 705 2599 .ci
738 2544 1040 2614 periculum
1065 2540 1441 2596 committendi
1468 2547 1690 2609 peccata
1721 2539 2012 2594 verborum
2050 2538 2233 2609 (facile

658 2637 807 2690 enim
861 2633 1207 2690 medicabilis
1248 2631 1474 2686 morbus
1510 2629 1638 2699 est),
1697 2630 1789 2686 sed
1839 2630 1997 2699 longe
2046 2628 2232 2699 pejora

656 2726 903 2789 molitur,
951 2732 1007 2779 et
1044 2723 1212 2794 impie
1248 2719 1468 2793 aggredi
1517 2725 1713 2775 tentat.
1755 2717 1890 2772 Nam
1931 2716 2231 2787 simplicem

657 2817 795 2872 dicit
849 2815 1145 2887 quamlibet
1195 2814 1364 2867 trium
1436 2810 1872 2866 substantiarum
1929 2806 2231 2864 secundum

657 2907 934 2979 propriam
983 2904 1330 2973 dignitatem,
1379 2912 1441 2958 ut
1508 2900 1744 2955 decretis
1799 2898 1937 2961 suis,
1987 2911 2108 2967 quae
2165 2895 2233 2949 ab

658 2999 818 3053 initio
859 2995 1114 3056 sancivit,
1173 2993 1242 3047 de
1274 2992 1472 3062 prima,
1504 2987 1767 3050 secunda,
1804 2995 1859 3042 et
1917 2986 2073 3041 tertia
2100 2986 2230 3041 sub-

661 3088 887 3149 stantia,
908 3093 1253 3155 pervertatur
1277 3094 1496 3151 quoque
1512 3076 1881 3149 simplicitatis
1901 3077 2066 3130 ratio.
2095 3074 2231 3129 Nam

658 3177 1121 3250 quemadmodum
1172 3175 1343 3231 solam
1390 3186 1727 3243 supremam,
1780 3176 1836 3224 et
1880 3168 2052 3225 solam
2104 3180 2228 3235 pro-
2260 3200 2303 3258 α

657 3274 833 3343 priam
879 3269 1060 3325 Patris
1113 3267 1477 3324 substantiam
1513 3260 1838 3327 nominavit,
1872 3258 2008 3313 nihil
2038 3257 2232 3311 borum

658 3364 799 3419 Filio
828 3362 913 3417 vel
941 3359 1170 3432 Spiritui
1204 3365 1398 3414 sancto
1420 3355 1734 3424 assignans,
1770 3350 2028 3406 videlicet
2056 3362 2233 3417 neque

658 3469 947 3527 supremae,
993 3466 1173 3521 neque
1220 3448 1457 3504 maxime
1497 3444 1733 3516 propriae
1771 3440 2230 3511 appellationem;

655 3548 847 3604 eodem
886 3543 1050 3599 modo
1084 3555 1210 3597 cum
1250 3537 1593 3596 substantias
1643 3535 1918 3605 simplices
1966 3532 2233 3596 nominat,

658 3637 964 3692 arbitratur
1004 3633 1230 3688 cuilibet
1284 3629 1663 3700 simplicitatis
1720 3627 1995 3682 rationem
2039 3639 2234 3680 conce-

657 3729 892 3786 dendam
951 3740 1094 3791 esse,
1146 3722 1453 3780 secundum
1519 3720 1745 3775 modum
1797 3725 1854 3773 et
1916 3730 2231 3773 mensuram

657 3819 964 3893 dignitatis,
990 3832 1096 3888 qua
1134 3816 1320 3886 pollet,
1370 3823 1428 3868 ut
1458 3813 1637 3883 prima
1668 3811 1888 3882 quidem
1918 3818 1974 3866 ct
2001 3809 2234 3864 maxime

657 3911 880 3983 propria
913 3907 1219 3965 substantia
1242 3905 1401 3976 quasi
1432 3905 1486 3959 in
1522 3919 1649 3959 arce
1679 3911 1732 3958 et
1755 3903 1992 3959 culmine
2024 3900 2234 3971 simpli-

656 4004 841 4059 citatis
879 4002 1269 4066 constituatur;
1302 3997 1565 4061 secunda,
1592 3995 1954 4066 proportione
1995 3993 2231 4065 quadam

655 4096 956 4153 secundum
991 4107 1305 4149 mensuram
1344 4089 1621 4145 distantize
1659 4102 1689 4141 a
1731 4088 1925 4158 prima,
1972 4086 2236 4157 simplici-

657 4188 786 4244 tatis
806 4187 1073 4242 rationcm
1110 4182 1435 4253 participet;
1465 4188 1519 4235 ct
1543 4180 1705 4235 tertia
1736 4179 1991 4234 similiter
2012 4184 2229 4231 tantum

657 4295 687 4333 a
729 4277 967 4349 perfecta
1006 4274 1355 4344 simplicitate
1396 4272 1638 4335 recedat,
1695 4278 1960 4342 quantum
2007 4283 2234 4325 necesse

656 4380 742 4426 cst
791 4368 1198 4440 proportionem
1252 4374 1307 4419 et
1362 4372 1567 4419 statum
1609 4363 1897 4433 dignitatis
1954 4361 2231 4424 imminui.

656 4458 794 4513 adeo
825 4465 884 4511 ut
924 4472 993 4511 ex
1019 4454 1121 4508 hoc
1152 4459 1433 4521 sequatur,
1464 4450 1647 4507 Patris
1698 4452 1919 4522 quidem
1970 4452 2231 4507 substan-

2340 1901 2547 1966 οὐσίας,
2582 1901 2813 1973 περισσὴ
2858 1900 2957 1971 μὲν
2987 1903 3080 1955 καὶ
3110 1900 3282 1965 οὕτως
3315 1896 3404 1973 ἦν,
3434 1902 3526 1955 καὶ
3570 1903 3894 1974 παρέλκουσα

2341 1993 2374 2062 ἡ
2405 1991 2693 2063 προσθήκη
2724 1992 2816 2045 τοῦ
2861 1992 3019 2060 λόγου
3058 1995 3171 2057 τοῖς
3219 1992 3661 2065 ὁμολογουμένοις
3696 1993 3896 2062 γένεσιν

2341 2084 2747 2155 ἐνδιατρίϐουσα
2770 2100 2785 2114 °
2837 2083 2975 2155 πλὴν
3002 2083 3116 2138 ἀλλ’
3157 2079 3270 2155 εἶχέ
3311 2102 3365 2138 τι
3407 2085 3739 2153 συγγνωστὸν
3767 2088 3894 2149 toto;

2341 2175 2374 2246 ἡ
2400 2174 2627 2245 ἀκαιρία
2650 2173 2752 2245 τῆς
2783 2171 3002 2238 λέξεως,
3031 2174 3131 2245 τῆς
3162 2173 3554 2244 εὐσεϐεστέρας
3581 2175 3777 2239 ἐννοίας
3802 2176 3898 2229 οὐκ

2339 2267 2643 2338 ἀπόϐλητον
2682 2267 2946 2338 ποιούσης
2974 2267 3034 2321 τὸ
3073 2267 3323 2338 μάταιον,
3365 2267 3456 2322 καὶ
3505 2268 3780 2340 περιρρέον
3807 2269 3898 2322 τοῦ

2339 2357 2519 2427 λόγου.
2558 2358 2673 2413 Νῦν
2698 2359 2754 2413 δὲ
2792 2362 2852 2414 οὐ
2892 2359 3054 2432 μέχρι
3097 2358 3198 2430 τῆς
3226 2359 3332 2412 τῶν
3374 2358 3630 2430 ῥημάτων
3659 2358 3797 2429 αὐτῷ
3822 2360 3900 2412 δι-

2340 2449 2615 2520 αμαρτίας
2648 2450 2795 2504 ἐστὶν
2813 2450 2841 2502 ό
2860 2449 3103 2514 κίνδυνος
3129 2464 3144 2480 ⁸
3181 2451 3201 2521 (
3228 2442 3264 2519 ἦ
3302 2449 3408 2521 γὰρ
3428 2447 3493 2502 ἂν
3519 2449 3725 2502 εὐίατον
3753 2445 3817 2521 ἦν
3844 2451 3903 2503 τὸ

2340 2533 2734 2610 ἀρρώστημαο)
2751 2534 2860 2590 ἀλλ’
2878 2535 2959 2590 ἔτι
2986 2536 3096 2590 τῶν
3119 2537 3370 2607 πονηρῶν
3402 2535 3582 2606 ἔχεται
3607 2538 3903 2607 τεχνασμὸμ

2337 2646 2466 2684 των.
2520 2627 2723 2697 ’Λπλῆν
2756 2626 2865 2698 γὰρ
2902 2627 3051 2699 λέγει
3086 2627 3196 2680 τῶν
3237 2627 3401 2697 τριῶν
3439 2625 3631 2679 οὐσιῶν
3676 2628 3906 2697 ἐκὰστην

2339 2717 2481 2772 κατὰ
2524 2716 2623 2788 τὴν
2667 2717 2801 2770 ἰδίαν
2840 2716 2996 2783 ἀξίαν
3020 2732 3035 2747 ·
3083 2717 3173 2771 ἵνα
3208 2719 3321 2779 τοῖς
3352 2714 3410 2783 ἐξ
3453 2717 3627 2788 ἀρχῆς
3673 2717 3909 2789 ῥηθεῖσιν

2340 2807 2489 2879 αὐτῷ
2519 2808 2839 2879 διορισμοῖς,
2875 2808 3003 2880 περὶ
3040 2807 3142 2878 τῆς
3173 2806 3394 2880 πρώτης
3420 2826 3480 2861 τε
3517 2810 3610 2861 καὶ
3636 2808 3909 2879 δευτέρας»

2340 2900 2436 2954 καὶ
2467 2900 2657 2972 τρίτης
2688 2900 2895 2964 οὐσίας,
2925 2900 3020 2954 καὶ
3059 2902 3088 2954 ὁ
3120 2902 3219 2972 τῆς
3242 2900 3539 2971 ἁπλότητος
3573 2917 3915 2971 συγκακουρ-

2339 2991 2503 3061 γῆται
2526 2990 2698 3060 λόγος.
2753 2992 2963 3063 Ὥσπερ
2986 2990 3093 3063 γὰρ
3127 2992 3293 3062 μόνην
3325 2992 3603 3054 ἀνωτάτω,
3630 2993 3722 3044 καὶ
3748 2992 3916 3063 μόνην

2340 3083 2540 3155 κυρίαν
2571 3082 2667 3154 τὴν
2700 3081 2793 3136 τοῦ
2820 3082 3031 3154 Πατρὸς
3058 3083 3498 3153 προσηγόρευσεν
3526 3083 3731 3146 οὐσίαν,
3762 3084 3917 3137 οὐδὲν

2338 3175 2542 3229 τούτων
2562 3175 2654 3229 ἐπὶ
2677 3175 2770 3228 τοῦ
2796 3173 2949 3239 Υἱοῢ,
2978 3175 3072 3241 καὶ
3093 3174 3186 3228 τοῦ
3208 3175 3346 3228 Πνεύ
3355 3191 3521 3245 ματος
3547 3174 3914 3245 ὁμολογήσας,

2337 3266 2460 3322 οὕτε
2475 3267 2576 3338 τὴν
2600 3266 2713 3321 ἀνω
2740 3268 2944 3337 φωνὴν,
2972 3266 3097 3319 οὕτε
3121 3265 3217 3338 τὴν
3247 3266 3588 3339 κυριωτάτην
3611 3281 3627 3298 ⁸
3660 3267 3803 3321 κατὰ
3828 3267 3923 3320 τὸν

2338 3359 2500 3413 αὐτὸν
2528 3358 2709 3426 λόγον,
2747 3357 2843 3411 καὶ
2879 3357 3054 3421 ἁπλᾶς
3084 3356 3394 3428 προσειπὼν
3410 3357 3508 3421 τὰς
3535 3358 3743 3422 οὐσίας,
3775 3358 3929 3411 κατά

2335 3450 2398 3503 τὸ
2436 3448 2631 3521 μέτρον
2665 3450 2764 3521 τῆς
2803 3449 3277 3522 ἐπιθεωρουμένης
3324 3449 3562 3520 ἑκάστης
3601 3447 3778 3514 ἀξίας,
3828 3453 3930 3503 καὶ

2336 3540 2436 3612 τὴν
2466 3541 2564 3611 τῆς
2586 3540 2885 3612 ἁπλότητος
2907 3539 3113 3595 ἔννοιαν
3133 3539 3463 3612 ἐφαρμόζειν
3492 3539 3665 3593 οἴεται
3685 3542 3892 3610 χρῆναι
3913 3558 3927 3567 ·

2336 3632 2412 3695 ῶς
2440 3635 2539 3704 τῆς
2565 3632 2664 3704 μὲν
2694 3632 3056 3704 κυριωτάτης,
3090 3633 3186 3687 καὶ
3207 3631 3448 3704 πρώτης,
3479 3632 3539 3685 ἐν
3561 3634 3628 3703 τῇ
3646 3632 3809 3703 ,ἄκρᾳ
3832 3634 3930 3685 καὶ

2336 3725 2516 3796 τελείᾳ
2533 3724 2908 3797 θεωρουμένης
2929 3724 3217 3795 ἁπλότητι,
3232 3725 3332 3795 τῆς
3350 3724 3405 3777 δὲ
3436 3723 3696 3794 δευτέρας
3728 3724 3930 3777 ἀναλό-

2337 3833 2473 3886 γως,
2506 3815 2642 3870 κατά
2660 3813 2722 3869 τὺ
2747 3815 2944 3888 μέτρον
2967 3818 3064 3888 τῆς
3092 3815 3201 3869 τῶν
3232 3815 3513 3885 πρωτείων
3534 3814 3810 3883 ὐφέσεως,
3836 3815 3930 3868 zeal

2337 3907 2429 3961 τὸν
2455 3907 2554 3978 τῆς
2585 3907 2886 3979 ἁπλότητος
2905 3907 3065 3975 λόγον
3086 3905 3517 3977 ὐποστελλούσης
3535 3921 3549 3936 ο
3576 3904 3674 3959 καὶ
3700 3906 3799 3959 ἐπὶ
3828 3906 3930 3975 τῆς

2336 3998 2649 4063 τελευταίας
2677 3999 2940 4063 ὡσαύτως
2971 3999 3223 4054 τοσοῦτον
3245 3997 3670 4053 ύποκαταϐαίνει
3704 3997 3810 4068 τῆς
3839 4015 3930 4049 τε·

2337 4088 2488 4155 λείας
2516 4091 2836 4164 ἁπλότητος,
2869 4093 2990 4144 ὅσον
3016 4092 3108 4145 καὶ
3136 4093 3169 4162 ἡ
3202 4090 3461 4158 ἀναλογία
3484 4089 3577 4143 τοῦ
3606 4088 3930 4159 ἁξιιῦματοέ

2335 4181 2553 4238 ἐπὶτῶν
2576 4182 2819 4252 ἐσχάτων
2840 4180 3341 4252 κατασμικρύνεται
3361 4197 3375 4211 ·
3395 4181 3470 4245 ὡς
3492 4180 3555 4233 ἐκ
3575 4178 3776 4232 τούτου
3804 4195 3930 4250 συμ

2337 4274 2545 4328 ϐαίνειν
2579 4273 2678 4345 τὴν
2716 4272 2812 4345 μὲν
2853 4273 2947 4327 τοῦ
2972 4274 3185 4345 Πατρὸς
3214 4273 3402 4328 οὐσίαν
3436 4272 3613 4342 ἁπλῆν
3664 4272 3930 4342 καθαρῶι

2337 4364 2680 4418 ὑπονοεῖσθαι
2704 4383 2716 4395 ι
2770 4366 2870 4435 τὴν
2910 4365 2966 4418 δὲ
3014 4365 3111 4419 τοῦ
3144 4363 3295 4429 Υίοῦ,
3335 4364 3410 4435 μὴ
3446 4362 3693 4434 ἀκριϐῶς
3724 4363 3929 4433 ἁπλῆν

2336 4455 2471 4509 ἀλλὰ
2505 4456 2600 4509 καὶ
2632 4455 2731 4527 τῆς
2757 4455 3011 4510 συνθέτου
3040 4456 3253 4527 φύσεως
3291 4456 3428 4526 αὐτῇ
3463 4452 3916 4525 παραμεμίχθαι

654 4550 809 4611 tiam,
869 4562 1006 4617 pure
1055 4555 1107 4601 et
1148 4557 1298 4598 mere
1354 4542 1655 4611 simplicem
1713 4558 1869 4609 esse;
1923 4541 2045 4597 Filii
2094 4556 2224 4599 vero

2336 4548 2426 4603 τοῦ
2459 4548 2514 4601 δὲ
2557 4547 2710 4618 ἁγίου
2742 4548 3057 4619 Πνεύματος
3089 4546 3404 4611 πλεονάζειν
3452 4549 3510 4600 ἐν
3549 4545 3628 4614 τῷ
3675 4544 3929 4607 συνθέτίῖ

651 4640 1021 4697 substantiam
1066 4652 1174 4691 non
1221 4634 1546 4704 simpliciter
1586 4633 1889 4703 simplicem
1933 4648 2076 4696 esse,
2130 4636 2227 4690 scd

652 4731 857 4801 aliquid
924 4727 1341 4799 compositionis
1400 4724 1694 4780 admistum
1741 4724 1989 4792 habere;
2051 4729 2226 4781 sancti

653 4827 889 4896 Spiritus
951 4832 1131 4878 autem
1167 4820 1528 4877 substantiam
1580 4821 1873 4891 plurimum
1905 4821 1971 4877 de
2000 4837 2227 4893 compo-

652 4919 870 4976 sitionis
898 4923 1090 4970 natura
1124 4913 1470 4985 participare,
1521 4928 1646 4968 cum
1692 4914 2058 4984 simplicitatis
2087 4915 2228 4969 ratio

651 5015 707 5068 in
746 5007 1003 5065 extremis
1049 5005 1309 5077 paulatim
1347 5004 1747 5064 imminuatur:
1777 5012 1833 5059 et
1870 5003 2032 5060 sicuti
2070 5006 2223 5071 illud,

2329 4638 2429 4711 τὴν
2446 4637 2624 4707 φύσιν,
2637 4636 2731 4689 τοῦ
2751 4637 2852 4707 τῆς
2873 4636 3174 4707 ἁπλότητος
3198 4634 3356 4704 λόγου
3376 4632 3496 4688 κατ’
3519 4631 3709 4698 ὀλίγον
3738 4631 3806 4682 ὲν
3830 4632 3930 4683 to?

2331 4729 2582 4801 ἐσχάτοις
2614 4727 3027 4799 ἐλαττουμένου.
3087 4727 3297 4797 Ὥσπερ
3343 4725 3452 4797 γὰρ
3483 4723 3544 4777 τὸ
3587 4721 3667 4792 μὴ
3708 4718 3930 4774 τελείω

2330 4823 2532 4891 ἀγαθὸν
2573 4823 2727 4893 μέρει
2757 4823 2863 4877 τινὶ
2892 4824 2989 4893 τῆς
3018 4824 3266 4885 ἐναντίας
3297 4822 3466 4888 ἕξεως
3501 4817 3770 4890 μετέχειν
3809 4815 3930 4882 ὁμο

2330 4913 2585 4984 λογεῖται,
2620 4915 2790 4980 οὕτως
2817 4915 2845 4967 ὃ
2872 4915 2947 4986 μὴ
2971 4914 3249 4979 παντελῶς
3282 4916 3429 4967 ἐστιν
3454 4909 3688 4975 ἁπλοῦν,
3723 4907 3796 4959 οὐ
3821 4905 3930 4958 δια

2337 5006 2529 5076 φεύγει
2551 5008 2612 5061 τὸ
2640 5007 2714 5079 μὴ
2749 5008 3002 5062 σύνθετον
3032 5004 3169 5061 εἶναι
3191 5008 3382 5060 δοκεῖν.

649 5103 794 5175 quod
841 5117 948 5158 non
1000 5109 1085 5156 est
1130 5099 1372 5170 perfecte
1417 5100 1618 5155 bonum
1649 5138 1666 5160 ,
1735 5101 1788 5155 in
1840 5106 1991 5168 parte
2035 5099 2270 5169 quadam
2346 5102 2612 5156 contrarii
2663 5101 2880 5157 habitus
2926 5115 3156 5155 consors
3198 5114 3343 5162 esse,
3400 5095 3644 5151 omnium
3705 5089 3930 5147 confes

648 5202 821 5268 sione,
854 5197 1120 5256 asseritur
1151 5213 1164 5249 :
1206 5196 1279 5249 ita
1310 5195 1385 5262 id,
1410 5196 1557 5267 quod
1607 5211 1715 5250 non
1746 5195 1971 5249 omnino
2002 5194 2231 5265 simplex
2274 5204 2378 5261 est,
2410 5196 2647 5268 eﬂugcre
2678 5196 2823 5251 haud
2858 5203 3059 5266 potest,
3095 5194 3396 5266 quominus
3458 5188 3725 5243 videatur
3764 5200 3929 5254 ,σου

647 5295 886 5365 positum
940 5305 1081 5348 esse.

717 5386 873 5455 Quod
898 5393 1077 5443 autem
1110 5384 1227 5441 haec
1257 5390 1534 5455 spectans,
1569 5380 1678 5435 isto
1713 5378 1975 5450 loquendi
2014 5394 2217 5450 genere

647 5478 719 5533 sit
771 5493 928 5542 usus,
978 5476 1320 5532 manifestius
1384 5475 1473 5529 ﬁet
1541 5489 1608 5528 ex
1671 5472 2055 5542 sequentibus,
2128 5469 2217 5524 ubi

647 5568 891 5641 apertius
920 5577 975 5625 et
1008 5570 1215 5623 clarius
1246 5566 1700 5623 existimationem
1725 5564 1866 5620 Filio
1896 5573 1951 5620 et
1990 5563 2217 5635 Spiritui

643 5670 839 5719 sancto
864 5658 1100 5715 debitam
1156 5660 1221 5714 ad
1266 5660 1501 5715 Immites
1535 5658 1799 5729 quasdam
1864 5664 1920 5712 et
1973 5655 2218 5725 abiectas

647 5742 932 5816 Opiniones
961 5747 1197 5805 deducit.
1228 5745 1360 5804 Cum
1393 5748 1555 5811 enim,
1587 5746 1785 5820 inquit,
1817 5744 2059 5815 operibus
2104 5745 2209 5798 cir-

2369 5378 2375 5391 '
2396 5376 2507 5430 Καὶ
2526 5377 2606 5430 ὅτι
2627 5375 2798 5431 ταῦτα
2819 5376 2955 5429 νοῶν
2974 5375 3181 5438 τούτοις
3198 5376 3307 5437 τοῖς
3326 5372 3506 5440 λόγοις
3527 5371 3847 5442 κέχρηται,
3875 5372 3921 5425 δ

2328 5470 2435 5522 τῶν
2456 5470 2652 5539 ἐφεξῆς
2675 5470 3004 5539 σαφέστερον
3026 5469 3320 5531 δείκνυται,
3341 5466 3405 5519 δι’
3430 5458 3504 5518 ὧν
3530 5480 3669 5533 φανε
3681 5461 3844 5534 ρὼτε
3856 5481 3930 5536 ρ(

2327 5559 2407 5623 είς
2442 5558 2811 5629 χαμαιζήλους
2838 5558 2991 5621 τινας
3047 5558 3139 5611 καὶ
3169 5556 3433 5618 ταπεινὰς
3463 5552 3785 5624 ὑπολήψεις
3816 5567 3921 5606 κα

2326 5649 2448 5714 ἁγει
2476 5649 2572 5718 τὴν
2599 5649 2726 5720 περὶ
2745 5648 2838 5702 τοῦ
2867 5648 2993 5703 Υἱοῦ
3023 5649 3114 5702 καὶ
3135 5647 3451 5717 Πνεύματος
3485 5645 3729 5698 ἔννοιαν.
3788 5644 3930 5712 Συλ

2324 5738 2865 5807 περιγραφομένων,
2893 5739 3046 5810 φησὶ,
3076 5738 3197 5803 τοῖς
3224 5738 3419 5807 ἔργοις
3441 5734 3560 5789 τῶν
3577 5731 3930 5804 ὲνεργειῶι
