4008 6210
219 330 328 385 373

1388 327 1666 385 CONTRA
1708 327 2093 400 ausorum,
2137 330 2263 388 LIB.
2305 332 2344 385 ι.

3387 337 3490 393 336

219 445 325 499 καὶ
367 442 485 499 τῶν
518 445 705 513 ἔργων
730 442 861 510 ταῖς
898 442 1467 516 τῶνέργασαμένων
1496 449 1813 518 ἐνεργείαις

1923 450 2348 503 οιιοιεενὲὁαηιιιν
2376 449 2600 518 encrgia:
2622 465 2712 503 seu
2736 450 3088 519 oper-titiones,
3111 466 3160 507 et
3189 453 3318 523 Ipsis
3334 458 3495 511 etiam

222 535 830 608 arapajtetpovpérwr,
854 537 1088 606 ἀνάγκη
1117 537 1315 606 δήπου
1340 540 1437 594 καὶ
1466 540 1571 608 τὰς
1589 540 1815 611 ἑκάστῃ

220 629 349 682 τῶν
378 627 606 681 οὐσιῶν
636 626 937 696 ἑπομένας
964 628 1289 698 ἐνεργείας,
1309 631 1603 699 ἐλάττους
1638 651 1702 686 τε
1720 634 1817 687 καὶ

212 718 458 791 μείζους
484 716 640 774 εἶναι
663 737 677 752 ο
709 719 807 772 καὶ
835 721 942 786 τὰς
961 720 1077 789 μὲν
1107 721 1371 791 πρώτην,
1397 726 1507 792 τὰς
1526 724 1595 779 δὲ
1620 726 1821 780 δευτέ-

214 830 337 880 ραν
365 810 614 879 ἐπέχειν
639 810 832 875 τάξιν.
865 810 1051 866 Ταῦτα
1080 813 1188 885 γὰρ
1219 816 1268 868 εἰ
1302 814 1396 869 καὶ
1420 813 1720 886 φιλοπόνως
1752 818 1817 889 τῇ

218 904 424 977 ὁμίχλῃ
461 903 560 973 τῆς
599 902 801 969 λέξεως
849 903 1199 975 συγκαλύψας
1257 906 1595 979 δυσθήρατον
1641 907 1820 962 αὐτῶν

218 996 319 1065 τὴν
343 995 554 1048 ἔννοιαν
587 991 860 1059 εἶναιτοῖς
884 996 1092 1058 πολλοῖς
1113 999 1522 1069 παρεσκεύασεν
1546 1020 1558 1033 ·
1583 1001 1695 1055 ἀλλ’
1727 996 1820 1056 οὖν

221 1090 288 1139 ἐν
317 1089 421 1157 τῆς
447 1086 771 1151 ἀκολουθίας
792 1086 902 1141 τῶν
933 1087 1319 1161 ὲξητασμένων
1382 1091 1620 1157 εὐκόλως
1650 1110 1821 1164 σαφη-

218 1170 559 1247 νισθησεται.
594 1179 1269 1250 Συμπεριγφαφομένων,
1295 1182 1449 1252 φησὶ,
1476 1182 1603 1247 τοῖς
1625 1184 1821 1252 ἔργοις

219 1264 346 1319 τῶν
360 1262 699 1335 ἐνεργειῶν.
722 1267 901 1337 Ἔργα
920 1266 1175 1339 ὀνομάζει
1187 1268 1281 1323 τὸν
1297 1269 1444 1334 Υἰὸν,
1462 1270 1556 1324 καὶ
1572 1264 1712 1325 Πνέῦ
1721 1288 1817 1342 μα·

213 1356 592 1426 bern-eiach
619 1357 717 1421 τὰς
750 1358 1180 1423 ἀποτελεστικὰς
1202 1360 1406 1414 τούτων
1433 1361 1690 1433 δυνάμεις
1707 1400 1721 1425 ,
1752 1365 1818 1419 δι’

215 1441 297 1501 ὧν
330 1447 824 1519 ἀπειργάσθησαν,
868 1448 1050 1521 ἇσπερ
1104 1448 1287 1522 μικρῷ
1331 1451 1566 1524 πρόσθεν
1592 1452 1820 1508 ἕπεσθαί

218 1554 362 1607 φησι
404 1540 530 1601 ταῖς
564 1539 795 1603 οὐσίαις.
867 1540 932 1592 Ἢ
976 1539 1034 1592 δὲ
1092 1537 1188 1592 τοῦ
1225 1542 1821 1613 συμπεριπράφεσθαι

219 1629 370 1695 λέξις
401 1630 555 1700 δηλοί
584 1629 645 1683 τὸ
676 1630 983 1685 ἰσοστάσιον
1022 1633 1121 1701 τῆς
1149 1631 1607 1706 ἁποτελεσθείσης
1633 1636 1820 1699 οὐσίας

215 1720 363 1790 πρὸς
397 1719 500 1790 τὴν
532 1720 925 1792 ὑποστήσασαν
949 1720 1180 1792 δύναμιν
1209 1737 1224 1753 ο
1270 1723 1472 1794 μᾶλλον
1495 1724 1552 1779 δὲ
1580 1726 1698 1798 οὐχὶ
1725 1727 1818 1782 δύ-

1922 539 2165 607 operibus
2195 540 2528 608 operantium
2567 546 2895 607 operationes
2931 555 3421 600 ronznteusurenlur
3451 558 3501 601 et

1921 630 2285 701 adcrquentur,
2320 646 2526 684 necesse
2549 637 2627 683 est
2651 632 3003 697 operationes,
3033 650 3151 703 qum
3200 638 3271 689 ad
3310 655 3498 707 quam-

1922 723 2044 776 libet
2075 722 2496 776 substantiarum
2525 731 2936 790 consequuntur,
2977 725 3206 794 majores
3245 737 3295 781 et
3332 730 3498 784 mino-

1921 829 2004 868 res
2033 829 2168 877 esse,
2195 822 2245 866 et
2283 812 2379 866 fras
2408 812 2621 882 quidem
2649 813 2873 881 primas,
2913 813 3038 869 illas
3087 833 3204 881 uero
3236 820 3496 875 secundas

1924 913 2115 959 tenere.
2156 905 2283 959 llaec
2317 905 2463 959 enim
2494 904 2622 959 licet
2651 904 2897 960 studiose
2928 906 3223 962 verborum
3264 912 3499 983 caligine

1925 1002 2185 1065 cooperta
2217 1010 2441 1051 sensum
2478 994 2799 1050 contineant
2834 994 3116 1051 intellectu
3145 1005 3199 1053 et
3227 1001 3497 1070 explicatur

1922 1086 2111 1142 multis
2141 1086 2297 1141 valde
2327 1085 2623 1150 difﬁcilem,
2681 1095 2859 1141 tamen
2914 1100 2981 1140 ex
3013 1102 3307 1157 progressu
3350 1091 3499 1146 refu-

1923 1177 2152 1231 talionis
2182 1176 2342 1232 facile
2396 1176 2729 1231 elueescent.
2790 1174 2925 1230 Cum
2971 1177 3499 1247 circumscribantur,

1922 1268 2121 1338 inquit,
2153 1269 2396 1338 operibus
2428 1269 2787 1337 operationes.
2816 1267 2991 1337 Opera
3025 1270 3271 1325 nominat
3297 1271 3496 1329 Filium

1920 1367 1975 1414 et
1999 1359 2285 1429 Spiritum,
2314 1362 2639 1428 operatione:
2692 1372 2820 1413 vero
2868 1359 3247 1429 produetrices
3298 1364 3494 1421 borum

1922 1451 2232 1517 facultates,
2270 1450 2473 1521 quibus
2500 1449 2749 1520 producti
2780 1459 2931 1516 sunt,
2959 1468 3098 1521 quas
3133 1455 3295 1523 paulo
3340 1465 3498 1512 antea

1920 1542 2061 1599 dixit
2089 1543 2247 1613 sequi
2272 1542 2338 1596 ad
2375 1542 2736 1597 substantias.
2775 1542 2844 1596 At
2876 1558 3004 1598 vero
3032 1559 3135 1599 vos
3165 1546 3502 1603 circumscri-

1923 1633 2077 1689 bendi
2110 1632 2379 1705 signiﬁcat
2405 1635 2669 1704 aequalem
2698 1643 2899 1689 statum
2926 1636 3207 1704 productae
3235 1639 3501 1696 substan-

1922 1727 2009 1782 tiae
2047 1742 2171 1782 eum
2224 1725 2504 1791 facultate,
2562 1741 2684 1795 qua:
2739 1727 2887 1782 illam
2923 1728 3229 1798 producere
3276 1740 3498 1802 potest;

218 1829 413 1883 ναμιν,
445 1812 585 1865 ἀλλὰ
613 1812 899 1885 δυνάμεως
932 1813 1214 1885 ἐνέργειαν
1240 1833 1255 1847 ·
1299 1816 1485 1881 καθὼς
1509 1819 1671 1883 αὐτὸς
1700 1822 1813 1875 ὀνο-

1921 1818 2006 1872 vel
2043 1817 2226 1888 potius
2255 1832 2365 1872 non
2410 1832 2537 1872 cum
2572 1816 2853 1882 facultate,
2892 1821 2987 1875 sed
3041 1836 3165 1876 cum
3223 1822 3501 1880 facultatis

220 1904 393 1974 μείξει
415 1921 430 1934 ·
474 1904 559 1958 ἵνα
591 1904 666 1977 μὴ
696 1905 878 1977 πάσης
906 1907 1005 1976 τῆς
1035 1907 1131 1960 τοῦ
1162 1908 1508 1981 ἐνεργοῦντος
1537 1911 1817 1984 δυνάμεως

215 1996 387 2067 ἔργον
466 1995 529 2048 τὸ
555 1996 924 2067 ἀποτέλεσμα,
943 1996 1078 2052 ἀλλά
1096 1982 1243 2063 τινος
1265 2002 1497 2073 μερικῆς
1517 1982 1816 2074 ἐνεργείας,

214 2087 484 2141 τοσοῦτον
506 2087 610 2157 τῆς
638 2089 820 2162 πάσης
851 2089 1133 2160 δυνάμεως
1157 2092 1493 2166 κινηθείσης,
1528 2095 1651 2149 ὅσον
1682 2096 1820 2167 σύμ-

218 2194 429 2249 μετρον
506 2177 695 2246 ἔμελλε
728 2183 795 2252 τῇ
846 2182 1163 2254 ἀπεργασίᾳ
1191 2183 1284 2237 τοῦ
1329 2170 1619 2257 γινομένου
1642 2190 1817 2260 φανὴ-

215 2270 439 2324 σεςθαι.
478 2271 589 2325 Καὶ
616 2271 778 2326 πάλιν
808 2272 868 2326 τὸ
897 2273 1032 2327 αὐτὸ
1068 2276 1488 2348 ἐπαναπρέψας
1518 2280 1672 2351 φησὶ,
1707 2280 1819 2335 Καὶ

212 2358 340 2410 τῶν
357 2359 550 2427 ἔργων
566 2359 694 2426 ταῖς
709 2360 830 2414 τῶν
848 2362 1276 2434 ἐργασαμένων
1294 2366 1613 2437 ἐνεργείαις
1633 2383 1821 2439 παρα-

208 2449 664 2519 μετρουμένων.
708 2451 923 2506 Τούτων
954 2453 1010 2507 δὲ
1042 2455 1070 2507 ὀ
1095 2455 1219 2519 νοῦς
1248 2456 1458 2525 γένοιτο
1482 2458 1548 2513 ἂν
1579 2460 1709 2530 ἡμῖν
1751 2461 1817 2513 δι’

214 2541 624 2612 ύποδεῖγματος
664 2544 1104 2617 γνωριμώτερος.
1173 2548 1533 2620 ’Υποθὼμεθα
1572 2550 1681 2622 γὰρ
1726 2553 1819 2606 ἐπὶ

210 2633 459 2703 ὀργάνου
511 2634 657 2701 τινὸς
691 2635 801 2690 τῶν
854 2640 1264 2711 πυτοτομικῶν
1323 2635 1464 2697 εἶναι
1518 2644 1610 2697 τὸν
1661 2644 1819 2713 λόγον

208 2726 369 2781 οὕτω
387 2742 402 2757 ·
442 2726 507 2780 τδ
529 2726 742 2801 σμίλιον
767 2730 846 2793 εἰς
875 2729 1075 2785 κύκλου
1098 2733 1199 2804 σγῆ
1208 2750 1284 2804 μα
1312 2733 1700 2805 περιηγμένον,
1722 2735 1818 2790 ἐὰν

212 2818 494 2891 ἐπιϐληθῇ
524 2836 630 2873 τινι
654 2812 701 2888 ᾧ
725 2820 831 2892 χρὴ
868 2819 962 2875 τὸν
991 2822 1230 2877 τοιοῦτον
1260 2812 1579 2893 ἐγγενέσθαι
1623 2824 1818 2891 τύπον,

209 2908 741 2981 συμτεριγράφεται
784 2910 864 2982 τῷ
902 2915 1140 2984 σχήματι
1163 2914 1256 2968 τοῦ
1285 2915 1508 2988 σιδήρου
1536 2915 1599 2970 τὸ
1618 2916 1685 2971 δι’
1714 2918 1812 2971 αὐ-

200 3001 309 3056 τοῦ
341 3002 759 3072 ἐντεμνόμενον,
788 3003 883 3056 καὶ⁵
910 3004 1165 3070 τοσοῦτος
1194 3009 1223 3061 ὁ
1261 3009 1320 3063 ὲν
1351 3011 1417 3081 τῇ
1444 3012 1585 3081 τομῇ
1619 3009 1818 3074 κύκλος

201 3092 592 3165 δειχθήσεται,
624 3095 748 3160 ὅσος
784 3095 845 3148 ὲν
871 3094 950 3166 τῷ
989 3097 1205 3168 ὀργάνῳ
1218 3096 1352 3151 ἔστί·
1374 3100 1470 3154 καὶ
1500 3101 1811 3171 πάλιν,δσῳ

201 3186 557 3256 διαστήματι
583 3186 877 3256 παρῆκται
914 3187 975 3242 τὸ
1004 3188 1257 3261 ὄργανον,
1295 3191 1547 3247 τοσοῦτον
1587 3193 1683 3247 καὶ
1719 3193 1809 3248 διὰ

200 3277 319 3346 τῆς
351 3278 528 3348 τομῆς
563 3278 894 3349 περιγράψει
928 3278 1019 3333 τὸν
1044 3280 1263 3335 κύκλον.
1302 3281 1539 3355 Τοιαύτη
1567 3283 1662 3338 τοῦ
1690 3284 1810 3339 θεο-

202 3370 383 3438 λόγον
414 3371 449 3440 ἡ
485 3369 663 3424 ἔννοια
695 3372 823 3440 περὶ
853 3372 955 3443 τῆς
994 3373 1145 3438 θείας
1174 3373 1269 3428 τοῦ
1310 3373 1644 3443 Μονογενοῦς
1675 3376 1805 3431 ὐπο-

207 3464 489 3525 στάσεως.
509 3461 848 3533 Ἐνέρτειάν
865 3481 999 3519 τινα
1014 3465 1279 3535 καθάπερ
1298 3465 1555 3536 ὄργανον
1571 3466 1647 3536 τῇ
1665 3466 1812 3537 πρώ-

205 3571 288 3623 τῃ
317 3554 503 3622 οὐσίᾳ
521 3554 949 3625 παρεπομένην
967 3557 1310 3628 σύμμετρόν
1334 3575 1497 3629 φησιν
1518 3559 1684 3632 ἑαυτῇ
1717 3560 1809 3633 ἔρ-

205 3663 316 3713 γον
348 3647 710 3717 πεποιηκέναι
725 3648 818 3702 τὸν
838 3648 1042 3721 Κύριον
1061 3666 1076 3682 ο
1116 3649 1288 3715 οὕτως
1307 3644 1417 3704 εἶδε
1447 3651 1541 3706 τὸν
1563 3651 1692 3705 Υίδν
1714 3652 1810 3706 τοῦ

208 3737 361 3791 Θεοῦ
385 3735 653 3804 δοξάζειν,
678 3739 768 3794 τὸν
821 3738 897 3794 ἐν
922 3740 996 3810 τῇ
1020 3740 1171 3812 δόξῃ
1197 3743 1304 3798 τοῦ
1336 3744 1568 3812 Πατρός
1606 3745 1702 3799 νῦν
1726 3745 1811 3799 δο-

214 3828 544 3898 ξαζόμενον,
573 3832 668 3886 καὶ
692 3832 751 3886 ὲν
772 3829 852 3901 τῷ
877 3831 1052 3904 καιρῷ
1077 3834 1177 3904 τῆς
1201 3834 1437 3907 κρίσεως
1463 3834 1810 3908 ὲκκαλυφθη-

212 3920 455 3990 σύμενον
480 3936 496 3952 ·
538 3919 729 3974 τοῦτόν
759 3938 924 3993 φησιν
947 3921 1125 3992 ἔργον
1164 3926 1315 3985 ὄντα,
1347 3926 1416 3994 τῇ
1458 3925 1808 3998 ἐργασαμένη

210 4009 384 4064 αὐτὰ
410 4009 665 4082 ἐνεργείᾳ
704 4013 1217 4085 παραμετρεῖσθαι.
1248 4012 1343 4078 Τίς
1375 4015 1552 4068 τοίνυν
1578 4017 1612 4087 ἡ
1659 4016 1809 4088 ἐνέρ-

210 4118 365 4169 γεια,
401 4103 439 4172 ἠ
479 4100 558 4172 τῷ
582 4099 701 4173 θεῷ
733 4103 833 4172 μὲν
872 4103 982 4158 τῶν
1012 4103 1151 4158 ὅλων
1189 4105 1578 4176 παρεπομένη·
1619 4105 1725 4177 πρὸ
1751 4106 1810 4160 δὲ

210 4192 314 4247 τοῦ
351 4191 696 4260 Μονογενοῦς
725 4193 1012 4266 νοουμένη,
1059 4194 1156 4248 καὶ⁵
1195 4197 1614 4268 περιγράφουσα
1642 4196 1806 4251 αὐτοῦ

206 4285 316 4355 τὴν
348 4285 583 4348 ούσίανς
626 4282 867 4356 Δύναμίς
889 4302 974 4349 τις
1020 4285 1287 4359 ούσιὼδης
1324 4272 1448 4342 καθ’
1472 4289 1669 4358 ἑαυτὴν
1714 4291 1810 4359 ὐφ-

208 4375 469 4449 εστῶτα,
515 4376 617 4430 καὶ
658 4376 720 4429 τὸ
745 4374 938 4431 δοκοῦν
972 4376 1317 4448 ἐργαζομένη
1349 4379 1417 4433 δι’
1458 4380 1806 4448 αύτεξουσίου

208 4466 551 4536 κινήματος
581 4465 790 4519 Οὐκοῦν
814 4466 973 4537 αὑτὴ,
1012 4468 1203 4540 Πατὴρ
1232 4468 1324 4522 τοῖ’.
1357 4472 1560 4542 Κυρίου
1583 4486 1600 4502 ·
1628 4472 1721 4526 καὶ⁸
1751 4473 1806 4527 τί

206 4552 294 4608 ἔτι
320 4553 733 4623 ὲττιθρυλλεῑται
773 4555 852 4627 τῷ
878 4557 967 4610 ἐπὶ
1016 4557 1233 4613 πάντων
1256 4558 1375 4630 Θεῷ
1408 4562 1442 4632 ἡ
1467 4562 1562 4615 τοῦ
1597 4564 1809 4635 Πατρὸς

206 4644 430 4715 κλῆσις,
459 4646 511 4697 εί
544 4646 622 4717 μὴ
649 4646 879 4713 ἐκεῖνος,
916 4648 1053 4703 ἀλλὰ
1080 4667 1163 4713 τις
1191 4651 1438 4723 ἐνέργεια
1476 4654 1584 4707 τῶν
1613 4654 1812 4720 ἔξωθεν

208 4736 632 4808 παρεπομένων
662 4738 753 4791 τὸν
785 4739 913 4794 Υίὺν
938 4741 1312 4813 ἀπειργάσατο
1337 4762 1352 4811 ;
1387 4744 1505 4809 πῶς
1531 4745 1588 4800 δὲ
1610 4746 1757 4811 Υἱὸς,
1784 4749 1814 4801 ὁ

206 4830 342 4893 Υἱός
369 4847 386 4861 ο
414 4829 479 4882 ὃν
505 4829 577 4882 δι’
600 4830 789 4900 ἐτέρου
810 4832 907 4902 μέν
944 4850 1090 4897 τινος
1114 4834 1417 4905 ὑποστῆναι
1450 4836 1618 4906 λέγει,
1645 4838 1816 4892 καθά-

204 4939 321 4992 mp
345 4924 409 4978 δέ
430 4940 561 4978 τινα
583 4925 692 4978 τῶν
717 4925 1120 4998 ὑποϐολιμαίων
1156 4930 1351 5000 (nam;
1376 4931 1435 4985 δὲ
1458 4932 1544 5003 εἴη
1565 4934 1643 5004 τῷ
1666 4933 1809 5005 λόγῳ

198 5015 233 5066 ὁ
256 5013 679 5085 Κύριος),οῦτω
694 5016 791 5087 τὴν
814 5018 1122 5089 οἰκειότητα
1143 5020 1235 5073 τοῦ
1259 5021 1471 5091 Πατρὸς
1486 5022 1811 5078 ὑποδύεσθαι

204 5109 352 5179 μένῃ
376 5110 450 5178 τῇ
490 5109 837 5181 προσηγορίᾳ
866 5110 960 5165 τοῦ
986 5110 1118 5165 Υἱοῦ
1152 5114 1541 5185 τετιμημένονς
1591 5115 1710 5180 πῶς
1751 5116 1810 5171 δὲ

206 5200 352 5265 μετὰ
378 5197 478 5251 τὸν
502 5198 640 5252 Θεὸν
671 5199 781 5253 τῶν
806 5202 964 5265 ὅλων,
999 5203 1094 5256 καὶ
1117 5203 1208 5257 τὸν
1237 5204 1441 5276 Κύριον
1466 5208 1619 5274 τάξει
1642 5209 1670 5262 ό
1690 5208 1807 5279 τρί-

202 5308 303 5345 την
324 5293 395 5344 ἐκ
416 5290 515 5344 τοῦ
547 5291 763 5363 Πατρδς
789 5294 881 5348 τὸν
911 5295 1041 5350 Υίὺν
1064 5296 1335 5369 ἀριθμῶν,
1364 5301 1464 5370 τῆς
1491 5300 1805 5371 μεσιτευού-

206 5398 313 5451 et;
356 5382 650 5454 ἐνεργείας
693 5383 911 5453 ἐκείνης
952 5387 1011 5440 ὲν
1056 5387 1286 5461 δευτέρᾳ
1332 5390 1485 5458 τάξει
1536 5390 1675 5461 μετὰ
1710 5390 1803 5445 τὸν

204 5473 307 5524 ἰπὶ
329 5474 559 5527 πάντων
586 5472 717 5527 Θεὸν
747 5474 1177 5548 ἀριθμουμένης,
1208 5478 1350 5533 κατὰ
1375 5479 1432 5533 δὲ
1457 5479 1556 5552 τὴν
1580 5478 1805 5533 ἀκολου-

206 5562 337 5616 θίαν
362 5562 601 5635 ταύτην,
633 5566 729 5619 καὶ
753 5566 978 5639 Πνεῦμα
1003 5569 1067 5624 τὸ
1090 5570 1245 5640 ἅγιον
1279 5571 1496 5637 πάντως
1531 5573 1715 5627 οὐκέτι
1744 5573 1805 5627 ὲν

280 5748 336 5779 ⁸·
372 5746 616 5820 Philipp.
653 5763 718 5813 ll,
742 5748 824 5801 Il.

1921 1909 2269 1979 operatione,
2305 1908 2770 1978 quemadmodum
2801 1909 2919 1978 ipse
2964 1912 3232 1977 nominat,
3265 1929 3334 1967 ne
3374 1915 3500 1967 uni-

1918 2016 2096 2057 versa:
2124 2000 2401 2055 facultatis
2434 1999 2578 2069 ejus,
2613 2000 2706 2070 qui
2747 2009 3028 2069 operatur,
3061 2017 3202 2072 opus
3260 2005 3367 2068 sit,
3403 2006 3499 2061 sed

1920 2090 2207 2161 cujusdam
2240 2092 2592 2162 partieularis
2613 2091 2976 2161 operationis.
2999 2102 3210 2148 tantum
3244 2095 3501 2151 videlicet

1920 2198 1987 2237 ex
2027 2183 2198 2238 totius
2232 2181 2510 2237 facultatis
2536 2180 2748 2236 viribus
2786 2191 3045 2238 manante
3074 2200 3088 2238 :
3121 2186 3499 2253 quantumvi-

1919 2272 2036 2327 deri
2067 2281 2248 2343 potest
2275 2288 2372 2344 par
2401 2279 2456 2328 et
2517 2287 2586 2328 ex
2631 2287 2791 2344 inquo
2820 2272 3163 2343 respondens
3221 2275 3500 2331 eflectioni

1918 2365 2062 2435 ejus,
2092 2365 2236 2435 quod
2268 2363 2599 2435 productum
2640 2365 3104 2436 estJlursumque
3135 2365 3279 2421 idem
3322 2368 3503 2423 incul-

1919 2468 2052 2509 cans
2080 2454 2157 2508 ait
2189 2472 2202 2508 :
2239 2453 2474 2524 Cumque
2511 2469 2670 2522 opera
2721 2454 2852 2523 ipsis
2891 2455 3053 2509 etiam
3105 2458 3500 2526 operationibus

1916 2556 2410 2601 eommensurentur
2439 2555 2488 2600 et
2522 2545 2863 2616 adwquenlur
2889 2562 2908 2609 ;
2941 2562 3174 2617 quorum
3206 2550 3496 2606 verborum

1920 2653 2121 2695 sensus
2170 2638 2374 2693 clarior
2427 2637 2519 2693 fiet
2567 2638 2748 2693 allatis
2786 2639 3072 2709 exemplis.
3128 2639 3403 2697 Ponamus
3433 2642 3502 2697 do

1918 2731 2293 2786 instrumento
2322 2731 2507 2801 aliquo
2536 2729 2750 2785 sutorio
2766 2745 3075 2786 sermonem
3110 2746 3234 2787 esse
3266 2733 3321 2787 in
3351 2734 3499 2790 hunc

1920 2823 2142 2878 modum
2166 2839 2182 2883 :
2207 2822 2483 2892 scalprum
2515 2820 2570 2875 in
2598 2820 2794 2875 circuli
2827 2822 3046 2875 modum
3071 2821 3496 2890 conformatum,

1918 2914 1965 2969 si
1995 2913 2311 2983 imponatur
2341 2910 2532 2976 alicui,
2567 2911 2625 2965 in
2649 2926 2759 2981 quo
2792 2911 2918 2981 quis
2947 2918 3135 2982 typum
3166 2912 3286 2981 ejus
3346 2922 3401 2967 et
3437 2914 3499 2967 fi-

1918 3020 2109 3076 guram
2164 3004 2470 3075 exprimere
2508 3002 2657 3065 velit,
2712 3009 2844 3056 tunc
2894 3002 2947 3055 id
3004 3002 3149 3071 quod
3206 3003 3499 3069 scinditur,

1920 3093 2148 3149 formam
2176 3103 2232 3149 et
2264 3094 2496 3164 figuram
2548 3091 2681 3147 ferri
2721 3091 2951 3161 recipit;
3003 3098 3057 3147 et
3098 3100 3285 3148 tantus
3323 3102 3407 3149 est
3442 3094 3498 3149 in

1919 3182 2163 3240 sectione
2194 3182 2456 3249 ambitus,
2511 3190 2754 3252 quantus
2788 3181 2843 3234 iu
2907 3181 3292 3250 instrumento,
3324 3200 3501 3254 quan-

1921 3285 2085 3347 toque
2113 3275 2407 3330 intervallo
2450 3272 2893 3330 circumductum
2926 3281 3012 3330 est
3045 3275 3498 3338 instrumentum.

1918 3374 2132 3421 tantum
2167 3366 2221 3421 in
2249 3365 2492 3422 sectione
2528 3365 2693 3421 etiam
2723 3366 2992 3421 circulum
3014 3365 3311 3424 describet.
3350 3368 3501 3425 Talis

1917 3467 2002 3513 est
2036 3457 2278 3527 theologi
2328 3456 2495 3526 hujus
2543 3455 2805 3527 cogitatio
2851 3456 2919 3512 de
2984 3457 3167 3514 divina
3232 3460 3500 3532 unigeniti

1916 3546 2039 3604 Filii
2076 3549 2380 3620 hypostasi.
2419 3548 2531 3615 Ait,
2579 3547 2951 3619 Operationem
2981 3549 3290 3620 quamdam,
3345 3554 3503 3623 quasi

1917 3640 2345 3705 instrumentum,
2369 3657 2487 3711 qua:
2510 3639 2580 3695 ad
2601 3641 2829 3710 primam
2850 3639 3205 3697 substantiam
3226 3653 3498 3714 sequatur,
3584 3694 3597 3707 ,

1915 3733 2150 3801 eﬂ'ecisse
2163 3746 2290 3800 opus
2304 3732 2406 3788 sibi
2420 3743 2922 3797 commensuratum,
2937 3750 2962 3786 ν
2972 3733 3189 3790 idelicet
3209 3735 3497 3791 Dominum

1916 3832 2210 3879 nostrum:
2249 3824 2330 3880 sic
2361 3825 2509 3879 enim
2538 3823 2813 3895 glorificat
2860 3824 2965 3880 iste
2997 3823 3196 3879 Filium
3239 3825 3359 3891 Dei,
3400 3831 3495 3897 qui

1917 3917 1969 3970 in
1999 3916 2174 3987 gloria
2201 3915 2384 3971 Patris
2407 3917 2452 3948 ³⁸
2482 3933 2632 3973 nunc
2681 3919 3043 3990 glorificatur,
3105 3917 3254 3972 hunc
3301 3921 3499 3974 asserit

1916 4023 2047 4077 opus
2074 4016 2583 4074 commensuratum.
2609 4017 2665 4064 et
2693 4019 2841 4066 certa
2871 4010 3223 4079 proportione
3270 4024 3499 4080 respon-

1915 4099 2052 4155 dens
2081 4099 2157 4167 ei,
2190 4116 2300 4171 qua
2342 4099 2572 4157 effectus
2631 4101 2725 4164 sit,
2778 4100 3102 4170 operationi.
3160 4098 3291 4166 Qua:
3331 4101 3499 4170 igitur

1914 4198 1999 4248 est
2062 4192 2180 4247 haec
2231 4192 2454 4261 energia
2488 4199 2543 4245 et
2578 4191 2845 4259 operatio,
2894 4207 3013 4261 quae
3070 4191 3237 4247 Deum
3274 4193 3497 4259 quidem

1914 4285 2300 4340 universorum
2352 4289 2641 4351 sequatur.
2697 4289 2753 4337 et
2785 4291 2911 4337 ante
2946 4281 3294 4354 Unigcnitum
3361 4301 3493 4356 pra»

1914 4375 2262 4445 concipiatur
2320 4373 2787 4431 circumscribens
2856 4374 3030 4445 ipsius
3084 4376 3500 4432 substantiam?

1914 4466 2086 4523 Estne
2113 4464 2426 4522 essentialis
2487 4465 2739 4535 qumdam
2803 4468 3067 4537 potentia,
3101 4482 3197 4537 per
3254 4469 3495 4539 seipsam

1913 4558 2245 4621 subsistens,
2301 4567 2356 4613 et
2416 4558 2691 4612 arbitratu
2737 4574 2860 4618 suo.
2895 4573 2993 4628 per
3027 4558 3255 4613 liberam
3294 4561 3491 4614 volun-

1909 4650 2040 4705 tatis
2068 4650 2341 4705 actionem
2395 4648 2471 4714 id,
2507 4646 2655 4719 quod
2715 4648 2915 4719 placet,
2984 4648 3273 4719 operaus?
3319 4648 3495 4719 Igitur

1908 4743 2027 4813 ipsa
2080 4749 2187 4804 est,
2248 4738 2413 4797 Pater
2474 4738 2718 4798 Domini:
2778 4746 2834 4796 et
2867 4755 2968 4795 cur
3012 4739 3250 4811 amplius
3290 4754 3492 4795 nomen

1913 4832 2096 4889 Patris
2136 4833 2246 4890 Deo
2275 4833 2656 4888 universorum
2679 4831 3032 4887 attribuimus
3056 4874 3073 4899 ,
3118 4833 3164 4888 si
3196 4846 3305 4887 non
3352 4832 3490 4902 ipse.

1915 4927 2011 4982 sed
2042 4927 2266 4998 cnergia
2300 4925 2577 4997 quaedam,
2609 4932 2665 4981 et
2693 4924 2941 4996 operatio
2963 4927 3306 4981 extrinsecus
3351 4939 3490 4980 con.

1914 5032 2154 5089 sequens
2217 5024 2272 5072 et
2331 5015 2630 5072 adveniens
2661 5015 2862 5071 Filium
2897 5015 3193 5086 produxit?
3228 5015 3293 5069 Et
3316 5082 3322 5089 ο
3348 5031 3490 5086 quo-

1913 5110 2075 5165 modo
2107 5110 2279 5166 Filius
2305 5118 2393 5165 est
2425 5107 2621 5173 Filius,
2649 5123 2812 5179 quem
2874 5124 2970 5175 per
3028 5108 3175 5163 aliud
3230 5108 3491 5179 quiddam

1912 5203 2238 5268 subsistere,
2268 5210 2322 5257 et
2343 5202 2520 5258 instar
2550 5200 2885 5272 suppOsititii
2919 5201 3203 5270 cujusdam
3230 5209 3286 5256 et
3315 5204 3490 5273 spurii

1912 5295 2036 5367 (det
2063 5296 2281 5351 veniam
2315 5294 2549 5351 orationi
2590 5292 2896 5365 Dominus)
2928 5294 2983 5346 in
3015 5291 3199 5349 Patris
3255 5308 3489 5350 consor-

1910 5387 2047 5442 tium
2077 5385 2385 5455 irrepsisse,
2413 5394 2468 5441 et
2517 5386 2633 5442 sola
2665 5382 2789 5438 Filii
2819 5383 3188 5454 appellatione
3217 5384 3481 5441 honesta-

1911 5485 2028 5534 tum
2054 5492 2177 5534 esse
2236 5476 2413 5532 dicit?
2466 5475 2751 5544 Quomodo
2801 5475 3099 5547 collpcabit
3133 5485 3257 5543 post
3317 5476 3487 5534 Deum

1913 5572 2323 5636 universorum,
2358 5568 2555 5624 Filium
2582 5587 2598 5637 ;
2627 5568 2720 5639 qui
2742 5565 2964 5627 tertium
2994 5584 3026 5624 a
3063 5570 3226 5626 Patre
3246 5576 3502 5629 numerat
