4008 6210
587 335 689 389 527

1772 333 1830 389 S.
1872 332 2196 390 GREGORII
2235 332 2525 390 NYSSENI

3707 334 3807 388 3‘18

585 454 804 520 Filium,
838 454 1104 509 collocata
1133 452 1311 508 inedia
1340 453 1430 507 illa
1450 468 1670 524 energta
1705 469 1801 510 seu
1834 457 2148 525 operatione

2253 458 2431 529 τρίτῃ,
2470 456 2585 509 ἀλλ’
2614 457 2671 507 ἐν
2711 454 2935 527 πέμπτῃ
2978 452 3127 519 τάξει
3179 454 3675 525 καταληφθήσεται,
3714 458 3803 525 τῆς

585 546 829 601 secundo
859 544 1022 599 loco?
1055 544 1168 599 Hac
1201 545 1342 600 serie
1376 543 1615 615 Spiritus
1647 554 1872 601 sanctus
1907 561 2015 600 non
2063 554 2147 602 te-

583 634 734 687 nebit
761 634 995 704 amplius
1025 632 1204 686 locum
1235 633 1477 695 tertium,
1514 633 1605 687 sed
1637 633 1923 702 quintum:
1955 648 2150 703 opera-

583 725 754 790 tione,
783 740 905 794 qua:
936 724 1005 778 ad
1044 724 1408 778 substantiam
1466 721 1741 792 Unigeniti
1772 723 2042 793 sequitur,
2095 731 2149 779 et

584 831 681 886 per
708 830 869 886 quam
900 815 1137 885 Spiritus
1177 823 1405 869 sanctus
1438 814 1710 881 subsistit,
1740 823 1802 869 ut
1848 814 2149 895 Eunomius

586 915 760 976 putat,
799 908 974 963 media
1001 906 1309 977 interjecta.

654 1182 762 1237 Sed
789 1191 844 1238 et
881 1180 1011 1235 illud
1039 1178 1388 1249 evangelista)
1410 1220 1425 1245 ,
1461 1177 1655 1234 Omnia
1674 1195 1765 1248 per
1792 1179 1964 1247 ipsum
2003 1178 2150 1247 facta

582 1272 783 1339 sunt",
818 1274 920 1327 hac
946 1272 1156 1325 ratione
1187 1286 1385 1323 vanum
1421 1278 1475 1325 et
1506 1269 1702 1325 falsum
1732 1269 2011 1332 efﬁcietur,
2046 1270 2149 1322 alia

580 1360 812 1432 quadam
843 1360 1150 1416 substantia
1182 1360 1510 1430 antiquiore,
1546 1376 1708 1429 quam
1762 1362 1835 1416 sit
1885 1359 2147 1430 Unigeni-

481 1467 487 1473 ‘
581 1464 705 1519 tus,
740 1454 808 1508 ab
840 1452 944 1509 hoc
969 1466 1108 1506 novo
1149 1452 1405 1520 tbeologo
1453 1453 1717 1518 conﬁcta,
1783 1453 1873 1506 cui
1929 1452 2150 1507 meliore

510 1612 517 1617 ᾗ
574 1546 698 1615 jure
725 1558 895 1598 causa
921 1545 1101 1598 omnis
1161 1544 1455 1598 ereationis
1486 1552 1541 1598 et
1598 1552 1866 1598 creatura:
1925 1551 2148 1611 accepta

579 1634 807 1696 feratur,
840 1649 965 1689 cum
1002 1634 1176 1704 ipsius
1202 1634 1368 1688 etiam
1398 1632 1675 1704 Unigeniti
1712 1633 2002 1704 productio
2056 1649 2144 1688 se-

577 1727 815 1781 cundum
848 1726 986 1780 hanc
1012 1726 1324 1795 opinionem
1357 1726 1426 1779 ab
1460 1725 1554 1779 illa
1584 1726 1802 1795 energia
1861 1734 1914 1778 et
1948 1738 2143 1793 opera-

578 1815 724 1869 tione
754 1814 1005 1883 pendeat.
1038 1794 1192 1880 Quod
1223 1815 1267 1869 si
1306 1815 1406 1869 bas
1442 1814 1812 1868 absurditates
1848 1814 2020 1867 vitare
2047 1827 2139 1867 νο·
2178 1794 2218 1849 Β

577 1904 718 1968 lens,
762 1909 969 1957 asserat
1000 1902 1372 1971 operationem
1402 1902 1548 1955 illam
1580 1918 1703 1957 esse
1733 1917 1847 1958 rem
1874 1918 1982 1956 non
2015 1903 2145 1957 sub.

576 1993 881 2056 sistentem,
932 2007 1127 2047 rursus
1162 1992 1397 2063 explicet
1430 1992 1619 2057 nobis,
1656 1993 1936 2063 quomodo
1969 1992 2037 2046 ad
2067 1991 2144 2059 id,

575 2085 720 2154 quod
737 2084 970 2150 exsistit,
1002 2093 1263 2153 sequatur
1294 2082 1366 2143 id.
1389 2082 1532 2151 quod
1553 2097 1660 2136 non
1680 2083 1917 2147 exsistit,
1932 2091 1984 2138 et
2005 2099 2145 2153 quo-

577 2175 739 2232 modo
758 2175 833 2239 id,
853 2176 996 2246 quod
1015 2190 1123 2229 non
1139 2175 1408 2241 subsistit,
1422 2175 1623 2231 efﬁciat
1639 2190 1787 2240 eum,
1801 2176 1894 2245 qui
1910 2177 2144 2232 exsistit.

576 2267 654 2321 Ex
669 2268 753 2323 bis
772 2275 922 2322 certe
938 2265 1166 2321 emcitur
1190 2281 1221 2321 a
1236 2265 1347 2321 Deo
1372 2268 1591 2335 prodire
1619 2281 1704 2331 ea,
1722 2283 1842 2337 qua:
1857 2283 1966 2322 non
1996 2268 2145 2323 exsi-

577 2366 811 2421 stunt,et
825 2371 1043 2412 causam
1058 2374 1237 2415 rerum
1248 2371 1462 2423 esseea,
1473 2367 1846 2429 qutenonsunt
1859 2375 1871 2411 ἰ
1883 2367 1936 2414 et
1951 2373 2013 2413 ea
2027 2374 2148 2429 quae

576 2458 778 2503 natura
816 2463 914 2504 sua
937 2463 1045 2502 non
1079 2448 1411 2516 subsistunt,
1440 2448 1891 2503 circumscribere
1933 2462 2146 2513 eorum,

575 2558 698 2612 qua:
732 2542 1062 2604 subsistunt,
1112 2550 1384 2596 naturam:
1425 2540 1716 2609 omnisque
1758 2548 2023 2595 creaturae
2063 2541 2148 2596 vis

576 2634 815 2689 tellectrix
850 2641 903 2688 et
944 2631 1259 2703 productrix
1305 2630 1678 2685 continebitur
1697 2631 1995 2685 secundum
2018 2646 2146 2701 pro-

577 2724 749 2794 priatn
767 2738 922 2778 suam
938 2723 1203 2777 rationem
1221 2736 1285 2777 eo
1297 2723 1439 2791 quod
1456 2736 1567 2775 non
1580 2720 2008 2777 subsistiLTalia
2020 2728 2148 2777 sunt

577 2816 739 2871 istius
765 2816 1001 2885 theologi
1050 2815 1249 2885 placita
1273 2852 1287 2879 ,
1321 2812 1414 2883 qui
1450 2811 1739 2867 Dominum
1784 2813 1911 2867 coeli
1955 2823 2009 2868 et
2036 2822 2149 2868 ιρι·-

576 2921 673 2971 ne,
708 2917 762 2962 et
793 2908 975 2962 omnis
1014 2914 1285 2960 creatura:
1337 2905 1701 2968 conditorem,
1750 2903 1983 2960 Verbum
2031 2905 2144 2972 Dei,

576 2997 722 3067 quod
758 2999 812 3051 in
866 2996 1139 3066 principio
1192 3005 1328 3060 erat,
1381 3004 1435 3049 et
1467 3009 1563 3063 per
1593 2994 1738 3063 quod
1766 2995 1949 3049 omnia
1998 2994 2142 3049 facta

577 3097 725 3152 sunt,
760 3088 1063 3143 subsistere
1107 3087 1267 3141 docet
1305 3101 1369 3141 ex
1399 3100 1508 3140 non
1554 3087 1852 3142 exsislente
1871 3085 1959 3141 vel
2017 3086 2146 3141 sub—

577 3182 805 3236 sistente
839 3194 900 3234 re
932 3179 1168 3249 quadam
1199 3178 1281 3234 vel
1311 3178 1692 3248 conceptione,
1718 3178 1804 3234 vel
1829 3179 2014 3234 nescio
2036 3194 2145 3249 quo

577 3271 685 3325 alio
718 3271 939 3327 nomine
966 3269 1148 3324 ﬁctam
1181 3269 1250 3324 ab
1285 3269 1410 3339 ipso
1461 3270 1736 3339 energiam
1767 3277 1822 3324 et
1873 3270 2149 3340 operatio-

577 3378 700 3416 nem
736 3361 1009 3432 appellare
1036 3358 1223 3423 liceat,
1247 3360 1476 3430 ipsaque
1497 3375 1606 3414 non
1634 3359 1976 3424 exsistentia,
2000 3361 2148 3415 velut

578 3464 732 3525 septo
764 3454 999 3524 quodam
1030 3462 1083 3507 ct
1124 3452 1328 3519 limite,
1370 3452 1614 3521 undique
1659 3450 2143 3519 circumscriptum

576 3554 631 3601 et
657 3548 945 3614 obseptum
977 3559 1099 3600 esse
1128 3562 1140 3598 :
1172 3552 1226 3596 at
1257 3558 1365 3597 non
1394 3543 1653 3614 intelligit
1687 3544 1736 3598 is
1768 3543 1863 3612 qui
1894 3542 2148 3597 invisibi-

578 3638 648 3691 lia
679 3653 738 3692 se
766 3636 943 3691 videre
992 3635 1227 3705 jactitat,
1262 3634 1317 3688 in
1377 3634 1637 3704 quidnam
1698 3634 1874 3688 oratio
1926 3632 2145 3687 tandem

579 3728 814 3782 desinat.
851 3727 907 3781 Si
959 3727 1104 3781 enim
1149 3724 1396 3796 operatio
1424 3726 1517 3780 Dei
1566 3740 1675 3779 non
1711 3724 1982 3790 subsistit,
2017 3724 2148 3776 bac-

579 3833 685 3888 que
713 3816 1187 3872 circumscribitur
1220 3824 1273 3871 et
1302 3816 1458 3887 quasi
1495 3815 1753 3880 ambitur,
1806 3813 1962 3879 illud,
2000 3802 2145 3884 quod

579 3926 608 3965 a
637 3925 743 3964 non
776 3909 1091 3964 exsistcntia
1122 3907 1447 3979 producitur
1473 3948 1488 3973 ,
1515 3906 1741 3962 omnino
1773 3921 2002 3961 necesse
2031 3915 2141 3970 est,

579 4010 639 4054 ut
669 3999 969 4054 secundum
1003 4007 1254 4053 naturam
1294 4012 1449 4052 suam
1478 3996 1708 4052 effectus
1733 3995 2004 4065 ejusmodi
2057 3996 2146 4065 ju-

578 4089 812 4151 dicetur,
838 4087 1017 4157 qualis
1049 4095 1131 4142 est
1162 4094 1359 4140 natura
1398 4084 1542 4155 ejus,
1575 4083 1722 4155 quod
1770 4084 1869 4138 iste
1918 4085 2148 4138 comini-

578 4182 825 4245 niscitur,
866 4181 1115 4236 effectum
1153 4179 1521 4250 produxisse;
1586 4191 1711 4249 nam
1762 4176 1907 4247 quod
1962 4188 2153 4229 anon—

576 4270 896 4326 cxsistentia
926 4269 1177 4324 ell‘cctum
1224 4277 1330 4332 est,
1359 4283 1533 4337 caque
1568 4265 2027 4336 comprehensum
2062 4264 2147 4317 in~

2250 546 2526 616 ἐνεργείας
2550 544 2761 614 ἐκείνης
2786 546 2843 598 ἐν
2875 544 3101 615 δευτέρᾳ
3128 543 3277 610 τάξει
3306 543 3440 614 μετὰ
3458 545 3549 597 τὸν
3578 545 3667 597 ἐπὶ
3684 547 3806 600 πάν-

2248 654 2356 690 των
2389 637 2521 689 Θεὸν
2546 636 2972 707 ἀριθμουμένης,
2991 633 3133 687 κατά
3151 634 3207 688 δὲ
3231 634 3328 706 τὴν
3350 635 3662 690 ἀκολουθίαν
3685 638 3805 690 ταύ-

2249 744 2369 798 την,
2396 728 2488 781 καὶ
2520 728 2579 780 τδ
2610 726 2830 796 Πνεῦμα
2854 726 2914 778 τὸ
2940 725 3091 794 ἀγιον
3115 726 3327 789 πάντως
3349 727 3528 779 οὐκέτι
3560 728 3617 779 ἐν
3639 728 3804 799 τρίτῃ,

2249 817 2364 875 ἀλλ’
2389 819 2447 871 ἐν
2476 816 2701 889 πέμπτῃ
2724 816 2872 881 τάξει
2892 816 3385 886 καταληφθήσεται,
3424 816 3521 886 τῆς
3543 817 3807 886 ἐνεργείας

2253 908 2353 977 τῆς
2391 907 2469 979 τῷ
2494 910 2790 977 Μονογενεῖ
2816 908 3221 979 παρεπομένης,
3261 907 3382 961 καθ’
3411 909 3475 979 ἢν
3508 908 3705 980 ὑπέστη
3747 908 3806 962 τὸ

2250 990 2473 1068 Πνεῦμα
2517 998 2577 1050 τὸ
2612 1001 2783 1068 ἅγιον,
2822 998 2896 1061 ὡς
2941 1001 2968 1051 ὁ
2996 998 3262 1069 Εὑνομίου
3293 998 3467 1067 λόγος,
3514 999 3604 1052 διὰ
3651 1000 3803 1072 μέσου

2251 1088 2466 1147 πάντως
2492 1089 2723 1160 ἀριθμου
2732 1089 2916 1159 μένης.

2338 1178 2497 1231 Ἀλλά
2537 1180 2630 1232 καὶ
2658 1179 2744 1244 τὸ,
2790 1178 2990 1231 Πάντα
3028 1176 3125 1230 διὰ
3166 1178 3271 1231 τοῦ
3310 1177 3446 1231 Υἱοῦ
3466 1178 3803 1247 γεγενῆσθαι

2250 1270 2445 1339 λέγειν,
2464 1271 2761 1324 ἀσύστατον
2788 1270 2875 1323 διὰ
2900 1270 3103 1324 τούτων
3129 1270 3590 1342 ἐπιδειχθήσεται·
3627 1273 3803 1343 ἐτέρας

2249 1361 2390 1424 τινὸς
2420 1361 2764 1423 ὑποστάσεως
2795 1360 3169 1433 πρεσϐυτέρας
3192 1360 3285 1414 τοῦ
3318 1362 3648 1431 Μονογενοῦς
3676 1382 3805 1433 προ-

2249 1450 2684 1519 αναπλασθείσης
2718 1449 2821 1502 ὑπὸ
2865 1450 2957 1503 τοῦ
2988 1450 3173 1504 καινοῦ
3204 1451 3477 1520 θεολόγου,
3520 1455 3600 1517 είς
3637 1455 3696 1524 ἦν
3728 1457 3802 1507 εἰ-

2248 1539 2420 1602 κότως
2445 1542 2477 1609 ἡ
2509 1540 2655 1592 αἰτία
2684 1539 2785 1611 τῆς
2816 1539 3044 1603 κτίσεως
3081 1540 3189 1595 τῶν
3220 1543 3434 1595 πάντων
3464 1543 3806 1615 ἀνενεχθήσε-

2249 1642 2336 1679 ται
2361 1641 2375 1654 °
2433 1626 2566 1679 διότι
2604 1628 2698 1680 καὶ
2743 1627 2909 1681 αὑτοῦ
2948 1632 3040 1682 τοῦ
3069 1629 3399 1698 Μονογενοῦς
3440 1633 3474 1702 ἠ
3504 1635 3802 1704 κατασκευὴ

2250 1717 2389 1771 κατὰ
2409 1717 2498 1772 τὸν
2527 1718 2746 1772 ἐκείνων
2767 1718 2941 1787 λόγον,
2968 1719 3066 1791 τῆς
3100 1720 3378 1791 ἐνεργείας
3411 1722 3621 1794 ἐκείνης
3644 1724 3803 1795 ἠρτη-

2248 1826 2353 1862 ται.
2404 1808 2466 1860 Εἰ
2499 1809 2556 1861 δέ
2585 1808 2753 1862 ταῦτα
2797 1809 2865 1862 τὰ
2900 1809 3075 1863 ἄτοπα
3105 1810 3321 1881 φεύγων
3365 1813 3726 1867 ἀνυπόστατόν
3752 1834 3803 1868 τι

2247 1901 2477 1971 πρᾶγμα
2499 1900 2646 1971 λέγοι
2687 1900 2783 1971 τὴν
2801 1901 3102 1974 ἐμέργειαν,
3123 1898 3190 1974 ἦς
3216 1904 3559 1975 ἀποτέλεσμα
3574 1906 3661 1958 τὸν
3681 1905 3807 1960 Υἱδν

2246 1993 2555 2063 διορίζεται,
2575 1992 2733 2047 πάλιν
2748 1994 2973 2058 εἰπάτω,
2995 1995 3109 2059 πῶς
3125 1995 3314 2049 ἕπεται
3329 1996 3406 2067 τῷ
3425 1996 3535 2050 δντι
3557 1998 3615 2051 τὸ
3635 2000 3705 2071 μὴ
3727 1998 3806 2061 ὃν,

2251 2083 2371 2146 πῶς
2399 2083 2453 2136 δέ
2480 2084 2872 2155 κατεργάζεται
2896 2086 2989 2138 τὸν
3014 2086 3314 2155 ὑφεστῶτα,
3335 2087 3396 2141 τὸ
3430 2088 3503 2159 μὴ
3537 2088 3800 2157 ὑφεστὼς.

2247 2174 2614 2246 Εὑρεθήσεται
2643 2174 2749 2249 γάρ
2783 2176 2870 2230 διὰ
2917 2177 3141 2242 τούτων,
3170 2178 3564 2233 ἀκολουθοῦντα
3596 2180 3689 2251 μὲν
3728 2181 3802 2251 τῷ

2245 2265 2364 2337 Θεῷ
2388 2266 2456 2319 τὰ
2479 2268 2799 2342 ἀνύπαρκτα
2822 2287 2835 2299 ·
2893 2270 3039 2324 αἴτια
3063 2270 3120 2323 δὲ
3149 2269 3255 2323 τῶν
3282 2269 3449 2324 ὄντων
3489 2270 3557 2323 τά
3587 2270 3659 2342 μὴ
3680 2272 3803 2324 ὄντα

2246 2359 2525 2429 γινόμενα,
2554 2360 2645 2412 καὶ
2669 2360 3074 2431 περιγράφοντα
3106 2359 3204 2432 τὴν
3228 2361 3335 2413 τῶν
3363 2360 3681 2430 ὑφεστώτων
3708 2362 3804 2431 φύ-

2248 2465 2353 2515 σιν,
2380 2448 2417 2501 ἀ
2435 2451 2501 2519 τῇ
2531 2448 2736 2502 ἑαυτῶν
2757 2450 2855 2519 οὐχ
2882 2449 3154 2521 ὑφέστηκε
3171 2449 3349 2519 φύσει,
3371 2450 3517 2520 καὶὴ
3544 2452 3686 2504 πᾶσα
3706 2451 3804 2519 τῆς

2246 2543 2474 2608 κτίσεως
2506 2542 2915 2616 ἀποτελεστικὴ,
2972 2544 3069 2597 καλ⁸
3113 2543 3444 2614 δημιουργὸς
3476 2543 3698 2614 δύναμις
3729 2545 3805 2613 τῷ

2247 2633 2575 2706 ἀνυπάρκτῳ
2618 2633 2757 2687 κατὰ
2795 2635 2885 2687 τὸν
2948 2634 3079 2687 ἴδιον
3125 2634 3282 2702 λόγον
3329 2633 3803 2706 περιληφθήσεται.

2247 2724 2483 2777 Τοιαῦτα
2519 2724 2611 2777 τοῦ
2645 2724 2892 2792 θεολόγου
2915 2723 2983 2778 τὰ
3012 2723 3276 2793 δόγματα,
3296 2724 3354 2788 ὃς
3378 2725 3470 2778 τὸν
3492 2726 3689 2795 Κύριον
3713 2726 3805 2778 τοῦ

2246 2814 2475 2888 οὐρανοῦ
2507 2815 2601 2868 καὶ
2627 2816 2726 2886 τῆς
2751 2815 2873 2885 γῆς,
2905 2814 3085 2884 πάσης
3109 2813 3208 2884 τῆς
3221 2811 3449 2878 κτίσεως
3464 2812 3783 2887 δημιουργὸν

2246 2910 2338 2962 τὸν
2371 2911 2428 2961 ἐν
2458 2909 2598 2979 ἀρχῇ
2632 2907 2762 2961 ὂντα
2799 2907 2972 2975 Λόγον
3004 2905 3161 2971 Θεοῦ,
3211 2906 3301 2959 τὸν
3338 2906 3405 2959 δι’
3434 2900 3494 2959 οῦ
3517 2906 3584 2959 τά
3614 2906 3808 2969 πάντα,

2245 2998 2430 3052 τοῦτον
2464 2999 2794 3070 ἀνυπάρκτῳ
2816 3000 2921 3051 τινὶ
2944 2998 3037 3051 καὶ
3070 2998 3422 3068 ἀνυποστάτῳ
3444 2996 3741 3068 πράγματι,
3770 2998 3808 3067 ἢ

2247 3093 2345 3146 οὑκ
2377 3089 2473 3145 οἷδ’
2492 3091 2639 3155 ὅπως
2665 3091 2929 3163 ὀνομάσαι
2957 3093 3222 3163 προσήκει
3254 3090 3351 3161 τὴν
3375 3092 3503 3160 παρ’
3524 3088 3684 3143 αὑτοῦ
3713 3088 3811 3141 νῦν

2244 3181 2675 3236 ἀναπλασθεῖσαν
2719 3182 3025 3253 ἐνέργειαν,
3068 3181 3362 3250 ὑποστῆναι
3401 3180 3577 3248 λέγει,
3626 3177 3719 3232 καὶ
3749 3180 3810 3230 ἐν

2246 3275 2382 3344 αὑτῇ
2419 3273 2874 3343 περιγεγράφθαι,
2910 3267 3019 3325 οἷόν
3058 3289 3162 3326 τινι
3203 3272 3370 3341 ὲρκίῳ
3410 3273 3475 3341 τῇ
3506 3269 3811 3340 ἀνυπαρξὶᾳ

2246 3365 2575 3434 πανταχόθεν
2589 3364 2984 3435 διειλημμένον.
3009 3365 3119 3418 Καὶ
3132 3363 3195 3417 οὑ
3216 3364 3458 3433 συνίησιν
3477 3364 3505 3415 ὁ
3520 3361 3588 3415 τὰ
3608 3361 3810 3414 ἀθέατα

2248 3452 2479 3523 βλέπων,
2507 3457 2585 3518 είς
2602 3449 2712 3508 οἷον
2741 3454 3103 3526 καταστρέφει
3137 3455 3310 3524 πέρας
3337 3455 3370 3525 ὴ
3403 3452 3689 3508 ἀκολουθία
3716 3452 3811 3505 τοῦ

2245 3546 2422 3614 λόγου.
2452 3548 2512 3600 Εἰ
2534 3547 2643 3618 γὰρ
2673 3546 3039 3611 ἀνυπόστατος
3069 3546 3168 3616 μέν
3197 3546 3229 3617 ἡ
3264 3546 3509 3616 ἐνέργεια
3534 3544 3626 3598 τοῦ
3650 3543 3812 3607 Θεοῦ,

2245 3637 2415 3710 ταύτῃ
2445 3636 2502 3690 δέ
2529 3639 2998 3708 ἐμπεριγράφεται
3025 3636 3086 3689 τὸ
3114 3638 3178 3690 ἐκ
3204 3638 3301 3706 τῆς
3321 3635 3654 3707 ἀνυπαρξίας
3674 3636 3826 3687 ἀπο-

2243 3726 2492 3780 τελεσθὲν
2526 3726 2711 3798 ἔργον·
2766 3729 2984 3789 πάντως
3013 3728 3096 3781 ὅτι
3138 3728 3376 3781 τοιοῦτόν
3400 3743 3453 3780 τι
3490 3726 3816 3797 νοηθήσεται

2243 3819 2308 3887 τῇ
2336 3815 2492 3885 φύσει
2510 3816 2570 3868 τὺ
2590 3805 3056 3887 ἀποτέλεσμα,οῶ
3078 3818 3171 3870 καὶ
3194 3820 3227 3887 ἡ
3250 3817 3343 3870 τοῦ
3368 3816 3817 3885 ὑποστησαμένου

2244 3908 2304 3961 τὸ
2338 3907 2497 3979 ἔργον
2521 3906 2682 3975 φύσις
2717 3906 3026 3977 ἀνεπλάσθη
3064 3905 3138 3977 τῷ
3171 3905 3330 3977 λόγῳ.
3393 3906 3466 3959 Τὸ
3485 3905 3592 3977 γὰρ
3626 3906 3816 3957 ἀποτεο

2244 3995 2430 4051 λεσθὲν
2479 3998 2544 4049 ἐκ
2582 3997 2681 4067 τῆς
2727 3995 3096 4069 ἀνυπαρξίας,
3154 3996 3249 4050 καὶ
3287 3995 3819 4067 ἐμπεριειλημμένον

2245 4086 2436 4160 ταύτῃ,
2463 4088 2625 4140 παντὶ
2652 4087 2821 4158 δήπου
2853 4087 3133 4158 πρόδηλον,
3167 4088 3219 4140 τί
3241 4090 3437 4140 νοεῖται
3469 4103 3483 4117 ·
3523 4087 3602 4139 ὅτι
3632 4085 3815 4138 οὐδέν.

2246 4175 2380 4227 Οὐδὲ
2421 4175 2530 4246 γὰρ
2561 4175 2672 4245 ἔχει
2713 4175 2874 4244 φύσιν
2913 4176 3018 4228 ὑπὸ
3056 4174 3164 4229 τῶν
3199 4175 3453 4229 ἐναντίων
3485 4175 3552 4227 τὰ
3592 4175 3822 4227 ἐναντία

2248 4264 2629 4337 περιέχεσθαι·
2669 4252 2792 4318 οὔτε
2820 4265 2927 4335 γάρ
2968 4265 3071 4318 ὑπὸ
3104 4266 3292 4335 πυρὸς,
3330 4265 3473 4336 ὕδωρ
3499 4280 3514 4295 ·
3558 4263 3681 4317 οὔτε
3711 4264 3823 4315 ὑπδ

578 4361 837 4426 cluditur,
872 4359 926 4414 id
958 4360 1121 4429 quale
1169 4358 1260 4424 sit,
1295 4360 1431 4413 satis
1484 4359 1688 4427 liquet:
1725 4355 1982 4411 nimirum
2036 4369 2144 4409 non

2247 4353 2497 4418 θανάτου,
2528 4356 2708 4427 ζωήν
2768 4355 2892 4409 οὔτε
2929 4356 3033 4409 ὑπὸ
3072 4357 3312 4419 σκότους,
3346 4355 3459 4425 φῶς
3484 4372 3499 4385 ·
3551 4354 3675 4408 οῦτε
3711 4356 3824 4407 ὑπὸ

578 4461 811 4507 ens.scu
829 4451 981 4504 nihil.
1013 4448 1199 4520 Neque
1234 4449 1379 4503 enim
1409 4450 1483 4503 ita
1506 4457 1703 4502 natura
1760 4455 2135 4516 comparatum

2247 4446 2337 4499 τοῦ
2363 4447 2436 4517 μὴ
2458 4447 2629 4511 δντος.
2660 4448 2719 4500 τὸ
2741 4448 2819 4501 ὅν.
2858 4447 3016 4500 ’Λλλά
3044 4447 3217 4501 ταῦτα
3245 4448 3343 4517 μὲν
3376 4448 3479 4501 ὑπὸ
3505 4448 3604 4517 τῆς
3624 4464 3824 4518 περιτ-

577 4548 679 4605 cst,
713 4548 772 4593 ut
805 4541 1081 4595 contraria
1142 4538 1439 4594 contrariis
1498 4537 2033 4606 comprehendantur
2086 4544 2143 4589 et

2247 4536 2505 4606 τευούσης
2549 4537 2697 4608 αὐτῷ
2729 4539 2920 4605 σοφίας
2942 4578 2956 4601 ,
2993 4538 3027 4608 ἢ
3065 4540 3125 4591 οὑ
3156 4538 3417 4609 συνίησιν,
3469 4540 3502 4608 ἢ
3543 4538 3682 4591 ἑκὼν
3714 4540 3828 4606 ἀμ·

577 4632 1124 4696 circumscribantur,
1158 4638 1288 4701 puta
1315 4629 1383 4684 ab
1409 4629 1535 4698 igne
1557 4640 1720 4696 aqua,
1749 4642 1778 4678 a
1800 4634 1974 4679 morte
2010 4626 2138 4692 vita,

2249 4626 2506 4680 6λυὼττει
2541 4628 2676 4699 πρὸς
2701 4627 2799 4699 τὴν
2828 4628 3102 4698 ἀλήθειαν.

578 4736 605 4774 a
636 4724 872 4778 tenebris
915 4724 1116 4789 lumen,
1149 4722 1218 4776 ab
1248 4729 1373 4776 ente
1422 4736 1528 4774 non
1564 4735 1682 4775 cns.
1717 4719 1823 4774 Sed
1861 4719 1975 4774 haec
2012 4718 2234 4789 quidem
2268 4734 2380 4790 pne
2442 4719 2610 4774 nimia
2686 4721 2978 4790 sapientia,
3044 4730 3141 4775 aut
3197 4735 3305 4776 non
3378 4721 3649 4792 intelligit,
3722 4730 3827 4774 aut

576 4817 753 4871 sciens
774 4818 1067 4885 volensque
1121 4815 1339 4871 catcutit
1378 4813 1448 4868 ad
1497 4813 1807 4869 veritatem.

630 4906 802 4961 Porro
822 4922 884 4960 ex
906 4906 1230 4960 necessitate
1244 4903 1477 4974 quadam
1494 4903 1929 4957 imminutionem
1954 4902 2009 4957 in
2028 4901 2148 4957 sub-

2329 4898 2419 4965 Ἐξ
2434 4898 2676 4969 ἀνάγκης
2699 4898 2756 4951 δέ
2776 4915 2918 4961 τινος⁵
2941 4898 3002 4951 τὸ
3025 4898 3242 4952 ἔλαττον
3272 4900 3364 4952 ἐπὶ
3386 4900 3484 4970 τῆς
3520 4900 3614 4952 τοῦ
3635 4901 3827 4953 Mavo-

574 4998 776 5054 stantia
794 5008 848 5052 et
896 4996 1175 5066 hypostasi
1222 4993 1344 5050 Filii
1393 4995 1578 5065 ponit;
1608 4994 1917 5063 iterumque
1941 4994 1994 5048 in
2027 4991 2148 5062 Spi-

2247 4991 2434 5061 γενοῦς
2464 4990 2812 5052 ὑποστάσεως
2839 4991 2976 5043 νοεῖν
3003 5005 3016 5019 ο
3072 4990 3164 5043 καὶ
3201 4989 3384 5052 πάλιν,
3411 4990 3657 5043 ἐπίτασίν
3691 5008 3829 5044 τινα

577 5090 686 5142 ritu
709 5093 923 5150 sancto.
959 5093 1209 5155 respectu
1236 5083 1382 5148 Filii,
1412 5085 1647 5141 similem
1672 5083 2028 5153 perfectionis
2057 5084 2152 5139 de-

576 5179 875 5234 cretionem
907 5176 1097 5232 statuit
1135 5195 1149 5231 :
1193 5192 1318 5230 nam
1354 5177 1468 5231 haec
1488 5185 1613 5231 sunt
1646 5176 1765 5246 ejus
1792 5176 1957 5230 verba
1995 5193 2009 5229 :
2048 5174 2151 5229 Ne-

576 5270 864 5323 cessarium
895 5268 1106 5323 omnino
1137 5278 1307 5330 est,ut
1327 5268 1675 5337 operationes,
1706 5282 1821 5337 qua:
1872 5265 1940 5319 ad
1968 5282 2156 5336 quam-

585 5357 707 5411 libet
753 5358 1172 5413 substantiarum
1215 5366 1623 5428 consequuntur,
1669 5357 1775 5410 sint
1827 5357 2055 5427 majores
2091 5366 2141 5409 et

576 5450 825 5502 minores.
845 5449 995 5505 lianc
1014 5456 1196 5505 autem
1214 5450 1593 5505 necessitatem
1613 5462 1734 5516 qua:
1753 5448 1807 5503 in
1825 5447 2009 5502 divina
2043 5462 2143 5501 na-

576 5545 696 5591 tura
728 5537 841 5590 lizec
865 5539 1063 5593 eﬁiciat
1087 5579 1102 5604 ,
1134 5540 1612 5608 intcnsionetnque
1656 5546 1712 5593 et
1760 5537 2139 5594 remissionem

644 5650 686 5682 ³⁷
727 5648 883 5703 Juan.
927 5667 960 5707 ι.
998 5653 1049 5706 5.

2242 5085 2343 5154 τῆς
2379 5081 2722 5145 ἐλαττώσεως
2760 5080 2912 5152 παρὰ
2940 5081 3031 5134 τὸν
3070 5081 3197 5134 Υίδν
3235 5081 3518 5152 ἐνθεωρεῖν
3559 5080 3639 5152 τῷ
3672 5081 3831 5152 ἀγίῳ

2245 5173 2520 5242 Πνεὺματι
2546 5170 2965 5235 κατασκευάζειυ
3029 5168 3166 5224 οὕτω
3198 5171 3370 5239 λέγων
3395 5174 3504 5233 τοῖς
3530 5172 3784 5242 ῥήμασιν
3811 5188 3829 5202 ο

2258 5262 2499 5330 Ἀνάγκη
2530 5259 2698 5314 πᾶσα
2730 5260 2835 5326 τὰς
2870 5261 3095 5330 ἑκάστῃ
3118 5261 3237 5316 τῶν
3261 5262 3483 5316 οὐσιῶν
3513 5262 3833 5331 ἑπομένας

2248 5351 2545 5420 ἐνεργείας
2576 5349 2865 5418 ἐλάττους
2917 5371 2985 5408 τε
3037 5352 3136 5407 καὶ
3181 5352 3417 5421 μείζους
3459 5350 3627 5408 εἶναι.
3705 5355 3835 5423 Τὴν

2251 5444 2350 5515 μὲν
2378 5438 2469 5495 οῦν
2501 5442 2747 5513 ἀνάγκην
2788 5444 2886 5513 τὴν
2910 5442 3084 5498 ταῦτα
3113 5445 3171 5497 ἐν
3198 5446 3261 5514 τῇ
3290 5443 3411 5516 θείᾳ
3448 5443 3607 5512 φύσει
3634 5443 3837 5512 βιαζο-

2250 5536 2437 5597 μένην.
2467 5534 2560 5587 καὶ
2590 5533 2651 5588 τὸ
2689 5534 2871 5605 μεῖζον
2890 5576 2905 5604 ,
2947 5535 3122 5593 καὶτὸ
3148 5535 3364 5591 ἔλαττον
3395 5534 3837 5607 διακληροῦσαν,
