4008 6210
302 292 421 351 39.5
1554 300 1834 355 CONTRA
1862 302 2253 368 EUNOMIUM,
2297 305 2424 359 LIB.
2449 300 2511 361 ‘l.

3476 305 3580 360 550

307 408 435 463 οὕτε
474 406 786 479 ωράύτοῦ
812 409 1234 482 μεμαθήκαμεν,
1257 412 1380 466 οὔτε
1407 414 1499 483 ἀφ’
1527 418 1559 484 ἡ
1569 416 1684 485 μῶν
1711 417 1889 471 αὐτῶν

2008 428 2142 475 sorte
2164 422 2558 490 quasidividat,
2578 438 2753 492 neque
2776 423 2844 476 ab
2862 422 2981 493 ipso
2996 422 3307 479 didicimus.
3335 406 3579 492 nequ'ein

314 501 545 553 συνεῖναι
582 499 745 571 μέχρι
776 500 869 553 τοῦ
902 500 999 554 νῦν
1031 501 1384 573 δεδυνήμεθα.
1420 505 1569 568 Τέως
1599 508 1708 578 γὰρ
1742 509 1891 578 παρὰ

311 589 443 642 πᾶσι
470 591 668 659 κρατεῖ
698 589 759 641 τὸ
785 590 962 660 δόγμα
990 594 1103 655 τοῖς
1132 593 1231 647 τὸν.
1260 595 1566 665 ίδιωτισμὸν
1600 598 1892 667 καταδεχο-

307 680 494 751 μένοις
519 678 616 732 τοῦ
639 680 1009 752 ἀπλουστὲρου
1043 683 1395 754 κηρύγματος
1414 702 1427 715 ο
1455 686 1535 738 ὃτι
1555 688 1779 758 ούδεμία
1808 706 1892 752 τις

304 771 521 840 ἀνάγκη
544 771 643 841 τῆς
672 770 821 835 θείας
853 772 1172 843 ὑπέρκειται
1197 774 1431 844 φύσεως,
1447 764 1642 848 ηπρδς
1657 780 1717 832 τὸ
1741 780 1898 833 ἐλατ-

303 884 397 919 τον
436 867 704 936 κάμπτει,
749 868 845 921 καὶ
879 866 1123 936 βιάζεται
1165 869 1413 940 καθάπερ
1444 870 1565 923 τινὰ
1590 871 1697 925 τῶν
1723 874 1893 942 ἁργυι

310 956 567 1024 ρωνήτων
594 955 686 1007 τὸν
729 956 1011 1025 Μονογενῆ
1035 973 1049 987 ο
1098 955 1233 1010 ἀλλὰ
1268 957 1422 1011 τοῦτο
1464 961 1680 1031 παρεὶς,
1717 962 1892 1015 καίτοι

305 1050 371 1103 οὐ
425 1052 631 1120 μικρᾶς
678 1049 962 1122 ζητήσεως
1009 1049 1179 1118 ἄξιον,
1234 1051 1393 1122 μόνον
1434 1053 1494 1104 τὸ
1523 1052 1631 1105 δεῖν
1674 1053 1894 1108 ἔλαττον

308 1143 448 1193 νοεῖν
478 1139 816 1210 δογματίζει
881 1143 987 1196 Καὶ
1037 1142 1163 1212 μὴν,
1210 1144 1309 1196 οὐκ
1342 1144 1421 1206 είς
1462 1143 1620 1197 τοῦτο
1657 1149 1816 1215 μόνον
1860 1149 1893 1218 ή

308 1232 525 1301 ἀνάγκη
553 1230 646 1284 τὸν
678 1232 837 1300 λόγον
864 1234 1207 1305 καθίστησιν,
1237 1235 1373 1289 ἀλλά
1398 1252 1450 1288 τι
1485 1236 1578 1288 καὶ
1604 1237 1785 1291 πλεῖον
1816 1239 1895 1301 εἰς

312 1321 660 1390 βλασφημίαν
688 1324 1121 1389 κατασκευάζει,
1153 1324 1336 1390 καθὼς
1362 1327 1462 1399 ἤδη
1500 1328 1740 1401 μερικῶς
1764 1346 1898 1401 προσ-

309 1413 622 1481 εξήτασται.
650 1414 715 1466 Εἰ
736 1414 847 1484 γὰρ
876 1414 950 1485 μὴ
983 1417 1279 1486 ὲκ-Πατρὸς
1302 1420 1331 1471 6
1357 1418 1505 1484 Υἱὸς,
1532 1421 1647 1474 ἀλλ’
1665 1419 1727 1474 ἐκ
1753 1438 1896 1484 τινος

308 1503 689 1556 ἁνυπθστάτου
723 1505 1003 1574 ἐνεργείας
1037 1506 1316 1574 ἀνεφύετο,
1343 1509 1444 1561 οὐκ
1476 1509 1713 1564 ἐλάττων
1738 1512 1896 1579 μόνον

308 1591 406 1643 τοῦ
432 1593 646 1663 [ἰατρὸς
663 1594 1008 1664 νοηθήσεται,
1028 1595 1165 1649 ἀλλὰ
1195 1598 1256 1650 τὸ
1289 1600 1548 1669 παράπαν
1590 1600 1896 1666 ’ἰουδαΐζειν

308 1684 532 1753 ἀνάγκη
566 1683 644 1753 τῷ
671 1684 923 1754 δόγματι.
985 1687 1058 1739 Τὸ
1082 1688 1189 1759 γὰρ
1215 1689 1307 1742 τού
1350 1690 1423 1761 μὴ
1457 1690 1609 1755 ὄντος
1638 1693 1898 1746 ἀποτέλε-

2003 514 2146 567 hunc
2180 528 2349 583 usque
2377 512 2521 567 diem
2572 513 2795 582 proprio
2831 514 3014 568 studio
3047 512 3354 584 intelligere
3389 515 3578 583 potui-

2003 619 2146 658 mus.
2184 602 2476 673 liucusilue
2501 602 2645 656 enim
2678 604 2820 672 apud
2869 619 3085 667 omnes,
3120 605 3215 674 qui
3264 605 3582 674 suscipiunt

2000 693 2328 762 evangelica:
2366 693 2767 763 praedicationis
2820 691 3251 763 simplicitatem,
3305 694 3581 751 sententia

2003 783 2094 836 illa
2146 782 2379 847 obtinet,
2445 783 2578 837 nulli
2647 781 2964 837 necessitati
3014 782 3259 838 divinam
3318 794 3576 840 naturam

2003 873 2311 941 subjacere,
2342 888 2464 943 qua:
2493 873 2561 927 ad
2600 872 2918 927 substantire
2970 872 3583 930 imminutionemUni-

2001 961 2249 1037 genitum
2317 967 2515 1021 Filium
2575 974 2837 1034 tanquam
2908 965 3242 1034 mancipium
3306 965 3583 1036 quoddam

2004 1060 2311 1131 emptitium
2343 1066 2504 1127 cogat
2552 1065 2606 1112 et
2664 1055 2906 1124 deiiciat.
2958 1054 3064 1109 Sed
3103 1056 3225 1123 hoc,
3289 1046 3418 1111 licet
3470 1069 3583 1111 non

2003 1153 2200 1219 exigua
2227 1150 2612 1220 disquisitione
2645 1148 2867 1217 dignum
2899 1148 2991 1211 sit,
3042 1147 3271 1209 omisso,
3306 1146 3361 1201 id
3412 1160 3583 1201 unum

2002 1245 2268 1308 elaborat,
2329 1250 2389 1295 ut
2445 1239 2791 1311 persuadeat,
2832 1237 3106 1293 defectum
3161 1236 3581 1308 concipiendum

2002 1351 2125 1391 esse
2163 1355 2175 1389 :
2211 1349 2387 1403 neque
2443 1334 2550 1386 huc
2607 1332 2871 1385 duntaxat
2927 1331 3230 1386 necessitas
3278 1330 3583 1385 orationem

2009 1426 2202 1496 adigit,
2235 1426 2329 1480 sed
2361 1425 2426 1478 ad
2451 1424 2716 1492 majorem
2754 1421 3085 1491 impietatem
3106 1429 3167 1475 et
3188 1420 3584 1490 blasphemiam

2005 1517 2371 1588 progreditur,
2414 1515 2872 1585 quemadmodum
2921 1515 3035 1584 jam
3077 1513 3359 1583 speciatim
3407 1512 3586 1582 expli-

2004 1618 2183 1661 catum
2218 1613 2323 1661 est.
2377 1604 2434 1659 Si
2474 1606 2619 1658 enim
2653 1603 2825 1659 Filius
2871 1619 2981 1657 non
3030 1619 3092 1657 ex
3136 1600 3318 1664 Patre,
3374 1601 3470 1656 sed
3516 1617 3585 1656 ex

2005 1695 2238 1766 quadam
2270 1710 2379 1748 non
2410 1695 2711 1749 exsislentc
2749 1693 2969 1763 energia
2998 1692 3308 1762 productus
3340 1700 3446 1751 est.
3475 1707 3582 1745 non

313 1788 451 1842 σμα,
479 1774 600 1843 οὐχ).
630 1775 825 1845 μικρὸν
868 1778 901 1846 ή
945 1779 1044 1847 τῆς
1089 1778 1335 1849 ἀνάγκης
1372 1779 1574 1850 ταύτης
1605 1782 1892 1836 ἀκολουθία

2008 1785 2176 1839 Solum
2209 1784 2389 1836 minor
2409 1783 2513 1836 erit
2539 1781 2720 1840 Patre.
2751 1783 2844 1836 sed
2886 1782 3001 1849 ipsa
3033 1781 3363 1836 necessitate
3388 1796 3582 1850 cogen-

308 1865 605 1928 εεὲκνυσιν,
644 1865 780 1919 ’ἀλλ’
806 1867 943 1938 ὅπερ
969 1869 1088 1921 οὐδὲ
1118 1872 1508 1944 κατηγοροῦντι
1533 1874 1714 1943 λέγειν
1736 1876 1895 1929 ἀκίν-

2008 1891 2066 1938 .e,
2094 1874 2368 1944 oportebit
2422 1873 2488 1926 ad
2525 1872 2860 1941 judaismum
2893 1870 3203 1924 doctrinam
3247 1870 3391 1923 hanc
3418 1868 3588 1926 deﬂe.-

306 1955 492 2009 δυνον.
531 1959 737 2030 ’Ὠσπερ
780 1958 890 2030 γὰρ
920 1962 1233 2028 ἀναγκαίως
1262 1964 1604 2034 ὁμολογεῖται
1645 1963 1805 2033 εἶναι,
1840 1969 1899 2021 τὸ

2008 1973 2173 2030 :tere;
2220 1979 2343 2016 nam
2371 1961 2516 2032 quod
2554 1977 2660 2016 nou
2690 1962 2832 2015 eatis
2863 1960 3088 2014 cirectus
3132 1969 3233 2024 est,
3278 1960 3409 2013 illud
3446 1960 3590 2014 ratio

308 2047 385 2098 ὲκ
410 2048 504 2101 τοῦ
532 2048 681 2111 δντος
714 2049 835 2121 ἕχον
866 2052 964 2122 τὴν
1008 2052 1261 2124 γέννησιν
1280 2094 1294 2119 ,
1325 2053 1449 2107 οὔτε
1483 2056 1543 2108 τὸ
1572 2056 1807 2126 ἔμπαλιν
1842 2057 1901 2121 ἐξ

2008 2055 2346 2111 necessitatis
2377 2054 2566 2123 hujus,
2606 2067 2716 2106 non
2756 2066 2985 2120 parvum
3018 2057 3112 2104 aut
3141 2050 3324 2105 minus
3371 2049 3581 2120 arguit,

310 2139 565 2211 ἀνάγκης
605 2142 1086 2213 ὑμολογηθήσεται,
1139 2145 1198 2197 τὸ
1239 2146 1305 2199 ἐκ
1348 2146 1440 2201 τοῦ
1473 2149 1546 2219 μὴ
1576 2148 1731 2212 ὄντος
1767 2151 1900 2203 ἀνα-

2008 2148 2094 2204 sed
2119 2147 2299 2215 potius
2336 2145 2464 2199 illud
2496 2160 2619 2199 esse
2657 2142 2921 2208 declarat,
2953 2141 3099 2211 quod
3133 2157 3202 2196 ne
3233 2141 3337 2211 ipsi
3362 2140 3584 2211 quidem

310 2231 609 2301 φυόμενον.
660 2233 829 2285 Ὅταν
866 2234 972 2305 γὰρ
995 2234 1126 2288 αὐτὸ
1152 2252 1202 2288 τι
1249 2235 1323 2307 μὴ
1358 2231 1423 2310 ᾗ,
1477 2237 1592 2302 πῶς
1625 2240 1810 2309 ἕτερον
1840 2238 1900 2303 ἐξ

2008 2239 2314 2295 accusatori
2381 2235 2626 2307 proferre
2700 2242 2878 2288 tutum
2935 2241 3040 2287 est.
3117 2232 3587 2298 Quemadmodum

311 2320 489 2373 αὐτοῦ
517 2322 722 2394 ύποστή
732 2340 812 2377 σει
832 2340 849 2389 ;

2008 2331 2149 2386 enim
2181 2329 2426 2384 omnium
2464 2341 2742 2382 consensu
2790 2326 3028 2391 exsistit,
3063 2324 3115 2378 id
3150 2324 3297 2396 quod
3350 2341 3418 2382 ex
3462 2333 3590 2380 ente

309 2423 500 2468 ortum
535 2415 684 2470 ducit
711 2436 725 2472 :
786 2418 868 2472 sic
920 2420 1201 2476 contraria
1251 2425 1465 2480 ratione
1519 2425 1587 2481 de
1620 2427 1725 2482 isto
1792 2425 2139 2482 sentiendum
2171 2426 2296 2489 erit,
2329 2424 2474 2494 quod
2504 2438 2571 2478 ex
2600 2436 2709 2475 non
2732 2424 3031 2477 exsistcnte
3060 2421 3330 2476 nascitur.
3353 2420 3413 2475 Si
3441 2420 3587 2476 enim

310 2496 501 2575 ipsum
535 2522 642 2562 non
699 2510 772 2564 sit
799 2510 1025 2580 aliquid,
1084 2514 1359 2582 quomodo
1422 2517 1567 2572 aliud
1623 2533 1687 2572 ex
1754 2518 1873 2588 ipso
1902 2516 2170 2573 exsistet?

394 2599 455 2652 Εἰ
478 2596 574 2652 οὖν
598 2599 695 2653 οὐκ
721 2600 866 2654 ἐστιν
893 2603 950 2654 ἐν
983 2602 1090 2673 ἰδία
1120 2603 1297 2675 οὐσίᾳ,
1324 2608 1357 2676 ἡ
1393 2606 1470 2677 τῷ
1494 2606 1612 2676 Θεῷ
1635 2607 1732 2677 μὲν
1759 2624 1893 2677 παρ·

310 2691 565 2761 επομένη
597 2692 865 2763 ἐνέργεια,
900 2693 991 2746 τὸν
1027 2694 1084 2746 δὲ
1107 2694 1232 2747 Υἱὸν
1254 2697 1622 2768 ἐργαζομένη,
1653 2699 1737 2762 τίς
1756 2696 1899 2751 οὕτω

310 2782 542 2851 τυφλὸς,
588 2782 663 2846 ὡς
696 2784 770 2856 μὴ
810 2785 1037 2838 συνιδεῖν
1087 2786 1186 2857 τὴν
1223 2787 1322 2857 τῆς
1358 2788 1701 2860 βλασφημίας
1737 2806 1902 2843 κατα-

2077 2604 2152 2675 (α)
2182 2604 2240 2657 Si
2277 2604 2443 2675 igitur
2500 2618 2609 2656 non
2667 2600 2883 2657 exsistit
2935 2599 3248 2656 secundum
3305 2597 3588 2669 propriam

2000 2696 2328 2753 substantiae
2358 2711 2471 2750 sua:
2495 2695 2765 2748 rationem
2826 2692 3048 2763 energia
3085 2692 3198 2757 illa,
3228 2705 3352 2760 qua:
3416 2688 3589 2744 Deum

2003 2788 2277 2858 sequitur,
2307 2795 2361 2841 et
2398 2801 2520 2856 qua:
2583 2784 2778 2839 Filium
2817 2783 3069 2854 producit
3099 2802 3112 2836 :
3149 2783 3276 2852 quis
3323 2780 3461 2836 adeo
3490 2794 3590 2836 cae.

310 2873 529 2944 σκευὴν
547 2915 563 2936 ,
616 2874 699 2927 ὅτι
728 2875 866 2945 πρὸς
889 2874 985 2946 τὴν
1013 2876 1183 2947 αὐτὴν
1215 2878 1310 2930 τοῦ
1339 2878 1588 2950 Σωτῆρος
1619 2879 1773 2949 ἡμῶν
1800 2879 1900 2951 ἄρ-

2008 2895 2102 2937 cus
2127 2888 2234 2942 est,
2270 2887 2329 2932 ut
2360 2893 2471 2932 non
2504 2876 2770 2946 intelligat
2815 2874 2980 2942 hujus
3011 2873 3367 2944 blasphemia:
3428 2871 3587 2927 molis

314 2979 483 3033 νησιν
505 2964 533 3015 6
564 2962 763 3026 σκοπὸς
787 2961 938 3033 αὐτῷ
968 2962 1151 3033 βλέπει
1178 2980 1195 3030 ;
1253 2966 1362 3018 Καὶ
1412 2968 1461 3019 εί
1500 2966 1595 3020 τοῦ
1625 2967 1754 3021 Υίοῦ
1801 2970 1901 3040 τὴν

314 3053 628 3106 ὑπόστασιν
656 3055 689 3123 ἡ
719 3053 811 3107 τοῦ
839 3055 1108 3125 δόγματος
1136 3056 1315 3109 αὐτῶν
1349 3058 1639 3113 ἀκολουθία
1670 3062 1901 3115 ὑποκλέ-

314 3161 452 3198 πτει
494 3145 590 3215 τῆς
634 3145 890 3209 πίστεως,
935 3146 1084 3200 οὐδὲν
1124 3148 1271 3217 αὐτῷ
1319 3148 1457 3219 πλὴν
1505 3150 1661 3217 ψιλοῦ
1704 3153 1904 3223 όνόμα·

308 3250 418 3297 τος
469 3234 871 3288 καταλείπουσα
891 3252 904 3265 ⁸
956 3235 1116 3306 σχολῇ
1160 3237 1213 3304 γ’
1248 3235 1313 3288 ἂν
1376 3233 1515 3288 εἶναι
1582 3240 1701 3291 κατ’

316 3327 624 3380 ὑπόστασιν
657 3325 971 3394 πιστευθείη
991 3326 1050 3379 τὸ
1076 3326 1297 3397 Πνεῦμα
1333 3327 1385 3380 τὸ
1411 3326 1586 3396 ἅγιον,
1612 3329 1673 3381 τὸ
1701 3329 1787 3383 διὰ
1808 3330 1906 3400 τῆς

313 3417 431 3469 τῶν
456 3417 824 3485 ἀνυπάρκτων
847 3416 1169 3481 ἀκολουθίας
1194 3418 1701 3490 γενεαλογούμενον.
1738 3421 1907 3473 ’Ὅταν

312 3510 433 3579 γὰρ
457 3509 533 3579 μὴ
568 3508 789 3580 ὑπάρχῃ
835 3508 934 3577 μὲν
976 3510 1092 3562 κατ’
1135 3509 1319 3563 οὐσίαν
1362 3511 1395 3580 ὴ
1442 3512 1795 3583 παρεπομὲνη
1831 3512 1908 3583 τῷ

315 3598 443 3668 Θεῷ
474 3599 744 3669 ἐνέργεια,
776 3597 1121 3669 ἀνύπαρκτον
1148 3598 1207 3652 δὲ
1238 3599 1298 3651 τὸ
1333 3600 1538 3671 ταύτης
1560 3602 1907 3671 ἀποτέλεσμα

320 3689 720 3760 καταλαμϐάνῃ
758 3688 817 3754 ἐξ
848 3689 1095 3759 ἀνάγκης
1123 3692 1151 3742 ὁ
1200 3689 1389 3758 λόγος,
1450 3692 1625 3760 τούτῳ
1656 3691 1711 3744 δὲ
1748 3692 1907 3746 πάλιν

320 3782 458 3851 ἄλλη
490 3796 574 3843 τις
610 3779 892 3850 ἐνεργείας
920 3780 1230 3851 ἁνυπαρξία
1267 3781 1583 3851 παρέπηται
1608 3798 1621 3812 ³
1660 3778 1779 3835 εἶτα
1820 3783 1907 3837 διὰ

312 3869 487 3923 τοῦτο
515 3870 841 3941 γεγενῆσθαι
882 3870 943 3923 τὸ
987 3871 1211 3941 Πνεῦμα
1262 3872 1755 3942 κατασκευάζηται,
1791 3873 1907 3937 πῶς

318 3965 425 4016 οὐκ
455 3962 678 4032 εὔδηλον
713 3965 878 4015 πᾶσιν
904 3965 936 4033 ἡ
977 3962 1315 4035 βλασφημία,
1355 3965 1436 4017 ὃτι
1468 3965 1608 4035 μετὰ
1630 3966 1721 4018 τὸν
1746 3967 1908 4034 ἀγεν-

322 4056 503 4125 νήτως
545 4055 678 4107 ὄντα
724 4052 888 4117 Θεὸν,
939 4055 1090 4108 οὐδὲν
1134 4055 1348 4126 άληθῶς
1395 4057 1690 4124 ὑφεστάναι
1740 4075 1906 4111 κατα·
1942 4090 1957 4094 ~

322 4147 653 4210 σκευάζουσι
668 4194 684 4213 ,
706 4148 795 4205 διὰ
816 4151 986 4205 σκιῶν
1005 4148 1099 4202 καὶ
1137 4148 1503 4219 ἀνυπάρκτων
1538 4150 1907 4220 ὰναπλασμῶν

322 4240 609 4309 προίόντος
640 4240 819 4293 αὐτῶν
857 4241 950 4293 τοῦ
987 4241 1272 4312 δόγματος,
1317 4242 1411 4294 καὶ
1449 4241 1624 4294 οὐδενὶ
1655 4242 1763 4294 τῶν
1788 4245 1906 4296 κατ’

316 4330 581 4398 ἀλήθειαν
623 4329 947 4396 ὑφεστώτων
1041 4329 1497 4401 ὲπερειδομένου;
1550 4331 1665 4386 ἀλλ’
1718 4334 1750 4402 ή
1811 4332 1908 4401 μὲν

317 4422 640 4491 κατασκευὴ
669 4421 777 4473 τῶν
800 4422 869 4473 τά
893 4422 1120 4475 τοιαῦτα
1145 4421 1602 4492 δογματιζόντων,
1630 4425 1708 4486 είς
1736 4424 1908 4477 τοιαύο

316 4530 420 4580 την
444 4513 675 4565 ἀτοπίαν
711 4511 960 4565 ἐκϐάλλει
987 4512 1080 4565 τὸν
1110 4513 1286 4583 λόγον.

2010 2975 2216 3028 tionem
2249 2989 2262 3024 :
2295 2970 2440 3040 quod
2474 2968 2731 3023 videlicet
2761 2966 2962 3035 dirigat
2987 2981 3203 3020 omnem
3237 2979 3394 3019 suam
3420 2964 3586 3018 indu-

2006 3066 2201 3121 striam
2227 3071 2282 3117 et
2309 3060 2700 3131 cogitationem
2742 3057 2809 3111 ad
2840 3057 2968 3118 hoc,
3008 3064 3064 3109 ut
3095 3053 3348 3110 Salvator
3402 3062 3590 3111 noster

2006 3158 2225 3227 penitus
2275 3152 2612 3223 abnegetur?
2661 3148 2820 3216 Quod
2863 3148 2910 3202 si
2969 3145 3093 3200 Filii
3164 3146 3585 3202 subsistentiam

1769 3239 1904 3291 ἰδίαν
1932 3229 1975 3287 (ἶ
2009 3246 2181 3301 series
2215 3241 2624 3312 disputationis,
2654 3254 2819 3309 quam
2856 3238 2946 3293 isti
2996 3245 3211 3301 texunt,
3266 3253 3333 3291 ex
3386 3236 3591 3293 animis

2007 3345 2061 3392 et
2093 3336 2195 3390 (ide
2222 3333 2463 3388 ﬁdelium
2493 3330 2725 3393 auferat,
2754 3329 2890 3383 nihil
2918 3329 2991 3393 ei,
3022 3328 3127 3383 nisi
3155 3327 3361 3381 nudum
3390 3343 3590 3384 nomen

2010 3429 2353 3496 relinquens,
2392 3423 2536 3477 haud
2568 3422 2808 3492 proclive
2863 3421 3077 3476 credita
3128 3420 3257 3484 erit,
3321 3419 3589 3490 Spiritum

2009 3527 2258 3575 sanctum
2295 3516 2616 3579 subsistere,
2644 3515 2849 3585 quippe
2876 3514 3038 3582 cujus
3063 3512 3354 3584 productio
3406 3527 3436 3564 a
3478 3528 3592 3568 non

2007 3608 2403 3664 exsistentibus
2432 3604 2753 3660 deducatur.
2792 3604 2850 3658 Si
2901 3604 3047 3658 enim
3099 3600 3403 3657 secundum
3464 3618 3591 3671 pro-

2009 3702 2184 3769 priam
2233 3712 2386 3753 suam
2439 3696 2805 3751 substantiam
2855 3710 2965 3750 non
2998 3694 3215 3749 exsistit
3261 3711 3325 3750 ea
3350 3709 3472 3761 qua
3520 3693 3590 3749 ad

2008 3790 2177 3844 Deum
2208 3787 2567 3856 consequitur
2612 3785 2881 3856 operatio,
2931 3785 3244 3840 necessario
3277 3783 3587 3847 coniicitur,

2008 3879 2169 3934 etiam
2210 3875 2262 3931 id
2294 3876 2440 3947 quod
2480 3876 2548 3930 ab
2576 3875 2677 3929 hac
2699 3874 3069 3943 producitur,
3102 3888 3225 3928 esse
3266 3872 3398 3944 quid
3463 3886 3577 3928 non

2010 3971 2436 4034 subsistens;et
2462 3968 2509 4023 si
2543 3968 2613 4022 ab
2637 3967 2741 4021 hoc
2788 3980 2986 4020 rursus
3027 3966 3275 4033 operatio
3334 3963 3589 4035 qua’dam

2010 4078 2121 4117 non
2152 4062 2428 4118 exsistens
2457 4058 2726 4131 procedit,
2758 4073 2856 4127 per
2882 4070 3049 4125 quam
3087 4054 3330 4126 Spiritus
3364 4061 3590 4110 sanctus

2011 4155 2083 4210 sit
2110 4154 2339 4209 eﬂectus
2372 4160 2426 4205 et
2465 4149 2805 4219 productus:
2861 4146 3137 4216 quomodo
3194 4162 3305 4201 non
3333 4146 3591 4202 omnibus

2010 4243 2218 4313 liquido
2241 4246 2459 4294 constat
2491 4234 2830 4304 blasphemia
2864 4254 2877 4288 :
2920 4235 3068 4304 quod
3124 4236 3356 4301 scilicet,
3393 4243 3592 4306 przeter

2013 4333 2181 4386 Deum
2211 4330 2537 4400 ingenitum,
2579 4334 2847 4381 conentur
2882 4327 3236 4395 persuadere,
3270 4327 3407 4381 nihil
3441 4326 3591 4382 aliud

2012 4422 2337 4483 subsistere,
2366 4436 2476 4473 non
2504 4412 2885 4474 exsisteutium
2930 4416 3311 4488 ﬁgmentorum
3334 4433 3593 4475 sermone

2010 4525 2066 4571 et
2126 4514 2485 4584 probamento
2520 4527 2618 4580 per
2662 4511 2844 4565 varios
2884 4517 2939 4564 et
2989 4512 3258 4565 obscuros
3306 4508 3588 4567 anfractus

316 4605 581 4667 deducto,
608 4614 661 4659 et
690 4606 824 4659 nulli
858 4619 1072 4663 eorum.
1109 4620 1232 4674 qua:
1252 4606 1555 4661 secundum
1580 4606 1660 4662 rei
1698 4606 1981 4662 veritatem
2015 4606 2349 4667 subsistunt,
2371 4603 2586 4658 innixo.
2652 4600 2719 4655 Et
2788 4607 3020 4656 conatus
3092 4599 3312 4670 quidem
3371 4615 3583 4667 eorum,

313 4699 411 4767 qui
442 4698 589 4750 hanc
630 4696 941 4750 doctrinam
998 4705 1326 4766 propagant,
1364 4696 1472 4751 huc
1521 4697 1817 4767 impietatis
1849 4707 1904 4752 et
1942 4696 2304 4753 absurditatis
2330 4693 2661 4764 prorumpit.

384 4788 630 4842 Διδόσθω
680 4787 737 4840 δὲ
776 4787 899 4840 καθ’
947 4787 1202 4840 ὑπόθεσιν
1244 4790 1319 4859 μὴ
1363 4788 1537 4853 οὕτως
1582 4788 1746 4861 ἔχειν.
1788 4789 1899 4842 Καὶ

2077 4788 2371 4843 Faciamus
2413 4784 2819 4854 tarnen,posita
2851 4783 3163 4855 hypothcsi,
3213 4797 3329 4838 rem
3359 4796 3469 4837 non
3506 4781 3583 4838 ita

316 4881 431 4953 γὰρ
474 4877 797 4948 ὁμολογοῦσι
840 4877 998 4947 δῆθεν
1033 4878 1127 4930 καὶ
1156 4876 1233 4948 τῷ
1258 4877 1403 4948 λόγῳ
1432 4877 1903 4950 φιλανθρωπεύον-

316 4991 409 5027 ται
444 4968 856 5040 συγχωροῦντες
885 4968 1024 5020 εἶναι
1066 4968 1143 5038 τῷ
1177 4972 1456 5039 μονογενεί
1497 4969 1611 5039 Υίῷ
1690 4970 1785 5022 καὶ
1826 4968 1904 5038 τῷ

316 5064 606 5134 Πνεύματι
647 5063 726 5133 τῷ
774 5063 914 5133 ἁγίῳ
956 5062 1074 5115 κατ’
1124 5062 1260 5115 ἰδίαν
1303 5062 1618 5115 ὑπόστασιν.
1673 5061 1813 5115 Ἀλλ’
1854 5064 1903 5115 εί

320 5155 425 5226 μὲν
474 5151 861 5221 ὁμολογοῦντες
898 5151 1071 5205 ταῦτα
1092 5192 1107 5213 ,
1145 5152 1237 5203 καὶ⁵
1268 5150 1366 5215 τὰς
1397 5153 1523 5223 περὶ
1558 5151 1739 5204 αὐτῶν
1774 5152 1907 5205 ὐπο-

318 5246 515 5315 λήῴεις
546 5241 977 5312 συνωμολόγουν,
1003 5242 1111 5295 οὐδ’
1139 5241 1206 5293 ἂν
1237 5240 1503 5310 ἐμάχοντο
1528 5242 1743 5303 πάντως
1775 5241 1904 5312 περὶ

318 5338 379 5389 τὸ
417 5335 600 5405 δόγμα
640 5334 739 5403 τῆς
790 5332 1142 5403 Ἐκκλησίας,
1187 5331 1309 5384 οὐδὲ
1340 5332 1439 5401 τῆς
1469 5331 1653 5402 κοινῆς
1692 5332 1903 5395 ἐλπίδος

317 5428 429 5481 τῶν
481 5424 828 5494 Χριστιανῶν
874 5424 1263 5494 ἀπεσχίζοντΨ
1310 5426 1356 5477 εί
1387 5424 1443 5478 δὲ
1487 5423 1738 5494 καθάπερ
1770 5423 1903 5493 ὕλην

320 5519 478 5583 τινὰ,
514 5518 612 5571 καὶ
654 5517 908 5589 ἀφορμὴν
954 5516 1300 5588 βλασφημίας
1326 5519 1538 5580 ἑαυτοῖς
1572 5515 1899 5570 ὑποϐάλλον-

2013 4895 2072 4936 se
2098 4878 2298 4932 habere
2334 4876 2575 4932 :etenim
2609 4876 2774 4928 verbo
2812 4873 3035 4943 quidem
3066 4873 3423 4928 humaniores
3449 4888 3590 4927 non-

2010 4968 2148 5023 nihil
2179 4975 2330 5031 sunt,
2363 4964 2788 5034 concedamque
2809 4963 3093 5033 nnigenito
3117 4959 3256 5016 Filio
3280 4970 3333 5016 et
3353 4960 3586 5030 Spiritui

2012 5068 2204 5115 sancto
2237 5058 2517 5129 propriam
2558 5054 2883 5127 hypostasin
2920 5063 2976 5109 et
3033 5053 3481 5110 subsistentiam.
3518 5053 3590 5107 At

2011 5152 2059 5206 si
2087 5152 2202 5205 haec
2230 5167 2340 5205 non
2373 5148 2773 5209 inticiarentur,
2809 5160 3274 5213 communemque
3325 5143 3395 5198 de
3446 5144 3588 5215 ipsis

2010 5243 2479 5299 existimationem
2509 5241 2905 5309 approbarent,
2939 5237 3129 5306 utique
3161 5250 3275 5291 non
3310 5235 3583 5291 adversa-

2009 5343 2201 5391 rentur
2232 5331 2489 5387 Ecclesiaa
2524 5331 2578 5384 in
2602 5331 2711 5385 isto
2734 5328 3011 5396 dogmate,
3040 5342 3218 5397 neque
3242 5343 3269 5380 a
3296 5328 3587 5383 communi

2010 5423 2449 5480 Christianorum
2481 5435 2578 5489 spe
2608 5432 2730 5474 sese
2772 5416 3191 5486 abjunxissent:
3227 5418 3272 5473 si
3319 5432 3448 5473 vero
3483 5433 3585 5472 ceu

2017 5511 2299 5568 materiam
2340 5517 2396 5567 et
2436 5503 2870 5564 fundamentum
2913 5506 3267 5577 blasphemiae
3308 5522 3421 5563 sua:
3453 5504 3588 5563 sub-

396 5698 482 5769 (α)
542 5694 761 5751 Profert
812 5694 960 5748 hunc
1013 5694 1193 5748 locum
1248 5694 1524 5766 Cypariss.
1582 5693 1775 5752 decad.
1822 5708 1877 5759 ι,
1902 5705 2023 5765 cap.
2064 5694 2120 5749 ι.

671 5816 946 5883 Pauor"
991 5816 1109 5880 Gn.
1154 5817 1345 5883 XLV.

3239 5800 3311 5861 ﬂ
