4008 6210
534 350 640 406 ’551

1788 360 1845 415 5.
1871 360 2197 417 GllEGOﬂll
2239 358 2530 418 NYSSENI

3685 361 3779 417 33?

544 472 782 524 struant.
815 464 952 520 Filio
986 476 1036 521 et
1062 466 1297 540 Spiritui
1336 477 1528 525 sancto
1570 473 1951 530 exsistentiam
2004 476 2101 529 lar-

2215 493 2335 541 τες,
2380 475 2467 530 διὰ
2501 473 2661 529 τοῦτο
2707 474 2787 545 τῷ
2820 474 2960 545 Υἱῷ,
2998 476 3090 528 καὶ
3134 474 3212 545 τῷ
3244 472 3520 545 Πνεύματι
3548 474 3609 524 τὸ
3650 470 3782 529 εἶναι

545 556 795 625 giuntur,
848 555 1123 624 fortassis,
1188 559 1314 614 licet
1362 560 1627 618 audacius
1675 563 1883 618 dictum
1933 565 2108 619 videri

542 654 747 714 queat,
785 648 1191 713 conducibilius
1216 652 1358 722 ipsis
1378 661 1546 718 esset,
1600 655 1851 725 abjurata
1887 655 2013 719 fide,
2041 656 2110 710 ad

541 736 855 793 Iudaeorum
889 741 1097 795 cultum
1152 743 1411 810 transire,
1459 761 1625 815 quam
1669 747 2110 801 Christianorum

542 842 741 883 nomen
762 839 816 885 et
858 831 1259 901 professionem
1303 850 1399 904 per
1427 838 1859 892 commentitiam
1891 837 2112 892 confes-

445 990 464 1006 .
541 921 754 975 sionem
819 923 1044 978 violare.
1092 922 1175 977 Illi
1211 926 1354 979 enim
1410 925 1530 981 tidei
1601 927 1768 997 hujus
1828 929 2110 997 hucusque

480 1060 485 1067 .
539 1015 890 1081 expcrtes,in
921 1031 987 1069 eo
1026 1024 1240 1070 tantum
1293 1018 1573 1089 impietate
1621 1027 1906 1084 notantur,
1958 1019 2109 1089 quod

536 1104 788 1158 abnuunt
818 1106 1064 1161 confiteri
1119 1107 1399 1163 Christum
1438 1110 1548 1179 jam
1580 1110 1838 1176 venisse;
1879 1118 1932 1165 at
1974 1125 2108 1165 ven-

539 1201 722 1246 turum
766 1204 1014 1263 sperant,
1066 1212 1248 1267 neque
1286 1199 1578 1270 quisquam
1615 1215 1642 1253 a
1675 1213 1948 1270 quoquam
1983 1200 2111 1254 illo-

538 1299 657 1338 rum
695 1287 845 1340 audit
874 1289 1199 1342 sententiam
1234 1305 1574 1360 perversam,
1609 1300 1664 1346 et
1711 1307 1834 1361 quae
1865 1290 2105 1345 debitam

536 1366 1025 1444 existimationem,
1077 1394 1240 1448 quam
1298 1380 1501 1435 habent
1535 1381 1603 1435 de
1644 1380 1761 1443 illo,
1805 1395 1969 1450 quem
2011 1395 2108 1434 ex-

537 1474 816 1535 spectant,
871 1469 1043 1523 tollat.
1102 1468 1200 1524 Isti
1248 1486 1381 1525 vero
1436 1486 1590 1525 norm
1640 1468 2103 1531 eircumcisionis,

537 1557 618 1611 vel
657 1558 858 1627 potius,
918 1570 977 1614 ut
1040 1562 1333 1631 Apostolus
1386 1562 1706 1630 loquitur”,
1765 1560 2105 1626 concisienis,

535 1665 681 1713 eum,
722 1652 816 1720 qui
873 1653 1298 1723 exspectabatur
1352 1654 1574 1709 venisse
1623 1668 1732 1707 non
1790 1653 2106 1705 inficiantur

536 1742 794 1808 quidem;
838 1741 1123 1798 imitantur
1162 1752 1340 1799 autem
1380 1744 1521 1806 illos,
1548 1746 1638 1814 qui
1665 1743 1875 1796 Domini
1907 1759 2104 1798 secun-

2213 562 2523 635 χαρίζονται
2550 564 2708 634 τάχα,
2728 563 2829 615 κᾶν
2854 562 3122 633 τολμηρδν
3146 564 3317 615 εἰπεῖν
3341 558 3397 632 ᾖ,
3426 563 3786 616 λυσιτελέστε-

2216 672 2306 725 ρον
2330 650 2398 725 ἦν
2430 656 2611 718 αὐτοῖς
2647 652 3015 724 αὐτομολῆσαι
3062 653 3197 722 πρὸς
3230 654 3329 721 τὴν
3366 651 3476 704 τῶν
3517 653 3780 708 Ἰουδαίων

2211 745 2464 817 λατρείαν
2510 744 2931 815 ἐξομοσαμένοις
2978 744 3076 814 τὴν
3121 744 3322 807 πίστιν,
3362 742 3395 813 ἢ
3432 742 3776 814 καθυϐρίζειν

2210 835 2297 888 διὰ
2344 837 2444 907 τῆς
2492 835 2754 906 δοκούσης
2793 837 3083 906 ὁμολογίας
3135 835 3244 888 τῶν
3295 836 3635 904 Χριστιανῶν
3685 837 3780 908 τὴν

2213 925 2603 997 προσηγορίαν.
2671 926 2894 979 Ἐκεῖνοι
2956 927 3053 996 μὲν
3105 923 3215 998 γάρ
3268 924 3632 996 ἀπαράδεκτοι
3687 926 3778 980 τοῦ

2211 1014 2369 1083 λόγου
2398 1014 2557 1086 μέχρι
2578 1014 2669 1068 τοῦ
2692 1015 2786 1069 νῦν
2815 1014 3207 1085 διαμείναντες,
3238 1015 3491 1069 τοσοῦτον
3518 1015 3769 1069 ἀσεϐοῦσι

2214 1107 2393 1178 μόνον,
2423 1107 2546 1159 ὅσον
2584 1106 2673 1159 τὸν
2704 1106 2926 1161 ἐλθόντα
2957 1107 3189 1178 Χριστὸν
3221 1106 3294 1178 μὴ
3324 1106 3623 1176 ὁμολογεῖν,
3663 1108 3775 1161 ἀλλ’

2212 1197 2449 1262 ἐλπίζειν
2479 1197 2793 1251 ἐλεύσεσθαι
2813 1216 2827 1230 ·
2862 1199 3105 1270 πονηρὰν
3129 1197 3186 1251 δέ
3219 1215 3338 1252 τινα
3358 1237 3371 1261 ,
3407 1199 3500 1252 καὶ
3525 1199 3777 1269 καθαιρε-

2208 1291 2366 1361 τικὴν
2404 1292 2612 1345 ἔννοιαν
2641 1291 2739 1360 τῆς
2785 1289 2879 1343 τοῦ
2925 1291 3370 1361 προσδοκωμένου
3420 1294 3551 1361 παρ’
3600 1293 3777 1355 αὐτοῖς

2208 1380 2367 1452 δόξης
2407 1382 2661 1453 οὐδεμίαν
2715 1380 2828 1435 ἔστι
2874 1380 3140 1449 λεγόντων
3195 1381 3446 1435 ἀκούειν·
3497 1385 3544 1435 οἱ
3580 1383 3635 1434 δὲ
3680 1383 3776 1451 τῆς

2208 1471 2333 1534 νέας
2386 1473 2715 1543 περιτομῆς,
2780 1470 2979 1540 μᾶλλον
3028 1470 3084 1525 δὲ
3132 1471 3259 1540 τῆς,
3320 1470 3500 1535 καθὼς
3549 1490 3707 1542 φησιν
3743 1473 3773 1523 ὁ

2221 1562 2565 1626 Ἀπόστολος,
2618 1560 2996 1630 κατατομῆς,
3044 1560 3360 1631 ἐληλυθέναι
3405 1563 3502 1632 μὲν
3534 1564 3630 1616 οὐκ
3671 1564 3772 1635 ἀρ·

2207 1653 2420 1706 νοῦνται
2453 1653 2543 1706 τὸν
2580 1652 3023 1724 προσδοκώμενον
3045 1669 3058 1683 '
3106 1652 3393 1724 μιμοῦνται
3422 1652 3477 1704 δὲ
3527 1654 3640 1716 τοὺς
3675 1653 3772 1723 τὴν

2207 1743 2347 1796 κατά
2387 1744 2563 1814 σάρκα
2612 1743 2704 1796 τοῦ
2735 1745 2939 1814 Κυρίου
2973 1744 3274 1813 παρουσίαν
3312 1743 3379 1796 δι’
3405 1743 3656 1806 ἀπιστίας
3681 1743 3776 1796 καὶ

536 1829 666 1884 dum
717 1847 938 1887 carnem
992 1836 1357 1903 praesentiam,
1410 1850 1507 1904 per
1563 1835 1993 1889 incredulitatem
2041 1841 2095 1886 et

537 1921 792 1944 ε..ε..-.ε-...
863 1923 1257 1944 εε-ι.-..-μ--μ--.
1286 1942 1295 1944 _
1357 1925 1432 1944 2H!
1495 1924 1725 1944 nA,__!,,.A
1752 1941 1779 1944 ._
1830 1925 2099 1944 1-ν·ΑΙειηΑ-

2207 1834 2416 1906 ὕϐρεως
2447 1834 2844 1944 άτιμάζονταῖ·
2881 1836 3079 1887 ἐκεῖνοι
3127 1832 3295 1897 λίθοις
3339 1834 3519 1903 βαλεῖν
3565 1836 3776 1905 ἐπεχεί-

537 1921 795 1990 injuriam
863 1923 1300 1991 inhonorarunt;
1356 1925 1435 1979 illi
1495 1924 1785 1979 Dominum
1830 1925 2102 1995 lapidibus

535 2014 769 2069 obruere
799 2016 1221 2081 conabantur”,
1258 2017 1349 2072 isti
1382 2017 1563 2088 impiis
1592 2025 1645 2070 ct
1678 2018 1902 2073 nefariis
1953 2033 2037 2070 νο(
2060 2019 2106 2071 i—

538 2106 639 2158 bus
676 2107 925 2163 veritatis
964 2123 1271 2163 sermonem
1322 2109 1588 2172 obruunt,
1632 2119 1684 2164 et
1710 2110 1866 2178 quasi
1912 2108 2107 2178 lapidi-

535 2194 637 2248 bus
660 2197 952 2265 scpeliunt.
999 2198 1080 2251 Illi
1112 2199 1443 2267 objiciebant
1477 2200 1843 2254 humilitatem
1877 2207 1931 2253 ct
1962 2199 2103 2269 abje-

536 2285 769 2339 (:tiouem
814 2289 1179 2355 generationis
1208 2289 1508 2343 secundum
1531 2306 1747 2344 carnem
1774 2290 1842 2354 ⁸ο,
1878 2290 2101 2344 minime

536 2376 813 2444 progressi
849 2376 914 2431 ad
950 2377 1190 2432 divinam
1224 2380 1367 2433 illaut
1427 2387 1481 2434 et
1528 2382 1969 2435 antesmeularem
2004 2395 2102 2433 na-

536 2468 801 2523 tivitatem
842 2488 854 2524 :
897 2470 1149 2525 similiter
1188 2482 1241 2526 et
1275 2472 1361 2525 isti
1415 2474 1745 2544 abnegantes
1796 2472 2104 2527 Confessio-

538 2561 989 2631 nemmagnilicxe
1046 2556 1215 2625 illius.
1279 2566 1528 2620 sul.limis
1582 2574 1635 2619 et
1693 2565 1980 2619 iueﬂ'abilis
2038 2582 2102 2620 ex

533 2647 697 2705 Patre
731 2653 1122 2720 generationis,
1155 2653 1424 2709 affirmant
1456 2655 1605 2709 illum
1636 2672 1730 2725 per
1760 2657 2099 2711 creationem

542 2755 666 2795 esse
697 2745 996 2812 accepisse,
1033 2761 1097 2799 ex
1132 2762 1238 2815 qua
1296 2746 1530 2800 humana
1583 2749 1837 2816 quaelibet
1881 2754 2100 2813 natura,

533 2842 586 2885 et
619 2836 799 2888 omnia
823 2851 943 2904 quae
973 2834 1112 2889 facta
1142 2847 1290 2898 sunt,
1318 2836 1582 2905 originem
1620 2837 1853 2891 ducunt.

603 2932 771 2995 A‘Jgre
829 2925 1082 2981 ferebant
1129 2925 1304 2981 Ιιιᾶεεὶ
1360 2927 1646 2981 Dominum
1692 2936 1940 2983 nostrum
1979 2945 2103 2986 esse

533 3012 727 3070 Filium
761 3015 934 3080 Dei“,
973 3017 1061 3071 cui
1094 3019 1280 3072 omnia
1306 3027 1517 3088 parcnt.
1550 3018 1908 3088 lndiguautur
1929 3031 1983 3074 et
2012 3021 2101 3074 isti

2211 1945 2335 1999 ρουν
2365 1927 2455 1979 τὸν
2488 1926 2693 1997 Κύριον
2720 1942 2733 1955 ·
2764 1923 2909 1979 οῦτοι
2940 1927 3056 1988 ταῖς
3083 1923 3417 1994 βλασφήμοις
3451 1927 3649 1992 φωναῖς
3690 1925 3776 1978 τὸν

2206 2020 2303 2089 τῆς
2349 2016 2604 2087 ἀληθείας
2658 2016 2812 2085 λόγον
2865 2013 3335 2077 καταλιθάζουσιν.
3380 2014 3604 2066 Ἐκεῖνοι
3641 2030 3774 2082 προ-

2207 2109 2402 2179 έφερον
2427 2109 2522 2179 τῆς
2555 2108 2692 2161 κατά
2714 2108 2890 2179 σάρκα
2924 2107 3224 2177 γεννήσεως
3241 2105 3301 2157 τὸ
3320 2104 3568 2157 ταπεινόν
3594 2121 3652 2156 τε
3680 2104 3775 2157 καὶ

2206 2200 2424 2264 ἄδοξον,
2470 2199 2567 2271 τὴν
2608 2199 2757 2254 θείαν
2835 2200 2929 2254 καὶ
2974 2196 3296 2270 προαιώνιον
3338 2197 3400 2250 ού
3433 2195 3774 2268 προσιέμενοι

2205 2291 2454 2361 γέννησιν
2478 2310 2491 2323 ·
2516 2293 2656 2347 κατά
2683 2291 2855 2346 ταῦτα
2884 2291 2978 2346 καὶ
3002 2282 3145 2344 οὗτοι
3173 2290 3269 2359 τῆς
3300 2287 3769 2360 μεγαλοπρεποῦς,

2205 2383 2299 2436 καὶ
2332 2384 2558 2455 ὑψηλῆς,
2590 2383 2682 2437 καὶ
2719 2385 2959 2455 ἀρρήτου
2990 2384 3052 2435 ἐκ
3085 2381 3297 2452 Πατρδς
3332 2382 3639 2450 γεννήσεως
3674 2379 3771 2451 τὴν

2203 2476 2492 2546 ὁμολογίαν
2524 2476 2874 2547 ἀρνούμενοι,
2924 2473 3013 2527 διὰ
3056 2472 3283 2535 κτίσεως
3334 2472 3494 2527 αὐτὸν
3533 2472 3674 2542 ἔχειν
3711 2471 3772 2524 τὸ

2206 2563 2342 2620 εἶναι
2366 2564 2866 2630 κατασκευάζουσιν
2887 2583 2899 2595 ’
2924 2564 3044 2618 ὅθεν
3065 2564 3157 2619 καὶ¹
3180 2568 3246 2635 τῇ
3262 2562 3572 2634 ἀνθρωπίνῃ
3595 2563 3765 2631 φύσει,

2203 2659 2301 2713 καὶ
2335 2660 2468 2713 πᾶσι
2494 2660 2604 2721 τοῖς
2631 2658 2907 2727 γεγονόσιν
2934 2657 3080 2709 ἐστὶν
3108 2658 3142 2728 ἡ
3169 2656 3397 2724 γένεσις.

2274 2930 2571 3000 Ἔγκλημα
2617 2931 2728 2992 τοῖς
2783 2927 3055 2991 Ἰουδαίοις
3100 2923 3201 2998 ἦν,
3234 2927 3323 2991 τὸ,
3379 2927 3504 2980 Υίὸν
3535 2924 3626 2979 τοῦ
3680 2926 3771 2979 ἐπὶ

2205 3021 2419 3076 πάντων
2451 3020 2585 3075 θεοῦ
2625 3019 2963 3090 θεωρηθῆναι
3013 3019 3102 3073 τὺν
3136 3018 3339 3090 Κύριον
3363 3036 3377 3050 ο
3410 3017 3768 3087 ἀγανακτοῦσι

533 3108 799 3162 adversus
833 3107 978 3171 illos,
1001 3109 1093 3179 qui
1119 3109 1262 3164 hanc
1290 3109 1695 3165 confessionem
1732 3110 1800 3165 de
1836 3111 1976 3165 Filio
2017 3113 2101 3165 in-

2206 3114 2296 3165 καὶ
2326 3106 2473 3165 οῦτοι
2501 3112 2643 3165 κατά
2667 3111 2773 3165 τῶν
2800 3114 2858 3164 ἐν
2890 3110 3116 3181 ἀληθεία
3143 3113 3237 3182 τὴν
3262 3111 3551 3182 ὁμολογίαν
3574 3110 3770 3180 ταύτην

531 3196 794 3251 violatam
850 3199 1192 3253 custodiunt.
1246 3198 1323 3253 llii
1379 3201 1648 3270 putabant
1703 3215 1762 3255 se
1822 3201 2099 3258 honorare

531 3286 768 3349 Patrem,
802 3289 849 3343 si
878 3288 945 3343 ab
970 3290 1283 3359 aequalitate
1309 3288 1535 3346 honoris
1572 3300 1624 3345 et
1665 3292 1971 3362 majestatis
2008 3292 2096 3349 Fi-

530 3379 664 3431 lium
702 3379 1087 3445 excluderent;
1120 3381 1207 3434 isti
1239 3380 1401 3434 etiam
1431 3382 1733 3451 gratiﬁcari
1778 3399 1837 3438 se
1859 3383 2098 3439 credunt

530 3471 914 3526 universorum
952 3472 1081 3535 Deo,
1113 3474 1158 3528 si
1188 3475 1386 3528 tollant
1419 3475 1753 3530 etabolcant
1782 3476 2098 3546 opinionem

531 3564 672 3616 hanc
710 3564 777 3618 de
801 3562 960 3628 Filio,
998 3564 1148 3619 Patri
1185 3566 1287 3621 soli
1313 3567 1413 3621 hoc
1444 3567 1657 3624 honore
1697 3578 2006 3633 reservato,
2042 3579 2098 3624 ut

530 3661 742 3708 taceam
778 3655 828 3708 id
856 3671 1030 3726 genus
1065 3657 1194 3719 alia,
1223 3673 1343 3727 qua:
1382 3658 1505 3727 quis
1530 3674 1627 3728 pro
1646 3659 1912 3727 dignitate
1942 3676 2102 3716 enar-

494 3743 664 3802 ’τεξιῖ
714 3747 917 3817 quibus
961 3763 1116 3804 suam
1161 3750 1422 3806 adversus
1482 3749 1833 3822 Unigenitum
1877 3752 1967 3807 Dei
2005 3753 2096 3807 Fi-

532 3838 664 3893 lium
707 3838 961 3908 injuriam
988 3848 1041 3893 et
1065 3842 1453 3896 contumeliam
1499 3845 1767 3912 produnt;
1804 3845 2098 3898 confictam

528 3929 904 3997 operationem
939 3928 1232 3999 quamdam
1264 3931 1671 4000 productricem
1719 3932 2100 3987 subsistentia:

528 4018 735 4097 Qbristi
765 4019 1272 4084 comminiscentes,
1312 4020 1547 4090 ejusque
1587 4036 1727 4090 opus
1760 4029 1814 4075 et
1843 4021 2097 4077 effectum

529 4112 709 4180 ipsum
754 4127 881 4168 esse
931 4110 1480 4182 aﬂirmanteszquod
1540 4126 1786 4168 asserere
1829 4114 2098 4169 hactenus

528 4200 700 4255 Judcci
728 4203 848 4257 ausi
879 4217 986 4257 non
1024 4204 1266 4261 fuerunt.
1294 4203 1497 4260 Deinde
1528 4203 1862 4258 concludunt
1907 4212 1961 4259 et
1996 4206 2098 4260 cir-

531 4293 917 4347 cumscribunt
947 4293 1157 4349 Domini
1190 4306 1439 4350 naturam
1470 4296 1721 4352 terminis
1771 4297 2095 4366 quibusdam

528 4391 581 4437 et
612 4383 877 4439 limitibus
902 4385 1020 4454 ejus
1050 4385 1350 4450 facultatis,
1392 4403 1420 4441 a
1456 4404 1561 4457 qua
1591 4388 1860 4459 producta
1889 4396 1992 4453 est,
2016 4390 2099 4443 in-

2203 3206 2288 3258 ἐπ’
2341 3204 2504 3258 αὑτοῦ
2550 3204 2903 3274 ποιουμένων.
2953 3204 3209 3257 Κάκεῖνοι
3251 3204 3414 3274 τιμᾷν
3462 3202 3626 3273 ᾤοντο
3683 3203 3771 3255 τὸν

2201 3294 2332 3347 Θεὸν
2370 3294 2475 3346 τῶν
2516 3294 2670 3359 ὅλων,
2703 3294 2803 3364 τῆς
2833 3294 2967 3364 πρὸς
2995 3294 3155 3347 αὑτὸν
3191 3293 3477 3364 ὁμοτιμίας
3508 3294 3597 3347 τὸν
3645 3293 3770 3347 Υἰδν

2200 3383 2612 3446 ἀποκλείοντες·
2658 3382 2826 3436 ταῦτα
2871 3384 2965 3435 κοιλ⁵
3009 3377 3151 3437 οῦτοι
3199 3382 3276 3452 τῷ
3310 3383 3400 3437 ἐπὶ
3429 3383 3646 3437 πάντων
3675 3401 3774 3453 χα-

2202 3475 2468 3547 ρίζονται,
2500 3475 2556 3526 ἐν
2579 3475 2645 3544 τῇ
2686 3473 3000 3541 καθαιρέσει
3038 3475 3134 3544 τῆς
3158 3472 3252 3526 τοῦ
3281 3475 3482 3543 Κυρίου
3515 3474 3672 3544 δόξης
3694 3472 3775 3543 τῷ

2201 3566 2374 3636 Πατρὶ
2412 3565 2509 3633 τήν
2541 3563 2704 3633 τιμὴν
2733 3563 3113 3634 χαριζόμενοι.
3144 3563 3225 3617 Τά
3264 3564 3321 3617 δὲ
3366 3565 3521 3629 ἀλλα,
3565 3564 3678 3628 πῶς
3705 3565 3776 3618 ἀν

2199 3673 2281 3718 τις
2310 3656 2441 3726 πρὸς
2476 3654 2631 3721 ἀξίαν
2653 3654 2907 3718 διεξέλθοι
2928 3672 2942 3720 ;
2964 3655 3030 3708 δι’
3069 3656 3208 3709 ὅσων
3234 3656 3327 3709 καὶ
3365 3656 3489 3709 οἴων
3507 3656 3603 3727 τὴν
3630 3656 3777 3710 κατὰ

2199 3749 2293 3801 τοῦ
2323 3746 2658 3815 Μονογενοῦς
2704 3746 2860 3817 ῦϐριν
2907 3748 3269 3802 ἐνδείκνυνται
3289 3764 3302 3779 ·
3339 3749 3620 3819 ἐνέργειαν
3651 3767 3776 3803 τινα.

2201 3840 2743 3911 προαναπλάσσοντες
2788 3838 2889 3909 τῆς
2939 3838 3032 3892 τοῦ
3098 3840 3334 3911 Χριστοῦ
3387 3841 3775 3904 ὑποστάσεως,

2201 3932 2413 4002 ἐκείνης
2468 3932 2626 4025 ἔργον
2682 3931 2842 3984 αὑτὸν
2927 3931 3022 3984 καὶ
3079 3930 3429 4000 ἀποτέλεσμα
3488 3930 3774 3998 λέγουσιν·

2200 4024 2337 4094 ὅπερ
2377 4020 2812 4086 τοῖς”Ιουδαίοις
2862 4020 3015 4074 οῦπω
3072 4022 3231 4092 μέχρι
3277 4020 3366 4073 τοῦ
3400 4020 3558 4092 δεῦρο
3593 4021 3783 4074 τετόλ-

2205 4130 2402 4183 μηται·
2463 4107 2579 4167 εἶτα
2628 4111 3026 4183 περιγράφουσι
3064 4110 3154 4163 τοῦ
3200 4110 3404 4181 Κυρίου
3452 4111 3551 4182 τὴν
3588 4111 3779 4179 φύσιν,

2201 4203 2350 4266 ἐντὸς
2395 4203 2536 4273 ὅρων
2565 4203 2726 4256 τινῶν
2760 4201 2857 4271 τῆς
2890 4200 3262 4271 ποιησαμένης
3299 4200 3574 4271 δυνάμεως
3609 4199 3782 4253 αὐτὸν

2202 4294 2579 4355 ἀποκλείοντες
2603 4309 2617 4323 ο
2664 4293 2756 4345 καὶ
2801 4292 2963 4345 elevet
3009 4290 3192 4361 μέτρῳ
3239 4291 3345 4344 τινὶ
3372 4294 3437 4361 τῇ
3484 4290 3780 4359 ποσότητι,

2201 4385 2298 4455 τῆς
2344 4382 2797 4453 ὑποστησαμένης
2833 4381 2994 4435 αὐτὸν
3027 4381 3307 4451 ἐνεργείας
3349 4380 3787 4451 περισχοινίζον-

530 4492 696 4546 super
729 4475 1063 4545 perfectione
1094 4487 1147 4533 et
1172 4479 1437 4547 qualitate
1464 4480 1709 4542 virtutis,
1741 4495 1809 4534 ac
1837 4483 2095 4550 potentite

2206 4492 2318 4539 τες,
2352 4475 2538 4547 ὥσπερ
2576 4473 2760 4545 χιτῶνι
2788 4489 2893 4526 τινι
2928 4475 2995 4543 τῇ
3045 4472 3391 4543 ἐπινοηθείσῃ
3434 4474 3561 4542 παρ’
3592 4472 3787 4524 αὐτῶν

533 4567 925 4637 productricis,
961 4570 1111 4624 velut
1142 4585 1400 4626 mensura
1421 4581 1475 4625 et
1500 4571 1808 4640 quantitate
1855 4573 2096 4642 quadam

528 4674 651 4712 eum
685 4659 1070 4725 dimetiuntur,
1106 4667 1158 4714 et
1182 4660 1330 4715 velut
1369 4661 1555 4714 tunica
1585 4661 1843 4729 quadam,
1877 4662 2100 4733 energia

530 4752 596 4803 ab
630 4752 763 4821 ipsis
795 4753 1103 4823 excogitata
1148 4752 1389 4821 undique
1420 4760 1724 4806 coarctant.
1774 4751 1829 4806 ln
1861 4753 1948 4809 bis
1987 4770 2101 4808 non

530 4860 823 4914 possumus
844 4859 1111 4899 accusare
1145 4841 1393 4898 Iudaeos.

596 4934 865 4990 Prteterea
924 4936 1362 4991 contractionem
1434 4934 1729 5006 quamdam
1793 4939 2095 4994 secundum

529 5022 597 5076 im
609 5024 964 5079 minutionem
984 5026 1038 5079 in
1053 5022 1356 5080 substantia
1374 5026 1551 5086 inesse
1563 5028 1983 5101 eogitant,eum,
1999 5045 2097 5084 ne-

529 5115 646 5168 scio
675 5127 781 5185 qua
804 5115 1174 5180 ratione,eum
1204 5116 1298 5184 qui
1329 5116 1471 5169 mole
1505 5124 1558 5169 et
1602 5118 1982 5186 magnitudine
2002 5132 2096 5173 ca-

527 5208 771 5263 ret.snis
798 5204 1229 5276 cogitationibus
1263 5214 1318 5260 et
1353 5207 1810 5275 persuasionibus
1857 5208 2096 5262 metian-

531 5305 616 5348 tnr
638 5312 650 5349 :
674 5306 726 5349 at
757 5295 1034 5367 quomodo
1061 5296 1305 5366 reperire
1337 5305 1561 5367 queant,
1585 5307 1853 5367 quantum
1889 5299 1955 5353 ad
1984 5302 2095 5354 vir-

529 5387 662 5440 tutis
697 5386 1084 5456 perlectionem
1102 5389 1241 5443 desit
1273 5388 1570 5459 Uuigenito
1613 5387 1785 5453 Filio,
1825 5406 1935 5460 quo
1967 5406 2095 5445 cum

528 5477 826 5534 destitutus
886 5482 992 5545 sit,
1031 5480 1089 5536 in
1146 5480 1343 5535 minori
1396 5488 1450 5535 ct
1506 5481 1896 5549 imperfertiori
1952 5490 2094 5537 statu

529 5571 1087 5627 versatur?utsileam
1110 5572 1161 5627 id
1189 5589 1361 5643 genus
1404 5573 1507 5625 alia
1559 5573 1815 5643 plurima,
1859 5589 2093 5644 quorum

605 5679 648 5711 ⁸³
677 5676 909 5750 Philipp.
957 5694 1039 5748 ιιι,
1083 5681 1136 5735 3.
1195 5681 1237 5714 ’9
1286 5679 1445 5736 Joan.
1486 5697 1602 5745 vnt,
1627 5681 1731 5748 59;
1776 5697 1829 5750 κ,
1866 5681 1954 5738 51.

532 5749 687 5806 Jean.
712 5764 827 5816 xu,
851 5747 903 5801 7.

2197 4569 2446 4638 ἐνεργείᾳ
2477 4566 2812 4636 πανταχόθεν
2841 4564 3299 4635 περιειργόμενον.
3329 4564 3510 4617 Ταῦτα
3533 4580 3787 4633 κατηγο-

2202 4662 2314 4730 ρεῖν
2337 4659 2445 4710 τῶν
2486 4657 2752 4710 Ἰουδαίων
2782 4657 2880 4708 οὐκ
2912 4655 3126 4723 ἔχομεν.

2274 4928 2409 4988 Εἶτα
2443 4930 2757 5003 βραχύτητά
2783 4945 2902 4981 τινα
2927 4930 2991 4999 τῇ
3023 4928 3179 4998 οὐσίᾳ
3214 4929 3332 4981 κατ’
3362 4928 3656 4982 ἐλάττωσιν
3689 4929 3795 4982 ἐν·-

2203 5023 2529 5100 θεωροῦσινο
2571 5023 2672 5076 οὐκ
2697 5018 2813 5075 οἶδα
2839 5021 2943 5073 τίνι
2977 5020 3181 5091 μεθόδῳ
3205 5019 3295 5073 τὸν
3330 5020 3529 5074 ἀποσόν
3575 5037 3639 5073 τε
3685 5024 3797 5075 καὶ

2202 5114 2446 5187 ἀμεγέθη
2475 5116 2541 5185 τῇ
2573 5112 2780 5166 ἑαυτῶν
2813 5111 3078 5181 ὑπολήψει
3108 5121 3644 5184 περιμετρησαντες,
3686 5114 3797 5164 καὶ

2203 5210 2380 5279 εὑρεῖν
2405 5205 2721 5276 δυνηθέντες
2748 5204 2912 5257 πόσον
2946 5203 3086 5257 ἐνδεῖ
3125 5202 3202 5273 τῷ
3234 5204 3452 5273 μεγέθει
3479 5202 3571 5256 τοῦ
3602 5202 3795 5257 Μονο-

2202 5297 2393 5368 γενοῦς
2415 5297 2552 5351 Θεοῦ
2590 5296 2726 5367 πρὸς
2775 5295 2872 5366 τὴν
2906 5294 3216 5347 τελείωσινο
3260 5288 3323 5347 οὗ
3361 5293 3433 5365 μὴ
3482 5295 3798 5364 προσόντος

2202 5393 2260 5445 ἐν
2290 5389 2368 5460 τῷ
2408 5387 2715 5460 μικροτέρῳ
2739 5403 2799 5439 τε
2824 5386 2917 5439 καὶ
2944 5384 3123 5439 ἀτελεῖ
3149 5385 3454 5455 θεωρεῖται,
3487 5385 3580 5438 καὶ
3607 5383 3801 5440 πολλὰ

2165 5483 2388 5551 Ἕτερα,
2424 5480 2493 5533 τὰ.
2533 5480 2629 5551 μὲν
2671 5481 2734 5532 ἐκ
2778 5478 2871 5532 τοῦ
2905 5477 3213 5549 προφανοῦς
3256 5476 3679 5548 ὁμολογοῦντες,
3719 5477 3807 5530 τὰ

2201 5575 2257 5628 δέ
2295 5571 2432 5626 κατά
2472 5570 2535 5623 τὸ
2571 5569 2829 5624 λανθάνον
2861 5568 3379 5635 κατασκευάζοντες,
3412 5566 3793 5638 ἐμμελέτημα

2035 5684 2079 5715 ⁸ο
2145 5682 2333 5738 Matth.
2375 5698 2487 5739 xm.
2550 5678 2643 5746 55;
2694 5678 2855 5734 Marc.
2896 5696 2971 5745 VI,
3005 5681 3058 5736 5.
3117 5679 3160 5712 "
3192 5677 3382 5735 Matth.
3438 5692 3611 5747 xum,
3670 5675 3803 5746 1.3;
