4008 6210
307 351 425 409 355

1459 353 1739 412 CONTRA
1780 358 2164 425 EUNOMIUM,
2205 359 2328 413 LIB.
2371 360 2408 413 Ι.

2297 148 2306 175 Ι

3470 366 3575 422 554

317 471 421 537 τῆς
463 466 726 539 πονηρίας
755 466 965 522 ἑαυτῶν
1007 470 1106 541 τὴν
1145 469 1434 542 ὁμολογίαν
1466 475 1561 530 τοῦ
1588 475 1718 530 Υίοῦ
1740 517 1754 542 ,
1803 479 1899 532 καὶ

2004 478 2172 533 multa
2204 476 2491 531 manifeste
2522 475 2874 543 confitentur,
2933 476 3039 531 alia
3070 491 3202 532 veto
3251 477 3568 533 clanculum

318 561 413 615 τοῦ
430 559 587 629 ἁγίου
610 561 751 614 Πνεύ
759 578 928 631 ματος
947 564 1288 634 ἐποιήσαντο.
1307 565 1430 628 [Ιῶς
1445 562 1538 620 οὖν
1555 568 1654 621 οὐκ
1675 569 1897 622 ἐλεεινό-

315 669 463 725 τεροι
501 652 604 724 τῆς
647 654 947 726 Ἰουδαϊκῆς
989 656 1398 726 κατακρίσεως,
1443 658 1602 728 είπερ
1628 658 1695 712 τὰ
1737 660 1898 731 μηδέ.-

313 761 448 799 ποτε
498 744 634 815 παρ’
683 745 909 801 ἐκείνων
963 747 1371 819 τετολμημένα,
1424 750 1710 822 προδήλως
1756 751 1898 805 οὕτω

313 835 471 905 παρὰ
497 835 704 888 τούτων
736 837 1234 905 κατασκευάζεται;
1283 840 1342 892 Ὅ
1386 840 1492 912 γὰρ
1530 840 1768 897 ὲλαττῶν
1800 843 1898 914 τὴν

313 926 509 979 οὐσίαν
531 925 628 979 τοῦ
666 928 1005 996 Μονογενοῦς
1033 929 1125 982 καὶ
1153 928 1246 982 τοῦ
1277 930 1431 997 ἁγίου
1457 931 1596 985 Πνεύ
1606 950 1791 998 ματος,
1823 932 1900 997 ὡς

321 1016 425 1087 μὲν
459 1019 632 1070 είπεῖν
671 1018 703 1089 ἢ
755 1017 1021 1085 ἀκοῦσαι,
1054 1020 1246 1091 μικρὸν
1285 1022 1500 1074 ἀσεϐεῖν
1552 1024 1681 1086 ἴσως
1721 1025 1894 1078 δοκεῖ·

315 1110 369 1161 εί
392 1108 449 1161 δέ
472 1125 557 1171 τις
583 1109 829 1181 ἀκριϐῶς
869 1110 960 1163 τὸν
995 1111 1149 1180 λόγον
1179 1112 1617 1179 κατεξετάσειεν,
1654 1118 1734 1177 είς
1766 1117 1897 1170 αὐτὸ

312 1199 383 1252 τὸ
428 1200 724 1269 κεφάλαιον
758 1201 1090 1273 βλασφημῶν
1130 1203 1541 1275 ἐλεγχθήσεται.
1583 1207 1793 1259 UOs-uisi.
1839 1207 1896 1260 δὲ

320 1291 718 1361 σκοπήσωμεν,
763 1292 859 1346 καί
905 1309 994 1362 μοι
1058 1293 1496 1365 συγκεχωρήσθω
1552 1295 1897 1361 διδασκαλίας

317 1381 484 1451 χάριν
514 1382 610 1435 καὶ
650 1384 950 1455 σαφηνείας
987 1384 1080 1437 τοῦ
1112 1384 1263 1455 παρά
1301 1385 1408 1437 τῶν
1441 1386 1696 1439 ἐναντίων
1725 1403 1893 1440 καταο

314 1473 721 1542 σκευαζομένου
749 1475 1007 1549 ψεύδους,
1057 1476 1151 1529 ἐπὶ
1175 1477 1272 1546 τὴν
1310 1475 1523 1529 ἔκθεσιν
1555 1476 1663 1530 τῶν
1698 1478 1896 1548 ἡμετέ-

314 1576 433 1629 ρων
458 1561 783 1631 ὑπολήψεων
799 1563 893 1616 τὸν
925 1564 1081 1632 λόγον
1114 1564 1431 1635 προάγοντι.

1999 568 2429 634 macltinautur;
2484 567 2666 637 posita
2714 569 2862 622 velut
2900 583 2999 638 pro
3032 568 3407 637 improbitatis
3459 587 3575 625 suae

2000 660 2451 723 exercitamento,
2491 657 2837 727 professione
2871 659 2992 715 fidei
3026 661 3095 715 de
3118 659 3256 714 Filio
3282 670 3338 715 et
3363 662 3574 731 Spiritu

2002 757 2216 803 sancto.
2253 747 2541 814 Quomodo
2579 762 2710 815 ergo
2739 750 2955 802 censeri
3009 765 3117 803 non
3173 749 3375 805 debent
3426 750 3565 820 ipsis

2000 839 2222 909 perfidis
2253 837 2457 895 Iudaeis
2496 838 2948 902 miserabiliores,
3001 854 3124 893 cum
3154 855 3240 907 ea,
3308 856 3432 910 quae
3476 841 3574 895 Ju-

2001 931 2101 986 daei
2135 946 2480 1001 nequaquam
2516 930 2639 986 ausi
2689 928 2936 993 fuerunt,
2984 930 3108 985 luce.
3154 932 3355 999 palam,
3405 941 3461 987 et
3512 932 3570 986 in

1999 1026 2246 1079 omnium
2284 1032 2582 1094 conspectu
2619 1024 2687 1077 ab
2728 1024 2865 1092 ipsis
2908 1022 3080 1077 fiant?
3133 1024 3236 1090 Qui
3268 1025 3418 1079 enim
3464 1025 3574 1079 im—

1999 1115 2201 1167 minuit
2227 1114 2590 1168 substantiam
2626 1111 2751 1166 Filii
2780 1121 2834 1168 et
2865 1114 3107 1182 Spiritus
3143 1115 3347 1177 sancti,
3395 1123 3453 1168 ut
3477 1128 3573 1168 so-

1998 1204 2275 1258 lummodo
2300 1203 2508 1273 aliquid
2542 1203 2688 1257 dicat
2725 1204 2811 1258 vel
2850 1204 3055 1270 audiat,
3092 1204 3139 1259 is
3170 1203 3425 1260 fortassis
3459 1220 3571 1261 non

1998 1311 2194 1365 magno
2254 1296 2550 1365 impietatis
2607 1295 2813 1350 scelere
2886 1310 3009 1350 sese
3061 1296 3439 1351 obstrinxerit.
3502 1296 3573 1348 At

2002 1388 2093 1458 qui
2131 1389 2235 1443 hoc
2294 1397 2556 1441 accurato
2584 1386 2773 1441 studio
2808 1395 2864 1441 et
2903 1387 3200 1443 meditatus
3247 1389 3379 1458 agit,
3420 1388 3468 1443 is
3501 1385 3572 1441 ad

2002 1492 2319 1547 supremum
2358 1478 2651 1546 impietatis
2701 1478 2920 1532 culmen
2982 1481 3321 1549 pervenisse,
3372 1480 3573 1533 merito

2002 1568 2303 1623 existimari
2343 1575 2541 1638 potest.
2589 1567 2681 1623 Sic
2761 1584 2889 1623 vero
2933 1569 3382 1639 disquisitionem
3414 1570 3574 1624 insti-

313 1666 562 1718 tuamus.
592 1661 941 1728 primumque
970 1660 1103 1713 mihi
1134 1660 1347 1729 ignosci
1379 1660 1565 1730 cupio,
1608 1662 1656 1716 si
1692 1663 1760 1716 ad
1789 1661 2122 1718 declaranda
2157 1665 2331 1735 magis
2372 1674 2424 1720 et
2468 1664 2812 1734 explananda
2880 1666 2994 1729 illa,
3071 1682 3194 1736 quae
3268 1665 3571 1720 adversarii

312 1747 657 1804 mendaciter
699 1751 1087 1805 machinantur
1118 1758 1173 1805 et
1223 1752 1535 1821 proferunt,
1578 1753 1979 1824 expositionem
2044 1771 2256 1818 eorum,
2320 1772 2443 1825 qua:
2501 1772 2603 1811 nos
2668 1755 2755 1809 ltic
2807 1755 3080 1811 sentimus
3157 1765 3210 1811 et
3286 1755 3568 1820 docemus,

312 1845 375 1899 in
409 1844 646 1898 medium
689 1845 984 1914 protulero.

391 1937 616 1990 Πάντων
645 1935 753 1990 τῶν
781 1936 949 1988 ὄντων
987 1938 1020 2007 ἡ
1052 1936 1311 1991 ἀνωτάτω
1339 1937 1598 2008 διαίρεσις
1631 1938 1709 2001 είς
1745 1954 1804 1991 τε
1830 1937 1889 1989 τὸ

2058 1932 2313 1987 Omnium
2345 1947 2526 1987 rerum
2559 1932 2795 1986 maxime
2821 1931 3135 1986 communis
3186 1942 3239 1985 et
3283 1937 3570 2002 generalis

314 2027 532 2098 νοητὸν.
570 2028 665 2079 καὶ
695 2026 757 2079 τὺ
787 2024 1040 2096 αἰσθητὸν
1086 2026 1189 2095 τὴν
1217 2025 1387 2097 τομὴν
1416 2026 1543 2097 ἔχει.
1573 2029 1683 2081 Καὶ
1720 2027 1754 2097 ἡ
1791 2028 1887 2096 μὲν

318 2116 561 2187 αἰσθητὴ
593 2116 753 2185 φύσις
783 2115 1018 2184 γενικῶς
1061 2116 1165 2169 ὑπὸ
1199 2115 1293 2169 τοῦ
1354 2117 1675 2170 Ἀποστόλου
1704 2116 1886 2185 ὁρατὴ

311 2208 758 2277 κατωνόμασται.
805 2206 1022 2278 Ἐπειδὴ
1048 2207 1155 2278 γάρ
1181 2210 1289 2261 πᾶν
1327 2208 1484 2278 σῶμα
1508 2209 1565 2260 ὲν
1604 2207 1885 2278 χρώματι,

310 2298 512 2352 τούτου
534 2297 593 2350 δὲ
632 2299 665 2368 ἡ
701 2298 890 2367 ὅρασις
930 2297 1030 2368 τὴν
1064 2298 1346 2370 ἀντίληψιν
1392 2298 1537 2368 ἔχει·
1574 2297 1891 2352 καταλιπὼν

308 2389 420 2452 τὰς
450 2388 774 2452 ὑπολοίπους
822 2389 1136 2459 ποιότητας,
1186 2390 1307 2442 ὅσαι
1352 2388 1625 2454 οὑσιωδῶς
1684 2407 1892 2459 συμπε⁴

1992 2025 2188 2079 divisio
2210 2032 2294 2078 est
2326 2023 2380 2077 in
2401 2038 2514 2087 eas,
2540 2037 2660 2092 quae
2679 2022 2978 2084 intellectu,
3006 2029 3058 2075 et
3076 2020 3131 2075 in
3148 2037 3240 2077 eas
3268 2039 3389 2091 quae
3405 2041 3571 2081 sensu

1992 2115 2386 2186 percipiuntur.
2420 2113 2485 2166 Et
2516 2113 2793 2168 sensibilis
2819 2111 3037 2181 quidem
3076 2121 3269 2165 natura
3327 2113 3397 2167 ab
3424 2116 3573 2185 Apo-

1994 2204 2137 2260 stolo
2161 2204 2459 2273 generatim
2485 2203 2629 2258 dicta
2653 2203 2970 2257 estoisibilis
2991 2202 3034 2233 "
3065 2218 3078 2255 :
3103 2217 3228 2255 cum
3245 2202 3389 2257 enim
3412 2218 3573 2261 omne

1993 2309 2195 2364 corpus
2221 2294 2522 2348 coloratum
2568 2294 2661 2358 sit,
2687 2293 2902 2363 hocque
2931 2292 3072 2347 visio
3117 2291 3237 2362 ipsa
3269 2295 3570 2363 percipiat;

1994 2387 2205 2441 relictis
2226 2387 2350 2442 aliis
2382 2386 2759 2457 qualitatibus,
2795 2400 2915 2455 quae
2949 2385 3272 2440 substantia:
3302 2387 3573 2440 naturali-

1995 2473 2375 2539 terinhmrent,
2395 2489 2459 2527 ex
2478 2487 2542 2528 eo
2557 2474 2702 2543 quod
2727 2474 2914 2529 sensui
2934 2482 3245 2543 promptum
3265 2482 3321 2529 et
3349 2476 3573 2531 obvium

1995 2574 2109 2632 est,
2141 2567 2399 2620 visibilem
2428 2566 2723 2636 appellavit
2763 2584 2776 2619 :
2809 2565 3141 2620 intellectilis
3185 2581 3319 2620 vero
3360 2575 3574 2621 naturae

318 2482 583 2551 φύκασιν,
610 2483 676 2534 ὲκ
708 2480 800 2534 τοῦ
828 2480 1117 2551 προχείρου
1140 2480 1281 2533 κατὰ
1321 2480 1417 2552 τὴν
1457 2480 1731 2551 αἴσθησιν,
1758 2484 1894 2550 ὀρα-

312 2571 440 2638 τὴν
474 2571 900 2643 προσηγόρευσε.
947 2572 1058 2639 Τῆς
1103 2571 1161 2624 δὲ
1199 2571 1397 2641 νοητῆς
1453 2571 1666 2640 φύσεως
1711 2570 1893 2644 πάσης

306 2663 497 2733 ὄνομα
527 2662 626 2732 μὲν
656 2662 830 2714 κοινόν
866 2662 1011 2725 ἐστι,
1043 2660 1223 2724 καθώς
1248 2677 1410 2731 φησιν
1452 2661 1800 2729 Ἀπόστολος,
1825 2661 1892 2715 τὸ

2004 2672 2192 2712 nomen
2211 2672 2520 2720 commune,
2535 2666 2593 2711 ut
2606 2657 3007 2727 aitApostolus,
3022 2667 3105 2710 est
3125 2657 3385 2712 invisibile
3402 2657 3445 2689 ⁸³
3466 2674 3574 2723 ;rc-

312 2756 582 2823 ἁὸρατον
623 2755 725 2826 (τῇ
764 2752 873 2824 γὰρ
906 2752 1251 2822 ὑπεξαιρέσει
1296 2755 1393 2823 τῆς
1428 2754 1748 2825 αἱσθητικῆς
1797 2770 1896 2808 κα-

2004 2749 2238 2804 motione
2253 2741 2397 2803 enim
2421 2757 2631 2804 naturae
2650 2748 2949 2811 sensibilis,
2965 2757 3201 2803 mentem
3227 2747 3293 2802 ad
3317 2757 3573 2803 naturam

309 2845 630 2916 ταλήψεως,
681 2844 772 2897 ἐπὶ
817 2844 879 2897 τὸ
916 2843 1204 2914 ἀσώματόν
1246 2860 1308 2896 τε
1366 2845 1461 2898 καὶ
1512 2844 1700 2914 νοητὸν
1744 2863 1893 2918 χειρ-

2004 2841 2373 2911 incorpoream
2390 2851 2440 2897 et
2486 2841 2855 2897 intellectilem
2869 2842 3026 2912 quasi
3041 2855 3204 2895 manu
3223 2841 3393 2895 ducit.
3411 2841 3574 2895 Ratio

308 2937 533 3002 αγωγεῖ
572 2934 672 3005 τὴν
707 2933 1004 3004 διάνοιαν).
1050 2934 1106 2986 '0
1156 2934 1213 2986 δὲ
1246 2933 1401 3001 λόγος
1451 2934 1531 2997 είς
1590 2933 1682 2987 δύο
1710 2936 1896 3006 τέμνει

2004 2947 2164 3002 porro
2195 2933 2251 2987 in
2275 2932 2414 2987 duas
2442 2948 2633 2988 rursus
2670 2942 2855 3003 partes
2896 2933 3063 3002 hujus
3117 2934 3402 2989 notionem
3432 2934 3576 2988 divi-

310 3025 419 3077 καὶ
464 3022 668 3093 ταύτης
702 3023 802 3091 τὴν
846 3021 1084 3075 ἔννοιαν·
1118 3023 1152 3093 ἡ
1185 3022 1282 3092 μὲν
1330 3023 1439 3094 γάρ
1472 3023 1746 3088 ἀκτιστος,
1780 3027 1810 3094 ὴ
1842 3024 1898 3076 δὲ

2004 3023 2101 3085 dit,
2135 3038 2368 3093 quarum
2404 3024 2574 3079 altera
2602 3024 2867 3087 increata,
2919 3024 3316 3087 altera,crcata
3352 3034 3573 3088 natura,

310 3115 517 3183 κτιστὴ
540 3114 647 3168 ὑπὸ
666 3114 765 3184 τῆς
792 3112 1175 3177 εὐακολουθίας
1204 3113 1681 3184 καταλαμϐάνεται
1702 3130 1716 3145 ο
1746 3115 1899 3169 ἄκτι-

2005 3124 2074 3164 ex
2092 3111 2211 3179 ipsa
2238 3110 2505 3165 orationis
2540 3110 2934 3165 consecutione
2962 3109 3283 3180 appellanda
3312 3118 3397 3165 est
3426 3128 3442 3177 ;
3491 3110 3577 3163 in-

312 3224 446 3271 στος
482 3206 582 3277 μὲν
611 3207 645 3276 ἡ
692 3206 948 3277 ποιητικὴ
984 3206 1082 3277 τῆς
1111 3205 1369 3270 κτίσεως·
1410 3206 1601 3278 κτιστὴ
1637 3207 1715 3274 δὲ,
1746 3210 1781 3278 ὴ
1809 3210 1896 3263 διὰ

2004 3209 2489 3270 creata,creaturae
2513 3200 2761 3256 eﬂectrix
2777 3208 2896 3268 est;
2922 3212 3130 3266 creata,
3182 3216 3305 3271 qua:
3341 3218 3438 3271 per
3486 3203 3575 3256 in-

312 3299 426 3370 τῆς
461 3298 718 3352 ἀκτίστου
758 3296 970 3366 φύσεως
1001 3297 1100 3368 τὴν
1143 3297 1321 3352 αἰτίαν
1403 3300 1498 3352 καὶ
1535 3299 1634 3368 τὴν
1670 3300 1897 3371 δύναμιν

2004 3300 2244 3346 creatam
2272 3299 2528 3347 naturam
2567 3307 2722 3347 suam
2758 3291 3138 3348 exsistentiam
3172 3302 3227 3348 et
3258 3292 3573 3348 facultatem

312 3390 418 3444 τοῦ
451 3387 588 3443 εἶναι
632 3387 844 3459 ἔχουσα.
882 3388 980 3441 Ἓν
1014 3388 1113 3459 μὲν
1160 3384 1252 3442 οὖν
1296 3391 1409 3452 τοῖς
1467 3389 1742 3460 αἰσθητοῖς
1780 3393 1896 3444 ἐστι

2004 3385 2183 3441 habet.
2224 3384 2281 3439 ln
2340 3385 2694 3441 scnsibilibus
2765 3385 2929 3457 igitur
2986 3394 3345 3465 numerantur
3390 3390 3576 3442 omnia

315 3480 505 3534 πάντα
530 3481 639 3547 ὅσα
658 3478 745 3532 διὰ
778 3477 886 3532 τῶν
919 3476 1015 3531 τοῦ
1044 3476 1293 3549 σώματος
1325 3478 1693 3552 αἰσθητηρίων
1722 3497 1893 3533 καταο

316 3572 710 3642 λαμϐάνομεν,
756 3571 841 3640 ἐφ’
871 3562 946 3624 ῶν
995 3570 1050 3623 al
1100 3568 1208 3623 τῶν
1260 3572 1559 3642 ποιοτήτων
1607 3571 1895 3642 διαφοραὶ,

317 3662 418 3715 τὸν
442 3663 536 3717 τοῦ
566 3662 808 3733 μείζονάς
839 3680 899 3716 τε
926 3662 1021 3716 καὶ
1047 3661 1327 3726 ἐλάττονος
1356 3663 1690 3733 ἐπιδέχονται
1720 3662 1896 3731 λόγον,

322 3756 475 3809 κατά
498 3757 557 3809 τὸ
596 3756 759 3809 ποσὸν
781 3796 796 3820 ,
828 3756 924 3810 καὶ
946 3754 1009 3808 τό
1036 3754 1217 3819 ποιὸν,
1250 3754 1343 3807 καὶ
1377 3754 1570 3818 λοιπάς
1605 3754 1897 3825 ἰδιότητας,

318 3848 427 3919 τῆς
450 3848 713 3918 διαφορᾶς
741 3849 799 3901 ὲν
831 3846 1037 3910 τούτοις
1068 3846 1469 3918 θεωρουμένης.

408 3940 534 3992 Ἐπὶ
552 3939 610 3991 δι
638 3941 736 4009 τῆς
755 3939 950 4010 νοητῆς
973 3939 1207 4008 φύσεως,
1230 3938 1329 4007 τῆς
1348 3938 1405 3991 ὲν
1433 3940 1500 4009 τῇ
1527 3937 1701 3991 κτίσει
1732 3937 1896 4008 λέγω,

238 4032 243 4037 ’
318 4028 359 4082 ὁ
394 4030 500 4100 μὲν
537 4029 774 4093 τοιοῦτος
813 4030 914 4099 τῆς
957 4029 1219 4100 διαφορᾶς
1265 4028 1453 4097 λόγος,
1508 4024 1619 4092 οἷος
1666 4028 1760 4082 ἐπὶ
1792 4030 1901 4083 τῶν

322 4118 607 4189 αἰσθητῶν
624 4118 935 4189 κατελήφθη
956 4160 970 4182 ,
992 4118 1176 4191 χώραν
1209 4120 1309 4172 οὐκ
1334 4118 1444 4190 ἔχει
1470 4136 1484 4150 ’
1524 4120 1709 4189 ἕτερος
1732 4118 1790 4173 δέ
1817 4137 1901 4183 τις

320 4211 643 4281 εὑρίσκεται
670 4211 888 4281 τρόπος,
912 4210 1009 4278 τὴν
1040 4210 1135 4264 τοῦ
1166 4211 1410 4280 μείζονος
1436 4209 1573 4281 πρὸς
1598 4213 1659 4263 τὸ
1684 4209 1902 4265 ἔλαττον

318 4302 592 4372 διαφορὰν
637 4302 984 4371 ἐξευρίσκων.
1046 4300 1261 4373 Ἐπειδὴ
1312 4300 1420 4371 γὰρ
1464 4301 1662 4364 παντὸς
1699 4299 1902 4368 ἀγαθοῦ

324 4394 503 4464 πηγὴ,
534 4392 632 4445 καὶ
660 4391 821 4462 ἀρχὴ,
850 4393 944 4445 καὶ⁵
974 4391 1207 4462 χορηγία
1234 4393 1292 4444 ὲν
1321 4393 1385 4462 τῇ
1417 4391 1655 4462 ἀκτίστῳ
1686 4390 1905 4461 θεωρεί-

320 4503 414 4541 est
445 4485 642 4554 φύσιν
694 4485 841 4537 πᾶσα
887 4484 945 4537 δὲ
979 4482 1114 4554 πρὸς
1145 4484 1320 4536 ἐκεῖνο
1361 4484 1614 4539 νένευκεν
1652 4486 1684 4554 ἡ
1731 4483 1904 4547 κτίσις

316 4579 411 4632 διὰ
446 4578 551 4646 τῆς
592 4575 877 4638 κοινωνίας
916 4574 1012 4627 τοὺ
1053 4572 1270 4645 πρώτου
1319 4574 1526 4644 ἀγαθοῦ
1552 4574 1652 4645 τῆς
1698 4573 1905 4645 ὑψηλῆς

325 4666 578 4735 φύσεως,
611 4666 960 4738 ἐφαπτομένη
996 4665 1054 4719 δὲ
1094 4667 1188 4719 καὶ
1235 4664 1542 4736 μετέχουσα
1573 4662 1633 4728 εξ
1661 4664 1905 4734 ἀνάγκης
1938 4647 1980 4701 D

2001 3478 2113 3545 illa,
2155 3493 2493 3548 qutrcunqtte
2564 3479 2816 3549 corporis
2869 3478 3124 3535 sensibus
3177 3480 3573 3550 percipiuntur,

1999 3586 2229 3640 quorum
2264 3571 2552 3641 qualitates
2584 3570 2956 3628 diversimode
2988 3572 3109 3641 plus
3163 3580 3217 3627 et
3248 3572 3431 3628 minus
3472 3572 3574 3626 ad-

2001 3662 2257 3727 mittunt;
2308 3661 2612 3719 differentia
2648 3664 2702 3717 in
2756 3664 2842 3719 liis
2881 3664 3229 3719 considerata
3274 3661 3576 3720 secundum

2001 3752 2346 3822 quantitatis,
2376 3761 2472 3808 aut
2519 3755 2804 3825 qualitatis
2857 3762 2951 3809 aut
3001 3754 3231 3808 aliarum
3270 3756 3578 3825 proprieta-

2002 3853 2118 3901 tum
2146 3848 2435 3903 rationem.

2074 3938 2133 3994 ln
2162 3947 2355 3994 natura
2385 3953 2518 3994 vero
2552 3939 2875 4002 intellectili,
2920 3945 3123 4004 creata,
3152 3936 3396 4008 inquam,
3450 3935 3579 3991 talis

2003 4030 2341 4089 diversitatis
2373 4035 2536 4097 ratio,
2574 4032 2755 4101 qualis
2793 4030 3065 4099 reperitur
3098 4031 3154 4084 in
3181 4030 3345 4085 rebus
3388 4029 3577 4084 sensui

2005 4122 2262 4192 objectis,
2298 4122 2481 4177 locum
2513 4138 2621 4177 non
2653 4121 2852 4183 habet;
2898 4120 3039 4175 alius
3070 4128 3249 4176 tamen
3300 4121 3578 4177 invenitur

2004 4214 2221 4277 modus,
2256 4215 2310 4267 in
2339 4229 2449 4282 quo
2477 4212 2706 4281 majoris
2735 4217 2788 4265 et
2812 4211 3045 4266 minoris
3072 4211 3376 4267 differentia
3413 4228 3580 4283 appa-

2004 4313 2109 4360 ret.
2140 4305 2278 4359 Cum
2306 4303 2452 4357 enim
2493 4301 2673 4357 omnis
2702 4301 2833 4355 boni
2874 4301 2996 4357 fons
3026 4310 3079 4357 ct
3106 4302 3262 4373 origo
3291 4313 3344 4359 et
3366 4304 3580 4374 largitio

2007 4396 2062 4450 in
2104 4405 2303 4449 natura
2352 4394 2598 4447 increata
2661 4392 2813 4457 insit,
2865 4395 3155 4465 omnisque
3203 4402 3456 4450 creatura
3512 4396 3581 4448 ad

2008 4489 2179 4559 ipsam
2203 4486 2379 4542 oculis
2411 4484 2565 4554 Quasi
2598 4485 2830 4540 intentis
2865 4487 3157 4556 suspiciat,
3202 4503 3299 4557 per
3330 4502 3580 4542 commu-

2007 4578 2229 4633 nionem
2255 4572 2655 4647 supremi'boni
2684 4577 2752 4630 ab
2780 4577 2966 4632 eadem
2990 4593 3283 4648 suspensa,
3308 4579 3583 4647 ejusdem-

2008 4684 2115 4738 que
2142 4667 2416 4737 particeps
2469 4666 2682 4733 efl‘eeta,
2729 4668 3053 4723 necessario
3104 4668 3410 4724 secundum
3453 4686 3582 4739 pt‘u-
3636 4690 3641 4697 ›

323 4758 474 4814 κατά
500 4759 602 4829 τὴν
628 4759 919 4827 ἀναλογίαν
947 4759 1047 4828 τῆς
1073 4758 1184 4811 τῶν
1211 4756 1430 4829 ὑψηλῶν
1466 4757 1770 4827 μετουσίας,
1799 4757 1900 4809 τῶν

2008 4760 2317 4830 portionem
2360 4759 2801 4828 participationis
2841 4774 3025 4815 rerum
3076 4759 3412 4823 sublimium,
3451 4760 3581 4813 dum

327 4851 426 4921 μιν
458 4848 750 4916 πλειόνως,
776 4849 884 4902 τῶν
910 4849 967 4901 δὲ
996 4848 1292 4910 ἐλαττόνως
1316 4848 1457 4901 κατά
1483 4846 1545 4899 τὸ
1569 4847 1900 4914 αὐτεξούσιον

2009 4852 2130 4906 alia)
2162 4851 2308 4921 plus,
2346 4850 2466 4904 aliae
2491 4850 2810 4919 niinus,pro
2837 4850 3090 4906 libertate
3118 4850 3331 4905 arbitrii
3361 4858 3416 4905 et
3445 4865 3582 4905 con-

322 4946 427 5011 τῆς
488 4939 860 5011 προαιρέσεως
906 4938 1454 5010 μεταλαμϐανόντων,
1502 4940 1563 4993 τὸ
1594 4939 1774 4993 πλεῖον
1818 4941 1900 4993 καὶ

2007 4943 2118 4999 silii
2146 4944 2255 5007 sui,
2287 4941 2604 5013 accipiunt;
2639 4942 2764 5011 plus
2785 4951 2839 4998 et
2867 4942 3053 4997 minus
3087 4942 3143 4996 in
3189 4942 3460 4998 creaturis
3489 4944 3573 4995 ad.

322 5033 387 5085 τὺ
434 5028 605 5104 ἦττον
658 5033 717 5084 ἑν
768 5033 833 5102 τῇ
885 5031 1056 5084 κτίσει
1103 5030 1428 5102 γνωρίζεται
1493 5030 1769 5098 ἀναλόγως
1815 5030 1900 5101 τῆς

2009 5033 2339 5089 mittendum
2394 5040 2501 5098 est,
2561 5033 2976 5088 accommodate
3007 5033 3375 5103 quarumlibet
3420 5048 3581 5103 appe-

326 5126 566 5181 ἑκάστου
611 5126 805 5195 ὁρμῆς.
855 5124 967 5194 Τῆς
1013 5123 1124 5192 γάρ
1160 5121 1373 5192 φύσεως
1417 5122 1516 5192 τῆς
1545 5123 1604 5176 ὲν
1629 5125 1696 5194 τῇ
1735 5122 1911 5176 κτίσει

246 5246 259 5255 ο
327 5217 635 5286 νοουμένης
666 5217 723 5267 ὲν
772 5213 1009 5285 μεθορίῳ
1040 5213 1146 5266 τῶν
1179 5212 1424 5280 ἀγαθῶν,
1482 5214 1575 5268 καὶ
1605 5213 1712 5268 τῶν
1755 5215 1911 5266 ὲνανο

328 5308 465 5362 τίων
518 5305 796 5375 ἑστώσης,
853 5306 929 5368 ώς
976 5304 1228 5375 δεκτικὴν
1277 5305 1552 5376 ἑκατέρων
1600 5300 1740 5359 εἶναι
1790 5306 1911 5358 κατ’

332 5399 614 5465 ἐξουσίαν,
640 5400 749 5463 τοίς
797 5398 936 5453 κατά
955 5396 1179 5469 γνώμην
1210 5397 1669 5470 προσκλινομένην
1688 5437 1701 5460 ,
1732 5396 1913 5461 καθὼς

332 5494 489 5565 παρὰ
528 5491 629 5562 τῆς
668 5490 889 5562 Pascit;
932 5488 1364 5560 μεμαθήκαμεν·
1415 5487 1550 5560 πρδς
1602 5487 1757 5557 λόγον
1812 5487 1912 5558 τῆς

332 5602 395 5641 τι
419 5584 533 5640 τῶν
563 5583 823 5655 χειρόνων
849 5581 1198 5644 ἀποστάσεως
1259 5580 1351 5633 καὶ
1384 5578 1476 5633 τοῦ
1507 5578 1911 5650 προσεγγισμοῦ

423 5752 469 5779 ⁶¹
494 5748 715 5801 Coloss.
738 5760 779 5809 l.
804 5745 887 5799 16.
957 5741 1000 5776 ⁸³
1016 5739 1141 5796 ibid.
1175 5745 1254 5802 15.

2014 5125 2218 5180 titioni.
2248 5124 2455 5179 Natura
2484 5126 2631 5179 enim
2666 5132 2871 5187 creata,
2929 5125 3088 5193 quasi
3118 5125 3173 5178 in
3199 5124 3441 5178 confinio
3486 5124 3585 5177 bo«

2015 5231 2212 5271 norum
2241 5223 2293 5272 et
2322 5216 2590 5270 malorum
2636 5217 2934 5273 constituta
2965 5223 3071 5278 est,
3122 5224 3183 5268 ut
3216 5229 3388 5285 capax
3431 5228 3573 5269 utro-

2016 5323 2249 5378 rumque
2277 5309 2551 5363 arbitratu
2610 5324 2733 5372 suo,
2787 5307 2990 5378 quibus
3015 5308 3257 5362 animum
3290 5308 3583 5379 adjungere

2014 5397 2273 5463 voluerit,
2300 5397 2444 5453 sicut
2472 5414 2538 5454 ex
2571 5397 2777 5453 divinis
2801 5395 3027 5452 Litteris
3052 5394 3369 5455 didicimus.
3398 5397 3583 5469 Itaque

2019 5490 2430 5560 comparatione
2489 5495 2537 5544 et
2563 5499 2812 5558 respectu
2844 5488 2911 5545 ad
2943 5488 3167 5554 malum,
3232 5490 3312 5545 vel
3362 5491 3588 5563 propin-

2019 5581 2283 5654 quatione
2309 5581 2376 5637 ad
2414 5582 2639 5649 bonum,
2675 5579 2944 5638 afﬁrmare
2972 5596 3291 5654 possumus,
3324 5580 3596 5637 ittlcnsio-
