4008 6210
526 320 635 376 3'33

1771 318 1829 373 S.
1858 318 2187 376 GREGORll
2222 318 2515 376 NYSSENI

3663 326 3749 382 336

533 451 655 490 nem
708 442 763 489 et
804 433 1190 489 remissionem
1242 432 1426 486 locum
1490 418 1693 488 habere
1745 432 1800 488 in
1828 435 2107 506 eo,'quod

2217 436 2319 489 τῶν
2353 436 2561 501 καλῶν,
2614 437 2674 489 rb
2710 435 2897 502 πλέον,
2928 438 3020 491 καὶ
3057 437 3118 491 τὸ
3157 436 3376 491 ἔλαττον
3411 437 3584 506 λέγειν
3609 439 3660 492 έν
3686 439 3755 511 τῷ

530 529 736 583 virtute
768 527 1012 582 excellit.
1060 525 1130 581 At
1167 525 1413 581 increata
1466 534 1662 580 natura
1704 528 1896 597 procul
1953 527 2109 582 abest

532 622 602 675 ab
632 615 1013 688 hujuscemodi
1039 616 1367 682 dilferentia,
1392 620 1596 689 quippe
1633 621 1722 675 cui
1745 620 1966 675 bonitas
2000 635 2108 673 non

530 710 962 771 cstadventitia.
1016 726 1193 780 neque
1223 718 1450 779 accepta
1498 710 1854 779 pulchritudo
1907 721 1963 766 et
2006 711 2107 765 ho-

533 812 721 859 ncslas
737 818 804 858 ex
829 804 1216 858 communione
1241 802 1789 872 supereminentioris
1813 802 2103 873 cujusdam

534 893 959 963 pulchritudinis
989 902 1042 948 et
1073 892 1414 959 honestatis;
1475 891 1572 948 sed
1606 892 1660 946 in
1694 906 1774 957 se,
1828 898 1881 947 et
1930 892 1985 947 in
2012 907 2111 946 na—

533 996 652 1039 tura
692 1000 789 1041 sua
815 986 918 1039 hoc
938 983 1082 1054 quod
1114 990 1220 1047 est,
1248 983 1457 1037 bonum
1487 993 1595 1049 esr,
1642 990 1697 1038 et
1743 990 1801 1036 ut
1824 982 1968 1037 bona
2022 983 2103 1037 iu-
2137 965 2143 971 ’

532 1080 822 1150 telligitur,
858 1078 981 1132 fons
1005 1076 1295 1140 bonitatis,
1339 1075 1571 1145 simplex
1597 1084 1651 1131 et
1677 1075 1989 1138 uniformis,
2013 1090 2110 1129 ex-

534 1186 663 1239 pers
702 1171 886 1224 omnis
933 1167 1372 1238 compositionis,
1430 1167 1600 1223 etiam
1660 1167 2108 1223 adversariorum

534 1270 852 1317 nostrorum
893 1261 1228 1316 testimonio.
1293 1257 1713 1314 Distinctionem
1775 1274 1904 1314 vero
1949 1259 2005 1313 in
2040 1273 2108 1314 eo

535 1353 699 1407 habet
748 1350 1025 1420 majestati
1077 1357 1290 1403 natura:
1340 1361 1457 1402 sua:
1512 1352 1917 1416 competentem
1955 1362 1969 1399 :
2002 1359 2107 1398 non

488 1493 494 1499 .
533 1459 655 1513 quae
686 1443 741 1497 in
776 1442 1087 1498 intensione
1109 1451 1165 1496 ct
1192 1440 1522 1496 remissione
1554 1438 1846 1504 consistat,
1890 1445 1950 1491 ut
1992 1437 2110 1490 vult

533 1532 837 1587 Eunomius
891 1532 1007 1602 (qui
1046 1530 1193 1586 enim
1243 1529 1709 1585 existimationem
1738 1527 1820 1583 -de
1856 1526 2114 1582 bonitate

536 1623 813 1676 imminuit
837 1621 892 1675 in
926 1622 1131 1691 aliquo,
1182 1620 1327 1688 quod
1367 1618 1437 1673 de
1480 1616 1581 1673 SS.
1624 1616 1893 1672 Trinitate
1943 1614 2115 1670 credi-

533 1722 645 1780 tur,
697 1714 745 1769 is
770 1714 909 1768 nihil
959 1712 1108 1767 aliud
1160 1710 1465 1775 contendit,
1526 1723 1689 1780 quam
1726 1706 1935 1778 aliquid
1982 1720 2115 1761 con-

2212 529 2331 580 κατ’
2365 528 2566 600 ἀρετὴν
2617 528 2968 598 ὑπερέχοντι,
3018 527 3202 600 χώραν
3252 528 3384 600 ἔχει.
3436 529 3503 583 Ἦ
3539 529 3755 585 6&5er-

2216 636 2337 683 στος
2374 621 2534 689 φύσις
2580 620 2680 690 τῆς
2730 620 2829 689 μὲν
2879 620 3135 691 τοιαύτης
3187 620 3451 693 διαφορᾶς
3501 621 3756 694 πόρρωθεν

2214 709 2440 763 ἄπεστιν
2458 752 2474 779 ,
2505 710 2599 764 ἆτε
2627 712 2727 764 οὑκ
2765 710 3057 781 ἐπίκτητον
3088 711 3284 783 ἔχουσα
3311 712 3372 765 rb
3401 712 3628 780 ἀγαθὸν,
3646 712 3755 767 om

2214 801 2355 854 κατὰ
2407 802 2639 872 μετοχὴν
2681 802 3074 873 ὑπερκειμένου
3124 802 3270 866 τινὸς
3316 802 3482 857 καλοῦ
3522 803 3583 857 rb
3614 803 3756 859 καλὸν

2213 897 2271 945 ἐν
2303 894 2466 963 ἑαυτῇ
2509 893 2802 965 δεχομένη·
2833 894 2946 948 ἀλλ’
2998 894 3130 948 αὐτὸ
3177 895 3316 965 ὅπερ
3346 895 3463 948 ἐστὶ
3513 897 3576 967 τῇ
3614 894 3753 963 φύσει

2215 988 2308 1038 καὶ
2343 985 2546 1053 ἀγαθὸν
2587 983 2751 1052 οὖσα,
2799 990 2895 1042 καὶ
2926 987 3125 1057 ἀγαθὸν
3158 989 3418 1060 νοουμένη
3443 1028 3458 1053 ,
3508 989 3595 1042 καὶ
3636 989 3757 1057 ἁγα-

2215 1076 2309 1130 Θοῦ
2347 1076 2525 1148 πηγὴ,
2550 1076 2698 1148 ἁπλῆ
2726 1095 2815 1144 τε,
2860 1078 2955 1132 καὶ
2989 1078 3263 1150 μονοειδὴς
3282 1118 3297 1144 ,
3328 1080 3422 1132 καὶ
3460 1078 3755 1144 ἀσύνθετος,

2215 1168 2319 1221 ὑπὸ
2357 1169 2464 1222 τῶν
2500 1169 2822 1240 μαχομένων
2848 1172 2980 1242 ἡμῖν
3028 1170 3467 1243 μαρτυρουμένη.
3510 1171 3757 1243 Διαφορὰν

2213 1260 2269 1314 δὲ
2300 1331 2303 1334 ἠ
2335 1260 2472 1332 πρὸς
2539 1260 2736 1333 ἑαυτὴν
2782 1261 2894 1332 ἔχει
2961 1260 3039 1333 τῷ
3105 1262 3375 1335 μεγαλείῳ
3417 1263 3516 1333 τῆς
3569 1262 3760 1333 φύσεως

2214 1350 2565 1421 πρέπουσαν,
2612 1351 2674 1403 οὑ
2710 1350 2857 1423 ,πρὸς
2910 1351 2971 1405 rb
3020 1351 3204 1423 μεῖζον
3257 1351 3352 1406 καὶ
3385 1352 3596 1406 ἔλαττον
3637 1352 3757 1408 0m-

2217 1445 2513 1517 ρουμένην,
2556 1446 2628 1509 ὼς
2675 1448 2704 1499 ὁ
2753 1445 3018 1516 Εὑνόμιος
3049 1447 3252 1502 οἴεται’
3298 1451 3327 1502 ό
3356 1448 3466 1521 γὰρ
3515 1449 3606 1521 τὴν
3647 1449 3762 1521 περὶ

2213 1536 2306 1590 τοῦ
2365 1536 2566 1605 ἀγαθοῦ
2626 1536 2831 1592 ἔννοιαν
2888 1538 3127 1592 ὲλαττῶν
3188 1538 3243 1593 έν
3302 1557 3407 1593 τινι
3447 1539 3554 1595 τῶν
3592 1542 3644 1594 έν
3697 1543 3762 1613 τῇ

2215 1626 2346 1698 ἁγίᾳ
2374 1627 2562 1695 Τριάδι
2597 1629 3073 1700 πεπιστευμένων,
3127 1629 3389 1701 μεμίχθαι
3424 1649 3477 1685 τι
3508 1632 3603 1703 τῆς
3626 1634 3765 1686 ὲνανο

2200 1718 2333 1781 ⁴τίας
2360 1718 2525 1785 ἕξεως
2562 1718 2639 1789 τῷ
2670 1720 2813 1775 κατὰ
2843 1720 2903 1774 τὸ
2934 1720 3137 1789 ἀγαθὸν
3175 1723 3549 1795 ὑστερουμένῳ
3568 1724 3762 1787 πάντως

533 1807 686 1862 trarii
719 1804 941 1859 habitus
981 1803 1054 1867 ei,
1120 1803 1174 1856 in
1223 1817 1334 1872 quo
1365 1800 1615 1855 defectus
1647 1798 1910 1853 bonitatis
1942 1811 2108 1866 appa-

2217 1810 2794 1885 παρασκευάσειοὸπερ
2830 1811 2949 1865 οὑτε
2995 1814 3086 1867 ἐπὶ
3120 1814 3213 1868 τοῦ
3262 1815 3613 1883 Μονογενοῦς,
3649 1814 3763 1870 οὔτε

534 1908 639 1960 rct,
672 1891 967 1951 admistum
1014 1908 1181 1959 esse;
1219 1893 1362 1963 quod
1405 1892 1489 1946 vel
1520 1890 1591 1946 de
1628 1890 1910 1960 unigenito
1950 1889 2110 1955 Filio,

532 1989 616 2043 vel
651 1986 859 2057 Spiritu
912 1994 1107 2041 sancto
1143 1983 1409 2054 cogitare,
1447 1982 1728 2054 impietate
1760 1994 1872 2035 non
1913 1980 2109 2051 caret),

534 2079 630 2135 sed
666 2079 902 2148 positam
941 2077 997 2130 in
1036 2089 1251 2131 sunnna
1272 2071 1646 2144 perfectione,
1698 2079 1753 2125 et
1802 2070 2113 2140 incompre-

534 2172 792 2228 hcnsibili
821 2168 1164 2232 excellentia,
1215 2181 1337 2235 quae
1386 2164 1640 2235 cujusvis
1701 2177 1948 2233 personm
1987 2177 2114 2231 pro-

535 2260 861 2330 prietatibus
897 2260 1080 2312 inesse
1121 2254 1497 2325 cegnoscitur,
1544 2253 2005 2321 inconfusamque
2058 2259 2112 2307 et

533 2354 776 2407 discreta
796 2349 1104 2405 ditl'creutia
1136 2353 1505 2401 constantem.
1531 2345 1671 2399 Hinc
1689 2354 1882 2398 natura
1900 2344 2108 2412 divina,

532 2446 587 2497 iu
648 2443 771 2507 hoc,
834 2440 1103 2510 quodest
1163 2438 1474 2491 increatum
1519 2450 1661 2498 esse,
1718 2436 2111 2489 communione

533 2536 768 2606 quatiam
812 2547 1009 2587 «secum
1049 2528 1474 2594 ,immulabiliter
1501 2527 1789 2594 convenit;
1851 2527 1907 2580 in
1936 2541 2114 2597 .pecu-

534 2631 570 2681 li
592 2629 766 2682 tribus
800 2633 985 2680 autem
1023 2624 1373 2694 singularum
1402 2636 1760 2692 personarum
1803 2621 2111 2691 proprieta-

533 2722 681 2775 tibus
710 2719 858 2773 nulla
884 2715 1275 2772 communione
1302 2714 1576 2784 jungitur.
1602 2713 1919 2783 Proprietas
1937 2715 2105 2777 enim,

532 2829 656 2883 qua:
685 2811 865 2866 cuivis
897 2807 1178 2880 hypostasi
1211 2813 1265 2861 et
1288 2820 1538 2875 personae
1567 2805 1769 2860 divina:
1808 2804 1990 2860 inesse
2027 2804 2111 2858 in-

531 2907 817 2977 telligitur,
850 2903 1139 2956 maniteste
1185 2908 1241 2953 et
1279 2913 1414 2968 pure
1443 2905 1677 2952 alterum
1719 2902 1788 2952 ab
1827 2905 2000 2952 altero
2022 2897 2110 2953 υς-

535 2998 786 3067 stinguit,
814 3003 871 3048 ut
902 2992 1141 3061 exempli
1166 2991 1366 3061 gratia,
1386 2989 1550 3045 Pater
1566 2988 1872 3059 appellatur
1901 2989 2089 3045 increa

535 3103 624 3146 tus
658 3100 711 3146 et
754 3088 1052 3159 ingenitus,
1087 3101 1265 3156 neque
1296 3084 1444 3141 enim
1481 3083 1701 3155 genitus
1726 3098 1908 3153 neque
1952 3096 2109 3138 crea-

532 3193 624 3238 tus
662 3190 766 3236 est.
798 3179 1102 3233 lucreatum
1129 3176 1295 3247 igitur
1312 3189 1437 3231 esse
1462 3189 1757 3229 commune
1786 3173 1952 3228 habet
1982 3188 2110 3227 cum

533 3271 676 3327 Filio
724 3279 779 3327 et
831 3269 1041 3340 Spiritu
1082 3277 1294 3325 sancto.
1329 3266 1435 3322 Sed
1487 3266 1792 3336 ingenitum
1815 3275 1868 3320 et
1893 3265 2109 3320 Patrem

532 3380 679 3424 esse.
701 3363 801 3418 hoc
832 3361 1119 3432 proprium
1155 3367 1239 3414 cst
1265 3371 1318 3414 et
1344 3357 1904 3421 incommunicabile;
1933 3370 2113 3425 neque

532 3456 591 3509 in
629 3455 736 3507 ulla
778 3454 1007 3506 aliarum
1040 3465 1401 3521 personarum
1458 3450 1757 3519 reperitur.
1810 3447 1984 3503 Filius
2015 3463 2114 3501 au-

530 3559 644 3605 tem
673 3562 795 3601 cum
818 3545 980 3599 Patre
1007 3552 1060 3600 et
1088 3542 1293 3613 Spiritu
1319 3549 1513 3597 sancto
1535 3542 1790 3612 jungitur
1808 3541 1862 3595 in
1884 3555 1952 3595 eo
1968 3539 2112 3610 quod

532 3642 820 3695 inci-catus
848 3648 962 3702 est;
1000 3634 1150 3708 quod
1178 3651 1309 3691 vero
1352 3634 1671 3705 unigenitus
1722 3630 1899 3687 Filius
1950 3639 2003 3685 et
2041 3630 2115 3686 sit

534 3742 587 3788 et
619 3732 924 3803 appelletur
947 3729 1049 3803 ,_-id
1082 3737 1144 3784 ut
1170 3727 1454 3799 proprium
1503 3725 1611 3782 sibi
1641 3724 1910 3788 vindicat,
1964 3722 2113 3793 quod

535 3801 709 3895 neque
734 3824 800 3879 de
826 3801 1211 3877 universorum
1245 3821 1374 3881 Deo,
1412 3834 1589 3889 neque
1624 3817 1692 3873 de
1722 3815 1930 3888 Spiritu
1984 3830 2113 3870 san-

537 3927 625 3972 rto
663 3916 919 3971 aﬂirmari
955 3924 1153 3985 potest.
1218 3911 1459 3983 Spiritus
1490 3917 1712 3967 sanctus
1762 3909 2113 3964 communio-

536 4025 660 4065 nem
698 4010 859 4064 habet
892 4022 1016 4062 cum
1053 4006 1215 4061 Patre
1270 4012 1324 4060 et
1355 4004 1512 4070 Filio,
1563 4003 1620 4057 in
1646 4002 1775 4066 hoc,
1828 3999 1978 4071 quod
2033 4008 2116 4055 est

538 4106 780 4157 iucreata
839 4107 1040 4154 natura
1114 4097 1404 4169 praeditum
1446 4111 1569 4152 esse
1613 4111 1628 4149 :
1676 4093 2046 4149 nihilominus
2084 4107 2114 4147 a

537 4195 698 4249 Patre
723 4203 777 4248 et
814 4191 957 4245 Filio
992 4190 1232 4260 propriis
1287 4190 1405 4244 suis
1444 4186 1767 4242 notionibus
1827 4183 2118 4255 distingui-

536 4294 647 4339 tur.
681 4283 843 4338 Notio
865 4283 1010 4336 enim
1044 4281 1195 4337 illius
1226 4288 1278 4334 et
1310 4282 1530 4348 signum
1566 4278 1808 4333 maxime
1825 4277 2111 4348 proprium

537 4393 642 4441 est,
657 4384 717 4431 ut
744 4375 876 4429 nihil
902 4388 1092 4429 eorum
1111 4373 1203 4437 sit,
1224 4388 1345 4442 qua:
1372 4370 1522 4425 Patri
1537 4380 1590 4426 et
1617 4368 1756 4426 Filio
1778 4370 1959 4426 inesse
1978 4369 2117 4423 ratio

2212 1900 2306 1952 ἐπὶ
2333 1899 2428 1953 τοῦ
2464 1900 2621 1969 ἁγίου
2669 1902 2981 1973 Πνεὺματος
3023 1905 3245 1971 εὑσεὸές
3279 1908 3395 1960 ἐστι
3441 1906 3764 1976 λογίζεσθαι·

2214 1991 2328 2046 ἀλλ’
2355 1993 2411 2045 ὲν
2442 1993 2588 2064 ἄκρᾳ
2610 1994 2994 2067 τῇτελειότητι
3013 2037 3027 2061 ,
3072 1998 3167 2051 καὶ
3214 1999 3272 2051 ὲν
3306 1998 3664 2071 ἁκαταλήπτῳ
3701 2003 3766 2072 τῇ

2215 2085 2452 2155 ὑπεροχῇ
2484 2084 2832 2157 Θεωρουμένη
2861 2090 2973 2151 τοῖς
3012 2090 3405 2161 ἐνυπάρχουσιν
3437 2091 3636 2163 ἑκάστῃ
3665 2090 3768 2160 τῶν

2215 2175 2564 2228 ὑποστάσεων
2625 2176 2941 2247 ἱδιώμασιν,
2990 2177 3323 2249 ὰσὺγχυτον,
3369 2180 3462 2233 καί
3507 2179 3765 2253 διακεκρι-

2216 2266 2385 2338 μένην
2412 2267 2510 2337 τὴν
2536 2267 2798 2338 διαφορὰν
2838 2266 2970 2338 ἔχει.
3024 2270 3112 2321 Ἐν
3149 2271 3246 2339 μὲν
3273 2273 3340 2342 τῇ
3369 2270 3510 2324 κατὰ
3541 2270 3599 2324 rb
3624 2271 3769 2326 ἄκτι-

2215 2376 2338 2412 στον
2367 2359 2649 2431 κοινωνίᾳ,
2680 2360 2741 2414 τὸ
2786 2360 3202 2431 ἀπαράλλακτον
3235 2361 3463 2432 ἔχουσα,
3496 2363 3552 2415 ὲν
3588 2362 3642 2416 δὲ
3664 2364 3773 2426 τοῖς

2214 2448 2508 2521 ἐξαιρέτοις
2541 2449 2648 2505 τῶν
2685 2450 2988 2518 ἰδιωμάτων
3021 2451 3251 2506 ἑκάστου
3292 2453 3353 2505 τὸ
3400 2453 3771 2524 ἀκοινώνητον.

2226 2540 2290 2592 Ἠ
2344 2539 2451 2611 γὰρ
2521 2539 2960 2611 ὲπιθεωρουμένη
3020 2542 3225 2613 ἑκάστη
3272 2541 3381 2597 τῶν
3440 2544 3776 2600 ὑποστάσεων

2216 2630 2432 2700 ἰδιότης,
2461 2631 2674 2702 τρανῶς
2696 2631 2795 2685 καὶ
2817 2631 3069 2703 καθαρῶς
3097 2633 3158 2687 rb
3189 2632 3376 2706 ἕτερον
3404 2635 3511 2690 ἀπὸ
3538 2636 3631 2691 τοῦ
3658 2638 3767 2692 ἑτέ-

2215 2739 2310 2793 ρου
2352 2722 2640 2793 διῖστησιν·
2674 2716 2785 2776 οἷον
2832 2725 2860 2776 ὁ
2904 2724 3091 2796 Πατὴρ
3141 2724 3394 2792 amaro;
3424 2723 3565 2782 εἶναι
3594 2729 3779 2800 ὁμολο-

2214 2814 2388 2880 γεῖται
2410 2854 2425 2879 ,
2469 2812 2565 2866 καὶ
2608 2812 2934 2883 ἀγέννητος*
2968 2812 3090 2867 οὔτε
3125 2814 3233 2888 γὰρ
3271 2816 3614 2889 γεγέννηται,
3656 2817 3784 2874 οὔτε

2213 2903 2478 2957 ἔκτισται.
2510 2903 2681 2957 Τοῦτο
2709 2900 2801 2958 οὖν
2841 2904 2904 2958 τὸ
2944 2903 3229 2974 ἄκτιστον,
3261 2908 3439 2961 κοινὸν
3469 2911 3615 2980 αὑτῷ
3648 2911 3785 2983 πρὸς

2213 2996 2305 3049 τὸν
2348 2994 2475 3048 Υἰόν
2522 2997 2637 3048 ἐστι
2690 2995 2785 3049 καὶ
2834 2996 2897 3050 rb
2928 2995 3150 3068 Πνεῦμα
3187 2997 3249 3050 τὸ
3280 2998 3468 3067 ἅγιον*
3513 3000 3646 3054 ἀλλὰ
3691 3003 3788 3055 καὶ

2210 3086 2508 3159 ἀγέννητος
2544 3088 2640 3141 καὶ
2680 3085 2873 3157 Πατήρ
2890 3108 2905 3124 ·
2934 3087 3094 3143 τοῦτο
3120 3087 3250 3142 ίδιόν
3278 3107 3335 3144 τι
3369 3093 3462 3145 καὶ
3498 3092 3791 3163 ἀκοινώνη-⁹

2213 3195 2304 3232 τον
2322 3219 2337 3244 ,
2366 3179 2502 3248 ὅπερ
2529 3179 2587 3230 ὲν
2619 3176 2796 3231 οὐδενὶ
2824 3176 2932 3233 τῶν
2956 3177 3266 3234 ὑπολοίπων
3287 3182 3786 3254 καταλαμϐάνεταιο

2210 3271 2244 3322 ό
2279 3268 2336 3322 δὲ
2367 3267 2492 3331 Υἱὸς
2520 3267 2660 3322 κατὰ
2689 3267 2750 3321 rb
2778 3265 3033 3321 ᾶκτιστον
3060 3267 3138 3338 τῷ
3161 3270 3357 3341 Πατρὶ,
3382 3272 3476 3324 καὶ
3497 3270 3575 3341 τῷ
3612 3271 3790 3325 Πνεῦ-

2220 3363 2353 3432 ματί
2395 3358 2829 3429 συναπτόμενος,
2876 3361 2938 3413 ὲν
2984 3360 3063 3431 τῷ
3118 3360 3294 3426 Υίὸς,υ
3332 3363 3425 3415 καὶ
3478 3364 3795 3434 Μονογενὴις

2216 3449 2355 3506 εἷναί
2382 3468 2442 3505 τε
2472 3452 2567 3506 καὶ
2594 3450 2953 3521 ὀνομάζεσθαι
2970 3491 2984 3516 ,
3019 3452 3081 3504 rb
3112 3452 3309 3517 ἰδιάζον
3336 3452 3470 3524 ἔχει,
3501 3455 3636 3526 ὅπερ
3664 3454 3799 3510 οὔτε

2217 3547 2311 3599 ἐπὶ
2360 3544 2576 3598 πάντων
2619 3542 2755 3596 Θεοῦ
2776 3583 2792 3608 ,
2830 3542 2954 3597 οὔτε
2982 3543 3074 3597 τοῦ
3110 3545 3263 3614 ἁγίου
3290 3546 3606 3618 Πνεὺματὸς
3651 3551 3795 3605 ἐστι.

2216 3637 2289 3690 Tb
2313 3636 2369 3689 δὲ
2407 3633 2632 3705 Πνεῦμα
2669 3634 2728 3686 rb
2763 3634 2917 3704 ἅγιον
2951 3637 3009 3688 ὲν
3059 3636 3136 3707 τῷ
3166 3637 3406 3708 ἀκτίστῳ
3448 3638 3547 3707 τῆς
3576 3638 3802 3707 φύσεως

2216 3729 2313 3798 τὴν
2359 3727 2641 3781 κοινωνίαν
2686 3725 2806 3797 ἔχον
2857 3727 2992 3798 πρὸς
3036 3728 3198 3793 Υἰὸν,
3234 3730 3330 3783 καὶ
3370 3731 3624 3803 Πατέρα.
3678 3732 3805 3794 τοῖς

2220 3818 2367 3880 ἰδίοις
2417 3816 2577 3871 πάλιν
2631 3816 3006 3887 γνωρίσμασιν
3054 3818 3149 3870 ἀπ’
3200 3818 3381 3873 αὐτῶν
3435 3818 3803 3891 διακρίνεται.

2217 3910 2509 3982 Γνὼρισμα
2537 3906 2647 3979 γὰρ
2672 3906 2834 3962 αὑτοῦ
2856 3948 2870 3973 ,
2911 3907 3007 3960 καὶ
3043 3909 3266 3979 σημεῖόν
3301 3911 3446 3964 ἐστιν
3479 3909 3806 3973 ἰδιαίτατον,

2214 4004 2277 4056 τὸ
2308 4002 2473 4073 μηδὲν
2510 4000 2740 4055 ἐκείνων
2779 3996 2916 4053 εἶναι
2936 4042 2950 4067 ,
2982 4000 3126 4071 ἅπερ
3157 4002 3300 4064 ἰδίως
3338 4000 3415 4071 τῷ
3445 4000 3659 4073 Πατρὶ,
3702 4001 3816 4055 καὶ

2214 4094 2293 4165 τῷ
2326 4093 2440 4165 Υἰῷ
2464 4096 2492 4148 ὁ
2531 4093 2686 4161 λόγος
2713 4091 3063 4163 ένεθεώρησε.
3096 4092 3169 4145 Τὸ
3196 4093 3305 4164 γὰρ
3326 4098 3460 4164 μήτε
3487 4092 3816 4161 ἀγεννήτως

2218 4184 2354 4241 εἶναι
2387 4187 2522 4258 μήτε
2551 4183 2873 4256 μονογενῶς,
2902 4179 3041 4237 εἶναι
3085 4184 3143 4237 δὲ
3170 4185 3338 4251 ὅλως,
3372 4184 3469 4256 τὴν
3517 4182 3823 4256 ἐξαίρετα-θ

2222 4278 2384 4333 αὑτοῦ
2425 4277 2660 4347 ἰδιότητα
2698 4275 2833 4344 πρὸς
2876 4274 2945 4327 τὰ
2997 4276 3264 4346 εἰρημένα
3310 4276 3663 4347 παρίστησιν.
3714 4273 3826 4346 Τῷ

2220 4371 2329 4441 γὰρ
2361 4369 2538 4440 Πατρὶ
2566 4366 2707 4421 κατὰ
2748 4366 2809 4419 rb
2853 4366 3106 4420 ἄκτιστον
3155 4379 3558 4437 συναπτομενον
3582 4405 3598 4429 ,
3642 4364 3828 4419 πάλιν

536 4471 730 4525 dictat.
757 4466 892 4522 Nam
914 4464 1058 4538 quod
1078 4480 1186 4519 non
1206 4465 1277 4518 sit
1296 4463 1569 4532 ingenitus
1586 4464 1767 4527 et'non
1792 4461 2113 4532 unigenitus,

2230 4465 2323 4516 ἀπ’
2350 4459 2515 4515 αὑτοῦ
2544 4457 2622 4529 τῷ
2668 4458 2742 4529 μὴ
2770 4458 2958 4529 Πατὴρ
2995 4453 3153 4521 εἶναι,
3183 4458 3432 4529 καθάπερ
3461 4450 3622 4521 οὗτός
3652 4459 3784 4511 ἐστι
3811 4497 3831 4521 ,

536 4573 590 4619 et
613 4572 798 4618 tamen
822 4576 948 4617 vere
970 4560 1062 4623 sit,
1105 4559 1210 4612 hoc
1247 4556 1421 4626 ipsius
1448 4555 1779 4625 peculiarem
1812 4554 2123 4623 proprieta-

536 4664 790 4725 tem,qua
808 4670 836 4707 a
854 4650 1132 4722 praedictis
1148 4647 1527 4717 distinguitur,
1552 4651 1923 4715 repraesentat.
1948 4641 2123 4712 Spiri-

537 4758 627 4804 tus
644 4749 788 4803 enim
809 4743 963 4799 Patri
985 4742 1315 4811 conjunctus
1350 4744 1456 4803 est,
1484 4736 1786 4793 secundum
1809 4735 1959 4807 quod
1979 4744 2126 4792 uter-

535 4856 642 4910 que
674 4840 957 4894 increatus
982 4839 1066 4887 est
1100 4850 1115 4899 ;
1171 4843 1371 4884 rursus
1414 4828 1484 4883 ab
1516 4841 1583 4883 eo
1625 4827 2009 4898 distinguitur,
2051 4844 2118 4885 eo

536 4931 685 5003 quiod
716 4944 827 4984 non
859 4934 946 4982 est
975 4924 1159 4984 Pater.
1217 4928 1382 4992 prout
1408 4921 1498 4976 ille
1543 4929 1627 4976 est
1652 4934 1672 4974 :
1706 4919 1845 4975 Filio
1888 4936 2018 4975 vero
2039 4921 2118 4992 (α)

536 5032 590 5077 et
618 5019 923 5078 secundum
952 5016 1099 5087 quod
1130 5022 1361 5085 uterque
1394 5014 1674 5068 increatus
1704 5024 1809 5077 est,
1832 5021 1887 5068 et
1922 5027 2121 5068 secun-

505 5117 667 5169 'tlum
708 5110 853 5184 quod
886 5118 1115 5179 uterque
1143 5123 1210 5163 ex
1267 5106 1447 5178 primo
1482 5106 1758 5177 principio
1804 5119 1958 5161 suam
1990 5105 2121 5161 sub-

540 5204 841 5260 sistentiam
871 5201 1058 5263 habet,
1112 5198 1480 5269 conjunctus;
1522 5196 1878 5265 distinguitur
1929 5197 1999 5252 ab
2056 5211 2123 5252 eo

542 5313 639 5351 sua
669 5296 1020 5368 proprietate,
1052 5307 1172 5365 quae
1197 5300 1301 5355 est,
1322 5290 1466 5361 quod
1496 5305 1598 5345 nec
1632 5298 1691 5344 ut
1723 5289 2034 5360 unigenitus
2054 5304 2117 5344 ex

542 5387 702 5441 Patre
736 5386 1031 5457 productus
1052 5394 1155 5450 est,
1186 5384 1410 5454 etquod
1458 5398 1555 5454 per
1583 5382 1759 5453 ipsum
1805 5379 2002 5435 Filium
2053 5379 2123 5435 sit

543 5479 942 5535 manifestatus.
978 5479 1043 5532 Et
1077 5495 1200 5534 cum
1230 5487 1477 5535 creatura
1509 5493 1605 5547 per
1635 5475 1831 5531 Filium
1871 5475 1942 5535 sit
1990 5489 2118 5547 pro-

2231 4550 2609 4625 διαχωρίζεται
2624 4568 2638 4582 ’
2660 4553 2724 4621 τῇ
2748 4549 2884 4622 πρὸς
2903 4550 2993 4603 τὸν
3016 4549 3143 4603 Υἰὸν
3158 4549 3300 4604 κατὰ
3320 4550 3379 4604 rb
3400 4551 3658 4605 ἂκτιστον
3694 4565 3839 4603 cu»-

2233 4648 2416 4717 αφείᾳ,
2439 4643 2533 4697 καὶ
2551 4644 2608 4695 ἐν
2636 4641 2713 4711 τῷ
2730 4640 2829 4711 τὴν
2848 4640 3023 4695 αἰτίαν
3046 4641 3146 4711 τῆς
3169 4640 3453 4712 ὑπάρξεως
3474 4641 3539 4692 ἐκ
3556 4638 3661 4693 τοῦ
3680 4637 3841 4694 Θεοῦ

2232 4738 2341 4791 τῶν
2386 4734 2522 4788 ὅλων
2553 4731 2697 4803 ἔχειν
2734 4730 3054 4802 ἑνούμενον,
3089 4732 3383 4802 ἀφίσταται
3425 4728 3590 4785 πάλιν
3629 4731 3698 4783 ὲν
3748 4728 3851 4801 τῷ

2238 4831 2512 4896 ἰδιάζοντι·
2532 4827 2588 4878 ὲν
2628 4822 2704 4893 τῷ
2729 4822 2862 4894 μήτε
2888 4823 3188 4894 μονογενῶς
3215 4825 3281 4876 ἐκ
3308 4822 3400 4877 τοῦ
3436 4818 3660 4891 Πατρδς
3689 4818 3854 4874 ὑπο.

2225 4924 2451 4993 στῆναι,
2508 4919 2602 4975 καὶ
2633 4921 2690 4975 ὲν
2715 4917 2907 4998 τῷ,δι’
2934 4915 3100 4970 αὑτοῦ
3140 4914 3237 4968 τοῦ
3279 4914 3410 4967 Υἰοῦ
3456 4911 3795 4982 πεφηνέναι
3826 4928 3847 4944 ·

2226 5016 2388 5070 πάλιν
2407 5013 2464 5068 δὲ
2492 5012 2591 5082 τῆς
2620 5009 2848 5071 κτίσεως
2873 5006 2960 5061 διὰ
2978 5004 3072 5058 τοῦ
3104 5002 3441 5072 Μονογενοῦς
3466 5000 3855 5073 ὑποστάσης,

2222 5109 2301 5170 ὡς
2334 5106 2401 5161 ἂν
2432 5103 2508 5176 μὴ
2534 5101 2820 5171 κοινότητά
2844 5115 2966 5152 τινα
3008 5097 3142 5169 πρὸς
3164 5094 3368 5167 ταύτην
3390 5093 3534 5164 ἔχειν
3572 5090 3857 5161 νομισθῇ

2224 5197 2286 5250 τὸ
2340 5193 2565 5263 Πνεῦμα
2624 5191 2690 5245 ὲκ
2722 5188 2815 5243 τοῦ
2847 5188 2935 5241 διὰ
2970 5188 3062 5240 τοῦ
3103 5185 3233 5238 Υίοῦ
3279 5182 3581 5253 πεφηνέναι
3634 5181 3705 5233 ὲν
3755 5178 3866 5249 τῷ

2227 5286 2484 5358 ἀτρέπτῳ
2503 5325 2516 5347 ,
2548 5283 2645 5337 καὶ
2686 5279 3030 5351 ἁναλλοιώτῳ
3049 5319 3063 5344 ,
3104 5278 3196 5331 καὶ
3220 5275 3512 5350 ἀπροσδεεϊ
3544 5271 3656 5341 τῆς
3714 5268 3870 5358 ἑτέ-

2232 5357 2400 5448 ρωθεν
2440 5373 2772 5442 ἀγαθότητος
2792 5410 2807 5435 ,
2851 5367 3184 5440 διακρίνεται
3215 5364 3277 5419 rb
3318 5363 3546 5434 Πνεῦμα
3577 5358 3710 5414 ἀπὸ
3735 5357 3878 5432 τῆς

2185 5507 2198 5518 .
2225 5466 2475 5527 κτίσεως.
2506 5463 2580 5516 Τὸ
2599 5461 2705 5534 γὰρ
2736 5459 3054 5530 ἄτρεπτονή
3096 5456 3273 5520 κτίσις
3300 5455 3360 5508 ὲν
3414 5454 3484 5524 τῇ
3522 5449 3709 5521 φύσει
3738 5449 3886 5505 οὐκ

614 5682 691 5747 (a)
756 5680 899 5734 Citat
934 5680 1078 5737 hunc
1109 5682 1285 5738 locum
1330 5681 1615 5738 Bessarion
1660 5679 1717 5734 in
1740 5682 1890 5735 Orat.
1929 5679 2103 5750 dogm.
2134 5690 2185 5730 c.
2229 5673 2283 5741 ϐ,
2305 5678 2358 5727 et
2395 5664 2640 5727 Gennad.
2666 5662 2818 5732 Apol.
2844 5675 2940 5732 pro
2975 5658 3179 5715 Concil.
3214 5655 3453 5712 Florent.
3497 5652 3566 5709 de
3595 5649 3884 5724 Spiritu

543 5755 763 5822 Sancto,
783 5760 914 5808 sccl.
938 5751 993 5810 6.
