4008 6210
297 298 404 355 33⁸1

1432 308 1709 368 CONTRA
1747 312 2134 382 EUNOMIUM,
2176 316 2304 374 LIB.
2338 317 2377 374 1.

3457 328 3577 385 338'

300 417 448 516 ἔχει,
501 416 680 516 καθώς
724 437 890 493 φησιν
933 422 968 495 ἠ
1027 392 1254 516 Γραςρῆ,
1296 424 1390 481 τοῦ
1450 429 1729 503 ἑωσφόρον
1776 431 1860 505 τὴη

1977 434 2164 501 ducta,
2188 450 2259 491 ne
2284 435 2408 506 quis
2440 442 2591 505 putet
2615 436 2823 510 aliquid
2850 452 3144 497 commune
3176 457 3300 500 csse
3327 442 3562 516 Spiritui

300 509 504 565 πτῶσιν
541 509 905 584 διηγουμένη,
952 516 1082 589 περὶ
1127 510 1189 572 οὗ
1217 518 1311 572 καὶ
1342 521 1371 573 6
1416 520 1624 593 Κύριος
1661 524 1874 578 ἀποκα-

299 597 510 653 λύπτων
546 603 661 663 τοῖς
697 601 966 674 μαθηταῖς
990 606 1060 661 τὰ
1114 609 1386 681 μυστήρια
1406 610 1592 681 ἔλεγεν
1612 631 1626 646 ο
1668 612 1868 670 Ἐθεώο

285 706 443 758 pavr
486 688 598 743 τὸν
638 693 937 761 Σατανᾶν,
998 697 1079 763 ὠς
1128 698 1448 769 ἀστραπὴν
1502 704 1769 759 πεσόντα
1802 706 1871 759 ἐκ

289 778 398 832 τοῦ
440 780 728 847 οὐρανοῦ.
760 783 838 835 Δι’
868 776 945 837 ὧν
972 774 1029 837 δὲ
1054 788 1153 858 τῆς
1181 788 1412 854 κτίσεως
1430 792 1757 861 ἀφίσταται,
1786 794 1876 847 διὰ

287 867 398 921 τῶν
422 869 605 924 αὐτῶν
643 873 850 927 τούτων
890 875 1025 947 πρὸς
1045 877 1135 930 τὸν
1158 880 1377 951 Πατέρα
1401 900 1459 936 τε
1484 885 1578 938 καὶ
1601 885 1727 940 Υἱὺν
1760 885 1873 956 ἔχει

287 958 390 1031 τὴν
414 962 743 1035 οἰκειότητα.
775 963 873 1030 Εἷς
908 968 1017 1040 γὰρ
1047 969 1143 1022 καὶ
1180 971 1210 1023 6
1248 971 1409 1036 αὐτὸς
1448 975 1540 1028 ἐπὶ
1576 975 1684 1031 τῶν
1731 978 1875 1032 κατά

290 1051 455 1120 φύσιν
500 1053 873 1111 ἀνεηδέκτων
915 1058 1327 1133 τούχείρονος,
1377 1067 1405 1119 6
1442 1065 1537 1120 τοῦ
1566 1067 1869 1139 ἀτρέπτου,

286 1144 388 1198 καὶ
412 1146 776 1202 ἀναλλοιώτου
800 1150 978 1220 λόγος.

1971 535 2026 581 et
2082 534 2369 593 creaturas,
2432 535 2720 598 propterea
2762 531 2907 601 quod
2960 532 3167 588 dicitur
3219 550 3317 605 per
3362 535 3563 592 Filium

1974 615 2359 672 manifestatus
2399 634 2412 670 :
2462 617 2909 677 immutabilitate
2985 631 3041 679 et
3095 625 3481 684 imm’obilitate
3532 645 3563 682 a

1973 714 2229 762 creatura
2265 708 2647 779 distingultur.
2684 710 2819 766 Nam
2852 721 3102 770 creatura
3133 732 3200 772 ex
3237 733 3335 774 sua
3367 728 3562 775 natura

1972 813 2081 853 non
2106 806 2191 856 est
2221 800 2602 868 immutabilis,
2658 813 2715 858 ut
2769 802 3056 875 Scriptura
3091 815 3331 863 testatur
3368 824 3567 865 casum

1973 886 2213 944 Luciferi
2240 892 2573 947 enarrans“
2606 912 2618 947 :
2646 893 2713 949 de
2759 909 2870 964 quo
2905 893 3173 951 Dominus
3208 912 3431 967 quoque
3470 914 3570 953 ex-

1973 979 2187 1050 plicans
2210 975 2495 1053 discipulis
2527 984 2644 1040 suis
2673 986 2956 1056 mysteria,
3014 987 3234 1043 aiebat:
3274 987 3400 1043 Vidi
3456 988 3560 1043 Sa-

1974 1081 2153 1126 tanam
2206 1080 2457 1144 tanquam
2499 1074 2682 1145 fulgur
2704 1076 2978 1131 cadentem
3007 1093 3074 1133 ea:
3100 1080 3231 1133 coelo
3246 1080 3313 1134 ⁸⁸.
3342 1079 3559 1146 Quibus

1973 1171 2155 1219 autem
2190 1179 2220 1219 a
2249 1166 2520 1221 creaturis
2563 1167 2763 1234 diliert,
2824 1169 2911 1224 bis
2954 1169 3089 1239 ipsis
3122 1187 3245 1226 cum
3306 1172 3469 1228 Patre
3511 1184 3565 1226 et

286 1234 431 1293 Filio
465 1240 847 1309 cognationem
878 1243 1061 1313 habet,
1098 1263 1208 1303 una
1235 1251 1383 1306 enim
1457 1252 1759 1324 eademque
1825 1256 2286 1317 immutabilitatis
2354 1266 2409 1313 et
2440 1259 2886 1316 invariabilitatis
2938 1234 3080 1317 ratio
3148 1271 3237 1318 est
3279 1264 3333 1317 in
3383 1263 3560 1317 omni~

282 1331 396 1386 bus
452 1331 582 1398 illis,
645 1349 771 1405 qua:
820 1346 1014 1394 natura
1067 1356 1165 1397 sua
1218 1343 1510 1401 deterioris
1571 1362 1680 1402 non
1745 1358 1871 1404 sunt
1910 1351 2156 1420 capacia.

362 1421 581 1477 Τούτων
611 1425 670 1479 δὲ
707 1428 839 1498 ἡμῖν
873 1430 1016 1485 οὕτω
1064 1436 1514 1507 προειρημένων,
1566 1440 1757 1510 καιρὸς
1805 1442 1870 1495 ἂν

280 1513 377 1583 εἴη
405 1514 595 1569 λοιπὸν
641 1518 735 1573 καὶ
765 1520 856 1575 τὸν
883 1522 994 1577 τῶν
1025 1525 1280 1580 ἐναντίων
1302 1527 1659 1592 κατεξετάσαι
1691 1531 1871 1600 λόγον.

292 1601 549 1673 Ἀνάγκη
576 1645 592 1667 ,
651 1609 785 1678 φησὶ
807 1650 821 1672 ,
870 1610 1109 1680 μείζους
1163 1632 1251 1695 τε.
1282 1617 1377 1671 καὶ
1424 1618 1711 1687 ἐλάττους
1768 1623 1874 1688 τὰς

279 1697 507 1762 οὐσίας
540 1695 696 1753 εἶναι
721 1702 791 1755 ἐν
822 1705 897 1774 τῇ
926 1707 1059 1776 περὶ
1098 1709 1203 1763 τοῦ
1245 1711 1402 1777 Υἱοῦ,
1438 1713 1537 1765 καὶ
1564 1715 1670 1768 τοῦ
1701 1716 1872 1785 ἁγίου

2045 1441 2139 1497 llis
2180 1443 2255 1498 ita
2293 1445 2639 1514 explanatis,
2683 1452 2905 1517 tempus
2933 1445 3186 1517 ﬂagitare
3216 1448 3463 1511 videtur,
3501 1458 3561 1505 ut

1971 1533 2244 1603 reliquam
2293 1536 2745 1592 adversariorum
2796 1538 3105 1593 orationem
3152 1541 3556 1596 examinemus.

1977 1626 2381 1694 Necessarium,
2421 1630 2634 1700 inquit,
2686 1640 2765 1685 est
2797 1632 3029 1700 majores
3081 1641 3132 1685 et
3172 1634 3404 1688 minores
3448 1651 3561 1689 esse

1975 1717 2109 1773 Filii
2137 1730 2185 1773 et
2213 1719 2446 1788 Spiritus
2489 1724 2661 1776 sancti
2693 1723 3047 1778 substantias.
3080 1723 3195 1778 Hoc
3226 1727 3461 1790 asserit,
3500 1726 3559 1781 in

278 1788 637 1897 ιζνεύίιιξτος
671 1798 1037 1865 τεχνολογίᾳ.
1087 1800 1458 1872 Σκοπήσωμεν
1502 1806 1680 1857 τοίνυν
1731 1807 1860 1859 κατᾶ

1973 1822 2073 1862 sua
2116 1809 2185 1864 de
2228 1808 2370 1863 Filio
2412 1820 2467 1866 et
2522 1809 2732 1881 Spiritu
2780 1821 2975 1868 sancto
3012 1788 3560 1871 dissertatione-Vi-

279 1876 408 1930 τινα
448 1878 691 1936 διάνοιαν
740 1884 946 1938 ἐπινοεί
991 1887 1090 1959 τῆς
1140 1890 1394 1964 τοιαύτης
1450 1894 1713 1966 διαφορᾶς
1766 1898 1865 1968 τὴν

276 1968 572 2040 ἀνάγκην·
626 1973 853 2044 πότερον
899 1981 1214 2051 σωματικῆς
1245 2000 1391 2046 τινος
1433 1986 1729 2056 γενομένης
1766 1988 1867 2058 τῆς

280 2058 424 2130 πρὸς
454 2060 664 2132 ἄλληλα
695 2065 802 2117 τῶν
830 2073 1364 2143 παραμετρουμένων
1403 2076 1743 2146 συγκρίσεως
1765 2119 1778 2143 ,
1829 2078 1861 2147 ἢ

278 2150 426 2204 ποατά
453 2152 516 2205 τὸ
544 2155 737 2225 νοητὸν
764 2157 821 2209 ὲν
845 2157 921 2229 τῷ
954 2163 1072 2214 κατ’
1105 2162 1306 2233 ἀρετὴν
1330 2165 1742 2237 ὑπερϐάλλοντι,
1770 2170 1864 2223 καὶ

276 2239 522 2295 ἐνδέοντι
562 2241 979 2319 θεωρουμένης,
1022 2250 1227 2322 ἦκατά
1273 2255 1373 2326 τὴν
1417 2256 1604 2311 οὐσίαν
1652 2260 1862 2331 αὐτήν;

292 2331 436 2385 Ἀλλ’
467 2335 569 2387 ἐπὶ
623 2336 723 2405 μὲν
777 2339 875 2408 τῆς
930 2342 1116 2406 οὐσίας
1164 2345 1377 2418 ἐδείχθη
1433 2349 1584 2421 παρὰ
1639 2350 1747 2403 τῶν
1799 2352 1865 2405 τά

277 2425 506 2480 τοιαῦτα
548 2427 859 2500 φιλοσοφεῖν
889 2433 1127 2501 εἰδότων,
1160 2438 1431 2511 μηδεμίαν
1462 2440 1720 2497 δύνασθαι
1753 2444 1866 2497 δια-

279 2518 453 2589 φορὰν
480 2520 737 2593 ἐννοῆσαι
765 2564 778 2590 ,
811 2525 907 2578 ὲάν
954 2542 1041 2590 τις
1070 2529 1237 2601 αὐτὴν
1275 2530 1516 2600 ψιλώσας
1536 2573 1550 2596 ,
1602 2537 1694 2588 καὶ
1726 2537 1864 2589 ἀπο-

277 2608 582 2678 γυμνώσας
626 2612 737 2667 τῶν
786 2615 1274 2690 ὲπιθεωρουμένων
1323 2625 1624 2696 ποιοτήτων
1664 2643 1726 2679 τε
1773 2628 1864 2681 καὶ

622 2700 815 2773 αὐτὴν,
840 2704 927 2774 ἐφ’
954 2707 1154 2779 ἑαυτῆς
1187 2710 1413 2789 ἐξετάζῃ
1439 2755 1453 2779 ,
1484 2695 1626 2769 κατὰ
1651 2716 1741 2770 τὸν
1767 2718 1861 2770 τοῦ

273 2782 418 2841 εῖναι
440 2788 607 2859 λόγον
631 2807 647 2821 ⁸
678 2794 926 2849 ἐπιτάσει
954 2796 1011 2850 δὲ
1037 2800 1132 2853 καὶ
1171 2801 1362 2870 ὑφέσει
1389 2782 1499 2875 ’τῆς
1534 2807 1735 2878 ἀρετῆς
1765 2808 1862 2880 τὴν

273 2879 536 2951 τοιαύτην
569 2882 834 2956 διαφορὰν
863 2889 1062 2943 ἐννοεῖν
1092 2893 1220 2963 περὶ
1254 2894 1349 2948 τοῦ
1397 2897 1731 2967 Μονογενοῦς
1769 2879 1863 2955 καὶ

272 2969 370 3062 τού
410 2972 769 3045 Πνεύματος,
818 2980 914 3033 καὶ
943 2981 1047 3035 διὰ.
1075 2984 1233 3038 τοῦτο
1280 2990 1641 3062 μεταπτωτὴν
1690 2992 1860 3061 ἀναγ-

273 3060 447 3127 καίως
465 3064 558 3133 ἐφ’
585 3066 824 3139 ἑκάτερα
855 3070 953 3142 τὴν
980 3073 1141 3141 φύσιν
1164 3077 1344 3131 αὐτῶν
1376 3060 1745 3146 ὑποτίθεσθαι,
1786 3060 1862 3148 ὧς

1975 1899 2204 1955 deamus
2238 1894 2428 1971 igitur,
2463 1917 2574 1974 quo
2608 1920 2776 1959 sensu
2814 1905 2960 1959 hanc
2992 1906 3331 1964 diversitatis
3363 1909 3559 1979 hujus-

1975 1992 2121 2047 modi
2157 1994 2538 2048 necessitatem
2574 2006 2756 2049 mente
2787 1996 3094 2066 concipiat;
3127 2013 3256 2050 num
3290 2014 3556 2068 corporea
3622 2050 3624 2053 .

1973 2084 2210 2154 quadam
2245 2084 2536 2140 collatione
2562 2084 2708 2140 facta
2734 2100 2958 2151 eorum,
2992 2101 3112 2155 quae
3145 2087 3290 2141 inter
3315 2104 3375 2143 se
3400 2103 3557 2142 com-

1976 2183 2389 2239 mcnsurantur,
2421 2189 2489 2228 an
2525 2176 2776 2231 instituta
2807 2177 3221 2246 comparatione
3248 2179 3553 2233 secundum

1976 2266 2395 2337 intelligentiam
2430 2266 2483 2321 in
2516 2282 2746 2323 excessu
2783 2270 2867 2322 vcl
2918 2268 3135 2324 defectu
3179 2269 3403 2325 virtutis
3433 2313 3448 2337 ,
3484 2284 3580 2324 an~

1974 2373 2158 2413 rerum
2193 2359 2565 2427 substantiis;
2602 2361 2699 2416 sed
2729 2361 2797 2415 ab
2825 2361 2911 2415 his
2933 2401 2947 2426 ,
2983 2362 3076 2432 qui
3110 2361 3212 2416 hoc
3241 2361 3554 2417 accuratius

1974 2456 2420 2520 perscrutantur,
2448 2451 2888 2508 demonstratum
2918 2463 3003 2508 est
3026 2496 3039 2519 ,
3086 2454 3292 2507 nullam
3337 2453 3556 2523 ejusce-

1973 2540 2121 2595 modi
2152 2540 2513 2597 diﬂerentiam
2549 2544 2777 2612 reperiri
2829 2544 2884 2598 in
2937 2544 3281 2610 substantia,
3330 2545 3375 2598 si
3428 2545 3554 2614 quis

1970 2645 2093 2684 eam
2128 2632 2271 2688 nude
2300 2640 2354 2688 et
2387 2649 2485 2703 per
2515 2649 2604 2698 se,
2641 2635 2946 2690 secundum
2994 2636 3254 2690 essentia:
3299 2651 3413 2691 sua:
3460 2651 3553 2689 ra-

1971 2720 2176 2777 tionem
2196 2763 2212 2789 ,
2246 2733 2299 2778 et
2331 2723 2401 2779 ab
2432 2724 2693 2779 omnibus
2726 2724 3088 2795 qualitatibus
3139 2732 3194 2780 et
3234 2725 3549 2798 proprieta-

1969 2813 2118 2868 tibus
2154 2814 2462 2884 sejunctam
2499 2815 2832 2872 consideret.
2888 2815 2958 2869 At
2992 2831 3122 2871 vero
3156 2816 3467 2873 intensione
3496 2825 3553 2873 et

1970 2906 2298 2963 remissione
2352 2908 2572 2965 virtutis
2618 2920 2674 2966 et
2728 2911 2986 2980 petentia:
3032 2910 3349 2979 hujusmodi
3394 2911 3555 2968 dill'e-

1969 2997 2203 3053 rentiam
2229 3039 2243 3062 ,
2277 2998 2330 3053 in
2376 3000 2666 3070 unigenito
2709 3000 2851 3057 Filio
2886 3012 2940 3057 et
2976 3001 3188 3073 Spiritu
3224 3012 3416 3059 sancto
3450 3003 3552 3058 de-

1972 3086 2126 3143 ﬁnire
2153 3089 2323 3155 velle,
2365 3098 2420 3145 et
2451 3091 2521 3147 ob
2553 3091 2656 3147 hoc
2692 3108 2975 3159 asserere,
3011 3094 3156 3164 quod
3190 3094 3402 3164 praediti
3437 3095 3557 3149 siut

271 3152 537 3255 6:151:th
569 3151 736 3255 οὖσαν
767 3160 964 3255 ὲηπίσης
984 3163 1092 3217 τῶν
1116 3167 1392 3232 ἐναντίων,
1422 3172 1513 3224 καὶ
1535 3173 1592 3224 ἐν
1623 3172 1860 3245 μεθορίῳ

1968 3186 2198 3247 natura,
2235 3195 2355 3250 qua:
2389 3181 2698 3238 mutatione
2744 3181 2923 3249 facta,
2971 3184 3037 3238 ad
3083 3193 3316 3255 utraque
3348 3192 3553 3241 trans-

274 3236 446 3292 καλοῦ
496 3256 560 3293 τε
596 3243 690 3296 καὶ
714 3244 810 3298 τοῦ
862 3248 1104 3303 ἐναντίου
1145 3255 1401 3326 κειμένην
1428 3297 1442 3322 ,
1481 3259 1581 3329 τῆς
1624 3236 1859 3335 ἐσχάτης

275 3329 536 3395 ἀσεϐείας
564 3334 731 3390 ἐστίν.
766 3338 928 3392 ’Άλλο
966 3342 1074 3416 γάρ
1105 3362 1155 3397 τι
1204 3342 1343 3399 εἶναι
1385 3348 1551 3420 αὐτὴν
1581 3329 1722 3406 κατά
1766 3329 1858 3407 τον

275 3423 615 3517 ῐδιονῗλόγον
639 3467 654 3491 .
688 3429 782 3483 καὶ
824 3431 952 3486 ἀλλο
1002 3452 1054 3488 τι
1101 3436 1346 3517 γίνεσθαι
1372 3443 1440 3512 τῇ
1477 3443 1735 3516 μετουσίᾳ
1762 3447 1856 3500 τοῦ

276 3515 467 3579 καλοῦ,
503 3520 601 3571 καὶ
632 3521 727 3574 τοῦ
757 3526 1001 3595 χείρονος
1024 3568 1038 3592 ,
1068 3529 1097 3581 6
1124 3515 1298 3583 ταῦτα
1319 3531 1492 3601 λέγων
1518 3540 1860 3594 κατασκευά-

283 3623 361 3660 σει
385 3625 403 3640 ·
430 3603 548 3662 οἷον
570 3611 667 3665 ἐπὶ
695 3613 791 3667 τοῦ
832 3616 1053 3687 σιδήρου
1100 3620 1417 3690 συμϐαίνει·
1460 3624 1520 3689 ὃς
1550 3626 1642 3680 ἐπὶ
1674 3630 1857 3685 πλεῖον

284 3699 481 3793 μὶν
510 3704 651 3775 πυρὶ
673 3705 1046 3780 καθομιλήσας
1063 3750 1078 3774 ,
1112 3710 1212 3782 τὴν
1237 3714 1498 3786 ποιότητα
1521 3717 1617 3771 τοῦ
1649 3718 1855 3793 θερμοῦ

281 3790 592 3857 ὑποδύεται,
626 3794 802 3865 μένων
829 3799 887 3851 ὲν
908 3799 984 3870 τῷ
1009 3800 1224 3872 σίδηρος
1256 3798 1398 3858 εἶναι
1424 3821 1437 3835 ·
1470 3808 1519 3860 εί
1546 3807 1603 3860 δὲ
1637 3790 1855 3880 ἐν’χιόνι

280 3880 486 3972 γένοιτο
508 3926 525 3948 ,
553 3881 587 3953 ἥ
632 3885 949 3958 κρυστάλλῳ
969 3927 983 3952 ,
1019 3890 1340 3959 μεταϐάλλει
1371 3894 1506 3963 πρὸς
1533 3897 1595 3950 τὸ
1626 3901 1857 3972 ἐπικρα-

279 3970 401 4024 τοῦν
428 3973 533 4043 τὴν
569 3974 834 4046 ποιότητα
857 4016 872 4040 ,
899 3978 959 4032 τὸ
978 3979 1184 4052 ψυχρὸν
1210 3984 1310 4054 τῆς
1353 3986 1526 4056 χιόνος
1560 3992 1670 4054 τοῖς
1703 3970 1853 4058 ἰδίοις

285 4064 492 4135 μορίοις
518 4065 936 4139 ἀναδεξάμενος.

344 4247 562 4322 Ὥσπερ
583 4246 679 4307 οὖν
706 4253 807 4306 οὐκ
833 4254 897 4307 ἐκ
924 4254 1023 4326 τῆς
1050 4257 1523 4334 ὲπιθεωρουμένης
1542 4264 1621 4335 τῷ
1649 4266 1853 4339 σιδήρῳ

276 4340 562 4411 ποιότητος
602 4344 705 4414 τὴν
743 4344 876 4417 ὕλην
920 4352 1434 4423 προσαγορεύομεν
1480 4356 1543 4408 οὐ
1599 4355 1706 4428 γὰρ
1739 4358 1852 4431 πῦρ

272 4432 454 4499 αὐτὸν,
487 4433 525 4506 ἢ
562 4436 899 4507 κρύσταλλον
922 4441 1258 4514 ὀνομάζομεν
1285 4445 1379 4499 τὸν
1407 4447 1489 4500 ἑνὶ
1516 4448 1721 4504 τούτων
1744 4469 1844 4504 πε-

1968 3268 2100 3323 ferri
2144 3276 2348 3339 queat,
2403 3269 2478 3325 ita
2517 3277 2576 3325 ut
2611 3286 2675 3326 ex
2706 3287 2866 3342 mquo
2915 3273 3328 3327 contrariorum
3374 3290 3548 3346 capax

1968 3361 2041 3416 sit
2068 3361 2369 3416 constituta
2400 3361 2456 3416 in
2491 3352 2735 3418 confinio
2770 3363 3034 3420 bonitatis
3058 3403 3073 3428 ,
3112 3365 3346 3435 ejusque
3391 3366 3542 3436 quod

1966 3451 2096 3508 huic
2147 3452 2516 3509 adversatur:
2574 3462 2835 3511 extremae
2889 3455 3179 3525 cujusdam
3245 3457 3546 3527 impietatis

1968 3551 2358 3614 argumentum
2385 3552 2491 3599 est.
2526 3544 2692 3601 Aliud
2720 3547 2868 3602 enim
2898 3547 3049 3601 illam
3080 3563 3206 3604 esse
3241 3548 3544 3617 secundum

1964 3634 2240 3704 propriam
2275 3650 2433 3690 suam
2466 3636 2734 3690 rationem
2760 3678 2775 3701 ,
2807 3644 2861 3691 ct
2889 3637 3037 3691 aliud
3072 3638 3217 3692 illam
3252 3638 3546 3708 participa-

1968 3724 2115 3779 tione
2139 3725 2403 3781 bonitatis
2430 3726 2548 3782 lieri
2580 3770 2595 3794 ,
2626 3726 2704 3792 is,
2731 3728 2827 3798 qui
2856 3728 2989 3781 talia
3016 3728 3181 3782 tradit
3212 3729 3557 3798 persuadere

1964 3822 2219 3871 conatur:
2246 3824 2306 3870 ut
2336 3817 2392 3870 in
2426 3816 2573 3872 ferro
2610 3818 2844 3885 accidit,
2873 3818 3020 3893 quod
3052 3818 3109 3872 in
3136 3818 3263 3889 igne
3291 3818 3382 3873 diu
3417 3819 3549 3873 reli-

1962 3915 2111 3963 ctum
2133 3948 2148 3971 ,
2177 3908 2380 3973 caloris
2409 3910 2733 3980 qualitatem
2766 3911 2980 3976 induit,
3007 3910 3101 3965 sed
3129 3918 3308 3964 tamen
3337 3909 3543 3964 ferrum

1962 4007 2146 4056 manet
2172 4017 2186 4066 ;
2210 3999 2258 4055 si
2286 4016 2417 4056 vero
2446 4002 2730 4072 injiciatur
2750 4003 2864 4056 nivi
2897 4003 2982 4057 vel
3004 4002 3227 4072 glaciei,
3255 4009 3387 4055 tunc
3413 4017 3544 4070 qua-

1960 4090 2167 4146 litatem
2212 4104 2371 4146 suam
2423 4090 2720 4147 valentiore
2764 4088 2909 4145 nivis
2956 4087 3161 4159 frigore
3204 4095 3541 4152 commutat,

1960 4181 2127 4252 idque
2156 4181 2298 4237 intra
2330 4191 2517 4251 partes
2547 4196 2678 4237 suas
2701 4179 2922 4249 recipit.

2015 4271 2501 4338 Quemadmodum
2527 4271 2696 4341 igitur
2716 4286 2827 4326 non
2852 4286 2920 4326 ex
2943 4271 3210 4342 impressa
3239 4270 3384 4327 ferro
3404 4285 3549 4341 qua-1

1959 4362 2112 4417 litate
2148 4360 2432 4417 materiam
2485 4361 2948 4431 denominamus,
3000 4378 3180 4434 neque
3232 4363 3412 4434 ignem
3454 4364 3569 4419 vel.-

1961 4451 2192 4524 glaciem
2221 4466 2517 4518 vocamus,
2552 4467 2619 4508 eo
2646 4452 2795 4524 quod
2829 4454 3151 4510 alterutrius
3180 4455 3549 4526 qualitatibus

277 4527 578 4619 καιομένον
600 4544 627 4559 ι
649 4529 822 4594 οὕτως
858 4532 907 4585 εί
946 4532 1124 4605 δοθείη
1144 4576 1160 4601 ,
1197 4537 1339 4590 κατά
1384 4538 1476 4593 τὸν
1506 4540 1614 4596 τῶν
1641 4542 1850 4601 ἀσεϐῶν

1968 4542 2212 4601 affectum
2265 4543 2340 4601 sit
2376 4561 2389 4598 :
2430 4545 2509 4599 ita
2540 4545 2589 4600 si
2620 4543 2977 4610 concedatur,
3009 4552 3071 4599 ut
3108 4545 3262 4616 impii
3307 4546 3539 4607 volunt.

273 4618 446 4690 λόγον,
473 4622 571 4674 ἐπὶ
595 4624 696 4690 τῆς
736 4621 1000 4688 ζωοποιοῦ
1033 4626 1315 4699 δυνάμεως
1340 4669 1357 4696 ,
1394 4632 1468 4704 μὴ
1514 4637 1634 4689 κατ’
1661 4637 1851 4694 οὐσίαν

273 4710 601 4803 ινοπάρχειν
630 4713 768 4786 αὐτῇ
787 4715 850 4768 τὸ
878 4716 1082 4785 ἀγαθόν
1105 4736 1119 4751 ·
1141 4721 1257 4775 ἀλλ’
1278 4724 1344 4777 ἐκ
1370 4728 1659 4795 μετουσίας
1686 4748 1853 4803 προσ-

274 4802 553 4869 τίνεσθαι’
600 4804 785 4859 οὐκέτι
837 4808 903 4860 ὲκ
939 4811 1039 4879 τῆς
1089 4812 1185 4866 τοῦ
1216 4813 1422 4883 ἀγαθοῦ
1475 4802 1848 4895 προσηγορίας

275 4895 475 4987 κυρίως
529 4896 985 4970 ὀνομασθήσεται.
1029 4900 1191 4958 Ἀλλά
1234 4922 1288 4958 τι
1337 4905 1522 4979 ἕτερον
1569 4912 1770 4968 ἐννοεῖν
1813 4917 1848 4987 ἡ

274 4986 794 5080 moveam;
823 4990 1144 5061 ἀναγκάσει,
1179 4995 1256 5062 ὡς
1298 5000 1433 5072 μήτε
1467 5002 1653 5068 ἀϊδίως
1698 4986 1848 5080 αὐτῷ

273 5074 331 5128 τὸ
353 5076 560 5143 ἀγαθὸν
590 5078 996 5152 ινθεωριῖσθαι,
1032 5085 1173 5156 μήτε
1211 5089 1364 5155 αὐτὸ,
1403 5092 1541 5165 ὅπερ
1564 5095 1744 5162 ἐστὶν,
1787 5074 1846 5154 ε

275 5167 353 5265 τῇΔ
373 5166 472 5220 τοῦ
512 5167 745 5265 Δἀγαθοῦ
781 5169 941 5240 φύσει
988 5175 1543 5247 καταλαμϐάνεσθαι·
1608 5183 1724 5237 ἀλλ’

276 5259 363 5354 ξιξ.
406 5259 539 5313 me
581 5261 655 5354 Et.
701 5260 762 5354 δν
798 5264 858 5317 ιν
901 5265 1039 5339 αὐτῇ
1082 5268 1144 5323 τὸ
1177 5270 1396 5340 ἀγαθὸν,
1453 5275 1546 5328 καὶ
1586 5277 1715 5332 ποτὲ
1768 5259 1843 5354 μή

276 5345 546 5439 ἐσόμενον.
592 5350 655 5439 Εἰ
678 5352 785 5424 γάρ
821 5355 899 5426 τῷ
930 5358 1182 5430 μετέχειν
1200 5361 1293 5416 τοῦ
1321 5364 1626 5435 κρείττονος
1665 5345 1847 5439 ἀγαθά

166 5438 173 5443 ’
276 5435 475 5524 γίνεται
499 5478 515 5503 ,
590 5438 748 5513 δῆλον
791 5443 874 5497 ὅτι
925 5446 1033 5519 πρὸ
1110 5450 1212 5521 τῆς
1274 5453 1562 5524 μετουσίας
1622 5435 1846 5515 τοιαῦτα

277 5527 368 5582 οὐκ
394 5522 487 5598 ἦν.
549 5529 663 5585 Καὶ
711 5533 762 5587 εί
786 5533 914 5589 ἄλλο
945 5553 1000 5591 τι
1025 5535 1154 5592 ὄντα
1179 5543 1244 5614 τῇ
1276 5522 1550 5618 λιταρουσίᾳ
1582 5547 1677 5602 τοῦ
1712 5550 1849 5619 ἀγα-

310 5696 477 5756 ⁸⁵Ιιι.
521 5717 636 5771 xiv,
668 5705 756 5760 12.
837 5709 883 5743 ⁸⁸
921 5708 1052 5767 Luc.
1082 5728 1135 5779 χ,
1163 5714 1243 5771 18.

1956 4638 2014 4692 in
2044 4636 2398 4693 viviticatrice
2427 4637 2520 4692 illa
2547 4643 2824 4709 potestate
2847 4677 2862 4703 ,
2900 4652 3012 4693 non
3042 4652 3109 4693 ex
3143 4648 3341 4692 natura
3375 4637 3539 4693 boni-

1956 4736 2124 4786 tatem
2167 4729 2383 4795 inesse,
2415 4727 2508 4784 sed
2548 4744 2616 4785 ex
2652 4729 3081 4800 participatione
3114 4729 3218 4800 ipsi
3265 4728 3533 4784 accidere:

1956 4836 2068 4876 non
2101 4820 2363 4877 sortietur
2396 4820 2619 4892 preprie
2662 4821 3102 4876 nominationem
3150 4836 3217 4877 ex
3258 4820 3532 4887 bonitate,

1958 4911 2054 4969 sed
2089 4912 2405 4969 necessario
2438 4926 2725 4983 cogemur,
2770 4912 2921 4967 aliud
2963 4911 3224 4983 quiddam
3260 4912 3449 4967 animo
3481 4920 3547 4968 et.

1955 5005 2285 5077 cogitatione
2313 5002 2641 5060 eﬂ'ormare:
2680 5004 2749 5058 ab
2781 5011 2990 5060 aeterno
3025 5003 3282 5060 videlicet
3315 5003 3541 5059 bonita-

1955 5105 2064 5153 tem
2098 5099 2149 5153 ei
2195 5111 2375 5168 neque
2411 5104 2760 5168 competere,
2806 5111 2986 5168 neque
3018 5104 3274 5152 naturam
3319 5096 3440 5164 ejus
3479 5105 3544 5150 et

1950 5187 2282 5253 essentiam,
2336 5192 2393 5242 et
2445 5186 2549 5242 hoc
2592 5186 2770 5257 ipsum
2816 5186 2964 5256 quod
3017 5192 3131 5251 est,
3168 5185 3223 5239 in
3281 5184 3538 5241 bonitate

1952 5279 2290 5344 consistere,
2323 5279 2484 5350 quasi
2519 5278 2820 5350 aliquando
2848 5279 3097 5335 bonitate
3132 5279 3407 5341 caruerit,
3437 5293 3532 5334 ea-

1951 5368 2186 5440 demque
2226 5370 2392 5425 etiam
2435 5367 2638 5425 futuris
2673 5368 3019 5438 temporibus
3050 5366 3350 5437 aliquando
3378 5366 3529 5422 cari.-

1952 5466 2074 5515 tura
2100 5456 2192 5513 sit.
2236 5456 2296 5512 Si
2341 5457 2486 5512 enim
2518 5457 2907 5513 communione
2930 5456 3059 5512 boni
3086 5496 3101 5521 ,
3147 5457 3203 5512 in
3233 5455 3395 5512 bonis
3426 5470 3529 5509 nus

1952 5556 2236 5608 morantur
2276 5546 2448 5605 Filius
2480 5555 2536 5604 et
2584 5545 2824 5619 Spiritus
2855 5556 3117 5615 sanctus,
3149 5547 3360 5604 clarum
3395 5551 3483 5599 est
3510 5581 3529 5605 ,
