4008 6210
471 292 579 347 359

1720 292 1779 351 s.
1819 291 2150 350 cnsconu
2186 275 2485 351 NYSSENI

3631 298 3735 357 5ξὺ

470 420 567 465 eos
591 413 719 463 ante
745 407 887 465 hanc
915 409 1360 466 communionem
1386 411 1523 468 tales
1552 426 1898 484 nequaquam
1927 413 2052 469 fuis-

2163 412 2256 467 θοὺ
2303 411 2643 484 ὲπεχρώσθη,
2686 411 2904 476 πάντως
2946 410 3053 469 κᾶν
3093 410 3319 484 μονωθῇ
3361 410 3573 477 τούτου.
3611 416 3742 470 ἄλλο

469 504 557 557 se’:
585 510 639 557 et
663 502 732 569 si,
765 517 893 569 cum
923 500 1073 557 aliud
1101 501 1362 573 quiddam
1390 513 1598 570 essent,
1632 507 1922 576 praesentia
1953 505 2050 561 bo-

469 591 695 660 nitatis,
738 593 900 663 quasi
943 592 1130 650 colore
1173 595 1409 665 quodam
1440 595 1601 650 tincti
1630 602 1789 661 sunt,
1821 596 2049 651 omnino

471 683 891 752 sequitur,eos,
942 685 988 740 si
1038 699 1069 739 a
1114 685 1359 741 bonitate
1392 694 1738 756 separentur,
1773 686 2049 741 diversum

470 772 731 843 quiddam
766 789 796 827 a
827 774 1073 830 bonitate
1101 776 1407 831 censendos
1437 791 1579 833 esse.
1615 775 1681 831 Et
1707 776 1753 832 si
1786 776 1901 830 haec
1927 775 2048 848 Opi-

469 863 565 917 nio
598 864 939 928 invalescat,
972 865 1087 935 jam
1124 880 1236 920 non
1268 867 1445 936 magis
1477 866 1744 921 bonorum
1782 865 2050 920 submini-

472 957 702 1011 stratrix
740 969 794 1011 et
831 959 1234 1029 suppeditatrix
1274 960 1684 1015 existimabitur
1718 959 1906 1015 divina
1944 975 2049 1014 na-

467 1055 593 1101 tura
617 1088 632 1112 ,
670 1064 834 1118 quam
871 1065 934 1104 ea
970 1066 999 1104 a
1032 1066 1137 1120 qua
1180 1051 1299 1121 ipsa
1343 1052 1492 1106 velut
1536 1051 1723 1120 indiga
1767 1049 2050 1105 beneﬁciis

470 1140 726 1197 afﬁcitur.
757 1140 1045 1223 Quomodo
1072 1143 1218 1198 enim
1249 1142 1374 1212 quis
1399 1141 1557 1197 alteri
1586 1142 1798 1198 dederit
1824 1141 1877 1196 id
1898 1185 1913 1207 ,
1941 1155 2050 1211 quo

469 1232 588 1301 ipse
623 1232 822 1287 caret?
867 1232 922 1288 Si
960 1234 1129 1306 igitur
1161 1234 1402 1305 perfecte
1426 1235 1726 1289 bonitatem
1760 1234 2048 1306 possidet,

469 1323 684 1377 nullum
715 1339 845 1394 ergo
875 1324 1147 1381 defectum
1194 1326 1251 1380 in
1298 1326 1400 1381 hac
1434 1325 1770 1396 perfectione
1808 1325 2051 1379 admitti-

470 1431 625 1482 mus,
681 1419 995 1490 stultusque
1040 1422 1237 1476 merito
1282 1419 1586 1489 judicatur,
1619 1418 1715 1485 qui
1768 1419 1824 1472 in
1868 1417 2050 1488 perfe-

470 1506 652 1561 ctione
685 1507 1127 1565 imminutionem
1163 1510 1423 1566 collocat.
1463 1510 1532 1565 At
1567 1511 1612 1565 si
1656 1511 1784 1566 boni
1818 1510 2049 1581 partici-

472 1598 623 1667 patio
651 1599 786 1669 ipsis
818 1602 1139 1672 imperfecta
1168 1603 1419 1667 obvenit,
1451 1612 1511 1658 ut
1538 1604 1609 1659 ob
1645 1603 1697 1658 id
1730 1602 2051 1659 remissioni

474 1689 703 1745 obnoxii
736 1692 1012 1761 dicantur,
1046 1695 1171 1751 vide
1217 1697 1347 1767 quid
1390 1695 1519 1751 inde
1548 1704 1850 1765 sequatur:
1886 1697 2052 1750 nimi-

471 1796 596 1835 rum
635 1782 726 1847 id,
763 1785 908 1853 quod
947 1787 1021 1839 ita
1074 1796 1270 1840 natura
1321 1795 1698 1857 comparatum
1742 1795 1860 1855 est,
1911 1788 2052 1843 nihil

469 1873 721 1929 beneﬁcii
777 1875 831 1930 in
887 1892 1010 1931 eum
1069 1878 1162 1948 qui
1213 1878 1497 1935 inferioris
1542 1880 1880 1936 conditionis
1928 1889 2048 1946 est,

471 1967 758 2031 conferet,
797 1968 892 2023 sed
934 1970 1282 2035 claborabit,
1332 1978 1392 2024 ut
1443 1985 1598 2027 suam
1642 1973 1927 2042 penuriam
1957 1972 2054 2027 de-

469 2055 672 2126 pellat,
707 2057 873 2129 idque
901 2060 1051 2130 quod
1084 2060 1239 2117 deest
1273 2062 1559 2133 suppleat,
1588 2070 1649 2118 ut
1678 2062 1926 2134 proinde,
1959 2064 2057 2117 ho-

2157 519 2211 555 τι
2239 502 2299 555 τὸ
2323 501 2525 571 ἀγαθὸν
2554 501 2941 574 νομισθήσεται
2961 519 2975 533 ’
3016 500 3112 556 καὶ
3155 503 3253 557 ἐὰν
3284 501 3443 556 τοῦτο
3466 507 3739 578 κρατήσῃ,

2157 594 2217 646 οὑ
2258 593 2457 665 μᾶλλον
2501 593 2720 664 ἀγαθῶν
2756 592 3063 665 παρεκτικὴ
3106 594 3140 664 ἡ
3194 592 3313 648 θεία
3356 593 3518 663 φύσις
3565 613 3741 651 κατα·-

2156 685 2527 757 ληφθήσεται,
2561 689 2594 762 ἠ
2662 685 2757 740 καὶ
2799 684 2934 757 αὑτὴ
2971 685 3343 757 προσδεομένη
3382 685 3478 740 τοῦ
3530 688 3738 755 ἀγαθύ-

2156 790 2359 838 νοντος.
2416 773 2541 837 Πῶς
2572 773 2681 846 γὰρ
2720 775 2785 831 ἄν
2828 793 2912 838 τις
2958 776 3133 848 ἑτέρῳ
3162 778 3438 847 παράσχοι
3478 777 3542 831 τὸ
3585 778 3615 831 ὃ
3661 780 3738 849 μὴ

2158 866 2319 929 αὐτὸς
2361 865 2513 938 ἔχει;
2594 867 2656 919 Εἰ
2707 866 2805 938 μὲν
2860 863 2954 923 οὖν
3004 868 3224 932 τελείως
3266 868 3411 939 ἔχει,
3480 869 3740 939 οὐδεμίαν

2159 955 2348 1023 ὕφεσιν
2394 958 2485 1010 ἐπὶ
2536 957 2635 1028 τῆς
2684 958 3018 1032 τελειότητος
3076 960 3441 1031 ἐννοήσομεν·
3488 962 3584 1014 καὶ
3634 962 3740 1031 μάο

2156 1069 2305 1115 ταιος
2337 1053 2365 1106 ὁ
2394 1052 2819 1118 κατασκευάζων
2841 1055 2899 1107 ἐν
2921 1052 2998 1125 τῷ
3026 1052 3216 1124 τελείῳ
3236 1054 3297 1107 τὸ
3325 1053 3560 1107 ἔλαττον.
3592 1055 3654 1107 Εἰ
3679 1054 3740 1107 δέ

2158 1143 2352 1213 ἀτελὴς
2403 1145 2459 1197 ἐν
2505 1144 2687 1207 αὑτοῖς
2729 1147 2761 1216 ἡ
2802 1144 2894 1197 τοῦ
2945 1144 3150 1213 ἀγαθοῦ
3208 1144 3469 1215 μετουσία
3515 1145 3736 1215 νομίζει

2158 1252 2267 1299 ται,
2317 1235 2412 1289 καὶ
2451 1233 2592 1288 κατὰ
2640 1233 2795 1287 τοῦτο
2834 1233 2895 1287 τὸ
2946 1234 3167 1288 ἔλαττον
3194 1235 3431 1303 λέγουσι,
3461 1236 3739 1306 σκόπησον

2157 1325 2257 1395 τὴν
2296 1323 2614 1378 ἀκολουθίαν
2640 1340 2654 1355 ·
2696 1323 2859 1378 ὅτιτὸ
2890 1323 3061 1387 οὕτως
3087 1323 3230 1395 ἕχον,
3264 1324 3385 1395 οὑχὶ
3424 1325 3486 1377 τὸ
3519 1325 3740 1380 ὑποδεέ-

2161 1436 2349 1490 στερον
2377 1418 2748 1490 εὑεργετήσει’
2782 1417 2895 1470 ἀλλ’
2945 1418 3092 1482 ὅπως
3119 1418 3180 1472 τὸ
3208 1418 3383 1489 ἐαυτῷ
3409 1419 3586 1474 ἐνδέον
3606 1421 3742 1474 ἀναο

2160 1510 2443 1583 πληρώσῃ,
2467 1512 2564 1583 τὴν
2582 1509 2817 1581 σπουδὴν
2831 1507 2941 1574 ἕξει
2960 1526 2976 1543 ’
3000 1509 3141 1563 ὥστε
3155 1510 3355 1582 ψευδὴς
3376 1512 3496 1565 κατ’
3533 1508 3732 1573 αὑτοὺς

2158 1605 2375 1674 καὶτῆς
2404 1603 2658 1674 προνοίας
2696 1606 2724 1656 ὁ
2748 1602 2924 1672 λόγος,
2967 1605 3062 1657 καὶ
3096 1605 3197 1674 τῆς
3231 1604 3486 1677 κρίσεως,
3511 1605 3605 1661 καὶ
3636 1605 3743 1677 τῆς

2159 1695 2486 1766 οἰκονομίας,
2525 1698 2618 1749 καὶ
2664 1696 2878 1750 πάντων
2925 1696 3033 1748 τῶν
3075 1696 3226 1767 παρὰ
3268 1694 3365 1750 τοῦ
3400 1694 3743 1766 Μονοτενοῦς

2158 1786 2484 1857 γεγενῆσθαι
2562 1787 2655 1840 καὶ
2688 1789 2860 1840 εἰσαεὶ
2888 1786 3134 1855 γίνεσθαι
3165 1787 3645 1857 πεπιστευμένων,
3679 1788 3748 1841 ἐν

2156 1881 2222 1950 τῇ
2265 1880 2394 1952 περὶ
2431 1878 2492 1931 τὸ
2529 1879 2663 1934 ῐδιον
2694 1879 2899 1949 ἀγαθὸν
2938 1880 3246 1951 ἐπιμελείᾳ.
3284 1878 3425 1934 κατὰ
3468 1880 3530 1933 τδ
3570 1880 3745 1943 εἰκὸς,

2160 1968 2581 2041 ἀσχολουμένου,
2615 1970 2710 2025 καὶ
2744 1969 2841 2042 τὴν
2870 1968 2964 2024 τοῦ
2994 1970 3193 2035 παντὸς
3234 1969 3556 2026 ἐπιστασίαν
3585 1970 3751 2041 διαφ-

2165 2063 2357 2126 ιέντος.

470 2166 593 2205 rum
651 2154 959 2219 sententia,
1015 2156 1214 2212 falsum
1262 2172 1386 2211 esse
1434 2164 1718 2228 oporteat,
1772 2156 2042 2228 quidquid
2080 2158 2323 2212 traditur
2393 2159 2462 2214 de
2493 2158 2880 2229 providentia,
2916 2156 2985 2213 de
3015 2155 3262 2228 judicio,
3335 2155 3748 2214 incarnatione.

472 2243 837 2315 omnibusque
871 2246 1014 2311 illis,
1046 2264 1168 2317 quae
1221 2257 1314 2303 aut
1357 2264 1453 2318 per
1497 2247 1855 2320 Unigenitum
1934 2249 2081 2304 facta
2121 2261 2286 2313 sunt,
2315 2260 2409 2305 aut
2437 2251 2622 2308 adhuc
2654 2249 2966 2322 peragenda
2995 2248 3337 2305 creduntur:
3394 2250 3593 2319 quippe
3619 2248 3749 2321 qui,

474 2342 537 2388 ut
575 2350 671 2406 par
709 2344 828 2400 est,
890 2338 947 2393 in
996 2341 1203 2413 proprii
1250 2350 1302 2397 et
1345 2344 1541 2413 privati
1576 2344 1704 2400 boni
1746 2345 2137 2414 procuratione
2174 2355 2477 2415 occupatus
2524 2346 2630 2411 sit,
2674 2345 2902 2400 dimissa
2932 2342 3099 2414 hujus
3146 2341 3523 2398 universitatis
3571 2341 3747 2397 admi-

474 2434 825 2490 nistratione.

549 2530 606 2586 Si
634 2533 779 2588 enim
825 2535 994 2591 semel
1028 2535 1257 2592 ﬁrmiter
1295 2540 1351 2592 in
1398 2539 1602 2596 animis
1636 2520 1920 2596 hominum
1972 2540 2053 2595 in-

478 2623 656 2680 sideat
695 2628 982 2695 persuasio
1006 2628 1143 2695 haec,
1202 2628 1622 2701 Redemptorem
1654 2640 1907 2688 nostrum
1945 2647 2053 2687 nou

478 2732 604 2773 esse
638 2716 693 2772 in
726 2719 907 2777 omnis
930 2720 1194 2779 bonitatis
1223 2723 1561 2779 abundantia
1584 2724 2054 2794 perfectissimum

481 2818 536 2865 et
559 2813 1188 2878 consummatissimum,
1211 2814 1438 2870 difﬁcile
1460 2832 1571 2870 non
1596 2817 1704 2871 erit
1723 2817 2054 2886 perspicere,

482 2916 749 2969 quorsum
780 2918 1013 2958 evasura
1046 2904 1120 2958 sit
1151 2905 1265 2959 haec
1294 2906 1657 2975 blasphemia.
1691 2905 1825 2960 Nam
1862 2906 1908 2962 si
1946 2906 2062 2962 hac

481 2994 559 3047 ita
590 3009 713 3050 sese
738 2994 963 3058 habent,
996 3012 1137 3051 vana
1172 3006 1255 3052 est
1288 2998 1444 3064 ﬁdes,
1495 2998 1680 3053 inanis
1716 2998 2058 3069 praedicatio,

487 3085 680 3142 inanes
717 3101 844 3156 spes
876 3097 1100 3154 nostrae,
1146 3105 1267 3160 quae
1307 3090 1411 3146 ﬁde
1445 3091 1592 3146 velut
1624 3091 1743 3146 basi
1776 3098 1831 3146 et
1863 3090 2059 3146 funda-

2234 2536 2296 2588 Ei
2320 2532 2427 2603 γὰρ
2453 2530 2591 2603 αὕτη
2617 2531 2938 2602 κρατήσειεν
2971 2530 3003 2599 ἡ
3032 2529 3273 2593 ὑπόνοια,
3290 2528 3351 2582 τὸ
3382 2527 3455 2599 μὴ
3471 2528 3755 2583 τετελειῶ-

2163 2626 2286 2681 σθαι
2323 2625 2413 2677 τὸν
2452 2622 2657 2693 Κύριον
2690 2623 2749 2675 ἐν
2788 2622 2952 2675 παντὶ
2991 2620 3212 2691 ἀγαθῷ,
3268 2620 3455 2674 οὐκέτι
3491 2619 3752 2674 δύσκολον

2164 2718 2395 2773 συνιδεῖν
2438 2718 2518 2779 είς
2552 2716 2580 2769 ὃ
2607 2733 2656 2768 τι
2686 2712 3052 2785 καταστρέφει
3079 2715 3113 2782 ἠ
3148 2710 3485 2783 βλασφημία.
3542 2713 3752 2765 Ὄντων

2164 2810 2275 2880 γὰρ
2310 2807 2417 2863 τῶν
2438 2804 2716 2869 τοιούτων,
2754 2804 2961 2875 ματαία
2988 2804 3088 2876 μὲν
3118 2806 3150 2874 ή
3183 2801 3386 2866 πίστις,
3423 2802 3578 2855 κενὸν
3604 2802 3660 2855 δὲ
3688 2802 3752 2855 τὸ

2169 2903 2454 2975 κήρυγμα,
2496 2897 2860 2952 ἀνυπόστατοι
2889 2895 2946 2950 δέ
2974 2898 3031 2951 αί
3075 2894 3313 2960 ἐλπίδες,
3343 2894 3400 2947 αἱ
3414 2894 3509 2948 διὰ
3530 2897 3629 2964 τῆς
3656 2895 3749 2948 πί-

2168 3009 2336 3055 στεως
2360 2989 2459 3061 τὴν
2486 2988 2781 3042 ὑπόστασιν
2810 2987 3009 3059 ἔχουσι.
3056 2986 3122 3039 Τί
3142 2987 3252 3057 γὰρ
3291 2985 3641 3055 βαπτίζονται
3670 2987 3755 3048 είς

2166 3082 2419 3155 Χριστὸν,
2451 3074 2495 3148 ᾧ
2524 3081 2599 3151 μὴ
2632 3079 2736 3133 ἰδία
2769 3078 3004 3149 δύναμις
3044 3075 3428 3146 ἀγαθοσύνης;
3468 3075 3668 3128 ’Δπίτω
3694 3074 3754 3127 δὲ

488 3184 675 3230 mento
705 3177 942 3247 quodam
974 3179 1246 3236 nituntur.
1282 3180 1353 3236 Ut
1377 3181 1511 3252 quid
1539 3182 1684 3237 enim
1717 3182 2052 3253 baptizantut

2168 3173 2263 3228 τοῦ
2294 3172 2561 3242 στόματός
2592 3188 2693 3242 μου
2737 3170 2798 3224 τὸ
2838 3170 3178 3241 βλάσφημον.
3225 3168 3291 3222 Τί
3318 3167 3377 3221 δὲ
3406 3169 3754 3221 πιστεύουσιν

487 3267 545 3322 in
571 3268 779 3324 Christi
826 3272 1071 3339 nomine,
1129 3289 1253 3328 cum
1285 3282 1473 3330 careat
1524 3274 1747 3346 propria
1797 3275 2052 3330 bonitati:

2172 3267 2253 3330 είς
2283 3265 2344 3318 τὸ
2385 3262 2612 3334 Πνεῦμα
2649 3262 2709 3315 τὸ
2747 3262 2921 3329 ἅγιον,
2955 3263 3004 3314 εί
3049 3260 3177 3332 περὶ
3216 3260 3406 3314 τούτου
3440 3259 3579 3313 αὑτά
3605 3256 3754 3325 107i-

489 3362 730 3430 potentia
752 3362 778 3416 ἲ
805 3363 1027 3420 Avertat
1065 3364 1211 3422 Deus
1241 3367 1384 3422 hanc
1416 3367 1486 3422 ab
1514 3382 1612 3422 ore
1659 3382 1778 3421 meo
1810 3366 2052 3437 blasphe-

2175 3358 2355 3422 ζονται
2379 3373 2395 3423 ;
2443 3354 2567 3418 Πῶς
2594 3353 2652 3408 δὲ
2674 3354 2784 3407 ἀπὸ
2813 3353 2917 3424 τῆς
2946 3352 3192 3424 φθαρτῆς
3219 3353 3525 3423 γεννήσεως
3546 3351 3636 3404 διὰ
3658 3348 3753 3402 τοῦ

488 3455 687 3512 miaml
710 3454 821 3511 Cur
844 3458 1075 3512 credant
1108 3459 1161 3512 in
1184 3457 1448 3528 Spiritum
1476 3466 1754 3523 sanctum,
1796 3459 1845 3514 si
1872 3459 2052 3514 eadem

2178 3448 2548 3519 βαπτίσματος
2568 3445 2987 3516 ἀναγεννῶνται,
3011 3446 3132 3498 οὐδὲ
3154 3443 3531 3514 ἀναγεννώσης
3559 3444 3754 3503 αὐτοὺς

489 3547 559 3602 de
601 3547 705 3602 hoc
755 3549 863 3603 sibi
904 3548 1279 3618 persuadent?
1325 3548 1615 3615 Quomodo
1670 3559 2052 3621 regenerantui

2174 3540 2453 3609 δυνάμεως
2478 3538 2540 3591 τὸ
2567 3538 2816 3592 ἄπτωτον
2861 3537 2959 3589 καὶ
2981 3534 3275 3606 ἀπροσδεὲς
3300 3531 3545 3603 φυσικῶς
3577 3531 3756 3594 καθὼς

490 3654 588 3708 per
609 3638 966 3708 baptismum,
998 3640 1142 3696 etab
1168 3641 1259 3695 illa
1284 3642 1626 3712 eorruptioni
1649 3642 1882 3697 obnoxia
1905 3659 2043 3715 gene

2174 3630 2378 3684 οἴονται
2431 3627 2812 3699 κεκτημένηςς
2880 3626 3005 3689 Πῶς
3051 3626 3109 3680 δέ
3158 3622 3648 3695 μετασχηματίζει
3689 3624 3757 3715 τὸ

489 3729 705 3785 ratione
736 3733 1129 3798 restituuntur,
1167 3734 1237 3801 si,
1273 3740 1333 3788 ut
1364 3733 1455 3787 isti
1476 3742 1739 3803 (censent,
1767 3735 1852 3790 vis
1886 3743 1939 3790 et
1974 3751 2052 3805 po

2177 3723 2349 3793 σῶμα
2393 3721 2506 3790 τῆς
2554 3719 2967 3785 ταπεινώσεως
3017 3717 3229 3781 αὐτῶν,
3276 3717 3403 3770 ὅταν
3451 3715 3612 3769 αὑτὸν
3665 3714 3757 3768 τὸν

490 3831 687 3889 testas,
726 3840 823 3893 per
854 3840 1019 3895 quam
1048 3833 1466 3896 regenerantur,
1498 3841 1608 3879 non
1654 3826 1939 3895 possident
1970 3842 2052 3881 na-

2181 3811 2723 3887 μετασχηματίζοντα
2751 3813 2850 3883 τῆς
2878 3812 3016 3883 πρὸς
3054 3809 3115 3864 τδ
3156 3812 3402 3881 κρεῖττον
3422 3807 3758 3872 ἀλλοιώσεως

490 3917 747 3973 turaliter
771 3918 1301 3983 immutabilitatem,
1352 3918 1472 3974 sine
1512 3918 1660 3974 illius
1696 3918 1824 3973 boni
1855 3918 2052 3973 delectt

2179 3905 2476 3960 ἐπιδεῖσθαι
2505 3904 2818 3974 νομίζωσιν,
2840 3902 3001 3957 ἄλλου
3033 3901 3196 3955 πάλιν
3219 3900 3315 3954 τοῦ
3350 3903 3444 3955 καὶ
3469 3900 3632 3953 αὑτὸν
3663 3917 3760 3971 με-

492 4019 548 4065 et.
576 4010 883 4081 indigentia
901 4011 937 4079 Τ,
963 4009 1251 4077 Quomodo
1281 4011 1631 4081 transﬁgurat
1664 4026 1856 4080 corpus
1902 4011 2052 4064 humi

2178 3997 2676 4070 τασχηματίζοντος
2721 3995 3145 4067 προσδεόμενονς
3204 3994 3348 4056 Ἕως
3408 3993 3518 4063 γὰρ
3581 3994 3639 4045 ἐν
3679 3990 3760 4061 τῷ

495 4102 666 4158 litatis
699 4118 889 4159 eorum
911 4104 981 4171 “,
1007 4118 1131 4159 eum
1168 4105 1344 4175 ipsum
1374 4105 1538 4159 etiam
1566 4104 1885 4159 existiment
1911 4119 2052 4173 egeri

2181 4085 2477 4161 ἐλάττονιῇ
2507 4086 2595 4141 διὰ
2621 4086 2680 4140 τὸ
2717 4084 2921 4154 ἀγαθὸν
2963 4084 3063 4153 τῆς
3094 4081 3329 4150 φύσεως,
3375 4080 3470 4134 τοῦ
3496 4080 3762 4151 ὑπερκει-

493 4195 800 4251 mutatione
831 4198 886 4251 in
921 4197 1138 4261 melius,
1174 4211 1237 4251 ac
1266 4196 1497 4266 proinde
1537 4211 1679 4266 opus
1712 4196 1914 4251 habere
1942 4196 2050 4250 alio

2185 4182 2346 4253 μένου
2377 4180 2655 4235 ἀπαυστόν
2679 4194 2800 4231 τινα
2828 4177 2963 4249 πρὸς
2996 4174 3155 4229 ἐαυτὺ
3183 4174 3282 4244 τὴν
3314 4173 3476 4243 ὁλκὴν
3497 4175 3609 4236 τοῖς
3630 4173 3764 4226 ὑπο-

495 4300 526 4340 a
555 4301 667 4355 quo
695 4293 749 4341 et
776 4287 893 4357 ipse
921 4264 1376 4357 transﬁgttretur?
1394 4264 1649 4354 Quaudiu
1675 4285 1821 4342 enim
1850 4283 2048 4340 inferio

2182 4273 2482 4343 δεεστέροις
2521 4268 2764 4340 φυσικῶς
2795 4268 3117 4331 ἐντιθέντος,
3154 4266 3337 4320 οὐδενὶ
3369 4264 3557 4335 τρόπῳ
3587 4264 3621 4334 ἡ
3663 4264 3762 4316 τοῦ

495 4354 1009 4449 τίείεοιοιίενιμιοιιᾱ
1054 4354 1357 4433 bonitatem
1412 4379 1599 4442 fuerit,
1654 4392 1783 4432 cum
1838 4376 1893 4430 id
1929 4391 2052 4446 quoc

2184 4365 2429 4426 πλείονος
2468 4362 2655 4431 ἔφεσις
2700 4362 2976 4429 στήσεται.
3038 4356 3198 4411 Ἀλλὰ
3223 4356 3360 4428 πρὸς
3390 4355 3452 4409 τὸ
3478 4357 3644 4426 μήπω
3668 4354 3769 4424 λης

498 4484 817 4539 supremum
862 4478 971 4535 est,
1028 4471 1432 4525 indesinentem
1470 4469 1786 4539 quamdam,
1834 4475 1888 4523 et
1938 4467 2052 4521 irre

2185 4457 2316 4527 φθὲν
2359 4451 2814 4525 ὑπερτεινομένης
2865 4451 2950 4504 ἀεὶ
2990 4449 3093 4519 τῆς
3137 4447 3389 4519 ὀρέξεως,
3434 4447 3665 4501 πάντοτε
3702 4445 3772 4498 τὸ

497 4536 739 4633 quietam
791 4563 876 4618 sui
913 4563 1269 4633 cupiditatem
1308 4536 1863 4615 rebus—inferioribus
1909 4567 2052 4611 natur

2181 4544 2568 4616 ἐλαττούμενον
2591 4543 2683 4597 τοῦ
2715 4543 2956 4606 πλείονος
2983 4541 3361 4614 ὀρεχθήσεται,
3393 4540 3487 4593 κα)⁸
3506 4539 3594 4592 ἀεὶ
3627 4536 3770 4608 πρὸς

496 4628 686 4711 raliter
733 4628 1021 4719 indiderit,
1084 4655 1237 4709 nullo
1288 4653 1451 4708 modo
1497 4665 1762 4707 excessus
1814 4649 2052 4720 appetitit

2178 4641 2241 4694 τὸ
2282 4638 2464 4711 μεῖζον
2498 4634 2941 4704 ἀλλοιωθήσεται,
2986 4633 3082 4687 καὶ
3111 4632 3378 4740 οὐδέποτὶ
3393 4629 3530 4701 πρὸς
3559 4628 3769 4683 τέλειον

497 4747 875 4816 conquiescet,
915 4718 1015 4801 sed
1059 4761 1182 4801 cum
1217 4744 1285 4799 ad
1336 4744 1415 4811 id,
1471 4743 1617 4814 quod
1652 4718 1903 4798 nondum
1928 4742 2052 4797 obti

2183 4731 2382 4803 φθάσει
2422 4727 2500 4801 τῷ
2550 4727 2626 4800 μὴ
2663 4726 2936 4798 εὑρίσκειν
2984 4724 3047 4777 τὸ
3084 4723 3276 4795 πέρας,
3320 4718 3382 4775 οὑ
3432 4718 3773 4829 δραξάμενον

499 4839 704 4903 nuerit,
761 4838 1118 4909 cupiditatem
1167 4852 1386 4907 semper
1428 4835 1647 4892 extendi
1698 4834 2052 4891 necessarius

2183 4826 2438 4897 στήσεται
2461 4823 2561 4895 τῆς
2589 4819 2800 4877 ἀνόδου.
2839 4816 3055 4909 Ἐπειδὴ
3084 4816 3195 4909 γὰρ
3221 4814 3446 4909 ἀπειρον
3478 4814 3536 4909 ἐν
3569 4813 3635 4883 τῇ
3665 4813 3762 4909 φῦῘ

499 4930 592 4995 sit,
638 4904 905 5000 perpetuo
954 4927 1007 4982 id
1038 4927 1187 4998 quod
1234 4904 1452 4982 delectu
1487 4926 1743 4993 laborat,
1802 4923 2052 4980 desiderii

2189 4934 2270 4972 σει
2295 4916 2355 4971 τὸ
2383 4914 2598 4987 πρῶτον
2623 4909 2846 4982 ἀγαθὸν,
2878 4908 3104 4980 ἄπειρον
3123 4907 3184 4974 ἐξ
3209 4907 3458 4976 ἀνάγκης
3480 4904 3646 5000 Δἕσται
3671 4904 3775 4957 καὶ

498 4996 757 5092 majoris—
782 5027 838 5076 et
882 4996 1288 5075 excellentioris
1319 5018 1586 5091 ﬁagrabit,
1637 5025 1693 5073 et
1740 5018 1948 5089 absque
1977 5016 2052 5070 ﬁn

2187 5013 2221 5081 ή
2257 5008 2515 5082 μετουσία
2546 5005 2640 5061 τοῦ
2674 5002 3058 5065 ἀπολαύοντος,
3099 5001 3248 5053 ἐσαεὶ
3282 4998 3343 5052 τὸ
3390 4996 3554 5097 πλέον
3596 5011 3777 5097 κατα-

499 5125 725 5166 sursum
754 5110 823 5165 ad
862 5109 1072 5181 majora
1107 5111 1335 5177 nitetur,
1382 5126 1561 5181 neque
1588 5125 1830 5181 unquam
1866 5108 1935 5163 ad
1964 5123 2052 5179 per

2189 5099 2563 5171 λαμϐάνουσα.
2613 5094 2710 5150 καὶ
2747 5092 2980 5148 πάντοτε
3025 5088 3351 5158 εὑρίσκουσα
3392 5084 3487 5140 τοῦ
3529 5084 3777 5155 καταλη-

502 5202 712 5259 fectum
758 5176 1267 5275 usque—perveniet,
1303 5219 1371 5259 eo
1410 5176 1555 5274 quod
1602 5176 1874 5257 terminus
1922 5176 2052 5255 desit

2192 5193 2415 5270 φθέντος
2445 5190 2507 5244 τὸ
2527 5186 2932 5260 περισσότερον.
2959 5183 3053 5237 καὶ
3078 5179 3346 5280 μηδέποτε
3390 5176 3778 5280 παρισωθῆναι

505 5309 616 5364 quo
666 5296 1032 5366 apprehenso,
1089 5309 1354 5351 ascensus
1412 5303 1465 5352 et
1501 5294 1730 5350 ulterior
1759 5306 2052 5363 progressu

2196 5283 2347 5355 αὐτῷ
2379 5281 2675 5353 δυναμένη,
2726 5277 2807 5347 τῷ
2835 5276 2971 5347 μήτε
3015 5274 3078 5327 τὸ
3111 5271 3469 5366 μετεχόμενον
3484 5271 3777 5366 ῌπερατοῦ-

507 5358 885 5455 prohibeatur.
928 5358 1067 5442 Cum
1109 5388 1256 5442 enim
1301 5399 1619 5458 supremum
1653 5358 2052 5439 bon-um‘natur

2201 5376 2356 5440 σθαι,
2422 5374 2559 5445 μήτε
2604 5370 2665 5424 τὸ
2707 5366 2797 5423 διὰ
2842 5368 2943 5438 τῆς
2991 5363 3281 5436 μετουσίας
3333 5358 3778 5431 ἐπαυξανόμενον

515 5492 615 5531 sua
668 5476 940 5531 inﬁnitum
991 5477 1085 5543 sit,
1143 5477 1461 5534 necessario
1519 5474 1773 5546 sequitur
1822 5472 2092 5527 inﬁnitain
2200 5464 2472 5521 ἵστασθαι.

518 5585 736 5642 quoque
764 5586 887 5627 esse
933 5573 1433 5643 participationem,
1468 5582 1523 5630 et
1569 5545 1889 5629 fruitionem
1928 5567 2094 5639 hujus
2128 5563 2279 5632 boni,
2306 5569 2492 5633 utpote
2514 5560 2605 5617 cui
2629 5571 2845 5629 semper
2859 5556 3004 5628 plus,
3028 5552 3175 5627 quod
3231 5545 3522 5626 percipiat,
3578 5546 3776 5607 restet,

592 5748 639 5782 “
668 5745 903 5821 Philipp.
927 5764 1007 5818 ιιι,
1037 5750 1128 5804 ﬁt.
