4008 6210
312 258 408 311 Sil

1447 265 1725 322 CONTRA
1767 267 2166 342 EUNOMIUM,
2210 275 2342 335 LIB.
2377 276 2420 332 ῐ.

3492 288 3598 345 Si!

322 388 496 442 eaque
531 370 673 440 quod
703 372 817 441 jam
860 374 1093 442 accepit,
1134 387 1396 445 perpetuo
1431 379 1637 448 aliquid
1666 382 1901 452 amplius
1942 389 2205 457 supersit,
2235 391 2324 445 cui
2353 394 2629 463 exaequari
2661 401 2925 467 nequeat,
2969 397 3096 467 quia
3143 398 3194 454 id
3262 402 3404 468 quod
3442 408 3601 472 parti-

322 466 537 527 tiputnr
600 464 836 520 termino
881 473 1089 530 careat,
1131 466 1297 537 idque
1336 467 1481 538 quod
1523 485 1619 539 per
1676 473 2152 543 participationem
2227 482 2514 552 augescit,
2563 464 2910 557 nequaquam
2970 464 3198 544 sistatur
3232 464 3294 545 ut
3340 464 3609 565 con-quiec

321 564 456 612 sciit.

390 649 627 703 Τοιαῦτα
660 650 757 722 μὲν
784 647 877 706 οὗν
913 655 1057 709 ἐστιν
1085 655 1149 709 ἐκ
1183 656 1282 728 τῆς
1308 658 1447 710 κατᾶ
1479 658 1540 710 τὸ
1562 658 1764 726 ἀγαθὸν
1787 658 1904 712 δια-
1941 667 1983 721 Α

318 743 491 809 φορᾶς
531 742 914 797 ἀνακύπτοντα
945 746 1008 797 ἐκ
1051 745 1144 798 τοῦ
1177 746 1334 814 λόγου
1381 748 1450 800 τὰ
1477 748 1792 820 βλάσφημα.
1845 750 1909 802 Εἰ

315 833 374 884 δὲ
397 834 541 887 κατά
581 852 700 887 τινα
750 837 1066 908 σωματικὴν
1102 838 1370 909 πρόληψιν
1400 840 1461 893 τὸ
1506 841 1688 911 μεῖζόν
1724 858 1781 894 τε
1818 841 1912 896 καὶ

319 924 542 977 ἔλαττον
584 926 673 978 ἐπ’
710 927 890 979 αὐτῶν
934 928 1253 999 θεωροῦσιν,
1301 932 1526 987 αὐτόθεν
1570 933 1911 1003 ὁμολογεῖται

317 1013 413 1067 τοῦ
448 1014 608 1082 λόγου
655 1016 717 1068 τὺ
764 1019 981 1077 ἄτοπον,
1027 1020 1135 1071 κᾶν
1186 1020 1260 1088 μὴ
1292 1019 1625 1073 καθέκαστον
1672 1021 1911 1090 ἀκριϐῶς

320 1106 662 1177 ἐξετάζηται.
749 1109 985 1179 Ἀνάγκη
1031 1111 1140 1181 γὶιρ
1190 1112 1342 1164 πᾶσα
1393 1112 1687 1182 ποιότητας
1735 1128 1908 1174 τινας,

318 1196 651 1261 διαστάσεις,
699 1198 896 1266 δγκους
930 1218 990 1254 τε
1023 1202 1114 1254 καὶ
1169 1202 1445 1272 σχήματα,
1487 1203 1580 1255 καὶ
1618 1203 1815 1267 πάντα,
1845 1202 1909 1255 δι’

317 1282 397 1341 ὧν
419 1289 720 1360 πληροῦται
756 1294 784 1344 6
828 1292 922 1345 τοῦ
964 1292 1213 1363 σώματος
1262 1294 1436 1361 λόγος,
1482 1296 1603 1357 ταῖς
1637 1294 1911 1359 ὑπονοίαις

318 1381 569 1446 ταύταις,
607 1385 704 1435 καὶ
750 1383 842 1436 ἐπὶ
881 1387 978 1455 τῆς
1023 1384 1169 1447 Θείας
1215 1385 1431 1454 φύσεως
1472 1383 1907 1452 συνεισάγεσθαι.

319 1474 500 1528 Ὅπου
526 1474 585 1527 δὲ
612 1476 674 1528 τὸ
698 1475 953 1529 σύνθετον
1001 1476 1237 1544 λέγεται,
1281 1476 1497 1539 πάντως
1537 1478 1653 1531 ἐκεῖ
1685 1491 1912 1545 συνομο-

316 1566 561 1633 λογεῑται
602 1570 698 1621 καὶ
737 1571 769 1639 ἡ
813 1568 906 1622 τοῦ
941 1569 1192 1623 συνθέτου
1224 1568 1488 1631 διάλυσις.
1547 1567 1686 1620 Ἀλλ’
1717 1569 1780 1620 ἐκ
1812 1567 1911 1636 μὲν

314 1661 420 1732 τῆς
449 1661 542 1715 τοῦ
585 1661 856 1732 δόγματος
899 1662 1128 1726 ἀτοπίας
1168 1661 1270 1731 τῆς
1310 1660 1372 1714 τὸ
1416 1660 1659 1723 ἔλαττον,
1705 1660 1799 1713 καὶ
1854 1658 1913 1711 τὸ

320 1754 594 1824 ὑπερέχον
635 1756 694 1806 ὲν
727 1755 840 1818 τοῖς
876 1754 1192 1825 ἁμεγέθεσι,
1240 1752 1336 1808 καὶ
1380 1753 1734 1823 ἀσυγκρίτοις
1777 1753 1913 1805 ἀπο-

320 1848 614 1918 φαίνεσθαι
653 1848 956 1919 τολμώσης,
999 1848 1172 1902 ταῦτα
1221 1849 1316 1902 καὶ
1365 1847 1435 1900 τὰ
1476 1845 1697 1900 τοιαῦτα
1744 1862 1911 1897 κατα-

322 1940 671 2005 σκευάζεται,
704 1940 779 2002 ὠς
810 1940 965 2008 ὀλίγα
998 1943 1065 1995 ὲκ
1108 1938 1317 1994 πολλῶν
1350 1940 1379 1992 6
1423 1938 1578 2008 λόγος
1608 1937 1906 2002 ὑπέδειξεν.

318 2030 458 2085 οὔτε
487 2033 599 2102 γὰρ
634 2031 855 2086 εὔκολον
896 2033 1073 2086 πάντα
1105 2033 1196 2087 τὸν
1226 2030 1675 2103 ἐγκεκρυμμένον
1704 2028 1783 2101 τῷ
1821 2030 1911 2084 δό-
1941 2008 1985 2062 Β

318 2141 490 2193 γματι
510 2125 662 2177 δόλον
690 2121 1079 2193 διανακαλῦψαι
1106 2124 1184 2195 τῷ
1206 2124 1348 2194 λόγῳ
1371 2139 1385 2154 ⁸
1415 2124 1509 2177 καὶ
1534 2123 1602 2177 δι’
1624 2121 1820 2191 ὀλίγων
1847 2122 1905 2177 δὲ

316 2215 427 2268 τῶν
468 2216 797 2287 εἰρημένων,
841 2216 992 2269 οὐδὲν
1033 2211 1195 2288 ἧττον
1237 2216 1270 2285 ὴ
1308 2214 1505 2269 ἀτοπία
1544 2213 1652 2268 τῶν
1676 2212 1817 2266 κατὰ
1848 2212 1910 2267 τὺ

317 2305 619 2362 ἀκόλουθον
632 2310 732 2378 τῆς
756 2306 1104 2378 βλασφημίας
1133 2306 1577 2375 ἁναφαινομένων
1605 2304 1911 2375 ἐπιδειχθή-

322 2419 491 2457 πται.
540 2403 738 2472 Ἡμεῖς
765 2401 821 2454 δὲ
854 2399 990 2472 πρὸς
1015 2400 1083 2453 τὰ
1111 2399 1304 2470 ἐφεξῆς
1334 2399 1428 2452 τοῦ
1450 2399 1612 2468 λόγου
1638 2398 1905 2470 προέλθωο

319 2515 421 2568 μεν
440 2539 456 2562 ,
494 2495 713 2568 μικρῶν
740 2495 820 2547 ἔτι
846 2494 982 2565 πρὸς
1012 2492 1270 2547 σύστασιν
1290 2491 1383 2545 τοῦ
1412 2493 1680 2563 ἡμετέρου
1697 2492 1911 2563 δόγμα-

313 2608 407 2653 τος
424 2586 993 2660 προσδιορθωθέντων.
1013 2586 1229 2656 Ἐπειδὴ
1250 2586 1358 2657 γὰρ
1372 2585 1653 2655 κριτήριον
1670 2584 1910 2653 ἀσφαλὲς

313 2683 417 2752 τῆς
459 2680 725 2751 ἀληθείας
769 2679 861 2731 ἐπὶ
910 2678 1109 2741 παντὸς
1156 2678 1425 2747 δόγματος
1475 2678 1508 2748 ἡ
1554 2676 1909 2740 θεόπνευστός

317 2777 431 2829 ἐστι
470 2769 771 2842 μαρτδρία,
826 2768 1009 2832 καλῶς
1052 2768 1195 2838 ἔχειν
1232 2761 1472 2839 ἡγοῦμαι
1508 2769 1573 2839 τῇ
1611 2766 1909 2840 παραθέσει

316 2865 424 2917 τῶν
452 2862 639 2928 θείων,
666 2862 758 2914 καὶ
784 2861 876 2915 τὸν
908 2859 1175 2932 ἡμέτερον
1206 2859 1363 2927 λόγον
1398 2857 1797 2912 πιστώσασθαι.

387 3139 603 3195 Οὐκοῦν
621 3137 827 3202 ταύτας
857 3137 1102 3208 ἔγνωμεν
1124 3137 1181 3189 ὲν
1211 3137 1277 3207 τῇ
1304 3136 1567 3208 διαιρέσει
1598 3135 1706 3189 τῶν
1732 3136 1903 3191 ὄντων

317 3235 417 3297 τὰς
440 3232 729 3304 διαφοράς.
756 3220 978 3301 Πρῶτον
1006 3228 1067 3282 τὸ
1099 3228 1174 3292 ὡς
1208 3228 1345 3299 πρὸς
1370 3229 1468 3299 τὴν
1495 3228 1769 3299 ἡμετέραν
1806 3247 1906 3283 κα-

317 3324 576 3395 ταληψιψ
592 3322 829 3393 πρῶτον,
847 3321 910 3374 τὸ
933 3319 1184 3390 αίσθητδν
1210 3319 1349 3387 λέγω
1367 3337 1379 3350 ·
1411 3321 1550 3390 μετά
1572 3318 1728 3373 τοῦτο
1748 3319 1824 3384 δὲ,
1839 3318 1901 3373 τὸ
1932 3344 1975 3403 C

316 3417 404 3471 διὰ
428 3416 531 3485 τῆς
552 3413 663 3466 τῶν
683 3410 954 3482 αἰσθητῶν
987 3410 1354 3483 χειραγωγίας
1381 3410 1485 3464 ὑπὸ
1516 3410 1611 3464 τοῦ
1637 3409 1731 3465 νοῦ
1770 3411 1906 3466 θεω.

322 3507 415 3578 poti
423 3524 608 3578 μενον,
622 3506 727 3578 ὃδὴ
753 3504 942 3576 νοητὸν
963 3499 1102 3557 εἶναι
1120 3503 1300 3573 φαμέν
1316 3519 1330 3533 ⁸
1352 3503 1459 3556 «καὶ
1477 3503 1570 3556 τοῦ
1595 3502 1786 3575 νοητοῦ
1805 3504 1911 3559 πά-

319 3599 401 3650 λιν
424 3597 622 3669 ἑτέραν
640 3596 902 3667 διαφορὰν
928 3594 1321 3665 κατελάϐομεν,
1374 3596 1454 3658 είς
1484 3593 1545 3647 τὸ
1575 3595 1791 3648 κτιοτὸν
1812 3596 1908 3649 καὶ

320 3690 576 3744 ἄκτιστον
602 3688 1008 3759 διαιρουμένην.
1040 3685 1145 3739 Καὶ
1158 3687 1259 3757 τῆς
1282 3686 1379 3756 μὲν
1405 3687 1661 3739 ἅκτίστου
1692 3686 1908 3757 φύσεως

320 3786 419 3855 τὴν
438 3783 603 3851 ἁγίαν
635 3780 843 3851 Τριάδα
876 3775 1014 3834 εἶναι
1040 3776 1409 3849 διωρισάμεθα
1432 3793 1447 3809 ο
1478 3778 1575 3848 τῆς
1596 3777 1653 3830 δὲ
1686 3779 1908 3850 κτιστῆς

323 3878 498 3929 πάντα
526 3876 631 3927 ὅσα
671 3872 786 3942 μετ’
814 3871 1034 3942 ἐκείνην
1061 3871 1276 3939 λέγεταί
1301 3887 1361 3924 τε
1405 3872 1498 3924 καὶ
1527 3870 1641 3924 ἐστι
1666 3872 1761 3923 καὶ
1788 3872 1907 3925 ὀνο-

325 3968 576 4038 μάζεται.
649 3967 764 4018 Ἵνα
812 3964 989 4018 τοίνυν
1025 3963 1099 4034 μὴ
1138 3963 1524 4025 ἀναπόδεικτος
1555 3962 1712 4033 ἡμῶν
1755 3965 1784 4016 6
1830 3962 1907 4015 δι-

321 4059 547 4130 ορισμὸς
583 4057 826 4128 ὑπάρχῃ,
858 4056 989 4110 ἀλλὰ
1029 4059 1146 4119 ταῖς
1185 4056 1284 4127 τῆς
1317 4055 1539 4126 Γραφῆς
1582 4054 1908 4127 μαρτυρίαις

320 4151 745 4221 ἠσφαλισμένας,
790 4148 945 4201 τοῦτο
988 4150 1099 4211 τοῖς
1138 4147 1447 4217 είρημένοις
1493 4147 1904 4217 προσθήσομενο

318 4247 400 4298 δτι
437 4245 543 4297 οὐκ
590 4241 815 4312 ἐκτίσθη
860 4244 888 4295 6
922 4240 1143 4309 Κύριος,
1176 4239 1289 4292 ἀλλ’
1328 4240 1393 4293 ὲκ
1440 4238 1533 4292 τοῦ
1566 4240 1776 4309 [ἰατρὸς
1821 4239 1909 4304 ὲξο

320 4336 447 4408 ἦλθε
472 4354 487 4367 ·
534 4334 717 4397 καθὼς
746 4336 775 4388 6
799 4333 930 4393 Θεὸς
951 4332 1122 4401 Λόγος
1145 4331 1587 4401 αὑτοπροσώπως
1614 4334 1672 4385 ὲν
1713 4332 1788 4403 τῷ
1806 4333 1910 4385 E6-

322 4428 564 4497 αγγελίῳ
624 4413 976 4497 μαρτύρεται,
1009 4424 1149 4478 κατά
1181 4424 1271 4478 τὸν
1296 4425 1531 4497 ἄρρητον
1576 4426 1781 4478 ἐκεῖνον
1814 4425 1906 4477 καὶ

320 4517 716 4587 ἀνεκδιήγητον
738 4515 839 4583 τῆς
866 4516 1191 4585 γεννήσεως,
1215 4514 1332 4585 ῆτοι
1350 4514 1451 4583 τῆς
1470 4513 1646 4578 ἐξόδου
1685 4515 1907 4585 τρόπον.

318 4610 428 4664 Καὶ
471 4611 560 4671 τίς
598 4607 664 4661 ἂν
701 4606 949 4677 εὑρεθείη
998 4607 1210 4677 μάρτυς
1260 4604 1620 4675 ἀληθέστερος
1666 4605 1767 4674 τῆς
1810 4605 1905 4660 τοῦ

2086 658 2215 715 Ilaec
2270 660 2439 731 igitur
2489 663 2581 718 illa
2628 674 2759 720 sunt
2809 665 3163 736 blasphemiae
3192 680 3248 725 et
3299 671 3603 741 impietatis

2015 753 2215 822 capita,
2255 769 2377 823 quae
2404 770 2469 810 ex
2499 756 2748 811 doctrina
2782 757 2904 823 hac,
2934 758 3002 814 de
3032 759 3405 831 inmqualitate
3439 766 3598 820 boni-

2017 840 2170 905 tatis,
2206 850 2373 912 caput
2426 844 2580 912 quasi
2607 846 2894 905 extollunt.
2925 845 3081 913 Quod
3116 850 3163 905 si
3196 851 3373 920 majus
3403 860 3456 907 et
3487 856 3597 909 mi-

2018 949 2143 998 nus,
2192 950 2458 1005 corporeo
2492 938 2724 1006 quodam
2755 938 2935 1004 modo,
2986 939 3166 996 inesse
3202 941 3312 997 Deo
3343 945 3600 1002 conside-

2014 1036 2159 1088 rant.
2211 1029 2347 1084 satis
2387 1045 2484 1098 per
2513 1046 2574 1086 se
2607 1046 2762 1087 suam
2799 1033 2997 1103 suique
3030 1034 3306 1106 dogmatis
3340 1040 3600 1095 absurdi-

2015 1124 2181 1172 tatem
2212 1120 2472 1187 produnt,
2503 1122 2663 1177 etiam
2694 1123 2813 1179 sine
2836 1128 3184 1182 accuratiore
3208 1129 3601 1199 disquisitione

2013 1220 2068 1265 et
2120 1212 2451 1271 refutatione
2491 1233 2502 1267 :
2552 1216 2922 1273 necessarium
2968 1219 3111 1273 enim
3171 1231 3254 1275 est
3302 1224 3598 1290 qualitates

2015 1302 2304 1368 quasdam,
2363 1303 2675 1370 distantias,
2726 1307 3008 1378 molesque
3052 1319 3106 1364 et
3153 1313 3375 1382 figuras,
3429 1323 3485 1370 et
3540 1316 3591 1368 id

2014 1409 2186 1463 genus
2230 1395 2358 1457 alia,
2393 1397 2595 1466 quibus
2642 1399 2895 1468 corporis
2939 1403 3078 1456 ratio
3104 1405 3438 1465 continetur.
3474 1424 3592 1473 eos,

2016 1487 2107 1556 qui
2143 1487 2254 1541 haec
2284 1489 2388 1543 sibi
2432 1489 2825 1559 imaginantur,
2874 1493 3036 1546 etiam
3083 1495 3135 1548 in
3181 1506 3376 1550 natura
3409 1498 3591 1553 divina

2014 1579 2372 1635 constituere.
2408 1581 2474 1633 At
2503 1582 2591 1637 tibi
2625 1584 2887 1639 statuitur
2918 1586 3272 1654 compositio,
3324 1588 3396 1642 ibi
3422 1590 3594 1643 etiam

2014 1669 2365 1724 concedenda
2400 1680 2484 1725 est
2522 1672 2770 1742 ejusdem
2819 1676 3239 1744 compositionis
3277 1677 3592 1737 dissolutio.

2015 1756 2215 1813 Verum
2242 1775 2308 1814 ex
2337 1761 2680 1816 absurditate
2726 1763 3018 1833 dogmatis,
3052 1767 3197 1835 quod
3227 1767 3279 1820 in
3314 1770 3595 1838 magnitu-

2013 1849 2181 1917 dinis,
2212 1852 2500 1922 omnisque
2530 1854 2900 1908 concretionis
2928 1858 3246 1925 expertibus
3273 1859 3437 1915 rebus
3475 1876 3595 1917 ma-

2012 1944 2096 2017 gis
2120 1953 2174 1999 et
2214 1943 2394 1998 minus
2440 1945 2700 2013 admittit,
2745 1946 2858 2001 htec
2890 1957 2960 2005 .ct
2994 1949 3123 2002 talia
3153 1960 3613 2021 consequuntur;

2013 2051 2077 2090 ex
2110 2035 2308 2106 quibus
2337 2037 2525 2091 multis
2556 2051 2733 2106 pauca
2767 2037 3033 2095 hactenus
3071 2039 3589 2098 demonstravimus.

2012 2125 2198 2197 Neque
2224 2128 2369 2183 enim
2399 2128 2557 2183 facile
2588 2127 2752 2183 fuerit
2777 2145 2968 2185 omnes
2998 2129 3222 2187 fraudes
3246 2143 3300 2187 et
3333 2132 3594 2202 impostu-

2012 2234 2121 2277 ras.
2152 2234 2273 2289 qum
2305 2219 2405 2272 hac
2436 2218 2687 2273 doctrina
2722 2221 2990 2285 velantur,
3023 2223 3274 2278 oratione
3307 2225 3588 2294 persequi.

2012 2306 2377 2364 Nihilominus
2407 2318 2586 2362 tamen
2635 2324 2701 2365 ex
2734 2308 2818 2363 his
2849 2309 3043 2379 paucis
3075 2310 3211 2366 satis
3242 2312 3409 2366 etiam
3438 2319 3595 2382 pales

2012 2407 2125 2453 seet
2165 2398 2477 2453 absurditas
2528 2398 2782 2461 aliorum,
2841 2415 2963 2469 qua:
3009 2417 3076 2456 ex
3124 2402 3227 2457 hac
3278 2403 3589 2473 impietate,

2013 2490 2159 2546 serie
2189 2490 2455 2561 quadam,
2481 2498 2725 2555 manant,
2755 2498 2809 2545 et
2833 2507 2863 2545 a
2889 2493 3087 2562 quovis
3105 2492 3301 2549 deduci
3332 2504 3591 2565 possunt.

2009 2580 2123 2636 Nos
2148 2597 2277 2637 vero
2322 2581 2388 2635 ad
2423 2583 2633 2652 reliqua
2665 2583 2934 2639 orationis
2969 2586 3333 2651 examinanda
3362 2589 3593 2643 acceda-

2010 2688 2154 2737 mus,
2184 2673 2272 2728 ubi
2310 2676 2462 2744 prius
2497 2674 2725 2744 paucula
2751 2675 2999 2745 quadam
3027 2675 3095 2730 de
3125 2686 3314 2732 nostro
3336 2678 3592 2749 dogmate

2012 2766 2378 2821 attulerimus.
2425 2766 2563 2820 Cum
2614 2767 2758 2827 enim
2799 2767 2855 2821 in
2890 2767 3036 2821 omni
3080 2766 3336 2838 dogmate
3389 2773 3594 2839 optima

2005 2856 2287 2926 judicandi
2344 2857 2487 2912 ratio
2528 2858 2600 2913 sit
2648 2857 2915 2913 dit-initus
2969 2858 3234 2930 inspirata
3288 2859 3595 2931 Scriptura,

2010 2964 2192 3019 operae
2240 2950 2474 3020 pretium
2510 2951 2790 3014 existimo,
2824 2951 3132 3006 divinorum
3160 2954 3594 3011 testimoniorum

2011 3040 2371 3097 ﬁrmamentis
2400 3042 2707 3098 doctrinam
2746 3054 2988 3099 nostram
3019 3045 3405 3099 corroborare.

2084 3130 2196 3188 Has
2244 3133 2411 3203 igitur
2456 3134 2510 3188 in
2556 3133 2828 3190 divisione
2872 3150 3054 3189 rerum
3114 3136 3296 3192 inesse
3344 3138 3595 3193 novimus

2009 3222 2369 3279 differentias.
2402 3223 2585 3279 Prima
2612 3226 2915 3281 secundum
2947 3236 3196 3281 nostrum
3230 3230 3448 3299 quidem
3480 3246 3597 3300 per-

2009 3314 2245 3385 cipiendi
2283 3315 2526 3381 modum,
2558 3324 2643 3372 cst
2678 3333 2766 3373 res
2789 3318 3098 3383 sensibilis;
3158 3328 3283 3390 post
3321 3321 3464 3385 hanc
3498 3321 3595 3377 illa

2011 3408 2078 3463 ad
2111 3408 2271 3480 cujus
2322 3408 2764 3480 intelligentiam,
2818 3426 2915 3480 per
2949 3411 3091 3467 hanc
3129 3415 3288 3483 quasi
3325 3415 3598 3473 ineundu-

2009 3500 2208 3565 cimur,
2239 3516 2363 3571 quae
2398 3509 2580 3556 mente
2607 3509 2662 3556 et
2694 3502 3023 3574 cogitatione
3046 3505 3370 3574 percipitur,
3398 3523 3596 3578 quam-

2008 3607 2115 3663 que
2135 3593 2501 3648 intellectilem
2535 3594 2904 3653 nominamus.
2930 3593 3146 3652 Rursus
3180 3598 3586 3654 intellectilium

2010 3684 2171 3738 aliam
2206 3684 2496 3754 quamdam
2529 3684 2888 3741 differentiam
2918 3687 3266 3757 assignamus
3300 3690 3596 3757 (dividitur

2008 3773 2153 3828 enim
2209 3773 2264 3826 in
2314 3788 2427 3827 rem
2483 3781 2722 3830 creatam
2783 3783 2837 3830 et
2888 3776 3214 3840 increatam,
3277 3787 3329 3833 et
3378 3782 3432 3834 in
3491 3782 3596 3838 hac

2010 3866 2413 3921 sanctissimam
2443 3864 2766 3921 Trinitatem
2802 3883 3195 3924 numeramus:
3228 3871 3430 3926 creatis
3464 3889 3593 3928 vero

2008 3959 2174 4034 rebus
2209 3966 2404 4013 caetera
2439 3961 2623 4014 omnia
2663 3959 3000 4029 deputantur
3026 3999 3041 4022 ,
3090 3976 3428 4031 qmecunque
3469 3972 3593 4034 post

2012 4033 2159 4105 illa°m
2181 4060 2234 4105 et
2258 4058 2385 4105 sunt
2406 4058 2461 4106 et
2494 4050 2903 4121 nominantur).
2942 4051 3019 4106 Ne
3040 4068 3169 4109 vero
3200 4061 3390 4109 nostra
3411 4033 3591 4110 asser-

2010 4144 2086 4197 tio
2120 4143 2326 4212 absque
2358 4143 2681 4213 probatione
2712 4151 2947 4209 maneat,
2984 4144 3079 4198 sed
3114 4144 3415 4216 Scriptum
3445 4148 3594 4203 testi-

2010 4234 2210 4299 moniis
2233 4234 2440 4287 ﬁrmata
2471 4233 2746 4303 persistat,
2777 4233 2879 4288 hoc
2906 4236 3186 4305 praedictis
3217 4236 3587 4307 adjiciendum

2008 4325 2259 4383 videtur:
2296 4326 2557 4380 nimirum
2590 4322 2880 4381 Dominum
2912 4342 3020 4381 non
3049 4343 3171 4384 esse
3196 4336 3465 4397 creatum,
3492 4330 3589 4387 sed

2009 4436 2075 4477 ex
2103 4418 2262 4475 Patre
2290 4419 2662 4489 progenitum,
2692 4419 2836 4474 sicut
2864 4419 3045 4490 ipsum
3074 4421 3306 4477 Verbum
3341 4422 3589 4477 divinum

2010 4520 2205 4582 suapte
2254 4511 2639 4568 testificatione
2684 4512 2743 4576 in
2789 4514 3080 4584 Evangelio
3112 4516 3372 4583 ostendit,
3427 4516 3590 4571 modo

2013 4604 2383 4676 generationis
2413 4612 2469 4659 et
2493 4604 2866 4673 processionis
2899 4606 3272 4675 inexplicabili
3323 4616 3377 4661 et
3407 4608 3591 4665 inetia-

318 4701 529 4774 Κυρίου
556 4699 741 4769 φωνῆς
776 4697 864 4751 διά
895 4698 1098 4761 παντὸς
1146 4689 1243 4745 τοῦ
1300 4691 1632 4763 Εὐαγγελίου
1658 4733 1674 4760 ,
1718 4697 1904 4752 Πατέ-

2012 4696 2142 4750 bili:
2173 4702 2229 4752 et
2259 4693 2383 4766 quis
2418 4694 2524 4750 llde
2549 4694 2769 4764 dignior
2795 4696 2953 4753 testis
2985 4697 3211 4766 reperiri
3242 4704 3405 4765 queat
3471 4698 3590 4768 ipso

311 4793 512 4861 ραδιαὶ
529 4791 652 4859 οὐχὶ
681 4788 934 4861 κτίστην
962 4787 1155 4841 ἑαυτοῦ
1175 4786 1267 4841 τὸν
1290 4786 1540 4857 ἀληθινὸν
1566 4787 1900 4841 ἀποκαλοῦν-

316 4898 406 4943 τας
439 4880 663 4949 Πατέρα
687 4899 701 4910 ο
737 4880 830 4932 καὶ
863 4879 985 4949 οὐχὶ
1042 4880 1225 4946 ἔργον
1252 4876 1410 4943 Θεοῦ,
1446 4876 1561 4930 ἀλλ’
1597 4877 1735 4931 Hor
1760 4877 1899 4932 Θεοῦ

321 4973 510 5025 ἑαυτόν
524 4968 914 5040 ὀνομάζοντος
934 4970 1146 5040 Ὥσπερ
1159 4968 1269 5040 γὰρ
1286 4968 1385 5040 τὴν
1405 4968 1546 5022 κατά
1564 4969 1743 5040 σάρκα
1763 4969 1907 5041 πρὸς

319 5062 377 5114 τὸ
397 5061 739 5132 ἀνθρώπινον
760 5059 1046 5114 κοινωνίαν
1069 5058 1371 5129 σημαίνων,
1422 5061 1560 5114 Υίὸν
1587 5059 1900 5129 ἀνθρώπου

320 5152 377 5205 τὸ
402 5154 727 5222 φαινόμενον
764 5153 1161 5228 προσηγόρευε,
1192 5151 1406 5214 δεικνὺς
1435 5151 1536 5221 τὴν
1569 5150 1711 5204 κατὰ
1743 5149 1905 5219 φύσιν

321 5245 414 5315 τῆς
442 5244 648 5314 σαρκὸς
673 5244 836 5298 αὐτοῦ
862 5244 998 5316 πρὸς
1025 5244 1124 5313 τὴν
1147 5243 1208 5308 ἐξ
1229 5238 1297 5317 ἦς
1323 5244 1533 5315 ἐλήφθη
1557 5244 1913 5314 συγγένειαν*

323 5337 461 5392 οὕτω
511 5336 610 5390 καὶ
638 5336 739 5405 τὴν
769 5337 905 5408 πρὸς
937 5336 1031 5390 τὸν
1064 5334 1173 5389 τῶν
1210 5336 1348 5391 ὅλων
1383 5336 1515 5389 θεὸν
1555 5335 1731 5407 ἀληθῆ
1756 5377 1770 5402 ,
1806 5338 1901 5392 καὶ

322 5428 550 5499 γνησίαν
583 5428 764 5498 σχέσιν
790 5432 857 5499 τῇ
882 5428 1224 5500 προσηγορίᾳ
1249 5427 1345 5482 τοῦ
1370 5427 1502 5481 Υἱοῦ
1527 5428 1900 5499 διασημαίνει,

327 5517 383 5570 τὸ
420 5515 566 5571 κατά
596 5516 698 5586 τὴν
723 5516 884 5586 φύσιν
922 5519 1123 5571 οἰκεῖον
1160 5517 1249 5572 διὰ
1282 5518 1379 5589 τῆς
1422 5516 1517 5571 τοῦ
1554 5517 1686 5572 Υίοῦ
1714 5518 1900 5589 φωνῆς

323 5607 749 5677 ἐνδεικνύμενος,
781 5608 881 5663 κάν
902 5625 1042 5674 τινες
1064 5610 1128 5663 ὲκ
1144 5609 1242 5679 τῆς
1267 5606 1669 5682 παροιμιώδους
1690 5610 1900 5681 ρήσεως

330 5698 394 5751 τὰ
419 5699 479 5750 ιν
511 5696 799 5769 παραϐολῇ
827 5697 1115 5764 σκοτεινῶς
1160 5698 1226 5753 δι’
1259 5699 1580 5772 αἰνίγματος
1611 5696 1897 5769 εἰρημένα,

2014 4787 2264 4855 Domino,
2290 4786 2385 4858 qui
2423 4787 2480 4841 in
2520 4793 2637 4841 toto
2677 4785 2990 4857 Evangelio,
3025 4786 3243 4844 Patrem
3282 4805 3391 4851 non
3426 4805 3587 4845 suum

2012 4891 2326 4943 creatorem,
2377 4881 2471 4934 sed
2519 4879 2742 4934 Patrem
2788 4881 3057 4946 nominat,
3116 4897 3294 4952 neque
3346 4882 3587 4951 seipsum

2012 4988 2163 5042 opus,
2192 4970 2287 5026 sed
2309 4968 2511 5024 Filium
2528 4969 2623 5025 Dei
2647 4970 2920 5039 appellat?
2941 4970 3412 5037 Quemadmodum
3437 4972 3583 5026 enim

2009 5064 2452 5120 communionem
2504 5071 2559 5117 et
2605 5063 3045 5118 convenientiam
3098 5056 3223 5118 cum
3265 5074 3457 5125 natura
3484 5064 3586 5117 hu-

2003 5172 2163 5213 mana
2194 5154 2328 5213 Filii
2358 5155 2589 5209 hominis
2627 5155 2992 5224 appellatione
3016 5154 3365 5224 significavit,
3395 5162 3585 5210 osten-

2001 5246 2137 5302 dens
2162 5262 2317 5305 suam
2346 5247 2724 5316 cognationem
2747 5244 3049 5300 secundum
3071 5259 3290 5301 carnem
3318 5260 3443 5299 cum
3466 5246 3583 5310 illa,

2001 5355 2066 5396 ex
2093 5354 2199 5408 qua
2233 5353 2453 5395 carnem
2499 5346 2912 5408 assumpserat:
2963 5337 3044 5392 sic
3076 5353 3232 5395 suam
3262 5353 3479 5408 quoque
3513 5340 3583 5395 ad

2002 5426 2382 5482 universorum
2405 5424 2573 5480 Deum
2598 5441 2782 5480 veram
2809 5433 2864 5479 et
2885 5426 3177 5496 genuinam
3203 5427 3582 5484 habitudinem

2000 5516 2124 5574 Filii
2160 5517 2522 5589 appellatione
2574 5517 2951 5581 demonstrat:
3000 5530 3211 5575 naturae
3256 5521 3583 5591 cognatione

1990 5624 2086 5681 per
2100 5608 2219 5664 Filii
2238 5608 2556 5663 vocabulum
2589 5615 2832 5674 ostensa,
2856 5610 2981 5664 licet
3005 5610 3226 5681 quidam
3247 5628 3313 5667 ex
3349 5624 3580 5682 [πονοι-ο

1993 5699 2122 5761 biali
2153 5714 2402 5758 sermone
2435 5715 2496 5757 ea
2522 5714 2642 5772 quae
2671 5715 2765 5772 per
2791 5700 3109 5774 paraboiam
3139 5709 3198 5759 ct
3223 5702 3453 5775 aanigma
3476 5696 3577 5753 ob-
