4008 6210
472 300 579 357 845

1728 303 1784 359 S.
1826 298 2153 368 GREGOﬂll
2172 296 2469 358 NYSSEM

3625 294 3718 351 εει

474 428 643 471 scure
679 413 820 471 dicta
867 425 1015 481 sunt,
1060 417 1205 473 unde
1230 426 1285 475 et
1314 419 1435 476 sine
1469 420 1852 492 explicatione,
1910 420 2048 474 veri-

2154 413 2282 484 ψιλά
2338 416 2432 470 καὶ
2457 414 2835 487 ἀνερμήνευτα
2858 411 2995 485 πρὸς
3025 411 3340 483 ἀνατροπὴν
3361 410 3461 480 τῆς
3475 406 3731 481 ἀληθείας

476 505 608 562 tatis
640 506 949 565 evertenda:
976 508 1172 579 gratia,
1209 510 1508 580 proferant,
1544 527 1754 578 vocem,
1801 513 2048 583 inquam,

468 599 687 660 creavit,
715 612 878 667 quam
911 614 976 654 ex
1017 616 1249 671 persona
1306 601 1597 672 Sapientiae
1629 602 2051 658 l’roverbiorum

469 697 665 743 auctor
693 689 944 759 protulit.
985 687 1199 754 Quodsi
1215 685 1846 743 illudzbominuscreavit
1862 702 1942 740 me
1978 695 2046 761 ιτ,

468 794 572 850 pro
616 783 700 837 sui
740 781 1013 852 dogmatis
1045 784 1375 853 patrocinio,
1423 785 1596 841 velint
1625 802 1750 844 esse
1788 795 2050 859 tanquam

470 873 870 939 testimonium,
908 874 1055 944 quod
1086 874 1353 933 Dominus
1377 886 1597 934 creatus
1620 879 1711 943 sit,
1744 881 1901 951 quasi
1933 880 2052 951 ipse

471 964 802 1035 Unigenitus
843 966 946 1021 hac
993 982 1128 1023 voce
1163 968 1308 1024 istud
1348 970 1572 1025 minime
1616 979 1793 1041 neget,
1844 986 2050 1042 nequa-

466 1071 634 1126 quam
663 1056 921 1113 audiendi
948 1066 1097 1114 sunt.
1116 1058 1303 1128 Neque
1330 1061 1475 1116 enim
1505 1061 1788 1117 evidenter
1817 1063 2051 1132 probant

467 1146 583 1200 haec
616 1147 781 1202 verba
809 1149 1036 1203 omnino
1066 1150 1135 1205 ad
1164 1149 1454 1206 Dominum
1485 1160 1736 1207 nostrum
1765 1153 2049 1208 referenda

412 1306 418 1321 ι
464 1254 632 1306 esse;
687 1254 868 1309 neque
921 1241 1085 1295 etiam
1126 1250 1359 1312 possunt
1409 1257 1631 1297 sensum
1681 1245 1828 1299 hunc
1866 1245 2051 1300 verbis

466 1337 658 1400 aptare
690 1345 756 1385 ex
797 1329 1066 1387 Hebraico
1095 1348 1370 1400 sermone,
1403 1349 1528 1389 cum
1555 1336 1749 1406 reliqui
1785 1338 2050 1407 interpre-

467 1432 550 1477 tes
579 1422 702 1478 loco
730 1424 880 1480 verbi
913 1426 1129 1491 creavit,
1173 1426 1515 1483 reddiderint
1537 1430 1762 1484 verbum
1794 1430 2047 1498 possedit,

466 1513 554 1568 vel
595 1515 911 1579 constituit;
974 1531 1152 1586 neque
1187 1524 1371 1573 tamen
1406 1518 1449 1572 si
1482 1518 1537 1573 in
1591 1519 1913 1590 primigenia
1959 1521 2049 1574 ilia

469 1606 754 1677 Scriptura
784 1607 950 1663 dictio
981 1608 1096 1664 haec
1118 1624 1376 1680 expresse
1404 1609 1601 1666 fuisset
1628 1612 1828 1681 posita,
1855 1613 2050 1682 planus

466 1698 602 1754 satis
648 1706 703 1754 et
738 1698 913 1755 facilis
962 1715 1160 1756 sensus
1189 1702 1515 1767 exstitisset,
1566 1720 1690 1758 cum
1736 1706 2047 1776 paraboliea

465 1790 714 1846 doctrina
744 1792 917 1849 soleat
942 1807 1057 1848 non
1085 1795 1392 1863 manifeste,
1423 1797 1518 1853 sed
1543 1799 1777 1872 occulte,
1808 1808 1865 1854 et
1890 1802 2045 1871 quasi

466 1883 574 1939 sub
611 1886 904 1948 velamine,
960 1895 1015 1940 ct
1057 1888 1279 1957 obliqua
1328 1890 1720 1958 insinuatione,
1774 1892 2046 1949 dictorum

464 1992 694 2048 scepum
732 1980 952 2048 vimque
999 1985 1055 2034 et
1104 1984 1384 2039 notionem
1416 1986 1729 2041 ostendere.
1765 1986 1952 2058 Itaque
1983 2005 2046 2042 ev

463 2069 586 2136 ipso
614 2069 927 2135 verborum,
961 2085 1083 2139 quae
1119 2070 1222 2126 hoc
1255 2073 1376 2128 loco
1428 2083 1729 2144 ponuntur,
1767 2085 2047 2144 contextu,

464 2157 646 2217 cuivis
670 2162 722 2215 in
748 2172 999 2234 promptu
1025 2166 1398 2222 estoratiouis
1418 2166 1796 2222 difficultatem
1820 2185 2051 2240 cognos-

464 2265 612 2306 cere.
642 2251 711 2307 Ut
737 2267 860 2308 cum
879 2255 1034 2321 dicit,
1066 2257 1287 2327 quando
1311 2257 1599 2312 Constituit
1625 2259 1870 2313 thronum
1894 2276 2047 2314 suum

461 2358 622 2412 super
649 2352 847 2408 ventos,
886 2358 943 2403 et
976 2348 1031 2403 id
1071 2363 1244 2419 genus
1284 2348 1425 2415 alia;
1472 2349 1599 2420 quis
1641 2352 1785 2406 enim
1814 2351 2047 2408 thronus

463 2430 587 2498 Dei,
616 2433 731 2489 sive
759 2437 1083 2503 materialis,
1116 2438 1230 2494 sive
1258 2439 1631 2497 intelleelilis?
1671 2450 1726 2496 et
1755 2442 1849 2512 qui
1882 2445 2044 2509 venti,

463 2531 651 2579 utrum
686 2527 938 2585 consueti
967 2530 1059 2586 isti
1098 2530 1364 2602 nobisque
1391 2531 1530 2599 uoti,
1562 2547 1704 2603 quos
1731 2532 2046 2606 philosophi

463 2630 530 2670 ex
554 2616 998 2677 exhalationibus
1040 2629 1096 2678 et
1141 2622 1442 2691 vaporibus
1475 2623 1630 2679 nasci
1676 2624 1925 2689 tradunt,
1977 2641 2045 2681 an

464 2708 691 2767 alterius
720 2713 1006 2783 cujusdam
1038 2714 1274 2770 rationis
1315 2722 1444 2770 sunt
1483 2715 1558 2768 illi
1589 2716 1760 2781 venti,
1805 2733 1945 2787 quos
1973 2719 2049 2773 ait

463 2803 660 2859 baseos
684 2814 738 2859 et
787 2804 945 2862 fulcri
976 2806 1150 2861 vicem
1205 2807 1403 2863 throno
1454 2809 1757 2877 praestare?
1808 2808 1873 2863 Et
1924 2826 2045 2881 qua:

462 2894 732 2950 cathedra
783 2896 1091 2966 incorporei
1139 2907 1194 2953 et
1242 2898 1713 2969 incircumscripti
1765 2901 2047 2973 ﬁguraque

463 2985 706 3040 carentis
734 2984 873 3040 Dei?
911 2985 1038 3040 Haec
1080 2994 1135 3041 et
1171 2986 1374 3042 similia
1412 2996 1621 3043 cuneta
1660 2990 1786 3060 quis
1816 3006 1883 3046 et
1912 3008 2045 3047 con-

466 3082 621 3129 sueta
661 3074 1050 3130 vocabulorum
1076 3076 1476 3148 significatione
1506 3079 1765 3151 intelligat
1788 3082 1825 3134 ?‘

534 3350 761 3407 Clarum
816 3352 984 3423 igitur
1027 3356 1229 3422 evadit,
1293 3361 1408 3413 haec
1455 3373 1575 3427 quae
1621 3358 1746 3414 istic
1786 3361 2047 3417 dicuntur

463 3444 756 3515 aenigmata
801 3444 1132 3515 aliquorum,
1153 3456 1207 3502 et
1233 3448 1453 3518 quidem
1479 3450 1732 3517 obscura,
1760 3452 2045 3510 involucra

465 3534 624 3599 esSe;
660 3532 1057 3589 abstrusiorem
1089 3536 1406 3605 quamdam,
1440 3553 1606 3607 quam
1633 3542 1704 3595 sit
1735 3547 2045 3602 communis

464 3632 519 3676 et
568 3622 730 3685 trita,
764 3622 1176 3694 intelligentiam
1236 3628 1676 3697 complementia.
1739 3632 1929 3704 itaque
1979 3651 2047 3690 ex

464 3715 553 3771 his
591 3717 742 3774 nulla
784 3718 999 3774 ratione
1037 3719 1168 3773 oriri
1222 3727 1402 3790 potest
1435 3723 1698 3791 suspicio,
1753 3722 2042 3783 Dominum

466 3819 711 3865 creatum
747 3825 893 3875 esse,
944 3812 1086 3884 apud
1120 3828 1236 3878 eos,
1285 3815 1377 3884 qui
1414 3814 1528 3870 haec
1564 3816 1652 3887 pie
1694 3819 2047 3875 considerant

428 3909 520 3956 -et
558 3901 894 3972 expendunt,
935 3905 1238 3973 praesertim
1289 3906 1430 3976 apud
1463 3920 1579 3972 eos,
1624 3909 1718 3978 qui
1756 3924 1821 3963 ex
1865 3910 2045 3966 Evan-

467 3992 608 4060 gelio
640 3992 819 4049 edocti
849 4003 998 4059 sunt,
1036 3997 1221 4051 omnia
1249 4012 1371 4067 quae
1402 3990 1545 4054 facta
1578 4009 1831 4071 suut,per
1864 4003 2043 4072 ipsum

466 4085 612 4139 facta
633 4101 775 4149 esse,
799 4097 851 4142 et
875 4088 930 4142 in
952 4088 1071 4158 ipso
1092 4087 1417 4145 subsistere.
1443 4089 1637 4146 Omnia
1661 4093 1829 4161 enim,
1847 4094 2042 4165 inquit,

465 4193 558 4246 per
593 4177 768 4247 ipsum
798 4179 946 4248 facta
980 4190 1126 4246 sunt,
1178 4191 1228 4236 et
1256 4183 1369 4236 sine
1399 4183 1514 4250 ipso
1548 4183 1748 4251 factum
1780 4194 1858 4238 est
1888 4186 2043 4252 nihil,

464 4270 605 4342 quod
640 4271 842 4337 factum
867 4281 946 4327 est
976 4275 1030 4327 in
1058 4275 1173 4345 ipso
1197 4275 1266 4330 ⁸⁸.
1301 4274 1420 4331 Non
1449 4277 1637 4347 utique
1667 4276 1772 4333 hoc
1798 4277 2046 4335 dicturus

466 4364 666 4420 fuisset
698 4367 1061 4437 evangelista,
1106 4369 1152 4423 si
1188 4369 1475 4424 Dominum
1507 4385 1726 4440 quoque
1759 4387 1929 4425 unum
1978 4386 2046 4427 ex

466 4454 558 4511 his
574 4470 697 4526 quae
728 4455 871 4512 facta
900 4465 1048 4522 sunt,
1076 4473 1199 4514 esse
1222 4458 1569 4515 credidisset.
1595 4459 2045 4526 Quomodo-enim
2081 4466 2125 4520 D

468 4560 568 4615 per
597 4545 750 4601 illum
793 4547 977 4603 omnia
1028 4548 1183 4613 fiunt,
1218 4556 1273 4602 et
1306 4548 1581 4618 quomodo
1627 4550 1812 4604 omnia
1854 4550 1910 4604 in
1953 4551 2047 4605 illo

469 4636 803 4701 subsistunt,
837 4637 886 4693 si
917 4637 985 4706 is,
1004 4639 1287 4708 quiomuia
1301 4637 1564 4703 fecit,non
1578 4640 1794 4696 diversa
1826 4642 2042 4711 penitus

470 4745 503 4785 ι
539 4730 707 4787 rebus
742 4728 904 4786 factis
941 4738 1138 4785 natura
1171 4738 1451 4795 constans,
1498 4747 1607 4787 non
1651 4731 1909 4802 seipsum,
1948 4736 2042 4791 sed

469 4827 781 4878 creaturam
827 4820 996 4877 fecit?
1024 4821 1084 4876 Si
1127 4822 1271 4877 enim
1303 4830 1555 4878 creatura
1590 4838 1689 4894 per
1731 4825 1908 4895 ipsum
1937 4834 2045 4890 est,

471 4915 591 4984 ipse
613 4928 745 4970 vero
777 4911 1042 4970 Dominus
1071 4928 1181 4969 non
1224 4922 1309 4970 est
1358 4929 1456 4984 per
1488 4916 1728 4985 seipsum
1754 4934 1769 4972 :
1823 4920 2046 4973 omnino

470 5005 718 5077 sequitur
744 5003 1021 5060 diversum
1046 5006 1305 5076 quiddam
1333 5020 1362 5059 a
1387 5016 1638 5063 creatura
1682 5022 1825 5072 esse,
1875 5022 2045 5063 evan-

468 5098 664 5167 gelista
694 5097 884 5167 utique
909 5097 1088 5167 palam
1120 5096 1429 5164 affirmante
1468 5118 1481 5154 :
1518 5098 1717 5155 Omnia
1754 5115 1847 5169 per
1874 5100 2047 5169 ipsum

470 5187 615 5255 facta
637 5204 770 5253 esse,
796 5196 848 5242 et
869 5188 982 5242 sine
1002 5189 1118 5258 ipso
1139 5188 1341 5259 factum
1363 5206 1477 5245 esse
1503 5190 1658 5255 nihil,
1681 5189 1820 5261 quod
1847 5189 2048 5259 factum

469 5287 548 5333 est
576 5279 632 5332 in
660 5280 810 5347 ipso:
855 5286 911 5334 et
942 5279 1215 5349 praecipue
1248 5278 1681 5342 demonstrante,
1724 5279 1779 5333 in
1815 5276 1954 5332 Filio
1983 5293 2048 5333 ea

472 5385 596 5441 quae
632 5369 779 5426 facta
826 5380 974 5435 sunt,
1024 5370 1168 5425 facta
1207 5385 1354 5435 esse,
1417 5385 1593 5442 neque
1625 5370 1693 5424 ab
1730 5369 1838 5424 alio
1866 5376 2050 5423 ortum

474 5475 633 5515 suum
661 5470 712 5514 et
741 5461 1067 5532 principium
1095 5460 1314 5517 ducere.

545 5549 760 5617 Quibus
805 5552 1021 5622 egregie
1067 5550 1131 5607 D.
1169 5552 1372 5608 Paulus
1423 5554 1686 5620 concinit,
1745 5555 2047 5612 orationem

552 5736 601 5773 "
621 5737 778 5795 Prov.
811 5754 929 5806 vtu,
970 5739 1058 5795 22.
1137 5740 1358 5799 "Joan.
1390 5758 1430 5809 ι,
1471 5743 1523 5797 '5.

2155 507 2548 578 προφέροντες,
2586 506 2682 578 τὴν
2723 506 2818 560 τοῦ
2850 504 3121 558 ἐκτίσθαι
3145 501 3348 573 φωνὴν,
3383 502 3448 573 ἢν
3477 503 3541 555 ὲκ
3570 519 3729 574 προσο

2154 599 2305 653 ὠπου
2350 600 2449 670 τῆς
2487 600 2687 669 Σοφίας
2726 601 2755 652 ὁ
2804 594 3218 667 Παροιμιαστὴς
3267 596 3565 665 ἐποιήσατο
3591 635 3604 659 ,
3650 596 3731 657 εἰς

2158 691 2486 762 συνηγορίαν
2508 691 2608 760 τῆς
2629 690 2723 744 τοῦ
2744 689 3015 759 δόγματος
3044 687 3223 741 αὐτῶν
3250 683 3580 758 διαστροφῆς
3607 703 3726 757 προ-

2153 780 2504 852 χειρίζονται,
2538 780 2787 849 λέγοντες
2845 779 2926 846 τὸ,
2951 779 3169 846 Κύριος
3194 776 3402 831 ἕκτισέ
3416 792 3514 846 με,
3541 776 3726 846 ὁμολοο

2152 872 2279 941 γίαν
2308 868 2555 925 εἷναιτοῦ
2567 871 2810 926 ἐκτίσθαι
2828 869 2919 924 τὸν
2948 869 3175 940 Κύριον·
3207 868 3282 931 ὼς
3308 865 3474 922 αὐτοῦ
3498 866 3592 920 τοῦ
3616 868 3720 921 Μο-

2153 963 2405 1032 νογενοῦς
2427 963 2513 1017 διά
2532 963 2633 1033 τῆς
2649 963 2835 1033 φωνῆς
2856 961 3061 1032 ταύτης
3081 960 3141 1014 τὸ
3160 957 3402 1013 τοιοῦτον
3421 959 3521 1013 οὐκ
3535 959 3721 1030 ἀρνου-

2157 1055 2341 1125 μένου,
2369 1056 2502 1126 ὴμῖν
2529 1056 2590 1108 ού
2618 1055 2947 1124 προσεκτέον
2981 1052 3060 1120 τῷ
3104 1053 3269 1123 λόγῳ.
3311 1051 3446 1105 Οὐδὲ
3482 1052 3593 1125 γὰρ
3629 1051 3720 1104 τοῦ

2158 1146 2372 1210 πάντως
2398 1147 2509 1200 δεῖν
2543 1148 2623 1211 εἰς
2647 1147 2739 1200 τὸν
2769 1146 2972 1218 Κύριον
3001 1146 3223 1213 ἀνάγειν
3245 1144 3337 1197 τὸν
3369 1144 3525 1213 λόγον
3546 1144 3730 1198 τοῦτον·

2156 1237 2256 1302 τὰς
2304 1238 2605 1304 ἀποδείξεις
2635 1237 2983 1309 παρέχονται·
3013 1237 3135 1290 οὐδὲ
3161 1236 3252 1291 τοῦ
3286 1236 3451 1307 ῥητοῦ
3493 1237 3593 1309 τὴν
3619 1237 3726 1290 διά-

2154 1344 2299 1381 νοιαν
2334 1331 2399 1381 ὲκ
2426 1329 2525 1398 τῆς
2549 1328 2657 1382 τῶν
2703 1328 2969 1399 Ἐϐραίων
3005 1328 3227 1399 Γραφῆς
3257 1328 3337 1390 εἰς
3362 1326 3521 1381 τοῦτο
3548 1328 3610 1380 τὸ
3633 1346 3725 1399 ση-

2155 1415 2476 1487 μαινόμενον
2508 1419 2780 1490 φέρουσαν
2821 1417 3084 1483 ὲπιδείξαι
3114 1419 3451 1490 δυνήσονται,
3484 1420 3595 1472 τῶν
3621 1419 3725 1473 λοι-

2152 1509 2269 1560 πῶν
2306 1509 2589 1579 ἑρμηνέων
2639 1510 2701 1562 τὸ
2770 1510 3103 1578 Ἐκτήσατο
3127 1550 3142 1574 ,
3195 1511 3291 1563 καὶ
3322 1511 3723 1578 Κατέστησεν,

2152 1600 2273 1653 ἀντὶ
2308 1600 2403 1654 τοῦ
2452 1602 2757 1669 Ἔκτισεν,
2788 1601 3198 1656 ἐκδεδωκότων·
3237 1600 3365 1655 οὔτε
3389 1602 3446 1655 δὲ
3479 1605 3529 1656 εἰ
3561 1603 3726 1667 οὕτως

2153 1690 2298 1764 εἶχεν
2324 1698 2357 1765 ὴ
2392 1694 2536 1760 λέξις
2560 1697 2617 1749 ἐν
2645 1698 2709 1766 τῇ
2740 1697 3084 1768 πρωτοτύπῳ
3111 1698 3325 1768 Γραφῇ,
3357 1696 3641 1768 πρόχειρος
3662 1697 3727 1752 ἂν

2083 1782 2122 1836 Β
2150 1780 2218 1855 ἦν
2251 1788 2346 1839 καὶ
2384 1787 2562 1856 σαφὴς
2589 1789 2622 1857 ή
2665 1787 2893 1851 διάνοια,
2930 1791 3028 1859 τῆς
3068 1789 3445 1859 παροιμιακῆς
3478 1788 3726 1842 διδασκα-

2152 1877 2272 1942 λίας
2300 1879 2362 1931 οὐ
2395 1880 2708 1951 προδήλως,
2760 1880 2895 1934 ἀλλὰ
2937 1882 3055 1950 μετ’
3096 1879 3444 1951 ἐπικρύψεως
3480 1880 3570 1933 τὸν
3618 1880 3729 1934 τῶν

2153 1970 2460 2040 λεγομένων
2490 1971 2690 2025 σκοπὸν
2724 1971 3143 2046 ἐνδεικνυμένης
3166 1969 3256 2024 διά
3276 1971 3512 2039 πλαγίας
3548 1971 3726 2041 ἐμφά-

2155 2078 2310 2124 σεως,
2340 2060 2415 2123 ὡς
2446 2063 2509 2113 ὲκ
2539 2061 2639 2133 τῆς
2675 2062 2804 2133 περὶ
2822 2062 2914 2115 τὸν
2959 2060 3121 2114 τόπον
3151 2060 3339 2115 τοῦτον
3373 2061 3730 2132 συμφράσεως

2151 2151 2579 2223 τῶνείρημένων
2597 2154 2861 2225 πάρεστιν
2888 2152 3184 2221 ἐπιγνῶναι
3207 2153 3301 2206 τοῦ
3330 2152 3488 2221 λόγου
3516 2152 3577 2205 τὸ
3601 2152 3729 2206 δυσ-

2153 2244 2457 2315 θεώρητον
2501 2247 2558 2297 ὲν
2590 2239 2673 2310 οἷς
2726 2261 2922 2316 φησιν,
2951 2244 3116 2314 ἡνίκα
3154 2242 3426 2313 Ἀφώριζε
3462 2243 3568 2297 τὸν
3598 2241 3730 2298 ἑωυ-

2151 2332 2258 2387 τοῦ
2295 2336 2513 2401 θρόνον
2549 2333 2642 2386 ἐπ’
2678 2334 2932 2402 ἀνέμων,
2965 2334 3061 2387 καὶ
3092 2333 3193 2386 ὅσα
3224 2331 3469 2387 τοιαῦτα.
3503 2334 3599 2399 Τίς
3622 2333 3730 2405 γὰρ

2149 2425 2286 2478 Θεοῦ
2317 2425 2539 2494 θρόνος;
2577 2424 2686 2477 εἴτε
2735 2425 2939 2488 ὑλικὸς,
2995 2423 3105 2477 εἴτε
3158 2424 3384 2494 νοητός;
3434 2426 3544 2478 Καὶ
3584 2424 3727 2488 τίνες

2154 2512 2361 2581 ἄνεμοι
2390 2526 2405 2574 ;
2460 2510 2690 2581 πότερον
2736 2511 2785 2563 οἱ
2819 2509 3067 2580 συνήθεις
3091 2501 3239 2562 οὗτοι
3263 2549 3277 2573 ,
3309 2510 3402 2563 καὶ
3442 2508 3727 2581 γνώριμοι,

2149 2602 2242 2665 οὒς
2265 2604 2331 2655 ὲκ
2356 2601 2464 2654 τῶν
2484 2601 2672 2671 ἀτμῶν
2692 2618 2753 2654 τε
2779 2603 2873 2655 καὶ
2898 2600 3008 2654 τῶν
3036 2600 3452 2672 ἀναθυμιάσεων
3480 2601 3730 2655 συνίστα-

2152 2693 2276 2746 σθαι
2300 2693 2548 2761 λέγουσιν
2574 2693 2624 2745 οἱ
2647 2691 2820 2746 ταῦτα
2848 2691 3313 2762 φυσιολογοῦντες
3340 2693 3451 2747 εἴτε
3474 2693 3594 2746 καθ’
3614 2694 3730 2746 ἓτε-

2150 2803 2243 2856 ρον
2258 2786 2457 2857 τρόπον
2478 2785 2703 2838 ὐπονοού
2711 2802 2883 2856 μενοι,
2904 2784 2962 2838 ὃν
2978 2785 3078 2838 οὐκ
3099 2783 3449 2854 ἐπιγινώσκει
3474 2786 3507 2854 ή
3530 2784 3729 2856 όινθρω⁴

2148 2874 2277 2947 πίνη
2312 2874 2569 2943 συνήθεια
2588 2892 2602 2906 ·
2636 2874 2730 2938 οὖς
2759 2892 2922 2945 φησιν
2951 2875 3071 2928 ἀντὶ
3104 2875 3313 2945 βάσεως
3339 2874 3417 2944 τῷ
3438 2874 3610 2944 θρόνῳ
3640 2876 3727 2942 γί-

2148 2964 2371 3031 νεσθαι;
2407 2965 2517 3018 Καὶ
2550 2964 2633 3028 τίς
2668 2964 2907 3036 καθέδρα
2938 2962 3032 3017 τοῦ
3054 2964 3378 3034 ἀσωμάτου,
3413 2964 3508 3016 καὶ
3542 2964 3727 3032 ἀπερι-

2146 3056 2429 3127 γράπτου,
2473 3057 2567 3109 καὶ
2613 3057 3020 3128 ἀσχηματίστου
3068 3055 3242 3123 Θεοῦ,
3287 3057 3380 3109 καὶ
3426 3056 3602 3109 πάντα
3658 3057 3726 3110 tit

2149 3148 2372 3201 τοιαῦτα
2439 3148 2523 3212 τίς
2556 3149 2622 3203 ἂν
2646 3150 2712 3202 ὲκ
2738 3150 2839 3220 τῆς
2876 3148 3140 3219 συνήθους
3173 3148 3280 3201 τῶν
3321 3149 3579 3220 ῥημάτων
3603 3147 3729 3202 τού-

2147 3258 2256 3293 των
2288 3239 2563 3309 σημασίας
2591 3241 2946 3311 κατανοήσειε
2970 3258 2985 3305 ;

2219 3328 2387 3399 Δῆλον
2415 3325 2507 3383 οὖν
2536 3329 2618 3382 ὅτι
2647 3329 2947 3399 αἰνίγματά
2985 3328 3148 3382 τινών
3183 3331 3299 3383 ἐστι
3331 3329 3400 3383 τὰ
3431 3329 3728 3399 λεγόμενα,

2150 3419 2451 3491 βαθυτέραν
2490 3419 2612 3473 τινὰ
2639 3422 2736 3490 τῆς
2774 3421 3064 3492 προχείρου
3099 3420 3337 3485 διανοίας
3366 3420 3463 3492 τὴν
3495 3419 3730 3491 θεωρίαν

2147 3512 2573 3583 ἐμπεριέχοντα·
2615 3512 2691 3575 ὡς
2725 3511 2790 3564 ὲκ
2824 3511 3058 3565 τούτων.
3082 3511 3272 3582 μηδενὶ
3319 3511 3462 3582 λόγῳ
3498 3512 3598 3581 τὴν
3631 3509 3728 3563 τοῦ

2147 3604 2391 3658 ἐκτίσθαι
2417 3604 2508 3657 τὸν
2533 3602 2737 3675 Κύριον
2764 3603 3018 3658 ὑπόνοιαν
3053 3606 3117 3656 ὲκ
3145 3606 3244 3674 τῆς
3277 3604 3499 3675 Γραφῆς
3525 3601 3732 3672 ταύτης

2145 3699 2256 3760 τοῖς
2286 3695 2523 3759 εὐσεϐῶς
2547 3694 2914 3765 λογιζομένοις
2942 3693 3272 3763 ἐγγίνεσθαι,
3297 3696 3409 3758 τοῖς
3440 3693 3733 3747 πεπαιδευο

2152 3788 2330 3859 μένοις
2360 3786 2591 3857 μάλιστα
2619 3786 2709 3840 διά
2732 3787 2830 3857 τῆς
2873 3785 3261 3855 εὐαγγελιστοῦ
3295 3785 3732 3857 μεγαλοφωνίας,

2146 3880 2208 3934 τὸ
2242 3879 2418 3934 πάντα
2453 3878 2523 3931 τὰ
2566 3878 2828 3947 γεγονότα
2866 3877 2933 3930 δι’
2965 3876 3129 3931 αὑτοῦ
3161 3876 3514 3947 γεγενῆσθαι,
3549 3877 3643 3929 καὶ
3672 3877 3733 3929 ἐν

2148 3970 2296 4041 αὑτῷ
2345 3970 2690 4032 συνεστάναι,
2715 3970 2992 4040 λέγοντος·
3019 3969 3223 4024 Πάντα
3266 3970 3376 4039 γάρ
3397 4010 3411 4034 ,
3445 3969 3611 4040 φησὶ,
3651 3966 3732 4021 δι’

2147 4063 2333 4117 αὑτοῦ
2361 4061 2617 4132 ἐγένετο,
2650 4061 2749 4115 καί
2779 4062 2959 4131 χωρὶς
2988 4061 3174 4116 αὑτοῦ
3206 4061 3442 4129 ἐγένετο
3471 4059 3611 4113 οὐδὲ
3635 4058 3733 4123 ἐν,

2148 4155 2179 4207 ὃ
2211 4153 2459 4224 γέγονεν
2495 4154 2564 4206 ἐν
2595 4152 2774 4218 αὐτῷ.
2806 4153 2919 4207 Ούκ
2946 4151 3012 4206 ἂν
3054 4152 3214 4205 τοῦτο
3241 4152 3636 4223 διορισάμενος,
3673 4153 3731 4203 εἰ

2148 4248 2242 4299 καὶ
2284 4245 2443 4298 αὑτὸν
2470 4244 2562 4297 τὸν
2598 4242 2801 4316 Κύριον
2853 4243 2912 4297 ἓν
2960 4243 3068 4297 τῶν
3100 4243 3402 4312 γεγονότων
3449 4242 3731 4296 ἐπίστευε.

2149 4337 2274 4400 Πῶς
2299 4337 2407 4408 γάρ
2448 4334 2517 4389 διῖ
2551 4335 2759 4389 ἐκείνου
2786 4334 2855 4388 τὰ
2888 4334 3067 4388 πάντα
3101 4335 3332 4403 γίνεται,
3361 4334 3455 4387 καὶ
3490 4334 3546 4387 ἐν
3580 4330 3736 4401 αὐτῷ

2146 4427 2221 4482 τὰ.
2242 4428 2500 4497 γεγονότα
2524 4427 2622 4499 τὴν
2648 4425 2905 4481 σύστασιν
2935 4426 3072 4497 ἔχει,
3099 4427 3149 4479 εί
3175 4426 3248 4497 μὴ
3282 4425 3500 4487 πάντως
3530 4423 3659 4477 ἄλλο
3680 4441 3734 4476 τι

2158 4517 2312 4591 παρὰ
2346 4519 2448 4588 τὴν
2483 4516 2594 4571 τῶν
2637 4519 3023 4589 πεποιημένων
3058 4517 3218 4586 φύσιν
3246 4518 3275 4570 ὁ
3304 4515 3530 4587 ποιητὴς
3554 4514 3739 4585 ὑπάρ-

2155 4628 2286 4682 χων,
2312 4610 2412 4680 ούχ
2443 4609 2659 4675 ἑαυτὸν,
2689 4610 2824 4663 ἀλλά
2847 4610 2947 4682 τὴν
2979 4610 3154 4663 κτίσιν
3177 4610 3473 4680 εἰργάσατο
3501 4624 3516 4673 ;
3546 4608 3595 4659 εί
3622 4607 3740 4675 γὰρ

2162 4706 2195 4776 ἡ
2225 4703 2399 4767 κτίσις
2427 4702 2494 4757 δι’
2523 4702 2731 4756 ἐκείνου
2753 4740 2768 4764 ,
2796 4703 2958 4767 αὐτὸς
2982 4702 3040 4755 δὲ
3062 4701 3312 4772 δ’Κύριος
3333 4701 3392 4753 ού
3416 4700 3480 4753 δι’
3510 4696 3739 4761 ἑαυτοῦ,

2159 4796 2286 4850 ἄλλο
2306 4813 2358 4848 τι
2378 4795 2595 4859 πάντως
2614 4795 2709 4850 καὶ
2727 4795 2848 4866 οὐχὶ
2870 4794 3046 4859 κτίσις
3073 4794 3211 4850 ἐστί.
3234 4793 3342 4847 Τοῦ
3363 4793 3539 4847 τοίνυν
3568 4793 3743 4861 εὐαγ-

2157 4884 2402 4956 γελιστοῦ
2451 4889 2752 4957 φήσαντος,
2780 4887 2862 4940 ὅτι
2908 4884 3109 4941 Πάντα
3134 4885 3209 4939 δι’
3240 4884 3427 4939 αὑτοῦ
3471 4882 3743 4952 ἐγένετο,

2144 4980 2242 5035 καί
2257 4980 2433 5050 χωρίς
2445 4978 2630 5034 αὑτοῦ
2645 4979 2880 5048 ἐγένετο
2891 4978 3031 5033 οὐδὲ
3045 4978 3134 5044 ἐν,
3152 4977 3183 5032 ὃ
3202 4977 3447 5049 γέγονεν
3458 4979 3528 5030 ἐν
3546 4976 3740 5042 αὐτῷ’

2145 5074 2239 5127 καὶ
2271 5071 2518 5143 φανερῶς
2541 5072 2629 5127 διὰ
2651 5071 2858 5126 τούτων
2884 5071 3262 5142 ὲνδειξαμένου
3279 5110 3295 5130 ,
3325 5071 3408 5123 ὅτι
3436 5070 3531 5124 καὶ
3556 5071 3617 5122 ὲν
3647 5068 3743 5137 τῷ

2146 5164 2263 5235 Υίῷ
2291 5163 2359 5219 τὰ
2380 5164 2649 5235 γενόμενα
2676 5164 2889 5232 γέγονε,
2920 5162 3017 5216 καὶ
3040 5164 3101 5216 οὐ
3129 5162 3194 5215 δι’
3225 5162 3415 5234 ἑτέρου
3458 5161 3604 5224 τινὸς
3629 5159 3745 5230 τὴν

2152 5257 2232 5319 είς
2263 5255 2322 5308 τὸ
2347 5254 2595 5324 γενέσθαι
2624 5253 2857 5325 πάροδον
2882 5254 3058 5324 ἔσχεν.

2236 5571 2542 5642 Ἐκδέχεται
2575 5571 2669 5625 τὸν
2691 5571 2845 5640 λόγον
2877 5568 3063 5624 τοῦτον
3086 5571 3114 5623 ὁ
3135 5566 3343 5632 Παῦλος
3367 5583 3380 5597 ·
3423 5546 3627 5628 καλῶς
3665 5561 3746 5618 ἂν
