4008 6210
225 313 331 370 345

1390 306 1671 363 CONTRA
1692 305 2080 371 ElTNOlllUM,
2107 305 2237 361 LIB.
2277 305 2320 360 1.

3378 308 3483 367 346

226 421 502 495 μηδεμίαν
547 419 832 474 καταλίποι
876 417 1146 491 πρόφασιν
1195 421 1260 490 τῇ
1315 419 1620 491 βλασφήμῳ
1654 422 1803 489 φωνῇ

1922 419 2256 489 ινοιιςοιὶειεο
2317 417 2627 487 excipiens;
2692 425 2745 473 et
2782 433 2851 475 ne
2879 419 3023 475 ullus
3055 419 3236 491 impiis
3271 421 3486 478 subter-

221 515 325 568 τοῦ
342 511 687 582 συναριθμεῖν
711 513 823 574 τοῖς
846 511 1091 579 γεγονόσι
1116 510 1210 562 καὶ
1243 509 1341 581 τὴν
1372 510 1466 563 τοῦ
1492 510 1631 563 Πνεύ
1640 527 1806 581 ματος

225 606 412 675 φύσιν,
430 598 534 657 ’ὑπ’
562 602 795 675 ἀριθμὸν
829 601 955 670 ἄγει
984 601 1054 655 τά
1076 602 1274 663 πάντα,
1308 602 1436 656 ποῖά
1465 604 1581 655 ἐστι
1614 601 1804 667 ταῦτα,

225 697 266 750 ἃ
286 692 488 749 πάντα
510 693 601 764 τῷ
633 691 989 763 εὑαγγελιστῇ
1030 693 1126 746 καὶ
1154 693 1368 765 εἴρηται
1405 692 1499 746 καὶ
1537 693 1806 763 νενόηται.

226 787 339 840 Καὶ
369 784 623 855 καθάπερ
655 784 684 835 ὁ
712 783 888 853 μέγας
915 782 1095 845 Δαυῒδ,
1128 784 1305 858 πάντα
1339 783 1703 853 ὑποτετάχθαι
1728 781 1808 851 τῷ

534 874 733 943 φήσας,
767 873 864 926 καὶ
887 873 947 925 τὸ
975 874 1096 925 κατ’
1133 868 1270 935 εἶδος
1305 871 1611 943 προσέθηκε
1631 911 1647 936 ,
1681 874 1809 925 ποῖα

220 958 291 1034 ἦν
338 962 412 1014 τά
453 960 1044 1031 ὲμπεριλαμϐανὸμενα
1086 964 1153 1032 τῇ
1204 961 1323 1014 τῶν
1353 962 1595 1015 πάντων
1623 964 1807 1032 φωνῇ,

223 1058 496 1118 τουτέστι.
520 1058 592 1111 τὰ
620 1060 874 1128 χερσαῖα.
904 1058 998 1110 καὶ
1025 1057 1093 1111 τά
1124 1057 1338 1129 ἔνυδρα,
1368 1059 1462 1111 καὶ
1492 1057 1563 1110 τά
1593 1057 1810 1128 ἐναέρια

226 1150 383 1215 ζῶαο
417 1150 562 1203 οὕτω
598 1151 693 1202 καὶ
731 1149 760 1200 ὀ
807 1147 917 1200 τῶν
964 1148 1121 1202 θείων
1153 1149 1438 1220 δογμάτων
1487 1148 1754 1218 ἐξηγητὴς
1782 1150 1810 1201 ὁ

221 1243 524 1304 ἀπόστολος
550 1240 784 1304 Παῦλος,
814 1242 993 1294 πάντα
1020 1242 1076 1293 ἐν
1099 1241 1247 1311 αὑτῷ
1273 1241 1600 1311 γεγενῆσθαι
1619 1240 1807 1306 εἰπὼν,

226 1332 566 1402 περιγράφει
598 1333 712 1393 τοῖς
741 1330 1090 1401 ἀριθμηθεῖσι
1140 1330 1260 1385 τῶν
1311 1332 1551 1385 πάντων
1588 1332 1685 1401 τὴν
1729 1331 1811 1384 ἔν-

223 1437 398 1474 νοιαν.
441 1418 647 1488 Ὀρατὰ
664 1420 794 1492 γὰρ,
845 1422 1003 1491 φησι,
1035 1424 1134 1475 καὶ
1163 1423 1407 1489 ἀόρατα.
1437 1422 1536 1475 Διά
1575 1422 1672 1492 μὲν
1703 1421 1810 1475 τῶν

224 1512 463 1584 ὁρατῶν,
505 1510 688 1575 καθὼς
734 1513 991 1583 εἴρηται,
1037 1512 1105 1565 τά
1149 1514 1215 1583 τῇ
1263 1512 1511 1585 αἰσθήσει
1561 1512 1812 1584 γνώριμα

224 1602 541 1673 περιλαϐὼν
567 1601 648 1671 τῷ
670 1603 894 1671 ὀνόματι
914 1601 1039 1679 ’.διὰ
1066 1603 1125 1655 δὲ
1145 1601 1256 1656 τῶν
1283 1603 1552 1673 ἀοράτων,
1577 1603 1675 1673 τὴν
1702 1602 1810 1656 τῶν

224 1694 436 1765 νοητῶν
464 1694 808 1766 αἰνιξάμενος
845 1693 1027 1764 φύσιν.

310 2066 478 2119 Ἀλλά
512 2066 641 2137 περὶ
676 2065 775 2136 μὲν
802 2065 911 2119 τῶν
954 2063 1250 2135 αἰσθητῶν,
1286 2064 1436 2118 οὐδὲν
1490 2065 1681 2135 ἐδέησε
1718 2067 1774 2119 λε
1795 2096 1809 2106 ο

219 2158 521 2229 ςτομερῶς
560 2157 848 2225 διεξελθεῖν
874 2159 959 2210 ἐπ’
999 2156 1278 2226 ὀνόματος.
1310 2157 1495 2218 Οὐδεὶς
1535 2156 1640 2226 γὰρ
1672 2160 1810 2212 οὕτω

222 2250 491 2320 σάρκινος
520 2247 640 2300 οὑδὲ
690 2246 969 2317 κτηνώδης
993 2246 1162 2308 ἐστὶν,
1196 2246 1273 2309 ὡς
1313 2246 1370 2297 ἐν
1399 2249 1511 2308 τοῖς
1539 2243 1811 2313 αἰσθητοῖς

223 2336 574 2391 ὑποπτεῦσαι
624 2338 721 2389 καὶ⁵
762 2336 823 2388 τὸ
861 2334 1089 2405 Πνεῦμα
1115 2335 1176 2387 τὸ
1204 2334 1359 2403 ἆγιον
1388 2330 1547 2388 εἶναι.
1595 2333 1714 2387 Τῶν
1755 2334 1812 2386 δὲ

222 2432 483 2501 ἀοράτων
513 2427 793 2499 μνησθεὶς,
823 2427 1009 2497 ἐπειδὴ
1040 2427 1223 2498 νοερὰ.
1253 2427 1347 2480 καὶ
1376 2426 1683 2497 ἀσώματος,
1720 2426 1815 2479 καὶ

223 2524 261 2593 ἡ
299 2519 402 2574 τοῦ
439 2518 756 2590 Πνεὺματος
791 2520 951 2589 φύσις
994 2517 1266 2593 sca-imm;
1294 2517 1359 2571 au
1396 2520 1468 2589 μή
1498 2536 1582 2579 τις
1605 2520 1662 2571 ὲν
1691 2517 1815 2572 τοὺ-

221 2591 348 2676 τοις
380 2612 729 2681 ὑπονοήσειεν
755 2609 1052 2680 ὑφεστάναι
1085 2609 1147 2663 τὸ
1170 2591 1397 2680 Πνεῦμα
1435 2608 1522 2663 διὰ
1553 2609 1650 2680 τὴν
1677 2608 1817 2662 κατὰ

215 2706 287 2759 τὸ
336 2704 573 2775 ἀόρατον
618 2701 926 2766 κοινωνίαν,
976 2702 1381 2773 ἐναργεστάτην
1436 2703 1671 2754 ποιεῖται
1718 2701 1818 2769 τὴν

213 2796 496 2865 διαίρεσιν
542 2795 651 2848 τῶν
670 2811 731 2847 τε
757 2792 845 2847 διὰ
868 2794 970 2864 τῆς
991 2794 1220 2856 κτίσεως
1240 2792 1561 2861 γεγονότων.
1596 2792 1693 2846 καὶ
1717 2791 1820 2862 τῆς

216 2885 494 2957 ὑπὲρτὴν
528 2884 705 2939 κτίσιν
731 2883 939 2948 οὐσίας.
986 2884 1069 2937 Τά
1097 2883 1197 2955 μὲν
1217 2883 1325 2956 γάρ
1369 2883 1653 2937 κθισθέντα
1686 2900 1819 2937 κατ-

216 2976 555 3047 αριθμεῖται
584 2975 664 3046 τῷ
688 2974 852 3045 λόγῳ,
875 2975 1137 3043 Θρόνους
1161 2974 1333 3039 τινὰς,
1363 2976 1455 3028 καὶ
1486 2974 1708 3043 Ἀρχὰς,
1727 2972 1821 3027 καὶ

233 3067 576 3132 Ἑξουσίας
606 3107 621 3131 ,
656 3066 751 3120 καί⁵
799 3065 1163 3133 Κυριότητας
1191 3065 1365 3134 λέγων
1391 3081 1404 3096 ⁸
1436 3068 1672 3134 γενικοῖς
1711 3081 1820 3117 τισι

218 3161 335 3214 καὶ
370 3158 788 3231 περιληπτικοῖς
814 3156 1040 3227 ὀνόμασι
1068 3155 1177 3209 τῶν
1220 3133 1470 3228 ἀοράτων
1502 3157 1705 3209 τούτων
1723 3155 1816 3209 δυ·
1846 3133 1892 3194 c

214 3252 459 3323 νάμεων
484 3250 584 3321 τὴν
614 3248 961 3304 διδασκαλίαν
986 3248 1325 3318 ποιούμενος,
1355 3249 1425 3302 τά
1457 3248 1516 3302 δὲ
1548 3248 1691 3317 ὑπὲρ
1718 3248 1819 3318 τὴν

224 3344 446 3409 κτίσιν,
492 3342 562 3396 δι’
593 3342 763 3411 αὑτῆς
802 3340 900 3410 τῆς
950 3340 1158 3410 σιωπῆς
1196 3340 1527 3412 ἀποχωρίξει
1573 3340 1669 3393 τοῦ
1709 3341 1821 3411 ἀρι-

225 3435 383 3508 θμοῦ
413 3433 523 3489 τῶν
568 3434 912 3489 κτισθέντων.
943 3433 1153 3504 Ὥσπερ
1182 3433 1249 3487 ἂν
1280 3434 1436 3496 εἴτις
1463 3433 1820 3503 προσταχθείς

230 3530 339 3581 ἐπὶ
375 3526 737 3597 στρατοτέδου
772 3526 871 3589 τάς
903 3526 1259 3594 λεπτομερεῖς
1302 3524 1395 3576 κα)⁵
1423 3521 1821 3592 ὑποϐεϐηκυίας

228 3618 419 3689 ἀρχάς
449 3619 622 3670 εἰπεῖν
649 3618 736 3669 ἐπ’
760 3617 1045 3687 ὀνόματος,
1065 3615 1382 3685 ταξιάρχας,
1413 3617 1508 3668 καὶ
1535 3615 1819 3686 λοχαγοὺς,

241 3712 686 3782 ἑκατοντάρχους
717 3727 775 3762 τε
809 3709 903 3762 καὶ
932 3706 1265 3778 χιλιάρχους,
1290 3707 1382 3760 καὶ
1412 3705 1466 3758 εί
1493 3722 1633 3769 τινες
1666 3705 1821 3759 ἄλλαι

234 3800 356 3854 τῶν
383 3800 525 3853 κατὰ
553 3800 719 3871 μέρος
740 3797 1069 3853 δυναστειῶν
1091 3797 1472 3868 ὠνομασμέναι
1499 3798 1624 3863 είσὶ,
1644 3797 1823 3859 πάσας

234 3890 532 3957 διεξελθὼν
558 3891 637 3962 τῷ
663 3890 828 3961 λόγῳ,
847 3892 947 3960 τῆς
977 3890 1194 3944 πάντων
1224 3888 1555 3960 κρατούσης,
1599 3888 1694 3941 καὶ
1724 3888 1825 3941 πᾶς

240 4000 350 4037 σαν
369 3983 472 4054 τὴν
498 3981 726 4051 δῦναμιν
768 3982 1056 4052 διεπούσης
1082 3980 1259 4052 ἀρχῆς
1298 3980 1568 4051 μηδεμίαν
1603 3980 1825 4051 μνήμην

239 4075 562 4145 ποιήσαιτο·
594 4074 656 4126 οὑ
683 4072 750 4126 δι’
792 4072 1113 4144 ὑπεροψίαν,
1143 4072 1372 4143 ἢλήθην
1407 4071 1505 4143 τὴν
1537 4072 1827 4142 ὑπερέχου-

237 4184 346 4222 σαν
372 4166 549 4238 ἀρχὴν
577 4168 888 4235 σιωπήσας,
922 4164 1038 4218 ἀλλ’
1071 4165 1154 4217 ὅτι
1181 4163 1342 4234 μόνον
1366 4162 1465 4224 τὴν
1495 4163 1736 4234 ὑπήκοόν
1767 4180 1825 4216 τε

238 4262 339 4315 καὶ
356 4260 674 4330 ὑποχείριον
693 4256 845 4323 τάξιν
863 4252 1149 4320 διεξελθεῖν
1171 4254 1205 4325 ἢ
1231 4253 1610 4324 προσταχθεὶς,
1637 4253 1671 4323 ἢ
1694 4270 1827 4324 προ-

238 4352 474 4420 θέμενος
500 4366 517 4381 ’
551 4348 823 4421 ὑϐρίσειεν
847 4347 912 4401 ἂν
940 4348 997 4399 ὲν
1023 4348 1088 4416 τῇ
1112 4345 1218 4399 τῶν
1243 4344 1616 4415 ὑποκειμένων
1640 4345 1826 4416 μνήμῃ

1906 510 2149 580 fugiendi
2177 510 2331 564 locus
2367 510 2729 579 relinquatur,
2762 510 3001 582 Spiritus
3027 513 3202 568 sancti
3233 521 3484 568 naturam

1907 603 2075 657 rebus
2130 602 2331 657 creatis
2388 603 2810 667 annumerandi,
2866 604 3143 674 sigillatim
3200 617 3487 675 percenset

1908 694 2092 747 omnia
2118 692 2234 758 illa,
2265 692 2450 762 qualia
2481 692 2611 757 sint,
2641 708 2763 762 quae
2787 694 2856 748 ab
2885 694 3223 764 evangelista
3252 694 3485 748 omnium

1908 784 2129 838 nomine
2157 784 2304 837 dicta
2335 790 2389 837 et
2414 783 2809 854 comprehensa
2840 792 3003 840 sunt:
3045 792 3101 839 et
3126 785 3485 854 quemadmo-

1909 874 2037 928 dum
2081 874 2139 930 Β.
2190 874 2359 930 David
2407 892 2531 930 cum
2571 875 3003 944 pronuntiasset,
3048 876 3229 930 omnia
3277 876 3486 931 homini

1909 981 2033 1020 esse
2066 966 2337 1035 subjecta,
2388 968 2548 1022 etiam
2593 968 2647 1021 in
2681 967 2862 1037 specie
2895 966 3211 1034 declaravit,
3238 984 3488 1038 qua'nam

1910 1056 2021 1111 sint
2066 1057 2180 1121 illa,
2215 1074 2337 1128 qua:
2367 1060 2602 1112 omnium
2636 1060 2909 1114 vocabulo
2948 1059 3349 1115 intellexisset:
3388 1059 3492 1115 hoc

1908 1155 2015 1211 est,
2048 1149 2351 1216 terrestria,
2381 1150 2663 1219 aquatilia,
2690 1157 2744 1205 et
2766 1152 2911 1206 aeria
2937 1151 3193 1205 animalia
3216 1151 3295 1199 "z
3331 1151 3412 1207 sic
3437 1160 3492 1206 et

1910 1236 2220 1291 divinorum
2250 1240 2598 1293 oraculorum
2629 1239 2897 1309 interpres
2946 1240 3229 1309 apostolus
3263 1239 3487 1304 Paulus,

1912 1344 2035 1384 cum
2063 1329 2314 1393 dixisset,
2358 1331 2620 1385 omniain
2654 1332 2774 1401 ipso
2808 1346 2932 1386 esse
2962 1330 3124 1398 facta,
3167 1332 3355 1387 deﬁnit
3389 1319 3493 1386 no-

1914 1419 2116 1473 tionem
2178 1421 2435 1481 omnium,
2503 1421 2747 1490 ipsarum
2811 1436 2994 1475 rerum
3055 1422 3489 1477 enumeratione.

1923 1510 2193 1576 Visibilia,
2256 1512 2456 1581 inquit,
2523 1522 2574 1566 et
2625 1510 2919 1565 invisibilia
2942 1512 3009 1565 ³ο.
3065 1512 3492 1580 Aspectabilium

1914 1603 2136 1656 nomine
2169 1600 2238 1656 iis
2267 1601 2699 1671 comprehensis,
2735 1616 2856 1670 qua:
2884 1602 2987 1657 sub
3011 1616 3234 1656 sensum
3267 1602 3492 1665 cadunt,

1913 1703 1975 1748 ut
2013 1703 2174 1748 antea
2227 1694 2471 1749 diximus
2520 1712 2533 1748 :
2576 1695 2794 1748 nomine
2841 1693 3493 1763 vero‘inaspectabilimn

1840 1779 1884 1833 Β
1913 1800 2103 1840 eorum
2139 1792 2394 1838 naturam
2446 1784 2783 1854 significans,
2819 1798 2942 1854 quae
2982 1784 3099 1851 sola
3136 1782 3495 1853 intelligentia

1915 1875 2311 1947 percipiuntur.

1987 2057 2091 2113 Sed
2134 2058 2201 2113 de
2242 2055 2596 2112 sensibilihus
2637 2054 2855 2125 quidem
2892 2054 3178 2110 enucleate
3227 2062 3283 2110 et
3314 2057 3495 2110 nomi-

1917 2152 2088 2205 natim
2144 2150 2393 2220 exsequi,
2432 2149 2583 2203 nulla
2641 2146 2945 2203 necessitas
2996 2146 3282 2216 exigebat;
3338 2161 3498 2202 nemo

1917 2244 2074 2297 enim
2124 2242 2260 2296 adeo
2299 2241 2540 2296 carnalis
2568 2246 2621 2294 et
2652 2238 2906 2308 stupidus
2931 2247 3036 2304 est,
3066 2239 3158 2306 qui
3184 2236 3498 2307 suspicetur

1921 2334 2184 2404 Spiritum
2224 2342 2472 2388 sanctum
2514 2346 2699 2386 rerum
2739 2329 3082 2384 sensibilium
3134 2328 3328 2384 ordine
3368 2344 3499 2384 con-

1920 2427 2109 2481 tineri.
2138 2426 2207 2478 At
2249 2441 2371 2479 eum
2396 2421 2870 2493 inaspectabilium
2895 2415 3227 2477 mentionem
3258 2420 3496 2485 fecisset,

1920 2533 2045 2573 cum
2069 2518 2188 2588 ipsa
2213 2517 2379 2571 etiam
2417 2514 2657 2584 Spiritus
2686 2513 2860 2569 sancti
2894 2524 3089 2567 natura
3107 2512 3177 2567 sit
3209 2512 3500 2567 intellecti-

1923 2610 1992 2664 Iis
2034 2620 2088 2665 et
2133 2610 2485 2677 incorporea,
2532 2623 2600 2662 ne
2656 2607 2783 2676 quis
2817 2604 3068 2660 fortassis
3114 2605 3293 2673 ipsum
3332 2603 3497 2658 etiam

1925 2700 2194 2772 Spiritum
2247 2705 2499 2755 sanctum
2549 2697 2601 2751 in
2655 2697 2850 2751 harum
2900 2696 3131 2751 classem
3179 2695 3498 2765 conjiceret,

1924 2797 1996 2852 ob
2020 2792 2467 2851 communionem
2491 2806 2616 2846 cum
2640 2791 2809 2846 rebus
2836 2790 2905 2845 ab
2946 2790 3235 2845 oculorum
3272 2798 3499 2861 aspectu

1924 2886 2169 2952 remotis,
2209 2884 2678 2941 evidentissimam
2699 2883 3114 2938 distinctionem
3145 2883 3274 2937 facit
3312 2899 3500 2938 eorum

1928 2993 2048 3048 qua!
2101 2992 2201 3047 per
2255 2976 2593 3031 creationem
2626 2974 2767 3030 facta
2797 2983 2945 3039 sunt,
2977 2975 3205 3044 ejusque
3247 2976 3504 3029 substan-

1929 3073 2037 3136 tiae,
2084 3085 2205 3140 quae
2237 3069 2519 3125 creatione
2552 3068 2808 3138 superior
2831 3076 2934 3123 est.
2967 3068 3161 3124 Creata
3197 3069 3341 3123 enim
3385 3084 3504 3138 per-

1922 3170 2111 3218 censet
2156 3161 2250 3214 illa
2296 3161 2571 3223 oratione,
2614 3174 2739 3214 cum
2797 3159 3055 3224 Tlaronos,
3101 3160 3392 3229 quosdam,
3451 3168 3505 3214 et

1923 3253 2287 3321 Principatus,
2341 3261 2398 3308 et
2429 3250 2748 3317 Potestates,
2796 3258 2851 3306 et
2883 3252 3279 3307 Dominationes
3334 3253 3508 3307 nomi-

1922 3352 2019 3398 nat
2046 3345 2091 3376 ⁸¹
2117 3362 2131 3397 :
2157 3344 2509 3414 generalibus
2545 3344 2874 3414 quibusdam
2907 3354 2963 3400 et
2990 3346 3095 3399 vim
3129 3348 3503 3402 nuiltitndinis

1922 3436 2275 3497 habentibus.
2306 3435 2618 3490 doctrinam
2660 3436 2854 3491 harum
2886 3438 3357 3507 inaspectabilinm
3397 3440 3506 3492 vir—

1923 3533 2101 3581 tutum
2156 3525 2420 3595 tradens;
2471 3543 2537 3583 ea
2602 3543 2755 3593 vero,
2831 3545 2954 3599 qua:
3003 3545 3170 3600 supra
3237 3542 3506 3585 creatum

1924 3633 2151 3674 censum
2184 3626 2375 3674 evecta
2419 3629 2570 3683 sunt,
2606 3619 2726 3689 ipso
2761 3619 2979 3675 silentio
3008 3637 3072 3676 ex
3105 3636 3334 3675 numero
3356 3636 3504 3676 crea-

1924 3719 2172 3765 turarum
2216 3718 2488 3782 segregat.
2536 3710 3003 3777 Quemadmodum
3054 3714 3099 3767 si
3155 3714 3280 3782 quis
3309 3713 3502 3781 jussus

1924 3802 2184 3859 distincte
2229 3811 2285 3857 et
2329 3802 2654 3857 nominatim
2687 3819 3015 3859 enumerans
3066 3804 3307 3858 minores
3342 3818 3396 3858 et
3428 3806 3505 3859 in-

1927 3894 2160 3951 feriores
2191 3893 2509 3950 functiones
2538 3895 2784 3959 bellicas.
2814 3894 3067 3950 ordinum
3098 3895 3380 3960 ductores,
3415 3896 3507 3950 de-

1925 3987 2205 4049 curiones.
2254 3988 2630 4051 centuriones.
2677 3987 3033 4052 chiliarchas,
3065 3996 3118 4039 et
3152 3986 3196 4041 si
3224 4002 3346 4055 quae
3378 3998 3508 4042 sunt

1927 4078 2033 4133 alia
2056 4078 2243 4132 munia
2264 4077 2550 4147 speciatim
2578 4084 2947 4147 percenseret,
2982 4078 3349 4147 omnibusque
3369 4093 3507 4132 enu-

1928 4169 2154 4224 meratis
2202 4182 2539 4238 supremam,
2574 4175 2628 4223 et
2679 4183 2802 4237 quae
2834 4167 2970 4222 alias
3017 4182 3209 4224 omnes
3236 4170 3504 4232 continet.

1928 4266 2261 4331 potestatem
2303 4258 2526 4314 silentio
2560 4258 2885 4327 praeteriret,
2922 4274 3032 4314 non
3077 4269 3393 4330 contemptu
3422 4265 3507 4317 vel

1928 4352 2206 4408 oblivione
2251 4364 2415 4405 suum
2462 4349 2706 4404 ofﬁcium
2738 4351 3179 4421 praetermittens,
3232 4354 3327 4409 sed
3359 4355 3505 4423 quod

242 4438 676 4513 συμπεριλαίὼν
692 4441 786 4493 καὶ
800 4437 899 4509 τὴν
920 4437 1190 4508 ἄρχουσαν
1214 4450 1227 4464 ⁸
1249 4434 1392 4488 οὕτω
1412 4450 1499 4504 μοι
1514 4434 1662 4488 δοκεῖ
1684 4433 1778 4486 καὶ
1800 4434 1820 4485 ὁ

1930 4442 2017 4498 vel
2057 4441 2271 4511 jussus,
2326 4441 2414 4495 vel
2466 4439 2651 4495 dedita
2700 4456 2864 4511 Opera
2921 4448 3134 4497 tantum
3181 4458 3510 4502 enumerare

240 4537 303 4587 ἐν
328 4532 654 4605 παραδείσῳ
682 4529 906 4601 μυηθεὶς
935 4528 1006 4582 τά
1030 4526 1315 4599 ἀπόρρητα
1344 4524 1576 4589 Παῦλος,
1608 4525 1698 4578 ὅτε
1727 4525 1825 4596 ἀρ-

244 4625 451 4691 mysi;
482 4625 545 4676 ἐν
572 4621 720 4693 αὑτῷ
749 4620 967 4688 ἐγένετο
999 4619 1094 4673 καὶ
1120 4618 1230 4671 τῶν
1268 4618 1674 4690 ὑπερουρανίων
1700 4617 1833 4672 θαυ-

244 4717 442 4785 μάτων
481 4713 681 4784 θεατὴς
716 4711 1019 4776 καταστάς,
1038 4709 1125 4765 ,τά
1152 4708 1458 4781 ἀνθρώποις
1486 4708 1697 4781 ἀρῥητα
1743 4709 1838 4763 καὶ

240 4803 383 4870 εἶδε,
420 4806 518 4858 καί
545 4804 779 4874 ἤκουσεν
802 4821 816 4835 ο
849 4798 1005 4866 οὗτος
1030 4802 1101 4857 τά
1123 4801 1203 4872 τῷ
1230 4801 1421 4874 Κυρίῳ
1444 4801 1732 4856 κτισθέντα
1762 4800 1840 4855 δι-

242 4898 414 4963 δάξαι
452 4896 811 4968 προθέμενος,
861 4894 1049 4965 ἐπειδὴ
1100 4893 1344 4964 διεξῆλθε
1392 4891 1566 4947 ταῦτα
1590 4892 1842 4964 τῷλόγῳ

244 4990 681 5061 τεριληπτικαῖς
700 5004 812 5042 τισι
834 4988 1056 5057 φωναῖς,
1081 4984 1390 5056 διαδραμὼν
1404 4984 1500 5056 τὴν
1520 4984 1839 5056 ἀγγελικὴν,

242 5084 347 5136 καὶ
372 5080 748 5151 ὑττερκόσμιον
770 5078 1017 5150 δύναμιν,
1052 5077 1279 5148 ἔστησεν
1307 5080 1366 5132 ἐν
1395 5080 1508 5139 τοῖς
1539 5092 1842 5147 μνημονευ-

243 5175 394 5228 Odm.
429 5172 526 5228 τὸν
577 5172 758 5241 λόγον,
788 5170 897 5226 τῶν
936 5171 1077 5243 ὑπὲρ
1108 5170 1208 5241 τὴν
1240 5170 1415 5224 κτίσιν
1449 5168 1601 5222 οὐδὲν
1631 5168 1711 5231 είς
1754 5167 1844 5221 τὸν

244 5264 564 5331 κατάλογον
599 5262 707 5316 τῶν
741 5261 973 5316 κτιστῶν
1009 5259 1345 5323 καθελκύσας
1370 5274 1383 5289 '
1424 5257 1501 5321 ὼς
1534 5259 1597 5311 ὲκ
1653 5256 1843 5310 τούτου

248 5356 448 5424 capi»;
469 5354 586 5408 ἀνω
604 5353 702 5424 τῆς
725 5353 954 5416 κτίσεως
983 5347 1206 5407 εἶναιτὸ
1227 5350 1453 5420 Πνεῦμα
1478 5348 1540 5403 τὸ
1566 5348 1719 5417 ἀγιον
1738 5347 1842 5402 ὑπὸ

242 5448 354 5517 τῆς
379 5446 610 5520 Γραφῆς
640 5444 1053 5517 μαρτυρεῖσθαι.

1934 4534 2095 4589 vellet
2134 4546 2362 4587 munera
2406 4531 2665 4589 inferiora
2698 4540 2754 4589 et
2803 4533 2872 4588 ab
2921 4533 3045 4590 aliis
3092 4536 3383 4604 pendentia
3417 4555 3431 4592 :
3464 4538 3511 4592 is

1932 4625 2138 4695 injuria
2179 4624 2571 4695 imperatorem
2615 4624 2881 4692 afﬁceret,
2935 4627 2980 4681 si
3028 4641 3156 4680 eum
3213 4628 3266 4682 in
3314 4628 3511 4685 ordine

1932 4732 2146 4780 eorum,
2186 4717 2281 4788 qui
2331 4715 2613 4773 inferioris
2662 4726 2788 4772 sunt
2828 4717 3135 4788 dignitatis,
3180 4729 3508 4789 reponeret:

1935 4808 2010 4862 ita
2058 4808 2274 4864 videtur
2314 4808 2451 4862 mihi
2494 4809 2657 4864 etiam
2704 4807 2767 4862 ι).
2821 4809 3023 4866 Paulus
3067 4826 3156 4866 res
3203 4812 3420 4866 abditas
3455 4813 3511 4867 in

1936 4899 2197 4971 paradiso
2245 4899 2498 4964 edoctus,
2536 4901 2755 4971 quando
2793 4902 2849 4956 in
2887 4916 3012 4957 eum
3054 4915 3266 4973 raptus,
3301 4911 3356 4959 et
3404 4920 3516 4960 cm-

1940 4989 2163 5044 lestium
2212 5002 2539 5043 arcanorum
2592 4997 2872 5059 spectator
2916 4989 3143 5046 effectus
3193 4999 3297 5055 est.
3339 5008 3515 5063 eaque

1936 5079 2074 5135 vidit
2121 5087 2177 5134 et
2223 5078 2455 5142 audivit,
2487 5093 2611 5149 qua:
2634 5080 2845 5134 homini
2877 5080 3033 5138 nefas
3060 5081 3241 5151 eloqui
3282 5082 3351 5147 ",
3388 5100 3513 5138 cum

1935 5185 2199 5227 enarrare
2220 5170 2598 5241 proposuisset
2629 5186 2720 5227 res
2761 5186 2791 5226 a
2835 5171 3069 5228 Domino
3108 5184 3325 5229 creatas
3358 5184 3515 5245 post-

1938 5276 2102 5332 quam
2149 5263 2533 5319 communibus
2583 5263 2913 5333 qnibusdam
2942 5264 3226 5321 vocabulis
3250 5281 3344 5322 eas
3384 5285 3518 5323 enn-

1945 5360 2214 5408 merasset
2237 5370 2250 5406 :
2271 5363 2599 5425 pervagatus
2621 5357 2920 5427 angelicam
2939 5364 2993 5412 et
3016 5359 3515 5427 supermundanam

1946 5432 2095 5498 illam
2139 5450 2487 5512 potestatem,
2522 5450 2826 5502 orationem
2868 5447 2922 5502 in
2970 5445 3304 5517 supradictis
3336 5453 3520 5507 tenni-

246 5542 435 5606 navit,
479 5538 619 5595 nihil
669 5555 883 5605 eorum,
932 5555 1055 5613 qua:
1108 5552 1274 5609 supra
1315 5544 1625 5593 creaturam
1687 5544 1835 5598 sunt.
1876 5536 1933 5592 in
1981 5536 2230 5593 ordinem
2276 5547 2653 5596 creaturarum
2702 5541 2952 5609 trahens,
2997 5549 3055 5595 ut
3097 5555 3162 5596 ex
3233 5542 3337 5600 hoc
3400 5547 3523 5615 ipso

368 5654 417 5689 δ’
442 5655 594 5713 Pal.
625 5671 743 5722 vin,
773 5654 809 5711 8
839 5670 958 5727 sqq.
1034 5655 1079 5687 "
1108 5654 1321 5712 Coloss.
1349 5670 1391 5722 ι,
1422 5654 1507 5712 16.
1621 5652 1665 5685 ⁵⁸
1694 5652 1824 5709 ibid.

1950 5655 1995 5687 "
2026 5652 2069 5711 ll
2092 5654 2221 5713 Cor.
2256 5670 2350 5721 xu,
2373 5654 2408 5709 2
2447 5670 2568 5727 sqq.
