4008 6210
621 315 722 371 ὖὲίἾ

1858 310 1920 366 8.
1959 308 2291 367 GREGORII
2329 312 2621 370 NYSSENI

3757 322 3859 375 2'13

620 429 977 485 manifestum
1007 423 1385 481 testimonium
1446 439 1475 479 a
1535 422 1711 480 saeris
1769 422 1993 481 Litteris
2060 425 2429 495 perhibeatur,
2500 429 2764 501 Spiritum
2818 438 3070 486 sanctum
3135 436 3289 487 extra
3339 429 3641 486 creatarum
3688 449 3856 491 rerum

620 536 909 578 numerum
963 518 1272 574 habendum
1328 533 1471 573 esse.

690 610 847 677 Quod
894 611 940 665 si
991 610 1118 679 quis
1169 607 1445 663 refutandi
1490 608 1663 677 gratia
1694 609 1940 679 obiiciat,
1975 624 2045 665 ne
2077 609 2209 664 chec

2386 611 2449 663 Ei
2479 608 2535 661 δέ
2584 624 2667 671 τις
2721 607 3023 679 ἀνατρέποι
3052 607 3144 661 τὸν
3175 608 3354 677 λόγον.
3394 606 3470 671 ὠς
3496 582 3742 663 ούδετῶν
3765 613 3861 665 Χε-

619 703 945 757 rubinorum
996 698 1219 769 quidem
1274 698 1614 752 mentionem
1671 714 1700 751 a
1742 698 1808 753 D.
1864 698 2035 753 Paulo
2082 715 2206 755 esse

624 796 843 858 laetam,
885 808 1073 847 verum
1122 800 1174 845 et
1206 790 1307 845 hos
1341 806 1558 861 quoque
1594 805 1718 844 cum
1754 790 1961 862 Spiritu
2011 800 2206 847 sancto

621 886 674 939 in
700 884 945 939 ordinem
969 892 1348 938 creaturarum
1376 884 1495 954 ipsa
1519 883 1888 952 praeteritione
1916 898 2018 938 con
2023 884 2206 953 jectos

619 992 763 1039 esse,
809 974 1083 1043 simulque
1140 975 1372 1043 probare
1430 982 1681 1039 conetur;
1732 975 1816 1030 vel
1867 976 1971 1032 hos
2013 978 2201 1042 etiam,

620 1083 687 1119 eo
732 1065 887 1135 quod.
923 1065 1036 1119 sint
1103 1064 1483 1133 praetermissi,
1538 1079 1708 1133 super
1754 1073 2039 1120 creaturas
2080 1082 2208 1121 eve-

624 1157 854 1224 hendos,
911 1158 995 1212 vel
1044 1172 1221 1226 neque
1266 1154 1533 1226 Spiritum
1584 1165 1837 1211 sanctum
1890 1173 1957 1211 ex
1990 1159 2205 1211 illorum

622 1251 815 1306 ordine
855 1249 1200 1304 eximendum
1236 1264 1360 1305 esse
1404 1268 1417 1304 :
1468 1250 1515 1304 is
1546 1248 1891 1319 diligentius,
1923 1266 2044 1313 oro,
2084 1266 2208 1319 per-

624 1339 823 1410 pendat
863 1354 1082 1394 sensum
1126 1352 1339 1400 eorum,
1394 1352 1515 1407 quae
1552 1338 1608 1391 iu
1659 1338 1752 1392 illa
1791 1340 2209 1394 enumeratione

625 1434 801 1503 posita
851 1441 1002 1493 sunt,
1048 1428 1215 1499 idque
1262 1429 1409 1499 quod
1463 1429 1732 1485 omissum
1789 1429 2026 1493 videtur,
2082 1430 2207 1501 quia

624 1524 945 1578 nominatim
997 1537 1107 1576 non
1147 1529 1232 1577 est
1276 1536 1620 1591 expressum,
1665 1522 1906 1576 inveniet
1935 1537 2061 1576 cum
2112 1539 2206 1577 su-

627 1616 882 1684 pradictis
952 1614 1213 1683 positum.
1262 1613 1366 1678 Qui
1427 1613 1573 1667 enim
1624 1612 1838 1667 thronos
1888 1614 2208 1679 nominavit,

625 1707 673 1758 is
726 1704 837 1758 alio
889 1703 1105 1757 nomine
1150 1703 1414 1756 cherubim
1470 1706 1782 1774 expressit,
1833 1705 2207 1762 obscuriorem

624 1798 878 1851 videlicet
917 1811 1104 1861 vocem
1151 1795 1475 1851 ilebraicam
1521 1796 1755 1851 clariore
1801 1795 1991 1851 Graeca
2034 1798 2205 1867 signi-

634 1892 835 1942 t‘cans:
864 1902 989 1941 cum
1019 1887 1261 1957 legisset,
1289 1887 1457 1942 Deum
1485 1888 1677 1942 sedere
1709 1904 1877 1958 super
1918 1890 2215 1958 cherubimr

2310 700 2511 772 ρουϐὶμ
2544 698 2648 751 ὑπὸ
2675 698 2770 751 τοῦ
2813 698 3028 751 Παύλου
3067 697 3553 769 μνημονευθέντων
3573 719 3586 730 ·
3626 695 3746 754 ἀλλὰ
3772 707 3862 755 καὶ

2307 791 2513 845 τούτων
2548 789 2687 861 μετὰ
2731 789 2822 843 τοῦ
2870 790 3185 861 Πνεύματος
3228 791 3284 841 ὲν
3325 794 3391 862 τῇ
3438 791 3545 844 τῶν
3586 794 3865 860 γεγονότων

2310 882 2690 955 ἀπαριθμήσει
2706 880 3107 952 σιωπηθέντων,
3140 884 3233 936 καὶ
3264 885 3649 947 κατασκευάζοι
3673 885 3750 937 διὰ
3771 886 3862 939 τοῦ

2310 974 2737 1047 παραλελεῖφθαι
2756 973 2853 1044 τὴν
2877 975 3003 1045 περὶ
3026 974 3230 1027 τούτων
3256 976 3495 1046 μνήμην,
3519 976 3551 1046 ἢ
3578 979 3662 1029 καὶ
3703 973 3867 1028 ταῦτα

2311 1068 2452 1140 ὑπὲρ
2475 1069 2574 1139 τὴν
2604 1068 2802 1133 κτίσιν,
2824 1068 2857 1137 ἢ
2885 1068 3017 1138 μηδὲ
3029 1067 3088 1119 τὸ
3114 1066 3335 1138 Πνεῦμα
3356 1068 3467 1121 δεῖν
3482 1067 3702 1147 ρίεσθαι,
3718 1070 3861 1139 λογι-

2312 1162 2497 1215 σάσθω
2547 1160 2635 1232 τὴν
2663 1160 2773 1213 τῶν
2809 1159 3095 1232 ἀπηριθμη
3106 1162 3281 1230 μένων
3306 1160 3561 1223 διάνοιαν,
3583 1162 3670 1215 καὶ
3689 1161 3742 1215 τὸ
3762 1180 3865 1215 πα-

2311 1254 2521 1325 ρεῖσθαι
2548 1251 2763 1317 δοκοῦν,
2796 1252 2878 1306 ὄτι
2909 1251 2985 1322 μὴ
3014 1250 3073 1315 ἐξ
3093 1251 3406 1322 ὀνόματοςή
3428 1252 3612 1323 μνήμη
3639 1253 3862 1321 γέγονεν,

2309 1349 2367 1400 ὲν
2397 1348 2507 1409 τοῖς
2540 1344 2848 1417 εἰρημένοις
2876 1342 3189 1412 κατόψεται.
3243 1342 3300 1395 Ὀ
3330 1340 3439 1413 γὰρ
3475 1344 3701 1411 Θρόνων
3734 1361 3865 1415 μνη-

2314 1435 2602 1507 μονεύσας,
2630 1433 2775 1504 ἄλλῳ
2805 1432 3034 1502 ὀνόματι
3063 1430 3134 1484 τά
3160 1429 3447 1498 Χερουϐὶμ
3477 1430 3771 1502 διηγήσατο,
3800 1432 3867 1500 τῇ

2308 1525 2709 1598 γνωριμωτέρα
2763 1523 3106 1595 προσηγορίᾳ
3130 1522 3191 1576 τὸ
3224 1524 3432 1593 ἀσαφὲς
3466 1524 3566 1595 τῆς
3608 1523 3869 1595 Ἐϐραῒδος

2310 1617 2672 1689 ὲξελληνίσας.
2694 1616 2979 1688 Καθῆσθαι
3002 1616 3110 1685 γὰρ
3134 1614 3225 1668 τὸν
3244 1614 3375 1668 Θεὸν
3401 1615 3493 1669 ἐπὶ
3528 1615 3634 1668 τῶν
3663 1617 3872 1683 Χερου-

2312 1711 2412 1780 ϐὶμ
2441 1708 2679 1772 ἀκούσας
2702 1748 2717 1773 ,
2762 1708 2862 1771 τὰς
2903 1708 3160 1776 δυνάμεις
3187 1707 3390 1770 ταύτας
3427 1706 3521 1760 τοῦ
3569 1708 3652 1759 ἐπ’
3696 1706 3873 1759 αὐτῶν

2312 1800 2677 1871 καθεζομένου
2715 1801 2938 1868 θρόνους
2964 1800 3241 1870 ὠνόμασεν
3265 1815 3278 1829 ’
3310 1800 3573 1864 ὡσαύτως
3606 1801 3657 1854 δὲ
3686 1802 3772 1855 καὶ
3805 1803 3874 1855 τὰ

2314 1890 2464 1960 παρὰ
2497 1887 2575 1961 τῷ
2618 1889 2815 1961 Ἡσαΐᾳ
2849 1889 3099 1959 Σεραφὶμ
3122 1927 3134 1951 ,
3167 1889 3296 1959 παρ’
3325 1882 3400 1941 ὧν
3428 1889 3665 1960 ἐναργῶς
3689 1890 3745 1943 τὸ
3773 1890 3877 1960 τῆς

629 1980 861 2035 \irtutes
904 1981 1041 2035 istas
1074 1980 1215 2048 ejus,
1254 1980 1346 2048 qui
1386 1995 1549 2049 supra
1577 1981 1728 2048 ipsas
1762 1980 1936 2044 sedet,
1977 1971 2208 2039 thronos

2318 1982 2543 2053 Τριὰδος
2573 1980 2849 2053 ἐκηρύχθη
2883 1981 3177 2051 μυστήριον
3199 1995 3214 2009 ·
3242 1982 3331 2033 ὅτε
3353 1980 3451 2051 τὴν
3480 1980 3671 2050 Ἄγιος
3697 1983 3875 2052 φωνὴν

628 2072 953 2141 appellavit;
1006 2071 1262 2126 similiter
1302 2078 1359 2125 et
1407 2071 1683 2141 seraphim
1725 2070 1868 2141 apud
1917 2071 2137 2138 Isaiam,
2175 2088 2205 2127 a

627 2163 832 2232 quibus
869 2163 1194 2234 mysterium
1221 2169 1427 2217 sanctae
1462 2160 1753 2216 Trinitatis
1782 2164 2071 2233 perspicue
2107 2179 2207 2217 an-

630 2256 940 2311 mtntiatum
991 2264 1121 2312 est:
1167 2256 1390 2326 quando
1434 2255 1697 2326 hymnum
1740 2256 1918 2322 illum,
1961 2256 2208 2321 Sanctus,

633 2348 687 2399 in
732 2346 975 2417 qualibet
1018 2356 1222 2402 sanetae
1269 2346 1557 2402 Trinitatis
1612 2361 1845 2417 persona
1895 2347 2211 2416 pulchritu-

635 2436 814 2490 dinem
839 2445 896 2490 et
926 2436 1181 2493 decorem
1216 2439 1692 2507 obstupesceutes,
1720 2438 2048 2493 mirabiliter
2074 2455 2210 2494 con-

635 2530 949 2595 einuerunt,
1002 2532 1389 2601 comprehensi
1445 2540 1576 2586 sunt
1624 2532 1677 2587 in
1733 2534 1987 2605 catalogo
2022 2549 2215 2604 supra-

635 2619 812 2689 posito
869 2636 900 2674 a
939 2636 1135 2691 magno
1187 2621 1373 2684 Paulo,
1436 2631 1489 2677 et
1549 2624 1769 2693 quidem
1832 2620 2054 2680 nomine
2090 2626 2217 2678 vir—

638 2718 810 2764 tutum
842 2730 857 2765 :
888 2721 941 2766 et
967 2720 1093 2768 ante
1131 2727 1160 2766 a
1196 2714 1462 2784 propheta
1495 2712 1717 2776 Davide.
1751 2716 1843 2785 qui
1874 2716 1949 2770 ait
1989 2734 2003 2770 :
2038 2716 2214 2770 Bene-

635 2800 790 2855 a'icite
834 2800 1141 2868 Dominum,
1180 2820 1357 2856 omnes
1391 2804 1608 2857 virtutes
1632 2804 1778 2873 ejus;
1820 2805 2051 2858 ministri
2077 2806 2216 2874 ejus,

636 2894 725 2961 qui
770 2892 949 2961 facitis
995 2896 1314 2946 voluntatem
1348 2892 1464 2961 ejus
1509 2895 1557 2926 "
1594 2913 1607 2949 :
1660 2895 1832 2949 Isaias
1877 2906 2057 2951 autem
2094 2896 2216 2953 loco

638 2983 786 3037 verbi
811 2982 1129 3049 Benedicite,
1163 2984 1280 3051 ipsa
1304 2983 1705 3039 benedictionis
1747 2993 1809 3041 et
1839 2986 2024 3057 hymni
2056 2988 2218 3043 verba

638 3075 819 3141 posuit
855 3092 869 3128 :
906 3072 1159 3138 Sanctus,
1197 3074 1453 3139 Sanctus,
1496 3062 1726 3131 Sanctus
1784 3075 2043 3132 Dominus
2078 3077 2218 3133 Deus

639 3162 876 3217 Sabaoth
918 3176 939 3217 :
991 3163 1148 3233 plena
1194 3173 1273 3218 est
1311 3167 1482 3219 omnis
1534 3174 1677 3219 terra
1732 3166 1905 3237 gloria
1954 3167 2071 3237 ejus
2125 3168 2215 3224 ’δε

646 3254 933 3310 ministros
960 3270 1093 3311 vero
1117 3270 1241 3311 esse
1261 3255 1362 3310 has
1388 3255 1645 3322 virtutes,
1682 3256 1945 3312 facientes
1972 3258 2220 3311 volunta-

640 3354 748 3400 tem
782 3346 900 3412 Dei,
936 3364 1032 3419 per
1050 3358 1397 3418 peccatorum
1421 3348 1889 3412 emundationem,
1912 3348 2213 3405 secundum

641 3442 979 3498 voluntatem
1013 3443 1305 3509 mittentis,
1337 3442 1407 3496 ab
1429 3456 1540 3497 uno
1587 3458 1652 3498 ex
1684 3442 2097 3513 seraphinorum
2125 3456 2217 3497 or-

2312 2075 2372 2129 το
2404 2077 2461 2128 ἐν
2491 2074 2706 2146 ἑκάστῳ
2737 2074 2845 2128 τῶν
2872 2078 2930 2129 ἐν
2962 2078 3027 2146 τῇ
3068 2075 3257 2147 Τριάδι
3285 2075 3479 2138 κάλλος
3507 2076 3875 2148 καταπλησσό-

2314 2182 2484 2237 μενα.
2539 2165 2928 2236 θαυμαστικῶς
2984 2164 3313 2237 ἐξεϐόησαν
3373 2167 3741 2239 περιείληπται
3799 2166 3881 2237 τῷ

2311 2256 2597 2328 καταλόγῳ
2635 2256 2744 2311 τῶν
2776 2257 3278 2329 μνημονευθέντων,
3309 2261 3375 2330 τῇ
3413 2257 3740 2331 προσηγορίᾳ
3769 2258 3882 2313 τῶν

2311 2348 2593 2419 δυνάμεων
2612 2347 2979 2419 ὀνομασθέντα
2999 2350 3151 2420 παρά
3174 2367 3233 2404 τε
3254 2349 3347 2403 τοῦ
3377 2350 3611 2421 μεγάλου
3637 2349 3867 2411 Παύλου,

2314 2440 2408 2491 καὶ
2446 2439 2555 2510 πρὸ
2592 2438 2783 2492 τούτου
2833 2440 2983 2510 παρὰ
3024 2439 3120 2493 τοῦ
3182 2442 3460 2512 προφήτου
3498 2440 3682 2494 Δαϐίδ·
3725 2442 3752 2494 ό
3784 2441 3885 2512 μὲν

2315 2530 2422 2599 γάρ
2456 2547 2621 2600 φησιν
2644 2546 2659 2561 ο
2692 2529 3011 2599 Εὑλογεῒτε
3055 2531 3162 2585 τὸν
3190 2532 3431 2599 Κύριον,
3470 2532 3657 2587 πᾶσαι
3692 2534 3747 2585 αὶ
3786 2533 3890 2585 δυ-

2314 2614 2523 2683 νάμεις
2562 2615 2787 2679 αὐτοῦ,
2826 2616 3159 2684 λειτοιφγοί
3206 2615 3426 2681 αὐτοῦ,
3480 2616 3783 2682 ποιοῦντες
3821 2616 3891 2669 τὸ

2317 2690 2547 2772 θέλημά
2579 2706 2785 2761 αὑτοῦ.
2835 2704 2896 2761 ’0
2925 2707 2981 2759 δὲ
3026 2707 3254 2770 Ἡσαΐας
3280 2707 3401 2761 ἀντὶ
3440 2708 3535 2761 τοῦ
3578 2702 3893 2778 Εὐλογεῒτε

2317 2798 2511 2860 εἰπεῖν,
2542 2797 2612 2851 τὰ
2652 2799 2873 2869 ῥήματα
2900 2797 3001 2867 τῆς
3027 2797 3278 2867 εὐλογίας
3305 2798 3633 2870 ἀνέγραψεν,
3664 2799 3892 2867 Ἀτιος,

2320 2889 2555 2958 Ἀτιος,
2594 2878 2787 2959 Ἄξιος
2813 2891 3027 2957 Κύριος
3062 2888 3335 2944 Σαϐαώθ’
3366 2889 3606 2958 πλήρης
3646 2888 3810 2945 πᾶσα
3846 2891 3893 2957 ἡ

2327 2979 2403 3050 γῆ
2434 2980 2546 3049 τῆς
2577 2979 2765 3047 δόξης
2797 2981 3011 3036 αὐτοῦ’
3059 2981 3120 3034 τδ
3146 2980 3204 3035 δὲ
3241 2980 3583 3053 λειτουργοὺς
3619 2977 3750 3034 εἶναι
3788 2982 3899 3044 τὰς

2319 3071 2575 3143 δυνάμεις
2606 3071 2807 3135 ταύτας
2853 3073 3111 3137 ποιούσας
3150 3073 3213 3127 τὸ
3242 3073 3454 3146 θέλημα
3486 3073 3580 3128 τοῦ
3606 3074 3738 3128 Θεοῦ
3757 3115 3772 3139 ,
3802 3074 3903 3129 διὰ

2320 3165 2419 3235 τῆς
2442 3164 2740 3235 γενομένης
2767 3164 3048 3237 ἁμαρτιῶν
3070 3164 3389 3237 καθάρσεως
3406 3164 3549 3219 κατὰ
3568 3165 3629 3219 τὸ
3650 3165 3906 3236 βούλημα.

2321 3256 2418 3312 τοῦ
2464 3257 2882 3320 ἀποστείλαντος
2906 3297 2921 3321 ,
2953 3259 3084 3329 παρ’
3118 3256 3238 3321 ἑνὸς
3276 3256 3384 3310 τῶν
3431 3258 3681 3329 Σεραφὶμ
3704 3257 3907 3330 ὑπῃνί-

2328 3350 2456 3417 ξατο
2475 3366 2489 3381 ’
2527 3349 2665 3421 αὕτη
2712 3349 2820 3422 γάρ
2848 3351 2996 3404 ἐστιν
3029 3351 3063 3421 ἡ
3094 3344 3408 3422 λειτουργία
3435 3350 3544 3405 τῶν
3575 3351 3909 3422 πνευμάτων

2325 3442 2548 3505 τούτων,
2575 3441 2668 3494 ἐπὶ
2692 3442 2935 3513 σωτηρία
2972 3441 3081 3495 τῶν
3116 3440 3439 3522 σωζομένων
3463 3443 3862 3515 ἐκπέμπεσθαι.

639 3530 770 3587 dine
813 3533 1147 3589 insinuatum
1195 3543 1298 3590 est.
1347 3533 1462 3590 Hoc
1502 3534 1648 3589 enim
1691 3542 1775 3590 est
1846 3534 2217 3591 ministerium
2256 3533 2453 3589 horum
2492 3534 2811 3604 spirituum,
2854 3533 2998 3588 mitti
3026 3533 3282 3589 videlicet
3310 3532 3377 3588 ad
3414 3534 3647 3589 salutem
3706 3550 3907 3590 eorum

639 3621 938 3676 curandam
974 3622 1068 3692 qui
1100 3623 1403 3679 salvantur.

715 3801 871 3870 Quod
905 3800 1037 3857 mihi
1093 3801 1543 3859 animadvertisse
1582 3803 1799 3859 videtur
1830 3803 2050 3859 divinus
2078 3804 2223 3874 Apo-

642 3896 839 3958 stolus,
887 3902 941 3949 et
976 3893 1312 3950 intellexisse
1342 3895 1589 3951 eamdem
1621 3912 1737 3950 rem
1783 3913 1814 3951 a
1842 3897 2059 3952 duobus
2088 3911 2218 3967 pro-

645 3986 824 4053 phetis
862 3983 1096 4037 diversis
1134 3983 1603 4052 appellationibus
1642 3984 1965 4053 signiﬁcari,
1997 3995 2222 4055 accepta

637 4093 701 4131 ex
738 4078 824 4140 iis,
852 4090 973 4146 qua:
1004 4076 1246 4130 omnium
1280 4083 1399 4130 erat
1432 4074 1737 4144 aptissima,
1769 4075 2092 4144 seraphinos
2115 4089 2215 4145 ap-

639 4169 860 4238 pellavit
902 4169 1129 4223 virtutes
1159 4187 1173 4223 :
1210 4175 1268 4222 ut
1298 4167 1446 4221 nulla
1479 4166 1702 4222 occasio
1733 4166 2094 4238 sycophantis
2122 4181 2213 4223 re-

641 4262 767 4314 licta
790 4260 882 4325 sit,
908 4259 1189 4315 asserendi
1218 4259 1481 4330 Spiritum
1509 4265 1764 4314 sanctum
1796 4259 2047 4314 relictum
2069 4273 2212 4326 esse,

642 4352 816 4408 instar
834 4352 1030 4406 horum
1053 4352 1310 4421 alicujus,
1332 4353 1384 4406 in
1409 4351 1602 4407 ordine
1619 4359 2014 4408 creaturarum.
2029 4350 2216 4408 Nomi-

644 4443 758 4496 nati
781 4443 926 4498 enim
959 4450 1111 4509 sunt,
1139 4450 1199 4499 ut
1217 4442 1330 4511 jam
1352 4451 1634 4498 ostensum
1658 4450 1743 4498 est
1768 4461 1782 4508 ;
1807 4444 1896 4497 illa
1927 4459 2056 4498 vero
2076 4458 2214 4513 prae-

644 4535 802 4590 terita
834 4545 980 4600 sunt,
1009 4533 1465 4607 quemadmodum
1491 4549 1557 4588 ex
1592 4534 1708 4602 ipsa
1735 4533 1979 4589 Paulinae
2006 4549 2217 4596 ,narra-

643 4626 809 4682 tionis
838 4628 980 4682 serie
1005 4638 1341 4696 cognoscere
1366 4624 1514 4686 licet.
1547 4624 1638 4693 qui
1663 4639 1880 4678 omnem
1910 4634 2216 4679 creaturam

645 4733 877 4773 numero
905 4714 1278 4772 multitudinis
1306 4714 1538 4771 extulit:
1563 4728 1753 4770 eorum
1780 4729 1933 4778 vero,
1956 4730 2078 4786 quae
2110 4715 2221 4770 sin-

646 4810 912 4877 gulariter
937 4808 1219 4872 dicuntur,
1241 4806 1595 4875 singulariter
1620 4822 1849 4876 quoque
1884 4808 2218 4865 mentionem

2391 3800 2464 3853 Ἀ
2504 3815 2591 3870 μοι
2639 3798 2788 3852 δοκεῖ
2828 3800 3168 3870 κατανοήσας
3195 3800 3224 3853 ὁ
3255 3799 3398 3863 θεῖος
3431 3796 3780 3867 Ἀπόστολος,
3808 3804 3915 3854 καὶ

2322 3888 2508 3961 μαθὼν
2536 3890 2618 3943 ὃτι
2639 3887 2702 3943 τὸ
2739 3889 2873 3943 αὐτὸ
2900 3892 3132 3962 πρᾶγμα
3165 3891 3318 3960 παρὰ
3345 3890 3455 3943 τῶν
3486 3874 3580 3944 δύο
3605 3893 3916 3963 προφητῶν

2320 3982 2377 4034 ὲν
2425 3979 2708 4053 διαφόροις
2745 3983 2869 4043 ταῖς
2921 3981 3320 4051 προσηγορίαις
3376 3981 3704 4051 σημαίνεται
3732 4021 3747 4046 ,
3802 3984 3916 4054 τὴν

2320 4070 2759 4142 γνωριμωτάτην
2789 4071 2897 4124 τῶν
2928 4072 3119 4140 φωνῶν
3150 4070 3526 4141 ἐκλεξάμενος,
3548 4071 3814 4141 δυνάμεις
3840 4074 3916 4127 τὰ

2322 4163 2573 4234 Σεραφὶμ
2595 4162 2897 4233 ὠνόμασεν,
2922 4163 2999 4225 ῶς
3026 4162 3293 4233 μηδεμίαν
3321 4161 3573 4233 ἀφορμὴν
3601 4166 3718 4227 τοῖς
3749 4181 3916 4217 συκο-

2321 4256 2549 4324 φάνταις
2568 4254 2988 4324 καταλελεῖφθαι
3020 4254 3114 4306 τοῦ
3149 4254 3291 4307 κατὰ
3310 4255 3371 4307 τὸ
3404 4256 3518 4307 ἴσον
3541 4254 3754 4309 τούτων
3793 4258 3916 4323 ἐνὸς

2320 4345 2490 4400 καὶτὸ
2514 4344 2738 4416 Πνεῦμα
2777 4345 2839 4397 τὸ
2868 4345 3022 4413 ἅγιον
3049 4346 3107 4398 ὲν
3128 4344 3208 4415 τῷ
3234 4345 3522 4416 καταλόγῳ
3548 4347 3647 4417 τῆς
3679 4347 3916 4411 κτίσεως

2320 4436 2961 4507 παραλελεῖφθαιλέγειν·
2984 4435 3053 4489 τὰ
3076 4436 3174 4507 μὲν
3202 4436 3312 4507 γὰρ
3323 4437 3534 4508 εἴρηται
3562 4437 3751 4501 καθὼς
3773 4439 3916 4492 ἁπο-

2319 4529 2606 4592 δέδεικται,
2638 4527 2706 4581 τὰ
2726 4528 2782 4582 δὲ
2811 4526 3169 4598 σεσιώπηται,
3190 4528 3366 4591 καθὼς
3385 4530 3531 4584 ἔστιν
3553 4531 3619 4582 ὲκ
3635 4530 3751 4584 τῶν
3782 4544 3916 4583 κατ-

2321 4620 2649 4692 ειλεγμένων
2687 4619 2794 4673 ὑπῆ
2826 4618 2920 4671 τοῦ
2953 4618 3168 4672 Παύλου
3206 4618 3415 4689 μαθεῖν,
3447 4619 3540 4673 τοῦ
3571 4621 3764 4673 πᾶσαν
3824 4621 3916 4691 με’

2322 4712 2701 4784 πληθυντικῶς
2742 4710 3262 4783 ἀναριθμησαμένου
3311 4711 3411 4782 τὴν
3449 4712 3663 4764 κτίσιν·
3716 4712 3837 4765 τῶν
3871 4714 3916 4766 δ]

2328 4805 2630 4876 μοναδικῶς
2660 4804 2966 4875 λεγομένων
2992 4803 3189 4867 ἑνικῶς
3219 4820 3322 4875 μνη
3332 4802 3720 4873 μονεύσαντος.
3746 4805 3916 4858 Τοῦτα

650 4893 816 4946 facit:
853 4890 960 4946 hoc
1009 4890 1155 4945 enim
1191 4889 1478 4960 pr0prium
1517 4898 1602 4945 est
1649 4888 1936 4950 Trinitatis
1982 4896 2213 4967 singula-

2325 4893 2434 4965 γὰρ
2457 4895 2587 4949 ίδιον
2616 4893 2718 4965 τῆς
2744 4893 2904 4963 ἁγίας
2930 4893 3160 4966 Τριάδος
3186 4894 3342 4960 ἐστὶ,
3364 4894 3425 4946 τὸ
3451 4895 3711 4965 μοναχῶς
3752 4895 3915 4965 seu

652 4979 783 5033 riter
839 4976 1154 5041 enuntiari;
1212 4992 1358 5033 unus
1408 4975 1593 5046 Pater,
1638 4996 1779 5039 unus
1824 4981 2020 5051 Filius,
2082 5003 2225 5044 unus

652 5070 889 5141 :‘piritus
939 5078 1187 5127 sanctus.
1237 5072 1307 5126 At
1365 5072 1551 5128 omnia
1596 5076 1849 5144 superius
1878 5088 2222 5145 enumerata,

654 5179 704 5216 .n
757 5159 1129 5218 multitudinis
1162 5178 1393 5218 numero
1428 5166 1699 5221 recensita
1751 5174 1882 5225 sunt
1914 5168 2227 5239 :Principa-

651 5266 754 5317 ms,
787 5261 1094 5321 potestates,
1128 5253 1518 5310 dominationes
1554 5263 1611 5310 et
1639 5258 1900 5321 virtutes;
1945 5268 2005 5315 ut
2041 5263 2227 5320 nullus

653 5339 955 5408 praebeatur
1001 5342 1320 5413 suspicandi
1353 5345 1525 5411 locus,
1559 5360 1722 5401 unam
1763 5352 2076 5421 quampiam
2107 5367 2223 5408 rem

2324 4986 2612 5055 γέλλεσθαι
2636 5002 2650 5015 ο
2688 4980 2768 5049 εἷς
2801 4984 2991 5055 Πατὴρ
3010 5026 3026 5051 ,
3055 4984 3150 5039 καὶ¹
3172 4980 3252 5048 εἷς
3287 4985 3435 5049 Υίδς,
3470 4987 3564 5040 καὶ
3592 4986 3652 5039 ἓν
3685 4988 3916 5058 Πνεῦιμ

2325 5079 2495 5145 ἅγιον.
2562 5075 2645 5133 Τὰ
2679 5075 2738 5129 δὲ
2773 5076 3042 5147 εἰρημένα
3089 5076 3265 5130 πάντα
3323 5075 3382 5129 ὲν
3421 5076 3618 5148 πλήθει
3665 5080 3915 5131 κατείλε

2325 5185 2472 5233 κται,
2513 5166 2727 5236 Ἀρχαὶ,
2755 5167 2852 5220 καὶ
2894 5164 3199 5228 Ἔξουσίαι
3222 5207 3238 5232 ,
3265 5166 3360 5219 καὶ
3390 5167 3803 5235 Κυριότητες,
3842 5186 3916 5221 κα

2327 5258 2633 5329 Δυνάμεις,
2674 5258 2751 5322 ῶς
2800 5256 3071 5330 μηδεμίαν
3120 5257 3380 5330 παρέχειν
3413 5258 3675 5313 ὑπόνοιαν
3720 5259 3829 5312 τοῦ
3888 5260 3916 5312 ἒ

2327 5350 2530 5407 τούτων
2574 5344 2716 5404 εἶναι
2768 5347 2952 5402 καὶτὸ
3002 5346 3227 5418 Πνεῦμα
3276 5347 3465 5416 ἅγιονο
3512 5347 3655 5402 ἀλλὰ
3704 5346 3916 5403 Παῦλε

649 5444 715 5480 «ιχ
752 5428 837 5483 his
885 5446 1009 5487 esse
1054 5432 1241 5488 itidem
1278 5434 1460 5505 ipsum
1505 5432 1770 5504 Spiritum
1805 5447 2057 5509 sanctum
2091 5441 2213 5499 :sed

2334 5442 2431 5513 μὲν
2463 5441 2644 5512 σιωπᾷ
2669 5441 2739 5494 τὰ
2764 5439 3074 5511 ἀπόρρητα,
3112 5439 3208 5493 καὶ
3236 5438 3419 5503 καλῶς
3449 5440 3598 5495 ποιεῖ
3616 5456 3631 5473 ·
3667 5434 3795 5495 οἶδε
3825 5440 3913 5508 γὰ

651 5515 857 5575 l'aidus
912 5520 1131 5578 silentio
1185 5525 1429 5594 praeterit
1483 5523 1920 5601 inexplicabilia,
1978 5541 2034 5590 et
2087 5533 2213 5591 bene

2330 5533 2549 5590 ἀκούειν
2611 5534 2709 5605 μὲν
2763 5534 2820 5585 ἐν
2882 5531 3199 5603 παραδείσῳ
3253 5530 3324 5586 τὰ
3369 5530 3586 5605 ἄρρητα
3640 5531 3908 5605 ῥήματα

724 5695 769 5729 ⁵³
792 5694 934 5751 Psal.
962 5712 1058 5764 cu,
1081 5698 1169 5754 21.
1245 5703 1416 5760 “lsa.
1453 5719 1529 5775 Vl,
1565 5707 1617 5764 3.
