4008 6210
218 286 330 342 549
1357 277 1639 335 CONTRA
1673 276 2070 347 EUNOIIUM,
2109 278 2241 334 LIB.
2284 278 2327 334 ῐ.
3392 279 3499 336 550

222 400 507 472 φείδεσθαι
528 399 586 453 δὲ
614 399 714 470 τῆς
756 397 867 452 τῶν
919 396 1324 469 ἁνεκφωνήτων
1360 395 1772 467 ὲξαγορεύσεως
1799 436 1805 461 ,

1920 395 2055 451 facit
2107 416 2120 451 :
2173 397 2324 451 novit
2370 395 2514 451 enim
2548 394 2604 449 in
2654 394 2915 465 paradiso
2965 393 3158 450 audire
3199 391 3498 451 ineﬂ'abilia

220 498 362 550 ὅταν
404 493 532 565 περὶ
564 491 674 546 τῶν
706 491 1038 562 κατωτέρων
1067 490 1291 562 ποιῆται
1339 490 1429 545 τὸν
1455 490 1636 560 λόγον.

1920 487 2104 548 verba,
2124 498 2177 543 et
2191 488 2466 547 abstinere
2481 489 2551 543 ab
2568 488 2757 543 iisdem
2775 486 3156 557 expromendis
3169 479 3223 540 et
3240 485 3503 555 eloquen-

1916 576 2025 641 dis,
2070 575 2293 645 quando
2327 577 2394 628 de
2424 574 2592 628 rebus
2624 573 2905 629 interioris
2939 575 3282 631 conditionis
3309 583 3366 632 et
3397 585 3506 633 sta-

291 680 355 733 οξ
384 678 445 731 δὲ
486 677 588 747 τῆς
629 674 889 747 ἀληθείας
938 674 1223 746 πολέμιοι,
1267 676 1361 728 καὶ
1413 675 1520 729 τῶν
1558 677 1816 748 ἀρρήτων

1067 692 1223 746 μιοι,
1267 676 1361 728 καὶ
1413 675 1520 729 τῶν
1558 677 1816 748 ἀρρήτων
1916 676 2009 748 tus
2048 681 2357 723 sermonem
2393 665 2650 722 instituit.

221 771 645 840 κατατολμῶσι,
680 770 741 823 τὸ
771 770 1056 840 μεγαλεῖον
1088 768 1183 821 τοῦ
1214 768 1526 837 Πνεύματος
1604 747 1679 837 τῷ
1714 786 1804 821 τα-

1918 747 1920 751 ’
1987 762 2058 813 At
2106 759 2357 814 veritatis
2396 758 2704 815 adversarii
2769 758 2937 815 etiam
2980 759 3355 818 ineffabilibus
3392 778 3501 820 non

222 863 392 933 πει·δῷ
428 862 529 931 τῆς
565 862 797 924 κτίσεως
843 858 1295 931 καθυϐρίζοντες’
1326 859 1516 930 ὥσπερ
1539 866 1643 917 οὐκ
1676 861 1805 929 ἀκη-

1922 853 2217 918 ahstinent,
2272 852 2617 922 majestatem
2677 852 2917 923 Spiritus
2976 853 3170 907 humili
3240 862 3505 910 creatura:

222 954 447 1015 κοότες,
496 952 578 1004 ὃτι
609 952 774 1014 αὐτὸς
825 952 854 1003 ό
896 951 1028 1014 θεὸς
1065 951 1273 1018 Λόγος,
1319 949 1648 1021 παραδιδοὺς
1702 953 1805 1013 τοῖς

1919 948 2229 1002 eonditione
2290 948 2583 1013 violantes,
2633 947 2791 1018 quasi
2843 945 3019 1016 ignari
3074 956 3262 1002 essent
3326 947 3502 1017 ipsum

223 1045 497 1114 μαθηταῖς
562 1044 623 1096 τὸ
664 1044 767 1112 τῆς
819 1042 1146 1111 θεογνωσίας
1199 1045 1519 1112 μυστήριον,
1557 1040 1628 1094 ὲν
1677 1042 1806 1093 ὀνό-

1924 1037 2162 1093 Verhum
2190 1037 2381 1102 Deum,
2403 1038 2627 1109 quando
2641 1037 2930 1108 discipulis
2953 1040 3276 1110 mysterium
3306 1040 3507 1095 divinae

213 1152 358 1203 ματα
403 1132 667 1199 Πατρός,
726 1133 825 1187 καὶ
879 1133 1013 1188 Υἱοῦ
1041 1173 1054 1194 .
1104 1133 1200 1186 καί
1243 1133 1417 1201 ἁγίου
1465 1132 1796 1199 Πνεύματος

1920 1131 2216 1200 agnitionis
2265 1132 2537 1197 tradebat,
2592 1132 2924 1196 asseruisse,
2972 1132 3028 1185 in
3064 1132 3276 1187 nomine
3321 1130 3503 1187 Patris

217 1228 337 1287 τοῖς
392 1224 860 1294 ἀναγεννωμένοις
920 1221 1041 1278 εἶπε
1087 1223 1187 1295 τὴν
1246 1223 1391 1294 ζωὴν
1462 1221 1800 1294 συμπληροῦι

1917 1234 1965 1277 et
2005 1210 2142 1277 Filii
2184 1232 2234 1276 et
2284 1222 2523 1291 Spiritus
2586 1226 2758 1278 sancti
2812 1224 2882 1288 ⁵⁸,
2944 1224 3282 1294 regeneratis
3334 1224 3500 1279 vitam

222 1317 380 1380 σθαι,
436 1317 531 1369 καὶ
580 1314 979 1385 παραγίνεσθαι
1055 1316 1150 1369 καὶ
1211 1314 1300 1368 διὰ
1345 1314 1503 1367 τοῦτο
1549 1306 1805 1377 συντάξας

1916 1312 2156 1367 conferri
2208 1322 2263 1368 et
2297 1316 2673 1369 consummari
2715 1334 2730 1370 :
2765 1330 2831 1369 ac
2861 1315 3091 1385 proinde
3125 1316 3252 1385 quia
3290 1330 3499 1380 secum,

218 1408 296 1478 τῷ
326 1407 532 1478 Πατρὶ,
565 1407 659 1460 καὶ
690 1405 869 1477 ἑαυτῷ
887 1446 903 1471 ,
926 1407 1026 1477 τῆς
1062 1407 1191 1477 περὶ
1224 1408 1323 1477 τὴν
1353 1407 1531 1459 κτίσιν
1560 1406 1801 1470 ὑπονοίας

1918 1409 2127 1457 etcum
2174 1400 2336 1458 Patre
2371 1403 2641 1473 Spiritum
2689 1413 2942 1460 sanctum
2988 1406 3301 1475 conjunxit,
3345 1422 3501 1461 eum-

218 1502 279 1553 τὸ
312 1500 545 1570 Πνεῦμα
570 1498 859 1571 ἐχώρισεν,
892 1500 969 1563 ὼς
1001 1496 1062 1564 ἐξ
1099 1500 1425 1570 ἀμφοτέρων
1456 1498 1653 1570 εὐσεϐῆ
1719 1498 1801 1552 καῖ

1920 1493 2039 1549 dem
2076 1509 2108 1548 a
2152 1509 2335 1550 rerum
2365 1504 2680 1551 creatarum
2709 1497 2905 1553 ordine
2935 1499 3135 1554 exemit
3169 1516 3183 1552 :
3234 1510 3291 1554 ut
3321 1514 3384 1552 ex
3419 1498 3503 1554 his

220 1592 545 1662 πρέπουσαν
575 1590 821 1659 γίνεσθαι
857 1592 983 1663 περὶ
1012 1591 1178 1645 αὐτοῦ
1203 1592 1302 1664 τὴν
1344 1592 1641 1663 ὑπόληψιν·
1667 1593 1803 1647 Παύ-

1917 1586 2131 1642 duobus
2184 1586 2329 1643 locis
2385 1588 2530 1643 inter
2579 1604 2638 1645 se
2688 1592 3024 1660 comparatis
3077 1598 3397 1661 competens
3449 1599 3500 1645 et

218 1683 314 1737 λου
360 1684 459 1754 μὲν
492 1684 549 1737 ὲν
576 1686 644 1755 τῇ
690 1684 880 1757 μνήμῃ
911 1685 1010 1755 τῆς
1043 1684 1274 1747 κτίσεως
1301 1682 1398 1755 τὴν
1431 1687 1651 1757 μνήμην
1678 1686 1801 1739 ἁπο-

1918 1676 2077 1748 digna
2120 1678 2187 1734 de
2224 1678 2433 1749 Spiritu
2469 1686 2664 1736 sancto
2698 1680 3037 1737 existimatio
3069 1683 3344 1739 exsistat:
3377 1698 3501 1737 cum

219 1778 584 1846 σιγήσαντος·
625 1775 719 1829 τοῦ
755 1775 813 1828 δὲ
855 1774 1062 1846 Κυρίου
1102 1778 1159 1828 ὲν
1195 1778 1261 1846 τῇ
1297 1777 1485 1849 μνήμῃ
1524 1776 1624 1847 τῆς
1671 1775 1802 1841 (too-

1919 1769 2121 1826 Paulus
2164 1772 2218 1826 in
2249 1774 2666 1829 enumeratione
2706 1783 3085 1831 creaturarum
3118 1777 3240 1846 ejus
3272 1777 3502 1833 mentio-

215 1867 382 1923 ποιοῦ
410 1867 715 1938 δυνάμεως,
750 1867 815 1920 τὸ
853 1866 1077 1936 Πνεῦμα
1103 1867 1164 1919 τὸ
1192 1866 1346 1935 ἅγιον
1376 1868 1453 1937 τῷ
1483 1868 1660 1938 Πατρὶ
1715 1868 1798 1922 nul

1917 1878 2042 1919 nem
2090 1864 2301 1919 nullam
2338 1865 2566 1932 fecerit;
2604 1875 2658 1921 et
2687 1866 2973 1931 Dominus,
3010 1884 3134 1923 cum
3164 1870 3375 1923 viviﬁca
3408 1870 3500 1923 illa

214 1958 403 2028 ἑαυτῷ
436 1957 902 2030 συναρμόσαντος.
956 1956 1142 2019 υῦτως
1172 1959 1304 2027 ἡμῖν
1349 1960 1380 2011 ό
1406 1957 1561 2027 λόγος
1599 1957 1687 2011 διὰ
1712 1961 1797 2029 τῆς

1918 1956 2352 2025 regenerationis
2390 1958 2557 2011 verba
2583 1957 2947 2023 describeret,
2979 1959 3232 2014 eumdem
3267 1958 3416 2014 Patri
3447 1968 3501 2014 et

214 2051 388 2120 ἁγίας
438 2049 663 2120 Poma-7;;
717 2048 1077 2119 όδηγούμενος
1156 2050 1489 2121 ὐπερτίθησι
1548 2051 1649 2120 μὲν
1711 2052 1797 2122 τῆς

1919 2048 2024 2103 sibi
2068 2049 2366 2119 copularit.
2414 2048 2535 2116 Quo
2574 2049 2655 2115 lit,
2682 2056 2744 2104 ut
2783 2050 2948 2115 ratio,
3001 2049 3303 2121 Scriptura:
3331 2067 3502 2108 sacra:

214 2143 460 2205 κτίσεως
496 2141 587 2196 τὸν
632 2141 941 2213 Μονογενῆ,
990 2142 1083 2195 καὶ
1122 2142 1184 2196 τὸ
1232 2141 1454 2214 Πνεῦμα
1508 2143 1569 2196 τὸ
1614 2143 1797 2214 ἆγιον⁴

1917 2143 2183 2212 auspiciis
2224 2151 2279 2198 et
2311 2142 2480 2198 ductu
2510 2143 2742 2207 directa,
2776 2159 2945 2215 supra
2972 2152 3242 2200 creaturae
3292 2157 3494 2207 sortem

211 2234 370 2290 κατὰ
404 2234 465 2287 δὲ
491 2233 591 2304 τὴν
614 2232 710 2286 τοῦ
758 2233 1009 2304 Σωτῆρος
1050 2233 1342 2302 ἀπόφασιν,
1374 2236 1431 2287 ὲν
1468 2237 1532 2305 τῇ
1566 2235 1794 2307 μακαρίᾳ

1916 2235 2111 2292 evehat
2160 2234 2508 2305 Unigenitum
2559 2242 2616 2291 et
2664 2236 2928 2306 Spiritum
2970 2247 3246 2302 sanctum,
3298 2246 3354 2294 et
3408 2254 3496 2294 se-

206 2344 275 2382 τε
322 2327 420 2380 καὶ
456 2323 706 2395 ζωοποιῷ
729 2363 744 2389 ,
775 2324 868 2378 καὶ
896 2325 1139 2396 ἀκτίστῳ
1166 2325 1328 2394 φύσει
1350 2325 1574 2397 θεωρεῖν
1598 2327 1684 2382 διὰ
1724 2328 1789 2380 πίε

1921 2326 2158 2383 cundum
2202 2325 2505 2383 Salvatoris
2530 2326 2872 2395 mandatum,
2907 2330 2961 2383 in
3009 2331 3169 2386 beata
3204 2331 3321 2394 illa,
3362 2332 3504 2386 vivi-

212 2436 400 2482 στεως
429 2416 745 2473 ὑποτίθεται
764 2432 778 2446 ·
800 2416 941 2470 ὥστε
968 2416 1028 2470 τὸ
1058 2416 1171 2471 ἄνω
1199 2419 1300 2488 τῆς
1321 2416 1570 2483 κτίσεως,
1596 2418 1689 2472 καὶ
1711 2417 1795 2489 τῆς

1920 2417 2163 2473 ticatrice
2191 2425 2246 2473 et
2267 2417 2515 2473 increata
2548 2425 2748 2472 natura
2783 2419 2960 2489 ipsum
2999 2420 3103 2476 lide
3137 2424 3500 2494 contemplari

209 2509 653 2581 πρωτευούσης,
703 2510 798 2563 καὶ
833 2508 923 2563 διὰ
959 2507 1180 2561 πάντων
1227 2508 1440 2571 τελείας
1484 2507 1704 2577 φύσεως
1753 2508 1792 2561 Ei

1923 2507 2090 2577 iubet.
2141 2507 2331 2577 Itaque
2361 2508 2437 2572 id,
2476 2508 2622 2577 quod
2670 2508 2917 2565 creditur
2956 2527 3127 2566 unum
3168 2529 3235 2568 ex
3272 2514 3339 2570 iis
3383 2531 3506 2584 quae

208 2602 652 2672 πιστευόμενον,
701 2600 891 2671 μηδενὶ
931 2598 1153 2669 τρόπῳ,
1191 2598 1282 2653 τὸν
1321 2600 1421 2669 τῆς
1465 2598 1791 2654 ἐλαττώσεωε

1919 2614 2087 2672 supra
2130 2609 2442 2656 creaturam
2489 2608 2643 2667 sunt,
2696 2608 3016 2672 naturaeque
3050 2604 3260 2674 primm,
3291 2615 3345 2661 et
3379 2621 3497 2661 om-

206 2693 626 2766 παριδέχεσθαι
660 2692 815 2761 λόγον
833 2707 847 2721 ·
877 2690 981 2745 κᾶν
1010 2693 1041 2744 ό
1066 2691 1169 2761 τῆς
1199 2692 1465 2764 αἱρέσεως
1499 2692 1789 2764 προστάτηι

1920 2693 2083 2747 nibus
2109 2692 2355 2746 numeris
2384 2691 2672 2755 absolutae,
2704 2694 2857 2750 nullo
2895 2695 3060 2750 modo
3098 2696 3503 2753 irnminutionis

206 2784 554 2854 περικόπτει
583 2782 648 2836 τὸ
676 2783 927 2855 ἀόριστον
961 2784 1019 2836 ὲν
1040 2785 1108 2854 τῇ
1139 2782 1233 2836 τοῦ
1267 2768 1550 2847 ἐλάττονος
1578 2785 1789 2855 ἐπινοίᾳ

1924 2784 2189 2839 rationem
2220 2783 2408 2838 subire
2460 2791 2642 2853 potest
2683 2803 2696 2839 :
2730 2784 2950 2842 etiamsi
2990 2787 3261 2846 haereseos
3311 2800 3507 2845 auctor

202 2876 385 2931 οἱονεὶ
409 2874 740 2928 διακολοσῶν
756 2875 852 2930 καὶ
878 2874 1180 2929 συστέλλων
1201 2876 1301 2946 τῆς
1320 2874 1470 2939 θείας
1491 2876 1681 2939 οὐσίας
1708 2876 1785 2947 τηε

1919 2876 2380 2932 circumscribere
2418 2884 2474 2932 et
2506 2878 2666 2948 quasi
2702 2879 3049 2937 circumdare
3076 2883 3203 2937 velit
3232 2883 3502 2939 inﬁnitum

204 2968 540 3040 τελειότητα
584 2970 642 3021 ἐν
668 2966 747 3039 τῷ
767 3007 782 3030 ,
827 2966 890 3020 τὸ
919 2967 1105 3038 μεῖζον
1137 2968 1232 3021 καὶ⁸
1273 2967 1337 3022 τὸ
1367 2967 1584 3024 ἔλαττον
1630 2969 1787 3022 αὐτοί

1923 2969 2152 3025 minoris
2200 2969 2481 3038 opinione,
2537 2970 2689 3025 velut
2739 2971 3005 3029 mutilans
3070 2980 3126 3028 et
3175 2976 3506 3033 cor-trahens

204 3058 533 3128 ἑνθεωρείν,
557 3056 905 3128 διορίζεσθαι.

1924 3059 2117 3115 divina:
2163 3068 2375 3115 naturae
2425 3059 2851 3127 perfectionem;
2890 3062 3019 3120 dum
3062 3065 3188 3135 plus
3228 3074 3283 3122 et
3323 3069 3507 3125 minus

1920 3149 1975 3203 in
2020 3163 2084 3203 ea
2125 3148 2586 3204 considerandum
2635 3164 2761 3206 esse
2803 3150 2985 3206 docet.

290 3242 363 3295 Τί
391 3242 573 3296 τοίνυν
604 3239 1007 3310 προστίθησιτῇ
1030 3240 1321 3313 ἀκολουθίᾳ
1360 3243 1466 3296 τῶν
1489 3242 1817 3314 εἰρημένων,

1991 3240 2287 3295 Videamus
2315 3241 2481 3312 igitur
2505 3241 2637 3311 quid
2679 3243 2918 3313 amplius
2958 3242 3174 3309 all‘erat,
3202 3245 3334 3301 dum
3383 3262 3506 3303 ora-

210 3336 618 3405 σκοπήσωμεν.
672 3332 825 3386 Μετὰ
862 3332 924 3385 τὸ
967 3334 1164 3399 εἰπεῖν,
1223 3333 1295 3397 ἐξ
1329 3333 1599 3404 ἀνάγκης
1649 3333 1793 3388 ἐλάτ

1923 3331 2089 3387 tionis
2130 3347 2244 3386 suae
2286 3333 2488 3387 seriem
2525 3341 2812 3403 pertexere
2843 3334 3042 3404 pergit.
3089 3334 3228 3390 Cum
3272 3336 3506 3394 dixisset

212 3446 372 3493 τους
390 3443 457 3480 τε
477 3425 577 3479 καί
591 3423 828 3495 μείζους
859 3425 966 3491 τὰς
987 3428 1204 3491 οὐσίας
1222 3424 1449 3480 οἴεσθαι
1470 3425 1600 3480 δεῖν
1629 3422 1783 3481 εἶναι

1922 3438 1986 3478 ex
2023 3424 2331 3478 necessitate
2352 3422 2583 3493 quadam
2619 3425 2846 3482 minores
2878 3433 2929 3481 et
2978 3426 3210 3497 majores
3252 3429 3505 3486 substan-

216 3519 325 3572 καὶ
347 3516 447 3580 τὰς
492 3516 592 3587 μὲν
643 3513 868 3586 πρώτην
900 3516 1118 3586 ἐπέχειν
1140 3514 1294 3579 τάξιν
1334 3516 1475 3570 κατά
1510 3532 1631 3570 τινα
1660 3515 1799 3585 μεγί·

1924 3509 2027 3563 tias
2067 3509 2454 3566 existimandus
2491 3527 2635 3576 esse;
2670 3520 2727 3567 et
2760 3513 2860 3570 has
2884 3515 3109 3586 quidem
3148 3518 3384 3587 primum
3429 3531 3507 3579 te-

216 3612 357 3675 θους
385 3610 479 3664 καὶ
503 3608 664 3673 ἀξίας
691 3607 954 3680 διαφορὰν
986 3609 1044 3662 ὲν
1087 3610 1154 3679 τῇ
1191 3610 1518 3680 προτιμήσει
1551 3608 1799 3679 τεταγμέη

1922 3622 2056 3663 nere
2088 3609 2296 3671 locum,
2343 3608 2651 3663 secundum
2694 3611 3094 3679 magnitudinis
3137 3622 3193 3670 et
3219 3614 3505 3686 dignitatis

217 3720 355 3765 va,“
394 3702 494 3766 τὰς
518 3701 576 3755 δὲ
603 3701 879 3772 δευτέρας,
904 3700 993 3754 διὰ
1020 3700 1081 3753 τὸ
1107 3699 1445 3770 ὑποϐεϐηκδς
1476 3700 1575 3771 τῆς
1605 3700 1800 3769 φύσεώς

1924 3698 2311 3764 diﬂ‘erentiam,
2352 3697 2409 3753 in
2444 3699 2676 3754 honoris
2712 3701 3079 3770 praecellentia
3129 3704 3421 3760 ordinatas
3454 3714 3507 3761 et

218 3813 287 3850 τε
341 3794 439 3850 καὶ
492 3793 596 3865 τῆς
638 3792 796 3860 ἀξίας
851 3792 1231 3864 ἀπεωσμένος,
1287 3791 1460 3846 ταῦτα
1502 3794 1781 3863 ἐπήγαγεν

1924 3786 2225 3857 dispositas
2259 3802 2274 3841 :
2308 3786 2408 3841 has
2455 3802 2588 3843 vero
2641 3789 2972 3857 secundum,
3019 3800 3249 3861 propter
3293 3801 3507 3847 naturae

229 3883 388 3955 πρὸς
417 3883 725 3950 τοσαύτην
749 3884 912 3954 φησιν
935 3882 1300 3949 ἐξικνεῖσθαι
1325 3883 1638 3954 διαφορὰν,
1667 3884 1812 3953 πρὸς

1922 3878 2239 3934 inferiorem
2287 3879 2682 3949 conditionem,
2736 3881 3125 3954 delectumque
3169 3883 3502 3955 dignitatis:

218 3979 472 4041 ὁπόσην
498 3972 577 4026 ἂν
597 3971 902 4041 ἐξικνῆται
925 3973 998 4027 τὰ
1018 3974 1183 4043 ἔργα.
1220 3972 1376 4027 Ἐπεὶ
1404 3972 1559 4041 μηδὲ
1581 3974 1801 4042 θεμιτόν

1921 3970 2037 4027 hac
2082 3970 2319 4041 subjecit
2352 3989 2367 4026 :
2399 3970 2572 4027 Tanto
2598 3974 2905 4028 discrimine
2944 3975 3081 4028 inter
3121 3990 3176 4029 se
3224 3975 3503 4044 dissidere,

214 4070 341 4135 τὴν
387 4066 591 4134 αὐτὴν
628 4065 940 4136 ἐνέργειαν
970 4065 1164 4120 εἰπεῖν
1209 4068 1336 4120 καθ’
1372 4066 1450 4134 ἣν
1477 4065 1618 4133 τοὺς
1648 4065 1797 4135 ἀτγέι

1921 4072 2119 4134 quanto
2166 4061 2425 4119 dissident
2470 4065 2588 4132 ipsa
2621 4080 2799 4133 opera,
2843 4080 2962 4118 cum
2996 4065 3144 4134 nefas
3192 4067 3265 4120 sit
3313 4067 3504 4133 dicere,

212 4166 375 4227 λυυς
393 4160 709 4226 ἐποίησεν,
741 4158 778 4226 ἦ
812 4157 952 4223 τοὺς
972 4158 1232 4226 ἀστέρας
1273 4153 1375 4211 καί
1409 4158 1516 4212 τὸν
1536 4159 1795 4227 οἰρανὸν

1923 4155 2161 4210 eamdem
2182 4171 2295 4210 esse
2322 4156 2699 4223 operationem,
2736 4172 2840 4224 qua
2870 4156 3083 4226 angelos
3106 4157 3251 4226 fecit,
3278 4159 3358 4214 vel
3383 4162 3506 4215 stel-

212 4256 255 4322 ἣ
288 4256 399 4309 τὸν
443 4254 782 4320 ἄνθρωπον.
824 4251 977 4305 Ἀλλ’
1012 4250 1139 4315 ὅσῳ
1175 4251 1248 4305 τὰ
1294 4249 1438 4320 ἔργα
1475 4250 1594 4304 τῶν
1632 4252 1795 4321 ἔργω]

1925 4247 2004 4301 los
2031 4256 2081 4300 et
2108 4246 2319 4310 caelum,
2353 4245 2429 4300 vel
2457 4247 2723 4300 hominem
2758 4260 2776 4300 :
2807 4246 2896 4300 sed
2922 4258 3123 4318 quanto
3147 4264 3305 4319 opera
3336 4253 3508 4320 operi-

210 4347 621 4413 ανρεσεύτερα,
645 4343 741 4397 καὶ
758 4343 1084 4413 τιμιώτερα,
1108 4344 1376 4407 τοσούτῳ
1400 4343 1500 4397 καὶ
1529 4343 1643 4413 τὴν
1661 4343 1793 4413 ἐνέρ

1923 4336 2019 4391 bus
2048 4336 2423 4392 excellentiam
2463 4347 2512 4392 et
2542 4340 2923 4406 pra'stantiora
2965 4351 3109 4409 sunt,
3159 4353 3209 4398 et
3243 4348 3502 4413 operatio-

208 4454 391 4506 τειαν
444 4436 557 4504 τῆς
594 4435 898 4505 ἐνεργείας
936 4433 1370 4502 ἀναϐεϐηκέναι
1428 4437 1573 4505 φαίη
1619 4436 1696 4490 ἄν
1727 4453 1791 4490 tu

1922 4444 2039 4483 nem
2086 4429 2381 4497 operationi
2428 4439 2695 4486 antestare
2729 4434 2915 4489 merito
2952 4436 3070 4505 quis
3109 4444 3504 4508 asseveraverit,

208 4530 353 4599 περὶ
392 4531 617 4584 τούτου
672 4528 1195 4596 διαϐεϐαιούμενος
1212 4543 1226 4557 ⁸
1259 4526 1365 4587 ἅτε
1385 4526 1462 4595 δὴ
1483 4525 1601 4580 τῶν
1623 4526 1791 4582 αὐτῶῑ

1923 4521 2012 4591 qui
2037 4520 2122 4590 pie
2150 4522 2216 4576 de
2237 4521 2335 4576 hoc
2357 4523 2590 4593 cogitare
2620 4523 2738 4579 velit
2770 4542 2925 4581 :cnm
2949 4528 3145 4584 eadem
3176 4537 3506 4603 operationes

204 4621 538 4691 ἐνεργειῶν
555 4621 669 4689 τὴν
682 4623 1013 4688 ταυτότητα
1028 4618 1146 4674 τῶν
1160 4620 1351 4690 ἔργων
1367 4619 1787 4675 ἀποτελουσῶν

1925 4614 2129 4670 eosdem
2183 4616 2345 4671 etiam
2401 4616 2618 4686 eﬂ'ectus
2662 4617 3001 4687 producant;
3037 4639 3257 4693 euntque
3302 4625 3508 4683 dirersa

206 4714 317 4767 καί
359 4711 483 4767 τῶν
506 4712 1028 4782 stagnum-,er
1053 4711 1262 4782 ἔργων,
1314 4711 1789 4782 παρηλλαγμένα

1719 4728 1820 4778 νας
1919 4724 2081 4777 opera
2106 4707 2347 4764 diversas
2385 4710 2545 4764 etiam
2573 4713 2905 4780 operationes
2926 4714 3302 4773 demonstrent.

204 4805 317 4859 καὶ
342 4806 451 4871 τὰς
471 4804 777 4873 ἐνεργείας
802 4804 1234 4873 ἐμφαινόντων.

282 4895 483 4950 Ταῦτα
535 4896 716 4949 τοίνυν
756 4893 869 4964 ἐγὼ
916 4895 1014 4965 μὲν
1044 4893 1434 4966 ὑπολαμϐάνω,
1476 4895 1610 4967 μηδὲ
1655 4895 1818 4950 αὐτὸν

1988 4886 2117 4943 llaec
2174 4901 2245 4944 ne
2298 4887 2481 4959 ipsum
2529 4888 2752 4960 quidem
2804 4901 3090 4950 auctorem
3143 4894 3506 4966 intelligentia

202 4991 309 5043 τὴν
347 4988 673 5059 συγγραφέα
702 4987 961 5041 δύνασθαι
983 4987 1050 5042 ἂν
1069 4987 1316 5059 εὐπόρως
1337 4989 1532 5054 εἰπεῖν,
1559 4992 1589 5048 ὅ
1608 5006 1661 5043 τι
1688 5005 1785 5041 ποτ

1921 4983 2164 5053 assequi,
2220 4989 2374 5037 certo
2428 4981 2562 5037 mihi
2630 4984 2959 5052 persuadeo,
3019 4987 3158 5042 adeo
3214 4989 3504 5044 verborum

204 5084 429 5150 νοήσας
497 5078 879 5151 συνέγραψεν⁸
930 5079 1108 5145 οὕτως
1155 5079 1555 5134 ἀνατεοὸλωται
1606 5081 1673 5150 τῇ
1713 5079 1787 5133 oc

1922 5076 2079 5149 quasi
2111 5090 2273 5134 omne
2298 5076 2572 5133 sententia
2609 5078 2791 5133 ornnis
2821 5079 3108 5149 inquinata
3136 5089 3192 5138 et
3225 5084 3505 5137 sordidata

204 5175 317 5242 τῆς
386 5173 642 5243 ςρρὰσεως
692 5174 729 5244 ἡ
771 5172 980 5227 διάνοια
1008 5172 1117 5227 τῶν
1142 5172 1471 5243 εἰρημένων,
1502 5171 1577 5236 ὼς
1618 5171 1787 5242 μηδέν.

1923 5180 2025 5236 est,
2061 5179 2124 5225 ιιι
2167 5184 2330 5227 nemo
2359 5169 2455 5236 sit,
2482 5171 2576 5241 qui
2621 5170 2678 5225 in
2714 5170 2818 5227 hoc
2854 5172 3181 5230 elocutionis
3221 5190 3382 5231 canto
3422 5178 3506 5232 ali-

204 5267 273 5318 ἃν
338 5264 529 5318 atram
585 5263 825 5327 εὐκόλως
879 5265 938 5318 ὲν
974 5263 1052 5335 τῷ
1097 5263 1347 5339 βορϐόρῳ
1381 5262 1481 5332 τῆς
1522 5263 1786 5334 ἑρμηνεία

1921 5263 2139 5333 spicere
2186 5269 2358 5331 queat
2416 5275 2671 5332 quamam
2719 5261 2794 5318 sit
2838 5264 3092 5333 subjecta
3148 5266 3325 5322 notio.
3368 5268 3504 5323 Illud

206 5353 521 5424 ἒυνηθῆναι
548 5354 614 5408 τὸ
640 5353 907 5424 βούλημα.
943 5353 1016 5408 re
1048 5353 1174 5425 γὰρ,
1190 5352 1344 5422 πρὸς
1383 5352 1688 5420 τοσαύτην
1728 5351 1789 5417 ἐξ

1921 5355 2069 5411 enim
2099 5371 2113 5409 :
2150 5353 2323 5408 Tanto
2353 5354 2658 5411 discrimine
2683 5353 2905 5420 distare,
2928 5367 3127 5427 quanto
3168 5360 3364 5416 distant
3389 5364 3502 5433 ipsa

204 5446 519 5501 βινεῖσθαι
536 5446 852 5516 διαφορὰν,
878 5446 1029 5516 πρὸς
1048 5446 1289 5514 ὁπόσην
1315 5444 1393 5499 ἂν
1416 5442 1722 5514 ἐξικνῆται
1745 5461 1787 5498 τι

1923 5464 2105 5517 opera,
2154 5445 2374 5503 videtur
2429 5460 2555 5501 esse
2602 5445 2883 5516 Apollinis
2937 5448 3230 5518 cujusdam
3282 5452 3503 5522 oblique

204 5540 390 5608 ἑπτα,
412 5538 604 5603 Λοξίου
648 5537 795 5601 τινὸς
835 5537 976 5594 κατὰ
1013 5538 1106 5592 τὸν
1153 5535 1353 5605 ἔξωθεν
1384 5535 1554 5609 μῦθον
1582 5536 1787 5607 ὐπονοήη

1920 5538 2294 5607 vaticinantis,
2347 5545 2407 5595 ut
2435 5545 2757 5597 exterarum
2804 5540 3031 5614 scriptis
3075 5542 3271 5612 fertur,
3303 5555 3361 5604 et
3414 5560 3503 5603 as-

282 5718 339 5749 ”
390 5712 578 5773 llattls.
607 5674 804 5780 sum,
846 5712 932 5771 l9.
