4008 6210
578 309 687 366 δεῖ

1827 302 1884 358 S.
1921 301 2247 359 GREGORII
2267 304 2558 364 NYSSENI

3731 313 3841 370 352

579 427 787 480 dttores
835 420 894 475 in
956 419 1208 476 fraudem
1257 429 1315 477 et
1368 419 1742 491 deceptionem
1806 421 2160 492 ambiguitate

2267 441 2408 478 σειεν
2439 425 2505 480 ἄν
2539 443 2622 489 τις
2659 417 2800 477 εἶναι
2835 423 2968 496 πρὸς
2991 424 3206 496 ἀπάτην
3244 423 3349 478 τῶν
3375 423 3678 479 ἀκουόντων
3707 426 3838 498 φλη-

579 513 922 586 garrulitatis
960 513 1224 568 inducere
1270 514 1524 570 volemis.
1560 510 1617 567 Si
1649 525 1781 566 vero
1810 527 1897 566 me
1936 511 2005 567 iis
2037 527 2158 582 qua:

582 609 852 660 hactenus
893 604 1156 668 discussi,
1222 605 1587 666 insistentem,
1632 602 2008 672 conjecturam
2077 601 2162 655 fa-

580 711 707 752 cere
751 703 966 766 oportet
1000 696 1068 752 de
1116 696 1206 760 iis,
1264 712 1388 766 quae
1422 696 1525 750 hoc
1569 695 1692 748 loco
1729 693 1962 749 subdole
2001 693 2157 758 texit,

581 786 687 840 hoc
718 785 970 841 videlicet
999 787 1118 840 vult
1160 800 1433 847 asserere,
1491 794 1698 841 tantam
1771 781 2156 853 operationum

579 877 958 932 diversitatem
1003 877 1350 933 statuendam
1397 891 1538 940 esse,
1575 882 1779 946 quanta
1811 875 1883 929 sit
1915 875 2157 944 ipsorum

581 983 806 1039 cperum
841 968 987 1023 inter
1034 983 1093 1023 se
1127 976 1316 1022 mutuo
1356 967 1687 1022 diﬂ‘crentia.
1723 967 1792 1019 At
1823 966 1892 1020 de
1932 965 2160 1035 quibus-

581 1073 708 1110 nam
741 1059 1004 1126 operibus
1045 1057 1132 1112 hic
1178 1073 1486 1113 sermonem
1540 1057 1727 1119 faciat,
1763 1073 1868 1109 non
1904 1063 1990 1110 est
2028 1069 2160 1124 pro—

581 1149 719 1202 clive
749 1165 815 1202 ex
854 1149 1016 1204 dictis
1047 1150 1307 1220 colligere
1351 1169 1365 1203 :
1397 1151 1443 1205 si
1489 1151 1636 1203 enim
1677 1149 1918 1218 loquitur
1974 1147 2159 1202 de-re-

583 1240 708 1305 bus,
737 1256 860 1310 qua:
889 1243 944 1295 in
985 1253 1363 1297 creaturarum
1404 1242 1599 1297 ordine
1641 1243 2007 1303 collocantur,
2048 1255 2156 1293 non

584 1331 720 1385 satis
749 1332 1003 1401 dispicio,
1038 1335 1261 1404 quinam
1306 1336 1614 1388 cohaareant
1657 1334 1768 1388 hrec
1802 1348 1925 1386 cum
1962 1348 2158 1402 prazce-

583 1423 886 1477 dentibus.‘
909 1424 1046 1478 Cum
1085 1427 1229 1479 enim
1263 1427 1493 1495 quaestio
1523 1425 1594 1479 sit
1623 1425 1690 1480 de
1725 1425 1882 1479 Patre
1929 1433 1982 1479 et
2018 1425 2158 1478 Filio

582 1523 637 1568 ct
670 1514 875 1585 Spiritu
910 1525 1124 1581 sancto,
1159 1533 1266 1571 non
1300 1527 1547 1587 apparet,
1577 1533 1681 1586 qua
1721 1519 2010 1572 occasione
2039 1517 2155 1572 dis-

584 1615 732 1659 serat
761 1607 828 1660 de
857 1614 1023 1669 terra,
1059 1624 1222 1676 aqua,
1255 1625 1400 1674 aere,
1439 1611 1582 1678 igne,
1622 1610 2051 1678 animaliumque
2073 1608 2157 1661 di-

581 1698 979 1761 versitatibus;
1012 1700 1302 1768 verbisque
1321 1701 1580 1770 explicet,
1614 1708 1666 1754 et
1690 1701 1967 1755 describat
1991 1715 2155 1770 Opera

2265 516 2625 584 ναφουμένου.
2651 515 2791 569 Είδέ
2830 516 2935 586 χρὴ
2977 519 3091 580 τοῖς
3129 515 3622 588 προεξητασμένοις
3645 518 3846 587 ἑπόμε-

2264 627 2352 663 νον
2383 610 2476 662 καὶ
2499 609 2605 662 τῶν
2628 609 2859 663 ἐνταῦθα
2899 609 3047 680 αύτῷ
3077 609 3632 680 κατασκευαζομένων
3657 611 3852 680 στοχάο

2266 699 2485 763 σασθαι,
2549 699 2708 752 τοῦτό
2767 701 2935 764 ἐστιν,
2981 698 3010 750 ὃ
3051 697 3414 759 ἐνδείκνυται,
3474 700 3556 754 ὅτι
3587 697 3685 767 ὅση
3737 697 3848 751 τῶν

2263 789 2440 860 ἔργων
2465 792 2499 859 ἡ
2540 790 2674 861 πρὸς
2719 785 2924 858 ἄλληλά
2969 791 3085 842 ἐστι
3119 787 3460 859 παραλλαγὴ,
3497 788 3728 858 τοσαύτη
3757 789 3853 842 καὶ

2263 880 2372 933 τῶν
2403 880 2691 952 ἐνεργειῶν
2738 881 2771 951 ή
2813 881 3044 952 διαφορά
3075 881 3211 951 πρὸς
3242 879 3477 950 ἀλλήλας
3511 879 3847 951 ἐπιγνωσθή-

2263 979 2434 1022 σεται.
2465 970 2602 1042 Περὶ
2637 970 2798 1024 τίνων
2829 969 3005 1023 τοίνυν
3036 969 3212 1040 ἔργων
3241 968 3472 1021 ἐνταῦθα
3500 972 3729 1022 ποιεῖται
3758 971 3852 1021 τὸν

2262 1060 2439 1128 λόγον,
2470 1062 2568 1113 ούκ
2621 1061 2766 1113 ἐστιν
2819 1063 2882 1114 ἐκ
2925 1059 3032 1114 τῶν
3067 1059 3616 1132 εἰρημένωνέύρεῖν.
3649 1061 3710 1112 ΕΞ
3750 1060 3850 1130 μὲν

2261 1150 2519 1221 γάρπερὶ
2545 1150 2654 1202 τῶν
2683 1153 2741 1203 ἐν
2781 1154 2847 1221 τῇ
2894 1151 3069 1204 κτίσει
3109 1150 3254 1218 λέγει
3293 1150 3698 1219 θεωρουμένων,
3750 1150 3853 1202 οὐκ

2261 1239 2377 1297 οἴδα
2399 1243 2556 1297 ποίαν
2581 1243 2901 1296 ἀκολουθίαν
2929 1242 3039 1313 ἔχει
3067 1242 3239 1295 ταῦτα
3267 1243 3400 1313 πρὸς
3429 1243 3495 1295 τά
3514 1243 3849 1314 προάγοντα,

2260 1335 2372 1405 Τῆς
2402 1336 2510 1406 γὰρ
2539 1335 2816 1404 ζητήσεως
2837 1337 2966 1405 περὶ
2997 1334 3230 1405 Πατρὸς,
3260 1335 3353 1386 καὶ
3379 1333 3530 1395 Υἰοῦ,
3565 1335 3658 1386 καὶ
3687 1334 3849 1399 ἁγίου

2259 1427 2574 1496 Πνεύματος
2607 1425 2772 1496 οῦσης
2794 1469 2807 1491 ,
2876 1427 2998 1480 τίνα
3037 1426 3226 1497 καιρὸν
3253 1426 3364 1496 ἔχει
3399 1427 3520 1496 γῆν,
3557 1427 3648 1479 καὶ
3683 1425 3851 1496 ὕδωρ,

2258 1517 2352 1570 καὶ
2373 1518 2528 1588 ἀέρα,
2555 1519 2646 1571 καὶ
2691 1519 2822 1590 πῦρ,
2871 1519 2962 1572 καὶ
2991 1519 3090 1582 τὰς
3130 1517 3237 1570 τῶν
3269 1517 3422 1582 ζώων
3447 1517 3705 1588 διαφορὰς
3732 1536 3838 1586 φυ-

2263 1609 2548 1676 σιολογεῖν,
2596 1613 2692 1662 καὶ
2739 1610 2994 1675 διεξιέναι
3039 1609 3116 1680 τῷ
3167 1611 3346 1679 λόγῳ,
3391 1611 3485 1662 καὶ
3529 1610 3854 1678 διαγράφειν

2263 1698 2400 1768 ἔργα
2432 1698 2608 1769 ἔργων
2668 1699 3034 1769 πρεσϐύτερα,
3086 1699 3176 1750 καὶ
3223 1698 3544 1770 τιμιώτερα,
3577 1701 3670 1751 καὶ
3701 1700 3856 1768 ἐνέρ-

583 1790 842 1858 operibus
883 1791 1149 1861 dignitate
1180 1799 1234 1846 et
1283 1793 1606 1846 excellentia
1653 1795 2059 1860 praestantiora,
2113 1800 2160 1846 et

2267 1805 2422 1856 γειαν
2462 1790 2741 1858 ἐνεργείας
2803 1790 3196 1860 ἀναϐεϐηκέναι
3236 1789 3414 1857 λέγειν
3453 1790 3688 1858 εὐλόγως
3731 1792 3854 1844 δια-

583 1896 746 1950 qua-m
796 1882 958 1936 etiam
996 1883 1318 1951 prudenter,
1366 1892 1419 1937 et
1464 1897 1588 1936 cum
1626 1883 1842 1936 ratione
1884 1884 2160 1951 operatio-

587 1989 708 2026 ncm
739 1973 1047 2042 operationi
1074 1977 1402 2029 antecellere
1435 1984 1732 2030 asseveret.
1776 1976 1830 2028 Si
1874 1991 2005 2028 vero
2036 1975 2163 2029 uni-

583 2067 825 2134 genitum
849 2066 1046 2120 Filium
1072 2078 1124 2121 ct
1151 2069 1418 2138 Spiritum
1439 2079 1686 2122 sauctum
1709 2070 1954 2122 nominat
1975 2083 2162 2137 Opera,

581 2171 852 2224 quasnam
884 2157 1120 2225 appellat
1156 2159 1536 2226 operationum
1567 2156 1927 2216 dilferentias,
1962 2156 2164 2223 quibus

583 2261 751 2315 opera
786 2246 900 2300 haec
944 2246 1296 2300 elliciuntur?
1337 2247 1601 2310 Qumnam
1638 2248 1753 2301 istze
1798 2249 1930 2316 ipsae
1969 2260 2163 2314 opera-

583 2336 787 2398 tiones,
816 2350 938 2404 quae
974 2335 1111 2390 alias
1145 2337 1496 2406 operationes
1527 2337 1846 2406 praestantia
1877 2344 2165 2390 transcen-

583 2429 768 2482 dunt?
808 2426 996 2498 Neque
1033 2428 1297 2498 explicat,
1330 2427 1594 2496 quidnam
1628 2427 1899 2497 intelligat
1940 2427 2164 2480 nomine

586 2523 1020 2584 trauscensionis,
1058 2536 1164 2592 qua
1194 2537 1303 2576 una
1340 2521 1590 2591 operatio
1621 2521 1848 2573 alteram
1885 2527 2164 2571 transcen-

583 2615 687 2676 dit,
733 2631 912 2685 neque
947 2615 1246 2685 quidquam
1299 2614 1367 2668 de
1411 2624 1604 2668 natura
1630 2612 2010 2684 operationum
2051 2619 2163 2664 tra-

583 2705 746 2769 didit,
781 2708 876 2762 sed
941 2708 1229 2777 hucusque
1271 2707 1410 2760 nihil
1447 2722 1614 2776 agens
1647 2705 1895 2760 oratione
1935 2717 2163 2773 proces-

584 2801 677 2866 sit,
714 2815 838 2855 cum
885 2816 1061 2870 neque
1111 2801 1449 2854 demonstret
1497 2816 1592 2853 eas
1638 2796 1944 2852 secundum
1983 2809 2164 2850 essen-

584 2893 718 2946 tiam
753 2907 909 2947 suam
957 2892 1282 2955 subsistere,
1321 2907 1500 2959 neque
1532 2889 1834 2943 voluntatis
1865 2886 2158 2956 quamdam

585 2985 881 3039 motionem
909 3000 1004 3053 per
1035 3000 1094 3038 se
1132 2999 1236 3037 non
1271 2983 1662 3038 subsistentem
1695 2996 1839 3036 esse.
1877 2979 2159 3033 Sententia

582 3075 728 3129 enim
763 3091 977 3138 eorum,
1005 3091 1126 3145 qua:
1161 3075 1444 3136 disseruit,
1472 3075 1612 3127 inter
1647 3081 1936 3140 utramque
1966 3071 2156 3124 harum

584 3165 904 3234 opinionum
944 3166 1238 3230 ﬂuctuans,
1280 3175 1334 3220 et
1365 3165 1522 3235 quasi
1555 3165 1606 3217 in
1660 3163 1844 3218 medio
1869 3177 2158 3232 suspensa,

584 3257 651 3309 ad
691 3264 976 3325 utramque
1009 3256 1422 3326 persuasionem
1455 3255 1706 3308 inclinat.

655 3349 822 3402 Addit
852 3364 1004 3412 vero,
1041 3347 1196 3402 nefas
1231 3363 1356 3402 esse
1389 3347 1726 3408 existimare,
1755 3345 2003 3399 eamdem
2043 3359 2165 3398 esse

581 3443 987 3512 operationem,
1034 3457 1142 3510 qua
1203 3439 1427 3509 angelos
1477 3437 1630 3502 fecit,
1678 3439 1763 3492 vel
1817 3437 2030 3498 stellas,
2082 3434 2165 3488 vel

583 3535 812 3596 cmlum,
863 3533 950 3587 vel
978 3533 1252 3586 homines.
1289 3530 1506 3585 Rursus
1547 3544 1653 3599 qua
1708 3529 2037 3585 necessitate
2078 3525 2161 3580 vel

584 3628 731 3683 serie
787 3625 1181 3696 disputationis
1237 3631 1496 3687 coactus,
1548 3623 1662 3677 haec
1716 3621 1997 3692 praedictis
2063 3619 2162 3673 ad-

583 3720 858 3788 iunxerit?
879 3716 991 3772 Nec
1024 3717 1292 3787 intelligo,
1323 3714 1602 3786 quomodo
1643 3725 1767 3783 apte
1797 3712 2120 3768 conﬁciatur
2147 3730 2160 3766 :

587 3811 814 3866 Tantum
845 3811 1047 3865 distare
1089 3828 1120 3863 α
1156 3827 1210 3864 se
1245 3809 1596 3877 operationes,
1632 3815 1828 3879 quanto
1857 3806 2163 3860 discrimine

583 3907 699 3975 ipsa
730 3919 888 3973 opera
929 3905 1068 3957 inter
1115 3919 1170 3956 se
1211 3903 1497 3969 dissident,
1527 3917 1593 3956 ex
1631 3901 1734 3954 hoc
1771 3899 1916 3969 quod
1967 3897 2163 3967 probat

582 4013 693 4051 non
729 4011 921 4050 omnes
955 3993 1182 4050 ell'ectus
1219 4009 1286 4048 ex
1329 3993 1544 4058 eodem,
1603 3990 1700 4045 sed
1745 3991 1884 4043 alios
1923 4005 1988 4043 ex
2038 3989 2162 4042 aliis

581 4087 884 4142 exstitisse.
927 4084 1065 4139 Nam
1118 4085 1342 4152 cmlum,
1387 4096 1441 4139 et
1485 4083 1758 4152 angelum,
1787 4088 1841 4135 et
1882 4080 2162 4146 stellas,et

581 4177 884 4242 hominem,
917 4185 972 4232 et
1005 4177 1212 4240 omnia,
1249 4190 1370 4246 qua:
1401 4176 1456 4230 in
1485 4173 1752 4229 creaturis
1778 4178 2159 4236 numerantur,

581 4269 748 4325 unius
789 4284 913 4324 esse
946 4283 1137 4339 Opera,
1186 4282 1215 4320 a
1253 4268 1432 4322 sacris
1475 4265 1698 4320 Litteris
1729 4264 1908 4318 edocti
1945 4278 2158 4318 sumus.

582 4361 650 4414 At
679 4377 805 4416 vero
834 4363 937 4416 iste
969 4375 1094 4414 cum
1138 4373 1240 4414 suo
1289 4360 1561 4428 dogmate,
1602 4363 1836 4410 conatur
1873 4353 2162 4410 ostendere

2271 1881 2576 1951 νοούμενον.
2635 1883 2700 1936 Εἰ
2741 1880 2797 1933 δὲ
2847 1882 2938 1934 τὸν
2963 1882 3241 1950 Μονογενῆ
3282 1882 3430 1944 Υίὸν,
3476 1881 3568 1934 καὶ
3601 1883 3660 1934 τὸ
3695 1882 3854 1949 ἅγιον

2271 1973 2495 2044 Πνεῦμα
2519 1975 2913 2046 προσαγορεύει
2937 1973 3004 2026 τὰ
3036 1974 3190 2044 ἔργα,
3211 1975 3364 2038 τίνας
3392 1975 3538 2042 λέγει
3570 1975 3729 2027 πάλιν
3751 1973 3855 2036 τὰς

2267 2065 2374 2117 τῶν
2407 2065 2694 2134 ἐνεργειῶν
2720 2065 3000 2136 διαφορὰς,
3034 2065 3099 2118 δι’
3120 2059 3194 2118 ὧν
3228 2065 3295 2117 τὰ
3336 2064 3472 2134 ἔργα
3510 2064 3682 2118 ταῦτα
3709 2067 3851 2117 ἀπο-

2269 2156 2526 2221 τελεῖται;
2582 2154 2737 2218 Τίνες
2777 2156 2832 2208 δέ
2879 2157 3126 2210 κάκεῖναι
3171 2151 3327 2210 αὗται
3359 2159 3414 2208 αἱ
3464 2157 3753 2227 ἐνέργειαι,
3798 2157 3851 2208 αἱ

2267 2248 2366 2311 τὰς
2395 2247 2674 2317 ἐνεργείας
2705 2247 3091 2304 ἀναϐαίνουσαι
3119 2267 3133 2315 ;
3177 2247 3312 2302 Οῦτε
3352 2249 3458 2319 γὰρ
3489 2247 3585 2318 τὴν
3638 2247 3855 2301 ἀνάΰαο

2267 2357 2370 2392 σιν
2413 2339 2479 2409 ἦν
2512 2339 2821 2404 ἀναϐαίνει,
2866 2339 3047 2403 καθώς
3089 2357 3250 2411 φησιν
3293 2339 3487 2403 αὐτὸς,
3524 2341 3556 2408 ἡ
3603 2339 3853 2408 ἐνέργεια

2265 2429 2362 2498 τὴν
2379 2429 2676 2500 ἐνέργειαν,
2699 2431 2727 2482 ὅ
2749 2448 2799 2483 τι
2825 2431 2951 2484 ποτέ
2981 2433 3091 2484 νοεῖ
3115 2431 3458 2502 διεσάφησεν,
3487 2429 3609 2483 οὔτε
3638 2447 3690 2483 τι
3720 2431 3855 2500 περὶ

2265 2520 2365 2587 τῆς
2398 2521 2613 2589 φύσεως
2657 2522 2767 2575 τῶν
2813 2523 3103 2594 ἐνεργειῶν
3127 2523 3391 2593 διελέχθη,
3433 2523 3546 2576 ἀλλ’
3580 2525 3665 2576 ἐπ’
3698 2524 3856 2576 οῦδε-

2265 2612 2354 2674 νὺς
2377 2614 2536 2682 μέχρι
2566 2613 2658 2666 τοῦ
2693 2616 2787 2667 νῦν
2815 2615 3042 2685 βέϐηκεν
3084 2617 3113 2668 ὁ
3134 2615 3288 2681 λόγος
3323 2614 3490 2684 αύτῷ,
3527 2614 3650 2668 οῦτε
3678 2616 3738 2668 τὸ
3760 2618 3856 2669 οὐ-

2268 2704 2476 2768 σιωδῶς
2535 2705 2831 2774 ὑφεστάναι
2889 2705 3330 2770 κατασκευάζων,
3378 2706 3502 2761 οὔτε
3548 2707 3856 2778 θελήματός

2263 2815 2385 2852 τινα
2425 2800 2637 2871 κίνησιν
2663 2801 3028 2854 ἀνυπόστατον
3056 2799 3480 2870 ἐνδεικνύμενος.
3503 2801 3579 2850 Δι’
3606 2799 3727 2851 ὅλου
3742 2798 3859 2870 γὰρ

2262 2893 2294 2960 ἡ
2335 2892 2539 2946 διάνοια
2584 2891 2690 2945 τῶν
2721 2891 3026 2963 εἰρημένων
3074 2892 3168 2944 ἐπὶ
3198 2890 3290 2944 τοῦ
3325 2891 3490 2962 μέσου
3515 2889 3622 2945 τῶν
3646 2891 3859 2961 ὑπολήο

2261 2985 2405 3053 ψεων
2430 2987 2664 3056 ῥιφεῖσα,
2699 2984 2832 3056 πρὸς
2861 2983 3123 3054 ἑκατέρας
3153 2984 3251 3048 τὰς
3315 2984 3565 3046 ὑπονοίας
3593 2985 3860 3055 μεταρρι-

2263 3076 2496 3139 πίζεται.

2336 3352 2664 3423 Προστίθησι
2692 3351 2768 3416 δέ,
2801 3352 2882 3404 ὅτι
2909 3352 3028 3404 ούδέ
3052 3351 3206 3421 Θέμις
3246 3352 3344 3422 τὴν
3374 3351 3542 3419 αὐτὴν
3571 3351 3864 3422 ἐνέργειαν

2266 3445 2460 3503 εἰπεῖν,
2497 3443 2618 3495 καθ’
2648 3443 2714 3513 ῆν
2748 3445 2871 3505 τους
2897 3442 3158 3510 ἀγγέλους
3191 3443 3512 3512 ἐποίησεν,ἢ
3547 3445 3672 3505 τοὺς
3697 3445 3863 3497 ἀστέ-

2269 3550 2386 3604 ρας,
2425 3536 2516 3586 καὶ
2535 3535 2625 3586 τὸν
2658 3534 2906 3606 οὐρανὸν,
2943 3533 2974 3603 ἢ
3005 3533 3095 3585 τὸν
3115 3532 3419 3603 ἄνθρωπον.
3454 3535 3621 3587 Πάλιν
3669 3526 3857 3583 ταῦτα

2266 3627 2328 3677 ἐκ
2359 3625 2516 3690 ποίας
2534 3625 2855 3697 ἀνάγκης,ἦ
2888 3624 3205 3688 ἀκολουθίας
3239 3628 3349 3688 τοῖς
3394 3627 3703 3697 εἰρημένοις
3754 3629 3863 3678 ἐπε

2267 3718 2472 3787 ἡγαγεν
2500 3715 2568 3786 ;ἢ
2595 3717 2644 3770 τί
2677 3717 2876 3787 μᾶλλον
2909 3717 2997 3770 διὰ
3039 3717 3240 3770 τούτων
3263 3717 3756 3782 κατασκευάζεται;
3778 3716 3864 3778 τὸ,

2264 3808 2693 3877 Παρηλυιὰχθαι
2725 3810 2830 3876 τὰς
2878 3809 3180 3878 ἐνεργείας
3218 3808 3367 3863 κατὰ
3412 3811 3696 3869 τοσοῦτον
3741 3811 3860 3863 ἀλ-

2263 3902 2491 3966 λήλων,
2521 3900 2636 3968 ὅση
2669 3902 2766 3954 καὶ
2809 3900 2928 3952 τῶν
2952 3901 3141 3970 ἔργων
3168 3900 3340 3954 ἐστὶν
3364 3901 3402 3967 ’ἡ
3433 3901 3582 3969 πρὸς
3605 3902 3863 3969 ἄλληλα

2263 3992 2536 4060 διαφορὰ,
2567 3992 2644 4062 τῷ
2668 3991 2742 4062 μὴ
2769 3991 2864 4044 τοῦ
2888 3990 3050 4045 αὐτοῦ
3074 3992 3359 4061 τυγχάνειν
3390 3992 3526 4062 ἔργα
3553 3993 3620 4047 τά
3647 3993 3861 4056 πάντα,

2265 4085 2379 4140 ἀλλ’
2412 4087 2573 4156 ἕτερα
2603 4085 2660 4152 ἐξ
2689 4085 2877 4156 ἐτέρου
2908 4084 3231 4155 γεγενῆσθαι
3257 4085 3702 4148 κατασκευάζειν,
3741 4087 3864 4154 ἐγὼ

2267 4178 2364 4248 μὲν
2391 4179 2451 4230 ού
2473 4177 2702 4249 συνορῶ.
2726 4158 2966 4248 Οὐρανὸν
2979 4175 3107 4246 γὰρ,
3132 4176 3224 4228 καὶ
3245 4176 3493 4243 ἄγγελον,
3513 4177 3604 4228 καὶ
3619 4177 3865 4248 ἀστέρα,

2262 4269 2358 4321 καὶ
2390 4269 2694 4339 ἄνθρωπον,
2722 4267 2816 4320 καὶ
2833 4267 3009 4320 πάντα
3031 4266 3129 4319 ὃσα
3151 4265 3298 4319 ἐστὶν
3315 4268 3373 4319 ἐν
3397 4268 3462 4336 τῇ
3490 4267 3663 4319 κτίσει
3693 4269 3864 4321 νοού-

2267 4377 2424 4430 μενα,
2453 4361 2571 4424 ἐνὸς
2609 4361 2746 4430 ἔργα
2779 4363 2848 4414 τὰ
2897 4362 3074 4415 πάντα
3102 4365 3251 4434 παρὰ
3295 4364 3393 4433 τῆς
3418 4365 3636 4435 Γραφῆς
3665 4382 3866 4436 μεμα-

583 4469 690 4508 ιιοη
722 4452 886 4506 unius
903 4465 1069 4522 Opera
1105 4464 1230 4504 esse
1265 4447 1461 4500 Filium
1492 4455 1546 4501 et
1578 4444 1838 4515 Spiritum
1866 4451 2157 4506 sanctum;

2265 4449 2532 4520 θήκαμεν.
2579 4451 2636 4504 '0
2690 4451 2747 4504 δέ
2799 4452 2893 4505 τοῦ
2923 4455 3190 4524 δόγματος
3227 4456 3406 4508 αὐτῶν
3447 4457 3865 4522 κατασκευάζει

583 4546 680 4602 sed
712 4542 908 4598 Filium
947 4541 1166 4612 quidem
1203 4555 1328 4595 esse
1358 4555 1499 4608 opus
1531 4537 1890 4607 operationis,
1944 4550 2067 4604 qua:
2095 4549 2161 4588 ex

585 4639 760 4709 prima
793 4635 1102 4690 substantia
1139 4639 1358 4697 manat;
1393 4629 1662 4700 Spiritum
1693 4634 1874 4681 autem
1906 4635 2160 4680 sanctum

583 4723 766 4799 operis
789 4727 953 4796 hujus
982 4725 1126 4780 aliud
1150 4737 1274 4780 esse
1309 4738 1470 4794 Opus.
1507 4722 1662 4776 Dicat
1704 4721 1873 4791 igitur
1902 4721 2044 4789 ipse,
2077 4717 2160 4772 vel

583 4824 628 4877 si
672 4821 798 4892 quis
845 4819 987 4873 alius
1020 4815 1318 4872 reconditae
1371 4814 1522 4869 illius
1571 4812 1855 4883 sapientiae
1889 4811 2161 4880 particeps

582 4920 687 4976 est,
743 4926 907 4981 quam
949 4913 1170 4964 tandem
1223 4923 1350 4962 cum
1419 4907 1614 4961 borum
1667 4903 1972 4960 assertione
2029 4919 2164 4958 cou-

584 5007 873 5062 nexionem
893 5011 946 5058 et
969 5000 1412 5057 communionem
1436 4999 1658 5064 habeat,
1675 4999 1876 5054 caelum
1895 5005 1950 5053 et
1973 4998 2158 5060 homo,

584 5101 811 5168 angelus
840 5102 894 5151 et
925 5096 1116 5157 Stellaz,
1149 5099 1271 5164 quae
1309 5092 1491 5147 omnia
1541 5092 1644 5148 iste
1685 5091 1753 5146 ad
1785 5091 2159 5161 probationem

584 5205 732 5246 nunc
779 5187 1052 5244 assumit?
1104 5187 1161 5240 lu
1221 5185 1308 5241 his
1359 5185 1507 5240 enim
1558 5183 1853 5239 manifeste
1903 5182 2159 5250 impietas

583 5290 831 5352 apparet,
869 5289 923 5336 et
965 5295 1063 5352 per
1118 5293 1177 5334 se
1225 5278 1524 5347 conspicua
1573 5285 1694 5343 est;
1750 5283 1805 5329 at
1863 5275 2159 5344 impietatis

584 5376 833 5443 probatio
861 5382 914 5429 et
940 5373 1232 5429 allirmatio
1263 5371 1366 5427 sibi
1405 5371 1524 5442 ipsa
1563 5384 1791 5439 prorsus
1835 5375 1920 5422 est
1947 5366 2161 5422 dissen-

584 5472 763 5518 tanea.
795 5465 1032 5520 Credere
1062 5467 1207 5520 enim
1260 5465 1312 5517 in
1364 5462 1717 5518 sanctissima
1752 5459 2019 5513 Trinitate
2045 5468 2163 5511 tan-

585 5563 695 5607 tam
729 5571 852 5610 esse
876 5555 1276 5620 diversitatem,
1299 5562 1504 5624 quanta
1531 5551 1874 5621 conspicitur
1905 5551 1960 5605 in
1995 5556 2158 5613 creto,

586 5644 732 5715 quod
763 5645 972 5700 ambitu
1015 5662 1117 5700 suo
1145 5661 1364 5701 omnem
1411 5654 1719 5700 creaturam
1755 5642 2157 5712 complectitur,

586 5736 786 5794 collato
813 5751 936 5793 curn
963 5735 1126 5793 unico
1159 5737 1400 5804 homine,
1433 5739 1514 5794 vel
1545 5753 1669 5792 cum
1703 5735 1860 5792 stella
1899 5735 2154 5806 quapiam

2263 4542 2440 4610 λόγος,
2469 4544 2549 4596 ὅτι
2579 4544 2675 4614 οὐχ
2690 4543 2820 4607 ἑνὸς
2851 4545 2985 4616 ἔργα
3014 4547 3042 4598 ὁ
3068 4547 3214 4611 Υἱὸς,
3248 4549 3338 4600 καὶ
3362 4549 3421 4600 τὸ
3447 4549 3670 4619 Πνεῦμα
3691 4566 3704 4579 ·
3733 4551 3864 4603 ἀλλ’

2261 4635 2290 4686 ὁ
2318 4634 2416 4705 μὲν
2455 4635 2582 4698 Υἱὸς
2611 4636 2710 4705 τῆς
2752 4638 3135 4708 παρεπομένης
3162 4642 3228 4709 τῇ
3266 4640 3455 4713 πρώτῃ
3499 4641 3655 4712 οὐσίᾳ
3696 4643 3867 4713 ἐνερ·

2263 4727 2410 4806 γείας
2447 4727 2605 4798 ἔργον
2630 4728 2776 4780 ἐστί·
2808 4728 2869 4782 τὸ
2895 4729 2949 4783 δέ
2973 4731 3195 4801 Πνεῦμα
3221 4731 3316 4785 τοῦ
3345 4732 3504 4802 ἔργου
3541 4732 3698 4786 πάλιν
3731 4735 3869 4787 ἓτε-

2265 4837 2357 4891 ρον
2399 4819 2578 4891 ἔργον.
2631 4819 2764 4874 Τίνα
2801 4819 2896 4876 οὖν
2937 4824 3220 4876 κοινωνίαν
3268 4823 3379 4895 ἔχει
3425 4824 3561 4894 πρὸς
3601 4825 3699 4895 τὴν
3735 4828 3875 4881 ἐκεῖ

2263 4911 2606 4983 κατασκευὴν
2633 4915 2880 4985 οὐρανὸς,
2930 4917 3025 4967 καὶ
3061 4914 3363 4985 ἄνθρωπος,
3405 4915 3633 4984 ἄγγελός
3664 4934 3729 4970 τε
3763 4920 3873 4972 καὶ

2263 5002 2439 5073 ἀστὴρ
2471 5003 2565 5056 νῦν
2604 5004 3160 5074 συμπαραληφθέντες
3191 5006 3296 5058 ὑπὸ
3331 5005 3423 5060 τοῦ
3453 5005 3631 5074 λόγου,
3682 5009 3874 5074 αὐτὸς

2264 5098 2490 5162 εἰπάτω,
2516 5097 2549 5167 ἢ
2577 5098 2629 5150 εἷ
2657 5115 2740 5162 τις
2769 5097 2870 5168 τῆς
2897 5099 3209 5170 ἀπορρήτου
3241 5098 3428 5166 σοφίας
3456 5099 3620 5152 αὐτοῦ
3654 5117 3875 5155 κοινω-

2262 5191 2352 5254 νός
2373 5191 2552 5258 ἐστιν;
2589 5191 2676 5243 Ἑν
2725 5190 2935 5253 τούτοις
2974 5191 3081 5260 γὰρ
3130 5191 3192 5244 τὸ
3242 5191 3340 5262 μὲν
3370 5191 3564 5254 ἀσεϐὲς
3595 5196 3879 5264 φανερῶς

2262 5284 2373 5344 τοῖς
2392 5282 2699 5352 εἰρημένοις
2727 5281 3023 5350 ἐμφέρεται
3048 5299 3060 5311 ·
3103 5282 3136 5352 ἡ
3160 5281 3214 5333 δὲ
3243 5283 3342 5350 τῆς
3379 5282 3630 5345 ἀσεϐείας
3667 5299 3873 5336 κατα.-

2264 5371 2451 5442 σκευὴ,
2502 5371 2595 5423 καὶ
2664 5370 2801 5442 πρὸς
2845 5371 3044 5441 ἑαυτήν
3089 5373 3235 5423 ἐστιν
3264 5370 3610 5440 ἀσύμφωνος.
3643 5370 3717 5424 Τὸ
3754 5375 3880 5443 μὲν

2263 5461 2371 5531 γάρ
2398 5460 2603 5513 οἴεσθαι
2659 5461 2927 5530 τοσαύτην
2972 5462 3028 5512 ἐν
3065 5463 3132 5531 τῇ
3189 5461 3321 5531 ἁγίᾳ
3347 5459 3537 5531 Τριάδι
3578 5461 3880 5532 διατοράν

2264 5552 2601 5622 θεωρεῖσθαι,
2627 5553 2749 5605 ὅσον
2779 5552 2892 5604 ἐστὶ
2923 5553 3253 5621 κατανοῆσαι
3283 5552 3510 5623 ούρανοῦ
3534 5551 3625 5604 τοῦ
3663 5553 3880 5620 πᾶσαν

2263 5646 2360 5716 τὴν
2388 5645 2562 5698 κτίσιν
2580 5644 3064 5715 ἐμπεριειληφότος
3092 5645 3227 5716 πρὸς
3264 5643 3354 5697 τὸν
3392 5645 3486 5698 ἕνα
3520 5643 3596 5714 τῷ
3624 5644 3881 5719 ἀριθμῷ

2266 5737 2565 5807 ἄνθρωπον,
2593 5736 2624 5806 ἦ
2651 5737 2740 5790 τὸν
2772 5739 2827 5793 ἐν
2853 5736 3064 5808 οὐρανῷ
3081 5737 3403 5809 φαινόμενον
3426 5734 3647 5808 ἀστέρα,
3679 5753 3875 5806 (pave.
