4008 6210
216 331 333 385 355

1391 321 1679 378 'cosrrns
1716 294 2115 387 summust,
2154 321 2279 376 ιιε.
2319 319 2363 375 ι.

3385 315 3496 372 555

232 446 336 515 ραν
394 440 496 512 τὴν
542 436 796 492 ἀσέϐειαν
847 435 960 505 ἔχει
986 452 999 465 ’
1036 435 1097 488 τὸ
1133 434 1190 487 δὲ
1236 432 1663 503 συντεταγμένον
1707 432 1814 486 τῶν

1928 447 1982 487 ex
2025 431 2094 487 iis
2123 445 2244 502 quae
2293 430 2350 483 in
2399 427 2601 484 aethere
2654 431 2859 495 lucent,
2907 426 3255 499 perspicuam
3287 442 3400 498 pra:
3432 444 3495 486 se

230 529 541 601 νοημάτων,
574 525 670 579 καὶ
697 524 993 579 ἀκόλουθον
1020 523 1119 594 τῆς
1148 525 1276 594 περὶ
1306 524 1436 576 αὑτὸ
1461 522 1629 576 τοῦτο
1653 540 1816 577 κατα-

234 620 470 689 σκευῆς,
518 617 672 670 τοῦτό
714 634 878 688 φημι,
928 617 1068 687 μήτε
1117 616 1261 685 ἐμοὶ,
1302 617 1440 687 μήτε
1492 614 1642 686 αὑτῷ
1674 615 1813 686 τάχα

230 713 291 767 τὸ
310 709 435 784 ξτῷ]
454 710 625 781 πατρὶ
643 708 743 778 τῆς
756 706 1102 778 βλασφημίας
1122 706 1446 760 εὐσύνοπτον
1460 702 1618 760 εἶναι.
1634 707 1698 761 Εἰ
1717 707 1815 777 μὲν

233 805 339 874 γαρ
362 800 594 855 τοιαῦτα
622 801 753 870 περὶ
782 800 881 872 τῆς
909 799 1139 862 κτίσεως
1155 798 1447 866 ἐλογίζετο,
1483 800 1564 852 ὅτι
1590 798 1816 870 οὐρανὸς

233 898 332 969 μὲν
361 895 527 967 ἔργον
561 896 710 947 ἐστὶν
757 891 1159 964 ὑπερκειμένης
1198 892 1343 954 τινὸς
1385 892 1684 963 ἐνεργείας,
1718 892 1817 963 τῆς

230 984 287 1040 δὲ
317 984 398 1054 τῷ
425 981 643 1055 οὐρανῷ
676 982 1065 1053 παρεπομένης
1102 982 1380 1051 ἐνεργείας
1410 982 1755 1052 ἀποτέλεσμα
1789 984 1818 1035 ὁ

230 1077 434 1149 ἀστὴρ,
474 1074 687 1129 ἐκείνου
711 1073 768 1126 δὲ
796 1073 1046 1142 ἄγγελος,
1098 1072 1193 1126 καὶ
1222 1071 1431 1137 τούτου,
1457 1075 1485 1126 ὁ
1507 1072 1813 1144 ἄνθρωπος·

232 1166 378 1240 εἶχεν
409 1168 476 1222 ἄν
501 1184 556 1220 τι
595 1168 625 1219 ὁ
660 1166 820 1234 λόγος
855 1164 1001 1236 αὐτῷ
1022 1164 1112 1219 διὰ
1140 1166 1239 1235 τῆς
1276 1164 1385 1218 τῶν
1413 1165 1611 1236 ὁμοίων
1640 1183 1819 1238 παρα-

234 1261 439 1323 θέσεως
464 1255 895 1321 κατασκευάζειν
916 1258 977 1310 τὸ
1005 1256 1203 1327 δόγμα.
1245 1258 1309 1309 Ei
1333 1256 1389 1309 δὲ
1422 1258 1596 1311 ταῦτα
1626 1259 1722 1329 μὲν
1751 1258 1818 1311 δι’

230 1351 355 1414 ἐνὸς
424 1347 757 1419 γεγενῆσθαι
832 1348 925 1400 καὶ
972 1347 1136 1411 αὐτὸς
1186 1347 1491 1401 συντίθεται
1544 1348 1705 1418 (εἴγε
1746 1349 1820 1421 μὴ

232 1440 520 1502 παντελῶς
542 1443 609 1511 τῇ
640 1440 751 1492 τῶν
780 1437 1010 1509 Γραφῶν
1032 1440 1184 1508 φωνῇ
1215 1438 1540 1509 διαμάχεται
1564 1439 1605 1510 ),
1634 1440 1735 1510 τῆς
1763 1441 1820 1494 δὲ

231 1532 463 1586 ἐκείνων
513 1528 865 1600 κατασκευῆς
940 1528 1124 1600 ἕτερόν
1173 1545 1296 1582 τινα
1360 1529 1648 1602 διορίζεται
1702 1531 1822 1602 τρό-

233 1641 372 1678 πον’
406 1624 492 1687 τίς
532 1625 566 1695 η
595 1623 849 1676 κοινωνία
884 1622 992 1675 τῶν
1039 1621 1386 1692 ἐπαχθέντων
1424 1623 1561 1695 πρὸς
1586 1622 1656 1677 τά
1690 1641 1823 1695 προ·

233 1727 439 1787 αγοντα
460 1732 480 1783 ;
1450 1727 1459 1732 ’

306 1898 554 1953 Δεδόσθω
573 1898 630 1953 δέ
660 1916 714 1952 τι
737 1898 832 1953 καὶ
854 1898 1201 1979 κοινδνρἔαειν
1229 1897 1403 1979 ταῦτα
1433 1900 1567 1972 πρὸς
1609 1900 1825 1954 ἀπόδεις

233 1993 323 2057 ξιν
344 1993 445 2060 τῆς
472 1992 579 2044 τῶν
611 1990 810 2045 οὐσιῶν
853 1974 1207 2062 παραλλαγῆς
1232 2006 1249 2025 ο
1281 1991 1454 2045 ταῦτα
1490 1991 1600 2064 γὰρ
1633 1992 1821 2045 ἐπιθυ-

229 2087 335 2154 μεῖ
356 2083 421 2135 δι’
446 2076 521 2136 ὧν
549 2082 700 2150 λέγει
726 2081 1154 2147 κατασκευάζειν
1177 2096 1191 2112 ⁸
1216 2081 1351 2135 ἀλλὰ
1370 2082 1438 2136 τὰ
1470 2082 1669 2153 ἑφεξῆς

230 2176 546 2245 συνήρτησε
579 2175 690 2236 τοῖς
714 2172 1044 2243 εἰρημένοις,
1081 2172 1423 2244 ἀκούσωμεν.
1459 2174 1640 2242 Ὅσῳ,
1665 2174 1820 2246 φησὶ,

176 2330 179 2333 _
228 2265 310 2318 τὰ
361 2264 505 2332 ἔργα
546 2260 667 2316 τῶν
702 2263 894 2331 ἔργων
932 2263 1305 2332 πρεσϐύτερα
1346 2263 1444 2318 καὶ
1495 2262 1819 2334 τιμιώτερα,

228 2358 508 2421 τοσούτῳ
533 2355 634 2411 καί
679 2354 795 2423 τὴν
821 2355 1123 2425 ἐνέργειαν
1154 2355 1263 2425 τῆς
1290 2357 1592 2427 ἐνεργείας
1616 2358 1825 2412 ἀναϐε-

228 2448 483 2516 ϐηκέναι
504 2449 656 2518 φαίη
678 2447 755 2501 ἄν
772 2464 861 2511 τις
884 2447 1145 2513 εὐσεϐῶς
1172 2447 1616 2519 διανοούμενος.
1640 2449 1825 2504 Ταῦτα

230 2543 347 2610 μὲν
366 2540 416 2593 εἰ
446 2539 546 2610 μὲν
568 2539 695 2609 περὶ
715 2538 825 2592 τῶν
851 2537 1121 2608 αἰσθητῶν
1143 2537 1312 2606 λέγει,
1343 2539 1533 2610 πόρρω
1558 2540 1664 2593 τῶν
1694 2558 1827 2612 προ-

227 2630 506 2685 τεθέντων
536 2629 736 2684 ὲστὶνὸ
765 2629 955 2697 λόγος’
990 2629 1074 2693 τίς
1111 2629 1220 2702 γάρ
1259 2632 1293 2701 ἡ
1321 2631 1535 2703 ἀνάγκη
1573 2632 1663 2686 τὸν
1696 2633 1826 2704 περὶ

224 2723 351 2777 τῶν
377 2722 664 2793 δογμάτων
690 2722 864 2775 εἰπεῖν
894 2738 949 2774 τι
971 2720 1324 2792 προθέμενον,
1353 2722 1479 2795 περὶ
1502 2723 1599 2793 τῆς
1621 2721 1827 2789 τάξεως

225 2816 351 2869 τῶν
377 2817 438 2869 ὲν
464 2818 530 2886 τῇ
567 2815 897 2886 κοσμογονίᾳ
933 2810 1454 2886 δημιουργηθέντων
1495 2816 1824 2886 φιλοσοφεῖν,

228 2909 339 2963 καὶ
361 2906 720 2977 ὑψηλοτέρας,
771 2906 867 2959 καὶ
929 2904 1221 2976 ὑφειμένας
1265 2906 1364 2970 τὰς
1402 2908 1679 2978 ἐνεργείας
1731 2908 1826 2962 τοῦ

228 3000 532 3062 κτίσαντος
581 2997 717 3068 πρὸς
771 2997 930 3066 λόγον
971 2997 1072 3068 τῆς
1121 2998 1351 3052 ἑκάστου
1388 2997 1497 3053 τῶν
1528 2999 1829 3068 γεγονότων

230 3088 606 3159 πηλικότητος
625 3084 765 3141 εἶναι
795 3087 1251 3160 διισχυρίζεσθαις
1275 3089 1340 3143 Ei
1368 3087 1425 3142 δὲ
1448 3090 1576 3161 περὶ
1605 3090 1828 3143 ἐκείνων

226 3185 483 3235 ποιεῖται
512 3181 605 3233 τὸν
643 3180 822 3249 λόγον,
861 3181 954 3233 καὶ
1005 3180 1145 3252 ἔργα
1182 3180 1359 3250 ἔργων
1399 3181 1745 3254 πρεσϐύτερά
1770 3200 1831 3237 τε

227 3272 338 3325 καὶ
394 3270 700 3342 τιμιώτερα
749 3270 895 3340 λέγει
931 3269 1001 3324 τά
1029 3270 1427 3326 διαπλασθέντα
1475 3274 1604 3344 παρ’
1638 3272 1829 3338 αὑτοῦ,

231 3363 340 3416 νῦν
369 3364 430 3415 ὲν
452 3363 531 3434 τῷ
551 3361 799 3432 δόγματι,
818 3362 962 3416 τοῦτ’
984 3361 1098 3415 ἐστι
1121 3362 1214 3416 τὸν
1234 3363 1384 3429 Υἱὸν,
1409 3363 1504 3416 καὶ
1533 3363 1595 3417 τὸ
1610 3364 1832 3435 Πνεῦμα

230 3456 306 3507 τὺ
337 3454 518 3521 ἅγιον,
545 3454 689 3524 τάχα
720 3453 899 3517 καλῶς
942 3453 1075 3524 ἔχει,
1119 3457 1297 3526 σιωπῇ
1329 3454 1529 3525 μᾶλλον
1567 3456 1658 3510 τὸν
1678 3455 1833 3525 λόγον

236 3546 626 3615 βδελὺξασθαι,
674 3546 708 3617 ἢ
731 3545 820 3599 διὰ.
847 3544 939 3598 τοῦ
962 3546 1345 3618 συμπλακῆναι
1371 3546 1432 3599 τὸ
1449 3547 1625 3601 δοκεῖν
1647 3549 1829 3612 αὑτὸν,

236 3638 344 3691 καὶ
373 3636 532 3704 λόγον
560 3631 699 3690 εἷναι
723 3636 1147 3690 κατασκευάσαι.
1193 3636 1319 3700 Πῶς
1346 3635 1455 3707 γὰρ
1487 3637 1552 3691 ἂν
1583 3638 1831 3710 εὑρεθείη

237 3728 669 3799 προτιμότερον,
703 3730 760 3782 ὲν
777 3721 860 3790 οἷς
896 3728 995 3780 οὑκ
1024 3727 1140 3780 ἔστι
1172 3727 1234 3780 τὸ
1267 3728 1614 3799 ἀτιμότερον;
1645 3731 1706 3783 Εἰ
1733 3730 1833 3801 μὲν

238 3821 357 3891 γὰρ
408 3819 573 3891 μέχρι
624 3820 812 3873 τούτου
858 3823 924 3892 τῇ
963 3819 1100 3891 πρὸς
1143 3819 1204 3873 τὸ
1241 3820 1410 3874 κακὸν
1452 3820 1690 3890 εὐκολίᾳ,
1740 3823 1834 3875 καὶ

242 3915 563 3985 ἑτοιμότητι
602 3915 868 3985 πρόεισιν,
897 3913 1035 3969 ὥστε
1082 3914 1175 3968 τοῦ
1230 3914 1578 3985 ἀτιμοτέρου
1613 3916 1708 3969 καὶ
1733 3917 1833 3988 τὴν

238 4006 434 4076 φωνὴν
459 4006 555 4060 καὶ⁵
576 4006 673 4076 τὴν
685 4006 889 4059 ἔννοιαν
910 4005 1001 4060 ἐπί
1022 4023 1166 4070 τινος
1191 4008 1299 4062 τῶν
1320 4008 1378 4060 ὲν
1398 4010 1462 4079 τῇ
1496 4009 1626 4080 ἁγίᾳ
1643 4011 1832 4081 Τριάδι

236 4096 746 4165 δια-,πιστευομένων
789 4097 1101 4167 ὑπονοῆσαι,
1132 4095 1292 4166 βῦσαι
1333 4098 1402 4151 τὰ
1425 4093 1541 4153 ὦτα
1567 4102 1832 4171 προσήκει

234 4189 337 4240 καὶ
390 4189 608 4256 φυγεῖν,
659 4188 759 4256 ὅση
806 4187 1053 4257 δύναμις,
1103 4188 1212 4241 ἀπὸ
1256 4190 1425 4260 ἁκοῆς
1458 4193 1727 4262 πονηρᾶς’
1757 4192 1833 4255 ὡς

236 4282 309 4333 ἂν
345 4281 429 4350 μὴ
452 4279 707 4332 κοινωνία
741 4296 823 4343 τις
874 4279 967 4333 τοῦ
994 4280 1300 4351 μιάσματος
1330 4282 1537 4349 γένοιτο
1564 4282 1641 4352 τῷ
1674 4282 1833 4336 ἁκού-

232 4387 388 4425 οντι’
428 4370 683 4443 καθάπερ
712 4371 769 4437 ἐξ
798 4372 1018 4440 ἀγγείου
1049 4372 1194 4436 τινὸς
1219 4373 1459 4445 πλήρους
1491 4373 1831 4445 ἀκαθαρσίας

1922 523 2026 578 fert
2072 523 2433 593 impietatem;
2489 522 2886 576 cnnnexionem
2921 536 3053 576 vero
3103 519 3495 592 disputationis

1918 623 1973 669 et
2008 614 2256 670 ordinem
2289 614 2695 684 probationum,
2727 613 2795 667 ad
2824 613 2925 667 hoc
2952 613 3134 683 ipsum
3159 612 3496 668 concluden-

1920 704 2049 759 dum
2099 711 2154 759 et
2202 702 2716 767 demonstrandum,
2764 703 2851 757 aio
2899 717 3079 772 neque
3121 702 3275 765 mihi,
3318 717 3498 773 neque

1921 795 2175 852 fortassis
2208 796 2313 867 ipsi
2348 795 2645 867 impietatis
2684 795 2896 865 parenti
2933 795 3067 849 satis
3092 794 3324 864 liquere.
3356 792 3493 848 Nam

1920 890 1968 945 si
2017 890 2093 944 ita
2125 889 2194 944 de
2240 890 2407 944 rebus
2447 888 2649 944 creatis
2681 887 2987 951 statuisset,
3036 887 3238 941 coelum
3273 885 3495 957 quidem

1921 995 2060 1052 opus
2103 995 2228 1038 esse
2253 995 2522 1050 supremae
2551 978 2843 1049 cujusdam
2877 975 3215 1048 operationis
3237 1015 3252 1040 ,
3283 975 3495 1030 stellam

1920 1090 2051 1130 vero
2079 1073 2415 1144 operationis
2446 1072 2587 1143 ejus,
2624 1079 3028 1143 quaematuram
3053 1068 3181 1124 caeli
3211 1069 3497 1139 sequitur,

1922 1168 2091 1238 hujus
2131 1177 2316 1222 autem
2357 1166 2638 1237 angelum,
2661 1175 2716 1219 et
2743 1163 2908 1233 hujus
2937 1162 3215 1217 hominem
3240 1178 3259 1217 :
3290 1160 3495 1232 potuis-

1923 1268 2006 1317 set
2039 1260 2296 1316 fortassis
2325 1260 2504 1316 oratio
2526 1259 2647 1328 ejus
2676 1256 2886 1328 aliquid
2920 1257 3175 1311 evincere
3206 1270 3304 1324 per
3342 1254 3500 1311 simi-

1924 1355 2057 1408 lium
2090 1354 2252 1409 allata
2281 1360 2622 1424 argumenta.
2672 1351 2730 1406 Si
2770 1358 2950 1405 autem
2992 1351 3107 1403 haec
3133 1347 3317 1402 omnia
3345 1346 3497 1417 ipse-

1924 1455 2036 1500 met
2066 1445 2134 1500 ab
2181 1460 2293 1500 uno
2326 1443 2520 1500 eil‘ecta
2550 1444 2754 1499 fatetur
2777 1442 2907 1509 (nisi
2946 1440 3172 1495 omnino
3211 1452 3496 1494 sacrarum

1923 1534 2258 1593 Litterarum
2302 1538 2550 1592 oraculis
2587 1535 2972 1592 contradicere
3002 1533 3177 1602 velit),
3226 1539 3283 1587 et
3316 1539 3500 1585 tamen

1924 1627 2236 1685 eﬂ‘ectionis
2262 1644 2447 1684 rerum
2483 1630 2697 1684 illarum
2743 1628 2912 1682 alium
2941 1625 3234 1696 quemdam
3274 1623 3498 1678 modum

1926 1719 2249 1783 introducit,
2285 1738 2394 1775 non
2427 1729 2659 1791 apparet
2699 1717 2975 1790 quomodo
3003 1717 3117 1772 haec
3138 1730 3266 1772 cum
3296 1730 3500 1786 praece-

1924 1812 2182 1867 dentibus
2218 1814 2552 1870 cohaereant.

1997 1905 2103 1959 Sed
2136 1905 2402 1960 faciamus
2442 1906 2556 1960 haec
2586 1912 2715 1977 apta
2745 1920 2869 1960 esse
2917 1904 2985 1959 ad
3017 1903 3498 1960 demonstrandam

1924 1993 2288 2049 diversitatem
2341 1995 2817 2049 substantiarum:
2863 1994 2965 2048 hoc
3038 1992 3182 2047 enim
3250 1993 3500 2048 obtinere

1924 2084 2114 2154 cupit:
2165 2093 2404 2141 attamen
2462 2084 2734 2155 quomodo
2768 2101 2887 2155 quae
2920 2092 3226 2154 sequuntur
3260 2098 3385 2138 cum
3431 2083 3500 2139 iis

1925 2188 2045 2243 qua:
2108 2189 2272 2244 supra
2328 2174 2617 2239 disseruit,
2669 2189 2917 2230 connexa
2968 2176 3121 2239 sint,
3187 2175 3496 2230 audiamus.

1927 2264 2138 2330 Quanto
2164 2266 2327 2336 igitur
2364 2282 2521 2335 opera
2573 2266 2812 2335 operibus
2844 2266 3089 2337 digniora
3142 2274 3192 2319 et
3236 2275 3501 2338 praestan-

1927 2358 2064 2411 tiora
2101 2367 2244 2420 sunt,
2283 2366 2429 2411 tanto
2482 2357 2641 2411 etiam
2687 2358 3044 2423 operationem
3081 2355 3148 2409 ab
3200 2355 3501 2425 operatione

1926 2452 2163 2517 superari
2183 2451 2352 2504 omnis
2376 2449 2471 2504 ille
2491 2466 2595 2504 non
2621 2458 2836 2519 gravate
2862 2448 3035 2513 dabit,
3064 2449 3154 2519 qui
3184 2449 3269 2519 pie
3316 2448 3380 2503 de
3416 2448 3499 2504 Itis

1924 2542 2267 2611 cogitaverit:
2302 2542 2415 2596 haec
2448 2542 2593 2595 enim
2643 2541 2687 2595 si
2720 2541 2788 2595 de
2829 2541 2993 2595 rebus
3023 2540 3126 2595 sub
3160 2555 3381 2597 sensum
3408 2556 3498 2607 ca-

1924 2633 2182 2688 dentibus
2201 2634 2419 2695 asserit,
2454 2633 2614 2702 longe
2664 2647 2697 2687 a
2729 2633 3012 2704 proposito
3042 2632 3260 2686 aberrat
3281 2633 3497 2700 oratio;

1926 2742 2051 2782 nam
2084 2742 2205 2795 qua:
2248 2726 2552 2781 necessitas
2596 2726 2742 2795 cogit
2799 2725 2950 2778 illum
3007 2725 3100 2795 qui
3151 2725 3219 2779 de
3249 2725 3501 2780 doctrina

1928 2813 2048 2869 fidei
2078 2813 2358 2883 disputare
2389 2813 2714 2884 ingreditur,
2750 2813 3023 2869 disserere
3055 2813 3124 2869 de
3150 2814 3360 2880 ordine,
3389 2831 3503 2885 quo

1928 2922 2019 2962 res
2072 2907 2228 2961 initio
2272 2906 2459 2960 mundi
2519 2905 2724 2959 fuerint
2770 2904 3082 2975 dispositae,
3114 2904 3503 2978 Creatorisque

1929 2998 2276 3068 operationes
2306 2998 2620 3066 superiores
2647 3004 2702 3051 ct
2721 2995 3014 3053 inferiores
3055 2996 3226 3055 fuisse
3253 3012 3503 3054 asserere

1855 3115 1897 3171 ο
1931 3105 2030 3160 pro
2059 3090 2392 3161 perfectione
2445 3090 2704 3145 nimirum
2747 3105 2927 3145 rerum
2954 3092 3304 3147 creatarum?
3344 3091 3507 3159 Quod

1931 3182 1976 3237 si
2003 3182 2070 3237 de
2097 3183 2205 3239 illis
2256 3198 2564 3238 sermonem
2614 3182 2761 3247 facit,
2809 3198 2984 3254 eaque
3027 3198 3193 3255 opera
3239 3184 3502 3255 operibus

1930 3273 2178 3345 digniora
2213 3282 2266 3329 et
2293 3276 2681 3346 praestantiora.
2703 3276 2854 3342 dicit,
2882 3291 3002 3347 quae
3041 3277 3158 3347 ipse
3199 3294 3345 3334 nunc
3389 3279 3503 3349 pri-

1931 3382 2078 3420 mum
2109 3376 2452 3423 commentus
2480 3376 2565 3424 est
2590 3370 2739 3423 circa
2764 3368 2887 3424 fidei
2909 3369 3236 3435 doctrinam,
3263 3370 3368 3427 hoc
3394 3382 3500 3436 est,

1931 3451 1998 3507 de
2024 3451 2162 3507 Filio
2199 3462 2252 3508 et
2284 3451 2487 3523 Spiritu
2518 3464 2727 3518 sancto,
2765 3470 2944 3525 opera:
2970 3457 3206 3528 pretium
3249 3457 3504 3516 fortassis

1931 3543 2105 3613 magis
2135 3543 2319 3608 fuerit,
2342 3545 2562 3601 silentio
2592 3546 3076 3603 sententiamhanc
3101 3551 3398 3614 exsecrari,
3433 3568 3506 3607 ne

1931 3634 2002 3689 ob
2034 3634 2414 3691 refutationem
2440 3636 2693 3692 videatur
2720 3637 2928 3708 aliquid
2985 3639 3386 3709 probabilitatis
3440 3657 3505 3699 ac

1931 3726 2165 3781 rationis
2194 3726 2417 3783 habere.
2450 3725 2735 3793 Quomodo
2763 3731 2906 3784 enim
2937 3730 2992 3784 in
3025 3729 3100 3786 iis
3153 3734 3505 3801 praestantius

1930 3825 1986 3873 et
2032 3817 2251 3887 dignius
2304 3819 2628 3888 reperiatur.
2683 3820 2775 3875 ubi
2832 3837 2943 3875 non
2983 3821 3261 3877 invenitur
3317 3826 3503 3882 minus

1931 3917 2200 3980 praestans
2222 3917 2276 3965 et
2306 3911 2488 3966 minus
2512 3911 2736 3982 dignum
2766 3913 2789 3965 ?
2823 3911 2879 3967 Si
2909 3912 3053 3967 enim
3085 3928 3184 3967 sua
3211 3913 3278 3968 ad
3301 3917 3505 3985 impro-

1932 4000 2153 4056 bitatem
2184 3999 2444 4057 facilitate
2492 4012 2546 4057 et
2577 4003 2857 4058 alacritate
2887 4019 2952 4058 eo
3006 4019 3179 4074 usque
3208 4007 3495 4077 processit.

1933 4102 1992 4145 ut
2019 4092 2334 4163 indignioris
2365 4108 2584 4163 quoque
2619 4109 2807 4148 vocem
2833 4102 2886 4149 et
2915 4094 3165 4149 notitiam
3217 4096 3273 4151 in
3310 4112 3502 4153 eorum

1933 4184 2138 4253 aliquo,
2188 4202 2310 4255 qua!
2343 4187 2398 4240 in
2436 4185 2789 4242 sanctissima
2818 4184 3091 4241 'l‘rinitate
3152 4187 3335 4253 inesse
3385 4204 3506 4247 cre-

1931 4277 2157 4343 duntur,
2182 4278 2456 4339 admittat,
2486 4293 2584 4348 par
2612 4285 2716 4337 est,
2747 4285 2806 4330 ut
2838 4277 3111 4334 obturatis
3143 4279 3369 4336 auribus
3402 4294 3504 4350 pro

1933 4370 2078 4424 virili
2103 4377 2293 4424 nostra
2321 4379 2473 4438 parte
2526 4368 2798 4438 fugiamus
2824 4368 2892 4423 ab
2925 4368 3206 4425 auditione
3231 4371 3373 4426 mala
3397 4388 3413 4427 :
3437 4387 3508 4429 ne

237 4465 324 4526 είς
368 4462 474 4534 τὴν
517 4461 628 4516 τῶν
673 4463 976 4517 ἀκουόντων
1024 4463 1250 4535 καρδίαν
1277 4465 1678 4537 μεταχεομένου
1728 4465 1822 4519 τοῦ

1932 4462 2244 4517 communio
2277 4463 2456 4532 aliqua
2479 4463 2615 4517 tanti
2659 4462 2861 4534 piaculi
2891 4461 2960 4517 ad
2988 4463 3298 4520 audientem
3328 4472 3509 4522 trans-

232 4554 429 4623 λόγου.

309 4734 443 4796 Πῶς
473 4732 588 4803 γὰρ
614 4732 680 4786 ἄν
700 4751 784 4797 τις
812 4735 902 4787 ἐπὶ
929 4737 1029 4807 τῆς
1057 4736 1207 4800 θείας
1228 4754 1288 4790 τε
1309 4738 1402 4790 καὶ
1430 4737 1830 4809 ὑπερκειμένης

232 4826 463 4895 φύσεως
503 4827 682 4878 εἰπεῖν
726 4843 779 4878 τι
829 4826 1037 4881 τοιοῦτο
1085 4828 1407 4901 τολμήσειε,
1436 4829 1502 4883 δι’
1543 4823 1605 4884 οὗ
1631 4830 1691 4883 τὸ
1717 4831 1835 4883 ἀτι-

234 4918 479 4989 μότερον
548 4917 915 4989 συγκριτικῶς
965 4917 1070 4971 ὑπὸ
1115 4917 1273 4988 λόγου
1333 4918 1829 4985 κατασκευάζεταις

231 5008 377 5065 Ἵνα
399 5009 654 5074 πάντες,
684 5010 841 5080 φησὶ,
866 5010 1076 5079 τιμῶσι
1103 5010 1210 5066 τὸν
1238 5012 1392 5077 Υἱὸν,
1417 5012 1609 5080 καθὼς
1623 5013 1834 5082 τιμῶσι

228 5101 349 5155 τὸν
380 5100 641 5168 Πατέρα.
686 5098 797 5172 Τῆς
830 5097 922 5156 οὖν
953 5105 1136 5175 φωνῆς
1170 5104 1371 5175 ταύτης
1399 5105 1457 5159 τὸ
1484 5100 1601 5159 ῐσον
1627 5108 1724 5177 τῆς
1754 5123 1835 5160 τι·

235 5195 351 5264 μῆς
373 5190 779 5263 ωμοθετοὺσης
806 5209 821 5226 ν
875 5195 1039 5265 νόμος
1081 5196 1191 5265 γάρ
1233 5198 1379 5251 ἔστιν
1418 5198 1451 5269 η
1485 5196 1603 5251 θεία
1645 5199 1831 5270 φωνείγ

230 5279 400 5349 οὗτος
428 5288 533 5339 καὶ
552 5286 647 5339 τὸν
680 5287 842 5358 νόμον
871 5288 964 5340 καὶ
995 5287 1087 5341 τὸν
1118 5287 1412 5359 νομοθέτην
1459 5288 1620 5343 αὑτὸν
1657 5305 1837 5359 παραυ

234 5382 524 5449 γράφεται
550 5419 568 5446 ,
593 5379 787 5451 καὶτῷ
822 5382 923 5451 μὲν
963 5381 1204 5445 πλείονα,
1235 5380 1313 5451 τῷ
1361 5381 1419 5435 δὲ
1452 5381 1711 5436 ἐλάττονα
1738 5381 1835 5452 τὴν

231 5473 408 5542 τιμὴν
436 5469 713 5538 διανέμει,
737 5473 837 5527 οὑκ
889 5468 1007 5527 οἶδα
1032 5473 1181 5536 ὅπως
1206 5473 1277 5528 τὰ
1304 5471 1478 5546 μέτρα
1500 5472 1593 5527 τοῦ
1615 5472 1837 5527 πλεονάο

234 5562 429 5629 ζοντυς
456 5568 565 5633 τῆς
611 5563 778 5634 τιμῆς
818 5563 1148 5637 ἐξευρίσκων
1169 5583 1183 5597 υ
1207 5565 1300 5619 ἐπὶ
1343 5566 1442 5637 μὲν
1470 5565 1577 5637 γὰρ
1608 5566 1707 5637 τῆς
1736 5566 1830 5621 άν-

312 5761 368 5795 “
402 5758 573 5817 δοίη.
600 5776 656 5829 v,
680 5760 770 5816 25.

1933 4555 2140 4607 feratur
2168 4553 2436 4616 oratione,
2486 4554 2637 4609 velut
2689 4569 2757 4609 ex
2795 4569 2925 4609 vase
2956 4555 3137 4609 omnis
3168 4555 3507 4626 impuritatis

1934 4646 2254 4716 plenissimo
2283 4647 2337 4701 in
2366 4646 2700 4703 audientium
2746 4647 2961 4703 animos
2987 4645 3288 4703 transfusa.

2005 4737 2138 4793 Nam
2169 4737 2444 4808 quomodo
2500 4737 2627 4808 quis
2683 4738 2737 4792 in
2783 4738 2968 4793 divina
3016 4738 3108 4793 illa
3151 4746 3207 4793 et
3252 4738 3508 4795 omnibus

1933 4833 2294 4890 eminentiora
2312 4842 2506 4887 natura
2544 4831 2650 4887 tale
2679 4830 2883 4902 aliquid
2936 4829 3138 4901 lingere
3191 4830 3412 4898 audeat,
3448 4841 3510 4886 ut

1936 4920 2117 4976 minus
2178 4919 2400 4991 dignum
2475 4934 2572 4989 per
2635 4917 3098 4989 comparationem
3178 4919 3236 4974 in
3305 4918 3509 4977 divinis

1938 5011 2186 5068 adstruat
2215 5013 2237 5065 ἲ
2283 5012 2350 5066 Ut
2379 5028 2590 5077 omnes,
2625 5011 2824 5083 inquit,
2881 5012 3228 5083 honoriﬁcam
3263 5010 3465 5068 Filium
3488 5053 3505 5079 ,

1935 5104 2377 5174 quemadmodum
2434 5103 2787 5171 honoriﬁcam
2839 5101 3055 5157 Patrem
3078 5104 3146 5158 ”.
3176 5102 3311 5159 Cum
3344 5104 3510 5175 igitur

1933 5212 2035 5252 vox
2060 5197 2175 5252 haec
2215 5196 2579 5267 aequalitatem
2614 5194 2862 5262 honoris,
2893 5196 3052 5267 quasi
3099 5196 3218 5267 lege
3253 5196 3361 5251 lata
3390 5213 3509 5254 san-

1934 5292 2044 5347 ciat
2072 5310 2087 5345 :
2115 5291 2200 5347 lex
2233 5291 2378 5346 enim
2405 5300 2490 5348 est
2523 5305 2625 5346 vox
2659 5292 2847 5347 divina
2879 5310 2893 5347 :
2928 5292 3035 5348 iste
3061 5300 3117 5348 et
3139 5294 3315 5364 legem
3353 5303 3408 5351 et
3432 5295 3511 5352 le-

1933 5383 2244 5455 gislatorem
2282 5384 2463 5455 ipsum
2488 5383 2750 5449 traducit,
2806 5392 2863 5440 et
2900 5384 3031 5439 huic
3072 5384 3294 5454 quidem
3332 5387 3508 5459 majo-

1935 5488 2072 5538 rem,
2109 5472 2236 5528 huic
2265 5487 2396 5529 vero
2422 5474 2689 5531 minorem
2714 5474 2977 5530 honorem
3006 5474 3351 5545 impertitur,
3411 5492 3511 5533 ne-

1938 5566 2055 5623 scio
2086 5563 2305 5622 ubinam
2331 5565 2556 5638 majoris
2576 5574 2631 5622 et
2657 5564 2890 5623 minoris
2912 5578 3171 5624 mensura
3197 5578 3434 5641 reperta;
3453 5570 3510 5624 in
