4008 6210
562 326 667 385 355

1826 314 1886 370 S.
1912 313 2235 372 GREGORII
2263 315 2557 375 NYSSENI

3699 326 3803 383 556

561 434 844 499 hominum
892 436 1037 493 enim
1086 430 1362 489 communi
1409 428 1677 486 societate
1705 425 2003 503 diversitas
2040 428 2124 483 di-

2237 430 2501 503 θρωπίνης
2529 432 2832 502 συνηθείας,
2866 434 2919 486 αἱ
2942 433 3080 487 κατά
3103 433 3216 502 ξτάς
3242 432 3395 498 ἀξίας
3413 434 3685 507 διαφοραὶ,
3707 438 3808 504 τὰς

561 532 832 603 gnitatum
907 527 1143 580 honores
1190 521 1376 577 itidem
1430 520 1784 592 optimatibus
1825 520 2126 583 dimetitur,

562 622 635 676 ita
662 628 720 673 ιιι
750 614 955 672 subditi
989 628 1101 668 non
1146 612 1334 668 eodem
1395 618 1550 681 gestu
1611 615 1665 665 et
1721 610 1874 664 vultu
1932 610 2131 665 adeant

563 723 718 780 rcges
760 722 870 778 quo
920 705 1157 760 minores
1213 702 1584 774 magistratus.
1652 700 1756 756 Sed
1812 701 2128 755 adeuntium

562 800 740 870 major
773 795 991 868 quidem
1021 805 1075 851 et
1118 794 1452 850 submissior
1477 793 1693 848 timoris
1725 799 1779 848 et
1813 792 2132 847 reverentiae

566 888 896 959 signiﬁcatio
929 886 1169 942 ostendit
1224 899 1443 955 quoque
1479 883 1740 951 majorem
1778 888 1833 935 et
1865 882 2130 935 minorem

566 998 756 1038 eorum
842 980 935 1052 qui
1036 979 1381 1033 honorantur
1443 974 1766 1046 dignitatem
1823 979 1879 1027 et
1955 971 2134 1028 excel-

567 1075 829 1137 lentiam,
896 1071 1098 1141 quique
1161 1068 1422 1139 dignitate
1468 1065 1679 1135 priores
1752 1063 1894 1128 sint,
1954 1062 2132 1117 maxi-

567 1180 654 1219 me
718 1163 959 1217 declarat
999 1158 1350 1215 subditorum
1405 1157 1624 1211 habitus
1668 1163 1722 1210 et
1757 1155 1823 1209 ad
1870 1154 2133 1208 honorem

567 1255 930 1313 exhibendum
987 1250 1371 1315 conformatio,
1421 1247 1645 1318 quando
1704 1246 1832 1316 quis
1868 1244 2134 1315 proximis

566 1347 891 1403 metuendus
921 1358 1205 1414 apparere,
1254 1351 1307 1396 et
1342 1341 1550 1409 majore
1603 1340 1931 1404 reverentia,
1970 1350 2133 1406 quam

568 1441 683 1504 alii,
714 1437 859 1492 attici
902 1437 1074 1505 cupit.
1115 1433 1172 1487 lu
1203 1434 1385 1488 dit-ina
1442 1440 1624 1485 autem
1660 1438 1855 1484 natura
1911 1435 2137 1499 propter

568 1530 937 1589 omnimodam
963 1527 1224 1583 bonitatis
1256 1526 1668 1595 perfectionem,
1700 1538 1822 1593 qua:
1872 1522 1926 1574 in
1947 1521 2135 1575 divino

566 1623 792 1679 numine
818 1621 981 1683 inest,
1040 1633 1107 1672 ne
1150 1618 1450 1673 secundum
1499 1622 1742 1670 nostram
1798 1614 2016 1683 quidem
2052 1612 2136 1665 in.

568 1711 847 1782 telligendi
899 1710 1166 1765 rationem
1203 1708 1583 1779 praecellentia):
1618 1705 1855 1773 alicujus
1913 1702 2135 1757 modum

571 1770 816 1859 invenire
841 1803 986 1856 licet.
1024 1770 1233 1866 Quibus
1260 1799 1404 1852 enim
1445 1812 1620 1866 neque
1648 1770 1928 1865 potentiae,
1960 1806 2136 1862 neque
2166 1770 2208 1824 Β

571 1895 776 1965 gloriae,
803 1907 979 1963 neque
1009 1891 1308 1961 sapientize,
1340 1903 1515 1958 neque
1550 1886 1928 1957 benignitatis,
1957 1898 2138 1953 neque

570 1986 796 2040 alterius
842 1984 1165 2054 cujusquam
1209 1980 1557 2059 perfectionis
1591 1993 1852 2035 excessus
1918 1976 2000 2031 vel
2045 1974 2140 2028 tle-

571 2079 748 2134 fectus
778 2077 952 2140 adest,
1004 2076 1096 2130 sed
1130 2075 1312 2145 potius
1362 2075 1548 2128 omnia
1609 2072 1770 2135 bona,
1795 2083 1917 2139 quae
1969 2065 2139 2120 Filius

571 2170 754 2230 habet,
779 2168 960 2221 Patris
1014 2166 1201 2220 itidem
1232 2172 1381 2230 sunt,
1422 2174 1477 2220 et
1511 2179 1633 2234 qua:
1673 2161 1834 2216 Pater
1872 2158 2134 2229 possidet,

570 2264 626 2315 in
657 2260 791 2314 Filio
825 2273 1041 2328 quoque
1066 2258 1414 2325 reperiuntur
1446 2274 1459 2311 :
1510 2268 1745 2325 quanam
1789 2253 2002 2307 ratione
2039 2251 2141 2304 ho~

572 2354 724 2408 noris
746 2365 857 2420 prae
886 2348 1026 2402 Filio
1057 2348 1473 2417 prazrogativam
1506 2345 1654 2399 Patri
1698 2343 2038 2398 tribuemus?
2080 2339 2139 2397 Si

572 2443 775 2513 regiam
808 2449 1135 2510 potestatem
1175 2447 1230 2495 et
1257 2440 1637 2493 excellentiam
1674 2446 1854 2492 mente
1890 2434 2142 2490 eilorme-

572 2551 712 2595 mus,
774 2550 864 2589 rex
902 2542 983 2587 est
1007 2531 1216 2587 Filius:
1271 2533 1315 2585 si
1340 2532 1578 2601 jndicem
1624 2530 1945 2600 cogitemus,
1978 2541 2140 2581 omne

572 2624 836 2694 judicium
863 2621 1213 2688 Filiiest"-“;
1242 2622 1287 2676 si
1318 2620 1741 2692 magnitudinem
1771 2618 1991 2674 creandi
2025 2618 2142 2671 ani-

573 2729 663 2768 mo
700 2714 1096 2782 concipiamus,
1129 2712 1313 2765 omnia
1354 2726 1448 2780 per
1502 2712 1677 2780 ipsum
1715 2709 1855 2764 facta
1904 2717 2033 2763 sunt
2051 2709 2136 2760 ¹³ι

574 2804 620 2860 si
667 2804 720 2857 in
747 2804 1065 2858 memoriam
1111 2816 1430 2857 revocemus
1480 2790 1683 2857 nostra:
1722 2803 1847 2855 vita:
1893 2814 2137 2864 causam,

573 2896 825 2950 novimus
854 2907 1035 2949 veram
1094 2892 1239 2946 illam
1270 2893 1459 2955 vitam,
1512 2907 1633 2961 qua:
1691 2906 1864 2961 usque
1925 2890 1992 2943 ad
2044 2904 2142 2943 no—

575 2996 746 3042 stram
786 2995 1034 3039 naturam
1086 2997 1208 3038 sese
1242 2981 1491 3037 demisit:
1556 2982 1603 3036 si
1628 2982 2037 3036 translationem
2076 2995 2141 3036 ex

574 3078 814 3133 tenebris
846 3075 1007 3131 nobis
1031 3076 1101 3130 ob
1128 3076 1319 3130 oculos
1365 3089 1653 3144 ponamus,
1682 3088 1789 3128 non
1828 3074 2140 3143 ignoramus

576 3169 756 3223 lumen
789 3181 998 3230 verum,
1044 3179 1152 3235 quo
1202 3180 1233 3218 a
1267 3164 1617 3218 tenebrarum
1653 3164 1889 3233 caligine
1925 3162 2142 3217 liberati

572 3274 796 3317 sumus:
831 3257 975 3328 quod
1004 3256 1048 3312 si
1083 3255 1169 3311 cui
1208 3255 1476 3325 sapientia
1511 3254 1848 3309 honorabilis
1875 3253 2138 3315 videtun:

573 3367 641 3406 en
669 3350 920 3404 Christus
949 3346 1044 3401 Dei
1070 3344 1336 3415 sapientia
1354 3354 1405 3398 et
1430 3347 1592 3398 virtus
1618 3353 1698 3398 est
1729 3344 1793 3397 “.

644 3442 841 3496 Animo
866 3440 1030 3511 igitur
1064 3446 1251 3493 nostro
1301 3437 1368 3492 ad
1417 3437 1532 3491 haec
1584 3443 1639 3491 et
1686 3436 1883 3491 similia
1933 3433 2140 3489 Christi

574 3533 859 3596 miracula,
891 3538 1055 3602 prout
1081 3545 1179 3601 par
1197 3535 1586 3599 est,quantum
1602 3528 1765 3591 valet,
1800 3534 2009 3580 tantum
2040 3528 2143 3579 mi-

572 3626 729 3681 riﬁco
764 3623 1001 3695 quodam
1053 3621 1216 3677 modo
1270 3620 1604 3683 attendente,
1656 3621 1878 3689 quinam
1913 3617 2141 3672 honoris

572 3732 853 3781 excessus,
871 3723 926 3771 et
956 3729 1077 3785 quae
1099 3712 1504 3785 pmeminentia
1531 3712 1768 3782 relinqui
1803 3720 1998 3781 potest,
2022 3725 2143 3779 qua:

573 3808 725 3864 Patri
764 3808 865 3864 soli
901 3807 1183 3876 speciatim
1222 3810 1279 3859 et
1313 3804 1529 3875 proprie
1559 3809 1854 3873 competat,
1892 3810 1947 3856 et
1983 3801 2141 3869 cujus

571 3900 694 3971 jure
722 3914 917 3968 expers
945 3898 1017 3952 sit
1046 3894 1257 3951 Filius?
1290 3894 1401 3951 Nec
1437 3894 1711 3949 humanus
1737 3907 1864 3961 erga
1896 3891 2138 3945 divinum

574 4007 774 4049 numen
805 3990 980 4045 bonos
1017 3998 1165 4043 recta
1195 3987 1404 4041 ratione
1448 3985 1825 4041 consideratus
1857 3982 2006 4038 aliud
2031 3990 2138 4046 est,

570 4098 738 4155 quam
793 4080 1008 4136 aﬂ'ectio
1053 4078 1300 4150 quzedam
1362 4077 1568 4133 amoris
1621 4077 1805 4147 plena,
1852 4081 1906 4130 et
1951 4088 2139 4129 earum

570 4176 991 4246 perfectionum,
1019 4187 1141 4243 quae
1194 4171 1271 4225 illi
1316 4172 1526 4235 insunt,
1561 4166 1859 4228 confessio,
1898 4164 2140 4233 mihique

571 4266 808 4329 videtur,
847 4265 921 4318 ita
966 4262 1342 4319 honorandum
1391 4275 1513 4315 esse
1544 4258 1763 4322 Filium,
1795 4256 1938 4312 sicut
1970 4255 2141 4309 hono—

570 4368 732 4413 ratur
751 4355 931 4422 Pater,
966 4354 1069 4409 sub
1093 4352 1386 4406 dilectionis
1412 4351 1630 4405 nomine
1662 4348 1957 4403 indicatum
1995 4359 2135 4399 esse.

2229 523 2393 593 τιμὰς
2420 527 2530 587 τοῖς
2559 524 2849 596 κρατοῦσιν
2889 525 3180 597 ὁρίζονται,
3212 524 3288 589 ὡς
3331 526 3405 599 μὴ
3430 527 3487 579 ἐν
3521 528 3689 599 ὁμοίῳ
3715 531 3807 584 καὶ

2233 614 2333 685 ἴσῳ
2383 614 2460 685 τῷ
2511 616 2769 686 σχήματι,
2836 617 2963 679 τοὺς
3024 614 3368 687 ὑποχειρίους
3423 615 3697 685 βασιλεῦσί
3745 637 3809 675 τε

2234 705 2538 776 προσιέναι,
2591 707 2686 759 καὶ
2727 708 2846 770 ταῖς
2890 706 3315 777 ὑποϐεϐηκυίαις
3357 709 3589 778 ἀρχαῖς·
3616 709 3730 762 ἀλλ’
3770 711 3808 782 ή

2232 793 2430 847 πλείων
2457 811 2517 847 τε
2540 796 2632 848 καὶ
2658 796 2918 869 ὑφειμένη
2948 797 3039 850 τοῦ
3071 798 3232 866 φόϐου
3266 797 3360 852 καλ⁸
3382 798 3481 868 τῆς
3506 799 3682 864 αἰδοῦς
3701 800 3810 854 τῶν

2232 886 2558 955 προσιόντων
2601 887 2855 952 ἐπίδειξις
2919 889 2975 941 τὸ
3014 889 3188 943 ἐνδέον
3222 891 3314 943 καὶ
3370 891 3681 962 περιττεῦον
3706 895 3811 963 τῆς

2231 978 2393 1048 τιμῆς
2429 978 2519 1031 ἐπὶ
2561 978 2668 1032 τῶν
2715 979 3039 1049 τιμωμένων
3090 980 3419 1034 ἐνδείκνυται
3445 998 3458 1011 ’
3502 982 3594 1035 καὶ
3635 981 3810 1055 τούτῳ

2236 1068 2467 1139 μάλιστα
2493 1071 2618 1133 τοὺς
2638 1072 3061 1142 προτιμοτέρους
3100 1072 3157 1124 ἐν
3190 1074 3256 1143 τῇ
3280 1072 3515 1125 διαθέσει
3542 1073 3649 1125 τῶν
3676 1074 3809 1127 ὑπο-

2234 1162 2455 1231 χειρίων
2487 1161 2637 1215 ἔστιν
2685 1164 2885 1233 εὑρεῖν,
2941 1164 3069 1217 ὅταν
3102 1181 3186 1226 τις
3224 1164 3362 1235 ὑπὲρ
3383 1162 3475 1216 τοῦ
3502 1166 3616 1227 τοῖς
3642 1165 3812 1229 πέλας

2234 1254 2481 1325 φοϐερῶς
2527 1250 2666 1308 εἶναι
2716 1255 2932 1325 μᾶλλον,
2993 1256 3089 1308 καὶ
3149 1253 3394 1318 πλείονος
3441 1258 3541 1325 τῆς
3563 1255 3739 1319 αίδοῦς
3770 1256 3807 1328 ἦ

2234 1347 2377 1400 κατά
2399 1348 2523 1409 τοὺς
2544 1346 2762 1409 λοιποὺς
2794 1346 3074 1411 ἀξιοῦσθαι
3097 1346 3261 1399 δοκεῖ.
3306 1345 3430 1398 Ἐπὶ
3451 1346 3507 1399 δέ
3534 1349 3629 1416 τῆς
3659 1349 3810 1411 θείας

2236 1438 2467 1507 φύσεως,
2498 1437 2586 1491 διά
2611 1437 2673 1490 τὸ
2706 1438 2886 1507 πᾶσαν
2913 1437 3169 1507 τὴν-κατά
3184 1436 3242 1490 τὸ
3271 1436 3476 1505 ἀγωτδν
3503 1438 3812 1508 τελειότητα

2236 1527 2695 1598 συνεμφαίνεσθαι
2722 1527 2799 1598 τῷ
2825 1528 2917 1581 τοῦ
2945 1528 3102 1583 Θείου
3140 1529 3510 1599 προσρήματι,
3533 1530 3630 1581 οὐκ
3661 1528 3813 1581 ἔστιν

2235 1622 2434 1692 εὑρεῖν,
2469 1620 2609 1674 κατά
2645 1637 2707 1689 γε
2736 1619 2833 1690 τὴν
2868 1620 3143 1691 ἡμετέραν
3185 1621 3441 1683 διάνοιαν,
3474 1620 3564 1674 τὸν
3610 1620 3812 1691 τρόπον

2234 1713 2333 1782 τῆς
2362 1713 2759 1783 προτιμήσεως.
2791 1712 2877 1763 Ἐν
2903 1706 2983 1770 οἷς
3007 1711 3112 1783 γὰρ
3141 1711 3202 1763 οὐ
3223 1711 3523 1779 δυνάμεως,
3542 1712 3602 1764 οὐ
3627 1711 3808 1783 δόξης,

2235 1802 2296 1854 οὐ
2327 1802 2536 1869 σοφίας,
2555 1802 2615 1853 οῦ
2647 1800 3072 1872 φιλανθρωπίας,
3094 1800 3214 1854 οὐδέ
3235 1818 3376 1865 τινος
3401 1802 3535 1865 ὅλως
3552 1803 3649 1871 τῆς
3668 1802 3814 1855 κατά

2235 1893 2297 1946 τὸ
2342 1892 2543 1961 ἀγαθὸν
2592 1893 2803 1957 ἐννοίας
2888 1892 3224 1963 πλεονασμὸς
3273 1893 3306 1965 ἢ
3358 1892 3647 1956 ἐλάττωσις
3690 1894 3816 1944 ἐπι-

2236 1986 2457 2047 νοεῖται,
2487 1982 2621 2036 ἀλλά
2651 1983 2845 2046 πάντα,
2883 1984 2983 2036 ὅσα
3013 1982 3122 2053 ἔχει
3148 1985 3175 2036 ὁ
3195 1982 3322 2045 Υἱὸς
3342 1981 3540 2050 ἀγαθὰ,
3572 1980 3663 2034 τοῦ
3694 1982 3814 2034 Πα-

2237 2074 2363 2147 τρός
2383 2076 2517 2139 ἐστι,
2544 2074 2638 2128 καὶ
2672 2074 2746 2127 τά
2774 2073 2867 2128 τοῦ
2892 2074 3104 2146 Πατρδς
3128 2074 3306 2127 πάντα
3330 2075 3387 2126 ἐν
3407 2073 3483 2144 τῷ
3510 2072 3622 2142 Υίῷ
3670 2070 3814 2125 καθ-

2238 2170 2429 2240 ορᾶται
2449 2184 2463 2200 ⁶
2493 2167 2609 2228 πῶς
2653 2166 2984 2229 διατεθέντες
3010 2165 3071 2219 τὸ
3104 2165 3268 2218 πλέον
3280 2165 3378 2235 τῆς
3400 2165 3565 2234 τιμῆς
3594 2165 3686 2218 ἐπὶ
3712 2162 3813 2217 τοῦ

2239 2261 2452 2332 Πατρδς
2479 2258 2818 2329 ἐνδειξόμεθα
2841 2275 2855 2324 ;
2884 2259 2945 2311 Ei
2973 2256 3251 2329 βασιλικήν
3272 2256 3502 2327 δύναμιν
3514 2258 3632 2310 κατ’
3653 2256 3817 2321 ἀξίαν

2238 2356 2306 2424 τῇ
2338 2351 2545 2422 διανοίᾳ
2593 2349 2871 2420 λάϐοιμεν,
2909 2349 3158 2419 βασιλεὺς
3212 2352 3241 2402 ὁ
3281 2346 3443 2410 Υίός’
3492 2347 3587 2401 ὲάν
3618 2346 3817 2419 κριτὴν

2239 2443 2598 2512 ἐννοήσωμεν,
2630 2443 2663 2511 ἡ
2723 2440 2901 2511 κρίσις
2943 2441 3092 2493 πᾶσα
3124 2439 3218 2492 τοῦ
3256 2440 3385 2493 Υίοῦ
3418 2441 3595 2493 ἐστιν⁸
3618 2438 3713 2490 ἐὰν
3750 2435 3818 2487 τὸ

2243 2531 2524 2603 μεγαλεῖον
2559 2531 2659 2600 τῆς
2684 2529 2914 2591 κτίσεως
2941 2530 3007 2597 τῇ
3040 2526 3184 2598 ψυχῇ
3210 2525 3511 2595 δεξώμεθα,
3538 2525 3711 2578 πάντα
3740 2521 3817 2574 δι’

2239 2622 2402 2677 αὐτοῦ
2452 2622 2699 2690 ἐγένετο·
2758 2619 2852 2674 ἐὰν
2900 2619 2998 2688 τῆς
3032 2618 3305 2689 ἡμετέρας
3344 2618 3486 2687 ζωῆς
3512 2616 3611 2685 τὴν
3633 2614 3818 2667 αἰτίαν

2241 2714 2678 2783 κατανοήσωμεν,
2733 2710 2951 2779 οἴδαμεν
2995 2709 3095 2779 τὴν
3139 2708 3313 2778 ἀληθῆ
3346 2707 3491 2777 ζωὴν
3521 2707 3616 2776 τὴν
3647 2704 3817 2775 μέχρι

2240 2804 2338 2874 τῆς
2371 2802 2583 2870 φύσεως
2623 2798 2779 2870 ήμῶν
2842 2797 3155 2852 καταϐᾶσαν
3185 2814 3200 2828 ο
3234 2797 3335 2851 κᾶν
3373 2798 3437 2850 ἐκ
3463 2794 3553 2849 τοῦ
3588 2796 3820 2858 σκότους

2245 2895 2572 2965 μετάστασιν
2598 2890 3019 2961 καταμάθωμεν,
3051 2890 3151 2943 οὐκ
3186 2888 3488 2959 ἀγνοοῦμεν
3519 2886 3579 2940 τὸ
3606 2885 3719 2955 φῶς
3751 2885 3820 2938 τὸ

2243 2985 2512 3057 ἀληθινὸν,
2565 2982 2631 3035 δι’
2678 2974 2737 3035 οῦ
2782 2979 2877 3033 τοῦ
2918 2983 3142 3044 σκότους
3171 2977 3635 3050 ήλλοτριώθημεν·
3667 2977 3713 3028 εί
3751 2976 3818 3029 δέ

2167 3101 2210 3158 α
2243 3098 2342 3135 τινι
2390 3079 2567 3151 τίμιον
2595 3078 2629 3148 ή
2683 3076 2843 3146 σοφία
2874 3075 3042 3145 δοκεῖ,
3089 3073 3325 3147 Χριστὸς
3373 3070 3519 3127 Θεοῦ
3558 3070 3820 3139 δύναμις

2242 3173 2340 3228 καί
2366 3171 2513 3227 Θεοῦ
2544 3168 2748 3240 σοφία.

2312 3434 2456 3505 Πρὸς
2483 3432 2660 3486 τοίνυν
2682 3431 2751 3486 τὰ
2771 3428 2994 3485 τοιαῦτα
3012 3429 3106 3482 καὶ
3130 3428 3429 3500 τηλικαῦτα
3445 3428 3537 3482 τοῦ
3567 3429 3816 3499 Χριστοῦ

2243 3523 2513 3594 θαύματα,
2571 3522 2672 3592 τῆς
2720 3522 2898 3592 ψυχῆς
2955 3519 3132 3592 ήμῶν,
3188 3520 3330 3573 κατά
3384 3519 3446 3572 τὸ
3491 3519 3634 3582 είκὺς
3683 3519 3821 3571 ὅσον

2241 3617 2427 3687 χωρεῖ,
2454 3613 2701 3667 τοσοῦτον
2716 3612 3100 3684 θαυμαστικῶς
3128 3610 3519 3682 διατιθεμένης,
3542 3610 3624 3672 τίς
3647 3609 3824 3681 ὑπερ.

2241 3706 2371 3778 ϐολὴ
2404 3706 2567 3776 τιμῆς
2601 3704 3008 3776 καταληφθῆναι
3037 3705 3347 3775 δυνήσεται,
3387 3704 3485 3770 τῆς
3529 3699 3604 3770 τῷ
3633 3701 3823 3771 Πατρὶ

2244 3796 2389 3867 μόνῳ
2450 3794 2831 3866 κατεξαίρετον
2890 3793 3306 3865 προσαγομένης
3328 3830 3343 3860 ,
3400 3786 3466 3862 ἦς
3519 3791 3822 3860 ἀμοιρήσει

2239 3887 2558 3957 πρεπόντως
2589 3887 2620 3939 ὁ
2657 3885 2889 3957 Κύριος;
2939 3886 3079 3941 Δῦτδ
3105 3886 3213 3957 γάρ
3239 3885 3397 3939 τοῦτο
3425 3884 3459 3958 ή
3494 3881 3821 3960 ἀνθρωπίνη

2242 3978 2377 4048 πρὸς
2407 3977 2469 4031 τὸ
2507 3978 2661 4031 θεῖον
2708 3976 2871 4048 τιμὴ,
2923 3977 3064 4031 κατὰ
3094 3976 3182 4030 τὸν
3210 3978 3393 4030 εἰκότα
3423 3976 3548 4031 νοῦν
3575 3978 3826 4049 θεωρου-

2244 4068 2378 4139 μένη
2404 4109 2420 4131 ,
2460 4068 2683 4138 οὐδεμία
2725 4084 2811 4131 τις
2853 4066 2986 4137 ἄλλη
3029 4067 3214 4130 ἐστὶν,
3262 4066 3375 4121 ἀλλ’
3418 4066 3451 4138 ἢ
3494 4069 3825 4141 ἀγαπητικὴ

2242 4158 2443 4229 σχέσις,
2483 4158 2578 4212 καὶ
2616 4160 2649 4229 ή
2699 4158 2806 4212 τῶν
2833 4157 3141 4227 προσόντων
3196 4157 3343 4228 αὐτῷ
3372 4158 3588 4226 ἀγαθῶν
3618 4158 3828 4228 ὁμολο-

2240 4250 2356 4319 γία,
2401 4249 2492 4304 καί
2524 4268 2612 4320 μοι
2643 4250 2788 4304 δοκεῖ
2816 4249 2879 4303 τὸ
2903 4249 3044 4303 οὕτω
3073 4250 3183 4303 δεῖν
3222 4251 3481 4320 τιμᾶσθαι
3538 4250 3627 4304 τὸν
3657 4250 3822 4317 Υίὸν,

2239 4341 2314 4404 ὡς
2341 4342 2370 4394 ὁ
2417 4342 2605 4413 Πατὴρ
2632 4342 2878 4411 τιμᾶται,
2917 4340 3037 4393 ἀντὶ
3068 4338 3175 4407 τῆς
3205 4339 3439 4408 ἀγάπης
3469 4339 3573 4393 ὑπὸ
3599 4340 3691 4393 τοῦ
3727 4341 3830 4395 λό-

572 4448 681 4504 Lex
705 4449 850 4504 enini
874 4446 1113 4510 mandat,
1132 4452 1192 4499 ut
1221 4443 1389 4497 Deum
1421 4458 1487 4497 ex
1517 4449 1634 4495 toto
1648 4438 1815 4494 corde
1846 4446 1901 4493 et
1926 4435 2137 4490 viribus

2241 4451 2339 4502 γου
2363 4433 2635 4504 τετάχθαι.
2680 4434 2739 4486 ’0
2783 4433 2890 4504 γὰρ
2916 4432 3078 4503 νόμος
3109 4434 3169 4485 ἐν
3205 4432 3284 4502 τῷ
3313 4434 3533 4502 ἀγαπᾷν
3556 4432 3646 4486 τὸν
3673 4434 3830 4487 Θεὸν

570 4539 884 4609 diligamus,
907 4552 1017 4607 quo
1043 4535 1372 4591 conveniens
1401 4534 1449 4587 ei
1498 4532 1672 4585 honor
1703 4529 2049 4590 exhibeatur,
2083 4533 2138 4582 et

572 4641 918 4702 praeceptum,
945 4629 1087 4700 quod
1134 4627 1227 4682 hic
1255 4625 1621 4695 mqualitatem
1679 4620 1987 4676 dilectionis
2025 4619 2139 4674 velo

570 4732 631 4777 ut
669 4725 782 4794 lege
816 4724 922 4777 lata
949 4722 1141 4786 sancit,
1196 4720 1277 4776 sic
1316 4718 1391 4773 ait
1442 4723 1694 4785 oportere
1727 4711 1923 4767 Filium
1970 4714 2139 4767 bono-

2235 4522 2294 4589 ἐξ
2312 4523 2439 4593 ὅλης
2467 4523 2693 4593 καρδίας
2741 4522 3137 4593 καὶδυνάμεως
3192 4522 3289 4593 τὴν
3322 4523 3632 4594 πρέπουσαν
3660 4525 3830 4597 αὐτῷ

2234 4614 2395 4685 τιμὴν
2425 4614 2715 4683 ἀπονέμειν
2747 4612 2990 4667 κελεύει·
3032 4617 3126 4668 καὶ
3152 4615 3383 4669 ἐνταῦθα
3409 4614 3471 4667 τδ
3505 4615 3830 4669 ἰσοστάσιον

2234 4707 2333 4776 τῆς
2362 4705 2609 4775 ἀγάπης,
2656 4705 2685 4758 ὃ
2721 4706 2749 4757 ὁ
2791 4706 2947 4774 λόγος
3002 4706 3302 4776 νομοθετῶν
3349 4705 3491 4760 οῦτω
3525 4708 3657 4776 φησὶ
3694 4707 3828 4762 δεῖν

2236 4796 2496 4865 τιμᾶσθαι
2524 4795 2617 4848 τὸν
2645 4796 2794 4860 Υίὺν,
2827 4794 2902 4859 ὡς
2932 4798 2960 4849 ὁ
2987 4795 3171 4866 Πατὴρ
3200 4799 3443 4865 τιμᾶται.
3491 4797 3534 4849 Τ
3537 4797 3690 4850 οῦτον
3716 4798 3830 4852 τὸν

2237 4886 2436 4958 τρόπον
2460 4886 2560 4955 τῆς
2581 4886 2744 4955 τιμῆς
2775 4885 3011 4957 ἐπλήρου
3048 4887 3142 4938 καὶ
3181 4888 3210 4938 ὁ
3259 4886 3431 4956 μέγας
3467 4886 3631 4939 Δαϐὶδ
3669 4886 3832 4957 πρὸς

2236 4977 2326 5031 τὸν
2354 4977 2554 5048 Κύριον
2586 4976 2643 5029 εν
2671 4993 2775 5028 τινι
2800 4977 3067 5048 προοιμίῳ
3094 4978 3192 5047 τῆς
3217 4976 3551 5048 ψαλμῳδίας,
3587 4979 3831 5051 ἀγαπᾷν

2237 5066 2511 5138 ὁμολογῶν
2556 5065 2647 5120 τὸν
2693 5065 2915 5137 Κύριον,
2949 5066 3042 5118 atati.
3080 5065 3290 5130 διεξιὼν
3333 5066 3402 5118 τὰ
3447 5067 3544 5136 τῆς
3586 5066 3833 5135 ἀγάπης

2238 5160 2406 5229 αἴτια,
2454 5156 2655 5226 ἰσχὺν,
2697 5158 2791 5212 καὶ
2872 5159 3223 5227 κραταίωμα.
3268 5158 3361 5211 καὶ
3429 5156 3828 5226 καταφυγὴν,

2232 5252 2325 5305 καὶ
2344 5251 2604 5319 ρυστὴν,
2649 5251 2743 5304 καὶ
2790 5250 2938 5303 Θεὸν
2987 5250 3240 5317 βοηθὸν,
3282 5251 3377 5304 καὶ
3416 5249 3652 5312 ἐλπίδα,
3715 5250 3835 5302 καὶ

2232 5340 2710 5410 ὑπερασπιστὴν,
2739 5342 2833 5395 καὶ
2879 5342 3174 5409 σωτηρίας
3207 5342 3404 5409 κέρας,
3435 5341 3527 5394 καὶ
3570 5340 3839 5410 ἀντιλή-

568 4831 716 4880 rare,
736 4815 878 4870 sicut
927 4814 1231 4868 honoratur
1264 4811 1443 4865 Pater.
1473 4807 1630 4863 Hunc
1662 4807 1887 4862 honoris
1918 4807 2138 4860 modum

568 4905 877 4960 observavit
928 4903 1093 4959 etiam
1154 4915 1280 4970 erga
1338 4900 1626 4955 Dominum
1671 4913 1901 4968 magnus
1940 4894 2132 4957 David,

569 4994 624 5051 in
651 4994 916 5064 prommio
974 4991 1256 5060 cujusdam
1295 4991 1489 5062 psalmi
1540 4992 1606 5055 ",
1653 4989 1784 5044 dum
1843 4987 2134 5042 conﬁtetur

568 5086 794 5157 diligere
825 5100 886 5139 se
913 5083 1220 5147 Dominum,
1270 5082 1540 5152 simulque
1590 5078 1898 5135 dilectionis
1935 5090 2133 5131 causas

567 5177 824 5248 explicat,
855 5176 997 5247 quod
1046 5176 1254 5231 scilicet
1310 5174 1410 5231 sibi
1441 5182 1586 5229 esset
1629 5171 1908 5239 fortitudo,
1949 5168 2133 5235 ﬁrma-

568 5277 820 5333 mentum.
860 5276 915 5322 et
942 5266 1220 5336 refugium,
1253 5273 1307 5321 et
1342 5265 1610 5326 liberator,
1639 5270 1693 5317 et
1720 5260 1873 5314 Deus
1897 5258 2133 5312 auxilia-

569 5366 673 5421 tor,
701 5364 756 5414 et
784 5367 1062 5426 protector,
1095 5364 1150 5411 et
1190 5371 1350 5409 cornu
1387 5354 1599 5415 salutis,
1633 5359 1687 5407 et
1736 5350 1959 5419 adjutor
1987 5349 2056 5412 ³⁸,
2077 5356 2130 5401 et

569 5445 625 5499 id
665 5463 835 5517 genus
865 5449 993 5502 alia.
1028 5447 1084 5501 Si
1115 5448 1281 5517 igitur
1330 5445 1641 5514 unigenitus
1680 5442 1771 5497 Dei
1802 5439 1971 5496 Filius
2015 5440 2131 5494 haec

568 5536 752 5599 omnia
780 5553 881 5594 nec
911 5548 1018 5606 est,
1042 5554 1142 5594 nec
1174 5543 1412 5610 prastat,
1451 5534 1768 5606 negeturilli
1803 5547 1933 5588 sane
1952 5532 2131 5586 hono-

2233 5446 2438 5498 πτορα,
2464 5430 2557 5483 καὶ
2584 5428 2655 5482 τά
2682 5428 2905 5483 τοιαῦτα
2936 5429 3134 5485 καλῶν.
3163 5431 3225 5483 Εἰ
3254 5431 3353 5499 μὲν
3381 5426 3473 5484 οὖν
3502 5428 3600 5482 οὐκ
3658 5427 3839 5482 ἐστιν

2232 5522 2260 5574 ὁ
2289 5520 2580 5591 μονογενὴς
2620 5519 2745 5582 Υἱὸς
2788 5519 2959 5573 ταῦτα
3001 5522 3111 5583 τοῖς
3156 5518 3465 5591 ἀνθρώποις
3496 5516 3832 5586 γενόμενος,

601 5706 893 5769 "-“Joan.
925 5729 976 5781 ν,
1014 5714 1103 5769 22.
1215 5715 1258 5746 ”
1295 5713 1451 5769 Joan.
1484 5730 1520 5779 ι,
1549 5715 1600 5768 ’5.
1677 5711 1764 5764 “l
1800 5711 1919 5768 Cor.
1966 5709 2114 5775 ηειι.

2261 5703 2407 5762 Psal.
2445 5723 2537 5774 vn,
2578 5707 2628 5761 l.
2705 5707 2750 5738 ³⁸
2791 5704 2933 5761 Psal.
2967 5722 3097 5772 uti,
3135 5706 3190 5772 2,
3228 5707 3280 5762 5.

1215 5715 1258 5746 ”
1295 5713 1451 5769 Joan.
1484 5730 1520 5779 ι,
1549 5715 1600 5768 ’5.
