4008 6210
199 332 295 387 3‘57

1384 330 1663 388 CONTRA
1704 328 2106 399 ΕΕΝΟΜΙΒΜ,
2143 330 2270 386 LIB.
2309 332 2345 385 1.

3377 333 3479 387 52.3

196 447 604 501 ὑποπελλέσθω
629 447 691 501 τὸ
724 447 1019 513 πλεονάζον
1065 448 1165 519 τῆς
1209 447 1376 519 τιμῆς
1420 448 1513 501 ἐπὶ
1563 447 1779 512 τούτου,

1886 448 1961 502 ris
2028 446 2413 516 praecellentia,
2446 455 2504 499 ut
2546 446 2909 503 haeresiarcha
2939 450 3257 519 contendit;
3293 454 3340 510 si
3371 470 3467 512 au-

196 539 342 593 κατά
366 540 457 592 τὸν
482 539 579 610 τῆς
602 540 869 611 αἱρέσεως
894 539 1059 609 νόμον
1077 556 1090 568 ·
1118 542 1166 593 εἰ
1195 540 1253 593 δὲ
1273 540 1448 594 πάντα
1474 540 1665 605 ταῦτα,
1689 541 1782 594 καὶ

197 631 339 700 ὑπὲρ
366 630 541 683 ταῦτα
588 631 681 684 τὸν
714 632 979 703 μονογενῆ
1012 630 1146 685 Θεὸν
1173 626 1312 684 εἷναί
1357 649 1415 685 τε
1457 634 1549 685 καὶ
1581 634 1778 702 ὀνομά-

197 721 380 788 ζεσθαι
436 722 925 794 πεπιστεύκαμεν,
969 724 1110 777 κατά
1158 725 1338 778 πᾶσαν
1393 723 1600 793 ἀγαθοῦ
1644 725 1785 795 πρά-

199 830 398 881 γματος
441 813 536 866 καὶ
576 815 849 884 νοήματος
908 814 1171 877 ἐπίνοιαν,
1215 814 1349 884 πρὸς
1394 815 1455 867 τὸ
1500 814 1782 884 μεγαλεῖον

197 904 289 972 τῆς
316 905 374 954 ἐν
406 903 485 973 τῷ
515 905 694 971 Ila-cpt
720 905 1056 975 ἀγαθότητος
1087 906 1467 976 ἐξισαζὸμενον
1501 923 1513 935 ·
1565 905 1682 969 πῶς
1716 906 1784 960 ἄν

194 1010 275 1057 τις
293 993 527 1063 εὔλογον
555 993 692 1049 εἶναι
737 997 907 1066 λέγοι,
940 998 973 1068 ἣ
1008 998 1082 1068 μὴ
1124 999 1341 1068 ἀγαπᾷν
1368 998 1431 1052 τὸ
1455 996 1715 1062 τοιοῦτον,
1746 999 1779 1070 ἢ

196 1088 483 1157 ἀτιμάζειν
509 1089 570 1141 τὸ
597 1089 997 1159 ἀγαπώμενονς
1065 1092 1136 1144 Οὑ
1175 1092 1283 1161 γάρ
1314 1090 1379 1145 ἂν
1404 1092 1547 1145 εἴποι
1574 1110 1659 1155 τις
1681 1092 1781 1163 τὴν

197 1180 298 1249 μὲν
326 1181 549 1251 ἀγάπην
572 1183 681 1235 δεῖν
710 1185 768 1249 ἐξ
794 1183 921 1252 ὅλης
949 1183 1229 1253 ἕρχεσθαι¹
1266 1186 1365 1254 τῆς
1397 1185 1621 1254 καρδίας
1688 1184 1782 1237 καὶ

114 1308 117 1313 -
193 1270 294 1339 τῆς
321 1272 624 1343 δυνάμεως,
659 1274 758 1346 τὴν
802 1274 859 1328 δὲ
902 1275 1063 1346 τιμὴν
1094 1276 1151 1342 ἐξ
1190 1276 1467 1345 ἡμισείας.
1508 1277 1573 1329 Εἰ
1602 1271 1694 1331 οὖν
1722 1278 1783 1342 ἐξ

192 1363 323 1433 ὅλης
350 1364 453 1434 τῆς
482 1365 707 1435 καρδίας
730 1367 956 1436 τιμᾶται
986 1369 1013 1420 ὁ
1042 1367 1190 1430 Υἱὸς,
1215 1367 1303 1421 διά
1328 1368 1420 1421 τοῦ
1451 1372 1631 1423 πᾶσαν
1649 1370 1781 1423 ἀνα-

196 1454 410 1509 τιθέναι
444 1456 593 1527 αὑτῷ
645 1458 887 1529 ἀγάπην,
923 1459 1004 1521 τίς
1045 1459 1256 1512 ἐπίνοια
1285 1460 1346 1512 τὸ
1378 1460 1537 1513 πλέον
1570 1460 1670 1530 τῆς
1698 1479 1779 1514 τι-

194 1547 307 1618 μῆς
328 1547 631 1619 ἐξευρήσει,
660 1549 789 1620 ὅλης
821 1550 922 1619 τῆς
952 1550 1198 1621 καρδίας,
1223 1551 1345 1604 ὅσον
1375 1554 1564 1622 χωρεῖ,
1591 1552 1781 1605 τοσοῦ-

192 1657 285 1693 τον
302 1639 453 1711 αὑτῷ
476 1640 565 1693 διὰ
589 1642 687 1711 τῆς
713 1641 935 1711 ἀγάπης
991 1642 1049 1694 τὸ
1075 1643 1175 1712 τῆς
1199 1645 1361 1714 τιμῆς
1388 1644 1584 1714 μέτρον
1611 1644 1782 1715 δωρο-

193 1730 507 1801 ᾳοροὺσηςς
538 1732 700 1785 Ὥστε
745 1732 971 1803 μάταιος
1014 1734 1106 1786 ἐπὶ
1150 1733 1257 1786 τῶν
1308 1736 1448 1788 κατὰ
1493 1736 1653 1803 φύσιν
1698 1753 1783 1788 τι-

192 1825 343 1895 μίων
390 1826 421 1876 ὁ
469 1824 531 1878 τὸ
580 1825 976 1896 προτιμότερον
1021 1825 1381 1897 δογματίζων,
1424 1829 1519 1881 καὶ
1557 1828 1643 1881 διὰ
1684 1829 1783 1897 τῆς

188 1916 457 1987 τοιαύτης
496 1915 837 1986 συγκρίσεως
870 1914 964 1969 τοῦ
1007 1916 1328 1988 ἀτιμοτέρου
1377 1918 1655 1989 παριστῶν
1686 1919 1782 1990 τὴν

182 2008 431 2063 ἔννοιαν.

268 2191 444 2245 Ἀλλά
484 2192 579 2244 καὶ
614 2189 675 2243 τὸ
702 2190 1109 2259 πρεσϐύτερον
1164 2190 1257 2243 ἐπὶ
1287 2189 1385 2260 μὲν
1410 2189 1507 2259 τῆς
1553 2188 1783 2253 κτίσεως

180 2285 379 2351 λέγειν
411 2282 611 2352 ἀληθές
642 2283 759 2335 ὲστι
788 2300 802 2313 ο
853 2282 954 2352 τῆς
984 2282 1093 2353 γὰρ
1119 2281 1439 2345 ἀκολουθίας
1470 2280 1577 2335 τῶν
1605 2281 1782 2353 ἔργων

181 2378 248 2430 ἐν
301 2377 369 2445 τῇ
418 2373 569 2438 τάξει
606 2368 718 2427 τῶν
746 2372 966 2444 ἡμερῶν
1005 2372 1384 2444 δεικνυμένης,
1430 2372 1575 2427 εἴποι
1607 2391 1690 2437 τις
1716 2372 1782 2427 ἂν

176 2468 296 2538 τῆς
346 2466 441 2520 τοῦ
494 2465 783 2538 ἀνθρώπου
845 2468 1189 2537 κατασκευῆς
1250 2465 1463 2520 τόσονδε
1521 2465 1784 2538 προγενέ⁸

182 2574 389 2626 mpm
429 2552 569 2611 εἶναι
608 2559 700 2611 τὸν
740 2557 991 2626 οὐρανὸν,
1034 2558 1128 2611 καλ⁵
1172 2555 1524 2627 διαμετρήσει
1560 2556 1650 2609 τὸν
1693 2555 1782 2610 διὰ

181 2649 367 2720 μέσον
412 2649 604 2719 χρόνον
642 2641 721 2719 τῷ
753 2648 863 2701 τῶν
893 2647 1117 2720 ἡμερῶν
1161 2647 1512 2717 διαστήματι.
1570 2647 1695 2699 Ἐπὶ
1723 2646 1780 2699 δὲ

177 2742 293 2810 τῆς
322 2741 549 2813 πρώτης
576 2740 791 2809 φύσεως
813 2742 914 2811 τῆς
942 2742 1123 2794 πᾶσαν
1153 2740 1252 2809 μὲν
1288 2739 1543 2816 χρονικὴν
1573 2738 1779 2792 ἔννοιαν

178 2831 625 2903 ὑπεραιρούσης,
654 2833 835 2885 πᾶσαν
868 2831 910 2884 δ’
942 2832 1181 2885 ἐπίνοιαν
1206 2832 1616 2903 καταληπτικὴν
1648 2832 1784 2884 ἀπο·

174 2922 513 2993 λειπούσης,
546 2924 608 2976 τὸ
641 2924 741 2995 μέν
774 2942 827 2976 τι
855 2924 1115 2993 προάγειν
1140 2924 1198 2979 ὲν
1224 2928 1336 2987 τοῖς
1376 2923 1518 2978 κατά
1542 2923 1633 2976 τὸν
1659 2924 1783 2996 χρό-

175 3030 279 3068 νον
314 3013 661 3084 πρεσΰείοις,
710 3013 773 3067 τὸ
809 3013 867 3068 δὲ
898 3014 1272 3086 ὲφυστερίζειν
1301 3014 1527 3079 οἴεσθαι,
1557 3015 1656 3085 τῆς
1687 3014 1782 3067 νῦν

175 3105 563 3175 ἀναφανείσας
609 3106 801 3174 σοφίας
835 3107 1000 3160 ἐστίν.
1061 3105 1120 3159 '0
1152 3106 1261 3177 γὰρ
1292 3105 1660 3178 πρεσϐύτερον
1689 3105 1780 3159 τὸν

176 3200 417 3269 Πατέρα
445 3202 547 3270 τῆς
576 3198 667 3251 τοῦ
716 3199 1051 3268 Μονογενοῦς
1094 3199 1445 3262 ὑποστάσεως
1484 3199 1783 3268 ἀποφαινό-

180 3309 395 3362 μενος,
442 3291 595 3343 οὑδὲν
638 3291 766 3345 ἄλλο
821 3291 853 3363 ἢ
909 3290 1170 3360 νεώτερον
1216 3292 1323 3343 τῶν
1367 3289 1456 3342 διὰ
1507 3289 1601 3342 τοῦ
1647 3288 1777 3342 Υἰοῦ

178 3383 505 3452 γενομένων
555 3382 720 3435 αὑτὸν
753 3382 841 3436 τὸν
867 3383 995 3437 Υίὸν
1024 3381 1410 3451 ἀποφαίνεται·
1448 3382 1607 3451 εἴπερ
1642 3379 1777 3450 ἀλη-

180 3473 281 3538 θὲς
307 3476 522 3537 πάντας
572 3474 774 3537 αἰῶνας
812 3474 905 3526 καὶ
935 3474 1043 3526 πᾶν
1069 3472 1342 3543 διάστημα
1367 3472 1614 3545 χρονικὸν
1642 3471 1778 3542 μετά

176 3565 277 3621 τὸν
310 3566 472 3631 Υἱδν,
503 3568 599 3619 καὶ
646 3565 733 3620 διὰ
760 3566 854 3620 τοῦ
891 3564 1021 3620 Υἱοῦ
1049 3564 1376 3635 γεγενῆσθαι
1416 3564 1615 3633 λέγειν.
1666 3563 1778 3618 Καὶ

178 3660 265 3715 ἔτι
313 3661 455 3731 προς
500 3659 732 3723 τούτοις,
780 3660 917 3732 ὅπερ
959 3661 1054 3713 καὶ
1092 3658 1293 3730 μᾶλλον
1338 3657 1633 3728 ἀπελέγχει
1679 3656 1778 3727 τὴν

179 3754 429 3806 ἀτοπίαν
454 3753 551 3805 τοῦ
573 3752 861 3822 δόγματος,
896 3753 955 3806 οὑ
987 3751 1146 3821 μόνον
1179 3750 1257 3821 τῷ
1284 3749 1397 3821 Υἰῷ
1436 3766 1777 3803 κατασκευα-

178 3841 454 3910 σθήσεται
497 3842 723 3910 χρονική
761 3858 845 3904 τις
886 3842 919 3910 ἠ
963 3841 1106 3912 ἀρχὴ
1150 3843 1249 3911 τῆς
1275 3840 1563 3912 ὑπάρξεως
1588 3840 1651 3892 ἐκ
1682 3839 1776 3893 τοῦ

174 3933 432 3987 τοιούτου
458 3931 645 4001 λόγου,
668 3931 780 3985 ἀλλ’
809 3932 928 3985 οὑδὲ
948 3932 1040 3985 τοῦ
1069 3932 1280 4003 [ἰατρὸς
1308 3934 1373 3985 ὲκ
1398 3931 1498 4002 τῆς
1521 3930 1791 4002 τοιαύτης·

174 4024 521 4088 ἀκολουθίας
544 4023 843 4093 φείσονται,
888 4024 949 4078 τὸ
984 4024 1060 4096 μὴ
1088 4025 1209 4094 οὑχὶ
1236 4024 1486 4078 κάκεῖνον
1513 4024 1623 4076 ἀπὸ
1649 4022 1778 4094 xpo-

172 4133 273 4169 νου
307 4117 413 4187 τὴν
443 4115 621 4186 ἀρχὴν
663 4116 955 4186 ἐσχηκέναι
990 4114 1394 4170 κατασκευάσαι
1426 4131 1440 4145 ·
1487 4117 1536 4169 εἰ
1580 4113 1689 4184 γάρ
1724 4131 1775 4167 τι
1810 4152 1813 4153 ν

172 4224 243 4271 at:
253 4211 415 4278 μεῖον
445 4208 769 4277 ὑπέρκειται
787 4207 1142 4277 γνωριστικδν
1174 4207 1271 4279 τῆς
1303 4206 1395 4260 τοῦ
1424 4205 1555 4260 Υίοῦ
1583 4207 1776 4276 γεννή-

171 4318 343 4365 σεως,
374 4302 558 4354 ἐκεῖνο
579 4300 824 4371 δηλονότι
852 4303 945 4355 καὶ
969 4300 1049 4372 τῷ
1080 4301 1253 4373 Πατρὶ
1278 4299 1376 4372 τὴν
1401 4300 1574 4372 ἀρχὴν
1600 4298 1774 4371 ὁρίσει

166 4391 277 4461 τῆς
312 4391 697 4453 ὑποστάσεως.

1887 546 1991 592 tem
2020 539 2316 601 credimus,
2348 541 2530 591 omnia
2562 539 2697 601 haec,
2738 549 2790 594 et
2817 540 2904 595 his
2938 542 3098 613 longe
3132 545 3309 614 plura,
3348 550 3476 602 uui-

1881 629 2125 698 genitum
2164 628 2361 683 Filium
2401 638 2621 695 etesse,
2648 638 2702 684 et
2734 638 2881 686 recte
2932 634 3064 697 dici,
3105 640 3479 711 aaqualcmqne

1882 718 2031 775 Patri
2057 721 2260 775 factum
2296 721 2350 775 in
2377 722 2525 776 omni
2562 722 2919 793 perfectione,
2946 735 2999 780 et
3045 732 3472 799 magnificentia,

1882 810 1938 865 in
1979 812 2128 866 omni
2184 827 2346 882 opere
2398 822 2544 868 recto
2601 825 2655 869 et
2704 818 3053 886 cogitatione,
3087 836 3208 890 quae
3275 824 3330 878 in
3379 841 3476 880 no-

1881 913 2051 959 stram
2078 904 2489 974 intelligentiam
2518 906 2711 961 cadere
2749 911 2923 977 possit
2942 929 2955 965 :
2974 913 3247 981 quomodo
3277 916 3475 986 aliquis

1886 995 2083 1050 rationi
2109 1005 2535 1053 consentaneum
2588 1016 2710 1057 esse
2738 1002 2947 1067 credat,
2975 1003 3057 1056 vel
3112 1019 3220 1059 non
3250 1006 3474 1077 diligere

1882 1089 2069 1152 talem,
2120 1088 2201 1143 vel
2247 1104 2407 1159 quem
2438 1090 2631 1161 diligas
2680 1093 3041 1149 inhonorare?
3086 1095 3272 1167 Neque
3325 1101 3470 1154 enim

1884 1191 2033 1235 recte
2064 1181 2188 1250 quis
2223 1179 2425 1235 dixerit
2467 1197 2707 1237 amorem
2747 1198 2812 1239 ex
2842 1192 2954 1238 toto
2993 1187 3157 1241 corde
3217 1196 3270 1243 ct
3300 1205 3363 1243 ex
3397 1198 3473 1244 to-

1883 1272 1952 1327 tis
1982 1272 2191 1329 viribus
2222 1274 2494 1343 proficisci
2529 1274 2747 1337 debere.
2804 1275 3065 1333 honorem
3100 1295 3230 1334 vero
3254 1297 3320 1335 ex
3356 1296 3471 1337 me-

1883 1361 2009 1416 diis.
2042 1362 2097 1417 Si
2132 1363 2298 1434 igitur
2324 1365 2626 1419 honoratur
2665 1364 2836 1422 Filius
2870 1385 2931 1422 ex
2966 1376 3081 1423 toto
3106 1370 3291 1435 corde,
3320 1370 3469 1441 quod

1886 1463 2032 1509 totus
2065 1471 2220 1510 amor
2256 1458 2308 1510 in
2340 1473 2464 1512 eum
2516 1459 2587 1512 sit
2617 1460 3006 1525 confcrendus,
3034 1478 3283 1531 quaenam
3319 1466 3470 1534 cogi-

1884 1548 2017 1601 tatio
2061 1563 2345 1604 excessum
2402 1550 2627 1605 honoris
2676 1551 2931 1613 inveniet,
2986 1567 3111 1607 cum
3155 1560 3328 1608 totum
3374 1570 3472 1609 cor

1885 1646 2149 1708 quantam
2184 1649 2383 1710 potest,
2416 1650 2621 1697 tantam
2666 1645 2766 1714 ipsi
2813 1661 2910 1715 per
2958 1661 3199 1702 amorem
3242 1647 3470 1702 honoris

1886 1745 2197 1784 mensuram
2230 1732 2590 1788 admetiatur?
2636 1738 2819 1805 itaque
2850 1753 3021 1792 vanus
3058 1748 3141 1793 est
3176 1746 3228 1793 et
3260 1737 3467 1803 fatuus,

1816 1802 1857 1859 Β
1888 1822 1979 1891 qui
2016 1838 2081 1876 ex
2111 1824 2272 1879 rebus
2308 1826 2361 1879 in
2401 1827 2502 1880 hac
2546 1843 2727 1881 rerum
2767 1828 3122 1884 universitate
3147 1830 3355 1886 honore
3387 1831 3469 1886 di-

1885 1913 2006 1981 gnis
2069 1912 2296 1969 honoris
2337 1916 2757 1984 inaequalitatem
2790 1918 2843 1972 in
2888 1918 3089 1973 divinis
3114 1920 3341 1989 colligit,
3370 1921 3469 1973 ha-

1885 2019 2114 2073 rumque
2142 2008 2550 2074 comparatione
2588 2010 2817 2064 minoris
2866 2010 3154 2078 cujusdam
3185 2012 3468 2081 dignitatis

1882 2093 2342 2148 existimationem
2381 2095 2605 2150 invehit.

1910 2238 1929 2253 ,
1952 2183 2219 2239 Caeterum
2267 2192 2322 2239 et
2371 2187 2693 2251 vocabulum
2726 2188 2993 2258 antiquius
3025 2189 3078 2243 in
3108 2188 3271 2244 rebus
3311 2204 3467 2244 crea-

1885 2276 1955 2330 tis
2004 2287 2154 2331 recte
2204 2287 2580 2346 usurparetur.
2615 2278 2749 2334 Cum
2799 2280 2944 2334 enim
2997 2280 3133 2335 ordo
3180 2290 3234 2337 et
3293 2282 3467 2337 series

1884 2382 2067 2422 rerum
2090 2369 2161 2423 sit
2210 2378 2264 2424 et
2288 2378 2500 2425 constet
2519 2372 2712 2426 ordine
2739 2379 2793 2426 et
2823 2372 2965 2428 serie
2983 2373 3193 2427 diermn
3222 2374 3264 2404 ’⁷
3293 2390 3305 2429 :
3337 2373 3465 2443 jure

1885 2456 2170 2513 affirmarit
2198 2460 2322 2530 quis
2349 2461 2587 2517 hominis
2621 2464 2901 2518 creatione
2933 2472 3083 2518 tanto
3112 2473 3164 2519 et
3188 2473 3339 2519 tanto
3370 2480 3468 2519 an-

1884 2552 2091 2622 tiquius
2143 2559 2199 2607 et
2228 2554 2381 2622 prius
2410 2569 2538 2609 esse
2593 2555 2815 2619 coelum,
2854 2553 3277 2626 dimetieturqne
3330 2566 3469 2612 tem.

1886 2660 1989 2715 pus
2023 2644 2366 2714 interiectum
2399 2646 2684 2703 intervallo
2734 2648 2967 2702 dierum.
3014 2648 3069 2701 In
3113 2650 3285 2718 prima
3336 2665 3468 2704 vero

1884 2736 1974 2789 illa
2035 2746 2253 2801 natura,
2316 2754 2438 2809 qua:
2488 2754 2703 2794 omnem
2771 2741 3155 2809 temporariam
3195 2741 3463 2795 rationem

1884 2829 2265 2892 transcendit,
2301 2846 2637 2900 oumemque
2685 2831 3096 2900 intelligentiam
3147 2832 3466 2903 longissime

1883 2928 2194 2990 exsuperat,
2221 2921 2368 2976 aliud
2423 2922 2643 2992 quidem
2698 2924 2851 2993 prius
2880 2924 3106 2979 credere
3161 2931 3215 2978 et
3242 2924 3463 2989 docere,

1885 3011 2185 3067 secundum
2214 3013 2476 3083 temporis
2511 3013 2859 3069 durationem
2906 3024 2961 3069 et
3014 3016 3464 3085 pracellentiam,

1884 3104 2030 3159 aliud
2071 3120 2202 3160 vero
2243 3106 2537 3175 posterius.
2574 3108 2860 3175 proprium
2892 3113 2977 3160 est
3007 3107 3127 3176 ejus
3161 3109 3464 3177 sapientiat,

1887 3211 2009 3265 qua:
2036 3194 2148 3264 jam
2175 3210 2350 3266 nuper
2371 3196 2572 3266 prodiit
2603 3197 2658 3251 in
2686 3197 2885 3252 lucem.
2936 3195 3036 3264 Qui
3070 3199 3216 3253 enim
3251 3198 3466 3257 Patrem

1888 3287 2248 3357 antiquiorem
2294 3289 2503 3351 statuit,
2544 3303 2707 3359 quam
2760 3288 3098 3359 unigenitum
3155 3289 3372 3358 Filium,
3421 3294 3469 3349 is

1887 3378 2023 3433 nihil
2053 3379 2200 3433 aliud
2232 3379 2363 3450 agit,
2405 3396 2569 3451 quam
2595 3379 2741 3451 quod
2770 3381 3049 3450 iuniorem
3084 3382 3282 3439 Filium
3333 3384 3467 3440 facit

1887 3469 1978 3534 iis,
2005 3486 2127 3539 qua:
2157 3487 2252 3541 per
2294 3473 2473 3543 ipsum
2504 3472 2644 3528 facta
2676 3480 2806 3528 sunt
2837 3491 2849 3527 :
2886 3474 2934 3529 si
2962 3490 3154 3529 verum
3208 3487 3314 3541 est,
3352 3493 3469 3533 om—

1887 3559 1979 3614 nia
2043 3562 2243 3617 saccula
2295 3572 2349 3618 et
2391 3574 2566 3619 omne
2612 3564 2957 3620 intervallum
3004 3569 3301 3636 temporale
3344 3579 3467 3640 post

1888 3651 2107 3720 Filium,
2167 3663 2221 3710 et
2251 3672 2348 3726 per
2390 3654 2588 3711 Filium
2628 3656 2770 3713 facta
2815 3674 2960 3714 esse.
2997 3657 3286 3726 Praeterea,
3325 3664 3466 3732 quod

1886 3745 2091 3801 clarius
2121 3747 2516 3805 absurditatem
2548 3749 2823 3820 dogmatis
2852 3752 3124 3820 coarguit,
3148 3768 3255 3807 non
3288 3756 3466 3810 solum
3486 3823 3498 3834 .

1886 3837 1989 3892 hac
2015 3840 2225 3894 ratione
2253 3839 2374 3896 Filii
2400 3842 2680 3913 hypostasi
2707 3852 2761 3898 et
2787 3844 3122 3899 exsistentize
3167 3850 3469 3916 temporale

1884 3930 2105 4001 aliquod
2142 3933 2471 4003 principium
2519 3935 2886 3990 attribuemus
2911 3975 2926 4000 ,
2960 3935 3057 3991 sed
3106 3944 3162 3990 et
3217 3936 3378 3993 Pater
3412 3940 3465 3993 iu

1883 4022 2125 4090 periculo
2158 4024 2286 4087 erit,
2335 4040 2404 4080 ne
2440 4035 2495 4079 et
2555 4026 2668 4095 ipse
2717 4025 3028 4080 afﬁrmctur
3068 4027 3335 4097 originem
3396 4032 3469 4085 ah

1884 4113 2068 4185 aliquo
2104 4118 2365 4187 temporis
2417 4117 2575 4172 initio
2629 4116 2894 4181 traxisse;
2928 4118 2976 4170 si
3019 4117 3164 4172 enim
3200 4119 3465 4174 indicium

1884 4203 2105 4275 aliquod
2155 4214 2261 4271 est,
2294 4222 2402 4280 quo
2442 4208 2756 4262 innotescat
2809 4205 2934 4261 Filii
2983 4211 3292 4279 generatio,
3330 4213 3464 4267 illud

1883 4298 2109 4352 omnino
2150 4296 2331 4354 Patris
2359 4314 2577 4369 quoque
2612 4305 2793 4353 ortum
2823 4306 2879 4355 et
2906 4301 3285 4357 exsistentiam
3339 4304 3469 4361 deii-

1883 4389 1997 4443 niet
2020 4402 2084 4442 ac
2110 4389 2547 4445 circumscribet.

240 4483 571 4553 Σαφηνείας
598 4482 665 4535 δὲ
690 4482 849 4553 χάριν
875 4482 976 4536 οὑκ
1001 4483 1225 4553 ἄκαιρον
1258 4482 1387 4546 ἴσως
1414 4480 1778 4551 φιλοπονώτε-

1956 4477 2237 4534 Claritatis
2272 4495 2439 4549 porro
2474 4483 2649 4552 gratia
2686 4482 2828 4539 forte
2861 4500 2971 4540 non
3008 4485 3465 4559 intempestivum

166 4592 267 4645 ρον
324 4574 587 4638 ὶξετάσαι
637 4572 729 4626 τὸν
773 4572 948 4640 λόγον.
1013 4572 1072 4626 '0
1114 4573 1487 4644 πρεσϐυτέραν
1531 4574 1632 4643 τῆς
1678 4571 1772 4625 τοῦ

162 4668 308 4720 Υἱροῦ
344 4668 497 4735 ζωῆς
531 4665 629 4735 τὴν
657 4665 753 4718 τοῦ
796 4665 1009 4735 Πατρδς
1051 4660 1415 4734 δογματίζων.
1446 4663 1776 4736 διαστήματί

158 4775 275 4811 τινι
330 4758 428 4810 τὸν
479 4756 763 4826 Μονογενῆ
814 4754 905 4808 τοῦ
961 4756 1055 4809 ἐπὶ
1105 4756 1320 4809 πάντων
1345 4754 1479 4808 Θεοῦ
1518 4754 1773 4825 διίστησι·

158 4851 341 4904 τοῦτο
374 4850 434 4903 δὲ
468 4849 504 4919 ἢ
548 4848 775 4918 ἀπειρόν
804 4864 856 4900 τι
891 4847 1221 4918 ὑποθήσεται
1255 4847 1317 4899 τὸ
1342 4845 1430 4900 διά
1466 4846 1630 4917 μέσου
1661 4845 1775 4899 διά-

159 4959 393 5014 στημα,
439 4942 476 5011 ἡ
521 4956 633 4994 τισι
664 4939 865 5008 πέρασι
916 4940 1009 4993 καὶ
1040 4940 1291 5009 σημείοις
1318 4941 1570 5009 φανεροῖς
1594 4939 1773 5010 ὁριζό-

158 5053 369 5102 μενον.
443 5032 584 5086 Ἀλλ’
637 5032 863 5103 ἄπειρον
915 5033 1013 5103 μὲν
1059 5033 1234 5085 εἰπεῖν
1267 5032 1367 5086 οὑκ
1415 5032 1565 5086 ἐάσει
1611 5031 1639 5084 ὁ
1676 5030 1773 5101 τῆς

159 5125 487 5194 μεσότητος
520 5123 701 5192 λόγος,
732 5124 766 5195 ἢ
818 5122 1096 5186 παντελῶς
1130 5122 1229 5194 τὴν
1250 5121 1345 5177 τοῦ
1370 5122 1580 5193 Πατρός
1600 5136 1659 5175 τε
1680 5121 1775 5175 καὶ

160 5212 299 5264 Γιοῦ
341 5212 564 5264 ἔννοιαν
610 5211 904 5283 διαγράφει
951 5213 1032 5283 τῷ
1064 5211 1210 5284 λόγῳ
1240 5230 1256 5246 ο
1307 5213 1400 5267 καὶ
1445 5214 1566 5268 οὑδὲ
1613 5214 1776 5284 μέσον

162 5303 299 5356 αὐτὸ
340 5304 559 5374 νοήσει,
584 5304 689 5367 ἕως
717 5303 784 5356 ἂν
816 5303 1044 5377 ἄπειρον
1138 5306 1277 5376 προς
1300 5306 1583 5377 οὐθέτερον
1603 5305 1775 5377 ὁριζό-

162 5413 387 5461 μενον,
439 5392 566 5448 οὔτε
616 5395 710 5447 ἐπὶ
754 5394 815 5447 τὸ
858 5395 972 5449 ἀνω
1015 5395 1115 5466 τῆς
1161 5396 1256 5450 τοῦ
1305 5397 1518 5467 Πατρὸς
1566 5397 1774 5460 ἑννοίας

162 5492 337 5541 imas
350 5489 604 5558 μνοὺσης
632 5486 725 5541 τοῦ
749 5486 981 5561 ἀπείρου
1013 5489 1111 5560 τὴν
1135 5489 1416 5562 πρόσοδον,
1446 5489 1569 5543 οὔτε
1600 5490 1692 5542 ἐπὶ
1714 5490 1774 5543 τὸ

160 5594 323 5635 nm
362 5578 467 5632 τοῦ
504 5578 636 5633 Υίοῦ
663 5579 763 5651 τὴν
789 5581 1047 5653 ἀπειρίαν
1072 5581 1431 5647 ὲκκόπτοντος
1458 5600 1469 5614 ·
1504 5572 1642 5655 αὕτη
1664 5581 1773 5653 γὰρ

266 5763 320 5797 ⁸⁷
356 5760 509 5814 Gen.
541 5775 582 5827 ι,
610 5758 645 5813 ’5
677 5775 799 5829 sqq.

1879 4567 2045 4623 fuerit
2076 4571 2396 4627 accuratius
2428 4574 2751 4629 examinare
2782 4576 3171 4632 assertionem.
3214 4578 3318 4644 Qui
3360 4578 3465 4632 Pa-

1878 4662 1981 4715 tris
2010 4660 2394 4717 exsistentiam
2429 4664 2590 4720 docet
2626 4667 3001 4736 antiquiorem
3031 4683 3156 4723 esse
3188 4670 3465 4725 exsisteu-

1876 4753 1952 4807 tia
1985 4753 2139 4819 Filii,
2180 4757 2228 4811 is
2262 4757 2557 4812 intervallo
2589 4757 2827 4828 quodam
2863 4759 3210 4829 unigenitum
3259 4758 3459 4815 Filium

1876 4858 2094 4918 separat
2144 4853 2213 4906 ab
2262 4852 2515 4907 omnium
2567 4851 2724 4910 Deo:
2775 4853 2882 4908 hoc
2928 4870 3059 4908 vero
3108 4854 3460 4924 interjectum

1876 4939 2227 4997 intervallum
2284 4954 2379 4998 aut
2412 4944 2691 4999 infinitum
2743 4952 3038 5011 statuetur,
3075 4955 3170 4999 aut
3206 4946 3373 5000 certis
3409 4954 3462 5000 et

1876 5030 2187 5089 manifestis
2219 5033 2491 5088 limitibus
2524 5034 3033 5099 circumscriptum.
3089 5035 3154 5089 At
3186 5035 3460 5089 infinitum

1876 5134 2003 5176 esse
2036 5138 2145 5178 non
2178 5126 2446 5193 permittit
2476 5126 2622 5179 ratio
2652 5123 2816 5180 medii
2847 5125 3123 5195 interiecti
3148 5167 3163 5191 ,
3202 5126 3287 5181 vel
3317 5137 3463 5181 certe

1880 5209 2058 5285 Patris
2088 5225 2141 5269 et
2170 5214 2294 5269 Filii
2333 5217 2596 5271 rationem
2636 5217 2855 5285 penitus
2887 5218 3077 5285 tollet;
3126 5233 3303 5287 neque
3348 5234 3463 5273 mc-

1880 5306 2030 5360 dium
2069 5306 2255 5361 animo
2286 5310 2581 5378 concipere
2612 5308 2798 5363 licebit
2824 5350 2840 5375 ,
2870 5324 3159 5379 quousque
3191 5307 3355 5364 fuerit
3381 5310 3464 5362 in-

1881 5397 2131 5462 finitum,
2193 5405 2388 5452 neutra
2421 5416 2484 5454 ex
2549 5409 2706 5470 parte
2744 5399 2910 5455 certis
2952 5400 3203 5456 terminis
3232 5401 3461 5457 conclu-

1881 5504 2002 5545 sum
2034 5507 2048 5556 ;
2103 5503 2283 5558 neque
2334 5502 2591 5559 supreme
2630 5490 2674 5546 si
2731 5490 2949 5547 Patrem
2982 5491 3297 5564 concipiat,
3333 5490 3461 5548 inii-

1882 5580 1981 5635 nlti
2018 5580 2387 5638 immensitate
2438 5579 2750 5654 desinente,
2813 5598 2992 5656 neque
3037 5583 3255 5644 inferne
3321 5580 3465 5644 Filio
