4032 6208
574 305 685 364 359

1807 293 1872 349 S.
1909 287 2237 348 GREGORII
2272 286 2567 345 NYSSENI

3714 284 3823 340 πθ

576 421 778 479 inﬁniti
807 420 1044 491 spatium
1070 415 1427 472 terminante.
1458 411 1569 469 ista
1595 385 1741 468 enim
1772 411 1967 466 infiniti
2001 408 2156 465 notio

2275 408 2351 461 τοῦ
2381 410 2610 481 ἀπείρου
2642 412 2675 482 ἡ
2708 408 2884 463 ἔννοια
2924 405 2990 458 τὸ
3037 400 3369 472 πανταχόθεν
3407 397 3735 471 ὲκκεχὺσθαι
3758 406 3828 474 τῇ

577 521 633 569 et
666 512 814 566 ratio
851 518 970 573 est,
1016 520 1458 579 quaquaversum
1496 511 1698 577 natura
1743 516 1841 559 sua
1887 498 2144 556 diﬂ‘usum

2275 500 2435 569 ρύσει,
2470 503 2567 556 καὶ
2615 500 2803 573 μηδενὶ
2852 500 3047 571 πέρατι
3086 494 3395 567 μηδαμόθεν
3433 493 3831 566 περιλαμϐάνε-

577 619 734 668 esse,
770 615 950 670 neque
978 599 1089 653 ullo
1120 597 1292 652 limite
1326 595 1437 650 ullo
1467 594 1632 650 modo
1663 591 2075 664 comprehendi.

648 712 822 781 Igitur
869 718 930 764 ut
975 709 1081 764 ﬁxa
1109 715 1165 763 et
1202 707 1431 762 immota
1462 713 1686 761 maneat
1714 703 1896 757 Patris
1927 709 1982 757 et
2025 698 2150 754 Filii

579 802 889 860 substantia
911 842 926 867 ,
958 810 1014 857 et
1039 816 1200 872 quam
1230 800 1299 855 de
1328 800 1434 854 hac
1462 799 1750 860 habemus,
1792 792 2148 855 existimatio,

579 909 691 949 non
724 894 851 948 licet
881 893 993 947 ulla
1035 894 1247 947 ratione
1295 890 1571 946 inﬁnitum
1616 888 1964 945 intervallum
2005 883 2152 939 aliiv-

582 999 766 1049 mare,
804 982 901 1039 sed
935 999 1164 1040 necesse
1208 984 1347 1060 erit,
1398 990 1460 1037 ut
1502 982 1655 1036 [inito
1701 980 1938 1053 quodam
1974 976 2152 1049 spatio

582 1074 757 1131 Filius
783 1090 813 1129 a
839 1074 1000 1130 Patre
1031 1074 1103 1130 sit
1135 1084 1475 1146 segregatus.
1510 1073 1629 1126 Hoc
1654 1071 1821 1141 igitur
1852 1076 1938 1125 est
1958 1108 1973 1131 ,
2008 1066 2153 1137 quod

585 1181 799 1230 assero,
864 1168 1170 1221 doctrinam
1205 1166 1346 1219 hanc
1390 1179 1457 1220 eo
1495 1164 1756 1229 tendere,
1812 1169 1871 1216 ut
1912 1160 2157 1215 obtineat

583 1258 756 1314 Deum
785 1257 1169 1312 universorum
1199 1257 1268 1312 ab
1296 1264 1502 1312 aeterno
1528 1271 1635 1311 non
1665 1255 1868 1317 fuisse,
1904 1252 1997 1307 sed
2026 1250 2159 1305 deii-

583 1353 700 1404 nito
750 1349 987 1419 quodam
1036 1349 1298 1419 temporis
1348 1356 1553 1416 puncto
1600 1356 1785 1402 ortum
1845 1344 2152 1400 habuisse:

587 1439 732 1510 quod
763 1439 1030 1509 appositis
1061 1440 1128 1493 ad
1160 1453 1273 1493 rem
1301 1439 1566 1508 exemplis
1600 1436 1924 1498 declarabo,
1963 1442 2022 1487 ut
2054 1446 2157 1485 no-

586 1532 673 1586 bis
699 1546 796 1600 per
828 1545 891 1584 ca
920 1545 1042 1599 quae
1068 1538 1196 1584 nota
1227 1537 1390 1594 sunt,
1421 1526 1772 1598 perspicuum
1805 1528 1896 1579 tiat
1925 1524 1979 1579 id
2008 1521 2154 1593 quod

590 1623 890 1691 ignoratur.
922 1618 1189 1683 Quoniam
1219 1618 1455 1672 dicimus
1479 1619 1670 1685 quinta
1694 1616 1782 1669 die
1807 1624 1930 1684 post
1956 1614 2159 1667 cmlum

591 1709 865 1763 hominem
902 1723 1025 1762 esse
1060 1707 1342 1762 conditum
1383 1722 1447 1762 ex
1479 1705 1684 1777 Moysis
1726 1706 1865 1759 libro
1896 1705 1966 1769 ’⁸,
2002 1704 2163 1757 facile

592 1804 758 1857 etiam
789 1799 1166 1871 signiﬁcamus
1197 1807 1323 1853 ante
1349 1800 1495 1854 hunc
1521 1800 1714 1853 horum
1743 1799 1955 1852 dierum
1983 1811 2165 1851 nume-

593 1909 713 1947 rum
783 1908 851 1947 ne
879 1893 1081 1946 coelum
1113 1892 1332 1961 quidem
1366 1892 1683 1946 exstitisse:
1744 1892 1878 1945 adeo
1928 1889 1981 1943 id
2022 1889 2166 1959 quod

593 1984 870 2054 posterius
902 1991 987 2039 est
1011 2024 1028 2050 ,
1065 1983 1257 2039 deﬁnit
1290 1997 1512 2054 quoque
1547 1994 1603 2038 et
1635 1982 2041 2038 circumscribit
2075 1996 2170 2050 per

595 2076 976 2142 intervallum,
1023 2075 1076 2129 id
1107 2076 1253 2145 quod
1298 2075 1629 2140 antecessit,
1678 2089 1872 2143 nempe
1914 2074 2171 2128 substan-

595 2168 727 2221 tiam
791 2175 844 2221 et
883 2166 1254 2221 exsistentiam
1304 2164 1459 2233 ejus,
1501 2164 1645 2233 quod
1724 2172 1981 2233 tanquam
2019 2166 2169 2234 prius

594 2258 906 2326 cciicipitur
955 2264 1009 2311 et
1039 2256 1442 2310 consideratur.
1470 2253 1626 2319 Quod
1655 2256 1699 2309 si
1726 2271 1833 2309 non
1863 2257 1997 2310 satis
2024 2257 2171 2311 clare

595 2364 709 2403 rem
760 2349 863 2402 hoc
911 2348 1163 2416 exemplo
1212 2347 1642 2413 illustravimus,
1689 2361 1984 2417 possumus
2017 2362 2165 2402 eam-

595 2440 716 2493 dem
751 2438 857 2493 alio
887 2438 1195 2493 evidentius
1238 2438 1657 2493 demonstrare:
1696 2453 1819 2492 cum
1853 2439 2025 2510 legem
2073 2454 2171 2511 per

597 2528 818 2598 Moysen
847 2527 1027 2581 datam
1047 2568 1062 2593 ,
1090 2520 1508 2599 quadringentis
1534 2536 1588 2584 et
1622 2528 1847 2599 triginta
1881 2530 2044 2584 annis
2074 2545 2171 2601 po-

596 2623 882 2677 steriorem
910 2635 1036 2675 esse
1066 2620 1399 2675 aﬂirmamus
1451 2621 1817 2690 promissione
1870 2621 1960 2677 illa
1984 2621 2167 2679 divina

598 2727 719 2783 quae
748 2713 815 2766 ad
849 2712 1121 2766 Abraham
1149 2711 1291 2766 facta
1321 2720 1403 2768 est
1424 2752 1437 2777 ,
1473 2713 1543 2776 si,
1577 2711 1743 2767 ducto
1775 2728 1805 2766 a
1841 2716 1958 2785 lege
1988 2714 2171 2779 initio,

600 2813 816 2872 tempus
868 2808 1176 2857 anteaetum
1237 2800 1567 2871 cogitatione
1613 2801 1773 2871 quasi
1820 2801 2172 2857 ascendendo

596 2907 918 2965 percurrere
948 2892 1213 2954 velimus,
1245 2899 1299 2946 et
1329 2892 1547 2946 tandem
1579 2893 1645 2947 ad
1678 2892 1836 2948 finem
1866 2909 2134 2948 annorum
2153 2934 2167 2958 ,

595 2999 737 3054 quos
766 2982 1177 3037 numeravimus
1197 3021 1211 3046 ,
1248 2982 1636 3051 perveniamus
1663 3023 1678 3046 ,
1710 2984 1949 3041 dilucide
1979 2987 2173 3055 depre-

596 3073 889 3128 hendimus
910 3111 924 3136 ,
954 3071 1102 3141 quod
1140 3077 1268 3129 ante
1299 3072 1402 3125 hoc
1436 3080 1653 3141 tempus
1682 3073 1866 3127 divina
1908 3076 1997 3128 illa
2045 3092 2171 3144 pro-

596 3166 789 3220 missio
818 3164 1060 3219 nondum
1108 3162 1311 3230 fuerit;
1354 3164 1637 3235 multaque
1671 3174 1966 3236 suppetunt
2006 3166 2169 3237 hujus

2198 1770 2333 1848 Βὲκ

2259 593 2402 646 σθαι.

2330 697 2538 752 Οὑκοῦν
2583 700 2669 753 ἵνα
2710 700 2883 768 παγία
2923 699 3016 752 καὶ
3060 697 3391 769 ἁμετάθετος
3448 694 3676 764 διαμένῃ
3706 693 3837 762 napi.

2259 789 2352 844 τοῦ
2387 792 2598 862 Πατρδς
2630 793 2723 845 καὶ
2750 791 2846 845 τοῦ
2878 791 3009 844 Υίοῢ
3044 793 3078 863 ἡ
3106 790 3200 843 τοῦ
3238 787 3376 842 εἶναι
3405 785 3700 857 ὑπόληψις,
3744 784 3839 837 οὑ-

2260 882 2451 953 δεμίαν
2477 882 2588 948 ἓξει
2618 883 2798 955 χώραν
2828 883 3051 953 ἄπειρον
3075 882 3273 935 ἐννοεῖν
3298 880 3357 933 τὸ
3380 878 3674 948 διάστημα,
3699 874 3837 929 ἀλλά

2263 965 2664 1046 πεπερασμένῳ
2704 976 2810 1029 τινί
2848 976 2987 1029 κατὰ
3029 975 3210 1028 πᾶσαν
3252 973 3497 1041 ἀνάγκην
3538 968 3630 1023 τδν
3666 969 3840 1022 Μονο-

2264 1070 2394 1139 γενῆ
2436 1069 2529 1121 τοῦ
2581 1068 2792 1139 [ἰατρὸς
2822 1068 3188 1137 διαστήσουσι.
3254 1063 3425 1119 Τοῦτο
3471 1057 3564 1117 οὖν
3616 1062 3759 1115 ἐστιν
3807 1061 3840 1112 ὃ

2267 1176 2430 1229 φημι,
2458 1160 2539 1212 ὅτι
2571 1160 2599 1211 6
2627 1158 2784 1227 λόγος
2812 1150 2966 1222 οὗτος
3001 1159 3100 1212 οὑκ
3146 1157 3207 1221 ἐξ
3242 1156 3412 1209 ἀϊδίου
3451 1149 3591 1207 εἶναι
3630 1152 3720 1204 τὸν
3742 1150 3842 1204 ἐπὶ

2267 1251 2483 1304 πάντων
2515 1249 2665 1313 Θεὸν,
2697 1250 2812 1303 ἀλλ’
2845 1250 2952 1303 ἀπό
2980 1267 3123 1314 τινος
3151 1248 3454 1322 ὡρισμένου
3489 1244 3715 1316 σημείου
3738 1243 3841 1314 τὴν

2266 1340 2439 1411 ἀρχὴν
2473 1341 2763 1413 ἐσχηκέναι
2797 1340 3231 1412 παρασκευάσειο
3269 1339 3297 1391 6
3320 1337 3382 1391 δὲ
3412 1336 3575 1405 λέγω,
3604 1330 3843 1388 τοιοῦτόν

2267 1433 2383 1484 ἐστι
2405 1448 2418 1460 ·
2462 1431 2600 1497 λέξω
2628 1432 2685 1485 δὲ
2715 1431 2804 1485 διὰ
2829 1431 2937 1484 τῶν
2980 1431 3272 1502 γνωρίμων
3303 1428 3714 1500 ὑποδειγμάτων
3745 1443 3849 1479 σα-

2269 1522 2507 1591 φηνίζων
2550 1522 2610 1576 τὸ
2636 1523 2835 1593 νόημα,
2879 1523 2955 1586 ὼς
2985 1524 3050 1577 ἂν
3083 1524 3291 1591 γένοιτο
3317 1514 3417 1575 διά
3446 1520 3555 1574 τῶν
3585 1517 3851 1589 φαινομέ·
3880 1521 3890 1529 ’

2268 1632 2374 1667 νων
2406 1615 2713 1683 καταφανὲς
2743 1618 2873 1687 ἡμῖν
2908 1616 2969 1669 τὸ
3015 1615 3396 1684 ἀγνοούμενον.
3440 1614 3673 1685 Πέμπτῃ
3704 1610 3851 1682 μετὰ

2269 1703 2359 1756 τὸν
2385 1704 2607 1775 οὐρανὸν
2633 1707 2816 1777 ἡμέρᾳ
2837 1704 3161 1775 γεγενῆσθαι
3179 1705 3268 1757 τὸν
3295 1704 3578 1776 ἄνθρωπον
3595 1702 3849 1769 λέγοντες
3938 1777 3944 1780 ἠ

2375 1796 2472 1865 τῆς
2524 1797 2768 1860 Μωσέως
2822 1797 3083 1869 Γραφῆς,
3136 1795 3720 1865 συγκατεσκευάσαμεν
3767 1793 3853 1863 τῷ

2269 1886 2412 1956 λόγῳ
2441 1887 2617 1957 τούτῳ
2649 1887 2789 1941 κατὰ
2812 1888 2877 1940 τὸ
2907 1886 3258 1958 σιωπώμενον
3277 1887 3338 1940 τὸ
3366 1886 3472 1957 πρὸ
3496 1885 3588 1939 τοῦ
3611 1884 3851 1957 ἀριθμοῦ

2268 1977 2377 2030 τῶν
2410 1979 2633 2050 ἡμερῶν
2665 1981 2889 2046 τούτων,
2907 1979 3060 2050 ’μηδὲ
3085 1980 3174 2032 τὸν
3203 1979 3434 2049 οὐρανὸν
3478 1973 3617 2033 εἶναι
3639 1993 3655 2009 ⁸
3703 1976 3854 2030 οὕτω

2270 2068 2330 2121 τὸ
2365 2070 2502 2139 μετά
2529 2087 2582 2121 τι
2611 2070 2903 2141 γενόμενον
2940 2072 3028 2124 διὰ
3056 2071 3151 2125 τοῦ
3181 2072 3288 2142 πρὸ
3318 2070 3511 2124 ἑαυτοῦ
3543 2070 3853 2140 διαστήμα-

2269 2180 2361 2226 τος
2398 2162 2568 2234 ὁρίζει
2599 2165 2693 2217 καὶ
2729 2164 2828 2235 τὴν
2861 2164 2954 2217 τοῦ
2996 2164 3500 2235 προῦπονοουμένου
3532 2162 3851 2216 ὑπόστασιν.

2272 2253 2335 2305 Εἰ
2365 2252 2421 2304 δὲ
2454 2253 2552 2323 οὑχ
2580 2253 2791 2318 ἱκανῶς.
2807 2254 2886 2325 τῷ
2914 2254 3267 2324 ὑποδείγματι
3293 2254 3383 2306 τὸν
3409 2252 3567 2321 λόγον
3594 2250 3857 2321 ὲσαφηνίο

2274 2360 2465 2413 σαμεν,
2494 2344 2718 2399 δυνατόν
2746 2347 2884 2410 ἐστι,
2927 2346 3019 2400 καὶ
3043 2346 3110 2399 δι’
3137 2346 3337 2417 ἐτέρων
3368 2344 3429 2398 τὸ
3466 2342 3654 2414 νοηθὲν
3680 2359 3857 2412 παρα-

2274 2437 2488 2506 στῆσαι,
2519 2437 2610 2490 τὸν
2637 2437 2726 2491 διὰ
2758 2440 3001 2504 Μωσέως
3037 2439 3257 2493 δοθέντα
3283 2439 3447 2509 νόμον
3479 2436 3855 2511 τετρακοσίοις

2272 2528 2417 2583 ἔτεσι
2462 2532 2557 2584 καὶ
2606 2532 2900 2602 τριάκοντα
2940 2533 3041 2603 τῆς
3086 2531 3179 2585 τοῦ
3221 2530 3473 2602 Ἀϐραὰμ
3520 2527 3858 2599 ἐπαγγελίας

2276 2622 2733 2695 μεταγενέστερον
2774 2623 3021 2692 λέγοντες
3059 2641 3073 2654 ·
3123 2623 3218 2678 ἐὰν
3263 2623 3371 2676 ἀπὸ
3404 2622 3498 2675 τοῦ
3553 2623 3715 2692 νόμου
3760 2620 3861 2673 τὸν

2274 2711 2503 2766 κατόπιν
2528 2714 2715 2785 χρόνον
2746 2714 2812 2767 δι’
2842 2714 3155 2777 ἀναλύσεως
3181 2713 3262 2784 τῷ
3301 2712 3546 2784 λογισμῴ
3587 2710 3862 2783 παροδεὺυ

2276 2821 2487 2868 σαντες,
2534 2808 2615 2868 εἰς
2655 2806 2715 2859 τὸ
2747 2806 2921 2879 πέρας
2962 2807 3069 2861 τῶν
3120 2806 3513 2879 ἠριθμημένων
3558 2805 3862 2875 φθάσωμεν

2274 2893 2431 2960 ἑτῶν,
2479 2894 2667 2965 σαφῶς
2697 2895 3186 2967 καταλαμϐάνομεν
3210 2938 3225 2962 ,
3253 2898 3335 2950 ὅτι
3380 2896 3487 2968 πρὸ
3528 2896 3620 2951 τοῦ
3655 2896 3860 2968 χρόνου

2274 2985 2467 3039 τούτου
2495 2988 2528 3058 ἠ
2574 2987 2667 3040 τοῦ
2697 2987 2832 3041 Θεοῦ
2862 2988 3162 3058 ἐπαγγελία
3203 2987 3357 3042 οὑπω
3397 2985 3465 3061 ἦν
3496 3004 3512 3019 '
3560 2990 3654 3043 καὶ
3682 2989 3865 3043 πολλὰ

2275 3077 2499 3131 τοιαῦτα
2525 3078 2702 3147 λέγειν
2729 3079 2877 3135 ἔστιν
2895 3123 2910 3147 ,
2946 3075 3026 3145 οἷς
3062 3080 3124 3134 τὸ
3151 3079 3273 3135 καθ’
3303 3081 3530 3136 ἕκαστον
3558 3081 3861 3149 ὲπξιέναι,

2276 3169 2351 3232 ὡς
2386 3171 2614 3244 ὀχληρὸν
2644 3176 3073 3245 παραιτήσομαι.

596 3261 812 3332 generis
855 3260 1130 3330 exempla,
1171 3259 1372 3329 quibus
1436 3260 1713 3332 sigillatim
1774 3262 2165 3332 percensendis
2209 3266 2613 3334 supersedcbo,
2649 3268 2793 3323 tmdii
2826 3268 3032 3323 vitandi
3067 3270 3264 3340 gratia.

666 3376 1071 3431 Convenienter
1120 3375 1289 3446 igitur
1338 3376 1498 3430 alicui
1558 3376 1722 3431 modo
1780 3377 1834 3431 in
1895 3378 2170 3448 praedictis

597 3466 860 3536 exemplis
896 3471 1155 3528 ostenso,
1185 3471 1432 3534 oportet,
1471 3473 1530 3519 ut
1561 3467 1926 3523 discutiamus
1955 3482 2171 3539 quoque

596 3559 933 3630 propositam
977 3557 1378 3626 quaestionem;
1428 3565 1513 3613 cst
1552 3565 1734 3613 autem
1784 3560 1923 3624 ista,
1970 3568 2029 3614 ut
2058 3560 2174 3630 qui-

598 3650 721 3705 dem
754 3647 1054 3704 adversarii
1086 3647 1191 3702 sibi
1224 3650 1592 3717 persuadent,
1625 3651 1773 3718 prius
1803 3661 1856 3706 et
1881 3652 2169 3720 posterius,

599 3755 696 3795 seu
731 3738 998 3809 antiquius
1028 3749 1081 3792 et
1114 3741 1369 3793 recentius
1390 3779 1405 3803 ,
1433 3740 1501 3795 de
1530 3739 1709 3796 Patris
1740 3752 1791 3797 ct
1825 3741 1945 3796 Filii
1975 3752 2029 3799 et
2058 3743 2177 3812 Spi-

600 3832 743 3885 ritus
773 3830 951 3885 sancti
983 3830 1294 3885 suhstantia
1324 3831 1431 3885 dici
1458 3850 1473 3896 ;
1513 3847 1638 3889 cum
1670 3848 1800 3905 ergo
1845 3832 1971 3888 Filii
2014 3851 2177 3905 gene-

599 3924 811 3978 ratione
867 3929 1227 3989 transcursa,
1283 3932 1344 3977 ut
1399 3924 1691 3981 haereticus
1747 3928 1854 3982 iste
1907 3938 2172 3999 nugatur,

600 4014 998 4070 accesserimus
1029 4014 1094 4067 ad
1126 4014 1181 4068 id
1214 4015 1562 4070 intervallum
1585 4058 1599 4083 ,
1634 4019 1779 4087 quod
1815 4019 2054 4074 medium
2092 4025 2176 4077 iu-

601 4106 908 4175 terponitur
937 4104 1145 4178 (prout
1178 4122 1313 4161 vana
1346 4107 1729 4164 haereticorum
1762 4114 2047 4181 persuasio
2074 4114 2176 4168 ali-

599 4197 732 4266 quid
774 4197 917 4251 inter
960 4195 1175 4251 Patrem
1218 4212 1270 4254 et
1312 4198 1510 4254 Filium
1547 4201 1807 4271 statuit),
1839 4218 2074 4275 cumque
2109 4205 2175 4260 ad

599 4298 905 4344 extremum
951 4289 1086 4343 illud
1117 4301 1379 4360 punctum
1428 4297 1898 4363 processerimus,
1932 4314 2042 4368 quo
2085 4300 2175 4355 isti

601 4381 1065 4451 intercapedinem
1101 4382 1246 4435 illam
1285 4386 1607 4451 terminant,
1644 4388 1801 4452 istic,
1833 4389 1885 4443 in
1916 4407 2173 4461 supremo

602 4473 758 4542 quasi
789 4473 1030 4529 culmine
1057 4514 1070 4535 .
1108 4475 1199 4528 Dei
1236 4476 1400 4530 totius
1429 4479 1807 4536 universitatis
1842 4483 2007 4536 vitam
2041 4485 2178 4539 sub-

602 4565 886 4620 sistentem
920 4566 1225 4636 reperimus
1245 4605 1260 4632 ,
1287 4582 1355 4620 ex
1382 4583 1490 4637 quo
1518 4572 1831 4638 necessario
1855 4572 2171 4641 conﬁcitur,

602 4665 663 4711 ut
712 4655 1003 4711 credamus
1057 4657 1263 4721 Deum,
1318 4658 1412 4729 qui
1463 4674 1678 4730 semper
1728 4671 1842 4726 est,
1876 4675 2000 4719 ante
2041 4664 2176 4719 illud

600 4753 865 4819 punctum
888 4763 996 4802 non
1028 4745 1223 4803 fuisse.

2348 3380 2505 3434 Κατὰ
2546 3382 2723 3435 τοίνυν
2756 3384 2854 3455 τὴν
2885 3385 3205 3441 ἀκολουθίαν
3253 3387 3362 3440 τῶν
3405 3388 3461 3441 ὲν
3493 3390 3602 3451 τοῖς
3629 3386 3864 3443 ὑποδείε

2241 3490 2479 3557 ,γμασιν
2513 3474 2838 3546 εἰρημένων,
2878 3478 2971 3531 κα)⁸
2998 3479 3089 3532 τὸν
3117 3480 3474 3551 προκείμενον
3508 3479 3868 3552 ἐξετάσωμεν

2275 3567 2431 3635 λόγον
2450 3584 2464 3599 ·
2498 3563 2565 3638 ἦν
2590 3567 2646 3619 δὲ
2678 3563 2830 3631 οὗτος
2858 3570 2996 3624 κατὰ
3026 3570 3124 3642 τὴν
3153 3572 3259 3626 τῶν
3280 3573 3534 3628 ἐναντίων
3565 3574 3867 3646 ὑπόληψιν,

2274 3657 2336 3709 τὸ
2365 3659 2771 3725 πρεσϐύτερον
2809 3660 2901 3713 καὶ
2953 3659 3241 3731 νεώτερον
3271 3663 3363 3716 ἐπὶ
3387 3663 3488 3732 τῆς
3518 3663 3611 3718 τοῦ
3641 3665 3871 3736 Πατρός

2278 3767 2335 3802 τε
2372 3750 2465 3803 καὶ
2507 3750 2600 3803 τοῦ
2642 3750 2791 3815 Υἱοῢ,
2830 3754 2924 3807 καὶ
2954 3752 3048 3806 τοῦ
3078 3755 3235 3823 ἁγίου
3276 3756 3593 3824 Πνεὺματος
3619 3756 3872 3810 ὑποστά-

2279 3858 2437 3905 σεως,
2458 3842 2641 3914 ἕτερον
2673 3845 2858 3915 ἑτέρου
2890 3845 3069 3915 λέγειν
3090 3843 3248 3902 εἶναι.
3277 3832 3483 3902 Οὐκοῦν
3512 3847 3730 3901 ἐπειδὰν
3759 3849 3870 3920 τὴν

2277 3932 2370 3985 τοῦ
2401 3934 2530 3987 Υἱοῢ
2559 3935 2807 4006 γέννησιν
2831 3936 3130 4005 διαϐάντες,
3173 3939 3354 4003 καθὼς
3390 3942 3678 4011 ὑφηγεῖται
3699 3944 3729 3994 6
3759 3945 3870 4015 τῆς

2277 4023 2541 4093 αἱρέσεως
2566 4025 2749 4095 λόγος,
2777 4027 2967 4082 ἔπειτα
2987 4029 3313 4101 προσϐὦμεν
3337 4030 3413 4101 τῷ
3440 4032 3527 4084 διὰ
3556 4033 3723 4102 μέσου
3746 4035 3875 4088 δια-

2282 4117 2516 4187 στήματι
2536 4136 2549 4148 ·
2598 4118 2733 4189 ὅπερ
2763 4122 2795 4190 ἠ
2839 4122 3043 4191 ματαία
3080 4122 3187 4175 τῶν
3219 4123 3392 4178 ταῦτα
3422 4125 3874 4195 δογματιζὸντων

2279 4205 2453 4275 οἴησις
2484 4207 2815 4272 ὑποτίθεται,
2844 4210 2951 4263 τῶν
2987 4211 3186 4282 μεταξὺ
3212 4212 3304 4265 τοῦ
3335 4212 3464 4266 Υἱοῦ
3490 4214 3582 4266 καὶ
3610 4214 3704 4266 τοῦ
3745 4216 3876 4268 Ha-

2278 4296 2406 4365 τρὸς
2435 4292 2574 4350 εἶναί
2615 4315 2666 4350 τι
2712 4298 3074 4381 λογιζομένων
3097 4320 3111 4334 ’
3156 4305 3250 4357 ἐὰν
3278 4306 3356 4367 εἰς
3385 4305 3444 4357 τὸ
3476 4305 3643 4374 ἄκρον
3682 4308 3879 4359 ἐκεῖνο

2283 4391 2505 4458 σημεῖον
2541 4389 2856 4460 φθάσωμεν,
2978 4394 3041 4447 τὸ
3070 4395 3343 4467 διάστημα
3376 4396 3436 4449 τὸ
3472 4396 3674 4466 μεταξὺ
3709 4415 3882 4467 περι-

2280 4480 2601 4551 γράφουσιν,
2652 4482 2769 4536 ἐκεῖ
2801 4485 2895 4537 καὶ
2927 4486 3018 4540 τοῦ
3066 4487 3201 4541 Θεοῦ
3238 4488 3348 4542 τῶν
3391 4488 3526 4542 ὅλων
3557 4491 3879 4560 ἱσταμένην

2280 4573 2373 4625 ἐπὶ
2397 4573 2457 4626 τὸ
2482 4574 2595 4628 ἄνω
2620 4574 2717 4646 τὴν
2740 4575 2885 4648 ζωὴν
2909 4578 3254 4651 εὑρίσκομεν,
3285 4581 3362 4645 ὡς
3394 4581 3452 4645 ἐξ
3482 4581 3731 4651 ἀνάγκης
3758 4601 3881 4637 κα-

2278 4667 2711 4732 τασκευάζεσθαι
2756 4669 2817 4723 τὸ
2859 4671 2965 4742 πρὸ
3006 4673 3235 4739 ἐκείνου,
3273 4674 3407 4745 μηδὲ
3441 4675 3527 4728 ἀεὶ
3560 4674 3689 4727 ὄντα
3727 4676 3882 4729 Θεὸν

2282 4757 2557 4812 πιστεύειν
2586 4754 2745 4814 εἶναι.

675 4856 834 4923 Quod
869 4857 916 4911 si
949 4856 1130 4912 adhuc
1158 4859 1424 4931 ambigis,
1458 4877 1652 4920 rursus
1685 4865 1740 4920 id
1770 4870 2036 4940 exemplis
2069 4886 2168 4926 ex-

2354 4873 2417 4926 Ei
2445 4872 2502 4926 δὲ
2534 4874 2891 4944 ἀμφιϐάλλεις
2922 4876 3024 4943 ἔτι,
3056 4876 3216 4931 πάλιν
3243 4877 3336 4931 τὸν
3372 4879 3527 4948 λόγον
3554 4880 3619 4933 δι’
3645 4879 3891 4937 ὑποδει-

604 4948 859 5018 planabo.
897 4946 1365 5014 Quemadmodum
1399 4954 1543 5010 enim
1580 4958 1801 5026 quando
1833 4958 2049 5017 duabus
2085 4978 2177 5019 re-

605 5039 748 5108 gulis
776 5039 1038 5109 acceptis,
1069 5040 1242 5096 altera
1273 5044 1482 5114 majore
1502 5087 1517 5112 ,
1548 5049 1719 5105 altera
1753 5051 1965 5108 minore
1989 5093 2005 5118 ,
2038 5055 2175 5112 lines

605 5132 920 5188 earumdem
953 5148 1175 5204 aequare
1204 5136 1487 5202 volumus,
1524 5139 1580 5194 in
1609 5143 1957 5200 extremitate
1985 5160 2181 5203 exces-

604 5243 729 5284 sum
759 5229 1187 5299 cognoscimus;
1215 5229 1554 5300 juxtaposita
1616 5236 1762 5290 enim
1810 5239 2040 5296 minoris
2084 5255 2182 5295 ex-

607 5321 915 5388 tremitate,
963 5338 1253 5379 excessum
1306 5324 1530 5395 majoris
1580 5327 2079 5398 deprehendimus,
2125 5344 2179 5389 et

607 5419 872 5479 quantum
900 5412 1131 5470 breviori
1179 5416 1349 5483 desit,
1394 5433 1652 5474 mensura
1682 5420 1863 5492 aliqua
1886 5465 1901 5490 ,
1936 5425 2051 5481 sive
2093 5427 2177 5481 ul-

607 5511 677 5553 na
701 5537 717 5563 ,
755 5500 869 5556 sive
899 5501 1047 5556 aliud
1079 5504 1360 5576 quidpiam
1398 5507 1503 5574 sit,
1549 5510 1729 5568 minus
1773 5527 1898 5569 cum
1932 5517 2174 5572 termino

713 5677 758 5710 ⁸⁸
783 5675 918 5735 Gen.
951 5697 990 5750 ι,
1022 5682 1114 5740 26.

2283 4965 2508 5036 γμάτων
2536 4969 2772 5040 κατανοή
2780 4985 2981 5040 σωμιεν.
3017 4969 3225 5042 Ὥσπερ
3243 4971 3352 5043 γὰρ
3371 4971 3464 5026 ἐπὶ
3482 4972 3575 5026 δύο
3593 4973 3887 5043 κανόνων,

2281 5060 2410 5114 ὅταν
2437 5063 2466 5115 6
2502 5061 2601 5133 μὲν
2646 5061 2907 5127 ἐλάττων,
2954 5064 2984 5115 6
3027 5062 3083 5117 δὲ
3114 5065 3396 5136 ὑπερέχων
3441 5060 3501 5135 ᾖ,
3535 5063 3637 5127 τὰς
3671 5064 3890 5135 βάσεις

2281 5150 2608 5222 ἀμφοτέρων
2635 5152 2951 5219 ίσώσαντες,
2992 5156 3052 5207 ὲν
3094 5159 3216 5218 ταῖς
3241 5158 3508 5227 κορυφαῖς
3537 5154 3598 5208 τὸ
3628 5154 3895 5211 πλεονά-

2281 5242 2373 5308 ζον
2416 5245 2849 5317 ὲπιγινὼσκομεν
2885 5247 3255 5319 (παραθέντες
3303 5248 3412 5320 γάρ
3466 5248 3528 5301 τὸ
3552 5247 3662 5301 ’τοῦ
3706 5248 3899 5303 ἐλάτ-

2289 5352 2440 5399 τονος
2473 5337 2676 5407 πέρας,
2701 5338 2797 5392 ἀπ’
2827 5339 3036 5393 ἐκείνου
3064 5340 3125 5393 τὸ
3158 5339 3416 5412 περισσὸν
3439 5339 3533 5393 τοῦ
3566 5339 3899 5412 ὑπερέχον-

2286 5443 2377 5490 τος
2406 5427 2649 5498 ἔγνωμεν
2668 5447 2682 5460 ·
2718 5432 2811 5485 καὶ
2842 5432 2965 5485 ὅσον
2987 5432 3125 5485 ὲνδεί
3145 5431 3224 5503 τῷ
3247 5431 3585 5503 βραχυτέρῳ,
3605 5430 3693 5486 διά
3714 5447 3900 5499 τινος

2290 5516 2489 5590 μέτρου
2520 5517 2582 5572 τὸ
2605 5518 2789 5575 λεῖπον
2838 5521 2973 5593 πρὸς
3007 5522 3070 5575 τὸ
3100 5522 3273 5593 πέρας
3305 5521 3401 5577 τοῦ
3436 5523 3680 5595 μείζονος
3719 5538 3904 5595 παρ-
