4032 6208
238 305 334 365 361

241 425 541 488 ισὼσαντες
579 424 811 495 εὕρομεν
837 468 851 492 ,
902 428 1014 483 εἴτε
1068 431 1281 502 πῆχυς,

244 518 396 569 ἐστιν
420 555 434 578 ,
476 517 601 569 ὅσον
648 517 748 571 τοῦ
813 517 1097 585 ἐλάττονος
1146 522 1208 576 τὸ
1257 520 1443 594 μεῖξον
1469 525 1824 601 ἀφέστηκεν).

243 604 415 669 οὕτως
455 607 511 659 εί
536 607 625 671 τίς
657 609 797 676 ἐστι,
832 612 974 665 κατὰ
1010 612 1101 666 τὸν
1122 612 1232 667 τῶν
1251 614 1587 670 ὑπεναντίων
1613 615 1776 686 ’λόγον
1804 656 1819 680 ,

241 698 337 766 τῆς
363 697 459 751 τοῦ
514 698 728 771 Πατρδς
758 698 907 773 ζωῆς
941 704 1019 764 ὡς
1067 703 1205 774 πρὸς
1232 705 1334 778 τὴν
1378 705 1522 777 ζωὴν
1562 705 1657 761 τοῦ
1691 704 1822 760 Υἱοῦ

241 787 603 858 πλεονασμὸς,
632 786 691 842 ἐν
726 806 851 844 τινι
878 791 1028 864 ῥητῷ
1054 792 1381 865 διαστήματι
1424 795 1641 859 πάντως
1682 796 1818 849 ἐστί’

238 876 397 929 τοῦτο
426 876 485 930 δὲ
523 878 626 931 οὐκ
658 880 738 943 είς
765 879 827 934 τὸ
868 882 1070 953 ἑφεξῆς
1118 882 1463 956 περισσεύειν
1510 885 1825 955 ἀναγκαίως

241 967 622 1039 συνθήσονται.
663 968 958 1024 Ἀθάνατον
996 972 1104 1044 γὰρ
1132 973 1335 1045 ὁμοίως
1376 974 1637 1047 ἑκάτερον
1685 972 1824 1031 εἶναι

240 1063 337 1115 καὶ
364 1065 414 1115 ot
445 1062 631 1136 ἐχθροὶ
662 1064 761 1135 τῆς
789 1064 1051 1136 ἀληθείας
1078 1066 1432 1138 ὁμολογοῦσιν
1452 1084 1465 1099 °
1508 1068 1622 1123 ἀλλ’
1653 1069 1734 1134 είς
1764 1069 1827 1123 τὸ

240 1154 358 1207 ἀνω
392 1153 493 1223 τὴν
538 1153 802 1226 διαφορὰν
846 1157 1051 1229 ταύτην
1087 1159 1412 1224 ἐπινοοῦσιν,
1449 1161 1550 1214 οὐκ
1583 1161 1826 1225 ίσοῦντες

240 1244 384 1316 πρὸς
413 1245 506 1298 τὸν
541 1247 762 1318 Πατέρα
789 1248 885 1302 τοῦ
920 1246 1050 1304 Υίοῢ
1077 1250 1179 1322 τὴν
1205 1248 1372 1323 ζωὴν,
1404 1250 1521 1306 ἀλλ’
1554 1249 1824 1306 ἐκτείνον-

237 1350 335 1399 τες
360 1337 460 1407 τὴν
486 1338 617 1408 περὶ
647 1337 742 1392 τοῦ
785 1339 995 1412 Πατρὸς
1034 1340 1240 1396 ἔννοιαν
1299 1341 1379 1413 τῷ
1409 1342 1508 1414 τῆς
1538 1341 1685 1415 ζωῆς
1711 1343 1825 1397 δια-

241 1429 505 1499 στήματι.
547 1429 699 1483 Ἐπεὶ
740 1426 837 1485 οὖν
878 1430 1152 1505 διάστημα
1193 1434 1401 1500 διπλοῖς
1438 1436 1638 1508 πέρασι
1668 1454 1826 1508 περι-

235 1522 538 1592 γράφεται,
570 1522 784 1586 πάντως
821 1523 1034 1596 ἀνάγκη
1067 1526 1236 1591 πᾶσα,
1269 1526 1483 1581 καὶτοῦ
1511 1527 1824 1599 ἐπινοηθέν-

234 1626 336 1675 τος
357 1611 486 1682 παρ’
506 1610 1089 1686 αὑτῶνδιαστήματος,
1112 1615 1181 1670 τὰ
1201 1615 1295 1669 δύο
1321 1618 1521 1688 σημεῖα
1546 1616 1614 1671 τὰ
1634 1635 1830 1687 γνωρι-

238 1702 405 1756 στικά
430 1702 541 1757 τῶν
580 1704 832 1776 περάτων
850 1706 1279 1779 καταληφθῆναι.
1316 1708 1533 1781 Ὠσπερ
1559 1704 1653 1763 οὖν
1680 1709 1743 1763 τὸ
1771 1710 1829 1763 ἓν

238 1796 436 1867 μέρος,
476 1796 597 1850 κατ’
639 1796 855 1862 αὐτοὺς,
888 1797 995 1852 ἀπὸ
1013 1798 1114 1869 τῆς
1160 1799 1465 1872 γεννήσεως
1506 1799 1606 1855 ⁷τοῦ
1646 1801 1823 1856 Μονο·
1864 1782 1905 1838 Β

233 1887 436 1957 γενοῦς
477 1888 577 1959 τὴν
616 1888 791 1960 ἀρχὴν
836 1889 972 1961 ἔχει,
1016 1889 1160 1945 οὕτω
1188 1891 1283 1946 καὶ
1326 1893 1389 1947 τὸ
1418 1891 1606 1964 ἕτερον
1632 1894 1820 1965 ἀκρον,

232 1980 417 2053 ἑτέρῳ
439 1981 551 2035 τινὶ
576 1980 774 2051 πέρατι
812 1981 1032 2047 πάντως
1059 1982 1438 2055 συναπολήξει,
1468 1976 1515 2053 ᾧ
1545 1999 1824 2055 συναπαρ-

228 2072 524 2145 τιζόμενον
544 2073 608 2127 τὸ
628 2072 904 2147 διάστημα
931 2074 1091 2129 ἑαυτὸ
1115 2075 1467 2149 περιγράφει.
1495 2076 1562 2129 Τί
1586 2070 1680 2131 οὖν
1707 2076 1825 2130 ἔστι

226 2164 401 2219 τοῦτο
439 2166 502 2219 τὸ
542 2165 736 2238 πέρας,
777 2165 929 2221 αὐτοὶ
954 2167 1298 2233 εἰπάτωσαν,
1348 2165 1505 2240 εἴπερ
1533 2169 1647 2233 τοῖς
1677 2166 1827 2232 ιδίοις

225 2259 423 2327 λόγοις
454 2258 766 2315 ἀκολουθεῖν
792 2258 892 2314 οὐκ
921 2258 1296 2331 αἰσχύνονται.

1390 316 1665 375 CONTRA
1699 317 2066 380 EUNOMIUM
2100 363 2115 389 ,
2145 318 2274 379 LIB.
2307 320 2350 378 1.

1338 433 1450 488 εἴτε
1500 434 1697 490 ὁπόσον
1731 432 1825 490 οὖν

1933 436 2157 508 majoris
2198 443 2617 510 comparantes,
2656 437 2983 512 indagamus
3006 480 3021 507 ,
3055 447 3322 511 quantum
3353 443 3500 499 absit

3391 329 3498 385 362

1923 532 2100 602 major
2134 545 2165 585 a
2204 531 2418 586 minore
2458 546 2472 583 :
2512 528 2584 584 ita
2607 531 2675 597 si,
2713 540 2772 586 ut
2807 530 3111 589 adversarii
3145 533 3366 599 volunt,
3400 535 3500 590 ali-

1922 622 2052 694 quis
2080 636 2348 679 excessus
2395 628 2482 678 est
2521 622 2645 677 vita:
2706 629 2761 677 et
2804 622 3142 679 exsistcnlia:
3182 620 3364 681 Patris
3410 641 3501 682 re-

1924 723 2114 786 spectu
2133 715 2257 769 vita:
2277 720 2330 768 et
2352 713 2684 769 exsistentim
2707 710 2852 777 Filii,
2867 712 3093 770 omnino
3110 724 3343 788 oportet,
3357 726 3415 773 ut
3430 718 3504 774 sit

1926 805 1979 859 in
2010 803 2246 875 quodam
2279 812 2434 859 certo
2463 802 2773 859 durationis
2803 801 3132 873 intervallo;
3164 816 3220 861 at
3244 821 3503 864 necessa-

1928 899 2009 952 rio
2041 897 2197 953 fateri
2227 896 2429 953 debent
2461 897 2565 952 hoc
2598 913 2709 952 non
2755 910 2879 953 esse
2919 895 3224 953 secundum
3259 898 3501 971 aliquem

1928 989 2125 1045 futura:
2165 989 2475 1044 durationis
2506 1003 2794 1046 excessum
2827 1028 2841 1044 .
2897 986 3203 1060 Utrumque
3248 991 3394 1046 enim
3427 992 3503 1047 si-

1927 1080 2128 1136 militer
2159 1096 2282 1137 esse
2310 1079 2673 1137 immortalem
2707 1096 2814 1136 non
2847 1079 3164 1137 inficiantur
3198 1080 3304 1152 ipsi
3336 1081 3505 1136 etiam

1927 1172 2176 1228 veritatis
2228 1171 2414 1227 hostes
2436 1210 2451 1234 ,
2499 1171 2593 1228 sed
2625 1171 3000 1227 diversitatem
3028 1172 3171 1228 hanc
3202 1171 3505 1229 secundum

1929 1261 2257 1335 prmlerilam
2303 1259 2647 1319 durationem
2692 1262 3034 1333 concipiunt,
3088 1263 3218 1319 dum
3250 1262 3377 1318 Filii
3423 1263 3509 1319 vi.

1930 1362 2039 1411 tam
2069 1363 2124 1412 et
2156 1354 2536 1412 exsistentiam
2583 1369 2708 1411 cum
2754 1353 2934 1411 Patris
2966 1354 3079 1410 vita
3121 1370 3229 1411 non
3264 1363 3506 1427 requant,

1928 1459 2156 1505 extensa
2190 1458 2595 1520 prorogataque
2629 1463 2727 1519 per
2758 1447 3107 1503 intervallum
3139 1449 3262 1503 vitm
3296 1450 3510 1521 cogita—

1932 1539 2080 1596 ticne
2112 1547 2168 1595 et
2212 1539 2623 1596 existimatione
2661 1539 2731 1595 de
2769 1538 2951 1596 Patre.
2983 1540 3119 1596 Cum
3155 1538 3324 1612 igitur
3349 1556 3511 1598 omne

1932 1629 2279 1687 intervallum
2309 1629 2512 1701 duplici
2538 1631 2775 1688 termino
2806 1631 3323 1699 circumscribatur,
3352 1648 3513 1705 opor-

1932 1730 2010 1779 tet
2060 1730 2119 1778 ut
2162 1728 2219 1778 et
2267 1722 2560 1779 intervallo
2605 1722 2673 1778 ab
2716 1722 2803 1779 his
2849 1725 3197 1796 excogitato,
3225 1725 3337 1781 duo
3393 1726 3511 1782 hmo

1933 1815 2114 1887 signa,
2146 1822 2406 1886 tanquam
2429 1816 2842 1871 extremitatum
2874 1815 3099 1880 indicia,
3133 1817 3506 1890 assignentur.

1932 1906 2401 1975 Quemadmodum
2451 1905 2621 1978 igitur
2647 1921 2715 1962 ex
2748 1906 2969 1962 illorum
3001 1906 3309 1974 sententia,
3340 1907 3512 1962 altera

1931 2000 2153 2071 quidem
2186 2012 2316 2070 pars
2345 1996 2564 2054 initium
2596 1997 2751 2054 ducit
2782 1997 2854 2055 ab
2887 2005 3011 2055 ortu
3045 1998 3313 2069 unigeniti
3348 1997 3509 2064 Filii,

1933 2092 2013 2148 sic
2040 2098 2094 2147 et
2122 2090 2349 2145 alteram
2374 2089 2775 2146 extremitatem
2809 2090 2981 2146 altero
3011 2088 3248 2162 quodam
3276 2091 3513 2148 termino

1935 2181 2081 2238 finiri
2116 2194 2345 2237 necesse
2371 2187 2489 2246 est,
2521 2194 2587 2237 ex
2623 2195 2735 2253 quo
2765 2179 3116 2236 intervallum
3149 2181 3285 2237 illud
3315 2198 3507 2239 verum

1926 2284 2220 2348 aptumque
2236 2272 2478 2346 seipsum
2501 2272 2755 2329 definitet
2766 2271 3344 2347 circumscribltﬁrgo
3362 2276 3514 2347 quis-

228 2386 370 2425 nam
410 2371 516 2427 iste
555 2370 627 2427 sit
660 2369 948 2438 terminus,
982 2371 1201 2444 ipsimet
1230 2377 1526 2444 exponant,
1561 2367 1829 2441 siquidem
1850 2366 2131 2441 propriam
2161 2380 2318 2422 suam
2366 2363 2676 2420 doctrinam
2702 2363 2949 2435 proﬁteri
2988 2381 3097 2421 non
3153 2367 3512 2425 erubescunt.

323 2458 464 2516 Ἀλλ’
485 2458 741 2533 οὐδεμίαν
770 2461 1097 2534 ἀμᾳιδολίαν
1126 2462 1155 2515 6
1186 2460 1342 2533 λόγος
1370 2461 1504 2533 ἔχει.
1537 2461 1662 2516 Ὅτι
1698 2458 1821 2514 οὐδὲ

180 2538 191 2547 ’
224 2553 535 2624 εὑρήσουσι
558 2553 619 2607 τὸ
661 2553 849 2625 ἕτερον
877 2552 1064 2625 μέρος,
1093 2553 1186 2607 ἐπὶ
1210 2552 1273 2607 τὸ
1313 2553 1501 2628 ἕτερον
1530 2553 1695 2626 μέρος
1723 2551 1819 2606 τοῦ

224 2644 679 2710 ἀναπλασθὲντος
705 2646 836 2717 παρ’
875 2642 1054 2699 αὐτῶν
1078 2645 1466 2717 διαστήματος,
1510 2646 1560 2699 εί
1596 2644 1670 2716 μή
1699 2660 1821 2698 τινα

222 2739 464 2800 πάντως
505 2735 682 2809 ἀρχὴν
714 2733 995 2790 ὑπόθοιντο
1021 2734 1118 2790 τοῦ
1160 2734 1476 2808 ἀγεννήτου,
1524 2736 1617 2806 ἀφ’
1659 2728 1728 2808 ἦς
1761 2734 1822 2790 τὸ

225 2828 411 2898 μέσον
440 2824 517 2892 ὡς
546 2828 683 2898 πρὸς
724 2827 825 2900 τὴν
851 2826 947 2881 τοῦ
976 2827 1107 2882 Υἱοῦ
1132 2826 1386 2900 γέννησιν
1415 2826 1495 2899 τῷ
1540 2826 1684 2901 λόγῳ
1706 2827 1821 2882 δια-

220 2917 601 2990 λαμδὼοουσι.
631 2917 804 2973 Τοῦτο
832 2914 926 2973 οὖν
953 2918 1100 2974 ἐστιν
1124 2917 1153 2973 δ
1175 2918 1403 2990 λέγομεν
1424 2957 1440 2984 ,
1489 2918 1572 2974 δτι
1601 2920 1631 2973 6
1662 2936 1823 2991 μετα-

218 3010 562 3081 γενέστερον
580 3008 669 3063 τὸν
689 3009 839 3073 Υίὸν.
862 3009 919 3063 ἔν
938 3024 1043 3064 τινι
1065 3008 1463 3082 διαστηματικῇ
1489 3010 1817 3083 παρατάσει,

219 3101 336 3171 τῆς
360 3100 461 3155 τῦῧ
486 3100 701 3173 Πατρὸς
722 3100 867 3172 ζωῆς
889 3099 1083 3171 λέγων,
1110 3101 1422 3175 ὡρισμένην
1448 3101 1608 3156 δώσει
1630 3102 1826 3174 καὶτῷ

220 3152 421 3265 ἆέτρι
437 3152 749 3265 ὤιξάῇ
762 3152 868 3266 1%;
891 3152 1830 3268 regem};2;..ggiga;;.;
1855 3152 1900 3210 (³

221 3284 297 3338 τὸ
322 3284 494 3354 μέσον
514 3283 841 3356 διαστήματι
865 3284 1459 3358 συμπεριγραφομένην
1483 3301 1499 3344 '.
1535 3286 1631 3341 καὶ
1658 3284 1831 3352 οὕτως

223 3375 429 3437 αὐτοῖς
449 3373 804 3446 εὑρεθήσεται
821 3376 855 3445 ή
874 3374 1307 3449 πολυθρύλλητος
1321 3377 1414 3432 τοῦ
1436 3377 1646 3450 Πατρδς
1671 3378 1832 3448 ἀγεν-

225 3464 405 3537 νησία
447 3463 537 3518 δια
569 3465 669 3534 τῆς
693 3465 949 3539 τοιαύτης
994 3468 1339 3541 κατασκευῆς
1388 3468 1480 3523 ὑπ’
1513 3468 1692 3525 αὐτῶν
1721 3469 1832 3525 τῶν

226 3556 551 3630 προμάχων
587 3560 687 3628 τῆς
713 3558 1038 3631 ἀγεννησίας
1072 3559 1503 3632 ὲγκλεπτομένη,
1541 3559 1633 3615 τὸν
1669 3560 1832 3631 ἀγέν-

226 3665 402 3720 νητον
423 3647 561 3702 Θεὸν
586 3648 662 3721 μὴ
687 3648 775 3703 ἀεὶ
799 3645 937 3704 εἶναι
966 3648 1167 3720 λέγειν,
1196 3650 1313 3705 ἀλλ’
1332 3650 1442 3705 ἀπό
1467 3667 1612 3716 τινος
1654 3653 1832 3724 ἀρχῆς

226 3737 336 3791 τοῦ
354 3733 500 3791 εἶναι
524 3736 626 3809 τὴν
655 3737 830 3810 ἀρχὴν
857 3739 1149 3811 ἐσχηκέναι
1176 3738 1608 3805 κατασκευάζειν
1627 3757 1641 3772 ·
1674 3742 1704 3795 6
1722 3740 1832 3814 γὰρ

228 3829 422 3899 ἀρχὴν
453 3826 544 3882 τοῦ
570 3824 707 3883 εἶναι
734 3828 874 3902 ἔχων
925 3830 1160 3903 ἄναρχος
1180 3831 1280 3886 οὐκ
1304 3830 1473 3888 ἔστιν.
1508 3834 1571 3887 Et
1588 3831 1646 3887 δὲ
1668 3833 1832 3888 παντὶ

230 3922 434 3993 τρόπῳ
451 3921 514 3975 τδ
536 3921 771 3994 ἄναρχον
790 3921 885 3976 τοῦ
908 3923 1119 3996 Πατρὸς
1142 3923 1520 3994 ὁμολογεῖσθαι
1540 3926 1831 3998 προσήκει,

240 4012 383 4084 μηδὲ
404 4012 509 4082 τῆς
535 4012 631 4066 τοῦ
660 4010 795 4067 Tim?
819 4013 963 4084 ζωῆς
980 4013 1281 4088 ὡρισμένον
1296 4033 1347 4070 τι
1369 4016 1834 4090 πολυπραγμονεί·

242 4101 362 4155 σθω
392 4103 623 4172 σημεῖον
648 4140 665 4166 ,
704 4102 799 4173 ἀφ’
827 4097 888 4159 οὗ
908 4104 1001 4158 τοῦ
1025 4101 1163 4160 εἶναι
1191 4105 1517 4180 ἀρξάμενος,
1547 4110 1646 4180 τῆς
1671 4110 1751 4175 είς
1771 4110 1833 4165 τὸ

242 4195 514 4248 ιπέκεινα
534 4192 632 4247 τοῦ
665 4193 891 4267 σημείου
918 4194 1066 4268 ζωῆς
1092 4197 1457 4270 ἀποτέμνεται
1482 4216 1496 4230 ·
1537 4199 1652 4254 ἀλλ’
1672 4201 1835 4272 ἀρκεῖ

238 4287 387 4341 κατὰ
441 4286 607 4356 μόνον
646 4285 739 4340 τὸν
784 4286 883 4359 τῆς
930 4287 1110 4353 αίτίας
1159 4288 1317 4359 λόγον
1363 4292 1702 4361 προεπινοείν
1736 4290 1832 4345 τοῦ

240 4379 376 4434 Υιοῦ
414 4378 512 4433 τὸν
552 4377 807 4450 Πατέρα,
855 4379 951 4433 καὶ
982 4380 1057 4452 μὴ
1095 4383 1530 4456 κεχωρισμένην,
1566 4382 1661 4436 καὶ
1698 4383 1831 4438 ιδιά-

1999 2456 2107 2514 Sed
2136 2470 2228 2513 res
2260 2454 2409 2511 omni
2439 2453 2801 2527 ambiguitate
2826 2464 2997 2512 caret.
3031 2455 3148 2513 Non
3185 2459 3331 2514 enim
3364 2459 3513 2517 inve-

1926 2551 2078 2608 nient
2106 2548 2334 2607 alteram
2355 2556 2565 2620 partem
2594 2563 2901 2605 connexam
2933 2562 3059 2605 cum
3104 2550 3275 2606 altera
3302 2551 3357 2607 in
3379 2566 3517 2608 con-

1927 2640 2055 2698 ficto
2097 2641 2166 2698 ab
2203 2639 2340 2713 ipsis
2377 2638 2689 2708 intervallo,
2724 2640 2831 2696 nisi
2866 2639 3155 2698 admittant
3189 2651 3244 2700 et
3272 2652 3517 2701 statuant

1927 2728 2149 2804 aliquod
2197 2731 2415 2788 initium
2467 2730 2611 2803 ejus,
2660 2732 2757 2804 qui
2810 2732 3038 2788 omnino
3103 2740 3190 2790 est
3238 2734 3517 2805 ingenitus

1926 2820 2214 2891 omnisque
2258 2828 2414 2877 ortus
2451 2834 2669 2893 expers,
2721 2836 2788 2878 ex
2833 2835 2943 2892 quo
2991 2822 3230 2879 medium
3282 2826 3346 2879 ad
3392 2823 3517 2881 Filii

1928 2927 2104 2983 usque
2145 2911 2555 2984 generationem
2591 2912 2923 2983 cogitatione
2961 2913 3270 2985 producant
3309 2924 3366 2971 et
3398 2932 3518 2988 pro.

1927 3004 2168 3062 trahant.
2203 3003 2319 3061 Hoc
2363 3003 2533 3077 igitur
2562 3013 2647 3062 est
2681 3002 2829 3077 quod
2866 3005 3230 3073 afllrmamus,
3259 3022 3383 3063 eum
3421 3006 3515 3078 qui

1931 3093 2131 3154 Filium
2188 3098 2547 3170 posteriorem
2607 3099 2830 3165 asserit,
2887 3099 3190 3156 secundum
3246 3099 3517 3156 intervalli

1932 3186 2225 3260 quamdam
2260 3188 2663 3254 extensionem,
2703 3187 2883 3246 Patris
2934 3188 3044 3244 vita
3077 3196 3134 3245 et
3169 3189 3517 3255 exsistentia,

1931 3279 2189 3337 similiter
2213 3293 2434 3351 quoque
2460 3281 2627 3337 certis
2671 3278 2869 3353 spatiis
2903 3288 2959 3336 et
2995 3279 3199 3337 finibus
3242 3281 3519 3338 cxsisten-

1932 3370 2066 3427 tiam
2099 3369 2274 3429 Patris
2302 3379 2621 3436 coarctare,
2644 3380 2834 3445 utpote
2880 3371 3367 3446 circumscriptam
3424 3389 3521 3446 per

1931 3464 2170 3521 medium
2193 3472 2420 3523 extenso
2444 3466 2760 3521 intervallo:
2784 3475 2834 3523 et
2865 3466 2945 3523 sic
2978 3466 3228 3523 videmus
3249 3466 3518 3523 celebrem

1932 3556 2083 3612 illam
2141 3558 2460 3629 passimque
2493 3558 2757 3629 iactatam
2799 3555 2979 3617 Patris
3011 3560 3517 3624 innascibilitatem,

1933 3663 2031 3720 per
2067 3648 2213 3704 hanc
2249 3649 2505 3706 technam
2537 3656 2592 3705 et
2636 3647 3100 3707 machinationem
3146 3650 3215 3705 ab
3259 3651 3395 3722 ipsis
3431 3650 3517 3705 in.

1932 3740 2320 3798 nascibilitatis
2340 3743 2839 3814 propugnatoribus
2870 3741 3064 3809 everti,
3091 3741 3221 3797 dum
3262 3755 3520 3798 asserunt

1933 3830 2106 3889 Deum
2147 3847 2258 3888 non
2303 3847 2428 3890 esse
2465 3832 2799 3905 ingenitum,
2859 3832 2955 3890 scd
2995 3848 3027 3888 a
3068 3841 3221 3888 certo
3280 3832 3518 3903 quodam

1934 3925 2089 3981 initio
2115 3924 2447 3997 principium
2483 3925 2737 3995 duxisse;
2785 3940 2909 3981 nam
2951 3924 3097 3995 quod
3141 3923 3357 3979 initium
3408 3940 3523 3980 sua:

1932 4019 2270 4077 exsistentia:
2317 4019 2505 4086 habet,
2556 4035 2667 4077 non
2718 4025 2873 4074 caret
2916 4016 3206 4088 principio.
3258 4017 3415 4085 Quod
3472 4019 3519 4073 si

1932 4111 2252 4169 omnimodo
2307 4111 2678 4169 confitendum
2714 4117 2800 4166 est
2838 4107 3058 4163 Patrem
3106 4109 3380 4183 principio
3429 4124 3523 4165 ca-

1936 4219 2079 4272 rere,
2115 4210 2332 4275 oportet
2376 4211 2438 4259 ut
2467 4215 2647 4272 neque
2675 4196 2798 4255 Filii
2838 4201 2963 4256 vitae
3001 4199 3287 4258 definitum
3317 4211 3371 4259 et
3397 4218 3523 4259 cer-

1936 4305 2049 4353 tum
2097 4295 2393 4351 terminum
2434 4300 2674 4357 statuas,
2709 4306 2741 4347 a
2772 4307 2883 4364 quo
2920 4292 3142 4350 vivendi
3185 4293 3519 4367 principium

1935 4387 2172 4455 duxerit,
2197 4385 2416 4457 vitaque
2460 4399 2548 4450 eo,
2573 4382 2719 4457 quod
2741 4400 2906 4455 supra
2932 4385 3078 4443 hunc
3097 4385 3390 4442 terminum
3414 4393 3521 4454 est,

234 4470 451 4535 ζουσαν
483 4487 619 4525 ποτε
647 4469 740 4524 τοῦ
773 4468 986 4543 Πατρδς
1014 4471 1113 4544 τὴν
1140 4471 1306 4545 ζωὴν,
1333 4473 1441 4544 πρὸ
1464 4473 1674 4546 τῆςτοῦ
1700 4474 1830 4529 Υίοῦ

1939 4476 2118 4548 spatio
2183 4474 2402 4547 penitus
2459 4475 2741 4542 caruerit;
2795 4474 2892 4532 sed
2952 4472 3158 4531 sufﬁit
3217 4474 3520 4532 secundum

232 4567 559 4636 γεννήσεως
593 4580 609 4596 ·
660 4563 750 4617 ινα
779 4563 854 4633 μή
885 4563 1196 4638 συνεισελθῃ
1240 4567 1307 4637 τῇ
1352 4565 1616 4639 ὑπολήψει
1659 4565 1833 4640 ταύτῃ

228 4656 678 4728 διαπηματικόν
708 4672 762 4709 τι
809 4655 987 4726 νόημα
1030 4656 1136 4727 πρὸ
1170 4657 1272 4729 τῆς
1314 4657 1409 4712 τοῦ
1444 4656 1577 4712 Υἱοῦ
1625 4658 1836 4713 ἀναδεί-

234 4751 405 4815 ξεως,
452 4752 523 4821 τῇ
572 4747 686 4821 ζωῇ
715 4747 810 4803 τοῦ
851 4750 1240 4819 γεγεννηκότος
1271 4749 1793 4822 παραμετροῦμενον
1817 4766 1830 4779 ο

232 4838 293 4912 ᾧ
332 4843 463 4897 κατ’
507 4841 755 4912 ἀνάγκην
792 4841 1147 4914 ἀκολουθήσει
1208 4842 1271 4897 τδ
1316 4842 1412 4897 καὶ
1460 4841 1557 4897 τοῦ
1622 4842 1837 4915 Πατρὸς

232 4935 426 5006 ἀρχὴν
446 4949 569 4986 τινα
590 4934 689 5004 τῆς
713 4930 859 5003 ζωῆς
886 4931 1236 5005 ὑπερθέσθαι,
1263 4933 1383 4987 καθ’
1414 4933 1483 5004 ἢν
1508 4932 1570 4987 τὸ
1597 4933 1838 4988 ἀναπλα-

232 5024 374 5078 div
394 5022 508 5094 πρὸ
538 5022 704 5077 αὐτοῦ
722 5022 997 5095 διάστημα
1026 5023 1214 5095 προῖὃν
1235 5024 1328 5078 ἐπὶ
1348 5024 1410 5077 τὸ
1438 5022 1552 5078 ἀνω
1580 5024 1837 5096 στήσεται

232 5116 715 5189 πμτεεριγράιρον
745 5116 897 5188 αὒτῷ
930 5117 1030 5188 τῆς
1064 5100 1554 5188 προεπινοηθείσης
1590 5116 1681 5171 τοῦ
1722 5118 1835 5171 Πα-

232 5210 377 5279 τρὸς
412 5208 565 5279 ζωῆς
593 5206 692 5278 τὴν
718 5208 914 5282 ἀρχήν.
954 5207 1117 5263 Ἀλλά
1144 5207 1207 5262 τὸ
1229 5205 1288 5273 ἐξ
1320 5208 1487 5264 αὐτοῦ
1517 5211 1836 5281 ὁμολογοῦν-

228 5318 369 5365 τες.
395 5300 508 5353 κᾶν
527 5297 798 5371 τολμηρόν
830 5316 882 5353 τι
916 5300 1173 5373 φαίνηται
1193 5340 1208 5364 ,
1241 5299 1339 5355 καὶ
1372 5300 1436 5355 τὸ
1466 5303 1563 5355 σὺν
1590 5302 1737 5373 αὐτῷ
1763 5302 1837 5375 μὴ

232 5393 565 5465 ἀρνεῖσθαι.
607 5391 712 5445 ὑπὸ
752 5392 851 5464 τῆς
880 5394 939 5446 ὲν
965 5396 1085 5458 ταῖς
1115 5392 1416 5466 ὑποθήκαις
1456 5395 1680 5469 Γραφῆς
1703 5397 1840 5469 πρὸς

232 5486 352 5555 τὴν
378 5483 595 5538 ῑννοιαν
634 5481 839 5555 ταύτην
871 5483 1283 5557 ὁδηγουμένους.
1320 5490 1710 5560 Ἀπαύγασμα
1731 5487 1838 5561 γὰρ

228 5576 462 5635 ἀπίου
480 5574 681 5647 φωτὸς
700 5577 852 5645 παρά
863 5580 956 5647 τῆ·
979 5576 1183 5646 Σηρίας
1219 5576 1571 5640 ἀκούσαντες,
1621 5593 1839 5633 συνεπι-

232 5666 579 5737 οεωρνοῦμιν
621 5667 689 5737 τῇ
737 5666 999 5741 ἀῐδιότητι
1064 5666 1160 5723 τοῦ
1232 5663 1593 5738 πρωτοτὺπου
1662 5661 1837 5733 φωτὸς

224 5764 313 5819 ob
342 5758 713 5829 ἀπαύγασμα.
744 5755 844 5810 καὶ
874 5755 936 5807 rb
972 5753 1143 5807 αίτιον
1172 5751 1265 5805 τοῦ
1290 5753 1724 5828 ἀπαυγάσματος
1750 5759 1837 5815 ὲν-

594 5852 868 5914 Ριτιοι..
912 5846 1031 5909 Gn.
1065 5845 1251 5910 XLV.

1937 4567 2111 4624 solam
2169 4563 2427 4637 principii
2484 4565 2757 4621 rationem
2822 4563 3246 4636 pratintelligere
3303 4562 3519 4620 Patrem

1917 4656 2094 4735 Filio.
2132 4671 2309 4728 neque
2335 4653 2518 4712 Patris
2542 4655 2655 4710 vita
2684 4654 3003 4726 separatim,
3029 4661 3086 4710 et
3106 4653 3267 4726 quasi
3302 4656 3521 4725 propria

1940 4749 2111 4814 illius,
2152 4756 2280 4803 ante
2324 4744 2447 4801 Filii
2495 4746 2904 4819 generationem
2952 4746 3252 4817 spectanda
3296 4755 3405 4806 est,
3454 4760 3525 4796 nn

1938 4840 2124 4895 animo
2176 4841 2372 4895 subeat
2432 4838 2703 4894 intervalli
2735 4837 2972 4909 alicujus
3027 4837 3329 4909 cogitatio.
3371 4835 3521 4907 quod

1939 4943 2065 4989 ante
2096 4930 2215 4987 Filii
2253 4931 2656 5005 generationem
2702 4945 2828 4986 cum
2869 4929 2989 5001 ipso
3020 4928 3187 4987 Patre
3223 4939 3522 5001 generante

1939 5023 2104 5080 simul
2166 5020 2473 5087 exstiterit;
2513 5034 2580 5074 ex
2624 5033 2736 5090 quo
2783 5018 3102 5075 necessario
3142 5016 3519 5080 concluditur,

1938 5115 2103 5171 etiam
2143 5115 2268 5168 vitae
2316 5121 2372 5168 et
2410 5110 2749 5168 exsistcntiat
2792 5110 2975 5165 Patris
3025 5108 3357 5180 principium
3396 5123 3525 5164 esse

1940 5206 2363 5268 admittendum,
2396 5219 2424 5258 a
2456 5218 2568 5276 quo
2599 5203 2894 5259 condctam
2930 5203 2998 5258 ab
3031 5203 3138 5258 isto
3173 5202 3522 5260 intervallum

1940 5299 2245 5374 procedens
2272 5298 2472 5355 ibidem
2496 5312 2565 5353 ex
2596 5312 2798 5370 supera
2834 5303 2990 5368 parte
3016 5294 3272 5363 finietur;
3303 5310 3526 5352 secum-

1939 5406 2046 5464 que
2090 5390 2294 5463 pariter
2347 5388 2570 5444 dellniet
2622 5396 2677 5444 et
2732 5386 3151 5443 circumsctibet
3189 5386 3523 5461 principium

1941 5481 2338 5554 praeiutellecta:
2379 5488 2435 5535 et
2458 5477 2889 5552 praeessisteutis
2907 5480 3031 5533 vitae
3055 5475 3258 5534 Patris.
3284 5475 3525 5535 Verum-

1939 5574 2220 5631 enimvero
2266 5587 2413 5635 eum,
2457 5586 2617 5647 quem
2664 5585 2732 5626 ex
2785 5568 2947 5626 Patre
3005 5570 3304 5641 procedere
3351 5571 3525 5627 conli-

1941 5676 2140 5729 temur.
2190 5664 2407 5722 etiamsi
2442 5663 2659 5719 facinus
2689 5662 2871 5719 audax
2915 5663 3190 5729 videatur,
3209 5678 3320 5721 non
3360 5678 3524 5735 nege-

1943 5775 2071 5819 mus
2097 5756 2261 5818 simul
2289 5772 2416 5815 cum
2457 5756 2579 5830 ipso
2612 5769 2760 5824 esse,
2801 5754 2858 5814 in
2898 5756 3041 5813 hanc
3079 5754 3408 5904 caligantium
3454 5750 3527 5806 ab
