4032 6208
590 304 695 360 563
1828 296 1884 353 S.
1929 296 2159 355 CREGO

2296 296 2585 353 Nl’SSENl
3715 294 3808 352 564

580 418 715 487 ipsis
750 427 918 473 sacrae
949 410 1245 482 Scriptura:
1278 410 1514 466 oraculis
1537 409 1710 468 ducti.
1742 410 1879 467 Cum
1914 419 2060 468 enim
2088 414 2158 471 ab

2262 413 2523 475 νοοῦντες,
2549 409 2726 466 καὶτὸ
2762 408 3127 482 πρεσϐύτεροι
3154 408 3215 463 οὑ
3243 407 3549 480 δεχόμενον
3596 409 3691 463 καί
3726 407 3810 463 oli-

580 508 697 577 ipsa
768 503 1047 575 Sapientia
1108 501 1405 567 audimus,
1461 516 1584 558 eum
1646 517 1769 557 esse
1823 503 2153 573 splendorem

2262 522 2357 568 τως
2384 506 2515 574 ἡμῖν
2538 504 2565 557 ὁ
2600 502 2698 572 τῆς
2733 500 3010 563 εὐσεϐείας
3047 499 3435 572 διασωθήσεται
3462 499 3618 568 λόγος
3640 517 3654 530 ·
3702 499 3812 554 sine

579 597 761 653 (sterni
794 595 1005 651 luminis
1027 593 1104 659 ⁸³,
1148 591 1337 657 statim
1377 602 1556 648 tuente
1579 592 1920 662 concipimus
1972 593 2150 663 ipsum

2262 594 2328 666 τῷ
2357 594 2470 666 Υἰῷ
2500 592 2601 663 τῆς
2644 592 2787 663 ζωῆς
2831 591 2922 645 ἐπὶ
2972 590 3031 645 τὸ
3062 590 3174 645 ἀνω
3202 590 3527 661 λειπούσης,
3571 588 3695 644 οὔτε
3727 594 3816 662 της

578 686 1206 759 Splendorem,tanquam
1240 699 1394 754 atque
1421 694 1682 739 aeternum
1708 698 1774 739 ac
1802 685 1984 738 lumen
2015 684 2148 740 illud

2262 683 2550 755 ἀῖδιότητος
2577 682 2673 737 τοῦ
2698 681 2909 755 Πατρός
2933 683 2989 736 ἐν
3013 681 3091 754 τῷ
3115 680 3333 754 ὁριστὴν
3358 681 3706 736 ὑποτίθεσθαι
3730 682 3819 767 τοῦ

578 779 857 850 princeps,
881 792 945 832 ex
973 791 1083 848 quo
1111 773 1602 849 splendoremicuit
1625 791 1642 841 ;
1667 773 1905 844 dumque
1925 789 2148 834 causam

2262 775 2391 829 Υἰοῦ
2416 776 2515 847 τὴν
2541 774 2714 846 ἀρχὴν
2738 771 3154 845 κολοϐουμένης.

577 883 631 926 et
657 869 981 943 principium
1008 864 1311 938 Splendoris
1351 864 1721 936 intelligimus.
1762 866 1937 921 simul
1965 867 2131 920 etiam
2167 866 2433 922 rationem
2511 864 2836 936 antiquioris
2881 878 2976 919 seu
3015 864 3211 934 prioris
3262 864 3653 953 repudiamus;
3716 881 3822 935 quo

582 965 661 1029 lit,
696 971 753 1017 ut
784 961 928 1034 quod
992 961 1078 1032 pie
1098 959 1258 1015 nobis
1280 959 1540 1013 traditum
1572 966 1677 1023 est,
1713 958 2034 1014 inviolatum
2070 958 2433 1023 custodiatur,
2466 955 2602 1013 dum
2629 972 2805 1027 neque
2837 956 2948 1011 vita
3004 955 3131 1010 Filii
3187 956 3353 1026 priori
3413 957 3595 1027 aliquo
3662 959 3824 1013 inter-

581 1056 723 1111 vallo
771 1054 970 1119 deficit,
1005 1067 1181 1122 neque
1228 1050 1390 1106 etiam
1440 1050 1722 1122 aeternitas
1764 1049 1952 1106 Patris
1986 1052 2289 1117 mutilatur,
2319 1049 2444 1107 Filii
2473 1053 2582 1108 vita
2644 1061 2697 1108 et
2729 1048 3049 1108 exsisteutia
3118 1056 3284 1104 certae
3346 1048 3581 1119 alicujus
3658 1051 3811 1107 dura-

579 1148 740 1205 tionis
774 1147 1040 1202 limitibus
1075 1127 1307 1200 inclusa.

654 1241 762 1298 Sed
819 1240 959 1295 forte
1002 1239 1206 1296 dixerit
1267 1239 1545 1313 quispiam
1608 1255 1675 1296 ex
1711 1237 2153 1295 adversariorum

2338 1235 2475 1290 Ἀλλ’
2512 1236 2641 1299 ἴσως
2684 1234 2800 1306 ἐρεῖ
2844 1251 2927 1297 τις
2964 1232 3074 1286 τῶν
3108 1230 3478 1301 ἐνισταμένων
3521 1232 3598 1303 τῷ
3645 1232 3781 1305 λόγῳ
3804 1273 3823 1299 ,

579 1349 830 1399 numero,
853 1333 1027 1403 ipsam
1056 1347 1277 1403 quoque
1302 1343 1609 1388 creaturam
1661 1331 1904 1387 omnium
1938 1329 2156 1387 confes-

2262 1330 2337 1384 ὅτι
2367 1328 2462 1383 καί
2485 1328 2516 1398 ἡ
2547 1327 2722 1390 κτίσις
2748 1323 3188 1396 ὁμολογουμένην
3216 1323 3388 1394 ἀρχὴν
3419 1323 3555 1394 ἔχει,
3583 1325 3675 1378 καὶ
3700 1325 3823 1381 οὕτε

580 1428 736 1481 sione
763 1434 974 1483 certum
1011 1426 1347 1497 principium
1384 1424 1607 1487 habere.
1639 1440 1816 1494 neque
1842 1431 2025 1479 tamen
2066 1438 2155 1479 res

2262 1424 2646 1475 συνεπινοεῖται
2683 1421 2746 1491 τῇ
2786 1417 3045 1486 ἀῖδιότητι
3076 1414 3171 1469 τοῦ
3207 1417 3549 1488 Δημιουργοῦ
3580 1417 3647 1470 τὰ
3673 1417 3823 1485 γενόι

578 1526 794 1573 creatas
820 1524 877 1572 ut
903 1526 1204 1572 coaeternas
1252 1514 1563 1588 Opilieisuo
1592 1515 1804 1586 concipi
1832 1531 2015 1586 posse,
2057 1529 2156 1569 ne-

2262 1530 2415 1583 μενα,
2435 1511 2559 1566 οὔτε
2588 1512 2767 1583 ἵστησι
2794 1508 2881 1563 διὰ
2902 1508 3003 1579 τῆς
3036 1507 3366 1582 ίδίαςάρχῆς
3387 1508 3446 1561 τὸ
3465 1508 3707 1579 ἀόριστον
3726 1508 3830 1577 τῆς

580 1626 688 1680 que
715 1608 877 1664 etiam
909 1623 1005 1666 eas
1037 1623 1140 1663 suo
1165 1608 1323 1663 initio
1353 1608 1676 1663 infinitatem
1718 1607 1915 1662 divinat
1944 1615 2153 1663 natura:

2262 1604 2405 1668 θείας
2452 1602 2617 1673 ζωῆς,
2654 1603 2845 1675 ὥσπερ
2886 1603 2979 1656 ἐπὶ
3021 1600 3115 1655 τοῦ
3160 1599 3314 1664 Υίοῦ,
3346 1600 3440 1653 καὶ
3470 1598 3565 1653 τοῦ
3618 1598 3828 1670 Πατρδς

583 1700 901 1766 terminare,
941 1700 1089 1772 quod
1124 1716 1222 1756 nos
1252 1714 1372 1754 cum
1405 1697 1662 1757 de'Patre
1686 1706 1741 1753 et
1775 1696 1911 1753 Filio
1963 1696 2156 1768 dispu-

2262 1693 2641 1764 ἐξεταζόμενος
2659 1695 2687 1749 ό
2715 1693 2871 1762 λόγος
2900 1694 2998 1765 τὴν
3021 1692 3248 1748 ἀτοπίαν
3269 1689 3563 1756 ὑπέδειξεν.
3582 1690 3667 1752 Ὠς
3695 1690 3831 1743 ἀκό-

577 1791 1132 1862 tal)antus,=tanquam
1154 1790 1473 1854 absurdum,
1502 1790 1766 1859 consequi
1810 1789 2151 1845 dicebamus.

2262 1787 2440 1855 λουθον
2467 1781 2605 1841 εἰναι
2630 1785 2720 1840 διὰ
2742 1786 2929 1840 τούτου
2950 1786 2984 1858 ἢ
3011 1786 3107 1857 τὴν
3119 1785 3294 1839 κτίσιν
3321 1783 3583 1837 συναίδιον
3602 1781 3674 1853 τῷ
3689 1781 3833 1851 θεῷ,

578 1883 768 1953 Itaque
811 1882 1128 1938 necessario
1176 1880 1612 1938 concludendum
1646 1896 1769 1938 esse
1802 1881 1874 1937 ob
1908 1880 2033 1947 hoc,
2073 1881 2156 1935 vel

2262 1878 2403 1952 ἢκαὶ
2430 1877 2522 1933 τὸν
2552 1879 2679 1932 Υἱὸν
2709 1877 3167 1950 μεταγενέστερον
3183 1877 3401 1947 ἀφόϐως
3432 1875 3610 1945 λέγειν
3627 1891 3639 1904 ⁸
3666 1875 3697 1929 ό
3718 1874 3836 1949 γὰρ

580 1977 894 2023 creaturam
957 1984 1080 2025 esse
1133 1977 1465 2024 coaeternam
1527 1968 1659 2035 Deo,
1725 1968 1808 2024 vel
1846 1981 1993 2025 certe
2040 1971 2159 2025 sine

2262 1971 2350 2027 τοῦ
2373 1971 2737 2043 διαστήματος
2752 1972 2906 2042 λόγος
2919 1972 3120 2044 ὁμοίως
3145 1970 3411 2036 ὑποδείξει
3442 1970 3716 2033 τὺᾶτοπον,
3736 1970 3838 2024 καὶ

579 2061 845 2131 scrupulo
894 2058 1122 2116 concedi
1179 2075 1363 2131 posse,
1420 2058 1624 2115 Filium
1682 2075 1805 2116 esse
1848 2059 2011 2115 Patre
2057 2076 2159 2117 suo

2262 2063 2369 2118 ἀπὸ
2390 2065 2487 2134 τῆς
2515 2063 2742 2128 κτίσεως
2759 2065 2854 2118 ἐπὶ
2881 2064 2973 2118 τὸν
3000 2063 3334 2134 πεποιηκότα
3354 2060 3816 2133 διαμετρούμενος

578 2153 942 2221 posteriorem
966 2168 991 2215 ;'
1056 2167 1182 2206 nam
1258 2151 1399 2207 ratio
1458 2152 1729 2209 intervalli
1786 2156 2070 2226 aequaliter
2126 2158 2523 2215 absurditatem
2586 2174 2771 2216 secum
2848 2158 3029 2224 al‘ert,
3079 2158 3303 2229 quando
3380 2173 3412 2214 a
3463 2167 3711 2213 creatura
3766 2157 3839 2208 ad

581 2238 896 2293 Creatorem
925 2237 1103 2307 ipsum
1134 2241 1376 2299 ducitur.

649 2331 840 2403 Atqui
884 2332 989 2387 hoc
1022 2332 1234 2403 objicit,
1282 2333 1329 2388 is
1376 2332 1516 2391 forte
1551 2350 1658 2391 non
1710 2340 1845 2395 satis
1899 2350 2156 2397 accurate

2324 2337 2393 2390 Ὀ.
2441 2336 2497 2389 δέ
2556 2336 2616 2390 τὸ
2664 2334 2901 2390 τοιοῦτον
2957 2324 3383 2409 ἀνθυποφέρων,
3433 2337 3532 2391 οὑκ
3586 2335 3835 2405 ἀκριϐῶς

575 2433 629 2478 et
657 2423 951 2494 diligenter
975 2422 1230 2495 dogmate
1294 2426 1416 2493 ipso
1452 2427 1807 2511 introspecto,
1850 2445 1917 2489 ex
1956 2431 2149 2511 alienis

2262 2428 2398 2500 τάχα
2436 2431 2503 2500 τῇ
2533 2428 2739 2501 διανοίᾳ
2771 2427 2865 2482 τοῦ
2914 2429 3180 2500 δόγματος
3208 2429 3450 2498 ἐφιστάς,
3481 2427 3569 2482 διὰ
3598 2428 3704 2481 τῶν
3732 2427 3838 2480 ἀλ-

575 2522 631 2569 et
669 2516 894 2571 omnino
931 2516 1069 2572 nihil
1122 2516 1191 2572 ad
1228 2518 1568 2590 propositum
1622 2507 1870 2579 nostrum
1907 2508 2156 2580 facienti-

578 2608 709 2673 bus,
738 2615 930 2663 contra
964 2624 1028 2663 ea
1051 2625 1174 2680 quae
1223 2610 1611 2678 disseruimus,
1664 2624 1986 2684 argumenta
2025 2631 2155 2688 pro-

578 2700 699 2754 mit.
732 2699 868 2755 Nam
905 2701 950 2757 si
997 2702 1375 2759 demonstrare
1426 2714 1634 2773 posset,
1694 2706 1898 2775 aliquid
1935 2722 2152 2774 eorum,

577 2807 699 2862 qua:
750 2805 917 2861 supra
956 2804 1268 2847 creaturam
1318 2802 1468 2862 sunt,
1508 2795 1882 2853 subsistentia;
1939 2812 2052 2852 suae
2096 2798 2153 2853 in

580 2890 785 2951 puncto
827 2883 1063 2954 alicujus
1096 2884 1367 2939 intervalli
1399 2887 1667 2957 originem
1704 2887 1925 2952 ducere,
1968 2890 2156 2960 sicque

578 2983 838 3044 praeterea
887 2989 986 3045 pro
1040 2984 1213 3041 certo,
1273 2977 1550 3032 communi
1594 2979 1843 3033 omnium
1887 2980 2156 3050 approba-

577 3069 727 3121 tione
758 3066 1195 3131 eonstaret,‘fieri
1227 3082 1411 3138 posse,
1436 3076 1496 3123 ut
1527 3069 1690 3124 etiam
1726 3080 1851 3125 ante
1882 3058 2154 3129 creaturas

577 3157 913 3227 eﬂ‘ectionem
944 3158 1215 3215 intervalli
1247 3158 1485 3229 alicujus
1525 3161 1667 3217 ratio
1713 3163 2099 3235 cpnciperetur
2129 3150 2149 3220 ;’

576 3252 693 3302 tum
732 3247 984 3304 fortassis
1013 3265 1121 3304 non
1152 3250 1378 3307 omnino
1410 3263 1605 3322 praeter
1639 3269 1751 3308 rem
1787 3253 1926 3310 foret
1964 3255 2150 3324 hujus-

580 3338 726 3395 modi
756 3341 1093 3411 argumentis
1126 3338 1554 3399 demonstratam
1583 3344 1651 3400 de
1709 3344 1844 3401 Filio
1876 3347 2152 3402 acteruita-

581 3442 690 3487 tem
731 3430 953 3486 eludere
988 3442 1041 3488 et
1068 3448 1384 3503 oppugnare
1431 3435 1577 3490 velle
1640 3436 1709 3490 At
1742 3452 1867 3491 cum
1910 3438 2163 3498 omnium,

578 3529 727 3577 recte
755 3524 1106 3579 sentientium
1132 3523 1409 3597 sull'ragiis
1433 3536 1488 3583 et
1516 3529 1885 3584 consensione
1912 3530 2146 3600 liqueat,

578 3615 786 3669 cntium
818 3613 964 3670 aliud
997 3614 1217 3686 quidem
1263 3632 1393 3673 esse
1437 3629 1703 3682 creatum,
1757 3620 1905 3676 aliud
1941 3621 2155 3678 increa-

580 3711 694 3757 tum
723 3718 989 3772 :cumque
1012 3703 1260 3760 veritatis
1287 3712 1342 3761 et
1374 3705 1594 3777 pietatis
1632 3707 1929 3780 disciplina
1954 3707 2155 3765 docea-

578 3810 723 3858 mur,
791 3793 1033 3849 divinam
1090 3803 1342 3851 naturam
1404 3799 1700 3855 increatam
1729 3817 1876 3868 esse,
1934 3802 1988 3857 in
2047 3817 2155 3873 qua

579 3885 725 3941 aliud
751 3887 969 3957 quidem
1000 3888 1081 3945 sit
1107 3888 1465 3961 principium,
1491 3889 1637 3946 aliud
1666 3907 1733 3944 ex
1762 3891 2034 3964 principio
2079 3893 2156 3949 in-

580 3976 957 4046 separabiliter
985 3977 1348 4038 substantiam
1366 3996 1524 4036 suam
1553 3982 1806 4052 accipiat,
1821 3992 1875 4039 et
1901 3992 2153 4041 creatura

579 4067 636 4123 iu
697 4069 987 4127 intervallo
1046 4073 1283 4145 quodam
1334 4081 1727 4146 repraesentata
1784 4075 2154 4134 contineatur:

578 4160 759 4219 omnis
782 4166 1007 4221 omnino
1030 4165 1350 4238 temporalis
1371 4164 1510 4223 ordo
1532 4176 1582 4224 et
1602 4168 1776 4224 series
1799 4184 1982 4223 rerum
2004 4183 2156 4224 erea-

579 4262 760 4309 tarum
793 4271 824 4309 a
851 4262 1098 4329 tempore
1132 4256 1651 4330 comprehenditur;
1702 4258 1793 4316 illa
1841 4275 1971 4316 vero
2004 4269 2158 4315 ante-
2194 4293 2234 4348 ο

580 4347 884 4412 saecularis,
919 4366 1014 4405 seu
1041 4356 1167 4409 ante
1197 4357 1414 4422 tempus
1439 4352 1713 4409 exsistens
1744 4362 1962 4418 natura,
1996 4363 2145 4409 caret

581 4439 730 4494 muni
753 4453 817 4493 ea
854 4439 1188 4503 diversitate,
1211 4457 1317 4512 qua
1339 4442 1444 4496 alia
1467 4444 1803 4515 antiquiora,
1831 4446 1935 4500 alia
1970 4461 2160 4500 recen-

579 4529 720 4585 tiora
754 4547 876 4588 esse
908 4532 1108 4597 solent,
1166 4548 1231 4588 eo
1260 4533 1404 4603 quod
1442 4535 1496 4590 in
1525 4533 1710 4589 divina
1748 4536 1839 4589 illa
1884 4545 1937 4591 et
2004 4537 2164 4590 beata

579 4621 688 4675 vita
722 4620 947 4678 minime
974 4620 1263 4693 qumrenda
1281 4631 1335 4679 et
1357 4624 1759 4681 consideranda
1793 4627 1925 4690 sint,
1944 4640 2170 4695 quaera-

582 4712 656 4767 tio
680 4719 871 4768 nostra
916 4712 970 4767 in
1002 4722 1252 4769 creatura
1289 4714 1487 4770 inesse'
1509 4715 1800 4786 conspicit.
1823 4714 1959 4770 Nam
1988 4718 2170 4773 omnis

577 4802 995 4871 creatura,sicut
1010 4804 1213 4860 dictum
1227 4806 1635 4871 est,secundum
1650 4806 1894 4862 ordinem
1908 4815 1961 4862 et
1977 4808 2172 4864 seriem

579 4910 743 4965 quam
758 4894 869 4949 13m
905 4895 1170 4966 producta
1193 4906 1544 4954 mensuratur
1580 4897 1869 4954 duratiune
1886 4900 2166 4969 temporis,

579 4990 634 5039 et
657 4999 841 5056 srqu.s
866 4986 1080 5042 ratione
1099 4988 1465 5059 ascendatper
1495 5004 1675 5046 rerum
1695 4998 2002 5045 creatarum
2016 4993 2168 5046 ordi-

583 5089 706 5130 nem
735 5075 800 5130 ad
829 5077 1145 5132 earumdem
1194 5078 1545 5152 principium,
1566 5081 1971 5153 iudagationem
2009 5100 2167 5141 suam

583 5168 844 5237 temporis
857 5174 1048 5223 exortu
1072 5177 1126 5224 et
1154 5169 1468 5226 conditione
1483 5170 1919 5230 circumscrihet.
1957 5175 2021 5229 At
2040 5191 2169 5231 vero

585 5255 913 5325 substantia,
939 5276 1061 5334 quas
1075 5276 1238 5332 supra
1252 5272 1559 5319 creaturam
1575 5274 1759 5321 evecta
1775 5273 1881 5331 est,
1901 5272 2158 5338 tanquam

588 5344 657 5402 ab
689 5351 838 5404 omni
888 5351 1302 5424 intercapedine
1361 5357 1647 5426 temporali
1699 5357 1892 5422 libera,
1939 5373 2157 5413 omnem

589 5440 851 5508 temporis
879 5444 1076 5501 seriem
1106 5448 1489 5517 transcendit;
1528 5464 1557 5503 a
1590 5448 1742 5506 nullo
1777 5450 2157 5520 hujuscemodi

590 5527 879 5601 principio,
904 5534 1012 5589 ullo
1044 5537 1202 5593 modo
1235 5539 1533 5595 secundum
1550 5539 1799 5597 ordinem
1830 5540 2153 5612 procedens,

661 5701 711 5736 ”
755 5701 918 5762 llebr.
955 5723 993 5773 t,
1018 5708 1068 5766 Ei.

2252 2517 2478 2586 λοτρίων
2540 2515 2636 2570 καὶ
2702 2517 3048 2571 παντάπασιν
3095 2518 3475 2590 ἀκοινωνήτων
3538 2516 3630 2572 τοῦ
3691 2534 3837 2589 προ-

2260 2608 2511 2680 κειμένου
2569 2607 2666 2679 τὴν
2718 2609 2853 2678 πρὸς
2901 2608 2969 2662 τὰ
3019 2610 3283 2681 εἰρημένα
3343 2611 3567 2663 ποιεῖται
3629 2609 3836 2681 μάχην.

2260 2700 2323 2752 Εἰ
2361 2701 2457 2771 μὲν
2486 2699 2595 2771 γάρ
2624 2716 2677 2752 τι
2711 2700 2817 2754 τῶν
2844 2699 2985 2770 ὑπὲρ
3022 2701 3120 2772 τὴν
3156 2702 3330 2754 κτίσιν
3370 2700 3634 2755 δεικνύειν
3665 2696 3843 2771 εἶχεν,

2260 2790 2316 2843 ἐν
2363 2806 2467 2845 τινι
2511 2790 2920 2862 διαστηματικῷ
2953 2792 3164 2863 σημείῳ
3204 2793 3302 2863 τὴν
3351 2793 3525 2864 ἀρχὴν
3566 2792 3685 2863 ἔχον
3731 2796 3845 2865 τῆς

2261 2882 2609 2946 ὑποστάσεως
2633 2924 2648 2947 ,
2695 2883 2791 2936 καὶ
2836 2881 2994 2936 τοῦτο
3038 2883 3187 2955 παρά
3238 2883 3454 2938 πάντων
3505 2884 3849 2954 ὡμολογεῖτο

2259 2973 2480 3027 δυνατὸν
2509 2969 2666 3040 εἶναι,
2705 2972 2798 3027 καὶ
2834 2972 2931 3046 τὴν
2955 2973 3048 3028 τοῦ
3078 2975 3439 3045 διαστήματος
3478 2975 3682 3030 ἔννοιαν
3739 2977 3848 3030 καὶ

2262 3066 2367 3138 πρὸ
2412 3064 2513 3135 τῆς
2542 3067 2771 3130 κτίσεως
2812 3066 3034 3130 ἐννοεῖν,
3074 3062 3218 3138 εἶχεν
3264 3068 3328 3122 ἂν
3362 3069 3490 3132 τσως
3519 3068 3709 3139 καιρὸν
3737 3069 3852 3140 τὴν

2260 3161 2353 3214 ἐπὶ
2375 3158 2468 3213 τοῦ
2499 3158 2835 3227 Μονογενοῦς
2859 3159 3265 3231 ἀποδειχθεῖσαν
3289 3160 3377 3215 διὰ
3398 3162 3502 3216 τῶν
3530 3159 3851 3233 εἰρημένων

2260 3251 2538 3322 ἀῖδιότητα
2566 3251 2677 3313 τοῖς
2699 3248 2958 3314 τοιούτοις
2983 3252 3403 3326 ἐπιχειρήμασιν
3433 3250 3682 3307 ἀναλύειν
3710 3267 3849 3303 πει-

2263 3342 2478 3417 ρᾶσθαι.
2528 3343 2679 3396 Ἐπεὶ
2714 3346 2770 3401 δὲ
2802 3344 3004 3408 πάσαις
3033 3347 3154 3409 ταῖς
3186 3345 3293 3401 τῶν
3326 3341 3690 3399 εὐσεϐούντων
3728 3341 3847 3411 ψή-

2263 3416 2383 3504 φοις
2414 3436 2771 3507 ὁμολογεῖται,
2797 3438 2880 3492 ὅτι
2911 3437 3125 3492 πάντων
3154 3435 3261 3489 τῶν
3288 3435 3452 3489 ὅντων
3477 3432 3539 3487 τὸ
3594 3432 3693 3502 μὲν
3755 3432 3855 3486 διὰ

2261 3524 2359 3596 τῆς
2384 3526 2612 3591 κτίσεὼς
2644 3530 2758 3581 ἐστι
2779 3567 2794 3592 ,
2826 3527 2885 3582 τὸ
2908 3528 2964 3582 δὲ
3000 3527 3105 3597 πρὸ
3133 3525 3231 3596 τῆς
3263 3524 3520 3587 κτίσεως,
3559 3522 3654 3578 καὶ
3688 3522 3783 3575 ὅτι
3817 3523 3861 3592 ἦ

2264 3616 2361 3688 μέν
2393 3616 2512 3673 θεία
2542 3617 2702 3687 φύσις
2734 3608 2991 3682 ἄκτιστος⁴
3012 3611 3150 3672 εἶναι
3184 3614 3539 3669 πεπίστευται
3566 3654 3581 3675 ,
3624 3614 3683 3666 ἐν
3789 3613 3861 3667 τὸ

2266 3708 2364 3781 μὲν
2390 3708 2579 3775 αἴτιον,
2601 3709 2660 3763 τὸ
2687 3709 2742 3765 δέ
2775 3709 2834 3777 ἐξ
2861 3709 3043 3765 αἰτίου⁴
3061 3709 3158 3782 τὴν
3184 3708 3476 3763 ὑπόστασιν
3498 3705 3861 3785 ἀδιαστάτως

2260 3800 2405 3872 ἔχειν
2436 3803 2467 3856 ό
2495 3803 2593 3873 τῆς
2617 3801 2897 3866 εὐσεϐείας
2922 3800 3161 3856 διδάσκει
3188 3800 3365 3869 λόγος,
3391 3799 3487 3870 τῆς
3514 3798 3570 3851 δὲ
3601 3797 3865 3861 κτίσεως

2262 3890 2320 3944 ἐν
2342 3889 2680 3962 παραστάσει
2707 3891 2813 3945 τινὶ
2840 3890 3237 3963 διαστηματικῇ
3260 3888 3657 3961 θεωρουμένης
3685 3888 3867 3943 πᾶσα

2261 3980 2484 4053 χρονικὴ
2510 3980 2661 4047 τάξις
2694 3982 2790 4035 καὶ
2846 3981 3132 4036 ἀκολουθία
3159 3981 3268 4035 τῶν
3293 3980 3592 4050 γεγονότων
3618 3980 3708 4034 διὰ
3736 3983 3866 4035 τῶν

2263 4071 2472 4127 αἰώνων
2497 4072 3003 4143 καταλαμϐάνεταιο
3042 4074 3076 4145 ἡ
3107 4073 3165 4126 δὲ
3198 4072 3518 4144 προαιιῦνιος
3547 4070 3715 4141 φύσις
3754 4076 3871 4127 ἐκσ-

2263 4161 2503 4232 πέφευγε
2548 4165 2646 4228 τὰς
2680 4165 2820 4219 κατὰ
2859 4163 2919 4218 τὸ
2962 4164 3328 4238 πρεσϐύτερόν
3354 4183 3413 4219 τε
3446 4164 3539 4219 καὶ
3571 4162 3872 4237 νεώτερον

2263 4251 2544 4326 διαφορὰς,
2588 4252 2665 4325 τῷ
2697 4255 2771 4327 μὴ
2802 4254 3222 4327 συνθεωρείσθαι
3257 4258 3322 4327 τῇ
3357 4254 3475 4326 θεία
3534 4253 3632 4309 καὶ¹
3664 4271 3880 4324 μοικα-

2265 4344 2359 4417 ρίᾳ
2407 4346 2540 4418 ζωῇ,
2568 4346 2667 4399 ὅσα
2698 4346 2824 4418 περὶ
2848 4347 2949 4418 τὴν
2991 4347 3167 4400 κτίσιν
3201 4347 3345 4412 ἰδίως
3376 4349 3405 4401 ό
3431 4347 3586 4415 λόγος
3626 4345 3875 4416 βλέπει.

2276 4435 2342 4489 Ἥ
2374 4436 2474 4506 μὲν
2501 4435 2609 4508 γὰρ
2639 4434 2813 4500 κτίσις
2843 4438 3010 4504 πᾶσα,
3045 4437 3224 4502 καθὼς
3269 4439 3504 4509 εἴρηται,
3548 4436 3695 4491 κατά
3726 4456 3884 4493 τινα

2263 4524 2469 4590 τάξεως
2499 4524 2819 4579 ἀκολουθίαν
2858 4528 3217 4599 γεγενημένη,
3250 4527 3331 4599 τῷ
3352 4527 3460 4581 τῶν
3488 4527 3705 4583 αἰώνων
3740 4530 3886 4585 δια.

2267 4617 2500 4688 στήματι
2523 4622 2954 4689 παραμετρεῖται
2970 4637 2982 4649 ·
3016 4619 3111 4673 καὶ
3132 4619 3186 4672 εί
3204 4636 3287 4684 τις
3308 4618 3451 4672 ’ἀνίοι
3469 4618 3547 4690 τῷ
3566 4618 3752 4690 λόγῳ,
3778 4622 3889 4677 διὰ

2267 4710 2366 4781 τῆς
2390 4708 2499 4763 τῶν
2527 4709 2854 4764 κτισθέντων
2883 4709 3221 4776 ἀκολουθίας,
3256 4711 3348 4763 ἐπὶ
3370 4709 3469 4783 τὴν
3496 4710 3604 4764 τῶν
3627 4716 3895 4781 γεγονός

2267 4819 2376 4856 των
2401 4801 2592 4875 ἀρχὴν,
2626 4804 2692 4873 τῇ
2726 4798 2833 4856 τῶν
2866 4801 3076 4856 αἰώνων
3109 4802 3379 4873 καταϐολῇ
3411 4802 3722 4873 περιορίσεε
3765 4807 3899 4878 τὴν

2272 4891 2516 4966 ζήτησιν.
2558 4894 2623 4946 Ἤ
2671 4892 2728 4947 δέ
2777 4892 2916 4965 ὑπὲρ
2953 4892 3051 4966 τὴν
3088 4893 3264 4948 κτίσιν
3305 4892 3482 4959 οὑσία,
3512 4892 3607 4946 ἀτε
3641 4899 3900 4962 παντὸς

2265 4984 2692 5058 διαστηματικοῦ
2721 4987 2988 5057 νοήματος
3020 4980 3425 5058 κεχωρισμένη,
3453 4986 3635 5039 πᾶσαν
3663 5004 3904 5058 χρονι-

2266 5077 2370 5149 κὴν
2418 5077 2735 5132 ἀκολουθίαν
2784 5076 3141 5146 ἐκπέφευγεν,
3175 5075 3269 5129 ἀπ’
3300 5076 3554 5146 οὐδεμιᾶς
3584 5075 3905 5150 τοιαύτης

2263 5171 2438 5242 ἀρχῆς
2477 5171 2557 5234 είς
2592 5169 2743 5223 οὐδὲν
2768 5168 2935 5240 πέρας
2965 5167 3031 5221 δι’
3066 5166 3276 5232 οὐδενὸς
3313 5167 3513 5239 τρόπου
3545 5167 3691 5221 κατά
3736 5182 3914 5225 τινα.

2262 5261 2413 5327 τάξιν
2461 5258 2843 5333 εὑρισκομένου
2889 5256 3171 5330 προϊοῦσα,
3217 5257 3252 5329 ἦ
3292 5257 3706 5328 καταλήγουσα.
3784 5262 3913 5333 Τῷ

2259 5352 2370 5425 γὰρ
2395 5352 2636 5407 διαϐάντι
2664 5351 2794 5415 τοὺς
2834 5350 3035 5412 αἰῶνας
3100 5350 3196 5404 καὶ
3237 5350 3412 5405 πάντα
3450 5349 3519 5403 τά
3565 5351 3623 5404 ἐν
3656 5351 3917 5420 αὐτοῖς

2260 5444 2538 5516 γεγονότα,
2570 5443 2820 5514 καθάπερ
2860 5461 2913 5496 τι
2945 5442 3177 5512 πέλαγος
3221 5442 3441 5513 ἀχανὲς,
3479 5443 3513 5514 ἡ
3561 5442 3659 5513 τῆς
3699 5441 3925 5512 θείας

2261 5536 2476 5608 φύσεως
2523 5535 2724 5608 θεωρία
2772 5538 2882 5599 τοῖς
2929 5534 3209 5606 λογισμοῖς
3260 5536 3596 5606 προφανεῖσα
3622 5569 3636 5598 ι
3695 5535 3923 5595 οὐδὲν
