4032 6208
274 319 392 378 3G5

1476 300 1752 361 CONTRA
1790 295 2197 365 EUNOMIUM,
2243 297 2369 353 LIB.
2413 296 2454 350 ι.

3430 295 3535 351 566

282 436 445 493 δώσει
489 431 705 503 σημεῖον
748 430 832 498 ἐφ’
879 425 1079 498 ἑαυτῆς
1111 421 1474 497 γνωριστικὺν
1501 420 1676 493 ἀρχῆς
1715 433 1861 479 τινος

1974 433 2048 487 vel
2078 432 2132 487 in
2160 431 2328 486 ullum
2353 427 2707 486 desinens.Ei
2745 442 2914 491 enim,
2943 425 3036 499 qui
3057 425 3243 501 omnia
3291 432 3534 497 tempora

284 526 367 599 τῷ
401 528 478 590 εἰς
517 525 586 578 τά
641 520 899 576 ἐπέκεινα
939 517 1256 573 διατείνοντι
1302 515 1400 588 τὴν
1448 511 1858 583 καταληπτικὴν

284 617 611 691 φαντασίαν·
642 615 782 669 ὥστε
810 611 904 667 τὸν
933 610 1489 683 πολυπραγμονοῦντα
1514 605 1576 660 τδ
1602 605 1710 660 τῶν
1730 605 1859 658 αἰὼ-

283 728 389 765 νων
440 705 713 781 πρεσϐύτε
721 723 836 777 ρον,
876 703 970 758 καί⁸
1016 701 1235 758 ἀνιόντα
1282 700 1375 755 ἐπὶ
1416 699 1513 771 τὴν
1544 696 1653 752 τῶν
1690 695 1857 751 ὄντων

282 800 490 872 ἀρχὴν,
537 799 598 852 ὲν
643 796 836 868 μηδενὶ
877 795 1066 867 στῆναι
1107 790 1187 865 τῷ
1229 790 1476 862 λογισμῷ
1523 788 1856 860 δυνηθῆναι,

278 892 369 949 ἀεὶ
379 890 472 945 τοῦ
494 888 831 961 ζητουμένου
852 884 1433 958 ἀπεκπροθέοντος.καὶ
1456 881 1727 955 μηδεμίαν
1742 881 1862 936 στά-

282 983 455 1053 σιντῇ
492 978 997 1052 πολυπραγμοσύνῃ
1028 975 1129 1046 τῆς
1149 975 1389 1040 διανοίας
1426 975 1856 1042 ὑποδεικνύντος.

1966 533 2018 579 et
2050 523 2256 587 omnia,
2288 538 2411 592 quae
2439 520 2493 576 in
2526 520 2637 575 illis
2667 518 2889 574 condita
2929 524 3083 583 sunt,
3136 518 3413 589 percurrit
3455 529 3539 574 at-

1966 631 2072 687 que
2101 615 2423 687 perlustrat,
2453 612 2628 685 ipsius
2664 609 2863 667 divinae
2899 618 3108 666 natura:
3129 610 3538 684 consideratio,

1966 715 2224 776 tanquam
2259 705 2587 761 immensum
2643 701 2917 775 quoddam
2973 699 3197 773 pelagus
3228 701 3397 758 menti
3444 717 3543 771 apo

1968 797 2196 869 parebit,
2215 797 2539 869 nullumque
2562 800 2943 867 argumentum
2960 792 3358 863 suppeditabit,
3392 792 3540 863 quod

1968 890 2212 960 alicujus
2240 879 2678 945 initii'indicium
2707 886 2779 943 sit
2800 885 2873 951 ei,
2912 886 3005 956 qui
3040 885 3349 941 facultatem
3386 899 3541 940 suam

1968 982 2305 1053 intelligendi
2342 982 2395 1036 in
2425 982 2520 1035 illa
2557 978 2818 1035 ulteriora
2837 977 3133 1034 extendere
3161 977 3343 1043 volet;
3383 977 3540 1041 adeo,

282 1076 459 1146 utqui
498 1075 648 1130 circa
682 1082 990 1145 temporum
1029 1069 1294 1142 majorem
1335 1069 1712 1155 antiquitatem
1773 1083 2093 1143 occupatur,
2134 1081 2188 1129 et
2228 1072 2298 1128 ad
2341 1072 2578 1144 primum
2646 1070 2977 1144 principium
3036 1085 3220 1125 rerum
3260 1068 3530 1132 ascendit.

283 1184 556 1242 nusquam
593 1167 985 1239 cogitationem
1029 1176 1189 1220 suam
1222 1163 1425 1219 sistere
1456 1169 1512 1219 et
1552 1161 1715 1234 [igere
1758 1166 1932 1234 poSsit
1968 1185 1981 1221 :
2032 1181 2252 1236 semper
2318 1165 2466 1222 enim
2520 1164 2573 1221 id
2631 1162 2774 1235 quod
2832 1162 3227 1234 investigatur,
3277 1161 3545 1232 quodam-

281 1259 450 1317 modo
486 1256 835 1327 subterfugit,
878 1254 1199 1325 nullumque
1247 1260 1453 1309 statum
1504 1262 1559 1309 et
1590 1254 1883 1310 terminum
1915 1255 2151 1313 curiosae
2180 1255 2520 1326 inquisitioni
2552 1254 2826 1310 concedit.

355 1351 542 1423 Σαφὴς
587 1348 645 1403 δὲ
673 1350 702 1402 ὁ
738 1346 897 1416 λὸγυς
939 1345 1033 1401 καὶ
1074 1344 1152 1416 τῷ
1195 1344 1431 1416 μετρίως
1472 1344 1869 1417 ὲπεσκεμμένῳ

2036 1348 2384 1405 Manifestum
2415 1355 2500 1404 est
2530 1361 2694 1417 porro
2717 1344 2867 1400 omni
2901 1344 3004 1411 illi,
3031 1345 3123 1415 qui
3148 1344 3333 1401 sobrie
3360 1359 3543 1402 rerum

278 1444 386 1515 τὴν
407 1441 516 1495 τῶν
539 1441 707 1493 ὄντων
732 1434 913 1508 φύσιν,
954 1436 1035 1489 ὃτι
1060 1435 1125 1505 τῇ
1158 1433 1255 1506 μὲν
1281 1433 1402 1506 θεία
1421 1451 1482 1489 τε
1504 1433 1599 1488 καί¹
1628 1434 1872 1507 μακαρίᾳ

1974 1447 2220 1496 naturam
2255 1439 2609 1495 considerare
2636 1437 2967 1509 ingreditur,
3006 1437 3212 1492 nullam
3253 1451 3365 1493 rem
3393 1451 3541 1501 esse,

280 1536 399 1607 ζωῇ
430 1534 491 1588 τὸ
522 1526 1042 1603 παραμετρούμενόν
1071 1530 1217 1581 ἐστιν
1248 1527 1420 1581 οὐδέν.
1450 1527 1524 1580 Οὐ
1552 1528 1659 1598 γὰρ
1688 1528 1867 1599 εκείνη

279 1629 346 1681 εν
372 1626 570 1699 χρόνῳ,
604 1621 719 1677 ἀλλ’
749 1618 809 1686 ἐξ
845 1613 1061 1688 ἐκείνης
1090 1617 1120 1670 ὁ
1145 1617 1367 1689 χρόνον
1397 1619 1431 1689 ἡ
1465 1616 1520 1671 δὲ
1555 1617 1731 1683 κτίσις
1763 1619 1871 1673 ἀπό

278 1732 428 1781 τινος
450 1709 885 1785 ὁμολογουμένης
913 1708 1127 1772 πάντως
1158 1704 1331 1780 ἀρχῆς
1362 1708 1454 1762 ἐπὶ
1481 1708 1575 1762 τὸν
1598 1709 1728 1763 ἴδιον
1756 1726 1873 1765 σκο-

280 1806 389 1860 πὸν
415 1804 505 1859 διὰ
539 1803 648 1857 τῶν
689 1798 958 1873 χρονικῶν
988 1798 1367 1871 διαστημάτων
1410 1801 1668 1855 ὀδεύουσα
1710 1802 1870 1875 φέρε-

279 1915 407 1964 ται,
432 1896 509 1961 ὡς
534 1883 739 1966 ταύτης
768 1892 866 1966 μὲν
891 1893 1113 1948 δυνατὸν
1137 1889 1296 1959 εἶναι,
1331 1891 1513 1957 καθώς
1544 1895 1677 1965 φησι
1710 1911 1812 1948 που
1843 1896 1872 1950 ὁ

281 1988 560 2061 Σολομὼν,
586 1988 782 2059 ἀρχὴν,
811 1985 907 2040 καὶ
930 1985 1105 2050 τέλος,
1136 1985 1232 2040 καὶ
1262 1984 1536 2057 μεσότητα
1574 1984 1872 2057 διασκοπῆ-

278 2098 400 2145 σαι,
439 2078 529 2133 διά
575 2078 686 2133 τῶν
722 2075 988 2149 χρονικῶν
1042 2076 1364 2147 τμημάτων,
1413 2075 1514 2148 τὴν
1553 2075 1873 2131 ἀκολουθίαν

276 2170 397 2224 τῶν
424 2170 547 2224 κατ’
584 2169 754 2239 αὐτὴν
789 2165 1177 2240 σημειούμενα.
1220 2167 1283 2221 Ἦ
1318 2166 1377 2222 δὲ
1408 2166 1778 2239 ὑπερκειμένη
1812 2183 1870 2221 τε

277 2261 382 2317 καὶ
439 2259 686 2332 μακαρία
741 2257 890 2329 ζωὴ,
946 2258 1040 2311 ᾶτε
1101 2255 1326 2328 μηδενὸς
1373 2257 1874 2330 συμπαροδεύοντος

276 2354 425 2425 αὖτῇ
459 2350 850 2421 διαστήματος,
892 2347 954 2402 τδ
985 2347 1313 2420 διαμετροῦν
1376 2349 1470 2404 καὶ
1507 2347 1873 2422 διαλαμϐάνον

273 2445 387 2499 οὐκ
431 2443 567 2515 εχει.
603 2441 687 2495 Τά
735 2440 833 2513 μὲν
874 2445 986 2512 γὰρ
1020 2438 1283 2509 γεγονότα
1338 2437 1514 2494 πάντα
1563 2442 1675 2505 τοῖς
1726 2441 1874 2506 ἰδίοις

278 2536 512 2610 μέτροις
536 2532 1099 2606 έμπεριγεγραμμένα
1126 2530 1268 2586 κατά
1298 2532 1359 2586 τὸ
1381 2532 1586 2604 ἀρέσαν
1610 2534 1678 2605 τῇ
1714 2533 1876 2604 σοφία

271 2628 378 2684 τοῦ
410 2627 728 2690 κτίσαντος,
765 2619 876 2680 οἷόν
902 2642 1008 2679 τινι
1036 2626 1150 2697 ὅρῳ
1194 2623 1273 2696 τῷ
1308 2626 1633 2698 προσήκοντι
1667 2626 1874 2699 μέτρῳ,

269 2720 361 2785 ὡς
392 2718 530 2791 πρὸς
571 2716 671 2788 τὴν
711 2716 808 2770 τοῦ
860 2716 1059 2780 παντὸς
1106 2714 1472 2787 εὐαρμοστίαν
1526 2715 1877 2788 ἐμπεριείλη-

271 2828 437 2868 πται.
466 2810 568 2866 Διά
590 2807 747 2864 τούτο
776 2807 876 2863 κάν
900 2810 964 2880 τῇ
991 2806 1245 2879 ἀσθενείᾳ
1276 2804 1383 2861 τῶν
1412 2806 1763 2880 ἀνθρωπίνων
1790 2808 1877 2863 λο-

269 2903 502 2975 γισμῶν
530 2902 820 2972 ἀνέφικτος
857 2901 891 2972 ἡ
932 2900 1041 2955 τῶν
1074 2900 1131 2953 ὲν
1170 2900 1237 2970 τῇ
1278 2898 1452 2953 κτίσει
1490 2898 1876 2971 θεωρουμένων

269 2995 496 3066 εφοδος,
520 2993 635 3047 ἀλλ’
668 2987 762 3047 οὖν
800 2991 861 3046 τδ
892 2990 1311 3064 πεπερατῶσθαι
1355 2990 1425 3044 τὰ
1469 2988 1646 3045 πάντα
1683 2993 1748 3065 τῇ
1780 2992 1875 3047 τοῦ

270 3086 652 3159 πεποιηκότος
686 3084 933 3155 δυνάμει,
968 3084 1062 3138 καὶ
1110 3083 1264 3149 me;
1304 3079 1443 3139 εἶναι
1477 3084 1585 3141 τῶν
1622 3087 1720 3160 τῆς
1758 3088 1874 3142 κτί-

269 3197 422 3243 σεως
457 3180 601 3249 ὅρων
640 3175 741 3229 οὐκ
786 3174 1209 3246 ἀμφιϐάλλεται.
1251 3175 1316 3230 Ἦ
1359 3175 1416 3230 δὲ
1469 3178 1724 3252 ποιητικὴ
1769 3179 1878 3234 τῶν

268 3274 453 3328 6mm
483 3268 713 3341 δύναμις
734 3266 834 3342 τὴν
861 3268 970 3324 τῶν
995 3267 1294 3338 γεγονότων
1323 3271 1381 3323 ὲν
1416 3267 1583 3342 ἑαυτῇ
1616 3287 1882 3345 συμπερι-

266 3359 576 3432 γράφουσα
617 3357 799 3427 φύσιν,
850 3358 990 3431 αὺτὴ
1037 3358 1101 3412 τὸ
1153 3357 1406 3431 περιέχον
1441 3359 1542 3414 οὐκ
1579 3359 1725 3433 ἔχει’
1771 3364 1879 3418 πᾶν

268 3454 466 3525 νόημα
503 3450 568 3506 τὸ
608 3452 743 3525 πρὸς
783 3450 884 3523 τὴν
931 3448 1107 3523 ἀρχὴν
1148 3450 1250 3523 τῆς
1274 3450 1425 3517 θείας
1454 3450 1602 3525 ζωῆς
1638 3453 1880 3510 ἀνελθεῖν

270 3546 667 3617 ὶπειγόμενον,
690 3544 842 3610 ἐντὸς
880 3543 1081 3615 ἑαυτῆς
1119 3541 1536 3605 κατακλείουσα.
1569 3544 1663 3598 καὶ
1700 3547 1881 3618 πάσης

270 3635 611 3709 περιεργίας
642 3634 735 3690 καὶ
765 3632 1284 3707 φιλοπραγμοσύνης
1310 3633 1411 3705 τῆς
1449 3634 1584 3707 πρὸς
1607 3634 1668 3690 τὸ
1706 3636 1880 3709 πέρας

270 3729 376 3783 τοῦ
403 3727 660 3801 ἀορίστου
691 3725 893 3800 φθάσαι
935 3724 1348 3798 φιλονεικούσης
1377 3724 1877 3798 ὑπερεκπίπτουσα.

274 3819 516 3874 ’Δπασα
547 3817 658 3891 γάρ
687 3818 721 3891 ἡ
753 3815 894 3889 μετά
924 3817 1050 3880 τοὺς
1080 3814 1281 3879 αἰῶνας
1308 3814 1493 3879 ἄνοδος
1547 3816 1641 3871 καὶ
1661 3815 1880 3871 διάστα-

275 3929 369 3976 σις
392 3909 493 3966 τοῦ
522 3909 619 3964 νοῦ
638 3908 890 3963 τοσοῦτον
913 3906 1257 3980 ὑψωθήσεται
1288 3905 1469 3978 μόνον,
1495 3905 1617 3961 ὅσον
1643 3906 1881 3962 κατιδεῖν

272 4003 343 4057 τὺ
396 4000 495 4056 τοῦ
551 3999 883 4073 ζητουμένου
923 3996 1278 4068 ἀδιεξίτητον,
1317 3998 1415 4052 καὶ
1457 3996 1631 4052 ἔοικεν
1676 3994 1788 4053 οἷόν
1826 4016 1880 4055 τι

277 4094 525 4166 μέτρον,
567 4091 663 4145 καὶ
714 4091 837 4162 ὅρος
883 4088 984 4160 τῆς
1038 4088 1147 4144 τῶν
1196 4078 1551 4161 ἀνθρωπίνων
1602 4088 1880 4161 λογισμῶν

274 4187 580 4260 κινήσεως,
611 4182 707 4237 καὶ
738 4182 1035 4253 ἐνεργείας,
1072 4181 1101 4234 ὁ
1138 4180 1294 4245 αἰὼν,
1330 4181 1425 4235 καὶ
1463 4180 1533 4235 τὰ
1569 4182 1719 4246 ἐντὸς
1750 4181 1876 4236 τού-

272 4297 389 4336 των
416 4275 583 4342 εἶναι,
625 4276 695 4330 τά
731 4276 788 4330 δὲ
839 4275 1213 4347 ὑπερκείμενα
1264 4272 1468 4329 τούτων
1524 4274 1741 4344 ἀληπτα
1786 4275 1879 4329 καὶ

274 4370 592 4427 ἀντπέόατα
633 4368 915 4439 λογισμοῖς
969 4358 1143 4439 μένει,
1193 4366 1395 4432 παντὸς
1437 4365 1531 4421 τοῦ
1579 4366 1876 4439 δυναμένου

276 4465 386 4520 ὐπὸ
422 4460 734 4532 κατάληψιν
758 4459 1103 4532 ἀνθρωπίνην
1144 4458 1318 4513 ὲλθεῖν
1355 4457 1750 4531 καθαρεύοντα.
1788 4458 1879 4513 Ἐν
1911 4454 1955 4510 1)

274 4552 361 4623 οἷς
394 4554 511 4627 γὰρ
537 4554 641 4608 οὐκ
669 4547 826 4617 εἴδος,
852 4553 913 4606 οὐ
942 4553 1126 4618 τόπος,
1157 4552 1220 4606 οὐ
1256 4549 1504 4621 μέγεθος,
1528 4550 1587 4604 οὐ
1611 4548 1673 4604 τὸ
1700 4550 1765 4604 ὲκ
1789 4549 1885 4604 τοῦ

272 4647 481 4719 χρόνου
513 4644 739 4717 μέτρον,
766 4642 888 4697 οὐδὲ
913 4641 1042 4697 ἄλλο
1067 4659 1119 4697 τι
1146 4642 1253 4697 τῶν
1278 4639 1643 4713 καταληπτῶν
1666 4638 1888 4694 ἑπινοείο

274 4757 392 4803 ται,
422 4739 485 4806 ἔξ
514 4738 767 4808 ἀνάγκης
795 4736 888 4789 καὶ
914 4737 949 4806 ἡ
976 4732 1360 4807 καταληπτικὴ
1402 4731 1496 4788 τοῦ
1537 4731 1628 4786 νοῦ
1657 4731 1885 4804 δύναμις

274 4829 536 4902 ζητοῦαά
573 4846 717 4892 τινος
750 4826 1198 4899 περιδράξασθαι,
1232 4826 1359 4890 τοὺς
1388 4823 1607 4891 αἰῶνας,
1651 4823 1745 4880 καὶ
1785 4823 1885 4897 τὴν

274 4924 339 4975 ἒν
362 4922 583 4986 τούτοις
606 4920 785 4974 κτίσιν
808 4919 887 4983 εἰς
905 4917 967 4972 τὸ
995 4917 1256 4988 συγγενὲς
1277 4919 1443 4989 ἑαυτῇ
1484 4916 1576 4970 καὶ
1610 4915 1881 4988 ὁμόφυλον

274 5012 611 5086 συζητῆσαι
639 5011 742 5083 τῆς
768 5011 1010 5084 ἀλήπτου
1050 5010 1267 5081 φύσεως
1312 5010 1644 5083 πανταχόθεν
1687 5009 1879 5064 ἀπολι-

275 5105 605 5161 dabam.

1967 1547 2088 1604 quas
2110 1531 2310 1588 divinae
2341 1531 2418 1585 illi
2443 1538 2498 1587 et
2524 1529 2700 1586 beatae
2724 1529 2849 1584 vita:
2883 1535 3386 1585 commensuretur.
3412 1524 3547 1582 Nam

1968 1631 2166 1679 natura
2195 1622 2381 1679 divina
2412 1637 2522 1678 non
2557 1619 2874 1677 continetur
2922 1629 3188 1691 tempore,
3234 1618 3330 1675 sed
3355 1619 3426 1674 ab
3461 1619 3552 1673 illa

1904 1746 1943 1807 Β
1974 1723 2189 1786 tempus
2217 1724 2321 1772 est.
2352 1711 2620 1770 Creatura
2657 1726 2787 1768 vero
2839 1724 2870 1765 a
2899 1717 3051 1766 certo
3109 1717 3164 1766 et
3210 1718 3341 1766 noto
3388 1708 3547 1766 initio

1975 1806 2042 1861 ad
2075 1807 2349 1878 praeﬁxam
2372 1805 2478 1861 sibi
2520 1812 2720 1859 metam
2757 1818 2852 1875 per
2885 1801 3207 1872 temporalia
3262 1800 3552 1857 intervalla

1972 1900 2271 1956 decurrens
2301 1898 2498 1963 fertur,
2531 1896 2668 1953 adeo
2698 1905 2758 1951 ut
2783 1895 2905 1966 ejus
2930 1891 3554 1965 quidem,quemadmo-

1971 1991 2102 2048 dum
2123 1992 2345 2063 sapiens
2372 1988 2575 2046 alicubi
2594 1986 2854 2044 Salomon
2878 1987 2977 2052 ait,
3003 1986 3169 2042 liceat
3190 1984 3551 2056 principium,

1973 2081 2133 2138 linem
2158 2090 2213 2138 et
2245 2080 2483 2137 medium
2522 2078 2792 2144 invenire,
2833 2077 3184 2149 temporariis
3218 2074 3551 2149 quibusdam

1972 2173 2311 2232 sectionibus
2331 2181 2386 2230 et
2414 2171 2784 2229 divisionibus
2815 2172 3014 2228 seriem
3055 2185 3272 2235 eorum,
3331 2184 3455 2241 quae
3495 2168 3553 2225 in

1972 2270 2090 2341 ipsa
2120 2275 2271 2335 sunt,
2320 2267 2688 2341 designantia.
2749 2267 2819 2322 At
2875 2281 3133 2338 suprema
3168 2266 3260 2321 illa
3293 2273 3349 2322 et
3391 2265 3551 2321 beata

1973 2368 2195 2425 natura,
2226 2374 2390 2431 quam
2417 2358 2628 2415 nullum
2652 2357 2921 2431 temporis
2945 2357 3188 2429 spatium
3227 2356 3552 2423 comitatur,

1974 2452 2111 2509 nihil
2140 2450 2329 2518 habet,
2358 2464 2472 2523 quo
2499 2459 2852 2508 mensuretur
2873 2456 2928 2506 et
2963 2450 3342 2516 contineatur;
3363 2450 3552 2506 omnia

1973 2542 2145 2608 enim,
2179 2557 2301 2613 qua;
2349 2540 2493 2598 facta
2519 2551 2669 2604 sunt.
2719 2540 2958 2612 propriis
3013 2541 3174 2612 quasi
3228 2541 3552 2606 ambitibus,

1975 2633 2174 2689 divinae
2234 2634 2519 2705 sapientia:
2583 2632 2854 2690 arbitratu
2920 2632 3234 2705 descripta,
3290 2641 3554 2703 tanquam

1973 2724 2221 2782 terminis
2241 2725 2567 2797 quibusdam
2589 2726 2909 2798 congruenti
2940 2725 3124 2791 modo,
3141 2724 3211 2780 ad
3239 2724 3405 2795 hujus
3432 2725 3559 2780 uni-

1976 2817 2253 2875 versitatis
2275 2818 2551 2885 decorem,
2572 2826 2627 2874 et
2650 2820 2977 2876 concinnam
3002 2818 3558 2889 coagmentationem.

1976 2910 2545 2983 comprehenduntur;
2603 2910 2864 2982 quocirca
2906 2910 3032 2967 licet
3087 2909 3341 2965 humanae
3380 2908 3556 2966 imbe—

1979 3002 2197 3058 cillitati
2242 3002 2385 3058 ratio
2428 3017 2645 3067 eorum,
2689 3018 2811 3075 quae
2859 3002 2915 3059 in
2959 2999 3160 3059 creatis
3187 3000 3355 3057 rebus
3391 3013 3557 3070 appa-

1903 3110 1947 3175 α
1979 3103 2124 3161 rent,
2170 3095 2243 3152 sit
2282 3093 2704 3167 investigabilis,
2745 3101 2989 3150 attamen
3026 3091 3212 3149 omnia
3243 3090 3559 3147 Conditoris

1983 3187 2226 3260 potentia
2250 3188 2398 3245 [inita
2418 3194 2473 3244 et
2496 3188 2663 3243 certis
2680 3187 2948 3242 limitibus
2974 3184 3391 3255 circumscripta
3434 3198 3561 3240 esse

1980 3285 2039 3334 et
2060 3278 2203 3334 intra
2231 3288 2406 3334 metas
2440 3284 2707 3334 creaturae
2742 3277 3037 3343 contineri,
3070 3276 3296 3333 minime
3328 3273 3558 3331 dubium

1978 3377 2084 3425 est.
2138 3369 2207 3425 At
2237 3384 2367 3425 vero
2409 3368 2494 3427 vis
2541 3368 2781 3427 eﬂiciens
2840 3384 3048 3431 rerum,
3091 3383 3213 3440 qua:
3265 3366 3321 3423 in
3377 3366 3558 3438 seipse

1980 3475 2164 3516 rerum
2198 3468 2507 3515 creatarum
2557 3466 2810 3516 naturam
2854 3456 3279 3523 circumscribit,
3324 3457 3561 3513 termino

1979 3550 2469 3606 circumscribente
2491 3550 2665 3618 caret,
2694 3564 3025 3621 omnemque
3054 3545 3390 3621 intelligendi
3424 3545 3558 3612 vim,

1979 3657 2101 3714 quae
2134 3642 2201 3697 ad
2250 3641 2578 3713 principium
2613 3641 2815 3698 divinae
2858 3649 3068 3697 naturae
3110 3638 3400 3712 pervenire
3434 3652 3564 3694 con-

1980 3735 2177 3803 tendit,
2210 3735 2355 3790 iutra
2382 3735 2619 3804 seipsam
2649 3734 2928 3792 concludit
2963 3740 3019 3789 et
3046 3731 3330 3792 terminat,
3358 3729 3563 3800 quippe

1981 3826 2382 3883 transcendens
2412 3838 2632 3881 omnem
2666 3824 3042 3881 curiositatem
3078 3830 3132 3877 et
3175 3824 3432 3875 conatum
3464 3817 3558 3888 qui

1980 3918 2047 3977 ad
2093 3916 2386 3975 terminum
2431 3916 2587 3987 ejus,
2630 3915 2774 3986 quod
2837 3911 3251 3969 interminatum
3311 3916 3419 3971 est,
3466 3922 3562 3979 pe-

1980 4019 2201 4070 netrare
2231 4012 2460 4080 nititur;
2506 4009 2686 4067 omnis
2736 4007 2882 4065 enim
2929 4019 3193 4061 ascensus
3234 4010 3293 4059 et
3360 3999 3561 4056 mentis

1978 4104 2263 4161 contentio
2311 4110 2433 4173 post
2479 4098 2745 4171 temporis
2827 4110 3121 4163 rerumque
3180 4091 3561 4165 temporalium

1978 4192 2266 4250 intervalla
2341 4198 2554 4247 tantum
2606 4188 2874 4244 duntaxat
2919 4184 3203 4254 evehetur,
3260 4193 3320 4239 ut
3377 4181 3564 4239 videre

1978 4287 2151 4355 possit
2191 4282 2334 4353 ejus,
2376 4279 2523 4353 quod
2565 4278 2852 4352 quaeritur,
2901 4275 3435 4350 imperscrutabilem
3470 4288 3563 4329 ra-

1980 4374 2204 4440 tionem,
2235 4373 2309 4429 ita
2353 4380 2414 4428 ut
2454 4371 2721 4428 terminus
2748 4376 2803 4427 et
2845 4370 3042 4429 modus
3069 4369 3435 4425 humanarum
3464 4381 3564 4424 co—

1983 4465 2328 4539 gitationum,
2391 4462 2652 4520 motionis
2702 4471 2760 4519 et
2822 4460 3079 4526 actionis,
3135 4460 3386 4517 videatur
3438 4473 3560 4520 esse

1984 4568 2222 4629 tempus,
2266 4564 2321 4613 et
2371 4570 2460 4621 ea,
2495 4570 2618 4627 quae
2672 4554 2727 4611 in
2756 4561 3001 4625 tempore
3046 4559 3199 4617 sunt,
3225 4565 3345 4623 qua:
3394 4565 3561 4620 supra

1986 4647 2104 4703 haec
2155 4646 2333 4716 posita
2374 4654 2525 4709 sunt,
2560 4644 2993 4717 cogitationibus
3033 4644 3241 4699 nostris
3270 4642 3567 4711 investiga-

1982 4737 2136 4803 bilia,
2193 4746 2249 4795 et
2302 4736 2737 4810 impenetrabilia
2800 4744 3042 4800 manent,
3108 4743 3298 4806 utpote
3372 4730 3565 4802 procul

1983 4830 2233 4897 seiuncta
2272 4829 2340 4885 ab
2389 4828 2646 4885 omnibus
2689 4827 2821 4894 illis,
2878 4841 3000 4898 quae
3041 4826 3094 4882 in
3132 4825 3425 4881 humanam
3474 4835 3558 4876 co.

1987 4920 2301 4994 gitalionem
2338 4921 2535 4978 cadere
2564 4927 2826 4993 possunt.
2862 4918 2937 4973 Ea
2977 4918 3146 4985 enim,
3170 4915 3366 4988 quibus
3391 4927 3567 4983 neque

1988 5013 2163 5085 ﬁgura
2191 5020 2297 5079 est,
2344 5028 2521 5085 neque
2564 5013 2744 5077 locus,
2797 5024 2975 5081 neque
3012 5006 3354 5081 magnitudo,
3387 5019 3565 5075 neque

1986 5120 2243 5161 mensura
2274 5103 2626 5176 temporaria,
2659 5118 2835 5175 neque
2862 5098 3009 5157 aliud
3033 5099 3311 5172 quidpiam
3353 5113 3418 5154 ex
3453 5095 3561 5158 bis.

275 5215 411 5272 gn:
444 5201 633 5256 animo
661 5197 1197 5270 comprehendimus,
1234 5195 1280 5252 si
1314 5194 1666 5266 intelligentia
1697 5196 1897 5254 mentis
1925 5198 2143 5268 assequi
2185 5198 2335 5263 velit,
2360 5197 2673 5255 necessario
2743 5204 3012 5266 tempora,
3049 5200 3105 5248 et
3167 5190 3223 5246 in
3310 5189 3398 5247 his
3471 5204 3563 5247 res

276 5301 531 5357 creatas,
600 5290 900 5349 secundum
966 5298 1255 5362 cognatam
1322 5296 1377 5345 et
1439 5288 1659 5345 insitam
1723 5289 1829 5344 sibi
1887 5292 2342 5347 consuetudinem
2388 5301 2596 5363 qumret
2640 5299 2695 5346 et
2753 5284 3146 5360 apprehendet,
3217 5282 3287 5338 ab
3352 5284 3565 5339 incon).-

276 5383 656 5461 ’τοίωείδίιί
702 5384 794 5439 illa
848 5394 1043 5439 natura
1091 5383 1285 5455 procul
1330 5390 1386 5438 et
1427 5381 1672 5452 undique
1726 5381 2013 5439 aberrans.

362 5480 536 5534 Παντὶ
564 5478 676 5549 γάρ
696 5472 848 5549 οἶμαι
889 5477 1048 5532 τοῦτο
1077 5476 1353 5549 γνώριμον
1378 5470 1518 5530 εἶναι
1546 5474 1623 5546 τῷ
1655 5475 1749 5530 καὶ
1784 5493 1879 5547 με·

274 5568 460 5639 τρίως
479 5566 878 5638 ὲπεσκεμμένῳ
898 5566 968 5619 τά
989 5565 1139 5629 ὄντα,
1158 5566 1241 5619 ὅτι
1266 5565 1391 5630 τοὺς
1418 5565 1618 5628 αἰῶνας
1652 5563 1745 5618 καὶ
1792 5564 1882 5618 τὸν

276 5664 355 5714 ἀν
384 5658 598 5722 τούτοις
631 5657 799 5710 τόπον
826 5652 938 5711 οἷον
966 5674 1021 5710 τι
1063 5656 1294 5729 χώρημα
1335 5656 1580 5711 δεκτικὸν
1602 5656 1710 5711 τῶν
1736 5674 1881 5726 γινο-

276 5748 480 5823 μένων
526 5747 1104 5821 προκαταδαλλόμενος
1146 5752 1174 5803 ὁ
1209 5748 1318 5804 τῶν
1362 5748 1498 5806 ὅλων
1520 5750 1881 5823 Δημιουργὸς,

2062 5476 2201 5533 Ρυιο
2237 5475 2383 5532 enim
2433 5476 2629 5541 cuivis,
2684 5476 2775 5547 qui
2833 5475 2917 5531 vel
2968 5475 3145 5532 obiter
3188 5474 3432 5531 animum
3496 5472 3566 5529 ad

1991 5561 2106 5618 haec
2135 5560 2419 5617 advertere
2452 5564 2606 5630 velit,
2634 5562 2984 5620 manifestum
3015 5579 3159 5626 esse.
3190 5563 3434 5620 universi
3460 5562 3565 5617 hu-

1984 5652 2079 5723 jus
2111 5651 2499 5718 Conditorem,
2534 5662 2780 5726 tempora
2814 5663 2868 5711 et
2899 5656 3077 5728 spatia
3128 5656 3256 5721 loci,
3288 5655 3436 5711 velut
3478 5652 3566 5706 in-

1993 5745 2283 5808 tervallum
2314 5744 2589 5821 quoddam
2621 5761 2732 5821 quo
2767 5762 2855 5806 res
2872 5747 3238 5823 producenda!
3267 5745 3560 5815 reciperen-
