4032 6208
603 335 703 392 571
1833 343 1889 398 S.
1927 343 2195 400 GBEGOR

2234 345 2252 399 l
2289 344 2583 401 NYSSE'NI
3731 337 3825 394 δη

607 451 836 506 istorum
867 449 1144 520 opinione,
1179 465 1344 520 quam
1373 452 1520 521 quod
1557 451 1698 508 Deus
1741 455 1891 508 omni
1930 454 2173 510 bonitate

2235 489 2245 513 ι
2270 460 2395 528 τὴρ,
2422 463 2450 513 6
2475 457 2733 529 ὑπάρχων
2760 455 2867 526 πρὸ
2893 459 2999 508 τῶν
3026 455 3234 509 αίώνων
3251 496 3266 520 ,
3289 453 3414 518 δόξα
3435 453 3491 506 δὲ
3513 451 3605 508 τοῦ
3637 454 3827 525 Πατρδς

604 547 661 595 et
710 538 1016 607 divinitate,
1060 540 1442 613 divinitatique
1493 553 1834 614 competente
1891 545 2171 601 existima-

2277 549 2304 600 6
2335 546 2654 617 προαιώνιος
2681 543 2827 609 Υἱδς,
2855 544 3054 615 ὁμοίως
3099 543 3154 596 δὲ
3173 599 3179 605 ,
3200 543 3294 596 καὶ
3324 542 3416 594 τοῦ
3460 541 3589 594 Υἱοῦ
3621 541 3742 606 δόξα
3776 542 3829 596 τὸ

600 636 752 688 tione
781 631 1049 702 spoliatus
1071 633 1374 704 apparebit.
1407 636 1477 688 At
1515 635 1560 691 si
1591 631 2002 707 suam'gloriam
2029 652 2173 693 sem-

2273 639 2368 693 τοῦ
2402 635 2636 707 Χριστοῦ
2661 635 2902 707 Πνεῦμα,
2927 636 2986 688 τὸ
3006 635 3093 689 ἀεὶ
3117 632 3579 706 ωνθεωρούμενον
3607 633 3684 703 τῷ
3732 633 3831 705 Υῑῷ

606 736 704 789 per
749 720 914 775 habet
959 720 1140 791 Pater,
1182 724 1276 794 qui
1316 735 1401 780 est
1431 735 1558 782 ante
1589 727 1807 790 saecula,
1841 727 2015 797 gloria
2046 744 2174 782 vero

2276 730 2366 784 καὶ
2397 729 2475 800 τῷ
2519 729 2711 800 Πατρὶ,
2757 729 2919 781 πόθεν
2957 731 2985 781 6
3031 728 3192 797 σοφὸς
3232 722 3403 790 οὗτος,
3436 726 3530 780 καὶ
3575 728 3640 780 ὲκ
3687 727 3833 790 ποίας

603 811 783 866 Patris
813 817 900 866 est
941 821 1178 868 aeternus
1226 812 1419 882 Filius,
1457 815 1711 870 similiter
1743 824 1796 869 et
1838 813 1957 870 Filii
2003 815 2174 885 gloria

2274 818 2604 882 παιδεύσεως
2632 819 2692 873 τὸ
2725 821 3092 891 πρεσϐύτερον
3129 822 3188 873 ὲν
3222 822 3331 882 τοῖς
3359 819 3628 890 ἀχρόνοις,
3662 819 3750 872 καὶ
3779 818 3835 870 τὸ

606 895 846 967 Spiritus
883 911 1130 968 sanctus,
1160 902 1254 974 qui
1283 917 1393 958 una
1418 919 1544 959 cum
1576 903 1718 960 Filio
1755 913 1809 961 et
1849 903 2008 961 Patre
2039 920 2178 961 sem~

2272 910 2591 982 τιμιώτερον
2625 913 2684 964 ὲν
2718 914 2829 977 τοῖς
2861 912 3014 976 κατὰ,
3041 912 3202 982 φύσιν
3233 912 3434 982 τιμίοις
3459 911 3832 980 ἀποφαίνεται,

604 1004 700 1054 per
723 992 1164 1050 consideratione
1205 997 1473 1063 cernitur,
1515 996 1789 1052 undenam
1834 996 2176 1068 sapientissi-

2275 999 2640 1072 συγκριτικῶς
2679 1001 2986 1072 ὑπερτιθεὶς
3032 1001 3124 1054 τοῦ
3164 999 3351 1071 ἑτέρου
3395 999 3456 1053 τὸ
3497 999 3712 1070 ἕτερον,
3749 1001 3835 1052 καὶ

604 1092 728 1135 mus
757 1082 859 1138 iste
881 1127 896 1151 ,
929 1093 982 1140 et
1012 1101 1079 1141 ex
1115 1087 1263 1158 quali
1299 1087 1589 1158 disciplina
1618 1088 1673 1143 in
1721 1088 1941 1144 aeternis
1970 1097 2177 1157 tempoo

2272 1092 2361 1148 διὰ
2392 1093 2492 1162 τῆς
2516 1092 2608 1147 τοῦ
2638 1092 2755 1156 ἐνὸς
2788 1093 3166 1164 προτιμήσεως
3216 1091 3276 1144 τὸ
3309 1090 3505 1161 ἐφεξῆς
3538 1089 3831 1159 ἁτιμάξωνς

602 1171 790 1242 risque
814 1178 1127 1245 expertibus
1156 1180 1346 1235 statuit
1371 1181 1523 1250 prius
1556 1191 1610 1236 et
1643 1180 1946 1251 antiquius,
1985 1190 2039 1236 et
2073 1179 2173 1234 bo-

2288 1184 2352 1237 Ἡ
2401 1183 2508 1256 γὰρ
2562 1183 2930 1254 ἀντιδιαστολὴ
2972 1183 3066 1236 τοῦ
3124 1186 3447 1255 τιμιωτέρου
3501 1182 3837 1254 φανερωτέρα

603 1267 909 1324 norabilius
937 1285 1031 1324 seu
1067 1269 1286 1342 dignius
1318 1273 1373 1326 in
1415 1273 1484 1328 iis
1513 1287 1636 1343 quae
1667 1287 1766 1328 sua
1816 1284 2008 1327 natura
2043 1279 2172 1328 sunt

1522 1287 1636 1343 quae
1667 1287 1766 1328 sua
1816 1284 2008 1327 natura
2043 1279 2172 1328 sunt
2279 1274 2494 1339 πάντως
2518 1275 2684 1342 ἐστὶν,
2709 1278 2786 1339 εἰς
2810 1276 2837 1328 ὅ
2863 1293 2914 1329 τι
2942 1275 3114 1346 φέροι.

603 1373 756 1428 :eqne
789 1360 1128 1417 honorabilia
1158 1371 1212 1416 et
1252 1364 1436 1434 digna,
1469 1380 1640 1420 unum
1687 1364 1841 1420 alteri
1882 1379 1980 1435 per
2013 1365 2473 1433 comparationem
2494 1369 2810 1438 praeferens,
2840 1366 2933 1436 qui
2955 1365 3058 1420 hoc
3118 1366 3238 1434 ipso
3289 1364 3434 1436 qttod
3488 1366 3688 1435 primas
3744 1364 3839 1416 ho-

604 1451 760 1506 noris
788 1452 882 1506 uni
925 1451 1123 1520 defert,
1162 1455 1243 1511 sic
1277 1455 1422 1525 quod
1459 1455 1719 1527 deinceps
1757 1465 1841 1511 est
1883 1457 2176 1512 inbonorat
2211 1468 2266 1513 et
2310 1459 2513 1530 injuria
2555 1459 2757 1516 afficit?
2804 1457 2941 1512 Nam
2997 1473 3258 1528 quorsum
3339 1457 3526 1514 tendat
3568 1457 3842 1514 distinctio

603 1547 708 1600 ista
742 1547 1133 1615 praestantioris
1159 1558 1211 1603 et
1244 1548 1694 1615 bonorabilioris,
1732 1550 2003 1606 neminem
2029 1551 2180 1606 latet.

671 1636 790 1692 Jam
817 1653 947 1694 vero
991 1641 1171 1709 qualia
1218 1649 1346 1697 sunt
1401 1657 1523 1713 quae
1559 1643 1646 1698 his
1683 1643 1986 1715 subjungit,
2041 1659 2165 1698 cum

2346 1629 2448 1690 υἷα
2488 1634 2544 1688 δὲ
2581 1635 2692 1698 τοῖς
2734 1635 3044 1707 εἰρημένοις
3077 1635 3270 1706 ἐπάγει
3291 1677 3306 1700 ,
3335 1635 3430 1699 καὶ
3459 1637 3525 1691 τά
3559 1639 3842 1708 ἀκόλουθας

605 1727 856 1790 affirmat,
889 1745 1098 1785 easdem
1125 1741 1450 1800 operatione:
1481 1732 1663 1789 eadem
1686 1750 1845 1803 opera
1872 1735 2087 1804 efﬁcere,
2123 1742 2172 1788 et

2280 1729 2430 1791 "Are,
2462 1726 2624 1796 φησὶ,
2659 1726 2779 1779 τῶν
2810 1725 3008 1780 αὐτῶν
3037 1726 3343 1797 ἐνεργειῶν
3378 1727 3490 1796 τὴν
3524 1734 3845 1799 ταυτότητά

606 1823 822 1874 mutatis
851 1823 1090 1891 operibus
1125 1833 1355 1880 mutatas
1375 1828 1533 1880 etiam
1555 1827 1879 1896 operatione:
1908 1827 2176 1897 conspici?

2279 1817 2398 1871 τῶν
2433 1818 2620 1886 ἔργων
2665 1816 3110 1881 ἀποτελουσῶν,
3147 1818 3390 1873 καὶτῶν
3429 1825 3845 1892 παρηλλαγμέο

603 1909 918 1980 Opportune
946 1911 1188 1982 profecto
1215 1915 1465 1986 egregius
1523 1915 1626 1970 iste
1660 1915 1727 1968 ad
1766 1916 2174 1986 inexpugnabi-

2277 1927 2400 1965 νων
2445 1911 2655 1980 ἕρπων,
2708 1909 3212 1978 παρηλλαγμένας
3253 1911 3350 1966 καὶ
3401 1912 3507 1977 τὰς
3547 1913 3847 1983 ἐνεργείας

606 2002 710 2056 lem
754 2003 1019 2059 orationis
1063 2019 1177 2060 sua:
1217 2004 1592 2062 defensionem
1618 2006 1928 2062 seconl’ert.
1963 2005 2175 2060 Ea'dem

2277 1997 2749 2068 ἀποφαινόντων.
2795 1997 2988 2062 Καλῶς
3033 2001 3060 2052 6
3108 2001 3371 2067 γεννάδας
3414 1997 3578 2073 ἦλθεν
3610 2005 3702 2057 ἐπὶ
3742 2006 3844 2076 τὴν

605 2095 954 2162 operationes,
990 2096 1188 2167 inquit,
1220 2098 1404 2152 eadem
1433 2099 1590 2152 etiam
1625 2114 1786 2168 opera
1815 2098 2056 2168 efficiunt.
2092 2095 2176 2150 Vi-

2277 2091 2486 2163 ἀμαχον
2561 2090 2881 2162 συνηγορίαν
2941 2089 3030 2144 τοῦ
3079 2091 3259 2161 λόγου.
3320 2096 3390 2148 Αἱ
3455 2095 3629 2149 αὐταὶ
3685 2096 3849 2166 ἐνέρ·

603 2187 832 2242 deamus
862 2189 1030 2256 igitur
1078 2204 1242 2260 quam
1273 2205 1462 2244 verum
1503 2191 1606 2245 hoc
1645 2190 1736 2256 sit,
1775 2190 1954 2244 allatis
1993 2205 2175 2244 exem-

2278 2199 2426 2252 γειαι
2489 2181 2603 2249 τὴν
2676 2182 3004 2250 ταυτότητά
3047 2181 3166 2235 τῶν
3219 2181 3401 2252 ἔργων
3437 2185 3845 2250 ἀποτελοῦσι,

606 2277 730 2346 plis.
774 2276 890 2330 Una
923 2278 1067 2348 ignis
1101 2280 1350 2349 operatio
1389 2287 1473 2334 est
1524 2281 1869 2348 calefacere;
1916 2279 2175 2350 dispicia-

2279 2275 2430 2346 φησί.
2491 2274 2715 2344 Ἷδωμεν
2755 2273 2931 2328 τοίνυν
2983 2275 3073 2327 ἐπὶ
3119 2275 3226 2327 τῶν
3257 2276 3596 2348 πραγμάτων
3637 2278 3724 2330 τὸν
3759 2279 3848 2331 λό-

604 2383 726 2422 mus
750 2367 936 2438 igitur,
995 2370 1212 2440 qualem
1252 2371 1692 2426 convenientiam
1741 2371 1978 2427 habeant
2010 2369 2178 2439 huius

2276 2383 2391 2436 γον.
2427 2366 2541 2422 Μία
2585 2364 2679 2419 τοῦ
2717 2363 2888 2435 πυρὸς
2919 2366 2954 2438 ἡ
2984 2363 3070 2418 διά
3107 2365 3199 2418 τοῦ
3239 2364 3549 2439 θερμαίνειν
3576 2368 3847 2440 ἐνέργεια,

605 2457 946 2526 operationis
977 2474 1165 2530 opera.
1205 2459 1400 2518 Calore
1431 2462 1683 2531 liquescit
1734 2477 1833 2529 aes,
1873 2461 2046 2514 lutum
2091 2461 2174 2517 in-

2275 2455 2411 2512 ἀλλά
2453 2455 2520 2510 τὰ
2568 2453 2703 2526 ἔργα
2749 2454 2866 2512 οἷαν
2925 2453 3032 2524 ἔχει
3085 2455 3184 2528 τὴν
3239 2458 3575 2528 συμφωνίαν,
3631 2461 3853 2512 ἐπισκε-

603 2549 868 2615 durescit,
921 2565 1043 2606 cera
1101 2554 1484 2621 consumitur;
1524 2553 1731 2623 reliqUa
1784 2552 2080 2629 animantia
2127 2552 2172 2608 si

2274 2547 2524 2620 ψώμεθα.
2575 2548 2808 2616 Τήκεται
2861 2547 2890 2598 6
2938 2545 3155 2616 χαλκός’
3206 2548 3234 2600 6
3275 2547 3441 2618 πηλὸς
3495 2549 3778 2620 πήγνυται·
3827 2552 3855 2603 6

605 2640 659 2694 in
691 2640 815 2712 igne
841 2643 950 2698 sint
984 2652 1434 2716 corrumpuntur,
1475 2652 1530 2698 at
1564 2647 1910 2702 salamandra
1940 2645 2175 2700 vivifica-

2275 2639 2443 2712 κηρὸς
2471 2639 2854 2697 ἀναλίσκεται·
2893 2638 2962 2693 τὰ
3001 2638 3165 2697 λοιπά
3211 2639 3316 2696 τῶν
3358 2638 3513 2704 ζώων
3540 2643 3588 2693 εἰ
3618 2641 3673 2693 ὲν
3701 2641 3857 2711 αὐτῷ

603 2739 725 2786 tur:
752 2739 910 2804 stupa
929 2735 1106 2799 ardet,
1147 2736 1443 2791 amiantum
1492 2737 1626 2806 (seu
1653 2736 1947 2802 amiantus,
1978 2753 2171 2792 nomen

2275 2729 2511 2800 γένοιτο,
2564 2728 2863 2799 φθείρεται,
2901 2730 2932 2800 ἡ
2977 2728 3324 2802 σαλαμάνδρα
3364 2729 3726 2799 ζωογονεῖταιο
3795 2733 3859 2786 τὸ

603 2829 870 2892 gemmae)
904 2823 1140 2886 ﬂamma,
1175 2826 1324 2879 velut
1354 2842 1520 2894 aqua.
1556 2835 1840 2897 purgatur.
1885 2827 2060 2883 Tanta
2090 2837 2175 2883 est

2277 2820 2526 2872 στυπεῖον
2569 2817 2800 2873 καίεται·
2832 2816 2891 2868 τὸ
2918 2817 3195 2886 ἀμίαντον,
3243 2816 3428 2886 ὥσπερ
3472 2818 3527 2868 ἐν
3577 2816 3752 2882 ὕδατι,
3785 2822 3856 2888 τῇ

603 2913 906 2968 similitudo
943 2929 1168 2985 operum
1202 2915 1448 2984 ejusdem
1487 2916 2016 2987 OperationistQuid
2047 2935 2173 2974 vero

2275 2910 2434 2980 φλογὶ
2465 2907 2885 2962 καταπλύνεται.
2916 2906 3162 2982 Τοσαύτη
3195 2908 3227 2977 ἡ
3251 2907 3513 2978 ταυτότης
3541 2906 3648 2962 τῶν
3673 2906 3861 2978 ἔργων

606 3005 733 3059 sol?
794 3020 976 3060 annon
1005 3014 1058 3062 et
1093 3005 1208 3076 ipse
1227 3007 1416 3062 eadem
1447 3023 1544 3062 sua
1571 3008 1620 3063 vi
1649 3018 1702 3064 et
1725 3009 1963 3078 potentia
1990 3009 2172 3063 omnia

2275 3001 2339 3054 ὲκ
2365 3001 2460 3072 τῆς
2497 3000 2624 3071 μιᾶς
2652 2997 2948 3070 ἐνεργείας.
2980 2997 3044 3052 Τί
3074 2996 3129 3054 δὲ
3158 2999 3186 3051 6
3221 2998 3404 3068 ἧλιος;
3433 2993 3559 3070 τΛρ’
3590 2997 3710 3067 οὐχὶ
3761 2997 3863 3050 καὶ

604 3095 888 3163 aequaliter
918 3095 1124 3159 fovens,
1162 3097 1467 3167 plantarum
1507 3098 1726 3169 quidem
1778 3099 1941 3158 aliam
1979 3109 2168 3172 auget,

2275 3094 2457 3156 αὐτὸς,
2489 3093 2554 3144 ἐκ
2577 3089 2675 3162 τῆς
2704 3090 2872 3160 αὐτῆς
2901 3088 3181 3159 δυνάμεως
3219 3089 3417 3160 ὁμοίως
3447 3088 3762 3142 ὲπιθάλπων
3793 3090 3866 3146 τὰ

605 3185 770 3239 aliam
813 3201 940 3240 vero
977 3187 1243 3254 exsiccat,
1285 3197 1496 3245 mutato
1534 3190 1870 3260 operationis
1921 3190 2026 3244 ﬁne
2073 3208 2169 3263 pro

2274 3186 2470 3249 πάντα,
2508 3182 2569 3236 τὸ
2611 3182 2711 3250 μέν
2743 3197 2795 3234 τι
2826 3181 2934 3233 τῶν
2958 3179 3141 3248 φυτῶν
3172 3178 3398 3251 ηὔξησε,
3427 3179 3489 3232 τὸ
3514 3178 3572 3234 δὲ
3609 3182 3866 3251 κατεμά-

605 3277 847 3332 materia:
893 3278 1186 3336 substrata:
1233 3280 1550 3336 conditione
1602 3291 1656 3336 et
1687 3282 2168 3352 qualitateHllam

2277 3295 2425 3353 ρανε,
2460 3274 2595 3346 πρὸς
2611 3273 2707 3344 τὴν
2736 3273 3101 3344 ὑποκειμένην
3128 3272 3358 3343 δύναμιν
3378 3271 3734 3332 ὑπαλλάσσων
3757 3274 3869 3344 τῆς

605 3368 752 3422 enim
787 3361 1048 3438 plantam,
1085 3387 1206 3441 quae
1241 3386 1405 3443 supra
1446 3383 1656 3444 petram
1677 3382 1782 3440 est,
1823 3373 2069 3439 arefacit,
2121 3386 2173 3429 at

2277 3367 2556 3440 ἐνεργείας
2589 3366 2650 3418 τὸ
2673 3366 2858 3431 τέλοςς
2889 3365 2962 3418 Τὸ
2987 3365 3086 3435 μὲν
3117 3364 3224 3436 γὰρ
3252 3363 3344 3416 ἐπὶ
3370 3364 3468 3434 τῆς
3494 3364 3697 3435 πέτρας
3730 3364 3869 3436 ἑξή-

604 3473 745 3522 eam,
792 3472 913 3527 quae
942 3459 1082 3514 altas
1114 3458 1168 3512 in
1201 3468 1340 3513 terra
1391 3460 1500 3530 egit
1534 3461 1769 3525 radices,
1815 3463 2016 3532 patulis
2055 3463 2174 3516 ubi.

2279 3475 2442 3530 ρανε,
2504 3455 2565 3512 τὸ
2616 3455 2671 3509 δὲ
2714 3456 2777 3506 ὲκ
2819 3453 2917 3523 τῆς
2969 3451 3188 3522 βαθείας
3262 3451 3366 3522 γῆς
3428 3450 3871 3520 ἑκατοντάρχων

605 3564 711 3617 que
743 3549 912 3605 ramis
943 3548 1219 3604 diffundit.
1251 3549 1407 3618 Quod
1461 3551 1507 3606 si
1543 3567 1708 3622 opera
1750 3560 1957 3608 natura:
1996 3566 2175 3610 mente

2278 3549 2547 3620 ἐποίησεν.
2587 3548 2648 3600 Ei
2681 3545 2738 3603 δὲ
2779 3542 3038 3608 είσέλθοις
3083 3546 3162 3607 είς
3192 3543 3260 3597 τὰ
3296 3544 3394 3612 τῆς
3433 3541 3645 3611 φύσεως
3694 3541 3870 3613 ἔργα,

613 3642 876 3705 lustrare,
899 3650 954 3696 et
983 3639 1116 3711 quid
1140 3641 1193 3696 in
1220 3642 1543 3712 corporibus
1561 3653 1755 3698 natura
1780 3659 1944 3716 agere
1978 3647 2170 3709 soleat,

2281 3641 2370 3694 mi.
2387 3641 2516 3705 ἴδοις
2540 3642 2598 3695 ἐν
2619 3641 2730 3702 τοῖς
2757 3636 3002 3708 σώμασιν
3021 3638 3122 3690 ὅσα
3138 3633 3520 3705 φιλοτεχνοῦσα
3540 3635 3873 3705 ἐργάζεται.

607 3731 900 3787 observare
947 3731 1106 3798 velis,
1151 3732 1356 3789 clarius
1411 3733 1700 3806 intelliges,
1731 3751 1894 3806 quam
1939 3737 2177 3792 circum-

2284 3731 2476 3803 μᾶλλον
2507 3731 2573 3786 ἂν
2598 3731 2658 3784 τὸ
2681 3728 3146 3801 περιεσκεμμένον
3166 3726 3504 3798 καταμάθοις
3539 3725 3633 3778 τοῦ
3664 3725 3876 3794 λέγον-

609 3830 798 3892 spccte
846 3823 950 3878 iste
1003 3822 1223 3891 dixerit,
1291 3825 1528 3881 eamdem
1585 3829 1942 3896 operationem
1993 3829 2173 3882 eadem

2291 3843 2384 3889 τος,
2412 3825 2494 3878 ὅτι
2553 3823 2624 3880 Ἦ
2667 3821 2822 3890 αὑτὴ
2871 3821 3138 3890 ἐνέργεια
3183 3820 3299 3889 τὴν
3351 3819 3681 3885 ταυτότητά
3742 3817 3883 3873 τῶν

606 3915 800 3985 efficere
821 3931 999 3985 opera.
1036 3915 1156 3972 Una
1180 3918 1425 3986 Operatio
1455 3927 1539 3974 est
1569 3934 1736 3975 causa
1767 3920 2172 3992 coneeptionis,

2290 3918 2463 3987 ἕρπων
2495 3914 2791 3970 ἀποτελεῖ.
2830 3913 2942 3970 Μία
2970 3913 3220 3984 ἐνέργεια
3245 3914 3343 3983 τῆς
3373 3907 3676 3981 συλλήψεως
3707 3910 3882 3963 ἐστιν

609 4005 702 4060 sed
732 4006 1058 4076 compositio
1089 4005 1208 4076 ejus
1233 4007 1374 4078 quod
1415 4009 1561 4063 intus
1602 4009 1660 4063 ﬁt
1696 4017 1750 4064 et
1789 4011 2174 4076 constituitur,

2293 4012 2310 4080 ἡ
2349 4008 2516 4063 αἰτία·
2558 4007 2693 4062 ἀλλά
2720 4007 2780 4060 τὸ
2806 4006 3087 4079 σύγκριμα
3114 4004 3206 4058 τοῦ
3233 4003 3379 4057 ἔνδον
3408 4002 3885 4073 οίκονομουμένου

608 4097 758 4151 varia
791 4104 874 4153 est
901 4105 956 4154 et
983 4098 1356 4162 multiformis,
1395 4107 1454 4155 ut
1492 4100 1628 4155 nulli
1661 4100 1822 4156 facile
1859 4103 1933 4157 sit
1961 4117 2180 4160 enume-

2290 4101 2550 4164 πολυειδὲς
2573 4142 2588 4167 ,
2623 4099 2697 4163 ὡς
2727 4101 2792 4153 ἂν
2839 4098 2915 4170 μὴ
2945 4095 3231 4168 δυνηθῆναι
3255 4095 3451 4166 ῥᾳδίως
3475 4094 3596 4151 τινὰ
3615 4093 3719 4166 τὴν
3745 4093 3882 4148 δια-

608 4205 731 4244 rare
768 4189 1140 4245 diversitatem
1175 4190 1418 4245 omnium
1439 4206 1652 4258 earum,
1681 4207 1804 4263 quae
1847 4191 1902 4247 in
1949 4209 2180 4265 corpore

2294 4193 2450 4266 ροράν
2469 4192 2576 4246 τῶν
2603 4193 2661 4244 ὲν
2682 4191 2759 4262 τῷ
2788 4189 2997 4260 σώματι
3021 4190 3318 4260 ποιοτήτων
3343 4185 3886 4258 ἀπαριθμήσασθαι.

606 4283 818 4345 insunt,
840 4281 1186 4351 qualitatum.
1225 4282 1534 4340 lnl‘antibus
1579 4300 1686 4339 una
1713 4284 1900 4340 itidem
1932 4288 2179 4356 operatio

2297 4267 2394 4338 Ηία
2422 4281 2581 4335 πάλιν
2612 4281 2858 4352 ἐνέργεια
2889 4279 2981 4331 ἐπὶ
3015 4277 3124 4331 τῶν
3153 4277 3361 4347 νηπίων
3389 4278 3422 4346 ἡ
3464 4273 3558 4327 τοῦ
3586 4273 3889 4341 γάλακτὸς

607 4381 711 4435 est,
746 4371 901 4426 lactis
927 4372 1182 4426 attractio
1219 4380 1272 4425 et
1302 4374 1572 4428 exsuctio.
1618 4373 1687 4428 At
1706 4374 1831 4445 quis
1855 4375 2177 4431 varietatem

2303 4389 2426 4425 στιν
2455 4371 2610 4441 ὁλκή·
2643 4370 2704 4423 τὸ
2739 4370 2796 4423 δὲ
2829 4368 3070 4423 ποικῦρν
3104 4368 3210 4423 τῶν
3255 4365 3718 4437 ἀποτελεσμάτων
3771 4367 3895 4435 τῆς

601 4460 897 4515 eﬂ‘ectnnm
929 4462 1054 4517 talis
1087 4462 1328 4516 alimenti
1359 4465 1727 4532 percenseat?
1751 4465 1896 4535 quod
1921 4473 2176 4536 tanquam

2307 4463 2536 4534 ὀιαύτης
2581 4460 2787 4533 τροφῆς
2821 4460 2904 4524 τίς
2935 4459 2999 4514 ἂν
3021 4457 3274 4525 διεξέλθοι
3295 4457 3449 4528 λόγος
3476 4475 3490 4523 ;
3538 4458 3602 4510 Ἢ
3629 4456 3732 4526 μὲν
3761 4458 3849 4524 γά
3861 4476 3899 4528 ρ

609 4567 703 4620 per
727 4551 970 4605 canalem
1013 4566 1076 4604 ex
1113 4565 1210 4604 ore
1259 4551 1311 4603 in
1367 4560 1577 4606 meatus
1609 4551 1914 4607 destinatos
1947 4551 2173 4609 descen-

2297 4551 2529 4622 ιαθάπερ
2549 4550 2637 4604 διὰ
2669 4550 2902 4619 σωλῆνος
2930 4551 2993 4603 ὲκ
3025 4550 3118 4602 τοῦ
3147 4549 3413 4620 στόματος
3447 4547 3540 4602 ἐπὶ
3571 4550 3700 4610 τοὺς
3727 4547 3889 4600 tia-:0-

605 4643 722 4708 dit;
756 4639 1038 4694 nutriendi
1064 4654 1191 4693 vero
1221 4647 1274 4693 et
1302 4639 1569 4694 alterandi
1603 4638 1834 4693 facultas
1878 4640 2175 4711 unicuique

2318 4643 2551 4714 ριτικοὺς
2594 4641 2926 4713 διεξέρχεται
2976 4642 3195 4713 πόρους⁶
3244 4643 3277 4711 ἡ
3310 4641 3366 4696 δὲ
3400 4638 3728 4709 ἀλλοιωτικὴ
3773 4639 3904 4710 τῆς

607 4732 975 4787 membrorum
1019 4730 1407 4785 convenienter
1444 4729 1528 4782 lac
1588 4727 1853 4792 adducit,
1895 4732 2174 4788 sexcentis

2318 4736 2488 4798 ύσεως
2563 4733 2792 4802 δύναμις
2853 4733 3066 4803 ἑκάστῳ
3130 4731 3238 4784 τῶν
3283 4730 3460 4803 μελῶν
3509 4727 3905 4799 καταλλήλως

608 4821 786 4876 modis
816 4837 911 4890 per
946 4820 1360 4875 concoctionem
1399 4819 1714 4873 alimentum
1744 4819 1873 4875 illud
1914 4820 2174 4892 subigens

2315 4826 2541 4896 ροσάγει
2572 4825 2633 4878 τὸ
2662 4825 2831 4894 γάλα,
2873 4822 2963 4877 διὰ
2999 4826 3100 4895 τῆς
3139 4822 3358 4893 πέψεως
3396 4822 3475 4886 είς
3512 4820 3716 4892 μυρίας
3748 4820 3907 4874 δια-

605 4921 661 4967 et
695 4910 966 4976 dividens,
993 4917 1048 4964 et
1085 4910 1310 4964 cuilibet
1361 4923 1426 4964 ex
1484 4907 1748 4976 subjectis
1786 4910 2044 4964 membris
2099 4912 2174 4966 si-

2318 4919 2446 4990 ορὰς
2469 4917 2568 4987 τὴν
2600 4914 2804 4988 τροφὴν
2839 4916 3246 4986 κερματίζουσα
3267 4955 3282 4977 ,
3306 4914 3400 4968 καὶ
3422 4915 3536 4976 τοῖς
3565 4912 3910 4980 ὑττοκειμέο

608 5003 734 5058 mile
785 5010 1188 5072 cognatumque
1243 5007 1614 5054 consentanea
1653 4999 1866 5054 ratione
1909 4999 2170 5057 eliiciens.

2316 5027 2383 5072 τις
2410 5008 2646 5080 ὁμοφυὲς
2682 5005 3105 5078 ἀπεργαζομένη
3143 5006 3204 5059 τὸ
3247 5006 3464 5076 ἑκάστῳ
3499 5002 3908 5073 κατάλληλον.

606 5095 740 5148 Nam
773 5109 842 5149 ex
879 5091 1068 5148 eodem
1103 5092 1365 5147 alimento
1415 5093 1640 5146 aluntur
1673 5101 1728 5148 et
1779 5103 2050 5162 augentur
2090 5112 2176 5149 ar-

2317 5101 2381 5152 Εκ
2419 5099 2527 5171 γὰρ
2556 5100 2655 5169 τῆς
2710 5097 2882 5167 αὐτῆς
2918 5097 3208 5166 τρέφονται
3255 5095 3509 5168 βρώσεως
3557 5094 3853 5166 ἀρτηρίαι
3885 5135 3909 5160 ,

611 5185 786 5249 teriae,
829 5199 1000 5251 venae,
1033 5185 1344 5246 cerebrum,
1372 5181 1782 5252 meninges(seu
1801 5181 2174 5255 membratim),

2317 5190 2494 5254 λέὄες,
2532 5187 2851 5258 ἐγκέφαλος,
2887 5189 3150 5261 μήνιγγες
3172 5229 3187 5252 ,
3217 5187 3431 5258 μυελὸς,
3468 5187 3628 5249 ὀστᾶ,
3662 5184 3909 5257 νεῦρα,

611 5273 867 5338 medulla,
911 5288 1058 5336 ossa,
1088 5272 1263 5338 nervi,
1293 5271 1549 5336 musculi,
1584 5271 1857 5334 tendines,
1903 5286 2054 5334 caro,
2085 5286 2178 5328 ex-

2323 5283 2566 5352 5νδεσμος
2588 5320 2603 5344 ,
2639 5282 2883 5344 τένοντες
2902 5323 2915 5346 ,
2959 5281 3188 5352 σάρκες,
3241 5281 3530 5350 ἐπιφάνεια
3549 5318 3563 5342 ,
3610 5278 3870 5349 χόνδροι
3894 5324 3915 5342 ,

611 5367 860 5420 trcmilas
891 5382 986 5421 seu
1037 5366 1376 5436 superﬁcies.
1431 5361 1684 5428 chondri,
1739 5364 1926 5434 adeps,
1967 5364 2173 5435 capilli,

2325 5367 2506 5440 ιμελαὶ
2527 5407 2542 5432 ,
2578 5367 2762 5439 τρίχες
2783 5407 2797 5431 ,
2834 5367 3023 5438 ὄνυχες
3042 5407 3056 5431 ,
3089 5366 3311 5438 ἱδρῶτες
3331 5406 3346 5430 ,
3376 5366 3538 5435 ἀτμοὶ
3557 5407 3572 5430 ,
3600 5364 3870 5436 φλέγμα
3896 5409 3917 5431 ,

613 5472 846 5529 ungues,
889 5458 1142 5520 sudores.
1173 5458 1398 5524 halitus,
1425 5456 1642 5528 pituita,
1673 5455 1821 5520 bilis,
1858 5465 1912 5512 et
1953 5456 1997 5512 si
2054 5473 2174 5528 quae

2332 5456 2430 5528 δλὴ.
2466 5457 2559 5510 καὶ
2586 5457 2686 5510 ὅσα
2723 5455 2884 5509 λοιπά
2914 5455 3142 5528 περιττὰ
3207 5456 3301 5509 καὶ
3328 5457 3522 5527 ἀχρεῖα
3547 5456 3646 5525 τῆς
3682 5456 3924 5530 αὐτῆς

612 5550 718 5605 alia
748 5551 1023 5620 superﬂua
1053 5561 1105 5606 et
1132 5553 1343 5607 inutilia
1378 5568 1441 5608 ex
1463 5552 1652 5608 eadem
1686 5567 1852 5608 causa
1877 5552 2170 5608 exsistunt.

2331 5548 2458 5611 ἱτίας
2490 5546 2740 5617 ἐξῆπται.
2775 5546 2892 5601 Κᾶν
2930 5547 2998 5604 τὰ
3029 5546 3138 5600 τῶν
3186 5547 3361 5618 μελῶν
3393 5545 3554 5620 εἴπῃς
3587 5545 3923 5616 ὀνόματα,

615 5640 673 5694 Si
711 5639 955 5695 membra
987 5641 1276 5709 intuearis,
1307 5659 1542 5714 quorum
1573 5643 1678 5697 alia
1714 5650 1842 5699 sunt.
1888 5644 2170 5712 organica,

2336 5641 2348 5692 t
2391 5655 2451 5692 τε
2500 5637 2766 5710 ὀργανικὰ
2821 5639 2915 5692 καὶ
2940 5639 3009 5692 τά
3053 5638 3418 5710 αἰσθητήρια,
3458 5637 3552 5691 καὶ
3581 5637 3682 5690 ὅσα
3719 5635 3928 5696 ἄλλα

614 5731 720 5789 alia
750 5730 1001 5788 sensibus
1035 5731 1419 5799 descrvientia,
1463 5735 1565 5790 alia
1598 5734 1752 5790 aliter
1784 5734 1976 5789 molem
2029 5735 2169 5792 hanc.

2333 5731 2477 5803 inpar
2512 5728 2602 5785 τὸν
2647 5728 2740 5782 τοῦ
2793 5728 3041 5802 σώματος
3087 5729 3268 5801 ὄγκον,
3316 5731 3378 5784 ὲκ
3430 5729 3556 5801 μιᾶς
3630 5725 3726 5782 καὶ
3766 5732 3925 5806 τῆς
