4032 6208
527 254 636 312 375

1773 256 1830 312 S.
1871 255 2196 312 GREGORII
2242 253 2526 312 NYSSENI

3673 259 3775 314 576

531 373 636 444 ptis
664 371 1110 444 comprobemus.
1140 372 1222 429 An
1258 389 1366 430 non
1396 391 1501 429 una
1538 385 1624 432 est
1665 377 1920 448 praecepti
1974 391 2103 446 ope—

2224 383 2232 432 i
2269 378 2423 447 λόγος
2453 376 2586 448 ἔχει,
2614 377 2727 434 καὶ.
2763 375 2809 430 εἰ
2843 375 3008 436 δοκεῖ,
3034 371 3122 427 διὰ
3151 371 3257 425 τῶν
3297 369 3538 439 ἐναργῶν
3570 370 3776 424 ὑποδει-

533 465 678 520 ratio
735 465 880 535 ejus,
943 464 1038 535 qui
1097 466 1417 522 universum
1459 467 1748 532 mundum,
1786 476 1840 524 et
1897 467 2104 529 onmia,

530 573 653 626 qum
708 557 857 611 illius
893 558 1188 630 complexu
1243 560 1620 626 continentur,
1668 563 1783 618 sola
1832 562 2112 616 voluntate

531 646 826 702 condidit?
880 645 1002 717 Ipse
1040 650 1181 702 enim
1213 650 1352 706 dixit
1385 661 1434 706 et
1469 651 1615 722 facta
1641 663 1784 714 sunt,
1822 655 1931 721 ipse
1960 671 2112 706 man-

532 739 679 794 davit
716 749 768 795 et
831 751 1010 795 creata
1068 742 1278 800 sunt".
1339 744 1536 801 Annon
1602 745 1918 801 mandatum
2004 746 2108 802 hoc

529 833 784 889 omnibus
813 835 1094 905 aequaliter
1142 837 1438 894 essentiam
1489 838 1660 901 dedit,
1723 840 1952 908 solaque
2006 854 2105 895 vo-

533 931 716 982 luntas
749 927 885 982 satis
913 926 1038 991 fuit,
1086 935 1148 982 ut
1183 928 1237 984 id
1286 929 1431 1000 quod
1479 945 1590 985 non
1636 939 1755 986 erat
1794 945 2116 1002 procreare-

532 1019 670 1074 tur?
701 1019 988 1085 Quomodo
1023 1020 1212 1092 igitur,
1245 1036 1371 1076 cum
1397 1037 1463 1079 ex
1493 1038 1600 1077 una
1651 1023 1896 1079 mandati
1951 1024 2115 1095 hujus

532 1110 850 1180 operatione
905 1118 1056 1165 tanta
1089 1127 1270 1167 rerum
1309 1111 1602 1170 diversitas
1653 1115 1947 1182 exstiterit,
2012 1117 2116 1172 iste

535 1203 694 1271 quasi
725 1201 902 1258 oculis
932 1201 1137 1258 clausis
1167 1203 1306 1258 nihil
1339 1205 1553 1272 videns,
1595 1207 1851 1274 allirmat,
1885 1221 2113 1276 aperum

539 1293 853 1348 varietatem
910 1294 1284 1354 diversitatem
1341 1311 1561 1366 quoque
1614 1299 1952 1368 Operationis
2014 1313 2113 1352 ar-

537 1401 706 1455 guere
734 1386 757 1440 ’ἒ
784 1386 828 1441 Ε
861 1388 1146 1442 contrario
1177 1387 1326 1443 enim
1356 1389 1662 1458 oportebat,
1693 1391 1877 1446 omnia
1910 1406 2032 1462 qua:
2061 1391 2115 1446 iu

538 1478 642 1531 hoc
677 1477 882 1532 mundo
917 1477 1196 1546 visuntur,
1225 1478 1472 1548 ejusdem
1502 1481 1703 1552 Speciei
1755 1495 1898 1546 esse,
1939 1481 2009 1550 si,
2059 1493 2117 1538 ut

537 1568 808 1624 sectarius
833 1568 938 1626 iste
969 1569 1153 1634 tradit,
1187 1571 1507 1628 diversitate
1558 1587 1785 1643 operum
1819 1573 1988 1630 etiam
2033 1573 2117 1629 di-

541 1660 775 1717 versitas
802 1663 1183 1732 operatiouum
1219 1665 1652 1723 demonstratur.
1695 1668 1776 1723 An
1827 1683 1915 1722 res
1979 1667 2115 1724 istas

2210 470 2434 542 γμάτων
2455 467 2626 523 ταῦτα
2661 467 3101 537 κατανοήσωμεν,
3143 460 3268 534 'Ap‘
3302 462 3422 533 οὐχὶ
3456 461 3552 531 μία
3576 461 3725 515 ἐστὶν
3749 461 3783 531 ἠ

2209 563 2304 618 τοῦ
2355 562 2720 634 προστάσσειν
2762 558 3012 630 ἐνέργεια
3053 556 3147 610 τοῦ
3197 554 3374 609 πάντα
3425 555 3516 607 τὸν
3581 555 3786 624 κόσμον

2211 655 2306 711 καὶ
2331 654 2402 707 τὰ
2429 654 2486 707 ἐν
2515 651 2663 720 αύτῷ
2685 647 3096 720 συστησαμένου
3121 645 3208 699 διὰ
3261 644 3422 715 μόνον
3451 642 3785 714 θελήματος;

2211 744 2404 811 Αὐτὸς
2449 743 2560 813 γὰρ
2602 738 2750 806 εἷπε,
2801 739 2900 794 καί
2926 735 3323 808 ἐγενήθησαν-ο
3363 733 3546 800 αὐτὸς
3572 733 3788 786 ἐνετεί-

2211 839 2382 898 λατο,
2411 835 2508 888 καὶ
2535 833 2928 898 ἐκτίσθησαν.
2961 828 3074 882 Ούκ
3101 827 3195 879 ἐπὶ
3231 823 3447 878 πάντων
3471 822 3671 893 ὁμοίως
3699 823 3790 874 ού-

2214 925 2382 997 σιὼθη
2413 925 2474 979 τὸ
2503 925 2856 997 πρόσταγμα,
2886 919 2981 973 καὶ
3011 920 3245 991 ἦρκεσεν
3276 917 3310 987 ὴ
3346 915 3598 987 βούλησις
3631 916 3786 986 μόνη,

2213 1015 2276 1070 τὸ
2309 1013 2384 1084 μὴ
2405 1013 2464 1072 ὃν
2497 1009 2900 1084 ὑποστήσασθαι
2920 1027 2935 1077 ;
2958 1008 3080 1072 ΙΙῶς
3103 1003 3194 1062 οὖν
3212 1007 3276 1060 ὲκ
3305 1007 3434 1078 μιᾶς
3452 1008 3552 1076 τῆς
3580 1005 3668 1059 διὰ
3696 1005 3788 1058 τοῦ

2215 1107 2577 1179 προστάσσειν
2606 1103 2884 1176 ἐνεργείας
2901 1141 2916 1163 ,
2943 1100 3212 1171 τοσαύτης
3238 1099 3338 1170 τῆς
3357 1099 3619 1169 διαφορᾶς
3655 1097 3788 1150 καθ-

2214 1194 2520 1268 ορωμένης,
2555 1188 2708 1257 οὗτος
2750 1192 2939 1265 ὥσπερ
2964 1193 3061 1263 οὐχ
3083 1192 3225 1264 ὁρῶν
3243 1190 3315 1244 τὰ
3341 1189 3659 1260 πράγματα,
3692 1187 3790 1256 τὴν

2216 1285 2324 1340 τῶν
2350 1284 2526 1356 ἔργων
2564 1281 2918 1354 παραλλαγὴν
2945 1281 3006 1334 τὸ
3035 1279 3489 1351 παρηλλαγμένον
3515 1277 3615 1346 τῆς
3641 1278 3790 1346 ὲνερ-

2218 1376 2374 1444 γείας
2421 1373 2789 1431 ἐνδείκνυσθαι
2828 1373 3007 1441 λέγει;
3051 1371 3372 1426 Τούναντίον
3407 1368 3516 1441 γὰρ
3553 1369 3657 1423 ἔδει
3689 1386 3786 1438 μο-

2219 1465 2393 1536 νοειδῆ
2427 1466 2604 1521 πάντα
2637 1464 2707 1518 τὰ
2735 1465 2791 1518 ὲν
2825 1462 2906 1534 τῷ
2928 1463 3116 1533 κόσμῳ
3145 1459 3306 1526 εῖναι,
3341 1461 3499 1532 εἴπερ
3535 1460 3673 1514 κατὰ
3698 1461 3791 1513 τὸν

2220 1555 2604 1628 δογματιστὴν,
2648 1553 2728 1624 τῷ
2772 1552 3142 1608 διαλλάσσοντι
3190 1552 3298 1604 τῶν
3345 1550 3520 1620 ἐργων
3589 1549 3684 1603 καὶ
3729 1550 3792 1602 τὸ

2220 1646 2331 1700 τῶν
2351 1645 2640 1715 ἐνεργειῶν
2668 1641 3117 1715 παρηλλαγμένον
3153 1641 3494 1710 ἐμφαίνεται.
3525 1641 3594 1693 Ἢ
3623 1638 3793 1692 ταῦτα

539 1765 734 1806 omnes
767 1729 1100 1820 uttequales
1127 1753 1396 1821 intuetur,
1424 1755 1478 1811 in
1511 1757 1630 1810 solo
1663 1766 1844 1813 autem
1875 1759 2031 1814 Patre
2062 1767 2115 1814 et

2224 1737 2375 1807 ὅμοια
2415 1736 2594 1790 πάντα
2627 1733 2834 1805 βλέπει,
2875 1734 2934 1786 ἐν
2967 1732 3114 1803 μόνῳ
3167 1730 3224 1784 δὲ
3255 1729 3332 1802 τῷ
3374 1731 3549 1801 Πατρὶ
3585 1731 3678 1784 καὶ
3714 1730 3794 1802 τῷ

541 1839 680 1897 Filio
715 1843 1142 1914 inaequalitatem
1175 1846 1574 1916 deprehendit?

612 1931 800 2004 Igitur,
823 1935 869 1991 si
888 1951 996 1991 non
1015 1935 1188 2008 prius,
1208 1939 1399 1995 saltem
1425 1941 1536 2010 jam
1555 1940 1808 2010 inspiciat
1829 1955 1970 2010 eam,
1999 1957 2118 2012 quae

543 2027 598 2078 iu
617 2026 900 2084 elementis
923 2027 1065 2085 inest
1081 2028 1466 2096 differentiam,
1486 2038 1539 2086 et
1554 2033 1828 2102 quomodo
1845 2035 2120 2105 quodlibet

541 2132 734 2172 eorum
752 2135 874 2190 qua:
891 2119 958 2176 ad
983 2121 1170 2179 mundi
1196 2122 1642 2180 constitutionem
1664 2134 2024 2186 concurrunt,
2050 2127 2118 2181 ad

543 2209 850 2266 contrarias
867 2219 1049 2282 partes
1066 2219 1280 2282 agatur.
1295 2211 1429 2268 Nam
1449 2213 1587 2268 levia
1610 2231 1830 2273 sursum
1859 2216 2111 2279 tendunt,

545 2300 731 2369 gravia
763 2299 1055 2356 deorsum:
1093 2311 1148 2357 et
1169 2301 1273 2356 alia
1304 2303 1526 2372 quidem
1554 2321 1765 2376 semper
1790 2307 2117 2373 consistunt,

545 2391 650 2444 alia
678 2398 939 2462 perpetuo
969 2401 1278 2453 moventur.
1310 2395 1374 2451 Et
1405 2397 1545 2452 inter
1563 2412 1626 2453 ea
1649 2413 1770 2467 qua:
1805 2408 2114 2466 moventur,

545 2483 651 2538 alia
689 2484 1087 2541 immutabilem
1120 2487 1419 2544 motionem
1451 2489 1673 2554 habent,
1696 2498 1756 2546 ut
1813 2491 2012 2546 ctnlum
2052 2502 2108 2546 et

546 2573 795 2643 planetae,
845 2590 1081 2649 quorum
1113 2591 1313 2634 cursus
1341 2593 1558 2652 semper
1583 2579 1774 2636 eodem
1805 2578 2122 2637 reﬂectitur:

547 2675 602 2720 at
638 2666 753 2734 illa,
779 2682 902 2738 quae
938 2668 1373 2741 circumquaque
1393 2669 1794 2736 dilfunduntur,
1827 2687 2042 2742 semper
2067 2680 2126 2726 ut

547 2772 670 2813 sors
690 2758 815 2827 fert,
844 2768 1102 2834 aguntur,
1135 2769 1193 2816 ut
1225 2777 1340 2826 aer,
1363 2777 1534 2829 mare,
1559 2763 1891 2835 etquidquid
1920 2764 2122 2836 liquida

549 2860 744 2906 natura
762 2859 998 2907 constat.
1020 2852 1162 2923 Quid
1201 2869 1331 2908 vero
1347 2854 1536 2909 attinet
1552 2855 2124 2925 explicare,quomodo

549 2943 788 2999 calidum
835 2942 1035 3014 frigido
1074 2943 1418 3011 adversetur,
1452 2952 1546 3001 aut
1594 2945 1822 3001 humido
1877 2947 2123 3005 siccum:

547 3039 602 3087 et
625 3032 900 3104 quomodo
923 3031 976 3088 id
1002 3033 1144 3105 quod
1168 3049 1332 3106 supra
1355 3042 1463 3100 est,
1495 3036 1564 3090 ab
1592 3049 1657 3091 eo
1677 3036 1822 3107 quod
1846 3035 1987 3091 infra
2018 3045 2122 3102 est,

548 3123 763 3179 distet?
800 3122 1050 3194 Quantas
1091 3139 1256 3196 porro
1279 3127 1334 3180 in
1366 3126 1700 3184 animalibus
1722 3143 1949 3184 cernere
1977 3136 2062 3184 est
2095 3145 2124 3183 a

552 3224 747 3280 natura
805 3217 1002 3273 insitas
1057 3215 1583 3276 dissimilitudines?
1616 3219 1681 3274 Et
1726 3235 1849 3292 quae
1888 3221 2128 3280 hominis

551 3308 738 3379 lingua
769 3318 1059 3364 enumeret
1107 3326 1303 3366 omnes
1343 3310 1466 3368 illas
1519 3312 1887 3378 diversitates.
1917 3330 2037 3385 qua:
2072 3316 2127 3374 in

555 3401 754 3469 plantis
782 3416 905 3457 sese
944 3401 1204 3470 oll‘erunt,
1250 3404 1428 3474 quoad
1486 3403 1740 3476 ﬁguram,
1795 3408 2128 3476 magnitudio

555 3508 700 3561 nem,
731 3492 1120 3564 fructuumque
1151 3503 1207 3550 et
1229 3495 1557 3565 qualitatum
1595 3497 1986 3558 diversitates?

621 3669 692 3722 At
736 3667 1175 3741 sapientissimus
1225 3671 1328 3727 iste
1365 3671 1624 3744 magister
1671 3673 2025 3731 dissimilium
2075 3685 2130 3732 et

553 3756 900 3815 diversorum
933 3775 1157 3831 operum
1217 3762 1519 3820 dissimiles
1555 3781 1775 3836 quoque
1797 3775 1850 3822 et
1881 3767 2129 3824 diversas

556 3852 1144 3923 statuitoperationcs;
1193 3855 1358 3928 idque
1387 3856 1469 3912 vel
1506 3858 1634 3929 quia
1663 3857 1896 3914 formam
1935 3860 2130 3916 diviuue

555 3943 892 4012 operationis
927 3945 1155 4000 necdum
1196 3947 1484 4015 intellexit,
1509 3949 1578 4005 de
1609 3965 1717 4020 qua
1767 3965 1924 4006 sacra
1975 3951 2128 4007 Scri-

557 4041 715 4104 ptura
744 4042 998 4100 testatur,
1059 4037 1216 4095 verba
1259 4039 1498 4095 mandati
1540 4041 1654 4111 ejus
1703 4044 1883 4097 omnia
1915 4045 2129 4100 condita

551 4142 707 4192 esse;
756 4127 841 4183 vel
895 4128 1023 4200 quia
1063 4128 1131 4183 ad
1169 4146 1352 4188 rerum
1409 4142 1715 4189 creatarum
1768 4133 2126 4192 diﬂ‘ercntiam

552 4218 793 4302 necutit,
834 4227 887 4276 et
925 4231 1106 4277 tamen
1156 4221 1223 4279 de
1285 4223 1488 4282 divinis
1549 4225 1899 4296 dogmatibus
1955 4245 2128 4302 usque

553 4301 690 4357 adeo
722 4303 1126 4362 inconsiderate
1166 4308 1326 4364 nobis
1372 4310 1528 4380 quasi
1593 4313 1738 4384 leges
1795 4301 2124 4384 praescribit,

2222 1825 2332 1898 Υίῷ
2359 1825 2613 1897 ὲνθεωρεῖ
2636 1825 2698 1879 τὸ
2725 1823 3005 1894 ὰνόμοιον;

2289 1917 2498 1974 Οὐκοῦν
2523 1915 2910 1986 ὲπισκεψὰσθω
2942 1914 3057 1977 νῦν,
3086 1915 3134 1970 εί
3158 1914 3252 1970 καὶ
3284 1912 3358 1985 μὴ
3393 1913 3671 1985 πρότερον,
3696 1913 3796 1983 τὴν

2220 2011 2276 2064 ἐν
2319 2011 2433 2072 τοῖς
2465 2008 2745 2080 στοιχείοις
2786 2008 3068 2079 διαφορὰν,
3103 2005 3198 2060 καὶ
3227 2006 3302 2070 ὡς
3341 2006 3566 2060 ἕκαστον
3602 2005 3708 2060 τῶν
3738 2007 3796 2058 ὲν

2220 2101 2297 2174 τῷ
2326 2101 2517 2173 κόσμῳ
2545 2101 2681 2172 πρὸς
2715 2099 2812 2170 τὴν
2839 2098 2933 2154 τοῦ
2964 2098 3163 2162 παντὸς
3204 2097 3458 2152 σύστασιν
3492 2097 3798 2152 συντελούν-

2220 2213 2351 2260 των,
2380 2193 2517 2266 πρὸς
2547 2192 2608 2245 τὸ
2648 2191 2888 2245 ἐναντίον
2915 2190 3160 2261 ἀπῆκται
3190 2191 3290 2260 τῆς
3329 2189 3561 2257 φύσεως.
3589 2191 3670 2243 Τὰ
3700 2190 3796 2260 μὲν

2221 2286 2328 2358 γὰρ
2354 2284 2530 2354 κοῦφά
2557 2300 2616 2339 τε
2640 2284 2735 2341 καὶ
2763 2283 3019 2354 ἆνωφερῆ
3048 2283 3275 2350 πέφυκε,
3307 2280 3376 2334 τὰ
3402 2280 3460 2334 δὲ
3492 2280 3661 2350 βαρέα
3703 2281 3798 2333 καὶ

2221 2378 2303 2441 εἰς
2328 2377 2388 2430 τὸ
2421 2375 2572 2429 κάτω
2615 2373 2889 2446 βρίθοντα,
2923 2373 3017 2426 καὶ
3047 2372 3115 2427 τὰ
3153 2371 3251 2443 μὲν
3278 2370 3366 2425 ἀεὶ
3391 2371 3620 2438 ἑστῶτα,
3647 2370 3715 2423 τὰ
3741 2370 3798 2424 δὲ

2222 2468 2393 2522 διόλου
2440 2466 2753 2536 κινούμενα.
2798 2465 2907 2520 Καὶ
2951 2466 3012 2519 ὲν
3052 2465 3163 2527 τοῖς
3202 2462 3536 2534 κινουμένοις
3557 2503 3572 2527 ,
3603 2462 3672 2515 τὰ
3701 2463 3798 2533 μὲν

2222 2559 2575 2632 ἀπαράϐατον
2598 2557 2688 2615 ἐπὶ
2708 2557 2769 2611 τὸ
2794 2556 2852 2611 ἓν
2886 2555 2998 2626 ἔχει
3021 2553 3119 2626 τὴν
3148 2553 3381 2625 κίνησιν,
3403 2553 3478 2616 ὡς
3501 2555 3529 2607 ὁ
3550 2552 3793 2624 οὐρανὸς*

2225 2653 2319 2706 καὶ
2347 2650 2454 2707 τῶν
2481 2649 2724 2721 ἀστέρων
2750 2651 2798 2703 οἱ
2835 2646 3194 2719 πλανώμενοι,
3219 2642 3300 2710 οἷς
3325 2646 3353 2698 ὁ
3382 2645 3580 2716 δρόμος
3623 2646 3702 2705 είς
3737 2645 3799 2696 τὸ

2225 2746 2462 2819 ἔμπαλιν
2496 2744 2590 2799 τοῦ
2644 2743 2843 2807 παντὸς
2869 2742 3225 2798 ἀνελίσσεταυ
3273 2739 3341 2792 τὰ
3379 2739 3436 2794 δὲ
3467 2736 3798 2808 πανταχόθεν

2225 2841 2546 2910 διαχεόμενα
2613 2837 2754 2891 κατὰ
2795 2836 2857 2889 τὸ
2907 2834 3200 2905 συμϐαῖνον
3240 2832 3326 2886 ἀεὶ
3360 2831 3615 2902 φέρεται,
3665 2829 3739 2893 ὡς
3768 2831 3798 2884 ὁ

2226 2930 2354 3002 ἀήρ,
2390 2932 2484 2984 καὶ⁵
2530 2931 2562 3000 ἠ
2606 2929 2879 2990 θάλασσα,
2911 2927 3004 2981 καὶ
3041 2927 3076 2998 η
3110 2928 3259 2979 πᾶσα
3290 2925 3388 2994 τῆς
3413 2923 3587 2996 ὑγρᾶς
3613 2923 3799 2985 οὐσίας

2229 3024 2410 3094 φύσις.
2461 3022 2526 3076 Τί
2566 3021 2611 3074 δ’
2660 3019 2726 3075 ἂν
2766 3019 2910 3074 εῐποι
2945 3035 3030 3081 τις
3068 3017 3167 3088 τὴν
3207 3014 3300 3070 τοῦ
3340 3014 3544 3084 θερμοῦ
3575 3014 3708 3086 πρὸς
3739 3013 3802 3067 τὸ

2227 3115 2432 3186 ψυχρὸν
2465 3111 2801 3174 ἐναντίωσιν,
2842 3108 2877 3180 ἢ
2911 3106 3006 3162 τοῦ
3037 3105 3203 3178 ὑγροῦ
3235 3105 3334 3176 τὴν
3364 3105 3498 3176 πρὸς
3534 3103 3594 3158 τὸ
3638 3103 3802 3174 ξηρὸν

2227 3205 2515 3277 διαφορὰν,
2545 3203 2638 3257 τοῦ
2667 3219 2725 3255 τε
2757 3203 2868 3257 ἄνω
2899 3199 2996 3271 τὴν
3034 3199 3170 3271 πρὸς
3191 3197 3259 3252 τὰ
3300 3197 3450 3250 κάτω
3488 3195 3799 3262 διάστασινς

2227 3301 2348 3354 ὅσαι
2372 3300 2427 3353 δὲ
2450 3297 2558 3352 τῶν
2588 3295 2741 3360 ζώων
2794 3294 2851 3347 αἱ
2880 3292 3020 3346 κατὰ
3058 3292 3156 3362 τὴν
3187 3291 3346 3360 φύσιν
3377 3289 3797 3360 ἀνομοιότητες·;

2228 3392 2328 3457 τὰς
2356 3392 2412 3445 δὲ
2452 3392 2510 3444 ὲν
2548 3391 2658 3452 τοῖς
2707 3388 2892 3455 φυτοῖς
2925 3383 3065 3438 κατά
3102 3399 3160 3435 τε
3188 3381 3258 3435 τὰ
3286 3381 3541 3452 σχήματα
3565 3421 3580 3444 ,
3614 3380 3704 3432 καὶ
3735 3377 3804 3430 τὰ

2233 3481 2458 3555 μεγέθη,
2486 3480 2579 3534 καὶ
2603 3479 2699 3542 τὰς
2748 3476 2854 3529 τῶν
2886 3473 3115 3545 καρπῶν
3145 3471 3242 3525 καὶ
3273 3472 3574 3542 ποιοτήτων
3598 3467 3806 3542 παραλ·

2229 3573 2399 3642 me;
2442 3571 2524 3634 τίς
2561 3570 2627 3624 ἂν
2655 3567 2868 3621 ἐπέλθοι
2901 3565 3058 3633 λόγος
3086 3561 3453 3635 ἁνθρώπινοςς

2311 3667 2450 3721 Ἀλλ’
2493 3667 2522 3720 ό
2571 3663 2731 3733 σοφὸς
2769 3656 2922 3725 οὗτος
2962 3659 3073 3713 τῶν
3117 3655 3587 3729 παρηλλαγμένων
3627 3652 3804 3724 ἔργων

2230 3758 2690 3833 παρηλλαγμένας
2717 3756 2811 3810 καὶ
2833 3755 2934 3818 τὰς
2967 3755 3050 3806 ὲνε
3061 3751 3244 3824 ργείας
3269 3751 3401 3820 ήμϊν
3423 3746 3799 3815 ἀποφαίνεται.

2230 3847 2263 3918 ἢ
2289 3846 2352 3900 τὸ
2377 3842 2516 3909 εἶδος
2538 3847 2638 3916 τῆς
2665 3843 2814 3906 θείας
2844 3840 3124 3912 ἐνεργείας
3153 3839 3324 3909 μήπω
3349 3835 3554 3908 μαθὼν,
3585 3836 3614 3888 ὅ
3643 3851 3812 3904 φησιν

2229 3940 2262 4010 ή
2291 3937 2500 4010 Γραφὴ,
2534 3937 2615 3990 ὅτι
2650 3934 2733 4000 Τῷ
2757 3935 2916 4004 λόγῳ
2936 3930 3386 4000 προστάγματος
3415 3927 3610 3981 πάντα
3641 3925 3809 3996 γεγέ-

2229 4046 2420 4097 νηται,
2446 4028 2480 4098 ἢ
2511 4026 2648 4098 πρὸς
2673 4025 2772 4096 τὴν
2791 4024 2900 4078 τῶν
2920 4021 3216 4092 γεγονότων
3239 4019 3498 4090 διαφορὰν
3521 4022 3550 4072 ἁ
3559 4017 3814 4089 p.615th-

2229 4137 2354 4176 τωνο
2397 4120 2492 4174 καὶ
2528 4117 2699 4180 οὕτως
2755 4116 2886 4186 ἡμῖν
2933 4112 3352 4184 ἀπερισκέπτως
3403 4110 3810 4180 φθεγγόμενος,

2229 4215 2360 4284 περὶ
2411 4212 2568 4266 θείων
2611 4209 2896 4279 δογμάτων
2935 4204 3248 4277 νομοθετεῖ,
3288 4203 3442 4257 οῠπω
3481 4203 3621 4273 τάχα
3662 4203 3818 4267 τινος

2229 4299 2512 4372 ἀκηκοὼς,
2551 4301 2633 4353 δτι
2679 4299 2787 4351 πᾶν
2831 4295 2892 4348 τὸ
2939 4292 3323 4365 ἀποφαντικῶς
3369 4291 3683 4364 λεγόμενον,
3711 4292 3818 4344 ἐὰν

552 4409 676 4448 cum
711 4395 852 4452 forte
879 4397 1111 4455 necdum
1136 4416 1200 4455 ex
1224 4403 1483 4472 quopiam
1512 4383 1767 4469 audierit,
1791 4383 1952 4463 omne
1974 4407 2121 4470 illud,

2235 4393 2309 4464 μὴ
2338 4390 2586 4451 καθόλου,
2629 4389 2692 4443 τὸ
2723 4386 2934 4458 ἄμαχόν
2979 4404 3038 4440 τε
3080 4385 3176 4440 καὶ
3215 4383 3646 4480 ὁμολογούμενον
3679 4385 3818 4480 περὶ

551 4487 699 4556 quod
733 4492 1004 4559 negative,
1047 4505 1154 4545 non
1181 4499 1362 4548 tamen
1395 4494 1692 4549 universim
1717 4500 2126 4568 pronuntiatur,

552 4578 921 4636 indubitatum
955 4591 1009 4638 et
1036 4598 1362 4640 concessum
1395 4600 1540 4652 esse,
1571 4595 1822 4657 respectu
1861 4588 1938 4644 rei
1969 4591 2128 4657 cujus

553 4670 846 4738 probanda:
873 4674 1046 4742 gratia
1076 4674 1393 4731 adducitur.
1428 4673 1629 4731 Verum
1671 4676 1739 4732 de
1764 4692 1852 4745 co,
1883 4679 1969 4732 cui
2019 4681 2126 4732 cir-

553 4776 900 4836 cumspectus
951 4774 1006 4821 et
1039 4782 1152 4821 rem
1193 4767 1362 4838 probe
1406 4768 1749 4838 perpendens
1783 4785 1891 4825 non
1932 4785 2126 4827 assen-

551 4856 745 4917 tiatur,
780 4855 904 4908 novi
943 4854 1215 4927 dogmatis
1242 4865 1455 4921 auctor,
1507 4857 1781 4915 arbitratu
1841 4875 1964 4924 suo,
2030 4877 2127 4932 pro

552 4959 652 4999 sua
683 4945 1035 5009 auctoritate.
1063 4947 1332 5014 decernit,
1365 4948 1509 5018 quod
1538 4948 1671 5003 nihil
1706 4950 1922 5019 penitus
1943 4951 2128 5010 dill‘crt

552 5050 581 5088 a
618 5035 850 5092 somniis
895 5037 980 5091 vel
1039 5037 1295 5094 anilibus
1321 5037 1556 5102 fabellis,
1586 5054 1709 5110 quae
1756 5039 1809 5094 in
1843 5051 2126 5110 compota—

553 5128 795 5185 tionibus
825 5139 1176 5186 enarrantur.
1205 5129 1452 5201 Cumque
1484 5131 1537 5184 in
1575 5145 1740 5201 supra
1782 5131 1943 5186 dictis
1976 5139 2128 5187 tanta

555 5219 687 5273 iuuit
714 5219 1158 5276 inconvenientia
1183 5228 1236 5275 et
1278 5221 1617 5286 absurditas,
1660 5221 1739 5285 tit,
1775 5231 1833 5275 ut
1863 5220 2130 5292 quemad-

557 5309 775 5363 modum
809 5311 910 5374 illi,
945 5311 1037 5382 qui
1073 5325 1167 5380 per
1192 5311 1367 5365 somni
1399 5310 1744 5380 phantasiam
1803 5309 2006 5382 aliquid
2036 5324 2130 5364 eo-

559 5412 677 5452 rum
712 5400 916 5469 quibus
946 5404 1239 5475 vigilantes
1263 5418 1485 5474 operam
1504 5402 1793 5466 dederunt,
1819 5402 1921 5458 sibi
1943 5401 2129 5456 videre

557 5487 834 5555 videntur,
875 5495 1072 5564 cupide
1119 5495 1207 5561 iis,
1248 5511 1370 5568 quae
1403 5509 1510 5551 non
1551 5494 1830 5552 exsistunt
1865 5493 2008 5550 allixi
2043 5481 2146 5550 in?

627 5669 668 5706 ³⁷
699 5668 842 5731 Psal.
876 5688 1096 5740 csum,
1134 5675 1184 5729 5.

2231 4482 2326 4536 τοῦ
2352 4480 2710 4554 προκειμένου
2744 4479 3065 4551 πράγματος
3101 4478 3218 4550 ἔχῃ.
3269 4477 3427 4531 Ἀλλὰ
3455 4478 3579 4548 περὶ
3602 4467 3678 4530 ὧν
3704 4476 3820 4530 οὐκ

2232 4575 2297 4629 ἄν
2317 4591 2404 4636 τις
2425 4572 2530 4626 τῶν
2555 4571 2977 4642 ὲπεσκεμμένων
3009 4569 3270 4637 σύνθοιτο,
3302 4570 3429 4642 περὶ
3453 4568 3654 4623 τούτων
3684 4571 3817 4622 κατ’

2234 4661 2480 4729 ἐξουσίαν
2501 4663 2529 4714 ὁ
2553 4661 2892 4731 δογματίζων
2911 4659 3078 4728 λέγει,
3101 4659 3266 4714 Οὐδὲν
3282 4659 3526 4730 διαφέρει
3541 4657 3650 4711 τῶν
3670 4659 3821 4712 όνεί·

2235 4773 2362 4828 ρους
2408 4754 2440 4826 ἢ
2471 4751 2673 4826 μύθους
2699 4751 2851 4824 παρὰ
2881 4751 3042 4806 πότον
3073 4749 3461 4820 διηγουμένων.
3489 4751 3600 4804 Καὶ
3623 4750 3822 4804 τοιαύ-

2233 4865 2331 4919 της
2359 4844 2523 4918 οὔσης
2556 4843 2656 4915 τῆς
2675 4845 2732 4898 ὲν
2758 4845 2870 4906 τοῖς
2885 4843 3192 4917 εἰρημένοις
3224 4841 3612 4913 ἀναρμοστίας,
3643 4841 3820 4900 καθά-

2235 4956 2341 5011 περ
2387 4938 2438 4992 oi
2498 4937 2564 4992 δι’
2629 4937 2878 4989 ἐνυπνίου
2953 4934 3252 5004 φαντασίας
3307 4933 3415 4986 τῶν
3475 4931 3596 4986 καθ’
3657 4931 3819 5002 ῦπαρ

2236 5028 2682 5097 σπουδαζομένων
2709 5028 2840 5097 όρᾷν
2863 5044 2914 5078 τι
2942 5027 3260 5094 νομίσαντες
3279 5062 3294 5086 ,
3325 5023 3620 5093 προθύμως
3651 5023 3819 5093 έχον-

2232 5138 2320 5174 ται
2347 5120 2452 5171 τῶν
2471 5117 2857 5189 ἀνυπάρκτων,
2877 5117 2972 5170 καὶ
2991 5115 3092 5186 τῆς
3114 5131 3180 5168 πε
3191 5114 3243 5188 pl.
3263 5114 3324 5168 τὸ
3343 5113 3666 5186 φαινόμενον
3689 5116 3820 5166 ἐπι-

2231 5211 2431 5282 θυμίας
2493 5206 2581 5261 διὰ
2626 5206 2726 5274 τῆς
2789 5207 3146 5274 ήπατημενης
3190 5211 3362 5269 augeo);
3409 5204 3824 5274 ἁναπειθούσης

2232 5301 2375 5372 ἔχειν
2417 5298 2634 5352 οἴονται·
2684 5293 2826 5351 οὕτω
2873 5293 2968 5346 καὶ
3019 5289 3180 5354 αὐτὸς
3219 5291 3306 5344 διὰ
3349 5290 3447 5360 τῆς
3489 5291 3825 5362 ὀνειρώδους

2233 5391 2435 5462 ταύτης
2477 5387 2584 5443 τῶν
2620 5387 2902 5458 δογμάτων
2955 5381 3352 5442 ἀνατυπώσεως
3405 5382 3608 5452 ἰσχύειν
3654 5384 3827 5456 αὐτῷ

2235 5480 2556 5557 φαντασθεὶς
2583 5479 2651 5533 τὰ
2695 5476 2991 5550 εἰρημένα,
3037 5475 3209 5530 ταῦτα
3241 5472 3414 5537 οὕτως
3443 5471 3586 5544 ἔχειν
3623 5473 3828 5531 διαϐε-
