4032 6208
254 292 364 346 577

255 405 546 472 faenum,
579 409 673 464 καὶ
702 410 772 464 δι’
802 412 982 468 αὐτῶν
1026 422 1461 488 κατασκευάζειν
1489 405 1770 500 ’ἐπιχειρεῖ

258 497 560 553 ὑπόλοιπα·
591 500 745 566 ἄξιον
773 503 827 556 δὲ
865 505 958 558 καὶ
1001 507 1173 581 αὐτὴν
1211 514 1550 585 παραθέσθαι
1591 520 1652 591 τὴ

254 589 490 658 ἔχουσαν
515 591 710 656 οὕτως’

1435 311 1715 416 ΕῼΝἹῚΚΑ
1755 315 2160 390 ΕυΝΟΜΙΕΜ,
2207 327 2332 382 LIB.
2378 331 2416 384 l.

3435 353 3540 411 δτι

1796 433 1861 487 τὰ
1896 443 1936 498 Α
1967 437 2231 507 haereant,
2268 454 2381 513 put:
2401 456 2570 516 utque
2600 452 2898 521 cupiditate
2933 473 2996 513 ex
3045 457 3227 515 fallam
3259 463 3378 520 viso
3418 483 3542 536 per—

1657 539 1689 573 ν
1716 522 1858 586 λέξιν
1963 535 2137 599 suasi,
2180 552 2240 590 se
2280 545 2467 592 tenere
2499 541 2644 608 quod
2682 561 2791 599 non
2841 557 3067 606 tenent:
3110 554 3182 606 ita
3230 563 3284 609 et
3321 558 3422 612 iste
3473 575 3540 614 ex

1959 629 2335 684 somniculosa
2385 632 2700 701 dogmatum
2733 639 3137 708 ell‘ormatione,
3161 659 3310 704 ratus
3347 666 3410 706 ea
3443 651 3540 705 ad-

255 700 481 758 modum
526 705 704 759 valida
738 716 792 762 et
820 708 1068 766 efficacia
1103 729 1251 780 esse,
1289 717 1406 775 haec
1437 721 1513 776 ita
1544 739 1604 780 se
1636 725 1841 782 habere
1915 722 2014 789 ait,
2081 720 2262 792 iisque
2327 700 2525 793 positis
2572 729 2787 800 reliqua
2849 738 3123 794 conficere
3201 745 3538 813 aggreditur.

257 792 424 862 cujus
454 794 733 864 ipsissima
775 800 941 854 verba
967 817 1245 872 apponere
1271 824 1382 863 non
1412 813 1511 867 abs
1544 830 1602 868 re
1625 813 1810 871 fuerit.

344 887 507 940 Οὕτω
521 885 592 941 δὲ
645 889 877 945 τούτων
905 892 1191 965 ἐχόντων,
1217 900 1317 954 καὶ
1346 901 1424 972 τῇ
1442 903 1591 972 πρὸς
1607 907 1853 977 ἄλληλα

249 977 472 1048 σχέσει
521 978 629 1034 τὸν
679 983 887 1051 εἱρμὸν
933 987 1320 1057 ἀπαράϐατον
1375 994 1846 1067 διατηρούντων,

247 1069 552 1137 προσήκει
602 1069 801 1137 δήπου
853 1076 996 1144 τοὺς
1052 1080 1207 1135 κατὰ
1255 1083 1372 1154 τὴν
1421 1090 1676 1160 συμφυῆ
1723 1092 1849 1157 τοῖς

247 1164 564 1234 πράγμασι
601 1165 775 1231 τάξιν
820 1170 938 1238 τὴν
972 1172 1254 1238 ἐξέτασιν
1291 1181 1709 1252 ποιουμένους,
1745 1186 1844 1240 καὶ

235 1257 334 1325 μὴ
359 1259 573 1326 φύρειν
603 1260 752 1332 ὁμοῦ
776 1262 994 1337 πάντα,
1031 1268 1129 1321 καὶ
1158 1271 1413 1341 συγχεῖν
1427 1273 1842 1344 βιαζομένους·

237 1351 297 1401 ει
322 1349 445 1418 μὲν
467 1350 600 1418 περὶ
628 1349 739 1422 τῆς
765 1356 983 1424 οὐσίας
1004 1359 1229 1415 κινοῖτό
1248 1379 1337 1430 τις
1367 1365 1839 1438 ἀμφισϐήτησις,

235 1440 314 1494 ἐκ
350 1438 470 1494 τῶν
499 1441 745 1510 πρώτων
774 1446 873 1500 καί
901 1451 1224 1520 προσεχῶν
1253 1454 1385 1522 ταῖς
1411 1458 1651 1526 οὐσίαις
1680 1459 1844 1528 ἐνερ-

236 1532 419 1601 γειῶν
452 1534 749 1591 ποιεῖσθαι
771 1537 890 1593 τῶν
912 1539 1319 1613 δεικνυμένων
1343 1548 1459 1616 τὴν
1480 1551 1712 1616 πίστιν,
1742 1553 1837 1606 καί

236 1623 370 1678 τῶν
408 1626 950 1699 ἀμφιϐαλλομένων
987 1635 1103 1702 τὴν
1137 1635 1454 1693 διάλυσιν·
1493 1640 1611 1710 τὴν
1645 1642 1714 1695 δὲ
1742 1643 1842 1697 ἐπί

236 1717 376 1785 ταῖς
409 1720 735 1791 ἐνεργείαις
775 1723 1142 1794 ἀμφιϐολίαν
1173 1727 1446 1786 διαλύειν
1480 1733 1549 1788 ἐκ
1588 1733 1708 1788 τῶν
1739 1737 1839 1790 οὐ·
1871 1788 1912 1842 Β

232 1823 418 1864 σιων.

329 1899 471 1968 Ἐγὼ
502 1901 683 1955 τοίνυν
730 1904 921 1972 ἀρκεῖν
969 1906 1208 1980 ἡγοῦμαι
1254 1911 1392 1982 προς
1431 1913 1705 1981 ἀπόδειξιν
1739 1916 1840 1987 τῆς

230 1994 475 2057 ἀτοπίας
522 1995 635 2048 τῶν
676 1998 984 2070 εἰρημένων
1018 2000 1157 2054 αὐτὰ
1191 2002 1258 2056 τὰ
1296 2005 1519 2075 ῥήματα
1563 2009 1666 2078 τῆς
1711 2010 1838 2063 ἀσεο

229 2087 415 2151 δείας.
443 2087 656 2160 Ὠσπερ
683 2089 791 2160 γὰρ
817 2093 846 2144 ὁ
864 2091 927 2144 τὸ
953 2091 1326 2166 λελωϐημένον
1348 2099 1412 2150 ἐκ
1441 2099 1647 2164 πάθους
1669 2102 1838 2173 πρόσ-

226 2198 388 2233 ωπον
434 2181 770 2254 ὑπογράφων
834 2183 909 2258 τῷ
945 2185 1120 2258 λόγῳ,
1168 2190 1370 2260 μᾶλλον
1413 2191 1480 2246 ἂν
1522 2194 1838 2261 ἐπιδείξειεν

225 2273 652 2342 ἀπογυμνώσας
694 2275 804 2329 τῶν
848 2278 1334 2354 προκαλυμμάτων
1381 2283 1481 2356 τὴν
1523 2286 1710 2354 νόσον,
1761 2287 1837 2353 ὡς

226 2364 411 2436 μηδὲν
443 2363 656 2420 δεῖσθαι
691 2365 837 2438 λόγῳ
878 2369 1068 2439 μαθεῖν
1097 2373 1225 2438 τοὺς
1254 2374 1316 2427 τὸ
1359 2377 1684 2447 φαινόμενον
1717 2380 1838 2451 βλέ-

225 2474 470 2520 ποντας·
511 2457 689 2523 οὕτως
720 2459 958 2532 ἡγοῦμαι
987 2463 1048 2516 τὸ
1081 2464 1317 2538 εἰδεχθὲς
1346 2467 1504 2524 τοῦτο
1556 2472 1652 2525 καὶ
1682 2490 1836 2544 περι-

223 2549 582 2619 κεκομμένον
609 2551 705 2604 τοῦ
735 2553 1012 2627 αἱρετικοῦ
1036 2555 1303 2628 δόγματος
1336 2561 1538 2625 ἱκανῶς
1569 2564 1834 2635 φανεροῦ-

223 2643 358 2700 σοαι
395 2647 515 2709 τοῖς
553 2643 880 2717 διορατικοῖς
911 2647 1012 2719 τὴν
1051 2649 1250 2722 ψυχὴν,
1284 2653 1380 2708 καὶ
1406 2653 1494 2707 διὰ
1526 2656 1694 2726 μόνης
1736 2658 1834 2728 τῆς

217 2734 598 2804 ἀναγνώσεως
623 2737 1122 2814 ἐκκαλυπτόμενον.
1156 2741 1301 2796 Ἀλλ’
1323 2745 1511 2816 ἐπειδὴ
1539 2745 1644 2818 χρὴ
1674 2747 1834 2802 καθά-

218 2844 335 2896 περ
378 2828 506 2882 τινα
537 2827 802 2882 δάκτυλον
847 2832 939 2884 ἐπὶ
980 2833 1048 2886 τὰ
1086 2833 1262 2906 σαθρὰ
1309 2835 1405 2890 τοῦ
1439 2836 1708 2907 δόγματος
1741 2840 1832 2894 τὸν

215 2921 505 2975 δεικτικὸν
538 2921 697 2989 λόγον
732 2922 1025 2991 ἐπάγοντα,
1055 2925 1443 2998 φανερωτέραν
1471 2930 1585 2992 τοῖς
1619 2929 1830 2996 πολλοῖς

216 3012 579 3082 καταστῆσαι
612 3013 710 3084 τὴν
744 3013 1072 3086 ἐγκειμένην
1105 3015 1286 3087 λώϐην
1321 3017 1400 3088 τῷ
1433 3017 1684 3089 δόγματι,
1721 3021 1830 3074 πάι

210 3105 303 3158 λιν
345 3106 556 3176 ἐφεξῆς
599 3104 661 3158 τὺ
707 3107 872 3177 ῥηθὲν
920 3107 1296 3178 ἀναλήψομαι.
1348 3110 1512 3164 Οὕτω
1543 3111 1630 3175 δὲ,
1669 3113 1826 3183 φησὶ,
1856 3128 1898 3186 C

211 3197 458 3250 τούτων
498 3196 786 3266 ἐχόντων.
808 3195 874 3250 Τί
905 3197 1054 3266 λέγει
1079 3200 1108 3251 ὁ
1141 3200 1539 3273 ἐνυπνιαστής;
1584 3203 1760 3257 Ποίων
1788 3205 1822 3276 ἦ

209 3289 456 3352 τούτων,
493 3290 591 3341 καὶ
641 3288 759 3353 πῶς
808 3288 1076 3360 ἐχόντωνς
1119 3291 1202 3344 ὅτι
1252 3292 1421 3361 Μόνη
1475 3294 1671 3362 κυρία,
1726 3295 1825 3349 καὶ

211 3379 511 3436 ἀνωτάτω
535 3378 642 3436 τοῦ
666 3382 896 3449 Πατρός
929 3381 966 3448 ἡ
998 3382 1200 3444 οὐσία,
1237 3383 1462 3453 ἄκυρος
1487 3385 1556 3439 δὲ
1579 3387 1729 3440 κατὰ
1759 3388 1822 3441 τὸ

211 3473 572 3530 ἀκόλουθον
613 3471 850 3536 πάντως
899 3474 938 3542 ἠ
986 3473 1231 3544 ἐφεξῆς,
1268 3475 1369 3530 καί
1409 3477 1738 3549 ἀκυροτέρα
1780 3479 1820 3548 ἠ

213 3567 419 3634 τρίτη.
461 3563 652 3624 Ταῦτα
696 3563 807 3639 γὰρ
849 3559 929 3629 οἷς
970 3561 1123 3623 εἶπεν
1187 3567 1610 3642 ἐνομοθέτησενο
1657 3570 1690 3641 ἢ
1738 3571 1821 3624 ὅτι

220 3657 623 3726 τειρεπομένης
650 3659 718 3728 τῇ
745 3657 902 3732 οὐσία
929 3660 995 3730 τῇ
1031 3657 1220 3730 πρώτῃ
1249 3659 1531 3730 ἐνεργείας
1559 3662 1723 3725 τινὸς,
1751 3657 1820 3734 ἦς

213 3748 577 3820 ἀποτέλεσμα
622 3751 714 3804 καὶ⁵
752 3749 910 3823 ἔργον
952 3751 981 3808 ὁ
1025 3755 1319 3824 μονογενής
1366 3757 1512 3809 ἐστιν
1547 3757 1706 3822 Υἱὸς,
1742 3759 1819 3830 τῷ

213 3844 416 3912 μέτρῳ
453 3843 552 3912 τῆς
595 3842 1049 3916 ὑποστησαμένης
1090 3845 1252 3901 αὐτὸν
1298 3849 1578 3919 ἐνεργείας
1609 3851 1818 3905 ἐνδεδε-

213 3935 424 4006 istm;
461 3937 534 3989 Ἦ
577 3936 658 3990 ὃτι
703 3937 958 3999 ἐλάττους
1003 3955 1064 3991 τε
1110 3939 1204 3991 καὶ
1262 3940 1482 4010 μείζους
1532 3943 1590 3995 al
1639 3943 1816 3998 οὐσίαι

207 4027 502 4089 νοοῦνται,
540 4027 626 4080 διὰ
654 4028 716 4081 τὺ
748 4028 1025 4096 ἐγκεῖσθαί
1055 4046 1173 4093 πως
1215 4031 1490 4102 ἀλλήλαις,
1533 4034 1627 4086 καὶ
1661 4051 1814 4105 περι-

206 4119 444 4191 ἐχεσθαι
475 4121 583 4174 ὑπὸ
612 4121 711 4191 τῆς
739 4123 1186 4203 εὐρυχωροτέρας
1225 4123 1322 4195 τὴν
1350 4125 1556 4196 ἥσσονα
1576 4141 1590 4155 ⁶
1625 4127 1814 4199 ὥσπερ

207 4215 305 4265 ἐπὶ
339 4212 455 4270 τῶν
478 4212 660 4268 κάδων
687 4213 993 4285 συμϐαίνει,
1021 4214 1130 4267 τῶν
1155 4215 1404 4287 ἀλλήλοις
1427 4218 1812 4289 ἐντιθεμένων,

207 4305 338 4358 καθ’
367 4305 401 4359 ὃ
432 4305 657 4374 μείζους
681 4321 740 4357 τε
765 4305 860 4362 καὶ
888 4306 1142 4369 ἐλάττους
1166 4307 1327 4379 ἐνορᾷ
1354 4307 1454 4374 τὰς
1483 4311 1688 4374 οὐσίας,
1713 4311 1813 4374 τὰς

204 4396 398 4450 οὐδενὶ
449 4396 646 4467 πέρατι
701 4397 796 4450 καὶ
831 4397 942 4468 ὅρῳ
986 4398 1451 4470 περιειλημμένας
1485 4415 1498 4427 ·
1533 4395 1674 4468 ἢὸτι
1702 4401 1811 4454 τῶν

2024 896 2157 952 Cum
2191 898 2302 953 lucc
2327 901 2403 954 ita
2435 919 2492 957 se
2515 903 2763 970 habeant,
2798 907 2998 980 inquit,
3033 917 3318 988 nuntioque
3352 933 3537 979 mutua

1951 992 2020 1044 ad
2051 1009 2106 1046 se
2133 991 2442 1048 habitudine
2472 998 2843 1055 invariabilem
2876 1005 3065 1058 seriem
3109 1009 3402 1081 observent,
3435 1035 3536 1086 par

1947 1095 2046 1150 est,
2079 1095 2134 1138 ut
2159 1086 2251 1160 qui
2273 1087 2667 1158 inquisitionem
2719 1095 3010 1150 secundum
3039 1105 3338 1159 naturalem
3361 1126 3532 1165 rerum

1947 1177 2182 1230 ordinent
2219 1179 2529 1247 instituunt,
2570 1199 2731 1254 neque
2760 1189 2939 1242 omnia
2965 1192 3184 1249 miscere
3213 1207 3262 1250 et
3307 1203 3533 1271 confun-

1945 1269 2070 1322 dere
2108 1271 2348 1339 cupiunt,
2379 1274 2424 1325 si
2449 1273 2657 1342 quidem
2689 1275 2754 1330 de
2794 1280 3096 1337 substantia
3130 1291 3356 1356 quintio
3386 1269 3532 1347 oria-

1946 1369 2056 1425 tur,
2095 1377 2161 1415 ea:
2191 1363 2376 1430 primis
2406 1373 2456 1416 et
2494 1381 2559 1419 ex
2593 1367 2834 1435 cognatis
2877 1371 3300 1432 substantiarum
3344 1399 3530 1450 opera-

1945 1453 2176 1508 tionibus
2229 1467 2542 1524 argutnenta
2565 1474 2742 1542 rerum
2771 1460 3305 1524 demonstrandarum
3325 1488 3528 1542 petant,

1943 1561 2228 1616 eorumque
2254 1546 2320 1600 de
2349 1549 2539 1618 quibus
2582 1534 2873 1623 ambigitur
2911 1557 3264 1628 solutionem;
3321 1576 3374 1618 at
3413 1584 3530 1624 vero

1944 1639 2330 1698 dubitationem
2387 1647 2452 1700 de
2502 1648 2899 1705 onerationibus
2943 1669 3010 1706 ea:
3049 1655 3363 1714 substantiis
3413 1664 3527 1717 dis-

1946 1733 2168 1789 solvent.

2013 1906 2126 1978 Ego
2156 1925 2287 1966 vero
2319 1913 2384 1966 ad
2413 1913 2796 1983 ahsurditatis,
2823 1922 3014 1990 quzein
3043 1927 3321 1994 przedictis
3357 1933 3520 1998 inest,

1939 2001 2318 2056 ostensionem
2369 2003 2485 2072 ipsa
2521 2003 2820 2076 impietatis
2854 2013 3173 2081 plenissima
3213 2021 3374 2077 verba
3403 2027 3522 2080 suf-

1941 2086 2103 2145 ficere
2135 2091 2398 2148 arbitror.
2428 2095 2900 2159 Quemadmodum
2933 2105 3077 2159 enim
3109 2107 3303 2167 faciem
3334 2115 3522 2170 detur-

1938 2186 2120 2247 patam
2179 2189 2230 2234 et
2268 2181 2647 2240 detruncatam
2679 2191 2930 2247 oratione
2957 2196 3300 2266 describens,
3346 2210 3522 2278 magis

1937 2269 2239 2326 videntium
2280 2275 2460 2332 oculis
2489 2279 2740 2333 morbum
2772 2284 3014 2354 subjicit,
3057 2289 3104 2344 si
3141 2295 3340 2352 ablatis
3375 2269 3518 2354 vcla-

1937 2365 2140 2420 mentis
2172 2363 2365 2423 faciem
2398 2369 2602 2424 nudam
2651 2385 3092 2445 commonstret,,
3119 2384 3194 2440 ita
3236 2396 3294 2442 ut
3337 2391 3520 2449 verbis

1936 2458 2073 2513 nihil
2097 2461 2336 2531 amplius
2375 2477 2514 2535 Opus
2547 2466 2640 2530 sit,
2687 2470 2912 2537 quando
2947 2489 3060 2529 rem
3093 2475 3267 2547 ipsam
3300 2493 3518 2553 specta-

1937 2560 2083 2608 tores
2110 2553 2224 2621 jam
2273 2554 2596 2614 intuentur:
2649 2562 2729 2616 sic
2762 2563 3017 2620 existimo
3060 2569 3300 2628 hasretici
3352 2577 3518 2648 hujus

1936 2639 2209 2712 dogmatis
2239 2646 2632 2716 turpitudinem
2697 2661 2752 2706 et
2780 2653 3011 2710 laceram
3039 2639 3514 2738 deformationem,

1937 2732 2004 2788 iis
2032 2735 2236 2804 quibus
2270 2741 2642 2809 perspiciendi
2675 2742 2912 2802 facultas
2961 2753 3226 2822 suppetit,
3255 2760 3419 2816 ‘satis
3450 2732 3514 2818 es

1936 2825 2053 2894 ipsa
2100 2827 2391 2884 verborum
2447 2833 2712 2891 relatione
2787 2839 3120 2898 eklectioue
3171 2849 3514 2906 manifestam

1935 2917 2080 2983 fore;
2133 2919 2228 2975 sed
2269 2935 2394 2976 cum
2435 2938 2664 2980 necesse
2710 2927 2801 2991 sit,
2856 2939 2915 2984 ut
2963 2932 3514 3007 demonstrationem,

1932 3005 2076 3059 velut
2106 3006 2359 3078 digitum,
2413 3009 2469 3064 in
2497 3011 2763 3069 doctrinae
2808 3015 2974 3088 hujus
3019 3024 3361 3089 putredinem
3415 3005 3515 3083 im»-

1933 3097 2235 3167 mittamus,
2266 3102 2468 3171 quibus
2495 3107 2778 3174 turpitudo
2809 3107 2930 3176 ejus
2966 3110 3146 3167 adhuc
3175 3116 3516 3174 manifestior

1935 3188 2210 3260 plerisque
2260 3194 2475 3262 evadat,
2535 3197 2764 3266 agedum
2807 3200 3001 3258 ordine
3057 3206 3220 3260 verba
3262 3208 3516 3266 Eunomii

1932 3295 2296 3340 resumamus.
2337 3285 2468 3341 Cum
2503 3287 2612 3342 lucc
2642 3291 2717 3344 ita
2745 3309 2801 3345 se
2841 3292 3090 3362 habeant,
3141 3299 3337 3370 inquit.
3371 3303 3513 3369 Quid

1931 3373 2033 3438 ais,
2085 3389 2120 3429 ο
2171 3377 2517 3434 somniator?
2569 3397 2690 3450 quae
2719 3392 2850 3438 sunt
2899 3387 3024 3451 ista,
3060 3398 3113 3444 et
3146 3395 3422 3460 quomodo
3453 3413 3512 3452 se

1929 3462 2177 3519 habent?
2210 3465 2392 3521 Solam
2420 3468 2602 3525 Patris
2631 3473 2988 3528 substantiam
3014 3493 3127 3532 esse
3160 3485 3428 3550 propriam
3461 3497 3511 3541 et

1927 3569 2228 3623 supremam
2251 3573 2272 3621 ;
2298 3557 2639 3628 improprium
2662 3576 2781 3614 vero
2798 3563 2954 3629 plane
2983 3565 3156 3628 illam.
3189 3585 3306 3636 qua:
3325 3573 3511 3626 ordine

1926 3649 2282 3717 consequitur,
2334 3660 2384 3704 et
2431 3651 2604 3705 adhuc
2647 3655 2816 3724 magis
2861 3657 3225 3726 improprium,
3274 3664 3506 3720 tertiam.

1926 3737 2032 3794 Ista
2069 3741 2217 3796 enim
2267 3741 2352 3798 his
2403 3743 2540 3813 ipsis
2587 3746 2769 3801 verbis
2800 3749 2956 3816 quasi
2992 3750 3108 3820 lege
3144 3751 3252 3805 lata
3304 3762 3504 3814 sancit.

1922 3830 2007 3884 An
2054 3829 2184 3901 quia
2213 3843 2477 3903 sequente
2521 3834 2589 3889 ad
2627 3836 2858 3905 primam
2892 3839 3258 3894 substantiam
3309 3858 3507 3913 opera-

1924 3924 2073 3981 tione
2106 3925 2365 3996 quadam,
2426 3927 2588 3996 cujus
2618 3928 2846 3986 ell'ectus
2895 3939 2950 3985 et
2999 3947 3139 4002 opus
3192 3935 3506 4005 unigenitus

1921 4016 2094 4074 Filius
2133 4026 2238 4084 est,
2290 4035 2566 4075 mensurae
2617 4020 2912 4077 efﬁcientis
2953 4023 3106 4079 illum
3165 4029 3504 4096 operationis

1920 4113 2075 4181 quasi
2101 4112 2389 4184 illigatur?
2436 4114 2521 4169 An
2553 4114 2680 4185 quia
2736 4114 2972 4182 majores
3005 4125 3056 4171 et
3093 4117 3334 4177 minores
3373 4125 3505 4179 sub-

1920 4206 2150 4259 stantias
2181 4205 2444 4273 concipit,
2497 4205 2654 4273 quasi
2702 4204 2756 4258 in
2805 4220 2865 4260 se
2894 4217 3086 4263 mutuo
3126 4210 3500 4282 includantur,

1918 4298 2174 4366 quodque
2194 4297 2400 4351 vastior
2419 4303 2474 4350 ot
2491 4296 2654 4350 latior
2679 4297 2946 4354 minorem
2971 4303 3274 4366 contineat,
3309 4323 3502 4376 quem-

1918 4387 2211 4442 admodum
2257 4388 2505 4444 acoidere
2555 4389 2694 4446 solet
2741 4389 2797 4444 in
2845 4391 3003 4449 cadis
3055 4405 3109 4450 et
3153 4413 3330 4462 vasis,
3379 4418 3502 4472 quae

204 4489 724 4562 δημιουργημάτων
765 4491 823 4546 αι
854 4489 1108 4564 διαφοραὶ
1174 4491 1266 4547 καὶ
1294 4492 1392 4562 τὴν
1417 4491 1525 4545 τῶν
1549 4493 1811 4566 δημιουρ-

1929 4480 2022 4536 sibi
2042 4487 2234 4534 mutuo
2252 4479 2640 4550 imponuntur?
2654 4481 2758 4537 Aut
2777 4485 3079 4541 secundum
3101 4505 3261 4558 quem
3282 4495 3498 4550 tandem

203 4582 325 4650 τῶν
358 4581 660 4651 ἑτερότητα
692 4581 1165 4651 συνεμφαίνουσιν,
1196 4581 1272 4646 ὡς
1302 4583 1584 4654 ἀμήχανον
1614 4586 1677 4638 ἐκ
1706 4585 1812 4641 τῶν

204 4675 426 4738 δμώων
467 4672 759 4741 ἐνεργειῶν
801 4672 1090 4745 διαφόρους
1139 4673 1237 4742 τὰς
1279 4673 1637 4747 δημιουργίας
1685 4696 1811 4731 συν-

235 4766 471 4820 πασθαι
499 4781 516 4830 ;
545 4759 672 4837 Ἆρ’
703 4760 795 4819 οὖν
824 4766 942 4822 ἐστί
965 4783 1046 4829 τις
1077 4767 1314 4838 τοσούτῳ
1340 4767 1555 4840 κώματι
1584 4771 1812 4840 κατεχό-

207 4877 382 4930 μενος
409 4858 481 4911 τά
511 4857 610 4927 τῆς
642 4857 820 4929 ψυχῆς
854 4858 1217 4930 αἰσθητήρια,
1255 4858 1396 4914 ὥστε
1426 4861 1666 4925 ἀκούσας
1703 4862 1812 4915 τῶν

203 4952 478 5006 τοιούτων
507 4950 791 5021 δογμάτων
820 4949 980 5016 εὐθὺς
1023 4950 1310 5004 συνθέσθαι
1353 4951 1431 5022 τῷ
1470 4952 1810 5006 διαϐεϐαιου-

207 5047 389 5116 μένῳ,
423 5045 509 5098 ὅτι
544 5044 707 5098 Οὕτω
734 5043 802 5098 δὲ
835 5044 1060 5098 τούτων
1085 5043 1368 5114 ἐχόντων,
1413 5045 1511 5098 καί
1546 5044 1620 5113 τῇ
1661 5046 1812 5112 πρὸς

202 5140 462 5204 ἄλληλα
509 5136 719 5206 σχέσει
777 5135 884 5189 τὸν
934 5135 1142 5206 είρμόν
1188 5135 1572 5204 ἀπαράϐατον
1611 5137 1812 5203 διατη-

199 5232 517 5298 ρούντωνς
551 5229 663 5299 Τῆς
702 5228 812 5300 γὰρ
839 5228 1008 5297 αὐτῆς
1036 5223 1190 5298 οἶμαι
1225 5229 1605 5300 παραπληξίας
1646 5223 1807 5293 εἶναι,

204 5323 397 5391 λέγειν
436 5339 500 5374 τε
542 5320 611 5374 τὰ
657 5320 902 5384 τοιαῦτα,
943 5319 1040 5374 καὶ
1083 5319 1349 5388 λεγόντων
1395 5321 1614 5374 ἀκούειν
1655 5321 1810 5387 ἀναξ-

202 5416 480 5480 ττὲστως,
501 5417 583 5469 ὅτι
610 5414 788 5486 είρμῷ
811 5432 916 5467 τινι
943 5413 1031 5467 διὰ
1057 5413 1156 5484 τῆς
1183 5412 1318 5484 πρὸς
1344 5412 1546 5483 ἄλληλα
1572 5414 1810 5483 σχέσεως

201 5509 497 5562 sib-Iouem.
531 5507 600 5561 τὰ
630 5507 716 5560 διὰ
744 5505 843 5572 τῆς
881 5504 1022 5558 κατὰ
1060 5505 1160 5575 τὴν
1224 5503 1386 5573 φύσιν
1425 5503 1808 5573 ἀνομοιότητος

201 5601 307 5656 ἀπ’
343 5601 591 5670 αλλήλων
618 5596 990 5669 διεσχισμένα.
1019 5596 1088 5648 Ἦ
1113 5594 1221 5666 γὰρ
1247 5595 1450 5665 ἥνωται
1483 5593 1570 5647 διὰ
1597 5596 1695 5661 τῆς
1717 5593 1808 5644 οὐ-

203 5695 339 5754 σξες
371 5693 516 5747 κατὰ
543 5691 635 5744 τὸν
662 5691 927 5760 ἡμέτερον
954 5687 1130 5753 λόγον,
1167 5685 1260 5738 καὶ
1290 5684 1462 5749 οὕτως
1491 5686 1550 5738 ἐν
1576 5687 1640 5754 τῇ
1673 5683 1806 5756 πρὸς

193 5782 423 5848 ωλι-,λα
458 5781 636 5847 σχέσει
667 5779 754 5834 τὸν
785 5776 975 5847 εἱρμὸν
1009 5776 1361 5848 ἀπαράϐατον
1397 5777 1742 5850 διατηρήσει·
1776 5776 1805 5845 ἢ

1917 4573 2163 4637 modum,
2201 4581 2460 4644 tanquam
2487 4573 2726 4644 majores
2746 4583 2801 4632 et
2829 4577 3068 4635 minores
3095 4580 3342 4639 intuetur
3371 4588 3502 4642 sub-

1914 4664 2172 4727 stantias,
2229 4679 2354 4735 quas
2393 4664 2546 4720 nullo
2597 4666 2816 4735 penitus
2849 4669 3086 4724 termino
3139 4673 3500 4730 circumscri—

1913 4757 2120 4812 huntur
2149 4771 2213 4811 ac
2241 4756 2622 4813 deﬁniuntur?
2655 4758 2736 4813 An
2776 4759 2904 4829 quia
2944 4777 3127 4816 rerum
3174 4765 3494 4823 ell‘ectarum

1911 4848 2234 4904 diﬂerentia:
2281 4848 2701 4919 producentium
2742 4866 2962 4920 quoque
2995 4855 3366 4912 diversitatem
3410 4862 3497 4914 iu-

1910 4940 2120 5005 dicant,
2153 4940 2312 5011 quasi
2345 4941 2460 4996 fieri
2489 4949 2746 5011 nequeat,
2792 4951 2852 4996 ut
2891 4959 2956 4999 ex
2999 4947 3273 5004 similibus
3300 4965 3496 5020 opera-

1908 5032 2155 5088 tionibus
2184 5031 2388 5089 diversi
2411 5031 2640 5088 ellectus
2670 5033 2971 5103 prodeant?
2994 5035 3133 5091 Num
3155 5041 3317 5109 cujus
3343 5057 3497 5097 meu-

1908 5131 2018 5180 tem
2047 5139 2224 5194 usque
2271 5123 2408 5179 adeo
2439 5124 2626 5194 gravis
2659 5134 2916 5182 veternus
2956 5137 3210 5198 occupat,
3264 5141 3324 5186 ut
3369 5149 3492 5187 cum

1910 5217 2041 5271 talia
2069 5217 2326 5289 dogmata
2365 5218 2539 5283 audit,
2574 5233 2605 5273 e
2632 5219 2861 5290 vestigio
2895 5225 3230 5279 assentiatur
3275 5242 3494 5282 asseve-

1909 5309 2081 5364 ranti:
2125 5307 2253 5362 Ηιτε
2283 5325 2402 5362 sum
2436 5310 2516 5363 ita
2544 5327 2599 5364 se
2626 5310 2874 5373 habeant,
2901 5321 2952 5365 et
2980 5323 3164 5369 mutua
3188 5317 3497 5376 habitudine

1908 5399 2274 5456 invariabilem
2311 5402 2499 5456 seriem
2533 5403 2802 5457 observent
2827 5403 2851 5456 1'
2874 5402 3129 5472 Ejusdem
3179 5409 3324 5464 enim
3376 5421 3495 5466 stu-

1908 5494 2060 5565 poris
2089 5493 2348 5555 arbitror.
2379 5499 2436 5548 et
2467 5493 2652 5549 dicere
2685 5504 2740 5550 et
2783 5496 3097 5554 dicentibus
3125 5500 3334 5571 absque
3383 5505 3492 5561 ulta

1907 5584 2259 5642 discussione
2281 5599 2445 5640 aures
2484 5583 2748 5654 praebere,
2786 5589 2926 5644 serie
2979 5591 3214 5660 quadam
3258 5603 3312 5648 et
3348 5612 3490 5649 nexu

1910 5694 2007 5748 per
2036 5684 2282 5731 mutuam
2319 5675 2698 5732 habitudinem
2751 5677 2910 5750 dirigi
2948 5695 3060 5748 res,
3108 5700 3248 5755 quas
3282 5697 3492 5740 natura:

1909 5769 2302 5829 dissimilitudo
2329 5768 2562 5828 invicem
2594 5768 2878 5842 disjunxit.
2914 5773 3018 5830 Aut
3059 5779 3204 5834 enim
3238 5779 3488 5836 substan-
