4032 6208
3130 218 3162 255 \

616 309 721 367 379
1869 295 1928 351 S.
1964 294 2289 353 GREGORII
2320 297 2365 353 Ν
2372 298 2613 355 YSSENI
3776 305 3883 363 330

618 426 707 476 tia:
732 419 1042 494 conjunctae
1069 429 1219 487 sunt,
1248 422 1552 478 secundum
1584 432 1828 481 nostram
1859 426 2192 499 lntelligendi

2300 417 2606 490 ἀφέστηκεν
2638 417 2881 488 ἀλλήλων
2920 415 3007 471 διὰ
3037 417 3133 489 τῆς
3176 416 3318 473 κατὰ
3349 417 3512 489 φύσιν
3543 418 3882 494 ἀλλοτριότη-

619 518 919 581 tattonem;
975 522 1029 568 et
1083 513 1165 569 sic
1209 522 1399 571 mutua
1436 515 1761 573 habitudine
1806 518 2006 573 seriem
2049 520 2197 573 illam

2302 524 2413 571 τος.
2447 509 2628 573 καθὼς
2656 510 2861 572 ἐκεῖνος
2886 506 3057 562 οἴεται
3080 526 3094 540 ·
3125 509 3219 562 καὶ
3256 510 3338 573 τίς
3370 511 3722 583 εὑρεθήσεται
3761 512 3879 567 καθ’

617 606 993 661 invariabilem
1028 608 1367 674 observant;
1410 618 1505 663 aut
1542 625 1572 663 a
1618 626 1679 666 se
1712 620 1903 667 mutuo
1936 613 2200 681 seiunctae

2302 601 2492 671 εἱρμὸν
2534 601 2716 671 σχέσις
2755 602 2812 653 ὲν
2852 603 2965 664 τοῖς
3008 600 3301 671 ἀλλοτρίως
3340 602 3586 674 ἔχουσιν,
3619 606 3653 675 ἡ
3688 621 3883 678 συντη-

616 705 747 752 ιιιιιιι
779 708 1002 769 propter
1044 709 1256 755 natura:
1289 701 1691 766 diversitatem,
1738 704 2196 773 quemadmodum

2305 694 2471 779 ροῦσα
2528 694 2589 747 τὸ
2622 694 3010 766 ἀπαράϐατονς
3051 696 3146 759 Τίς
3174 695 3229 749 δὲ
3257 697 3289 768 ή
3321 696 3574 769 συμφυὴς
3604 697 3709 751 τῶν
3736 713 3877 769 πρα·

615 788 708 843 ille
735 789 840 844 sibi
871 790 1204 860 persuadet:
1252 799 1311 845 at
1354 809 1605 863 quaenam
1643 795 1697 849 in
1728 797 1895 850 rebus
1931 796 2067 851 adeo
2112 794 2197 848 di-

2302 787 2528 858 γμάτων
2556 784 2730 851 τάξις,
2750 785 2871 841 καθ’
2892 785 2959 856 ἦν
2990 785 3257 839 ποιεῖσθαι
3284 786 3562 857 νομοθετεί
3580 787 3677 855 τὴν
3701 786 3880 853 ἐξέταο

614 880 791 936 Versis
818 881 1047 952 reperiri
1094 882 1294 953 poterit
1327 885 1632 939 secundum
1668 887 1865 941 seriem
1916 885 2063 939 illam
2099 886 2197 940 lia-

2305 896 2422 945 σιν;
2449 880 2511 933 Et
2540 878 2640 951 μὲν
2666 878 2774 951 γάρ
2795 881 2874 943 είς
2899 878 2958 931 τὸ
2985 878 3160 949 δόγμα
3188 879 3287 950 τῆς
3308 878 3564 949 ἀληθείας
3590 879 3755 951 ἐώρα,
3785 885 3878 933 καὶ

614 969 826 1035 bitudo,
851 987 974 1044 qua
1003 972 1380 1030 invariabilem
1428 975 1695 1031 rationem
1731 976 2029 1047 observet?
2061 975 2197 1043 Quis

2305 973 2443 1045 μόνῃ
2478 975 2543 1045 τῇ
2588 971 2736 1036 τάξει
2780 971 2921 1025 κατὰ
2966 972 3025 1025 τὸ
3058 972 3348 1026 ἀκόλουθον
3387 973 3496 1026 τῶν
3539 974 3595 1026 ὲν
3634 976 3700 1045 τῇ
3748 975 3877 1047 ἁγίᾳ

614 1070 879 1133 praeterea
895 1071 981 1120 est
1002 1065 1205 1121 insitus
1230 1065 1321 1120 ille
1347 1081 1528 1122 rerum
1553 1067 1710 1131 ordo,
1736 1083 1805 1123 ex
1822 1068 1981 1135 cuius
2006 1083 2195 1123 norma

2301 1065 2491 1135 Τριάδι
2517 1064 2960 1136 πεπιστευμένων
2989 1065 3329 1137 πραγμάτων
3354 1064 3453 1137 τὴν
3480 1065 3742 1137 διαφορὰν
3773 1067 3879 1119 ελο-

613 1156 719 1211 iste
756 1156 1215 1226 disquisitionem
1248 1157 1459 1213 institui
1484 1160 1679 1227 jubet?
1706 1157 1761 1214 Si
1796 1160 1941 1214 enim
1986 1160 2191 1215 doctri-

2300 1155 2500 1226 γίζετο,
2563 1157 2659 1226 τῆς
2716 1154 2993 1226 συμφυοῦς
3046 1156 3291 1224 ταύτης,
3333 1154 3409 1220 ὣς
3466 1172 3620 1227 φησι,
3671 1155 3884 1221 τάξεως,

611 1261 740 1300 nam
772 1248 1017 1302 veritatis
1063 1247 1297 1303 intuitus
1345 1251 1465 1305 solo
1497 1250 1693 1306 ordine
1735 1266 1955 1314 eorum,
1981 1267 2103 1322 quae
2138 1252 2193 1306 in

2300 1249 2603 1319 ἀσύγχυτον
2634 1249 2966 1320 ποιουμένης
3010 1247 3106 1320 τὴν
3146 1248 3253 1305 τῶν
3290 1248 3639 1303 ὑποστάσεων
3676 1250 3873 1320 κρίσιν,

612 1340 963 1395 sanctissima
995 1339 1266 1397 Trinitate
1297 1342 1598 1405 credimus,
1645 1341 2012 1399 differentiam
2050 1342 2192 1399 assi-

2298 1338 2439 1393 ὣστε
2476 1340 2567 1394 καὶ
2601 1342 2874 1394 κοινωνεῖν
2913 1339 3052 1397 κατὰ
3092 1338 3193 1409 τὴν.
3218 1338 3425 1401 οὐσίαν,
3459 1338 3552 1395 καὶ
3588 1338 3875 1411 διῃρῆσθαι

609 1441 853 1502 gnasset,
885 1447 995 1487 non
1023 1431 1270 1488 confusis
1299 1448 1397 1489 seu
1430 1434 1715 1503 permistis
1741 1451 1838 1506 per
1874 1448 2193 1507 cognatum,

2301 1432 2440 1486 κατὰ
2464 1431 2555 1487 τὸν
2578 1432 2677 1503 τῆς
2707 1432 3054 1495 ὑποστάσεως
3086 1430 3245 1500 λόγον
3268 1430 3496 1492 οἴεσθαι.
3524 1432 3621 1484 οὐκ
3648 1431 3713 1485 ἂν
3742 1433 3877 1485 πάν-

607 1538 771 1593 quem
803 1534 980 1587 vocat,
1010 1522 1261 1579 ordinem
1293 1525 1705 1597 hypostasibus,
1758 1527 1911 1582 salua
1943 1542 2191 1583 commu-

2297 1540 2403 1585 τως
2432 1524 2489 1575 ἐν
2522 1525 2634 1588 τοῖς
2669 1522 3008 1587 ὑπεναντίοις
3051 1521 3308 1575 ἐτέτακτο
3326 1563 3345 1587 ,
3372 1517 3546 1575 ταῦτα
3570 1520 3764 1592 λέγων,
3800 1516 3876 1577 ὧν

608 1609 774 1663 niune
789 1610 1091 1669 secundum
1112 1612 1504 1677 substantiam,
1526 1622 1581 1670 et
1597 1613 1871 1671 divisione
1888 1616 2189 1672 secundum

2296 1613 2364 1668 ἂν
2397 1617 2558 1687 ἡμεῖς
2592 1614 2986 1686 προῖστάμεθα.
3017 1614 3152 1668 Νυνὶ
3188 1613 3247 1666 δὲ
3290 1613 3433 1678 ἄπας
3464 1617 3493 1668 ὀ
3522 1614 3677 1684 λόγος
3704 1615 3878 1687 αὐτῷ,

606 1700 953 1771 hypostasin,
982 1717 1091 1757 non
1123 1703 1311 1773 utique
1343 1704 1864 1782 inadversariorum
1899 1722 2187 1762 numerum

2300 1707 2434 1778 πρὸς
2465 1708 2528 1761 τὸ
2554 1706 2795 1761 ἐναντίον
2820 1707 3052 1779 βλέπων.
3077 1706 3279 1780 ἄπορον
3308 1702 3446 1762 εἶναι
3471 1710 3876 1778 παρασκευάζει

607 1795 813 1849 relatus
843 1803 1012 1858 esset,
1054 1795 1257 1865 quippe
1303 1797 1493 1852 eadem
1525 1799 1811 1854 nobiscum
1850 1799 2092 1855 sentiens
2138 1810 2192 1855 et

2295 1802 2393 1870 τῆς
2426 1799 2660 1854 ἐνταῦθα
2690 1800 3008 1869 νοηθείσης
3045 1799 3194 1872 αὐτῷ
3228 1799 3446 1866 τάξεως
3474 1800 3572 1872 τὴν
3612 1804 3880 1874 κατανὸηα

604 1882 831 1939 docens.
866 1884 937 1938 At
974 1898 1105 1938 vero
1135 1892 1247 1939 tota
1272 1886 1397 1956 ejus
1423 1887 1723 1956 disputatio
1748 1887 2017 1942 aliorsum
2069 1895 2189 1942 ten-

2297 1908 2401 1945 σιν.
2449 1890 2707 1949 Πλεῖστον
2750 1889 2859 1964 γὰρ
2891 1891 3062 1961 δήπου
3111 1889 3382 1961 διενήνοχε
3423 1891 3533 1947 τῶν
3576 1910 3637 1945 τε
3688 1893 3779 1948 καὶ
3813 1896 3876 1947 ἐκ

604 1978 764 2041 dens,
802 1978 988 2040 edicit,
1022 1984 1083 2031 ut
1110 1976 1331 2034 dililcile
1356 1979 1428 2034 sit
1456 1979 1781 2051 intelligere,
1811 1978 1942 2051 quid
1971 1979 2186 2034 tandem

2296 1981 2754 2053 προϐουλεύσεως,
2784 1984 2877 2038 καὶ
2902 1983 3010 2037 τῶν
3037 1982 3179 2038 κατὰ
3209 1983 3268 2040 τὸ
3293 1983 3598 2055 αὐτόματον
3623 1988 3690 2038 ἐκ
3715 2003 3786 2055 φυ
3797 2003 3876 2038 σιε

608 2089 706 2143 pcr
736 2083 1018 2143 cognatum
1046 2070 1286 2126 ordinem
1317 2069 1667 2126 intellexerit.
1699 2071 1998 2125 Pharii-um
2043 2070 2187 2125 enim

2294 2074 2396 2147 κῆς
2424 2092 2566 2138 τινος
2593 2075 2838 2147 ἀνάγκης
2867 2076 3268 2130 ἀποϐαινόντων
3294 2076 3355 2129 τὸ
3393 2076 3585 2147 πέρας.
3610 2077 3876 2148 Συμφυής

606 2165 835 2220 interest
861 2165 1003 2220 inter
1032 2179 1116 2229 ea,
1151 2178 1273 2235 quae
1300 2178 1361 2217 ex
1393 2165 1675 2234 proposito
1697 2172 1751 2219 et
1772 2163 2186 2230 deliberatione,

2292 2163 2407 2219 ἐστι
2426 2164 2506 2236 τῷ
2527 2165 2659 2235 πυρὶ
2689 2167 2722 2236 η
2745 2164 3033 2236 θερμότης,
3066 2166 3160 2219 καὶ
3189 2168 3222 2236 ἡ
3255 2164 3551 2236 λαμπηδὼν
3576 2168 3640 2237 τῇ
3667 2167 3869 2220 άκτῖνι’

602 2268 655 2310 et
685 2270 748 2310 ea
781 2271 905 2326 quae
931 2265 1127 2325 sponte
1150 2261 1361 2308 natura
1383 2269 1448 2308 ex
1480 2256 1714 2309 naturali
1741 2255 1975 2325 quadam
2004 2270 2189 2311 neces-

2289 2256 2384 2310 καὶ
2422 2256 2483 2308 τὸ
2510 2257 2653 2328 ῥέειν
2682 2256 2760 2327 τῷ
2791 2255 2978 2310 ὕδατι·
3013 2257 3106 2310 καὶ
3152 2255 3227 2327 τῷ
3257 2254 3389 2328 λίθῳ
3427 2258 3461 2327 ἠ
3494 2258 3586 2311 ἐπὶ
3627 2255 3687 2310 τὸ
3720 2258 3873 2312 κάτω

601 2347 785 2411 sitate,
825 2346 892 2401 ad
922 2344 1085 2401 ﬁnem
1135 2345 1361 2399 abeunt.
1396 2344 1676 2416 Cognatus
1724 2354 1810 2400 est
1857 2346 1969 2416 igni
2010 2346 2184 2414 calor,

2290 2347 2455 2418 φορὰ,
2496 2349 2588 2402 καὶ
2630 2347 2799 2403 πολλὰ
2842 2348 3065 2406 τοιαῦτα
3099 2347 3244 2402 ἔστιν
3274 2350 3469 2404 εἰπεῖν.
3507 2347 3569 2401 Ei
3596 2347 3651 2402 δέ
3682 2364 3767 2411 τις
3795 2351 3871 2401 οἰ-

590 2435 864 2506 βριειιιιοι·
893 2434 1071 2500 radio,
1102 2434 1247 2489 liuor
1274 2449 1448 2506 aqum,
1485 2435 1653 2506 lapidi
1689 2446 1870 2492 motus
1898 2436 2182 2502 deorsum,

2287 2439 2411 2492 κίαν
2466 2439 2791 2511 ἑδομήσατο,
2846 2439 2879 2510 ἢ
2942 2438 3206 2511 μετῆλθεν
3252 2439 3447 2510 ἀρχὴν,
3506 2438 3543 2509 ἢ
3596 2439 3870 2510 ἐμπορίαν

598 2538 660 2585 ιιι
700 2528 857 2608 plura
898 2527 1006 2583 alla
1036 2527 1204 2598 hujus
1248 2528 1467 2599 generis
1499 2529 1769 2603 omittam.
1814 2528 1868 2584 Si
1901 2531 2025 2600 quis
2058 2546 2184 2586 vero

2287 2531 2586 2595 ἐστείλατο,
2611 2532 2645 2604 ἢ
2666 2531 2794 2585 ἄλλο
2811 2549 2861 2585 τι
2884 2532 2992 2585 τῶν
3014 2531 3081 2587 ἐκ
3102 2530 3541 2603 προϐουλεύσεως
3584 2530 3677 2583 καὶ
3697 2548 3773 2583 πα
3780 2548 3869 2601 ραν

595 2623 821 2678 domum
855 2621 1167 2687 adiﬁcavit,
1195 2631 1291 2677 aut
1330 2622 1712 2693 magistratum
1749 2624 1893 2697 iniit,
1924 2634 2017 2679 aut
2042 2641 2185 2680 mer--

2289 2624 2488 2695 σκευῆς
2518 2624 2966 2697 κατορθουμένων
2995 2624 3429 2696 μετεχειρίσατο,
3463 2624 3563 2677 οὐκ
3594 2623 3739 2675 ἔστιν
3769 2622 3869 2675 ἐπὶ

594 2724 846 2770 caturam
888 2715 1189 2779 inchoavit,
1220 2723 1313 2768 aut
1345 2714 1552 2784 aliquid
1584 2730 1773 2770 eorum
1804 2731 1926 2786 qua:
1953 2733 2017 2771 ex
2047 2717 2183 2772 deli-

2281 2716 2475 2773 τούτου
2521 2716 2723 2787 κυρίως
2753 2716 2954 2786 λέγειν,
3001 2717 3082 2769 ὅτι
3144 2715 3397 2786 συμφυής
3447 2731 3530 2778 τις
3577 2716 3687 2778 τοῖς
3731 2715 3869 2783 παρ’

593 2807 883 2863 beratione
910 2816 965 2863 et
994 2805 1255 2861 meditata
1291 2807 1689 2875 praeparatione
1723 2808 1928 2878 suscipi
1980 2808 2178 2873 solent,

2282 2804 2447 2860 αὑτοῦ
2480 2805 2886 2877 πεπραγμένοις
2910 2805 3096 2859 ἔπεστι
3129 2803 3299 2869 τάξις.
3328 2803 3484 2858 Κατὰ
3509 2803 3618 2875 γάρ
3650 2803 3710 2856 τὸ
3742 2803 3871 2873 βού-

592 2912 887 2970 aggressus
938 2906 1047 2963 est,
1093 2913 1203 2953 non
1247 2897 1373 2950 licet
1405 2898 1625 2968 proprie
1668 2898 1849 2954 dicere
1884 2899 2049 2955 rebus
2082 2916 2179 2970 per

2280 2899 2429 2971 λημα
2454 2900 2550 2955 τοῦ
2579 2898 3032 2971 προαιρουμένου,
3070 2899 3165 2952 καὶ
3198 2897 3338 2951 κατὰ
3375 2896 3435 2950 τὸ
3460 2898 3728 2968 χρήσιμον
3765 2896 3869 2949 τοῦ

590 2987 746 3042 illum
779 2988 917 3042 actis
956 2996 1248 3058 cognatum
1298 2985 1545 3041 ordinem
1579 2987 1783 3043 inesse.
1819 2987 1953 3042 Nam
1982 3006 2049 3044 ex
2083 3006 2179 3046 vo-

2279 2991 2692 3064 ὲπιτελουμὲνου
2726 2992 3046 3064 πράγματος
3075 2992 3109 3062 ἡ
3134 2989 3288 3057 τάξις
3316 2989 3467 3059 παρὰ
3492 2989 3599 3041 τῶν
3626 2988 3692 3041 τὰ
3723 2989 3869 3042 καθ-

590 3077 802 3134 ιιῖηιιιιιξ
828 3079 971 3148 ejus,
997 3079 1094 3149 qui
1121 3093 1237 3133 rem
1266 3077 1604 3148 aggreditur,
1641 3086 1697 3133 et
1724 3095 1788 3134 ex
1827 3080 2064 3137 utilitate
2096 3084 2173 3137 rei

2281 3088 2504 3141 ἑκαστον
2561 3085 2927 3157 ἐνεργούντων
2993 3068 3278 3152 ἐπάγεται.
3352 3079 3615 3135 Ἐνταῦθα
3681 3080 3873 3133 τοίνυν

589 3178 862 3240 susceptae
900 3179 954 3226 et
1001 3178 1254 3241 peractae,
1284 3171 1590 3227 aestimatur
1627 3172 1765 3227 ordo
1796 3174 1863 3228 ab
1895 3174 2025 3240 illis,
2076 3176 2169 3247 qui

2279 3179 2467 3252 ἐπειδὴ
2498 3176 2781 3249 ἀποσχίξει
2804 3177 2902 3247 τῆς
2923 3175 3155 3248 φυσικῆς
3179 3173 3505 3244 οἰκειότητος
3528 3172 3620 3226 τοῦ
3648 3171 3870 3243 [ἰατρὸς

587 3264 860 3320 actionem
890 3265 1128 3335 aliquam
1164 3266 1577 3336 aggrediuntur.
1610 3268 1679 3322 At
1700 3268 1848 3332 hinc,
1879 3280 2167 3340 postquam

2286 3271 2367 3325 τὸν
2398 3271 2525 3324 Υἰὸν
2555 3271 2582 3322 ὁ
2611 3270 2709 3342 τῆς
2736 3269 2995 3342 αἱρέσεως
3028 3268 3185 3337 λόγος
3208 3282 3220 3295 ·
3249 3266 3317 3321 τά
3351 3265 3490 3321 αὐτὰ
3516 3262 3573 3318 δὲ
3601 3263 3693 3316 καὶ
3729 3264 3878 3334 περὶ

589 3353 879 3409 Ιιιετοιὶοιιε
907 3351 1104 3408 Filium
1133 3369 1163 3408 a
1196 3355 1432 3409 naturali
1462 3371 1585 3410 cum
1604 3356 1765 3414 Patre
1786 3362 2168 3418 convenientia

2278 3362 2368 3416 τοῦ
2401 3361 2715 3434 Πνεΰματος
2742 3360 2933 3423 οἴεται,
2965 3359 3039 3422 ὼς
3067 3355 3477 3429 ἀπεξενωμένου
3513 3356 3609 3425 τῆς
3633 3371 3691 3407 τε
3720 3354 3870 3425 πρὸς

586 3448 861 3519 abjunxit,
912 3448 1171 3518 idemque
1210 3447 1279 3502 de
1308 3449 1516 3517 Spiritu
1550 3459 1745 3506 sancto
1790 3453 1895 3507 sibi
1941 3471 2168 3526 persua-

2279 3452 2364 3508 τὸν
2391 3452 2518 3507 Υἱὸν
2541 3451 2637 3505 καὶ
2660 3451 2751 3504 τὸν
2794 3450 3013 3522 Πατέρα
3044 3446 3288 3510 ὲνώσεως
3309 3461 3337 3475 ’ν
3356 3446 3414 3497 ἐν
3443 3444 3603 3497 παντὶ
3628 3441 3682 3495 δὲ
3714 3439 3871 3511 λόγῳ

585 3540 697 3605 det,
753 3548 1011 3609 tanquam
1096 3539 1308 3594 scilicet
1350 3547 1645 3595 extraneus
1696 3557 1927 3611 prorsus
1974 3546 2047 3601 sit
2099 3552 2171 3604 ab

2274 3544 2739 3609 κατασκευάζεται
2767 3543 2849 3607 τὸ,
2880 3542 3039 3612 ἔργον
3068 3535 3207 3592 εἶναι
3228 3536 3322 3591 τοῦ
3353 3535 3564 3608 Πατρδς
3591 3534 3680 3586 τὸν
3701 3533 3866 3586 Υίὸνο

585 3631 789 3686 unione
819 3646 943 3686 eum
977 3629 1139 3685 Patre
1178 3640 1231 3685 et
1274 3629 1457 3698 Filio;
1511 3646 1747 3702 cumque
1800 3635 1855 3689 in
1907 3643 2019 3692 tota
2069 3655 2168 3695 sua

2280 3639 2432 3711 ἔργον
2471 3638 2526 3692 δὲ
2560 3636 2721 3691 πάλιν
2759 3634 2853 3689 τοῦ
2897 3631 3028 3688 Υἰοῠ
3065 3631 3125 3687 τὸ
3172 3630 3395 3700 Πνεῦμα
3412 3614 3440 3663 ἶ·
3472 3628 3648 3682 πάντα
3695 3623 3753 3679 δὲ
3785 3626 3872 3679 τὰ

583 3723 957 3794 disputatione
1011 3722 1118 3778 hoc
1162 3738 1331 3777 unum
1368 3724 1644 3790 moliatur,
1712 3733 1774 3780 ut
1829 3727 2171 3787 demonstret

2277 3731 2408 3803 ἔργα
2441 3726 2847 3800 προαιρέσεως,
2889 3724 2948 3777 οὐ
2985 3722 3199 3793 φύσεως
3238 3718 3703 3788 ἀποτελέσματαοσ
3734 3716 3869 3781 πῶς

582 3813 781 3869 Filium
820 3830 943 3872 esse
975 3829 1115 3885 opus
1158 3813 1361 3879 Patris,
1396 3823 1451 3870 et
1493 3830 1687 3873 rursus
1717 3815 1847 3872 Filii
1876 3834 2016 3889 opus
2041 3836 2165 3878 esse

2275 3818 2424 3886 οὗτος
2462 3820 2524 3874 τὸ
2561 3818 2651 3872 τοῦ
2700 3818 3002 3890 θελήματος
3048 3816 3207 3887 ἔργον
3246 3810 3473 3884 συμφυῆ
3520 3827 3642 3863 τινα
3697 3806 3867 3871 τάξιν

583 3906 845 3979 Spiritum
875 3916 1163 3973 sanetum;
1212 3916 1425 3964 etcum
1484 3910 1567 3966 sic
1610 3912 1794 3966 omnia
1833 3928 2003 3983 opera
2049 3916 2161 3972 sint

1511 3910 1567 3964 lic
1610 3912 1794 3966 omnia
1833 3928 2003 3983 opera
2049 3916 2161 3972 sint
2268 3914 2607 3990 πραγμάτων
2654 3907 2792 3965 εἶναι
2828 3906 3103 3981 ὁρίζεταις

577 4002 865 4057 electionis
909 4016 1005 4057 seu
1037 4000 1324 4071 propositi,
1375 4016 1485 4056 non
1508 4007 1717 4055 natura:
1742 4003 1956 4068 eﬂ'ccta,
1982 4023 2169 4078 quomt

2317 4013 2422 4067 iste
2455 4004 2752 4063 voluntatis
2791 4017 2929 4074 opus
2967 4008 3260 4073 cognatum
3313 3995 3613 4069 quemdam
3660 4011 3865 4051 rerum

577 4093 828 4150 ordinem
863 4107 987 4149 esse
1015 4092 1247 4148 statuit?

648 4184 758 4241 Nec
788 4185 903 4240 scio
934 4184 1064 4255 quid
1103 4184 1207 4239 sibi
1240 4184 1488 4240 oratione
1528 4199 1627 4241 sua
1664 4186 1813 4242 velit.
1872 4188 1954 4243 An
1991 4188 2156 4245 Deum

2331 4191 2444 4245 Οὐκ
2474 4185 2588 4243 οἶδα
2615 4185 2666 4240 τί
2693 4183 2829 4239 νοῶν
2852 4184 2909 4237 ὲν
2940 4182 3016 4255 τῷ
3052 4179 3219 4249 λόγῳο
3242 4179 3318 4243 ὼς
3346 4179 3547 4251 ταύτην
3578 4181 3673 4235 τοῦ
3707 4182 3865 4241 Θεοῦ

576 4279 961 4335 universorum
1007 4275 1253 4331 eamdem
1301 4286 1552 4332 naturam
1584 4277 1637 4331 in
1691 4276 1828 4334 Filio
1859 4287 1915 4343 et
1950 4280 2158 4353 Spiritu

2276 4280 2366 4335 τῶν
2398 4279 2533 4333 ὅλων
2564 4275 2660 4346 τὴν
2699 4273 2859 4342 φύσιν
2886 4273 2979 4325 ἐπὶ⁸
3014 4269 3107 4324 τοῦ
3136 4267 3286 4332 Υίοῦ,
3335 4266 3429 4320 καὶ
3457 4267 3552 4321 τοῦ
3590 4267 3868 4340 Πνεύμα-

575 4375 770 4425 sancto
791 4366 1137 4436 produxisse,
1172 4374 1226 4421 et
1252 4365 1523 4436 ejusmodi
1550 4383 1838 4425 excessum
1864 4370 1917 4425 in
1944 4372 2160 4429 naturis

2276 4385 2345 4432 τος
2371 4365 2464 4420 τοῦ
2497 4364 2653 4433 άγίου
2684 4361 3216 4433 δημιουργήσαντος,
3249 4358 3342 4411 καὶ
3370 4355 3431 4410 τὸ
3462 4358 3868 4431 ὑπερϐεϐηκὸς

572 4459 847 4523 eﬂecisse,
880 4466 941 4513 ut
965 4458 1136 4515 altera
1164 4458 1325 4512 alteri
1348 4459 1751 4527 suliiiceretur?
1785 4462 1830 4516 si
1854 4463 1957 4518 hac
1978 4472 2159 4520 mente

2277 4458 2366 4512 τῶν
2392 4455 2590 4510 οὐσιῶν
2616 4453 2857 4507 τοιοῦτον
2894 4447 3033 4504 εἶναι
3066 4450 3420 4520 ποιησαντος,
3451 4448 3594 4503 ὥστε
3621 4450 3869 4521 ὑποχει-

570 4561 678 4619 est,
711 4566 813 4608 cur
834 4551 982 4622 quod
1016 4548 1277 4611 asseruit,
1308 4548 1516 4605 diserte
1553 4566 1666 4605 non
1701 4552 2015 4620 explicavit.
2045 4570 2153 4625 qua

2270 4550 2390 4623 Ρίως
2430 4548 2572 4619 ἔχειν
2600 4544 2678 4616 τῷ
2704 4544 2875 4616 ἑτέρῳ
2904 4543 2966 4596 τδ
3006 4543 3228 4612 ἓτερον;
3284 4542 3376 4597 καὶ
3405 4544 3454 4596 εί
3501 4542 3674 4596 ταῦτα
3704 4550 3862 4611 νοεῖν

571 4645 785 4701 scilicet
817 4643 1031 4697 ratione
1074 4642 1191 4696 hac
1224 4642 1281 4695 in
1316 4637 1429 4696 Deo
1475 4640 1831 4697 considerare
1869 4643 2147 4714 oporteat?

2276 4642 2345 4697 ἱιὰ
2389 4638 2437 4695 τί
2477 4638 2538 4692 τὸ
2570 4636 2857 4709 εἰρημένον
2886 4635 2946 4688 οὐ
2977 4633 3293 4709 διεσάφησε,
3333 4634 3476 4687 κατὰ
3519 4632 3642 4689 τίνα
3682 4633 3868 4704 λόγον

572 4730 656 4782 An
670 4728 863 4801 quiain
884 4729 1301 4801 imperfectione
1319 4744 1416 4785 seu
1442 4729 1832 4787 imminutione
1855 4732 2151 4790 eti‘ectuum

2271 4730 2653 4805 τροεπινοείται
2685 4725 2856 4781 ταῦτα
2888 4726 3016 4798 περὶ
3045 4724 3180 4779 Θεοῦ
3210 4723 3528 4794 γινώσκεινς
3563 4725 3655 4792 Ὧς
3680 4727 3739 4781 ὲν
3774 4732 3863 4801 τῇ

567 4824 746 4893 major
778 4823 1018 4891 potentia
1059 4821 1153 4878 Dei
1204 4822 1522 4878 elucescat?
1559 4822 1627 4877 Et
1673 4824 1929 4894 quisnam
1962 4840 2153 4883 assen-

2279 4822 2551 4896 ipaxt'l‘mtt
2598 4818 2706 4874 τῶν
2754 4818 2952 4892 ἔργων,
3014 4817 3257 4890 μείζονος
3310 4817 3871 4890 ἐπιδειχθησομένης

564 4916 733 4968 tietur
765 4912 893 4966 huic
942 4910 1141 4966 en‘ato:
1196 4909 1447 4982 Magnam
1479 4926 1703 4969 causam
1738 4924 1796 4970 et
1847 4918 2150 4986 potentiam

2296 4914 2414 4969 ὒτοῦ
2430 4914 2529 4986 τῆς
2557 4911 2878 4985 δυνάμεως;
2909 4910 3021 4965 Καὶ
3051 4909 3135 4975 τίς
3167 4908 3326 4964 τοῦτο
3373 4910 3698 4981 συνθήσεται
3719 4952 3736 4977 ,
3780 4916 3888 4969 τὸ.

566 5003 623 5057 in
665 5001 958 5058 edectuum
1017 5002 1437 5073 imperfectione
1487 5008 1987 5077 apparerezquasi
2038 5025 2148 5066 non

2294 5009 2495 5079 εγάλην
2524 5008 2724 5072 αἰτίαν,
2752 5004 2847 5060 καὶ
2874 5004 3103 5075 δύναμιν
3146 5005 3211 5075 τῇ
3236 5004 3345 5057 τῶν
3373 5004 3886 5075 ἀποτελεσμάτων.

563 5094 806 5165 potuerit
831 5094 885 5149 in
910 5094 1171 5163 omnibus
1191 5108 1221 5148 a
1246 5110 1307 5151 se
1333 5095 1619 5167 productis
1643 5098 1711 5154 ad
1755 5096 2149 5168 perfectionem

2298 5099 2629 5173 ’θεωρεῖσθαι
2695 5095 3014 5170 βραχύτητι,
3060 5094 3174 5148 ἀλλ’
3214 5094 3292 5158 ὡς
3328 5095 3387 5148 οὒ
3420 5095 3725 5167 δυναμένου
3778 5099 3890 5155 τδρ

561 5187 909 5259 pertingere?
940 5187 1004 5242 Et
1030 5187 1308 5259 quomodo
1329 5181 1661 5262 suh‘ragatur
1690 5190 1956 5246 Eunomia
1987 5192 2142 5262 illud,

2292 5191 2446 5245 ἕλειον
2473 5191 2531 5245 ὲν
2559 5190 2691 5243 πᾶσι
2713 5187 2820 5241 τῶν
2836 5186 2895 5254 ἐξ
2915 5185 3080 5241 αὑτοῦ
3108 5186 3545 5258 συνυποστῆσαι;
3577 5187 3689 5241 Καὶ
3713 5189 3879 5257 πιῖις

563 5279 879 5349 Supremum
910 5290 960 5335 et
991 5282 1221 5336 maxime
1258 5284 1553 5352 proprium,
1595 5283 1653 5339 si.
1678 5284 1863 5339 minor
1904 5292 1990 5343 est
2021 5286 2144 5355 ejus

2284 5282 2392 5354 ὐτῷ
2445 5282 2825 5354 συμμαρτυρεῖ
2863 5279 2925 5333 τὸ
2962 5278 3270 5335 ἀνώτατὼο
3303 5296 3368 5334 τε
3401 5280 3499 5334 καί
3542 5277 3876 5348 κυριώτα-

562 5371 824 5441 potentia,
874 5385 1038 5441 quam
1078 5372 1246 5428 velit?
1284 5371 1367 5427 An
1402 5373 1550 5429 dicet
1583 5373 2014 5445 imperfectionis
2053 5391 2145 5433 ra-

2290 5391 2383 5438 7r,
2411 5374 2569 5445 εἰπερ
2599 5372 2855 5426 ἐλάττονα
2892 5370 2993 5442 τῆς
3024 5369 3394 5443 προαιρέσεως
3432 5366 3693 5434 ἐπιδείξει
3728 5371 3882 5444 τὴν

558 5461 761 5515 tionem
792 5462 847 5517 in
878 5478 942 5519 ea
969 5464 1332 5533 productione
1362 5464 1576 5531 abesse,
1610 5481 1681 5521 ne
1707 5466 1934 5522 omnino
1959 5467 2136 5523 honor

2288 5463 2496 5535 ivaptv;
2534 5462 2605 5517 Ἣ
2633 5462 2752 5517 οὐδὲ
2782 5461 3161 5533 προτεθεῖσθαι
3190 5460 3340 5531 λέγει
3366 5460 3457 5515 τὸν
3489 5460 3585 5514 τοῦ
3613 5460 3880 5521 τελείου

554 5556 612 5604 et
640 5551 814 5622 gloria
842 5552 981 5623 ejus,
1012 5556 1107 5625 qui
1139 5562 1362 5627 propter
1382 5556 1767 5614 excellentiam
1797 5573 1965 5628 supra
1997 5559 2137 5616 alios

2284 5556 2393 5625 Ξγον
2449 5553 2528 5627 τῷ
2590 5552 2651 5619 ἐξ
2686 5553 2850 5609 αὑτοῦ
2894 5551 3245 5624 ἐγγενέσθαι,
3277 5553 3367 5607 ἴνα
3414 5551 3490 5625 μὴ
3522 5552 3747 5616 πάντως

552 5642 777 5709 colitur,
803 5652 1131 5702 extenuetur
1154 5654 1210 5704 et
1243 5649 1564 5705 deteratur?
1608 5648 1677 5704 Et
1706 5649 1832 5720 quis
1863 5650 2000 5706 adeo
2027 5653 2135 5706 mi-

2283 5646 2372 5719 ιμὴ
2406 5648 2500 5701 καὶ
2524 5645 2699 5718 ἡδόξα
2720 5645 2811 5700 τοῦ
2836 5645 2925 5699 διὰ
2952 5647 3013 5699 τὸ
3026 5645 3294 5718 ὑπερέχον
3318 5644 3632 5718 τιμωμένου
3658 5661 3875 5705 κατα-

550 5735 806 5799 scrabilis
857 5745 962 5809 est,
1017 5739 1113 5813 qui
1145 5756 1325 5813 neque
1357 5741 1599 5801 divinam
1652 5749 1706 5801 et
1733 5741 1951 5802 beatam
1984 5740 2133 5800 illam

2281 5738 2637 5815 μικρόνηται,
2664 5739 2771 5795 Kal.
2812 5737 2895 5805 τίς
2925 5737 3094 5805 οὕτως
3128 5737 3312 5803 ἄθλιος
3369 5736 3509 5795 ὥστε
3542 5736 3679 5811 μηδὲ
3719 5740 3873 5814 τὴν
