4032 6208
282 336 383 397 38!
1441 326 1722 385 CONTRA
1750 325 2144 391 EUNOMlUM,
2196 325 2325 382 LIB.
2365 326 2409 382 1.
3445 321 3552 378 58.2

288 447 449 505 θείαν
493 460 553 499 τε
593 443 688 500 καὶ
733 440 1011 514 μακαρίαν
1049 439 1212 510 φύσιν
1249 440 1577 513 καθαρεύειν
1626 441 1735 499 ἀπὸ
1777 440 1909 503 τοῦ⁴

2016 448 2228 495 aturam
2261 440 2329 494 ab
2361 438 2578 494 invidae
2603 436 2798 495 affectu
2830 436 3130 493 immunem
3150 450 3273 493 esse
3293 434 3551 493 δαίς-ωειῖ

291 534 437 588 κατά
456 531 546 585 τὸν
573 530 767 600 φθόνον
800 528 1005 592 πάθους
1045 525 1490 597 ὐπολογίζεσθαι;
1516 528 1651 583 Ποία
1676 525 1768 583 οὖν
1797 529 1883 584 εὐ-

2014 532 2112 597 [uae
2141 538 2226 585 est
2264 529 2429 601 igitur
2454 529 2764 585 condecens
2808 529 2971 591 ratio,
3021 543 3122 583 cur
3152 528 3268 585 hac
3304 529 3451 583 hunc
3500 534 3555 584 ln

292 622 511 697 πρεπὴς
538 621 690 675 αίτία
730 619 828 674 τοῦ
866 619 1039 674 ταῦτα
1078 618 1222 674 οὐτω
1264 618 1415 690 παρὰ
1454 619 1549 672 τοῦ
1592 618 1727 673 Θεοῦ
1770 618 1882 674 τῶν

2014 607 2202 676 modum
2253 635 2283 674 a
2332 620 2444 675 Deo
2496 619 2879 675 universorum
2940 620 2998 674 in
3047 618 3186 674 Filio
3236 628 3293 674 et
3345 617 3557 690 Spiritu

290 718 430 772 δλιον
466 715 564 768 ἐπὶ
594 712 692 770 τοῦ
723 712 1063 782 Μονογενοῦς
1106 710 1319 768 καὶτοῦ
1355 711 1671 784 Πνεύματος
1710 711 1883 768 διατεο

2014 725 2178 770 ancto
2199 716 2449 770 ordinata
2474 725 2526 770 et
2556 713 2823 784 disposita
2846 713 3002 769 sint?
3034 710 3084 765 Ν
3091 730 3159 768 on
3184 712 3325 776 inde,
3359 714 3557 783 inquit.

289 805 522 876 τάιθαις
568 804 713 859 Ἀλλ’
741 805 851 858 οὐκ
874 802 1103 858 ἐκεῖθεν
1131 800 1314 873 φησίν.
1339 802 1511 855 Πόθεν
1531 798 1623 858 οὖν
1641 802 1880 868 ἄλλοθεν,

2014 805 2140 861 Inde
2169 821 2323 877 ergo,
2355 821 2401 861 st
2436 813 2707 876 cognatus
2736 804 2871 859 ordo
2900 804 3038 874 ipsis
3067 818 3176 858 non
3214 804 3378 866 inest,
3410 804 3559 873 quod

290 897 342 949 ει
374 894 449 966 μὴ
470 893 613 950 κατά
643 892 739 963 τὴν
765 891 928 962 φύσιν
946 890 1159 954 οίκείως
1188 889 1421 962 ἔχουσιν,
1448 892 1481 963 ἠ
1510 893 1760 964 συμφυὴς
1787 894 1883 947 αὐ-

2014 916 2040 955 n
2076 906 2274 955 natura
2304 897 2669 954 conveniant?
2711 896 2782 951 At
2827 896 3082 952 fortassis
3126 895 3204 958 id,
3245 895 3392 966 quod
3424 896 3564 951 iule-

290 989 406 1051 τοῖς
422 984 578 1051 τάξις
595 983 943 1056 ἱνθεωρεῖται
959 1000 974 1049 ;
991 980 1136 1039 Ἀλλ’
1159 984 1288 1047 ῐσως
1299 980 1359 1035 τδ
1380 983 1666 1054 ὑφειμένον
1686 984 1783 1056 τῆς
1794 984 1884 1038 οὐ·

2015 993 2101 1049 ius
2148 1008 2246 1048 seu
2299 992 2484 1048 minus
2528 1000 2614 1047 est
2644 974 2702 1044 in
2766 990 3004 1045 essentia
3051 987 3173 1043 Filii
3228 994 3282 1043 et
3329 986 3566 1059 Spiritus

299 1077 422 1142 σίας
451 1078 548 1130 ἐπὶ
577 1074 673 1132 τοῦ
704 1074 837 1128 Υίοῦ
891 1075 985 1129 καὶ
1018 1072 1109 1127 τοῦ
1140 1073 1479 1146 Πνεύματος,
1505 1075 1569 1126 τὸ
1606 1074 1885 1145 συμφυὲς

2016 1084 2186 1149 ancti,
2239 1092 2518 1154 cognatum
2556 1082 2793 1137 ordinem
2833 1081 3089 1151 appellat.
3127 1078 3233 1135 Sed
3267 1094 3369 1150 ego
3401 1079 3565 1149 hujus

294 1167 559 1240 ὀνομάζει
588 1164 699 1234 τῆς
728 1164 970 1231 τάξεως.
1028 1164 1167 1217 Ἀλλ’
1211 1162 1323 1233 ἐγὼ
1354 1164 1448 1219 καὶ
1483 1162 1646 1217 αὐτοῦ
1692 1163 1883 1219 τούτου

2014 1176 2165 1246 psius
2202 1190 2425 1231 causam
2469 1188 2804 1245 cOgnoscere
2849 1187 3007 1239 aveo,
3058 1188 3155 1242 per
3202 1187 3365 1242 quam
3395 1170 3567 1228 Filius

294 1261 489 1333 δέομαι
518 1258 621 1330 τὴν
651 1256 829 1312 αἰτίαν
865 1256 1078 1328 μαθεῖν.
1105 1255 1173 1310 δι’
1198 1255 1266 1328 ἢν
1291 1256 1320 1309 6
1342 1254 1471 1318 Υἱὸς
1502 1254 1644 1309 κατά
1669 1254 1765 1326 τὴν
1796 1255 1884 1308 οὐ-

2014 1283 2040 1322 η
2074 1266 2318 1322 essentia
2351 1280 2451 1321 sua
2500 1265 2681 1320 minor
2707 1264 2934 1321 ell‘cctus
2961 1271 3079 1319 est:
3120 1263 3565 1334 quandoquidem

1983 1357 2225 1415 essentia
2258 1371 2355 1412 seu
2408 1355 2719 1411 substantia
2746 1366 2798 1410 et
2823 1354 3075 1426 operatio
3115 1368 3276 1424 pares
3313 1351 3567 1409 easdem-

1987 1466 2095 1521 que
2126 1449 2193 1504 ad
2221 1448 2558 1518 agnitionem
2591 1456 2752 1505 notas
2807 1456 2862 1503 et
2890 1447 3256 1516 proprietates
3285 1443 3567 1499 exhibent.

300 1354 424 1411 σίαν
464 1351 804 1422 ⁴Ιιλάττωται,
848 1350 948 1419 τῆς
993 1348 1181 1411 οὐσίας
1213 1348 1307 1403 καὶ
1338 1348 1613 1422 ἐνεργείας
1658 1349 1716 1402 ὲν
1772 1350 1885 1413 τοῖς

299 1439 441 1504 ι’σοις
490 1440 590 1492 καὶ
622 1440 733 1501 τοῖς
777 1438 962 1500 αὐτοῖς
993 1436 1334 1510 γνωρίσμασί
1370 1455 1428 1492 τε
1473 1438 1568 1492 καὶ
1603 1435 1885 1509 ίδιώμασιν

298 1532 728 1603 εὑρισκομένων.
774 1530 837 1583 Et
880 1530 937 1587 δὲ
978 1530 1077 1584 οὐκ
1113 1530 1274 1594 αὐτὸς
1306 1531 1405 1602 τῆς
1449 1548 1507 1584 τε
1541 1530 1727 1595 οὐσίας
1791 1531 1887 1585 καὶ

2014 1543 2047 1598 ii
2081 1556 2213 1598 vero
2242 1557 2351 1596 non
2392 1549 2479 1597 est
2505 1540 2695 1597 eadem
2735 1542 2988 1595 essentia:
3025 1545 3080 1593 et
3110 1535 3451 1606 operationis
3484 1547 3573 1588 ra-

300 1629 402 1697 τῆς
431 1623 716 1696 ἐνεργείας
746 1624 775 1677 6
804 1622 990 1691 λόγος,
1035 1621 1173 1678 ἀλλά
1213 1620 1464 1695 διάφορον
1496 1622 1579 1690 ἐφ’
1625 1621 1885 1693 ἐκατέρου

2014 1635 2087 1699 ἰο,
2132 1631 2229 1690 sed
2280 1633 2502 1688 diversa
2538 1632 2832 1703 utriusque
2884 1629 3236 1702 signiﬁcatio,
3298 1628 3573 1700 quomodo

299 1715 368 1771 τδ
395 1715 813 1787 σημαινόμενον,
849 1714 966 1779 πῶς
994 1714 1081 1772 διὰ
1115 1713 1223 1768 τῶν
1254 1713 1420 1779 ξένων
1472 1715 1565 1768 καὶ
1595 1713 1887 1785 ἀλλοτρίων

2014 1740 2088 1782 ter
2140 1726 2433 1795 peregrina
2461 1732 2517 1780 et
2568 1732 2851 1788 extranea,
2899 1738 2963 1778 ea
3006 1737 3126 1793 quae
3177 1721 3230 1776 in
3270 1720 3575 1791 quazstione

304 1807 367 1859 αἱ
387 1803 689 1869 ἀποδείξεις
713 1806 826 1868 τοῖς
849 1800 1202 1875 ζητουμένοις
1226 1802 1555 1871 ὲπάγονται;
1587 1804 1797 1875 ’Ὠσπερ
1822 1802 1886 1856 ἂν

2014 1789 2304 1882 versantur,
2341 1815 2722 1872 demonstrat?
2770 1812 3005 1869 Perinde
3028 1789 3203 1875 vfacit,
3244 1789 3308 1867 ac
3342 1812 3410 1875 si,
3447 1825 3573 1865 cum

305 1899 363 1951 εἰ
383 1914 487 1960 τις.
519 1895 1155 1969 πολυπραγμονουμένης
1180 1896 1278 1966 τῆς
1303 1895 1652 1968 ἀνθρωπίνης
1677 1896 1884 1958 οὐσίας,

307 1988 403 2044 καὶ
444 1987 780 2058 ζητουμένου
828 1987 879 2040 εί
920 1986 1239 2056 γελαστικὸν
1272 1986 1411 2051 ζῶον
1442 1988 1471 2040 6
1515 1986 1817 2059 ἄνθρωπος.
1854 1985 1917 2065 ἢ.

303 2082 704 2152 γραμματικῆς
725 2078 990 2143 δεκτικὸν,
1017 2081 1095 2144 είς
1123 2079 1398 2147 ἁπόεειξιν
1423 2078 1516 2133 τοῦ
1542 2079 1891 2152 προτεθέντος

304 2169 731 2243 παραλαμϐάνω
775 2170 953 2233 οἰκίας
1028 2170 1062 2242 ἢ
1110 2168 1295 2227 πλοίου
1342 2169 1707 2241 κατασκευὴν,
1754 2170 1822 2241 ἥν
1863 2171 1892 2225 6

304 2261 590 2333 οἰκοδόμος
620 2261 655 2332 ἢ
697 2262 727 2314 6
757 2260 1033 2333 ναυπηγὸς
1067 2261 1389 2334 ἐτεκτήνατο
1408 2278 1424 2294 ·
1450 2260 1638 2315 ἔπειτα
1682 2261 1892 2332 ίσχυρί-

305 2354 455 2419 ζοιτο
487 2353 572 2424 τῷ
602 2351 751 2423 σοφῷ
786 2351 962 2423 τούτῳ
997 2351 1160 2426 λόγῳ,
1198 2352 1279 2405 ὅτι
1318 2352 1439 2415 ταῖς
1465 2351 1768 2422 ἐνεργείαις
1796 2349 1894 2415 τὰς

302 2445 495 2510 οὐσίας
523 2443 899 2515 γνωρίζομεν
928 2444 1176 2516 ἐνέργεια
1200 2443 1257 2500 δὲ
1287 2444 1381 2499 τοῦ
1411 2443 1720 2516 ἀνθρώπου,
1755 2445 1787 2513 ἡ
1817 2444 1894 2496 ol-

304 2536 402 2590 κέα
425 2537 523 2590 καὶ
550 2535 612 2587 τὸ
641 2534 845 2590 πλοῖον.
883 2534 978 2588 Ἐκ
1010 2533 1214 2590 τούτων
1257 2529 1366 2606 ἄρα
1410 2533 1894 2605 καταλαμϐάνομεν

302 2627 369 2682 τὸ
392 2625 783 2698 πλατυώνυχον
837 2628 931 2681 καὶ
956 2625 1275 2698 γελαστικὸν
1307 2621 1447 2680 εἶναι
1471 2626 1563 2680 τὸν
1586 2626 1893 2698 ἄνθρωπον,

306 2720 654 2776 ἀπλούστατε
679 2737 697 2788 ;
739 2719 878 2776 Ἀλλ’
908 2720 968 2774 οὐ
997 2719 1170 2785 τοῦτο,
1201 2719 1333 2791 φαίη
1368 2736 1453 2783 τις
1480 2718 1547 2772 ἂν
1566 2761 1580 2785 ,
1606 2718 1666 2774 τὸ
1700 2716 1896 2790 ζητού-

308 2815 474 2885 μενόν
508 2814 681 2873 ἐστιν,
708 2811 761 2866 εἴ
785 2830 905 2866 τινα
933 2811 1146 2882 κίνησιν
1196 2812 1291 2867 καὶ
1328 2801 1607 2881 ἐνάργειαν
1634 2811 1662 2862 ὁ
1684 2809 1891 2881 ἄνθρω-

302 2923 410 2969 πος
434 2906 574 2975 ἔχει,
600 2903 715 2958 ἀλλ’
740 2903 873 2957 αὐτὸ
893 2904 955 2956 τὸ
983 2900 1238 2974 ἐνεργοῦν
1259 2900 1312 2955 τί
1338 2918 1468 2954 ποτε
1496 2898 1636 2956 κατά
1667 2899 1765 2972 τὴν
1793 2899 1896 2978 (pd.

306 3014 396 3052 σιν
429 2997 582 3051 ἐστίν
602 3013 616 3027 ο
645 2996 676 3050 ὃ
702 2994 896 3050 πολλοῦ
931 2994 1036 3048 δέω
1082 2993 1271 3066 μαθεῖν
1310 2994 1374 3046 ἐκ
1403 2992 1499 3063 τῆς
1534 2992 1894 3064 ἀποκρίσεως.

1992 1909 2062 1964 de
2093 1909 2313 1964 homine
2362 1906 2691 1977 disceptatio
2716 1912 2865 1962 esset
2886 1914 3097 1971 exorta,
3127 1914 3183 1959 et
3212 1914 3573 1973 quaereretur,

1995 2014 2128 2054 num
2176 1998 2379 2053 animal
2405 1997 2634 2062 risibile,
2674 2003 2769 2051 aut
2792 1995 3165 2067 grammaticae
3191 2010 3366 2065 capax
3393 2003 3573 2057 esset,

1996 2092 2196 2162 aliquis
2227 2090 2295 2145 ad
2325 2090 2621 2162 proposita:
2657 2089 3023 2146 dubitationis
3055 2087 3447 2145 resolutionem
3486 2102 3579 2142 as-

1998 2193 2238 2239 sumeret
2261 2176 2458 2239 domus
2487 2191 2583 2238 aut
2612 2184 2771 2238 navis
2794 2190 3155 2246 structuram,
3199 2197 3364 2252 quam
3396 2179 3581 2235 archi-

1998 2284 2179 2333 tectus
2209 2283 2307 2331 aut
2359 2275 2580 2330 navium
2636 2274 2791 2332 faber
2824 2274 3132 2338 exstruxit,
3185 2281 3241 2331 et
3278 2272 3479 2328 deinde
3523 2270 3579 2325 id

1998 2367 2354 2423 conﬁrmaret
2378 2368 2620 2438 eleganti
2654 2377 2889 2435 asserto,
2919 2384 2987 2424 ex
3014 2365 3425 2438 operationibus
3450 2364 3583 2429 sub-

1998 2453 2234 2508 stantias
2254 2452 2516 2522 cognosci
2544 2468 2560 2516 ;
2589 2452 2965 2523 operationem
2993 2460 3175 2507 autem
3200 2450 3441 2516 hominis
3459 2463 3584 2505 esse

1998 2554 2054 2601 et
2085 2544 2308 2599 domum
2333 2551 2389 2599 et
2417 2544 2625 2603 navim.
2644 2544 2725 2599 An
2752 2561 2818 2600 ex
2842 2544 2952 2607 his,
2984 2560 3015 2599 ο
3042 2542 3425 2604 stolidissime,
3458 2556 3585 2597 con-

1994 2634 2275 2689 cludimus
2302 2633 2584 2689 hominem
2629 2635 2757 2690 latis
2788 2635 3063 2705 unguibus
3094 2642 3148 2689 et
3198 2633 3454 2689 facultate
3508 2632 3587 2686 ri-

2000 2726 2166 2783 dendi
2195 2725 2483 2797 prmditum
2513 2727 2677 2783 esse?
2708 2727 2779 2781 At
2806 2718 2953 2781 dicet
2993 2726 3289 2796 quispiam,
3329 2724 3433 2779 hoc
3472 2739 3584 2779 non

1999 2833 2124 2875 esse
2148 2818 2201 2874 id
2238 2817 2384 2889 quod
2441 2819 2735 2891 quaeritur,
2789 2834 2920 2872 num
2954 2818 3119 2872 homo
3152 2817 3452 2872 motionem
3482 2817 3585 2871 ali-

1998 2925 2168 2981 quam
2198 2919 2256 2967 et
2283 2912 2660 2982 operationem
2698 2911 2916 2974 habeat,
2958 2909 3051 2966 sed
3091 2910 3356 2980 quidnam
3386 2923 3585 2964 secun-

2001 3004 2135 3060 dum
2169 3019 2325 3060 suam
2354 3011 2607 3058 naturam
2640 3003 2713 3059 sit
2769 3003 2949 3074 ipsum
2997 3001 3143 3073 quod
3176 3007 3455 3071 operatur,
3488 3014 3585 3054 seu

303 3091 422 3144 Kal.
445 3088 563 3158 γὰρ
590 3090 639 3142 εί
661 3088 790 3159 περὶ
827 3086 1030 3158 ἀνέμου
1061 3104 1112 3140 τι
1143 3086 1333 3157 μαθεῖν
1361 3084 1678 3157 ἐϐουλόμην,
1704 3084 1804 3138 οὐκ
1832 3082 1897 3138 ἂν

2014 3095 2123 3165 ipse
2154 3095 2316 3153 homo
2347 3094 2441 3165 qui
2505 3097 2648 3165 agit:
2682 3094 2852 3165 quod,
2887 3101 2946 3150 ut
2974 3108 3041 3148 ex
3076 3095 3199 3147 data
3230 3090 3590 3161 responsione

300 3182 546 3251 ψάμμου
590 3179 824 3249 σωρείαν
851 3177 909 3243 ἔξ
939 3180 1140 3249 ἀνέμου
1169 3180 1443 3233 συστᾶσαν
1463 3217 1476 3240 ,
1511 3176 1545 3248 ἢ
1570 3176 1773 3248 ἀκύρου
1800 3174 1897 3247 θη-

311 3274 496 3346 μῶνα,
532 3272 568 3344 ἢ
610 3272 810 3337 κόνεως
836 3270 1079 3342 διάχυσιν
1104 3270 1315 3339 δείξας,
1352 3269 1541 3340 ἐντελῆ
1576 3269 1642 3323 ἂν
1674 3268 1768 3322 τοῦ
1801 3268 1897 3340 ζη-

304 3365 584 3436 τουμένου
639 3364 732 3416 τὸν
793 3363 950 3432 λόγον
1003 3362 1309 3427 ἀπέδωκας.
1365 3363 1592 3433 Ἕτερος
1647 3360 1755 3433 γὰρ
1805 3358 1900 3412 τοῦ

308 3456 523 3526 ἀνέμου
551 3456 583 3509 6
604 3454 761 3523 λόγος
783 3470 796 3484 ⁸
826 3456 919 3509 καὶ
952 3453 1086 3509 ἄλλα
1107 3454 1281 3508 ταῦτα
1308 3455 1427 3508 ἀντὶ
1450 3451 1545 3506 τοῦ
1570 3451 1902 3522 ζητουμένου

310 3545 666 3616 δεικνύμενα.
704 3545 828 3609 Πῶς
867 3540 961 3600 οὖν
999 3540 1152 3609 οὗτος
1189 3547 1307 3609 ταῖς
1345 3543 1648 3615 ἐνεργείαις
1694 3544 1790 3606 τὰς
1816 3544 1906 3596 οὐ·

314 3640 442 3703 σίας
469 3638 707 3693 δείκνυσι
725 3678 741 3698 ,
768 3638 862 3691 καὶ
889 3637 981 3691 τὸν
1006 3637 1098 3691 τοῦ
1133 3631 1271 3691 εἶναι
1300 3636 1456 3705 λόγον
1486 3632 1649 3691 αὐτοῦ
1688 3633 1780 3688 τοῦ
1815 3634 1902 3687 δν-

316 3748 415 3794 τος
435 3774 453 3796 ,
478 3734 542 3784 ἐκ
575 3731 685 3784 τῶν
713 3731 1018 3801 γενομένων
1048 3729 1199 3803 ποιρά
1233 3729 1328 3783 τοῦ
1363 3729 1515 3792 ὄντος
1544 3728 1900 3800 παρίστησιν;

2001 3199 2351 3253 cognoscam,
2414 3185 2644 3239 multum
2719 3195 2869 3239 certe
2923 3183 3098 3239 abest.
3158 3181 3369 3237 Etenim
3420 3180 3467 3234 si
3520 3181 3591 3236 dc

2009 3287 2173 3332 vento
2191 3277 2395 3348 aliquid
2414 3276 2628 3334 discere
2655 3277 2871 3343 vellem,
2896 3284 3119 3332 ostenso
3140 3289 3322 3331 arenae
3345 3272 3587 3337 cumulo,

2004 3383 2168 3437 quem
2209 3378 2404 3426 ventus
2444 3370 2746 3441 congessit,
2794 3378 2887 3425 aut
2932 3370 3211 3441 palearum
3243 3382 3461 3433 acervo,
3497 3375 3591 3421 aut

2007 3459 2248 3529 pulveris
2278 3460 2637 3531 disjectione,
2673 3460 2817 3516 haud
2848 3461 3098 3531 equidem
3130 3458 3423 3530 perlectam
3446 3457 3588 3526 ejus,

2008 3551 2077 3606 de
2106 3567 2215 3622 quo
2242 3554 2474 3624 quaestio
2496 3562 2639 3619 erat,
2663 3554 2934 3610 rationem
2965 3552 3272 3609 reddidisse
3292 3564 3591 3614 censerer;

2010 3643 2119 3697 alia
2150 3654 2235 3700 est
2283 3647 2430 3701 enim
2486 3647 2625 3702 ratio
2653 3646 2825 3712 venti,
2857 3652 2918 3699 ut
2954 3652 3009 3700 et
3042 3644 3288 3698 omnium
3337 3642 3590 3702 aliorum,

2009 3751 2133 3805 quae
2184 3736 2307 3793 loco
2355 3739 2499 3808 ejus,
2555 3742 2701 3810 quod
2751 3738 3124 3808 quaerebatur,
3170 3743 3389 3790 ostensa
3440 3740 3591 3789 sunt.

319 3818 613 3886 Quomodo
656 3820 822 3891 igitur
854 3820 958 3875 iste
982 3835 1047 3876 ex
1072 3818 1483 3890 operationibus
1511 3818 1843 3874 substantias
1877 3819 2236 3894 demonstrat,
2268 3839 2325 3885 et
2353 3831 2624 3886 rationem
2655 3828 2873 3885 essendi
2904 3826 3083 3897 ipsius
3115 3826 3261 3880 entis
3288 3838 3356 3878 ex
3389 3821 3597 3877 eﬂecti-

321 3915 432 3969 lzus
462 3914 642 3968 cutis?

396 4000 539 4059 Εἶτα
566 4006 786 4059 κάκεῖνο
825 4007 1215 4077 σκοπήσωμεν’
1251 4005 1304 4059 τί
1345 4004 1504 4077 ἔργον
1542 4004 1635 4057 τοῦ
1675 4004 1909 4078 Πατρὸς’

318 4097 392 4151 δι’
417 4089 484 4149 οὐ
510 4095 1023 4166 καταλαμϐάνεσθαι
1050 4096 1197 4166 λέγει
1225 4096 1324 4168 τὴν
1352 4096 1539 4151 οὐσίαν
1566 4094 1660 4149 τοῦ
1691 4096 1917 4168 ἐνεργή-

322 4203 563 4251 eam;
599 4187 709 4239 Τὸν
738 4188 865 4241 Υίὸν
893 4187 1035 4253 λέξει
1065 4188 1301 4252 πάντως,
1325 4186 1484 4259 εἴπερ
1514 4186 1581 4240 τὰ
1604 4186 1806 4257 συνήθη
1836 4185 1919 4238 λέ-

320 4293 440 4345 γοι.
479 4274 620 4328 Ἀλλ’
646 4268 820 4339 οὗτος,
846 4275 891 4330 ὧ
921 4275 1219 4345 σοφώτατε,
1249 4275 1389 4332 κατά
1412 4275 1505 4329 τὸν
1537 4275 1625 4328 σὸν
1657 4274 1817 4345 λόγον
1852 4276 1919 4346 τῇ

2083 4005 2289 4063 Deinde
2312 4005 2446 4062 illud
2479 4005 2646 4061 etiam
2671 4003 3095 4075 consideremus
3131 4016 3146 4055 :
3180 3997 3455 4070 quodnam
3509 4007 3597 4053 est

2013 4097 2149 4155 illud
2171 4112 2312 4168 opus
2340 4096 2544 4163 Patris,
2569 4110 2668 4165 per
2692 4093 2841 4163 quod
2867 4088 3199 4161 deprehendi
3229 4089 3308 4144 ait
3338 4088 3597 4144 substan-

2016 4192 2149 4249 tiam
2191 4189 2370 4259 ipsius
2419 4185 2737 4258 operantis?
2782 4183 2982 4238 Filium
3034 4182 3139 4237 hoc
3161 4195 3303 4252 opus
3330 4195 3454 4237 esse
3479 4195 3600 4235 om—

2019 4281 2154 4335 nino
2190 4278 2361 4343 dicet,
2410 4277 2459 4333 si
2511 4284 2771 4331 constare
2806 4272 2912 4330 sibi
2958 4273 3113 4328 velit.
3156 4272 3227 4327 At
3278 4272 3403 4336 iste,
3431 4287 3465 4326 ο
3505 4288 3600 4327 sa-

326 4366 696 4439 ἐργασαμένη
711 4368 876 4421 αὐτὸν
896 4369 981 4421 ὲνε
992 4385 1083 4441 ργε
1093 4368 1146 4439 ία
1169 4385 1235 4420 πε
1245 4385 1398 4440 ριμετ
1408 4367 1498 4439 ρού
1507 4384 1685 4439 μενος.
1710 4369 1799 4421 ὲκε
1809 4366 1909 4436 ίνηπ

2025 4367 2407 4438 pientissime,
2457 4364 2781 4435 operatione
2834 4377 2959 4433 qua:
3014 4361 3194 4432 ipsum
3243 4361 3423 4418 eﬂecit
3489 4363 3602 4416 cir-

618 4437 808 4529 μόνην.
860 4457 934 4513 Τὸ
964 4437 1022 4512 δὲ
1063 4437 1418 4530 ζητούμενον
1457 4437 1608 4513 οὐδὲν
1648 4452 1811 4529 ἦττον
1861 4458 1909 4510 ὲκ.

2024 4437 2416 4526 cumscriptus,
2474 4454 2623 4508 illam
2677 4453 2851 4510 solam
2904 4460 3197 4507 monstrat.
3230 4450 3286 4506 id
3340 4466 3491 4517 vero,
3534 4451 3605 4506 de

325 4548 521 4620 ἀδήλῳ
548 4550 699 4619 μένει
720 4565 737 4581 ο
766 4552 922 4621 εἰπερ
950 4552 985 4622 ἡ
1013 4551 1258 4621 ἐνέργεια
1279 4550 1387 4603 τῶν
1417 4551 1815 4626 παρεπομένων
1840 4567 1921 4613 τις

328 4633 479 4691 εἶναι
502 4639 572 4707 τῇ
599 4636 792 4713 πρώτῃ
817 4640 997 4712 οὐσίᾳ,
1037 4641 1131 4695 καὶ
1168 4639 1318 4713 παρά
1348 4640 1441 4694 σοῦ
1479 4640 1919 4713 μεμαρτύρηται.

330 4733 490 4807 Αὕτη
511 4734 623 4802 γὰρ
648 4732 724 4804 τῷ
749 4733 896 4805 ἔργῳ
913 4731 990 4803 τῷ
1016 4732 1142 4803 παρ’
1166 4731 1335 4801 αὐτῆς
1359 4731 1769 4787 ἁποτελεσθέντι
1797 4747 1927 4800 συμ-

332 4825 785 4898 ταιρεκτείνεται,
822 4824 1003 4889 καθὼς
1045 4826 1109 4878 σὺ
1153 4823 1352 4893 λέγεις,
1395 4825 1490 4878 καὶ
1529 4822 1802 4877 δείκνυται
1839 4820 1927 4875 διὰ

334 4920 435 4974 τοῦ
458 4918 922 4988 τίω-τελέσματος,
950 4918 1068 4973 οὐδὲ
1087 4919 1222 4991 αὐτῆ
1245 4917 1386 4972 κατά
1405 4916 1503 4988 τὴν
1532 4917 1743 4989 φύσινή
1776 4915 1928 4989 ἐνέρ-

332 5028 467 5079 γεια
491 5012 617 5082 ἥτις
654 5010 820 5064 ἐστίν’
855 5008 993 5065 ἀλλὰ
1020 5010 1180 5063 ποσὸν
1208 5010 1378 5081 αὐτῆς
1409 5010 1566 5079 μόνον
1588 5008 1929 5081 ένθεωρεϊται

336 5102 422 5174 τῷ
446 5102 614 5173 (pro).
655 5103 744 5169 Ὠς
767 5103 876 5172 γὰρ
894 5101 954 5155 οὐ
979 5102 1130 5156 πᾶσα
1150 5102 1184 5173 ἡ
1209 5100 1302 5154 τοῦ
1325 5097 1681 5171 χαλκεύοντος
1702 5099 1929 5170 δύναμις

340 5193 744 5264 ανγκινηθεῐσα
789 5195 850 5249 τὺ
894 5193 1169 5267 τρύπανον
1222 5193 1577 5264 ἐξειργάσατο
1600 5232 1615 5257 ,
1662 5191 1776 5245 ἀλλ’
1808 5191 1930 5244 ὅσον

338 5288 671 5358 σύμμετρον
714 5283 784 5358 ἦν
836 5288 975 5360 πρὸς
1018 5286 1117 5358 τὴν
1148 5286 1243 5340 τοῦ
1285 5285 1511 5349 σκεύους
1538 5284 1929 5357 ἀπεργασίαν,

334 5379 604 5433 τοσοῦτον
635 5382 671 5449 ἡ
702 5380 862 5451 τέχνη
905 5379 995 5434 διὰ
1032 5379 1125 5433 τοῦ
1155 5376 1598 5451 χειρουργοῦντος
1640 5377 1931 5448 ἐνήργησε,

334 5470 522 5524 πολλά
543 5471 643 5525 καὶ
664 5470 978 5525 παντοδαπά
998 5470 1440 5543 κατεργάσασθαι
1458 5468 1696 5534 δυνατῶς
1712 5468 1835 5539 ἔχου
1844 5483 1931 5519 σα·

336 5558 492 5615 οὕτω
522 5558 590 5615 τδ
632 5559 830 5632 μέτρον
860 5560 959 5632 τῆς
995 5561 1273 5631 ἐνεργείας
1311 5561 1369 5613 ὲν
1400 5557 1578 5631 ἑαυτῷ
1607 5558 1877 5613 δείκνυσιν
1908 5559 1936 5612 6

336 5650 483 5721 ⁴παρ’
511 5647 732 5719 δκείνης
760 5644 1067 5720 γενόμενος.
1106 5649 1181 5704 Τὸ
1216 5649 1273 5705 δὲ
1303 5649 1629 5723 ζητούμενον
1684 5650 1808 5721 οὐχὶ
1842 5665 1938 5702 πο-

336 5743 449 5798 σίν
477 5742 601 5796 ἔστι
622 5743 727 5814 τῆς
765 5741 1065 5813 ῑνεργείας,
1098 5741 1213 5798 ἀλλ’
1243 5742 1379 5815 αὐτὴ
1420 5743 1513 5799 τοῦ
1544 5745 1626 5798 ὲνε
1638 5741 1938 5815 ργήσαντος

2024 4563 2134 4619 quo
2165 4546 2537 4616 disceptatur,
2571 4545 2753 4603 adhuc
2798 4546 3098 4602 obscurum
3137 4554 3339 4611 manet,
3367 4545 3414 4600 si
3455 4552 3605 4599 recte

2025 4655 2055 4694 a
2094 4646 2148 4695 te
2187 4646 2460 4695 assertum
2490 4645 2600 4705 est,
2627 4638 2697 4694 iis
2738 4638 2904 4694 etiam
2935 4652 3059 4709 qua
3092 4636 3159 4692 ad
3196 4637 3424 4706 primam
3467 4635 3604 4690 sub-

2026 4731 2284 4788 stantiam
2328 4738 2655 4803 sequuntur,
2707 4729 2946 4801 aliquam
2979 4729 3352 4800 operationem
3402 4726 3601 4783 inesse.

2028 4824 2154 4879 llzec
2181 4823 2328 4879 enim
2355 4823 2510 4893 operi
2533 4823 2602 4878 ab
2628 4821 2750 4892 ipso
2772 4822 2969 4878 eﬂ'ecto
2987 4821 3391 4883 coestenditur,
3413 4832 3607 4888 quem-

2029 4912 2322 4969 admodum
2358 4922 2414 4969 tu
2442 4913 2606 4978 dicis,
2644 4921 2700 4969 et
2734 4929 2832 4984 per
2863 4913 3145 4978 eﬂ'ectum,
3176 4928 3288 4969 non
3322 4912 3442 4983 ipsa
3460 4911 3514 4964 in
3547 4923 3609 4966 se

2029 5005 2372 5078 operationis
2429 5012 2629 5060 natura
2673 5004 3024 5074 ostenditur;
3073 5005 3171 5061 sed
3230 5000 3611 5059 tantummodo

2032 5105 2238 5168 quanta
2275 5100 2370 5160 sit,
2408 5098 2463 5152 in
2494 5114 2659 5167 opere
2704 5098 3072 5168 conspicitur.
3110 5098 3267 5153 Sicut
3318 5096 3462 5152 enim
3501 5110 3610 5149 non

2034 5198 2149 5245 tota
2182 5187 2417 5245 facultas
2463 5189 2606 5246 fabri
2664 5191 2845 5246 aerarii
2897 5192 3140 5245 motione
3190 5204 3290 5244 sua
3335 5188 3612 5243 terebram

2032 5281 2234 5346 effecit,
2271 5280 2368 5337 sed
2409 5289 2676 5351 quantum
2710 5282 2778 5337 ad
2813 5283 2962 5337 vasis
3009 5280 3352 5337 etl‘ectionem
3383 5293 3615 5351 prepor-

2034 5375 2185 5430 tione
2212 5373 2617 5443 requirebatur,
2644 5383 2859 5430 tantum
2888 5389 2982 5430 ars
3013 5388 3110 5443 Per
3134 5372 3365 5428 artiticis
3390 5386 3614 5427 manum

2034 5473 2259 5539 operata
2292 5472 2399 5532 est,
2431 5477 2558 5522 cum
2592 5466 2755 5536 longe
2801 5466 2959 5537 plura
2993 5474 3049 5521 et
3087 5465 3242 5521 varia
3291 5464 3399 5520 alia
3433 5463 3617 5520 adhuc

2038 5556 2344 5629 producere
2369 5566 2569 5627 queat;
2605 5557 2681 5611 ita
2718 5571 3038 5615 mensuram
3064 5564 3121 5614 et
3158 5558 3382 5614 modum
3412 5572 3614 5629 opera-

2042 5650 2208 5707 tionis
2256 5649 2312 5704 in
2360 5652 2542 5720 seipse
2583 5657 2939 5720 repraesentat
2979 5650 3068 5716 id.
3119 5650 3269 5722 quod
3319 5665 3420 5723 per
3470 5649 3619 5704 itlam

2040 5740 2270 5802 exstitit.
2321 5740 2390 5797 At
2424 5755 2534 5799 non
2578 5746 2665 5800 cst
2719 5742 2954 5815 quaestio
3000 5751 3206 5816 quanta
3240 5742 3315 5803 sit
3352 5740 3621 5815 operatio,
3685 5802 3698 5815 .
