4032 6208
556 329 664 385 38'5
1829 336 1887 391 5-.
1929 337 2251 396 GliEGOlill
2292 341 2590 400 NYSSl‘INl'
3701 353 3799 412 388

557 441 654 500 sed
686 457 808 513 qua
839 440 915 497 sit
959 440 1138 512 ipsius
1171 444 1454 512 opereulis
1485 447 1745 500 essentia.
1795 445 1920 502 Pari
1957 451 2136 512 modo.

2247 456 2278 525 ἡ
2312 457 2489 512 οὐσία.
2540 459 2695 514 Κατά
2740 461 2830 514 τὸν
2863 461 3023 517 αὐτδν
3065 460 3122 516 δέ
3160 463 3344 534 λόγον,
3379 464 3473 519 καὶ
3519 465 3567 519 εί
3594 466 3679 522 διὰ
3712 468 3800 523 τοῦ

558 537 605 592 si
655 535 822 596 dicat,
875 548 973 602 per
1025 532 1294 602 Spiritum
1349 543 1602 589 sanetum
1655 537 1839 606 (quem
1889 539 2136 611 ait'esse

2242 549 2743 622 Πνεύματο;(ξργον
2768 553 3020 624 ὀνομάζει
3049 557 3146 624 τῆς
3279 555 3392 626 Υἱῷ
3429 559 3800 630 παρεπομένης

556 644 698 698 opus
729 627 854 696 ejus
887 627 1252 696 operationis,
1275 643 1396 696 qua:
1421 645 1486 681 ex
1516 627 1656 684 Filio
1680 632 1950 702 procedit-7
2000 632 2135 688 Uni-

557 717 727 790 geniti
755 725 1008 770 naturam
1039 716 1372 785 deprehendi
1399 732 1463 770 ac
1496 721 1781 789 cognosci,
1815 722 1994 776 oratio
2016 723 2137 791 ejus

557 807 864 862 subsistere
908 821 1017 860 non
1063 806 1306 874 pulerit:
1342 822 1466 861 nam
1513 815 1570 863 et
1603 810 1689 862 hic
1728 813 1977 879 operatio
2017 812 2140 866 effe-

558 899 670 950 (ιιιιί
712 897 1119 960 coextenditur,
1173 913 1352 966 neque
1399 910 1654 953 naturam
1705 915 1860 956 suam
1893 903 1978 957 vel
2009 918 2140 974 ope-

559 991 754 1054 rantis,
783 1005 880 1059 per
922 989 977 1043 id
1008 989 1156 1058 quod
1183 991 1510 1059 productum
1543 1000 1650 1055 est,
1683 995 1961 1062 patefecit.

631 1083 699 1138 Ut
733 1098 864 1137 vero
898 1092 954 1136 et
992 1084 1099 1138 hoc
1148 1084 1544 1152 concedamus,
1577 1093 1723 1150 esto,
1759 1101 1831 1141 ex.
1863 1086 2139 1156 operatio—

556 1177 720 1230 nibus
753 1175 1078 1230 substantia:
1121 1186 1556 1246 cognoscantur.
1611 1176 1784 1248 Igitur
1821 1179 1998 1248 prima
2043 1179 2136 1233 illa

557 1273 869 1328 substantia
907 1287 1003 1341 per
1042 1288 1190 1342 opus.
1211 1287 1372 1326 suum
1422 1281 1810 1343 eognoscetur,
1845 1281 1900 1326 et
1943 1271 2140 1326 simili-

451 1414 467 1428 ,
557 1374 639 1420 ter
668 1365 968 1418 secundam
1005 1379 1144 1433 opus
1177 1366 1320 1433 quod
1359 1365 1428 1418 ab
1459 1366 1549 1418 illa
1587 1365 1955 1435 proﬁciscitur
1980 1363 2139 1418 nobis

558 1456 895 1510 manifest-at.
948 1454 1152 1510 Tertiae
1196 1455 1384 1526 igitur,
1432 1455 1546 1519 die,
1610 1471 1644 1509 ο
1697 1455 2134 1524 sapientissime,

555 1547 682 1614 quis
709 1545 868 1600 index
896 1546 1019 1600 erit.
1054 1560 1179 1599 eum
1223 1547 1438 1599 nullum
1471 1547 1650 1600 tertiae
1680 1545 1844 1615 hujus
1878 1545 2139 1600 substan-

557 1639 646 1689 tia:
676 1651 820 1704 opus
860 1635 966 1689 tale
1010 1635 1367 1689 inveniatur?
1402 1635 1458 1688 Si
1495 1635 1640 1690 enim
1683 1651 1752 1690 ex
1796 1635 2138 1705 operationi-

557 1728 683 1787 bus,
725 1736 783 1780 ιιι
819 1735 876 1780 ιιι
913 1725 1074 1789 dicis,
1129 1726 1454 1781 substantiae
1500 1736 1930 1798 cognoscuntur,
1980 1741 2138 1797 opor-

2239 641 2533 715 ἐνεργείας)
2570 645 2952 714 κατειληφέναι
2997 646 3144 715 λέγοι
3191 647 3286 701 τοῦ
3326 649 3658 718 Μονογενοῦς
3708 653 3800 724 τὴν

2239 733 2421 802 φύσιν,
2467 735 2721 805 οὐδεμίαν
2769 735 3025 791 σύστασιν
3072 741 3100 792 6
3140 738 3294 808 λόγος
3340 739 3475 810 ἔχει,
3518 743 3676 797 πάλιν
3711 746 3803 800 καὶ

2239 823 2472 877 ἐνταῦθα
2511 826 2609 896 τῆς
2652 827 2930 899 ἐνεργείας
2978 829 3075 898 μέν
3111 830 3189 900 τῷ
3226 832 3626 904 άποτελέσματι
3669 853 3800 907 συμ-

2240 917 2770 989 παρεκτεινομένης,
2805 921 2905 988 τὴν
2950 921 3006 974 δέ
3039 921 3198 992 φύσιν
3239 923 3446 994 ἐαυτῆς.
3487 941 3548 978 τε
3593 928 3684 980 καὶ
3713 927 3802 981 τοῦ

2239 1007 2606 1077 ἐνεργοῦντος,
2637 1008 2723 1062 διὰ
2748 1011 2841 1064 τοῦ
2870 1014 3332 1085 κατεργασθέντος
3357 1016 3417 1070 οὐ
3441 1017 3799 1088 δεικνυούσης,

2310 1099 2426 1152 Ἵνα
2459 1099 2516 1154 δέ
2543 1101 2634 1154 καὶ
2676 1101 2834 1156 τοῦτο
2871 1106 3351 1176 συγχωρήσωμεν,
3407 1106 3638 1160 δεδόσθω
3690 1111 3803 1172 ταῖς

2238 1191 2541 1262 ἐνεργείαις
2565 1191 2664 1256 τὰς
2691 1195 2881 1259 οὐσίας
2904 1194 3288 1264 γινώσκεσθαι.
3322 1198 3530 1253 Οὐκοῦν
3557 1202 3590 1271 ἡ
3621 1200 3800 1273 πρώτη

2238 1283 2412 1345 οὐσία,
2440 1283 2527 1338 διὰ
2563 1284 2656 1337 τοῦ
2701 1285 2760 1352 ἐξ
2795 1287 2967 1356 αὐτῆς
3001 1287 3162 1359 ἔργου
3200 1289 3560 1361 γνωρίζεται,
3592 1292 3682 1346 καὶ
3711 1295 3804 1364 τὴν

2237 1375 2494 1447 δευτέραν
2524 1377 2786 1442 ὡσαύτως
2822 1379 2882 1432 τὸ
2922 1379 3100 1450 ἔργον,
3141 1381 3201 1434 τδ
3239 1382 3369 1453 παρ’
3398 1383 3572 1455 αὐτῆς
3595 1385 3802 1456 γινόμε-

2238 1482 2347 1530 νον,
2386 1465 2652 1520 δείκνυσι·
2689 1468 2788 1540 τὴν
2818 1469 3006 1543 τρίτην
3032 1471 3209 1524 τοίνυν
3247 1473 3386 1535 εἰπὲ,
3417 1467 3462 1526 ὦ
3497 1474 3763 1543 σοφώτατε
3786 1515 3800 1539 ,

2237 1557 2375 1610 τίτὸ
2399 1557 2642 1613 δεικνύον
2671 1560 2810 1626 ἐστὶ,
2862 1561 3087 1633 μηδενὸς
3126 1563 3289 1636 ἔργου
3305 1564 3560 1619 ⁴τοιούτου
3584 1569 3679 1638 τῆς
3696 1567 3804 1638 τρί-

2238 1667 2337 1722 της
2365 1651 2554 1715 οὐσίας
2583 1651 2990 1724 θεωρουμένου;
3018 1655 3210 1729 Είγὰρ
3239 1660 3356 1722 ταῖς
3389 1658 3704 1730 ἐνεργείαις,
3731 1659 3804 1721 ὡς

2243 1741 2307 1794 σὺ
2344 1743 2499 1813 φῂς,
2528 1743 2585 1796 αἱ
2630 1743 2807 1798 οὐσίαι
2857 1746 3398 1818 καταλαμϐάνονται,
3431 1751 3803 1822 ἀκατάληπτον

559 1829 636 1872 tet
681 1829 739 1871 ut
781 1828 1034 1872 naturam
1091 1815 1342 1888 Spiritus
1378 1819 1570 1873 sancti-
1612 1819 2132 1890 ineomprehensam

2238 1827 2376 1885 εἶναι
2424 1832 2524 1904 τῆν
2566 1831 2660 1887 τοῦ
2709 1834 3022 1906 Πνεύματος
3074 1838 3234 1907 φύσιν
3283 1839 3660 1912 όμολογήσεις’
3708 1845 3804 1896 οὐκ

558 1910 817 1971 aliirmes,
859 1923 984 1960 cum
1021 1922 1130 1961 non
1177 1914 1434 1977 suppetat
1465 1907 1588 1976 ejus
1621 1923 1717 1978 per
1765 1906 2138 1963 continuatio-

561 2015 681 2054 nem
717 1999 970 2068 operatio
998 1998 1204 2068 aliqua,
1256 1998 1418 2067 cujus
1461 1999 1732 2054 henelieio
1774 1999 1828 2052 in
1870 1999 2140 2070 cognitio—

557 2108 683 2147 nem
728 2090 975 2161 Spiritus
1006 2092 1184 2146 sancti
1241 2092 1528 2161 pervenire
1574 2093 1776 2162 possis.
1814 2090 1922 2144 Aut
1970 2075 2140 2161 igitur

559 2193 810 2240 monstra
834 2183 1113 2254 quodnam
1146 2185 1223 2240 sit
1249 2183 1714 2253 essentiale-opus
1747 2183 1922 2238 sancti
1959 2180 2140 2251 Spiri-

559 2287 673 2340 tus,
709 2285 804 2330 aut
835 2284 947 2329 tota
979 2277 1083 2332 ista
1115 2289 1334 2330 araneae
1365 2275 1471 2328 tela
1503 2273 2012 2329 attactworationis
2041 2272 2140 2328 dif,

560 2367 712 2420 (hiet.
761 2364 894 2419 Nam
932 2367 978 2421 si
1032 2383 1101 2421 ex
1152 2368 1477 2422 continuata
1513 2367 1834 2436 Operatione
1873 2366 2136 2432 essentia,

559 2458 860 2513 secundum
891 2466 1140 2512 nostrum
1186 2456 1527 2527 intelligendi
1565 2455 1810 2517 modum,
1847 2455 2140 2525 cognosci-

559 2559 672 2614 tur,
704 2550 1016 2604 essentialis
1050 2563 1182 2603 vero
1207 2549 1455 2619 Operatio
1499 2546 1753 2618 Spiritus.
1782 2546 1957 2602 sancti
1991 2545 2140 2599 nulla

556 2653 663 2707 est,
693 2641 1155 2712 quemadmodum
1185 2639 1364 2696 Patris
1390 2641 1609 2710 quidem
1634 2637 1854 2703 Filium,
1887 2637 2008 2693 Filii
2043 2654 2148 2693 tiu--~

559 2745 668 2790 tem
701 2734 966 2805 Spiritum
1002 2741 1252 2788 sanctum
1287 2732 1558 2798 asseritis,
1603 2731 1855 2802 sequitur
1884 2739 2139 2785 naturam

561 2830 802 2898 Spiritus
847 2829 1006 2896 plane
1042 2825 1382 2895 incognitam
1429 2835 1484 2878 et
1526 2822 2139 2893 incomprehensibilem

557 2936 702 2983 esse,
753 2935 880 2974 cum
934 2917 1086 2970 nulla
1139 2916 1261 2984 ejus
1318 2915 1662 2986 hypostatica
1719 2915 1990 2984 operatio,
2042 2927 2141 2984 per

557 3027 724 3082 quam
758 3013 1088 3070 innotescat,
1117 3013 1320 3063 exstet.
1377 3004 1442 3061 Si.
1467 3022 1597 3062 vero
1631 3005 1878 3076 Spiritus
1908 3016 2139 3061 sanctus

460 3162 473 3176 ,
559 3103 1104 3173 comprehensionem
1153 3099 1364 3170 cffugit,
1413 3097 1705 3168 quomodo
1730 3113 1829 3169 per
1866 3098 1942 3164 id,
1988 3097 2134 3167 quod

560 3193 951 3264 comprehendi
1002 3194 1212 3263 nequit,
1267 3191 1556 3246 sublimior
1591 3191 1682 3245 illa
1739 3202 1933 3246 natura
1981 3205 2133 3245 corn-

561 3284 965 3356 prehenditur?
992 3281 1127 3336 Nam
1171 3283 1216 3338 si
1259 3282 1610 3352 ignoraretur
1639 3283 1762 3337 Filii
1793 3299 1953 3353 opus,
1985 3281 2133 3351 quod

559 3386 666 3442 est,
704 3384 762 3430 ut
797 3377 1011 3439 dicunt,
1054 3387 1290 3431 sanctus
1331 3374 1594 3445 Spiritus,
1644 3375 1789 3429 haud
1823 3375 1898 3429 ad.
1936 3373 2134 3427 Filium

560 3467 1002 3539 cognoscendum
1054 3467 1163 3520 ulla
1205 3467 1292 3520 via
1342 3475 1576 3536 pateret,
1629 3474 1821 3536 utpote
1863 3466 2012 3519 omni
2043 3479 2138 3520 oo-

561 3558 858 3629 gnoscendi
897 3557 1101 3611 indicio
1135 3556 1459 3611 destitutum
1499 3568 1598 3612 :et
1643 3559 1688 3612 si
1727 3555 2002 3625 Unigeniti
2042 3572 2140 3611 na-

563 3661 683 3703 tura
711 3650 815 3704 hoc
855 3649 1020 3704 modo
1042 3649 1336 3716 delitescit,
1368 3649 1644 3719 quomodo
1679 3664 1774 3720 per
1806 3649 2060 3703 latentem
2085 3656 2140 3704 et

560 3741 942 3796 absconditam
993 3738 1440 3796 manifestabitur
1485 3755 1742 3809 suprema
1803 3749 1862 3794 et-
1905 3740 2140 3794 maxime

561 3835 807 3905 propria,
845 3848 970 3887 cum
1009 3831 1250 3902 Spiritus
1273 3831 1447 3887 sancti
1485 3831 1784 3886 occultatio
1816 3831 1883 3885 ad
1924 3830 2137 3885 Patrem

564 3944 660 3998 per
687 3925 884 3980 Filium
921 3925 1225 3980 redundet?
1252 3932 1309 3979 ut
1339 3940 1405 3980 ex
1435 3925 1522 3980 his
1555 3924 1871 3980 necessario
1909 3923 2141 3978 convin-

560 4029 740 4081 catur,
775 4019 938 4074 etiam
983 4018 1228 4088 ipsorum
1279 4017 1522 4071 hostium
1571 4015 1981 4076 testificatione,
2039 4013 2140 4068 Pa-

563 4113 663 4166 tris
693 4111 1058 4166 substantiam
1089 4110 1335 4179 ignotam
1367 4125 1512 4164 esse.
1540 4107 1698 4163 Unde
1723 4122 1856 4178 ergo
1879 4107 1984 4163 iste
2017 4123 2143 4178 per-

561 4203 1001 4271 spicaeissimus,
1044 4201 1136 4272 qui
1168 4217 1293 4271 qua:
1322 4217 1428 4255 non
1481 4209 1611 4256 sunt
1650 4199 1912 4264 intuetur,
1955 4212 2137 4252 rerum

563 4309 674 4347 non
723 4293 1104 4362 apparentimn
1153 4299 1206 4345 ct
1254 4291 1836 4362 incomprehensarum
1883 4297 2137 4344 naturam

560 4392 616 4438 ct
639 4385 754 4453 ipse
787 4384 956 4446 videt,
994 4391 1048 4438 et
1082 4398 1186 4439 nos
1235 4383 1506 4449 hortatur,
1546 4392 1604 4436 ut
1651 4398 1716 4438 ex
1747 4383 2007 4453 operibus
2048 4398 2138 4438 εει-

562 4476 792 4538 sentias,
827 4485 880 4530 et
903 4491 969 4530 ex
1005 4475 1091 4530 his
1130 4489 1296 4545 opera
1327 4475 1770 4545 investigemus?

635 4567 835 4622 Verum
885 4569 1098 4639 reliqua
1155 4567 1521 4622 excutiamus.
1557 4565 1924 4620 Dubitationes
1958 4564 2139 4635 inquit

559 4654 627 4709 de
671 4657 1070 4724 operationibus
1125 4671 1191 4710 ea:
1251 4655 1566 4709 substantiis
1613 4654 1949 4710 resolvendas
1999 4671 2130 4710 esse.

559 4751 846 4818 Quomodo
871 4752 1071 4822 aliquis
1100 4750 1263 4805 istum
1295 4768 1325 4805 a
1349 4750 1662 4805 vanissimis
1683 4751 2134 4820 persuasionibus

557 4841 750 4896 saltem
777 4842 842 4895 ad
875 4841 1143 4895 humanas
1174 4840 1537 4911 cogitationes
1571 4841 1867 4896 traducat?
1907 4841 2135 4896 Dubita-

559 4933 738 4987 tiones
757 4932 825 4986 de
863 4933 1278 5002 operationibus
1315 4943 1538 4988 exortas
1568 4934 1868 4989 arbitratur
1897 4950 1963 4990 ex
1999 4935 2134 4989 sub-

558 5023 886 5077 stantiarum
920 5023 1235 5092 cognitione
1268 5023 1482 5078 deliniri
1516 5039 1696 5094 posse.
1721 5023 2008 5090 Quomodo
2036 5040 2134 5096 per

557 5129 620 5168 ea
668 5106 790 5184 quae
818 5115 1133 5185 cognitione
1176 5131 1287 5170 non
1328 5125 1459 5172 sunt
1507 5118 1928 5187 comprehensa,
1969 5122 2132 5174 rebus

557 5207 744 5261 dnhiis
787 5207 944 5262 [idem
985 5207 1338 5262 conciliabit?
1383 5207 1441 5262 Si
1485 5209 1630 5263 enim
1677 5211 1793 5280 ipsa
1822 5211 2130 5266 substantia

557 5297 837 5370 incognita
871 5308 974 5368 est,
1010 5300 1288 5371 quodnam
1337 5318 1518 5373 opera:
1562 5305 1797 5373 pretium
1843 5314 1927 5360 est
1961 5321 2129 5359 occu-

557 5391 672 5458 pari
698 5393 844 5445 circa
877 5394 1274 5462 operationem,
1305 5395 1464 5465 quasi
1497 5396 1643 5450 illius
1672 5397 1842 5451 ductu
1889 5396 1954 5451 ad
1986 5398 2128 5466 ejus,

556 5480 624 5534 de
656 5496 766 5550 quo
796 5485 1114 5554 ambigitur,
1173 5487 1422 5541 notitiam
1466 5490 1799 5558 provelrcndi
1843 5493 2131 5545 essemus?

558 5569 616 5626 Si
645 5587 773 5626 vero
803 5576 1144 5641 operationis
1180 5578 1462 5648 inquisitio
1520 5581 1641 5634 ideo
1673 5581 1984 5636 necessaria
2019 5589 2125 5648 est,

556 5670 618 5715 ut
646 5677 742 5732 per
767 5661 914 5716 illam
947 5665 1013 5718 ad
1053 5668 1395 5733 substantiae,
1431 5686 1460 5723 a
1499 5687 1606 5740 qtta
1648 5673 1786 5734 ﬂuit,
1821 5673 2128 5742 intelligen-

555 5757 688 5810 tiam
720 5752 1009 5825 ducamur,
1041 5772 1152 5831 qua
1194 5761 1402 5819 ratione
1443 5778 1549 5818 non
1589 5765 1806 5835 cognita
1836 5764 1994 5821 nobis
2022 5765 2124 5821 du-

2163 3151 2213 3209 Ο

2237 1921 2375 1992 ἔχων
2393 1922 2531 1976 κατὰ
2559 1923 2619 1976 τὸ
2651 1924 2914 1996 προσεχὲς
2938 1925 3193 1999 τοιαύτην
3223 1928 3523 2000 ἐνέργειαν,
3551 1932 3664 1984 καὶ*
3684 1931 3801 1984 τού.-

2235 2032 2332 2068 του
2367 2018 2878 2088 παραστησάμενος,
2909 2018 2977 2072 δι’
3005 2020 3218 2092 ἐκείνης
3249 2022 3348 2092 τὴν
3373 2022 3464 2075 τοῦ
3499 2023 3802 2095 Πνεύματος

2239 2108 2401 2178 φύσιν
2440 2108 2883 2178 ἀναλογίσασθαιι
2928 2112 3000 2164 Ἦ
3040 2112 3219 2166 τοίνυν
3261 2112 3431 2180 δεῖξον
3465 2116 3533 2168 τί-
3559 2115 3804 2178 οὐσιῶδες

2238 2199 2399 2271 ἔργον
2419 2199 2511 2255 τοῦ
2535 2200 2866 2272 Πνεύματος.
2886 2202 2953 2256 δι’
2974 2196 3034 2257 οὗ
3059 2206 3446 2276 κατειληφέναι
3477 2209 3581 2279 φῂς
3605 2209 3700 2279 τὴν
3719 2207 3806 2261 οὐρ

2241 2291 2362 2344 σῐαν
2388 2291 2480 2344 τοῦ
2513 2292 2825 2363 Πνεύματος
2845 2334 2858 2358 ,
2879 2294 2912 2366 ἢ
2935 2294 3054 2359 ὅλος
3075 2297 3204 2366 ὐμῖν
3223 2300 3251 2351 ό
3276 2298 3418 2361 ἱστὸς
3451 2302 3550 2370 τῆς
3573 2299 3804 2371 ἀράχνης

2237 2387 2302 2454 τῇ
2336 2385 2520 2456 ἐπαφῇ
2563 2383 2657 2437 τοῦ
2685 2385 2842 2454 λόγου
2889 2390 3336 2461 περιρρυήσεται.
3367 2391 3431 2444 Εἰ
3476 2392 3585 2462 γάρ
3624 2392 3803 2463 ἐκ-τῆς

2239 2476 2541 2548 προσεχοῦς
2585 2478 2864 2550 ἐνεργείας
2908 2482 2958 2552 ἡ,
2984 2482 3140 2535 οὐσία
3181 2483 3507 2555 γνωρίζεται
3541 2486 3679 2541 κατὰ
3717 2486 3806 2539 τὸν

2240 2568 2506 2640 ἡμέτερον
2530 2569 2981 2642 λόγον,,ὲνέργ,εια
3007 2572 3064 2626 δέ
3090 2574 3472 2647 οὐσιώδηςτοῦ
3501 2576 3806 2647 Πνεύματος

2238 2661 2482 2731 οὐδεμία.
2512 2661 2761 2733 καθάπερ
2785 2663 2879 2717 τοῦ
2909 2664 3128 2736 Πατρὸς¹
3148 2666 3245 2737 μὲν
3273 2667 3364 2722 τὸν
3390 2668 3535 2735 Υίὸν,
3563 2667 3654 2720 τοῦ
3682 2667 3805 2720 Υἱοῦ

2239 2753 2301 2806 δέ
2336 2753 2397 2806 τὸ
2448 2753 2676 2826 Πνεῦμά
2725 2773 2882 2824 φατε,
2933 2757 3333 2826 ἀνεπίγνωστος
3379 2761 3594 2825 πάντως
3636 2764 3667 2833 ή
3716 2761 3807 2816 τοῦ

2241 2842 2556 2914 Πνεύματος
2604 2845 2764 2914 φύσις
2811 2846 2904 2900 καὶ
2926 2847 3306 2918 ἀκατάληπτος
3333 2849 3431 2902 δια
3449 2849 3651 2905 τούτων
3691 2868 3810 2905 συνη-

2239 2936 2616 3008 ωμολόγηται·
2678 2938 2948 3010 μηδεμιᾶς
2996 2940 3165 3011 αὐτὴν
3220 2941 3502 3012 ἐνεργείας
3547 2942 3648 3012 τῆς
3689 2943 3806 2998 καθῗ

2240 3029 2532 3082 ὑπόστασιν
2565 3031 2855 3103 νοουμένης
2884 3033 3317 3106 παραδηλούσης.
3347 3037 3408 3089 Εἰ
3441 3035 3492 3089 δὲ
3517 3035 3674 3090 τοῦτο
3696 3038 3809 3090 δια-

2241 3119 2478 3189 πέφευγε
2503 3120 2613 3192 τὴν..
2633 3121 2957 3191 κατάληψιν,
2995 3121 3110 3186 πῶς
3143 3122 3236 3176 τοῦ
3276 3123 3350 3195 μὴ
3380 3123 3808 3195 κατειλημμένου

2238 3214 2271 3282 ἡ
2301 3212 2669 3284 ὑπερκειμένη
2681 3213 2836 3268 οὐσία
2858 3213 3330 3286 καταλαμϐάνεται
3350 3233 3363 3282 ;
3387 3216 3447 3268 Εἰ
3472 3215 3806 3286 γάρίάγνοεῖο

2237 3321 2325 3358 ται
2355 3303 2447 3359 τοῦ
2475 3304 2605 3358 Υίοῦ
2634 3305 2694 3358 τὸ
2719 3305 2896 3378 ἔργον,
2920 3307 3055 3378 ὅπερ
3080 3307 3251 3371 ἐστὶν,
3276 3307 3352 3372 ὥς
3381 3325 3531 3376 φασι,
3561 3309 3626 3362 τό
3644 3308 3808 3361 Πνεῦο

2242 3413 2339 3466 μα,
2369 3397 2478 3450 οὐδ’
2513 3397 2578 3451 ἂν
2606 3399 2811 3462 ἐκεῖνος
2849 3399 3213 3471 ἐπιγνωσθείη
3253 3402 3468 3464 πάντως
3487 3439 3504 3463 ,
3533 3404 3598 3472 τῇ
3623 3401 3810 3472 άδηλίᾳ

2237 3487 2332 3542 τοῦ
2365 3489 2791 3560 τεκμηριοῠντος
2829 3491 3272 3562 συσκιαζόμενος.
3305 3493 3414 3546 Καὶ
3434 3494 3483 3545 εί
3514 3492 3607 3546 τοῦ
3637 3495 3808 3547 Μονο-

2239 3580 2430 3650 γενοῢς
2475 3581 2700 3653 ἡούσία
2730 3580 2808 3652 τῷ
2851 3583 3249 3656 τρόπῳ-τούτῳ
3289 3584 3658 3648 διαλανθάνοι,
3697 3586 3810 3648 πῶς

2239 3671 2328 3726 διὰ
2386 3672 2485 3743 τῆς
2541 3672 2910 3745 λανθανούσης
2965 3676 3003 3745 ἡ
3050 3677 3310 3731 ἀνωτάτω
3363 3677 3457 3730 καὶ
3505 3678 3808 3749 κυριωτάτη

2242 3763 2715 3835 φανερωθήσεται,
2762 3765 2862 3835 τῆς
2909 3766 3001 3818 τοῦ
3038 3764 3352 3838 Πνεύματος
3406 3767 3626 3839 ἀδηλίας
3672 3769 3812 3822 κατὰ

2241 3853 2496 3907 ἀνάλυσιν
2527 3853 2615 3908 διὰ
2629 3855 2723 3910 τοῦ
2757 3856 2888 3910 Υἱοῦ
2925 3859 3061 3929 πρὸς
3087 3859 3178 3913 τὸν
3206 3860 3423 3932 Πατέρα
3450 3861 3777 3934 διαδοθείσης
3793 3881 3816 3929 ἱ

2239 3945 2316 4008 ὡς
2343 3948 2414 3999 ἐκ-
2433 3946 2636 4000 τούτων
2671 3947 2856 4018 σαφῶς
2883 3949 3322 4016 ἀποδείκνυσθαι,
3353 3955 3446 4008 καὶ
3469 3955 3559 4008 διὰ
3580 3957 3679 4027 τῆς
3705 3958 3814 4010 τῶν

2239 4037 2448 4110 ἐχθρῶν
2478 4040 2784 4112 μαρτυρίας
2802 4081 2816 4106 ,
2843 4041 2904 4095 τὸ
2930 4043 3472 4115 ἀκατάληπτον-εἶναι
3502 4051 3675 4122 πάντη
3715 4052 3820 4104 τοῦ

2239 4128 2452 4201 Πατρὸς
2494 4130 2592 4200 τὴν
2635 4131 2839 4186 οὐσίαν.
2871 4133 3039 4187 Πόθεν
3077 4132 3169 4190 οὖν
3199 4137 3226 4189 6
3258 4137 3552 4211 ὀξυδερκὴς
3578 4135 3752 4206 οὗτος.
3785 4143 3820 4194 6

2237 4218 2306 4272 τὰ
2340 4219 2662 4292 ἀνύπαρκτα
2691 4221 2923 4292 βλέπων,
2955 4224 3056 4296 τὴν
3086 4225 3193 4280 τῶν
3219 4227 3440 4297 ἀφανῶν
3469 4247 3527 4282 τε
3554 4231 3650 4284 καὶ
3680 4234 3820 4286 ἀκα-

2237 4311 2525 4382 ταλήπτων
2573 4309 2732 4380 φύσιν
2772 4313 2840 4367 δι’
2879 4314 3120 4388 ἀλλήλων
3153 4319 3312 4384 αὐτός
3347 4337 3406 4373 τε
3450 4319 3636 4391 βλέπει
3659 4363 3674 4384 ,
3720 4323 3820 4377 καὶ

2239 4405 2369 4474 ἡμῖν
2397 4402 2846 4473 ἐγκελεύεται,,ἐκ
2887 4406 2993 4460 τῶν
3021 4408 3195 4480 ἔργων
3233 4410 3332 4475 τὰς
3369 4413 3576 4478 οὐσίας,
3620 4417 3719 4469 καὶ
3757 4418 3823 4483 ἐξ

2165 4487 2212 4546 D
2238 4491 2460 4545 ἐκείνων
2481 4491 2548 4546 τὰ
2578 4492 2715 4566 ἔργα
2744 4495 2916 4564 λέγων
2951 4500 3504 4571 καταλαμϐάνεσθαις,

2321 4584 2480 4638 Ἀλλά
2517 4585 2611 4638 καὶ
2643 4586 2733 4640 τὸν
2777 4589 2977 4660 ἐφεξῆς
3004 4591 3159 4660 λόγον
3188 4596 3653 4670 ἐπισκοπήσωμεν
3673 4618 3686 4632 ο
3722 4603 3826 4656 καὶ

2236 4671 2455 4742 τὴνέπί
2484 4675 2612 4742 ταῖς
2623 4675 2944 4748 ἐνεργείαις
2979 4681 3140 4752 φησὶν
3159 4684 3517 4754 ἀμφιϐολίαν
3542 4689 3825 4746 διαλύειν

2236 4764 2304 4818 ἐκ
2339 4763 2455 4818 τῶν
2484 4766 2725 4821 οὐσιῶν.
2769 4770 2892 4834 Πῶς
2921 4772 2986 4826 ἄν
3021 4791 3108 4838 τις
3139 4767 3300 4830 αὐτὸν
3331 4780 3396 4832 ἐκ
3423 4779 3531 4835 τῶν
3563 4783 3825 4852 ματαίων

2237 4855 2556 4927 ὐπολήψεων
2571 4860 2888 4930 μεταγάγοι;
2915 4863 3025 4918 Καὶ
3040 4865 3136 4931 τὰς
3152 4868 3243 4922 ἐπὶ
3257 4873 3378 4934 ταῖς
3393 4873 3698 4944 ἐνεργείαις
3714 4877 3822 4947 άμι

2236 4948 2481 5017 φιϐολίας
2521 4953 2697 5007 οἴεται.
2707 4955 2927 5010 δυνατὸν
2948 4953 3085 5013 εἶναι
3105 4960 3194 5015 διὰ
3207 4963 3304 5033 τῆς
3325 4966 3682 5038 καταλήψεως
3703 4971 3825 5023 τῶν

2234 5039 2430 5097 οὐσιῶν
2463 5044 2794 5103 διαλύεσθαι.
2825 5049 2945 5114 Πῶς
2970 5051 3058 5105 διὰ
3087 5053 3196 5108 τῶν
3228 5055 3302 5127 μὴ
3356 5059 3828 5131 κατειλημμένων

2232 5132 2292 5185 τὸ
2322 5135 2787 5209 ἀμφιϐαλλόμενον
2825 5143 2904 5206 είς
2926 5142 3104 5197 πίστιν
3131 5144 3284 5213 άγει,;
3318 5146 3380 5201 Ei
3407 5150 3506 5218 μὲν
3539 5150 3651 5221 γὰρ
3680 5170 3821 5205 κατι

2232 5223 2454 5295 είληπτο
2486 5227 2518 5299 ἡ
2562 5228 2741 5293 οὐσία,
2788 5230 2868 5295 τίς
2900 5232 3057 5302 χρεία
3088 5235 3662 5309 πολυπραγμονεῖσθαι
3713 5245 3828 5315 τὴν

2231 5317 2531 5390 ἐνέργειαν,
2563 5317 2637 5382 ὡς
2672 5320 2740 5373 δι’
2766 5321 2976 5393 ἐκείνης
3010 5325 3306 5394 μελλόντων
3341 5330 3495 5400 ἡμῶν
3527 5335 3593 5403 τῇ
3637 5351 3830 5386 κατασ-

2230 5406 2388 5476 λήψει
2421 5405 2512 5459 τοῦ
2551 5407 2880 5479 ζητουμένου
2911 5413 3314 5484 προσάγεσθαι;
3340 5418 3400 5471 Εἰ
3439 5420 3495 5473 δὲ
3531 5421 3620 5476 διὰ
3654 5423 3834 5477 τοῦτο

2229 5499 2552 5571 ἀναγκαίαὴ
2581 5501 2679 5571 τῆς
2710 5503 2986 5574 ἐνεργείας
3011 5507 3274 5574 ἐξέτασις,
3303 5511 3377 5575 ὼς
3403 5511 3470 5566 ἂν
3491 5513 3578 5566 διὰ
3605 5515 3835 5585 ταύτης

2230 5590 2366 5661 πρὸς
2392 5591 2488 5663 τὴν
2516 5591 2728 5646 σύνεσιν
2751 5595 2847 5665 τῆς
2870 5597 3195 5670 ἐνεργούσης
3218 5601 3388 5673 αὐτὴν
3405 5604 3591 5670 οὐσίας
3611 5606 3836 5678 όδηγη-

2230 5679 2472 5752 θείημεν,
2503 5682 2618 5749 πῶς
2646 5685 2778 5754 ἡμῖν
2805 5687 2837 5756 ἡ
2873 5687 3038 5756 μήπω
3064 5690 3365 5758 γνωσθεῖσα
3393 5695 3553 5764 φύσις
3581 5697 3684 5768 τὴν
3722 5701 3838 5754 ἐπὶ

2228 5779 2345 5841 ταῖς
2368 5777 2665 5841 ἐνεργείαις
2688 5777 3014 5850 ἀμφιϐολίαν
3039 5782 3286 5840 διαλῦσαι
3315 5785 3600 5857 δυνήσεται
3625 5811 3642 5856 λ
3671 5792 3834 5848 Παν-
