4032 6208
261 286 370 344 585

1393 286 1672 344 CONTRA
1711 287 2101 358 EUNOMIUM,
2145 287 2274 344 LIB.
2316 288 2357 342 l.

3414 282 3522 343 383

262 405 358 468 τδς
379 407 488 474 γὰρ
518 403 839 474 πράγματος
874 402 1373 475 ἀμφιϐαλλομένου,
1401 404 1488 459 διὰ
1520 407 1627 460 τῶν
1653 406 1847 477 ὁμολο-

1959 406 2270 462 bitationem
2309 403 2376 459 de
2403 402 2816 486 operationibus
2847 402 3153 461 dissolvere
3195 410 3253 461 et
3284 418 3527 461 eximere

265 493 547 565 γουμένων
583 495 638 546 αί
666 492 970 558 ἀποδείξεις
995 492 1256 562 γίνονται.
1300 494 1469 549 Ὅταν
1496 494 1552 548 δὲ
1582 496 1776 567 ἐπίσης
1795 500 1853 549 ἐν

262 582 597 656 ἀμφοτέροις
682 585 795 647 τοῖς
822 583 1175 655 ζητουμένοις
1204 584 1265 637 τὸ
1290 584 1514 656 ἄδηλον·
1545 586 1660 649 πῶς
1692 588 1759 639 τὰ
1785 587 1853 639 δι’

256 674 445 728 αὐτῶν
465 672 803 746 ἀγνοούμενα
827 674 895 728 δι’
923 674 1167 746 ἀλλήλων
1200 674 1717 747 καταλαμϐάνεσθαί
1748 694 1856 747 φη-

262 783 351 819 σιν
375 766 405 818 ό
438 763 739 835 Εὒνόμιος;
774 765 1283 838 ’Δμφιϐαλλομένης
1314 766 1421 841 γὰρ
1456 768 1554 838 τῆς
1596 768 1691 822 τοῦ
1740 770 1856 822 Πα-

263 856 391 929 τρὸς
427 855 639 921 οὐσίας,
670 854 759 908 διὰ
790 856 892 926 τῆς
936 856 1324 929 παρεπομένης
1363 855 1513 928 αύτῷ
1553 859 1854 929 ἐνεργείας,

256 950 363 1002 καὶ
400 947 495 1001 τοῦ
535 946 687 1019 παρὰ
724 947 926 1017 ταύτης
966 947 1417 1011 ἀποτελεσθέντος
1448 948 1649 1020 ἔργου,
1690 966 1855 1018 φανε-

257 1040 497 1112 ροῦσθαι
524 1037 585 1092 τὸ
618 1038 952 1110 ζητούμενον
989 1038 1156 1107 λέγει.
1204 1039 1371 1095 Πάλιν
1399 1040 1456 1093 δὲ
1494 1040 1596 1111 τῆς
1622 1039 1715 1094 τοῦ
1747 1042 1858 1095 Μο-

268 1128 523 1200 νογενοῦς
547 1128 733 1194 obuia;
764 1129 1103 1201 ζητουμένης
1130 1131 1252 1202 ἥτις
1275 1132 1421 1184 ἐστὶν
1450 1131 1545 1200 (ὃν
1566 1133 1676 1185 είτε
1704 1132 1857 1203 ὲνέρε

269 1238 447 1291 γειαν,
487 1220 599 1274 εἴτε
640 1221 738 1292 τῆς
767 1223 1048 1291 ἐνεργείας
1077 1223 1431 1294 ἀποτέλεσμα
1457 1223 1635 1293 λέγει·
1663 1224 1858 1296 κέχρη-

266 1330 360 1368 ται
389 1314 499 1386 γὰρ
526 1314 772 1385 ἑκατέρῳ
809 1312 921 1367 τῶν
945 1312 1187 1384 λόγων),
1217 1317 1281 1369 ὲκ
1315 1316 1412 1386 τῆς
1432 1315 1528 1369 τοῦ
1560 1317 1858 1389 πεποιηκό-

268 1422 364 1469 τος
400 1406 565 1477 φησιν
590 1404 778 1470 οὐσίας
806 1403 1027 1458 εὔκολον
1052 1402 1193 1461 εἶναι
1220 1406 1457 1463 διαλύειν
1479 1407 1579 1478 τὴν
1609 1406 1856 1479 περὶτοῦ

270 1495 613 1566 Μονογενοῦς
645 1495 1076 1568 ἀμφισϐήτησιν.

1954 497 2194 569 poterit?
2237 495 2429 552 Omnis
2469 497 2617 550 enim
2669 497 2769 560 rei,
2810 496 2879 551 de
2924 512 3034 566 qua
3079 495 3383 559 dubitatur,
3432 495 3529 550 dc-

1954 590 2303 653 monstratio,
2355 603 2421 642 ex
2459 586 2733 643 confessis
2775 596 2830 642 et
2872 588 3154 643 concessis
3189 586 3524 643 instituenda

1953 675 2329 753 estaQuando
2365 684 2546 731 autem
2585 675 2864 747 mqualiter
2893 677 2947 732 in
2996 677 3266 746 utrisque,
3297 678 3363 732 de
3401 676 3527 745 qui-

1955 768 2060 825 bus
2089 767 2324 836 quaestio
2361 774 2466 831 est,
2524 766 2853 823 incertitudo
2899 767 3073 824 inest:
3104 766 3378 837 quomodo
3405 782 3532 837 qua

1956 858 2010 913 in
2042 858 2293 928 utrisque
2317 858 2563 928 ignorata
2585 865 2735 922 sunt,
2768 873 2863 928 per
2897 866 3126 928 utraque
3155 868 3345 912 mutuo
3377 866 3523 927 pate-

1954 951 2069 1005 lieri
2116 949 2413 1005 Eunomius
2447 936 2808 1021 jubet?Cum
2862 948 3011 1004 enim
3057 948 3126 1004 de
3162 948 3343 1004 Patris
3396 948 3531 1004 sub-

1955 1045 2157 1099 stantia
2190 1042 2472 1098 dubitatur
2499 1051 2556 1098 et
2609 1043 2930 1113 inquiritur,
2966 1042 3083 1096 vult
3123 1057 3220 1112 per
3257 1040 3535 1112 operatio-

1957 1151 2081 1190 nem
2109 1135 2435 1193 substantiae
2462 1136 2612 1191 illius
2641 1138 2920 1197 comitem,
2952 1144 3008 1189 et
3047 1151 3117 1191 ex
3133 1150 3300 1205 opere
3329 1136 3399 1190 ab
3427 1135 3532 1189 ista

1955 1227 2276 1296 operatione
2325 1226 2518 1282 ell'ecto
2557 1228 2802 1298 ignotum
2853 1227 3120 1296 pateﬁeri.
3159 1226 3375 1282 Rursus
3404 1240 3535 1281 vero

1957 1319 2004 1374 si
2053 1326 2365 1389 quaeratur,
2419 1333 2669 1388 quamam
2727 1319 2799 1373 sit
2841 1318 3115 1388 Unigeuiti
3182 1318 3531 1381 substantia,

1955 1424 2117 1478 quem
2154 1406 2554 1480 (Unigeuitutu)
2595 1409 2712 1463 si‘ve
2747 1410 3146 1477 operationem,
3178 1409 3295 1464 sive
3334 1421 3534 1476 opera-

1958 1500 2123 1556 tionis
2166 1498 2423 1555 ellectuin
2484 1500 2725 1570 appellat
2775 1504 3034 1572 (utroque
3081 1500 3227 1555 enim
3271 1496 3535 1569 loquendi

1956 1607 2157 1664 genere
2172 1593 2388 1663 utitur),
2423 1594 2666 1665 proclive
2693 1609 2819 1649 esse
2850 1595 2949 1658 ait,
2976 1609 3043 1649 ex
3074 1591 3378 1648 conditoris
3402 1590 3535 1647 sub-

1955 1686 2159 1741 stantia
2191 1685 2588 1742 dubitationem
2621 1685 3013 1757 de.Unigenito
3039 1686 3361 1742 dissolvere.

352 1785 559 1850 Ἡδέως
588 1785 634 1839 δ’
665 1785 733 1840 ἂν
765 1784 1042 1842 καὶτοῦτο
1071 1786 1200 1859 παρ’
1225 1785 1392 1840 αὑτοῦ
1411 1783 1697 1858 μάθοιμι·⁶
1727 1787 1853 1845 Ἐπὶ

2026 1776 2294 1833 Caeterum
2339 1778 2571 1834 libenter
2608 1789 2662 1834 et
2704 1778 2853 1835 istud
2895 1795 2960 1833 ex
3005 1780 3100 1833 illo
3129 1778 3532 1849 intelligerem,

271 1877 444 1948 μόνης
473 1876 573 1947 τῆς
602 1874 752 1940 θείας
780 1875 995 1944 φύσεως
1017 1876 1116 1948 τὴν
1146 1877 1239 1930 ἐπὶ
1261 1877 1383 1940 ταῖς
1404 1875 1710 1946 ἐνεργείαις
1745 1877 1854 1947 άμ-

270 1967 522 2038 φιὸοὶίαν
548 1967 613 2020 ὲκ
635 1965 737 2036 τῆς
768 1965 1152 2037 ἐργασαμένης
1196 1967 1384 2032 οὐσίας
1416 1965 1728 2021 διαλύεσθαι
1763 1967 1854 2021 λέ-

268 2076 401 2128 γει,
443 2058 478 2130 ἢ
519 2058 613 2111 καί
653 2058 748 2111 ἐπὶ
790 2057 992 2121 παντὸς
1031 2058 1377 2129 πράγματος,
1419 2051 1465 2127 ᾧ
1504 2076 1588 2123 τις
1627 2058 1855 2131 δύναμις

266 2148 533 2221 ποιητικὴ
564 2148 918 2220 συνυπάρχει,
949 2148 1035 2202 διὰ
1059 2149 1159 2219 τῆς
1201 2148 1295 2203 τοῦ
1326 2145 1605 2215 ποιοῦντος
1645 2151 1855 2216 οὐσίας,

268 2243 368 2297 καὶ
391 2242 494 2313 τὴν
518 2240 631 2295 τῶν
650 2241 950 2311 γεγονότων
971 2240 1132 2310 φύσιν
1160 2241 1532 2310 ἐπιγινώσκει.
1553 2244 1616 2297 Εἰ
1645 2244 1742 2315 μὲν
1763 2239 1858 2299 οὖν

263 2330 363 2382 ἐπὶ
391 2329 569 2400 μόνης
598 2329 697 2401 τῆς
748 2328 898 2393 θείας
923 2328 1204 2400 δυνάμεως
1231 2331 1293 2384 τὸ
1338 2331 1580 2387 τοιοῦτον
1621 2334 1860 2404 ἀποφαί-

144 2450 149 2457 -
265 2437 425 2473 νεται
457 2420 658 2490 δόγμα,
688 2419 919 2484 δειξάτω
974 2419 1093 2485 πῶς
1134 2421 1237 2493 τὴν
1287 2422 1698 2495 ἀμφισϐήτησιν
1748 2424 1857 2479 τῶν

262 2508 365 2563 τού
421 2509 560 2563 Θεοῦ
613 2508 792 2583 ἔργων
837 2511 1044 2566 διαλύει
1079 2512 1168 2567 διὰ
1205 2513 1302 2584 τῆς
1325 2513 1421 2568 τοῦ
1462 2517 1856 2589 ένεργήσαντος

264 2601 512 2671 φύσεως.
544 2600 674 2655 Ἰδοὺ
714 2601 823 2673 γὰρ
850 2602 1217 2673 ἀναμφίϐολον
1237 2604 1396 2678 ἔργον
1415 2605 1572 2672 Θεοῦ,
1602 2609 1853 2680 οὐρανὸς,

395 2691 665 2758 θάλασσα,
700 2693 820 2757 ὅλος
847 2693 877 2745 ὁ
912 2693 1137 2764 κόσμος.
1178 2696 1452 2765 Ζητείσθω
1494 2697 1551 2751 δὲ
1583 2699 1705 2753 καθ’
1727 2700 1858 2754 ὑπό-

262 2786 423 2839 θεσιν
447 2823 463 2847 ,
495 2783 704 2838 τούτων
737 2785 857 2848 ἐνὸς
899 2785 934 2856 ἡ
974 2786 1131 2839 οὐσία
1160 2802 1175 2817 ⁸
1198 2788 1293 2841 καὶ
1335 2786 1475 2842 ἔστω
1517 2789 1744 2861 οὐρανὸς
1789 2792 1856 2864 τῇ

263 2878 483 2949 θεωρία
543 2877 639 2932 τοῦ
697 2877 857 2945 λόγου
916 2879 1294 2951 προκείμενος.
1358 2879 1859 2954 Ἀμφιϐαλλομένης

257 2966 457 3021 τοίνυν
483 2966 580 3019 τοῦ
609 2965 837 3037 οὐρανοῦ
864 2966 963 3037 τῆς
999 2968 1206 3034 οὐσίας,
1240 2969 1328 3023 διά
1355 2970 1453 3035 τὰς
1491 2972 1738 3036 ποικίλας
1765 2973 1859 3028 ἐπὶ

258 3057 452 3156 τούτῳ
473 3057 662 3156 ’δόξας
712 3057 821 3156 των
853 3057 1120 3156 διαφόρως
1163 3061 1308 3156 κατά
1334 3061 1424 3156 pro
1447 3064 1610 3156 φανὲν
1643 3065 1858 3156 ἑκάστῳ
1887 3098 1932 3156 c

258 3150 403 3221 περὶ
426 3147 594 3204 αὑτοῦ
618 3149 1096 3219 φυσιολογούντων,
1110 3151 1228 3215 πῶς
1252 3153 1382 3224 ἡμῖν
1410 3154 1604 3224 ἐπάγει
1628 3156 1726 3226 τὴν
1747 3155 1861 3211 διά-

260 3241 431 3294 λυσιν
458 3240 562 3311 τῆς
596 3238 689 3293 τοῦ
721 3238 1052 3313 ζητουμένου
1085 3242 1410 3313 ἀμφιϐολίας
1443 3246 1477 3316 ἡ
1500 3244 1594 3299 τοῦ
1631 3261 1863 3318 πεποιη-

260 3332 438 3395 κότος
468 3336 566 3384 τὸν
603 3331 830 3402 οὐρανὸν
868 3330 1100 3403 θεωρίας
1134 3333 1370 3399 Ἐκεῖνος
1398 3332 1585 3400 ἄϋλος,
1607 3336 1858 3409 ἀόρατος,

266 3423 717 3493 ἀσχημάτιστος,
779 3423 1069 3494 ἀγέννητός
1113 3440 1173 3477 τε
1212 3424 1307 3479 καὶ
1336 3424 1512 3479 εἰσαεὶ
1557 3425 1856 3498 διαμένων,

266 3516 507 3587 φορᾶς,
521 3516 618 3568 καὶ
641 3514 970 3587 τροπῆς,καὶ
992 3514 1348 3581 ἀλλοιώσεως,
1363 3515 1578 3572 καὶτῶν
1604 3518 1861 3575 τοιούτων

268 3607 499 3660 πάντων
530 3605 878 3670 ἁνεπίδεκτος
904 3606 1099 3677 μένων.
1121 3606 1243 3671 Πῶς
1271 3603 1365 3662 οὖν
1391 3608 1421 3660 ό
1449 3613 1705 3680 τοιαύτην
1733 3610 1861 3681 περὶ

267 3699 371 3751 τοῦ
401 3698 801 3768 ἑνεργήσαντος
826 3696 1004 3750 λαϐὼν
1038 3696 1136 3767 τὴν
1176 3697 1431 3763 διάνοιαν,
1461 3698 1601 3770 πρὸς
1625 3697 1725 3770 τὴν
1748 3699 1863 3753 ἐπί.

270 3805 486 3857 γνωσιν
516 3788 614 3857 τῆς
658 3786 754 3841 τοῦ
797 3787 1028 3859 ούρανοῦ
1061 3786 1277 3858 φύσεως
1317 3788 1704 3862 ὲναχθησεταις
1735 3790 1862 3856 Πῶς

271 3882 341 3934 ἐκ
368 3878 468 3933 τοῦ
494 3879 831 3951 ἀοράτου,τδ
853 3877 1066 3951 ὁρατὸν,
1094 3881 1159 3933 ἐκ
1181 3881 1275 3934 τοῦ
1310 3880 1612 3953 ἀφθάρτου,
1645 3879 1707 3936 τὸ
1732 3882 1863 3952 φθο-

274 3974 350 4045 (ﬂ.
401 3971 762 4042 ὐπκείμενον
798 4009 816 4033 ,
844 3971 909 4025 ἐκ
964 3969 1059 4024 τοῦ
1099 3971 1412 4043 ἀγεννήτως
1445 3972 1617 4038 ὄντος,
1646 3972 1709 4027 τὸ
1752 3971 1862 4027 ἀπὸ

271 4064 475 4135 χρόνου
504 4063 607 4135 τὴν
633 4061 890 4118 σύστασιν
917 4060 1061 4132 ἔχον,
1079 4064 1145 4117 ὲκ
1169 4063 1263 4119 τοῦ
1288 4064 1463 4118 εἰσαεὶ
1492 4064 1857 4136 διαμένοντος,

268 4155 338 4209 τδ
388 4155 727 4226 πρόσκαιρον
751 4156 1087 4228 κεκτημένον
1105 4156 1204 4229 τὴν
1238 4156 1601 4230 ὖπαρξιν,καὶ
1628 4160 1694 4213 ἐκ
1720 4160 1860 4214 πάν-

269 4265 381 4302 των
410 4245 524 4300 τῶν
552 4246 826 4311 ἐναντίων,
855 4246 954 4319 τὴν
981 4248 1107 4319 περὶ
1144 4248 1237 4302 τοῦ
1272 4247 1599 4321 ζητουμένου
1639 4250 1862 4321 ποιήσε-

270 4357 363 4393 ται
404 4338 739 4409 κατανόησιν
767 4355 783 4405 ;
817 4338 1038 4392 Εἱπάτω
1057 4341 1087 4393 ό
1108 4340 1571 4411 περιεσκεμμένος
1601 4339 1670 4393 δι’
1696 4339 1860 4412 ἀκρι-

1953 1882 2085 1921 num
2111 1868 2164 1922 in
2188 1868 2305 1923 sola
2329 1876 2528 1923 natura
2552 1868 2736 1924 divina
2760 1869 3158 1926 dubitationem
3180 1868 3248 1925 de
3267 1870 3537 1939 operatio-

1955 1958 2120 2013 nibus
2145 1974 2208 2013 ex
2240 1960 2522 2029 operantis
2553 1960 2795 2016 essentia
2826 1961 3054 2016 dissolvi
3086 1975 3249 2031 posse
3277 1969 3488 2016 asserat
3513 1976 3533 2029 ;

1955 2064 2027 2103 an
2058 2064 2186 2105 vero
2220 2051 2276 2105 in
2305 2051 2455 2106 omni
2488 2067 2547 2107 re
2569 2090 2585 2114 ,
2615 2052 2705 2107 cui
2750 2052 2944 2123 agendi
2988 2051 3222 2108 facultas
3256 2052 3531 2123 suppetit,

1956 2153 2053 2209 per
2070 2138 2362 2195 ellicientis
2374 2141 2670 2197 essentiam
2689 2141 2980 2198 eﬂ'ectuum
2995 2128 3215 2215 quoque
3235 2143 3533 2199 essentiam

1957 2231 2300 2300 cognoscat?
2331 2229 2386 2287 Si
2418 2231 2487 2288 de
2515 2233 2631 2288 sola
2662 2234 2850 2289 divina
2890 2237 2999 2290 tale
3035 2236 3234 2306 dogma
3275 2235 3532 2299 traditur,

1957 2320 2213 2377 ostendat
2243 2323 2404 2380 nobis
2426 2364 2442 2389 ,
2490 2324 2766 2396 quomodo
2797 2325 3235 2382 dubitationibus
3255 2368 3270 2392 ,
3317 2343 3436 2399 quae
3464 2328 3537 2381 de

1957 2412 2228 2469 creaturis
2258 2411 2355 2469 Dei
2382 2415 2696 2481 exsistunt,
2730 2433 2798 2472 ex
2827 2418 3093 2472 creatoris
3137 2429 3333 2472 natura
3376 2420 3537 2473 satis«

1959 2501 2142 2559 faciat.
2169 2503 2312 2560 Ecce
2337 2506 2482 2561 enim
2510 2506 2876 2563 indubitatum
2902 2524 3042 2578 opus
3068 2507 3162 2563 Dei
3187 2518 3271 2564 est
3294 2510 3493 2564 emlum
3515 2548 3532 2573 ,

1958 2602 2133 2662 terra,
2187 2611 2372 2664 mare,
2426 2606 2572 2655 totus
2622 2599 2880 2655 mundus.
2926 2598 3212 2665 Quaeratur
3258 2615 3391 2669 ergo
3438 2615 3538 2669 per

1960 2685 2285 2758 bypotliesin
2320 2689 2487 2747 unius
2518 2706 2583 2746 ex
2617 2691 2741 2747 istis
2771 2695 3011 2747 essentia
3034 2732 3048 2757 ,
3084 2692 3263 2762 sitque
3291 2694 3492 2747 emlum
3515 2732 3533 2756 ,

1957 2778 2193 2848 exempli
2222 2780 2419 2850 gratia.
2450 2780 2591 2836 Cum
2624 2781 2791 2854 igitur
2819 2780 2945 2837 celi
2975 2782 3216 2838 essentia
3244 2783 3407 2838 dubia
3436 2785 3534 2847 sit,

1960 2874 2183 2937 prepter
2209 2870 2393 2925 varias
2419 2884 2608 2925 eorum
2632 2910 2648 2933 ,
2692 2871 2788 2941 qui
2828 2871 2981 2927 varie
3009 2869 3079 2926 de
3118 2872 3261 2926 caelo
3299 2873 3540 2942 philoso-

1961 2957 2225 3027 phantur,
2257 2960 2549 3029 opiniones
2569 2999 2585 3025 ,
2616 2962 2893 3033 quomodo
2923 2964 3089 3020 nobis
3132 2963 3536 3020 dubitationem

1962 3050 2202 3116 eximet,
2224 3050 2345 3120 ejus
2362 3091 2376 3116 ,
2400 3052 2495 3122 qui
2525 3054 2724 3108 cmlum
2752 3053 2880 3110 fecit
2900 3093 2916 3120 ,
2940 3055 3372 3126 contemplatio?
3394 3053 3533 3108 Nam

1963 3140 2054 3196 ille
2082 3143 2328 3198 materiei
2359 3159 2559 3213 expers
2581 3155 2694 3211 est,
2722 3146 3168 3217 iuaspeetabilis,
3215 3148 3390 3219 ﬁgura
3436 3163 3534 3201 ea-

1961 3247 2089 3288 rens
2110 3273 2126 3298 ,
2162 3234 2582 3303 ingenerabilis,
2624 3238 2887 3307 perpetim
2932 3252 3196 3305 manens,
3229 3239 3536 3308 corruptio-

1961 3323 2048 3379 nis
2067 3364 2083 3388 ,
2116 3326 2471 3392 mutationis,
2499 3336 2555 3382 et
2585 3327 2927 3385 alterationis
2947 3369 2962 3393 ,
2991 3330 3349 3401 omniumque
3381 3332 3532 3386 simi-

1961 3415 2092 3470 liqu
2124 3417 2377 3488 iucapax.
2405 3419 2693 3485 Quomodo
2721 3420 2888 3492 igitur
2911 3422 3037 3487 ille,
3067 3422 3160 3493 qui
3194 3424 3288 3477 tali
3319 3432 3535 3479 senten-

1960 3508 2034 3561 tia
2063 3511 2131 3563 de
2160 3510 2285 3564 οωιί
2314 3511 2604 3567 conditore
2634 3512 2882 3568 imbutus
2910 3522 3026 3577 est,
3054 3514 3122 3569 ad
3160 3515 3532 3586 cognitionem

1959 3608 2170 3655 natura:
2186 3643 2202 3667 ,
2228 3617 2337 3673 qua
2363 3603 2569 3677 malum
2595 3612 2842 3670 constat,
2867 3605 3228 3676 perducetur?
3249 3606 3538 3674 Quomodo

1959 3706 2025 3746 ex
2071 3692 2446 3762 inaspi-etabili
2467 3736 2484 3761 ,
2528 3694 2581 3751 id
2623 3695 2772 3766 quod
2796 3696 2901 3751 sub
2929 3706 3213 3766 aspectum
3244 3700 3434 3763 cadit,
3465 3716 3534 3755 ex

1960 3782 2367 3855 ineorruptibili
2392 3788 2734 3858 corruptioni
2763 3788 3062 3843 obnoxium
3088 3827 3105 3853 ,
3132 3804 3199 3844 ex
3231 3799 3359 3844 ente
3390 3790 3535 3861 inge-

1960 3874 2104 3939 nito,
2146 3875 2202 3930 id
2277 3876 2425 3947 quod
2466 3892 2532 3933 ex
2581 3886 2827 3949 tempore
2855 3887 3296 3951 coagmentatum
3327 3889 3448 3946 est,
3479 3889 3537 3936 et

1959 3982 2027 4023 ex
2055 3983 2123 4024 eo
2148 3968 2297 4040 quod
2337 3984 2555 4041 semper
2595 3971 2760 4026 durat
2796 3981 2852 4025 et
2891 3979 3075 4025 manet
3095 4012 3109 4037 ,
3139 3971 3194 4025 id
3224 3971 3370 4041 quod
3396 3979 3535 4026 tem-

1961 4059 2236 4130 porariam
2265 4070 2324 4117 et
2361 4062 2627 4117 caducam
2670 4062 3053 4118 exsistentiam
3099 4065 3351 4135 accepit,
3378 4066 3534 4119 colli-

1960 4158 2081 4221 get,
2105 4159 2161 4208 et
2188 4168 2255 4208 ex
2286 4153 2357 4208 iis
2392 4167 2516 4223 quas
2557 4153 2676 4217 rei,
2716 4153 2785 4208 de
2824 4168 2930 4222 qua
2973 4157 3257 4224 quaeritur,
3301 4171 3532 4227 prorsus

1960 4243 2026 4298 ad
2037 4251 2346 4307 versantur,
2371 4243 2778 4313 intelligentiam
2806 4242 3099 4300 formabit?
3122 4245 3296 4311 Dicat,
3321 4249 3415 4318 qui
3440 4263 3533 4303 ac-

1960 4343 2153 4391 curate
2174 4350 2261 4391 res
2287 4334 2537 4390 conditas
2565 4335 2896 4406 perlustrat,
2917 4336 3064 4392 dieat
3081 4379 3097 4402 ,
3126 4338 3348 4409 inquam
3364 4381 3379 4407 ,
3405 4356 3538 4412 quo-

272 4431 432 4494 εείας
452 4431 523 4484 τὰ
547 4429 705 4483 evrus
730 4430 936 4484 εἰπάτω
955 4430 1071 4494 πῶς
1096 4432 1212 4485 ἔστι
1239 4430 1463 4485 δυνατὸν
1499 4430 1566 4486 τὰ
1591 4431 1859 4503 ἀνομοίως

1963 4426 2126 4483 [nodo
2157 4426 2273 4482 ﬁeri
2304 4425 2510 4497 possit,
2541 4433 2601 4481 ut
2634 4442 2757 4497 quae
2788 4428 3078 4485 dissimilis
3113 4438 3325 4487 natura:
3365 4444 3531 4499 sunt,

273 4522 422 4577 κατά
452 4520 555 4591 τὴν
584 4519 745 4589 φύσιν
774 4520 987 4592 ἔχοντα,
1012 4521 1079 4576 δι’
1095 4520 1336 4590 ἀλλήλων
1362 4520 1818 4591 ὲπιγινώσκεσθαι
1841 4537 1859 4554 ⁸

275 4613 461 4667 καίτοι
486 4629 553 4682 γε
576 4611 642 4666 δι’
658 4612 836 4666 αὐτῶν
857 4612 1061 4667 τούτων
1087 4606 1162 4668 ὧν
1184 4611 1345 4676 αὐτός
1374 4629 1557 4684 φησιν,
1574 4612 1730 4683 εἰπερ
1750 4614 1861 4677 τοῖς

278 4709 437 4772 ἰδίοις
479 4707 902 4763 κατακολουθεῖν
935 4706 1200 4777 ἠπίστατο
1250 4707 1448 4776 λόγοις,
1483 4706 1738 4779 ὡδηγήθη
1794 4706 1861 4761 ἂν

274 4799 417 4869 πρὸς
446 4797 546 4868 τὴν
567 4796 661 4851 τοῦ
677 4796 1134 4870 ἐκκλησιαστικοῦ
1150 4796 1419 4869 δόγματος
1439 4797 1857 4866 συγκατάθεσιν.

274 4891 342 4943 Εἰ
372 4889 489 4960 γάρ
529 4889 567 4958 ἠ
592 4887 686 4942 τοῦ
714 4889 1042 4960 ποιήσαντος
1084 4886 1245 4956 φύσις
1273 4887 1334 4942 τὸ
1362 4889 1492 4960 παρ’
1513 4888 1678 4959 αὐτῆς
1704 4904 1865 4959 γεγε-

272 4981 519 5051 νημένον
544 4978 804 5045 δείκνυσι,
828 4978 1012 5043 καθὼς
1041 4971 1197 5043 οὗτός
1235 4995 1390 5051 φησι,
1414 4978 1623 5049 ποίημα
1654 4978 1710 5031 δὲ
1740 4979 1864 5032 κατ’

272 5070 535 5133 σπδςό
566 5068 690 5133 Υἱός
737 5071 853 5123 ἔστι
891 5068 986 5124 τοῦ
1033 5069 1267 5141 Πατρὸς.
1306 5070 1524 5134 πάντως
1552 5070 1581 5122 ό
1627 5069 1726 5141 τὴν
1768 5068 1863 5124 τοῦ

270 5161 499 5231 Πατρὶς
540 5160 702 5229 φύσιν
751 5163 1110 5231 κατανοήσας,
1135 5162 1230 5215 καὶ
1263 5161 1363 5233 τὴν
1404 5160 1498 5215 τοῦ
1529 5162 1865 5231 Μονογενοῦς

264 5252 350 5304 δι’
370 5252 597 5316 tantm;
626 5250 914 5323 ἐγνώρισεν
939 5270 953 5285 ·
979 5253 1139 5323 εἴπερ
1168 5254 1200 5323 ἡ
1223 5251 1317 5305 τοῦ
1348 5251 1737 5323 ὲνεργήσαντος
1764 5252 1865 5323 φύ-

268 5360 368 5399 σις
422 5355 486 5397 το
510 5344 638 5413 ὲνερ
652 5344 804 5413 milia:
837 5345 1207 5415 ἀπεσήμηνεν.

364 5434 458 5499 Ὠς
489 5434 592 5488 καὶ
631 5433 717 5487 διὰ
774 5434 961 5488 τούτου
988 5434 1084 5505 τὸν
1127 5434 1230 5505 τῆς
1267 5433 1651 5506 ἀνομοιότητος
1665 5433 1867 5506 αὐτῆς⁰

266 5524 596 5593 Dionysii}.
616 5523 726 5578 τῶν
752 5524 849 5595 τῆς
878 5524 1138 5595 Προνοίας
1165 5523 1342 5594 ἔργων
1361 5524 1831 5595 ἀποσχοινίζεσθαι
1847 5539 1864 5556 ⁸

268 5616 459 5689 μηδὲν
487 5615 1049 5687 πολυπραγμονείσθω
1076 5618 1111 5688 ἡ
1144 5618 1375 5686 γένεσις,
1404 5615 1537 5687 μηδὲ
1572 5614 1868 5687 βεϐιασμέ-

262 5726 397 5773 νως
420 5707 635 5763 humu
655 5709 690 5779 ἡ
713 5707 1031 5781 ἀνομοιότης
1054 5707 1148 5763 τοῦ
1181 5707 1517 5781 Μονογενοῦς
1541 5705 1862 5779 ἑλεγχέσθω.

1964 4533 2059 4589 per
2103 4533 2165 4572 se
2212 4527 2403 4573 mutuo
2451 4520 2895 4590 cognoscantur?
2934 4518 3257 4592 Quanquam
3302 4539 3402 4593 per
3442 4525 3534 4578 illa

1964 4609 2082 4679 ipsa
2124 4624 2245 4679 quae
2275 4608 2439 4673 dicit,
2472 4610 2519 4666 si
2568 4611 2807 4681 propriis
2849 4611 2966 4667 suis
3006 4613 3356 4670 sermonibus
3399 4615 3538 4671 insi-

1963 4712 2109 4757 stere
2154 4708 2376 4768 nosset,
2421 4716 2488 4758 eo
2531 4702 2730 4759 adduci
2784 4711 3000 4775 posset,
3051 4715 3111 4761 ut
3157 4707 3534 4765 ecclesiastico

1963 4791 2202 4863 dogmati
2230 4807 2517 4850 assensum
2541 4794 2824 4864 praeberet.
2854 4792 2910 4848 Si
2939 4796 3084 4850 enim
3118 4797 3414 4854 conditoris
3440 4814 3539 4853 na-

1964 4890 2122 4949 tura,
2177 4883 2233 4938 id
2272 4884 2420 4954 quod
2467 4885 2537 4940 ab
2586 4884 2677 4939 illa
2724 4884 3051 4955 productum
3094 4895 3218 4953 est,
3260 4889 3536 4956 ostendit,

1964 4986 2127 5046 prout
2157 4976 2275 5047 ipse
2305 4976 2571 5042 aﬂirmat,
2608 4992 2748 5047 opus
2788 4986 2968 5032 autem
3010 4993 3076 5034 ex
3122 4980 3368 5049 ipsorum
3410 4996 3534 5036 ser.

1965 5066 2173 5131 tentia,
2219 5076 2303 5123 est
2343 5065 2550 5133 Filius,
2598 5068 2762 5137 plane
2809 5078 3062 5139 oportet,
3111 5078 3169 5124 ut
3214 5073 3306 5141 qui
3358 5069 3539 5129 Patris

1966 5168 2218 5213 naturam
2249 5159 2568 5229 cognoscit,
2614 5169 2914 5229 cognoscat
2957 5176 3176 5230 quoque
3218 5177 3313 5231 per
3351 5162 3538 5231 illam,

1967 5248 2240 5320 Unigeuiti
2285 5259 2573 5315 naturam;
2615 5251 2661 5304 si
2707 5251 3057 5321 producentis
3099 5260 3294 5307 natura
3336 5253 3542 5310 indicat

1965 5345 2127 5399 etiam
2160 5342 2214 5396 id
2249 5342 2393 5411 quod
2430 5343 2755 5413 productum
2786 5351 2890 5399 est.

2036 5431 2178 5499 Quin
2229 5439 2285 5486 et
2347 5447 2445 5503 per
2498 5433 2642 5489 bane
2697 5431 2764 5488 de
2812 5431 3179 5505 inaequalitate
3224 5432 3539 5491 doctrinam

1967 5519 2320 5592 Unigeuitum
2350 5536 2381 5575 a
2415 5521 2774 5577 Providentiae
2819 5523 3078 5593 operibus
3110 5525 3430 5583 excludunt.
3458 5525 3539 5583 Ne

1968 5612 2269 5668 studiosius
2294 5627 2626 5683 occupentur
2650 5613 2798 5668 circa
2822 5614 2943 5686 ejus
2971 5616 3378 5689 generationem
3398 5657 3414 5686 ,
3441 5632 3542 5674 ne-

1968 5719 2078 5777 que
2138 5703 2263 5764 inde
2312 5705 2581 5766 violenter
2617 5707 2963 5782 inaequalitas
3005 5708 3130 5771 Filii
3154 5712 3544 5784 redargnatnr.
