4032 6208
539 337 647 396 537

1751 327 1806 383 S.
1841 321 2162 382 GREGORII
2194 321 2480 379 NYSSENI

3658 317 3759 374 588

541 449 748 505 Suﬂicit
794 448 938 503 enim
972 453 1026 502 et
1079 445 1418 500 voluntatum
1447 443 1738 500 diversitas
1766 443 1832 498 ad
1867 445 1969 498 hoc
1991 482 2005 506 ,
2040 447 2098 493 ut

2221 439 2480 513 lbta'szq;
2502 440 2608 511 γὰρ
2652 439 2803 509 καὶὴ
2837 437 2942 490 τῶν
2986 435 3350 506 προαιρέσεων
3392 430 3621 501 διαφορά
3669 429 3767 503 τὴν

540 549 748 596 naturae
776 538 1144 593 diversitatem
1174 536 1432 590 notiﬁcet.
1461 533 1802 606 Quapropter
1829 550 1952 590 cum
1981 549 2102 587 om-

541 634 718 695 nium,
741 629 902 683 etiam
933 627 1390 690 adversariorum,
1421 627 1788 689 confessione,
1819 627 1992 695 prima
2022 639 2105 679 es-

541 721 718 776 sentia
758 719 986 788 simplex
1032 719 1136 781 sit,
1179 716 1551 771 necessarium
1605 731 1828 785 prorsus
1877 723 1992 781 est,
2044 721 2103 766 ut

539 813 791 860 naturam
826 806 1079 859 voluntas
1122 813 1176 858 et
1218 803 1412 857 electio
1449 804 1777 870 comitetur;
1816 818 1940 857 cum
1973 816 2104 857 vero

541 899 684 952 bona
716 898 966 952 voluntas
1001 911 1094 966 per
1127 895 1524 966 providentiam
1558 895 1993 961 demonstretur,
2028 894 2104 948 si-

543 991 655 1045 mul
696 989 864 1044 etiam
905 988 1313 1042 demonstratur
1353 987 1549 1041 bonam
1583 1001 1704 1041 esse
1741 995 2027 1048 naturam,
2072 1000 2102 1038 a

539 1096 648 1151 qua
680 1091 764 1136 est
795 1081 1070 1133 voluntas.
1106 1077 1243 1132 Cum
1278 1092 1411 1131 vero
1438 1077 1587 1131 solus
1616 1076 1775 1130 Pater
1806 1075 1948 1129 bona
1977 1089 2106 1144 ope-

545 1181 717 1235 retur,
761 1167 936 1223 Filius
981 1175 1160 1222 autem
1201 1167 1390 1220 eadem
1421 1181 1528 1220 non
1569 1165 1730 1220 vellet
1772 1164 2008 1234 (loquor
2039 1179 2106 1217 ex

545 1262 830 1332 hypothesi
863 1260 1297 1313 adversariorum
1325 1256 1546 1328 gratia),
1568 1253 1790 1310 evidens
1815 1262 1963 1310 esset
1995 1252 2107 1307 dii-

543 1351 771 1406 ferrntia
822 1351 876 1404 in
905 1358 1134 1412 natura,
1188 1357 1372 1418 utpote
1410 1347 1727 1402 diversitate
1767 1346 2104 1400 voluntatum

543 1450 758 1498 testata.
799 1441 867 1494 At
912 1441 956 1496 si
1002 1441 1161 1496 Pater
1204 1440 1600 1510 providentiam
1644 1438 1887 1494 omnium
1931 1436 2104 1506 gerit,

544 1535 817 1603 similique
843 1533 1002 1587 modo
1027 1531 1195 1586 Filius
1226 1533 1484 1586 omnibus
1518 1530 1765 1601 providet
1797 1528 1938 1599 (quze
1963 1527 2112 1582 enim

543 1625 690 1680 videt
715 1624 928 1679 Patrem
962 1624 1247 1678 facientem
1270 1663 1285 1686 ,
1321 1623 1574 1677 similiter
1603 1631 1656 1676 et
1685 1617 1861 1676 Filius
1895 1618 2064 1687 facit)
2094 1634 2110 1676 ς

2200 527 2298 596 τῆς
2323 527 2534 597 φύσεως
2570 526 2860 598 ἑτερότητα
2893 523 3230 595 φανερῶσαι·
3264 521 3398 576 διότι
3428 520 3602 592 ἀπλῆς
3628 516 3766 574 εἶναι

2204 616 2744 688 συνομολογηθείσης,
2783 618 2877 670 καὶ
2903 615 3051 686 παρά
3077 614 3183 668 τῶν
3203 613 3476 676 ἐναντίων,
3501 611 3601 683 τῆς
3626 611 3769 682 πρώ-

2201 720 2300 778 της
2347 709 2553 772 οὐσίας,
2587 707 2892 778 ἐπάναγκές
2921 708 3035 760 ἐστι
3074 709 3138 777 τῇ
3169 705 3327 774 φύσει
3370 704 3663 774 σύνδρομον
3684 704 3771 757 ἐνο

2204 799 2342 851 νοεῖν
2368 797 2466 867 τὴν
2508 797 2823 869 προαίρεσιν
2857 811 2869 824 ·
2905 798 3001 868 τῆς
3042 795 3098 849 δέ
3144 795 3512 866 προαιρέσεως
3565 791 3773 863 ἀγαθῆς

2203 888 2289 942 διὰ
2309 889 2408 960 τῆς
2443 889 2695 959 προνοίας
2715 888 3122 960 ἀποδειχθείσης
3144 930 3157 953 ,
3173 887 3349 958 ἀγαθὴ
3383 884 3770 956 συναπεδείχθη

2207 979 2300 1033 καὶ
2330 982 2362 1050 ὴ
2392 980 2572 1049 φύσις,
2606 982 2698 1051 ἀφ’
2725 977 2791 1053 ἧς
2817 984 2850 1054 ἡ
2889 980 3231 1053 προαίρεσις’
3264 979 3422 1049 μόνου
3451 978 3506 1031 δέ
3539 977 3632 1031 τοῦ
3663 979 3772 1031 Ila.-

2205 1069 2334 1140 τρὺς
2357 1071 2425 1124 τά
2456 1072 2635 1140 ἀγαθά
2667 1073 3031 1146 ἐνεργοῦντος,
3059 1071 3151 1126 τοῦ
3180 1071 3237 1124 δὲ
3264 1069 3393 1123 Υίοῦ
3425 1070 3497 1140 μὴ
3525 1067 3594 1121 τά
3639 1067 3776 1123 αύτά

2210 1165 2638 1236 προαιρουμένου
2671 1167 2690 1236 (
2711 1166 2851 1234 λέγω
2877 1165 2933 1218 δὲ
2961 1164 3078 1218 καθ’
3111 1163 3365 1216 ὑπόθεσιν
3388 1161 3494 1214 τῶν
3521 1159 3774 1214 ἐναντίων

2209 1255 2422 1326 ἕνεκεν)
2443 1293 2457 1320 ,
2481 1257 2744 1328 πρόδηλος
2769 1258 2834 1312 ἀν
2857 1253 2923 1329 ἦν
2948 1259 2981 1328 ἡ
3015 1255 3152 1311 κατά
3175 1255 3272 1327 τὴν
3303 1254 3490 1310 οὐσίαν
3523 1251 3772 1324 διαφορὰ,

2210 1346 2286 1415 τῷ
2328 1348 2763 1420 παρηλλαγμένῳ
2795 1349 2900 1404 τῶν
2933 1349 3303 1421 προαιρέσεων
3337 1348 3772 1418 μαρτυρουμένη.

2213 1437 2274 1489 ΕΞ
2301 1438 2354 1490 δὲ
2383 1443 2596 1510 προνοεῖ
2636 1441 2736 1510 μὲν
2774 1442 2802 1494 6
2832 1441 3017 1511 Πατὴρ
3048 1441 3155 1494 τῶν
3179 1441 3452 1501 ἁπάντων,
3483 1441 3696 1509 προνοεῖ
3723 1439 3776 1491 δὲ

2209 1529 2468 1595 ὡσαύτως
2518 1534 2610 1586 καὶ
2654 1534 2683 1585 6
2740 1533 2863 1597 Υἱὸς
2912 1533 2980 1601 (ἀ
3026 1533 3134 1603 γὰρ
3181 1531 3367 1602 βλέπει
3418 1531 3507 1584 τὸν
3561 1531 3779 1601 Πατέρα

2212 1619 2484 1683 ποιοῦντα,
2499 1622 2594 1674 καὶ
2608 1624 2636 1676 6
2654 1623 2780 1686 Υἱὸς
2798 1622 2996 1693 ὁμοίως
3017 1623 3187 1692 ποιεῖ)
3210 1638 3222 1652 ·
3241 1623 3273 1694 ἡ
3291 1622 3399 1674 τῶν
3413 1622 3780 1692 προαιρέσεων

545 1716 802 1772 identitas
830 1717 1125 1771 voluntatis
1145 1757 1160 1781 ,
1183 1715 1498 1770 eorumdem
1531 1714 1719 1770 eadem
1758 1726 1986 1783 prorsus
2010 1727 2109 1766 vo-

2221 1711 2472 1781 ταυτότης
2505 1711 2564 1764 τὸ
2593 1712 2768 1765 κοινὸν
2799 1713 2898 1782 τῆς
2937 1713 3152 1782 φύσεως
3188 1711 3297 1764 τῶν
3326 1711 3392 1764 τά
3422 1711 3559 1764 αὐτὰ
3593 1727 3780 1782 προαιο

543 1810 806 1873 lentium,
856 1808 1314 1862 communionem
1348 1808 1402 1861 in
1455 1815 1647 1859 natura
1689 1805 1947 1860 ostendit.
1999 1803 2109 1858 Cur

543 1899 712 1972 igitur
745 1899 993 1969 rejicitur
1019 1913 1201 1952 sermo
1243 1897 1310 1952 de
1348 1897 1724 1966 providentia,
1767 1895 1925 1964 quasi
1973 1893 2111 1947 nihil

543 1993 663 2062 opis
691 1991 758 2044 ad
803 1988 1136 2060 propositam
1185 1988 1539 2058 quastionem
1586 1985 1876 2041 conterat?
1925 1984 2111 2050 Quan-

543 2096 707 2152 quam
737 2081 909 2134 multa
938 2079 1102 2134 etiam
1136 2093 1199 2133 ex
1231 2077 1507 2132 communi
1536 2077 1641 2132 hac
1664 2077 1774 2130 vita
1795 2077 2110 2147 desumpta,

545 2171 900 2242 disputationi
950 2183 1150 2225 noszrze
1199 2168 1592 2238 suﬂragantur,
1643 2167 1888 2238 intelligo
1931 2175 2113 2221 autem

547 2263 805 2319 omnibus
861 2269 988 2314 nota
1045 2260 1312 2328 exempla.
1371 2259 1474 2326 Qui
1525 2257 1666 2329 ignis
1714 2259 1890 2313 lucem
1947 2257 2112 2323 vidit,

546 2361 601 2407 et
648 2348 1010 2405 calefactricis
1061 2347 1319 2418 potentia:
1367 2349 1800 2417 experimentum
1852 2349 2022 2419 cepit,
2067 2349 2115 2404 si

548 2442 602 2496 in
661 2440 821 2494 aliam
880 2439 1194 2509 huiusmodi
1252 2438 1426 2494 lucem
1475 2449 1529 2494 et
1574 2440 1811 2494 calorem
1864 2440 2114 2495 incidat:

546 2535 822 2588 enimvero
851 2532 905 2586 in
940 2531 1190 2586 notitiam
1219 2531 1360 2603 ignis
1408 2530 1709 2587 deducetur
1756 2547 1822 2586 ex
1858 2532 2117 2588 similitu-

549 2626 673 2681 dine
701 2639 1052 2694 cornumque
1079 2639 1241 2679 sensu
1298 2624 1561 2694 percepit,
1610 2624 1676 2678 ad
1737 2625 2117 2695 cognationem

547 2725 602 2771 et
624 2715 1056 2772 convenientiam
1090 2725 1314 2778 naturae.
1367 2730 1463 2785 per
1522 2729 1685 2784 quam
1734 2714 1922 2769 elTecta
1966 2721 2115 2779 sunt,

550 2814 881 2875 provectus;
934 2819 1040 2858 non
1092 2804 1236 2859 enim
1291 2802 1498 2873 aliquid
1557 2803 1760 2866 omnia,
1807 2818 1929 2872 qua:
1978 2805 2120 2874 ignis

551 2904 699 2962 sunt,
727 2901 928 2964 ageret,
980 2893 1026 2948 si
1058 2892 1200 2962 ignis
1229 2907 1337 2946 non
1371 2901 1537 2948 esset.
1565 2892 1657 2948 Sic
1687 2893 1733 2946 si
1777 2892 1832 2947 in
1885 2892 2044 2948 Patre
2069 2903 2124 2950 et

552 2987 690 3041 Filio
713 2987 942 3041 similem
974 2999 1200 3055 prorsus
1244 2994 1297 3038 et
1337 2985 1600 3054 aequalem
1629 2983 1986 3055 providentia:
2035 3000 2124 3040 ra-

2213 1802 2489 1876 ρουμένων
2524 1805 2740 1866 πάντως
2772 1803 3123 1857 ἐνδείκνυται.
3144 1801 3241 1856 Διά
3265 1802 3317 1856 τί
3343 1799 3433 1856 οὖν
3457 1801 3780 1873 ἀτιμάζεται

2211 1899 2238 1950 6
2265 1897 2361 1968 τῆς
2392 1896 2645 1966 προνοίας
2674 1895 2847 1965 λόγος,
2883 1897 2958 1960 ὡς
2987 1895 3241 1966 οὐδεμίαν
3278 1895 3530 1966 παρέχων
3562 1895 3697 1966 πρὸς
3723 1895 3782 1947 τὸ

2213 1987 2542 2058 ζητούμενον
2583 1988 2682 2060 τὴν
2733 1988 3017 2060 συνεργίαν
3049 2004 3062 2053 ;
3099 1985 3284 2041 Καίτοι
3323 1987 3491 2041 πολλά
3531 1989 3625 2040 καὶ
3674 1985 3785 2040 τῶν

2214 2079 2354 2133 κατὰ
2381 2080 2470 2132 τὸν
2495 2079 2606 2150 βίον
2648 2078 3057 2150 ὑποδειγμάτων
3085 2079 3162 2150 τῷ
3203 2079 3454 2150 ἡμετέρῳ
3490 2079 3632 2150 λόγῳ
3664 2093 3786 2130 συν·-

2214 2170 2556 2239 αγωνίζεται,
2572 2170 2711 2239 λέγω
2737 2170 2792 2224 δὲ
2815 2170 2920 2224 ἀπὸ
2950 2168 3057 2223 τῶν
3083 2171 3214 2224 πᾶσι
3243 2170 3530 2241 γνωρίμων
3562 2169 3629 2221 τά
3654 2169 3786 2221 ὐπο-

2213 2260 2498 2331 δείγματα.
2541 2260 2600 2314 Ὀ
2628 2261 2722 2314 τοῦ
2759 2260 2928 2331 πυρὸς
2956 2261 3018 2314 τὸ
3047 2261 3161 2331 φῶς
3192 2261 3532 2331 τεθεαμένος,
3565 2261 3658 2313 καὶ
3688 2259 3788 2329 τῆς

2217 2349 2585 2422 θερμαντικῆς
2616 2349 2777 2404 αὐτοῦ
2833 2351 3114 2423 δυνάμεως
3163 2354 3244 2415 είς
3295 2353 3488 2423 πεῖραν
3521 2349 3708 2414 ἐλθὼν,
3738 2352 3786 2401 εξ

2217 2441 2360 2513 ἄλλῳ
2379 2442 2602 2513 τοιούτῳ
2635 2443 2792 2512 φωτὶ,
2817 2442 2911 2496 καὶ
2941 2443 3231 2515 θερμότητι
3263 2443 3485 2516 τοιαύτῃ
3515 2443 3786 2504 πελάσειε,

2216 2533 2453 2604 δηλονότι
2493 2533 2628 2605 πρὸς
2663 2535 2761 2604 τὴν
2794 2533 2886 2588 τοῦ
2934 2534 3103 2605 πυρὸς
3152 2534 3358 2589 ἔννοιαν
3395 2534 3786 2606 ἀπαχθήσεται,

2219 2623 2282 2677 ἐκ
2328 2624 2428 2694 τῆς
2461 2625 2772 2694 ὁμοιότητος
2823 2624 2930 2678 τῶν
2980 2623 3253 2694 φανέντων
3295 2623 3463 2693 αὐτῷ,
3508 2623 3645 2694 πρὸς
3689 2621 3790 2692 τὴν

2222 2714 2538 2784 συγγένειαν
2567 2716 2666 2786 τῆς
2697 2715 3156 2787 ἀπεργασαμένης
3191 2715 3332 2768 αύτά
3361 2714 3572 2782 φύσεως
3601 2712 3790 2782 ἐναγό-

2224 2822 2383 2876 μενος
2402 2821 2416 2835 ·
2458 2807 2518 2859 ού
2550 2806 2660 2877 γάρ
2690 2807 2755 2860 ἀν
2787 2825 2840 2860 τι
2865 2806 3002 2861 κατά
3025 2808 3202 2862 πάντα
3234 2806 3302 2861 τά
3326 2807 3418 2860 τοῦ
3445 2806 3613 2878 πυρὸς
3640 2807 3792 2878 ἐνερ-

2221 2900 2407 2969 γήσειε
2439 2897 2514 2970 μὴ
2553 2898 2662 2971 πῦρ
2683 2899 2742 2952 δν
2762 2917 2775 2932 ο
2810 2898 2982 2963 οὕτως
3016 2899 3173 2971 εἰπερ
3210 2899 3392 2969 ὅμοιον
3431 2897 3525 2951 καὶ
3551 2893 3666 2950 ἴσον
3701 2897 3793 2950 τὸν

2224 2992 2385 3045 αὐτὸν
2419 2992 2517 3063 τῆς
2557 2991 2812 3064 προνοίας
2835 2990 2993 3059 λόγον
3032 2989 3108 3061 τῷ
3138 3007 3198 3042 τε
3233 2989 3409 3061 Πατρὶ
3450 2989 3543 3042 καὶ
3565 2987 3642 3058 τῷ
3680 2987 3795 3058 Υίῷ

552 3079 754 3132 tionem
809 3076 1178 3144 agnoscimus;
1233 3083 1363 3129 tunc
1397 3081 1452 3130 et
1491 3091 1585 3144 per
1607 3091 1728 3137 res,
1757 3091 1879 3146 quae
1924 3077 1978 3131 in
2020 3092 2113 3131 no-

2229 3083 2570 3154 καθορῶμεν,
2593 3081 2679 3135 διὰ
2705 3081 2812 3135 τῶν
2834 3082 2913 3144 είς
2927 3081 3026 3152 τὴν
3047 3080 3319 3151 ἡμετέραν
3347 3077 3544 3147 γνῶσιν
3575 3077 3798 3146 φθανόν-

553 3178 721 3223 stram
756 3165 1164 3236 intelligentiam
1203 3165 1423 3229 cadunt,
1458 3173 1511 3220 et
1536 3181 1629 3235 per
1654 3166 1796 3233 illas,
1821 3182 1944 3238 qua:
1974 3183 2126 3223 eam-

554 3257 673 3312 dem
713 3265 990 3326 superant,
1027 3257 1356 3328 colligimus,
1406 3255 1460 3310 in
1516 3257 1584 3312 iis
1632 3257 1833 3327 quibus
1886 3260 2127 3329 :equalcs

555 3363 780 3420 prorsus
809 3357 860 3404 et
891 3349 1096 3406 similes
1120 3357 1248 3404 sunt
1299 3349 1566 3412 actiones,
1613 3349 1750 3403 nihil
1787 3349 2128 3406 diversitatis

557 3441 612 3494 in
657 3449 850 3494 natura
895 3439 1142 3510 reperiri.
1193 3438 1403 3494 Etenim
1449 3440 1906 3510 quemadmodum
1941 3450 2130 3496 mutuo

557 3545 681 3585 sese
709 3531 910 3585 habent
941 3537 1165 3586 externa
1187 3529 1454 3600 cujusque
1476 3530 1677 3584 indicia
1712 3548 1725 3583 :
1770 3531 1852 3586 sic
1881 3547 2132 3589 necessa-

561 3621 642 3674 rio
664 3621 826 3674 etiam
859 3636 979 3676 sese
1006 3621 1285 3676 habebunt
1307 3636 1369 3676 ea
1395 3637 1514 3691 quae
1567 3623 1843 3678 substrata
1879 3632 2006 3680 sunt
2037 3631 2132 3692 ;et

559 3711 607 3766 si
636 3712 831 3766 iudicia
855 3711 957 3768 sibi
988 3713 1261 3766 contraria
1289 3721 1435 3779 sunt,
1457 3714 1703 3783 sequitur
1735 3730 1798 3768 ea
1826 3715 1989 3770 etiam
2010 3730 2132 3785 qua:

559 3804 648 3860 his
703 3804 847 3860 notis
893 3811 949 3858 et
995 3804 1258 3874 symbolis
1313 3804 1599 3874 pateﬁunt,
1640 3807 1920 3860 contraria
1979 3823 2126 3863 esse.

560 3895 713 3965 Quod
745 3897 791 3950 si
835 3895 949 3950 haec
983 3895 1233 3951 similiter
1263 3911 1384 3951 sese
1412 3895 1637 3961 habent,
1669 3913 1845 3966 neque
1879 3898 1968 3952 illa
2014 3897 2130 3954 dis-

563 3985 816 4040 similiter
871 3999 992 4040 sese
1031 3983 1332 4040 habebunt.
1399 3984 1465 4038 Et
1516 3987 1976 4056 quemadmodum
2035 4003 2134 4058 per

561 4076 786 4148 aenigma
815 4074 1078 4132 Dominus
1103 4078 1201 4138 ait.
1261 4075 1474 4132 fructus
1526 4093 1652 4133 esse
1692 4079 1847 4150 signa
1900 4088 2130 4146 naturae,

561 4184 670 4239 qua
699 4168 920 4224 arbores
959 4179 1232 4235 constant,
1274 4171 1431 4241 quasi
1481 4171 1597 4226 lucc
1636 4172 1766 4226 talia
1815 4180 2010 4242 praeter
2036 4189 2134 4226 nu-

564 4266 742 4313 turam
766 4273 874 4313 non
903 4259 1278 4326 immuteutur,
1307 4277 1432 4317 cum
1460 4278 1635 4334 neque
1661 4264 1818 4319 malis
1843 4265 2134 4322 arboribus

563 4347 690 4402 boni
720 4347 951 4412 fructus,
976 4364 1155 4419 neque
1175 4350 1294 4413 vice
1321 4367 1479 4407 versa
1504 4352 1666 4408 bonis
1694 4353 1984 4411 arboribus
2006 4356 2146 4412 mali-

564 4437 777 4493 fructus
833 4447 1174 4510 congruant;
1243 4455 1368 4495 nam
1427 4457 1492 4496 ea;
1565 4444 1859 4512 fructibus,
1921 4447 2132 4518 inquit',

564 4528 778 4584 arbores
826 4540 1210 4599 cognoscuntur
1253 4532 1299 4564 ⁸⁸
1335 4546 1350 4587 :
1408 4534 1492 4590 sic
1536 4550 1661 4589 cum
1696 4537 1750 4591 in
1781 4538 2133 4606 providentia:

564 4617 744 4674 fructu
771 4621 917 4675 nulla
937 4625 1153 4692 penitus
1171 4622 1476 4680 dill‘erentia
1505 4636 1787 4696 appareat,
1816 4629 1940 4697 jure
1966 4646 2130 4686 unam

567 4726 786 4782 quoque
831 4723 1101 4779 naturam,
1140 4714 1238 4768 hos
1273 4713 1486 4772 fructus
1515 4716 1876 4787 proferentem
1910 4721 2136 4778 conﬁte-

568 4820 692 4860 mur
725 4822 738 4859 :
768 4804 978 4860 etiamsi
1023 4821 1086 4859 ex
1133 4804 1411 4862 distinctis
1450 4823 1682 4864 numero
1711 4810 1998 4868 arboribus
2023 4812 2141 4868 l‘ru-

568 4905 690 4948 ctus
717 4905 1160 4964 progenerentur.
1188 4894 1354 4965 igitur
1380 4911 1474 4967 per
1505 4911 1567 4952 ea
1589 4913 1711 4968 quae
1737 4901 1894 4956 nobis
1923 4905 2140 4974 cognita

569 4994 696 5038 sunt
731 4983 965 5054 (cognita
1013 4992 1192 5038 autem
1238 4987 1398 5042 nobis
1447 4997 1533 5043 est
1578 4991 1932 5059 providentiae
1976 4997 2142 5062 ratio,

571 5074 820 5128 similiter
854 5072 997 5127 Patri
1024 5085 1075 5128 et
1103 5072 1242 5128 Filio
1268 5079 1632 5150 competens).
1664 5093 1818 5136 extra
1843 5084 2140 5141 dubitatio-

571 5177 694 5218 nem
763 5161 1090 5232 relinquitur
1143 5179 1361 5234 quoque
1427 5177 1636 5225 natura:
1688 5171 2028 5240 similitudo,
2081 5185 2138 5231 et

567 5253 880 5308 communio
915 5251 1191 5323 Unigeniti
1241 5271 1363 5311 cum
1396 5257 1575 5325 Patre,
1605 5270 1790 5331 utpote
1829 5280 1894 5318 ex
1941 5265 2133 5322 iisdem

569 5345 920 5414 providentia:
951 5344 1216 5403 fructibus
1241 5349 1610 5408 manifestata.

637 5429 859 5499 Verum,
889 5450 954 5490 ne
996 5435 1097 5492 hoc
1126 5438 1408 5510 cogitetur,
1443 5444 1683 5499 occurrit
1725 5443 2020 5504 Eunomius
2048 5447 2136 5502 di-

568 5521 788 5589 ctitans,
821 5539 879 5580 se
909 5529 1232 5584 necessitate
1261 5531 1496 5603 quadam
1529 5544 1774 5592 coactum
1801 5540 2132 5598 abstinuisse

640 5707 685 5742 ³⁸
725 5708 913 5765 Matth.
971 5726 1062 5786 vn,
1113 5711 1194 5766 l8.

2227 3189 2354 3237 των,
2393 3173 2488 3226 καὶ
2534 3172 2642 3226 τῶν
2683 3170 3130 3243 ὑπερπιπτόντων
3176 3168 3274 3239 τὴν
3307 3167 3605 3237 κατάληψιν
3639 3167 3798 3238 ἡμῶν

2230 3263 2615 3336 στοχαζόμεθα,
2655 3263 2730 3328 ὡς
2761 3264 2859 3318 οὐκ
2887 3261 2952 3316 ἃν
2994 3262 3086 3316 τοῦ
3131 3261 3473 3332 ἐτερογενοῦς
3512 3259 3650 3313 κατὰ
3699 3259 3798 3331 τὴν

2230 3352 2388 3421 φύσιν
2413 3355 2524 3416 τοῖς
2548 3353 2680 3416 [σοις
2718 3353 2811 3406 καὶ
2838 3351 3044 3423 ὁμοίοις
3063 3351 3397 3422 ἐνεργήμασι
3431 3349 3803 3420 καταληφθέν-

2228 3458 2338 3504 τος.
2373 3441 2474 3496 Καὶ
2505 3443 2612 3512 γὰρ
2640 3443 2787 3507 ὅπως
2825 3443 2890 3497 ἂν
2915 3442 3010 3514 ἔχῃ
3037 3441 3173 3514 πρὸς
3201 3442 3406 3514 ἄλληλα
3435 3441 3504 3495 τά
3532 3443 3806 3512 ἐπιφαινό-

2233 3549 2369 3603 μενα
2395 3533 2610 3603 ἑκάστῳ
2646 3534 3020 3605 γνωρίσματα,
3045 3533 3218 3598 οὕτως
3238 3535 3297 3602 ἐξ
3320 3536 3579 3605 ἀνάγκης,
3607 3535 3701 3588 καὶ
3730 3537 3803 3589 τὰ

2231 3624 2563 3695 ὑποκείμενα
2590 3625 2719 3690 ἕξει.
2740 3627 2849 3679 Καὶ
2871 3628 2919 3679 εί
2955 3625 3054 3696 μὲν
3074 3626 3332 3690 ἐναντίως
3361 3626 3471 3698 ἔχει
3500 3626 3564 3680 τὰ
3603 3626 3806 3697 γνωρί-

2233 3731 2434 3786 σματα,
2470 3716 2685 3769 ἐναντία
2722 3717 2825 3788 χρὴ
2859 3718 3074 3780 πάντως
3121 3715 3426 3785 λογίζεσθαι
3479 3717 3572 3770 καὶ
3601 3716 3670 3769 τά
3714 3716 3808 3772 διὰ

2231 3803 2432 3858 τούτων
2459 3804 2776 3876 δηλούμενα.
2806 3808 2868 3860 Et
2895 3806 2952 3860 δὲ
2970 3806 3142 3861 ταῦτα
3163 3805 3444 3869 ὡσαύτως,
3470 3806 3590 3859 οὐδέ
3619 3807 3811 3862 ἐκεῖνα

2232 3896 2452 3968 ἑτέρως.
2481 3897 2594 3952 Καὶ
2616 3898 2684 3952 δι’
2712 3899 3053 3969 αἰνίγματος,
3085 3898 3185 3969 τῆς
3203 3897 3311 3951 τῶν
3341 3897 3568 3969 δένδρων
3590 3897 3811 3966 φύσεως

2231 3991 2356 4054 τοὺς
2379 3992 2622 4062 καρποὺς
2641 3993 2670 4044 6
2697 3990 2897 4063 Κύριος
2929 3989 3067 4046 εἷναί
3096 4007 3226 4062 φησι
3255 3989 3324 4043 τά
3349 3993 3566 4062 σημεῖα,
3599 3989 3675 4054 ὡς
3702 3992 3811 4046 οὐκ

2233 4085 2715 4157 ἐπαλλασσομένων
2745 4087 2894 4158 παρά
2917 4086 3075 4157 φύσιν
3103 4086 3211 4139 τῶν
3243 4085 3515 4149 τοιούτων,
3536 4085 3654 4138 ούδὲ
3690 4089 3814 4150 τοῖς

2233 4181 2422 4242 κακοῖς
2458 4179 2564 4232 τῶν
2589 4177 2827 4247 ἀγαθῶν,
2846 4178 2964 4231 οὐδὲ
3001 4176 3061 4229 τὸ
3087 4175 3320 4246 ἔμπαλιν
3347 4179 3456 4239 τοῖς
3485 4176 3668 4240 καλοῖς
3696 4177 3815 4230 τῶν

2233 4266 2490 4322 ἐναντίων
2513 4266 2955 4338 ἐφαρμοζόντωνο
2977 4267 3078 4320 Ἐκ
3099 4267 3206 4337 γὰρ
3229 4266 3349 4320 τῶν
3369 4265 3628 4334 καρπῶν,
3645 4267 3813 4337 φησι,

2236 4359 2308 4410 τὰ
2351 4357 2569 4426 δένδρα
2619 4356 2982 4427 γνωρίζεται·
3011 4354 3153 4410 οὕτω
3194 4357 3286 4410 καὶ
3320 4356 3411 4410 τοῦ
3448 4356 3662 4429 καρποῦ
3710 4357 3818 4428 τῆς

2167 4435 2213 4491 ι)
2241 4449 2492 4518 προνοίας
2521 4447 2773 4518 οὐδεμίαν
2816 4447 3029 4517 ἔχοντος
3079 4447 3362 4518 διαφορὰν,
3413 4447 3538 4518 μίαν
3593 4449 3819 4519 ὁρῶμεν

2239 4541 2332 4594 καὶ
2358 4541 2456 4611 τὴν
2481 4541 2607 4604 τοὺς
2640 4539 2883 4612 καρποὺς
2905 4539 3124 4602 τούτους
3146 4540 3587 4612 ἐκόλαστήσασαν
3611 4541 3780 4611 φύσιν
3800 4559 3816 4574 ·

2239 4633 2342 4686 κᾶν
2370 4634 2433 4685 ἐκ
2462 4631 2771 4704 διαφόρωνό
2793 4630 3001 4703 καρπὸς
3033 4631 3140 4684 τῶν
3160 4631 3386 4701 δένδρων
3418 4632 3818 4702 προϐάλληται.

2243 4722 2452 4778 υύκοῦν
2501 4723 2587 4777 διὰ
2633 4723 2740 4777 τῶν
2765 4727 2831 4794 τῇ
2887 4724 3132 4796 ἡμετέρα
3179 4723 3478 4796 καταλήψει
3519 4723 3824 4794 γνωρίμων

2244 4816 2555 4889 (γνώριμος
2580 4815 2637 4868 δὲ
2662 4817 2790 4886 ἡμῖν
2823 4817 2938 4868 ἐστι
2969 4816 3066 4885 τῆς
3089 4816 3341 4888 προνοίας
3367 4816 3396 4868 6
3426 4815 3598 4884 λόγος,
3629 4816 3826 4869 ὡσαύ-

2239 4925 2348 4972 τως
2389 4908 2483 4961 ἐπὶ
2513 4907 2728 4979 Πατρός
2758 4924 2815 4960 τε
2847 4908 2939 4960 καὶ
2969 4907 3098 4960 Υίοῦ
3144 4907 3548 4979 θεωρούμενος)
3573 4909 3829 4979 ἀναμφί-

2240 4999 2394 5064 6ολος
2441 5001 2669 5068 γίνεται,
2701 5000 2854 5070 καὶὴ
2886 4999 3026 5053 κατὰ
3068 4997 3167 5070 τὴν
3204 5001 3364 5068 φύσιν
3410 4999 3684 5069 ὁμοιότης,
3720 5000 3828 5053 καὶ

2240 5087 2492 5141 κοινωνία
2540 5086 2632 5140 τοῦ
2688 5086 3032 5155 Μονογενοῦς
3081 5088 3218 5157 πρὸς
3273 5087 3362 5140 τὸν
3419 5088 3637 5159 Πατέρα
3669 5127 3684 5151 ,
3727 5088 3828 5140 διὰ

2240 5178 2342 5248 τῆς
2385 5179 2711 5250 ταυτότητος
2747 5178 2855 5232 τῶν
2886 5179 3110 5250 καρπῶν
3147 5179 3244 5249 τῆς
3266 5179 3518 5250 προνοίας
3547 5177 3826 5251 γνωριζοο

2245 5269 2399 5342 μένη-

2325 5447 2464 5502 Ἀλλ⁹
2509 5449 2596 5502 ἵνα
2641 5449 2714 5520 μὴ
2758 5449 2914 5504 τοῦτο
2959 5448 3148 5521 νοηθῇ,
3179 5449 3254 5514 ὡς
3298 5449 3359 5514 ἐξ
3401 5447 3644 5516 ἀνάγκης
3675 5447 3832 5512 τινὸς

2243 5538 2502 5609 βιασθεὶς,
2533 5540 2833 5610 ἀποστῆναι
2875 5539 2972 5610 μὲν
3001 5539 3146 5608 λέγει
3179 5539 3285 5593 τῶν
3327 5539 3424 5610 τῆς
3449 5535 3704 5614 προνοίας
3728 5535 3830 5608 ξρ-
