  <div class='ocr_page' id='page_1' title='image "/cluster/home/n/w/nwhite01/storage/ocr_20150623/45/hvd.32044073501876/212.png"; bbox 0 0 4032 6208; ppageno 0'>
   <div class='ocr_carea' id='block_1_1' title="bbox 265 327 372 385">
    <p class='ocr_par' dir='ltr' id='par_1_1' title="bbox 265 327 372 385">
     <span class='ocr_line' id='line_1_1' title="bbox 265 327 372 385; baseline 0 -2"><span class='ocrx_word' id='word_1_1' title='bbox 265 327 372 385; x_wconf 75' lang='lat'><strong>$89</strong></span> 
     </span>
    </p>
   </div>
   <div class='ocr_carea' id='block_1_2' title="bbox 1468 321 2394 395">
    <p class='ocr_par' dir='ltr' id='par_1_2' title="bbox 1468 321 2394 395">
     <span class='ocr_line' id='line_1_2' title="bbox 1468 321 2394 395; baseline 0.003 -17"><span class='ocrx_word' id='word_1_2' title='bbox 1468 321 1747 379; x_wconf 73' lang='lat' dir='ltr'><strong>CONTRA</strong></span> <span class='ocrx_word' id='word_1_3' title='bbox 1778 322 2161 395; x_wconf 78' lang='lat' dir='ltr'><strong>EUNOMIUM,</strong></span> <span class='ocrx_word' id='word_1_4' title='bbox 2197 324 2322 383; x_wconf 82' lang='lat' dir='ltr'><strong>un.</strong></span> <span class='ocrx_word' id='word_1_5' title='bbox 2355 327 2394 382; x_wconf 84' lang='grc' dir='ltr'><strong>ι.</strong></span> 
     </span>
    </p>
   </div>
   <div class='ocr_carea' id='block_1_3' title="bbox 3419 334 3526 394">
    <p class='ocr_par' dir='ltr' id='par_1_3' title="bbox 3419 334 3526 394">
     <span class='ocr_line' id='line_1_3' title="bbox 3419 334 3526 394; baseline 0 0"><span class='ocrx_word' id='word_1_6' title='bbox 3419 334 3526 394; x_wconf 74' lang='lat'><strong>390</strong></span> 
     </span>
    </p>
   </div>
   <div class='ocr_carea' id='block_1_4' title="bbox 264 440 1860 518">
    <p class='ocr_par' dir='ltr' id='par_1_4' title="bbox 264 440 1852 515">
     <span class='ocr_line' id='line_1_4' title="bbox 264 440 1852 515; baseline 0.013 -26"><span class='ocrx_word' id='word_1_7' title='bbox 264 463 415 515; x_wconf 74' lang='grc' dir='ltr'><strong>γων,</strong></span> <span class='ocrx_word' id='word_1_8' title='bbox 450 440 747 514; x_wconf 76' lang='grc' dir='ltr'><strong>ἀναχθῆναι</strong></span> <span class='ocrx_word' id='word_1_9' title='bbox 781 441 838 495; x_wconf 80' lang='grc' dir='ltr'><strong>δὲ</strong></span> <span class='ocrx_word' id='word_1_10' title='bbox 873 443 968 495; x_wconf 74' lang='grc' dir='ltr'><strong>ἐπὶ</strong></span> <span class='ocrx_word' id='word_1_11' title='bbox 999 441 1091 495; x_wconf 75' lang='grc' dir='ltr'><strong>τὸν</strong></span> <span class='ocrx_word' id='word_1_12' title='bbox 1141 443 1240 512; x_wconf 78' lang='grc' dir='ltr'><strong>τῆς</strong></span> <span class='ocrx_word' id='word_1_13' title='bbox 1291 444 1592 514; x_wconf 76' lang='grc' dir='ltr'><strong>γεννήσεως</strong></span> <span class='ocrx_word' id='word_1_14' title='bbox 1633 445 1852 514; x_wconf 79' lang='grc' dir='ltr'><strong>τρόπον,</strong></span> 
     </span>
    </p>
   </div>
   <div class='ocr_carea' id='block_1_5' title="bbox 1960 440 3541 518">
    <p class='ocr_par' dir='ltr' id='par_1_5' title="bbox 1960 444 3541 518">
     <span class='ocr_line' id='line_1_5' title="bbox 1960 444 3541 518; baseline 0.007 -19"><span class='ocrx_word' id='word_1_15' title='bbox 1960 461 1989 499; x_wconf 87' lang='lat' dir='ltr'><strong>a</strong></span> <span class='ocrx_word' id='word_1_16' title='bbox 2024 445 2379 516; x_wconf 71' lang='lat' dir='ltr'><strong>providentia:</strong></span> <span class='ocrx_word' id='word_1_17' title='bbox 2435 444 2717 515; x_wconf 86' lang='lat' dir='ltr'><strong>operibus,</strong></span> <span class='ocrx_word' id='word_1_18' title='bbox 2751 446 2818 501; x_wconf 85' lang='lat' dir='ltr'><strong>ad</strong></span> <span class='ocrx_word' id='word_1_19' title='bbox 2862 445 3234 518; x_wconf 74' lang='lat' dir='ltr'><strong>generationis</strong></span> <span class='ocrx_word' id='word_1_20' title='bbox 3256 464 3385 509; x_wconf 80' lang='lat' dir='ltr'><strong>vero</strong></span> <span class='ocrx_word' id='word_1_21' title='bbox 3407 468 3541 510; x_wconf 61' lang='grc' dir='ltr'><strong>ωσι</strong></span> 
     </span>
    </p>
   </div>
   <div class='ocr_carea' id='block_1_6' title="bbox 266 532 1858 604">
    <p class='ocr_par' dir='ltr' id='par_1_6' title="bbox 266 532 1858 604">
     <span class='ocr_line' id='line_1_6' title="bbox 266 532 1858 604; baseline -0.001 -15"><span class='ocrx_word' id='word_1_22' title='bbox 266 536 380 591; x_wconf 78' lang='grc' dir='ltr'><strong>διὰ</strong></span> <span class='ocrx_word' id='word_1_23' title='bbox 401 536 463 590; x_wconf 80' lang='grc' dir='ltr'><strong>τὸ</strong></span> <span class='ocrx_word' id='word_1_24' title='bbox 490 533 865 599; x_wconf 72' lang='grc' dir='ltr'><strong>ἀκολουθεῖν,</strong></span> <span class='ocrx_word' id='word_1_25' title='bbox 888 534 1042 604; x_wconf 72' lang='grc' dir='ltr'><strong>φησὶ,</strong></span> <span class='ocrx_word' id='word_1_26' title='bbox 1060 532 1139 599; x_wconf 85' lang='grc' dir='ltr'><strong>τῷ</strong></span> <span class='ocrx_word' id='word_1_27' title='bbox 1167 533 1280 602; x_wconf 80' lang='grc' dir='ltr'><strong>τῆς</strong></span> <span class='ocrx_word' id='word_1_28' title='bbox 1306 532 1643 604; x_wconf 77' lang='grc' dir='ltr'><strong>γεννήσεως</strong></span> <span class='ocrx_word' id='word_1_29' title='bbox 1663 535 1858 604; x_wconf 76' lang='grc' dir='ltr'><strong>τρόπῳ</strong></span> 
     </span>
    </p>
   </div>
   <div class='ocr_carea' id='block_1_7' title="bbox 264 624 1856 698">
    <p class='ocr_par' dir='ltr' id='par_1_7' title="bbox 264 624 1856 698">
     <span class='ocr_line' id='line_1_7' title="bbox 264 624 1856 698; baseline -0.003 -14"><span class='ocrx_word' id='word_1_30' title='bbox 264 628 382 684; x_wconf 73' lang='grc' dir='ltr'><strong>τὸν</strong></span> <span class='ocrx_word' id='word_1_31' title='bbox 430 629 655 696; x_wconf 67' lang='grc' dir='ltr'><strong>τρόπον</strong></span> <span class='ocrx_word' id='word_1_32' title='bbox 682 624 793 694; x_wconf 84' lang='grc' dir='ltr'><strong>τῆς</strong></span> <span class='ocrx_word' id='word_1_33' title='bbox 840 627 1207 695; x_wconf 83' lang='grc' dir='ltr'><strong>ὁμοιότητος.</strong></span> <span class='ocrx_word' id='word_1_34' title='bbox 1249 626 1315 678; x_wconf 83' lang='grc' dir='ltr'><strong>Ὢ</strong></span> <span class='ocrx_word' id='word_1_35' title='bbox 1349 627 1449 697; x_wconf 81' lang='grc' dir='ltr'><strong>τῆς</strong></span> <span class='ocrx_word' id='word_1_36' title='bbox 1477 627 1720 698; x_wconf 80' lang='grc' dir='ltr'><strong>ἀνάγκης</strong></span> <span class='ocrx_word' id='word_1_37' title='bbox 1747 627 1856 681; x_wconf 89' lang='grc' dir='ltr'><strong>τῶν</strong></span> 
     </span>
    </p>
   </div>
   <div class='ocr_carea' id='block_1_8' title="bbox 266 716 1858 790">
    <p class='ocr_par' dir='ltr' id='par_1_8' title="bbox 266 716 1858 790">
     <span class='ocr_line' id='line_1_8' title="bbox 266 716 1858 790; baseline -0.002 -15"><span class='ocrx_word' id='word_1_38' title='bbox 266 718 637 785; x_wconf 72' lang='grc' dir='ltr'><strong>ἀποδείξεωνί</strong></span> <span class='ocrx_word' id='word_1_39' title='bbox 674 716 763 781; x_wconf 83' lang='grc' dir='ltr'><strong>Ὦς</strong></span> <span class='ocrx_word' id='word_1_40' title='bbox 803 716 994 787; x_wconf 85' lang='grc' dir='ltr'><strong>βιαίως</strong></span> <span class='ocrx_word' id='word_1_41' title='bbox 1029 718 1176 787; x_wconf 76' lang='grc' dir='ltr'><strong>ἡμᾶς</strong></span> <span class='ocrx_word' id='word_1_42' title='bbox 1204 718 1241 788; x_wconf 88' lang='grc' dir='ltr'><strong>ή</strong></span> <span class='ocrx_word' id='word_1_43' title='bbox 1269 718 1554 788; x_wconf 81' lang='grc' dir='ltr'><strong>περιουσία</strong></span> <span class='ocrx_word' id='word_1_44' title='bbox 1577 718 1674 790; x_wconf 81' lang='grc' dir='ltr'><strong>τῆς</strong></span> <span class='ocrx_word' id='word_1_45' title='bbox 1696 720 1753 772; x_wconf 82' lang='grc' dir='ltr'><strong>ὲν</strong></span> <span class='ocrx_word' id='word_1_46' title='bbox 1778 718 1858 789; x_wconf 84' lang='grc' dir='ltr'>τῷ</span> 
     </span>
    </p>
   </div>
   <div class='ocr_carea' id='block_1_9' title="bbox 266 808 1856 882">
    <p class='ocr_par' dir='ltr' id='par_1_9' title="bbox 266 808 1856 882">
     <span class='ocr_line' id='line_1_9' title="bbox 266 808 1856 882; baseline 0 -18"><span class='ocrx_word' id='word_1_47' title='bbox 266 810 451 879; x_wconf 72' lang='grc' dir='ltr'><strong>λέγειν</strong></span> <span class='ocrx_word' id='word_1_48' title='bbox 478 809 680 880; x_wconf 81' lang='grc' dir='ltr'><strong>τέχνης</strong></span> <span class='ocrx_word' id='word_1_49' title='bbox 724 808 1127 878; x_wconf 79' lang='grc' dir='ltr'><strong>καταναγκάζει</strong></span> <span class='ocrx_word' id='word_1_50' title='bbox 1159 811 1274 873; x_wconf 83' lang='grc' dir='ltr'><strong>τοῖς</strong></span> <span class='ocrx_word' id='word_1_51' title='bbox 1310 809 1620 882; x_wconf 81' lang='grc' dir='ltr'><strong>εἰρημένοις</strong></span> <span class='ocrx_word' id='word_1_52' title='bbox 1675 811 1856 865; x_wconf 81' lang='grc' dir='ltr'><strong>συντί-</strong></span> 
     </span>
    </p>
   </div>
   <div class='ocr_carea' id='block_1_10' title="bbox 268 899 1856 973">
    <p class='ocr_par' dir='ltr' id='par_1_10' title="bbox 268 899 1856 973">
     <span class='ocr_line' id='line_1_10' title="bbox 268 899 1856 973; baseline -0.001 -17"><span class='ocrx_word' id='word_1_53' title='bbox 268 902 463 956; x_wconf 77' lang='grc' dir='ltr'><strong>θεσθατ</strong></span> <span class='ocrx_word' id='word_1_54' title='bbox 495 902 514 956; x_wconf 84' lang='grc' dir='ltr'><strong>ι</strong></span> <span class='ocrx_word' id='word_1_55' title='bbox 547 900 886 955; x_wconf 81' lang='grc' dir='ltr'><strong>Ἀκολουθεῖν</strong></span> <span class='ocrx_word' id='word_1_56' title='bbox 919 901 1067 970; x_wconf 85' lang='grc' dir='ltr'><strong>λέγει</strong></span> <span class='ocrx_word' id='word_1_57' title='bbox 1100 899 1177 972; x_wconf 81' lang='grc' dir='ltr'><strong>τῷ</strong></span> <span class='ocrx_word' id='word_1_58' title='bbox 1206 900 1392 973; x_wconf 83' lang='grc' dir='ltr'><strong>τρόπῳ</strong></span> <span class='ocrx_word' id='word_1_59' title='bbox 1416 902 1512 973; x_wconf 82' lang='grc' dir='ltr'><strong>τῆς</strong></span> <span class='ocrx_word' id='word_1_60' title='bbox 1551 902 1856 973; x_wconf 82' lang='grc' dir='ltr'><strong>γεννήσεως</strong></span> 
     </span>
    </p>
   </div>
   <div class='ocr_carea' id='block_1_11' title="bbox 269 993 1857 1066">
    <p class='ocr_par' dir='ltr' id='par_1_11' title="bbox 269 993 1857 1066">
     <span class='ocr_line' id='line_1_11' title="bbox 269 993 1857 1066; baseline 0 -18"><span class='ocrx_word' id='word_1_61' title='bbox 269 994 361 1049; x_wconf 73' lang='grc' dir='ltr'><strong>τὸν</strong></span> <span class='ocrx_word' id='word_1_62' title='bbox 398 995 604 1066; x_wconf 76' lang='grc' dir='ltr'><strong>τρόπον</strong></span> <span class='ocrx_word' id='word_1_63' title='bbox 653 996 753 1065; x_wconf 78' lang='grc' dir='ltr'><strong>τῆς</strong></span> <span class='ocrx_word' id='word_1_64' title='bbox 793 993 1127 1065; x_wconf 82' lang='grc' dir='ltr'><strong>ὁμοιότητος.</strong></span> <span class='ocrx_word' id='word_1_65' title='bbox 1174 994 1338 1048; x_wconf 86' lang='grc' dir='ltr'><strong>Ὅσον</strong></span> <span class='ocrx_word' id='word_1_66' title='bbox 1380 994 1441 1048; x_wconf 82' lang='grc' dir='ltr'><strong>τὺ</strong></span> <span class='ocrx_word' id='word_1_67' title='bbox 1481 993 1725 1064; x_wconf 78' lang='grc' dir='ltr'><strong>τεχνικὸν</strong></span> <span class='ocrx_word' id='word_1_68' title='bbox 1763 993 1857 1048; x_wconf 73' lang='grc' dir='ltr'><strong>καὶ</strong></span> 
     </span>
    </p>
   </div>
   <div class='ocr_carea' id='block_1_12' title="bbox 267 1084 1856 1157">
    <p class='ocr_par' dir='ltr' id='par_1_12' title="bbox 267 1084 1856 1157">
     <span class='ocr_line' id='line_1_12' title="bbox 267 1084 1856 1157; baseline 0.001 -18"><span class='ocrx_word' id='word_1_69' title='bbox 267 1084 748 1157; x_wconf 77' lang='grc' dir='ltr'><strong>περιεσκεμμένον</strong></span> <span class='ocrx_word' id='word_1_70' title='bbox 774 1085 875 1155; x_wconf 78' lang='grc' dir='ltr'><strong>τῆς</strong></span> <span class='ocrx_word' id='word_1_71' title='bbox 924 1085 1283 1155; x_wconf 78' lang='grc' dir='ltr'><strong>ἀποφάσεωςί</strong></span> <span class='ocrx_word' id='word_1_72' title='bbox 1324 1085 1532 1140; x_wconf 80' lang='grc' dir='ltr'><strong>Οὐκοῦν</strong></span> <span class='ocrx_word' id='word_1_73' title='bbox 1558 1085 1625 1139; x_wconf 85' lang='grc' dir='ltr'><strong>ἂν</strong></span> <span class='ocrx_word' id='word_1_74' title='bbox 1653 1102 1856 1157; x_wconf 84' lang='grc' dir='ltr'><strong>γνωρι-</strong></span> 
     </span>
    </p>
   </div>
   <div class='ocr_carea' id='block_1_13' title="bbox 274 1176 1858 1252">
    <p class='ocr_par' dir='ltr' id='par_1_13' title="bbox 274 1176 1858 1252">
     <span class='ocr_line' id='line_1_13' title="bbox 274 1176 1858 1252; baseline -0.001 -19"><span class='ocrx_word' id='word_1_75' title='bbox 274 1181 433 1252; x_wconf 53' lang='lat' dir='ltr'><strong>«Osiri</strong></span> <span class='ocrx_word' id='word_1_76' title='bbox 476 1179 680 1249; x_wconf 73' lang='grc' dir='ltr'><strong>τρόπος</strong></span> <span class='ocrx_word' id='word_1_77' title='bbox 712 1178 1051 1248; x_wconf 76' lang='grc' dir='ltr'><strong>γεννήσεως,</strong></span> <span class='ocrx_word' id='word_1_78' title='bbox 1081 1177 1470 1249; x_wconf 79' lang='grc' dir='ltr'><strong>συναπεδείχθη</strong></span> <span class='ocrx_word' id='word_1_79' title='bbox 1502 1176 1677 1249; x_wconf 80' lang='grc' dir='ltr'><strong>τούτῳ</strong></span> <span class='ocrx_word' id='word_1_80' title='bbox 1706 1179 1801 1232; x_wconf 75' lang='grc' dir='ltr'><strong>καὶ</strong></span> <span class='ocrx_word' id='word_1_81' title='bbox 1828 1180 1858 1232; x_wconf 84' lang='grc' dir='ltr'><strong><em>ὁ</em></strong></span> 
     </span>
    </p>
   </div>
   <div class='ocr_carea' id='block_1_14' title="bbox 269 1268 1861 1341">
    <p class='ocr_par' dir='ltr' id='par_1_14' title="bbox 269 1268 1861 1341">
     <span class='ocr_line' id='line_1_14' title="bbox 269 1268 1861 1341; baseline -0.001 -18"><span class='ocrx_word' id='word_1_82' title='bbox 269 1272 477 1341; x_wconf 79' lang='grc' dir='ltr'><strong>τρόπος</strong></span> <span class='ocrx_word' id='word_1_83' title='bbox 503 1272 604 1340; x_wconf 74' lang='grc' dir='ltr'><strong>τῆς</strong></span> <span class='ocrx_word' id='word_1_84' title='bbox 634 1268 973 1341; x_wconf 80' lang='grc' dir='ltr'><strong>ὁμοιότητος.</strong></span> <span class='ocrx_word' id='word_1_85' title='bbox 1016 1269 1231 1339; x_wconf 82' lang='grc' dir='ltr'><strong>Ἐπειδὴ</strong></span> <span class='ocrx_word' id='word_1_86' title='bbox 1258 1269 1439 1324; x_wconf 78' lang='grc' dir='ltr'><strong>τοίνυν</strong></span> <span class='ocrx_word' id='word_1_87' title='bbox 1472 1268 1583 1324; x_wconf 88' lang='grc' dir='ltr'><strong>τῶν</strong></span> <span class='ocrx_word' id='word_1_88' title='bbox 1612 1268 1702 1324; x_wconf 86' lang='grc' dir='ltr'><strong>διὰ</strong></span> <span class='ocrx_word' id='word_1_89' title='bbox 1732 1286 1861 1341; x_wconf 86' lang='grc' dir='ltr'><strong>σαρ-</strong></span> 
     </span>
    </p>
   </div>
   <div class='ocr_carea' id='block_1_15' title="bbox 271 1359 1860 1433">
    <p class='ocr_par' dir='ltr' id='par_1_15' title="bbox 271 1359 1860 1433">
     <span class='ocr_line' id='line_1_15' title="bbox 271 1359 1860 1433; baseline -0.001 -18"><span class='ocrx_word' id='word_1_90' title='bbox 271 1364 369 1425; x_wconf 79' lang='grc' dir='ltr'><strong>κὸς</strong></span> <span class='ocrx_word' id='word_1_91' title='bbox 398 1360 733 1431; x_wconf 73' lang='grc' dir='ltr'><strong>τικτομένων</strong></span> <span class='ocrx_word' id='word_1_92' title='bbox 759 1359 916 1425; x_wconf 77' lang='grc' dir='ltr'><strong>ζώων</strong></span> <span class='ocrx_word' id='word_1_93' title='bbox 942 1360 1176 1425; x_wconf 83' lang='grc' dir='ltr'><strong>πάντων,</strong></span> <span class='ocrx_word' id='word_1_94' title='bbox 1205 1361 1239 1433; x_wconf 83' lang='grc' dir='ltr'><strong>ἧ</strong></span> <span class='ocrx_word' id='word_1_95' title='bbox 1262 1361 1371 1414; x_wconf 85' lang='grc' dir='ltr'><strong>τῶν</strong></span> <span class='ocrx_word' id='word_1_96' title='bbox 1400 1361 1688 1425; x_wconf 80' lang='grc' dir='ltr'><strong>πλείστων,</strong></span> <span class='ocrx_word' id='word_1_97' title='bbox 1711 1363 1739 1414; x_wconf 87' lang='grc' dir='ltr'>ὁ</span> <span class='ocrx_word' id='word_1_98' title='bbox 1760 1362 1860 1416; x_wconf 84' lang='grc' dir='ltr'><strong>αὑ-</strong></span> 
     </span>
    </p>
   </div>
   <div class='ocr_carea' id='block_1_16' title="bbox 271 1449 1857 1523">
    <p class='ocr_par' dir='ltr' id='par_1_16' title="bbox 271 1449 1857 1523">
     <span class='ocr_line' id='line_1_16' title="bbox 271 1449 1857 1523; baseline -0.001 -18"><span class='ocrx_word' id='word_1_99' title='bbox 271 1453 366 1515; x_wconf 90' lang='grc' dir='ltr'><strong>τός</strong></span> <span class='ocrx_word' id='word_1_100' title='bbox 412 1454 531 1505; x_wconf 78' lang='grc' dir='ltr'><strong>ἐστι</strong></span> <span class='ocrx_word' id='word_1_101' title='bbox 571 1453 672 1521; x_wconf 79' lang='grc' dir='ltr'><strong>τῆς</strong></span> <span class='ocrx_word' id='word_1_102' title='bbox 720 1451 1026 1520; x_wconf 81' lang='grc' dir='ltr'><strong>γεννήσεως</strong></span> <span class='ocrx_word' id='word_1_103' title='bbox 1065 1449 1298 1523; x_wconf 85' lang='grc' dir='ltr'><strong>τρόπος,</strong></span> <span class='ocrx_word' id='word_1_104' title='bbox 1330 1449 1610 1507; x_wconf 83' lang='grc' dir='ltr'><strong>ἀκολουθεῖ</strong></span> <span class='ocrx_word' id='word_1_105' title='bbox 1645 1450 1704 1504; x_wconf 83' lang='grc' dir='ltr'><strong>δὲ</strong></span> <span class='ocrx_word' id='word_1_106' title='bbox 1735 1449 1857 1504; x_wconf 87' lang='grc' dir='ltr'><strong>κατ’</strong></span> 
     </span>
    </p>
   </div>
   <div class='ocr_carea' id='block_1_17' title="bbox 271 1540 1857 1615">
    <p class='ocr_par' dir='ltr' id='par_1_17' title="bbox 271 1540 1857 1615">
     <span class='ocr_line' id='line_1_17' title="bbox 271 1540 1857 1615; baseline -0.004 -16"><span class='ocrx_word' id='word_1_107' title='bbox 271 1546 476 1609; x_wconf 76' lang='grc' dir='ltr'><strong>αὑτοὺς</strong></span> <span class='ocrx_word' id='word_1_108' title='bbox 497 1544 576 1615; x_wconf 78' lang='grc' dir='ltr'><strong>τῷ</strong></span> <span class='ocrx_word' id='word_1_109' title='bbox 602 1543 792 1614; x_wconf 82' lang='grc' dir='ltr'><strong>τρόπῳ</strong></span> <span class='ocrx_word' id='word_1_110' title='bbox 816 1543 915 1614; x_wconf 84' lang='grc' dir='ltr'><strong>τῆς</strong></span> <span class='ocrx_word' id='word_1_111' title='bbox 933 1544 1236 1613; x_wconf 80' lang='grc' dir='ltr'><strong>γεννήσεως</strong></span> <span class='ocrx_word' id='word_1_112' title='bbox 1260 1544 1288 1595; x_wconf 89' lang='grc' dir='ltr'><strong>ό</strong></span> <span class='ocrx_word' id='word_1_113' title='bbox 1317 1540 1515 1615; x_wconf 79' lang='grc' dir='ltr'><strong>τρόπος</strong></span> <span class='ocrx_word' id='word_1_114' title='bbox 1546 1542 1644 1612; x_wconf 82' lang='grc' dir='ltr'><strong>τῆς</strong></span> <span class='ocrx_word' id='word_1_115' title='bbox 1673 1540 1857 1611; x_wconf 85' lang='grc' dir='ltr'><strong>ὁμοιό-</strong></span> 
     </span>
    </p>
   </div>
   <div class='ocr_carea' id='block_1_18' title="bbox 271 1632 1854 1706">
    <p class='ocr_par' dir='ltr' id='par_1_18' title="bbox 271 1632 1854 1706">
     <span class='ocr_line' id='line_1_18' title="bbox 271 1632 1854 1706; baseline -0.002 -18"><span class='ocrx_word' id='word_1_116' title='bbox 271 1652 461 1706; x_wconf 79' lang='grc' dir='ltr'><strong>τητος,</strong></span> <span class='ocrx_word' id='word_1_117' title='bbox 488 1636 666 1689; x_wconf 70' lang='grc' dir='ltr'><strong>πάντα</strong></span> <span class='ocrx_word' id='word_1_118' title='bbox 690 1633 760 1686; x_wconf 74' lang='grc' dir='ltr'><strong>τὰ</strong></span> <span class='ocrx_word' id='word_1_119' title='bbox 788 1633 932 1686; x_wconf 71' lang='grc' dir='ltr'><strong>κατὰ</strong></span> <span class='ocrx_word' id='word_1_120' title='bbox 973 1633 1065 1688; x_wconf 71' lang='grc' dir='ltr'><strong>τὸν</strong></span> <span class='ocrx_word' id='word_1_121' title='bbox 1104 1632 1266 1687; x_wconf 79' lang='grc' dir='ltr'><strong>αὑτὸν</strong></span> <span class='ocrx_word' id='word_1_122' title='bbox 1308 1633 1510 1704; x_wconf 82' lang='grc' dir='ltr'><strong>τρόπον</strong></span> <span class='ocrx_word' id='word_1_123' title='bbox 1540 1632 1854 1703; x_wconf 82' lang='grc' dir='ltr'><strong>τικτόμενα,</strong></span> 
     </span>
    </p>
   </div>
   <div class='ocr_carea' id='block_1_19' title="bbox 268 1724 1856 1799">
    <p class='ocr_par' dir='ltr' id='par_1_19' title="bbox 268 1724 1856 1799">
     <span class='ocr_line' id='line_1_19' title="bbox 268 1724 1856 1799; baseline -0.003 -17"><span class='ocrx_word' id='word_1_124' title='bbox 268 1727 477 1799; x_wconf 80' lang='grc' dir='ltr'><strong>ὁμοίως</strong></span> <span class='ocrx_word' id='word_1_125' title='bbox 503 1726 617 1792; x_wconf 78' lang='grc' dir='ltr'><strong>ἕξει</strong></span> <span class='ocrx_word' id='word_1_126' title='bbox 656 1727 874 1789; x_wconf 78' lang='grc' dir='ltr'><strong>πάντως</strong></span> <span class='ocrx_word' id='word_1_127' title='bbox 912 1725 1049 1797; x_wconf 77' lang='grc' dir='ltr'><strong>πρὸς</strong></span> <span class='ocrx_word' id='word_1_128' title='bbox 1075 1725 1144 1778; x_wconf 76' lang='grc' dir='ltr'><strong>τὰ</strong></span> <span class='ocrx_word' id='word_1_129' title='bbox 1176 1725 1377 1797; x_wconf 85' lang='grc' dir='ltr'><strong>ὁμοίως</strong></span> <span class='ocrx_word' id='word_1_130' title='bbox 1428 1724 1759 1797; x_wconf 82' lang='grc' dir='ltr'><strong>γεννώμενα.</strong></span> <span class='ocrx_word' id='word_1_131' title='bbox 1791 1725 1856 1777; x_wconf 78' lang='grc' dir='ltr'><strong>Εἰ</strong></span> 
     </span>
    </p>
   </div>
   <div class='ocr_carea' id='block_1_20' title="bbox 271 1814 1859 1889">
    <p class='ocr_par' dir='ltr' id='par_1_20' title="bbox 271 1814 1859 1889">
     <span class='ocr_line' id='line_1_20' title="bbox 271 1814 1859 1889; baseline 0.004 -18"><span class='ocrx_word' id='word_1_132' title='bbox 271 1815 372 1872; x_wconf 76' lang='grc' dir='ltr'><strong>οὖν</strong></span> <span class='ocrx_word' id='word_1_133' title='bbox 402 1819 434 1870; x_wconf 82' lang='grc' dir='ltr'><strong>ό</strong></span> <span class='ocrx_word' id='word_1_134' title='bbox 473 1817 574 1887; x_wconf 81' lang='grc' dir='ltr'><strong>τῆς</strong></span> <span class='ocrx_word' id='word_1_135' title='bbox 621 1818 931 1887; x_wconf 83' lang='grc' dir='ltr'><strong>γεννήσεως</strong></span> <span class='ocrx_word' id='word_1_136' title='bbox 980 1816 1181 1889; x_wconf 79' lang='grc' dir='ltr'><strong>τρόπος</strong></span> <span class='ocrx_word' id='word_1_137' title='bbox 1209 1857 1225 1881; x_wconf 88' lang='grc'><strong>,</strong></span> <span class='ocrx_word' id='word_1_138' title='bbox 1262 1815 1445 1880; x_wconf 82' lang='grc' dir='ltr'><strong>καθώς</strong></span> <span class='ocrx_word' id='word_1_139' title='bbox 1491 1831 1655 1888; x_wconf 82' lang='grc' dir='ltr'><strong>φησιν</strong></span> <span class='ocrx_word' id='word_1_140' title='bbox 1683 1815 1714 1867; x_wconf 77' lang='grc' dir='ltr'><strong>ὁ</strong></span> <span class='ocrx_word' id='word_1_141' title='bbox 1761 1814 1859 1885; x_wconf 75' lang='grc' dir='ltr'><strong>τῆς</strong></span> 
     </span>
    </p>
   </div>
   <div class='ocr_carea' id='block_1_21' title="bbox 274 1902 1861 1982">
    <p class='ocr_par' dir='ltr' id='par_1_21' title="bbox 274 1902 1861 1982">
     <span class='ocr_line' id='line_1_21' title="bbox 274 1902 1861 1982; baseline -0.003 -18"><span class='ocrx_word' id='word_1_142' title='bbox 274 1910 547 1982; x_wconf 74' lang='grc' dir='ltr'><strong>αἱρέσεως</strong></span> <span class='ocrx_word' id='word_1_143' title='bbox 571 1909 751 1978; x_wconf 80' lang='grc' dir='ltr'><strong>λόγος,</strong></span> <span class='ocrx_word' id='word_1_144' title='bbox 780 1908 964 1980; x_wconf 80' lang='grc' dir='ltr'><strong>ἐαυτῷ</strong></span> <span class='ocrx_word' id='word_1_145' title='bbox 1011 1908 1075 1963; x_wconf 83' lang='grc' dir='ltr'><strong>τὸ</strong></span> <span class='ocrx_word' id='word_1_146' title='bbox 1118 1909 1436 1979; x_wconf 81' lang='grc' dir='ltr'><strong>τικτόμενον</strong></span> <span class='ocrx_word' id='word_1_147' title='bbox 1468 1910 1675 1979; x_wconf 78' lang='grc' dir='ltr'><strong>ὁμοιοῖ·</strong></span> <span class='ocrx_word' id='word_1_148' title='bbox 1708 1902 1861 1970; x_wconf 73' lang='grc' dir='ltr'><strong>οὗτος</strong></span> 
     </span>
    </p>
   </div>
   <div class='ocr_carea' id='block_1_22' title="bbox 267 1999 1862 2071">
    <p class='ocr_par' dir='ltr' id='par_1_22' title="bbox 267 1999 1862 2071">
     <span class='ocr_line' id='line_1_22' title="bbox 267 1999 1862 2071; baseline -0.002 -15"><span class='ocrx_word' id='word_1_149' title='bbox 267 2002 337 2056; x_wconf 73' lang='grc' dir='ltr'><strong>δὲ</strong></span> <span class='ocrx_word' id='word_1_150' title='bbox 356 2000 482 2055; x_wconf 81' lang='grc' dir='ltr'><strong>κατ’</strong></span> <span class='ocrx_word' id='word_1_151' title='bbox 516 2000 670 2054; x_wconf 83' lang='grc' dir='ltr'><strong>οὐδὲν</strong></span> <span class='ocrx_word' id='word_1_152' title='bbox 701 2002 761 2053; x_wconf 76' lang='grc' dir='ltr'><strong>ὲν</strong></span> <span class='ocrx_word' id='word_1_153' title='bbox 784 2003 905 2064; x_wconf 81' lang='grc' dir='ltr'><strong>ταῖς</strong></span> <span class='ocrx_word' id='word_1_154' title='bbox 937 2000 1208 2066; x_wconf 76' lang='grc' dir='ltr'><strong>ποικίλαις</strong></span> <span class='ocrx_word' id='word_1_155' title='bbox 1247 2001 1355 2055; x_wconf 90' lang='grc' dir='ltr'><strong>τῶν</strong></span> <span class='ocrx_word' id='word_1_156' title='bbox 1394 1999 1546 2065; x_wconf 79' lang='grc' dir='ltr'><strong>ζώων</strong></span> <span class='ocrx_word' id='word_1_157' title='bbox 1583 2000 1862 2071; x_wconf 82' lang='grc' dir='ltr'><strong>διαφοραῖς</strong></span> 
     </span>
    </p>
   </div>
   <div class='ocr_carea' id='block_1_23' title="bbox 266 2089 1861 2155">
    <p class='ocr_par' dir='ltr' id='par_1_23' title="bbox 266 2089 1861 2155">
     <span class='ocr_line' id='line_1_23' title="bbox 266 2089 1861 2155; baseline 0.002 -11"><span class='ocrx_word' id='word_1_158' title='bbox 266 2090 618 2155; x_wconf 76' lang='grc' dir='ltr'><strong>ἀλλοιοῦται,</strong></span> <span class='ocrx_word' id='word_1_159' title='bbox 666 2089 782 2144; x_wconf 82' lang='grc' dir='ltr'><strong>ἀλλ’</strong></span> <span class='ocrx_word' id='word_1_160' title='bbox 824 2092 854 2144; x_wconf 87' lang='grc' dir='ltr'><strong>ό</strong></span> <span class='ocrx_word' id='word_1_161' title='bbox 883 2090 1045 2152; x_wconf 81' lang='grc' dir='ltr'><strong>αὑτὸς</strong></span> <span class='ocrx_word' id='word_1_162' title='bbox 1087 2092 1180 2145; x_wconf 71' lang='grc' dir='ltr'><strong>ἐπὶ</strong></span> <span class='ocrx_word' id='word_1_163' title='bbox 1205 2092 1315 2145; x_wconf 88' lang='grc' dir='ltr'><strong>τῶν</strong></span> <span class='ocrx_word' id='word_1_164' title='bbox 1363 2092 1629 2147; x_wconf 75' lang='grc' dir='ltr'><strong>πλείστων</strong></span> <span class='ocrx_word' id='word_1_165' title='bbox 1674 2091 1820 2147; x_wconf 70' lang='grc' dir='ltr'><strong>ἐστίν</strong></span> <span class='ocrx_word' id='word_1_166' title='bbox 1842 2104 1861 2122; x_wconf 82' lang='lat'>&#39;</span> 
     </span>
    </p>
   </div>
   <div class='ocr_carea' id='block_1_24' title="bbox 270 2187 1863 2261">
    <p class='ocr_par' dir='ltr' id='par_1_24' title="bbox 270 2187 1863 2261">
     <span class='ocr_line' id='line_1_24' title="bbox 270 2187 1863 2261; baseline 0 -19"><span class='ocrx_word' id='word_1_167' title='bbox 270 2189 636 2259; x_wconf 72' lang='grc' dir='ltr'><strong>εὑρεθήσεται</strong></span> <span class='ocrx_word' id='word_1_168' title='bbox 660 2191 692 2259; x_wconf 86' lang='grc' dir='ltr'><strong>ή</strong></span> <span class='ocrx_word' id='word_1_169' title='bbox 715 2187 947 2243; x_wconf 86' lang='grc' dir='ltr'><strong>καθόλου</strong></span> <span class='ocrx_word' id='word_1_170' title='bbox 970 2188 1066 2241; x_wconf 75' lang='grc' dir='ltr'><strong>καὶ</strong></span> <span class='ocrx_word' id='word_1_171' title='bbox 1085 2188 1209 2259; x_wconf 86' lang='grc' dir='ltr'><strong>δίχα</strong></span> <span class='ocrx_word' id='word_1_172' title='bbox 1232 2188 1378 2253; x_wconf 78' lang='grc' dir='ltr'><strong>τινὸς</strong></span> <span class='ocrx_word' id='word_1_173' title='bbox 1403 2187 1686 2261; x_wconf 76' lang='grc' dir='ltr'><strong>διορισμοῦ</strong></span> <span class='ocrx_word' id='word_1_174' title='bbox 1708 2204 1863 2257; x_wconf 76' lang='grc' dir='ltr'><strong>γενοο</strong></span> 
     </span>
    </p>
   </div>
   <div class='ocr_carea' id='block_1_25' title="bbox 275 2278 1862 2351">
    <p class='ocr_par' dir='ltr' id='par_1_25' title="bbox 275 2278 1862 2351">
     <span class='ocr_line' id='line_1_25' title="bbox 275 2278 1862 2351; baseline 0.002 -20"><span class='ocrx_word' id='word_1_175' title='bbox 275 2278 418 2349; x_wconf 76' lang='grc' dir='ltr'><strong>μὲνη</strong></span> <span class='ocrx_word' id='word_1_176' title='bbox 452 2279 731 2347; x_wconf 75' lang='grc' dir='ltr'><strong>ἀπόφασις</strong></span> <span class='ocrx_word' id='word_1_177' title='bbox 756 2318 772 2343; x_wconf 88' lang='grc'><strong>,</strong></span> <span class='ocrx_word' id='word_1_178' title='bbox 800 2278 979 2333; x_wconf 79' lang='grc' dir='ltr'><strong>πάντα</strong></span> <span class='ocrx_word' id='word_1_179' title='bbox 1021 2279 1272 2351; x_wconf 81' lang='grc' dir='ltr'><strong>ἀλλήλοις</strong></span> <span class='ocrx_word' id='word_1_180' title='bbox 1319 2280 1482 2351; x_wconf 83' lang='grc' dir='ltr'><strong>ὃμοια</strong></span> <span class='ocrx_word' id='word_1_181' title='bbox 1519 2279 1862 2335; x_wconf 84' lang='grc' dir='ltr'><strong>κατασκευά-</strong></span> 
     </span>
    </p>
   </div>
   <div class='ocr_carea' id='block_1_26' title="bbox 272 2369 1859 2442">
    <p class='ocr_par' dir='ltr' id='par_1_26' title="bbox 272 2369 1859 2442">
     <span class='ocr_line' id='line_1_26' title="bbox 272 2369 1859 2442; baseline 0.003 -20"><span class='ocrx_word' id='word_1_182' title='bbox 272 2370 451 2432; x_wconf 66' lang='lat' dir='ltr'><strong>{cuca</strong></span> <span class='ocrx_word' id='word_1_183' title='bbox 473 2369 566 2423; x_wconf 81' lang='grc' dir='ltr'><strong>διὰ</strong></span> <span class='ocrx_word' id='word_1_184' title='bbox 591 2370 656 2423; x_wconf 83' lang='grc' dir='ltr'><strong>τὸ</strong></span> <span class='ocrx_word' id='word_1_185' title='bbox 681 2371 780 2440; x_wconf 81' lang='grc' dir='ltr'><strong>τῆς</strong></span> <span class='ocrx_word' id='word_1_186' title='bbox 808 2371 1116 2441; x_wconf 77' lang='grc' dir='ltr'><strong>γεννήσεως</strong></span> <span class='ocrx_word' id='word_1_187' title='bbox 1138 2371 1341 2442; x_wconf 84' lang='grc' dir='ltr'><strong>ὅμοιον,</strong></span> <span class='ocrx_word' id='word_1_188' title='bbox 1372 2370 1676 2442; x_wconf 82' lang='grc' dir='ltr'><strong>ἄνθρωπον,</strong></span> <span class='ocrx_word' id='word_1_189' title='bbox 1700 2372 1859 2437; x_wconf 81' lang='grc' dir='ltr'><strong>κὺνα,</strong></span> 
     </span>
    </p>
   </div>
   <div class='ocr_carea' id='block_1_27' title="bbox 274 2462 1858 2534">
    <p class='ocr_par' dir='ltr' id='par_1_27' title="bbox 274 2462 1858 2534">
     <span class='ocr_line' id='line_1_27' title="bbox 274 2462 1858 2534; baseline 0.001 -19"><span class='ocrx_word' id='word_1_190' title='bbox 274 2462 550 2534; x_wconf 71' lang='grc' dir='ltr'><strong>κάμηλον,</strong></span> <span class='ocrx_word' id='word_1_191' title='bbox 573 2462 701 2533; x_wconf 81' lang='grc' dir='ltr'><strong>μῦν,</strong></span> <span class='ocrx_word' id='word_1_192' title='bbox 716 2462 1001 2531; x_wconf 70' lang='grc' dir='ltr'><strong>ἐλέφαντα,</strong></span> <span class='ocrx_word' id='word_1_193' title='bbox 1026 2462 1308 2533; x_wconf 80' lang='grc' dir='ltr'><strong>πάρδαλιν,</strong></span> <span class='ocrx_word' id='word_1_194' title='bbox 1322 2463 1418 2516; x_wconf 69' lang='grc' dir='ltr'><strong>καὶ</strong></span> <span class='ocrx_word' id='word_1_195' title='bbox 1431 2462 1499 2516; x_wconf 81' lang='grc' dir='ltr'><strong>τὰ</strong></span> <span class='ocrx_word' id='word_1_196' title='bbox 1512 2462 1647 2518; x_wconf 75' lang='grc' dir='ltr'><strong>ἄλλα</strong></span> <span class='ocrx_word' id='word_1_197' title='bbox 1661 2463 1858 2529; x_wconf 81' lang='grc' dir='ltr'><strong>πάντα,</strong></span> 
     </span>
    </p>
   </div>
   <div class='ocr_carea' id='block_1_28' title="bbox 271 2552 1857 2624">
    <p class='ocr_par' dir='ltr' id='par_1_28' title="bbox 271 2552 1857 2624">
     <span class='ocr_line' id='line_1_28' title="bbox 271 2552 1857 2624; baseline 0 -18"><span class='ocrx_word' id='word_1_198' title='bbox 271 2555 381 2607; x_wconf 67' lang='grc' dir='ltr'><strong>ὅσα</strong></span> <span class='ocrx_word' id='word_1_199' title='bbox 414 2554 559 2606; x_wconf 82' lang='grc' dir='ltr'><strong>κατὰ</strong></span> <span class='ocrx_word' id='word_1_200' title='bbox 610 2553 705 2606; x_wconf 81' lang='grc' dir='ltr'><strong>τὸν</strong></span> <span class='ocrx_word' id='word_1_201' title='bbox 755 2553 939 2623; x_wconf 81' lang='grc' dir='ltr'><strong>ὅμοιον</strong></span> <span class='ocrx_word' id='word_1_202' title='bbox 968 2552 1168 2624; x_wconf 81' lang='grc' dir='ltr'><strong>τρόπον</strong></span> <span class='ocrx_word' id='word_1_203' title='bbox 1214 2552 1490 2606; x_wconf 80' lang='grc' dir='ltr'><strong>τίκτεσθαι</strong></span> <span class='ocrx_word' id='word_1_204' title='bbox 1539 2552 1857 2623; x_wconf 77' lang='grc' dir='ltr'><strong>πέφυκενοῆ</strong></span> 
     </span>
    </p>
   </div>
   <div class='ocr_carea' id='block_1_29' title="bbox 271 2643 1857 2716">
    <p class='ocr_par' dir='ltr' id='par_1_29' title="bbox 271 2643 1857 2716">
     <span class='ocr_line' id='line_1_29' title="bbox 271 2643 1857 2716; baseline 0.001 -18"><span class='ocrx_word' id='word_1_205' title='bbox 271 2645 379 2699; x_wconf 76' lang='grc' dir='ltr'><strong>οὑκ</strong></span> <span class='ocrx_word' id='word_1_206' title='bbox 401 2645 659 2716; x_wconf 78' lang='grc' dir='ltr'><strong>ἀλλήλοις</strong></span> <span class='ocrx_word' id='word_1_207' title='bbox 677 2643 842 2715; x_wconf 72' lang='grc' dir='ltr'><strong>φησὶν</strong></span> <span class='ocrx_word' id='word_1_208' title='bbox 866 2644 1025 2715; x_wconf 86' lang='grc' dir='ltr'><strong>ὃμοια</strong></span> <span class='ocrx_word' id='word_1_209' title='bbox 1046 2644 1115 2698; x_wconf 82' lang='grc' dir='ltr'><strong>τὰ</strong></span> <span class='ocrx_word' id='word_1_210' title='bbox 1141 2643 1531 2715; x_wconf 82' lang='grc' dir='ltr'><strong>παραπλησίως</strong></span> <span class='ocrx_word' id='word_1_211' title='bbox 1543 2644 1857 2715; x_wconf 83' lang='grc' dir='ltr'><strong>τικτόμενα,</strong></span> 
     </span>
    </p>
   </div>
   <div class='ocr_carea' id='block_1_30' title="bbox 271 2729 1864 2814">
    <p class='ocr_par' dir='ltr' id='par_1_30' title="bbox 271 2729 1864 2814">
     <span class='ocr_line' id='line_1_30' title="bbox 271 2729 1864 2814; baseline -0.002 -24"><span class='ocrx_word' id='word_1_212' title='bbox 271 2736 396 2790; x_wconf 77' lang='grc' dir='ltr'><strong>ἀλλ’</strong></span> <span class='ocrx_word' id='word_1_213' title='bbox 428 2736 666 2789; x_wconf 66' lang='grc' dir='ltr'><strong>ἕκαστον</strong></span> <span class='ocrx_word' id='word_1_214' title='bbox 697 2734 890 2804; x_wconf 76' lang='grc' dir='ltr'><strong>ἐκείνῳ</strong></span> <span class='ocrx_word' id='word_1_215' title='bbox 921 2734 1086 2804; x_wconf 83' lang='grc' dir='ltr'><strong>μόνῳ.</strong></span> <span class='ocrx_word' id='word_1_216' title='bbox 1127 2729 1329 2806; x_wconf 75' lang='grc' dir='ltr'><strong>παρόὗ</strong></span> <span class='ocrx_word' id='word_1_217' title='bbox 1356 2735 1457 2806; x_wconf 85' lang='grc' dir='ltr'><strong>τὴν</strong></span> <span class='ocrx_word' id='word_1_218' title='bbox 1484 2734 1697 2814; x_wconf 80' lang='grc' dir='ltr'><strong>γένεσιν</strong></span> <span class='ocrx_word' id='word_1_219' title='bbox 1723 2734 1864 2805; x_wconf 71' lang='grc' dir='ltr'><strong>ἔχεις</strong></span> 
     </span>
    </p>
   </div>
   <div class='ocr_carea' id='block_1_31' title="bbox 288 2823 1861 2898">
    <p class='ocr_par' dir='ltr' id='par_1_31' title="bbox 288 2823 1861 2898">
     <span class='ocr_line' id='line_1_31' title="bbox 288 2823 1861 2898; baseline 0.001 -19"><span class='ocrx_word' id='word_1_220' title='bbox 288 2826 438 2879; x_wconf 81' lang='grc' dir='ltr'><strong>Ἀλλ’</strong></span> <span class='ocrx_word' id='word_1_221' title='bbox 473 2827 524 2878; x_wconf 81' lang='grc' dir='ltr'><strong>εί</strong></span> <span class='ocrx_word' id='word_1_222' title='bbox 561 2823 722 2878; x_wconf 82' lang='grc' dir='ltr'><strong>τοῦτο</strong></span> <span class='ocrx_word' id='word_1_223' title='bbox 770 2824 949 2893; x_wconf 86' lang='grc' dir='ltr'><strong>λέγειν</strong></span> <span class='ocrx_word' id='word_1_224' title='bbox 978 2824 1260 2895; x_wconf 74' lang='grc' dir='ltr'><strong>ἐϐούλετο,</strong></span> <span class='ocrx_word' id='word_1_225' title='bbox 1292 2825 1372 2897; x_wconf 79' lang='grc' dir='ltr'><strong>τῷ</strong></span> <span class='ocrx_word' id='word_1_226' title='bbox 1409 2826 1642 2881; x_wconf 86' lang='grc' dir='ltr'><strong>τίκτοντι</strong></span> <span class='ocrx_word' id='word_1_227' title='bbox 1678 2828 1861 2898; x_wconf 84' lang='grc' dir='ltr'><strong>ὅμοιον</strong></span> 
     </span>
    </p>
   </div>
   <div class='ocr_carea' id='block_1_32' title="bbox 268 2916 1859 2990">
    <p class='ocr_par' dir='ltr' id='par_1_32' title="bbox 268 2916 1859 2990">
     <span class='ocr_line' id='line_1_32' title="bbox 268 2916 1859 2990; baseline -0.001 -18"><span class='ocrx_word' id='word_1_228' title='bbox 268 2918 388 2972; x_wconf 66' lang='grc' dir='ltr'><strong>ἔδει</strong></span> <span class='ocrx_word' id='word_1_229' title='bbox 426 2918 489 2970; x_wconf 79' lang='grc' dir='ltr'><strong>τὸ</strong></span> <span class='ocrx_word' id='word_1_230' title='bbox 525 2916 844 2987; x_wconf 83' lang='grc' dir='ltr'><strong>τικτόμενον</strong></span> <span class='ocrx_word' id='word_1_231' title='bbox 877 2917 1277 2989; x_wconf 76' lang='grc' dir='ltr'><strong>ἀποφήνασθαι,</strong></span> <span class='ocrx_word' id='word_1_232' title='bbox 1301 2918 1423 2990; x_wconf 78' lang='grc' dir='ltr'><strong>οὐχὶ</strong></span> <span class='ocrx_word' id='word_1_233' title='bbox 1448 2919 1635 2990; x_wconf 86' lang='grc' dir='ltr'><strong>τρόπῳ</strong></span> <span class='ocrx_word' id='word_1_234' title='bbox 1667 2919 1859 2990; x_wconf 72' lang='grc' dir='ltr'><strong>γεννήσ-</strong></span> 
     </span>
    </p>
   </div>
   <div class='ocr_carea' id='block_1_33' title="bbox 271 3007 1861 3081">
    <p class='ocr_par' dir='ltr' id='par_1_33' title="bbox 271 3007 1861 3081">
     <span class='ocr_line' id='line_1_33' title="bbox 271 3007 1861 3081; baseline -0.001 -18"><span class='ocrx_word' id='word_1_235' title='bbox 271 3027 424 3073; x_wconf 81' lang='grc' dir='ltr'><strong>σεως</strong></span> <span class='ocrx_word' id='word_1_236' title='bbox 454 3008 775 3079; x_wconf 76' lang='grc' dir='ltr'><strong>ὁμοιότητος</strong></span> <span class='ocrx_word' id='word_1_237' title='bbox 798 3009 1020 3081; x_wconf 80' lang='grc' dir='ltr'><strong>τρόπον.</strong></span> <span class='ocrx_word' id='word_1_238' title='bbox 1062 3008 1205 3062; x_wconf 80' lang='grc' dir='ltr'><strong>Ἀλλ’</strong></span> <span class='ocrx_word' id='word_1_239' title='bbox 1240 3007 1269 3061; x_wconf 80' lang='grc' dir='ltr'><strong>ὃ</strong></span> <span class='ocrx_word' id='word_1_240' title='bbox 1302 3008 1400 3079; x_wconf 79' lang='grc' dir='ltr'><strong>μὲν</strong></span> <span class='ocrx_word' id='word_1_241' title='bbox 1429 3008 1574 3073; x_wconf 84' lang='grc' dir='ltr'><strong>είκός</strong></span> <span class='ocrx_word' id='word_1_242' title='bbox 1600 3009 1738 3076; x_wconf 78' lang='grc' dir='ltr'><strong>ἐστι,</strong></span> <span class='ocrx_word' id='word_1_243' title='bbox 1765 3010 1861 3062; x_wconf 71' lang='grc' dir='ltr'><strong>καὶ</strong></span> 
     </span>
    </p>
   </div>
   <div class='ocr_carea' id='block_1_34' title="bbox 1958 535 3528 610">
    <p class='ocr_par' dir='ltr' id='par_1_34' title="bbox 1958 535 3528 610">
     <span class='ocr_line' id='line_1_34' title="bbox 1958 535 3528 610; baseline 0.006 -20"><span class='ocrx_word' id='word_1_244' title='bbox 1958 535 2088 590; x_wconf 88' lang='lat' dir='ltr'><strong>dum</strong></span> <span class='ocrx_word' id='word_1_245' title='bbox 2112 536 2364 591; x_wconf 86' lang='lat' dir='ltr'><strong>adactum</strong></span> <span class='ocrx_word' id='word_1_246' title='bbox 2382 550 2525 601; x_wconf 87' lang='lat' dir='ltr'><strong>esse,</strong></span> <span class='ocrx_word' id='word_1_247' title='bbox 2551 536 2775 606; x_wconf 84' lang='lat' dir='ltr'><strong>quod,ut</strong></span> <span class='ocrx_word' id='word_1_248' title='bbox 2801 538 2893 600; x_wconf 84' lang='lat' dir='ltr'><strong>ait,</strong></span> <span class='ocrx_word' id='word_1_249' title='bbox 2925 536 2995 593; x_wconf 83' lang='lat' dir='ltr'><strong>ad</strong></span> <span class='ocrx_word' id='word_1_250' title='bbox 3023 541 3377 610; x_wconf 71' lang='lat' dir='ltr'><strong>generationis</strong></span> <span class='ocrx_word' id='word_1_251' title='bbox 3411 561 3528 598; x_wconf 70' lang='lat' dir='ltr'><strong>mo-</strong></span> 
     </span>
    </p>
   </div>
   <div class='ocr_carea' id='block_1_35' title="bbox 1958 626 3526 697">
    <p class='ocr_par' dir='ltr' id='par_1_35' title="bbox 1958 626 3526 697">
     <span class='ocr_line' id='line_1_35' title="bbox 1958 626 3526 697; baseline 0.007 -17"><span class='ocrx_word' id='word_1_252' title='bbox 1958 627 2084 681; x_wconf 81' lang='lat' dir='ltr'><strong>dum</strong></span> <span class='ocrx_word' id='word_1_253' title='bbox 2120 636 2371 697; x_wconf 76' lang='lat' dir='ltr'><strong>sequatur</strong></span> <span class='ocrx_word' id='word_1_254' title='bbox 2412 626 2596 681; x_wconf 81' lang='lat' dir='ltr'><strong>modus</strong></span> <span class='ocrx_word' id='word_1_255' title='bbox 2627 628 3010 685; x_wconf 74' lang='lat' dir='ltr'><strong>similitudinis.</strong></span> <span class='ocrx_word' id='word_1_256' title='bbox 3038 630 3083 686; x_wconf 92' lang='grc' dir='ltr'><strong>Ο</strong></span> <span class='ocrx_word' id='word_1_257' title='bbox 3121 632 3526 691; x_wconf 80' lang='lat' dir='ltr'><strong>incluctabilem</strong></span> 
     </span>
    </p>
   </div>
   <div class='ocr_carea' id='block_1_36' title="bbox 1957 718 3528 786">
    <p class='ocr_par' dir='ltr' id='par_1_36' title="bbox 1957 718 3528 786">
     <span class='ocr_line' id='line_1_36' title="bbox 1957 718 3528 786; baseline 0.006 -14"><span class='ocrx_word' id='word_1_258' title='bbox 1957 718 2484 773; x_wconf 88' lang='lat' dir='ltr'><strong>demonstrationum</strong></span> <span class='ocrx_word' id='word_1_259' title='bbox 2508 719 2888 775; x_wconf 74' lang='lat' dir='ltr'><strong>necessitatem</strong></span> <span class='ocrx_word' id='word_1_260' title='bbox 2910 721 2924 774; x_wconf 84' lang='lat' dir='ltr'><strong>i</strong></span> <span class='ocrx_word' id='word_1_261' title='bbox 2945 720 3117 786; x_wconf 88' lang='lat' dir='ltr'><strong>Quam</strong></span> <span class='ocrx_word' id='word_1_262' title='bbox 3142 724 3405 780; x_wconf 72' lang='lat' dir='ltr'><strong>violenter</strong></span> <span class='ocrx_word' id='word_1_263' title='bbox 3426 740 3528 781; x_wconf 80' lang='lat' dir='ltr'><strong>nos</strong></span> 
     </span>
    </p>
   </div>
   <div class='ocr_carea' id='block_1_37' title="bbox 1957 805 3527 884">
    <p class='ocr_par' dir='ltr' id='par_1_37' title="bbox 1957 805 3527 884">
     <span class='ocr_line' id='line_1_37' title="bbox 1957 805 3527 884; baseline 0.006 -24"><span class='ocrx_word' id='word_1_264' title='bbox 1957 805 2173 861; x_wconf 81' lang='lat' dir='ltr'><strong>dicendi</strong></span> <span class='ocrx_word' id='word_1_265' title='bbox 2240 806 2398 877; x_wconf 83' lang='lat' dir='ltr'><strong>cepia</strong></span> <span class='ocrx_word' id='word_1_266' title='bbox 2433 807 2599 878; x_wconf 81' lang='lat' dir='ltr'><strong>cogit,</strong></span> <span class='ocrx_word' id='word_1_267' title='bbox 2632 814 2690 862; x_wconf 90' lang='lat' dir='ltr'><strong>ut</strong></span> <span class='ocrx_word' id='word_1_268' title='bbox 2728 807 2817 871; x_wconf 91' lang='lat' dir='ltr'><strong>iis,</strong></span> <span class='ocrx_word' id='word_1_269' title='bbox 2851 824 2974 878; x_wconf 72' lang='lat' dir='ltr'><strong>quae</strong></span> <span class='ocrx_word' id='word_1_270' title='bbox 3017 810 3275 875; x_wconf 73' lang='lat' dir='ltr'><strong>asseruit,</strong></span> <span class='ocrx_word' id='word_1_271' title='bbox 3321 813 3527 884; x_wconf 87' lang='lat' dir='ltr'><strong>astipu-</strong></span> 
     </span>
    </p>
   </div>
   <div class='ocr_carea' id='block_1_38' title="bbox 1956 896 3530 970">
    <p class='ocr_par' dir='ltr' id='par_1_38' title="bbox 1956 896 3530 970">
     <span class='ocr_line' id='line_1_38' title="bbox 1956 896 3530 970; baseline 0.006 -19"><span class='ocrx_word' id='word_1_272' title='bbox 1956 896 2176 953; x_wconf 82' lang='lat' dir='ltr'><strong>lemuri</strong></span> <span class='ocrx_word' id='word_1_273' title='bbox 2211 896 2484 969; x_wconf 90' lang='lat' dir='ltr'><strong>Consequi</strong></span> <span class='ocrx_word' id='word_1_274' title='bbox 2524 899 2599 952; x_wconf 90' lang='lat' dir='ltr'><strong>ait</strong></span> <span class='ocrx_word' id='word_1_275' title='bbox 2621 898 2688 954; x_wconf 90' lang='lat' dir='ltr'><strong>ad</strong></span> <span class='ocrx_word' id='word_1_276' title='bbox 2721 900 3089 970; x_wconf 74' lang='lat' dir='ltr'><strong>generationis</strong></span> <span class='ocrx_word' id='word_1_277' title='bbox 3127 902 3372 969; x_wconf 90' lang='lat' dir='ltr'><strong>modum,</strong></span> <span class='ocrx_word' id='word_1_278' title='bbox 3408 921 3530 960; x_wconf 89' lang='lat' dir='ltr'><strong>mo-</strong></span> 
     </span>
    </p>
   </div>
   <div class='ocr_carea' id='block_1_39' title="bbox 1957 987 3533 1060">
    <p class='ocr_par' dir='ltr' id='par_1_39' title="bbox 1957 987 3533 1060">
     <span class='ocr_line' id='line_1_39' title="bbox 1957 987 3533 1060; baseline 0.006 -17"><span class='ocrx_word' id='word_1_279' title='bbox 1957 987 2086 1044; x_wconf 88' lang='lat' dir='ltr'><strong>dum</strong></span> <span class='ocrx_word' id='word_1_280' title='bbox 2118 1004 2337 1060; x_wconf 90' lang='lat' dir='ltr'><strong>quoque</strong></span> <span class='ocrx_word' id='word_1_281' title='bbox 2388 990 2787 1047; x_wconf 87' lang='lat' dir='ltr'><strong>similitudinis.</strong></span> <span class='ocrx_word' id='word_1_282' title='bbox 2824 991 3099 1059; x_wconf 86' lang='lat' dir='ltr'><strong>Quantum</strong></span> <span class='ocrx_word' id='word_1_283' title='bbox 3152 996 3288 1052; x_wconf 88' lang='lat' dir='ltr'><strong>artis</strong></span> <span class='ocrx_word' id='word_1_284' title='bbox 3339 1005 3394 1052; x_wconf 89' lang='lat' dir='ltr'><strong>et</strong></span> <span class='ocrx_word' id='word_1_285' title='bbox 3425 998 3533 1053; x_wconf 84' lang='lat' dir='ltr'><strong>cir-</strong></span> 
     </span>
    </p>
   </div>
   <div class='ocr_carea' id='block_1_40' title="bbox 1957 1080 3529 1159">
    <p class='ocr_par' dir='ltr' id='par_1_40' title="bbox 1957 1080 3529 1159">
     <span class='ocr_line' id='line_1_40' title="bbox 1957 1080 3529 1159; baseline 0.008 -27"><span class='ocrx_word' id='word_1_286' title='bbox 1957 1081 2383 1149; x_wconf 87' lang='lat' dir='ltr'><strong>cumspectionis</strong></span> <span class='ocrx_word' id='word_1_287' title='bbox 2410 1080 2466 1135; x_wconf 88' lang='lat' dir='ltr'><strong>in</strong></span> <span class='ocrx_word' id='word_1_288' title='bbox 2528 1081 2630 1137; x_wconf 88' lang='lat' dir='ltr'><strong>hac</strong></span> <span class='ocrx_word' id='word_1_289' title='bbox 2676 1083 2981 1139; x_wconf 82' lang='lat' dir='ltr'><strong>assertione</strong></span> <span class='ocrx_word' id='word_1_290' title='bbox 3016 1084 3200 1141; x_wconf 83' lang='lat' dir='ltr'><strong>inest!</strong></span> <span class='ocrx_word' id='word_1_291' title='bbox 3261 1086 3429 1159; x_wconf 80' lang='lat' dir='ltr'><strong>igitur</strong></span> <span class='ocrx_word' id='word_1_292' title='bbox 3481 1089 3529 1145; x_wconf 88' lang='lat' dir='ltr'><strong>si</strong></span> 
     </span>
    </p>
   </div>
   <div class='ocr_carea' id='block_1_41' title="bbox 1955 1171 3536 1244">
    <p class='ocr_par' dir='ltr' id='par_1_41' title="bbox 1955 1171 3536 1244">
     <span class='ocr_line' id='line_1_41' title="bbox 1955 1171 3536 1244; baseline 0.007 -18"><span class='ocrx_word' id='word_1_293' title='bbox 1955 1171 2309 1242; x_wconf 86' lang='lat' dir='ltr'><strong>cognoscitur</strong></span> <span class='ocrx_word' id='word_1_294' title='bbox 2338 1172 2532 1229; x_wconf 91' lang='lat' dir='ltr'><strong>modus</strong></span> <span class='ocrx_word' id='word_1_295' title='bbox 2577 1174 2964 1244; x_wconf 87' lang='lat' dir='ltr'><strong>generationis.</strong></span> <span class='ocrx_word' id='word_1_296' title='bbox 3008 1176 3171 1232; x_wconf 83' lang='lat' dir='ltr'><strong>simul</strong></span> <span class='ocrx_word' id='word_1_297' title='bbox 3219 1178 3381 1233; x_wconf 87' lang='lat' dir='ltr'><strong>etiam</strong></span> <span class='ocrx_word' id='word_1_298' title='bbox 3435 1179 3536 1237; x_wconf 89' lang='lat' dir='ltr'><strong>de-</strong></span> 
     </span>
    </p>
   </div>
   <div class='ocr_carea' id='block_1_42' title="bbox 1956 1264 3534 1344">
    <p class='ocr_par' dir='ltr' id='par_1_42' title="bbox 1956 1264 3534 1344">
     <span class='ocr_line' id='line_1_42' title="bbox 1956 1264 3534 1344; baseline 0.008 -27"><span class='ocrx_word' id='word_1_299' title='bbox 1956 1271 2297 1320; x_wconf 88' lang='lat' dir='ltr'><strong>monstratus</strong></span> <span class='ocrx_word' id='word_1_300' title='bbox 2346 1264 2450 1319; x_wconf 90' lang='lat' dir='ltr'><strong>erit</strong></span> <span class='ocrx_word' id='word_1_301' title='bbox 2490 1265 2686 1320; x_wconf 89' lang='lat' dir='ltr'><strong>modus</strong></span> <span class='ocrx_word' id='word_1_302' title='bbox 2747 1265 3143 1325; x_wconf 86' lang='lat' dir='ltr'><strong>similitudinis.</strong></span> <span class='ocrx_word' id='word_1_303' title='bbox 3203 1269 3339 1325; x_wconf 87' lang='lat' dir='ltr'><strong>Cum</strong></span> <span class='ocrx_word' id='word_1_304' title='bbox 3402 1288 3534 1344; x_wconf 89' lang='lat' dir='ltr'><strong>ergo</strong></span> 
     </span>
    </p>
   </div>
   <div class='ocr_carea' id='block_1_43' title="bbox 1957 1360 3535 1426">
    <p class='ocr_par' dir='ltr' id='par_1_43' title="bbox 1957 1360 3535 1426">
     <span class='ocr_line' id='line_1_43' title="bbox 1957 1360 3535 1426; baseline 0.007 -19"><span class='ocrx_word' id='word_1_305' title='bbox 1957 1366 2149 1409; x_wconf 89' lang='lat' dir='ltr'><strong>eorum</strong></span> <span class='ocrx_word' id='word_1_306' title='bbox 2176 1368 2299 1424; x_wconf 88' lang='lat' dir='ltr'><strong>quae</strong></span> <span class='ocrx_word' id='word_1_307' title='bbox 2349 1369 2444 1423; x_wconf 85' lang='lat' dir='ltr'><strong>per</strong></span> <span class='ocrx_word' id='word_1_308' title='bbox 2490 1369 2710 1410; x_wconf 87' lang='lat' dir='ltr'><strong>carnem</strong></span> <span class='ocrx_word' id='word_1_309' title='bbox 2752 1364 3103 1426; x_wconf 71' lang='lat' dir='ltr'><strong>generantur,</strong></span> <span class='ocrx_word' id='word_1_310' title='bbox 3143 1360 3384 1415; x_wconf 89' lang='lat' dir='ltr'><strong>omnium</strong></span> <span class='ocrx_word' id='word_1_311' title='bbox 3417 1364 3535 1418; x_wconf 56' lang='lat' dir='ltr'><strong>ani.</strong></span> 
     </span>
    </p>
   </div>
   <div class='ocr_carea' id='block_1_44' title="bbox 1956 1444 3535 1522">
    <p class='ocr_par' dir='ltr' id='par_1_44' title="bbox 1956 1444 3535 1522">
     <span class='ocr_line' id='line_1_44' title="bbox 1956 1444 3535 1522; baseline 0.007 -23"><span class='ocrx_word' id='word_1_312' title='bbox 1956 1444 2203 1510; x_wconf 88' lang='lat' dir='ltr'><strong>malinm,</strong></span> <span class='ocrx_word' id='word_1_313' title='bbox 2232 1445 2318 1499; x_wconf 85' lang='lat' dir='ltr'><strong>vel</strong></span> <span class='ocrx_word' id='word_1_314' title='bbox 2347 1454 2494 1501; x_wconf 87' lang='lat' dir='ltr'><strong>certe</strong></span> <span class='ocrx_word' id='word_1_315' title='bbox 2534 1445 2916 1515; x_wconf 82' lang='lat' dir='ltr'><strong>plurimorum,</strong></span> <span class='ocrx_word' id='word_1_316' title='bbox 2948 1447 3088 1504; x_wconf 89' lang='lat' dir='ltr'><strong>idem</strong></span> <span class='ocrx_word' id='word_1_317' title='bbox 3121 1450 3194 1505; x_wconf 91' lang='lat' dir='ltr'><strong>sit</strong></span> <span class='ocrx_word' id='word_1_318' title='bbox 3230 1455 3535 1522; x_wconf 87' lang='lat' dir='ltr'><strong>generatio-</strong></span> 
     </span>
    </p>
   </div>
   <div class='ocr_carea' id='block_1_45' title="bbox 1958 1535 3533 1612">
    <p class='ocr_par' dir='ltr' id='par_1_45' title="bbox 1958 1535 3533 1612">
     <span class='ocr_line' id='line_1_45' title="bbox 1958 1535 3533 1612; baseline 0.006 -22"><span class='ocrx_word' id='word_1_319' title='bbox 1958 1536 2045 1590; x_wconf 92' lang='lat' dir='ltr'><strong>nis</strong></span> <span class='ocrx_word' id='word_1_320' title='bbox 2077 1535 2292 1600; x_wconf 88' lang='lat' dir='ltr'><strong>modus,</strong></span> <span class='ocrx_word' id='word_1_321' title='bbox 2326 1535 2567 1606; x_wconf 88' lang='lat' dir='ltr'><strong>ipsorum</strong></span> <span class='ocrx_word' id='word_1_322' title='bbox 2600 1544 2779 1592; x_wconf 88' lang='lat' dir='ltr'><strong>autem</strong></span> <span class='ocrx_word' id='word_1_323' title='bbox 2812 1537 3021 1607; x_wconf 87' lang='lat' dir='ltr'><strong>judicio</strong></span> <span class='ocrx_word' id='word_1_324' title='bbox 3063 1540 3128 1595; x_wconf 91' lang='lat' dir='ltr'><strong>ad</strong></span> <span class='ocrx_word' id='word_1_325' title='bbox 3163 1545 3533 1612; x_wconf 79' lang='lat' dir='ltr'><strong>generationis</strong></span> 
     </span>
    </p>
   </div>
   <div class='ocr_carea' id='block_1_46' title="bbox 1958 1624 3533 1703">
    <p class='ocr_par' dir='ltr' id='par_1_46' title="bbox 1958 1624 3533 1703">
     <span class='ocr_line' id='line_1_46' title="bbox 1958 1624 3533 1703; baseline 0.008 -25"><span class='ocrx_word' id='word_1_326' title='bbox 1958 1624 2177 1680; x_wconf 89' lang='lat' dir='ltr'><strong>modum</strong></span> <span class='ocrx_word' id='word_1_327' title='bbox 2215 1635 2476 1696; x_wconf 83' lang='lat' dir='ltr'><strong>sequatur</strong></span> <span class='ocrx_word' id='word_1_328' title='bbox 2526 1625 2722 1682; x_wconf 87' lang='lat' dir='ltr'><strong>modus</strong></span> <span class='ocrx_word' id='word_1_329' title='bbox 2766 1627 3159 1694; x_wconf 87' lang='lat' dir='ltr'><strong>similitudinis,</strong></span> <span class='ocrx_word' id='word_1_330' title='bbox 3211 1643 3444 1703; x_wconf 88' lang='lat' dir='ltr'><strong>oportet,</strong></span> <span class='ocrx_word' id='word_1_331' title='bbox 3473 1644 3533 1691; x_wconf 88' lang='lat' dir='ltr'><strong>ut</strong></span> 
     </span>
    </p>
   </div>
   <div class='ocr_carea' id='block_1_47' title="bbox 1957 1717 3532 1792">
    <p class='ocr_par' dir='ltr' id='par_1_47' title="bbox 1957 1717 3532 1792">
     <span class='ocr_line' id='line_1_47' title="bbox 1957 1717 3532 1792; baseline 0.01 -22"><span class='ocrx_word' id='word_1_332' title='bbox 1957 1717 2157 1783; x_wconf 86' lang='lat' dir='ltr'><strong>omnia,</strong></span> <span class='ocrx_word' id='word_1_333' title='bbox 2188 1733 2310 1788; x_wconf 87' lang='lat' dir='ltr'><strong>quae</strong></span> <span class='ocrx_word' id='word_1_334' title='bbox 2334 1717 2524 1773; x_wconf 89' lang='lat' dir='ltr'><strong>eodem</strong></span> <span class='ocrx_word' id='word_1_335' title='bbox 2566 1717 2728 1774; x_wconf 91' lang='lat' dir='ltr'><strong>modo</strong></span> <span class='ocrx_word' id='word_1_336' title='bbox 2757 1730 3113 1792; x_wconf 84' lang='lat' dir='ltr'><strong>progenerata</strong></span> <span class='ocrx_word' id='word_1_337' title='bbox 3150 1732 3302 1791; x_wconf 91' lang='lat' dir='ltr'><strong>sunt,</strong></span> <span class='ocrx_word' id='word_1_338' title='bbox 3341 1727 3532 1784; x_wconf 90' lang='lat' dir='ltr'><strong>eodem</strong></span> 
     </span>
    </p>
   </div>
   <div class='ocr_carea' id='block_1_48' title="bbox 1962 1811 3536 1891">
    <p class='ocr_par' dir='ltr' id='par_1_48' title="bbox 1962 1811 3536 1891">
     <span class='ocr_line' id='line_1_48' title="bbox 1962 1811 3536 1891; baseline 0.006 -26"><span class='ocrx_word' id='word_1_339' title='bbox 1962 1811 2126 1867; x_wconf 87' lang='lat' dir='ltr'><strong>modo</strong></span> <span class='ocrx_word' id='word_1_340' title='bbox 2167 1812 2233 1866; x_wconf 88' lang='lat' dir='ltr'><strong>ad</strong></span> <span class='ocrx_word' id='word_1_341' title='bbox 2284 1812 2539 1867; x_wconf 89' lang='lat' dir='ltr'><strong>similiter</strong></span> <span class='ocrx_word' id='word_1_342' title='bbox 2596 1815 2879 1885; x_wconf 79' lang='lat' dir='ltr'><strong>progenita</strong></span> <span class='ocrx_word' id='word_1_343' title='bbox 2920 1830 3041 1871; x_wconf 88' lang='lat' dir='ltr'><strong>sese</strong></span> <span class='ocrx_word' id='word_1_344' title='bbox 3095 1817 3372 1887; x_wconf 82' lang='lat' dir='ltr'><strong>habeant;</strong></span> <span class='ocrx_word' id='word_1_345' title='bbox 3414 1834 3536 1891; x_wconf 63' lang='lat' dir='ltr'><strong>quas</strong></span> 
     </span>
    </p>
   </div>
   <div class='ocr_carea' id='block_1_49' title="bbox 1960 1903 3535 1980">
    <p class='ocr_par' dir='ltr' id='par_1_49' title="bbox 1960 1903 3535 1980">
     <span class='ocr_line' id='line_1_49' title="bbox 1960 1903 3535 1980; baseline 0.006 -22"><span class='ocrx_word' id='word_1_346' title='bbox 1960 1904 2105 1958; x_wconf 89' lang='lat' dir='ltr'><strong>enim</strong></span> <span class='ocrx_word' id='word_1_347' title='bbox 2136 1903 2309 1958; x_wconf 82' lang='lat' dir='ltr'><strong>eidem</strong></span> <span class='ocrx_word' id='word_1_348' title='bbox 2342 1903 2541 1959; x_wconf 87' lang='lat' dir='ltr'><strong>similia</strong></span> <span class='ocrx_word' id='word_1_349' title='bbox 2585 1913 2734 1968; x_wconf 91' lang='lat' dir='ltr'><strong>sunt,</strong></span> <span class='ocrx_word' id='word_1_350' title='bbox 2772 1906 2913 1960; x_wconf 86' lang='lat' dir='ltr'><strong>inter</strong></span> <span class='ocrx_word' id='word_1_351' title='bbox 2971 1923 3031 1963; x_wconf 90' lang='lat' dir='ltr'><strong>se</strong></span> <span class='ocrx_word' id='word_1_352' title='bbox 3068 1923 3286 1980; x_wconf 88' lang='lat' dir='ltr'><strong>quoque</strong></span> <span class='ocrx_word' id='word_1_353' title='bbox 3335 1912 3535 1967; x_wconf 87' lang='lat' dir='ltr'><strong>similia</strong></span> 
     </span>
    </p>
   </div>
   <div class='ocr_carea' id='block_1_50' title="bbox 1962 1993 3534 2066">
    <p class='ocr_par' dir='ltr' id='par_1_50' title="bbox 1962 1993 3534 2066">
     <span class='ocr_line' id='line_1_50' title="bbox 1962 1993 3534 2066; baseline 0.004 -15"><span class='ocrx_word' id='word_1_354' title='bbox 1962 2002 2109 2051; x_wconf 90' lang='lat' dir='ltr'><strong>sunt.</strong></span> <span class='ocrx_word' id='word_1_355' title='bbox 2153 1995 2210 2049; x_wconf 86' lang='lat' dir='ltr'><strong>Si</strong></span> <span class='ocrx_word' id='word_1_356' title='bbox 2242 1993 2404 2065; x_wconf 79' lang='lat' dir='ltr'><strong>igitur</strong></span> <span class='ocrx_word' id='word_1_357' title='bbox 2444 1994 2638 2050; x_wconf 91' lang='lat' dir='ltr'><strong>modus</strong></span> <span class='ocrx_word' id='word_1_358' title='bbox 2687 1997 3053 2066; x_wconf 77' lang='lat' dir='ltr'><strong>generationis</strong></span> <span class='ocrx_word' id='word_1_359' title='bbox 3077 2038 3091 2062; x_wconf 94' lang='lat'><strong>,</strong></span> <span class='ocrx_word' id='word_1_360' title='bbox 3126 2009 3185 2054; x_wconf 89' lang='lat' dir='ltr'><strong>ut</strong></span> <span class='ocrx_word' id='word_1_361' title='bbox 3243 2000 3534 2058; x_wconf 70' lang='lat' dir='ltr'><strong>haereticus</strong></span> 
     </span>
    </p>
   </div>
   <div class='ocr_carea' id='block_1_51' title="bbox 1960 2085 3535 2160">
    <p class='ocr_par' dir='ltr' id='par_1_51' title="bbox 1960 2085 3535 2160">
     <span class='ocr_line' id='line_1_51' title="bbox 1960 2085 3535 2160; baseline 0.004 -19"><span class='ocrx_word' id='word_1_362' title='bbox 1960 2086 2266 2150; x_wconf 84' lang='lat' dir='ltr'><strong>contendit,</strong></span> <span class='ocrx_word' id='word_1_363' title='bbox 2294 2087 2396 2141; x_wconf 83' lang='lat' dir='ltr'><strong>sibi</strong></span> <span class='ocrx_word' id='word_1_364' title='bbox 2421 2085 2474 2140; x_wconf 87' lang='lat' dir='ltr'><strong>id</strong></span> <span class='ocrx_word' id='word_1_365' title='bbox 2505 2085 2649 2157; x_wconf 82' lang='lat' dir='ltr'><strong>quod</strong></span> <span class='ocrx_word' id='word_1_366' title='bbox 2675 2094 2985 2156; x_wconf 73' lang='lat' dir='ltr'><strong>generatur,</strong></span> <span class='ocrx_word' id='word_1_367' title='bbox 3009 2089 3188 2146; x_wconf 87' lang='lat' dir='ltr'><strong>simile</strong></span> <span class='ocrx_word' id='word_1_368' title='bbox 3216 2091 3412 2160; x_wconf 85' lang='lat' dir='ltr'><strong>reddit,</strong></span> <span class='ocrx_word' id='word_1_369' title='bbox 3445 2092 3535 2147; x_wconf 90' lang='lat' dir='ltr'><strong>hic</strong></span> 
     </span>
    </p>
   </div>
   <div class='ocr_carea' id='block_1_52' title="bbox 1962 2178 3534 2252">
    <p class='ocr_par' dir='ltr' id='par_1_52' title="bbox 1962 2178 3534 2252">
     <span class='ocr_line' id='line_1_52' title="bbox 1962 2178 3534 2252; baseline 0.004 -19"><span class='ocrx_word' id='word_1_370' title='bbox 1962 2186 2140 2233; x_wconf 81' lang='lat' dir='ltr'><strong>autem</strong></span> <span class='ocrx_word' id='word_1_371' title='bbox 2170 2178 2365 2233; x_wconf 88' lang='lat' dir='ltr'><strong>modus</strong></span> <span class='ocrx_word' id='word_1_372' title='bbox 2419 2178 2475 2232; x_wconf 90' lang='lat' dir='ltr'><strong>in</strong></span> <span class='ocrx_word' id='word_1_373' title='bbox 2526 2180 2695 2234; x_wconf 75' lang='lat' dir='ltr'><strong>variis</strong></span> <span class='ocrx_word' id='word_1_374' title='bbox 2747 2180 3077 2236; x_wconf 86' lang='lat' dir='ltr'><strong>animalibus</strong></span> <span class='ocrx_word' id='word_1_375' title='bbox 3129 2197 3355 2252; x_wconf 88' lang='lat' dir='ltr'><strong>prorsus</strong></span> <span class='ocrx_word' id='word_1_376' title='bbox 3396 2184 3534 2239; x_wconf 86' lang='lat' dir='ltr'><strong>nihil</strong></span> 
     </span>
    </p>
   </div>
   <div class='ocr_carea' id='block_1_53' title="bbox 1961 2266 3536 2342">
    <p class='ocr_par' dir='ltr' id='par_1_53' title="bbox 1961 2266 3536 2342">
     <span class='ocr_line' id='line_1_53' title="bbox 1961 2266 3536 2342; baseline 0.004 -20"><span class='ocrx_word' id='word_1_377' title='bbox 1961 2274 2222 2331; x_wconf 88' lang='lat' dir='ltr'><strong>mutatur,</strong></span> <span class='ocrx_word' id='word_1_378' title='bbox 2260 2266 2354 2322; x_wconf 86' lang='lat' dir='ltr'><strong>sed</strong></span> <span class='ocrx_word' id='word_1_379' title='bbox 2387 2267 2527 2322; x_wconf 84' lang='lat' dir='ltr'><strong>idem</strong></span> <span class='ocrx_word' id='word_1_380' title='bbox 2552 2282 2778 2338; x_wconf 84' lang='lat' dir='ltr'><strong>prorsus</strong></span> <span class='ocrx_word' id='word_1_381' title='bbox 2828 2269 2883 2323; x_wconf 91' lang='lat' dir='ltr'><strong>in</strong></span> <span class='ocrx_word' id='word_1_382' title='bbox 2915 2272 3292 2342; x_wconf 76' lang='lat' dir='ltr'><strong>compluribus</strong></span> <span class='ocrx_word' id='word_1_383' title='bbox 3320 2267 3536 2328; x_wconf 49' lang='lat' dir='ltr'><strong>inveni;</strong></span> 
     </span>
    </p>
   </div>
   <div class='ocr_carea' id='block_1_54' title="bbox 1962 2362 3534 2434">
    <p class='ocr_par' dir='ltr' id='par_1_54' title="bbox 1962 2362 3534 2434">
     <span class='ocr_line' id='line_1_54' title="bbox 1962 2362 3534 2434; baseline 0.005 -24"><span class='ocrx_word' id='word_1_384' title='bbox 1962 2365 2336 2413; x_wconf 84' lang='lat' dir='ltr'><strong>tur:necesse</strong></span> <span class='ocrx_word' id='word_1_385' title='bbox 2358 2365 2467 2420; x_wconf 86' lang='lat' dir='ltr'><strong>est,</strong></span> <span class='ocrx_word' id='word_1_386' title='bbox 2522 2366 2582 2413; x_wconf 90' lang='lat' dir='ltr'><strong>ut</strong></span> <span class='ocrx_word' id='word_1_387' title='bbox 2631 2374 2699 2414; x_wconf 74' lang='lat' dir='ltr'><strong>ex</strong></span> <span class='ocrx_word' id='word_1_388' title='bbox 2752 2362 3045 2415; x_wconf 73' lang='lat' dir='ltr'><strong>universali</strong></span> <span class='ocrx_word' id='word_1_389' title='bbox 3079 2370 3133 2417; x_wconf 91' lang='lat' dir='ltr'><strong>et</strong></span> <span class='ocrx_word' id='word_1_390' title='bbox 3177 2363 3383 2434; x_wconf 84' lang='lat' dir='ltr'><strong>absque</strong></span> <span class='ocrx_word' id='word_1_391' title='bbox 3423 2364 3534 2418; x_wconf 88' lang='lat' dir='ltr'><strong>ulla</strong></span> 
     </span>
    </p>
   </div>
   <div class='ocr_carea' id='block_1_55' title="bbox 1960 2449 3538 2529">
    <p class='ocr_par' dir='ltr' id='par_1_55' title="bbox 1960 2449 3538 2529">
     <span class='ocr_line' id='line_1_55' title="bbox 1960 2449 3538 2529; baseline 0.006 -24"><span class='ocrx_word' id='word_1_392' title='bbox 1960 2449 2335 2516; x_wconf 88' lang='lat' dir='ltr'><strong>distinctione,</strong></span> <span class='ocrx_word' id='word_1_393' title='bbox 2368 2452 2578 2521; x_wconf 88' lang='lat' dir='ltr'><strong>prolata</strong></span> <span class='ocrx_word' id='word_1_394' title='bbox 2631 2454 3011 2510; x_wconf 81' lang='lat' dir='ltr'><strong>enuntiatione</strong></span> <span class='ocrx_word' id='word_1_395' title='bbox 3057 2468 3282 2528; x_wconf 86' lang='lat' dir='ltr'><strong>propter</strong></span> <span class='ocrx_word' id='word_1_396' title='bbox 3314 2474 3538 2529; x_wconf 87' lang='lat' dir='ltr'><strong>genera-</strong></span> 
     </span>
    </p>
   </div>
   <div class='ocr_carea' id='block_1_56' title="bbox 1960 2541 3537 2615">
    <p class='ocr_par' dir='ltr' id='par_1_56' title="bbox 1960 2541 3537 2615">
     <span class='ocr_line' id='line_1_56' title="bbox 1960 2541 3537 2615; baseline 0.005 -20"><span class='ocrx_word' id='word_1_397' title='bbox 1960 2541 2127 2598; x_wconf 86' lang='lat' dir='ltr'><strong>tionis</strong></span> <span class='ocrx_word' id='word_1_398' title='bbox 2149 2541 2568 2599; x_wconf 89' lang='lat' dir='ltr'><strong>similitudinem</strong></span> <span class='ocrx_word' id='word_1_399' title='bbox 2607 2544 2801 2599; x_wconf 86' lang='lat' dir='ltr'><strong>similia</strong></span> <span class='ocrx_word' id='word_1_400' title='bbox 2830 2544 2960 2599; x_wconf 82' lang='lat' dir='ltr'><strong>ﬁant</strong></span> <span class='ocrx_word' id='word_1_401' title='bbox 3007 2546 3190 2614; x_wconf 90' lang='lat' dir='ltr'><strong>homo,</strong></span> <span class='ocrx_word' id='word_1_402' title='bbox 3235 2549 3410 2615; x_wconf 89' lang='lat' dir='ltr'><strong>canis,</strong></span> <span class='ocrx_word' id='word_1_403' title='bbox 3443 2565 3537 2603; x_wconf 86' lang='lat' dir='ltr'><strong>ca-</strong></span> 
     </span>
    </p>
   </div>
   <div class='ocr_carea' id='block_1_57' title="bbox 1958 2632 3535 2710">
    <p class='ocr_par' dir='ltr' id='par_1_57' title="bbox 1958 2632 3535 2710">
     <span class='ocr_line' id='line_1_57' title="bbox 1958 2632 3535 2710; baseline 0.006 -23"><span class='ocrx_word' id='word_1_404' title='bbox 1958 2632 2153 2693; x_wconf 77' lang='lat' dir='ltr'><strong>melus.</strong></span> <span class='ocrx_word' id='word_1_405' title='bbox 2184 2648 2325 2699; x_wconf 87' lang='lat' dir='ltr'><strong>mus,</strong></span> <span class='ocrx_word' id='word_1_406' title='bbox 2359 2634 2599 2704; x_wconf 84' lang='lat' dir='ltr'><strong>elephas,</strong></span> <span class='ocrx_word' id='word_1_407' title='bbox 2633 2636 2893 2705; x_wconf 84' lang='lat' dir='ltr'><strong>pardalis,</strong></span> <span class='ocrx_word' id='word_1_408' title='bbox 2934 2645 2989 2691; x_wconf 89' lang='lat' dir='ltr'><strong>et</strong></span> <span class='ocrx_word' id='word_1_409' title='bbox 3032 2638 3138 2692; x_wconf 88' lang='lat' dir='ltr'><strong>alia</strong></span> <span class='ocrx_word' id='word_1_410' title='bbox 3177 2640 3382 2705; x_wconf 84' lang='lat' dir='ltr'><strong>omnia,</strong></span> <span class='ocrx_word' id='word_1_411' title='bbox 3414 2656 3535 2710; x_wconf 62' lang='lat' dir='ltr'><strong>quae</strong></span> 
     </span>
    </p>
   </div>
   <div class='ocr_carea' id='block_1_58' title="bbox 1960 2722 3534 2796">
    <p class='ocr_par' dir='ltr' id='par_1_58' title="bbox 1960 2722 3534 2796">
     <span class='ocr_line' id='line_1_58' title="bbox 1960 2722 3534 2796; baseline 0.006 -19"><span class='ocrx_word' id='word_1_412' title='bbox 1960 2722 2125 2777; x_wconf 89' lang='lat' dir='ltr'><strong>simili</strong></span> <span class='ocrx_word' id='word_1_413' title='bbox 2174 2724 2335 2779; x_wconf 88' lang='lat' dir='ltr'><strong>modo</strong></span> <span class='ocrx_word' id='word_1_414' title='bbox 2389 2727 2736 2796; x_wconf 82' lang='lat' dir='ltr'><strong>progenerari</strong></span> <span class='ocrx_word' id='word_1_415' title='bbox 2795 2736 3220 2784; x_wconf 76' lang='lat' dir='ltr'><strong>consueverunt.</strong></span> <span class='ocrx_word' id='word_1_416' title='bbox 3274 2731 3358 2784; x_wconf 83' lang='lat' dir='ltr'><strong>An</strong></span> <span class='ocrx_word' id='word_1_417' title='bbox 3416 2734 3534 2787; x_wconf 85' lang='lat' dir='ltr'><strong>vult</strong></span> 
     </span>
    </p>
   </div>
   <div class='ocr_carea' id='block_1_59' title="bbox 1960 2813 3571 2895">
    <p class='ocr_par' dir='ltr' id='par_1_59' title="bbox 1960 2813 3571 2895">
     <span class='ocr_line' id='line_1_59' title="bbox 1960 2813 3571 2895; baseline 0.006 -26"><span class='ocrx_word' id='word_1_418' title='bbox 1960 2813 2062 2869; x_wconf 85' lang='lat' dir='ltr'><strong>sibi</strong></span> <span class='ocrx_word' id='word_1_419' title='bbox 2105 2825 2296 2870; x_wconf 90' lang='lat' dir='ltr'><strong>mutuo</strong></span> <span class='ocrx_word' id='word_1_420' title='bbox 2322 2830 2430 2870; x_wconf 88' lang='lat' dir='ltr'><strong>non</strong></span> <span class='ocrx_word' id='word_1_421' title='bbox 2455 2830 2575 2872; x_wconf 91' lang='lat' dir='ltr'><strong>esse</strong></span> <span class='ocrx_word' id='word_1_422' title='bbox 2619 2817 2841 2885; x_wconf 87' lang='lat' dir='ltr'><strong>similia,</strong></span> <span class='ocrx_word' id='word_1_423' title='bbox 2868 2835 2990 2889; x_wconf 81' lang='lat' dir='ltr'><strong>qua:</strong></span> <span class='ocrx_word' id='word_1_424' title='bbox 3019 2819 3265 2877; x_wconf 87' lang='lat' dir='ltr'><strong>similiter</strong></span> <span class='ocrx_word' id='word_1_425' title='bbox 3297 2822 3533 2893; x_wconf 81' lang='lat' dir='ltr'><strong>gignun-</strong></span> <span class='ocrx_word' id='word_1_426' title='bbox 3570 2892 3571 2895; x_wconf 19' lang='grc' dir='ltr'><strong>η</strong></span> 
     </span>
    </p>
   </div>
   <div class='ocr_carea' id='block_1_60' title="bbox 1961 2905 3535 2984">
    <p class='ocr_par' dir='ltr' id='par_1_60' title="bbox 1961 2905 3535 2984">
     <span class='ocr_line' id='line_1_60' title="bbox 1961 2905 3535 2984; baseline 0.008 -26"><span class='ocrx_word' id='word_1_427' title='bbox 1961 2912 2069 2967; x_wconf 90' lang='lat' dir='ltr'><strong>tur,</strong></span> <span class='ocrx_word' id='word_1_428' title='bbox 2100 2905 2195 2961; x_wconf 90' lang='lat' dir='ltr'><strong>sed</strong></span> <span class='ocrx_word' id='word_1_429' title='bbox 2229 2907 2512 2977; x_wconf 82' lang='lat' dir='ltr'><strong>quodlibet</strong></span> <span class='ocrx_word' id='word_1_430' title='bbox 2542 2908 2619 2963; x_wconf 87' lang='lat' dir='ltr'><strong>illi</strong></span> <span class='ocrx_word' id='word_1_431' title='bbox 2652 2910 2776 2974; x_wconf 86' lang='lat' dir='ltr'><strong>soli,</strong></span> <span class='ocrx_word' id='word_1_432' title='bbox 2796 2925 2825 2962; x_wconf 90' lang='lat' dir='ltr'><strong>a</strong></span> <span class='ocrx_word' id='word_1_433' title='bbox 2854 2927 2963 2980; x_wconf 91' lang='lat' dir='ltr'><strong>quo</strong></span> <span class='ocrx_word' id='word_1_434' title='bbox 2985 2914 3351 2983; x_wconf 84' lang='lat' dir='ltr'><strong>generationis</strong></span> <span class='ocrx_word' id='word_1_435' title='bbox 3383 2916 3535 2984; x_wconf 64' lang='lat' dir='ltr'><strong>prino</strong></span> 
     </span>
    </p>
   </div>
   <div class='ocr_carea' id='block_1_61' title="bbox 1959 2996 3532 3073">
    <p class='ocr_par' dir='ltr' id='par_1_61' title="bbox 1959 2996 3532 3073">
     <span class='ocr_line' id='line_1_61' title="bbox 1959 2996 3532 3073; baseline 0.008 -23"><span class='ocrx_word' id='word_1_436' title='bbox 1959 2996 2159 3066; x_wconf 80' lang='lat' dir='ltr'><strong>cipiunt</strong></span> <span class='ocrx_word' id='word_1_437' title='bbox 2195 2997 2391 3052; x_wconf 80' lang='lat' dir='ltr'><strong>ducit?</strong></span> <span class='ocrx_word' id='word_1_438' title='bbox 2420 2999 2490 3053; x_wconf 85' lang='lat' dir='ltr'><strong>At</strong></span> <span class='ocrx_word' id='word_1_439' title='bbox 2523 2999 2571 3053; x_wconf 78' lang='lat' dir='ltr'><strong>si</strong></span> <span class='ocrx_word' id='word_1_440' title='bbox 2626 3000 2729 3054; x_wconf 87' lang='lat' dir='ltr'><strong>hoc</strong></span> <span class='ocrx_word' id='word_1_441' title='bbox 2782 3001 3018 3069; x_wconf 78' lang='lat' dir='ltr'><strong>volebat,</strong></span> <span class='ocrx_word' id='word_1_442' title='bbox 3061 3003 3349 3060; x_wconf 87' lang='lat' dir='ltr'><strong>dicendum</strong></span> <span class='ocrx_word' id='word_1_443' title='bbox 3393 3016 3532 3073; x_wconf 88' lang='lat' dir='ltr'><strong>erat,</strong></span> 
     </span>
    </p>
   </div>
   <div class='ocr_carea' id='block_1_62' title="bbox 269 3090 1860 3182">
    <p class='ocr_par' dir='ltr' id='par_1_62' title="bbox 269 3096 1859 3172">
     <span class='ocr_line' id='line_1_62' title="bbox 269 3096 1859 3172; baseline 0.003 -21"><span class='ocrx_word' id='word_1_444' title='bbox 269 3101 335 3151; x_wconf 78' lang='grc' dir='ltr'><strong>ἑν</strong></span> <span class='ocrx_word' id='word_1_445' title='bbox 354 3101 429 3169; x_wconf 80' lang='grc' dir='ltr'><strong>τῇ</strong></span> <span class='ocrx_word' id='word_1_446' title='bbox 470 3098 635 3167; x_wconf 68' lang='grc' dir='ltr'><strong>φύσει</strong></span> <span class='ocrx_word' id='word_1_447' title='bbox 671 3099 977 3171; x_wconf 80' lang='grc' dir='ltr'><strong>θεωρεῖται,</strong></span> <span class='ocrx_word' id='word_1_448' title='bbox 1006 3100 1065 3155; x_wconf 77' lang='grc' dir='ltr'><strong>τὸ</strong></span> <span class='ocrx_word' id='word_1_449' title='bbox 1102 3101 1412 3171; x_wconf 82' lang='grc' dir='ltr'><strong>ὁμοιογενὲς</strong></span> <span class='ocrx_word' id='word_1_450' title='bbox 1448 3096 1585 3155; x_wconf 80' lang='grc' dir='ltr'><strong>εἶναι</strong></span> <span class='ocrx_word' id='word_1_451' title='bbox 1616 3098 1694 3172; x_wconf 81' lang='grc' dir='ltr'><strong>τῷ</strong></span> <span class='ocrx_word' id='word_1_452' title='bbox 1736 3117 1859 3169; x_wconf 87' lang='grc' dir='ltr'><strong>γεν-</strong></span> 
     </span>
    </p>
   </div>
   <div class='ocr_carea' id='block_1_63' title="bbox 1960 3090 3537 3182">
    <p class='ocr_par' dir='ltr' id='par_1_63' title="bbox 1961 3090 3537 3159">
     <span class='ocr_line' id='line_1_63' title="bbox 1961 3090 3537 3159; baseline 0.008 -17"><span class='ocrx_word' id='word_1_453' title='bbox 1961 3090 2240 3159; x_wconf 81' lang='lat' dir='ltr'><strong>generanti</strong></span> <span class='ocrx_word' id='word_1_454' title='bbox 2271 3099 2584 3159; x_wconf 86' lang='lat' dir='ltr'><strong>generatum</strong></span> <span class='ocrx_word' id='word_1_455' title='bbox 2616 3106 2740 3147; x_wconf 88' lang='lat' dir='ltr'><strong>esse</strong></span> <span class='ocrx_word' id='word_1_456' title='bbox 2760 3094 2938 3149; x_wconf 84' lang='lat' dir='ltr'><strong>simile</strong></span> <span class='ocrx_word' id='word_1_457' title='bbox 2975 3113 2991 3148; x_wconf 90' lang='lat'><strong>:</strong></span> <span class='ocrx_word' id='word_1_458' title='bbox 3028 3111 3135 3150; x_wconf 91' lang='lat' dir='ltr'><strong>non</strong></span> <span class='ocrx_word' id='word_1_459' title='bbox 3167 3105 3346 3154; x_wconf 86' lang='lat' dir='ltr'><strong>autem</strong></span> <span class='ocrx_word' id='word_1_460' title='bbox 3374 3099 3537 3155; x_wconf 81' lang='lat' dir='ltr'><strong>modo</strong></span> 
     </span>
    </p>
   </div>
   <div class='ocr_carea' id='block_1_64' title="bbox 270 3187 1862 3263">
    <p class='ocr_par' dir='ltr' id='par_1_64' title="bbox 270 3187 1862 3263">
     <span class='ocr_line' id='line_1_64' title="bbox 270 3187 1862 3263; baseline 0.003 -23"><span class='ocrx_word' id='word_1_461' title='bbox 270 3188 447 3242; x_wconf 77' lang='grc' dir='ltr'><strong>νῶντι</strong></span> <span class='ocrx_word' id='word_1_462' title='bbox 499 3187 564 3240; x_wconf 72' lang='grc' dir='ltr'><strong>τὺ</strong></span> <span class='ocrx_word' id='word_1_463' title='bbox 594 3187 953 3260; x_wconf 80' lang='grc' dir='ltr'><strong>γεννώμενον,</strong></span> <span class='ocrx_word' id='word_1_464' title='bbox 982 3188 1141 3243; x_wconf 81' lang='grc' dir='ltr'><strong>τοῦτο</strong></span> <span class='ocrx_word' id='word_1_465' title='bbox 1187 3190 1249 3242; x_wconf 83' lang='grc' dir='ltr'><strong>οὑ</strong></span> <span class='ocrx_word' id='word_1_466' title='bbox 1280 3189 1524 3260; x_wconf 83' lang='grc' dir='ltr'><strong>δέχεται,</strong></span> <span class='ocrx_word' id='word_1_467' title='bbox 1565 3190 1641 3254; x_wconf 82' lang='grc' dir='ltr'><strong>ὡς</strong></span> <span class='ocrx_word' id='word_1_468' title='bbox 1684 3190 1751 3245; x_wconf 81' lang='grc' dir='ltr'><strong>ἃν</strong></span> <span class='ocrx_word' id='word_1_469' title='bbox 1786 3191 1862 3263; x_wconf 84' lang='grc' dir='ltr'><strong>μὴ</strong></span> 
     </span>
    </p>
   </div>
   <div class='ocr_carea' id='block_1_65' title="bbox 267 3278 1862 3352">
    <p class='ocr_par' dir='ltr' id='par_1_65' title="bbox 267 3278 1862 3352">
     <span class='ocr_line' id='line_1_65' title="bbox 267 3278 1862 3352; baseline 0.003 -22"><span class='ocrx_word' id='word_1_470' title='bbox 267 3278 598 3331; x_wconf 74' lang='grc' dir='ltr'><strong>τούναντίον</strong></span> <span class='ocrx_word' id='word_1_471' title='bbox 646 3279 793 3350; x_wconf 76' lang='grc' dir='ltr'><strong>αὐτῷ</strong></span> <span class='ocrx_word' id='word_1_472' title='bbox 827 3279 1191 3352; x_wconf 80' lang='grc' dir='ltr'><strong>περιτραπείη</strong></span> <span class='ocrx_word' id='word_1_473' title='bbox 1221 3279 1281 3332; x_wconf 84' lang='grc' dir='ltr'><strong>τὸ</strong></span> <span class='ocrx_word' id='word_1_474' title='bbox 1317 3279 1764 3352; x_wconf 77' lang='grc' dir='ltr'><strong>κατασκεύασμα.</strong></span> <span class='ocrx_word' id='word_1_475' title='bbox 1799 3282 1862 3335; x_wconf 80' lang='lat' dir='ltr'><strong>Ei</strong></span> 
     </span>
    </p>
   </div>
   <div class='ocr_carea' id='block_1_66' title="bbox 274 3367 1863 3443">
    <p class='ocr_par' dir='ltr' id='par_1_66' title="bbox 274 3367 1863 3443">
     <span class='ocr_line' id='line_1_66' title="bbox 274 3367 1863 3443; baseline 0.003 -23"><span class='ocrx_word' id='word_1_476' title='bbox 274 3368 393 3438; x_wconf 71' lang='grc' dir='ltr'><strong>γὰρ</strong></span> <span class='ocrx_word' id='word_1_477' title='bbox 428 3367 509 3439; x_wconf 78' lang='grc' dir='ltr'><strong>τῷ</strong></span> <span class='ocrx_word' id='word_1_478' title='bbox 533 3369 792 3436; x_wconf 79' lang='grc' dir='ltr'><strong>γεννῶντι</strong></span> <span class='ocrx_word' id='word_1_479' title='bbox 822 3369 885 3423; x_wconf 78' lang='grc' dir='ltr'><strong>τὸ</strong></span> <span class='ocrx_word' id='word_1_480' title='bbox 919 3369 1231 3441; x_wconf 87' lang='grc' dir='ltr'><strong>τικτόμενον</strong></span> <span class='ocrx_word' id='word_1_481' title='bbox 1254 3371 1436 3441; x_wconf 84' lang='grc' dir='ltr'><strong>ὅμοιον</strong></span> <span class='ocrx_word' id='word_1_482' title='bbox 1463 3371 1633 3440; x_wconf 79' lang='grc' dir='ltr'><strong>ἔλεγε,</strong></span> <span class='ocrx_word' id='word_1_483' title='bbox 1658 3371 1863 3443; x_wconf 80' lang='grc' dir='ltr'><strong>φροῦδα</strong></span> 
     </span>
    </p>
   </div>
   <div class='ocr_carea' id='block_1_67' title="bbox 273 3459 1863 3532">
    <p class='ocr_par' dir='ltr' id='par_1_67' title="bbox 273 3459 1863 3532">
     <span class='ocr_line' id='line_1_67' title="bbox 273 3459 1863 3532; baseline 0.001 -19"><span class='ocrx_word' id='word_1_484' title='bbox 273 3460 466 3513; x_wconf 71' lang='grc' dir='ltr'><strong>πάντα</strong></span> <span class='ocrx_word' id='word_1_485' title='bbox 489 3498 505 3521; x_wconf 90' lang='grc'><strong>,</strong></span> <span class='ocrx_word' id='word_1_486' title='bbox 562 3460 665 3513; x_wconf 76' lang='grc' dir='ltr'><strong>καὶ</strong></span> <span class='ocrx_word' id='word_1_487' title='bbox 689 3460 1030 3514; x_wconf 79' lang='grc' dir='ltr'><strong>ἀνυπόστατα</strong></span> <span class='ocrx_word' id='word_1_488' title='bbox 1062 3459 1133 3513; x_wconf 79' lang='grc' dir='ltr'><strong>τὰ</strong></span> <span class='ocrx_word' id='word_1_489' title='bbox 1172 3460 1472 3530; x_wconf 79' lang='grc' dir='ltr'><strong>φιλοπόνως</strong></span> <span class='ocrx_word' id='word_1_490' title='bbox 1502 3460 1649 3532; x_wconf 81' lang='grc' dir='ltr'><strong>αὑτῷ</strong></span> <span class='ocrx_word' id='word_1_491' title='bbox 1678 3476 1863 3514; x_wconf 86' lang='grc' dir='ltr'><strong>συντε-</strong></span> 
     </span>
    </p>
   </div>
   <div class='ocr_carea' id='block_1_68' title="bbox 267 3550 1862 3625">
    <p class='ocr_par' dir='ltr' id='par_1_68' title="bbox 267 3550 1862 3625">
     <span class='ocr_line' id='line_1_68' title="bbox 267 3550 1862 3625; baseline -0.001 -18"><span class='ocrx_word' id='word_1_492' title='bbox 267 3552 454 3607; x_wconf 67' lang='grc' dir='ltr'><strong>θέντα</strong></span> <span class='ocrx_word' id='word_1_493' title='bbox 480 3550 611 3622; x_wconf 79' lang='grc' dir='ltr'><strong>περὶ</strong></span> <span class='ocrx_word' id='word_1_494' title='bbox 660 3552 761 3615; x_wconf 66' lang='grc' dir='ltr'><strong>τῆς</strong></span> <span class='ocrx_word' id='word_1_495' title='bbox 808 3551 1188 3625; x_wconf 79' lang='grc' dir='ltr'><strong>ἀνομοιότητος</strong></span> <span class='ocrx_word' id='word_1_496' title='bbox 1232 3550 1341 3606; x_wconf 89' lang='grc' dir='ltr'><strong>τῶν</strong></span> <span class='ocrx_word' id='word_1_497' title='bbox 1378 3551 1573 3606; x_wconf 81' lang='grc' dir='ltr'><strong>οὐσιῶν</strong></span> <span class='ocrx_word' id='word_1_498' title='bbox 1617 3552 1862 3624; x_wconf 79' lang='grc' dir='ltr'><strong>ἀπηλέγ-</strong></span> 
     </span>
    </p>
   </div>
   <div class='ocr_carea' id='block_1_69' title="bbox 266 3659 436 3716">
    <p class='ocr_par' dir='ltr' id='par_1_69' title="bbox 266 3659 436 3716">
     <span class='ocr_line' id='line_1_69' title="bbox 266 3659 436 3716; baseline 0 -21"><span class='ocrx_word' id='word_1_499' title='bbox 266 3659 436 3716; x_wconf 60' lang='grc' dir='ltr'><strong>ζετο.</strong></span> 
     </span>
    </p>
   </div>
   <div class='ocr_carea' id='block_1_70' title="bbox 354 3886 1866 3960">
    <p class='ocr_par' dir='ltr' id='par_1_70' title="bbox 354 3886 1866 3960">
     <span class='ocr_line' id='line_1_70' title="bbox 354 3886 1866 3960; baseline 0.002 -20"><span class='ocrx_word' id='word_1_500' title='bbox 354 3886 498 3940; x_wconf 77' lang='grc' dir='ltr'><strong>Νυνὶ</strong></span> <span class='ocrx_word' id='word_1_501' title='bbox 542 3886 598 3940; x_wconf 81' lang='grc' dir='ltr'><strong>δὲ</strong></span> <span class='ocrx_word' id='word_1_502' title='bbox 655 3886 840 3958; x_wconf 82' lang='grc' dir='ltr'><strong>τρόπῳ</strong></span> <span class='ocrx_word' id='word_1_503' title='bbox 887 3888 1190 3959; x_wconf 83' lang='grc' dir='ltr'><strong>γεννήσεως</strong></span> <span class='ocrx_word' id='word_1_504' title='bbox 1237 3887 1437 3959; x_wconf 89' lang='grc' dir='ltr'><strong>τρόπον</strong></span> <span class='ocrx_word' id='word_1_505' title='bbox 1484 3889 1649 3959; x_wconf 68' lang='grc' dir='ltr'><strong>φησιν</strong></span> <span class='ocrx_word' id='word_1_506' title='bbox 1692 3889 1866 3960; x_wconf 82' lang='grc' dir='ltr'><strong>ὁμοιό-</strong></span> 
     </span>
    </p>
   </div>
   <div class='ocr_carea' id='block_1_71' title="bbox 269 3978 1866 4055">
    <p class='ocr_par' dir='ltr' id='par_1_71' title="bbox 269 3978 1866 4055">
     <span class='ocr_line' id='line_1_71' title="bbox 269 3978 1866 4055; baseline 0.004 -24"><span class='ocrx_word' id='word_1_507' title='bbox 269 3996 450 4051; x_wconf 69' lang='grc' dir='ltr'><strong>τητος</strong></span> <span class='ocrx_word' id='word_1_508' title='bbox 479 3979 740 4033; x_wconf 72' lang='grc' dir='ltr'><strong>ἔπεσθαι*</strong></span> <span class='ocrx_word' id='word_1_509' title='bbox 776 3978 934 4033; x_wconf 80' lang='grc' dir='ltr'><strong>τοῦτο</strong></span> <span class='ocrx_word' id='word_1_510' title='bbox 975 3980 1032 4033; x_wconf 80' lang='grc' dir='ltr'><strong>δὲ</strong></span> <span class='ocrx_word' id='word_1_511' title='bbox 1060 3982 1173 4045; x_wconf 83' lang='grc' dir='ltr'><strong>τοῖς</strong></span> <span class='ocrx_word' id='word_1_512' title='bbox 1218 3981 1461 4054; x_wconf 73' lang='grc' dir='ltr'><strong>ἀκριϐῶς</strong></span> <span class='ocrx_word' id='word_1_513' title='bbox 1484 3982 1866 4055; x_wconf 75' lang='grc' dir='ltr'><strong>ἐπισταμένοις</strong></span> 
     </span>
    </p>
   </div>
   <div class='ocr_carea' id='block_1_72' title="bbox 270 4069 1865 4148">
    <p class='ocr_par' dir='ltr' id='par_1_72' title="bbox 270 4069 1865 4148">
     <span class='ocr_line' id='line_1_72' title="bbox 270 4069 1865 4148; baseline 0.003 -24"><span class='ocrx_word' id='word_1_514' title='bbox 270 4069 565 4138; x_wconf 73' lang='grc' dir='ltr'><strong>ἐξετάζειν</strong></span> <span class='ocrx_word' id='word_1_515' title='bbox 595 4070 803 4135; x_wconf 72' lang='grc' dir='ltr'><strong>ἑννοίας</strong></span> <span class='ocrx_word' id='word_1_516' title='bbox 826 4070 1007 4140; x_wconf 87' lang='grc' dir='ltr'><strong>λόγον,</strong></span> <span class='ocrx_word' id='word_1_517' title='bbox 1040 4070 1354 4143; x_wconf 79' lang='grc' dir='ltr'><strong>ἀδιανόητον</strong></span> <span class='ocrx_word' id='word_1_518' title='bbox 1397 4072 1677 4139; x_wconf 81' lang='grc' dir='ltr'><strong>παντελῶς</strong></span> <span class='ocrx_word' id='word_1_519' title='bbox 1708 4076 1865 4148; x_wconf 86' lang='grc' dir='ltr'><strong>εὑρε-</strong></span> 
     </span>
    </p>
   </div>
   <div class='ocr_carea' id='block_1_73' title="bbox 272 4161 1868 4239">
    <p class='ocr_par' dir='ltr' id='par_1_73' title="bbox 272 4161 1868 4239">
     <span class='ocr_line' id='line_1_73' title="bbox 272 4161 1868 4239; baseline 0.003 -22"><span class='ocrx_word' id='word_1_520' title='bbox 272 4163 538 4232; x_wconf 71' lang='grc' dir='ltr'><strong>θήσεται.</strong></span> <span class='ocrx_word' id='word_1_521' title='bbox 566 4161 633 4214; x_wconf 82' lang='grc' dir='ltr'><strong>Τί</strong></span> <span class='ocrx_word' id='word_1_522' title='bbox 666 4162 775 4233; x_wconf 76' lang='grc' dir='ltr'><strong>γὰρ</strong></span> <span class='ocrx_word' id='word_1_523' title='bbox 805 4162 887 4217; x_wconf 88' lang='grc' dir='ltr'><strong>δεῖ</strong></span> <span class='ocrx_word' id='word_1_524' title='bbox 926 4162 1114 4235; x_wconf 78' lang='grc' dir='ltr'><strong>νοῆσαι</strong></span> <span class='ocrx_word' id='word_1_525' title='bbox 1144 4166 1449 4238; x_wconf 84' lang='grc' dir='ltr'><strong>γεννήσεως</strong></span> <span class='ocrx_word' id='word_1_526' title='bbox 1480 4166 1677 4239; x_wconf 86' lang='grc' dir='ltr'><strong>τρόπον</strong></span> <span class='ocrx_word' id='word_1_527' title='bbox 1702 4168 1868 4223; x_wconf 81' lang='grc' dir='ltr'><strong>ἀκού-</strong></span> 
     </span>
    </p>
   </div>
   <div class='ocr_carea' id='block_1_74' title="bbox 274 4252 1867 4328">
    <p class='ocr_par' dir='ltr' id='par_1_74' title="bbox 274 4252 1867 4328">
     <span class='ocr_line' id='line_1_74' title="bbox 274 4252 1867 4328; baseline 0.003 -20"><span class='ocrx_word' id='word_1_528' title='bbox 274 4270 504 4317; x_wconf 75' lang='grc' dir='ltr'><strong>σαντες,</strong></span> <span class='ocrx_word' id='word_1_529' title='bbox 541 4252 681 4306; x_wconf 72' lang='grc' dir='ltr'><strong>πάνυ</strong></span> <span class='ocrx_word' id='word_1_530' title='bbox 708 4252 816 4306; x_wconf 89' lang='grc' dir='ltr'><strong>τῶν</strong></span> <span class='ocrx_word' id='word_1_531' title='bbox 857 4254 1075 4325; x_wconf 86' lang='grc' dir='ltr'><strong>ἀπόρων</strong></span> <span class='ocrx_word' id='word_1_532' title='bbox 1102 4255 1235 4309; x_wconf 80' lang='grc' dir='ltr'><strong>ἐστί.</strong></span> <span class='ocrx_word' id='word_1_533' title='bbox 1289 4255 1364 4309; x_wconf 86' lang='grc' dir='ltr'><strong>Τὸ</strong></span> <span class='ocrx_word' id='word_1_534' title='bbox 1393 4257 1577 4328; x_wconf 82' lang='grc' dir='ltr'><strong>σχῆμα</strong></span> <span class='ocrx_word' id='word_1_535' title='bbox 1620 4255 1714 4311; x_wconf 83' lang='grc' dir='ltr'><strong>τοῦ</strong></span> <span class='ocrx_word' id='word_1_536' title='bbox 1739 4259 1867 4312; x_wconf 83' lang='grc' dir='ltr'><strong>ἁπο-</strong></span> 
     </span>
    </p>
   </div>
   <div class='ocr_carea' id='block_1_75' title="bbox 270 4342 1860 4420">
    <p class='ocr_par' dir='ltr' id='par_1_75' title="bbox 270 4342 1860 4420">
     <span class='ocr_line' id='line_1_75' title="bbox 270 4342 1860 4420; baseline 0.003 -23"><span class='ocrx_word' id='word_1_537' title='bbox 270 4345 564 4406; x_wconf 79' lang='grc' dir='ltr'><strong>τίκτοντος</strong></span> <span class='ocrx_word' id='word_1_538' title='bbox 616 4342 857 4416; x_wconf 78' lang='grc' dir='ltr'><strong>λέγει,ἧ</strong></span> <span class='ocrx_word' id='word_1_539' title='bbox 908 4343 1008 4413; x_wconf 79' lang='grc' dir='ltr'><strong>τήν</strong></span> <span class='ocrx_word' id='word_1_540' title='bbox 1062 4344 1272 4417; x_wconf 79' lang='grc' dir='ltr'><strong>ὁρμὴν,</strong></span> <span class='ocrx_word' id='word_1_541' title='bbox 1301 4346 1335 4419; x_wconf 76' lang='grc' dir='ltr'><strong>ἢ</strong></span> <span class='ocrx_word' id='word_1_542' title='bbox 1369 4346 1466 4420; x_wconf 85' lang='grc' dir='ltr'><strong>τὴν</strong></span> <span class='ocrx_word' id='word_1_543' title='bbox 1520 4347 1780 4411; x_wconf 76' lang='grc' dir='ltr'><strong>διάθεσιν,</strong></span> <span class='ocrx_word' id='word_1_544' title='bbox 1826 4348 1860 4420; x_wconf 76' lang='grc' dir='ltr'>ἦ</span> 
     </span>
    </p>
   </div>
   <div class='ocr_carea' id='block_1_76' title="bbox 1962 3179 3535 3260">
    <p class='ocr_par' dir='ltr' id='par_1_76' title="bbox 1962 3179 3535 3260">
     <span class='ocr_line' id='line_1_76' title="bbox 1962 3179 3535 3260; baseline 0.008 -28"><span class='ocrx_word' id='word_1_545' title='bbox 1962 3179 2331 3249; x_wconf 66' lang='lat' dir='ltr'><strong>generationis</strong></span> <span class='ocrx_word' id='word_1_546' title='bbox 2385 3180 2602 3235; x_wconf 86' lang='lat' dir='ltr'><strong>modum</strong></span> <span class='ocrx_word' id='word_1_547' title='bbox 2658 3182 3054 3242; x_wconf 88' lang='lat' dir='ltr'><strong>similitudinis.</strong></span> <span class='ocrx_word' id='word_1_548' title='bbox 3099 3186 3204 3242; x_wconf 85' lang='lat' dir='ltr'><strong>Sed</strong></span> <span class='ocrx_word' id='word_1_549' title='bbox 3258 3205 3433 3260; x_wconf 83' lang='lat' dir='ltr'><strong>neque</strong></span> <span class='ocrx_word' id='word_1_550' title='bbox 3480 3190 3535 3245; x_wconf 91' lang='lat' dir='ltr'><strong>id</strong></span> 
     </span>
    </p>
   </div>
   <div class='ocr_carea' id='block_1_77' title="bbox 1961 3266 3535 3340">
    <p class='ocr_par' dir='ltr' id='par_1_77' title="bbox 1961 3266 3535 3340">
     <span class='ocr_line' id='line_1_77' title="bbox 1961 3266 3535 3340; baseline 0.011 -19"><span class='ocrx_word' id='word_1_551' title='bbox 1961 3266 2205 3338; x_wconf 87' lang='lat' dir='ltr'><strong>quidem,</strong></span> <span class='ocrx_word' id='word_1_552' title='bbox 2236 3269 2384 3338; x_wconf 89' lang='lat' dir='ltr'><strong>quod</strong></span> <span class='ocrx_word' id='word_1_553' title='bbox 2432 3271 2731 3329; x_wconf 75' lang='lat' dir='ltr'><strong>verisimile</strong></span> <span class='ocrx_word' id='word_1_554' title='bbox 2766 3283 2872 3340; x_wconf 88' lang='lat' dir='ltr'><strong>est,</strong></span> <span class='ocrx_word' id='word_1_555' title='bbox 2913 3284 2967 3331; x_wconf 89' lang='lat' dir='ltr'><strong>et</strong></span> <span class='ocrx_word' id='word_1_556' title='bbox 3000 3277 3056 3331; x_wconf 91' lang='lat' dir='ltr'><strong>in</strong></span> <span class='ocrx_word' id='word_1_557' title='bbox 3102 3294 3283 3334; x_wconf 91' lang='lat' dir='ltr'><strong>rerum</strong></span> <span class='ocrx_word' id='word_1_558' title='bbox 3337 3292 3535 3339; x_wconf 88' lang='lat' dir='ltr'><strong>natura</strong></span> 
     </span>
    </p>
   </div>
   <div class='ocr_carea' id='block_1_78' title="bbox 1962 3358 3537 3438">
    <p class='ocr_par' dir='ltr' id='par_1_78' title="bbox 1962 3358 3537 3438">
     <span class='ocr_line' id='line_1_78' title="bbox 1962 3358 3537 3438; baseline 0.013 -27"><span class='ocrx_word' id='word_1_559' title='bbox 1962 3358 2254 3429; x_wconf 87' lang='lat' dir='ltr'><strong>reperitur,</strong></span> <span class='ocrx_word' id='word_1_560' title='bbox 2284 3364 2565 3431; x_wconf 87' lang='lat' dir='ltr'><strong>generanti</strong></span> <span class='ocrx_word' id='word_1_561' title='bbox 2602 3364 2782 3420; x_wconf 89' lang='lat' dir='ltr'><strong>simile</strong></span> <span class='ocrx_word' id='word_1_562' title='bbox 2806 3380 2928 3421; x_wconf 90' lang='lat' dir='ltr'><strong>esse</strong></span> <span class='ocrx_word' id='word_1_563' title='bbox 2956 3371 3196 3438; x_wconf 84' lang='lat' dir='ltr'><strong>genitum</strong></span> <span class='ocrx_word' id='word_1_564' title='bbox 3221 3410 3237 3433; x_wconf 90' lang='lat'><strong>,</strong></span> <span class='ocrx_word' id='word_1_565' title='bbox 3268 3372 3342 3426; x_wconf 92' lang='lat' dir='ltr'><strong>ita</strong></span> <span class='ocrx_word' id='word_1_566' title='bbox 3382 3390 3537 3429; x_wconf 87' lang='lat' dir='ltr'><strong>com-</strong></span> 
     </span>
    </p>
   </div>
   <div class='ocr_carea' id='block_1_79' title="bbox 1962 3452 3533 3534">
    <p class='ocr_par' dir='ltr' id='par_1_79' title="bbox 1962 3452 3533 3534">
     <span class='ocr_line' id='line_1_79' title="bbox 1962 3452 3533 3534; baseline 0.012 -31"><span class='ocrx_word' id='word_1_567' title='bbox 1962 3452 2246 3522; x_wconf 90' lang='lat' dir='ltr'><strong>probatur,</strong></span> <span class='ocrx_word' id='word_1_568' title='bbox 2283 3461 2341 3506; x_wconf 91' lang='lat' dir='ltr'><strong>ut</strong></span> <span class='ocrx_word' id='word_1_569' title='bbox 2375 3456 2711 3510; x_wconf 88' lang='lat' dir='ltr'><strong>contrarium</strong></span> <span class='ocrx_word' id='word_1_570' title='bbox 2755 3459 3071 3532; x_wconf 89' lang='lat' dir='ltr'><strong>contingere</strong></span> <span class='ocrx_word' id='word_1_571' title='bbox 3114 3474 3365 3534; x_wconf 88' lang='lat' dir='ltr'><strong>nequeat.</strong></span> <span class='ocrx_word' id='word_1_572' title='bbox 3398 3465 3533 3523; x_wconf 84' lang='lat' dir='ltr'><strong>Nam</strong></span> 
     </span>
    </p>
   </div>
   <div class='ocr_carea' id='block_1_80' title="bbox 1961 3542 3538 3627">
    <p class='ocr_par' dir='ltr' id='par_1_80' title="bbox 1961 3542 3538 3627">
     <span class='ocr_line' id='line_1_80' title="bbox 1961 3542 3538 3627; baseline 0.013 -31"><span class='ocrx_word' id='word_1_573' title='bbox 1961 3542 2007 3597; x_wconf 91' lang='lat' dir='ltr'><strong>si</strong></span> <span class='ocrx_word' id='word_1_574' title='bbox 2037 3544 2338 3613; x_wconf 86' lang='lat' dir='ltr'><strong>generatim</strong></span> <span class='ocrx_word' id='word_1_575' title='bbox 2361 3545 2436 3613; x_wconf 87' lang='lat' dir='ltr'><strong>id,</strong></span> <span class='ocrx_word' id='word_1_576' title='bbox 2471 3548 2613 3618; x_wconf 91' lang='lat' dir='ltr'><strong>quod</strong></span> <span class='ocrx_word' id='word_1_577' title='bbox 2644 3559 2960 3619; x_wconf 89' lang='lat' dir='ltr'><strong>generatum</strong></span> <span class='ocrx_word' id='word_1_578' title='bbox 2991 3562 3101 3618; x_wconf 88' lang='lat' dir='ltr'><strong>est,</strong></span> <span class='ocrx_word' id='word_1_579' title='bbox 3149 3560 3430 3627; x_wconf 85' lang='lat' dir='ltr'><strong>generanti</strong></span> <span class='ocrx_word' id='word_1_580' title='bbox 3467 3562 3538 3616; x_wconf 86' lang='lat' dir='ltr'><strong>si-</strong></span> 
     </span>
    </p>
   </div>
   <div class='ocr_carea' id='block_1_81' title="bbox 1963 3634 3536 3721">
    <p class='ocr_par' dir='ltr' id='par_1_81' title="bbox 1963 3634 3536 3721">
     <span class='ocr_line' id='line_1_81' title="bbox 1963 3634 3536 3721; baseline 0.012 -32"><span class='ocrx_word' id='word_1_581' title='bbox 1963 3634 2096 3689; x_wconf 86' lang='lat' dir='ltr'><strong>mile</strong></span> <span class='ocrx_word' id='word_1_582' title='bbox 2120 3635 2460 3705; x_wconf 88' lang='lat' dir='ltr'><strong>perhibetur,</strong></span> <span class='ocrx_word' id='word_1_583' title='bbox 2494 3640 2789 3697; x_wconf 85' lang='lat' dir='ltr'><strong>concidant</strong></span> <span class='ocrx_word' id='word_1_584' title='bbox 2826 3653 3036 3714; x_wconf 84' lang='lat' dir='ltr'><strong>oportet</strong></span> <span class='ocrx_word' id='word_1_585' title='bbox 3062 3648 3243 3704; x_wconf 86' lang='lat' dir='ltr'><strong>omnia</strong></span> <span class='ocrx_word' id='word_1_586' title='bbox 3280 3650 3393 3716; x_wconf 90' lang='lat' dir='ltr'><strong>illa,</strong></span> <span class='ocrx_word' id='word_1_587' title='bbox 3415 3668 3536 3721; x_wconf 79' lang='lat' dir='ltr'><strong>quae</strong></span> 
     </span>
    </p>
   </div>
   <div class='ocr_carea' id='block_1_82' title="bbox 1962 3727 3540 3801">
    <p class='ocr_par' dir='ltr' id='par_1_82' title="bbox 1962 3727 3540 3801">
     <span class='ocr_line' id='line_1_82' title="bbox 1962 3727 3540 3801; baseline 0.014 -22"><span class='ocrx_word' id='word_1_588' title='bbox 1962 3733 2073 3780; x_wconf 89' lang='lat' dir='ltr'><strong>tam</strong></span> <span class='ocrx_word' id='word_1_589' title='bbox 2111 3727 2356 3785; x_wconf 89' lang='lat' dir='ltr'><strong>studiose</strong></span> <span class='ocrx_word' id='word_1_590' title='bbox 2383 3728 2451 3786; x_wconf 86' lang='lat' dir='ltr'><strong>de</strong></span> <span class='ocrx_word' id='word_1_591' title='bbox 2476 3731 2904 3790; x_wconf 83' lang='lat' dir='ltr'><strong>substantiarum</strong></span> <span class='ocrx_word' id='word_1_592' title='bbox 2935 3736 3382 3798; x_wconf 87' lang='lat' dir='ltr'><strong>dissimilitudine</strong></span> <span class='ocrx_word' id='word_1_593' title='bbox 3421 3744 3540 3801; x_wconf 76' lang='lat' dir='ltr'><strong>dis-</strong></span> 
     </span>
    </p>
   </div>
   <div class='ocr_carea' id='block_1_83' title="bbox 1963 3817 2157 3872">
    <p class='ocr_par' dir='ltr' id='par_1_83' title="bbox 1963 3817 2157 3872">
     <span class='ocr_line' id='line_1_83' title="bbox 1963 3817 2157 3872; baseline 0 0"><span class='ocrx_word' id='word_1_594' title='bbox 1963 3817 2157 3872; x_wconf 88' lang='lat' dir='ltr'><strong>seruit.</strong></span> 
     </span>
    </p>
   </div>
   <div class='ocr_carea' id='block_1_84' title="bbox 2031 3904 3533 3993">
    <p class='ocr_par' dir='ltr' id='par_1_84' title="bbox 2031 3904 3533 3993">
     <span class='ocr_line' id='line_1_84' title="bbox 2031 3904 3533 3993; baseline 0.013 -34"><span class='ocrx_word' id='word_1_595' title='bbox 2031 3904 2191 3962; x_wconf 84' lang='lat' dir='ltr'><strong>Nunc</strong></span> <span class='ocrx_word' id='word_1_596' title='bbox 2243 3916 2423 3965; x_wconf 81' lang='lat' dir='ltr'><strong>autem</strong></span> <span class='ocrx_word' id='word_1_597' title='bbox 2470 3910 2538 3967; x_wconf 89' lang='lat' dir='ltr'><strong>ad</strong></span> <span class='ocrx_word' id='word_1_598' title='bbox 2572 3913 2938 3982; x_wconf 86' lang='lat' dir='ltr'><strong>generationis</strong></span> <span class='ocrx_word' id='word_1_599' title='bbox 2989 3915 3207 3971; x_wconf 88' lang='lat' dir='ltr'><strong>modum</strong></span> <span class='ocrx_word' id='word_1_600' title='bbox 3251 3925 3327 3973; x_wconf 80' lang='lat' dir='ltr'><strong>ait</strong></span> <span class='ocrx_word' id='word_1_601' title='bbox 3377 3934 3533 3993; x_wconf 77' lang='lat' dir='ltr'><strong>sequi</strong></span> 
     </span>
    </p>
   </div>
   <div class='ocr_carea' id='block_1_85' title="bbox 1963 3997 3536 4078">
    <p class='ocr_par' dir='ltr' id='par_1_85' title="bbox 1963 3997 3536 4078">
     <span class='ocr_line' id='line_1_85' title="bbox 1963 3997 3536 4078; baseline 0.011 -27"><span class='ocrx_word' id='word_1_602' title='bbox 1963 3997 2187 4053; x_wconf 88' lang='lat' dir='ltr'><strong>modum</strong></span> <span class='ocrx_word' id='word_1_603' title='bbox 2215 3998 2609 4058; x_wconf 87' lang='lat' dir='ltr'><strong>similitudinis.</strong></span> <span class='ocrx_word' id='word_1_604' title='bbox 2633 4003 2717 4059; x_wconf 75' lang='lat' dir='ltr'><strong>An</strong></span> <span class='ocrx_word' id='word_1_605' title='bbox 2768 4020 2878 4061; x_wconf 91' lang='lat' dir='ltr'><strong>non</strong></span> <span class='ocrx_word' id='word_1_606' title='bbox 2924 4004 3030 4061; x_wconf 92' lang='lat' dir='ltr'><strong>hoc</strong></span> <span class='ocrx_word' id='word_1_607' title='bbox 3054 4006 3123 4063; x_wconf 90' lang='lat' dir='ltr'><strong>iis</strong></span> <span class='ocrx_word' id='word_1_608' title='bbox 3157 4008 3251 4078; x_wconf 88' lang='lat' dir='ltr'><strong>qui</strong></span> <span class='ocrx_word' id='word_1_609' title='bbox 3279 4024 3536 4071; x_wconf 83' lang='lat' dir='ltr'><strong>accurate</strong></span> 
     </span>
    </p>
   </div>
   <div class='ocr_carea' id='block_1_86' title="bbox 1962 4089 3531 4166">
    <p class='ocr_par' dir='ltr' id='par_1_86' title="bbox 1962 4089 3531 4166">
     <span class='ocr_line' id='line_1_86' title="bbox 1962 4089 3531 4166; baseline 0.01 -25"><span class='ocrx_word' id='word_1_610' title='bbox 1962 4101 2146 4142; x_wconf 86' lang='lat' dir='ltr'><strong>rerum</strong></span> <span class='ocrx_word' id='word_1_611' title='bbox 2168 4089 2411 4145; x_wconf 88' lang='lat' dir='ltr'><strong>rationes</strong></span> <span class='ocrx_word' id='word_1_612' title='bbox 2459 4091 2696 4146; x_wconf 87' lang='lat' dir='ltr'><strong>scrutari</strong></span> <span class='ocrx_word' id='word_1_613' title='bbox 2734 4091 3064 4158; x_wconf 80' lang='lat' dir='ltr'><strong>didicerunt,</strong></span> <span class='ocrx_word' id='word_1_614' title='bbox 3115 4097 3294 4166; x_wconf 90' lang='lat' dir='ltr'><strong>primo</strong></span> <span class='ocrx_word' id='word_1_615' title='bbox 3346 4102 3531 4157; x_wconf 86' lang='lat' dir='ltr'><strong>statim</strong></span> 
     </span>
    </p>
   </div>
   <div class='ocr_carea' id='block_1_87' title="bbox 1964 4176 3533 4264">
    <p class='ocr_par' dir='ltr' id='par_1_87' title="bbox 1964 4176 3533 4264">
     <span class='ocr_line' id='line_1_87' title="bbox 1964 4176 3533 4264; baseline 0.01 -31"><span class='ocrx_word' id='word_1_616' title='bbox 1964 4176 2162 4234; x_wconf 88' lang='lat' dir='ltr'><strong>intuitu</strong></span> <span class='ocrx_word' id='word_1_617' title='bbox 2184 4179 2452 4250; x_wconf 87' lang='lat' dir='ltr'><strong>ejusmodi</strong></span> <span class='ocrx_word' id='word_1_618' title='bbox 2505 4181 2806 4251; x_wconf 89' lang='lat' dir='ltr'><strong>apparebit,</strong></span> <span class='ocrx_word' id='word_1_619' title='bbox 2834 4184 2981 4254; x_wconf 91' lang='lat' dir='ltr'><strong>quod</strong></span> <span class='ocrx_word' id='word_1_620' title='bbox 3029 4188 3248 4254; x_wconf 88' lang='lat' dir='ltr'><strong>penitus</strong></span> <span class='ocrx_word' id='word_1_621' title='bbox 3303 4191 3533 4264; x_wconf 82' lang='lat' dir='ltr'><strong>intelligi</strong></span> 
     </span>
    </p>
   </div>
   <div class='ocr_carea' id='block_1_88' title="bbox 1963 4269 3529 4351">
    <p class='ocr_par' dir='ltr' id='par_1_88' title="bbox 1963 4269 3529 4351">
     <span class='ocr_line' id='line_1_88' title="bbox 1963 4269 3529 4351; baseline 0.008 -26"><span class='ocrx_word' id='word_1_622' title='bbox 1963 4272 2233 4341; x_wconf 72' lang='lat' dir='ltr'><strong>nequeat?</strong></span> <span class='ocrx_word' id='word_1_623' title='bbox 2251 4269 2384 4325; x_wconf 81' lang='lat' dir='ltr'><strong>Nam</strong></span> <span class='ocrx_word' id='word_1_624' title='bbox 2411 4271 2546 4340; x_wconf 88' lang='lat' dir='ltr'><strong>quid</strong></span> <span class='ocrx_word' id='word_1_625' title='bbox 2566 4272 2984 4342; x_wconf 88' lang='lat' dir='ltr'><strong>concipiendum</strong></span> <span class='ocrx_word' id='word_1_626' title='bbox 3018 4276 3112 4339; x_wconf 87' lang='lat' dir='ltr'><strong>sit,</strong></span> <span class='ocrx_word' id='word_1_627' title='bbox 3141 4280 3186 4334; x_wconf 92' lang='lat' dir='ltr'><strong>si</strong></span> <span class='ocrx_word' id='word_1_628' title='bbox 3222 4285 3529 4351; x_wconf 87' lang='lat' dir='ltr'><strong>generatio-</strong></span> 
     </span>
    </p>
   </div>
   <div class='ocr_carea' id='block_1_89' title="bbox 1965 4356 3529 4441">
    <p class='ocr_par' dir='ltr' id='par_1_89' title="bbox 1965 4356 3529 4441">
     <span class='ocr_line' id='line_1_89' title="bbox 1965 4356 3529 4441; baseline 0.011 -25"><span class='ocrx_word' id='word_1_629' title='bbox 1965 4360 2053 4417; x_wconf 90' lang='lat' dir='ltr'><strong>nis</strong></span> <span class='ocrx_word' id='word_1_630' title='bbox 2078 4356 2296 4416; x_wconf 90' lang='lat' dir='ltr'><strong>modnm</strong></span> <span class='ocrx_word' id='word_1_631' title='bbox 2330 4361 2545 4426; x_wconf 86' lang='lat' dir='ltr'><strong>audias,</strong></span> <span class='ocrx_word' id='word_1_632' title='bbox 2577 4362 2869 4419; x_wconf 87' lang='lat' dir='ltr'><strong>admodum</strong></span> <span class='ocrx_word' id='word_1_633' title='bbox 2904 4376 3052 4425; x_wconf 86' lang='lat' dir='ltr'><strong>certe</strong></span> <span class='ocrx_word' id='word_1_634' title='bbox 3082 4372 3394 4441; x_wconf 80' lang='lat' dir='ltr'><strong>perplexum</strong></span> <span class='ocrx_word' id='word_1_635' title='bbox 3423 4385 3529 4433; x_wconf 89' lang='lat' dir='ltr'><strong>est.</strong></span> 
     </span>
    </p>
   </div>
   <div class='ocr_carea' id='block_1_90' title="bbox 271 4433 1860 4539">
    <p class='ocr_par' dir='ltr' id='par_1_90' title="bbox 271 4433 1860 4510">
     <span class='ocr_line' id='line_1_90' title="bbox 271 4433 1860 4510; baseline 0.003 -21"><span class='ocrx_word' id='word_1_636' title='bbox 271 4436 469 4495; x_wconf 75' lang='grc' dir='ltr'><strong>τόπον.</strong></span> <span class='ocrx_word' id='word_1_637' title='bbox 494 4433 529 4505; x_wconf 71' lang='grc' dir='ltr'>ἢ</span> <span class='ocrx_word' id='word_1_638' title='bbox 557 4434 746 4505; x_wconf 86' lang='grc' dir='ltr'><strong>χρόνον</strong></span> <span class='ocrx_word' id='word_1_639' title='bbox 765 4474 780 4498; x_wconf 92' lang='grc'><strong>,</strong></span> <span class='ocrx_word' id='word_1_640' title='bbox 806 4435 840 4508; x_wconf 76' lang='grc' dir='ltr'>ἦ</span> <span class='ocrx_word' id='word_1_641' title='bbox 874 4434 934 4489; x_wconf 81' lang='grc' dir='ltr'><strong>τὺ</strong></span> <span class='ocrx_word' id='word_1_642' title='bbox 966 4435 1053 4490; x_wconf 79' lang='grc' dir='ltr'><strong>διὰ</strong></span> <span class='ocrx_word' id='word_1_643' title='bbox 1098 4435 1409 4510; x_wconf 75' lang='grc' dir='ltr'><strong>συλλήψεως</strong></span> <span class='ocrx_word' id='word_1_644' title='bbox 1440 4439 1771 4495; x_wconf 74' lang='grc' dir='ltr'><strong>τελειοῦσθαι</strong></span> <span class='ocrx_word' id='word_1_645' title='bbox 1800 4438 1860 4494; x_wconf 82' lang='grc' dir='ltr'><strong>τὸ</strong></span> 
     </span>
    </p>
   </div>
   <div class='ocr_carea' id='block_1_91' title="bbox 1960 4433 3530 4539">
    <p class='ocr_par' dir='ltr' id='par_1_91' title="bbox 1963 4433 3530 4539">
     <span class='ocr_line' id='line_1_91' title="bbox 1963 4433 3530 4539; baseline 0.011 -35"><span class='ocrx_word' id='word_1_646' title='bbox 1963 4449 2101 4506; x_wconf 86' lang='lat' dir='ltr'><strong>Nutu</strong></span> <span class='ocrx_word' id='word_1_647' title='bbox 2141 4451 2243 4507; x_wconf 91' lang='lat' dir='ltr'><strong>hac</strong></span> <span class='ocrx_word' id='word_1_648' title='bbox 2295 4451 2566 4509; x_wconf 88' lang='lat' dir='ltr'><strong>locutione</strong></span> <span class='ocrx_word' id='word_1_649' title='bbox 2620 4454 2851 4525; x_wconf 81' lang='lat' dir='ltr'><strong>ﬁguram</strong></span> <span class='ocrx_word' id='word_1_650' title='bbox 2889 4433 3201 4528; x_wconf 68' lang='lat' dir='ltr'><strong>generantia</strong></span> <span class='ocrx_word' id='word_1_651' title='bbox 3255 4464 3530 4539; x_wconf 84' lang='lat' dir='ltr'><strong>intelligit,</strong></span> 
     </span>
    </p>
   </div>
   <div class='ocr_carea' id='block_1_92' title="bbox 274 4523 1864 4602">
    <p class='ocr_par' dir='ltr' id='par_1_92' title="bbox 274 4523 1864 4602">
     <span class='ocr_line' id='line_1_92' title="bbox 274 4523 1864 4602; baseline 0.005 -27"><span class='ocrx_word' id='word_1_652' title='bbox 274 4524 552 4595; x_wconf 66' lang='grc' dir='ltr'><strong>ἔμϐρυον,</strong></span> <span class='ocrx_word' id='word_1_653' title='bbox 579 4523 613 4595; x_wconf 71' lang='grc' dir='ltr'>ἦ</span> <span class='ocrx_word' id='word_1_654' title='bbox 636 4524 816 4578; x_wconf 88' lang='grc' dir='ltr'><strong>αὑτῶν</strong></span> <span class='ocrx_word' id='word_1_655' title='bbox 846 4524 955 4578; x_wconf 85' lang='grc' dir='ltr'><strong>τῶν</strong></span> <span class='ocrx_word' id='word_1_656' title='bbox 987 4528 1319 4599; x_wconf 76' lang='grc' dir='ltr'><strong>γεννητικῶν</strong></span> <span class='ocrx_word' id='word_1_657' title='bbox 1347 4529 1618 4602; x_wconf 80' lang='grc' dir='ltr'><strong>μέμνηται</strong></span> <span class='ocrx_word' id='word_1_658' title='bbox 1650 4530 1864 4597; x_wconf 88' lang='grc' dir='ltr'><strong>τόπων;</strong></span> 
     </span>
    </p>
   </div>
   <div class='ocr_carea' id='block_1_93' title="bbox 273 4612 1864 4694">
    <p class='ocr_par' dir='ltr' id='par_1_93' title="bbox 273 4612 1864 4694">
     <span class='ocr_line' id='line_1_93' title="bbox 273 4612 1864 4694; baseline 0.006 -28"><span class='ocrx_word' id='word_1_659' title='bbox 273 4614 311 4685; x_wconf 57' lang='grc' dir='ltr'><strong>ἢ</strong></span> <span class='ocrx_word' id='word_1_660' title='bbox 334 4612 524 4667; x_wconf 76' lang='grc' dir='ltr'><strong>ταῦτα</strong></span> <span class='ocrx_word' id='word_1_661' title='bbox 564 4614 664 4684; x_wconf 77' lang='grc' dir='ltr'><strong>μὲν</strong></span> <span class='ocrx_word' id='word_1_662' title='bbox 693 4615 834 4686; x_wconf 74' lang='grc' dir='ltr'><strong>οὐχὶ,</strong></span> <span class='ocrx_word' id='word_1_663' title='bbox 866 4616 1051 4690; x_wconf 75' lang='grc' dir='ltr'><strong>ἕτερον</strong></span> <span class='ocrx_word' id='word_1_664' title='bbox 1081 4617 1137 4671; x_wconf 76' lang='grc' dir='ltr'><strong>δὲ</strong></span> <span class='ocrx_word' id='word_1_665' title='bbox 1167 4617 1276 4672; x_wconf 88' lang='grc' dir='ltr'><strong>τῶν</strong></span> <span class='ocrx_word' id='word_1_666' title='bbox 1303 4620 1444 4675; x_wconf 74' lang='grc' dir='ltr'><strong>κατὰ</strong></span> <span class='ocrx_word' id='word_1_667' title='bbox 1479 4621 1578 4692; x_wconf 82' lang='grc' dir='ltr'><strong>τὴν</strong></span> <span class='ocrx_word' id='word_1_668' title='bbox 1617 4621 1864 4694; x_wconf 83' lang='grc' dir='ltr'><strong>γέννησιν</strong></span> 
     </span>
    </p>
   </div>
   <div class='ocr_carea' id='block_1_94' title="bbox 272 4705 1865 4784">
    <p class='ocr_par' dir='ltr' id='par_1_94' title="bbox 272 4705 1865 4784">
     <span class='ocr_line' id='line_1_94' title="bbox 272 4705 1865 4784; baseline 0.008 -27"><span class='ocrx_word' id='word_1_669' title='bbox 272 4705 684 4777; x_wconf 66' lang='grc' dir='ltr'><strong>θεωρουμένων</strong></span> <span class='ocrx_word' id='word_1_670' title='bbox 717 4706 865 4776; x_wconf 81' lang='grc' dir='ltr'><strong>λέγει</strong></span> <span class='ocrx_word' id='word_1_671' title='bbox 899 4725 914 4775; x_wconf 87' lang='lat'><strong>;</strong></span> <span class='ocrx_word' id='word_1_672' title='bbox 949 4709 1044 4763; x_wconf 79' lang='grc' dir='ltr'><strong>καὶ</strong></span> <span class='ocrx_word' id='word_1_673' title='bbox 1084 4710 1201 4775; x_wconf 89' lang='grc' dir='ltr'><strong>πῶς</strong></span> <span class='ocrx_word' id='word_1_674' title='bbox 1238 4711 1306 4766; x_wconf 81' lang='grc' dir='ltr'><strong>ἂν</strong></span> <span class='ocrx_word' id='word_1_675' title='bbox 1342 4712 1601 4784; x_wconf 84' lang='grc' dir='ltr'><strong>μάθωμεν</strong></span> <span class='ocrx_word' id='word_1_676' title='bbox 1625 4713 1686 4768; x_wconf 77' lang='grc' dir='ltr'><strong>τὸ</strong></span> <span class='ocrx_word' id='word_1_677' title='bbox 1713 4714 1865 4784; x_wconf 85' lang='grc' dir='ltr'><strong>λεγό-</strong></span> 
     </span>
    </p>
   </div>
   <div class='ocr_carea' id='block_1_95' title="bbox 276 4796 1861 4875">
    <p class='ocr_par' dir='ltr' id='par_1_95' title="bbox 276 4796 1861 4875">
     <span class='ocr_line' id='line_1_95' title="bbox 276 4796 1861 4875; baseline 0.008 -28"><span class='ocrx_word' id='word_1_678' title='bbox 276 4814 479 4866; x_wconf 63' lang='lat' dir='ltr'><strong>psum;</strong></span> <span class='ocrx_word' id='word_1_679' title='bbox 506 4796 583 4850; x_wconf 81' lang='grc' dir='ltr'><strong>Τδ</strong></span> <span class='ocrx_word' id='word_1_680' title='bbox 612 4797 724 4869; x_wconf 74' lang='grc' dir='ltr'><strong>γὰρ</strong></span> <span class='ocrx_word' id='word_1_681' title='bbox 757 4797 959 4871; x_wconf 81' lang='grc' dir='ltr'><strong>ἄκυρον</strong></span> <span class='ocrx_word' id='word_1_682' title='bbox 998 4802 1093 4855; x_wconf 73' lang='grc' dir='ltr'><strong>καὶ</strong></span> <span class='ocrx_word' id='word_1_683' title='bbox 1135 4803 1443 4875; x_wconf 80' lang='grc' dir='ltr'><strong>ἀσήμαντον</strong></span> <span class='ocrx_word' id='word_1_684' title='bbox 1481 4805 1579 4875; x_wconf 82' lang='grc' dir='ltr'><strong>τῆς</strong></span> <span class='ocrx_word' id='word_1_685' title='bbox 1611 4804 1701 4859; x_wconf 81' lang='grc' dir='ltr'><strong>τοῦ</strong></span> <span class='ocrx_word' id='word_1_686' title='bbox 1726 4805 1861 4874; x_wconf 85' lang='grc' dir='ltr'><strong>τρό-</strong></span> 
     </span>
    </p>
   </div>
   <div class='ocr_carea' id='block_1_96' title="bbox 272 4884 1863 4966">
    <p class='ocr_par' dir='ltr' id='par_1_96' title="bbox 272 4884 1863 4966">
     <span class='ocr_line' id='line_1_96' title="bbox 272 4884 1863 4966; baseline 0.008 -30"><span class='ocrx_word' id='word_1_687' title='bbox 272 4900 409 4940; x_wconf 65' lang='grc' dir='ltr'><strong>που</strong></span> <span class='ocrx_word' id='word_1_688' title='bbox 436 4884 671 4950; x_wconf 78' lang='grc' dir='ltr'><strong>λέξεως,</strong></span> <span class='ocrx_word' id='word_1_689' title='bbox 707 4888 1073 4955; x_wconf 72' lang='grc' dir='ltr'><strong>ιπιδιστὰζειν</strong></span> <span class='ocrx_word' id='word_1_690' title='bbox 1104 4893 1251 4963; x_wconf 76' lang='grc' dir='ltr'><strong>ἡμᾶς</strong></span> <span class='ocrx_word' id='word_1_691' title='bbox 1294 4895 1405 4957; x_wconf 88' lang='grc' dir='ltr'><strong>τοῖς</strong></span> <span class='ocrx_word' id='word_1_692' title='bbox 1446 4895 1863 4966; x_wconf 80' lang='grc' dir='ltr'><strong>σημαινομένοις</strong></span> 
     </span>
    </p>
   </div>
   <div class='ocr_carea' id='block_1_97' title="bbox 274 4977 1865 5053">
    <p class='ocr_par' dir='ltr' id='par_1_97' title="bbox 274 4977 1865 5053">
     <span class='ocr_line' id='line_1_97' title="bbox 274 4977 1865 5053; baseline 0.009 -26"><span class='ocrx_word' id='word_1_693' title='bbox 274 4977 724 5049; x_wconf 74' lang='grc' dir='ltr'><strong>παρασκευάζει,</strong></span> <span class='ocrx_word' id='word_1_694' title='bbox 753 4981 950 5053; x_wconf 73' lang='grc' dir='ltr'><strong>ἐπίσης</strong></span> <span class='ocrx_word' id='word_1_695' title='bbox 1000 4982 1215 5037; x_wconf 81' lang='grc' dir='ltr'><strong>πάντων</strong></span> <span class='ocrx_word' id='word_1_696' title='bbox 1255 4987 1376 5050; x_wconf 85' lang='grc' dir='ltr'><strong>ταῖς</strong></span> <span class='ocrx_word' id='word_1_697' title='bbox 1418 4985 1693 5050; x_wconf 84' lang='grc' dir='ltr'><strong>ὑπονοίαις</strong></span> <span class='ocrx_word' id='word_1_698' title='bbox 1733 4987 1865 5041; x_wconf 81' lang='grc' dir='ltr'><strong>ὑπο-</strong></span> 
     </span>
    </p>
   </div>
   <div class='ocr_carea' id='block_1_98' title="bbox 272 5068 1862 5148">
    <p class='ocr_par' dir='ltr' id='par_1_98' title="bbox 272 5068 1862 5148">
     <span class='ocr_line' id='line_1_98' title="bbox 272 5068 1862 5148; baseline 0.008 -29"><span class='ocrx_word' id='word_1_699' title='bbox 272 5068 621 5133; x_wconf 70' lang='grc' dir='ltr'><strong>πιπτόντων,</strong></span> <span class='ocrx_word' id='word_1_700' title='bbox 648 5071 744 5124; x_wconf 73' lang='grc' dir='ltr'><strong>καὶ</strong></span> <span class='ocrx_word' id='word_1_701' title='bbox 795 5073 917 5126; x_wconf 86' lang='grc' dir='ltr'><strong>κατ’</strong></span> <span class='ocrx_word' id='word_1_702' title='bbox 959 5069 1075 5127; x_wconf 75' lang='grc' dir='ltr'><strong>ἴσον</strong></span> <span class='ocrx_word' id='word_1_703' title='bbox 1108 5074 1339 5129; x_wconf 76' lang='grc' dir='ltr'><strong>ἑκάστου</strong></span> <span class='ocrx_word' id='word_1_704' title='bbox 1387 5076 1447 5130; x_wconf 86' lang='grc' dir='ltr'><strong>τὺ</strong></span> <span class='ocrx_word' id='word_1_705' title='bbox 1494 5077 1862 5148; x_wconf 81' lang='grc' dir='ltr'><strong>ἁσυνάρτητον</strong></span> 
     </span>
    </p>
   </div>
   <div class='ocr_carea' id='block_1_99' title="bbox 269 5160 1862 5241">
    <p class='ocr_par' dir='ltr' id='par_1_99' title="bbox 269 5160 1862 5241">
     <span class='ocr_line' id='line_1_99' title="bbox 269 5160 1862 5241; baseline 0.004 -26"><span class='ocrx_word' id='word_1_706' title='bbox 269 5160 420 5231; x_wconf 65' lang='grc' dir='ltr'><strong>πρὸς</strong></span> <span class='ocrx_word' id='word_1_707' title='bbox 453 5160 519 5213; x_wconf 74' lang='grc' dir='ltr'><strong>τὺ</strong></span> <span class='ocrx_word' id='word_1_708' title='bbox 545 5162 905 5233; x_wconf 87' lang='grc' dir='ltr'><strong>προκείμενον</strong></span> <span class='ocrx_word' id='word_1_709' title='bbox 930 5164 1189 5236; x_wconf 75' lang='grc' dir='ltr'><strong>ἐχόντων’</strong></span> <span class='ocrx_word' id='word_1_710' title='bbox 1210 5166 1468 5231; x_wconf 81' lang='grc' dir='ltr'><strong>ὡσαύτως</strong></span> <span class='ocrx_word' id='word_1_711' title='bbox 1499 5169 1553 5222; x_wconf 80' lang='grc' dir='ltr'><strong>δὲ</strong></span> <span class='ocrx_word' id='word_1_712' title='bbox 1589 5170 1683 5223; x_wconf 74' lang='grc' dir='ltr'><strong>καὶ</strong></span> <span class='ocrx_word' id='word_1_713' title='bbox 1705 5171 1734 5223; x_wconf 87' lang='grc' dir='ltr'><strong>ὅ</strong></span> <span class='ocrx_word' id='word_1_714' title='bbox 1758 5188 1862 5241; x_wconf 80' lang='grc' dir='ltr'><strong>φη-</strong></span> 
     </span>
    </p>
   </div>
   <div class='ocr_carea' id='block_1_100' title="bbox 266 5248 1862 5328">
    <p class='ocr_par' dir='ltr' id='par_1_100' title="bbox 266 5248 1862 5328">
     <span class='ocr_line' id='line_1_100' title="bbox 266 5248 1862 5328; baseline 0.009 -31"><span class='ocrx_word' id='word_1_715' title='bbox 266 5263 385 5312; x_wconf 72' lang='grc' dir='ltr'><strong>σιν,</strong></span> <span class='ocrx_word' id='word_1_716' title='bbox 398 5248 755 5318; x_wconf 78' lang='grc' dir='ltr'><strong>ὁμοιότητος</strong></span> <span class='ocrx_word' id='word_1_717' title='bbox 768 5253 1013 5320; x_wconf 75' lang='grc' dir='ltr'><strong>τρόπον,</strong></span> <span class='ocrx_word' id='word_1_718' title='bbox 1027 5253 1229 5310; x_wconf 72' lang='grc' dir='ltr'><strong>οὑτωσὶ</strong></span> <span class='ocrx_word' id='word_1_719' title='bbox 1249 5252 1560 5324; x_wconf 85' lang='grc' dir='ltr'><strong>λεγόμενον,</strong></span> <span class='ocrx_word' id='word_1_720' title='bbox 1587 5255 1862 5328; x_wconf 87' lang='grc' dir='ltr'><strong>ἀλλότριον</strong></span> 
     </span>
    </p>
   </div>
   <div class='ocr_carea' id='block_1_101' title="bbox 260 5338 1860 5417">
    <p class='ocr_par' dir='ltr' id='par_1_101' title="bbox 260 5338 1860 5417">
     <span class='ocr_line' id='line_1_101' title="bbox 260 5338 1860 5417; baseline 0.006 -26"><span class='ocrx_word' id='word_1_721' title='bbox 260 5340 463 5407; x_wconf 66' lang='grc' dir='ltr'><strong>πάσης</strong></span> <span class='ocrx_word' id='word_1_722' title='bbox 488 5338 732 5402; x_wconf 81' lang='grc' dir='ltr'><strong>διανοίας</strong></span> <span class='ocrx_word' id='word_1_723' title='bbox 750 5340 1080 5411; x_wconf 72' lang='grc' dir='ltr'><strong>ὑπονοοῦμεν</strong></span> <span class='ocrx_word' id='word_1_724' title='bbox 1103 5343 1241 5414; x_wconf 74' lang='grc' dir='ltr'><strong>πρὸς</strong></span> <span class='ocrx_word' id='word_1_725' title='bbox 1267 5342 1336 5397; x_wconf 84' lang='grc' dir='ltr'><strong>τὰ</strong></span> <span class='ocrx_word' id='word_1_726' title='bbox 1364 5343 1733 5417; x_wconf 82' lang='grc' dir='ltr'><strong>ὑποδείγματα</strong></span> <span class='ocrx_word' id='word_1_727' title='bbox 1753 5348 1860 5403; x_wconf 87' lang='grc' dir='ltr'><strong>τῶν</strong></span> 
     </span>
    </p>
   </div>
   <div class='ocr_carea' id='block_1_102' title="bbox 258 5429 1860 5511">
    <p class='ocr_par' dir='ltr' id='par_1_102' title="bbox 258 5429 1860 5511">
     <span class='ocr_line' id='line_1_102' title="bbox 258 5429 1860 5511; baseline 0.006 -29"><span class='ocrx_word' id='word_1_728' title='bbox 258 5431 363 5483; x_wconf 63' lang='lat' dir='ltr'><strong>ea</strong></span> <span class='ocrx_word' id='word_1_729' title='bbox 384 5430 490 5500; x_wconf 79' lang='grc' dir='ltr'><strong>τῆς</strong></span> <span class='ocrx_word' id='word_1_730' title='bbox 528 5429 814 5511; x_wconf 75' lang='grc' dir='ltr'><strong>συνηθείας</strong></span> <span class='ocrx_word' id='word_1_731' title='bbox 845 5432 1137 5503; x_wconf 84' lang='grc' dir='ltr'><strong>γνωρίμων</strong></span> <span class='ocrx_word' id='word_1_732' title='bbox 1168 5434 1623 5499; x_wconf 75' lang='grc' dir='ltr'><strong>ἀποσκοποῦντες.</strong></span> <span class='ocrx_word' id='word_1_733' title='bbox 1646 5438 1720 5491; x_wconf 85' lang='grc' dir='ltr'><strong>Οὑ</strong></span> <span class='ocrx_word' id='word_1_734' title='bbox 1750 5438 1860 5511; x_wconf 79' lang='grc' dir='ltr'><strong>γὰρ</strong></span> 
     </span>
    </p>
   </div>
   <div class='ocr_carea' id='block_1_103' title="bbox 260 5506 1859 5600">
    <p class='ocr_par' dir='ltr' id='par_1_103' title="bbox 260 5506 1859 5600">
     <span class='ocr_line' id='line_1_103' title="bbox 260 5506 1859 5600; baseline 0.008 -28"><span class='ocrx_word' id='word_1_735' title='bbox 260 5522 341 5575; x_wconf 67' lang='grc' dir='ltr'><strong>τὸ</strong></span> <span class='ocrx_word' id='word_1_736' title='bbox 375 5521 570 5593; x_wconf 52' lang='lat' dir='ltr'><strong>suam</strong></span> <span class='ocrx_word' id='word_1_737' title='bbox 609 5522 703 5575; x_wconf 74' lang='grc' dir='ltr'><strong>τὸν</strong></span> <span class='ocrx_word' id='word_1_738' title='bbox 736 5506 936 5595; x_wconf 80' lang='grc' dir='ltr'><strong>τρόπον</strong></span> <span class='ocrx_word' id='word_1_739' title='bbox 979 5521 1074 5577; x_wconf 79' lang='grc' dir='ltr'><strong>τοῦ</strong></span> <span class='ocrx_word' id='word_1_740' title='bbox 1106 5524 1288 5586; x_wconf 85' lang='grc' dir='ltr'><strong>τόκου,</strong></span> <span class='ocrx_word' id='word_1_741' title='bbox 1324 5526 1416 5579; x_wconf 77' lang='grc' dir='ltr'><strong>καὶ</strong></span> <span class='ocrx_word' id='word_1_742' title='bbox 1440 5526 1501 5579; x_wconf 69' lang='grc' dir='ltr'><strong>τὸ</strong></span> <span class='ocrx_word' id='word_1_743' title='bbox 1526 5527 1859 5600; x_wconf 83' lang='grc' dir='ltr'><strong>γεννώμενον</strong></span> 
     </span>
    </p>
   </div>
   <div class='ocr_carea' id='block_1_104' title="bbox 258 5612 1857 5690">
    <p class='ocr_par' dir='ltr' id='par_1_104' title="bbox 258 5612 1857 5690">
     <span class='ocr_line' id='line_1_104' title="bbox 258 5612 1857 5690; baseline 0.004 -23"><span class='ocrx_word' id='word_1_744' title='bbox 258 5612 596 5680; x_wconf 65' lang='grc' dir='ltr'><strong>ὁμοιοῦται·</strong></span> <span class='ocrx_word' id='word_1_745' title='bbox 621 5614 653 5665; x_wconf 80' lang='grc' dir='ltr'><strong><em>ὁ</em></strong></span> <span class='ocrx_word' id='word_1_746' title='bbox 692 5613 791 5684; x_wconf 78' lang='grc' dir='ltr'><strong>μὲν</strong></span> <span class='ocrx_word' id='word_1_747' title='bbox 850 5613 961 5687; x_wconf 69' lang='grc' dir='ltr'><strong>γὰρ</strong></span> <span class='ocrx_word' id='word_1_748' title='bbox 1009 5615 1169 5678; x_wconf 79' lang='grc' dir='ltr'><strong>τόκος</strong></span> <span class='ocrx_word' id='word_1_749' title='bbox 1222 5616 1315 5668; x_wconf 67' lang='grc' dir='ltr'><strong>ἐπὶ</strong></span> <span class='ocrx_word' id='word_1_750' title='bbox 1364 5618 1463 5689; x_wconf 84' lang='grc' dir='ltr'><strong>τῆς</strong></span> <span class='ocrx_word' id='word_1_751' title='bbox 1510 5617 1597 5672; x_wconf 71' lang='grc' dir='ltr'><strong>διὰ</strong></span> <span class='ocrx_word' id='word_1_752' title='bbox 1657 5620 1857 5690; x_wconf 80' lang='grc' dir='ltr'><strong>σαρκὸς</strong></span> 
     </span>
    </p>
   </div>
   <div class='ocr_carea' id='block_1_105' title="bbox 261 5703 1855 5782">
    <p class='ocr_par' dir='ltr' id='par_1_105' title="bbox 261 5703 1855 5782">
     <span class='ocr_line' id='line_1_105' title="bbox 261 5703 1855 5782; baseline 0.006 -27"><span class='ocrx_word' id='word_1_753' title='bbox 261 5708 590 5776; x_wconf 63' lang='grc' dir='ltr'><strong>γεννήσεως</strong></span> <span class='ocrx_word' id='word_1_754' title='bbox 614 5745 632 5771; x_wconf 93' lang='grc'><strong>,</strong></span> <span class='ocrx_word' id='word_1_755' title='bbox 665 5703 912 5776; x_wconf 70' lang='grc' dir='ltr'><strong>σώματός</strong></span> <span class='ocrx_word' id='word_1_756' title='bbox 964 5705 1079 5759; x_wconf 75' lang='grc' dir='ltr'><strong>ἐστι</strong></span> <span class='ocrx_word' id='word_1_757' title='bbox 1122 5706 1373 5782; x_wconf 74' lang='grc' dir='ltr'><strong>διαστολὴ</strong></span> <span class='ocrx_word' id='word_1_758' title='bbox 1402 5752 1418 5777; x_wconf 84' lang='lat'><strong>,</strong></span> <span class='ocrx_word' id='word_1_759' title='bbox 1458 5711 1519 5764; x_wconf 79' lang='grc' dir='ltr'><strong>τὸ</strong></span> <span class='ocrx_word' id='word_1_760' title='bbox 1573 5709 1855 5766; x_wconf 78' lang='grc' dir='ltr'><strong>τελειωθὲν</strong></span> 
     </span>
    </p>
   </div>
   <div class='ocr_carea' id='block_1_106' title="bbox 1963 4540 3533 4619">
    <p class='ocr_par' dir='ltr' id='par_1_106' title="bbox 1963 4540 3533 4619">
     <span class='ocr_line' id='line_1_106' title="bbox 1963 4540 3533 4619; baseline 0.01 -24"><span class='ocrx_word' id='word_1_761' title='bbox 1963 4556 2094 4595; x_wconf 88' lang='lat' dir='ltr'><strong>num</strong></span> <span class='ocrx_word' id='word_1_762' title='bbox 2139 4540 2423 4613; x_wconf 89' lang='lat' dir='ltr'><strong>impetum,</strong></span> <span class='ocrx_word' id='word_1_763' title='bbox 2474 4560 2605 4598; x_wconf 87' lang='lat' dir='ltr'><strong>num</strong></span> <span class='ocrx_word' id='word_1_764' title='bbox 2652 4544 3091 4616; x_wconf 88' lang='lat' dir='ltr'><strong>dispositionem,</strong></span> <span class='ocrx_word' id='word_1_765' title='bbox 3154 4568 3282 4607; x_wconf 88' lang='lat' dir='ltr'><strong>num</strong></span> <span class='ocrx_word' id='word_1_766' title='bbox 3330 4556 3533 4619; x_wconf 87' lang='lat' dir='ltr'><strong>locum,</strong></span> 
     </span>
    </p>
   </div>
   <div class='ocr_carea' id='block_1_107' title="bbox 1962 4633 3533 4715">
    <p class='ocr_par' dir='ltr' id='par_1_107' title="bbox 1962 4633 3533 4715">
     <span class='ocr_line' id='line_1_107' title="bbox 1962 4633 3533 4715; baseline 0.011 -29"><span class='ocrx_word' id='word_1_767' title='bbox 1962 4647 2093 4687; x_wconf 90' lang='lat' dir='ltr'><strong>num</strong></span> <span class='ocrx_word' id='word_1_768' title='bbox 2154 4633 2410 4702; x_wconf 81' lang='lat' dir='ltr'><strong>tempus?</strong></span> <span class='ocrx_word' id='word_1_769' title='bbox 2459 4634 2543 4691; x_wconf 78' lang='lat' dir='ltr'><strong>An</strong></span> <span class='ocrx_word' id='word_1_770' title='bbox 2604 4636 2918 4710; x_wconf 83' lang='lat' dir='ltr'><strong>embryonis</strong></span> <span class='ocrx_word' id='word_1_771' title='bbox 2974 4657 3069 4709; x_wconf 90' lang='lat' dir='ltr'><strong>per</strong></span> <span class='ocrx_word' id='word_1_772' title='bbox 3125 4648 3533 4715; x_wconf 70' lang='lat' dir='ltr'><strong>conceptione-io</strong></span> 
     </span>
    </p>
   </div>
   <div class='ocr_carea' id='block_1_108' title="bbox 1965 4725 3529 4798">
    <p class='ocr_par' dir='ltr' id='par_1_108' title="bbox 1965 4725 3529 4798">
     <span class='ocr_line' id='line_1_108' title="bbox 1965 4725 3529 4798; baseline 0.009 -19"><span class='ocrx_word' id='word_1_773' title='bbox 1965 4725 2448 4795; x_wconf 89' lang='lat' dir='ltr'><strong>complementum,</strong></span> <span class='ocrx_word' id='word_1_774' title='bbox 2479 4742 2548 4782; x_wconf 89' lang='lat' dir='ltr'><strong>an</strong></span> <span class='ocrx_word' id='word_1_775' title='bbox 2602 4728 2719 4798; x_wconf 84' lang='lat' dir='ltr'><strong>ipsa</strong></span> <span class='ocrx_word' id='word_1_776' title='bbox 2753 4731 3094 4797; x_wconf 77' lang='lat' dir='ltr'><strong>generationi</strong></span> <span class='ocrx_word' id='word_1_777' title='bbox 3133 4734 3408 4791; x_wconf 88' lang='lat' dir='ltr'><strong>destinata</strong></span> <span class='ocrx_word' id='word_1_778' title='bbox 3442 4753 3529 4793; x_wconf 86' lang='lat' dir='ltr'><strong>re-</strong></span> 
     </span>
    </p>
   </div>
   <div class='ocr_carea' id='block_1_109' title="bbox 1962 4816 3533 4899">
    <p class='ocr_par' dir='ltr' id='par_1_109' title="bbox 1962 4816 3533 4899">
     <span class='ocr_line' id='line_1_109' title="bbox 1962 4816 3533 4899; baseline 0.008 -29"><span class='ocrx_word' id='word_1_779' title='bbox 1962 4816 2264 4885; x_wconf 84' lang='lat' dir='ltr'><strong>ceptacula,</strong></span> <span class='ocrx_word' id='word_1_780' title='bbox 2314 4832 2383 4872; x_wconf 88' lang='lat' dir='ltr'><strong>an</strong></span> <span class='ocrx_word' id='word_1_781' title='bbox 2429 4817 2624 4874; x_wconf 87' lang='lat' dir='ltr'><strong>horum</strong></span> <span class='ocrx_word' id='word_1_782' title='bbox 2674 4820 2832 4885; x_wconf 87' lang='lat' dir='ltr'><strong>nihil,</strong></span> <span class='ocrx_word' id='word_1_783' title='bbox 2871 4822 3020 4878; x_wconf 83' lang='lat' dir='ltr'><strong>aliud</strong></span> <span class='ocrx_word' id='word_1_784' title='bbox 3075 4840 3204 4881; x_wconf 79' lang='lat' dir='ltr'><strong>vero</strong></span> <span class='ocrx_word' id='word_1_785' title='bbox 3253 4828 3533 4899; x_wconf 87' lang='lat' dir='ltr'><strong>quidpiam</strong></span> 
     </span>
    </p>
   </div>
   <div class='ocr_carea' id='block_1_110' title="bbox 1964 4912 3534 4985">
    <p class='ocr_par' dir='ltr' id='par_1_110' title="bbox 1964 4912 3534 4985">
     <span class='ocr_line' id='line_1_110' title="bbox 1964 4912 3534 4985; baseline 0.01 -26"><span class='ocrx_word' id='word_1_786' title='bbox 1964 4918 2179 4967; x_wconf 89' lang='lat' dir='ltr'><strong>eorum,</strong></span> <span class='ocrx_word' id='word_1_787' title='bbox 2208 4921 2329 4975; x_wconf 68' lang='lat' dir='ltr'><strong>quae</strong></span> <span class='ocrx_word' id='word_1_788' title='bbox 2368 4921 2491 4962; x_wconf 90' lang='lat' dir='ltr'><strong>cum</strong></span> <span class='ocrx_word' id='word_1_789' title='bbox 2522 4912 2874 4979; x_wconf 88' lang='lat' dir='ltr'><strong>generatione</strong></span> <span class='ocrx_word' id='word_1_790' title='bbox 2899 4927 3145 4970; x_wconf 80' lang='lat' dir='ltr'><strong>connexa</strong></span> <span class='ocrx_word' id='word_1_791' title='bbox 3198 4926 3349 4985; x_wconf 88' lang='lat' dir='ltr'><strong>sunt,</strong></span> <span class='ocrx_word' id='word_1_792' title='bbox 3396 4920 3534 4974; x_wconf 87' lang='lat' dir='ltr'><strong>insi-</strong></span> 
     </span>
    </p>
   </div>
   <div class='ocr_carea' id='block_1_111' title="bbox 1962 4993 3537 5079">
    <p class='ocr_par' dir='ltr' id='par_1_111' title="bbox 1962 4993 3537 5079">
     <span class='ocr_line' id='line_1_111' title="bbox 1962 4993 3537 5079; baseline 0.01 -31"><span class='ocrx_word' id='word_1_793' title='bbox 1962 4995 2140 5049; x_wconf 85' lang='lat' dir='ltr'><strong>nuat?</strong></span> <span class='ocrx_word' id='word_1_794' title='bbox 2170 4993 2288 5061; x_wconf 82' lang='lat' dir='ltr'><strong>Qua</strong></span> <span class='ocrx_word' id='word_1_795' title='bbox 2338 4997 2550 5054; x_wconf 89' lang='lat' dir='ltr'><strong>ratione</strong></span> <span class='ocrx_word' id='word_1_796' title='bbox 2578 4998 2646 5053; x_wconf 87' lang='lat' dir='ltr'><strong>ad</strong></span> <span class='ocrx_word' id='word_1_797' title='bbox 2692 5016 2874 5055; x_wconf 78' lang='lat' dir='ltr'><strong>veram</strong></span> <span class='ocrx_word' id='word_1_798' title='bbox 2926 5003 3375 5074; x_wconf 80' lang='lat' dir='ltr'><strong>signiﬁcationem</strong></span> <span class='ocrx_word' id='word_1_799' title='bbox 3413 5024 3537 5079; x_wconf 78' lang='lat' dir='ltr'><strong>per-</strong></span> 
     </span>
    </p>
   </div>
   <div class='ocr_carea' id='block_1_112' title="bbox 1962 5085 3535 5169">
    <p class='ocr_par' dir='ltr' id='par_1_112' title="bbox 1962 5085 3535 5169">
     <span class='ocr_line' id='line_1_112' title="bbox 1962 5085 3535 5169; baseline 0.012 -32"><span class='ocrx_word' id='word_1_800' title='bbox 1962 5085 2284 5141; x_wconf 77' lang='lat' dir='ltr'><strong>veniemus?</strong></span> <span class='ocrx_word' id='word_1_801' title='bbox 2353 5086 2489 5142; x_wconf 83' lang='lat' dir='ltr'><strong>Nam</strong></span> <span class='ocrx_word' id='word_1_802' title='bbox 2562 5089 2917 5162; x_wconf 83' lang='lat' dir='ltr'><strong>improprium</strong></span> <span class='ocrx_word' id='word_1_803' title='bbox 2990 5095 3235 5166; x_wconf 85' lang='lat' dir='ltr'><strong>nihilque</strong></span> <span class='ocrx_word' id='word_1_804' title='bbox 3298 5099 3535 5169; x_wconf 77' lang='lat' dir='ltr'><strong>signiﬁ-</strong></span> 
     </span>
    </p>
   </div>
   <div class='ocr_carea' id='block_1_113' title="bbox 1960 5178 3535 5260">
    <p class='ocr_par' dir='ltr' id='par_1_113' title="bbox 1960 5178 3535 5260">
     <span class='ocr_line' id='line_1_113' title="bbox 1960 5178 3535 5260; baseline 0.011 -29"><span class='ocrx_word' id='word_1_805' title='bbox 1960 5191 2094 5232; x_wconf 90' lang='lat' dir='ltr'><strong>cans</strong></span> <span class='ocrx_word' id='word_1_806' title='bbox 2132 5178 2278 5232; x_wconf 82' lang='lat' dir='ltr'><strong>modi</strong></span> <span class='ocrx_word' id='word_1_807' title='bbox 2332 5180 2660 5237; x_wconf 75' lang='lat' dir='ltr'><strong>vocabulum</strong></span> <span class='ocrx_word' id='word_1_808' title='bbox 2725 5182 2876 5249; x_wconf 77' lang='lat' dir='ltr'><strong>facit,</strong></span> <span class='ocrx_word' id='word_1_809' title='bbox 2909 5194 2971 5240; x_wconf 91' lang='lat' dir='ltr'><strong>ut</strong></span> <span class='ocrx_word' id='word_1_810' title='bbox 3025 5185 3094 5242; x_wconf 88' lang='lat' dir='ltr'><strong>de</strong></span> <span class='ocrx_word' id='word_1_811' title='bbox 3134 5188 3535 5260; x_wconf 74' lang='lat' dir='ltr'><strong>signiﬁcatione</strong></span> 
     </span>
    </p>
   </div>
   <div class='ocr_carea' id='block_1_114' title="bbox 1959 5266 3533 5350">
    <p class='ocr_par' dir='ltr' id='par_1_114' title="bbox 1959 5266 3533 5350">
     <span class='ocr_line' id='line_1_114' title="bbox 1959 5266 3533 5350; baseline 0.015 -31"><span class='ocrx_word' id='word_1_812' title='bbox 1959 5266 2286 5335; x_wconf 70' lang='lat' dir='ltr'><strong>hazreamns,</strong></span> <span class='ocrx_word' id='word_1_813' title='bbox 2354 5286 2479 5326; x_wconf 91' lang='lat' dir='ltr'><strong>cum</strong></span> <span class='ocrx_word' id='word_1_814' title='bbox 2525 5288 2593 5328; x_wconf 85' lang='lat' dir='ltr'><strong>ex</strong></span> <span class='ocrx_word' id='word_1_815' title='bbox 2640 5290 2800 5345; x_wconf 72' lang='lat' dir='ltr'><strong>aequo</strong></span> <span class='ocrx_word' id='word_1_816' title='bbox 2855 5287 3048 5334; x_wconf 84' lang='lat' dir='ltr'><strong>omnes</strong></span> <span class='ocrx_word' id='word_1_817' title='bbox 3105 5279 3533 5350; x_wconf 75' lang='lat' dir='ltr'><strong>signiﬁcationes</strong></span> 
     </span>
    </p>
   </div>
   <div class='ocr_carea' id='block_1_115' title="bbox 1959 5361 3529 5439">
    <p class='ocr_par' dir='ltr' id='par_1_115' title="bbox 1959 5361 3529 5439">
     <span class='ocr_line' id='line_1_115' title="bbox 1959 5361 3529 5439; baseline 0.014 -28"><span class='ocrx_word' id='word_1_818' title='bbox 1959 5366 2195 5414; x_wconf 80' lang='lat' dir='ltr'><strong>mentem</strong></span> <span class='ocrx_word' id='word_1_819' title='bbox 2222 5361 2479 5425; x_wconf 84' lang='lat' dir='ltr'><strong>subeant,</strong></span> <span class='ocrx_word' id='word_1_820' title='bbox 2511 5371 2566 5418; x_wconf 92' lang='lat' dir='ltr'><strong>et</strong></span> <span class='ocrx_word' id='word_1_821' title='bbox 2601 5366 2853 5435; x_wconf 80' lang='lat' dir='ltr'><strong>qmelibet</strong></span> <span class='ocrx_word' id='word_1_822' title='bbox 2879 5384 2942 5423; x_wconf 74' lang='lat' dir='ltr'><strong>ex</strong></span> <span class='ocrx_word' id='word_1_823' title='bbox 2972 5383 3127 5439; x_wconf 68' lang='lat' dir='ltr'><strong>aequo</strong></span> <span class='ocrx_word' id='word_1_824' title='bbox 3148 5372 3359 5428; x_wconf 73' lang='lat' dir='ltr'><strong>nullam</strong></span> <span class='ocrx_word' id='word_1_825' title='bbox 3402 5390 3529 5433; x_wconf 82' lang='lat' dir='ltr'><strong>eum</strong></span> 
     </span>
    </p>
   </div>
   <div class='ocr_carea' id='block_1_116' title="bbox 1958 5451 3527 5535">
    <p class='ocr_par' dir='ltr' id='par_1_116' title="bbox 1958 5451 3527 5535">
     <span class='ocr_line' id='line_1_116' title="bbox 1958 5451 3527 5535; baseline 0.015 -34"><span class='ocrx_word' id='word_1_826' title='bbox 1958 5462 2018 5502; x_wconf 87' lang='lat' dir='ltr'><strong>re</strong></span> <span class='ocrx_word' id='word_1_827' title='bbox 2045 5451 2319 5518; x_wconf 82' lang='lat' dir='ltr'><strong>preposita</strong></span> <span class='ocrx_word' id='word_1_828' title='bbox 2349 5455 2749 5512; x_wconf 74' lang='lat' dir='ltr'><strong>connexionem</strong></span> <span class='ocrx_word' id='word_1_829' title='bbox 2784 5456 3000 5516; x_wconf 88' lang='lat' dir='ltr'><strong>habeat.</strong></span> <span class='ocrx_word' id='word_1_830' title='bbox 3035 5458 3129 5517; x_wconf 87' lang='lat' dir='ltr'><strong>Sic</strong></span> <span class='ocrx_word' id='word_1_831' title='bbox 3175 5464 3398 5535; x_wconf 89' lang='lat' dir='ltr'><strong>etquod</strong></span> <span class='ocrx_word' id='word_1_832' title='bbox 3426 5469 3527 5535; x_wconf 81' lang='lat' dir='ltr'><strong>ait,</strong></span> 
     </span>
    </p>
   </div>
   <div class='ocr_carea' id='block_1_117' title="bbox 1957 5536 3527 5625">
    <p class='ocr_par' dir='ltr' id='par_1_117' title="bbox 1957 5536 3527 5625">
     <span class='ocr_line' id='line_1_117' title="bbox 1957 5536 3527 5625; baseline 0.018 -35"><span class='ocrx_word' id='word_1_833' title='bbox 1957 5536 2323 5595; x_wconf 77' lang='lat' dir='ltr'><strong>similitudinis</strong></span> <span class='ocrx_word' id='word_1_834' title='bbox 2350 5543 2584 5611; x_wconf 82' lang='lat' dir='ltr'><strong>modum,</strong></span> <span class='ocrx_word' id='word_1_835' title='bbox 2613 5547 2686 5602; x_wconf 86' lang='lat' dir='ltr'><strong>ita</strong></span> <span class='ocrx_word' id='word_1_836' title='bbox 2725 5550 2944 5619; x_wconf 80' lang='lat' dir='ltr'><strong>quidem</strong></span> <span class='ocrx_word' id='word_1_837' title='bbox 2972 5555 3263 5625; x_wconf 81' lang='lat' dir='ltr'><strong>prolatum,</strong></span> <span class='ocrx_word' id='word_1_838' title='bbox 3293 5558 3527 5618; x_wconf 87' lang='lat' dir='ltr'><strong>abomni</strong></span> 
     </span>
    </p>
   </div>
   <div class='ocr_carea' id='block_1_118' title="bbox 1957 5631 3524 5719">
    <p class='ocr_par' dir='ltr' id='par_1_118' title="bbox 1957 5631 3524 5719">
     <span class='ocr_line' id='line_1_118' title="bbox 1957 5631 3524 5719; baseline 0.017 -36"><span class='ocrx_word' id='word_1_839' title='bbox 1957 5643 2186 5698; x_wconf 88' lang='lat' dir='ltr'><strong>prorsus</strong></span> <span class='ocrx_word' id='word_1_840' title='bbox 2230 5631 2585 5707; x_wconf 86' lang='lat' dir='ltr'><strong>intelligentia</strong></span> <span class='ocrx_word' id='word_1_841' title='bbox 2642 5650 2913 5698; x_wconf 89' lang='lat' dir='ltr'><strong>remotum</strong></span> <span class='ocrx_word' id='word_1_842' title='bbox 2955 5660 3080 5703; x_wconf 84' lang='lat' dir='ltr'><strong>esse</strong></span> <span class='ocrx_word' id='word_1_843' title='bbox 3132 5648 3440 5719; x_wconf 80' lang='lat' dir='ltr'><strong>discimus,</strong></span> <span class='ocrx_word' id='word_1_844' title='bbox 3476 5657 3524 5710; x_wconf 80' lang='lat' dir='ltr'><strong>si</strong></span> 
     </span>
    </p>
   </div>
   <div class='ocr_carea' id='block_1_119' title="bbox 1957 5722 3517 5803">
    <p class='ocr_par' dir='ltr' id='par_1_119' title="bbox 1957 5722 3517 5803">
     <span class='ocr_line' id='line_1_119' title="bbox 1957 5722 3517 5803; baseline 0.013 -32"><span class='ocrx_word' id='word_1_845' title='bbox 1957 5722 2205 5792; x_wconf 77' lang='lat' dir='ltr'><strong>exempta</strong></span> <span class='ocrx_word' id='word_1_846' title='bbox 2259 5738 2380 5792; x_wconf 73' lang='lat' dir='ltr'><strong>qua:</strong></span> <span class='ocrx_word' id='word_1_847' title='bbox 2431 5725 2706 5783; x_wconf 90' lang='lat' dir='ltr'><strong>communi</strong></span> <span class='ocrx_word' id='word_1_848' title='bbox 2754 5732 3155 5792; x_wconf 86' lang='lat' dir='ltr'><strong>consuetudine</strong></span> <span class='ocrx_word' id='word_1_849' title='bbox 3193 5741 3323 5793; x_wconf 69' lang='lat' dir='ltr'><strong>uota</strong></span> <span class='ocrx_word' id='word_1_850' title='bbox 3377 5748 3517 5803; x_wconf 81' lang='lat' dir='ltr'><strong>sunt,</strong></span> 
     </span>
    </p>
   </div>
  </div>
