4032 6208
530 287 635 349 3'."

535 404 843 458 intueamur
883 419 897 453 :

536 505 724 565 partus
743 493 1096 555 assimilatur,
1121 491 1171 546 id
1231 492 1372 562 quod
1403 492 1611 561 paritur
1631 509 1643 544 :
1663 506 1786 544 nam
1818 500 2008 560 partus
2044 493 2097 544 in

535 587 603 639 iis
625 596 854 654 quorum
882 584 1158 655 generatio
1193 599 1359 638 carne
1403 582 1702 652 perﬁcitur,
1725 595 1809 637 est
1849 585 2098 653 corporis

533 675 748 735 divisio,
785 674 1021 744 perfecte
1053 673 1166 742 jam
1202 673 1455 726 omnibus
1497 673 1754 727 membris
1800 672 2096 727 formatum

535 771 731 820 auiuml
767 769 818 818 in
849 767 1022 818 lucem
1047 767 1343 828 emittens;
1399 763 1448 817 id
1483 779 1611 816 vero
1631 762 1775 832 quod
1811 772 2101 833 generatur

534 863 694 909 homo
726 864 831 917 est,
865 863 958 908 aut
1015 869 1211 924 equus,
1248 863 1341 907 aut
1383 854 1501 917 bos,
1549 854 1629 908 vel
1665 855 1810 908 aliud
1856 853 2092 922 quidvis,

531 949 674 1016 quod
697 962 791 1016 per
824 948 1228 1016 generationem
1260 947 1410 1000 nasci
1438 944 1596 999 solet.
1621 944 1906 1010 Quomodo
1930 944 2095 1013 igitur

531 1039 902 1095 similitudinis
924 1040 976 1093 in
1005 1053 1091 1100 eo,
1121 1039 1262 1108 quod
1288 1045 1604 1108 generatum
1647 1047 1752 1100 est,
1784 1035 1979 1090 modus
2011 1050 2098 1090 se-

530 1141 730 1200 quatur
759 1131 978 1184 modum
1013 1129 1402 1201 generationis,
1434 1128 1664 1196 explicet
1707 1126 1864 1182 nobis
1893 1127 1973 1181 vel
2007 1127 2098 1179 ille

533 1226 666 1292 ipse,
700 1223 782 1276 vel
812 1221 952 1276 alius
990 1218 1379 1275 obstetricandi
1419 1226 1590 1271 artem
1627 1217 1694 1269 ab
1725 1217 1817 1271 illo
1848 1217 2094 1270 edoctus.

1767 283 1822 340 S.
1856 279 2182 340 GREGOllll
2222 278 2511 341 NYSSENI

976 416 1083 455 non
1137 401 1280 454 enim
1335 399 1400 453 ad
1460 399 1692 469 speciem
1751 402 1830 453 vel
1878 401 2096 454 modum

2199 400 2337 464 ζῶον
2385 403 2444 452 ὲν
2470 401 2535 470 τῇ
2581 397 2864 452 διαπλάσει
2913 397 3017 451 τῶν
3065 398 3384 470 σπλάγχνων
3433 403 3526 456 ἐπὶ
3574 403 3635 457 τδ
3664 405 3769 469 ἔξω

3661 293 3764 348 39?.

2197 491 2530 561 προάγουσα.
2586 491 2660 543 Τὸ
2713 491 2767 542 δὲ
2821 489 3156 559 γεννώμενον
3205 493 3488 562 ἄνθρωπός
3548 497 3768 566 ὲστινή

2196 583 2380 648 ἵππος,
2404 583 2436 652 ἢ
2480 582 2626 651 βοῦς,
2655 582 2688 652 ή
2712 582 2741 634 ὃ
2761 597 2811 634 τι
2837 582 2902 634 ἂν
2932 581 3068 654 τύχῃ
3093 583 3178 637 διὰ
3211 587 3512 656 γεννήσεως
3547 589 3770 656 ὑφιστά-

2198 691 2376 744 μενον.
2408 674 2531 736 Πῶς
2554 674 2733 726 τοίνυν
2765 674 2794 725 ὁ
2821 671 2920 739 τῆς
2959 674 3275 746 ὁμοιότητος
3317 677 3408 729 τοῦ
3446 679 3766 747 τικτομένου

2195 763 2394 834 τρόπος
2452 762 2643 816 ἕπεται
2698 762 2776 834 τῷ
2817 765 3003 836 τρόπῳ
3054 767 3151 834 τῆς
3196 767 3532 836 γεννήσεως,
3565 768 3771 822 εἰπάτω

2201 851 2362 914 αὐτὸς
2389 845 2612 921 obtegi}
2636 851 2782 914 εἴτις
2816 852 2906 904 ὑπ’
2931 852 3094 906 αύτοῦ
3138 855 3457 924 μαιεύτριαν
3477 857 3768 929 ἐπαιδεύθη

2199 939 2410 1012 τέχνην.
2433 941 2594 994 Ἀλλο
2626 942 2733 1012 γὰρ
2760 945 2789 994 ὁ
2810 941 2982 1006 τόκος,
3002 945 3094 997 καὶ
3121 945 3181 997 τὸ
3213 946 3276 997 ὲκ
3312 945 3405 998 τοῦ
3433 951 3593 1000 ⁹ιόκου
3621 947 3767 1012 ἄλλο,

2203 1032 2297 1084 καὶ
2339 1031 2590 1102 διάφορος
2621 1033 2881 1104 ἑκατέρου
2902 1036 2930 1086 ὁ
2950 1034 3122 1101 λόγος.
3152 1037 3274 1090 Ὅτι
3301 1038 3398 1107 μὲν
3429 1035 3522 1092 οὗν
3549 1040 3770 1095 ἐπὶτῶν

2202 1122 2290 1176 διὰ
2322 1124 2522 1195 σαρκὸς
2542 1125 2872 1194 τικτομένων
2899 1126 3091 1196 ψεῦδός
3119 1129 3233 1180 ἐστι
3256 1129 3314 1181 τὸ
3345 1130 3656 1201 λεγόμενον,
3677 1132 3769 1184 ούο

2201 1215 2312 1276 δεὶς
2341 1214 2410 1268 ἂν
2442 1215 2684 1268 ἀντείποι
2715 1217 2825 1269 τῶν
2863 1219 2986 1272 νοῦν
3023 1220 3272 1289 ἐχόντων.

529 1317 686 1370 Aliud
719 1325 803 1370 est
845 1314 990 1369 enim
1031 1319 1240 1382 partus,
1282 1317 1336 1364 et
1363 1309 1505 1362 aliud
1538 1307 1681 1378 quod
1724 1316 1806 1363 est
1849 1323 1916 1363 ex
1965 1315 2152 1377 partu,
2209 1315 2264 1361 et
2291 1306 2506 1361 diversa
2545 1315 2629 1360 est
2659 1309 2945 1380 utriusque
3002 1313 3160 1366 ratio.
3193 1311 3364 1383 Igitur
3411 1317 3766 1370 assertionem

530 1410 650 1476 ejus
701 1406 890 1460 falsam
921 1417 1042 1457 esse
1070 1401 1123 1455 in
1154 1402 1221 1455 iis
1253 1414 1372 1470 quae
1401 1413 1496 1468 per
1524 1412 1743 1452 carnem
1772 1406 2122 1468 generantur,
2164 1410 2324 1450 nemo
2363 1410 2511 1452 sana:
2531 1399 2728 1453 mentis
2757 1399 3028 1456 abnuerit.

603 1564 657 1617 Si
686 1580 810 1618 vero
857 1561 1058 1632 aliquid
1088 1561 1304 1616 elliccre
1335 1571 1387 1616 et
1424 1569 1746 1616 construere
1788 1569 1944 1614 vocat
1974 1573 2096 1614 mo~

529 1655 656 1709 dum
690 1671 843 1725 gener
858 1653 1072 1719 .lllOlllS,
1113 1654 1178 1707 ad
1211 1669 1371 1723 quem
1404 1653 1457 1706 in
1490 1654 1672 1723 genito
1689 1660 1950 1722 sequatur
1979 1665 2094 1704 mo-

2274 1557 2337 1610 Εί
2355 1556 2411 1609 δὲ
2445 1554 2504 1610 τὸ
2525 1560 2695 1612 ποιεῖν
2723 1558 2815 1611 καὶ
2837 1559 2898 1612 τὸ
2941 1561 3390 1626 κατασκευάζειν,
3417 1563 3616 1635 τρόπον
3646 1582 3768 1633 γεν⁸

2201 1648 2408 1718 νήσεως
2458 1648 2734 1719 ὀνομάζει,
2777 1643 2822 1718 ᾧ
2871 1650 3099 1704 ἔπεσθαι
3162 1652 3253 1705 τὸν
3289 1653 3484 1722 τρόπον
3527 1655 3622 1724 τῆς
3673 1657 3766 1710 τοῦ

530 1749 634 1803 dus
666 1747 1060 1808 similitudinis.
1111 1761 1177 1800 ne
1222 1745 1302 1801 sic
1353 1745 1573 1814 quidem
1614 1745 1791 1798 oratio
1811 1742 2089 1814 ejusvcri-

2198 1745 2480 1814 γινομένου
2549 1746 2713 1818 φησὶν
2791 1747 3140 1818 ὁμοιότητοςο
3175 1751 3268 1802 καὶ
3298 1749 3471 1813 οὕτως
3519 1753 3547 1804 ὁ
3613 1752 3770 1818 λόγος

532 1840 942 1898 similitudinem
999 1837 1179 1900 habet,
1228 1836 1373 1906 quod
1415 1835 1678 1905 exemplis
1707 1835 1927 1905 planum
1983 1833 2093 1887 fiet.

532 1931 760 1988 Ferrum
788 1945 819 1984 a
856 1929 1010 1984 fabro
1045 1929 1247 1983 ictibus
1294 1928 1575 1990 tunditur,
1609 1937 1668 1980 tit
1699 1924 1822 1980 inde
1851 1923 1980 1994 quid
2017 1923 2098 1976 vi-

533 2033 599 2078 ta:
623 2023 812 2077 usibus
838 2021 967 2075 utile
995 2018 1319 2074 conficiatur
1361 2025 1414 2072 et
1443 2018 1777 2073 eiformelur.
1812 2015 2099 2083 Quomodo

534 2114 694 2182 igitur
715 2112 932 2166 schema
959 2107 1349 2180 percussionis,
1372 2107 1418 2162 si
1448 2108 1521 2162 ita
1547 2122 1670 2162 sors
1693 2105 1850 2170 ferat,
1881 2106 2100 2162 assimi~

534 2201 888 2259 lcturmauni
943 2199 1192 2256 artificis.
1248 2198 1333 2252 vel
1390 2197 1552 2252 modo
1603 2197 1927 2260 eﬂ'ectionis,
1970 2208 2097 2266 puta

535 2293 854 2363 forcipibus,
879 2290 1084 2353 incudi,
1118 2289 1359 2350 follibus.
1381 2287 1950 2358 carbonibus,quibus
1979 2301 2096 2340 rem

532 2383 838 2438 eil‘ormavit
889 2390 939 2434 et
991 2379 1263 2450 procudit,
1324 2393 1483 2432 nemo
1517 2377 1673 2432 facile
1723 2377 2096 2446 explicaverit.

534 2471 687 2538 Quod
719 2472 784 2526 de
817 2486 924 2525 uno
949 2470 1197 2538 exemplo
1234 2468 1440 2524 dictum
1467 2476 1570 2532 est,
1590 2467 1642 2521 id
1675 2467 1948 2529 omnibus,
1977 2481 2099 2534 qua:

534 2565 749 2620 actione
777 2563 955 2632 aliqua
1001 2560 1335 2623 efficiuntur,
1387 2559 1665 2629 competit,
1697 2573 1888 2628 nempe
1937 2558 2099 2613 modo

535 2654 920 2726 gcneratiotlis,
955 2652 1030 2710 id.
1063 2651 1208 2721 quod
1243 2659 1561 2719 generatum
1596 2658 1700 2714 est,
1753 2664 2095 2719 nequaquam

535 2746 710 2800 simile
752 2743 923 2799 reddi.
971 2742 1108 2807 Quid
1155 2743 1298 2796 cnim
1365 2740 1537 2794 forma
1581 2740 1747 2796 vestis
1810 2753 2099 2794 commune

537 2837 696 2891 habet
729 2852 850 2890 cum
891 2833 1142 2894 stamine,
1186 2847 1307 2886 cum
1353 2832 1574 2902 regulis,
1621 2847 1745 2886 cum
1781 2829 2015 2900 pectine,
2044 2837 2098 2884 et

534 2944 658 2982 cum
700 2935 816 2981 toto
862 2926 954 2979 illo
996 2928 1225 2978 textoris
1282 2923 1589 2992 apparatu?
1632 2920 1772 2988 Quid
1813 2936 2094 2978 scamnum

535 3033 658 3073 cum
717 3017 946 3078 actione,
1008 3028 1128 3084 qua:
1169 3021 1416 3066 versatur
1455 3013 1602 3066 circa
1641 3012 1805 3082 ligna,
1843 3012 1925 3065 vel
1958 3011 2098 3066 alius

2197 1831 2291 1884 τοῦ
2331 1833 2536 1896 είκότος
2583 1834 2912 1905 κεχώρισται
2950 1850 2964 1864 ·
2995 1836 3195 1890 οὑτωσὶ
3248 1837 3304 1891 δὲ
3340 1837 3429 1891 διὰ
3486 1839 3590 1891 τῶν
3642 1839 3770 1890 ύπο-

2195 1921 2500 1992 δειγμάτων
2528 1925 2888 1994 σκοπήσωμεν
2915 1942 2930 1956 ·
2968 1926 3210 1996 Πληγαῖς
3238 1926 3502 1980 τυποῦται
3529 1927 3762 1998 σίδηρος,

2198 2013 2336 2083 πρός
2359 2030 2411 2066 τι
2430 2013 2537 2067 τῶν
2559 2014 2618 2066 ὲν
2644 2013 2722 2085 τῷ
2753 2014 2852 2086 βίῳ
2881 2016 3164 2088 χρησίμων
3202 2017 3352 2088 παρὰ
3390 2019 3482 2071 τοῦ
3514 2019 3770 2090 δημιουρ-

2204 2104 2429 2171 γοῦντος
2473 2107 2956 2178 σχηματιζόμενος.
2993 2109 3066 2162 Τὸ
3091 2105 3183 2162 οὖν
3211 2113 3395 2180 σχῆμα
3427 2110 3526 2180 τῆς
3563 2112 3767 2182 ἀκμῆς.

2207 2197 2274 2251 ἂν
2302 2197 2445 2252 οὕτω
2467 2197 2626 2269 τύχῃ,
2666 2199 2783 2263 πῶς
2815 2199 3090 2270 ὁμοιοῦται
3123 2204 3188 2271 τῇ
3215 2202 3358 2273 χειρὶ
3385 2201 3479 2254 τοῦ
3503 2204 3766 2273 τεχνίτου,

2198 2287 2230 2358 ἢ
2265 2287 2341 2358 τῷ
2371 2288 2561 2360 τρόπῳ
2593 2289 2689 2360 τῆς
2714 2291 3080 2360 κατασκευῆς,
3104 2287 3212 2344 οἷον
3257 2292 3508 2364 σφύραις,
3542 2295 3636 2347 καὶ
3674 2297 3766 2349 dvo

2199 2379 2376 2451 Θραξι,
2413 2381 2506 2433 καὶ
2553 2379 2768 2449 φύσαις,
2824 2383 2917 2435 καὶ
2958 2383 3176 2452 ἄκμονι,
3210 2382 3274 2435 δι’
3313 2376 3386 2436 ὧν
3422 2384 3590 2453 αὐτὴν
3615 2387 3643 2438 ό
3679 2386 3769 2454 δη-

2201 2469 2453 2541 μιουργὸς
2505 2468 2908 2532 ἁνετυπώσατο,
2939 2471 3038 2523 οὐκ
3089 2471 3154 2524 ἄν
3200 2488 3284 2534 τις
3330 2473 3501 2524 εἰπεῖν
3538 2471 3683 2542 ἔχοι·
3711 2473 3772 2527 τδ

2197 2561 2256 2614 δὲ
2315 2561 2406 2614 ἐπὶ
2456 2559 2549 2613 τοῦ
2605 2560 2723 2624 ἑνὸς
2788 2560 3180 2631 ὑποδείγματος
3239 2563 3529 2633 εἰρημένον
3557 2603 3571 2627 ,
3609 2567 3768 2618 πᾶσιν

2199 2635 2496 2720 ἐφαρμόζει
2527 2653 2638 2714 τοῖς
2662 2651 2750 2704 διά.
2772 2667 2914 2713 τινος
2939 2652 3284 2722 κατασκευῆς
3317 2653 3766 2722 ἀπεργασθεῖσιν,

2197 2741 2379 2812 ὅτιτῷ
2432 2741 2618 2812 τρόπῳ
2641 2741 2740 2812 τῆς
2781 2744 3086 2814 γεννήσεως
3123 2744 3183 2796 τὸ
3212 2746 3494 2816 γινόμενον
3523 2749 3771 2819 οὐδαμῶς

2197 2831 2494 2902 ὁμοιοῦται.
2534 2834 2599 2886 Τί
2629 2835 2738 2905 γὰρ
2771 2823 2948 2887 κοινὸν
2999 2835 3111 2904 ἔχει
3161 2835 3222 2889 τὸ
3255 2832 3392 2900 εἶδος
3427 2837 3519 2890 τοῦ
3559 2840 3770 2908 ἱματίου

2148 2994 2154 3000 ἢ
2197 2921 2335 2990 πρὸς
2364 2918 2424 2974 τὺ
2463 2921 2684 2992 πηνίον,
2715 2922 2747 2993 ἦ
2793 2925 2918 2988 τοὺς
2955 2924 3214 2989 κανόνας,
3245 2925 3279 2998 ἢ
3311 2925 3410 2997 τὴν
3461 2930 3705 3000 κερκίδα,
3736 2930 3768 2998 ἢ

2198 3008 2334 3072 ὅλως
2361 3010 2495 3081 πρὸς
2531 3010 2620 3063 τὸν
2648 3013 2847 3082 τρόπον
2872 3013 2968 3084 τῆς
2996 3013 3088 3066 τοῦ
3122 3014 3355 3084 ύφάντου
3389 3020 3768 3090 κπασκευῆτς

537 3109 805 3177 quispiam
828 3105 1051 3160 effectus
1091 3119 1212 3158 cum
1244 3102 1414 3157 forma
1443 3102 1704 3158 artificis?
1751 3101 1892 3172 Ergo
1929 3103 1981 3156 in
2016 3117 2097 3156 re-

2198 3101 2252 3153 τί
2277 3101 2334 3155 δὲ
2382 3101 2443 3154 τὸ
2477 3101 2674 3172 βάθρον
2716 3103 2850 3174 πρὸς
2885 3103 2983 3174 τὴν
3027 3105 3136 3158 τῶν
3182 3105 3354 3170 ξύλων
3393 3110 3765 3179 ,ἀπεργασίαη

538 3201 638 3254 bus
693 3198 1045 3253 sensibilibus
1101 3208 1154 3252 et
1210 3195 1492 3264 corporeis
1542 3195 1823 3249 averitate
1857 3193 2093 3248 alienum

535 3306 676 3348 esse.
719 3289 862 3359 quod
932 3288 1148 3354 asserit,
1203 3288 1352 3360 ipsos
1405 3286 1751 3342 adversarios
1794 3284 1949 3340 fateri
1985 3284 2101 3339 exi-

537 3383 726 3436 stimo.

609 3598 894 3668 Reliquum
929 3607 1035 3660 est,
1071 3604 1130 3652 ut
1167 3594 1541 3665 dispiciamus,
1571 3591 1829 3662 quidnam
1880 3591 2102 3645 concin-

537 3690 728 3747 nanda:
751 3704 862 3743 sua:
890 3687 1236 3758 blasphemiae
1271 3685 1505 3741 ulterius
1545 3683 1752 3738 afferat.
1796 3682 1936 3750 Quid
1971 3697 2100 3754 ergo

537 3790 654 3837 crat
679 3778 903 3851 quodin
955 3777 1255 3848 quaestione
1288 3775 1645 3832 versabatur?
1676 3773 1788 3829 Hoc
1829 3773 2097 3836 videlicet,

537 3873 691 3928 fateri
725 3877 994 3941 oportere,
1026 3867 1218 3923 Filium
1253 3867 1306 3922 in
1343 3884 1442 3924 sua
1489 3867 1793 3923 substantia
1841 3865 1986 3919 Patri
2027 3866 2102 3920 si-

539 3964 740 4028 milem,
773 3961 856 4015 vel
879 3960 1196 4015 dissimilem
1221 3973 1383 4014 esse:
1429 3957 1573 4028 quod
1618 3971 1764 4020 cum,
1800 3963 1860 4009 ut
1911 3955 2003 4017 ait,
2034 3969 2100 4008 ex

537 4054 888 4128 providentiae
919 4053 1133 4106 ratione
1163 4051 1376 4106 discere
1426 4047 1751 4120 nequiverit,
1800 4046 2101 4100 recurrissc

538 4162 597 4202 se
624 4146 756 4200 dicit
789 4143 855 4198 ad
877 4143 1244 4213 generationis
1277 4142 1518 4205 modum,
1553 4148 1613 4194 ut
1643 4139 1802 4195 istius
1829 4138 2102 4192 interven-

537 4248 593 4291 tu
628 4242 1005 4307 cognosceret,
1043 4249 1150 4287 non
1182 4242 1364 4286 utrum
1414 4232 1628 4302 genitus
1671 4229 1898 4300 genitori
1931 4227 2098 4283 dissi-

539 4326 682 4380 milis
705 4327 796 4389 sit,
827 4323 921 4379 scd
952 4338 1080 4377 num
1129 4322 1326 4377 habeat
1370 4322 1587 4376 modum
1624 4319 1910 4391 quemdam
1942 4317 2100 4374 simi-

537 4415 801 4479 litudinis,
832 4423 886 4470 et
911 4414 1038 4485 quia
1062 4412 1254 4468 modus
1291 4412 1394 4468 iste
1433 4413 1618 4467 multis
1666 4412 1881 4482 ignotus
1915 4410 2008 4471 sit,
2035 4423 2098 4462 ea

2200 3191 2235 3263 ἢ
2259 3191 2386 3246 ἄλλο
2418 3209 2470 3245 τι
2503 3192 2612 3245 τῶν
2654 3193 2950 3263 γινομένων
2988 3195 3122 3265 πρὸς
3154 3195 3215 3248 τὸ
3240 3197 3424 3268 σχῆμα
3453 3200 3546 3252 τοῦ
3580 3216 3771 3270 κειτερ⁹

2201 3280 2543 3351 γασαμένου;
2589 3280 2725 3334 Ἀλλ’
2753 3283 2810 3334 ἐν
2838 3282 2937 3352 μὲν
2968 3286 3078 3346 τοῖς
3106 3284 3380 3355 αἰσθητοῖς
3409 3288 3504 3340 καὶ
3531 3305 3767 3358 crepan-

2199 3369 2314 3430 κοῖς
2335 3369 2522 3439 ἀργεῖν
2553 3367 2643 3420 τὸν
2679 3369 2835 3437 λόγον
2871 3369 3074 3434 τοῦτον,
3109 3377 3203 3426 καὶ
3239 3375 3438 3440 αὐτοὺς
3463 3373 3618 3443 οἶμαι
3647 3381 3768 3444 τοὺς

2200 3459 2475 3522 ἐναντίους
2506 3476 2630 3512 συντ
2639 3459 2868 3516 ίθεσθαι.

2279 3592 2602 3648 ’Υπόλοιπον
2635 3595 2680 3649 δ’
2703 3595 2769 3650 ἂν
2803 3597 2887 3669 εἴη
2943 3603 3158 3656 σκοπεῖν
3190 3602 3246 3655 εῖ
3281 3620 3400 3659 τινα
3455 3608 3766 3665 συντέλειαν

2199 3682 2334 3752 πρὸς
2352 3683 2449 3754 τὴν
2469 3684 2569 3754 τῆς
2598 3684 2945 3758 βλασφημίας
2971 3691 3313 3764 κατασκευὴν
3337 3695 3766 3766 συνεισφέρεται.

2199 3772 2265 3824 Τί
2289 3768 2382 3826 οὖν
2413 3772 2474 3826 τὸ
2514 3772 2843 3847 ζητούμενον
2885 3773 2987 3850 ἦν;
3021 3779 3095 3833 Τὸ
3120 3781 3228 3834 δεῖν
3254 3785 3394 3838 κατὰ
3441 3786 3539 3855 τὴν
3583 3787 3770 3840 οὐσίαν

2197 3867 2398 3938 ὁμοίιος
2436 3869 2468 3941 ἢ
2503 3871 2768 3942 ἀνομοίως
2812 3870 2954 3944 ἔχειν
2980 3874 3056 3946 τῷ
3083 3876 3256 3948 Πατρὶ
3298 3878 3387 3932 τὸν
3422 3879 3547 3933 Υίὺν
3577 3883 3770 3952 ὁμολο-

2199 3957 2431 4025 γεῖσθαι.
2462 3960 2636 4032 Ὅπερ
2651 3961 2810 4015 διὰτὸ
2843 3962 2917 4034 μή
2949 3962 3220 4027 δύνασθαι,
3243 3969 3424 4038 φησὶν,
3447 3969 3509 4020 ἐκ
3535 3971 3641 4021 τῶν
3669 3971 3769 4041 τῆς

2200 4047 2456 4116 προνοίας
2470 4047 2645 4117 λόγων
2669 4050 2880 4121 μαθεῖν,
2898 4053 2988 4106 ἐπὶ
3014 4054 3104 4107 τὸν
3122 4055 3222 4125 τῆς
3253 4057 3552 4128 γεννήσεως
3577 4059 3772 4130 ἀνελη-

2198 4137 2413 4191 λυθέναι
2449 4139 2647 4210 τρόπον
2669 4156 2682 4170 '
2709 4140 2784 4204 ὡς
2815 4140 2900 4194 διὰ
2932 4142 3120 4198 τούτου
3151 4146 3348 4214 γνῶναι
3378 4149 3494 4219 οὐχὶ
3524 4149 3616 4203 τὸν
3645 4169 3761 4218 γεν-

2199 4230 2450 4301 νηθέντα,
2479 4233 2526 4284 εί
2560 4231 2760 4302 ὁμοίως
2802 4233 2912 4304 ἔχει
2951 4237 3085 4307 πρὸς
3120 4237 3210 4290 τὸν
3240 4241 3601 4310 γεννήσαντα,
3634 4241 3776 4295 ἀλλὰ

2199 4338 2320 4376 τινα
2337 4321 2649 4395 ὁμοιότητος
2669 4325 2888 4396 τρόπον,
2903 4329 2994 4381 καὶ
3017 4328 3104 4383 διὰ
3132 4330 3192 4383 τὸ
3217 4333 3329 4396 τοῖς
3355 4333 3566 4398 πολλοῖς
3595 4335 3772 4402 ἄγνω-

2203 4429 2325 4464 στον
2356 4408 2494 4465 εἶναι
2542 4415 2748 4480 τοῦτον,
2779 4417 2866 4471 διὰ
2903 4418 3058 4472 τοῦτο
3083 4421 3180 4492 τὴν
3208 4425 3542 4494 γεννήσασαν
3583 4427 3775 4480 οὐσίαν

536 4507 604 4561 de
630 4520 796 4561 causa
851 4521 910 4562 se
961 4506 1028 4560 de
1065 4503 1391 4566 substantia,
1426 4518 1547 4574 quae
1603 4503 1811 4572 genuit,
1851 4502 2097 4570 pluribus

2207 4503 2678 4574 περιεργάζεσθαι.
2729 4502 2874 4579 ’Δρα
2926 4507 3018 4566 οὖν
3069 4490 3415 4585 ἐπιλέλησται
3471 4517 3578 4570 τῶν
3626 4519 3776 4572 ίδὶων

533 4599 884 4654 disseruisse.
939 4595 1078 4650 Num
1135 4597 1298 4667 igitur
1345 4597 1578 4665 propria:
1615 4609 1727 4648 sua:
1779 4594 2100 4650 assertionis

534 4689 736 4744 oblitus
781 4696 886 4752 est,
934 4687 1154 4758 quando
1203 4686 1360 4754 dixit,
1411 4701 1475 4740 ea:
1525 4687 1763 4756 operibus
1795 4685 2098 4755 investigari

533 4780 716 4836 debere
768 4779 1142 4835 substantias?
1179 4793 1302 4834 cum
1345 4793 1475 4850 ergo
1503 4777 1736 4834 necdum
1787 4779 1897 4833 ullo
1937 4779 2101 4835 modo

534 4879 766 4938 constet,
800 4869 1076 4941 quomodo
1109 4869 1416 4923 substantia
1463 4878 1740 4938 generata,
1768 4885 1929 4940 quam
1969 4886 2100 4939 opus

534 4975 792 5030 suprema!
820 4959 1076 5029 appellat,
1107 4973 1226 5013 sese
1257 4958 1455 5012 habeat
1488 4960 1787 5014 secundum
1823 4969 2097 5027 naturam;

533 5068 640 5121 qua
669 5053 879 5106 ratione
903 5051 955 5105 id
988 5049 1134 5120 quod
1179 5049 1407 5105 inferius
1439 5059 1543 5116 est,
1583 5058 1642 5103 ut
1673 5050 1789 5118 ipse
1835 5049 2095 5119 loquitur,

531 5151 585 5196 et
622 5142 745 5198 ideo
793 5142 861 5196 ad
917 5139 1352 5212 cognoscendum
1408 5141 1702 5212 proclivius
1755 5147 1809 5194 ct
1859 5139 2094 5204 facilius,

534 5235 868 5299 transiliens,
897 5234 1131 5288 maxime
1159 5233 1389 5304 propria:
1409 5243 1459 5288 et
1488 5248 1754 5303 supremae
1780 5233 2096 5287 substantia:

531 5322 876 5388 adhaerescit,
899 5332 953 5379 et
979 5339 1100 5379 cum
1135 5324 1191 5377 in
1223 5339 1384 5393 opere
1437 5337 1536 5378 suo
1556 5321 1726 5378 videri
1758 5323 1901 5389 velit,
1941 5323 2096 5393 quasi

531 5411 836 5465 divinorum
861 5415 1204 5468 oraculorum
1249 5413 1540 5468 admodum
1580 5427 1785 5482 gnarus
1813 5414 1902 5478 sit,
1949 5428 2094 5468 nunc

530 5515 595 5555 ea
624 5504 772 5570 parvi
799 5504 1004 5570 pendit,
1037 5503 1260 5572 perinde
1297 5519 1360 5558 ac
1409 5505 1456 5559 si
1499 5503 1757 5569 nesciret,
1797 5505 1865 5558 ad
1915 5502 2093 5559 Patris

531 5593 916 5663 cognitionem,
955 5610 1060 5650 non
1097 5595 1199 5652 nisi
1246 5611 1343 5668 per
1390 5593 1585 5652 Filium
1629 5611 1914 5655 accessum
1950 5603 2095 5668 pate-

2197 4593 2512 4664 διορισμῶν,
2537 4597 2596 4648 ὲν
2621 4592 2703 4660 οἷς
2735 4615 2917 4670 φησιν,
2947 4603 3015 4656 ἐκ
3040 4602 3358 4674 τῶνέργων
3387 4606 3515 4661 δεῖν
3532 4611 3636 4675 τὰς
3671 4613 3777 4664 ob-

2198 4685 2337 4750 σίας
2361 4687 2937 4757 καταλαμϐάνεσθαι;
2953 4693 3062 4764 Τῆς
3080 4689 3172 4748 οὖν
3196 4699 3542 4769 γεννηθείσης
3561 4701 3775 4764 οὐσίας,

2197 4777 2263 4845 ἢν
2279 4776 2454 4844 ἔργον
2469 4777 2723 4848 ὀνομάζει
2741 4780 2845 4849 τῆς
2878 4785 3327 4856 ὑπερκειμένης,
3353 4791 3580 4860 μηδέπω
3606 4809 3777 4860 φανε-

2202 4868 2484 4940 ρωθείσης,
2511 4869 2628 4935 πῶς
2659 4871 2768 4942 ἔχει
2795 4875 2934 4928 κατὰ
2960 4876 3056 4948 τὴν
3086 4878 3265 4948 φύσιν,
3285 4880 3400 4944 πῶς
3418 4882 3660 4952 ὑπερϐὰς
3692 4885 3779 4948 τὸ,

2200 4959 2276 5022 ὡς
2307 4959 2466 5024 αὐτὸς
2513 4960 2681 5030 λέγει,
2717 4964 3041 5037 κατώτερον,
3067 4970 3159 5022 καὶ
3187 4969 3274 5024 διὰ
3315 4971 3474 5024 τοῦτο
3510 4977 3574 5043 τῇ
3606 4992 3783 5027 κατα-

2200 5050 2361 5120 λήψει
2390 5051 2498 5106 τῶν
2525 5051 2828 5123 ζητούντων
2860 5060 3319 5132 προσεχέστερον,
3353 5066 3419 5134 τῇ
3458 5067 3779 5136 κυριωτάτῃ

2201 5143 2296 5196 καὶ
2315 5143 2563 5215 ἀνωτάτῃ
2599 5145 2962 5216 προσφύεται·
2988 5153 3078 5203 καὶ
3101 5152 3159 5204 τὸ
3180 5153 3422 5225 ἀκριϐῶς
3446 5155 3645 5210 εἰδέναι
3677 5158 3784 5220 τὰς

2200 5233 2348 5296 θείας
2381 5235 2581 5302 φωνὰς,
2601 5237 2656 5289 ὲν
2680 5237 2757 5308 τῷ
2790 5239 2910 5291 κατ’
2935 5241 3094 5295 αὑτὸν
3129 5243 3290 5313 λόγῳ,
3325 5248 3780 5312 κατασκευάζων,

2201 5324 2296 5378 νῦν
2335 5326 2598 5381 κάκείνων
2631 5329 2808 5398 ὀλίγον
2841 5335 3068 5386 ποιεῖται
3109 5335 3200 5388 τὸν
3228 5335 3404 5404 λόγον,
3439 5337 3626 5409 ὥσπερ
3672 5340 3782 5408 ἀγ-

2199 5414 2336 5468 νοῶν
2365 5417 2442 5468 ῧτι
2469 5418 2568 5470 οὐκ
2604 5419 2716 5474 ἔστι
2750 5424 2815 5492 τῇ
2847 5423 3042 5492 γνώσει
3076 5427 3168 5480 τοῦ
3208 5429 3419 5499 Πατρῦς
3449 5431 3782 5503 προσϐῆναι,

2203 5505 2278 5576 μὴ
2309 5505 2394 5559 διὰ
2417 5507 2510 5560 τοῦ
2538 5508 2665 5563 Υἱοῦ
2694 5516 3158 5586 προσεγγίσαντας
3187 5519 3398 5588 Οὐδείς
3425 5521 3554 5593 γὰρ,
3582 5525 3780 5595 φησὶν,

2199 5597 2354 5670 ἔγνω
2391 5599 2498 5655 τὸν
2518 5603 2768 5675 Πατέρα,
2786 5608 2838 5660 ει
2860 5607 2948 5678 μὴ
2974 5611 3006 5664 ὀ
3047 5611 3194 5681 Υἱὸς,
3221 5613 3318 5668 καί
3343 5606 3391 5683 ᾧ
3410 5614 3518 5670 ἐὰν
3540 5615 3782 5684 ,βούλη-
