4032 6208
256 262 362 320 593

1456 261 1735 318 CONTRA
1768 253 2158 327 BUNOMIUM,
2200 262 2328 316 LIB.
2364 259 2401 314 Ι.

3407 267 3507 325 ὅθί

253 384 356 422 rat
392 370 428 422 ὁ
492 368 621 433 Υιὸς
672 369 1086 438 ἀποκαλύψαι.
1129 371 1265 426 Ἀλλ’
1311 369 1483 439 οὗτος,
1517 377 1574 429 ὲν
1603 372 1684 440 οἷς
1740 377 1840 447 μὲν

1950 375 2061 428 ﬁeri
2099 377 2122 429 ?
2157 375 2348 427 Nullus
2397 374 2557 435 enim,
2605 373 2800 442 inquit,
2836 372 2977 425 novit
3032 370 3248 425 Patrem
3295 373 3397 426 nisi
3429 373 3495 426 1τί

251 459 330 510 ἂν
367 458 533 530 μέλλῃ
554 458 904 530 καθυϐρίζειν
953 462 1052 525 τὰς
1083 464 1324 528 εὐσεϐεῖς
1377 468 1472 519 καὶ
1509 469 1574 537 τῇ
1625 461 1838 538 θεότητι

257 551 575 620 πρεπούσας
595 550 688 604 τοῦ
713 553 1051 621 Μονογενοῦς
1073 553 1388 626 ὑπολήψεις,
1417 558 1671 613 ἐλάττονα
1701 555 1839 613 εἶναι

255 639 424 707 λέγει,
459 643 640 712 γυμνῇ
663 644 728 712 τῇ
761 644 911 713 φωνῇ
935 659 950 674 ⁶
975 646 1034 698 ὲν
1053 643 1110 698 δὲ
1137 649 1203 715 τῇ
1229 643 1439 718 ἐπινοίᾳ.
1465 647 1566 716 τῆς
1587 648 1839 716 γνώσεως

255 731 366 782 τῶν
393 730 554 782 θείων
572 770 588 794 ,
629 731 881 786 λανθάνει
911 733 970 785 τὸ
1000 733 1182 804 μεῖζον
1209 737 1294 789 ἐπ’
1315 737 1481 797 αὐτοῦ
1506 740 1840 792 κατασκευά-

258 822 367 881 ζων
407 836 420 848 ⁸
453 822 612 892 εἴπερ
650 824 748 893 τὴν
791 820 886 876 τοῦ
934 824 1144 896 Πατρὸς
1187 827 1396 893 οὐσίαν,
1434 828 1510 893 ὡς
1565 831 1837 901 ἑτοιμοτέ-

260 929 360 979 ραν
418 913 500 974 εἱς
550 910 878 984 κατανόησιν
947 916 1264 970 καταλαϐὼν
1291 957 1305 980 ,
1344 919 1424 972 δι’
1479 917 1694 992 ἐκείνης
1747 923 1838 974 ἁν-

257 1003 494 1069 ιχνεύειν
533 1003 787 1074 πειρᾶται
841 1004 935 1060 καὶ
986 1004 1392 1076 συλλογίζεσθαι
1440 1007 1533 1065 τού
1578 1012 1705 1065 Υίοῦ
1738 1012 1836 1085 τὴν

257 1111 444 1160 φύσιν.

337 1187 546 1238 Ἀνεισι
584 1186 713 1253 γοῦν
749 1188 843 1241 ἐπὶ
875 1188 973 1260 τὴν
1017 1187 1358 1262 γεννήσασαν
1389 1195 1607 1259 οὐσίαν,
1637 1197 1731 1249 καὶ
1769 1193 1834 1248 δι’

256 1277 476 1346 ἐκείνης
497 1279 594 1347 τὴν
617 1279 969 1349 γεννηθεῖσαν
989 1282 1294 1350 ἐπισκοπεῖ,
1320 1283 1408 1338 διὰ
1426 1286 1485 1338 τὸ
1514 1289 1578 1356 τῇ
1609 1291 1834 1359 φυσικῇ,

258 1365 420 1433 φησὶ,
456 1366 548 1418 τοῦ
578 1369 943 1438 γεννήσαντος
967 1369 1094 1442 ἀξίᾳ
1118 1371 1424 1427 δείκνυσθαι
1453 1374 1544 1428 τὸν
1577 1378 1674 1448 τῆς
1714 1395 1836 1447 γενο

257 1459 470 1524 νήσεως
505 1455 722 1527 τρόπον.
755 1455 925 1513 Πάλιν
963 1461 1120 1515 τοῦτο
1163 1463 1350 1528 ἀπλῶς
1390 1467 1484 1519 καὶ
1521 1469 1836 1537 ἀδιορίστως

259 1547 651 1619 τταραρῤιφὲν,
699 1549 790 1604 ἐπὶ
850 1551 1028 1607 πάντα
1096 1557 1491 1627 παραπλησίως
1537 1559 1836 1630 διαχεῖσθαι

255 1637 676 1708 παρασκευάζει
726 1640 821 1694 τοῦ
871 1641 1156 1712 ζητοῦντος
1190 1645 1288 1718 τὴν
1324 1648 1550 1704 ἔννοιαν.
1601 1651 1836 1706 Τοιαῦτα

1953 467 2077 530 lius,
2112 473 2162 519 et
2195 465 2280 517 cui
2309 464 2525 518 voluerit
2564 460 2737 516 Filius
2773 463 2998 516 revelare
3031 461 3096 515 ".
3135 460 3241 518 Sed
3267 464 3369 518 iste
3393 479 3518 520 cum

1944 553 2180 610 debitam
2209 554 2688 618 existimationem,
2748 569 2912 622 quam
2947 553 3015 607 de
3057 550 3334 623 Unigeniti
3374 554 3516 609 divi-

1945 644 2116 698 nitate
2148 645 2432 707 habemus,
2492 642 2814 696 imminuere
2869 649 2925 696 et
2967 639 3216 698 deterere
3275 645 3517 713 molitur,

1945 737 2211 791 minorem
2243 732 2441 789 Filium
2469 734 2615 788 nuda
2661 748 2796 789 voce
2845 733 3064 800 astruit,
3098 747 3259 803 quem
3298 734 3521 806 ignarus

1945 827 2070 882 licet
2093 826 2352 895 majorem
2391 825 2541 890 facit,
2561 823 2614 878 in
2632 840 2814 880 rerum
2859 821 3167 879 divinarum
3207 841 3522 895 comparan-

1943 915 2012 972 da
2045 917 2386 986 cognitione:
2422 916 2468 971 si
2517 914 2735 985 quidem
2784 912 2962 969 Patris
3005 915 3396 980 substantiam,
3430 933 3521 971 ve—

1945 1008 2026 1062 lut
2059 1006 2279 1077 cognitu
2314 1004 2705 1076 expeditiorem
2758 1005 3056 1075 accipiens,
3104 1021 3198 1073 per
3243 1005 3389 1060 illam
3439 1007 3526 1062 in-

1944 1102 2144 1172 dagare
2171 1108 2226 1155 et
2253 1101 2509 1170 colligere
2553 1100 2748 1153 nititur
2779 1107 3032 1154 naturam
3062 1095 3206 1153 Filii.

2013 1190 2274 1247 Ascendit
2321 1191 2487 1260 igitur
2535 1188 2603 1246 ad
2654 1197 2905 1244 naturam
2957 1206 3081 1260 qua:
3128 1191 3430 1261 generavit,
3469 1201 3523 1245 et

1945 1298 2040 1351 per
2061 1283 2231 1347 illam,
2255 1281 2920 1352 consideratgeneratam,
2947 1298 3012 1336 eo
3045 1282 3190 1352 quod
3233 1298 3328 1353 per
3358 1291 3520 1336 natu-

1944 1374 2110 1427 ralem
2165 1374 2481 1443 generantis
2532 1371 2856 1444 dignitatem
2921 1375 3114 1428 modus
3157 1375 3520 1443 generationis

1941 1463 2372 1518 demonstretur.
2416 1461 2533 1527 Qua
2569 1477 2670 1516 sua
2726 1463 3032 1518 assertione
3085 1465 3157 1518 ita
3203 1465 3521 1535 simpliciter

1941 1565 1994 1609 et
2023 1553 2300 1610 indefinite
2322 1555 2548 1623 prolata,
2565 1551 2634 1608 ad
2658 1554 2839 1607 omnia
2869 1556 3154 1624 aequaliter
3171 1557 3392 1612 lectoris
3408 1559 3520 1612 ani-

1942 1660 2088 1699 mum
2112 1641 2414 1700 diffundere
2444 1653 2499 1700 et
2524 1643 2796 1700 abducere
2823 1652 3014 1700 tentat.
3033 1645 3183 1701 Talia
3209 1647 3354 1702 enim
3373 1658 3518 1712 sunt,

253 1731 374 1798 γάρ
405 1731 522 1782 ἐστι
548 1730 848 1796 καθολικῶς
879 1733 948 1786 τὰ
979 1734 1518 1808 δογματιζόμενα,ὠς
1546 1741 1636 1794 ἐπὶ
1658 1743 1834 1796 πάντα

1950 1752 2058 1805 ina:
2077 1735 2372 1791 universim
2399 1735 2761 1799 al‘lirmantur,
2786 1746 2845 1790 ut
2867 1738 3246 1808 cogitationem
3262 1739 3328 1793 ad
3340 1739 3519 1794 omnia

255 1818 528 1886 φέρεσθαι
577 1819 694 1882 ταῖς
746 1822 1168 1890 ὐπονοίαις,καὶ
1215 1829 1384 1898 μηδὲν
1431 1831 1836 1902 ὕπεξαιρεῖσθαι

252 1909 363 1978 τῆς
395 1908 800 1984 περιληπτικῆς
831 1916 1175 1986 ἀποφάσεως.
1220 1921 1283 1974 El
1329 1915 1421 1976 οὗν
1453 1923 1713 1988 πάντωςὸ
1739 1927 1838 1995 τῆς

261 2000 575 2068 γεννήσεως
625 2002 824 2073 τρόπος
875 2007 940 2077 τῇ
990 2012 1190 2080 φυσικῇ
1228 2010 1322 2064 τοῦ
1368 2013 1662 2080 γεννῶντος
1710 2012 1838 2087 ἀξία

250 2093 614 2161 γνωρίζεται,
667 2097 856 2150 πολλαί
893 2095 952 2151 δὲ
994 2099 1104 2155 τῶν
1139 2099 1430 2157 τικτόντων
1461 2108 1516 2159 αἱ
1557 2107 1699 2160 κατά
1742 2106 1840 2172 τὰς

252 2180 424 2244 ἀξίας
477 2180 756 2255 διαφοραὶ,
811 2188 906 2242 καὶ
945 2192 1087 2246 κατά
1133 2193 1334 2257 πολλὰς
1390 2196 1632 2260 ἐπινοίας
1674 2215 1842 2251 κατα-

250 2270 638 2341 λαμϐάνονται
667 2279 960 2345 (γεννᾶται
995 2283 1102 2354 γάρ
1159 2281 1424 2348 Ἰουδαῖος.
1456 2287 1674 2358 Ἕλλην,
1710 2287 1841 2359 βάρ-

250 2362 471 2433 ϐαρος,
516 2365 764 2438 Σκύθης,
809 2370 1033 2438 δοῦλος,
1073 2374 1395 2446 ἐλεύθερος).
1430 2377 1483 2429 τί
1532 2377 1596 2431 ὲκ
1639 2377 1842 2432 τούτων

251 2456 773 2523 κατασκευάζεταω
799 2461 918 2515 Ὀτι
939 2463 1060 2515 ὅσαι
1091 2465 1197 2518 εἰσὶ
1219 2466 1327 2519 τῶν
1354 2468 1667 2536 γεννώντων
1701 2469 1843 2524 κατὰ

248 2546 359 2608 τὰς
386 2549 627 2614 φυσικὰς
654 2550 805 2615 ἀξίας
830 2552 1354 2625 διαψραὶβοσοῦτοι
1378 2560 1472 2612 καὶ
1504 2560 1696 2630 τρόποι
1721 2579 1844 2630 γεν-

251 2638 476 2706 νήσεως
509 2641 653 2692 κατά
683 2641 745 2693 τὸ
773 2644 915 2708 εἰκὸς
945 2643 1325 2719 εὑρεθήσονται
1345 2648 1449 2715 ’ὡς
1483 2652 1558 2722 μὴ
1586 2654 1724 2706 κατά
1753 2655 1844 2706 τὸν

252 2728 438 2780 αὐτὸν
487 2731 689 2800 τρόπον
737 2734 1070 2806 πληροῦσθαι
1117 2744 1249 2794 πᾶσι
1288 2743 1386 2813 τὴν
1427 2745 1675 2812 γένεσιν·
1711 2747 1846 2800 ἀλλά

251 2822 386 2882 ταῖς
419 2821 529 2874 τῶν
561 2823 869 2890 γεννώντων
917 2830 1093 2895 ἀξίαις
1119 2833 1217 2896 τὰς
1243 2834 1429 2902 φύσεις
1461 2838 1845 2906 συμμεταϐάλ-

253 2913 478 2976 λεσθαι,
512 2915 606 2966 καὶ
648 2915 756 2967 δεῖν
789 2918 1006 2990 ἑκάστῳ
1032 2921 1139 2974 τῶν
1185 2925 1548 2994 τικτομένων,
1580 2927 1721 2979 κατά
1748 2926 1846 2997 τὴν

255 3004 378 3054 τῶν
419 3005 750 3074 ἀξιωμάτων
791 3009 1070 3082 διαφορὰν,
1103 3013 1368 3076 ίδιάζοντά
1399 3033 1516 3068 τινα
1546 3019 1846 3088 γεννήσεως

1940 1824 2256 1891 traducant,
2310 1827 2553 1896 nihilque
2613 1834 2768 1882 extra
2821 1843 2982 1882 suum
3047 1828 3309 1882 ambitum
3351 1829 3519 1885 relin-

1939 1925 2135 1986 quant.
2162 1916 2218 1970 Si
2242 1916 2408 1987 igitur
2421 1918 2648 1972 omnino
2678 1919 2872 1973 modus
2888 1918 3260 1989 generationis
3281 1934 3346 1973 ex
3369 1929 3517 1974 natu-

1939 2004 2040 2058 rali
2077 2004 2390 2074 generantis
2430 2004 2692 2075 dignitate
2728 2007 3096 2074 c0gnoscitur,
3142 2009 3517 2078 generantium

1940 2111 2068 2150 vero
2090 2096 2327 2159 rariaa,et
2343 2094 2680 2151 diversarum
2706 2097 2988 2152 nationum
3012 2099 3315 2153 secundum
3339 2099 3518 2170 digni-

1942 2195 2106 2242 tatem
2137 2185 2456 2242 differentia:
2495 2189 2883 2258 reperiuntur:
2941 2199 3170 2260 generat
3212 2193 3360 2245 enim
3414 2189 3510 2246 Ju-

1943 2273 2362 2341 d'eus,Gra:cus,
2386 2277 2679 2345 Barbarus,
2701 2278 2925 2351 Scytha,
2943 2295 3158 2345 servus,
3189 2281 3352 2339 liber:
3389 2283 3518 2352 quid

1942 2383 2011 2423 ex
2045 2367 2130 2424 his
2167 2369 2664 2424 concluditur‘2An
2704 2379 2839 2441 quot
2865 2378 2997 2426 sunt
3027 2373 3404 2442 generantium
3433 2387 3518 2427 se-

1944 2458 2186 2513 cundum
2217 2461 2528 2515 naturalem
2554 2459 2874 2531 dignitatem
2934 2469 3168 2528 naturae,
3221 2471 3300 2516 tot
3357 2463 3520 2517 etiam

1946 2549 2090 2604 modi
2114 2550 2506 2620 generationis,
2532 2559 2593 2605 ut
2626 2551 2802 2618 decet,
2833 2553 3099 2608 exsistant
3123 2593 3142 2619 ,
3170 2553 3242 2606 ita
3267 2564 3325 2608 ut
3346 2553 3522 2608 haud-

1945 2655 2220 2711 quaquam
2270 2641 2458 2695 eodem
2499 2641 2660 2696 modo
2691 2643 2970 2712 generatio
3025 2643 3382 2713 perticiatur;
3424 2643 3521 2698 sed

1950 2740 2009 2786 ut
2050 2739 2259 2786 natura:
2286 2747 2392 2785 una
2425 2746 2551 2786 cum
2589 2733 2970 2803 generantium
3005 2734 3370 2804 dignitatibus
3407 2751 3525 2787 mu-

1946 2829 2151 2886 tentur,
2185 2820 2452 2890 adeoquc,
2487 2830 2546 2874 ut
2588 2821 2814 2875 cuilibet
2845 2836 3060 2885 eorum,
3110 2837 3231 2892 quae
3263 2837 3524 2892 generano

1946 2919 2057 2975 tur,
2099 2911 2400 2966 secundum
2453 2909 2784 2980 dignitatum
2841 2912 3206 2968 differentiam
3263 2913 3522 2983 proprius

1946 3002 2165 3072 quidam
2193 3001 2564 3072 generationis
2598 3001 2792 3056 modus
2817 3001 3184 3072 assignandus
3207 3003 3319 3058 sit?
3343 3003 3525 3057 Omni-

257 3096 478 3161 τρόπον
510 3100 964 3167 καινοτομεῖσθαι.
1002 3103 1140 3156 nam
1171 3104 1279 3174 γὰρ
1312 3111 1572 3175 συμφυεῖς
1596 3109 1741 3174 ἀξίαι
1774 3127 1846 3161 τις

1955 3094 2056 3147 bus
2081 3093 2225 3146 enim
2250 3106 2280 3144 a
2319 3103 2510 3146 natura
2540 3093 2719 3146 insitae
2761 3093 3058 3163 dignitates
3093 3102 3146 3149 et
3186 3094 3524 3148 excellentiae

259 3187 359 3248 νές
397 3188 508 3238 είσι
557 3188 771 3252 πάντως
807 3191 1268 3265 ὲπιθεωρούμεναι
1311 3202 1421 3260 τοῖς
1447 3191 1566 3252 καθ’
1603 3200 1849 3263 ἕκαστον,

255 3277 630 3348 διαςρέρουσαι
675 3281 728 3334 δὲ
757 3282 999 3354 ἀλλήλων
1051 3287 1187 3356 πρὸς
1233 3288 1293 3340 τὸ
1327 3292 1567 3358 κρεῖττον
1604 3290 1636 3360 ἦ
1687 3308 1853 3344 κατα-

259 3369 559 3440 δεέστερον
581 3388 596 3400 ο
613 3371 760 3431 ὅπως
785 3370 850 3426 ἂν
884 3373 1097 3443 ἑκάστῳ
1121 3377 1392 3447 συμπέσῃ,
1417 3379 1590 3445 γένος,
1617 3379 1852 3450 ἀξίωμα,

259 3459 569 3529 θρησκεία,
601 3464 798 3532 πατρὶς
819 3503 833 3524 ,
863 3463 1149 3518 δυναστεία
1168 3508 1185 3532 ,
1213 3467 1444 3533 δουλεία,
1476 3469 1722 3533 πλοῦτος,
1753 3489 1854 3523 πε-

258 3548 357 3599 νία
380 3589 398 3607 ,
431 3548 490 3600 τὸ
547 3551 907 3618 αὐτεξούσιον,
947 3552 1007 3606 τὸ
1052 3554 1378 3626 ὑποχείριον,
1413 3559 1590 3612 πάντα
1627 3558 1727 3613 ὅσα
1755 3561 1854 3624 τὰς

261 3639 429 3691 κατὰ
457 3641 549 3691 τὶν
585 3641 699 3710 βίον
722 3642 979 3712 διαφορὰς
1007 3646 1064 3697 ὲν
1092 3649 1210 3710 ταῖς
1251 3647 1428 3714 ἀξίαις
1450 3649 1758 3720 ἐργάζεται.
1792 3652 1853 3704 Ei

260 3728 369 3782 οὖν
404 3733 470 3798 τῇ
507 3735 708 3802 φυσικῇ
755 3733 847 3786 τοῦ
897 3737 1187 3802 γεννῶντος
1220 3737 1367 3810 ἀξία,
1413 3738 1590 3802 καθώς
1623 3759 1788 3811 φησιν
1825 3744 1854 3796 ό

266 3819 566 3887 εὐνόμιος,
591 3823 620 3872 ό
647 3821 744 3890 τῆς
769 3825 1071 3893 γεννήσεως
1097 3826 1364 3880 δείκνυται
1389 3828 1586 3899 τρόπος
1624 3831 1854 3901 (πολλαὶ

263 3909 329 3961 δὲ
356 3909 421 3959 αἱ
453 3911 594 3962 κατά
622 3910 718 3972 τὰς
748 3911 901 3977 ἀξίας
929 3912 1222 3984 διαφοραὶ).
1244 3916 1425 3968 πολλοὶ
1447 3917 1663 3982 πάντως
1689 3921 1780 3972 καὶ
1803 3921 1852 3971 oi

265 3998 381 4066 τῆς
425 4001 727 4068 γεννήσεως
763 4002 970 4072 τρόποι,
1007 4005 1145 4057 κατὰ
1184 4005 1273 4057 τὸν
1309 4008 1672 4079 δογματιστὴν
1701 4011 1854 4080 εὐρε-

267 4088 559 4155 θήσονται,
587 4089 684 4158 τῆς
718 4090 856 4142 κατά
878 4091 974 4154 τὰς
997 4092 1148 4156 ἀξίας
1176 4093 1440 4163 διαφορᾶς
1465 4095 1854 4166 νομοθετούσης

265 4181 344 4247 τῇ
373 4178 536 4246 φύσει
563 4180 651 4231 τὸν
672 4182 845 4235 τόκον.

351 4447 418 4498 FZ!
447 4445 503 4498 δὲ
538 4445 611 4517 μὴ
638 4445 843 4516 δέχοιτο
865 4448 1094 4516 φυσικὰς
1111 4445 1244 4504 εἶναι
1271 4451 1368 4514 τὰς
1397 4453 1649 4517 τοιαύτας
1672 4455 1848 4521 ἀξίας,

271 4538 353 4600 ὡς
398 4539 506 4603 ἔξω
545 4539 646 4607 τῆς
682 4539 893 4606 φύσεως
927 4541 1318 4611 θεωρουμένας,
1355 4545 1473 4596 οὐδὲ
1507 4547 1667 4616 ἡμεῖς
1708 4547 1854 4598 ἀντι-

275 4629 519 4697 λέγομεν
539 4645 552 4658 ·
585 4630 776 4700 ἐκείνῳ
805 4631 985 4699 μέντοι
1029 4635 1242 4696 πάντως
1277 4636 1616 4706 συνθήσεται,
1647 4638 1728 4690 ὃτι
1755 4657 1855 4706 cpu-

278 4723 410 4788 σικῇ
450 4737 559 4771 τινι
584 4720 798 4783 πάντως
824 4721 948 4793 ἀξίᾳ
974 4726 1068 4794 τῆς
1095 4725 1286 4793 ἀλόγου
1316 4726 1459 4797 ζωῆς
1482 4729 1512 4797 ή
1542 4728 1852 4800 ἀνθρωπίνη

277 4811 638 4881 κεχώρισται.
683 4811 820 4863 Ἀλλ’
865 4815 894 4866 ὸ
923 4814 1016 4866 τοῦ
1056 4815 1214 4868 τόκου
1250 4818 1449 4889 τρόπος
1511 4819 1764 4888 οὐδεμίαν
1796 4821 1855 4872 ὲν

273 4905 345 4972 τῇ
370 4902 516 4954 κατά
540 4904 640 4971 τὴν
661 4904 895 4974 φυσικήν
930 4906 1086 4969 ἀξίαν
1113 4907 1346 4978 διαφορᾷ
1377 4911 1474 4979 τὴν
1503 4910 1858 4981 παραλλαγὴν

277 4993 418 5059 εχει,
455 4993 826 5062 ὁμοιοτρόπως
853 4995 949 5064 τῆς
985 4996 1199 5062 φύσεως
1241 4999 1310 5051 τά
1350 5014 1405 5049 τε
1447 4998 1638 5065 λογικά
1669 4999 1762 5052 καὶ
1790 4999 1859 5051 τὰ

277 5080 452 5146 ἄλογα
484 5080 573 5132 διὰ
596 5080 695 5149 τῆς
725 5083 1025 5152 γεννήσεως
1055 5087 1134 5148 είς
1167 5087 1263 5156 τήν
1304 5086 1448 5158 ζωὴν
1487 5089 1854 5159 παραγούσης.

282 5171 344 5220 Εἰ
375 5171 430 5222 δὲ
467 5171 564 5222 ἐπὶ
600 5171 766 5239 μόνης
810 5175 1021 5245 ἐκείνης
1063 5177 1162 5245 τῆς
1207 5178 1391 5241 οὐσίας
1429 5180 1547 5249 τῆς,
1588 5179 1662 5242 ὼς
1699 5181 1860 5243 αὐτὸς

279 5262 575 5331 ὀνομάζει.
606 5265 962 5330 κυριωτάτης
986 5267 1742 5339 καὶάγωτάτης.τὸσυμφυὲς
1756 5269 1867 5334 ἀξί-

287 5373 419 5425 ωμα
456 5351 830 5421 καταλμεάνει
849 5395 863 5417 ,
891 5353 1086 5424 ἴδωμεν
1102 5355 1130 5406 ὅ
1152 5372 1203 5408 τι
1262 5358 1352 5409 καὶ
1367 5357 1501 5409 νοῶν
1516 5356 1670 5409 τοῦτο
1682 5357 1855 5424 λέγει.

295 5441 376 5500 “1:;
409 5442 515 5509 μὲν
539 5441 688 5506 γάρό
707 5442 970 5512 ἡμέτερος
1007 5442 1180 5513 λόγος,
1209 5447 1448 5518 συμφυές
1476 5448 1617 5501 ἐστιν
1642 5447 1857 5518 ἀξίωμα

363 5588 410 5618 ⁸⁵
457 5587 647 5639 Matth.
685 5603 760 5647 ιι,
788 5589 878 5642 9.7.

623 5707 880 5764 ΡΑτιιοι.
935 5706 1050 5763 Gn.
1086 5707 1137 5764 Χ
1152 5706 1271 5766 LV.

1954 3193 2102 3246 sunt,
2131 3198 2266 3252 quas
2293 3183 2347 3236 in
2403 3183 2637 3253 singulis
2672 3183 2919 3238 invenire
2969 3185 3118 3249 licet,
3145 3184 3524 3254 discrepantes

1954 3271 2204 3326 nonnihil
2228 3287 2256 3324 a
2287 3287 2346 3326 se
2383 3280 2595 3338 mutuo,
2629 3272 2935 3328 secundum
2967 3273 3146 3342 majus
3193 3283 3247 3328 et
3297 3275 3520 3330 minus:

1955 3363 2025 3416 ita
2061 3370 2119 3416 ut
2149 3362 2427 3432 quodlibet
2456 3377 2670 3429 eorum,
2701 3378 2824 3432 qua:
2853 3372 3206 3434 generantur,
3234 3379 3336 3434 pro
3354 3363 3531 3435 digni-

1954 3462 2125 3506 tatum
2154 3453 2529 3522 proportione,
2555 3455 2892 3508 comitentur
2923 3453 3220 3524 peculiaria
3250 3457 3522 3524 quaedam,

1955 3556 2011 3596 ut
2032 3559 2226 3614 genus,
2248 3543 2508 3614 dignitas,
2541 3544 2754 3615 religio,
2785 3545 2984 3614 patria,
3028 3546 3296 3615 potentia,
3355 3547 3524 3601 servi-

1953 3643 2065 3700 tus,
2097 3635 2320 3699 divitiw,
2355 3643 2669 3706 paupertas,
2698 3636 2920 3691 libertas
2954 3637 3188 3696 arbitrii.
3223 3637 3520 3705 subjectio,

1952 3733 2008 3779 ct
2035 3724 2219 3778 omnia
2251 3725 2378 3790 alia,
2401 3740 2522 3794 qua)
2545 3725 2597 3778 in
2623 3724 2726 3778 hac
2756 3724 2866 3780 vita
2897 3723 3260 3778 diﬂ'erentiam
3285 3726 3520 3794 aliquam

1953 3815 2316 3870 constituunt.
2357 3813 2413 3867 Si
2449 3815 2614 3884 igitur
2639 3815 2877 3869 naturali
2908 3815 3224 3886 generantis
3265 3814 3524 3884 dignitate

1954 3907 2150 3960 modus
2187 3905 2564 3976 generationis
2594 3904 2924 3970 ostenditur,
2962 3914 3022 3960 ut
3049 3905 3180 3959 dicit
3203 3903 3522 3964 Eunomius.

1952 3998 2118 4051 varia:
2147 4005 2327 4051 autem
2355 4004 2484 4051 sunt
2507 3996 2808 4052 secundum
2835 3996 3152 4066 dignitatem
3179 3993 3522 4054 diﬂ‘erentize,

1955 4091 2114 4159 plane
2144 4089 2394 4159 Sequitur
2417 4091 2584 4142 etiam
2609 4087 2795 4142 varios
2826 4101 2972 4147 esse,
3001 4101 3067 4140 ex
3113 4085 3391 4140 novatoris
3424 4087 3519 4137 lm-

1950 4181 2352 4250 jussententia,
2403 4178 2773 4248 generationis
2832 4177 3048 4242 modos,
3087 4185 3142 4231 et
3203 4179 3307 4231 alia
3369 4177 3525 4230 aliter

1955 4271 2104 4326 nasci
2131 4287 2148 4334 ;
2182 4285 2306 4324 cum
2339 4283 2461 4337 qua:
2493 4267 2797 4321 secundum
2823 4266 3120 4337 dignitates
3149 4277 3235 4322 cst
3268 4267 3521 4322 diﬂ'eren-

1955 4363 2048 4426 tia,
2081 4369 2332 4415 naturam
2374 4359 2428 4412 in
2451 4365 2608 4428 partu
2637 4357 2792 4426 quasi
2831 4357 3042 4426 legibus
3076 4358 3516 4414 circumscribat.

2028 4450 2182 4518 Quod
2217 4451 2262 4506 si
2293 4449 2417 4518 quis
2453 4463 2560 4502 non
2592 4448 2860 4512 admittat,
2891 4447 3200 4517 hujusmodi
3231 4448 3526 4520 dignitates

1957 4562 2080 4602 esse
2111 4544 2410 4607 naturales,
2470 4557 2597 4596 cum
2659 4550 2810 4595 extra
2875 4549 3084 4594 natura:
3119 4541 3266 4611 leges
3316 4542 3522 4595 versari

1960 4638 2266 4699 vidcantur,
2298 4649 2424 4688 cum
2458 4633 2562 4687 hoc
2589 4648 2695 4686 non
2715 4631 3151 4702 digladiahimur.
3174 4631 3308 4685 Illud
3345 4641 3523 4686 tamen

1960 4725 2182 4780 omnino
2213 4722 2619 4777 concedendqu
2653 4722 2777 4784 erit,
2811 4722 3040 4774 naturali
3072 4721 3304 4789 quadam
3352 4721 3523 4791 digiti-

1962 4827 2072 4874 tate
2103 4827 2156 4874 et
2183 4815 2545 4887 praecellentia
2592 4815 2883 4869 humanam
2918 4815 3084 4868 vitam
3130 4815 3200 4869 ab
3244 4816 3358 4877 illa,
3408 4830 3526 4884 qna‘

1957 4908 2170 4962 ratione
2197 4916 2367 4973 caret,
2389 4905 2821 4960 discriminatam
2847 4918 3004 4969 esse;
3034 4911 3089 4958 at
3115 4915 3304 4975 partus
3335 4904 3526 4959 modus

1959 5002 2160 5054 nullam
2188 4999 2405 5070 penitus
2434 4999 2488 5051 in
2541 4996 2846 5050 differentia
2890 4998 3190 5053 secundum
3226 4996 3525 5050 naturalem

1957 5090 2300 5159 dignitatem,
2330 5087 2682 5140 variationem
2715 5086 2896 5148 habet,
2937 5088 3063 5157 quia
3097 5095 3288 5141 natura
3332 5083 3525 5140 eodem

1960 5177 2122 5233 modo
2160 5186 2270 5231 tam
2308 5177 2534 5230 rationis
2563 5178 2804 5245 capacia.
2835 5192 2996 5246 qnam
3036 5176 3265 5229 rationis
3282 5175 3524 5243 expertia

1961 5267 2481 5338 per'generationem
2501 5265 2898 5319 inhanclucem
2929 5265 3060 5320 edit.
3095 5262 3150 5318 Si
3181 5279 3309 5316 vero
3331 5265 3383 5316 in
3410 5264 3527 5318 sola

1961 5359 2053 5411 illa
2094 5363 2312 5416 natura,
2342 5367 2504 5421 quam
2539 5353 2655 5420 ipse
2690 5353 3109 5420 propriissimam
3139 5362 3187 5406 et
3223 5367 3525 5422 supremam

1965 5447 2230 5509 nominat,
2256 5443 2476 5497 insitam
2521 5441 2836 5512 dignitatem
2897 5443 3206 5506 constituit,
3249 5444 3525 5497 videanns

2217 5634 2260 5705 ίῗ

3129 5693 3203 5753 18
