4032 6208
552 326 668 381 ⁸593

1785 323 1848 378 8.
1890 321 2216 379 GREGORII
2273 323 2565 380 NYSSENI

3695 291 3799 381 396

557 437 694 504 quid
720 435 936 496 tandem
976 434 1101 490 talia
1139 433 1348 498 dicens,
1403 448 1433 488 a
1468 433 1628 490 nobis
1670 434 1898 506 intelligi
1949 435 2114 491 velit:

2221 435 2295 505 τῷ
2325 434 2461 506 Θεῷ,
2487 436 2624 506 αὑτὴ
2651 437 2683 507 ἡ
2709 435 2896 508 θεότης
2917 477 2932 504 ,
2959 438 2992 507 ἡ
3023 435 3203 502 σοφία,
3236 436 3272 509 η
3303 433 3550 506 δύναμις,
3577 434 3640 488 τὸ
3665 437 3797 506 ἀγα-

559 545 712 596 nam,
746 535 803 582 ut
833 541 935 582 nos
967 525 1187 596 quidem
1218 525 1568 590 arbitramur,
1595 524 1702 581 Deo
1724 533 1954 596 cognata
1974 533 2123 590 sunt,

561 623 677 690 ipsa
745 617 1023 682 divinitas,
1081 616 1369 686 sapientia,
1414 615 1675 686 potentia,
1708 615 1946 680 bonitas,
1979 615 2126 686 judi-

557 712 725 773 cium,
749 710 979 779 iustitia,
1012 707 1294 772 fortitudo,
1320 707 1724 779 longanimitas,
1749 708 1972 771 veritas,
2003 721 2124 762 esse

558 807 883 866 creatorem,
910 799 1307 854 dominatorem
1330 839 1345 865 ,
1392 798 1741 861 invisibilem,
1800 797 2120 853 intermina-

553 901 697 955 tum,
731 899 785 947 et
819 893 866 947 si
889 888 1018 962 quid
1048 889 1195 945 aliud
1233 889 1397 960 hujus
1429 890 1644 961 generis
1677 891 1744 945 ad
1777 890 2004 962 gloriam
2029 889 2122 946 Dei

557 980 1018 1050 ampliﬁcandam,
1050 979 1317 1036 divinitus
1349 980 1616 1050 inspirata
1669 979 1954 1050 Scriptura
2002 993 2125 1050 pro-

559 1072 716 1138 didit,
751 1086 872 1142 quaa
900 1071 1277 1126 omnia‘etiam
1313 1071 1596 1142 unigenito
1623 1069 1762 1125 Filio
1805 1070 2025 1142 proprie
2071 1081 2124 1125 et

561 1178 592 1215 ει
629 1171 822 1217 natura
850 1162 1031 1217 inesse
1061 1163 1381 1228 assnrimus,
1418 1163 1710 1232 Suluntqtte
1743 1161 1799 1216 in
1845 1175 1910 1216 eo
1976 1161 2120 1232 quod

553 1260 643 1308 est
679 1251 933 1322 principii
968 1259 1242 1322 expertem
1296 1267 1442 1319 esse,
1481 1252 1840 1308 diderentiam
1898 1253 2124 1307 conﬁteo

558 1358 682 1397 mur
708 1360 724 1410 ;
760 1358 937 1412 neque
969 1349 1151 1397 tamen
1174 1342 1429 1414 principii
1454 1352 1734 1414 expertem
1758 1359 1880 1400 esse
1906 1345 2120 1414 penitus

556 1449 585 1486 a
616 1432 753 1486 Filio
785 1433 1103 1490 abdicamus
1161 1436 1178 1500 (
1204 1449 1363 1487 nemo
1393 1435 1696 1490 orationem
1749 1442 1994 1489 nostram
2029 1448 2122 1488 ca~

557 1524 824 1578 lumniose
855 1525 1093 1589 vellicet,
1126 1526 1282 1595 quasi
1313 1524 1689 1581 demonstrare
1719 1525 1950 1580 velimus
1971 1540 2117 1588 eum,

551 1619 648 1686 qui
691 1631 814 1672 vere
846 1615 1022 1674 Filius
1053 1626 1158 1682 est,
1195 1633 1316 1674 esse
1342 1619 1676 1690 ingenitum;
1703 1633 1811 1673 non
1847 1619 1988 1674 enim
2015 1619 2118 1673 mi—

557 1723 660 1762 nus
708 1708 1004 1778 impietatis
1057 1709 1382 1763 damnamus
1423 1710 1531 1763 tale
1561 1707 1692 1779 quid
1741 1708 2022 1777 docentes,
2057 1723 2119 1762 ac

556 1799 698 1863 illos,
745 1800 839 1868 qui
901 1800 1322 1870 inaequalitatem
1377 1801 1808 1868 introducunt);
1863 1801 1958 1856 sed
1997 1817 2119 1857 cum

553 1890 878 1944 vocabulum
913 1891 1159 1959 principii
1194 1892 1361 1945 variis
1402 1891 1727 1961 signiﬁcatis
1785 1900 2022 1957 constet,
2071 1900 2125 1948 et

553 1983 797 2036 animum
831 1983 900 2036 ad
943 1983 1100 2053 plura
1133 1982 1336 2047 ducat,
1367 1981 1605 2038 dicimus
1645 1997 1770 2038 esse
1807 1983 1971 2038 etiam
2021 1983 2123 2038 ali—

553 2072 709 2144 quid,
740 2072 1041 2128 secundum
1093 2073 1240 2143 quod
1305 2073 1576 2144 principio
1611 2087 1799 2128 carere
1853 2085 2126 2144 competat

553 2164 739 2220 itidem
768 2163 926 2218 Filio.
975 2163 1206 2230 Quando
1250 2163 1395 2218 enim
1437 2164 1540 2218 hac
1565 2179 1698 2219 voce
1750 2165 2124 2237 signiﬁcamus

551 2253 607 2309 id
644 2255 789 2324 quod
819 2269 883 2310 ex
915 2253 1068 2308 nullo
1095 2253 1311 2324 penitus
1345 2254 1617 2325 principio
1641 2271 1794 2310 suam
1821 2256 2122 2312 subsisten-

548 2343 685 2397 tiam
722 2343 906 2408 habet,
938 2350 1051 2397 tum
1089 2343 1341 2414 principii
1367 2351 1641 2414 expertem
1674 2359 1817 2410 esse,
1861 2354 2120 2417 tanquam

552 2433 726 2488 solius
764 2433 944 2490 Patris
979 2434 1203 2506 ingeniti
1234 2434 1514 2505 proprium
1546 2437 1895 2491 confitemur.
1927 2437 2116 2502 Quan-

552 2524 623 2579 do
657 2540 786 2580 vero
822 2525 889 2579 de
929 2526 1155 2597 reliquis
1195 2526 1449 2598 principii
1499 2527 1825 2598 signiﬁcatis
1859 2513 2118 2599 disquisi-

551 2601 628 2672 tio
653 2618 981 2682 instituitur,
1016 2633 1140 2672 cum
1167 2627 1220 2674 et
1256 2626 1524 2673 creaturae
1549 2619 1622 2674 sit
1660 2620 2015 2691 principium,
2067 2631 2121 2676 et

549 2710 835 2781 temporis,
865 2719 921 2766 et
948 2710 1178 2777 ordinis,
1207 2711 1370 2766 etiam
1403 2712 1456 2766 in
1497 2711 1584 2768 his
1628 2713 1973 2784 unigenitum
2023 2713 2118 2768 Fi-

550 2801 681 2856 lium
716 2801 864 2856 onmi
901 2801 1172 2872 principio
1204 2801 1540 2871 superiorem
1565 2818 1687 2858 esse
1716 2803 2016 2860 docemus:
2045 2805 2119 2858 ita

550 2902 611 2948 ut
645 2909 790 2958 eum,
832 2907 931 2962 per
965 2907 1126 2961 quem
1157 2891 1303 2946 facta
1335 2902 1464 2948 sunt
1509 2893 1715 2956 omnia,
1762 2909 1925 2962 supra
1959 2910 2120 2950 omne

550 2991 816 3037 creaturae
845 2979 1198 3050 principium,
1249 2985 1304 3032 et
1347 2977 1610 3048 temporis
1646 2979 1938 3044 rationein,
1977 2981 2120 3034 ordi-

2227 525 2315 579 θδν
2358 523 2527 590 εἶναι,
2566 525 2790 597 κριτὴν,
2825 526 3064 590 δίκαιον,
3103 525 3353 596 ίσχυρδν,
3409 524 3799 596 μακρόθυμον,

2225 615 2492 684 ἀληθινὸν,
2529 615 2771 684 κτίστην,
2815 613 3184 683 ὲξουσιαστὴν,
3219 612 3472 682 ἀόρατον,
3511 612 3802 685 ἀτελεύτη-

2224 723 2335 769 τον,
2365 705 2456 758 καὶ
2488 705 2540 757 εἴ
2563 723 2616 758 τι
2645 705 2770 759 ἀλλο
2803 705 2910 758 τῶν
2936 707 3013 768 είς
3041 704 3344 773 δοξολογίαν
3371 702 3522 774 παρά
3547 703 3647 773 τῆς
3683 703 3804 757 Oeo-

2225 794 2487 848 πνεύστου
2519 796 2736 866 Γραφῆς
2764 794 3066 866 εἰρημένων
3093 795 3270 848 ἐστίν’
3303 793 3445 864 ἅπερ
3479 793 3657 846 πάντα
3703 796 3803 848 καὶ

2222 888 2299 959 τῷ
2326 893 2600 959 μονογενεῖ
2625 889 2738 959 Υίῷ
2763 891 2964 961 κυρίως
2992 891 3084 943 καὶ
3126 890 3388 959 συμφυῶς
3409 890 3796 961 ὲνθεωρεῖσθαί

2224 997 2432 1049 φαμεν·
2467 981 2523 1033 ὲν
2559 981 2695 1052 μόνῃ
2731 982 2794 1052 τῇ
2823 981 2964 1033 κατὰ
2990 981 3048 1034 τὸ
3088 981 3319 1052 ἄναρχον
3357 981 3534 1052 ἐννοίᾳ.
3559 983 3656 1053 τὴν
3682 982 3798 1035 δια-

2224 1071 2394 1141 φορὰν
2424 1072 2796 1142 ἐπιστάμενοι,
2833 1072 2925 1124 καὶ
2962 1070 3164 1141 ταύτην
3187 1072 3247 1125 ού
3278 1071 3418 1125 κατά
3449 1074 3628 1125 πᾶσαν
3660 1073 3796 1126 ὑπό-

2223 1180 2370 1216 νοιαν
2415 1162 2506 1216 τοῦ
2536 1162 2874 1230 Μονογενοῦς
2904 1162 3280 1234 ἀποτέμνομεν
3315 1181 3328 1194 ·
3364 1164 3550 1235 μηδεὶς
3580 1165 3636 1218 δὲ
3678 1165 3794 1218 δια-

2223 1254 2581 1324 σπαρασσέτω
2615 1252 2703 1306 διὰ
2754 1255 3116 1321 συκοφαντίας
3147 1255 3236 1308 τὸν
3255 1255 3440 1324 λόγον,
3465 1257 3539 1319 ὼς
3566 1256 3793 1328 ἀγέννη-

2220 1359 2312 1396 τον
2349 1342 2503 1413 ήμῶν
2527 1341 2788 1396 δεικνύειν
2817 1343 3233 1416 ἐπιχειρούντων
3261 1344 3352 1399 τὸν
3391 1345 3605 1416 ἀληθῶς
3633 1347 3758 1400 Υίόν
3777 1364 3790 1376 ο

2220 1431 2369 1484 οὐδὲν
2404 1432 2512 1504 γὰρ
2541 1433 2760 1486 ἔλαττον
2788 1433 3003 1486 ἀσεϐεῖν
3044 1435 3169 1498 τοὺς
3198 1436 3264 1488 τὰ
3290 1436 3510 1490 τοιαῦτα
3541 1437 3793 1506 λέγοντας

2219 1523 2327 1575 τῶν
2363 1525 2422 1577 τὸ
2471 1525 2717 1594 ἀνόμοιον
2754 1525 3184 1595 δογματιζόντων
3232 1527 3595 1598 διοριζόμεθα.
3648 1529 3786 1581 Ἀλλ’

2221 1615 2404 1686 ἐπειδὴ
2435 1615 2743 1687 πολύσημος
2772 1618 2800 1670 ὁ
2827 1617 2926 1686 τῆς
2967 1615 3156 1686 ἀρχῆς
3182 1617 3354 1688 λόγος,
3395 1620 3490 1672 καὶ
3514 1622 3591 1684 είς
3624 1621 3793 1675 πολλά

2223 1710 2341 1770 ταῖς
2370 1707 2643 1769 ὑπονοίαις
2673 1707 2967 1780 φερόμενος
2986 1724 2999 1739 ο
3028 1707 3172 1761 ἐστιν
3201 1709 3256 1762 ἐν
3291 1704 3370 1772 οἷς
3395 1727 3572 1780 φαμεν
3602 1711 3694 1763 καὶ
3717 1711 3801 1781 τῷ

2156 1766 2198 1824 Β
2234 1766 2512 1868 μονογενεί
2564 1766 2696 1870 Υίῷ.
2853 1766 3218 1869 ἀπεμφαίνειν
3407 1766 3512 1853 ’τοῦ
3560 1766 3800 1870 ἀνάρχοὺ

2224 1888 2614 1959 προσηγορίαν.
2648 1889 2816 1943 Ὅταν
2864 1891 2961 1960 μὲν
2992 1889 3100 1962 γὰρ
3137 1889 3196 1943 τὸ
3237 1890 3312 1961 μὴ
3359 1888 3418 1954 ἐξ
3447 1891 3617 1943 αίτίου
3655 1891 3800 1955 τινὸς

2221 1980 2322 2051 τὴν
2351 1981 2644 2034 ὑπόστασιν
2673 1982 2814 2051 ἔχειν
2841 1983 2904 2035 ἐκ
2933 1981 3032 2052 τῆς
3060 1981 3241 2052 φωνῆς
3278 1980 3370 2033 τοῦ
3399 1981 3636 2052 ἀνάρχου
3670 1982 3801 2052 νοῆο

2220 2089 2330 2137 ται,
2363 2072 2518 2125 τοῦτο
2549 2073 2709 2143 μόνον
2728 2073 2820 2126 τοῦ
2860 2072 3071 2143 Πατρὸς
3096 2073 3226 2126 ίδιον
3250 2071 3618 2144 ὁμολογοῦμεν
3639 2088 3651 2102 °
3671 2075 3798 2128 ὅταν

2223 2163 2280 2216 δὲ
2312 2163 2451 2218 κατά
2495 2164 2561 2217 τὰ
2592 2163 2751 2216 λοιπά
2781 2163 2888 2218 τῶν
2916 2164 3010 2216 ἐπὶ
3055 2163 3153 2234 τῆς
3185 2163 3358 2234 ἀρχῆς
3385 2165 3798 2234 σημαινομένων

2222 2253 2528 2324 ἡὲξέτασις
2570 2252 2639 2328 ᾗ,
2675 2254 2862 2326 ἐπειδὴ
2907 2257 3000 2308 καὶ
3055 2254 3283 2316 κτίσεὼς
3316 2271 3459 2318 τινος
3505 2256 3799 2308 ἐπινοεῖται

2221 2345 2384 2416 ἀρχὴ,
2412 2347 2504 2398 καὶ
2553 2347 2744 2415 χρόνου
2768 2387 2784 2413 ,
2827 2346 2921 2400 καὶ
2963 2345 3190 2413 τάξεως,
3226 2348 3326 2401 κάν
3348 2345 3562 2410 τούτοις
3597 2348 3691 2400 καὶ
3720 2347 3797 2416 τῷ

2221 2438 2515 2506 Μονογενεῖ
2555 2438 3084 2511 προσμα-ρτυροῦμεν
3135 2440 3195 2492 τὺ
3249 2439 3579 2509 ὑψηλότερον
3626 2441 3799 2511 ἀρχῆς

2221 2523 2380 2593 εἶναι,
2407 2528 2482 2592 ὡς
2508 2529 2647 2600 ὑπὲρ
2673 2531 2852 2583 πᾶσαν
2875 2530 3103 2593 κτίσεως
3130 2531 3324 2601 ἀρχὴν,
3364 2533 3458 2584 καὶ
3494 2531 3684 2601 χρόνου
3713 2534 3798 2584 ἑνι-

2220 2638 2408 2683 νοιαν,
2458 2623 2550 2673 καὶ
2604 2620 2806 2686 τάξεως
2854 2620 3173 2674 ἀκολουθίαν
3225 2615 3362 2674 εἶναι
3414 2621 3688 2674 πιστεύειν
3736 2623 3800 2674 το

2219 2709 2286 2762 δι’
2319 2703 2381 2762 οὗ
2405 2711 2472 2764 τὰ
2500 2710 2675 2764 πάντα
2708 2710 2922 2781 ἐγένετο
2941 2725 2955 2738 ⁶
2986 2709 3125 2764 ὥστε
3157 2709 3247 2764 τὸν
3274 2710 3352 2781 τῷ
3374 2710 3516 2780 λόγῳ
3539 2713 3638 2780 τῆς
3664 2713 3794 2765 ὑπο-

2224 2802 2466 2865 στάσεως
2523 2802 2598 2872 μὴ
2635 2802 2888 2873 ἄναρχον,
2921 2803 2977 2854 ὲν
3009 2803 3124 2864 τοῖς
3178 2801 3356 2866 ἄλλοις
3405 2803 3567 2856 πᾶσιν
3602 2804 3795 2873 ὁμολο-

2220 2894 2482 2964 γούμενον
2536 2894 2679 2964 ἔχειν
2723 2894 2782 2946 τὸ
2833 2894 3098 2964 ἄναρχον·
3133 2895 3226 2947 καὶ
3271 2893 3361 2946 τὸν
3413 2894 3510 2964 μὲν
3545 2894 3786 2966 Πατέρα,

2221 2987 2315 3040 καὶ
2357 2988 2609 3056 ἄναρχον,
2647 2987 2738 3039 καὶ
2785 2985 3075 3056 ἀγέννητον
3105 3001 3121 3017 ο
3154 2984 3241 3038 τὸν
3287 2984 3345 3038 δὲ
3392 2984 3516 3038 Υίδν
3562 2986 3796 3055 ἄναρχον

550 3071 747 3140 nisque
769 3069 1211 3125 consecutionem
1234 3075 1287 3122 et
1300 3067 1497 3123 seriem
1523 3077 1769 3122 evectum
1796 3071 2110 3138 credamus;

2223 3077 2320 3149 μὲν
2362 3076 2502 3131 κατά
2536 3078 2624 3131 τὸν
2667 3077 2957 3148 εἰρημένον
2997 3075 3194 3147 τρόπον
3225 3117 3240 3142 ,
3269 3076 3328 3130 οὑ
3359 3077 3462 3148 μὴν
3517 3077 3610 3129 καὶ
3639 3077 3797 3144 ἀγέν-

548 3164 737 3230 itaque
767 3175 928 3231 quem
959 3160 1012 3214 in
1038 3158 1318 3230 hypostasi
1362 3158 1614 3230 principii
1675 3168 1951 3228 expertem
1999 3176 2122 3220 esse

2227 3185 2408 3238 νητον.

551 3268 834 3322 negamus,
865 3268 990 3307 eum
1019 3252 1072 3306 in
1103 3253 1224 3306 aliis
1268 3251 1520 3307 omnibus
1550 3252 1802 3324 principii
1837 3266 2115 3326 expertem
2155 3263 2486 3329 statuimus;
2552 3268 2607 3316 et
2670 3259 2888 3315 Patrem
2923 3260 3146 3331 quidem
3207 3247 3462 3330 principii
3520 3260 3797 3328 expertem

548 3353 604 3398 et
633 3344 1029 3407 innascibilem,
1069 3342 1264 3396 Filium
1302 3351 1485 3398 autem
1539 3345 1606 3400 ad
1677 3346 1996 3416 praadictum
2048 3352 2270 3408 modum
2334 3354 2592 3425 principii
2638 3362 2939 3424 expertem,
2983 3367 3094 3406 non
3163 3361 3344 3406 tamen
3405 3349 3786 3404 innascinilem

549 3450 671 3492 esse
703 3436 982 3491 docemus.

622 3530 676 3584 In
711 3543 870 3598 quam
900 3527 1062 3597 igitur
1102 3535 1390 3594 cognatam
1425 3525 1603 3582 Palris
1653 3528 1969 3600 dignitatem
2030 3533 2116 3587 in-

551 3631 730 3682 tuens,
762 3634 858 3688 per
899 3618 1045 3672 illam
1078 3617 1442 3688 generationis
1479 3618 1699 3672 modum
1751 3621 2006 3692 colligit?
2060 3623 2117 3678 lu

553 3711 1059 3772 innascibilitatem,
1100 3708 1493 3778 respondebit,
1546 3710 1760 3780 Opinor.
1834 3710 2006 3782 Igitur
2071 3714 2118 3768 si

551 3804 734 3859 omnia
765 3803 871 3856 alia
893 3801 1135 3865 nomina,
1177 3816 1298 3870 qua:
1333 3801 1399 3855 ad
1433 3801 1662 3872 gloriam
1711 3803 1806 3858 Dei
1834 3805 2119 3860 celebran-

551 3895 675 3951 dam
707 3895 1036 3964 accepimus,
1066 3893 1249 3948 inania
1277 3901 1330 3948 et
1359 3894 1665 3964 signiﬁcatu
1697 3895 1960 3952 destituta
1992 3916 2120 3955 cen-

552 4003 665 4054 ses,
708 3986 986 4057 superﬂua
1029 3986 1136 4042 erit
1183 3987 1374 4040 talium
1407 4001 1601 4042 vocum
1645 3991 2008 4056 enumeratio,
2061 3991 2117 4045 in

544 4077 672 4136 «solo
700 4086 755 4134 et
779 4077 924 4133 nudo
946 4078 1196 4148 catalogo
1223 4078 1400 4147 posita
1432 4096 1448 4131 :
1475 4076 1750 4148 siquidem
1777 4080 1926 4134 nulla
1967 4090 2120 4136 caete-

549 4185 738 4226 rarum
789 4171 1213 4242 appellationum
1277 4172 1582 4226 naturalem
1622 4171 1765 4240 ejus,
1799 4173 1894 4242 qui
1951 4187 2119 4243 supra

550 4264 736 4318 omnia
788 4270 894 4329 est,
942 4261 1267 4334 dignitatem
1309 4265 1479 4319 menti
1519 4263 1729 4334 objicit.
1781 4265 1850 4318 At
1905 4279 2032 4320 vero
2071 4265 2120 4321 si

538 4350 790 4422 singulis
815 4351 1102 4407 vocabulis
1127 4368 1250 4422 quas
1278 4356 1847 4422 recensuimus,notio
1877 4358 2116 4428 propria,

2294 3532 2387 3595 Εἰς
2417 3534 2564 3584 ποῖον
2591 3527 2682 3585 οὖν
2709 3530 2949 3602 συμφυὲς
2968 3529 3182 3600 ἀξίωμα
3208 3529 3301 3582 τοῦ
3333 3529 3540 3599 Πατρδς
3561 3529 3796 3598 βλέπων.

2219 3625 2287 3678 δι’
2318 3626 2521 3679 ἐκείνου
2548 3624 2637 3677 τὸν
2663 3625 2760 3695 τῆς
2797 3624 3101 3694 γεννήσεως
3137 3625 3337 3694 τρόπον
3381 3624 3796 3692 ἀναλογίζεταις

2226 3717 2319 3778 Et;
2363 3715 2459 3786 τὴν
2517 3715 2867 3784 ἀγεννησίαν,
2900 3714 3117 3778 πάντως
3155 3715 3290 3784 ἐρεῖ.
3348 3713 3550 3767 Οὐκοῦν
3597 3717 3645 3768 εί
3696 3718 3799 3786 μὲν

2225 3804 2401 3856 πάντα
2427 3803 2494 3856 τά
2529 3803 2784 3871 ὀνόματα,
2813 3803 2911 3856 ὅσα
2945 3803 3023 3865 είς
3053 3801 3352 3870 δοξολογίαν
3389 3802 3482 3856 τοῦ
3514 3804 3646 3857 Θεοῦ
3688 3806 3800 3858 τῶν

2223 3894 2359 3947 ὅλων
2415 3894 2725 3964 ἐμάθομεν,
2769 3895 2915 3967 ἀργά
2957 3911 3037 3948 σοι
3081 3895 3172 3948 καὶ
3215 3896 3501 3966 ἀσήμαντα
3545 3895 3796 3968 λέγομεν,

2225 3986 2449 4056 περιττή
2490 3985 2574 4049 τίς
2623 3987 2739 4038 ἐστι
2779 3986 2872 4038 καὶ
2923 3984 3268 4056 παρέλκουσα
3317 3988 3350 4056 ἡ
3385 3986 3492 4040 τῶν
3541 3987 3799 4042 τοιούτων

2219 4077 2411 4144 φωνῶν
2441 4077 2817 4149 ἀπαρίθμησις
2839 4079 2896 4130 ἐν
2923 4076 3063 4147 ψιλῷ
3090 4076 3168 4146 τῷ
3199 4078 3482 4148 καταλόγῳ
3522 4096 3798 4150 προφερο-

2223 4169 2380 4240 μένη,
2412 4170 2567 4240 είπερ
2614 4169 2839 4238 οὐδεμία
2889 4167 2998 4220 τῶν
3040 4167 3240 4222 λοιπῶν
3288 4169 3670 4241 προσηγοριῶν
3698 4169 3799 4241 τὴν

2216 4259 2451 4329 φυσικὴν
2481 4257 2633 4325 ἀξίαν
2689 4257 2782 4312 τοῦ
2837 4258 2930 4310 ἐπὶ
2979 4259 3195 4312 πάντων
3244 4261 3607 4330 παρίστησιν·
3640 4261 3690 4313 εί
3727 4261 3798 4314 δὲ

2219 4350 2450 4404 ἑκάστου
2492 4347 2600 4402 τῶν
2646 4347 2952 4418 λεγομένων
3004 4347 3278 4415 ἰδιάζουσά
3323 4366 3409 4412 τις
3457 4349 3663 4414 ἔννοια,
3696 4351 3799 4403 καθ.

538 4448 607 4496 σοι
631 4440 1026 4496 existimationi
1065 4439 1265 4496 divina
1299 4452 1672 4500 consentanea
1703 4446 2113 4501 substernitur:

2221 4441 2502 4510 πρέπουσα
2531 4444 2598 4513 τῇ
2629 4439 2758 4510 περὶ
2791 4437 2926 4491 Θεοῦ
2962 4437 3226 4508 ὑπολήψει
3277 4443 3820 4516 γνωρίζεταιλοδηλον-

538 4531 830 4588 οοηίιηνετο
857 4542 970 4588 tum
1017 4533 1184 4588 etiam
1239 4545 1502 4604 cognatas
1543 4535 1634 4592 Dei
1684 4536 1980 4606 dignitates
2019 4552 2121 4592 εο-

2223 4533 2305 4588 ότι
2343 4531 2482 4586 κατὰ
2518 4530 2610 4582 τὸν
2677 4527 2909 4600 ἀριθμὸν
2963 4528 3070 4581 τῶν
3107 4528 3381 4598 ὀνομάτων
3431 4527 3525 4580 καὶ
3557 4528 3612 4579 αί
3654 4543 3796 4596 συμ-

544 4621 796 4678 cundum
854 4623 1365 4693 multiplicatiouem
1425 4623 1709 4679 nominum
1766 4625 2120 4695 multiplicari

2222 4620 2376 4688 φυεῖς
2409 4617 2554 4684 ἀξίαι
2603 4617 2696 4672 τοῦ
2726 4618 2861 4671 Θεοῦ
2888 4617 3218 4689 θεωροῦνται
3238 4635 3250 4648 °
3291 4618 3386 4671 καὶ
3416 4617 3503 4671 διὰ
3530 4617 3735 4670 τούτων
3762 4620 3798 4688 ἡ

553 4718 787 4784 oportet,
819 4727 914 4784 per
937 4728 1076 4784 quas
1106 4713 1407 4769 similitudo
1467 4720 1677 4768 natura:
1733 4720 1884 4770 recte
1915 4714 2121 4784 colligit

2221 4708 2329 4762 τῶν
2395 4709 2592 4763 οὑσιῶν
2649 4708 2900 4779 ὁμοιότης
2953 4708 3474 4772 κατασκευάζεται·
3516 4707 3672 4776 εἴπερ
3725 4707 3796 4758 τὰ

479 4789 483 4793 ’
554 4813 687 4862 tur:
723 4803 770 4862 si
797 4812 1041 4876 cognata:
1071 4804 1398 4861 substantiis
1445 4804 1739 4874 dignitates
1775 4812 1830 4860 et
1873 4805 2121 4874 praecuti-

2225 4798 2446 4870 συμφυῆ
2479 4801 2599 4863 ταῖς
2628 4799 2837 4863 οὑσίαις
2860 4799 3143 4870 ἀξιώματα
3179 4798 3514 4871 γνωριστικά
3541 4798 3650 4850 τῶν
3673 4797 3802 4850 ὑπο-

554 4895 754 4951 nentiae
783 4896 1157 4965 subiectarum
1187 4910 1370 4951 rerum
1398 4894 1602 4950 indicia
1637 4903 1788 4952 sunt.
1821 4895 1958 4952 Cum
1989 4913 2122 4954 vero

555 4986 612 5040 in
647 4994 883 5058 utroque
915 4984 1119 5042 eaedem
1145 4984 1440 5056 dignitates
1473 4993 1528 5040 et
1574 4986 1909 5042 excellentiae
1956 5001 2124 5058 appa-

554 5084 733 5143 reant,
774 5076 1060 5148 perspicue
1105 5090 1331 5152 prorsus
1388 5076 1645 5132 identitas
1702 5077 2023 5134 substantiae
2065 5079 2122 5134 in

556 5168 743 5234 rebus,
781 5184 903 5238 qua:
939 5167 1026 5224 bis
1071 5155 1430 5239 dignitatibus
1473 5167 1731 5235 subsunt,
1789 5169 2118 5225 ostenditur.

551 5258 615 5313 Si
645 5261 791 5317 enim
827 5260 989 5316 unius
1011 5259 1258 5316 vocabuli
1291 5259 1522 5314 mutatio
1557 5258 1832 5316 diversam
1866 5259 2123 5316 substan-

555 5347 688 5403 tiam
714 5349 1075 5416 demonstrat,
1106 5358 1322 5424 quanto
1343 5351 1518 5423 magis
1548 5351 1720 5406 multa
1768 5351 1938 5407 millia
1982 5352 2126 5421 ejus-

557 5433 681 5490 dem
717 5441 948 5499 rationis
967 5443 1230 5500 vocabula
1260 5441 1701 5498 communionem
1733 5451 1944 5498 natura:
1984 5442 2123 5498 indi-

559 5528 806 5582 cabunt?
838 5530 969 5596 Quae
989 5533 1153 5604 igitur
1179 5549 1344 5590 causa
1379 5542 1483 5598 est,
1518 5548 1620 5588 cur
1655 5533 1868 5604 reliqua
1903 5535 2122 5588 nomina

547 5619 922 5689 enegligantur,
959 5639 1177 5695 unoque
1211 5625 1330 5680 solo
1382 5625 1662 5693 generatio
1719 5624 2126 5694 investigetur?

555 5709 669 5766 Cur
711 5711 857 5768 Patri
898 5714 1070 5770 solam
1125 5716 1627 5786 innaseibilitatem,
1691 5730 1791 5771 ceu
1835 5725 2123 5788 cognatam

2224 4889 2487 4961 κειμένων
2518 4891 2652 4944 ἐστί.
2691 4890 2813 4944 Τῶν
2835 4891 2892 4944 δὲ
2921 4890 3244 4961 ἀξιωμάτων
3279 4889 3363 4959 ἐφ’
3397 4888 3657 4960 ἑκατέρου
3689 4887 3800 4941 τῶν

2222 4984 2398 5038 αὑτῶν
2416 4983 2773 5054 φαινομένων,
2807 4984 2840 5055 ἡ
2871 4984 3012 5038 κατά
3042 4983 3142 5054 τὴν
3167 4983 3353 5036 οὐσίαν
3386 4982 3648 5052 ταυτότης
3685 4980 3798 5034 τῶν

2223 5078 2341 5138 ταῖς
2366 5075 2556 5138 αὑταῖς
2589 5073 2766 5139 ἀξίαις
2810 5071 3186 5143 ὑποκειμένων
3219 5073 3561 5143 πραγμάτων
3607 5064 3798 5139 σαφῶς

2224 5165 2609 5224 ἐπιδείκνυται.
2649 5164 2712 5216 Εἰ
2748 5162 2854 5232 γὰρ
2886 5162 3041 5233 ίκανὴ
3091 5161 3366 5231 νομίζεται
3393 5159 3510 5221 ἐνὸς
3534 5158 3801 5228 ὀνόματος

2224 5255 2547 5328 παραλλαγὴ
2599 5255 2659 5307 τὸ
2692 5253 2842 5321 ξένον
2871 5254 2971 5324 τῆς
3021 5252 3209 5315 οὑσίας
3261 5249 3615 5314 ἐνδείξασθαι,
3649 5250 3802 5317 πόσῳ

2228 5345 2426 5416 μᾶλλον
2451 5344 2658 5414 ίσχὺσει
2689 5345 2722 5413 ἡ
2758 5341 2866 5396 τῶν
2898 5343 3106 5414 μυρίων
3130 5341 3408 5411 ὀνομάτων
3437 5340 3701 5410 ταυτότης
3741 5340 3803 5391 τὸ

2226 5437 2398 5491 κοινὸν
2456 5437 2804 5507 παραστῆσαι
2854 5435 2953 5504 τῆς
3007 5434 3257 5504 φύσεωςς
3309 5432 3403 5495 Τίς
3436 5425 3528 5485 οὖν
3561 5433 3594 5502 ὴ
3630 5429 3798 5491 αἰτία,

2223 5531 2290 5584 δι’
2316 5531 2382 5602 ἣν
2410 5532 2478 5585 τὰ
2512 5531 2610 5601 μὲν
2635 5531 2797 5584 λοιπά
2828 5530 2936 5584 τῶν
2967 5529 3246 5600 ὀνομάτων
3277 5528 3622 5600 περιορᾶται,
3655 5525 3804 5595 μόνῳ

2224 5623 2283 5676 δὲ
2316 5622 2393 5693 τῷ
2421 5623 2500 5677 ἐνὶ
2527 5623 2917 5694 τεκμηριοῦται
2940 5625 2973 5692 ἡ
3001 5621 3283 5692 γέννησις;
3312 5619 3420 5672 Καὶ
3447 5618 3535 5672 διὰ
3555 5616 3610 5670 τί
3639 5615 3803 5687 μόνον

2229 5714 2468 5784 συμφυὲς
2490 5713 2703 5785 ἀξίωμα
2731 5713 2829 5786 τὴν
2857 5712 3180 5784 ἀγεννησίαν
3207 5713 3299 5764 ἐπὶ
3335 5709 3428 5763 τοῦ
3462 5705 3675 5770 Πατρὸς
3719 5705 3802 5759 60-
