4032 6208
471 375 584 442 ’399

1698 376 1759 433 S.
1780 370 2118 433 ‘GREGORil
2142 367 2438 425 ‘N‘YSS‘ENI

3609 358 3712 422 4θῦ

482 509 642 575 trem,
674 497 907 552 alterum
943 493 1142 550 Filium
1180 504 1217 546 'a
1274 491 1734 549 nobis‘nominari
1767 511 1782 560 ;
1824 489 2044 563 quando

2168 482 2233 536 ἢν
2260 485 2388 535 ὅντα
2415 478 2568 551 παρὰ
2587 476 2680 531 τοῦ
2699 476 2850 539 ὄντος
2863 472 3221 546 γεγεννῆσθαι
3234 474 3489 542 λέγοντα,
3509 487 3521 501 ·
3542 472 3577 543 ἢ
3594 472 3723 544 μίαν

482 603 610 643 eum
645 586 738 656 qui
767 593 871 650 est,
898 600 964 640 ex
998 584 1091 638 illo
1120 583 1213 655 qui
1243 591 1347 645 est,
1375 585 1721 655 progenitum
1754 583 2054 638 tradimus:

479 679 564 734 vel
596 691 763 732 unam
807 675 1166 745 eamdemque
1216 675 1581 730 substantiam
1651 683 1950 745 utrumque
1991 686 2058 732 ex

483 776 642 840 parte
675 767 1002 837 participare
1044 781 1267 833 nomen,
1314 768 1476 820 itaut
1528 766 1839 822 substantia
1877 768 1967 821 illa
2004 769 2059 823 et

483 860 645 922 Pater
667 861 738 916 sit
765 869 820 916 et
847 858 1043 936 Filius,
1075 860 1192 931 ipsa
1228 875 1257 913 a
1286 843 1465 930 seipsa
1508 875 1605 930 per
1650 860 2057 931 generationem

485 953 791 1024 progenita.
830 951 955 1006 Haec
990 951 1127 1006 meis
1166 950 1347 1005 verbis
1390 965 1705 1020 praeponere
1740 950 1908 1015 volui,
1953 965 2057 1005 non

485 1052 547 1099 ut
582 1053 819 1100 mentem
860 1043 981 1114 ejus
1013 1058 1194 1105 secus,
1243 1058 1405 1111 quam
1454 1049 1689 1111 oportet,
1732 1043 2060 1114 interpreta-

488 1150 601 1200 rer,
632 1135 727 1192 sed
756 1145 817 1190 ut
839 1133 1107 1188 tumidum
1137 1133 1270 1188 illud
1295 1144 1349 1188 et
1388 1142 1773 1205 exaggeratam
1826 1135 2059 1205 explica-

488 1225 655 1282 tionis
681 1240 854 1297 genus
874 1224 1230 1295 corrigerem,
1275 1233 1329 1280 et
1365 1240 1487 1295 quae
1533 1226 1607 1281 sit
1654 1225 1903 1281 Eunomii
1929 1242 2058 1282 sen-

490 1315 682 1381 tentia,
716 1315 972 1372 omnibus
995 1314 1345 1371 manifestum
1381 1315 1654 1380 evaderet,
1706 1314 1893 1386 utpote
1945 1316 2057 1371 cla-

487 1409 569 1464 ris
584 1416 651 1465 ‘ct
679 1407 935 1465 dilucidis
960 1407 1142 1464 verbis
1178 1404 1565 1478 exposi’ta.‘llle
1595 1410 1753 1465 enim
1772 1408 1867 1480 qui
1898 1410 2059 1465 insci-

489 1499 623 1553 tiam
657 1498 1192 1560 nostram‘traducit,
1221 1514 1429 1568 nosque
1452 1499 1517 1553 ad
1542 1517 1762 1555 causam
1796 1500 2054 1571 agendum

490 1587 635 1642 haud
681 1588 965 1658 sufﬁciente
998 1600 1262 1657 apparatu
1294 1591 1567 1659 pnemisso
1601 1593 1882 1646 accessisse
1915 1591 2055 1659 obji-

491 1680 584 1743 cit,
618 1679 689 1732 ita
727 1678 1030 1734 orationem
1062 1693 1217 1734 suam
1263 1682 1453 1745 comit,
1476 1690 1530 1735 et
1560 1683 1744 1752 pectit,
1773 1684 1960 1753 sicque
1998 1693 2056 1736 ut

492 1769 720 1840 ipsemet
754 1770 1014 1838 loquitur,
1063 1769 1131 1824 ad
1158 1787 1389 1842 unguem
1436 1774 1617 1827 omnia
1659 1790 1756 1827 sua
1790 1775 2051 1829 vocabula

493 1859 703 1924 elimat,
761 1868 816 1913 et
846 1858 1121 1927 superﬂua
1175 1861 1441 1929 elegantia
1495 1862 1848 1931 scriptionem
1901 1877 2055 1917 suam

392 2012 405 2017 ‘
493 1956 741 2015 exornat,
800 1958 857 2005 ut
890 1951 1176 2005 verborum
1238 1951 1523 2007 dulcedine
1577 1952 1879 2006 auditorem
1920 1963 2059 2009 ‘cou-

496 2029 676 2096 festim
709 2040 967 2111 abripiat,
1002 2041 1182 2112 qualia
1233 2058 1298 2096 ex
1330 2042 1516 2098 multis
1562 2042 1847 2096 aliissunt
1898 2043 2059 2096 etiam

496 2132 611 2197 illa,
663 2148 786 2204 qua:
819 2143 975 2189 antea
1008 2135 1384 2197 recitavimus,
1443 2143 1498 2189 et
1553 2144 1699 2187 nunc
1728 2140 2061 2203 repetemus:

488 2223 842 2293 “Quapropter
881 2224 1351 2292 reprehensionem,
1383 2240 1487 2293 qua
1518 2240 1631 2276 eam
1663 2222 1724 2275 ob
1739 2238 1956 2275 causam
1981 2224 2063 2274 ob-

489 2314 804 2383 jurgamini,
849 2314 953 2381 ipsi
1008 2316 1170 2379 vobis,
1223 2330 1314 2367 ceu
1361 2314 1749 2367 ineluctabiiem
1790 2313 2058 2383 laqueum,

496 2409 800 2475 consuistis,
839 2409 1077 2478 justitia,
1132 2419 1186 2462 nt
1220 2426 1318 2479 par
1344 2418 1478 2473 erat,
1516 2424 1580 2462 ex
1616 2410 1801 2462 vestris
1851 2406 2061 2477 piacitis

496 2508 681 2553 contra
706 2517 796 2554 eos
823 2502 1131 2555 sententiam
1158 2501 1370 2570 ferente.

567 2590 703 2647 Vide
734 2593 935 2648 veteris
974 2594 1165 2650 'Atticae
1197 2595 1475 2652 ﬂosculos.
1506 2596 1642 2650 Vide
1674 2604 1726 2650 ut
1773 2594 2062 2650 verborum

496 2684 916 2753 compositione,
959 2687 1133 2740 oratio
1166 2687 1495 2756 splendescit
1555 2695 1609 2742 et
1654 2687 1862 2740 rutilat.
1893 2684 2064 2751 Quam

498 2775 746 2843 speciose
789 2784 842 2830 et
873 2777 1021 2831 varie
1058 2777 1294 2832 nitescit
1341 2787 1395 2833 et
1445 2779 1675 2833 vernat?
1724 2776 1830 2834 Sed
1867 2777 1934 2833 de
1981 2777 2067 2833 his

499 2865 877 2934 unusquisque
910 2865 1175 2919 arbitratu
1222 2882 1323 2921 suo
1365 2876 1569 2922 statuat
1596 2876 1650 2923 et
1692 2868 1911 2923 sentiat.
1956 2866 2066 2923 Nos

500 2955 568 3010 ad
610 2956 1035 3011 examinandum
1081 2973 1302 3012 sensum
1350 2963 1708 3025 revertamur,
1764 2970 1818 3014 et
1846 2958 2065 3028 quidem

501 3045 639 3114 ipsis
690 3045 943 3101 Eunomii
991 3047 1173 3103 verbis
1207 3049 1483 3104 adductis.
1522 3048 1730 3104 Etenim
1778 3066 1893 3103 cum
1944 3049 2067 3104 sub-

2152 571 2447 640 νοουμένην
2473 570 2564 622 καὶ
2599 567 2697 639 τὴν
2727 566 2895 638 αὐτὴν
2931 565 3138 629 οὐσίαν,
3169 564 3443 635 ἑκατέρων
3477 564 3535 616 ὲν
3566 563 3724 634 μέρει

2149 658 2590 732 μεταλαμϐάνειν
2628 656 2736 711 τῶν
2782 655 3077 727 ὀνομάτων,
3100 654 3197 707 καὶ
3239 653 3477 724 Πατέρα,
3515 653 3721 716 οὐσίαν,

2153 753 2250 807 ’καὶ
2283 750 2412 805 Υἱὸν
2462 749 2769 820 γινομένην,
2817 746 2983 819 αὐτὴν
3006 748 3144 819 παρ’
3180 744 3378 814 ἑαυτῆς
3409 743 3496 796 διὰ
3522 743 3728 814 γεννησ-

2158 859 2296 905 σεως
2335 839 2746 910 παραγομένην.
2773 835 2958 890 Ταῦτα
2985 834 3073 887 διὰ
3114 834 3215 904 τῆς
3261 829 3497 902 ἐμαυτοῦ
3526 828 3728 893 λέξεως

2159 932 2377 1004 γράφω,
2408 931 2468 985 οὐ
2517 925 2950 1001 παρερμηνεύων
2979 926 3141 979 αὐτοῦ
3185 924 3283 993 τὴν
3309 922 3564 987 διάνοιαν,
3592 919 3728 974 ἀλλὰ

2159 1024 2221 1077 τὸ
2254 1020 2563 1092 πομφῶδες
2601 1017 2695 1071 καὶ
2750 1014 3269 1084 κατεστοιϐαςμένον
3302 1013 3399 1083 τῆς
3432 1011 3727 1083 ἑρμηνείας

2159 1109 2454 1184 ἐπανορθού
2464 1126 2643 1181 μενος,
2660 1109 2736 1171 ὡς
2762 1107 2827 1161 ἂν
2848 1106 3173 1160 εὐσύνοπτον
3194 1103 3354 1157 αὑτοῦ
3376 1103 3509 1156 πᾶσι
3523 1101 3584 1153 τὸ
3607 1099 3729 1170 βού-

2155 1206 2305 1276 λημα
2330 1202 2555 1271 γένοιτο,
2569 1201 2657 1253 διὰ
2676 1200 2772 1270 τῆς
2791 1197 2933 1252 κατὰ
2960 1197 3057 1267 τὴν
3075 1196 3217 1261 λέξιν
3241 1193 3532 1264 σαφηνείας
3564 1194 3732 1245 ἐκκα-

2155 1296 2506 1364 λυπτόμενον.
2537 1292 2597 1346 Ὁ
2624 1291 2732 1363 γάρ
2751 1289 2847 1361 τὴν
2877 1287 3114 1359 ἀμαθίαν
3157 1285 3313 1356 ἡμῶν
3330 1283 3731 1355 διασύρων,καὶ

2153 1387 2214 1441 τὺ
2227 1385 2314 1456 μὴ
2331 1384 2703 1454 ἑξαρκούσης
2740 1375 3128 1447 παρασκευῆς
3147 1376 3242 1430 ἐπὶ
3261 1376 3367 1429 τὸν
3383 1375 3566 1443 λόγον
3591 1373 3734 1439 ἐλη-

2152 1476 2399 1532 λυθέναι
2425 1473 2732 1546 προφέρων,
2749 1470 2919 1532 οὕτως
2943 1466 3164 1537 ἁδρύνει
3187 1468 3252 1537 τῇ
3272 1464 3609 1536 λαμπρότητι
3635 1463 3735 1531 τῆς

2155 1567 2447 1641 ἑρμηνείας
2474 1566 2566 1619 τὸν
2614 1563 2743 1617 ἴδιον
2775 1561 2956 1629 λόγον,
2988 1558 3160 1622 οὕτως
3204 1555 3520 1627 ὲξονυχίζει,
3552 1553 3737 1615 καθὼς

2155 1658 2316 1722 αὐτὸς
2367 1656 2642 1727 ὀνομάζει,
2676 1652 2747 1705 τὰ
2785 1652 3029 1723 ῥήματα,
3080 1651 3138 1702 ὲν
3188 1650 3252 1719 τῇ
3289 1647 3514 1717 περιττῇ
3560 1642 3736 1713 ταύτῃ

2156 1748 2473 1819 καλλιεπεία
2499 1746 2597 1817 τὴν
2622 1743 2940 1815 συγγραφὴν
2967 1739 3359 1809 ὰγλαῒζων,ὼς
3397 1734 3620 1790 αὐτόθεν
3646 1734 3738 1786 αἱ-

2092 1824 2132 1876 Β
2164 1844 2279 1913 ρεῖν
2313 1843 2378 1911 τῇ
2408 1838 2506 1909 τῆς
2556 1835 2756 1902 λέξεως
2785 1834 2944 1905 ἡδονῇ
2978 1830 3069 1886 τὸν
3100 1822 3438 1885 ἀκοῦσανταλ
3465 1821 3551 1880 οἷα
3597 1823 3740 1896 μετὰ

2158 1929 2365 1985 πολλῶν
2396 1928 2572 1982 ἄλλων
2602 1926 2696 1979 καὶ
2725 1923 2793 1977 τὰ
2827 1922 2922 1977 νῦν
2954 1919 3416 1990 ὑπανεγνωσμένα
3451 1916 3567 1970 ὲστί
3590 1931 3602 1945 ·
3639 1916 3739 1969 καὶ

2158 2021 2209 2072 εί
2252 2018 2419 2081 δοκεῖ,
2452 2014 2610 2069 πάλιν
2660 2011 3116 2083 ὑπαναγνώσομαι
3140 2026 3153 2040 ⁸
3188 2010 3283 2063 Διύ
3330 2008 3427 2062 καί
3470 2007 3585 2074 τὴν
3636 2006 3740 2059 ἐπὶ

2158 2109 2390 2175 τούτοις
2427 2106 2752 2174 λοιδορίαν,
2783 2101 2986 2172 ὥσπερ
3039 2102 3171 2157 τινὰ
3225 2098 3425 2170 πάγην
3464 2090 3753 2167 ἁρυκτοιί

2163 2199 2290 2253 καθ’
2315 2197 2544 2252 ἑαυτῶν
2586 2194 3001 2261 ἐτεκτήνασθε,
3045 2193 3157 2262 τῆς
3202 2193 3376 2260 δίκης
3397 2232 3412 2255 ,
3443 2190 3522 2255 ὡς
3553 2187 3731 2252 static,

2167 2290 2289 2355 τοῖς
2347 2287 2650 2357 ὑμετέροις
2702 2286 2829 2339 καθ’
2881 2283 3048 2354 ὑμῶν
3106 2282 3303 2337 αὐτῶν
3355 2275 3736 2347 ἐπιψηφιζοὼ

2162 2400 2296 2449 σης.

2242 2607 2382 2676 Ὅρα
2413 2603 2480 2657 τὰ
2506 2600 2642 2673 ἄνθη
2666 2602 2766 2671 τῆς
2790 2598 3022 2672 ἀρχαίας
3060 2595 3315 2659 Ἀττίδος.
3351 2592 3437 2659 Ὠς
3464 2588 3738 2664 ὲπαστρᾶ-

2166 2713 2293 2750 πτει
2326 2699 2390 2767 τῇ
2428 2694 2674 2759 συντάξει
2707 2693 2799 2747 τοῦ
2833 2692 2990 2759 λόγου
3022 2688 3084 2743 τὸ
3125 2689 3265 2741 λεῖον
3317 2688 3411 2741 καὶ
3459 2684 3738 2739 κατεστιλ-

2167 2788 2409 2859 ϐωμένον
2455 2786 2553 2857 τῆς
2588 2786 2823 2853 λέξεωςι
2867 2785 2952 2847 Ὠς
2995 2781 3309 2853 γλαφυρῶς,
3346 2780 3443 2835 καὶ
3481 2778 3737 2840 ποικίλως

2165 2882 2229 2950 τῇ
2263 2877 2380 2949 ὥρᾳ
2411 2877 2504 2930 τοῦ
2545 2877 2702 2945 λόγου
2752 2873 3188 2947 περιανθίςεταιί
3234 2870 3395 2926 Ἀλλὰ
3430 2871 3602 2924 ταῦτα
3641 2868 3737 2938 μὲν

2165 2970 2357 3039 ἐχέτω,
2399 2967 2475 3031 ὼς
2507 2967 2572 3020 ἄν
2611 2985 2689 3037 τῳ
2718 2965 2864 3036 δόξῃ.
2907 2965 3067 3036 Ἡμῖν
3098 2962 3155 3015 δὲ
3204 2963 3339 3034 πρὸς
3365 2962 3462 3033 τὴν
3501 2960 3738 3014 διάνοιαν

2166 3060 2274 3113 τῶν
2306 3058 2610 3130 εἰρημένων
2657 3054 2945 3129 τρεπέσοω
2995 3053 3157 3107 πάλιν
3197 3054 3225 3105 ὁ
3263 3052 3491 3124 δρόμος·
3529 3050 3625 3105 καὶ
3670 3050 3740 3103 δι’

501 3137 728 3192 stantius
759 3139 893 3192 istas
941 3156 972 3192 a
1015 3156 1069 3193 se
1110 3150 1313 3207 mutuo,
1364 3157 1454 3211 per
1486 3141 1603 3207 hoc,
1638 3140 1775 3213 quod
1808 3141 2065 3211 principio

2169 3123 2604 3215 αύτῶν,είδοκεῖ,
2628 3123 2913 3220 γενώμεθα
2930 3146 3023 3200 τοῦ
3045 3123 3381 3216 λογογράφου
3406 3143 3510 3197 τῶν
3520 3141 3736 3207 λέξεων.

490 3238 740 3292 'careant,
764 3240 1037 3300 separatas
1078 3247 1189 3286 esse
1220 3234 1506 3303 afﬁrmetis,
1537 3249 1816 3305 earumque
1844 3230 2067 3290 alteram

501 3334 594 3388 per
621 3323 1006 3390 generationem
1053 3322 1195 3378 Filio
1235 3326 1536 3389 ascribatis,
1576 3336 1625 3379 et
1666 3342 1802 3385 eum.
1830 3328 1920 3397 qui
1958 3329 2068 3380 sine

503 3411 764 3480 principio
793 3421 890 3480 est,
925 3428 990 3467 ex
1028 3413 1141 3477 illo,
1170 3415 1259 3485 qui
1312 3416 1422 3470 sine
1459 3417 1715 3485 principio
1746 3427 1844 3480 est,
1887 3427 2068 3470 natum

503 3500 851 3556 contendatis.
911 3501 1197 3558 Suﬂiciunt
1249 3505 1373 3560 ista.
1424 3505 1570 3561 Duas
1622 3508 1891 3578 ingenitas
1938 3507 2071 3562 Sub-

505 3591 741 3648 stantias
787 3607 817 3646 a
864 3594 1021 3649 nobis
1059 3595 1227 3650 statui
1268 3596 1367 3650 ait.
1418 3596 1704 3663 Quomodo
1735 3598 1880 3653 istud
1913 3598 2067 3663 dicit,

506 3686 599 3751 qui
654 3684 725 3738 ob
773 3684 1175 3741 confessionem
1222 3687 1387 3743 unius
1432 3690 1705 3752 essentne,
1746 3705 1846 3745 nos
1894 3692 2073 3746 omnia

507 3775 727 3830 miscere
784 3786 833 3830 et
898 3777 1215 3846 confundere
1264 3780 1623 3840 criminatur?
1684 3781 1739 3836 Si
1782 3783 1927 3838 enim
1973 3797 2073 3839 nos

507 3880 727 3936 quoque
777 3867 915 3922 duas
965 3876 1193 3925 naturas
1230 3871 1372 3926 inter
1410 3887 1470 3928 se
1517 3873 1826 3929 substantia
1874 3890 2074 3932 conve-

510 3958 722 4014 nientes
772 3966 1171 4028 statueremus,
1225 3962 1293 4017 ad
1344 3965 1653 4036 exemplum
1710 3982 1923 4032 eorum,
1980 3969 2075 4040 qui

508 4049 929 4118 inaequalitatem
960 4051 1486 4121 comminiscuntur,
1535 4054 1675 4111 forte
1726 4071 1836 4112 non
1873 4057 1972 4114 abs
2011 4070 2071 4111 re

508 4143 816 4196 existimari
865 4152 1100 4213 poterat,
1138 4145 1277 4203 duas
1320 4147 1527 4204 divisas
1567 4158 1817 4214 naturas,
1849 4150 1918 4205 ad
1966 4150 2076 4207 duo

509 4235 767 4304 principii
817 4238 1063 4306 expertia
1108 4240 1379 4311 principia
1423 4243 1812 4312 cogitationem
1853 4244 2076 4300 ducere.

510 4323 568 4379 Si
606 4340 735 4380 vero
763 4343 925 4381 unam
973 4337 1222 4385 naturam
1258 4333 1313 4387 in
1351 4334 1584 4391 diversis
1615 4337 1865 4405 personis
1908 4339 2079 4393 conli-

510 4424 708 4481 temur,
760 4416 1087 4491 Patremque
1117 4423 1414 4487 credimus,
1473 4434 1527 4479 et
1569 4425 1766 4483 Filium
1804 4428 2150 4509 gloriﬁca-.D

512 4521 654 4569 mus,
700 4511 974 4577 quomodo
1020 4512 1319 4567 adversarii
1366 4514 1575 4585 ﬁngunt
1626 4533 1722 4587 per
1760 4519 2073 4590 liujusmodi

512 4595 765 4663 dogmata
813 4599 921 4654 duo
949 4601 1230 4672 principia
1271 4605 1576 4660 constitui?
1612 4607 1813 4663 Deinde
1842 4624 1909 4664 ex
1940 4609 2078 4664 duo-

515 4685 617 4740 bus
652 4684 775 4740 istis
802 4687 1088 4757 principiis
1122 4690 1430 4764 (ingenitis)
1458 4694 1592 4749 dicit
1647 4698 1874 4752 alterum
1904 4716 2076 4753 a‘no-

512 4775 590 4830 bis
620 4777 677 4829 in
700 4777 1076 4838 Fitiiordinem
1106 4781 1295 4852 redigi,
1321 4793 1371 4839 et
1397 4801 1515 4840 eum
1543 4788 1633 4859 qui
1675 4798 1774 4855 est,
1805 4807 1871 4844 ea:
1901 4807 1959 4846 eo
1974 4792 2078 4862 qui

511 4875 608 4931 est,
658 4878 841 4923 natum
866 4885 1010 4935 esse;
1043 4873 1296 4928 ostendat
1339 4878 1663 4935 asscrtionis
1695 4879 1858 4951 hujus
1888 4890 2078 4938 aucto-

512 4973 650 5025 rem,
681 4967 735 5015 et
760 4976 861 5016 nos
892 4963 1219 5032 taeebimus;
1244 4968 1360 5024 sive
1388 4980 1590 5024 certam
1619 4974 1929 5043 quampiam
1962 4990 2080 5045 per-

513 5066 728 5119 sonam,
764 5069 882 5125 quae
920 5054 1064 5111 istud
1098 5057 1467 5126 allirmaverit,
1490 5063 1800 5135 redarguat,
1829 5067 1944 5123 sive
1972 5084 2079 5138 ge-

502 5144 740 5220 neratim
774 5142 1105 5205 in‘Ecelesia
1132 5151 1243 5207 tale
1272 5153 1402 5223 quid
1430 5155 1569 5208 tradi
1603 5171 1666 5211 ac
1704 5156 1889 5225 doceri
1917 5161 2075 5215 sciat.

512 5235 645 5310 Quis
685 5238 828 5292 enim
874 5240 1010 5296 adeo
1061 5242 1267 5298 insana:
1310 5253 1364 5300 et
1407 5256 1602 5302 emota;
1636 5250 1836 5307 mentis
1880 5261 1986 5315 est,
2022 5263 2080 5307 ut

514 5342 641 5382 cum
676 5328 892 5387 Patrem
923 5339 977 5388 et
1005 5332 1198 5389 Filium
1228 5337 1492 5403 nominat,
1527 5340 1636 5395 duo
1661 5343 1897 5413 ingenita
1930 5344 2080 5413 prin-

514 5418 654 5488 cipia
692 5424 988 5494 concipiat,
1014 5435 1069 5482 et
1097 5444 1291 5486 rursus
1330 5430 1563 5488 alterum
1597 5449 1662 5489 ex
1690 5435 1866 5490 altero
1891 5443 2076 5489 natum

515 5511 710 5581 putet?
752 5511 884 5579 Quae
917 5519 1221 5575 necessitas
1251 5523 1447 5593 dogma
1489 5535 1741 5580 nostrum
1782 5527 1850 5580 ad
1885 5525 2078 5596 hujus-

517 5598 662 5654 modi
693 5602 1051 5673 COgitationes
1096 5616 1151 5662 et
1185 5610 1527 5679 suspiciones
1574 5612 2077 5681 impellitiQuibus

517 5692 733 5749 tandem
774 5697 1109 5766 argumentis
1156 5699 1356 5767 eticcit,
1400 5712 1460 5757 ut
1491 5706 1800 5763 necessario
1831 5707 1946 5762 haec
1982 5708 2078 5764 ab‘

514 5786 757 5846 surditas
792 5803 859 5844 ex
909 5788 1155 5846 doctrina
1190 5800 1375 5848 nostra
1426 5796 1790 5865 promicaret?
1829 5796 1888 5853 Si
1921 5798 2066 5854 enim

2176 3245 2342 3298 ’Ἤτοι
2401 3241 2511 3312 γὰρ
2555 3235 2830 3309 ἀνάρχως
2889 3236 3181 3305 ἀλλήλων
3242 3236 3595 3307 κεχωρίσθαι
3637 3236 3740 3298 τὰς

2171 3336 2386 3400 οὐσίας
2414 3334 2633 3398 ταύτας
2662 3329 3190 3400 ὑπολαμϐάνοντες
3210 3371 3225 3394 ,
3262 3330 3489 3382 τούτων
3530 3327 3599 3380 δὲ
3629 3326 3743 3392 τὴν

2172 3425 2382 3493 ἑτέραν
2408 3428 2494 3488 εἰς
2521 3423 2654 3477 ΥΙοῦ
2677 3421 2848 3486 τάξιν
2868 3421 2966 3475 διὰ
2986 3420 3324 3491 γεννήσεως
3359 3419 3624 3489 ἄγοντες,
3646 3416 3742 3471 καί

2158 3515 2278 3568 ’τὸν
2316 3508 2588 3582 ἂνάρχως
2630 3512 2774 3565 ὄντα
2818 3509 2936 3564 ὑπὸ
2984 3509 3091 3563 τοῦ
3169 3509 3343 3575 ὄντος
3393 3507 3744 3578 γεγενῆσθαι

2173 3605 2621 3673 διατεινάμενοι.
2662 3603 2849 3673 Ἀρκεῖ
2883 3600 3075 3656 ταῦτα.
3106 3601 3211 3654 Δύο
3239 3601 3402 3671 φησὶν
3421 3601 3568 3670 ἡμᾶς
3586 3600 3738 3666 dere»-

2174 3688 2569 3766 νὴτουςούσίας
2607 3690 2925 3764 πρεσϐεύειν
2948 3706 2963 3720 ’
2994 3689 3111 3753 πῶς
3144 3688 3301 3743 τοῦτο
3340 3688 3590 3757 λέγων,·ό
3631 3688 3746 3756 φύς

2166 3803 2298 3856 ρειν
2343 3782 2416 3838 τὰ
2448 3782 2665 3845 πάντα,
2700 3782 2798 3834 καὶ
2847 3779 3100 3851 συγχεῖν
3144 3776 3484 3850 αἰτιώμενος,
3532 3777 3620 3830 διὰ
3654 3777 3751 3830 τοῦ

2179 3876 2304 3948 μίαν
2337 3873 2617 3946 ὁμολογεῖν
2663 3870 2759 3943 τὴν
2791 3871 3011 3938 ούσίανς
3058 3870 3120 3922 Ei
3164 3868 3261 3940 μὲν
3306 3868 3413 3940 γὰρ
3440 3866 3530 3921 δύο
3561 3866 3752 3936 φύσεις

2175 3965 2466 4037 ἀλλοτρίως
2490 3962 2631 4018 κατὰ
2659 3961 2719 4016 τὸ
2739 3957 2875 4015 εἶναι
2906 3961 3041 4032 πρὸς
3070 3960 3306 4032 ἀλλήλας
3348 3957 3575 4030 ἐχούσας
3601 3958 3696 4010 καὶ
3723 3958 3754 4009 ό

2176 4055 2445 4128 ἡμέτερος
2474 4053 2769 4126 ἐπρέσϐευε
2792 4052 2972 4122 λόγος,
2998 4050 3140 4105 κατὰ
3170 4051 3232 4104 τὸ
3259 4044 3379 4103 ἴσον
3404 4047 3512 4102 τῶν
3538 4047 3602 4101 τὸ
3626 4047 3751 4101 ἀνό-

2180 4164 2330 4219 μοιον
2364 4144 2815 4216 δογματιζόντων,
2848 4142 3027 4205 καλῶς
3058 4137 3171 4212 εἶχε
3194 4140 3262 4194 «τὸ
3302 4137 3626 4212 διῃρημένον
3652 4138 3754 4207 τῆς

2178 4233 2390 4303 φύσεως
2418 4233 2497 4294 είς
2525 4230 2617 4284 δύο
2636 4229 2796 4283 τινῶν
2821 4229 3071 4300 άνάρχων
3090 4222 3350 4290 ὑπονοίας
3375 4222 3632 4296 ἐμφέρειν
3663 4242 3753 4277 νο-

2183 4319 2454 4392 μίζεσθαι.
2501 4319 2563 4371 Ei
2599 4317 2656 4369 δὲ
2693 4315 2790 4387 μία
2837 4316 2997 4385 φύσις
3049 4315 3389 4385 ὁμολογεῖται
3424 4310 3559 4383 παρ’
3591 4312 3753 4381 ἡμῶν

2179 4410 2237 4461 ὲν
2266 4404 2542 4476 διαφόροις
2566 4406 2679 4467 ταῖς
2709 4403 3056 4466 ὑποστάσεσι,
3078 4401 3170 4455 καὶ
3195 4400 3385 4471 Πατὴρ
3408 4397 3751 4460 πιστεύεται,

2168 4492 2276 4547 ικαὶ
2319 4492 2442 4553 Υἱὸς
2482 4488 2780 4554 δοξάζεται,
2826 4488 2942 4551 πῶς
2981 4487 3074 4541 δύο
3112 4487 3428 4560 πρεσϐεύειν
3476 4486 3649 4557 ἀρχὰς
3691 4486 3755 4538 τὺ

2181 4578 2386 4634 τοιοῦτο
2403 4578 2579 4648 δόγμα
2599 4577 2747 4648 παρὰ
2764 4577 2870 4632 τῶν
2891 4577 3146 4630 ἐναντίων
3172 4579 3612 4645 συκοφαντεῖταις
3637 4570 3751 4627 εἶτα

2182 4669 2246 4720 ἐκ
2276 4666 2382 4719 τῶν
2430 4664 2523 4718 δύο
2562 4664 2823 4719 ’τοιούτων
2868 4663 3051 4734 ἀρχῶν
3090 4664 3204 4731 τὴν
3238 4665 3385 4734 μίαν
3425 4662 3568 4731 λέγει
3615 4662 3754 4729 παρ’

2182 4751 2351 4823 ἡμῶν
2379 4753 2466 4816 εὶς
2496 4751 2632 4807 Υἱοῦ
2657 4750 2829 4821 ’τάξιν⁴
2852 4750 3208 4821 κατάγεσθαι
3225 4750 3479 4814 σδειξάτω
3503 4750 3592 4802 τὸν
3622 4765 3752 4819 προσ

2184 4840 2383 4910 στάτην
2408 4837 2502 4892 τοῦ
2529 4837 2686 4907 λόγου
2709 4836 2923 4902 τούτου,
2954 4837 3053 4890 καὶ
3074 4834 3239 4908 ἡμεῖς
3273 4837 3643 4907 σιωπήσομεν,
3672 4836 3751 4887 εῖ-

2182 4944 2241 4980 τε
2278 4945 2331 4981 τι
2375 4926 2661 4996 πρόσωπον
2694 4924 2955 4996 διελέγχει
2985 4924 3045 4978 τὺ
3086 4923 3257 4978 ταῦτα
3291 4922 3753 4993 παραφθεγξάμε-

2183 5031 2292 5078 νον,
2324 5014 2432 5068 είτε
2464 5013 2557 5067 καὶ
2598 5012 2784 5076 ἁπλῶς
2814 5012 2905 5066 τὸν
2932 5011 3089 5080 λόγον
3135 5009 3321 5063 τοῦτον
3354 5011 3411 5062 ὲν
3461 5008 3756 5079 Ἐκκλησία

2184 5098 2291 5155 οἶδε
2323 5100 2636 5172 φερόμενον.
2665 5099 2761 5162 Τίς
2787 5099 2895 5170 γὰρ
2923 5098 3094 5161 οὕτως
3120 5097 3434 5169 παράφορος
3469 5098 3580 5159 τοῖς
3606 5095 3750 5165 λογι-

2185 5191 2365 5260 σμοῖς,
2396 5185 2804 5257 κατεξεστηκὼς
2839 5186 2939 5257 τὴν
2971 5186 3227 5251 διάνοιαν,
3275 5184 3351 5249 ὡς
3395 5184 3614 5255 Πατέρα
3657 5185 3753 5238 καὶ

2184 5276 2309 5329 Υἱὺν
2337 5275 2536 5344 λέγειν,
2577 5275 2672 5328 καὶ
2707 5274 2800 5327 δύο
2824 5273 2984 5327 πάλιν
3006 5273 3277 5344 ἁγέννητα
3307 5272 3533 5337 οἴεσθαι,
3570 5273 3665 5326 καὶ
3693 5273 3755 5325 τὸ

2183 5362 2240 5416 ἓν
2273 5357 2428 5424 αὖθις
2456 5359 2607 5432 παρὰ
2630 5360 2725 5414 τοῦ
2768 5359 2884 5423 ἑνὸς
2913 5358 3232 5431 γεγενῆσθαι
3263 5359 3537 5430 νομίζειν;
3568 5359 3665 5422 Τίς
3696 5358 3753 5411 δὲ

2184 5450 2278 5505 καὶ
2305 5452 2339 5521 ἡ
2386 5450 2599 5520 ἀνάγκη
2645 5450 2679 5520 ή
2732 5449 2867 5520 πρὸς
2919 5448 3018 5513 τὰς
3068 5450 3319 5513 τοιαύτας
3364 5449 3619 5512 ὑπονοίας
3669 5446 3754 5511 ἐξ·

2182 5537 2396 5593 ωθοῦσα
2420 5537 2484 5592 τὸ
2500 5537 2677 5608 δόγμα
2697 5555 2712 5603 ;
2751 5538 2845 5590 Ἐκ
2873 5535 3039 5590 ποίων
3062 5537 3189 5608 παρ’
3210 5537 3374 5591 αὐτοῦ
3394 5535 3568 5607 λόγων
3598 5536 3752 5590 τοῦτο

2183 5624 2616 5695 κατεσκευάσθη,
2659 5623 2735 5687 ὡς
2761 5624 3074 5692 ἀναγκαίως
3118 5625 3322 5696 ταύτην
3354 5625 3627 5694 ἀνακύψαι
3653 5622 3752 5695 τὴν

2185 5713 2451 5780 ἀτοπίαν;
2484 5714 2546 5767 Ei
2586 5712 2685 5783 μὲν
2710 5711 2818 5783 γάρ
2864 5728 2917 5764 τι
2965 5711 3073 5766 τῶν
3109 5713 3239 5783 παρ’
3275 5711 3432 5784 iiii.th
3461 5713 3749 5785 ὁμολογου-

2178 5800 2352 5873 μένων
2379 5801 2676 5873 προέφερεν
2698 5816 2711 5830 ·
2744 5794 2862 5854 εἶτα
2888 5797 2979 5854 διὰ
3007 5798 3197 5853 τούτου
3234 5800 3493 5873 προῆγεν,
3522 5794 3632 5853 εἴτε
3666 5815 3743 5852 σο-
