4032 6208
378 258 471 313 ιοι

1577 268 1854 327 CONTRA
1894 267 2283 334 EUNOMIUM,
2314 268 2443 323 LIB.
2481 269 2519 323 Ι.

3517 263 3624 324 610%

382 371 656 442 φιστικῶς,
685 374 799 427 εἴτε
842 375 986 430 κατά
1024 394 1147 432 τινα
1185 379 1414 451 δύναμιν
1454 382 1834 455 ἀποδεικτικὴν
1855 382 1952 455 τὴν

2060 398 2121 438 ex
2159 382 2247 443 iis,
2269 396 2389 451 qua:
2417 379 2795 443 concedimus,
2827 379 3034 451 aliquid
3066 378 3406 450 protulisset,
3437 390 3626 459 postea

386 463 624 533 τοιαύτην
664 467 1065 535 συκοφαντίανο
1101 465 1244 542 εἶχεν
1294 471 1424 538 ἴσως
1464 474 1670 545 καιρὸν,
1700 476 1809 527 ἐπὶ
1836 475 1954 529 δια-

384 550 502 620 ϐολῇ
536 551 632 604 τοῦ
656 551 929 623 δόγματος
959 556 1029 611 τά
1062 558 1286 613 τοιαῦτα
1313 563 1625 634 προφέρειν.
1653 564 1715 616 Ei
1744 561 1953 629 δὲ.νοῦτε

380 644 538 708 ἐστὶν,
563 642 688 697 οὔτε
724 646 800 718 μὴ
839 648 1063 720 γένηται
1091 649 1246 720 λόγος
1276 654 1336 706 ὲν
1375 653 1669 726 Ἐκκλησία
1694 654 1953 720 τοιοῦτος,

379 732 499 788 οὔτε
517 737 546 788 6
567 736 1067 810 εἰπὼν-ἐλέγχεται,
1087 742 1218 797 οὔτε
1236 743 1266 796 6
1289 744 1540 816 ἀκηκοὼς
1565 745 1952 810 ἐπιδείκνυται,

380 825 499 879 οὕτε
526 829 747 901 ἀνάγκη
779 847 866 895 τις
895 833 1225 903 εὑρίσκεται,
1253 835 1343 890 διά
1374 854 1518 901 τινος
1547 837 1839 892 ἀκολούθου
1861 836 1959 908 τὴν

384 917 609 972 ἀτοπίαν
648 919 855 992 ταύτην
888 926 1387 990 κατασκευάζουσα,
1427 928 1480 981 τί
1519 926 1765 999 βούλεται
1813 926 1962 998 αὑτῷ

386 1011 419 1079 ἠ
445 1012 764 1082 σκιαμαχία,
785 1015 848 1067 ού
881 1016 1107 1087 συνορῶ.
1143 1019 1351 1091 Ὥσπερ
1378 1020 1518 1073 ausi
1535 1038 1621 1085 τις
1649 1020 1754 1073 ὑπὸ
1787 1019 1965 1092 φρενί-

385 1100 521 1164 τιδος
553 1105 912 1174 παραπαίων,
954 1107 1366 1179 συμπεπλέχθαι
1388 1109 1597 1180 νομίζοι
1638 1110 1765 1173 τινὶ,
1803 1109 1963 1179 μηδε-

384 1194 472 1257 νὸς
499 1196 982 1265 προσπαλαίοντος,
1004 1194 1122 1251 εἶτα
1155 1199 1295 1254 κατὰ
1318 1201 1551 1272 σπουδὴν
1579 1200 1766 1254 ἑαυτὸν
1790 1218 1955 1254 κατα-

386 1282 582 1349 ϐαλὼν,
609 1286 704 1338 τὸν
725 1290 1176 1360 προσμαχόμενον
1195 1292 1386 1345 οἴοιτο·
1408 1292 1647 1347 τοιοῦτόν
1669 1309 1723 1346 τι
1757 1291 1956 1345 πέπον-

387 1374 477 1429 θεν
515 1378 544 1430 6
583 1378 745 1448 σοφὸς
780 1379 1134 1452 λογογράφος,
1175 1385 1533 1439 ἀναπλάσσων
1578 1383 1849 1449 ὑπονοίας,
1888 1383 1955 1448 ἃς

385 1469 543 1539 ἡμεῖς
566 1470 628 1524 ού
659 1471 1019 1545 γινώσκομεν,
1051 1476 1143 1529 καὶ
1180 1480 1357 1542 σκιαῖς
1393 1477 1865 1551 προσμαχόμενος,
1888 1477 1956 1541 ἃς

383 1557 471 1612 διά
494 1561 601 1613 τῶν
628 1562 904 1634 λογισμῶν
939 1566 1082 1622 ίδίων
1109 1568 1517 1625 ἀνετυπώσατο.

2060 490 2127 528 es
2158 475 2281 536 hoc,
2318 474 2433 529 sive
2472 472 2790 543 sophistice,
2838 473 2955 529 sive
2983 472 3473 528 demonstrationis
3503 471 3625 527 elli-

2060 563 2291 619 cacitate
2326 563 2743 634 sycophantiam
2782 562 2908 618 inde
2941 562 3331 628 conclusisset,
3372 561 3627 617 fortassis

2059 654 2404 709 occasionem
2431 653 2715 708 habuisset
2746 653 2853 708 tale
2878 654 3006 723 quid
3051 653 3118 707 de
3155 652 3408 722 dogmate
3433 661 3628 707 nostro

2061 760 2157 815 per
2186 744 2512 798 calumniam
2541 742 2874 813 proferendi.
2913 740 2973 797 Si
3003 758 3135 798 vero
3165 759 3343 813 neque
3381 752 3488 808 est,
3524 758 3625 797 nc-

2056 854 2163 909 que
2194 849 2432 905 unquam
2474 837 2581 890 erit
2626 836 2679 890 in
2706 834 2952 889 Ecclesia
2999 836 3141 890 talis.
3169 834 3448 900 doctrina,
3481 842 3534 889 et
3578 834 3626 890 si

2056 944 2233 997 neque
2270 935 2462 981 auctor
2512 924 2955 995 reprehenditur,
3011 941 3192 995 neque
3226 925 3320 995 qui
3359 925 3464 980 tale
3498 925 3626 994 quid

2057 1018 2347 1083 audiverit,
2390 1018 2823 1080 demonstratur,
2854 1030 3030 1085 neque
3058 1017 3167 1069 ulla
3198 1016 3361 1072 etiam
3391 1017 3629 1071 necessi-

2057 1119 2156 1166 tas.
2178 1116 2421 1180 apparet.
2479 1124 2599 1178 quae
2639 1107 2955 1176 huiusmodi
2998 1106 3386 1163 absurditatem
3433 1121 3632 1163 conse-

2060 1200 2541 1269 cutione-quadam
2573 1199 2821 1253 evincat;
2872 1213 2980 1252 non
3026 1199 3182 1254 video
3208 1214 3472 1270 quorsum
3504 1214 3629 1255 cum

2061 1303 2159 1346 sua
2189 1288 2465 1343 umbratili
2504 1287 2894 1356 digladiatione
2921 1287 3109 1342 tendat
3134 1287 3628 1357 :quemadmodum

2061 1381 2107 1437 si
2152 1380 2277 1451 quis
2327 1381 2380 1434 in
2436 1378 2693 1449 phrenesi
2726 1378 2991 1443 delirans,
3028 1395 3112 1446 se,
3151 1379 3370 1434 nemine
3399 1360 3630 1448 congre-

2059 1473 2261 1537 diente,
2311 1487 2436 1527 cum
2482 1471 2668 1540 aliquo
2699 1486 3058 1541 congressum
3105 1472 3404 1534 existimet,
3433 1467 3631 1525 deinde

2060 1563 2115 1617 in
2151 1562 2391 1631 seipsum
2440 1560 2642 1615 acriter
2674 1559 2875 1629 impetu
2925 1560 3073 1630 dato,
3127 1561 3373 1632 seipsum
3412 1573 3631 1630 quoque

385 1651 759 1709 adversarium
785 1656 1062 1714 existimet
1092 1678 1106 1715 :
1132 1654 1253 1717 'tale
1277 1662 1410 1731 quid
1437 1662 1792 1719 declamatori
1823 1660 1952 1716 huic
1985 1653 2210 1716 accidit.
2247 1651 2475 1723 ﬁngenti
2550 1665 2734 1719 sensa,
2782 1665 2903 1719 quae
2933 1666 3032 1707 nos
3098 1668 3205 1707 non
3259 1650 3627 1722 agnoscimtls.

384 1757 441 1803 et
469 1765 592 1806 eum
628 1752 849 1808 umbris
870 1753 1181 1823 dimicanti,
1218 1772 1356 1827 quas
1383 1773 1451 1813 ex
1480 1758 1703 1829 proprio
1732 1756 1963 1815 cerebro
1998 1747 2324 1817 exsculpsit.

454 1842 678 1895 Είπάτω
703 1840 834 1911 γὰρ,
882 1843 967 1907 τίς
999 1846 1033 1914 ἡ
1056 1844 1266 1918 ἀνάγκη
1305 1847 1406 1900 τδνη
1425 1848 1788 1918 ὁμολογοῦντα
1826 1845 1956 1901 Υίδν

2128 1836 2284 1890 Dicat
2316 1837 2485 1902 enim,
2516 1848 2765 1904 quaenam
2789 1833 3095 1891 necessitas
3122 1848 3269 1898 eum,
3307 1832 3400 1904 qui
3432 1831 3629 1888 Filium

386 1933 453 1984 ἐκ
470 1933 680 2005 Πατρός
692 1933 1073 2004 γεγεννῆσθαι,
1104 1938 1183 2000 είς
1202 1935 1295 1990 δύο
1325 1939 1633 2010 ἀγεννήτων
1659 1937 1959 2010 ὑπολήψεις

382 2019 745 2095 ἑκφέρεσθαις
773 2024 845 2077 Ἦ
868 2024 1014 2089 τίνος
1040 2025 1239 2096 μᾶλλόν
1262 2030 1379 2082 ἐστι
1410 2028 1503 2083 δύο
1527 2029 1954 2094 κατασκευάζειν

380 2114 674 2185 ἀγέννητα;
703 2114 801 2169 τοῦ
832 2116 921 2169 τὸν
955 2117 1083 2171 Υίὸν
1113 2116 1479 2190 ψευδωνύμως
1505 2120 1754 2190 λέγεσθαι
1784 2137 1952 2174 κατα⁶

383 2203 742 2268 σκευάζοντος
762 2247 779 2271 ,
809 2204 843 2277 ἢ
872 2204 967 2259 τοῦ
992 2205 1468 2280 διαϐεϐαιουμένου
1506 2210 1572 2279 τῇ
1613 2207 1954 2279 προσηγορία

379 2292 479 2367 τὴν
505 2295 699 2367 κλῆσιν
725 2296 1193 2366 ὲπαληθεύεσθαις
1235 2299 1291 2353 '0
1316 2299 1424 2370 γὰρ
1443 2298 1541 2371 τὴν
1571 2298 1743 2370 ἀληθῆ
1767 2298 1955 2369 γέννη-

383 2385 582 2440 σιντοῦ
616 2385 752 2440 Υἱοῦ
787 2386 861 2457 μὴ
900 2386 1212 2458 δεξάμενος,
1247 2383 1385 2442 εἶναι
1406 2389 1463 2443 δὲ
1490 2389 1627 2452 ὅλως
1655 2386 1953 2460 ὁμολογῶν,

380 2476 710 2548 οἰκειότερον
735 2475 802 2530 ἀν
825 2476 1147 2548 ὑπονοηθείη
1170 2478 1461 2549 ἀγέννητον
1484 2479 1684 2548 λέγειν,
1713 2478 1804 2532 τὸν
1830 2478 1958 2532 ὄντα

385 2568 506 2637 μὲν,
537 2566 614 2639 μὴ
642 2567 734 2622 διὰ
777 2568 1082 2639 γεννήσεως
1112 2568 1170 2621 δὲ
1194 2568 1255 2622 τὺ
1301 2564 1441 2622 εἶναι
1479 2569 1688 2640 ἔχοντα.
1730 2570 1789 2623 Ὀ
1816 2569 1871 2622 δὲ
1895 2571 1958 2622 τὸ

384 2658 743 2729 γνωριστικὸν
783 2659 1034 2731 ὁμοίωμα
1079 2660 1179 2731 τῆς
1213 2658 1309 2713 τοῦ
1354 2660 1691 2729 Μονογενοῦς
1720 2661 1957 2714 ὑποστά-

386 2768 541 2815 σεως.
571 2750 708 2805 αὐτὸ
738 2750 797 2804 τὸ
826 2750 1100 2821 γεννητῶς
1145 2751 1310 2805 αὑτὸν
1351 2753 1415 2805 ὲκ
1446 2751 1539 2805 τοῦ
1571 2752 1783 2823 Πατρὸς
1820 2753 1957 2806 ὑπο-

384 2843 576 2912 στῆναι
602 2842 991 2915 διοριζόμενος,
1017 2841 1135 2907 πῶς
1165 2842 1231 2897 ἂν
1260 2844 1340 2908 είς
1376 2843 1435 2897 τὸ
1467 2844 1758 2914 ἀγέννητον
1797 2844 1957 2898 αὐτὸν

381 2933 589 2988 οἴεσθαι
619 2932 1013 3006 παρενεχθείη;
1048 2934 1225 2987 καίτοι
1262 2932 1382 2988 καθ’
1410 2933 1554 3004 ὑμᾶς
1580 2934 1708 2998 τοὺς
1738 2933 1955 3004 σοφοὺς,

383 3026 488 3090 ἕως
518 3025 585 3079 ἂν
630 3027 829 3097 κρατῇ,
864 3024 924 3078 τὸ
954 3024 1028 3096 μὴ
1060 3024 1385 3097 γεννηθῆναι
1414 3024 1566 3096 παρὰ
1606 3024 1701 3079 τοῦ
1745 3025 1958 3096 Πατρὸς

381 3117 476 3170 τὸν
504 3116 654 3180 Υίδν,
683 3114 766 3171 ἑνί
804 3133 910 3169 τινι
933 3116 1118 3188 τρόπῳ
1144 3114 1253 3169 τῶν
1288 3115 1393 3169 ὑπὸ
1416 3113 1510 3169 τοῦ
1541 3116 1834 3186 ἀγεννήτω
1862 3131 1958 3186 ση-

2058 1943 2122 1983 es
2162 1926 2325 1981 Patre
2374 1934 2563 1980 natum
2614 1923 2796 1990 docet,
2827 1923 2896 1978 ad
2933 1924 3043 1978 duo
3089 1923 3330 1994 ingenita
3363 1924 3631 1993 principia

2058 2019 2361 2077 Statnenda-
2407 2016 2632 2087 adigat?
2690 2015 2828 2081 Quis
2886 2016 3073 2086 potius
3124 2015 3233 2070 duo
3283 2013 3630 2069 innascihilia

2059 2110 2325 2183 principia
2375 2109 2677 2165 introducit
2710 2106 2938 2174 ?illene,
2987 2108 3080 2178 qui
3129 2107 3362 2178 probare
3412 2107 3629 2168 nititur,

2058 2201 2254 2257 Filium
2304 2200 2445 2257 falso
2468 2199 2592 2255 Filii
2639 2215 2833 2255 nomen
2866 2209 3074 2265 tenere,
3128 2215 3198 2254 an
3231 2200 3342 2262 ille,
3379 2198 3472 2269 qui
3506 2212 3632 2252 cum

2060 2292 2164 2348 hac
2215 2292 2576 2363 appellatione
2630 2299 2883 2347 naturam
2935 2306 3157 2363 quoque
3195 2290 3487 2347 concinere
3516 2286 3626 2342 ait?

2059 2400 2185 2441 nam
2230 2383 2325 2452 qui
2362 2398 2544 2439 veram
2592 2381 2714 2437 Filii
2757 2383 3167 2454 generationem
3221 2397 3330 2437 non
3369 2380 3631 2447 admittit,

2058 2475 2237 2545 ipsum
2273 2480 2455 2527 tamen
2504 2473 2776 2529 exsistere
2829 2472 3144 2539 confitetur,
3196 2472 3402 2540 justius
3443 2470 3630 2526 existi-

2057 2574 2255 2631 matur,
2292 2566 2435 2636 quod
2468 2564 2665 2619 Filium
2694 2565 3073 2621 innascibilem
3111 2563 3298 2629 faciat,
3332 2578 3455 2617 cum
3485 2561 3633 2617 exsi-

2058 2664 2186 2719 stat,
2239 2670 2419 2725 neque
2467 2662 2647 2710 tamen
2698 2670 2794 2724 per
2825 2653 3231 2725 generationem
3301 2667 3424 2706 CSSC
3471 2664 3630 2705 suum

2056 2748 2270 2804 habeat.
2326 2746 2418 2801 Ille
2468 2761 2601 2800 vero
2650 2747 2744 2816 qui
2791 2745 3033 2800 aftirmat
3093 2745 3453 2816 hypostaseos
3498 2740 3633 2796 Uni-

2057 2838 2221 2910 geniti
2261 2838 2637 2893 characterem
2685 2844 2739 2892 et
2774 2844 2961 2892 notam
3011 2851 3158 2899 esse,
3192 2850 3288 2906 per
3321 2833 3631 2903 generatio-

2058 2943 2184 2983 nem
2232 2943 2304 2982 es
2362 2922 2522 2981 Patre
2568 2940 2715 2989 esse,
2746 2923 3032 2996 quomodo
3078 2922 3277 2979 Filium
3331 2921 3630 2993 ingenitum

2059 3016 2424 3087 pronuntiat?
2467 3014 2793 3086 Quanquam
2849 3031 2913 3070 ex
2964 3014 3164 3085 placito
3200 3024 3406 3076 vestro,
3458 3027 3492 3066 o
3539 3025 3629 3065 sa-

2061 3110 2298 3181 pientes.
2326 3107 2568 3179 quandiu
2599 3105 2798 3161 Filium
2839 3120 2870 3160 a
2896 3104 3061 3160 Patre
3095 3120 3189 3174 per
3220 3103 3629 3174 generationem

389 3209 753 3281 μαινομένων,
780 3208 876 3262 καὶ
900 3208 1062 3273 αὐτὸς
1085 3207 1387 3280 ἀγέννητος-
1404 3208 1609 3280 κυρίως
1653 3205 1958 3278 ὀνομασθή-

2060 3215 2179 3257 esse
2207 3199 2446 3270 negatis,
2493 3214 2600 3252 una
2627 3195 2860 3268 quadam
2888 3194 3287 3267 signiﬁcatione
3315 3208 3380 3248 ex
3410 3192 3478 3247 tis
3511 3205 3633 3259 qutc

388 3319 561 3356 σεται.
603 3300 822 3371 Ἐπειδὴ
863 3300 972 3371 γὰρ
996 3299 1064 3354 τά
1100 3300 1199 3370 μὲν
1241 3300 1552 3370 τικτόμενα,
1579 3298 1649 3352 τὰ
1687 3298 1745 3353 δὲ
1787 3314 1958 3352 καταο

390 3394 765 3464 σκευαζόμενα
792 3393 1022 3462 γίνεται,
1056 3393 1117 3446 τὸ
1147 3392 1222 3464 μὴ
1248 3391 1336 3445 διά
1358 3394 1661 3462 γεννήσεως
1688 3387 1959 3460 ὑφεστὼς,

389 3486 541 3539 ὠδὲν
567 3484 768 3539 κωλύει
800 3485 1111 3555 ἀγεννήτως
1136 3478 1431 3551 ὑφεστάναι
1472 3481 1676 3550 λέγειν⁷
1699 3480 1838 3534 κατά
1863 3479 1960 3550 μό-

393 3589 480 3625 νον
506 3572 567 3626 τὸ
594 3572 697 3642 τῆς
717 3570 1466 3641 γεννήσεωςησημαινόμενον.
1494 3566 1667 3621 Τοῦτο
1692 3567 1761 3620 δὲ-
1777 3568 1806 3620 6
1827 3565 1961 3636 ὑμέ-

394 3680 547 3734 τερος
575 3663 705 3733 περὶ
735 3661 829 3714 τοῦ
852 3661 1055 3732 Κυρίου
1083 3658 1479 3724 κατασκευάζει
1504 3657 1680 3727 λόγος,
1707 3658 1736 3710 6
1757 3657 1962 3728 κτίσμα

396 3750 526 3807 εἶναι
553 3751 937 3823 διοριζόμενος,
972 3750 1179 3805 Οὐκοῦν
1208 3750 1332 3805 καθ’
1364 3750 1529 3820 ὑμᾶς,
1560 3744 1606 3802 ὦ
1637 3747 1954 3816 σοφώτατοι,

397 3843 684 3915 ἀγέννητος
717 3844 747 3896 6
776 3841 1082 3914 Μονογενὴς
1115 3844 1179 3896 ὲκ
1211 3843 1310 3913 τῆς
1347 3841 1602 3913 τοιαύτης
1643 3840 1960 3905 ἀκολουθίας

398 3936 841 4007 όνομασθήσεται.
876 3936 939 3988 οὐ
968 3934 1110 3988 κατὰ
1126 3933 1187 3987 τὸ
1216 3933 1479 4005 ἡμέτερον
1511 3933 1713 4004 δόγμα’
1744 3933 1837 3987 καὶ
1867 3934 1958 3985 εύο

400 4028 641 4099 ρίσκεται
669 4027 798 4097 ὑμῖν
815 4026 859 4096 ἡ
882 4024 1028 4096 δίκη,
1054 4024 1245 4095 ἥντινα
1287 4024 1382 4077 καὶ
1427 4023 1604 4092 λέγεις
1639 4022 1816 4094 δίκην,
1848 4025 1962 4085 τοῖς

398 4119 678 4191 ὑμετέροις
704 4116 822 4171 καθ’
852 4114 1010 4188 ἡμῶν
1035 4114 1453 4186 ὲπιψηφίζουσα.

461 4387 733 4459 Εὕκαιρον
764 4383 872 4455 γὰρ
904 4384 970 4437 ὲκ
994 4381 1091 4436 τοῦ
1122 4381 1383 4453 βορὸόρου
1412 4381 1520 4435 τῶν
1553 4379 1964 4448 ἐκεῖθεν,).όγων

395 4478 738 4555 προσπτύσαι
766 4478 831 4546 τῇ
873 4473 1120 4547 βδελυρίᾳ
1144 4472 1241 4527 τοῦ
1264 4473 1531 4544 δόγματος
1549 4491 1562 4504 ·
1597 4474 1691 4527 καὶ
1729 4473 1839 4541 γὰρ
1870 4473 1964 4526 καὶ

392 4574 454 4628 σὺ
474 4573 663 4641 ἕτερον
685 4568 848 4639 μέρος
867 4564 973 4619 τῶν
999 4563 1142 4620 κατά
1165 4564 1225 4618 τὺ
1247 4564 1493 4636 δίλημμα
1516 4564 1774 4619 τεθέντων
1793 4563 1962 4634 αὐτῷ,

393 4665 487 4734 τῆς
523 4662 649 4731 ῐσης
695 4660 874 4729 ἔχεται
919 4655 1320 4728 παραπληξίας.
1369 4657 1447 4711 Ἦ
1465 4656 1631 4726 μίαν,
1669 4655 1821 4727 φησὶ,
1863 4655 1962 4710 καὶ

389 4756 587 4825 μόνην·
621 4748 890 4817 ἄναρχον
928 4745 1361 4815 ὁμολογοῦντες
1398 4747 1617 4800 οὐσίαν
1636 4786 1651 4812 ,
1679 4742 1806 4800 εἶτα
1835 4746 1965 4799 ταύ-

393 4862 506 4913 την
536 4844 631 4907 εις
659 4838 892 4905 Πατέρα
939 4835 1038 4890 καί
1076 4837 1213 4890 Υὶὸν
1268 4836 1342 4905 τῇ
1382 4832 1965 4904 γεννήσεινπεριτρά-

392 4952 632 5007 φοντες,
659 4931 855 5000 αὐτὴν
882 4930 1017 4998 παρ’
1037 4928 1256 4996 ἑαυτῆς
1276 4924 1673 4998 γεγεννῆσθαι
1687 4926 1969 4997 τὴνάγέν..

392 5045 583 5096 mror
624 5024 845 5079 οὐσίαν
887 5017 1133 5090 φήσετε.
1181 5019 1276 5082 Τίς
1322 5018 1459 5087 αὕτη
1513 5017 1673 5073 πάλιν
1720 5018 1754 5088 ἡ
1809 5014 1970 5086 καινὴ

390 5113 782 5191 τερατολογίας
820 5110 936 5175 πῶς
981 5108 1143 5171 αὐτός
1190 5125 1273 5171 τις
1319 5106 1409 5175 ὑφ’
1448 5106 1638 5161 ἑαυτοῦ
1692 5108 1966 5176 γεννᾶται,

390 5210 588 5267 ἑαυτὸν
616 5204 835 5277 Πατέρα
869 5204 1029 5275 ἔχων,
1060 5201 1152 5257 καὶ
1182 5200 1306 5262 Υἱὸς
1336 5199 1525 5254 ἑαυτοῦ
1556 5199 1716 5255 πάλιν
1750 5200 1967 5273 γινόμε-

391 5318 524 5365 voc;
563 5298 660 5361 Τίς
711 5297 744 5367 ἡ
788 5295 1013 5357 ναυτίας
1046 5292 1143 5355 Τίς
1178 5292 1212 5361 ἠ
1264 5289 1589 5361 παραφορά;
1635 5290 1967 5361 Στρέφεσθαι

390 5393 616 5453 ἑαυτοῖς
640 5388 733 5442 ἀπὶ
753 5386 818 5441 τὸ
843 5385 992 5440 κάτω
1016 5382 1107 5437 τὸν
1132 5382 1347 5453 ὄροφον,
1372 5383 1467 5436 καὶ
1492 5382 1631 5454 ὑπὲρ
1650 5383 1888 5452 κεφαλῆς
1908 5382 1969 5435 τὸ

390 5482 596 5550 εδαφος
624 5478 802 5548 Extra;
837 5476 902 5530 '0
933 5476 983 5527 οί
1013 5473 1118 5527 ὑπὸ
1147 5471 1318 5545 μέθης
1347 5472 1784 5544 καρηϐαροῦντες
1820 5472 1969 5543 νομί.

395 5570 589 5637 ζουσι,
616 5568 712 5622 καὶ
739 5565 925 5636 βοῶσι,
958 5565 1051 5619 καὶ
1074 5563 1442 5626 διατείνονται,
1452 5564 1585 5634 μήτε
1615 5563 1714 5633 τὴν
1740 5563 1843 5633 γῆν
1871 5564 1963 5617 αὐ-

395 5664 515 5729 ml;
545 5659 879 5733 πεπηγέναι,
919 5657 1134 5728 φεύγειν
1163 5676 1217 5712 τε
1251 5657 1344 5713 καὶ
1372 5657 1492 5721 τοὺς
1523 5657 1764 5728 τοίχους,
1792 5658 1883 5710 καὶ
1911 5656 1967 5709 ἐν

2061 3289 2376 3347 innascibili
2412 3287 2808 3357 subjiciuntur,
2855 3286 2973 3359 ipse
3004 3285 3168 3340 etiam
3197 3282 3370 3338 Filius
3410 3281 3629 3352 proprie

2061 3382 2406 3440 innascibilis
2445 3377 2843 3436 nominabitur.
2875 3375 3010 3432 Cum
3048 3375 3195 3431 enim
3230 3374 3338 3427 alia
3381 3372 3630 3451 quaedam

2060 3482 2411 3546 generentur,
2443 3472 2549 3526 alia
2588 3470 2658 3526 ab
2686 3476 2804 3524 arte
2833 3465 3220 3528 conficiantur,
3264 3462 3396 3517 nihil
3426 3461 3629 3522 obstat,

2059 3565 2354 3637 quominus
2403 3561 2479 3629 id,
2530 3561 2676 3632 quod
2721 3575 2817 3630 per
2856 3557 3267 3630 generationem
3309 3569 3416 3609 non
3451 3551 3627 3607 subsi-

2061 3659 2176 3721 stit,
2203 3654 2443 3726 ingenite
2474 3652 2779 3709 subsistere
2807 3650 3076 3711 dicamus,
3109 3646 3226 3703 sola
3263 3641 3632 3716 generationis

2062 3745 2463 3817 significatione
2488 3740 2861 3797 considerata.
2886 3735 3004 3793 lluc
3029 3749 3157 3791 vero
3185 3741 3362 3789 vestra
3386 3730 3631 3787 doctrina

2063 3837 2342 3899 collineat,
2375 3841 2566 3904 utpote
2600 3847 2723 3903 qua:
2748 3828 3050 3886 Dominum.
3076 3822 3346 3880 creaturis
3367 3835 3631 3876 annume-

2062 3937 2166 3985 ret.
2207 3928 2377 3999 Igitur
2406 3924 2710 3983 secundum
2741 3937 2862 3984 vos,
2897 3935 2931 3975 o
2960 3913 3383 3989 sapientissimi,
3424 3912 3632 3981 Unige-

2062 4022 2213 4079 nitus
2245 4018 2524 4089 ingenitus
2565 4032 2637 4072 ex
2674 4012 2771 4068 tali
2807 4009 3199 4067 consecutione
3240 4004 3629 4067 nominabitur,

2061 4128 2172 4169 non
2220 4126 2286 4167 es
2318 4110 2575 4181 dogmate
2614 4113 2807 4161 nostro
2839 4121 2853 4156 :
2881 4108 2939 4156 et
2977 4100 3060 4156 sic
3083 4098 3301 4168 iustitia
3341 4110 3440 4152 seu
3502 4095 3630 4150 Dice

2065 4202 2170 4274 (sic
2199 4200 2347 4257 enim
2374 4194 2681 4269 appellatis)
2738 4199 2935 4247 contra
2968 4205 3073 4246 nos
3095 4204 3160 4246 es
3187 4186 3388 4243 vestris
3421 4192 3636 4240 senten-

2066 4294 2195 4350 tiam
2228 4290 2456 4363 profert.

2133 4382 2506 4452 Opportunum
2534 4375 2645 4446 jam
2677 4380 2891 4445 tempus
2923 4381 3028 4439 est,
3046 4378 3108 4427 ut
3133 4385 3201 4428 ex
3227 4369 3484 4428 sordibus
3511 4380 3633 4421 ora-

2067 4475 2232 4529 tionis
2242 4463 3405 4537 eluctati,conspuamusipsumexsecrabile
3415 4461 3631 4532 dogma:

2067 4580 2193 4620 nam
2222 4570 2277 4620 et
2306 4561 2477 4616 altera
2508 4574 2636 4630 pars
2688 4571 2899 4623 eorum,
2943 4570 3065 4626 qua:
3095 4554 3476 4639 perﬁlemma
3506 4566 3635 4621 pro-

2060 4654 2212 4719 tulit,
2235 4654 2404 4712 simili
2430 4651 2654 4708 vesania
2678 4657 2916 4707 tenetur.
2950 4648 3040 4701 Ait
3065 4647 3237 4713 enim,
3292 4646 3371 4700 vel
3402 4658 3561 4697 unam
3584 4650 3636 4696 et

2040 4746 2231 4807 solum
2306 4744 2554 4813 principii
2601 4749 2865 4812 expertem
2923 4738 3275 4794 substantiam
3326 4742 3633 4798 statuentes,

2060 4855 2275 4910 eamque
2287 4847 2465 4907 postea
2500 4835 2659 4889 Patre
2688 4843 2747 4890 et
2772 4831 2914 4888 Filio
2937 4828 3447 4892 circumscribentes,
3466 4826 3637 4895 ipsam

2062 4930 2428 4987 innascibilem
2457 4927 2810 4983 substantiam
2850 4943 2882 4978 a
2922 4925 3101 4995 seipse
3148 4932 3331 4977 natam
3350 4938 3465 4976 esse
3487 4934 3635 4974 asse-

2060 5024 2199 5080 ritis.
2237 5023 2369 5089 Quae
2394 5030 2479 5077 est
2504 5021 2838 5077 ista.iterum
2865 5018 3002 5073 adeo
3038 5031 3179 5072 nova
3200 5023 3254 5071 et
3286 5024 3637 5069 monstruosa

2070 5115 2286 5173 oratio?
2326 5112 2609 5180 Quomodo
2659 5111 2857 5181 aliquis
2912 5125 2944 5164 a
2998 5111 3182 5182 seipso
3240 5108 3503 5170 nascitur,
3551 5107 3637 5163 sui

2074 5209 2248 5279 ipsius
2296 5204 2455 5262 Pater
2493 5203 2691 5268 factus,
2726 5216 2779 5261 et
2832 5219 3041 5259 rursus.
3081 5203 3164 5258 sui
3226 5200 3399 5271 ipsius
3428 5197 3640 5255 Filius?

2075 5299 2207 5365 Quae
2237 5305 2323 5353 est
2359 5296 2473 5350 hate
2504 5294 2742 5348 nausea?
2774 5308 2894 5363 quae
2913 5291 3188 5347 amentia?
3227 5298 3429 5346 tectum
3463 5289 3638 5351 humi,

2066 5398 2121 5447 et
2148 5388 2517 5459 pavimentum
2547 5399 2715 5454 supra
2744 5391 2910 5453 caput
2966 5382 3257 5447 collocare,
3309 5380 3456 5452 quod
3497 5380 3637 5437 ebrii

2067 5478 2246 5548 capite
2272 5476 2479 5548 gravati
2507 5475 2611 5532 sibi
2640 5474 2923 5544 obtingere
2959 5479 3266 5538 autumant,
3293 5473 3387 5544 qui
3440 5470 3640 5527 vocife-

2066 5573 2257 5625 rantur
2293 5575 2347 5623 et
2401 5565 2747 5637 pertendunt,
2805 5577 2981 5635 neque
3034 5570 3231 5618 terram
3274 5563 3376 5619 sibi
3430 5562 3638 5615 firmam

2068 5657 2625 5728 consistereqwrietes
2654 5654 2863 5727 fugere,
2901 5658 2953 5712 in
2984 5653 3171 5712 orbem
3188 5656 3372 5712 omnia
3398 5652 3638 5711 circum-
