  <div class='ocr_page' id='page_1' title='image "/cluster/home/n/w/nwhite01/storage/ocr_20150623/45/hvd.32044073501876/219.png"; bbox 0 0 4032 6208; ppageno 0'>
   <div class='ocr_carea' id='block_1_1' title="bbox 451 243 556 297">
    <p class='ocr_par' dir='ltr' id='par_1_1' title="bbox 451 243 556 297">
     <span class='ocr_line' id='line_1_1' title="bbox 451 243 556 297; baseline 0 0"><span class='ocrx_word' id='word_1_1' title='bbox 451 243 556 297; x_wconf 71' lang='grc'><strong>403</strong></span> 
     </span>
    </p>
   </div>
   <div class='ocr_carea' id='block_1_2' title="bbox 1704 248 2464 306">
    <p class='ocr_par' dir='ltr' id='par_1_2' title="bbox 1704 248 2464 306">
     <span class='ocr_line' id='line_1_2' title="bbox 1704 248 2464 306; baseline -0.004 0"><span class='ocrx_word' id='word_1_2' title='bbox 1704 249 1763 306; x_wconf 81' lang='lat'><strong>8.</strong></span> <span class='ocrx_word' id='word_1_3' title='bbox 1806 248 2135 304; x_wconf 75' lang='lat' dir='ltr'><strong>GBEGORII</strong></span> <span class='ocrx_word' id='word_1_4' title='bbox 2171 248 2464 305; x_wconf 75' lang='lat' dir='ltr'><strong>NYSSENI</strong></span> 
     </span>
    </p>
   </div>
   <div class='ocr_carea' id='block_1_3' title="bbox 3596 248 3697 305">
    <p class='ocr_par' dir='ltr' id='par_1_3' title="bbox 3596 248 3697 305">
     <span class='ocr_line' id='line_1_3' title="bbox 3596 248 3697 305; baseline 0.03 -3"><span class='ocrx_word' id='word_1_5' title='bbox 3596 248 3697 305; x_wconf 68' lang='grc' dir='ltr'><strong>4οι</strong></span> 
     </span>
    </p>
   </div>
   <div class='ocr_carea' id='block_1_4' title="bbox 451 358 2019 436">
    <p class='ocr_par' dir='ltr' id='par_1_4' title="bbox 451 358 2019 431">
     <span class='ocr_line' id='line_1_4' title="bbox 451 358 2019 431; baseline 0.008 -23"><span class='ocrx_word' id='word_1_6' title='bbox 451 358 561 427; x_wconf 85' lang='lat' dir='ltr'><strong>agi,</strong></span> <span class='ocrx_word' id='word_1_7' title='bbox 615 374 715 414; x_wconf 82' lang='lat' dir='ltr'><strong>nec</strong></span> <span class='ocrx_word' id='word_1_8' title='bbox 774 375 896 430; x_wconf 64' lang='lat' dir='ltr'><strong>qua</strong></span> <span class='ocrx_word' id='word_1_9' title='bbox 929 369 1194 431; x_wconf 89' lang='lat' dir='ltr'><strong>apparent</strong></span> <span class='ocrx_word' id='word_1_10' title='bbox 1225 362 1408 431; x_wconf 88' lang='lat' dir='ltr'><strong>quiete</strong></span> <span class='ocrx_word' id='word_1_11' title='bbox 1442 364 1549 417; x_wconf 89' lang='lat' dir='ltr'><strong>ulla</strong></span> <span class='ocrx_word' id='word_1_12' title='bbox 1571 364 1824 419; x_wconf 76' lang='lat' dir='ltr'><strong>stabiliri.</strong></span> <span class='ocrx_word' id='word_1_13' title='bbox 1862 364 2019 421; x_wconf 83' lang='lat' dir='ltr'><strong>Forte</strong></span> 
     </span>
    </p>
   </div>
   <div class='ocr_carea' id='block_1_5' title="bbox 2123 358 3700 436">
    <p class='ocr_par' dir='ltr' id='par_1_5' title="bbox 2124 360 3700 436">
     <span class='ocr_line' id='line_1_5' title="bbox 2124 360 3700 436; baseline -0.003 -19"><span class='ocrx_word' id='word_1_14' title='bbox 2124 364 2307 436; x_wconf 83' lang='grc' dir='ltr'>κύκλῳ</span> <span class='ocrx_word' id='word_1_15' title='bbox 2351 364 2740 436; x_wconf 79' lang='grc' dir='ltr'><strong>περιδινεῖσθαι</strong></span> <span class='ocrx_word' id='word_1_16' title='bbox 2775 366 2843 417; x_wconf 78' lang='grc' dir='ltr'>τὰ</span> <span class='ocrx_word' id='word_1_17' title='bbox 2885 362 3079 424; x_wconf 79' lang='grc' dir='ltr'>πάντα,</span> <span class='ocrx_word' id='word_1_18' title='bbox 3131 362 3224 415; x_wconf 68' lang='grc' dir='ltr'>καὶ</span> <span class='ocrx_word' id='word_1_19' title='bbox 3259 360 3526 432; x_wconf 83' lang='grc' dir='ltr'>μηδεμίαν</span> <span class='ocrx_word' id='word_1_20' title='bbox 3557 362 3700 432; x_wconf 72' lang='grc' dir='ltr'>ἔχειν</span> 
     </span>
    </p>
   </div>
   <div class='ocr_carea' id='block_1_6' title="bbox 368 444 2023 529">
    <p class='ocr_par' dir='ltr' id='par_1_6' title="bbox 368 444 2023 529">
     <span class='ocr_line' id='line_1_6' title="bbox 368 444 2023 529; baseline 0.007 -29"><span class='ocrx_word' id='word_1_21' title='bbox 368 444 373 450; x_wconf 85' lang='grc'><strong>’</strong></span> <span class='ocrx_word' id='word_1_22' title='bbox 452 450 548 503; x_wconf 89' lang='lat' dir='ltr'><strong>tali</strong></span> <span class='ocrx_word' id='word_1_23' title='bbox 610 459 745 507; x_wconf 66' lang='lat' dir='ltr'><strong>aestu</strong></span> <span class='ocrx_word' id='word_1_24' title='bbox 823 454 1130 509; x_wconf 89' lang='lat' dir='ltr'><strong>concitatus</strong></span> <span class='ocrx_word' id='word_1_25' title='bbox 1204 455 1425 525; x_wconf 90' lang='lat' dir='ltr'><strong>scripsit</strong></span> <span class='ocrx_word' id='word_1_26' title='bbox 1496 456 1829 512; x_wconf 73' lang='lat' dir='ltr'><strong>declamator</strong></span> <span class='ocrx_word' id='word_1_27' title='bbox 1901 474 2023 529; x_wconf 72' lang='lat' dir='ltr'><strong>quae</strong></span> 
     </span>
    </p>
   </div>
   <div class='ocr_carea' id='block_1_7' title="bbox 452 541 2023 617">
    <p class='ocr_par' dir='ltr' id='par_1_7' title="bbox 452 541 2023 617">
     <span class='ocr_line' id='line_1_7' title="bbox 452 541 2023 617; baseline 0.008 -24"><span class='ocrx_word' id='word_1_28' title='bbox 452 541 691 610; x_wconf 75' lang='lat' dir='ltr'><strong>scripsit,</strong></span> <span class='ocrx_word' id='word_1_29' title='bbox 728 544 822 613; x_wconf 85' lang='lat' dir='ltr'><strong>qui</strong></span> <span class='ocrx_word' id='word_1_30' title='bbox 853 544 1231 601; x_wconf 85' lang='lat' dir='ltr'><strong>misericordia</strong></span> <span class='ocrx_word' id='word_1_31' title='bbox 1258 550 1430 617; x_wconf 83' lang='lat' dir='ltr'><strong>magis</strong></span> <span class='ocrx_word' id='word_1_32' title='bbox 1471 563 1634 617; x_wconf 87' lang='lat' dir='ltr'><strong>quam</strong></span> <span class='ocrx_word' id='word_1_33' title='bbox 1664 548 2023 606; x_wconf 74' lang='lat' dir='ltr'><strong>detestatione</strong></span> 
     </span>
    </p>
   </div>
   <div class='ocr_carea' id='block_1_8' title="bbox 451 629 2021 711">
    <p class='ocr_par' dir='ltr' id='par_1_8' title="bbox 451 629 2021 711">
     <span class='ocr_line' id='line_1_8' title="bbox 451 629 2021 711; baseline 0.008 -28"><span class='ocrx_word' id='word_1_34' title='bbox 451 629 648 699; x_wconf 86' lang='lat' dir='ltr'><strong>dignus</strong></span> <span class='ocrx_word' id='word_1_35' title='bbox 674 642 778 687; x_wconf 89' lang='lat' dir='ltr'><strong>est.</strong></span> <span class='ocrx_word' id='word_1_36' title='bbox 797 631 930 699; x_wconf 84' lang='lat' dir='ltr'><strong>Quis</strong></span> <span class='ocrx_word' id='word_1_37' title='bbox 950 635 1095 691; x_wconf 91' lang='lat' dir='ltr'><strong>enim</strong></span> <span class='ocrx_word' id='word_1_38' title='bbox 1116 651 1287 707; x_wconf 85' lang='lat' dir='ltr'><strong>usque</strong></span> <span class='ocrx_word' id='word_1_39' title='bbox 1307 636 1442 692; x_wconf 91' lang='lat' dir='ltr'><strong>adeo</strong></span> <span class='ocrx_word' id='word_1_40' title='bbox 1468 637 1775 695; x_wconf 90' lang='lat' dir='ltr'><strong>divinorum</strong></span> <span class='ocrx_word' id='word_1_41' title='bbox 1798 641 2021 711; x_wconf 80' lang='lat' dir='ltr'><strong>dogma-</strong></span> 
     </span>
    </p>
   </div>
   <div class='ocr_carea' id='block_1_9' title="bbox 451 722 2019 798">
    <p class='ocr_par' dir='ltr' id='par_1_9' title="bbox 451 722 2019 798">
     <span class='ocr_line' id='line_1_9' title="bbox 451 722 2019 798; baseline 0.011 -28"><span class='ocrx_word' id='word_1_42' title='bbox 451 727 565 773; x_wconf 87' lang='lat' dir='ltr'><strong>tum</strong></span> <span class='ocrx_word' id='word_1_43' title='bbox 583 722 735 776; x_wconf 88' lang='lat' dir='ltr'><strong>rudis</strong></span> <span class='ocrx_word' id='word_1_44' title='bbox 753 732 858 787; x_wconf 88' lang='lat' dir='ltr'><strong>est,</strong></span> <span class='ocrx_word' id='word_1_45' title='bbox 882 727 1004 796; x_wconf 89' lang='lat' dir='ltr'><strong>quis</strong></span> <span class='ocrx_word' id='word_1_46' title='bbox 1022 727 1091 782; x_wconf 86' lang='lat' dir='ltr'><strong>ab</strong></span> <span class='ocrx_word' id='word_1_47' title='bbox 1108 726 1362 783; x_wconf 74' lang='lat' dir='ltr'><strong>Ecclesiae</strong></span> <span class='ocrx_word' id='word_1_48' title='bbox 1386 727 1634 783; x_wconf 83' lang='lat' dir='ltr'><strong>dcctrina</strong></span> <span class='ocrx_word' id='word_1_49' title='bbox 1660 740 1767 788; x_wconf 91' lang='lat' dir='ltr'><strong>tam</strong></span> <span class='ocrx_word' id='word_1_50' title='bbox 1785 731 2019 798; x_wconf 87' lang='lat' dir='ltr'><strong>alienus,</strong></span> 
     </span>
    </p>
   </div>
   <div class='ocr_carea' id='block_1_10' title="bbox 453 812 2018 884">
    <p class='ocr_par' dir='ltr' id='par_1_10' title="bbox 453 812 2018 884">
     <span class='ocr_line' id='line_1_10' title="bbox 453 812 2018 884; baseline 0.01 -21"><span class='ocrx_word' id='word_1_51' title='bbox 453 818 513 864; x_wconf 93' lang='lat' dir='ltr'><strong>ut</strong></span> <span class='ocrx_word' id='word_1_52' title='bbox 562 812 876 883; x_wconf 89' lang='lat' dir='ltr'><strong>hujusmodi</strong></span> <span class='ocrx_word' id='word_1_53' title='bbox 936 816 1060 875; x_wconf 79' lang='lat' dir='ltr'><strong>ﬁdei</strong></span> <span class='ocrx_word' id='word_1_54' title='bbox 1121 818 1408 884; x_wconf 76' lang='lat' dir='ltr'><strong>adversam</strong></span> <span class='ocrx_word' id='word_1_55' title='bbox 1441 822 1902 879; x_wconf 78' lang='lat' dir='ltr'><strong>existimationem</strong></span> <span class='ocrx_word' id='word_1_56' title='bbox 1962 824 2018 881; x_wconf 91' lang='lat' dir='ltr'><strong>in</strong></span> 
     </span>
    </p>
   </div>
   <div class='ocr_carea' id='block_1_11' title="bbox 452 902 2017 984">
    <p class='ocr_par' dir='ltr' id='par_1_11' title="bbox 452 902 2017 984">
     <span class='ocr_line' id='line_1_11' title="bbox 452 902 2017 984; baseline 0.012 -29"><span class='ocrx_word' id='word_1_57' title='bbox 452 902 694 960; x_wconf 89' lang='lat' dir='ltr'><strong>animum</strong></span> <span class='ocrx_word' id='word_1_58' title='bbox 729 922 888 963; x_wconf 85' lang='lat' dir='ltr'><strong>suum</strong></span> <span class='ocrx_word' id='word_1_59' title='bbox 930 909 1210 966; x_wconf 82' lang='lat' dir='ltr'><strong>admittat?</strong></span> <span class='ocrx_word' id='word_1_60' title='bbox 1263 913 1371 969; x_wconf 89' lang='lat' dir='ltr'><strong>imo</strong></span> <span class='ocrx_word' id='word_1_61' title='bbox 1398 916 1581 984; x_wconf 84' lang='lat' dir='ltr'><strong>potius</strong></span> <span class='ocrx_word' id='word_1_62' title='bbox 1645 913 1787 971; x_wconf 79' lang='lat' dir='ltr'><strong>forte</strong></span> <span class='ocrx_word' id='word_1_63' title='bbox 1826 916 2017 975; x_wconf 81' lang='lat' dir='ltr'><strong>dicen-</strong></span> 
     </span>
    </p>
   </div>
   <div class='ocr_carea' id='block_1_12' title="bbox 452 993 2020 1071">
    <p class='ocr_par' dir='ltr' id='par_1_12' title="bbox 452 993 2020 1071">
     <span class='ocr_line' id='line_1_12' title="bbox 452 993 2020 1071; baseline 0.01 -25"><span class='ocrx_word' id='word_1_64' title='bbox 452 993 580 1046; x_wconf 82' lang='lat' dir='ltr'><strong>dum</strong></span> <span class='ocrx_word' id='word_1_65' title='bbox 603 995 728 1061; x_wconf 89' lang='lat' dir='ltr'><strong>erit,</strong></span> <span class='ocrx_word' id='word_1_66' title='bbox 763 998 1034 1054; x_wconf 88' lang='lat' dir='ltr'><strong>neminem</strong></span> <span class='ocrx_word' id='word_1_67' title='bbox 1075 1010 1347 1071; x_wconf 89' lang='lat' dir='ltr'><strong>repertum</strong></span> <span class='ocrx_word' id='word_1_68' title='bbox 1377 1004 1465 1069; x_wconf 91' lang='lat' dir='ltr'><strong>iri,</strong></span> <span class='ocrx_word' id='word_1_69' title='bbox 1491 1005 1579 1060; x_wconf 91' lang='lat' dir='ltr'><strong>cui</strong></span> <span class='ocrx_word' id='word_1_70' title='bbox 1614 1006 1700 1061; x_wconf 90' lang='lat' dir='ltr'><strong>vel</strong></span> <span class='ocrx_word' id='word_1_71' title='bbox 1756 1006 1890 1062; x_wconf 85' lang='lat' dir='ltr'><strong>levis</strong></span> <span class='ocrx_word' id='word_1_72' title='bbox 1928 1022 2020 1061; x_wconf 90' lang='lat' dir='ltr'><strong>su-</strong></span> 
     </span>
    </p>
   </div>
   <div class='ocr_carea' id='block_1_13' title="bbox 452 1083 2018 1169">
    <p class='ocr_par' dir='ltr' id='par_1_13' title="bbox 452 1083 2018 1169">
     <span class='ocr_line' id='line_1_13' title="bbox 452 1083 2018 1169; baseline 0.013 -33"><span class='ocrx_word' id='word_1_73' title='bbox 452 1083 626 1153; x_wconf 87' lang='lat' dir='ltr'><strong>spicio</strong></span> <span class='ocrx_word' id='word_1_74' title='bbox 654 1086 723 1146; x_wconf 81' lang='lat' dir='ltr'><strong>de</strong></span> <span class='ocrx_word' id='word_1_75' title='bbox 753 1088 847 1143; x_wconf 90' lang='lat' dir='ltr'><strong>tali</strong></span> <span class='ocrx_word' id='word_1_76' title='bbox 890 1090 1231 1150; x_wconf 78' lang='lat' dir='ltr'><strong>absurditate</strong></span> <span class='ocrx_word' id='word_1_77' title='bbox 1255 1094 1542 1155; x_wconf 87' lang='lat' dir='ltr'><strong>oboriatur</strong></span> <span class='ocrx_word' id='word_1_78' title='bbox 1570 1114 1584 1151; x_wconf 93' lang='lat'><strong>:</strong></span> <span class='ocrx_word' id='word_1_79' title='bbox 1647 1112 1774 1154; x_wconf 91' lang='lat' dir='ltr'><strong>nam</strong></span> <span class='ocrx_word' id='word_1_80' title='bbox 1810 1097 1937 1169; x_wconf 87' lang='lat' dir='ltr'><strong>quis</strong></span> <span class='ocrx_word' id='word_1_81' title='bbox 1961 1099 2018 1155; x_wconf 91' lang='lat' dir='ltr'><strong>in</strong></span> 
     </span>
    </p>
   </div>
   <div class='ocr_carea' id='block_1_14' title="bbox 451 1177 2018 1257">
    <p class='ocr_par' dir='ltr' id='par_1_14' title="bbox 451 1177 2018 1257">
     <span class='ocr_line' id='line_1_14' title="bbox 451 1177 2018 1257; baseline 0.011 -29"><span class='ocrx_word' id='word_1_82' title='bbox 451 1182 644 1230; x_wconf 86' lang='lat' dir='ltr'><strong>natura</strong></span> <span class='ocrx_word' id='word_1_83' title='bbox 674 1177 932 1247; x_wconf 88' lang='lat' dir='ltr'><strong>humana,</strong></span> <span class='ocrx_word' id='word_1_84' title='bbox 961 1182 1045 1240; x_wconf 90' lang='lat' dir='ltr'><strong>vel</strong></span> <span class='ocrx_word' id='word_1_85' title='bbox 1068 1184 1174 1240; x_wconf 85' lang='lat' dir='ltr'><strong>alia</strong></span> <span class='ocrx_word' id='word_1_86' title='bbox 1194 1186 1448 1257; x_wconf 86' lang='lat' dir='ltr'><strong>quapiam</strong></span> <span class='ocrx_word' id='word_1_87' title='bbox 1472 1202 1533 1243; x_wconf 91' lang='lat' dir='ltr'><strong>re</strong></span> <span class='ocrx_word' id='word_1_88' title='bbox 1567 1188 1727 1247; x_wconf 91' lang='lat' dir='ltr'><strong>nobis</strong></span> <span class='ocrx_word' id='word_1_89' title='bbox 1747 1205 2018 1246; x_wconf 81' lang='lat' dir='ltr'><strong>sensuum</strong></span> 
     </span>
    </p>
   </div>
   <div class='ocr_carea' id='block_1_15' title="bbox 452 1265 2017 1349">
    <p class='ocr_par' dir='ltr' id='par_1_15' title="bbox 452 1265 2017 1349">
     <span class='ocr_line' id='line_1_15' title="bbox 452 1265 2017 1349; baseline 0.012 -32"><span class='ocrx_word' id='word_1_90' title='bbox 452 1265 755 1325; x_wconf 86' lang='lat' dir='ltr'><strong>ministerio</strong></span> <span class='ocrx_word' id='word_1_91' title='bbox 784 1278 934 1338; x_wconf 88' lang='lat' dir='ltr'><strong>nota,</strong></span> <span class='ocrx_word' id='word_1_92' title='bbox 967 1288 1092 1331; x_wconf 90' lang='lat' dir='ltr'><strong>cum</strong></span> <span class='ocrx_word' id='word_1_93' title='bbox 1140 1284 1348 1333; x_wconf 65' lang='lat' dir='ltr'><strong>natura</strong></span> <span class='ocrx_word' id='word_1_94' title='bbox 1377 1279 1817 1336; x_wconf 88' lang='lat' dir='ltr'><strong>communionem</strong></span> <span class='ocrx_word' id='word_1_95' title='bbox 1842 1281 2017 1349; x_wconf 87' lang='lat' dir='ltr'><strong>audit,</strong></span> 
     </span>
    </p>
   </div>
   <div class='ocr_carea' id='block_1_16' title="bbox 454 1358 2022 1442">
    <p class='ocr_par' dir='ltr' id='par_1_16' title="bbox 454 1358 2022 1442">
     <span class='ocr_line' id='line_1_16' title="bbox 454 1358 2022 1442; baseline 0.012 -33"><span class='ocrx_word' id='word_1_96' title='bbox 454 1358 706 1430; x_wconf 86' lang='lat' dir='ltr'><strong>principii</strong></span> <span class='ocrx_word' id='word_1_97' title='bbox 734 1363 975 1431; x_wconf 79' lang='lat' dir='ltr'><strong>expertia</strong></span> <span class='ocrx_word' id='word_1_98' title='bbox 1001 1366 1184 1423; x_wconf 83' lang='lat' dir='ltr'><strong>omnia</strong></span> <span class='ocrx_word' id='word_1_99' title='bbox 1206 1366 1296 1423; x_wconf 85' lang='lat' dir='ltr'><strong>illa</strong></span> <span class='ocrx_word' id='word_1_100' title='bbox 1323 1368 1518 1437; x_wconf 89' lang='lat' dir='ltr'><strong>credit,</strong></span> <span class='ocrx_word' id='word_1_101' title='bbox 1558 1386 1679 1442; x_wconf 78' lang='lat' dir='ltr'><strong>quae</strong></span> <span class='ocrx_word' id='word_1_102' title='bbox 1700 1372 2022 1429; x_wconf 70' lang='lat' dir='ltr'><strong>substantiae</strong></span> 
     </span>
    </p>
   </div>
   <div class='ocr_carea' id='block_1_17' title="bbox 452 1448 2017 1534">
    <p class='ocr_par' dir='ltr' id='par_1_17' title="bbox 452 1448 2017 1534">
     <span class='ocr_line' id='line_1_17' title="bbox 452 1448 2017 1534; baseline 0.012 -32"><span class='ocrx_word' id='word_1_103' title='bbox 452 1448 659 1506; x_wconf 86' lang='lat' dir='ltr'><strong>ambitu</strong></span> <span class='ocrx_word' id='word_1_104' title='bbox 688 1455 1053 1522; x_wconf 87' lang='lat' dir='ltr'><strong>continentur,</strong></span> <span class='ocrx_word' id='word_1_105' title='bbox 1108 1468 1203 1515; x_wconf 86' lang='lat' dir='ltr'><strong>aut</strong></span> <span class='ocrx_word' id='word_1_106' title='bbox 1236 1460 1438 1532; x_wconf 87' lang='lat' dir='ltr'><strong>aliquid</strong></span> <span class='ocrx_word' id='word_1_107' title='bbox 1470 1477 1534 1517; x_wconf 82' lang='lat' dir='ltr'><strong>ex</strong></span> <span class='ocrx_word' id='word_1_108' title='bbox 1598 1465 1779 1534; x_wconf 85' lang='lat' dir='ltr'><strong>seipso</strong></span> <span class='ocrx_word' id='word_1_109' title='bbox 1821 1465 1973 1521; x_wconf 88' lang='lat' dir='ltr'><strong>nasci</strong></span> <span class='ocrx_word' id='word_1_110' title='bbox 2003 1484 2017 1522; x_wconf 90' lang='lat'><strong>:</strong></span> 
     </span>
    </p>
   </div>
   <div class='ocr_carea' id='block_1_18' title="bbox 452 1546 2025 1630">
    <p class='ocr_par' dir='ltr' id='par_1_18' title="bbox 452 1546 2025 1630">
     <span class='ocr_line' id='line_1_18' title="bbox 452 1546 2025 1630; baseline 0.011 -36"><span class='ocrx_word' id='word_1_111' title='bbox 452 1548 507 1595; x_wconf 90' lang='lat' dir='ltr'><strong>et</strong></span> <span class='ocrx_word' id='word_1_112' title='bbox 532 1557 790 1610; x_wconf 80' lang='lat' dir='ltr'><strong>generare</strong></span> <span class='ocrx_word' id='word_1_113' title='bbox 814 1546 978 1607; x_wconf 84' lang='lat' dir='ltr'><strong>simul</strong></span> <span class='ocrx_word' id='word_1_114' title='bbox 1011 1550 1272 1619; x_wconf 85' lang='lat' dir='ltr'><strong>seipsum,</strong></span> <span class='ocrx_word' id='word_1_115' title='bbox 1297 1560 1352 1608; x_wconf 91' lang='lat' dir='ltr'><strong>et</strong></span> <span class='ocrx_word' id='word_1_116' title='bbox 1384 1568 1413 1608; x_wconf 90' lang='lat' dir='ltr'><strong>a</strong></span> <span class='ocrx_word' id='word_1_117' title='bbox 1449 1555 1629 1625; x_wconf 61' lang='lat' dir='ltr'><strong>seigso</strong></span> <span class='ocrx_word' id='word_1_118' title='bbox 1652 1558 1897 1630; x_wconf 88' lang='lat' dir='ltr'><strong>generari</strong></span> <span class='ocrx_word' id='word_1_119' title='bbox 1940 1572 2025 1612; x_wconf 90' lang='lat' dir='ltr'><strong>as-</strong></span> 
     </span>
    </p>
   </div>
   <div class='ocr_carea' id='block_1_19' title="bbox 453 1635 623 1699">
    <p class='ocr_par' dir='ltr' id='par_1_19' title="bbox 453 1635 623 1699">
     <span class='ocr_line' id='line_1_19' title="bbox 453 1635 623 1699; baseline 0 -10"><span class='ocrx_word' id='word_1_120' title='bbox 453 1635 623 1699; x_wconf 72' lang='lat' dir='ltr'><strong>serit?</strong></span> 
     </span>
    </p>
   </div>
   <div class='ocr_carea' id='block_1_20' title="bbox 520 1726 2018 1808">
    <p class='ocr_par' dir='ltr' id='par_1_20' title="bbox 520 1726 2018 1808">
     <span class='ocr_line' id='line_1_20' title="bbox 520 1726 2018 1808; baseline 0.007 -28"><span class='ocrx_word' id='word_1_121' title='bbox 520 1726 742 1789; x_wconf 78' lang='lat' dir='ltr'><strong>Primus</strong></span> <span class='ocrx_word' id='word_1_122' title='bbox 790 1730 973 1796; x_wconf 88' lang='lat' dir='ltr'><strong>homo,</strong></span> <span class='ocrx_word' id='word_1_123' title='bbox 1031 1740 1085 1786; x_wconf 91' lang='lat' dir='ltr'><strong>et</strong></span> <span class='ocrx_word' id='word_1_124' title='bbox 1114 1733 1206 1802; x_wconf 91' lang='lat' dir='ltr'><strong>qui</strong></span> <span class='ocrx_word' id='word_1_125' title='bbox 1242 1748 1307 1788; x_wconf 75' lang='lat' dir='ltr'><strong>ex</strong></span> <span class='ocrx_word' id='word_1_126' title='bbox 1346 1733 1438 1789; x_wconf 92' lang='lat' dir='ltr'><strong>illo</strong></span> <span class='ocrx_word' id='word_1_127' title='bbox 1463 1733 1678 1804; x_wconf 89' lang='lat' dir='ltr'><strong>genitus</strong></span> <span class='ocrx_word' id='word_1_128' title='bbox 1727 1743 1812 1791; x_wconf 90' lang='lat' dir='ltr'><strong>est</strong></span> <span class='ocrx_word' id='word_1_129' title='bbox 1843 1736 2018 1808; x_wconf 80' lang='lat' dir='ltr'><strong>(Abel)</strong></span> 
     </span>
    </p>
   </div>
   <div class='ocr_carea' id='block_1_21' title="bbox 454 1817 2020 1897">
    <p class='ocr_par' dir='ltr' id='par_1_21' title="bbox 454 1817 2020 1897">
     <span class='ocr_line' id='line_1_21' title="bbox 454 1817 2020 1897; baseline 0.008 -28"><span class='ocrx_word' id='word_1_130' title='bbox 454 1817 820 1878; x_wconf 86' lang='lat' dir='ltr'><strong>diversimode</strong></span> <span class='ocrx_word' id='word_1_131' title='bbox 852 1837 1013 1877; x_wconf 89' lang='lat' dir='ltr'><strong>suum</strong></span> <span class='ocrx_word' id='word_1_132' title='bbox 1060 1836 1185 1879; x_wconf 87' lang='lat' dir='ltr'><strong>esse</strong></span> <span class='ocrx_word' id='word_1_133' title='bbox 1221 1824 1400 1893; x_wconf 90' lang='lat' dir='ltr'><strong>adepti</strong></span> <span class='ocrx_word' id='word_1_134' title='bbox 1444 1832 1592 1888; x_wconf 89' lang='lat' dir='ltr'><strong>sunt,</strong></span> <span class='ocrx_word' id='word_1_135' title='bbox 1635 1825 1772 1879; x_wconf 82' lang='lat' dir='ltr'><strong>alter</strong></span> <span class='ocrx_word' id='word_1_136' title='bbox 1801 1828 2020 1897; x_wconf 88' lang='lat' dir='ltr'><strong>quidem</strong></span> 
     </span>
    </p>
   </div>
   <div class='ocr_carea' id='block_1_22' title="bbox 448 1908 2022 1981">
    <p class='ocr_par' dir='ltr' id='par_1_22' title="bbox 448 1908 2022 1981">
     <span class='ocr_line' id='line_1_22' title="bbox 448 1908 2022 1981; baseline 0.006 -20"><span class='ocrx_word' id='word_1_137' title='bbox 448 1920 517 1961; x_wconf 67' lang='lat' dir='ltr'><strong>ex</strong></span> <span class='ocrx_word' id='word_1_138' title='bbox 572 1908 958 1977; x_wconf 87' lang='lat' dir='ltr'><strong>conjunctione</strong></span> <span class='ocrx_word' id='word_1_139' title='bbox 977 1920 1291 1981; x_wconf 89' lang='lat' dir='ltr'><strong>parentum,</strong></span> <span class='ocrx_word' id='word_1_140' title='bbox 1320 1914 1457 1969; x_wconf 88' lang='lat' dir='ltr'><strong>alter</strong></span> <span class='ocrx_word' id='word_1_141' title='bbox 1517 1929 1645 1969; x_wconf 90' lang='lat' dir='ltr'><strong>vero</strong></span> <span class='ocrx_word' id='word_1_142' title='bbox 1697 1930 1764 1970; x_wconf 73' lang='lat' dir='ltr'><strong>ex</strong></span> <span class='ocrx_word' id='word_1_143' title='bbox 1824 1916 2022 1971; x_wconf 79' lang='lat' dir='ltr'><strong>forma-</strong></span> 
     </span>
    </p>
   </div>
   <div class='ocr_carea' id='block_1_23' title="bbox 452 1995 2020 2073">
    <p class='ocr_par' dir='ltr' id='par_1_23' title="bbox 452 1995 2020 2073">
     <span class='ocr_line' id='line_1_23' title="bbox 452 1995 2020 2073; baseline 0.01 -26"><span class='ocrx_word' id='word_1_144' title='bbox 452 1995 601 2051; x_wconf 86' lang='lat' dir='ltr'><strong>tione</strong></span> <span class='ocrx_word' id='word_1_145' title='bbox 656 2005 835 2064; x_wconf 74' lang='lat' dir='ltr'><strong>terrze,</strong></span> <span class='ocrx_word' id='word_1_146' title='bbox 861 2007 915 2055; x_wconf 87' lang='lat' dir='ltr'><strong>et</strong></span> <span class='ocrx_word' id='word_1_147' title='bbox 972 2008 1152 2057; x_wconf 91' lang='lat' dir='ltr'><strong>tamen</strong></span> <span class='ocrx_word' id='word_1_148' title='bbox 1206 2001 1314 2059; x_wconf 91' lang='lat' dir='ltr'><strong>duo</strong></span> <span class='ocrx_word' id='word_1_149' title='bbox 1345 2019 1468 2060; x_wconf 87' lang='lat' dir='ltr'><strong>esse</strong></span> <span class='ocrx_word' id='word_1_150' title='bbox 1512 2014 1827 2073; x_wconf 84' lang='lat' dir='ltr'><strong>censentur,</strong></span> <span class='ocrx_word' id='word_1_151' title='bbox 1863 2022 1925 2061; x_wconf 92' lang='lat' dir='ltr'><strong>ac</strong></span> <span class='ocrx_word' id='word_1_152' title='bbox 1966 2008 2020 2064; x_wconf 91' lang='lat' dir='ltr'><strong>in</strong></span> 
     </span>
    </p>
   </div>
   <div class='ocr_carea' id='block_1_24' title="bbox 452 2088 2019 2170">
    <p class='ocr_par' dir='ltr' id='par_1_24' title="bbox 452 2088 2019 2170">
     <span class='ocr_line' id='line_1_24' title="bbox 452 2088 2019 2170; baseline 0.008 -29"><span class='ocrx_word' id='word_1_153' title='bbox 452 2088 665 2146; x_wconf 83' lang='lat' dir='ltr'><strong>ratione</strong></span> <span class='ocrx_word' id='word_1_154' title='bbox 696 2100 751 2146; x_wconf 91' lang='lat' dir='ltr'><strong>et</strong></span> <span class='ocrx_word' id='word_1_155' title='bbox 788 2092 1010 2149; x_wconf 89' lang='lat' dir='ltr'><strong>notione</strong></span> <span class='ocrx_word' id='word_1_156' title='bbox 1040 2095 1363 2151; x_wconf 65' lang='lat' dir='ltr'><strong>substantiae</strong></span> <span class='ocrx_word' id='word_1_157' title='bbox 1392 2106 1583 2152; x_wconf 92' lang='lat' dir='ltr'><strong>mutuo</strong></span> <span class='ocrx_word' id='word_1_158' title='bbox 1612 2114 1721 2154; x_wconf 92' lang='lat' dir='ltr'><strong>non</strong></span> <span class='ocrx_word' id='word_1_159' title='bbox 1757 2115 2019 2170; x_wconf 83' lang='lat' dir='ltr'><strong>separan-</strong></span> 
     </span>
    </p>
   </div>
   <div class='ocr_carea' id='block_1_25' title="bbox 450 2185 2019 2260">
    <p class='ocr_par' dir='ltr' id='par_1_25' title="bbox 450 2185 2019 2260">
     <span class='ocr_line' id='line_1_25' title="bbox 450 2185 2019 2260; baseline 0.01 -28"><span class='ocrx_word' id='word_1_160' title='bbox 450 2188 564 2250; x_wconf 90' lang='lat' dir='ltr'><strong>tur,</strong></span> <span class='ocrx_word' id='word_1_161' title='bbox 598 2197 772 2252; x_wconf 89' lang='lat' dir='ltr'><strong>neque</strong></span> <span class='ocrx_word' id='word_1_162' title='bbox 822 2185 959 2240; x_wconf 84' lang='lat' dir='ltr'><strong>duas</strong></span> <span class='ocrx_word' id='word_1_163' title='bbox 986 2187 1322 2243; x_wconf 88' lang='lat' dir='ltr'><strong>substantias</strong></span> <span class='ocrx_word' id='word_1_164' title='bbox 1352 2188 1607 2259; x_wconf 91' lang='lat' dir='ltr'><strong>principii</strong></span> <span class='ocrx_word' id='word_1_165' title='bbox 1636 2201 1887 2260; x_wconf 75' lang='lat' dir='ltr'><strong>expertes</strong></span> <span class='ocrx_word' id='word_1_166' title='bbox 1916 2193 2019 2248; x_wconf 89' lang='lat' dir='ltr'><strong>sibi</strong></span> 
     </span>
    </p>
   </div>
   <div class='ocr_carea' id='block_1_26' title="bbox 448 2273 2018 2356">
    <p class='ocr_par' dir='ltr' id='par_1_26' title="bbox 448 2273 2018 2356">
     <span class='ocr_line' id='line_1_26' title="bbox 448 2273 2018 2356; baseline 0.01 -32"><span class='ocrx_word' id='word_1_167' title='bbox 448 2273 697 2341; x_wconf 89' lang='lat' dir='ltr'><strong>opposite</strong></span> <span class='ocrx_word' id='word_1_168' title='bbox 737 2274 1026 2343; x_wconf 87' lang='lat' dir='ltr'><strong>productas</strong></span> <span class='ocrx_word' id='word_1_169' title='bbox 1090 2279 1453 2347; x_wconf 87' lang='lat' dir='ltr'><strong>appellamus,</strong></span> <span class='ocrx_word' id='word_1_170' title='bbox 1490 2297 1697 2350; x_wconf 79' lang='lat' dir='ltr'><strong>&#39;ncquc</strong></span> <span class='ocrx_word' id='word_1_171' title='bbox 1729 2299 1855 2338; x_wconf 89' lang='lat' dir='ltr'><strong>eum</strong></span> <span class='ocrx_word' id='word_1_172' title='bbox 1921 2286 2018 2356; x_wconf 92' lang='lat' dir='ltr'><strong>qui</strong></span> 
     </span>
    </p>
   </div>
   <div class='ocr_carea' id='block_1_27' title="bbox 449 2364 2021 2447">
    <p class='ocr_par' dir='ltr' id='par_1_27' title="bbox 449 2364 2021 2447">
     <span class='ocr_line' id='line_1_27' title="bbox 449 2364 2021 2447; baseline 0.01 -29"><span class='ocrx_word' id='word_1_173' title='bbox 449 2371 556 2426; x_wconf 88' lang='lat' dir='ltr'><strong>est,</strong></span> <span class='ocrx_word' id='word_1_174' title='bbox 613 2364 682 2419; x_wconf 91' lang='lat' dir='ltr'><strong>ab</strong></span> <span class='ocrx_word' id='word_1_175' title='bbox 742 2365 836 2420; x_wconf 92' lang='lat' dir='ltr'><strong>illo</strong></span> <span class='ocrx_word' id='word_1_176' title='bbox 892 2368 984 2437; x_wconf 90' lang='lat' dir='ltr'><strong>qui</strong></span> <span class='ocrx_word' id='word_1_177' title='bbox 1042 2375 1161 2432; x_wconf 85' lang='lat' dir='ltr'><strong>est,</strong></span> <span class='ocrx_word' id='word_1_178' title='bbox 1222 2372 1467 2441; x_wconf 87' lang='lat' dir='ltr'><strong>generari</strong></span> <span class='ocrx_word' id='word_1_179' title='bbox 1525 2372 1782 2440; x_wconf 88' lang='lat' dir='ltr'><strong>dicimus,</strong></span> <span class='ocrx_word' id='word_1_180' title='bbox 1844 2390 2021 2447; x_wconf 85' lang='lat' dir='ltr'><strong>neque</strong></span> 
     </span>
    </p>
   </div>
   <div class='ocr_carea' id='block_1_28' title="bbox 451 2458 2021 2539">
    <p class='ocr_par' dir='ltr' id='par_1_28' title="bbox 451 2458 2021 2539">
     <span class='ocr_line' id='line_1_28' title="bbox 451 2458 2021 2539; baseline 0.009 -31"><span class='ocrx_word' id='word_1_181' title='bbox 451 2471 620 2510; x_wconf 92' lang='lat' dir='ltr'><strong>unum</strong></span> <span class='ocrx_word' id='word_1_182' title='bbox 672 2472 770 2527; x_wconf 92' lang='lat' dir='ltr'><strong>pro</strong></span> <span class='ocrx_word' id='word_1_183' title='bbox 805 2458 1021 2516; x_wconf 88' lang='lat' dir='ltr'><strong>duobus</strong></span> <span class='ocrx_word' id='word_1_184' title='bbox 1056 2461 1341 2529; x_wconf 88' lang='lat' dir='ltr'><strong>habemus,</strong></span> <span class='ocrx_word' id='word_1_185' title='bbox 1381 2466 1837 2534; x_wconf 86' lang='lat' dir='ltr'><strong>quemadmodum</strong></span> <span class='ocrx_word' id='word_1_186' title='bbox 1895 2485 2021 2539; x_wconf 82' lang='lat' dir='ltr'><strong>por-</strong></span> 
     </span>
    </p>
   </div>
   <div class='ocr_carea' id='block_1_29' title="bbox 451 2547 2020 2628">
    <p class='ocr_par' dir='ltr' id='par_1_29' title="bbox 451 2547 2020 2628">
     <span class='ocr_line' id='line_1_29' title="bbox 451 2547 2020 2628; baseline 0.011 -29"><span class='ocrx_word' id='word_1_187' title='bbox 451 2547 789 2619; x_wconf 87' lang='lat' dir='ltr'><strong>tentiloquus</strong></span> <span class='ocrx_word' id='word_1_188' title='bbox 830 2550 932 2607; x_wconf 88' lang='lat' dir='ltr'><strong>iste</strong></span> <span class='ocrx_word' id='word_1_189' title='bbox 993 2551 1146 2619; x_wconf 78' lang='lat' dir='ltr'><strong>facit,</strong></span> <span class='ocrx_word' id='word_1_190' title='bbox 1198 2562 1258 2609; x_wconf 89' lang='lat' dir='ltr'><strong>ut</strong></span> <span class='ocrx_word' id='word_1_191' title='bbox 1301 2555 1386 2614; x_wconf 86' lang='lat' dir='ltr'><strong>sui</strong></span> <span class='ocrx_word' id='word_1_192' title='bbox 1441 2558 1615 2626; x_wconf 90' lang='lat' dir='ltr'><strong>ipsius</strong></span> <span class='ocrx_word' id='word_1_193' title='bbox 1676 2568 1912 2628; x_wconf 68' lang='lat' dir='ltr'><strong>patrem,</strong></span> <span class='ocrx_word' id='word_1_194' title='bbox 1965 2568 2020 2616; x_wconf 91' lang='lat' dir='ltr'><strong>et</strong></span> 
     </span>
    </p>
   </div>
   <div class='ocr_carea' id='block_1_30' title="bbox 449 2641 2016 2718">
    <p class='ocr_par' dir='ltr' id='par_1_30' title="bbox 449 2641 2016 2718">
     <span class='ocr_line' id='line_1_30' title="bbox 449 2641 2016 2718; baseline 0.01 -27"><span class='ocrx_word' id='word_1_195' title='bbox 449 2653 644 2697; x_wconf 84' lang='lat' dir='ltr'><strong>rursus</strong></span> <span class='ocrx_word' id='word_1_196' title='bbox 701 2642 784 2696; x_wconf 91' lang='lat' dir='ltr'><strong>sui</strong></span> <span class='ocrx_word' id='word_1_197' title='bbox 819 2641 992 2713; x_wconf 91' lang='lat' dir='ltr'><strong>ipsius</strong></span> <span class='ocrx_word' id='word_1_198' title='bbox 1054 2646 1224 2701; x_wconf 82' lang='lat' dir='ltr'><strong>ﬁlium</strong></span> <span class='ocrx_word' id='word_1_199' title='bbox 1290 2654 1582 2718; x_wconf 88' lang='lat' dir='ltr'><strong>utrumque</strong></span> <span class='ocrx_word' id='word_1_200' title='bbox 1633 2651 2016 2707; x_wconf 81' lang='lat' dir='ltr'><strong>aestimemus:</strong></span> 
     </span>
    </p>
   </div>
   <div class='ocr_carea' id='block_1_31' title="bbox 456 2730 2021 2803">
    <p class='ocr_par' dir='ltr' id='par_1_31' title="bbox 456 2730 2021 2803">
     <span class='ocr_line' id='line_1_31' title="bbox 456 2730 2021 2803; baseline 0.01 -21"><span class='ocrx_word' id='word_1_201' title='bbox 456 2730 702 2787; x_wconf 83' lang='lat' dir='ltr'><strong>homines</strong></span> <span class='ocrx_word' id='word_1_202' title='bbox 732 2733 877 2788; x_wconf 89' lang='lat' dir='ltr'><strong>enim</strong></span> <span class='ocrx_word' id='word_1_203' title='bbox 905 2741 1055 2801; x_wconf 88' lang='lat' dir='ltr'><strong>sunt,</strong></span> <span class='ocrx_word' id='word_1_204' title='bbox 1079 2744 1133 2790; x_wconf 90' lang='lat' dir='ltr'><strong>et</strong></span> <span class='ocrx_word' id='word_1_205' title='bbox 1152 2735 1261 2801; x_wconf 87' lang='lat' dir='ltr'><strong>hic,</strong></span> <span class='ocrx_word' id='word_1_206' title='bbox 1293 2745 1347 2793; x_wconf 91' lang='lat' dir='ltr'><strong>et</strong></span> <span class='ocrx_word' id='word_1_207' title='bbox 1380 2738 1488 2803; x_wconf 92' lang='lat' dir='ltr'><strong>illc,</strong></span> <span class='ocrx_word' id='word_1_208' title='bbox 1515 2747 1568 2794; x_wconf 91' lang='lat' dir='ltr'><strong>et</strong></span> <span class='ocrx_word' id='word_1_209' title='bbox 1596 2740 1735 2795; x_wconf 83' lang='lat' dir='ltr'><strong>ratio</strong></span> <span class='ocrx_word' id='word_1_210' title='bbox 1763 2742 2021 2798; x_wconf 86' lang='lat' dir='ltr'><strong>substan-</strong></span> 
     </span>
    </p>
   </div>
   <div class='ocr_carea' id='block_1_32' title="bbox 452 2823 2019 2901">
    <p class='ocr_par' dir='ltr' id='par_1_32' title="bbox 452 2823 2019 2901">
     <span class='ocr_line' id='line_1_32' title="bbox 452 2823 2019 2901; baseline 0.008 -26"><span class='ocrx_word' id='word_1_211' title='bbox 452 2823 541 2876; x_wconf 74' lang='lat' dir='ltr'><strong>tia:</strong></span> <span class='ocrx_word' id='word_1_212' title='bbox 578 2823 843 2881; x_wconf 89' lang='lat' dir='ltr'><strong>ambobus</strong></span> <span class='ocrx_word' id='word_1_213' title='bbox 871 2825 1179 2882; x_wconf 88' lang='lat' dir='ltr'><strong>communis</strong></span> <span class='ocrx_word' id='word_1_214' title='bbox 1211 2835 1315 2883; x_wconf 86' lang='lat' dir='ltr'><strong>est.</strong></span> <span class='ocrx_word' id='word_1_215' title='bbox 1354 2827 1598 2887; x_wconf 70' lang='lat' dir='ltr'><strong>Mortalis</strong></span> <span class='ocrx_word' id='word_1_216' title='bbox 1639 2838 1888 2901; x_wconf 88' lang='lat' dir='ltr'><strong>uterque,</strong></span> <span class='ocrx_word' id='word_1_217' title='bbox 1926 2848 2019 2887; x_wconf 81' lang='lat' dir='ltr'><strong>ra-</strong></span> 
     </span>
    </p>
   </div>
   <div class='ocr_carea' id='block_1_33' title="bbox 450 2912 2019 2994">
    <p class='ocr_par' dir='ltr' id='par_1_33' title="bbox 450 2912 2019 2994">
     <span class='ocr_line' id='line_1_33' title="bbox 450 2912 2019 2994; baseline 0.011 -31"><span class='ocrx_word' id='word_1_218' title='bbox 450 2912 596 2967; x_wconf 88' lang='lat' dir='ltr'><strong>tione</strong></span> <span class='ocrx_word' id='word_1_219' title='bbox 626 2915 887 2983; x_wconf 73' lang='lat' dir='ltr'><strong>przeditus</strong></span> <span class='ocrx_word' id='word_1_220' title='bbox 918 2915 1224 2985; x_wconf 64' lang='lat' dir='ltr'><strong>aqualiter,</strong></span> <span class='ocrx_word' id='word_1_221' title='bbox 1258 2918 1459 2974; x_wconf 91' lang='lat' dir='ltr'><strong>mentis</strong></span> <span class='ocrx_word' id='word_1_222' title='bbox 1492 2927 1548 2973; x_wconf 86' lang='lat' dir='ltr'><strong>et</strong></span> <span class='ocrx_word' id='word_1_223' title='bbox 1573 2920 1818 2978; x_wconf 65' lang='lat' dir='ltr'><strong>scientias</strong></span> <span class='ocrx_word' id='word_1_224' title='bbox 1846 2938 2019 2994; x_wconf 79' lang='lat' dir='ltr'><strong>capax</strong></span> 
     </span>
    </p>
   </div>
   <div class='ocr_carea' id='block_1_34' title="bbox 2122 452 3702 526">
    <p class='ocr_par' dir='ltr' id='par_1_34' title="bbox 2122 452 3702 526">
     <span class='ocr_line' id='line_1_34' title="bbox 2122 452 3702 526; baseline -0.004 -18"><span class='ocrx_word' id='word_1_225' title='bbox 2122 454 2190 508; x_wconf 70' lang='grc' dir='ltr'>τὲ</span> <span class='ocrx_word' id='word_1_226' title='bbox 2219 455 2516 526; x_wconf 75' lang='grc' dir='ltr'><strong>φαινόμενα</strong></span> <span class='ocrx_word' id='word_1_227' title='bbox 2561 456 2770 509; x_wconf 82' lang='grc' dir='ltr'><strong>στάσιν.</strong></span> <span class='ocrx_word' id='word_1_228' title='bbox 2803 455 2954 524; x_wconf 86' lang='grc' dir='ltr'>Τάχα</span> <span class='ocrx_word' id='word_1_229' title='bbox 2988 453 3165 507; x_wconf 84' lang='grc' dir='ltr'>τοίνυν</span> <span class='ocrx_word' id='word_1_230' title='bbox 3202 454 3261 507; x_wconf 80' lang='grc' dir='ltr'>ὲν</span> <span class='ocrx_word' id='word_1_231' title='bbox 3284 452 3509 522; x_wconf 83' lang='grc' dir='ltr'><strong>τοιούτῳ</strong></span> <span class='ocrx_word' id='word_1_232' title='bbox 3554 452 3702 521; x_wconf 82' lang='grc' dir='ltr'>σάλῳ</span> 
     </span>
    </p>
   </div>
   <div class='ocr_carea' id='block_1_35' title="bbox 2121 544 3703 618">
    <p class='ocr_par' dir='ltr' id='par_1_35' title="bbox 2121 544 3703 618">
     <span class='ocr_line' id='line_1_35' title="bbox 2121 544 3703 618; baseline -0.004 -19"><span class='ocrx_word' id='word_1_233' title='bbox 2121 544 2219 618; x_wconf 75' lang='grc' dir='ltr'>τὴν</span> <span class='ocrx_word' id='word_1_234' title='bbox 2244 546 2422 617; x_wconf 77' lang='grc' dir='ltr'>ψυχὴν</span> <span class='ocrx_word' id='word_1_235' title='bbox 2450 546 2587 617; x_wconf 81' lang='grc' dir='ltr'>ἔχων</span> <span class='ocrx_word' id='word_1_236' title='bbox 2608 548 2636 599; x_wconf 84' lang='grc' dir='ltr'><strong>ό</strong></span> <span class='ocrx_word' id='word_1_237' title='bbox 2661 546 3016 616; x_wconf 73' lang='grc' dir='ltr'><strong>λογογράφος,</strong></span> <span class='ocrx_word' id='word_1_238' title='bbox 3047 544 3348 614; x_wconf 76' lang='grc' dir='ltr'>συνέγραφε</span> <span class='ocrx_word' id='word_1_239' title='bbox 3367 560 3381 573; x_wconf 74' lang='grc' dir='ltr'><strong><em>ο</em></strong></span> <span class='ocrx_word' id='word_1_240' title='bbox 3415 545 3511 597; x_wconf 86' lang='grc' dir='ltr'>καὶ</span> <span class='ocrx_word' id='word_1_241' title='bbox 3532 544 3703 595; x_wconf 81' lang='grc' dir='ltr'>ἐλεεῖν</span> 
     </span>
    </p>
   </div>
   <div class='ocr_carea' id='block_1_36' title="bbox 2123 633 3699 709">
    <p class='ocr_par' dir='ltr' id='par_1_36' title="bbox 2123 633 3699 709">
     <span class='ocr_line' id='line_1_36' title="bbox 2123 633 3699 709; baseline -0.005 -18"><span class='ocrx_word' id='word_1_242' title='bbox 2123 639 2388 709; x_wconf 80' lang='grc' dir='ltr'>προσήκει</span> <span class='ocrx_word' id='word_1_243' title='bbox 2430 637 2628 709; x_wconf 81' lang='grc' dir='ltr'>μᾶλλον</span> <span class='ocrx_word' id='word_1_244' title='bbox 2681 639 2775 689; x_wconf 73' lang='grc' dir='ltr'><strong>ἐπὶ</strong></span> <span class='ocrx_word' id='word_1_245' title='bbox 2822 638 2933 699; x_wconf 88' lang='grc' dir='ltr'>τοῖς</span> <span class='ocrx_word' id='word_1_246' title='bbox 2975 636 3379 706; x_wconf 77' lang='grc' dir='ltr'><strong>γεγραμμένοις</strong></span> <span class='ocrx_word' id='word_1_247' title='bbox 3434 634 3628 696; x_wconf 79' lang='grc' dir='ltr'>αὑτὸν,</span> <span class='ocrx_word' id='word_1_248' title='bbox 3665 633 3699 703; x_wconf 80' lang='grc' dir='ltr'>ἢ</span> 
     </span>
    </p>
   </div>
   <div class='ocr_carea' id='block_1_37' title="bbox 2124 724 3700 799">
    <p class='ocr_par' dir='ltr' id='par_1_37' title="bbox 2124 724 3700 799">
     <span class='ocr_line' id='line_1_37' title="bbox 2124 724 3700 799; baseline -0.003 -18"><span class='ocrx_word' id='word_1_249' title='bbox 2124 729 2517 799; x_wconf 78' lang='grc' dir='ltr'><strong>βδελύττεσθαι.</strong></span> <span class='ocrx_word' id='word_1_250' title='bbox 2562 730 2658 792; x_wconf 86' lang='grc' dir='ltr'>Τίς</span> <span class='ocrx_word' id='word_1_251' title='bbox 2705 728 2811 799; x_wconf 76' lang='grc' dir='ltr'><strong>γὰρ</strong></span> <span class='ocrx_word' id='word_1_252' title='bbox 2859 727 3001 781; x_wconf 80' lang='grc' dir='ltr'>οὑτω</span> <span class='ocrx_word' id='word_1_253' title='bbox 3051 727 3159 780; x_wconf 86' lang='grc' dir='ltr'><strong>τῶν</strong></span> <span class='ocrx_word' id='word_1_254' title='bbox 3211 725 3371 779; x_wconf 87' lang='grc' dir='ltr'>θείων</span> <span class='ocrx_word' id='word_1_255' title='bbox 3413 724 3700 794; x_wconf 78' lang='grc' dir='ltr'><strong>δογμάτων</strong></span> 
     </span>
    </p>
   </div>
   <div class='ocr_carea' id='block_1_38' title="bbox 2127 815 3701 895">
    <p class='ocr_par' dir='ltr' id='par_1_38' title="bbox 2127 815 3701 895">
     <span class='ocr_line' id='line_1_38' title="bbox 2127 815 3701 895; baseline -0.006 -19"><span class='ocrx_word' id='word_1_256' title='bbox 2127 822 2393 893; x_wconf 83' lang='grc' dir='ltr'>ἀνήκοος;</span> <span class='ocrx_word' id='word_1_257' title='bbox 2428 822 2525 886; x_wconf 83' lang='grc' dir='ltr'>Τίς</span> <span class='ocrx_word' id='word_1_258' title='bbox 2555 821 2696 875; x_wconf 77' lang='grc' dir='ltr'>οὕτω</span> <span class='ocrx_word' id='word_1_259' title='bbox 2731 821 2917 895; x_wconf 72' lang='grc' dir='ltr'>πόρῤω</span> <span class='ocrx_word' id='word_1_260' title='bbox 2943 818 3048 873; x_wconf 90' lang='grc' dir='ltr'><strong>τῶν</strong></span> <span class='ocrx_word' id='word_1_261' title='bbox 3077 818 3177 886; x_wconf 82' lang='grc' dir='ltr'>τῆς</span> <span class='ocrx_word' id='word_1_262' title='bbox 3229 815 3552 887; x_wconf 75' lang='grc' dir='ltr'>Ἐκκλησίας</span> <span class='ocrx_word' id='word_1_263' title='bbox 3594 832 3701 886; x_wconf 81' lang='grc' dir='ltr'>μυ-</span> 
     </span>
    </p>
   </div>
   <div class='ocr_carea' id='block_1_39' title="bbox 2129 903 3701 987">
    <p class='ocr_par' dir='ltr' id='par_1_39' title="bbox 2129 903 3701 987">
     <span class='ocr_line' id='line_1_39' title="bbox 2129 903 3701 987; baseline -0.007 -20"><span class='ocrx_word' id='word_1_264' title='bbox 2129 911 2366 981; x_wconf 79' lang='grc' dir='ltr'>στηρίων</span> <span class='ocrx_word' id='word_1_265' title='bbox 2411 912 2591 978; x_wconf 73' lang='grc' dir='ltr'>ἐστὶν,</span> <span class='ocrx_word' id='word_1_266' title='bbox 2623 911 2698 974; x_wconf 83' lang='grc' dir='ltr'>ὡς</span> <span class='ocrx_word' id='word_1_267' title='bbox 2729 911 2827 978; x_wconf 71' lang='grc' dir='ltr'>τὴν</span> <span class='ocrx_word' id='word_1_268' title='bbox 2869 908 3124 978; x_wconf 81' lang='grc' dir='ltr'><strong>τοιαύτην</strong></span> <span class='ocrx_word' id='word_1_269' title='bbox 3170 908 3375 960; x_wconf 77' lang='grc' dir='ltr'>ἔννοιαν</span> <span class='ocrx_word' id='word_1_270' title='bbox 3418 905 3560 987; x_wconf 77' lang='grc' dir='ltr'>κατὰ</span> <span class='ocrx_word' id='word_1_271' title='bbox 3598 903 3701 973; x_wconf 81' lang='grc' dir='ltr'>τῆς</span> 
     </span>
    </p>
   </div>
   <div class='ocr_carea' id='block_1_40' title="bbox 2127 992 3699 1069">
    <p class='ocr_par' dir='ltr' id='par_1_40' title="bbox 2127 992 3699 1069">
     <span class='ocr_line' id='line_1_40' title="bbox 2127 992 3699 1069; baseline -0.007 -13"><span class='ocrx_word' id='word_1_272' title='bbox 2127 1002 2361 1066; x_wconf 82' lang='grc' dir='ltr'>πίστεως</span> <span class='ocrx_word' id='word_1_273' title='bbox 2386 1002 2637 1068; x_wconf 76' lang='grc' dir='ltr'>δέξασθαι</span> <span class='ocrx_word' id='word_1_274' title='bbox 2648 1020 2666 1069; x_wconf 85' lang='lat'><strong><em>;</em></strong></span> <span class='ocrx_word' id='word_1_275' title='bbox 2707 1000 2921 1055; x_wconf 78' lang='grc' dir='ltr'>Μᾶλλον</span> <span class='ocrx_word' id='word_1_276' title='bbox 2952 999 3010 1057; x_wconf 79' lang='grc' dir='ltr'>δὲ</span> <span class='ocrx_word' id='word_1_277' title='bbox 3046 998 3238 1069; x_wconf 82' lang='grc' dir='ltr'>μικρὸν</span> <span class='ocrx_word' id='word_1_278' title='bbox 3273 998 3403 1058; x_wconf 77' lang='grc' dir='ltr'>ἴσως</span> <span class='ocrx_word' id='word_1_279' title='bbox 3433 995 3494 1049; x_wconf 73' lang='grc' dir='ltr'>τὸ</span> <span class='ocrx_word' id='word_1_280' title='bbox 3524 992 3699 1046; x_wconf 72' lang='grc' dir='ltr'>τοιοῦς</span> 
     </span>
    </p>
   </div>
   <div class='ocr_carea' id='block_1_41' title="bbox 2124 1086 3699 1163">
    <p class='ocr_par' dir='ltr' id='par_1_41' title="bbox 2124 1086 3699 1163">
     <span class='ocr_line' id='line_1_41' title="bbox 2124 1086 3699 1163; baseline -0.003 -20"><span class='ocrx_word' id='word_1_281' title='bbox 2124 1107 2216 1144; x_wconf 90' lang='grc' dir='ltr'><strong>τον</strong></span> <span class='ocrx_word' id='word_1_282' title='bbox 2243 1091 2439 1160; x_wconf 81' lang='grc' dir='ltr'>λέγειν,</span> <span class='ocrx_word' id='word_1_283' title='bbox 2470 1091 2532 1146; x_wconf 82' lang='grc' dir='ltr'><strong>τὸ</strong></span> <span class='ocrx_word' id='word_1_284' title='bbox 2562 1091 2763 1163; x_wconf 76' lang='grc' dir='ltr'>μηδένα</span> <span class='ocrx_word' id='word_1_285' title='bbox 2788 1089 2927 1145; x_wconf 72' lang='grc' dir='ltr'>κατὰ</span> <span class='ocrx_word' id='word_1_286' title='bbox 2949 1089 3050 1159; x_wconf 83' lang='grc' dir='ltr'>τῆς</span> <span class='ocrx_word' id='word_1_287' title='bbox 3083 1088 3317 1150; x_wconf 83' lang='grc' dir='ltr'>πίστεως</span> <span class='ocrx_word' id='word_1_288' title='bbox 3341 1086 3440 1157; x_wconf 83' lang='grc' dir='ltr'>τὴν</span> <span class='ocrx_word' id='word_1_289' title='bbox 3469 1086 3699 1139; x_wconf 80' lang='grc' dir='ltr'><strong>ἀτοπίαν</strong></span> 
     </span>
    </p>
   </div>
   <div class='ocr_carea' id='block_1_42' title="bbox 2124 1176 3699 1254">
    <p class='ocr_par' dir='ltr' id='par_1_42' title="bbox 2124 1176 3699 1254">
     <span class='ocr_line' id='line_1_42' title="bbox 2124 1176 3699 1254; baseline -0.004 -20"><span class='ocrx_word' id='word_1_290' title='bbox 2124 1179 2331 1254; x_wconf 84' lang='grc' dir='ltr'>ταύτην</span> <span class='ocrx_word' id='word_1_291' title='bbox 2378 1182 2707 1253; x_wconf 80' lang='grc' dir='ltr'>ὑπονοῆσαι·</span> <span class='ocrx_word' id='word_1_292' title='bbox 2757 1180 2891 1234; x_wconf 84' lang='grc' dir='ltr'>ἀλλὰ</span> <span class='ocrx_word' id='word_1_293' title='bbox 2937 1180 3019 1243; x_wconf 88' lang='grc' dir='ltr'><strong>τίς</strong></span> <span class='ocrx_word' id='word_1_294' title='bbox 3068 1179 3159 1236; x_wconf 74' lang='grc' dir='ltr'><strong>ἐπὶ</strong></span> <span class='ocrx_word' id='word_1_295' title='bbox 3206 1180 3305 1247; x_wconf 87' lang='grc' dir='ltr'>τῆς</span> <span class='ocrx_word' id='word_1_296' title='bbox 3354 1176 3699 1247; x_wconf 75' lang='grc' dir='ltr'><strong>ἀνθρωπίνης</strong></span> 
     </span>
    </p>
   </div>
   <div class='ocr_carea' id='block_1_43' title="bbox 2128 1266 3697 1344">
    <p class='ocr_par' dir='ltr' id='par_1_43' title="bbox 2128 1266 3697 1344">
     <span class='ocr_line' id='line_1_43' title="bbox 2128 1266 3697 1344; baseline -0.003 -22"><span class='ocrx_word' id='word_1_297' title='bbox 2128 1269 2362 1340; x_wconf 82' lang='grc' dir='ltr'>φύσεως,</span> <span class='ocrx_word' id='word_1_298' title='bbox 2394 1271 2428 1344; x_wconf 78' lang='grc' dir='ltr'>ἢ</span> <span class='ocrx_word' id='word_1_299' title='bbox 2460 1271 2619 1328; x_wconf 77' lang='grc' dir='ltr'>ἄλλου</span> <span class='ocrx_word' id='word_1_300' title='bbox 2649 1272 2792 1334; x_wconf 85' lang='grc' dir='ltr'>τινὸς</span> <span class='ocrx_word' id='word_1_301' title='bbox 2822 1270 2931 1325; x_wconf 89' lang='grc' dir='ltr'><strong>τῶν</strong></span> <span class='ocrx_word' id='word_1_302' title='bbox 2965 1269 3033 1323; x_wconf 76' lang='grc' dir='ltr'>δι’</span> <span class='ocrx_word' id='word_1_303' title='bbox 3065 1269 3371 1341; x_wconf 76' lang='grc' dir='ltr'>αἰσθήσεως</span> <span class='ocrx_word' id='word_1_304' title='bbox 3412 1266 3697 1336; x_wconf 85' lang='grc' dir='ltr'>καταλαμ-</span> 
     </span>
    </p>
   </div>
   <div class='ocr_carea' id='block_1_44' title="bbox 2127 1358 3693 1432">
    <p class='ocr_par' dir='ltr' id='par_1_44' title="bbox 2127 1358 3693 1432">
     <span class='ocr_line' id='line_1_44' title="bbox 2127 1358 3693 1432; baseline -0.002 -17"><span class='ocrx_word' id='word_1_305' title='bbox 2127 1362 2467 1432; x_wconf 75' lang='grc' dir='ltr'>ϐανομένων,</span> <span class='ocrx_word' id='word_1_306' title='bbox 2498 1363 2716 1423; x_wconf 78' lang='grc' dir='ltr'>ἐπειδὰν</span> <span class='ocrx_word' id='word_1_307' title='bbox 2741 1362 2805 1417; x_wconf 82' lang='grc' dir='ltr'>τὸ</span> <span class='ocrx_word' id='word_1_308' title='bbox 2832 1363 3007 1419; x_wconf 74' lang='grc' dir='ltr'>κοινὸν</span> <span class='ocrx_word' id='word_1_309' title='bbox 3040 1363 3137 1432; x_wconf 80' lang='grc' dir='ltr'>τῆς</span> <span class='ocrx_word' id='word_1_310' title='bbox 3175 1361 3359 1424; x_wconf 80' lang='grc' dir='ltr'>οὐσίας</span> <span class='ocrx_word' id='word_1_311' title='bbox 3391 1358 3627 1429; x_wconf 82' lang='grc' dir='ltr'>ἀκούσῃ,</span> <span class='ocrx_word' id='word_1_312' title='bbox 3657 1358 3693 1427; x_wconf 79' lang='grc' dir='ltr'>ἢ</span> 
     </span>
    </p>
   </div>
   <div class='ocr_carea' id='block_1_45' title="bbox 2125 1449 3696 1525">
    <p class='ocr_par' dir='ltr' id='par_1_45' title="bbox 2125 1449 3696 1525">
     <span class='ocr_line' id='line_1_45' title="bbox 2125 1449 3696 1525; baseline 0.011 -21"><span class='ocrx_word' id='word_1_313' title='bbox 2125 1452 2334 1525; x_wconf 80' lang='grc' dir='ltr'>ᾶναρχα</span> <span class='ocrx_word' id='word_1_314' title='bbox 2360 1454 2574 1510; x_wconf 83' lang='grc' dir='ltr'>ὑπονοεῖ</span> <span class='ocrx_word' id='word_1_315' title='bbox 2597 1455 2772 1510; x_wconf 85' lang='grc' dir='ltr'>πάντα</span> <span class='ocrx_word' id='word_1_316' title='bbox 2798 1454 2897 1510; x_wconf 83' lang='grc' dir='ltr'>ὃσα</span> <span class='ocrx_word' id='word_1_317' title='bbox 2923 1454 2999 1525; x_wconf 82' lang='grc' dir='ltr'>τῷ</span> <span class='ocrx_word' id='word_1_318' title='bbox 3024 1453 3167 1524; x_wconf 79' lang='grc' dir='ltr'>λόγῳ</span> <span class='ocrx_word' id='word_1_319' title='bbox 3190 1452 3289 1523; x_wconf 80' lang='grc' dir='ltr'><strong>τῆς</strong></span> <span class='ocrx_word' id='word_1_320' title='bbox 3321 1452 3508 1514; x_wconf 70' lang='grc' dir='ltr'>οὐσίας</span> <span class='ocrx_word' id='word_1_321' title='bbox 3532 1449 3696 1520; x_wconf 60' lang='grc' dir='ltr'>ἀλλίΓ</span> 
     </span>
    </p>
   </div>
   <div class='ocr_carea' id='block_1_46' title="bbox 2125 1540 3694 1617">
    <p class='ocr_par' dir='ltr' id='par_1_46' title="bbox 2125 1540 3694 1617">
     <span class='ocr_line' id='line_1_46' title="bbox 2125 1540 3694 1617; baseline -0.004 -16"><span class='ocrx_word' id='word_1_322' title='bbox 2125 1542 2239 1606; x_wconf 87' lang='grc' dir='ltr'>λοις</span> <span class='ocrx_word' id='word_1_323' title='bbox 2274 1545 2630 1617; x_wconf 80' lang='grc' dir='ltr'>συμφέρεται,</span> <span class='ocrx_word' id='word_1_324' title='bbox 2657 1545 2690 1616; x_wconf 82' lang='grc' dir='ltr'>ἢ</span> <span class='ocrx_word' id='word_1_325' title='bbox 2717 1545 2847 1600; x_wconf 84' lang='grc' dir='ltr'>αὑτό</span> <span class='ocrx_word' id='word_1_326' title='bbox 2868 1562 2921 1599; x_wconf 86' lang='grc' dir='ltr'><strong>τι</strong></span> <span class='ocrx_word' id='word_1_327' title='bbox 2947 1545 3004 1611; x_wconf 77' lang='grc' dir='ltr'>ἐξ</span> <span class='ocrx_word' id='word_1_328' title='bbox 3033 1543 3226 1601; x_wconf 77' lang='grc' dir='ltr'>ἑαυτοῦ</span> <span class='ocrx_word' id='word_1_329' title='bbox 3255 1541 3497 1611; x_wconf 83' lang='grc' dir='ltr'>γίνεσθαι</span> <span class='ocrx_word' id='word_1_330' title='bbox 3524 1540 3694 1609; x_wconf 77' lang='grc' dir='ltr'>λέγει,</span> 
     </span>
    </p>
   </div>
   <div class='ocr_carea' id='block_1_47' title="bbox 2127 1631 3693 1707">
    <p class='ocr_par' dir='ltr' id='par_1_47' title="bbox 2127 1631 3693 1707">
     <span class='ocr_line' id='line_1_47' title="bbox 2127 1631 3693 1707; baseline -0.003 -18"><span class='ocrx_word' id='word_1_331' title='bbox 2127 1636 2218 1691; x_wconf 71' lang='grc' dir='ltr'>καὶ</span> <span class='ocrx_word' id='word_1_332' title='bbox 2263 1635 2467 1693; x_wconf 81' lang='grc' dir='ltr'>τίκτειν</span> <span class='ocrx_word' id='word_1_333' title='bbox 2497 1636 2611 1707; x_wconf 81' lang='grc' dir='ltr'>ἅμα</span> <span class='ocrx_word' id='word_1_334' title='bbox 2652 1636 2812 1690; x_wconf 79' lang='grc' dir='ltr'>ἑαυτὸ</span> <span class='ocrx_word' id='word_1_335' title='bbox 2861 1636 2953 1690; x_wconf 68' lang='grc' dir='ltr'>καὶ</span> <span class='ocrx_word' id='word_1_336' title='bbox 3002 1636 3090 1704; x_wconf 80' lang='grc' dir='ltr'>ὑφ’</span> <span class='ocrx_word' id='word_1_337' title='bbox 3133 1634 3323 1689; x_wconf 77' lang='grc' dir='ltr'>ἑαυτοῦ</span> <span class='ocrx_word' id='word_1_338' title='bbox 3366 1631 3693 1703; x_wconf 75' lang='grc' dir='ltr'>γεννᾶσθαις</span> 
     </span>
    </p>
   </div>
   <div class='ocr_carea' id='block_1_48' title="bbox 2209 1722 3694 1801">
    <p class='ocr_par' dir='ltr' id='par_1_48' title="bbox 2209 1722 3694 1801">
     <span class='ocr_line' id='line_1_48' title="bbox 2209 1722 3694 1801; baseline -0.001 -22"><span class='ocrx_word' id='word_1_339' title='bbox 2209 1727 2265 1781; x_wconf 84' lang='lat'><strong>&#39;0</strong></span> <span class='ocrx_word' id='word_1_340' title='bbox 2299 1726 2512 1798; x_wconf 87' lang='grc' dir='ltr'>πρῶτος</span> <span class='ocrx_word' id='word_1_341' title='bbox 2543 1727 2846 1801; x_wconf 77' lang='grc' dir='ltr'>ἄνθρωπος,</span> <span class='ocrx_word' id='word_1_342' title='bbox 2888 1727 2980 1781; x_wconf 70' lang='grc' dir='ltr'>καὶ</span> <span class='ocrx_word' id='word_1_343' title='bbox 3025 1728 3053 1781; x_wconf 85' lang='grc' dir='ltr'>ὁ</span> <span class='ocrx_word' id='word_1_344' title='bbox 3087 1725 3145 1793; x_wconf 80' lang='grc' dir='ltr'>ἐξ</span> <span class='ocrx_word' id='word_1_345' title='bbox 3186 1726 3393 1779; x_wconf 79' lang='grc' dir='ltr'>ἐκείνου</span> <span class='ocrx_word' id='word_1_346' title='bbox 3437 1722 3694 1792; x_wconf 84' lang='grc' dir='ltr'>γεγονὼς,</span> 
     </span>
    </p>
   </div>
   <div class='ocr_carea' id='block_1_49' title="bbox 2121 1811 3694 1888">
    <p class='ocr_par' dir='ltr' id='par_1_49' title="bbox 2121 1811 3694 1888">
     <span class='ocr_line' id='line_1_49' title="bbox 2121 1811 3694 1888; baseline -0.001 -22"><span class='ocrx_word' id='word_1_347' title='bbox 2121 1814 2391 1886; x_wconf 75' lang='grc' dir='ltr'>διαφόρως</span> <span class='ocrx_word' id='word_1_348' title='bbox 2437 1817 2685 1888; x_wconf 80' lang='grc' dir='ltr'>ἑκάτεροι</span> <span class='ocrx_word' id='word_1_349' title='bbox 2716 1817 2777 1873; x_wconf 80' lang='grc' dir='ltr'>τὸ</span> <span class='ocrx_word' id='word_1_350' title='bbox 2819 1811 2956 1871; x_wconf 77' lang='grc' dir='ltr'>εἶναι</span> <span class='ocrx_word' id='word_1_351' title='bbox 2999 1816 3230 1887; x_wconf 76' lang='grc' dir='ltr'>ἔχοντες,</span> <span class='ocrx_word' id='word_1_352' title='bbox 3261 1818 3290 1869; x_wconf 85' lang='grc' dir='ltr'>ὁ</span> <span class='ocrx_word' id='word_1_353' title='bbox 3320 1814 3417 1884; x_wconf 87' lang='grc' dir='ltr'>μὲν</span> <span class='ocrx_word' id='word_1_354' title='bbox 3458 1816 3522 1867; x_wconf 78' lang='grc' dir='ltr'>ἐκ</span> <span class='ocrx_word' id='word_1_355' title='bbox 3570 1830 3694 1866; x_wconf 88' lang='grc' dir='ltr'>συν-</span> 
     </span>
    </p>
   </div>
   <div class='ocr_carea' id='block_1_50' title="bbox 2121 1905 3696 1979">
    <p class='ocr_par' dir='ltr' id='par_1_50' title="bbox 2121 1905 3696 1979">
     <span class='ocr_line' id='line_1_50' title="bbox 2121 1905 3696 1979; baseline -0.001 -19"><span class='ocrx_word' id='word_1_356' title='bbox 2121 1907 2360 1978; x_wconf 80' lang='grc' dir='ltr'>δυασμοῦ</span> <span class='ocrx_word' id='word_1_357' title='bbox 2395 1909 2501 1963; x_wconf 89' lang='grc' dir='ltr'><strong>τῶν</strong></span> <span class='ocrx_word' id='word_1_358' title='bbox 2529 1911 2760 1978; x_wconf 81' lang='grc' dir='ltr'>γονέων,</span> <span class='ocrx_word' id='word_1_359' title='bbox 2796 1912 2824 1966; x_wconf 89' lang='grc' dir='ltr'><strong>ὁ</strong></span> <span class='ocrx_word' id='word_1_360' title='bbox 2849 1909 2905 1962; x_wconf 76' lang='grc' dir='ltr'>δὲ</span> <span class='ocrx_word' id='word_1_361' title='bbox 2948 1913 3012 1963; x_wconf 83' lang='grc' dir='ltr'>ἐκ</span> <span class='ocrx_word' id='word_1_362' title='bbox 3051 1910 3151 1979; x_wconf 79' lang='grc' dir='ltr'>τῆς</span> <span class='ocrx_word' id='word_1_363' title='bbox 3178 1907 3272 1962; x_wconf 79' lang='grc' dir='ltr'><strong>τοῦ</strong></span> <span class='ocrx_word' id='word_1_364' title='bbox 3301 1905 3535 1979; x_wconf 81' lang='grc' dir='ltr'>Χριστοῦ</span> <span class='ocrx_word' id='word_1_365' title='bbox 3564 1906 3696 1958; x_wconf 81' lang='grc' dir='ltr'>δια-</span> 
     </span>
    </p>
   </div>
   <div class='ocr_carea' id='block_1_51' title="bbox 2124 1995 3695 2068">
    <p class='ocr_par' dir='ltr' id='par_1_51' title="bbox 2124 1995 3695 2068">
     <span class='ocr_line' id='line_1_51' title="bbox 2124 1995 3695 2068; baseline 0.005 -19"><span class='ocrx_word' id='word_1_366' title='bbox 2124 1997 2391 2061; x_wconf 79' lang='grc' dir='ltr'>πλάσεως,</span> <span class='ocrx_word' id='word_1_367' title='bbox 2424 2000 2517 2052; x_wconf 66' lang='grc' dir='ltr'><strong>κα)⁸</strong></span> <span class='ocrx_word' id='word_1_368' title='bbox 2542 1999 2635 2054; x_wconf 87' lang='grc' dir='ltr'><strong>δύο</strong></span> <span class='ocrx_word' id='word_1_369' title='bbox 2654 1995 2791 2056; x_wconf 85' lang='grc' dir='ltr'>εἶναι</span> <span class='ocrx_word' id='word_1_370' title='bbox 2821 1999 3188 2062; x_wconf 77' lang='grc' dir='ltr'>πιστεύονται,</span> <span class='ocrx_word' id='word_1_371' title='bbox 3219 1999 3313 2053; x_wconf 78' lang='grc' dir='ltr'>καὶ</span> <span class='ocrx_word' id='word_1_372' title='bbox 3332 1997 3409 2068; x_wconf 83' lang='grc' dir='ltr'>τῷ</span> <span class='ocrx_word' id='word_1_373' title='bbox 3433 1997 3573 2066; x_wconf 83' lang='grc' dir='ltr'>λόγῳ</span> <span class='ocrx_word' id='word_1_374' title='bbox 3597 1996 3695 2063; x_wconf 73' lang='grc' dir='ltr'>τῆς</span> 
     </span>
    </p>
   </div>
   <div class='ocr_carea' id='block_1_52' title="bbox 2122 2087 3695 2161">
    <p class='ocr_par' dir='ltr' id='par_1_52' title="bbox 2122 2087 3695 2161">
     <span class='ocr_line' id='line_1_52' title="bbox 2122 2087 3695 2161; baseline 0.003 -20"><span class='ocrx_word' id='word_1_375' title='bbox 2122 2087 2307 2152; x_wconf 79' lang='grc' dir='ltr'>οὐσίας</span> <span class='ocrx_word' id='word_1_376' title='bbox 2329 2088 2422 2144; x_wconf 84' lang='grc' dir='ltr'><strong>ἀπ’</strong></span> <span class='ocrx_word' id='word_1_377' title='bbox 2444 2089 2684 2160; x_wconf 81' lang='grc' dir='ltr'>ἀλλήλων</span> <span class='ocrx_word' id='word_1_378' title='bbox 2708 2090 2768 2145; x_wconf 91' lang='grc' dir='ltr'><strong>οὑ</strong></span> <span class='ocrx_word' id='word_1_379' title='bbox 2794 2090 3181 2161; x_wconf 75' lang='grc' dir='ltr'>διασχίζονται’</span> <span class='ocrx_word' id='word_1_380' title='bbox 3208 2090 3302 2143; x_wconf 77' lang='grc' dir='ltr'>καὶ</span> <span class='ocrx_word' id='word_1_381' title='bbox 3324 2088 3446 2143; x_wconf 78' lang='grc' dir='ltr'>οὔτε</span> <span class='ocrx_word' id='word_1_382' title='bbox 3469 2088 3695 2156; x_wconf 75' lang='grc' dir='ltr'>ἄναρχοι</span> 
     </span>
    </p>
   </div>
   <div class='ocr_carea' id='block_1_53' title="bbox 2121 2178 3693 2253">
    <p class='ocr_par' dir='ltr' id='par_1_53' title="bbox 2121 2178 3693 2253">
     <span class='ocr_line' id='line_1_53' title="bbox 2121 2178 3693 2253; baseline -0.002 -20"><span class='ocrx_word' id='word_1_383' title='bbox 2121 2178 2214 2233; x_wconf 72' lang='grc' dir='ltr'><strong>δύο</strong></span> <span class='ocrx_word' id='word_1_384' title='bbox 2240 2180 2417 2233; x_wconf 81' lang='grc' dir='ltr'>οὑσίαι</span> <span class='ocrx_word' id='word_1_385' title='bbox 2444 2182 2698 2253; x_wconf 80' lang='grc' dir='ltr'>ἀλλήλαις</span> <span class='ocrx_word' id='word_1_386' title='bbox 2722 2179 3247 2253; x_wconf 78' lang='grc' dir='ltr'>ἀντιπαρεξάγεσθαι</span> <span class='ocrx_word' id='word_1_387' title='bbox 3273 2179 3542 2248; x_wconf 83' lang='grc' dir='ltr'>λέγονται,</span> <span class='ocrx_word' id='word_1_388' title='bbox 3568 2178 3693 2231; x_wconf 75' lang='grc' dir='ltr'>οὔτε</span> 
     </span>
    </p>
   </div>
   <div class='ocr_carea' id='block_1_54' title="bbox 2123 2264 3695 2345">
    <p class='ocr_par' dir='ltr' id='par_1_54' title="bbox 2123 2264 3695 2345">
     <span class='ocr_line' id='line_1_54' title="bbox 2123 2264 3695 2345; baseline -0.001 -24"><span class='ocrx_word' id='word_1_389' title='bbox 2123 2264 2202 2332; x_wconf 76' lang='grc' dir='ltr'>εἷς</span> <span class='ocrx_word' id='word_1_390' title='bbox 2234 2272 2283 2323; x_wconf 83' lang='grc' dir='ltr'><strong>οἱ</strong></span> <span class='ocrx_word' id='word_1_391' title='bbox 2314 2270 2405 2325; x_wconf 88' lang='grc' dir='ltr'><strong>δύο</strong></span> <span class='ocrx_word' id='word_1_392' title='bbox 2435 2273 2563 2326; x_wconf 80' lang='grc' dir='ltr'>ποτὲ</span> <span class='ocrx_word' id='word_1_393' title='bbox 2588 2272 2885 2343; x_wconf 77' lang='grc' dir='ltr'>ὲνοήθησαν</span> <span class='ocrx_word' id='word_1_394' title='bbox 2915 2274 2969 2325; x_wconf 79' lang='grc' dir='ltr'>ὲν</span> <span class='ocrx_word' id='word_1_395' title='bbox 3002 2275 3068 2345; x_wconf 82' lang='grc' dir='ltr'><strong>τῇ</strong></span> <span class='ocrx_word' id='word_1_396' title='bbox 3097 2270 3317 2340; x_wconf 77' lang='grc' dir='ltr'>τοιαύτῃ</span> <span class='ocrx_word' id='word_1_397' title='bbox 3341 2268 3695 2340; x_wconf 65' lang='grc' dir='ltr'>τερατολογίᾳ</span> 
     </span>
    </p>
   </div>
   <div class='ocr_carea' id='block_1_55' title="bbox 2122 2361 3693 2433">
    <p class='ocr_par' dir='ltr' id='par_1_55' title="bbox 2122 2361 3693 2433">
     <span class='ocr_line' id='line_1_55' title="bbox 2122 2361 3693 2433; baseline -0.001 -17"><span class='ocrx_word' id='word_1_398' title='bbox 2122 2363 2213 2416; x_wconf 71' lang='grc' dir='ltr'>τοῦ</span> <span class='ocrx_word' id='word_1_399' title='bbox 2256 2362 2449 2431; x_wconf 89' lang='grc' dir='ltr'>λόγου.</span> <span class='ocrx_word' id='word_1_400' title='bbox 2498 2364 2572 2427; x_wconf 80' lang='grc' dir='ltr'>ὡς</span> <span class='ocrx_word' id='word_1_401' title='bbox 2615 2364 2806 2417; x_wconf 77' lang='grc' dir='ltr'>ἑαυτοῦ</span> <span class='ocrx_word' id='word_1_402' title='bbox 2878 2364 3088 2433; x_wconf 79' lang='grc' dir='ltr'>πατέρα</span> <span class='ocrx_word' id='word_1_403' title='bbox 3150 2362 3243 2415; x_wconf 75' lang='grc' dir='ltr'>καὶ</span> <span class='ocrx_word' id='word_1_404' title='bbox 3292 2361 3481 2417; x_wconf 77' lang='grc' dir='ltr'>ἑαυτοῦ</span> <span class='ocrx_word' id='word_1_405' title='bbox 3532 2363 3693 2415; x_wconf 79' lang='grc' dir='ltr'>πάλιν</span> 
     </span>
    </p>
   </div>
   <div class='ocr_carea' id='block_1_56' title="bbox 2122 2448 3695 2526">
    <p class='ocr_par' dir='ltr' id='par_1_56' title="bbox 2122 2448 3695 2526">
     <span class='ocr_line' id='line_1_56' title="bbox 2122 2448 3695 2526; baseline -0.001 -17"><span class='ocrx_word' id='word_1_406' title='bbox 2122 2455 2236 2513; x_wconf 79' lang='grc' dir='ltr'>υἱὸν</span> <span class='ocrx_word' id='word_1_407' title='bbox 2278 2454 2618 2524; x_wconf 74' lang='grc' dir='ltr'>ἀμφοτέρους</span> <span class='ocrx_word' id='word_1_408' title='bbox 2649 2451 2961 2526; x_wconf 73' lang='grc' dir='ltr'>νομίζεσθαι</span> <span class='ocrx_word' id='word_1_409' title='bbox 2984 2469 2999 2485; x_wconf 84' lang='grc'><strong>·</strong></span> <span class='ocrx_word' id='word_1_410' title='bbox 3032 2453 3315 2525; x_wconf 77' lang='grc' dir='ltr'>ἄνθρωπος</span> <span class='ocrx_word' id='word_1_411' title='bbox 3342 2454 3451 2525; x_wconf 77' lang='grc' dir='ltr'><strong>γὰρ</strong></span> <span class='ocrx_word' id='word_1_412' title='bbox 3480 2454 3571 2509; x_wconf 69' lang='grc' dir='ltr'>καὶ</span> <span class='ocrx_word' id='word_1_413' title='bbox 3605 2448 3695 2508; x_wconf 73' lang='grc' dir='ltr'><strong>οὖ-</strong></span> 
     </span>
    </p>
   </div>
   <div class='ocr_carea' id='block_1_57' title="bbox 2121 2544 3695 2614">
    <p class='ocr_par' dir='ltr' id='par_1_57' title="bbox 2121 2544 3695 2614">
     <span class='ocr_line' id='line_1_57' title="bbox 2121 2544 3695 2614; baseline -0.001 -16"><span class='ocrx_word' id='word_1_414' title='bbox 2121 2545 2531 2607; x_wconf 71' lang='grc' dir='ltr'>τοςο⁴κάκεῖνο,</span> <span class='ocrx_word' id='word_1_415' title='bbox 2563 2545 2656 2597; x_wconf 79' lang='grc' dir='ltr'>καὶ</span> <span class='ocrx_word' id='word_1_416' title='bbox 2687 2546 2716 2597; x_wconf 89' lang='grc' dir='ltr'>ὁ</span> <span class='ocrx_word' id='word_1_417' title='bbox 2770 2544 2926 2612; x_wconf 86' lang='grc' dir='ltr'>λόγος</span> <span class='ocrx_word' id='word_1_418' title='bbox 2966 2546 3065 2614; x_wconf 81' lang='grc' dir='ltr'>τῆς</span> <span class='ocrx_word' id='word_1_419' title='bbox 3110 2545 3294 2610; x_wconf 80' lang='grc' dir='ltr'>οὐσίας</span> <span class='ocrx_word' id='word_1_420' title='bbox 3327 2546 3418 2598; x_wconf 73' lang='grc' dir='ltr'>ἐπὶ</span> <span class='ocrx_word' id='word_1_421' title='bbox 3463 2546 3569 2598; x_wconf 88' lang='grc' dir='ltr'><strong>τῶν</strong></span> <span class='ocrx_word' id='word_1_422' title='bbox 3600 2544 3695 2597; x_wconf 81' lang='grc' dir='ltr'><strong>δύο</strong></span> 
     </span>
    </p>
   </div>
   <div class='ocr_carea' id='block_1_58' title="bbox 2121 2632 3694 2706">
    <p class='ocr_par' dir='ltr' id='par_1_58' title="bbox 2121 2632 3694 2706">
     <span class='ocr_line' id='line_1_58' title="bbox 2121 2632 3694 2706; baseline 0.002 -21"><span class='ocrx_word' id='word_1_423' title='bbox 2121 2635 2324 2698; x_wconf 79' lang='grc' dir='ltr'>κοινὸς,</span> <span class='ocrx_word' id='word_1_424' title='bbox 2364 2635 2555 2705; x_wconf 68' lang='grc' dir='ltr'>θνητὸς</span> <span class='ocrx_word' id='word_1_425' title='bbox 2605 2636 2897 2706; x_wconf 77' lang='grc' dir='ltr'>ἑκάτερος,</span> <span class='ocrx_word' id='word_1_426' title='bbox 2931 2635 3146 2703; x_wconf 81' lang='grc' dir='ltr'>λογικὸς</span> <span class='ocrx_word' id='word_1_427' title='bbox 3186 2632 3418 2706; x_wconf 79' lang='grc' dir='ltr'>ὁμοίως,</span> <span class='ocrx_word' id='word_1_428' title='bbox 3466 2634 3556 2689; x_wconf 74' lang='grc' dir='ltr'><strong>νοῦ</strong></span> <span class='ocrx_word' id='word_1_429' title='bbox 3600 2635 3694 2689; x_wconf 74' lang='grc' dir='ltr'>καὶ</span> 
     </span>
    </p>
   </div>
   <div class='ocr_carea' id='block_1_59' title="bbox 2122 2724 3689 2799">
    <p class='ocr_par' dir='ltr' id='par_1_59' title="bbox 2122 2724 3689 2799">
     <span class='ocr_line' id='line_1_59' title="bbox 2122 2724 3689 2799; baseline -0.002 -16"><span class='ocrx_word' id='word_1_430' title='bbox 2122 2728 2431 2799; x_wconf 69' lang='grc' dir='ltr'>ἐπιστήμης</span> <span class='ocrx_word' id='word_1_431' title='bbox 2459 2727 2703 2791; x_wconf 76' lang='grc' dir='ltr'>δεκτικὸς</span> <span class='ocrx_word' id='word_1_432' title='bbox 2736 2728 3014 2791; x_wconf 76' lang='grc' dir='ltr'>ὡσαύτως.</span> <span class='ocrx_word' id='word_1_433' title='bbox 3054 2729 3115 2781; x_wconf 80' lang='lat' dir='ltr'><strong>Ei</strong></span> <span class='ocrx_word' id='word_1_434' title='bbox 3151 2724 3244 2781; x_wconf 76' lang='grc' dir='ltr'><strong>οὖν</strong></span> <span class='ocrx_word' id='word_1_435' title='bbox 3281 2730 3310 2781; x_wconf 85' lang='grc' dir='ltr'><strong>ὁ</strong></span> <span class='ocrx_word' id='word_1_436' title='bbox 3342 2731 3439 2797; x_wconf 80' lang='grc' dir='ltr'>τῆς</span> <span class='ocrx_word' id='word_1_437' title='bbox 3475 2726 3689 2798; x_wconf 84' lang='grc' dir='ltr'>ἀνθρω-</span> 
     </span>
    </p>
   </div>
   <div class='ocr_carea' id='block_1_60' title="bbox 2122 2816 3692 2888">
    <p class='ocr_par' dir='ltr' id='par_1_60' title="bbox 2122 2816 3692 2888">
     <span class='ocr_line' id='line_1_60' title="bbox 2122 2816 3692 2888; baseline 0.001 -19"><span class='ocrx_word' id='word_1_438' title='bbox 2122 2817 2351 2885; x_wconf 82' lang='grc' dir='ltr'>πότητος</span> <span class='ocrx_word' id='word_1_439' title='bbox 2400 2816 2554 2885; x_wconf 84' lang='grc' dir='ltr'>λόγος</span> <span class='ocrx_word' id='word_1_440' title='bbox 2601 2819 2693 2873; x_wconf 79' lang='grc' dir='ltr'><strong>ἐπὶ</strong></span> <span class='ocrx_word' id='word_1_441' title='bbox 2741 2817 2836 2874; x_wconf 82' lang='grc' dir='ltr'>τοῦ</span> <span class='ocrx_word' id='word_1_442' title='bbox 2889 2818 3059 2888; x_wconf 78' lang='grc' dir='ltr'>Ἀδάμ</span> <span class='ocrx_word' id='word_1_443' title='bbox 3117 2818 3212 2875; x_wconf 69' lang='grc' dir='ltr'>καὶ</span> <span class='ocrx_word' id='word_1_444' title='bbox 3261 2817 3353 2873; x_wconf 75' lang='grc' dir='ltr'>τοῦ</span> <span class='ocrx_word' id='word_1_445' title='bbox 3397 2818 3561 2873; x_wconf 73' lang='grc' dir='ltr'>Ἅϐελ</span> <span class='ocrx_word' id='word_1_446' title='bbox 3612 2817 3692 2887; x_wconf 82' lang='grc' dir='ltr'>τῷ</span> 
     </span>
    </p>
   </div>
   <div class='ocr_carea' id='block_1_61' title="bbox 2127 2908 3692 2980">
    <p class='ocr_par' dir='ltr' id='par_1_61' title="bbox 2127 2908 3692 2980">
     <span class='ocr_line' id='line_1_61' title="bbox 2127 2908 3692 2980; baseline -0.01 -1"><span class='ocrx_word' id='word_1_447' title='bbox 2127 2908 2567 2979; x_wconf 75' lang='grc' dir='ltr'>παρηλλαγμένῳ</span> <span class='ocrx_word' id='word_1_448' title='bbox 2615 2910 2713 2979; x_wconf 73' lang='grc' dir='ltr'><strong>τῆς</strong></span> <span class='ocrx_word' id='word_1_449' title='bbox 2771 2910 3078 2980; x_wconf 74' lang='grc' dir='ltr'>γεννήσεως</span> <span class='ocrx_word' id='word_1_450' title='bbox 3131 2910 3229 2980; x_wconf 80' lang='grc' dir='ltr'>οὑχ</span> <span class='ocrx_word' id='word_1_451' title='bbox 3294 2909 3692 2965; x_wconf 84' lang='grc' dir='ltr'>ὑπαλλάσσεται</span> 
     </span>
    </p>
   </div>
   <div class='ocr_carea' id='block_1_62' title="bbox 451 2999 2019 3073">
    <p class='ocr_par' dir='ltr' id='par_1_62' title="bbox 451 3001 2019 3073">
     <span class='ocr_line' id='line_1_62' title="bbox 451 3001 2019 3073; baseline 0.01 -19"><span class='ocrx_word' id='word_1_452' title='bbox 451 3001 728 3061; x_wconf 89' lang='lat' dir='ltr'><strong>similiter.</strong></span> <span class='ocrx_word' id='word_1_453' title='bbox 756 3003 811 3058; x_wconf 89' lang='lat' dir='ltr'><strong>Si</strong></span> <span class='ocrx_word' id='word_1_454' title='bbox 844 3003 1009 3073; x_wconf 79' lang='lat' dir='ltr'><strong>igitur</strong></span> <span class='ocrx_word' id='word_1_455' title='bbox 1037 3005 1177 3060; x_wconf 89' lang='lat' dir='ltr'><strong>ratio</strong></span> <span class='ocrx_word' id='word_1_456' title='bbox 1206 3014 1416 3063; x_wconf 81' lang='lat' dir='ltr'><strong>naturae</strong></span> <span class='ocrx_word' id='word_1_457' title='bbox 1458 3008 1711 3065; x_wconf 71' lang='lat' dir='ltr'><strong>humanae</strong></span> <span class='ocrx_word' id='word_1_458' title='bbox 1736 3012 1790 3066; x_wconf 92' lang='lat' dir='ltr'><strong>in</strong></span> <span class='ocrx_word' id='word_1_459' title='bbox 1813 3012 2019 3069; x_wconf 84' lang='lat' dir='ltr'><strong>Adamo</strong></span> 
     </span>
    </p>
   </div>
   <div class='ocr_carea' id='block_1_63' title="bbox 2123 2999 3693 3073">
    <p class='ocr_par' dir='ltr' id='par_1_63' title="bbox 2126 2999 3693 3071">
     <span class='ocr_line' id='line_1_63' title="bbox 2126 2999 3693 3071; baseline -0.001 -17"><span class='ocrx_word' id='word_1_460' title='bbox 2126 2999 2398 3071; x_wconf 79' lang='grc' dir='ltr'>(οὐδεμίαν</span> <span class='ocrx_word' id='word_1_461' title='bbox 2444 2999 2566 3055; x_wconf 72' lang='grc' dir='ltr'>οὔτε</span> <span class='ocrx_word' id='word_1_462' title='bbox 2613 3001 2711 3070; x_wconf 81' lang='grc' dir='ltr'>τῆς</span> <span class='ocrx_word' id='word_1_463' title='bbox 2763 3002 2987 3067; x_wconf 78' lang='grc' dir='ltr'>τάξεως,</span> <span class='ocrx_word' id='word_1_464' title='bbox 3025 3000 3147 3055; x_wconf 76' lang='grc' dir='ltr'>οὔτε</span> <span class='ocrx_word' id='word_1_465' title='bbox 3198 3001 3289 3054; x_wconf 80' lang='grc' dir='ltr'>τοῦ</span> <span class='ocrx_word' id='word_1_466' title='bbox 3341 3000 3539 3069; x_wconf 82' lang='grc' dir='ltr'>τρόπου</span> <span class='ocrx_word' id='word_1_467' title='bbox 3595 3000 3693 3067; x_wconf 76' lang='grc' dir='ltr'>τῆς</span> 
     </span>
    </p>
   </div>
   <div class='ocr_carea' id='block_1_64' title="bbox 450 3087 2023 3164">
    <p class='ocr_par' dir='ltr' id='par_1_64' title="bbox 450 3087 2023 3164">
     <span class='ocr_line' id='line_1_64' title="bbox 450 3087 2023 3164; baseline 0.013 -25"><span class='ocrx_word' id='word_1_468' title='bbox 450 3092 505 3139; x_wconf 90' lang='lat' dir='ltr'><strong>ct</strong></span> <span class='ocrx_word' id='word_1_469' title='bbox 538 3087 721 3149; x_wconf 81' lang='lat' dir='ltr'><strong>Abele,</strong></span> <span class='ocrx_word' id='word_1_470' title='bbox 755 3089 824 3145; x_wconf 92' lang='lat' dir='ltr'><strong>ob</strong></span> <span class='ocrx_word' id='word_1_471' title='bbox 857 3091 1065 3145; x_wconf 87' lang='lat' dir='ltr'><strong>varium</strong></span> <span class='ocrx_word' id='word_1_472' title='bbox 1120 3095 1487 3164; x_wconf 77' lang='lat' dir='ltr'><strong>generationis</strong></span> <span class='ocrx_word' id='word_1_473' title='bbox 1518 3097 1898 3163; x_wconf 24' lang='lat' dir='ltr'><strong>modum,‘non</strong></span> <span class='ocrx_word' id='word_1_474' title='bbox 1929 3120 2023 3160; x_wconf 86' lang='lat' dir='ltr'><strong>va-</strong></span> 
     </span>
    </p>
   </div>
   <div class='ocr_carea' id='block_1_65' title="bbox 454 3177 2020 3253">
    <p class='ocr_par' dir='ltr' id='par_1_65' title="bbox 454 3177 2020 3253">
     <span class='ocr_line' id='line_1_65' title="bbox 454 3177 2020 3253; baseline 0.014 -25"><span class='ocrx_word' id='word_1_475' title='bbox 454 3177 646 3242; x_wconf 91' lang='lat' dir='ltr'><strong>riatur,</strong></span> <span class='ocrx_word' id='word_1_476' title='bbox 678 3179 879 3234; x_wconf 89' lang='lat' dir='ltr'><strong>nullam</strong></span> <span class='ocrx_word' id='word_1_477' title='bbox 897 3197 1070 3253; x_wconf 87' lang='lat' dir='ltr'><strong>neque</strong></span> <span class='ocrx_word' id='word_1_478' title='bbox 1091 3183 1283 3240; x_wconf 90' lang='lat' dir='ltr'><strong>ordine</strong></span> <span class='ocrx_word' id='word_1_479' title='bbox 1306 3202 1482 3253; x_wconf 84' lang='lat' dir='ltr'><strong>neque</strong></span> <span class='ocrx_word' id='word_1_480' title='bbox 1506 3188 1666 3245; x_wconf 90' lang='lat' dir='ltr'><strong>modo</strong></span> <span class='ocrx_word' id='word_1_481' title='bbox 1687 3192 2020 3250; x_wconf 67' lang='lat' dir='ltr'><strong>cxsistcntim</strong></span> 
     </span>
    </p>
   </div>
   <div class='ocr_carea' id='block_1_66' title="bbox 452 3272 2021 3341">
    <p class='ocr_par' dir='ltr' id='par_1_66' title="bbox 452 3272 2021 3341">
     <span class='ocr_line' id='line_1_66' title="bbox 452 3272 2021 3341; baseline 0.013 -20"><span class='ocrx_word' id='word_1_482' title='bbox 452 3272 806 3325; x_wconf 88' lang='lat' dir='ltr'><strong>mutationem</strong></span> <span class='ocrx_word' id='word_1_483' title='bbox 838 3282 1046 3327; x_wconf 67' lang='lat' dir='ltr'><strong>naturae</strong></span> <span class='ocrx_word' id='word_1_484' title='bbox 1096 3274 1393 3333; x_wconf 80' lang='lat' dir='ltr'><strong>inferente:</strong></span> <span class='ocrx_word' id='word_1_485' title='bbox 1422 3278 1515 3333; x_wconf 88' lang='lat' dir='ltr'><strong>sed</strong></span> <span class='ocrx_word' id='word_1_486' title='bbox 1551 3279 1804 3336; x_wconf 87' lang='lat' dir='ltr'><strong>similiter</strong></span> <span class='ocrx_word' id='word_1_487' title='bbox 1838 3285 2021 3341; x_wconf 86' lang='lat' dir='ltr'><strong>omnia</strong></span> 
     </span>
    </p>
   </div>
   <div class='ocr_carea' id='block_1_67' title="bbox 451 3361 2019 3443">
    <p class='ocr_par' dir='ltr' id='par_1_67' title="bbox 451 3361 2019 3443">
     <span class='ocr_line' id='line_1_67' title="bbox 451 3361 2019 3443; baseline 0.011 -29"><span class='ocrx_word' id='word_1_488' title='bbox 451 3376 573 3416; x_wconf 83' lang='lat' dir='ltr'><strong>sese</strong></span> <span class='ocrx_word' id='word_1_489' title='bbox 604 3361 826 3429; x_wconf 83' lang='lat' dir='ltr'><strong>habent,</strong></span> <span class='ocrx_word' id='word_1_490' title='bbox 863 3368 1140 3421; x_wconf 90' lang='lat' dir='ltr'><strong>communi</strong></span> <span class='ocrx_word' id='word_1_491' title='bbox 1195 3367 1439 3421; x_wconf 91' lang='lat' dir='ltr'><strong>omnium</strong></span> <span class='ocrx_word' id='word_1_492' title='bbox 1485 3384 1696 3439; x_wconf 89' lang='lat' dir='ltr'><strong>eorum,</strong></span> <span class='ocrx_word' id='word_1_493' title='bbox 1729 3375 1821 3443; x_wconf 90' lang='lat' dir='ltr'><strong>qui</strong></span> <span class='ocrx_word' id='word_1_494' title='bbox 1852 3376 2019 3431; x_wconf 91' lang='lat' dir='ltr'><strong>sobrii</strong></span> 
     </span>
    </p>
   </div>
   <div class='ocr_carea' id='block_1_68' title="bbox 451 3455 2020 3535">
    <p class='ocr_par' dir='ltr' id='par_1_68' title="bbox 451 3455 2020 3535">
     <span class='ocr_line' id='line_1_68' title="bbox 451 3455 2020 3535; baseline 0.011 -28"><span class='ocrx_word' id='word_1_495' title='bbox 451 3461 601 3516; x_wconf 91' lang='lat' dir='ltr'><strong>sunt,</strong></span> <span class='ocrx_word' id='word_1_496' title='bbox 644 3455 900 3527; x_wconf 82' lang='lat' dir='ltr'><strong>suli‘ragio</strong></span> <span class='ocrx_word' id='word_1_497' title='bbox 920 3465 973 3512; x_wconf 91' lang='lat' dir='ltr'><strong>et</strong></span> <span class='ocrx_word' id='word_1_498' title='bbox 1007 3473 1233 3514; x_wconf 85' lang='lat' dir='ltr'><strong>assensu</strong></span> <span class='ocrx_word' id='word_1_499' title='bbox 1274 3478 1286 3515; x_wconf 90' lang='lat'><strong>:</strong></span> <span class='ocrx_word' id='word_1_500' title='bbox 1348 3475 1526 3530; x_wconf 87' lang='lat' dir='ltr'><strong>neque</strong></span> <span class='ocrx_word' id='word_1_501' title='bbox 1556 3464 1721 3527; x_wconf 88' lang='lat' dir='ltr'><strong>ullus,</strong></span> <span class='ocrx_word' id='word_1_502' title='bbox 1778 3467 1870 3535; x_wconf 88' lang='lat' dir='ltr'><strong>qui</strong></span> <span class='ocrx_word' id='word_1_503' title='bbox 1912 3485 2020 3525; x_wconf 93' lang='lat' dir='ltr'><strong>non</strong></span> 
     </span>
    </p>
   </div>
   <div class='ocr_carea' id='block_1_69' title="bbox 450 3544 2021 3625">
    <p class='ocr_par' dir='ltr' id='par_1_69' title="bbox 450 3544 2021 3625">
     <span class='ocr_line' id='line_1_69' title="bbox 450 3544 2021 3625; baseline 0.014 -31"><span class='ocrx_word' id='word_1_504' title='bbox 450 3544 799 3601; x_wconf 87' lang='lat' dir='ltr'><strong>vehementer</strong></span> <span class='ocrx_word' id='word_1_505' title='bbox 822 3546 1100 3603; x_wconf 82' lang='lat' dir='ltr'><strong>hellebore</strong></span> <span class='ocrx_word' id='word_1_506' title='bbox 1131 3558 1306 3621; x_wconf 82' lang='lat' dir='ltr'><strong>egeat,</strong></span> <span class='ocrx_word' id='word_1_507' title='bbox 1340 3561 1602 3622; x_wconf 80' lang='lat' dir='ltr'><strong>repugnet</strong></span> <span class='ocrx_word' id='word_1_508' title='bbox 1629 3571 1643 3610; x_wconf 90' lang='lat'><strong>:</strong></span> <span class='ocrx_word' id='word_1_509' title='bbox 1678 3571 1799 3625; x_wconf 64' lang='lat' dir='ltr'><strong>quae</strong></span> <span class='ocrx_word' id='word_1_510' title='bbox 1831 3574 2021 3615; x_wconf 84' lang='lat' dir='ltr'><strong>neces-</strong></span> 
     </span>
    </p>
   </div>
   <div class='ocr_carea' id='block_1_70' title="bbox 450 3637 2019 3722">
    <p class='ocr_par' dir='ltr' id='par_1_70' title="bbox 450 3637 2019 3722">
     <span class='ocr_line' id='line_1_70' title="bbox 450 3637 2019 3722; baseline 0.013 -33"><span class='ocrx_word' id='word_1_511' title='bbox 450 3637 587 3692; x_wconf 88' lang='lat' dir='ltr'><strong>sitas</strong></span> <span class='ocrx_word' id='word_1_512' title='bbox 614 3639 749 3696; x_wconf 89' lang='lat' dir='ltr'><strong>istos</strong></span> <span class='ocrx_word' id='word_1_513' title='bbox 781 3641 943 3711; x_wconf 81' lang='lat' dir='ltr'><strong>cogit,</strong></span> <span class='ocrx_word' id='word_1_514' title='bbox 975 3650 1035 3696; x_wconf 93' lang='lat' dir='ltr'><strong>ut</strong></span> <span class='ocrx_word' id='word_1_515' title='bbox 1082 3644 1136 3699; x_wconf 91' lang='lat' dir='ltr'><strong>in</strong></span> <span class='ocrx_word' id='word_1_516' title='bbox 1188 3654 1380 3700; x_wconf 88' lang='lat' dir='ltr'><strong>natura</strong></span> <span class='ocrx_word' id='word_1_517' title='bbox 1410 3646 1615 3716; x_wconf 88' lang='lat' dir='ltr'><strong>divina,</strong></span> <span class='ocrx_word' id='word_1_518' title='bbox 1647 3650 2019 3722; x_wconf 85' lang='lat' dir='ltr'><strong>prodigiosum</strong></span> 
     </span>
    </p>
   </div>
   <div class='ocr_carea' id='block_1_71' title="bbox 450 3729 2020 3811">
    <p class='ocr_par' dir='ltr' id='par_1_71' title="bbox 450 3729 2020 3811">
     <span class='ocr_line' id='line_1_71' title="bbox 450 3729 2020 3811; baseline 0.012 -29"><span class='ocrx_word' id='word_1_519' title='bbox 450 3729 594 3785; x_wconf 90' lang='lat' dir='ltr'><strong>istud</strong></span> <span class='ocrx_word' id='word_1_520' title='bbox 630 3744 994 3811; x_wconf 86' lang='lat' dir='ltr'><strong>commentum</strong></span> <span class='ocrx_word' id='word_1_521' title='bbox 1023 3735 1485 3793; x_wconf 80' lang='lat' dir='ltr'><strong>architectentur?</strong></span> <span class='ocrx_word' id='word_1_522' title='bbox 1510 3739 1723 3795; x_wconf 81' lang='lat' dir='ltr'><strong>Patrem</strong></span> <span class='ocrx_word' id='word_1_523' title='bbox 1748 3754 1799 3797; x_wconf 91' lang='lat' dir='ltr'><strong>et</strong></span> <span class='ocrx_word' id='word_1_524' title='bbox 1825 3742 2020 3801; x_wconf 85' lang='lat' dir='ltr'><strong>Filium</strong></span> 
     </span>
    </p>
   </div>
   <div class='ocr_carea' id='block_1_72' title="bbox 450 3820 2021 3905">
    <p class='ocr_par' dir='ltr' id='par_1_72' title="bbox 450 3820 2021 3905">
     <span class='ocr_line' id='line_1_72' title="bbox 450 3820 2021 3905; baseline 0.013 -32"><span class='ocrx_word' id='word_1_525' title='bbox 450 3820 698 3878; x_wconf 84' lang='lat' dir='ltr'><strong>veritatis</strong></span> <span class='ocrx_word' id='word_1_526' title='bbox 735 3838 869 3881; x_wconf 81' lang='lat' dir='ltr'><strong>voce</strong></span> <span class='ocrx_word' id='word_1_527' title='bbox 920 3839 1044 3883; x_wconf 82' lang='lat' dir='ltr'><strong>eum</strong></span> <span class='ocrx_word' id='word_1_528' title='bbox 1096 3827 1372 3893; x_wconf 87' lang='lat' dir='ltr'><strong>audimus,</strong></span> <span class='ocrx_word' id='word_1_529' title='bbox 1426 3831 1480 3884; x_wconf 91' lang='lat' dir='ltr'><strong>in</strong></span> <span class='ocrx_word' id='word_1_530' title='bbox 1510 3829 1723 3889; x_wconf 89' lang='lat' dir='ltr'><strong>duabus</strong></span> <span class='ocrx_word' id='word_1_531' title='bbox 1753 3836 2021 3905; x_wconf 86' lang='lat' dir='ltr'><strong>subjectis</strong></span> 
     </span>
    </p>
   </div>
   <div class='ocr_carea' id='block_1_73' title="bbox 449 3915 2016 3986">
    <p class='ocr_par' dir='ltr' id='par_1_73' title="bbox 449 3915 2016 3986">
     <span class='ocr_line' id='line_1_73' title="bbox 449 3915 2016 3986; baseline 0.01 -19"><span class='ocrx_word' id='word_1_532' title='bbox 449 3915 702 3983; x_wconf 90' lang='lat' dir='ltr'><strong>personis</strong></span> <span class='ocrx_word' id='word_1_533' title='bbox 731 3916 998 3973; x_wconf 89' lang='lat' dir='ltr'><strong>unitatem</strong></span> <span class='ocrx_word' id='word_1_534' title='bbox 1028 3925 1236 3975; x_wconf 71' lang='lat' dir='ltr'><strong>naturae</strong></span> <span class='ocrx_word' id='word_1_535' title='bbox 1264 3920 1440 3975; x_wconf 90' lang='lat' dir='ltr'><strong>edocti</strong></span> <span class='ocrx_word' id='word_1_536' title='bbox 1472 3936 1685 3986; x_wconf 89' lang='lat' dir='ltr'><strong>sumus,</strong></span> <span class='ocrx_word' id='word_1_537' title='bbox 1721 3941 1749 3979; x_wconf 90' lang='lat' dir='ltr'><strong>a</strong></span> <span class='ocrx_word' id='word_1_538' title='bbox 1783 3928 2016 3983; x_wconf 89' lang='lat' dir='ltr'><strong>vocabu-</strong></span> 
     </span>
    </p>
   </div>
   <div class='ocr_carea' id='block_1_74' title="bbox 449 4004 2020 4086">
    <p class='ocr_par' dir='ltr' id='par_1_74' title="bbox 449 4004 2020 4086">
     <span class='ocr_line' id='line_1_74' title="bbox 449 4004 2020 4086; baseline 0.011 -29"><span class='ocrx_word' id='word_1_539' title='bbox 449 4004 519 4059; x_wconf 90' lang='lat' dir='ltr'><strong>lis</strong></span> <span class='ocrx_word' id='word_1_540' title='bbox 557 4007 877 4063; x_wconf 89' lang='lat' dir='ltr'><strong>naturaliter</strong></span> <span class='ocrx_word' id='word_1_541' title='bbox 933 4018 1154 4081; x_wconf 90' lang='lat' dir='ltr'><strong>propter</strong></span> <span class='ocrx_word' id='word_1_542' title='bbox 1203 4021 1449 4067; x_wconf 88' lang='lat' dir='ltr'><strong>mututtm</strong></span> <span class='ocrx_word' id='word_1_543' title='bbox 1481 4015 1547 4069; x_wconf 86' lang='lat' dir='ltr'><strong>ad</strong></span> <span class='ocrx_word' id='word_1_544' title='bbox 1581 4030 1642 4071; x_wconf 89' lang='lat' dir='ltr'><strong>se</strong></span> <span class='ocrx_word' id='word_1_545' title='bbox 1692 4029 2020 4086; x_wconf 88' lang='lat' dir='ltr'><strong>respectum,</strong></span> 
     </span>
    </p>
   </div>
   <div class='ocr_carea' id='block_1_75' title="bbox 451 4095 2021 4170">
    <p class='ocr_par' dir='ltr' id='par_1_75' title="bbox 451 4095 2021 4170">
     <span class='ocr_line' id='line_1_75' title="bbox 451 4095 2021 4170; baseline 0.011 -24"><span class='ocrx_word' id='word_1_546' title='bbox 451 4095 832 4165; x_wconf 82' lang='lat' dir='ltr'><strong>signiﬁcatam,</strong></span> <span class='ocrx_word' id='word_1_547' title='bbox 894 4108 947 4154; x_wconf 88' lang='lat' dir='ltr'><strong>et</strong></span> <span class='ocrx_word' id='word_1_548' title='bbox 999 4099 1068 4154; x_wconf 88' lang='lat' dir='ltr'><strong>ab</strong></span> <span class='ocrx_word' id='word_1_549' title='bbox 1099 4101 1219 4170; x_wconf 90' lang='lat' dir='ltr'><strong>ipso</strong></span> <span class='ocrx_word' id='word_1_550' title='bbox 1246 4101 1459 4158; x_wconf 90' lang='lat' dir='ltr'><strong>Domini</strong></span> <span class='ocrx_word' id='word_1_551' title='bbox 1499 4106 1835 4162; x_wconf 90' lang='lat' dir='ltr'><strong>testimonio.</strong></span> <span class='ocrx_word' id='word_1_552' title='bbox 1888 4108 2021 4163; x_wconf 84' lang='lat' dir='ltr'><strong>Nam</strong></span> 
     </span>
    </p>
   </div>
   <div class='ocr_carea' id='block_1_76' title="bbox 449 4184 2022 4268">
    <p class='ocr_par' dir='ltr' id='par_1_76' title="bbox 449 4184 2022 4268">
     <span class='ocr_line' id='line_1_76' title="bbox 449 4184 2022 4268; baseline 0.011 -31"><span class='ocrx_word' id='word_1_553' title='bbox 449 4186 543 4253; x_wconf 89' lang='lat' dir='ltr'><strong>qui</strong></span> <span class='ocrx_word' id='word_1_554' title='bbox 575 4184 710 4239; x_wconf 81' lang='lat' dir='ltr'><strong>dixit</strong></span> <span class='ocrx_word' id='word_1_555' title='bbox 743 4205 756 4240; x_wconf 90' lang='lat'>:</span> <span class='ocrx_word' id='word_1_556' title='bbox 784 4186 895 4257; x_wconf 84' lang='lat' dir='ltr'><strong>Ego</strong></span> <span class='ocrx_word' id='word_1_557' title='bbox 931 4197 979 4243; x_wconf 81' lang='lat' dir='ltr'><strong>et</strong></span> <span class='ocrx_word' id='word_1_558' title='bbox 1009 4189 1167 4245; x_wconf 82' lang='lat' dir='ltr'><strong>Pater</strong></span> <span class='ocrx_word' id='word_1_559' title='bbox 1203 4208 1362 4249; x_wconf 86' lang='lat' dir='ltr'><strong>unum</strong></span> <span class='ocrx_word' id='word_1_560' title='bbox 1387 4197 1631 4251; x_wconf 74' lang='lat' dir='ltr'><strong>sumus”</strong></span> <span class='ocrx_word' id='word_1_561' title='bbox 1652 4238 1668 4264; x_wconf 87' lang='lat'><strong>,</strong></span> <span class='ocrx_word' id='word_1_562' title='bbox 1708 4198 1837 4268; x_wconf 89' lang='lat' dir='ltr'><strong>quid</strong></span> <span class='ocrx_word' id='word_1_563' title='bbox 1878 4201 2022 4255; x_wconf 90' lang='lat' dir='ltr'><strong>aliud</strong></span> 
     </span>
    </p>
   </div>
   <div class='ocr_carea' id='block_1_77' title="bbox 452 4272 1999 4358">
    <p class='ocr_par' dir='ltr' id='par_1_77' title="bbox 452 4272 1999 4358">
     <span class='ocr_line' id='line_1_77' title="bbox 452 4272 1999 4358; baseline 0.012 -34"><span class='ocrx_word' id='word_1_564' title='bbox 452 4272 676 4336; x_wconf 86' lang='lat' dir='ltr'><strong>iudicat,</strong></span> <span class='ocrx_word' id='word_1_565' title='bbox 707 4276 812 4329; x_wconf 90' lang='lat' dir='ltr'><strong>nisi</strong></span> <span class='ocrx_word' id='word_1_566' title='bbox 866 4292 925 4331; x_wconf 90' lang='lat' dir='ltr'><strong>se</strong></span> <span class='ocrx_word' id='word_1_567' title='bbox 959 4276 1136 4333; x_wconf 86' lang='lat' dir='ltr'><strong>Patris</strong></span> <span class='ocrx_word' id='word_1_568' title='bbox 1186 4282 1459 4336; x_wconf 89' lang='lat' dir='ltr'><strong>mentione</strong></span> <span class='ocrx_word' id='word_1_569' title='bbox 1514 4282 1677 4349; x_wconf 81' lang='lat' dir='ltr'><strong>facta,</strong></span> <span class='ocrx_word' id='word_1_570' title='bbox 1738 4289 1999 4358; x_wconf 90' lang='lat' dir='ltr'><strong>principii</strong></span> 
     </span>
    </p>
   </div>
   <div class='ocr_carea' id='block_1_78' title="bbox 2125 3090 3691 3163">
    <p class='ocr_par' dir='ltr' id='par_1_78' title="bbox 2125 3090 3691 3163">
     <span class='ocr_line' id='line_1_78' title="bbox 2125 3090 3691 3163; baseline 0 -20"><span class='ocrx_word' id='word_1_571' title='bbox 2125 3090 2412 3161; x_wconf 80' lang='grc' dir='ltr'>ὑπάρξεως</span> <span class='ocrx_word' id='word_1_572' title='bbox 2448 3095 2515 3162; x_wconf 76' lang='grc' dir='ltr'><strong>τῇ</strong></span> <span class='ocrx_word' id='word_1_573' title='bbox 2555 3092 2713 3162; x_wconf 85' lang='grc' dir='ltr'>φύσει</span> <span class='ocrx_word' id='word_1_574' title='bbox 2751 3093 2849 3161; x_wconf 85' lang='grc' dir='ltr'>τὴν</span> <span class='ocrx_word' id='word_1_575' title='bbox 2885 3092 3239 3163; x_wconf 81' lang='grc' dir='ltr'>παραλλαγὴν</span> <span class='ocrx_word' id='word_1_576' title='bbox 3278 3092 3691 3162; x_wconf 73' lang='grc' dir='ltr'>ἐμποιούντων),</span> 
     </span>
    </p>
   </div>
   <div class='ocr_carea' id='block_1_79' title="bbox 2121 3182 3688 3257">
    <p class='ocr_par' dir='ltr' id='par_1_79' title="bbox 2121 3182 3688 3257">
     <span class='ocr_line' id='line_1_79' title="bbox 2121 3182 3688 3257; baseline -0.002 -17"><span class='ocrx_word' id='word_1_577' title='bbox 2121 3182 2236 3240; x_wconf 77' lang='grc' dir='ltr'>ἀλλ’</span> <span class='ocrx_word' id='word_1_578' title='bbox 2272 3183 2531 3248; x_wconf 77' lang='grc' dir='ltr'>ὡσαύτως</span> <span class='ocrx_word' id='word_1_579' title='bbox 2564 3185 2705 3255; x_wconf 75' lang='grc' dir='ltr'>ἔχειν</span> <span class='ocrx_word' id='word_1_580' title='bbox 2742 3188 2808 3257; x_wconf 78' lang='grc' dir='ltr'>τῇ</span> <span class='ocrx_word' id='word_1_581' title='bbox 2845 3188 2995 3255; x_wconf 82' lang='grc' dir='ltr'>κοινῇ</span> <span class='ocrx_word' id='word_1_582' title='bbox 3028 3186 3136 3239; x_wconf 85' lang='grc' dir='ltr'><strong>τῶν</strong></span> <span class='ocrx_word' id='word_1_583' title='bbox 3171 3185 3446 3256; x_wconf 74' lang='grc' dir='ltr'>νηφόντων</span> <span class='ocrx_word' id='word_1_584' title='bbox 3485 3202 3688 3252; x_wconf 85' lang='grc' dir='ltr'>συγκα-</span> 
     </span>
    </p>
   </div>
   <div class='ocr_carea' id='block_1_80' title="bbox 2120 3276 3693 3351">
    <p class='ocr_par' dir='ltr' id='par_1_80' title="bbox 2120 3276 3693 3351">
     <span class='ocr_line' id='line_1_80' title="bbox 2120 3276 3693 3351; baseline 0.001 -24"><span class='ocrx_word' id='word_1_585' title='bbox 2120 3276 2335 3332; x_wconf 73' lang='grc' dir='ltr'>ταθέσει</span> <span class='ocrx_word' id='word_1_586' title='bbox 2365 3277 2757 3348; x_wconf 81' lang='grc' dir='ltr'>διωμολόγηται</span> <span class='ocrx_word' id='word_1_587' title='bbox 2792 3278 2918 3347; x_wconf 67' lang='grc' dir='ltr'>(καὶ</span> <span class='ocrx_word' id='word_1_588' title='bbox 2941 3279 3112 3341; x_wconf 73' lang='grc' dir='ltr'>οὐδεὶς</span> <span class='ocrx_word' id='word_1_589' title='bbox 3135 3278 3373 3331; x_wconf 82' lang='grc' dir='ltr'>ἀντείποι</span> <span class='ocrx_word' id='word_1_590' title='bbox 3392 3278 3585 3347; x_wconf 83' lang='grc' dir='ltr'>τούτῳ,</span> <span class='ocrx_word' id='word_1_591' title='bbox 3618 3279 3693 3351; x_wconf 76' lang='grc' dir='ltr'>μὴ</span> 
     </span>
    </p>
   </div>
   <div class='ocr_carea' id='block_1_81' title="bbox 2124 3367 3690 3441">
    <p class='ocr_par' dir='ltr' id='par_1_81' title="bbox 2124 3367 3690 3441">
     <span class='ocr_line' id='line_1_81' title="bbox 2124 3367 3690 3441; baseline 0.002 -22"><span class='ocrx_word' id='word_1_592' title='bbox 2124 3367 2329 3439; x_wconf 84' lang='grc' dir='ltr'>σφόδρα</span> <span class='ocrx_word' id='word_1_593' title='bbox 2359 3369 2449 3422; x_wconf 77' lang='grc' dir='ltr'>τοῦ</span> <span class='ocrx_word' id='word_1_594' title='bbox 2479 3368 2761 3441; x_wconf 74' lang='grc' dir='ltr'>ἐλλεϐόρου</span> <span class='ocrx_word' id='word_1_595' title='bbox 2798 3368 3083 3439; x_wconf 84' lang='grc' dir='ltr'>δεόμενος)</span> <span class='ocrx_word' id='word_1_596' title='bbox 3104 3386 3117 3401; x_wconf 80' lang='grc'><em>’</em></span> <span class='ocrx_word' id='word_1_597' title='bbox 3143 3370 3223 3433; x_wconf 87' lang='grc' dir='ltr'><strong>τίς</strong></span> <span class='ocrx_word' id='word_1_598' title='bbox 3253 3370 3286 3440; x_wconf 76' lang='grc' dir='ltr'><strong>ἡ</strong></span> <span class='ocrx_word' id='word_1_599' title='bbox 3312 3369 3522 3439; x_wconf 80' lang='grc' dir='ltr'>ἀνάγκη</span> <span class='ocrx_word' id='word_1_600' title='bbox 3552 3370 3690 3422; x_wconf 78' lang='grc' dir='ltr'><strong>κατά</strong></span> 
     </span>
    </p>
   </div>
   <div class='ocr_carea' id='block_1_82' title="bbox 2120 3456 3689 3531">
    <p class='ocr_par' dir='ltr' id='par_1_82' title="bbox 2120 3456 3689 3531">
     <span class='ocr_line' id='line_1_82' title="bbox 2120 3456 3689 3531; baseline 0.001 -23"><span class='ocrx_word' id='word_1_601' title='bbox 2120 3457 2217 3527; x_wconf 84' lang='grc' dir='ltr'>τῆς</span> <span class='ocrx_word' id='word_1_602' title='bbox 2267 3456 2413 3521; x_wconf 86' lang='grc' dir='ltr'>θείας</span> <span class='ocrx_word' id='word_1_603' title='bbox 2454 3456 2667 3526; x_wconf 81' lang='grc' dir='ltr'>φύσεως</span> <span class='ocrx_word' id='word_1_604' title='bbox 2707 3458 2769 3511; x_wconf 84' lang='grc' dir='ltr'>τὸ</span> <span class='ocrx_word' id='word_1_605' title='bbox 2814 3459 3120 3531; x_wconf 85' lang='grc' dir='ltr'>παράλογον</span> <span class='ocrx_word' id='word_1_606' title='bbox 3172 3459 3329 3516; x_wconf 79' lang='grc' dir='ltr'>τοῦτο</span> <span class='ocrx_word' id='word_1_607' title='bbox 3356 3462 3453 3528; x_wconf 75' lang='grc' dir='ltr'>τῆς</span> <span class='ocrx_word' id='word_1_608' title='bbox 3487 3458 3689 3521; x_wconf 74' lang='grc' dir='ltr'>ἐννοίας</span> 
     </span>
    </p>
   </div>
   <div class='ocr_carea' id='block_1_83' title="bbox 2122 3550 3689 3623">
    <p class='ocr_par' dir='ltr' id='par_1_83' title="bbox 2122 3550 3689 3623">
     <span class='ocr_line' id='line_1_83' title="bbox 2122 3550 3689 3623; baseline 0 -22"><span class='ocrx_word' id='word_1_609' title='bbox 2122 3550 2654 3616; x_wconf 80' lang='grc' dir='ltr'>κατασκευάζεσθαις</span> <span class='ocrx_word' id='word_1_610' title='bbox 2718 3550 2935 3623; x_wconf 82' lang='grc' dir='ltr'>Πατέρα</span> <span class='ocrx_word' id='word_1_611' title='bbox 3017 3551 3110 3604; x_wconf 82' lang='grc' dir='ltr'>καὶ</span> <span class='ocrx_word' id='word_1_612' title='bbox 3169 3551 3314 3604; x_wconf 74' lang='grc' dir='ltr'>ιΥἱὸν</span> <span class='ocrx_word' id='word_1_613' title='bbox 3372 3550 3520 3620; x_wconf 72' lang='grc' dir='ltr'>παρὰ</span> <span class='ocrx_word' id='word_1_614' title='bbox 3590 3550 3689 3619; x_wconf 78' lang='grc' dir='ltr'>τῆς</span> 
     </span>
    </p>
   </div>
   <div class='ocr_carea' id='block_1_84' title="bbox 2120 3640 3688 3713">
    <p class='ocr_par' dir='ltr' id='par_1_84' title="bbox 2120 3640 3688 3713">
     <span class='ocr_line' id='line_1_84' title="bbox 2120 3640 3688 3713; baseline -0.001 -19"><span class='ocrx_word' id='word_1_615' title='bbox 2120 3640 2372 3712; x_wconf 81' lang='grc' dir='ltr'>ἀληθείας</span> <span class='ocrx_word' id='word_1_616' title='bbox 2403 3642 2731 3707; x_wconf 82' lang='grc' dir='ltr'>ἀκούσαντες</span> <span class='ocrx_word' id='word_1_617' title='bbox 2755 3682 2770 3705; x_wconf 89' lang='grc'><strong>,</strong></span> <span class='ocrx_word' id='word_1_618' title='bbox 2807 3644 2866 3695; x_wconf 83' lang='grc' dir='ltr'>ὲν</span> <span class='ocrx_word' id='word_1_619' title='bbox 2902 3642 2994 3696; x_wconf 89' lang='grc' dir='ltr'><strong>δύο</strong></span> <span class='ocrx_word' id='word_1_620' title='bbox 3025 3644 3135 3707; x_wconf 85' lang='grc' dir='ltr'>τοῖς</span> <span class='ocrx_word' id='word_1_621' title='bbox 3168 3641 3548 3713; x_wconf 81' lang='grc' dir='ltr'>ὑποκειμένοις</span> <span class='ocrx_word' id='word_1_622' title='bbox 3590 3641 3688 3709; x_wconf 82' lang='grc' dir='ltr'>τὴν</span> 
     </span>
    </p>
   </div>
   <div class='ocr_carea' id='block_1_85' title="bbox 2122 3734 3692 3806">
    <p class='ocr_par' dir='ltr' id='par_1_85' title="bbox 2122 3734 3692 3806">
     <span class='ocr_line' id='line_1_85' title="bbox 2122 3734 3692 3806; baseline 0 -18"><span class='ocrx_word' id='word_1_623' title='bbox 2122 3734 2344 3804; x_wconf 83' lang='grc' dir='ltr'>ἑνότητα</span> <span class='ocrx_word' id='word_1_624' title='bbox 2373 3735 2471 3805; x_wconf 80' lang='grc' dir='ltr'><strong>τῆς</strong></span> <span class='ocrx_word' id='word_1_625' title='bbox 2492 3734 2703 3804; x_wconf 82' lang='grc' dir='ltr'>φύσεως</span> <span class='ocrx_word' id='word_1_626' title='bbox 2736 3735 3109 3806; x_wconf 69' lang='grc' dir='ltr'>ἐδιδάχθημεν,</span> <span class='ocrx_word' id='word_1_627' title='bbox 3138 3736 3241 3791; x_wconf 75' lang='grc' dir='ltr'><strong>ὑπό</strong></span> <span class='ocrx_word' id='word_1_628' title='bbox 3268 3753 3330 3789; x_wconf 87' lang='grc' dir='ltr'><strong>τε</strong></span> <span class='ocrx_word' id='word_1_629' title='bbox 3358 3735 3466 3789; x_wconf 85' lang='grc' dir='ltr'><strong>τῶν</strong></span> <span class='ocrx_word' id='word_1_630' title='bbox 3495 3735 3692 3805; x_wconf 70' lang='grc' dir='ltr'>όνομάς</span> 
     </span>
    </p>
   </div>
   <div class='ocr_carea' id='block_1_86' title="bbox 2120 3826 3690 3898">
    <p class='ocr_par' dir='ltr' id='par_1_86' title="bbox 2120 3826 3690 3898">
     <span class='ocr_line' id='line_1_86' title="bbox 2120 3826 3690 3898; baseline 0.001 -20"><span class='ocrx_word' id='word_1_631' title='bbox 2120 3842 2228 3881; x_wconf 85' lang='grc' dir='ltr'><strong>των</strong></span> <span class='ocrx_word' id='word_1_632' title='bbox 2255 3826 2494 3894; x_wconf 80' lang='grc' dir='ltr'>φυσικῶς</span> <span class='ocrx_word' id='word_1_633' title='bbox 2516 3826 2603 3880; x_wconf 83' lang='grc' dir='ltr'>διὰ</span> <span class='ocrx_word' id='word_1_634' title='bbox 2633 3828 2730 3897; x_wconf 82' lang='grc' dir='ltr'>τῆς</span> <span class='ocrx_word' id='word_1_635' title='bbox 2765 3827 2901 3898; x_wconf 82' lang='grc' dir='ltr'>πρὸς</span> <span class='ocrx_word' id='word_1_636' title='bbox 2941 3827 3144 3896; x_wconf 82' lang='grc' dir='ltr'>ἄλληλα</span> <span class='ocrx_word' id='word_1_637' title='bbox 3173 3827 3406 3898; x_wconf 83' lang='grc' dir='ltr'>σχέσεως</span> <span class='ocrx_word' id='word_1_638' title='bbox 3432 3844 3690 3898; x_wconf 87' lang='grc' dir='ltr'>σημαινο-</span> 
     </span>
    </p>
   </div>
   <div class='ocr_carea' id='block_1_87' title="bbox 2125 3915 3689 3989">
    <p class='ocr_par' dir='ltr' id='par_1_87' title="bbox 2125 3915 3689 3989">
     <span class='ocr_line' id='line_1_87' title="bbox 2125 3915 3689 3989; baseline 0.003 -20"><span class='ocrx_word' id='word_1_639' title='bbox 2125 3915 2312 3987; x_wconf 81' lang='grc' dir='ltr'>μένης,</span> <span class='ocrx_word' id='word_1_640' title='bbox 2345 3918 2437 3970; x_wconf 75' lang='grc' dir='ltr'>καὶ</span> <span class='ocrx_word' id='word_1_641' title='bbox 2474 3919 2565 3970; x_wconf 79' lang='grc' dir='ltr'><strong>ὑπ’</strong></span> <span class='ocrx_word' id='word_1_642' title='bbox 2607 3918 2777 3989; x_wconf 78' lang='grc' dir='ltr'>αὐτῆς</span> <span class='ocrx_word' id='word_1_643' title='bbox 2808 3918 2967 3973; x_wconf 82' lang='grc' dir='ltr'>πάλιν</span> <span class='ocrx_word' id='word_1_644' title='bbox 3003 3921 3099 3988; x_wconf 81' lang='grc' dir='ltr'>τῆς</span> <span class='ocrx_word' id='word_1_645' title='bbox 3128 3917 3221 3971; x_wconf 79' lang='grc' dir='ltr'>τοῦ</span> <span class='ocrx_word' id='word_1_646' title='bbox 3253 3918 3457 3989; x_wconf 80' lang='grc' dir='ltr'>Κυρίου</span> <span class='ocrx_word' id='word_1_647' title='bbox 3488 3921 3689 3988; x_wconf 80' lang='grc' dir='ltr'>φωνῆς.</span> 
     </span>
    </p>
   </div>
   <div class='ocr_carea' id='block_1_88' title="bbox 2135 4004 3690 4076">
    <p class='ocr_par' dir='ltr' id='par_1_88' title="bbox 2135 4004 3690 4076">
     <span class='ocr_line' id='line_1_88' title="bbox 2135 4004 3690 4076; baseline 0.002 -19"><span class='ocrx_word' id='word_1_648' title='bbox 2135 4005 2192 4057; x_wconf 86' lang='lat'><strong>&#39;0</strong></span> <span class='ocrx_word' id='word_1_649' title='bbox 2217 4006 2325 4076; x_wconf 80' lang='grc' dir='ltr'><strong>γάρ</strong></span> <span class='ocrx_word' id='word_1_650' title='bbox 2352 4004 2541 4069; x_wconf 87' lang='grc' dir='ltr'>εἰπὼν,</span> <span class='ocrx_word' id='word_1_651' title='bbox 2577 4005 2724 4075; x_wconf 73' lang='grc' dir='ltr'><strong>Ἐγὼ</strong></span> <span class='ocrx_word' id='word_1_652' title='bbox 2746 4006 2841 4059; x_wconf 76' lang='grc' dir='ltr'>καὶ</span> <span class='ocrx_word' id='word_1_653' title='bbox 2866 4008 2898 4059; x_wconf 85' lang='grc' dir='ltr'><strong>ό</strong></span> <span class='ocrx_word' id='word_1_654' title='bbox 2920 4006 3121 4073; x_wconf 82' lang='grc' dir='ltr'>Πατὴρ</span> <span class='ocrx_word' id='word_1_655' title='bbox 3148 4006 3217 4059; x_wconf 82' lang='grc' dir='ltr'><strong>ἓν</strong></span> <span class='ocrx_word' id='word_1_656' title='bbox 3239 4006 3444 4075; x_wconf 75' lang='grc' dir='ltr'>ἐσμεν,</span> <span class='ocrx_word' id='word_1_657' title='bbox 3462 4008 3514 4060; x_wconf 88' lang='grc' dir='ltr'><strong>τί</strong></span> <span class='ocrx_word' id='word_1_658' title='bbox 3542 4006 3690 4071; x_wconf 78' lang='grc' dir='ltr'>ἄλλο,</span> 
     </span>
    </p>
   </div>
   <div class='ocr_carea' id='block_1_89' title="bbox 2122 4094 3719 4183">
    <p class='ocr_par' dir='ltr' id='par_1_89' title="bbox 2122 4094 3719 4183">
     <span class='ocr_line' id='line_1_89' title="bbox 2122 4094 3719 4183; baseline 0.004 -38"><span class='ocrx_word' id='word_1_659' title='bbox 2122 4094 2154 4166; x_wconf 85' lang='grc' dir='ltr'>ἢ</span> <span class='ocrx_word' id='word_1_660' title='bbox 2188 4094 2248 4147; x_wconf 87' lang='grc' dir='ltr'><strong>τό</strong></span> <span class='ocrx_word' id='word_1_661' title='bbox 2276 4112 2334 4148; x_wconf 88' lang='grc' dir='ltr'><strong>τε</strong></span> <span class='ocrx_word' id='word_1_662' title='bbox 2372 4096 2444 4166; x_wconf 81' lang='grc' dir='ltr'>μὴ</span> <span class='ocrx_word' id='word_1_663' title='bbox 2477 4098 2709 4170; x_wconf 70' lang='grc' dir='ltr'>ἄναρχον</span> <span class='ocrx_word' id='word_1_664' title='bbox 2740 4095 2931 4148; x_wconf 79' lang='grc' dir='ltr'>ἑαυτοῦ</span> <span class='ocrx_word' id='word_1_665' title='bbox 2964 4094 3050 4148; x_wconf 77' lang='grc' dir='ltr'>διὰ</span> <span class='ocrx_word' id='word_1_666' title='bbox 3081 4096 3181 4164; x_wconf 80' lang='grc' dir='ltr'>τῆς</span> <span class='ocrx_word' id='word_1_667' title='bbox 3211 4096 3303 4148; x_wconf 82' lang='grc' dir='ltr'>τοῦ</span> <span class='ocrx_word' id='word_1_668' title='bbox 3335 4095 3543 4166; x_wconf 70' lang='grc' dir='ltr'>[ἰατρὸς</span> <span class='ocrx_word' id='word_1_669' title='bbox 3565 4095 3719 4183; x_wconf 8' lang='grc' dir='ltr'><strong>ὁμο-χΙ</strong></span> 
     </span>
    </p>
   </div>
   <div class='ocr_carea' id='block_1_90' title="bbox 2122 4184 3715 4259">
    <p class='ocr_par' dir='ltr' id='par_1_90' title="bbox 2122 4184 3715 4259">
     <span class='ocr_line' id='line_1_90' title="bbox 2122 4184 3715 4259; baseline -0.001 -22"><span class='ocrx_word' id='word_1_670' title='bbox 2122 4184 2308 4253; x_wconf 86' lang='grc' dir='ltr'>λογίας</span> <span class='ocrx_word' id='word_1_671' title='bbox 2328 4187 2683 4259; x_wconf 85' lang='grc' dir='ltr'>παρίστησιν,</span> <span class='ocrx_word' id='word_1_672' title='bbox 2710 4187 2804 4240; x_wconf 76' lang='grc' dir='ltr'><strong>καὶ</strong></span> <span class='ocrx_word' id='word_1_673' title='bbox 2828 4187 2889 4239; x_wconf 77' lang='grc' dir='ltr'>τὸ</span> <span class='ocrx_word' id='word_1_674' title='bbox 2918 4185 3091 4244; x_wconf 82' lang='grc' dir='ltr'>κοινόν</span> <span class='ocrx_word' id='word_1_675' title='bbox 3119 4186 3217 4255; x_wconf 77' lang='grc' dir='ltr'>τῆς</span> <span class='ocrx_word' id='word_1_676' title='bbox 3248 4187 3457 4254; x_wconf 79' lang='grc' dir='ltr'>φύσεως</span> <span class='ocrx_word' id='word_1_677' title='bbox 3486 4185 3573 4238; x_wconf 77' lang='grc' dir='ltr'><strong>διὰ</strong></span> <span class='ocrx_word' id='word_1_678' title='bbox 3596 4186 3715 4254; x_wconf 75' lang='grc' dir='ltr'>τῆς</span> 
     </span>
    </p>
   </div>
   <div class='ocr_carea' id='block_1_91' title="bbox 2124 4269 3697 4346">
    <p class='ocr_par' dir='ltr' id='par_1_91' title="bbox 2124 4269 3697 4346">
     <span class='ocr_line' id='line_1_91' title="bbox 2124 4269 3697 4346; baseline -0.001 -19"><span class='ocrx_word' id='word_1_679' title='bbox 2124 4275 2257 4345; x_wconf 82' lang='grc' dir='ltr'>πρὸς</span> <span class='ocrx_word' id='word_1_680' title='bbox 2286 4276 2377 4329; x_wconf 81' lang='grc' dir='ltr'>τὸν</span> <span class='ocrx_word' id='word_1_681' title='bbox 2418 4276 2631 4346; x_wconf 84' lang='grc' dir='ltr'>Πατέρα</span> <span class='ocrx_word' id='word_1_682' title='bbox 2670 4275 2938 4345; x_wconf 82' lang='grc' dir='ltr'>ὲνότητος,</span> <span class='ocrx_word' id='word_1_683' title='bbox 2976 4275 3051 4337; x_wconf 84' lang='grc' dir='ltr'>ὼς</span> <span class='ocrx_word' id='word_1_684' title='bbox 3082 4274 3147 4328; x_wconf 86' lang='grc' dir='ltr'>ἂν</span> <span class='ocrx_word' id='word_1_685' title='bbox 3169 4269 3445 4345; x_wconf 74' lang='grc' dir='ltr'>οἷμαι,διὰ</span> <span class='ocrx_word' id='word_1_686' title='bbox 3471 4274 3578 4327; x_wconf 86' lang='grc' dir='ltr'><strong>τῶν</strong></span> <span class='ocrx_word' id='word_1_687' title='bbox 3619 4277 3697 4327; x_wconf 78' lang='lat' dir='ltr'><strong>si-</strong></span> 
     </span>
    </p>
   </div>
   <div class='ocr_carea' id='block_1_92' title="bbox 446 4356 2019 4441">
    <p class='ocr_par' dir='ltr' id='par_1_92' title="bbox 446 4374 2019 4439">
     <span class='ocr_line' id='line_1_92' title="bbox 446 4374 2019 4439; baseline 0.013 -23"><span class='ocrx_word' id='word_1_688' title='bbox 446 4374 721 4433; x_wconf 82' lang='lat' dir='ltr'><strong>cxpertem</strong></span> <span class='ocrx_word' id='word_1_689' title='bbox 750 4380 856 4421; x_wconf 92' lang='lat' dir='ltr'><strong>non</strong></span> <span class='ocrx_word' id='word_1_690' title='bbox 896 4382 1038 4433; x_wconf 83' lang='lat' dir='ltr'><strong>esse,</strong></span> <span class='ocrx_word' id='word_1_691' title='bbox 1090 4384 1257 4439; x_wconf 89' lang='lat' dir='ltr'><strong>seque</strong></span> <span class='ocrx_word' id='word_1_692' title='bbox 1293 4386 1416 4427; x_wconf 91' lang='lat' dir='ltr'><strong>cum</strong></span> <span class='ocrx_word' id='word_1_693' title='bbox 1455 4376 1645 4431; x_wconf 88' lang='lat' dir='ltr'><strong>eodem</strong></span> <span class='ocrx_word' id='word_1_694' title='bbox 1674 4393 2019 4435; x_wconf 85' lang='lat' dir='ltr'><strong>communem</strong></span> 
     </span>
    </p>
   </div>
   <div class='ocr_carea' id='block_1_93' title="bbox 2123 4356 3699 4441">
    <p class='ocr_par' dir='ltr' id='par_1_93' title="bbox 2129 4364 3699 4441">
     <span class='ocr_line' id='line_1_93' title="bbox 2129 4364 3699 4441; baseline -0.004 -20"><span class='ocrx_word' id='word_1_695' title='bbox 2129 4385 2192 4438; x_wconf 83' lang='grc' dir='ltr'><strong>ρη</strong></span> <span class='ocrx_word' id='word_1_696' title='bbox 2203 4369 2375 4437; x_wconf 86' lang='grc' dir='ltr'>μένων</span> <span class='ocrx_word' id='word_1_697' title='bbox 2397 4367 2498 4437; x_wconf 83' lang='grc' dir='ltr'><strong>τῆς</strong></span> <span class='ocrx_word' id='word_1_698' title='bbox 2524 4369 2608 4441; x_wconf 79' lang='grc' dir='ltr'><strong>ἐφ’</strong></span> <span class='ocrx_word' id='word_1_699' title='bbox 2634 4367 2869 4438; x_wconf 65' lang='grc' dir='ltr'>ἑκατέρᾳ.</span> <span class='ocrx_word' id='word_1_700' title='bbox 2899 4368 3009 4421; x_wconf 83' lang='grc' dir='ltr'><strong>τῶν</strong></span> <span class='ocrx_word' id='word_1_701' title='bbox 3029 4366 3287 4438; x_wconf 78' lang='grc' dir='ltr'>αἱρέσεων</span> <span class='ocrx_word' id='word_1_702' title='bbox 3343 4364 3699 4438; x_wconf 78' lang='grc' dir='ltr'>παρατροπῆς</span> 
     </span>
    </p>
   </div>
   <div class='ocr_carea' id='block_1_94' title="bbox 447 4457 2023 4532">
    <p class='ocr_par' dir='ltr' id='par_1_94' title="bbox 447 4457 2023 4532">
     <span class='ocr_line' id='line_1_94' title="bbox 447 4457 2023 4532; baseline 0.012 -23"><span class='ocrx_word' id='word_1_703' title='bbox 447 4462 702 4510; x_wconf 88' lang='lat' dir='ltr'><strong>naturam</strong></span> <span class='ocrx_word' id='word_1_704' title='bbox 734 4457 955 4524; x_wconf 83' lang='lat' dir='ltr'><strong>habere,</strong></span> <span class='ocrx_word' id='word_1_705' title='bbox 1002 4468 1224 4532; x_wconf 83' lang='lat' dir='ltr'><strong>prOpter</strong></span> <span class='ocrx_word' id='word_1_706' title='bbox 1255 4465 1510 4519; x_wconf 89' lang='lat' dir='ltr'><strong>unionem</strong></span> <span class='ocrx_word' id='word_1_707' title='bbox 1541 4482 1665 4521; x_wconf 89' lang='lat' dir='ltr'><strong>cum</strong></span> <span class='ocrx_word' id='word_1_708' title='bbox 1723 4469 1919 4527; x_wconf 84' lang='lat' dir='ltr'><strong>Patre?</strong></span> <span class='ocrx_word' id='word_1_709' title='bbox 1954 4470 2023 4528; x_wconf 91' lang='lat' dir='ltr'><strong>Ut</strong></span> 
     </span>
    </p>
   </div>
   <div class='ocr_carea' id='block_1_95' title="bbox 448 4547 2022 4621">
    <p class='ocr_par' dir='ltr' id='par_1_95' title="bbox 448 4547 2022 4621">
     <span class='ocr_line' id='line_1_95' title="bbox 448 4547 2022 4621; baseline 0.01 -18"><span class='ocrx_word' id='word_1_710' title='bbox 448 4547 753 4603; x_wconf 84' lang='lat' dir='ltr'><strong>existimem</strong></span> <span class='ocrx_word' id='word_1_711' title='bbox 776 4551 1049 4621; x_wconf 57' lang='lat' dir='ltr'><strong>pyedictis</strong></span> <span class='ocrx_word' id='word_1_712' title='bbox 1073 4551 1274 4609; x_wconf 87' lang='lat' dir='ltr'><strong>Christi</strong></span> <span class='ocrx_word' id='word_1_713' title='bbox 1295 4555 1478 4611; x_wconf 81' lang='lat' dir='ltr'><strong>verbis</strong></span> <span class='ocrx_word' id='word_1_714' title='bbox 1496 4557 1564 4611; x_wconf 91' lang='lat' dir='ltr'><strong>ab</strong></span> <span class='ocrx_word' id='word_1_715' title='bbox 1585 4562 1928 4619; x_wconf 86' lang='lat' dir='ltr'><strong>exerratione</strong></span> <span class='ocrx_word' id='word_1_716' title='bbox 1955 4565 2022 4619; x_wconf 87' lang='lat' dir='ltr'><strong>ad</strong></span> 
     </span>
    </p>
   </div>
   <div class='ocr_carea' id='block_1_96' title="bbox 448 4644 2025 4725">
    <p class='ocr_par' dir='ltr' id='par_1_96' title="bbox 448 4644 2025 4725">
     <span class='ocr_line' id='line_1_96' title="bbox 448 4644 2025 4725; baseline 0.011 -33"><span class='ocrx_word' id='word_1_717' title='bbox 448 4646 742 4710; x_wconf 89' lang='lat' dir='ltr'><strong>utrumque</strong></span> <span class='ocrx_word' id='word_1_718' title='bbox 774 4649 1106 4709; x_wconf 81' lang='lat' dir='ltr'><strong>extremum,</strong></span> <span class='ocrx_word' id='word_1_719' title='bbox 1140 4659 1329 4699; x_wconf 89' lang='lat' dir='ltr'><strong>sanam</strong></span> <span class='ocrx_word' id='word_1_720' title='bbox 1374 4644 1678 4704; x_wconf 89' lang='lat' dir='ltr'><strong>doctrinam</strong></span> <span class='ocrx_word' id='word_1_721' title='bbox 1725 4651 1777 4706; x_wconf 92' lang='lat' dir='ltr'><strong>in</strong></span> <span class='ocrx_word' id='word_1_722' title='bbox 1807 4659 1906 4708; x_wconf 85' lang='lat' dir='ltr'><strong>sua</strong></span> <span class='ocrx_word' id='word_1_723' title='bbox 1932 4669 2025 4725; x_wconf 90' lang='lat' dir='ltr'><strong>pu-</strong></span> 
     </span>
    </p>
   </div>
   <div class='ocr_carea' id='block_1_97' title="bbox 445 4732 2021 4815">
    <p class='ocr_par' dir='ltr' id='par_1_97' title="bbox 445 4732 2021 4815">
     <span class='ocr_line' id='line_1_97' title="bbox 445 4732 2021 4815; baseline 0.01 -29"><span class='ocrx_word' id='word_1_724' title='bbox 445 4732 612 4789; x_wconf 81' lang='lat' dir='ltr'><strong>ritate</strong></span> <span class='ocrx_word' id='word_1_725' title='bbox 637 4736 973 4802; x_wconf 83' lang='lat' dir='ltr'><strong>conservari,</strong></span> <span class='ocrx_word' id='word_1_726' title='bbox 1005 4744 1065 4791; x_wconf 89' lang='lat' dir='ltr'><strong>ut</strong></span> <span class='ocrx_word' id='word_1_727' title='bbox 1085 4751 1261 4809; x_wconf 89' lang='lat' dir='ltr'><strong>neque</strong></span> <span class='ocrx_word' id='word_1_728' title='bbox 1287 4738 1509 4796; x_wconf 84' lang='lat' dir='ltr'><strong>Sabeliii</strong></span> <span class='ocrx_word' id='word_1_729' title='bbox 1568 4756 1726 4799; x_wconf 90' lang='lat' dir='ltr'><strong>error</strong></span> <span class='ocrx_word' id='word_1_730' title='bbox 1757 4760 2021 4815; x_wconf 84' lang='lat' dir='ltr'><strong>persona-</strong></span> 
     </span>
    </p>
   </div>
   <div class='ocr_carea' id='block_1_98' title="bbox 446 4826 2020 4908">
    <p class='ocr_par' dir='ltr' id='par_1_98' title="bbox 446 4826 2020 4908">
     <span class='ocr_line' id='line_1_98' title="bbox 446 4826 2020 4908; baseline 0.01 -27"><span class='ocrx_word' id='word_1_731' title='bbox 446 4840 570 4881; x_wconf 87' lang='lat' dir='ltr'><strong>rum</strong></span> <span class='ocrx_word' id='word_1_732' title='bbox 604 4826 1014 4885; x_wconf 85' lang='lat' dir='ltr'><strong>distinctionem</strong></span> <span class='ocrx_word' id='word_1_733' title='bbox 1042 4837 1097 4886; x_wconf 89' lang='lat' dir='ltr'><strong>et</strong></span> <span class='ocrx_word' id='word_1_734' title='bbox 1127 4831 1510 4902; x_wconf 87' lang='lat' dir='ltr'><strong>proprietatem</strong></span> <span class='ocrx_word' id='word_1_735' title='bbox 1537 4851 1569 4891; x_wconf 92' lang='lat' dir='ltr'><strong>e</strong></span> <span class='ocrx_word' id='word_1_736' title='bbox 1602 4836 1782 4892; x_wconf 90' lang='lat' dir='ltr'><strong>medio</strong></span> <span class='ocrx_word' id='word_1_737' title='bbox 1800 4839 2020 4908; x_wconf 80' lang='lat' dir='ltr'><strong>tollens,</strong></span> 
     </span>
    </p>
   </div>
   <div class='ocr_carea' id='block_1_99' title="bbox 445 4917 2018 4998">
    <p class='ocr_par' dir='ltr' id='par_1_99' title="bbox 445 4917 2018 4998">
     <span class='ocr_line' id='line_1_99' title="bbox 445 4917 2018 4998; baseline 0.011 -26"><span class='ocrx_word' id='word_1_738' title='bbox 445 4917 628 4973; x_wconf 85' lang='lat' dir='ltr'><strong>locum</strong></span> <span class='ocrx_word' id='word_1_739' title='bbox 676 4918 940 4989; x_wconf 84' lang='lat' dir='ltr'><strong>inveniat,</strong></span> <span class='ocrx_word' id='word_1_740' title='bbox 976 4936 1100 4979; x_wconf 89' lang='lat' dir='ltr'><strong>cum</strong></span> <span class='ocrx_word' id='word_1_741' title='bbox 1132 4921 1459 4997; x_wconf 84' lang='lat' dir='ltr'><strong>Unigenitus</strong></span> <span class='ocrx_word' id='word_1_742' title='bbox 1492 4938 1677 4998; x_wconf 84' lang='lat' dir='ltr'><strong>aperte</strong></span> <span class='ocrx_word' id='word_1_743' title='bbox 1702 4945 1824 4987; x_wconf 91' lang='lat' dir='ltr'><strong>sese</strong></span> <span class='ocrx_word' id='word_1_744' title='bbox 1851 4948 1882 4988; x_wconf 89' lang='lat' dir='ltr'><strong>a</strong></span> <span class='ocrx_word' id='word_1_745' title='bbox 1913 4932 2018 4989; x_wconf 83' lang='lat' dir='ltr'><strong>Pa-</strong></span> 
     </span>
    </p>
   </div>
   <div class='ocr_carea' id='block_1_100' title="bbox 447 5011 2021 5088">
    <p class='ocr_par' dir='ltr' id='par_1_100' title="bbox 447 5011 2021 5088">
     <span class='ocr_line' id='line_1_100' title="bbox 447 5011 2021 5088; baseline 0.01 -26"><span class='ocrx_word' id='word_1_746' title='bbox 447 5018 532 5068; x_wconf 91' lang='lat' dir='ltr'><strong>tre</strong></span> <span class='ocrx_word' id='word_1_747' title='bbox 561 5011 925 5076; x_wconf 89' lang='lat' dir='ltr'><strong>discriminet,</strong></span> <span class='ocrx_word' id='word_1_748' title='bbox 973 5012 1101 5068; x_wconf 91' lang='lat' dir='ltr'><strong>dum</strong></span> <span class='ocrx_word' id='word_1_749' title='bbox 1134 5015 1209 5069; x_wconf 89' lang='lat' dir='ltr'><strong>ait</strong></span> <span class='ocrx_word' id='word_1_750' title='bbox 1242 5014 1388 5088; x_wconf 66' lang='lat' dir='ltr'><strong>aEgo</strong></span> <span class='ocrx_word' id='word_1_751' title='bbox 1438 5026 1489 5073; x_wconf 89' lang='lat' dir='ltr'><strong>et</strong></span> <span class='ocrx_word' id='word_1_752' title='bbox 1523 5017 1687 5075; x_wconf 84' lang='lat' dir='ltr'><strong>Pater</strong></span> <span class='ocrx_word' id='word_1_753' title='bbox 1728 5038 1891 5077; x_wconf 75' lang='lat' dir='ltr'><strong>mrum</strong></span> <span class='ocrx_word' id='word_1_754' title='bbox 1927 5042 2021 5080; x_wconf 83' lang='lat' dir='ltr'><strong>su-</strong></span> 
     </span>
    </p>
   </div>
   <div class='ocr_carea' id='block_1_101' title="bbox 447 5104 2022 5186">
    <p class='ocr_par' dir='ltr' id='par_1_101' title="bbox 447 5104 2022 5186">
     <span class='ocr_line' id='line_1_101' title="bbox 447 5104 2022 5186; baseline 0.012 -35"><span class='ocrx_word' id='word_1_755' title='bbox 447 5116 564 5155; x_wconf 70' lang='lat' dir='ltr'><strong>mus</strong></span> <span class='ocrx_word' id='word_1_756' title='bbox 598 5115 618 5156; x_wconf 88' lang='lat'><strong><em>:</em></strong></span> <span class='ocrx_word' id='word_1_757' title='bbox 653 5118 831 5173; x_wconf 80' lang='lat' dir='ltr'><strong>neque</strong></span> <span class='ocrx_word' id='word_1_758' title='bbox 856 5104 1020 5161; x_wconf 85' lang='lat' dir='ltr'><strong>etiam</strong></span> <span class='ocrx_word' id='word_1_759' title='bbox 1069 5104 1183 5160; x_wconf 86' lang='lat' dir='ltr'><strong>Arii</strong></span> <span class='ocrx_word' id='word_1_760' title='bbox 1231 5106 1479 5176; x_wconf 72' lang='lat' dir='ltr'><strong>perfidia,</strong></span> <span class='ocrx_word' id='word_1_761' title='bbox 1515 5109 1747 5166; x_wconf 89' lang='lat' dir='ltr'><strong>alienam</strong></span> <span class='ocrx_word' id='word_1_762' title='bbox 1782 5121 1837 5168; x_wconf 80' lang='lat' dir='ltr'><strong>et</strong></span> <span class='ocrx_word' id='word_1_763' title='bbox 1866 5130 2022 5186; x_wconf 89' lang='lat' dir='ltr'><strong>pere-</strong></span> 
     </span>
    </p>
   </div>
   <div class='ocr_carea' id='block_1_102' title="bbox 448 5193 2019 5272">
    <p class='ocr_par' dir='ltr' id='par_1_102' title="bbox 448 5193 2019 5272">
     <span class='ocr_line' id='line_1_102' title="bbox 448 5193 2019 5272; baseline 0.01 -26"><span class='ocrx_word' id='word_1_764' title='bbox 448 5193 658 5263; x_wconf 82' lang='lat' dir='ltr'><strong>grinam</strong></span> <span class='ocrx_word' id='word_1_765' title='bbox 690 5208 941 5252; x_wconf 90' lang='lat' dir='ltr'><strong>naturam</strong></span> <span class='ocrx_word' id='word_1_766' title='bbox 992 5195 1360 5268; x_wconf 83' lang='lat' dir='ltr'><strong>intrmlucens,</strong></span> <span class='ocrx_word' id='word_1_767' title='bbox 1400 5201 1846 5272; x_wconf 79' lang='lat' dir='ltr'><strong>approbationem</strong></span> <span class='ocrx_word' id='word_1_768' title='bbox 1905 5222 2019 5262; x_wconf 71' lang='lat' dir='ltr'><strong>me-</strong></span> 
     </span>
    </p>
   </div>
   <div class='ocr_carea' id='block_1_103' title="bbox 452 5287 2017 5366">
    <p class='ocr_par' dir='ltr' id='par_1_103' title="bbox 452 5287 2017 5366">
     <span class='ocr_line' id='line_1_103' title="bbox 452 5287 2017 5366; baseline 0.013 -31"><span class='ocrx_word' id='word_1_769' title='bbox 452 5292 654 5349; x_wconf 83' lang='lat' dir='ltr'><strong>reatur,</strong></span> <span class='ocrx_word' id='word_1_770' title='bbox 687 5287 1119 5359; x_wconf 82' lang='lat' dir='ltr'><strong>uniuscujusque</strong></span> <span class='ocrx_word' id='word_1_771' title='bbox 1167 5289 1380 5345; x_wconf 89' lang='lat' dir='ltr'><strong>unitate</strong></span> <span class='ocrx_word' id='word_1_772' title='bbox 1435 5292 1636 5347; x_wconf 90' lang='lat' dir='ltr'><strong>nullam</strong></span> <span class='ocrx_word' id='word_1_773' title='bbox 1701 5296 1921 5366; x_wconf 80' lang='lat' dir='ltr'><strong>penitus</strong></span> <span class='ocrx_word' id='word_1_774' title='bbox 1961 5297 2017 5356; x_wconf 89' lang='lat' dir='ltr'><strong>in</strong></span> 
     </span>
    </p>
   </div>
   <div class='ocr_carea' id='block_1_104' title="bbox 449 5377 2016 5446">
    <p class='ocr_par' dir='ltr' id='par_1_104' title="bbox 449 5377 2016 5446">
     <span class='ocr_line' id='line_1_104' title="bbox 449 5377 2016 5446; baseline 0.012 -19"><span class='ocrx_word' id='word_1_775' title='bbox 449 5380 644 5435; x_wconf 83' lang='lat' dir='ltr'><strong>natura</strong></span> <span class='ocrx_word' id='word_1_776' title='bbox 672 5377 997 5437; x_wconf 87' lang='lat' dir='ltr'><strong>divisionem</strong></span> <span class='ocrx_word' id='word_1_777' title='bbox 1026 5383 1364 5439; x_wconf 84' lang='lat' dir='ltr'><strong>admittente.</strong></span> <span class='ocrx_word' id='word_1_778' title='bbox 1417 5383 1561 5440; x_wconf 78' lang='lat' dir='ltr'><strong>Nihil</strong></span> <span class='ocrx_word' id='word_1_779' title='bbox 1589 5388 1733 5442; x_wconf 90' lang='lat' dir='ltr'><strong>enim</strong></span> <span class='ocrx_word' id='word_1_780' title='bbox 1785 5389 1931 5445; x_wconf 91' lang='lat' dir='ltr'><strong>aliud</strong></span> <span class='ocrx_word' id='word_1_781' title='bbox 1963 5391 2016 5446; x_wconf 88' lang='lat' dir='ltr'><strong>in</strong></span> 
     </span>
    </p>
   </div>
   <div class='ocr_carea' id='block_1_105' title="bbox 451 5466 2016 5553">
    <p class='ocr_par' dir='ltr' id='par_1_105' title="bbox 451 5466 2016 5553">
     <span class='ocr_line' id='line_1_105' title="bbox 451 5466 2016 5553; baseline 0.012 -33"><span class='ocrx_word' id='word_1_782' title='bbox 451 5466 553 5528; x_wconf 79' lang='lat' dir='ltr'><strong>hac</strong></span> <span class='ocrx_word' id='word_1_783' title='bbox 578 5468 826 5526; x_wconf 86' lang='lat' dir='ltr'><strong>oratione</strong></span> <span class='ocrx_word' id='word_1_784' title='bbox 849 5488 945 5541; x_wconf 87' lang='lat' dir='ltr'><strong>per</strong></span> <span class='ocrx_word' id='word_1_785' title='bbox 972 5475 1235 5530; x_wconf 86' lang='lat' dir='ltr'><strong>unitatem</strong></span> <span class='ocrx_word' id='word_1_786' title='bbox 1267 5476 1447 5535; x_wconf 84' lang='lat' dir='ltr'><strong>Patris</strong></span> <span class='ocrx_word' id='word_1_787' title='bbox 1484 5485 1535 5535; x_wconf 83' lang='lat' dir='ltr'><strong>et</strong></span> <span class='ocrx_word' id='word_1_788' title='bbox 1567 5476 1688 5535; x_wconf 82' lang='lat' dir='ltr'><strong>Filii</strong></span> <span class='ocrx_word' id='word_1_789' title='bbox 1746 5482 2016 5553; x_wconf 80' lang='lat' dir='ltr'><strong>signiﬁca-</strong></span> 
     </span>
    </p>
   </div>
   <div class='ocr_carea' id='block_1_106' title="bbox 525 5639 942 5715">
    <p class='ocr_par' dir='ltr' id='par_1_106' title="bbox 525 5639 942 5715">
     <span class='ocr_line' id='line_1_106' title="bbox 525 5639 942 5715; baseline 0.007 -17"><span class='ocrx_word' id='word_1_790' title='bbox 525 5639 566 5675; x_wconf 69' lang='grc'><strong>³³</strong></span> <span class='ocrx_word' id='word_1_791' title='bbox 592 5641 747 5705; x_wconf 68' lang='lat' dir='ltr'><strong>Joau.</strong></span> <span class='ocrx_word' id='word_1_792' title='bbox 780 5661 833 5715; x_wconf 76' lang='grc' dir='ltr'><strong>κ,</strong></span> <span class='ocrx_word' id='word_1_793' title='bbox 873 5646 942 5701; x_wconf 77' lang='lat'><strong>50</strong></span> 
     </span>
    </p>
   </div>
   <div class='ocr_carea' id='block_1_107' title="bbox 2126 4456 3693 4531">
    <p class='ocr_par' dir='ltr' id='par_1_107' title="bbox 2126 4456 3693 4531">
     <span class='ocr_line' id='line_1_107' title="bbox 2126 4456 3693 4531; baseline -0.001 -20"><span class='ocrx_word' id='word_1_794' title='bbox 2126 4460 2155 4511; x_wconf 81' lang='grc' dir='ltr'><strong>ὁ</strong></span> <span class='ocrx_word' id='word_1_795' title='bbox 2182 4459 2280 4529; x_wconf 81' lang='grc' dir='ltr'>τῆς</span> <span class='ocrx_word' id='word_1_796' title='bbox 2308 4460 2541 4524; x_wconf 88' lang='grc' dir='ltr'>πίστεως</span> <span class='ocrx_word' id='word_1_797' title='bbox 2576 4459 2854 4531; x_wconf 83' lang='grc' dir='ltr'>καθαρεύῃ</span> <span class='ocrx_word' id='word_1_798' title='bbox 2886 4458 3061 4528; x_wconf 75' lang='grc' dir='ltr'>λόγος’</span> <span class='ocrx_word' id='word_1_799' title='bbox 3100 4460 3234 4530; x_wconf 83' lang='grc' dir='ltr'>μήτε</span> <span class='ocrx_word' id='word_1_800' title='bbox 3268 4458 3363 4510; x_wconf 81' lang='grc' dir='ltr'>τοῦ</span> <span class='ocrx_word' id='word_1_801' title='bbox 3405 4456 3693 4511; x_wconf 73' lang='grc' dir='ltr'>Σαϐελλίου</span> 
     </span>
    </p>
   </div>
   <div class='ocr_carea' id='block_1_108' title="bbox 2126 4547 3721 4623">
    <p class='ocr_par' dir='ltr' id='par_1_108' title="bbox 2126 4547 3721 4623">
     <span class='ocr_line' id='line_1_108' title="bbox 2126 4547 3721 4623; baseline 0.009 -22"><span class='ocrx_word' id='word_1_802' title='bbox 2126 4548 2309 4621; x_wconf 82' lang='grc' dir='ltr'>χώραν</span> <span class='ocrx_word' id='word_1_803' title='bbox 2330 4550 2541 4621; x_wconf 76' lang='grc' dir='ltr'>ἔχοντος</span> <span class='ocrx_word' id='word_1_804' title='bbox 2589 4554 2669 4616; x_wconf 79' lang='grc' dir='ltr'><strong>είς</strong></span> <span class='ocrx_word' id='word_1_805' title='bbox 2709 4552 2970 4623; x_wconf 81' lang='grc' dir='ltr'>σύγχυσιν</span> <span class='ocrx_word' id='word_1_806' title='bbox 3012 4551 3167 4620; x_wconf 79' lang='grc' dir='ltr'>ἄγειν</span> <span class='ocrx_word' id='word_1_807' title='bbox 3196 4547 3294 4619; x_wconf 83' lang='grc' dir='ltr'>τὴν</span> <span class='ocrx_word' id='word_1_808' title='bbox 3323 4547 3431 4601; x_wconf 77' lang='grc' dir='ltr'><strong>τῶν</strong></span> <span class='ocrx_word' id='word_1_809' title='bbox 3461 4548 3721 4615; x_wconf 54' lang='grc' dir='ltr'><strong>ὑποστᾱῆ</strong></span> 
     </span>
    </p>
   </div>
   <div class='ocr_carea' id='block_1_109' title="bbox 2127 4639 3697 4715">
    <p class='ocr_par' dir='ltr' id='par_1_109' title="bbox 2127 4639 3697 4715">
     <span class='ocr_line' id='line_1_109' title="bbox 2127 4639 3697 4715; baseline 0.002 -22"><span class='ocrx_word' id='word_1_810' title='bbox 2127 4657 2264 4698; x_wconf 88' lang='grc' dir='ltr'>σεων</span> <span class='ocrx_word' id='word_1_811' title='bbox 2298 4641 2564 4713; x_wconf 84' lang='grc' dir='ltr'>ἰδιότητα,</span> <span class='ocrx_word' id='word_1_812' title='bbox 2607 4641 2853 4715; x_wconf 85' lang='grc' dir='ltr'>φανερῶς</span> <span class='ocrx_word' id='word_1_813' title='bbox 2882 4642 2977 4696; x_wconf 81' lang='grc' dir='ltr'>τοῦ</span> <span class='ocrx_word' id='word_1_814' title='bbox 3007 4639 3340 4710; x_wconf 83' lang='grc' dir='ltr'>Μονογενοῦς</span> <span class='ocrx_word' id='word_1_815' title='bbox 3370 4639 3561 4693; x_wconf 81' lang='grc' dir='ltr'>ἑαυτὸν</span> <span class='ocrx_word' id='word_1_816' title='bbox 3589 4640 3697 4696; x_wconf 73' lang='grc' dir='ltr'>ἀπὸ</span> 
     </span>
    </p>
   </div>
   <div class='ocr_carea' id='block_1_110' title="bbox 2123 4731 3696 4806">
    <p class='ocr_par' dir='ltr' id='par_1_110' title="bbox 2123 4731 3696 4806">
     <span class='ocr_line' id='line_1_110' title="bbox 2123 4731 3696 4806; baseline -0.001 -20"><span class='ocrx_word' id='word_1_817' title='bbox 2123 4732 2217 4789; x_wconf 83' lang='grc' dir='ltr'>τοῦ</span> <span class='ocrx_word' id='word_1_818' title='bbox 2244 4732 2455 4806; x_wconf 80' lang='grc' dir='ltr'>Πατρδς</span> <span class='ocrx_word' id='word_1_819' title='bbox 2477 4733 2868 4806; x_wconf 84' lang='grc' dir='ltr'>διακρίναντος,</span> <span class='ocrx_word' id='word_1_820' title='bbox 2908 4736 2967 4787; x_wconf 77' lang='grc' dir='ltr'>ἑν</span> <span class='ocrx_word' id='word_1_821' title='bbox 2997 4734 3075 4805; x_wconf 80' lang='grc' dir='ltr'>τῷ</span> <span class='ocrx_word' id='word_1_822' title='bbox 3106 4734 3278 4787; x_wconf 78' lang='grc' dir='ltr'>εἰπεῖν</span> <span class='ocrx_word' id='word_1_823' title='bbox 3298 4750 3311 4764; x_wconf 72' lang='grc'><strong><em>⁸</em></strong></span> <span class='ocrx_word' id='word_1_824' title='bbox 3356 4731 3503 4803; x_wconf 63' lang='grc' dir='ltr'><strong>Ἐγὼ</strong></span> <span class='ocrx_word' id='word_1_825' title='bbox 3532 4732 3629 4785; x_wconf 74' lang='grc' dir='ltr'>καὶ</span> <span class='ocrx_word' id='word_1_826' title='bbox 3662 4734 3696 4786; x_wconf 84' lang='grc' dir='ltr'><strong>ό</strong></span> 
     </span>
    </p>
   </div>
   <div class='ocr_carea' id='block_1_111' title="bbox 2126 4825 3700 4904">
    <p class='ocr_par' dir='ltr' id='par_1_111' title="bbox 2126 4825 3700 4904">
     <span class='ocr_line' id='line_1_111' title="bbox 2126 4825 3700 4904; baseline -0.001 -21"><span class='ocrx_word' id='word_1_827' title='bbox 2126 4828 2329 4897; x_wconf 75' lang='grc' dir='ltr'>Πατήρ</span> <span class='ocrx_word' id='word_1_828' title='bbox 2348 4844 2360 4857; x_wconf 86' lang='grc'><strong>·</strong></span> <span class='ocrx_word' id='word_1_829' title='bbox 2389 4828 2525 4899; x_wconf 80' lang='grc' dir='ltr'>μήτε</span> <span class='ocrx_word' id='word_1_830' title='bbox 2550 4827 2645 4883; x_wconf 85' lang='grc' dir='ltr'><strong>τοῦ</strong></span> <span class='ocrx_word' id='word_1_831' title='bbox 2689 4826 2978 4904; x_wconf 76' lang='grc' dir='ltr'>Ἀρείουτδ</span> <span class='ocrx_word' id='word_1_832' title='bbox 3008 4826 3153 4891; x_wconf 82' lang='grc' dir='ltr'>ξένον</span> <span class='ocrx_word' id='word_1_833' title='bbox 3177 4825 3278 4895; x_wconf 86' lang='grc' dir='ltr'>τῆς</span> <span class='ocrx_word' id='word_1_834' title='bbox 3297 4825 3512 4895; x_wconf 88' lang='grc' dir='ltr'>φύσεως</span> <span class='ocrx_word' id='word_1_835' title='bbox 3539 4840 3700 4881; x_wconf 50' lang='lat' dir='ltr'><strong>xum-</strong></span> 
     </span>
    </p>
   </div>
   <div class='ocr_carea' id='block_1_112' title="bbox 2128 4914 3723 4992">
    <p class='ocr_par' dir='ltr' id='par_1_112' title="bbox 2128 4914 3723 4992">
     <span class='ocr_line' id='line_1_112' title="bbox 2128 4914 3723 4992; baseline 0.001 -18"><span class='ocrx_word' id='word_1_836' title='bbox 2128 4918 2415 4984; x_wconf 81' lang='grc' dir='ltr'>σκευάζειν</span> <span class='ocrx_word' id='word_1_837' title='bbox 2469 4919 2764 4992; x_wconf 72' lang='grc' dir='ltr'>ἰσχύοντος,</span> <span class='ocrx_word' id='word_1_838' title='bbox 2800 4920 2863 4977; x_wconf 89' lang='grc' dir='ltr'>οὑ</span> <span class='ocrx_word' id='word_1_839' title='bbox 2897 4916 3261 4991; x_wconf 77' lang='grc' dir='ltr'>προσιεμένης</span> <span class='ocrx_word' id='word_1_840' title='bbox 3288 4916 3389 4988; x_wconf 82' lang='grc' dir='ltr'>τὴν</span> <span class='ocrx_word' id='word_1_841' title='bbox 3417 4914 3558 4969; x_wconf 84' lang='grc' dir='ltr'><strong>κατά</strong></span> <span class='ocrx_word' id='word_1_842' title='bbox 3587 4914 3723 4984; x_wconf 71' lang='grc' dir='ltr'>φύει.</span> 
     </span>
    </p>
   </div>
   <div class='ocr_carea' id='block_1_113' title="bbox 2126 5006 3697 5085">
    <p class='ocr_par' dir='ltr' id='par_1_113' title="bbox 2126 5006 3697 5085">
     <span class='ocr_line' id='line_1_113' title="bbox 2126 5006 3697 5085; baseline -0.002 -21"><span class='ocrx_word' id='word_1_843' title='bbox 2126 5028 2211 5064; x_wconf 87' lang='grc' dir='ltr'><strong>σιν</strong></span> <span class='ocrx_word' id='word_1_844' title='bbox 2254 5010 2535 5085; x_wconf 81' lang='grc' dir='ltr'>διαίρεσιν.</span> <span class='ocrx_word' id='word_1_845' title='bbox 2576 5013 2739 5067; x_wconf 74' lang='grc' dir='ltr'>Οὐδὲν</span> <span class='ocrx_word' id='word_1_846' title='bbox 2773 5012 2880 5083; x_wconf 79' lang='grc' dir='ltr'>γὰρ</span> <span class='ocrx_word' id='word_1_847' title='bbox 2907 5010 3034 5065; x_wconf 79' lang='grc' dir='ltr'>ἄλλο</span> <span class='ocrx_word' id='word_1_848' title='bbox 3063 5009 3118 5064; x_wconf 86' lang='grc' dir='ltr'><strong>τί</strong></span> <span class='ocrx_word' id='word_1_849' title='bbox 3147 5012 3294 5063; x_wconf 79' lang='grc' dir='ltr'>ἐστιν</span> <span class='ocrx_word' id='word_1_850' title='bbox 3333 5009 3392 5061; x_wconf 71' lang='grc' dir='ltr'>ἑν</span> <span class='ocrx_word' id='word_1_851' title='bbox 3435 5006 3514 5078; x_wconf 79' lang='grc' dir='ltr'>τῷ</span> <span class='ocrx_word' id='word_1_852' title='bbox 3552 5006 3697 5077; x_wconf 79' lang='grc' dir='ltr'>λόγῳ</span> 
     </span>
    </p>
   </div>
   <div class='ocr_carea' id='block_1_114' title="bbox 2123 5097 3696 5175">
    <p class='ocr_par' dir='ltr' id='par_1_114' title="bbox 2123 5097 3696 5175">
     <span class='ocr_line' id='line_1_114' title="bbox 2123 5097 3696 5175; baseline -0.007 -13"><span class='ocrx_word' id='word_1_853' title='bbox 2123 5103 2333 5175; x_wconf 77' lang='grc' dir='ltr'>τούτῳ,</span> <span class='ocrx_word' id='word_1_854' title='bbox 2362 5105 2423 5161; x_wconf 83' lang='grc' dir='ltr'>τὸ</span> <span class='ocrx_word' id='word_1_855' title='bbox 2467 5104 2554 5159; x_wconf 83' lang='grc' dir='ltr'><strong>διὰ</strong></span> <span class='ocrx_word' id='word_1_856' title='bbox 2600 5105 2700 5174; x_wconf 84' lang='grc' dir='ltr'>τῆς</span> <span class='ocrx_word' id='word_1_857' title='bbox 2743 5104 2991 5174; x_wconf 76' lang='grc' dir='ltr'>ἑνότητός</span> <span class='ocrx_word' id='word_1_858' title='bbox 3030 5102 3120 5157; x_wconf 72' lang='grc' dir='ltr'><strong>ἐπὶ</strong></span> <span class='ocrx_word' id='word_1_859' title='bbox 3168 5100 3381 5172; x_wconf 74' lang='grc' dir='ltr'>Πατρδς</span> <span class='ocrx_word' id='word_1_860' title='bbox 3427 5100 3524 5155; x_wconf 78' lang='grc' dir='ltr'>καὶ</span> <span class='ocrx_word' id='word_1_861' title='bbox 3565 5097 3696 5153; x_wconf 78' lang='grc' dir='ltr'><strong>Υἱοῦ</strong></span> 
     </span>
    </p>
   </div>
   <div class='ocr_carea' id='block_1_115' title="bbox 2126 5188 3694 5268">
    <p class='ocr_par' dir='ltr' id='par_1_115' title="bbox 2126 5188 3694 5268">
     <span class='ocr_line' id='line_1_115' title="bbox 2126 5188 3694 5268; baseline -0.006 -16"><span class='ocrx_word' id='word_1_862' title='bbox 2126 5196 2540 5268; x_wconf 74' lang='grc' dir='ltr'>σημαινόμενον,</span> <span class='ocrx_word' id='word_1_863' title='bbox 2571 5196 2710 5267; x_wconf 82' lang='grc' dir='ltr'>πλὴν</span> <span class='ocrx_word' id='word_1_864' title='bbox 2741 5195 2885 5250; x_wconf 81' lang='grc' dir='ltr'>κατὰ</span> <span class='ocrx_word' id='word_1_865' title='bbox 2909 5194 3007 5266; x_wconf 84' lang='grc' dir='ltr'>τὴν</span> <span class='ocrx_word' id='word_1_866' title='bbox 3041 5194 3227 5253; x_wconf 88' lang='grc' dir='ltr'>οὑσίαν</span> <span class='ocrx_word' id='word_1_867' title='bbox 3252 5191 3454 5263; x_wconf 77' lang='grc' dir='ltr'>αὑτήν·</span> <span class='ocrx_word' id='word_1_868' title='bbox 3484 5190 3553 5252; x_wconf 75' lang='grc' dir='ltr'><strong>τά</strong></span> <span class='ocrx_word' id='word_1_869' title='bbox 3586 5188 3694 5258; x_wconf 80' lang='grc' dir='ltr'>γὰρ</span> 
     </span>
    </p>
   </div>
   <div class='ocr_carea' id='block_1_116' title="bbox 2123 5280 3697 5359">
    <p class='ocr_par' dir='ltr' id='par_1_116' title="bbox 2123 5280 3697 5359">
     <span class='ocr_line' id='line_1_116' title="bbox 2123 5280 3697 5359; baseline -0.004 -20"><span class='ocrx_word' id='word_1_870' title='bbox 2123 5286 2286 5341; x_wconf 82' lang='grc' dir='ltr'>λοιπὰ</span> <span class='ocrx_word' id='word_1_871' title='bbox 2317 5287 2424 5342; x_wconf 86' lang='grc' dir='ltr'><strong>τῶν</strong></span> <span class='ocrx_word' id='word_1_872' title='bbox 2466 5288 2686 5357; x_wconf 83' lang='grc' dir='ltr'>ἀγαθῶν</span> <span class='ocrx_word' id='word_1_873' title='bbox 2718 5288 2820 5343; x_wconf 85' lang='grc' dir='ltr'>ὃσα</span> <span class='ocrx_word' id='word_1_874' title='bbox 2854 5288 3231 5359; x_wconf 75' lang='grc' dir='ltr'>ἒπιθεωρεῖται</span> <span class='ocrx_word' id='word_1_875' title='bbox 3258 5286 3323 5359; x_wconf 75' lang='grc' dir='ltr'>τῇ</span> <span class='ocrx_word' id='word_1_876' title='bbox 3353 5282 3514 5355; x_wconf 82' lang='grc' dir='ltr'>φύσει</span> <span class='ocrx_word' id='word_1_877' title='bbox 3543 5280 3697 5337; x_wconf 82' lang='grc' dir='ltr'>κοινά</span> 
     </span>
    </p>
   </div>
   <div class='ocr_carea' id='block_1_117' title="bbox 2125 5376 3696 5450">
    <p class='ocr_par' dir='ltr' id='par_1_117' title="bbox 2125 5376 3696 5450">
     <span class='ocr_line' id='line_1_117' title="bbox 2125 5376 3696 5450; baseline -0.002 -18"><span class='ocrx_word' id='word_1_878' title='bbox 2125 5380 2443 5450; x_wconf 84' lang='grc' dir='ltr'>προκεῖσθαι</span> <span class='ocrx_word' id='word_1_879' title='bbox 2472 5382 2638 5435; x_wconf 78' lang='grc' dir='ltr'>πᾶσιν</span> <span class='ocrx_word' id='word_1_880' title='bbox 2665 5379 2833 5435; x_wconf 82' lang='grc' dir='ltr'>εἰπών</span> <span class='ocrx_word' id='word_1_881' title='bbox 2856 5398 2959 5445; x_wconf 90' lang='grc' dir='ltr'>τις,</span> <span class='ocrx_word' id='word_1_882' title='bbox 2990 5380 3084 5434; x_wconf 75' lang='grc' dir='ltr'>καὶ</span> <span class='ocrx_word' id='word_1_883' title='bbox 3110 5380 3222 5442; x_wconf 79' lang='grc' dir='ltr'>τοῖς</span> <span class='ocrx_word' id='word_1_884' title='bbox 3242 5376 3328 5430; x_wconf 78' lang='grc' dir='ltr'>διὰ</span> <span class='ocrx_word' id='word_1_885' title='bbox 3354 5376 3584 5437; x_wconf 82' lang='grc' dir='ltr'>κτίσεως</span> <span class='ocrx_word' id='word_1_886' title='bbox 3610 5386 3696 5440; x_wconf 52' lang='grc' dir='ltr'>γε*</span> 
     </span>
    </p>
   </div>
   <div class='ocr_carea' id='block_1_118' title="bbox 2126 5466 3693 5575">
    <p class='ocr_par' dir='ltr' id='par_1_118' title="bbox 2126 5466 3693 5575">
     <span class='ocr_line' id='line_1_118' title="bbox 2126 5466 3693 5575; baseline -0.003 -45"><span class='ocrx_word' id='word_1_887' title='bbox 2126 5479 2459 5551; x_wconf 80' lang='grc' dir='ltr'>γενημένοις,</span> <span class='ocrx_word' id='word_1_888' title='bbox 2495 5478 2592 5552; x_wconf 77' lang='grc' dir='ltr'><strong>οὐχ</strong></span> <span class='ocrx_word' id='word_1_889' title='bbox 2632 5478 3023 5552; x_wconf 81' lang='grc' dir='ltr'>ἁμαρτήσεται.</span> <span class='ocrx_word' id='word_1_890' title='bbox 3074 5472 3198 5530; x_wconf 78' lang='grc' dir='ltr'>Οἷον</span> <span class='ocrx_word' id='word_1_891' title='bbox 3244 5472 3557 5543; x_wconf 77' lang='grc' dir='ltr'>οἰκτίρμων</span> <span class='ocrx_word' id='word_1_892' title='bbox 3593 5466 3693 5575; x_wconf 48' lang='grc' dir='ltr'>καὶ</span> 
     </span>
    </p>
   </div>
  </div>
