  <div class='ocr_page' id='page_1' title='image "/cluster/home/n/w/nwhite01/storage/ocr_20150623/45/hvd.32044073501876/220.png"; bbox 0 0 4032 6208; ppageno 0'>
   <div class='ocr_carea' id='block_1_1' title="bbox 285 311 379 370">
    <p class='ocr_par' dir='ltr' id='par_1_1' title="bbox 285 311 379 370">
     <span class='ocr_line' id='line_1_1' title="bbox 285 311 379 370; baseline 0 -2"><span class='ocrx_word' id='word_1_1' title='bbox 285 311 379 370; x_wconf 74' lang='lat' dir='ltr'><strong>tus</strong></span> 
     </span>
    </p>
   </div>
   <div class='ocr_carea' id='block_1_2' title="bbox 1395 317 2347 389">
    <p class='ocr_par' dir='ltr' id='par_1_2' title="bbox 1395 317 2347 389">
     <span class='ocr_line' id='line_1_2' title="bbox 1395 317 2347 389; baseline 0.004 -13"><span class='ocrx_word' id='word_1_2' title='bbox 1395 317 1675 376; x_wconf 75' lang='lat' dir='ltr'><strong>CONTRA</strong></span> <span class='ocrx_word' id='word_1_3' title='bbox 1710 318 2102 389; x_wconf 74' lang='lat' dir='ltr'><strong>EUNOMIUM,</strong></span> <span class='ocrx_word' id='word_1_4' title='bbox 2143 323 2270 380; x_wconf 81' lang='lat' dir='ltr'><strong>LIB.</strong></span> <span class='ocrx_word' id='word_1_5' title='bbox 2306 324 2347 380; x_wconf 89' lang='lat' dir='ltr'><strong>l.</strong></span> 
     </span>
    </p>
   </div>
   <div class='ocr_carea' id='block_1_3' title="bbox 3432 328 3539 387">
    <p class='ocr_par' dir='ltr' id='par_1_3' title="bbox 3432 328 3539 387">
     <span class='ocr_line' id='line_1_3' title="bbox 3432 328 3539 387; baseline -0.009 0"><span class='ocrx_word' id='word_1_6' title='bbox 3432 328 3539 387; x_wconf 67' lang='grc' dir='ltr'>ωδ</span> 
     </span>
    </p>
   </div>
   <div class='ocr_carea' id='block_1_4' title="bbox 288 431 1861 519">
    <p class='ocr_par' dir='ltr' id='par_1_4' title="bbox 288 431 1850 509">
     <span class='ocr_line' id='line_1_4' title="bbox 288 431 1850 509; baseline 0.004 -21"><span class='ocrx_word' id='word_1_7' title='bbox 288 431 545 501; x_wconf 67' lang='grc' dir='ltr'>ἐλεήμων</span> <span class='ocrx_word' id='word_1_8' title='bbox 591 431 619 484; x_wconf 74' lang='grc' dir='ltr'><strong><em>ἐ</em></strong></span> <span class='ocrx_word' id='word_1_9' title='bbox 669 432 877 503; x_wconf 82' lang='grc' dir='ltr'>Κύριος</span> <span class='ocrx_word' id='word_1_10' title='bbox 928 435 1084 509; x_wconf 84' lang='grc' dir='ltr'><strong>παρά</strong></span> <span class='ocrx_word' id='word_1_11' title='bbox 1134 436 1230 490; x_wconf 78' lang='grc' dir='ltr'>τοῦ</span> <span class='ocrx_word' id='word_1_12' title='bbox 1276 432 1558 509; x_wconf 73' lang='grc' dir='ltr'>Προφήτου</span> <span class='ocrx_word' id='word_1_13' title='bbox 1609 438 1850 508; x_wconf 81' lang='grc' dir='ltr'>λέγεται.</span> 
     </span>
    </p>
   </div>
   <div class='ocr_carea' id='block_1_5' title="bbox 1962 431 3537 519">
    <p class='ocr_par' dir='ltr' id='par_1_5' title="bbox 1962 445 3537 519">
     <span class='ocr_line' id='line_1_5' title="bbox 1962 445 3537 519; baseline 0.005 -23"><span class='ocrx_word' id='word_1_14' title='bbox 1962 448 2071 497; x_wconf 88' lang='lat' dir='ltr'><strong>tum</strong></span> <span class='ocrx_word' id='word_1_15' title='bbox 2101 452 2207 509; x_wconf 88' lang='lat' dir='ltr'><strong>est,</strong></span> <span class='ocrx_word' id='word_1_16' title='bbox 2239 445 2343 500; x_wconf 95' lang='lat' dir='ltr'><strong>nisi</strong></span> <span class='ocrx_word' id='word_1_17' title='bbox 2373 445 2627 501; x_wconf 59' lang='lat' dir='ltr'><strong>essentia</strong></span> <span class='ocrx_word' id='word_1_18' title='bbox 2663 460 2760 517; x_wconf 82' lang='lat' dir='ltr'><strong>seu</strong></span> <span class='ocrx_word' id='word_1_19' title='bbox 2793 453 3004 500; x_wconf 72' lang='lat' dir='ltr'><strong>natum</strong></span> <span class='ocrx_word' id='word_1_20' title='bbox 3034 452 3218 501; x_wconf 75' lang='lat' dir='ltr'><strong>unitas</strong></span> <span class='ocrx_word' id='word_1_21' title='bbox 3253 464 3267 500; x_wconf 88' lang='lat'><strong>:</strong></span> <span class='ocrx_word' id='word_1_22' title='bbox 3298 445 3537 519; x_wconf 80' lang='lat' dir='ltr'><strong>reliquas</strong></span> 
     </span>
    </p>
   </div>
   <div class='ocr_carea' id='block_1_6' title="bbox 285 520 1857 601">
    <p class='ocr_par' dir='ltr' id='par_1_6' title="bbox 285 520 1857 601">
     <span class='ocr_line' id='line_1_6' title="bbox 285 520 1857 601; baseline 0.006 -27"><span class='ocrx_word' id='word_1_23' title='bbox 285 521 458 575; x_wconf 75' lang='grc' dir='ltr'>Ταῦτα</span> <span class='ocrx_word' id='word_1_24' title='bbox 496 520 743 592; x_wconf 76' lang='grc' dir='ltr'>βούλεται</span> <span class='ocrx_word' id='word_1_25' title='bbox 779 524 945 579; x_wconf 76' lang='grc' dir='ltr'>πάλιν</span> <span class='ocrx_word' id='word_1_26' title='bbox 977 526 1007 579; x_wconf 85' lang='grc' dir='ltr'>ὁ</span> <span class='ocrx_word' id='word_1_27' title='bbox 1043 526 1247 594; x_wconf 82' lang='grc' dir='ltr'>Κύριος</span> <span class='ocrx_word' id='word_1_28' title='bbox 1291 528 1387 582; x_wconf 82' lang='grc' dir='ltr'><strong>καὶ</strong></span> <span class='ocrx_word' id='word_1_29' title='bbox 1414 530 1563 601; x_wconf 80' lang='grc' dir='ltr'><strong>ἡμᾶς</strong></span> <span class='ocrx_word' id='word_1_30' title='bbox 1612 528 1857 598; x_wconf 80' lang='grc' dir='ltr'>γίνεσθαι</span> 
     </span>
    </p>
   </div>
   <div class='ocr_carea' id='block_1_7' title="bbox 284 612 1850 691">
    <p class='ocr_par' dir='ltr' id='par_1_7' title="bbox 284 612 1850 691">
     <span class='ocr_line' id='line_1_7' title="bbox 284 612 1850 691; baseline 0.006 -26"><span class='ocrx_word' id='word_1_31' title='bbox 284 613 373 666; x_wconf 82' lang='grc' dir='ltr'><strong>καὶ</strong></span> <span class='ocrx_word' id='word_1_32' title='bbox 402 612 757 682; x_wconf 75' lang='grc' dir='ltr'>ὀνομάζεσθαι</span> <span class='ocrx_word' id='word_1_33' title='bbox 782 631 796 644; x_wconf 88' lang='grc'><strong>·</strong></span> <span class='ocrx_word' id='word_1_34' title='bbox 846 617 1105 672; x_wconf 81' lang='grc' dir='ltr'><strong>Γίνεσθε</strong></span> <span class='ocrx_word' id='word_1_35' title='bbox 1147 619 1256 691; x_wconf 83' lang='grc' dir='ltr'>γὰρ</span> <span class='ocrx_word' id='word_1_36' title='bbox 1296 620 1697 688; x_wconf 72' lang='grc' dir='ltr'>οἰκτίρμονες,</span> <span class='ocrx_word' id='word_1_37' title='bbox 1737 621 1850 685; x_wconf 76' lang='grc' dir='ltr'>καὶ,</span> 
     </span>
    </p>
   </div>
   <div class='ocr_carea' id='block_1_8' title="bbox 287 703 1853 782">
    <p class='ocr_par' dir='ltr' id='par_1_8' title="bbox 287 703 1853 782">
     <span class='ocr_line' id='line_1_8' title="bbox 287 703 1853 782; baseline 0.006 -25"><span class='ocrx_word' id='word_1_38' title='bbox 287 703 555 774; x_wconf 72' lang='grc' dir='ltr'><strong>Μακάριοι</strong></span> <span class='ocrx_word' id='word_1_39' title='bbox 581 707 640 759; x_wconf 81' lang='grc' dir='ltr'><strong>οι</strong></span> <span class='ocrx_word' id='word_1_40' title='bbox 673 706 1027 777; x_wconf 67' lang='grc' dir='ltr'>ἐλεήμονες,</span> <span class='ocrx_word' id='word_1_41' title='bbox 1062 709 1156 765; x_wconf 77' lang='grc' dir='ltr'><strong>καὶ</strong></span> <span class='ocrx_word' id='word_1_42' title='bbox 1186 710 1289 765; x_wconf 85' lang='grc' dir='ltr'>ὅσα</span> <span class='ocrx_word' id='word_1_43' title='bbox 1315 711 1557 766; x_wconf 82' lang='grc' dir='ltr'>τοιαῦτα.</span> <span class='ocrx_word' id='word_1_44' title='bbox 1582 707 1710 782; x_wconf 70' lang='grc' dir='ltr'><strong>Ἆρ’</strong></span> <span class='ocrx_word' id='word_1_45' title='bbox 1738 707 1853 776; x_wconf 76' lang='grc' dir='ltr'>οὖν,</span> 
     </span>
    </p>
   </div>
   <div class='ocr_carea' id='block_1_9' title="bbox 286 791 1857 871">
    <p class='ocr_par' dir='ltr' id='par_1_9' title="bbox 286 791 1857 871">
     <span class='ocr_line' id='line_1_9' title="bbox 286 791 1857 871; baseline 0.006 -27"><span class='ocrx_word' id='word_1_46' title='bbox 286 791 334 844; x_wconf 83' lang='grc' dir='ltr'><strong>εί</strong></span> <span class='ocrx_word' id='word_1_47' title='bbox 348 809 427 856; x_wconf 90' lang='grc' dir='ltr'><strong>τις</strong></span> <span class='ocrx_word' id='word_1_48' title='bbox 453 791 541 846; x_wconf 80' lang='grc' dir='ltr'><strong>διὰ</strong></span> <span class='ocrx_word' id='word_1_49' title='bbox 575 794 858 865; x_wconf 77' lang='grc' dir='ltr'>προσοχῆς</span> <span class='ocrx_word' id='word_1_50' title='bbox 897 797 993 851; x_wconf 78' lang='grc' dir='ltr'><strong>καὶ</strong></span> <span class='ocrx_word' id='word_1_51' title='bbox 1034 797 1346 869; x_wconf 77' lang='grc' dir='ltr'><strong>ἐπιμελείας</strong></span> <span class='ocrx_word' id='word_1_52' title='bbox 1383 798 1461 871; x_wconf 82' lang='grc' dir='ltr'><strong>τῷ</strong></span> <span class='ocrx_word' id='word_1_53' title='bbox 1501 800 1632 870; x_wconf 83' lang='grc' dir='ltr'>θείῳ</span> <span class='ocrx_word' id='word_1_54' title='bbox 1663 798 1857 870; x_wconf 84' lang='grc' dir='ltr'>βουλή-</span> 
     </span>
    </p>
   </div>
   <div class='ocr_carea' id='block_1_10' title="bbox 288 884 1856 963">
    <p class='ocr_par' dir='ltr' id='par_1_10' title="bbox 288 884 1856 963">
     <span class='ocr_line' id='line_1_10' title="bbox 288 884 1856 963; baseline 0.008 -26"><span class='ocrx_word' id='word_1_55' title='bbox 288 901 406 953; x_wconf 80' lang='grc' dir='ltr'>ματι</span> <span class='ocrx_word' id='word_1_56' title='bbox 452 884 646 940; x_wconf 78' lang='grc' dir='ltr'>ἑαυτὸν</span> <span class='ocrx_word' id='word_1_57' title='bbox 699 886 1020 957; x_wconf 81' lang='grc' dir='ltr'><strong>ὁμοιώσας,</strong></span> <span class='ocrx_word' id='word_1_58' title='bbox 1068 889 1272 959; x_wconf 81' lang='grc' dir='ltr'>ἀγαθὸς</span> <span class='ocrx_word' id='word_1_59' title='bbox 1320 890 1356 961; x_wconf 68' lang='grc' dir='ltr'><strong>ἢ</strong></span> <span class='ocrx_word' id='word_1_60' title='bbox 1411 891 1711 963; x_wconf 83' lang='grc' dir='ltr'>οἰκτίρμων</span> <span class='ocrx_word' id='word_1_61' title='bbox 1762 894 1856 949; x_wconf 73' lang='grc' dir='ltr'><strong>καὶ</strong></span> 
     </span>
    </p>
   </div>
   <div class='ocr_carea' id='block_1_11' title="bbox 285 974 1852 1053">
    <p class='ocr_par' dir='ltr' id='par_1_11' title="bbox 285 974 1852 1053">
     <span class='ocr_line' id='line_1_11' title="bbox 285 974 1852 1053; baseline 0.003 -26"><span class='ocrx_word' id='word_1_62' title='bbox 285 974 515 1046; x_wconf 74' lang='grc' dir='ltr'>ιλεήμων</span> <span class='ocrx_word' id='word_1_63' title='bbox 544 974 791 1045; x_wconf 69' lang='grc' dir='ltr'>ἐγένετο,</span> <span class='ocrx_word' id='word_1_64' title='bbox 830 977 864 1049; x_wconf 76' lang='grc' dir='ltr'>ἢ</span> <span class='ocrx_word' id='word_1_65' title='bbox 895 979 1070 1050; x_wconf 80' lang='grc' dir='ltr'>πρᾷος</span> <span class='ocrx_word' id='word_1_66' title='bbox 1106 979 1201 1034; x_wconf 80' lang='grc' dir='ltr'><strong>καὶ</strong></span> <span class='ocrx_word' id='word_1_67' title='bbox 1240 980 1493 1045; x_wconf 81' lang='grc' dir='ltr'>ταπεινὸς</span> <span class='ocrx_word' id='word_1_68' title='bbox 1527 983 1593 1053; x_wconf 75' lang='grc' dir='ltr'>τῇ</span> <span class='ocrx_word' id='word_1_69' title='bbox 1634 979 1852 1052; x_wconf 82' lang='grc' dir='ltr'>καρδίᾳ,</span> 
     </span>
    </p>
   </div>
   <div class='ocr_carea' id='block_1_12' title="bbox 284 1064 1855 1142">
    <p class='ocr_par' dir='ltr' id='par_1_12' title="bbox 284 1064 1855 1142">
     <span class='ocr_line' id='line_1_12' title="bbox 284 1064 1855 1142; baseline 0.003 -22"><span class='ocrx_word' id='word_1_70' title='bbox 284 1064 451 1130; x_wconf 73' lang='grc' dir='ltr'>καθὼς</span> <span class='ocrx_word' id='word_1_71' title='bbox 478 1067 932 1140; x_wconf 83' lang='grc' dir='ltr'>μεμαρτύρηνται</span> <span class='ocrx_word' id='word_1_72' title='bbox 954 1069 1139 1124; x_wconf 76' lang='grc' dir='ltr'>πολλοὶ</span> <span class='ocrx_word' id='word_1_73' title='bbox 1169 1070 1278 1125; x_wconf 82' lang='grc' dir='ltr'><strong>τῶν</strong></span> <span class='ocrx_word' id='word_1_74' title='bbox 1304 1070 1475 1140; x_wconf 83' lang='grc' dir='ltr'>ἁγίων</span> <span class='ocrx_word' id='word_1_75' title='bbox 1498 1071 1556 1123; x_wconf 81' lang='grc' dir='ltr'>ὲν</span> <span class='ocrx_word' id='word_1_76' title='bbox 1583 1072 1696 1135; x_wconf 83' lang='grc' dir='ltr'>τοῖς</span> <span class='ocrx_word' id='word_1_77' title='bbox 1722 1086 1855 1142; x_wconf 71' lang='grc' dir='ltr'>προο</span> 
     </span>
    </p>
   </div>
   <div class='ocr_carea' id='block_1_13' title="bbox 284 1157 1849 1236">
    <p class='ocr_par' dir='ltr' id='par_1_13' title="bbox 284 1157 1849 1236">
     <span class='ocr_line' id='line_1_13' title="bbox 284 1157 1849 1236; baseline 0.003 -26"><span class='ocrx_word' id='word_1_78' title='bbox 284 1158 540 1229; x_wconf 73' lang='grc' dir='ltr'><strong>τιμήμασι</strong></span> <span class='ocrx_word' id='word_1_79' title='bbox 562 1157 774 1223; x_wconf 80' lang='grc' dir='ltr'><strong>τούτοις</strong></span> <span class='ocrx_word' id='word_1_80' title='bbox 798 1161 1099 1231; x_wconf 79' lang='grc' dir='ltr'>γενόμενοι·</span> <span class='ocrx_word' id='word_1_81' title='bbox 1132 1162 1285 1236; x_wconf 74' lang='grc' dir='ltr'>παρὰ</span> <span class='ocrx_word' id='word_1_82' title='bbox 1307 1161 1465 1217; x_wconf 82' lang='grc' dir='ltr'>τοῦτο</span> <span class='ocrx_word' id='word_1_83' title='bbox 1487 1162 1548 1218; x_wconf 70' lang='grc' dir='ltr'><strong>ἓν</strong></span> <span class='ocrx_word' id='word_1_84' title='bbox 1572 1163 1680 1216; x_wconf 77' lang='grc' dir='ltr'>εἱσι</span> <span class='ocrx_word' id='word_1_85' title='bbox 1712 1161 1849 1233; x_wconf 84' lang='grc' dir='ltr'>πρὸς</span> 
     </span>
    </p>
   </div>
   <div class='ocr_carea' id='block_1_14' title="bbox 284 1246 1853 1324">
    <p class='ocr_par' dir='ltr' id='par_1_14' title="bbox 284 1246 1853 1324">
     <span class='ocr_line' id='line_1_14' title="bbox 284 1246 1853 1324; baseline 0.004 -24"><span class='ocrx_word' id='word_1_86' title='bbox 284 1246 367 1301; x_wconf 71' lang='grc' dir='ltr'>τὸν</span> <span class='ocrx_word' id='word_1_87' title='bbox 395 1246 544 1311; x_wconf 77' lang='grc' dir='ltr'>Θεὸν,</span> <span class='ocrx_word' id='word_1_88' title='bbox 573 1246 609 1318; x_wconf 80' lang='grc' dir='ltr'>ἦ</span> <span class='ocrx_word' id='word_1_89' title='bbox 655 1248 748 1303; x_wconf 78' lang='grc' dir='ltr'>διά</span> <span class='ocrx_word' id='word_1_90' title='bbox 788 1266 937 1316; x_wconf 88' lang='grc' dir='ltr'>τινος</span> <span class='ocrx_word' id='word_1_91' title='bbox 966 1250 1170 1307; x_wconf 87' lang='grc' dir='ltr'>τούτων</span> <span class='ocrx_word' id='word_1_92' title='bbox 1215 1252 1352 1324; x_wconf 84' lang='grc' dir='ltr'>πρὸς</span> <span class='ocrx_word' id='word_1_93' title='bbox 1382 1252 1544 1308; x_wconf 80' lang='grc' dir='ltr'>αὐτὸν</span> <span class='ocrx_word' id='word_1_94' title='bbox 1582 1252 1853 1307; x_wconf 86' lang='grc' dir='ltr'>συναπτό-</span> 
     </span>
    </p>
   </div>
   <div class='ocr_carea' id='block_1_15' title="bbox 286 1340 1853 1416">
    <p class='ocr_par' dir='ltr' id='par_1_15' title="bbox 286 1340 1853 1416">
     <span class='ocr_line' id='line_1_15' title="bbox 286 1340 1853 1416; baseline 0.003 -23"><span class='ocrx_word' id='word_1_95' title='bbox 286 1355 464 1409; x_wconf 62' lang='lat' dir='ltr'><strong>pavor;</strong></span> <span class='ocrx_word' id='word_1_96' title='bbox 497 1341 613 1395; x_wconf 82' lang='grc' dir='ltr'><strong>οὐκ</strong></span> <span class='ocrx_word' id='word_1_97' title='bbox 648 1340 785 1395; x_wconf 82' lang='grc' dir='ltr'>ἔστι.</span> <span class='ocrx_word' id='word_1_98' title='bbox 833 1342 909 1396; x_wconf 82' lang='grc' dir='ltr'>Τὸ</span> <span class='ocrx_word' id='word_1_99' title='bbox 946 1343 1057 1415; x_wconf 84' lang='grc' dir='ltr'><strong>γὰρ</strong></span> <span class='ocrx_word' id='word_1_100' title='bbox 1110 1342 1187 1416; x_wconf 76' lang='grc' dir='ltr'><strong>μὴ</strong></span> <span class='ocrx_word' id='word_1_101' title='bbox 1243 1344 1303 1399; x_wconf 82' lang='grc' dir='ltr'>ὲν</span> <span class='ocrx_word' id='word_1_102' title='bbox 1352 1345 1486 1399; x_wconf 83' lang='grc' dir='ltr'>πᾶσι</span> <span class='ocrx_word' id='word_1_103' title='bbox 1519 1343 1738 1410; x_wconf 83' lang='grc' dir='ltr'>ταύτὸν,</span> <span class='ocrx_word' id='word_1_104' title='bbox 1794 1342 1853 1397; x_wconf 72' lang='grc' dir='ltr'>ἓν</span> 
     </span>
    </p>
   </div>
   <div class='ocr_carea' id='block_1_16' title="bbox 282 1425 1856 1507">
    <p class='ocr_par' dir='ltr' id='par_1_16' title="bbox 282 1425 1856 1507">
     <span class='ocr_line' id='line_1_16' title="bbox 282 1425 1856 1507; baseline 0.003 -24"><span class='ocrx_word' id='word_1_105' title='bbox 282 1425 414 1485; x_wconf 69' lang='grc' dir='ltr'>εἶναι</span> <span class='ocrx_word' id='word_1_106' title='bbox 434 1432 571 1502; x_wconf 72' lang='grc' dir='ltr'>πρὸς</span> <span class='ocrx_word' id='word_1_107' title='bbox 587 1432 681 1488; x_wconf 80' lang='grc' dir='ltr'>τὸν</span> <span class='ocrx_word' id='word_1_108' title='bbox 704 1436 774 1505; x_wconf 75' lang='grc' dir='ltr'><strong>τῇ</strong></span> <span class='ocrx_word' id='word_1_109' title='bbox 805 1434 966 1504; x_wconf 82' lang='grc' dir='ltr'>φύσει</span> <span class='ocrx_word' id='word_1_110' title='bbox 982 1431 1373 1507; x_wconf 74' lang='grc' dir='ltr'>διηλλαγμένον</span> <span class='ocrx_word' id='word_1_111' title='bbox 1394 1436 1453 1490; x_wconf 83' lang='grc' dir='ltr'>οὐ</span> <span class='ocrx_word' id='word_1_112' title='bbox 1479 1434 1723 1490; x_wconf 80' lang='grc' dir='ltr'>δύναται.</span> <span class='ocrx_word' id='word_1_113' title='bbox 1754 1434 1856 1488; x_wconf 84' lang='grc' dir='ltr'>Διά</span> 
     </span>
    </p>
   </div>
   <div class='ocr_carea' id='block_1_17' title="bbox 280 1521 1855 1596">
    <p class='ocr_par' dir='ltr' id='par_1_17' title="bbox 280 1521 1855 1596">
     <span class='ocr_line' id='line_1_17' title="bbox 280 1521 1855 1596; baseline 0.002 -21"><span class='ocrx_word' id='word_1_114' title='bbox 280 1521 429 1576; x_wconf 83' lang='grc' dir='ltr'>τοῦτο</span> <span class='ocrx_word' id='word_1_115' title='bbox 457 1522 742 1593; x_wconf 76' lang='grc' dir='ltr'>ἄνθρωπος</span> <span class='ocrx_word' id='word_1_116' title='bbox 779 1522 919 1595; x_wconf 76' lang='grc' dir='ltr'>πρὸς</span> <span class='ocrx_word' id='word_1_117' title='bbox 943 1524 1229 1596; x_wconf 73' lang='grc' dir='ltr'>ἄνθρωπον</span> <span class='ocrx_word' id='word_1_118' title='bbox 1259 1524 1318 1580; x_wconf 76' lang='grc' dir='ltr'>ἓν</span> <span class='ocrx_word' id='word_1_119' title='bbox 1340 1525 1570 1596; x_wconf 83' lang='grc' dir='ltr'>γίνεται,</span> <span class='ocrx_word' id='word_1_120' title='bbox 1600 1525 1730 1579; x_wconf 85' lang='grc' dir='ltr'>ὅταν</span> <span class='ocrx_word' id='word_1_121' title='bbox 1762 1523 1855 1578; x_wconf 73' lang='grc' dir='ltr'><strong>διὰ</strong></span> 
     </span>
    </p>
   </div>
   <div class='ocr_carea' id='block_1_18' title="bbox 1957 536 3532 607">
    <p class='ocr_par' dir='ltr' id='par_1_18' title="bbox 1957 536 3532 607">
     <span class='ocr_line' id='line_1_18' title="bbox 1957 536 3532 607; baseline 0.004 -19"><span class='ocrx_word' id='word_1_122' title='bbox 1957 536 2103 590; x_wconf 91' lang='lat' dir='ltr'><strong>enim</strong></span> <span class='ocrx_word' id='word_1_123' title='bbox 2144 551 2338 592; x_wconf 83' lang='lat' dir='ltr'><strong>omnes</strong></span> <span class='ocrx_word' id='word_1_124' title='bbox 2367 537 2700 600; x_wconf 77' lang='lat' dir='ltr'><strong>allectiones,</strong></span> <span class='ocrx_word' id='word_1_125' title='bbox 2732 552 2859 607; x_wconf 58' lang='lat' dir='ltr'><strong>quae</strong></span> <span class='ocrx_word' id='word_1_126' title='bbox 2886 537 2945 591; x_wconf 84' lang='lat' dir='ltr'><strong>in</strong></span> <span class='ocrx_word' id='word_1_127' title='bbox 2960 545 3161 593; x_wconf 87' lang='lat' dir='ltr'><strong>natura</strong></span> <span class='ocrx_word' id='word_1_128' title='bbox 3197 538 3379 595; x_wconf 78' lang='lat' dir='ltr'><strong>inesse</strong></span> <span class='ocrx_word' id='word_1_129' title='bbox 3402 554 3532 595; x_wconf 84' lang='lat' dir='ltr'><strong>cer-</strong></span> 
     </span>
    </p>
   </div>
   <div class='ocr_carea' id='block_1_19' title="bbox 1958 628 3541 698">
    <p class='ocr_par' dir='ltr' id='par_1_19' title="bbox 1958 628 3541 698">
     <span class='ocr_line' id='line_1_19' title="bbox 1958 628 3541 698; baseline 0.004 -18"><span class='ocrx_word' id='word_1_130' title='bbox 1958 628 2253 693; x_wconf 81' lang='lat' dir='ltr'><strong>nuntur,’si</strong></span> <span class='ocrx_word' id='word_1_131' title='bbox 2281 628 2405 698; x_wconf 86' lang='lat' dir='ltr'><strong>quis</strong></span> <span class='ocrx_word' id='word_1_132' title='bbox 2437 628 2599 682; x_wconf 88' lang='lat' dir='ltr'><strong>etiam</strong></span> <span class='ocrx_word' id='word_1_133' title='bbox 2633 628 2796 684; x_wconf 84' lang='lat' dir='ltr'><strong>rebus</strong></span> <span class='ocrx_word' id='word_1_134' title='bbox 2823 628 3024 695; x_wconf 83' lang='lat' dir='ltr'><strong>creatis</strong></span> <span class='ocrx_word' id='word_1_135' title='bbox 3058 642 3380 685; x_wconf 81' lang='lat' dir='ltr'><strong>communes</strong></span> <span class='ocrx_word' id='word_1_136' title='bbox 3414 643 3541 686; x_wconf 80' lang='lat' dir='ltr'><strong>esse</strong></span> 
     </span>
    </p>
   </div>
   <div class='ocr_carea' id='block_1_20' title="bbox 1956 716 3537 790">
    <p class='ocr_par' dir='ltr' id='par_1_20' title="bbox 1956 716 3537 790">
     <span class='ocr_line' id='line_1_20' title="bbox 1956 716 3537 790; baseline 0.003 -20"><span class='ocrx_word' id='word_1_137' title='bbox 1956 716 2123 782; x_wconf 88' lang='lat' dir='ltr'><strong>dicat,</strong></span> <span class='ocrx_word' id='word_1_138' title='bbox 2158 734 2267 773; x_wconf 83' lang='lat' dir='ltr'><strong>non</strong></span> <span class='ocrx_word' id='word_1_139' title='bbox 2296 718 2594 774; x_wconf 87' lang='lat' dir='ltr'><strong>aberrabit.</strong></span> <span class='ocrx_word' id='word_1_140' title='bbox 2630 717 2793 773; x_wconf 80' lang='lat' dir='ltr'><strong>Verbi</strong></span> <span class='ocrx_word' id='word_1_141' title='bbox 2825 719 3021 789; x_wconf 87' lang='lat' dir='ltr'><strong>gratia,</strong></span> <span class='ocrx_word' id='word_1_142' title='bbox 3060 718 3323 775; x_wconf 86' lang='lat' dir='ltr'><strong>Dominus</strong></span> <span class='ocrx_word' id='word_1_143' title='bbox 3350 720 3537 790; x_wconf 81' lang='lat' dir='ltr'><strong>appel-</strong></span> 
     </span>
    </p>
   </div>
   <div class='ocr_carea' id='block_1_21' title="bbox 1956 806 3538 879">
    <p class='ocr_par' dir='ltr' id='par_1_21' title="bbox 1956 806 3538 879">
     <span class='ocr_line' id='line_1_21' title="bbox 1956 806 3538 879; baseline 0.004 -18"><span class='ocrx_word' id='word_1_144' title='bbox 1956 806 2102 863; x_wconf 87' lang='lat' dir='ltr'><strong>latur</strong></span> <span class='ocrx_word' id='word_1_145' title='bbox 2115 818 2146 863; x_wconf 78' lang='grc' dir='ltr'>ιι</span> <span class='ocrx_word' id='word_1_146' title='bbox 2161 807 2430 879; x_wconf 84' lang='lat' dir='ltr'><strong>Propheta</strong></span> <span class='ocrx_word' id='word_1_147' title='bbox 2442 809 2488 842; x_wconf 76' lang='grc'><strong>³³</strong></span> <span class='ocrx_word' id='word_1_148' title='bbox 2520 810 2798 864; x_wconf 76' lang='lat' dir='ltr'><strong>miserator</strong></span> <span class='ocrx_word' id='word_1_149' title='bbox 2812 818 2865 863; x_wconf 77' lang='lat' dir='ltr'><strong>et</strong></span> <span class='ocrx_word' id='word_1_150' title='bbox 2882 809 3203 865; x_wconf 79' lang='lat' dir='ltr'><strong>misericors.</strong></span> <span class='ocrx_word' id='word_1_151' title='bbox 3226 812 3291 866; x_wconf 85' lang='grc' dir='ltr'><strong>Λι</strong></span> <span class='ocrx_word' id='word_1_152' title='bbox 3317 811 3454 873; x_wconf 57' lang='lat' dir='ltr'><strong>haec.</strong></span> <span class='ocrx_word' id='word_1_153' title='bbox 3479 820 3538 867; x_wconf 89' lang='lat' dir='ltr'><strong>ut</strong></span> 
     </span>
    </p>
   </div>
   <div class='ocr_carea' id='block_1_22' title="bbox 1955 896 3536 973">
    <p class='ocr_par' dir='ltr' id='par_1_22' title="bbox 1955 896 3536 973">
     <span class='ocr_line' id='line_1_22' title="bbox 1955 896 3536 973; baseline 0.003 -19"><span class='ocrx_word' id='word_1_154' title='bbox 1955 896 2277 968; x_wconf 67' lang='lat' dir='ltr'><strong>efﬁciamur,</strong></span> <span class='ocrx_word' id='word_1_155' title='bbox 2307 910 2362 956; x_wconf 86' lang='lat' dir='ltr'><strong>et</strong></span> <span class='ocrx_word' id='word_1_156' title='bbox 2391 900 2746 971; x_wconf 81' lang='lat' dir='ltr'><strong>appellemur.</strong></span> <span class='ocrx_word' id='word_1_157' title='bbox 2806 899 3071 958; x_wconf 78' lang='lat' dir='ltr'><strong>Dominus</strong></span> <span class='ocrx_word' id='word_1_158' title='bbox 3114 904 3393 973; x_wconf 69' lang='lat' dir='ltr'><strong>praecepit.</strong></span> <span class='ocrx_word' id='word_1_159' title='bbox 3429 903 3536 959; x_wconf 84' lang='lat' dir='ltr'><strong>Es—</strong></span> 
     </span>
    </p>
   </div>
   <div class='ocr_carea' id='block_1_23' title="bbox 1956 984 3540 1062">
    <p class='ocr_par' dir='ltr' id='par_1_23' title="bbox 1956 984 3540 1062">
     <span class='ocr_line' id='line_1_23' title="bbox 1956 984 3540 1062; baseline 0.003 -17"><span class='ocrx_word' id='word_1_160' title='bbox 1956 998 2083 1058; x_wconf 79' lang='lat' dir='ltr'><strong>tote,</strong></span> <span class='ocrx_word' id='word_1_161' title='bbox 2106 992 2301 1061; x_wconf 83' lang='lat' dir='ltr'><strong>inquit,</strong></span> <span class='ocrx_word' id='word_1_162' title='bbox 2323 990 2755 1055; x_wconf 73' lang='lat' dir='ltr'><strong>misericordes&quot;.</strong></span> <span class='ocrx_word' id='word_1_163' title='bbox 2772 999 2828 1047; x_wconf 88' lang='lat' dir='ltr'><strong>et</strong></span> <span class='ocrx_word' id='word_1_164' title='bbox 2840 1003 2853 1039; x_wconf 76' lang='grc' dir='ltr'><strong>ε</strong></span> <span class='ocrx_word' id='word_1_165' title='bbox 2866 984 3022 1042; x_wconf 65' lang='lat' dir='ltr'><strong>Beati</strong></span> <span class='ocrx_word' id='word_1_166' title='bbox 3037 992 3469 1062; x_wconf 67' lang='lat' dir='ltr'><strong>ntisaicordcs&quot;,</strong></span> <span class='ocrx_word' id='word_1_167' title='bbox 3485 1002 3540 1050; x_wconf 86' lang='lat' dir='ltr'><strong>et</strong></span> 
     </span>
    </p>
   </div>
   <div class='ocr_carea' id='block_1_24' title="bbox 1956 1082 3540 1157">
    <p class='ocr_par' dir='ltr' id='par_1_24' title="bbox 1956 1082 3540 1157">
     <span class='ocr_line' id='line_1_24' title="bbox 1956 1082 3540 1157; baseline 0.003 -20"><span class='ocrx_word' id='word_1_168' title='bbox 1956 1083 2009 1137; x_wconf 92' lang='lat' dir='ltr'><strong>id</strong></span> <span class='ocrx_word' id='word_1_169' title='bbox 2032 1098 2206 1154; x_wconf 85' lang='lat' dir='ltr'><strong>genus</strong></span> <span class='ocrx_word' id='word_1_170' title='bbox 2255 1084 2384 1139; x_wconf 86' lang='lat' dir='ltr'><strong>alia.</strong></span> <span class='ocrx_word' id='word_1_171' title='bbox 2419 1083 2476 1139; x_wconf 88' lang='lat' dir='ltr'><strong>Si</strong></span> <span class='ocrx_word' id='word_1_172' title='bbox 2528 1084 2694 1157; x_wconf 88' lang='lat' dir='ltr'><strong>igitur</strong></span> <span class='ocrx_word' id='word_1_173' title='bbox 2733 1082 2947 1155; x_wconf 78' lang='lat' dir='ltr'><strong>aliquis</strong></span> <span class='ocrx_word' id='word_1_174' title='bbox 2995 1084 3267 1142; x_wconf 83' lang='lat' dir='ltr'><strong>industria</strong></span> <span class='ocrx_word' id='word_1_175' title='bbox 3320 1095 3374 1142; x_wconf 89' lang='lat' dir='ltr'><strong>et</strong></span> <span class='ocrx_word' id='word_1_176' title='bbox 3407 1102 3540 1142; x_wconf 82' lang='lat' dir='ltr'><strong>cura</strong></span> 
     </span>
    </p>
   </div>
   <div class='ocr_carea' id='block_1_25' title="bbox 1960 1174 3542 1244">
    <p class='ocr_par' dir='ltr' id='par_1_25' title="bbox 1960 1174 3542 1244">
     <span class='ocr_line' id='line_1_25' title="bbox 1960 1174 3542 1244; baseline 0.001 -11"><span class='ocrx_word' id='word_1_177' title='bbox 1960 1190 2086 1233; x_wconf 85' lang='lat' dir='ltr'><strong>cum</strong></span> <span class='ocrx_word' id='word_1_178' title='bbox 2115 1174 2301 1232; x_wconf 84' lang='lat' dir='ltr'><strong>divina</strong></span> <span class='ocrx_word' id='word_1_179' title='bbox 2322 1176 2601 1233; x_wconf 88' lang='lat' dir='ltr'><strong>voluntate</strong></span> <span class='ocrx_word' id='word_1_180' title='bbox 2628 1191 2688 1234; x_wconf 89' lang='lat' dir='ltr'><strong>se</strong></span> <span class='ocrx_word' id='word_1_181' title='bbox 2720 1175 3097 1244; x_wconf 88' lang='lat' dir='ltr'><strong>conformans,</strong></span> <span class='ocrx_word' id='word_1_182' title='bbox 3123 1180 3302 1235; x_wconf 85' lang='lat' dir='ltr'><strong>bonus</strong></span> <span class='ocrx_word' id='word_1_183' title='bbox 3325 1187 3421 1234; x_wconf 86' lang='lat' dir='ltr'><strong>aut</strong></span> <span class='ocrx_word' id='word_1_184' title='bbox 3445 1180 3542 1235; x_wconf 85' lang='lat' dir='ltr'><strong>mi-</strong></span> 
     </span>
    </p>
   </div>
   <div class='ocr_carea' id='block_1_26' title="bbox 1954 1267 3543 1337">
    <p class='ocr_par' dir='ltr' id='par_1_26' title="bbox 1954 1267 3543 1337">
     <span class='ocr_line' id='line_1_26' title="bbox 1954 1267 3543 1337; baseline 0.002 -14"><span class='ocrx_word' id='word_1_185' title='bbox 1954 1272 2185 1335; x_wconf 85' lang='lat' dir='ltr'><strong>scrator,</strong></span> <span class='ocrx_word' id='word_1_186' title='bbox 2213 1276 2308 1324; x_wconf 84' lang='lat' dir='ltr'><strong>aut</strong></span> <span class='ocrx_word' id='word_1_187' title='bbox 2338 1267 2658 1326; x_wconf 84' lang='lat' dir='ltr'><strong>misericors</strong></span> <span class='ocrx_word' id='word_1_188' title='bbox 2686 1268 2882 1337; x_wconf 80' lang='lat' dir='ltr'><strong>evasit,</strong></span> <span class='ocrx_word' id='word_1_189' title='bbox 2939 1277 3051 1324; x_wconf 51' lang='lat' dir='ltr'><strong>aut,</strong></span> <span class='ocrx_word' id='word_1_190' title='bbox 3092 1270 3266 1335; x_wconf 89' lang='lat' dir='ltr'><strong>mitis,</strong></span> <span class='ocrx_word' id='word_1_191' title='bbox 3309 1279 3405 1326; x_wconf 87' lang='lat' dir='ltr'><strong>aut</strong></span> <span class='ocrx_word' id='word_1_192' title='bbox 3438 1270 3543 1326; x_wconf 85' lang='lat' dir='ltr'><strong>bu-</strong></span> 
     </span>
    </p>
   </div>
   <div class='ocr_carea' id='block_1_27' title="bbox 1951 1359 3537 1432">
    <p class='ocr_par' dir='ltr' id='par_1_27' title="bbox 1951 1359 3537 1432">
     <span class='ocr_line' id='line_1_27' title="bbox 1951 1359 3537 1432; baseline 0.001 -17"><span class='ocrx_word' id='word_1_193' title='bbox 1951 1359 2102 1417; x_wconf 84' lang='lat' dir='ltr'><strong>milis</strong></span> <span class='ocrx_word' id='word_1_194' title='bbox 2149 1359 2339 1427; x_wconf 85' lang='lat' dir='ltr'><strong>corde,</strong></span> <span class='ocrx_word' id='word_1_195' title='bbox 2375 1368 2542 1432; x_wconf 79' lang='lat' dir='ltr'><strong>prout</strong></span> <span class='ocrx_word' id='word_1_196' title='bbox 2567 1360 2726 1416; x_wconf 89' lang='lat' dir='ltr'><strong>multi</strong></span> <span class='ocrx_word' id='word_1_197' title='bbox 2759 1375 2835 1417; x_wconf 64' lang='lat' dir='ltr'><strong>es</strong></span> <span class='ocrx_word' id='word_1_198' title='bbox 2868 1369 3186 1419; x_wconf 87' lang='lat' dir='ltr'><strong>sanctorum</strong></span> <span class='ocrx_word' id='word_1_199' title='bbox 3221 1376 3454 1421; x_wconf 82' lang='lat' dir='ltr'><strong>numero</strong></span> <span class='ocrx_word' id='word_1_200' title='bbox 3482 1362 3537 1418; x_wconf 90' lang='lat' dir='ltr'><strong>in</strong></span> 
     </span>
    </p>
   </div>
   <div class='ocr_carea' id='block_1_28' title="bbox 1954 1446 3537 1523">
    <p class='ocr_par' dir='ltr' id='par_1_28' title="bbox 1954 1446 3537 1523">
     <span class='ocr_line' id='line_1_28' title="bbox 1954 1446 3537 1523; baseline 0.002 -15"><span class='ocrx_word' id='word_1_201' title='bbox 1954 1451 2041 1508; x_wconf 89' lang='lat' dir='ltr'><strong>his</strong></span> <span class='ocrx_word' id='word_1_202' title='bbox 2079 1452 2303 1511; x_wconf 89' lang='lat' dir='ltr'><strong>dotibus</strong></span> <span class='ocrx_word' id='word_1_203' title='bbox 2334 1453 2668 1513; x_wconf 71' lang='lat' dir='ltr'><strong>excellentes</strong></span> <span class='ocrx_word' id='word_1_204' title='bbox 2717 1462 3016 1523; x_wconf 87' lang='lat' dir='ltr'><strong>testantur,</strong></span> <span class='ocrx_word' id='word_1_205' title='bbox 3041 1471 3171 1510; x_wconf 88' lang='lat' dir='ltr'><strong>num</strong></span> <span class='ocrx_word' id='word_1_206' title='bbox 3208 1446 3331 1511; x_wconf 76' lang='lat' dir='ltr'><strong>ideo</strong></span> <span class='ocrx_word' id='word_1_207' title='bbox 3365 1471 3537 1511; x_wconf 80' lang='lat' dir='ltr'><strong>unum</strong></span> 
     </span>
    </p>
   </div>
   <div class='ocr_carea' id='block_1_29' title="bbox 1958 1544 3537 1619">
    <p class='ocr_par' dir='ltr' id='par_1_29' title="bbox 1958 1544 3537 1619">
     <span class='ocr_line' id='line_1_29' title="bbox 1958 1544 3537 1619; baseline 0.001 -19"><span class='ocrx_word' id='word_1_208' title='bbox 1958 1552 2086 1600; x_wconf 89' lang='lat' dir='ltr'><strong>sunt</strong></span> <span class='ocrx_word' id='word_1_209' title='bbox 2105 1559 2231 1600; x_wconf 88' lang='lat' dir='ltr'><strong>cum</strong></span> <span class='ocrx_word' id='word_1_210' title='bbox 2263 1544 2392 1612; x_wconf 86' lang='lat' dir='ltr'><strong>Deo,</strong></span> <span class='ocrx_word' id='word_1_211' title='bbox 2417 1553 2512 1601; x_wconf 87' lang='lat' dir='ltr'><strong>aut</strong></span> <span class='ocrx_word' id='word_1_212' title='bbox 2530 1561 2629 1617; x_wconf 90' lang='lat' dir='ltr'><strong>per</strong></span> <span class='ocrx_word' id='word_1_213' title='bbox 2648 1546 2888 1619; x_wconf 86' lang='lat' dir='ltr'><strong>aliquam</strong></span> <span class='ocrx_word' id='word_1_214' title='bbox 2919 1563 2984 1603; x_wconf 80' lang='lat' dir='ltr'><strong>ex</strong></span> <span class='ocrx_word' id='word_1_215' title='bbox 3017 1545 3112 1603; x_wconf 88' lang='lat' dir='ltr'><strong>his</strong></span> <span class='ocrx_word' id='word_1_216' title='bbox 3162 1546 3398 1603; x_wconf 77' lang='lat' dir='ltr'><strong>dotibus</strong></span> <span class='ocrx_word' id='word_1_217' title='bbox 3412 1561 3537 1603; x_wconf 89' lang='lat' dir='ltr'><strong>cum</strong></span> 
     </span>
    </p>
   </div>
   <div class='ocr_carea' id='block_1_30' title="bbox 281 1614 1861 1724">
    <p class='ocr_par' dir='ltr' id='par_1_30' title="bbox 281 1614 1848 1724">
     <span class='ocr_line' id='line_1_30' title="bbox 281 1614 1848 1724; baseline 0.003 -59"><span class='ocrx_word' id='word_1_218' title='bbox 281 1615 665 1724; x_wconf 56' lang='grc' dir='ltr'>ιτροριρέσεως,</span> <span class='ocrx_word' id='word_1_219' title='bbox 691 1616 873 1682; x_wconf 81' lang='grc' dir='ltr'>καθὼς</span> <span class='ocrx_word' id='word_1_220' title='bbox 893 1614 1046 1673; x_wconf 80' lang='grc' dir='ltr'>εἶπεν</span> <span class='ocrx_word' id='word_1_221' title='bbox 1068 1619 1098 1671; x_wconf 82' lang='grc' dir='ltr'><strong><em>ὁ</em></strong></span> <span class='ocrx_word' id='word_1_222' title='bbox 1120 1616 1324 1690; x_wconf 85' lang='grc' dir='ltr'>Κύριος</span> <span class='ocrx_word' id='word_1_223' title='bbox 1341 1658 1357 1686; x_wconf 87' lang='grc'><strong>,</strong></span> <span class='ocrx_word' id='word_1_224' title='bbox 1379 1616 1736 1672; x_wconf 82' lang='grc' dir='ltr'><strong>τελειωθῶσιν</strong></span> <span class='ocrx_word' id='word_1_225' title='bbox 1767 1617 1848 1681; x_wconf 86' lang='grc' dir='ltr'><strong>είς</strong></span> 
     </span>
    </p>
   </div>
   <div class='ocr_carea' id='block_1_31' title="bbox 1962 1614 3539 1724">
    <p class='ocr_par' dir='ltr' id='par_1_31' title="bbox 1962 1614 3539 1709">
     <span class='ocr_line' id='line_1_31' title="bbox 1962 1614 3539 1709; baseline 0.001 -18"><span class='ocrx_word' id='word_1_226' title='bbox 1962 1636 2080 1707; x_wconf 81' lang='lat' dir='ltr'><strong>ipso</strong></span> <span class='ocrx_word' id='word_1_227' title='bbox 2108 1635 2397 1707; x_wconf 75' lang='lat' dir='ltr'><strong>copulati?</strong></span> <span class='ocrx_word' id='word_1_228' title='bbox 2445 1614 2618 1695; x_wconf 75' lang='lat' dir='ltr'><strong>Secus</strong></span> <span class='ocrx_word' id='word_1_229' title='bbox 2646 1650 2709 1695; x_wconf 89' lang='lat' dir='ltr'><strong>se</strong></span> <span class='ocrx_word' id='word_1_230' title='bbox 2741 1614 2835 1696; x_wconf 79' lang='lat' dir='ltr'><strong>res</strong></span> <span class='ocrx_word' id='word_1_231' title='bbox 2862 1638 3044 1695; x_wconf 85' lang='lat' dir='ltr'><strong>habet.</strong></span> <span class='ocrx_word' id='word_1_232' title='bbox 3076 1637 3211 1693; x_wconf 84' lang='lat' dir='ltr'><strong>Nam</strong></span> <span class='ocrx_word' id='word_1_233' title='bbox 3250 1638 3397 1709; x_wconf 87' lang='lat' dir='ltr'><strong>quod</strong></span> <span class='ocrx_word' id='word_1_234' title='bbox 3427 1651 3539 1693; x_wconf 90' lang='lat' dir='ltr'><strong>non</strong></span> 
     </span>
    </p>
   </div>
   <div class='ocr_carea' id='block_1_32' title="bbox 279 1704 1861 1817">
    <p class='ocr_par' dir='ltr' id='par_1_32' title="bbox 279 1704 1847 1817">
     <span class='ocr_line' id='line_1_32' title="bbox 279 1704 1847 1817; baseline 0.001 -59"><span class='ocrx_word' id='word_1_235' title='bbox 279 1704 452 1817; x_wconf 47' lang='lat' dir='ltr'><strong>fb&#39;év,</strong></span> <span class='ocrx_word' id='word_1_236' title='bbox 497 1707 598 1779; x_wconf 83' lang='grc' dir='ltr'>τῆς</span> <span class='ocrx_word' id='word_1_237' title='bbox 622 1710 859 1783; x_wconf 72' lang='grc' dir='ltr'>φυσικῆς</span> <span class='ocrx_word' id='word_1_238' title='bbox 891 1710 1182 1781; x_wconf 76' lang='grc' dir='ltr'><strong>συναφείας</strong></span> <span class='ocrx_word' id='word_1_239' title='bbox 1219 1710 1320 1783; x_wconf 84' lang='grc' dir='ltr'>τὴν</span> <span class='ocrx_word' id='word_1_240' title='bbox 1360 1710 1496 1763; x_wconf 80' lang='grc' dir='ltr'>κατὰ</span> <span class='ocrx_word' id='word_1_241' title='bbox 1533 1706 1847 1779; x_wconf 80' lang='grc' dir='ltr'>προαίρεσιν</span> 
     </span>
    </p>
   </div>
   <div class='ocr_carea' id='block_1_33' title="bbox 1962 1704 3538 1817">
    <p class='ocr_par' dir='ltr' id='par_1_33' title="bbox 1962 1704 3538 1800">
     <span class='ocr_line' id='line_1_33' title="bbox 1962 1704 3538 1800; baseline 0.001 -18"><span class='ocrx_word' id='word_1_242' title='bbox 1962 1704 2011 1782; x_wconf 82' lang='lat' dir='ltr'><strong>in</strong></span> <span class='ocrx_word' id='word_1_243' title='bbox 2031 1704 2290 1784; x_wconf 84' lang='lat' dir='ltr'><strong>omnibus</strong></span> <span class='ocrx_word' id='word_1_244' title='bbox 2317 1743 2488 1783; x_wconf 86' lang='lat' dir='ltr'><strong>unum</strong></span> <span class='ocrx_word' id='word_1_245' title='bbox 2516 1738 2621 1795; x_wconf 89' lang='lat' dir='ltr'><strong>est,</strong></span> <span class='ocrx_word' id='word_1_246' title='bbox 2657 1728 2804 1786; x_wconf 90' lang='lat' dir='ltr'><strong>haud</strong></span> <span class='ocrx_word' id='word_1_247' title='bbox 2828 1735 3005 1800; x_wconf 86' lang='lat' dir='ltr'><strong>potest</strong></span> <span class='ocrx_word' id='word_1_248' title='bbox 3030 1743 3199 1785; x_wconf 77' lang='lat' dir='ltr'><strong>unum</strong></span> <span class='ocrx_word' id='word_1_249' title='bbox 3259 1704 3385 1784; x_wconf 79' lang='lat' dir='ltr'><strong>esse</strong></span> <span class='ocrx_word' id='word_1_250' title='bbox 3412 1742 3538 1783; x_wconf 73' lang='lat' dir='ltr'><strong>cum</strong></span> 
     </span>
    </p>
   </div>
   <div class='ocr_carea' id='block_1_34' title="bbox 281 1793 1861 1904">
    <p class='ocr_par' dir='ltr' id='par_1_34' title="bbox 281 1798 1855 1876">
     <span class='ocr_line' id='line_1_34' title="bbox 281 1798 1855 1876; baseline 0.001 -26"><span class='ocrx_word' id='word_1_251' title='bbox 281 1798 502 1871; x_wconf 79' lang='grc' dir='ltr'>ἑνότητα</span> <span class='ocrx_word' id='word_1_252' title='bbox 526 1801 965 1876; x_wconf 78' lang='grc' dir='ltr'>προσλαϐούσης.</span> <span class='ocrx_word' id='word_1_253' title='bbox 990 1804 1100 1858; x_wconf 81' lang='grc' dir='ltr'>Καὶ</span> <span class='ocrx_word' id='word_1_254' title='bbox 1127 1804 1161 1860; x_wconf 75' lang='grc' dir='ltr'>ὁ</span> <span class='ocrx_word' id='word_1_255' title='bbox 1205 1800 1396 1871; x_wconf 83' lang='grc' dir='ltr'>Πατὴρ</span> <span class='ocrx_word' id='word_1_256' title='bbox 1438 1798 1534 1853; x_wconf 80' lang='grc' dir='ltr'>καὶ</span> <span class='ocrx_word' id='word_1_257' title='bbox 1567 1800 1597 1852; x_wconf 81' lang='grc' dir='ltr'><strong>ὁ</strong></span> <span class='ocrx_word' id='word_1_258' title='bbox 1639 1798 1767 1862; x_wconf 75' lang='grc' dir='ltr'>Υἱὸς</span> <span class='ocrx_word' id='word_1_259' title='bbox 1793 1798 1855 1852; x_wconf 79' lang='grc' dir='ltr'>ἒν</span> 
     </span>
    </p>
   </div>
   <div class='ocr_carea' id='block_1_35' title="bbox 1962 1793 3537 1904">
    <p class='ocr_par' dir='ltr' id='par_1_35' title="bbox 1962 1793 3537 1892">
     <span class='ocr_line' id='line_1_35' title="bbox 1962 1793 3537 1892; baseline 0.001 -19"><span class='ocrx_word' id='word_1_260' title='bbox 1962 1819 2128 1874; x_wconf 81' lang='lat' dir='ltr'><strong>altero</strong></span> <span class='ocrx_word' id='word_1_261' title='bbox 2158 1826 2357 1874; x_wconf 83' lang='lat' dir='ltr'><strong>natura</strong></span> <span class='ocrx_word' id='word_1_262' title='bbox 2387 1834 2418 1874; x_wconf 90' lang='lat' dir='ltr'><strong>a</strong></span> <span class='ocrx_word' id='word_1_263' title='bbox 2445 1835 2504 1876; x_wconf 90' lang='lat' dir='ltr'><strong>se</strong></span> <span class='ocrx_word' id='word_1_264' title='bbox 2532 1793 2813 1877; x_wconf 84' lang='lat' dir='ltr'><strong>distincto.</strong></span> <span class='ocrx_word' id='word_1_265' title='bbox 2828 1793 3195 1892; x_wconf 39' lang='lat' dir='ltr'><strong>&#39;Qnapropter</strong></span> <span class='ocrx_word' id='word_1_266' title='bbox 3220 1820 3389 1875; x_wconf 85' lang='lat' dir='ltr'><strong>homo</strong></span> <span class='ocrx_word' id='word_1_267' title='bbox 3410 1835 3537 1875; x_wconf 83' lang='lat' dir='ltr'><strong>cum</strong></span> 
     </span>
    </p>
   </div>
   <div class='ocr_carea' id='block_1_36' title="bbox 279 1890 1861 1980">
    <p class='ocr_par' dir='ltr' id='par_1_36' title="bbox 279 1890 1852 1966">
     <span class='ocr_line' id='line_1_36' title="bbox 279 1890 1852 1966; baseline 0 -23"><span class='ocrx_word' id='word_1_268' title='bbox 279 1891 382 1944; x_wconf 80' lang='grc' dir='ltr'>εἱσι</span> <span class='ocrx_word' id='word_1_269' title='bbox 404 1932 422 1956; x_wconf 91' lang='grc'><strong>,</strong></span> <span class='ocrx_word' id='word_1_270' title='bbox 467 1896 566 1963; x_wconf 75' lang='grc' dir='ltr'>τῆς</span> <span class='ocrx_word' id='word_1_271' title='bbox 599 1894 744 1948; x_wconf 74' lang='grc' dir='ltr'>κατὰ</span> <span class='ocrx_word' id='word_1_272' title='bbox 776 1894 876 1966; x_wconf 81' lang='grc' dir='ltr'>τὴν</span> <span class='ocrx_word' id='word_1_273' title='bbox 911 1894 1072 1964; x_wconf 77' lang='grc' dir='ltr'>φύσιν</span> <span class='ocrx_word' id='word_1_274' title='bbox 1101 1894 1193 1948; x_wconf 76' lang='grc' dir='ltr'>καὶ</span> <span class='ocrx_word' id='word_1_275' title='bbox 1237 1892 1336 1964; x_wconf 81' lang='grc' dir='ltr'>τὴν</span> <span class='ocrx_word' id='word_1_276' title='bbox 1375 1890 1694 1963; x_wconf 80' lang='grc' dir='ltr'>προαίρεσιν</span> <span class='ocrx_word' id='word_1_277' title='bbox 1737 1907 1852 1943; x_wconf 86' lang='grc' dir='ltr'>κοι-</span> 
     </span>
    </p>
   </div>
   <div class='ocr_carea' id='block_1_37' title="bbox 1962 1890 3539 1980">
    <p class='ocr_par' dir='ltr' id='par_1_37' title="bbox 1962 1890 3539 1980">
     <span class='ocr_line' id='line_1_37' title="bbox 1962 1890 3539 1980; baseline 0.001 -17"><span class='ocrx_word' id='word_1_278' title='bbox 1962 1908 2175 1964; x_wconf 79' lang='lat' dir='ltr'><strong>homine</strong></span> <span class='ocrx_word' id='word_1_279' title='bbox 2205 1924 2374 1964; x_wconf 84' lang='lat' dir='ltr'><strong>unum</strong></span> <span class='ocrx_word' id='word_1_280' title='bbox 2417 1908 2517 1975; x_wconf 65' lang='lat' dir='ltr'><strong>fit,</strong></span> <span class='ocrx_word' id='word_1_281' title='bbox 2542 1909 2766 1980; x_wconf 79' lang='lat' dir='ltr'><strong>quando</strong></span> <span class='ocrx_word' id='word_1_282' title='bbox 2800 1920 2915 1980; x_wconf 77' lang='lat' dir='ltr'><strong>per</strong></span> <span class='ocrx_word' id='word_1_283' title='bbox 2942 1890 3301 1972; x_wconf 80' lang='lat' dir='ltr'><strong>voluntatem,</strong></span> <span class='ocrx_word' id='word_1_284' title='bbox 3339 1920 3397 1965; x_wconf 91' lang='lat' dir='ltr'><strong>ut</strong></span> <span class='ocrx_word' id='word_1_285' title='bbox 3431 1909 3539 1965; x_wconf 85' lang='lat' dir='ltr'><strong>Do-</strong></span> 
     </span>
    </p>
   </div>
   <div class='ocr_carea' id='block_1_38' title="bbox 278 1983 1861 2067">
    <p class='ocr_par' dir='ltr' id='par_1_38' title="bbox 278 1983 1853 2059">
     <span class='ocr_line' id='line_1_38' title="bbox 278 1983 1853 2059; baseline 0.001 -22"><span class='ocrx_word' id='word_1_286' title='bbox 278 1983 468 2047; x_wconf 81' lang='grc' dir='ltr'>νωνίας</span> <span class='ocrx_word' id='word_1_287' title='bbox 497 1987 577 2048; x_wconf 86' lang='grc' dir='ltr'><strong>είς</strong></span> <span class='ocrx_word' id='word_1_288' title='bbox 624 1985 685 2039; x_wconf 77' lang='grc' dir='ltr'>τὸ</span> <span class='ocrx_word' id='word_1_289' title='bbox 714 1986 773 2039; x_wconf 79' lang='grc' dir='ltr'>ἓν</span> <span class='ocrx_word' id='word_1_290' title='bbox 808 1986 1238 2059; x_wconf 85' lang='grc' dir='ltr'>συνδραμούσης.</span> <span class='ocrx_word' id='word_1_291' title='bbox 1286 1990 1349 2042; x_wconf 85' lang='lat' dir='ltr'><strong>Ei</strong></span> <span class='ocrx_word' id='word_1_292' title='bbox 1377 1988 1435 2042; x_wconf 75' lang='grc' dir='ltr'><strong>δὲ</strong></span> <span class='ocrx_word' id='word_1_293' title='bbox 1466 1985 1546 2057; x_wconf 82' lang='grc' dir='ltr'>τῷ</span> <span class='ocrx_word' id='word_1_294' title='bbox 1589 1985 1853 2056; x_wconf 79' lang='grc' dir='ltr'><strong>θελήματι</strong></span> 
     </span>
    </p>
   </div>
   <div class='ocr_carea' id='block_1_39' title="bbox 1962 1983 3536 2067">
    <p class='ocr_par' dir='ltr' id='par_1_39' title="bbox 1962 2001 3536 2067">
     <span class='ocr_line' id='line_1_39' title="bbox 1962 2001 3536 2067; baseline -0.001 -12"><span class='ocrx_word' id='word_1_295' title='bbox 1962 2001 2139 2057; x_wconf 81' lang='lat' dir='ltr'><strong>minus</strong></span> <span class='ocrx_word' id='word_1_296' title='bbox 2157 2003 2258 2067; x_wconf 92' lang='lat' dir='ltr'><strong>ait,</strong></span> <span class='ocrx_word' id='word_1_297' title='bbox 2296 2001 2353 2055; x_wconf 91' lang='lat' dir='ltr'><strong>in</strong></span> <span class='ocrx_word' id='word_1_298' title='bbox 2388 2016 2557 2056; x_wconf 86' lang='lat' dir='ltr'><strong>unum</strong></span> <span class='ocrx_word' id='word_1_299' title='bbox 2591 2008 3070 2066; x_wconf 82' lang='lat' dir='ltr'><strong>consummantur,</strong></span> <span class='ocrx_word' id='word_1_300' title='bbox 3110 2008 3165 2056; x_wconf 92' lang='lat' dir='ltr'><strong>et</strong></span> <span class='ocrx_word' id='word_1_301' title='bbox 3196 2001 3536 2063; x_wconf 69' lang='lat' dir='ltr'><strong>coalescunt,</strong></span> 
     </span>
    </p>
   </div>
   <div class='ocr_carea' id='block_1_40' title="bbox 279 2073 1861 2179">
    <p class='ocr_par' dir='ltr' id='par_1_40' title="bbox 279 2073 1857 2179">
     <span class='ocr_line' id='line_1_40' title="bbox 279 2073 1857 2179; baseline 0.002 -53"><span class='ocrx_word' id='word_1_302' title='bbox 279 2073 426 2179; x_wconf 69' lang='grc' dir='ltr'>μόνῳ</span> <span class='ocrx_word' id='word_1_303' title='bbox 464 2076 910 2179; x_wconf 75' lang='grc' dir='ltr'>συνηρμοσμένος</span> <span class='ocrx_word' id='word_1_304' title='bbox 947 2078 1088 2132; x_wconf 82' lang='grc' dir='ltr'>κατὰ</span> <span class='ocrx_word' id='word_1_305' title='bbox 1120 2078 1221 2149; x_wconf 84' lang='grc' dir='ltr'>τὴν</span> <span class='ocrx_word' id='word_1_306' title='bbox 1264 2078 1424 2146; x_wconf 82' lang='grc' dir='ltr'>φύσιν</span> <span class='ocrx_word' id='word_1_307' title='bbox 1451 2077 1694 2149; x_wconf 82' lang='grc' dir='ltr'><strong>διῄρητο,</strong></span> <span class='ocrx_word' id='word_1_308' title='bbox 1738 2075 1857 2139; x_wconf 81' lang='grc' dir='ltr'><strong>πῶς</strong></span> 
     </span>
    </p>
   </div>
   <div class='ocr_carea' id='block_1_41' title="bbox 1962 2073 3537 2179">
    <p class='ocr_par' dir='ltr' id='par_1_41' title="bbox 1962 2089 3537 2160">
     <span class='ocr_line' id='line_1_41' title="bbox 1962 2089 3537 2160; baseline -0.002 -15"><span class='ocrx_word' id='word_1_309' title='bbox 1962 2092 2189 2146; x_wconf 80' lang='lat' dir='ltr'><strong>naturali</strong></span> <span class='ocrx_word' id='word_1_310' title='bbox 2218 2090 2608 2159; x_wconf 84' lang='lat' dir='ltr'><strong>conjunctione</strong></span> <span class='ocrx_word' id='word_1_311' title='bbox 2637 2091 2924 2154; x_wconf 84' lang='lat' dir='ltr'><strong>unitatem,</strong></span> <span class='ocrx_word' id='word_1_312' title='bbox 2948 2102 3071 2160; x_wconf 66' lang='lat' dir='ltr'><strong>quae</strong></span> <span class='ocrx_word' id='word_1_313' title='bbox 3087 2103 3184 2159; x_wconf 88' lang='lat' dir='ltr'><strong>per</strong></span> <span class='ocrx_word' id='word_1_314' title='bbox 3203 2089 3537 2145; x_wconf 76' lang='lat' dir='ltr'><strong>voluntatem</strong></span> 
     </span>
    </p>
   </div>
   <div class='ocr_carea' id='block_1_42' title="bbox 273 2165 1861 2271">
    <p class='ocr_par' dir='ltr' id='par_1_42' title="bbox 273 2165 1856 2241">
     <span class='ocr_line' id='line_1_42' title="bbox 273 2165 1856 2241; baseline 0.001 -24"><span class='ocrx_word' id='word_1_315' title='bbox 273 2165 572 2236; x_wconf 59' lang='lat' dir='ltr'><strong>dmpsdpzt</strong></span> <span class='ocrx_word' id='word_1_316' title='bbox 613 2166 791 2237; x_wconf 78' lang='grc' dir='ltr'>ἑαυτῷ</span> <span class='ocrx_word' id='word_1_317' title='bbox 821 2169 919 2238; x_wconf 81' lang='grc' dir='ltr'>τὴν</span> <span class='ocrx_word' id='word_1_318' title='bbox 959 2170 1096 2239; x_wconf 82' lang='grc' dir='ltr'>πρὸς</span> <span class='ocrx_word' id='word_1_319' title='bbox 1130 2169 1223 2223; x_wconf 82' lang='grc' dir='ltr'>τὸν</span> <span class='ocrx_word' id='word_1_320' title='bbox 1268 2170 1489 2241; x_wconf 81' lang='grc' dir='ltr'>Πατέρα</span> <span class='ocrx_word' id='word_1_321' title='bbox 1526 2168 1749 2237; x_wconf 71' lang='grc' dir='ltr'>ἑνότητα</span> <span class='ocrx_word' id='word_1_322' title='bbox 1776 2166 1856 2237; x_wconf 84' lang='grc' dir='ltr'><strong>τῷ</strong></span> 
     </span>
    </p>
   </div>
   <div class='ocr_carea' id='block_1_43' title="bbox 1962 2165 3536 2271">
    <p class='ocr_par' dir='ltr' id='par_1_43' title="bbox 1962 2180 3536 2243">
     <span class='ocr_line' id='line_1_43' title="bbox 1962 2180 3536 2243; baseline -0.003 -6"><span class='ocrx_word' id='word_1_323' title='bbox 1962 2192 2056 2243; x_wconf 77' lang='lat' dir='ltr'><strong>est,</strong></span> <span class='ocrx_word' id='word_1_324' title='bbox 2087 2182 2465 2238; x_wconf 88' lang='lat' dir='ltr'><strong>antecedente.</strong></span> <span class='ocrx_word' id='word_1_325' title='bbox 2488 2180 2556 2235; x_wconf 69' lang='lat' dir='ltr'><strong>At</strong></span> <span class='ocrx_word' id='word_1_326' title='bbox 2585 2180 2747 2237; x_wconf 84' lang='lat' dir='ltr'><strong>Pater</strong></span> <span class='ocrx_word' id='word_1_327' title='bbox 2771 2191 2825 2236; x_wconf 88' lang='lat' dir='ltr'><strong>et</strong></span> <span class='ocrx_word' id='word_1_328' title='bbox 2849 2180 3020 2235; x_wconf 81' lang='lat' dir='ltr'><strong>Filius</strong></span> <span class='ocrx_word' id='word_1_329' title='bbox 3050 2194 3229 2235; x_wconf 86' lang='lat' dir='ltr'><strong>unum</strong></span> <span class='ocrx_word' id='word_1_330' title='bbox 3261 2190 3415 2242; x_wconf 86' lang='lat' dir='ltr'><strong>sunt,</strong></span> <span class='ocrx_word' id='word_1_331' title='bbox 3450 2194 3536 2243; x_wconf 86' lang='lat' dir='ltr'><strong>ea,</strong></span> 
     </span>
    </p>
   </div>
   <div class='ocr_carea' id='block_1_44' title="bbox 272 2257 1861 2341">
    <p class='ocr_par' dir='ltr' id='par_1_44' title="bbox 272 2257 1030 2328">
     <span class='ocr_line' id='line_1_44' title="bbox 272 2257 1030 2328; baseline 0.004 -19"><span class='ocrx_word' id='word_1_332' title='bbox 272 2257 591 2328; x_wconf 63' lang='lat' dir='ltr'><strong>agnouerat-rip</strong></span> <span class='ocrx_word' id='word_1_333' title='bbox 621 2257 993 2328; x_wconf 82' lang='grc' dir='ltr'>διεσχισμένος</span> <span class='ocrx_word' id='word_1_334' title='bbox 1012 2278 1030 2325; x_wconf 83' lang='grc'>;</span> 
     </span>
    </p>
   </div>
   <div class='ocr_carea' id='block_1_45' title="bbox 1962 2257 3539 2341">
    <p class='ocr_par' dir='ltr' id='par_1_45' title="bbox 1962 2269 3539 2341">
     <span class='ocr_line' id='line_1_45' title="bbox 1962 2269 3539 2341; baseline -0.003 -15"><span class='ocrx_word' id='word_1_335' title='bbox 1962 2286 2081 2341; x_wconf 62' lang='lat' dir='ltr'><strong>quae</strong></span> <span class='ocrx_word' id='word_1_336' title='bbox 2117 2270 2420 2327; x_wconf 88' lang='lat' dir='ltr'><strong>secundum</strong></span> <span class='ocrx_word' id='word_1_337' title='bbox 2468 2278 2746 2341; x_wconf 75' lang='lat' dir='ltr'><strong>naturam,</strong></span> <span class='ocrx_word' id='word_1_338' title='bbox 2774 2279 2839 2326; x_wconf 76' lang='grc' dir='ltr'>ει·</span> <span class='ocrx_word' id='word_1_339' title='bbox 2864 2284 2929 2326; x_wconf 86' lang='lat' dir='ltr'><strong>ea</strong></span> <span class='ocrx_word' id='word_1_340' title='bbox 2962 2284 3085 2339; x_wconf 74' lang='lat' dir='ltr'><strong>quae</strong></span> <span class='ocrx_word' id='word_1_341' title='bbox 3114 2269 3416 2326; x_wconf 86' lang='lat' dir='ltr'><strong>secundum</strong></span> <span class='ocrx_word' id='word_1_342' title='bbox 3444 2284 3539 2322; x_wconf 67' lang='lat' dir='ltr'><strong>vo~</strong></span> 
     </span>
    </p>
   </div>
   <div class='ocr_carea' id='block_1_46' title="bbox 274 2351 3653 2428">
    <p class='ocr_par' dir='ltr' id='par_1_46' title="bbox 274 2351 3653 2428">
     <span class='ocr_line' id='line_1_46' title="bbox 274 2351 3653 2428; baseline 0.003 -23"><span class='ocrx_word' id='word_1_343' title='bbox 274 2351 536 2406; x_wconf 82' lang='lat' dir='ltr'><strong>luntatem</strong></span> <span class='ocrx_word' id='word_1_344' title='bbox 566 2360 653 2408; x_wconf 89' lang='lat' dir='ltr'><strong>est</strong></span> <span class='ocrx_word' id='word_1_345' title='bbox 687 2353 1074 2408; x_wconf 89' lang='lat' dir='ltr'><strong>communione</strong></span> <span class='ocrx_word' id='word_1_346' title='bbox 1102 2352 1157 2410; x_wconf 90' lang='lat' dir='ltr'><strong>in</strong></span> <span class='ocrx_word' id='word_1_347' title='bbox 1183 2353 1328 2410; x_wconf 87' lang='lat' dir='ltr'><strong>idem</strong></span> <span class='ocrx_word' id='word_1_348' title='bbox 1367 2371 1753 2420; x_wconf 83' lang='lat' dir='ltr'><strong>concurrente.</strong></span> <span class='ocrx_word' id='word_1_349' title='bbox 1787 2361 1845 2418; x_wconf 83' lang='lat' dir='ltr'><strong>Si</strong></span> <span class='ocrx_word' id='word_1_350' title='bbox 1886 2378 2019 2419; x_wconf 90' lang='lat' dir='ltr'><strong>vero</strong></span> <span class='ocrx_word' id='word_1_351' title='bbox 2047 2364 2165 2420; x_wconf 84' lang='lat' dir='ltr'><strong>sola</strong></span> <span class='ocrx_word' id='word_1_352' title='bbox 2196 2365 2477 2420; x_wconf 79' lang='lat' dir='ltr'><strong>voluntate</strong></span> <span class='ocrx_word' id='word_1_353' title='bbox 2502 2366 2713 2428; x_wconf 89' lang='lat' dir='ltr'><strong>unitus,</strong></span> <span class='ocrx_word' id='word_1_354' title='bbox 2745 2370 2943 2418; x_wconf 74' lang='lat' dir='ltr'><strong>natura</strong></span> <span class='ocrx_word' id='word_1_355' title='bbox 2985 2377 3034 2417; x_wconf 69' lang='grc' dir='ltr'>ιιι</span> <span class='ocrx_word' id='word_1_356' title='bbox 3060 2360 3223 2418; x_wconf 81' lang='lat' dir='ltr'><strong>Patre</strong></span> <span class='ocrx_word' id='word_1_357' title='bbox 3278 2359 3537 2416; x_wconf 81' lang='lat' dir='ltr'><strong>diversus</strong></span> <span class='ocrx_word' id='word_1_358' title='bbox 3646 2365 3653 2369; x_wconf 76' lang='grc'><strong>’</strong></span> 
     </span>
    </p>
   </div>
   <div class='ocr_carea' id='block_1_47' title="bbox 276 2448 3291 2531">
    <p class='ocr_par' dir='ltr' id='par_1_47' title="bbox 276 2448 3291 2531">
     <span class='ocr_line' id='line_1_47' title="bbox 276 2448 3291 2531; baseline 0.001 -26"><span class='ocrx_word' id='word_1_359' title='bbox 276 2456 379 2511; x_wconf 83' lang='lat' dir='ltr'><strong>est.</strong></span> <span class='ocrx_word' id='word_1_360' title='bbox 437 2449 717 2518; x_wconf 87' lang='lat' dir='ltr'><strong>quomodo</strong></span> <span class='ocrx_word' id='word_1_361' title='bbox 748 2448 1000 2504; x_wconf 87' lang='lat' dir='ltr'><strong>attribuit</strong></span> <span class='ocrx_word' id='word_1_362' title='bbox 1031 2450 1134 2506; x_wconf 86' lang='lat' dir='ltr'><strong>sibi</strong></span> <span class='ocrx_word' id='word_1_363' title='bbox 1188 2452 1453 2508; x_wconf 91' lang='lat' dir='ltr'><strong>unitatem</strong></span> <span class='ocrx_word' id='word_1_364' title='bbox 1507 2471 1630 2511; x_wconf 92' lang='lat' dir='ltr'><strong>cum</strong></span> <span class='ocrx_word' id='word_1_365' title='bbox 1658 2458 1840 2526; x_wconf 81' lang='lat' dir='ltr'><strong>Patre,</strong></span> <span class='ocrx_word' id='word_1_366' title='bbox 1882 2461 2169 2531; x_wconf 87' lang='lat' dir='ltr'><strong>sejunctus</strong></span> <span class='ocrx_word' id='word_1_367' title='bbox 2200 2461 2255 2518; x_wconf 92' lang='lat' dir='ltr'><strong>in</strong></span> <span class='ocrx_word' id='word_1_368' title='bbox 2288 2476 2357 2517; x_wconf 88' lang='lat' dir='ltr'><strong>eo</strong></span> <span class='ocrx_word' id='word_1_369' title='bbox 2412 2461 2559 2530; x_wconf 86' lang='lat' dir='ltr'><strong>quod</strong></span> <span class='ocrx_word' id='word_1_370' title='bbox 2590 2461 2830 2515; x_wconf 75' lang='lat' dir='ltr'><strong>maxime</strong></span> <span class='ocrx_word' id='word_1_371' title='bbox 2860 2458 3141 2529; x_wconf 80' lang='lat' dir='ltr'><strong>proprium</strong></span> <span class='ocrx_word' id='word_1_372' title='bbox 3164 2457 3291 2514; x_wconf 66' lang='lat' dir='ltr'><strong>est?</strong></span> 
     </span>
    </p>
   </div>
   <div class='ocr_carea' id='block_1_48' title="bbox 358 2545 1855 2623">
    <p class='ocr_par' dir='ltr' id='par_1_48' title="bbox 358 2545 1855 2623">
     <span class='ocr_line' id='line_1_48' title="bbox 358 2545 1855 2623; baseline 0.008 -25"><span class='ocrx_word' id='word_1_373' title='bbox 358 2545 717 2609; x_wconf 73' lang='grc' dir='ltr'><strong>Ἀκούσαντες</strong></span> <span class='ocrx_word' id='word_1_374' title='bbox 766 2546 969 2612; x_wconf 89' lang='grc' dir='ltr'>τοίνυν,</span> <span class='ocrx_word' id='word_1_375' title='bbox 1014 2546 1097 2599; x_wconf 83' lang='grc' dir='ltr'>δτι</span> <span class='ocrx_word' id='word_1_376' title='bbox 1136 2546 1285 2616; x_wconf 75' lang='grc' dir='ltr'><strong>Ἐγὼ</strong></span> <span class='ocrx_word' id='word_1_377' title='bbox 1335 2548 1433 2602; x_wconf 73' lang='grc' dir='ltr'><strong>καί</strong></span> <span class='ocrx_word' id='word_1_378' title='bbox 1475 2553 1509 2605; x_wconf 85' lang='grc' dir='ltr'><em>ό</em></span> <span class='ocrx_word' id='word_1_379' title='bbox 1552 2554 1759 2623; x_wconf 79' lang='grc' dir='ltr'>Πατὴρ</span> <span class='ocrx_word' id='word_1_380' title='bbox 1782 2555 1855 2609; x_wconf 81' lang='grc' dir='ltr'>ἓν</span> 
     </span>
    </p>
   </div>
   <div class='ocr_carea' id='block_1_49' title="bbox 279 2636 1857 2716">
    <p class='ocr_par' dir='ltr' id='par_1_49' title="bbox 279 2636 1857 2716">
     <span class='ocr_line' id='line_1_49' title="bbox 279 2636 1857 2716; baseline 0.006 -26"><span class='ocrx_word' id='word_1_381' title='bbox 279 2640 480 2706; x_wconf 72' lang='grc' dir='ltr'>ἐσμεν,</span> <span class='ocrx_word' id='word_1_382' title='bbox 512 2638 575 2691; x_wconf 83' lang='grc' dir='ltr'>τό</span> <span class='ocrx_word' id='word_1_383' title='bbox 606 2655 666 2691; x_wconf 87' lang='grc' dir='ltr'><strong>τε</strong></span> <span class='ocrx_word' id='word_1_384' title='bbox 693 2636 753 2702; x_wconf 77' lang='grc' dir='ltr'>ἐξ</span> <span class='ocrx_word' id='word_1_385' title='bbox 778 2637 952 2691; x_wconf 81' lang='grc' dir='ltr'>αἰτίου</span> <span class='ocrx_word' id='word_1_386' title='bbox 998 2638 1089 2691; x_wconf 76' lang='grc' dir='ltr'>τὸν</span> <span class='ocrx_word' id='word_1_387' title='bbox 1122 2639 1327 2709; x_wconf 83' lang='grc' dir='ltr'><strong>Κύριον</strong></span> <span class='ocrx_word' id='word_1_388' title='bbox 1360 2641 1458 2694; x_wconf 52' lang='grc' dir='ltr'><strong>καὶ⁸</strong></span> <span class='ocrx_word' id='word_1_389' title='bbox 1498 2642 1561 2695; x_wconf 81' lang='grc' dir='ltr'>τὸ</span> <span class='ocrx_word' id='word_1_390' title='bbox 1596 2646 1739 2699; x_wconf 83' lang='grc' dir='ltr'>κατά</span> <span class='ocrx_word' id='word_1_391' title='bbox 1758 2646 1857 2716; x_wconf 84' lang='grc' dir='ltr'>τὴν</span> 
     </span>
    </p>
   </div>
   <div class='ocr_carea' id='block_1_50' title="bbox 282 2728 1860 2808">
    <p class='ocr_par' dir='ltr' id='par_1_50' title="bbox 282 2728 1860 2808">
     <span class='ocr_line' id='line_1_50' title="bbox 282 2728 1860 2808; baseline 0.006 -26"><span class='ocrx_word' id='word_1_392' title='bbox 282 2730 434 2800; x_wconf 70' lang='grc' dir='ltr'>φύσιν</span> <span class='ocrx_word' id='word_1_393' title='bbox 458 2730 878 2802; x_wconf 76' lang='grc' dir='ltr'>ἀπαράλλακτον</span> <span class='ocrx_word' id='word_1_394' title='bbox 905 2729 1001 2784; x_wconf 79' lang='grc' dir='ltr'>τοῦ</span> <span class='ocrx_word' id='word_1_395' title='bbox 1033 2728 1164 2783; x_wconf 84' lang='grc' dir='ltr'>Υίοῦ</span> <span class='ocrx_word' id='word_1_396' title='bbox 1209 2730 1305 2784; x_wconf 73' lang='grc' dir='ltr'>καὶ</span> <span class='ocrx_word' id='word_1_397' title='bbox 1332 2732 1427 2786; x_wconf 80' lang='grc' dir='ltr'><strong>τοῦ</strong></span> <span class='ocrx_word' id='word_1_398' title='bbox 1463 2735 1676 2808; x_wconf 78' lang='grc' dir='ltr'>Πατρὸς</span> <span class='ocrx_word' id='word_1_399' title='bbox 1703 2738 1860 2792; x_wconf 85' lang='grc' dir='ltr'>ἐπαι-</span> 
     </span>
    </p>
   </div>
   <div class='ocr_carea' id='block_1_51' title="bbox 281 2810 1857 2900">
    <p class='ocr_par' dir='ltr' id='par_1_51' title="bbox 281 2810 1857 2900">
     <span class='ocr_line' id='line_1_51' title="bbox 281 2810 1857 2900; baseline 0.005 -25"><span class='ocrx_word' id='word_1_400' title='bbox 281 2821 543 2894; x_wconf 80' lang='grc' dir='ltr'>δεύθημεν</span> <span class='ocrx_word' id='word_1_401' title='bbox 569 2826 636 2876; x_wconf 80' lang='grc' dir='ltr'>ἐκ</span> <span class='ocrx_word' id='word_1_402' title='bbox 669 2822 771 2891; x_wconf 83' lang='grc' dir='ltr'>τῆς</span> <span class='ocrx_word' id='word_1_403' title='bbox 801 2822 1013 2894; x_wconf 80' lang='grc' dir='ltr'>φωνῆς,</span> <span class='ocrx_word' id='word_1_404' title='bbox 1043 2822 1143 2876; x_wconf 70' lang='grc' dir='ltr'><strong>οὐκ</strong></span> <span class='ocrx_word' id='word_1_405' title='bbox 1165 2824 1245 2886; x_wconf 84' lang='grc' dir='ltr'><strong>είς</strong></span> <span class='ocrx_word' id='word_1_406' title='bbox 1282 2823 1412 2889; x_wconf 85' lang='grc' dir='ltr'>μίαν</span> <span class='ocrx_word' id='word_1_407' title='bbox 1443 2810 1740 2883; x_wconf 73' lang='grc' dir='ltr'>ὗπόστασιν</span> <span class='ocrx_word' id='word_1_408' title='bbox 1758 2831 1857 2900; x_wconf 76' lang='grc' dir='ltr'>τὴν</span> 
     </span>
    </p>
   </div>
   <div class='ocr_carea' id='block_1_52' title="bbox 280 2913 1859 2986">
    <p class='ocr_par' dir='ltr' id='par_1_52' title="bbox 280 2913 1859 2986">
     <span class='ocr_line' id='line_1_52' title="bbox 280 2913 1859 2986; baseline 0.005 -18"><span class='ocrx_word' id='word_1_409' title='bbox 280 2916 404 2986; x_wconf 69' lang='grc' dir='ltr'>περὶ</span> <span class='ocrx_word' id='word_1_410' title='bbox 424 2914 603 2968; x_wconf 79' lang='grc' dir='ltr'>αὐτῶν</span> <span class='ocrx_word' id='word_1_411' title='bbox 637 2915 845 2968; x_wconf 78' lang='grc' dir='ltr'>ἔννοιαν</span> <span class='ocrx_word' id='word_1_412' title='bbox 873 2913 1300 2984; x_wconf 79' lang='grc' dir='ltr'>συναλείφοντες,</span> <span class='ocrx_word' id='word_1_413' title='bbox 1328 2914 1465 2969; x_wconf 84' lang='grc' dir='ltr'><strong>ἀλλά</strong></span> <span class='ocrx_word' id='word_1_414' title='bbox 1494 2917 1859 2985; x_wconf 81' lang='grc' dir='ltr'>φυλάσσοντες</span> 
     </span>
    </p>
   </div>
   <div class='ocr_carea' id='block_1_53' title="bbox 235 3004 1856 3077">
    <p class='ocr_par' dir='ltr' id='par_1_53' title="bbox 235 3004 1856 3077">
     <span class='ocr_line' id='line_1_53' title="bbox 235 3004 1856 3077; baseline 0.003 -18"><span class='ocrx_word' id='word_1_415' title='bbox 235 3006 379 3075; x_wconf 76' lang='grc' dir='ltr'><strong>(μὲν</strong></span> <span class='ocrx_word' id='word_1_416' title='bbox 404 3004 741 3077; x_wconf 70' lang='grc' dir='ltr'><strong>διῃρημένην</strong></span> <span class='ocrx_word' id='word_1_417' title='bbox 791 3005 893 3076; x_wconf 76' lang='grc' dir='ltr'>τὴν</span> <span class='ocrx_word' id='word_1_418' title='bbox 943 3004 1053 3058; x_wconf 86' lang='grc' dir='ltr'>τῶν</span> <span class='ocrx_word' id='word_1_419' title='bbox 1103 3005 1461 3061; x_wconf 82' lang='grc' dir='ltr'>ύποστὰσεων</span> <span class='ocrx_word' id='word_1_420' title='bbox 1496 3004 1773 3077; x_wconf 74' lang='grc' dir='ltr'>ἰδιότητα,’</span> <span class='ocrx_word' id='word_1_421' title='bbox 1795 3010 1856 3064; x_wconf 83' lang='grc' dir='ltr'>οὐ</span> 
     </span>
    </p>
   </div>
   <div class='ocr_carea' id='block_1_54' title="bbox 278 3096 1856 3172">
    <p class='ocr_par' dir='ltr' id='par_1_54' title="bbox 278 3096 1856 3172">
     <span class='ocr_line' id='line_1_54' title="bbox 278 3096 1856 3172; baseline 0.001 -19"><span class='ocrx_word' id='word_1_422' title='bbox 278 3097 709 3172; x_wconf 71' lang='grc' dir='ltr'>ωνδιαιροῦντες</span> <span class='ocrx_word' id='word_1_423' title='bbox 739 3097 796 3150; x_wconf 80' lang='grc' dir='ltr'>δὲ</span> <span class='ocrx_word' id='word_1_424' title='bbox 818 3098 929 3160; x_wconf 88' lang='grc' dir='ltr'>τοῖς</span> <span class='ocrx_word' id='word_1_425' title='bbox 955 3096 1268 3168; x_wconf 84' lang='grc' dir='ltr'>προσώποις</span> <span class='ocrx_word' id='word_1_426' title='bbox 1289 3096 1386 3168; x_wconf 76' lang='grc' dir='ltr'>τὴν</span> <span class='ocrx_word' id='word_1_427' title='bbox 1406 3098 1504 3169; x_wconf 83' lang='grc' dir='ltr'>τῆς</span> <span class='ocrx_word' id='word_1_428' title='bbox 1532 3099 1722 3164; x_wconf 82' lang='grc' dir='ltr'>οὐσίας</span> <span class='ocrx_word' id='word_1_429' title='bbox 1742 3102 1856 3155; x_wconf 78' lang='grc' dir='ltr'><strong>ὲνὸο</strong></span> 
     </span>
    </p>
   </div>
   <div class='ocr_carea' id='block_1_55' title="bbox 274 3187 1857 3261">
    <p class='ocr_par' dir='ltr' id='par_1_55' title="bbox 274 3187 1857 3261">
     <span class='ocr_line' id='line_1_55' title="bbox 274 3187 1857 3261; baseline 0.009 -22"><span class='ocrx_word' id='word_1_430' title='bbox 274 3204 436 3259; x_wconf 84' lang='grc' dir='ltr'>τητα,</span> <span class='ocrx_word' id='word_1_431' title='bbox 471 3188 549 3251; x_wconf 81' lang='grc' dir='ltr'>ὡς</span> <span class='ocrx_word' id='word_1_432' title='bbox 567 3188 634 3241; x_wconf 78' lang='grc' dir='ltr'>ἂν</span> <span class='ocrx_word' id='word_1_433' title='bbox 669 3187 743 3258; x_wconf 82' lang='grc' dir='ltr'><strong>μὴ</strong></span> <span class='ocrx_word' id='word_1_434' title='bbox 771 3187 865 3242; x_wconf 87' lang='grc' dir='ltr'>δύο</span> <span class='ocrx_word' id='word_1_435' title='bbox 908 3188 1195 3258; x_wconf 80' lang='grc' dir='ltr'>ἑτερογενῆ</span> <span class='ocrx_word' id='word_1_436' title='bbox 1228 3188 1531 3258; x_wconf 77' lang='grc' dir='ltr'>πράγματα</span> <span class='ocrx_word' id='word_1_437' title='bbox 1565 3190 1622 3243; x_wconf 81' lang='grc' dir='ltr'>ἐν</span> <span class='ocrx_word' id='word_1_438' title='bbox 1649 3189 1730 3260; x_wconf 77' lang='grc' dir='ltr'>τῷ</span> <span class='ocrx_word' id='word_1_439' title='bbox 1754 3191 1857 3261; x_wconf 80' lang='grc' dir='ltr'>τῆς</span> 
     </span>
    </p>
   </div>
   <div class='ocr_carea' id='block_1_56' title="bbox 273 3265 1927 3354">
    <p class='ocr_par' dir='ltr' id='par_1_56' title="bbox 273 3265 1927 3354">
     <span class='ocr_line' id='line_1_56' title="bbox 273 3265 1927 3354; baseline 0.002 -20"><span class='ocrx_word' id='word_1_440' title='bbox 273 3282 450 3353; x_wconf 76' lang='grc' dir='ltr'>ἀρχῆς</span> <span class='ocrx_word' id='word_1_441' title='bbox 480 3281 627 3351; x_wconf 81' lang='grc' dir='ltr'>λόγῳ</span> <span class='ocrx_word' id='word_1_442' title='bbox 666 3279 1118 3350; x_wconf 77' lang='grc' dir='ltr'>ύπολαμὸἀνοιτο,</span> <span class='ocrx_word' id='word_1_443' title='bbox 1158 3281 1253 3333; x_wconf 73' lang='grc' dir='ltr'><strong>καὶ</strong></span> <span class='ocrx_word' id='word_1_444' title='bbox 1291 3279 1383 3333; x_wconf 78' lang='grc' dir='ltr'><strong>διὰ</strong></span> <span class='ocrx_word' id='word_1_445' title='bbox 1417 3280 1575 3333; x_wconf 84' lang='grc' dir='ltr'>τοῦτο</span> <span class='ocrx_word' id='word_1_446' title='bbox 1624 3281 1858 3354; x_wconf 82' lang='grc' dir='ltr'>πάροδον</span> <span class='ocrx_word' id='word_1_447' title='bbox 1885 3265 1927 3324; x_wconf 87' lang='lat' dir='ltr'><strong><em>C</em></strong></span> 
     </span>
    </p>
   </div>
   <div class='ocr_carea' id='block_1_57' title="bbox 275 3371 1859 3443">
    <p class='ocr_par' dir='ltr' id='par_1_57' title="bbox 275 3371 1859 3443">
     <span class='ocr_line' id='line_1_57' title="bbox 275 3371 1859 3443; baseline 0.001 -17"><span class='ocrx_word' id='word_1_448' title='bbox 275 3372 430 3427; x_wconf 73' lang='grc' dir='ltr'>λάεοι</span> <span class='ocrx_word' id='word_1_449' title='bbox 445 3373 555 3426; x_wconf 85' lang='grc' dir='ltr'><strong>τῶν</strong></span> <span class='ocrx_word' id='word_1_450' title='bbox 594 3372 907 3443; x_wconf 70' lang='grc' dir='ltr'>Μανιχαίων</span> <span class='ocrx_word' id='word_1_451' title='bbox 935 3372 996 3425; x_wconf 85' lang='grc' dir='ltr'>τὸ</span> <span class='ocrx_word' id='word_1_452' title='bbox 1022 3371 1200 3442; x_wconf 83' lang='grc' dir='ltr'><strong>δόγμα</strong></span> <span class='ocrx_word' id='word_1_453' title='bbox 1226 3389 1240 3404; x_wconf 83' lang='grc'><em>’</em></span> <span class='ocrx_word' id='word_1_454' title='bbox 1269 3372 1331 3425; x_wconf 82' lang='grc' dir='ltr'>τὸ</span> <span class='ocrx_word' id='word_1_455' title='bbox 1355 3371 1465 3443; x_wconf 80' lang='grc' dir='ltr'>γὰρ</span> <span class='ocrx_word' id='word_1_456' title='bbox 1491 3374 1727 3440; x_wconf 83' lang='grc' dir='ltr'>κτιστὺν,</span> <span class='ocrx_word' id='word_1_457' title='bbox 1764 3376 1859 3428; x_wconf 67' lang='grc' dir='ltr'><strong>καὶ</strong></span> 
     </span>
    </p>
   </div>
   <div class='ocr_carea' id='block_1_58' title="bbox 276 3463 1862 3537">
    <p class='ocr_par' dir='ltr' id='par_1_58' title="bbox 276 3463 1862 3537">
     <span class='ocr_line' id='line_1_58' title="bbox 276 3463 1862 3537; baseline 0.002 -21"><span class='ocrx_word' id='word_1_458' title='bbox 276 3465 338 3517; x_wconf 81' lang='grc' dir='ltr'>τὸ</span> <span class='ocrx_word' id='word_1_459' title='bbox 366 3465 643 3530; x_wconf 76' lang='grc' dir='ltr'>ἄκτιστον,</span> <span class='ocrx_word' id='word_1_460' title='bbox 682 3465 748 3517; x_wconf 79' lang='grc' dir='ltr'><strong>ὲκ</strong></span> <span class='ocrx_word' id='word_1_461' title='bbox 784 3463 1074 3535; x_wconf 83' lang='grc' dir='ltr'>διαμέτρου</span> <span class='ocrx_word' id='word_1_462' title='bbox 1108 3464 1244 3536; x_wconf 83' lang='grc' dir='ltr'>πρὸς</span> <span class='ocrx_word' id='word_1_463' title='bbox 1277 3463 1482 3534; x_wconf 83' lang='grc' dir='ltr'>ἄλληλα</span> <span class='ocrx_word' id='word_1_464' title='bbox 1505 3465 1604 3537; x_wconf 82' lang='grc' dir='ltr'>τὴν</span> <span class='ocrx_word' id='word_1_465' title='bbox 1632 3466 1862 3520; x_wconf 66' lang='grc' dir='ltr'>κατὰτὸ</span> 
     </span>
    </p>
   </div>
   <div class='ocr_carea' id='block_1_59' title="bbox 282 3552 1861 3627">
    <p class='ocr_par' dir='ltr' id='par_1_59' title="bbox 282 3552 1861 3627">
     <span class='ocr_line' id='line_1_59' title="bbox 282 3552 1861 3627; baseline 0 -18"><span class='ocrx_word' id='word_1_466' title='bbox 282 3558 676 3627; x_wconf 75' lang='grc' dir='ltr'>σημαινόμενον</span> <span class='ocrx_word' id='word_1_467' title='bbox 731 3556 1045 3610; x_wconf 67' lang='grc' dir='ltr'>ἐναντίωσιν</span> <span class='ocrx_word' id='word_1_468' title='bbox 1095 3556 1229 3627; x_wconf 78' lang='grc' dir='ltr'>ἔχει.</span> <span class='ocrx_word' id='word_1_469' title='bbox 1280 3556 1342 3610; x_wconf 85' lang='lat' dir='ltr'><strong>Ei</strong></span> <span class='ocrx_word' id='word_1_470' title='bbox 1390 3552 1485 3611; x_wconf 74' lang='grc' dir='ltr'>οὖν</span> <span class='ocrx_word' id='word_1_471' title='bbox 1527 3557 1595 3611; x_wconf 81' lang='grc' dir='ltr'><strong>τὰ</strong></span> <span class='ocrx_word' id='word_1_472' title='bbox 1614 3556 1707 3610; x_wconf 79' lang='grc' dir='ltr'><strong>δύο</strong></span> <span class='ocrx_word' id='word_1_473' title='bbox 1742 3559 1861 3620; x_wconf 82' lang='grc' dir='ltr'>ταῖς</span> 
     </span>
    </p>
   </div>
   <div class='ocr_carea' id='block_1_60' title="bbox 280 3645 1860 3719">
    <p class='ocr_par' dir='ltr' id='par_1_60' title="bbox 280 3645 1860 3719">
     <span class='ocr_line' id='line_1_60' title="bbox 280 3645 1860 3719; baseline 0.001 -20"><span class='ocrx_word' id='word_1_474' title='bbox 280 3648 473 3717; x_wconf 73' lang='grc' dir='ltr'>ἀρχαῖς</span> <span class='ocrx_word' id='word_1_475' title='bbox 503 3645 749 3716; x_wconf 80' lang='grc' dir='ltr'>ταχθείη,</span> <span class='ocrx_word' id='word_1_476' title='bbox 771 3646 912 3701; x_wconf 84' lang='grc' dir='ltr'><strong>κατὰ</strong></span> <span class='ocrx_word' id='word_1_477' title='bbox 934 3646 994 3701; x_wconf 77' lang='grc' dir='ltr'>τὸ</span> <span class='ocrx_word' id='word_1_478' title='bbox 1019 3646 1240 3716; x_wconf 78' lang='grc' dir='ltr'><strong>λεληθὸς</strong></span> <span class='ocrx_word' id='word_1_479' title='bbox 1276 3648 1407 3717; x_wconf 79' lang='grc' dir='ltr'>ἡμῖν</span> <span class='ocrx_word' id='word_1_480' title='bbox 1430 3649 1460 3701; x_wconf 80' lang='grc' dir='ltr'>ὁ</span> <span class='ocrx_word' id='word_1_481' title='bbox 1485 3646 1860 3719; x_wconf 81' lang='grc' dir='ltr'>Μανιχαῖσμὺς</span> 
     </span>
    </p>
   </div>
   <div class='ocr_carea' id='block_1_61' title="bbox 285 3736 1863 3808">
    <p class='ocr_par' dir='ltr' id='par_1_61' title="bbox 285 3736 1863 3808">
     <span class='ocr_line' id='line_1_61' title="bbox 285 3736 1863 3808; baseline 0 -17"><span class='ocrx_word' id='word_1_482' title='bbox 285 3740 364 3801; x_wconf 80' lang='grc' dir='ltr'><strong>είς</strong></span> <span class='ocrx_word' id='word_1_483' title='bbox 393 3739 487 3808; x_wconf 74' lang='grc' dir='ltr'>τὴν</span> <span class='ocrx_word' id='word_1_484' title='bbox 537 3737 867 3808; x_wconf 74' lang='grc' dir='ltr'>Ἐκκλησίαν</span> <span class='ocrx_word' id='word_1_485' title='bbox 902 3736 998 3790; x_wconf 79' lang='grc' dir='ltr'><strong>τοῦ</strong></span> <span class='ocrx_word' id='word_1_486' title='bbox 1042 3736 1179 3790; x_wconf 70' lang='grc' dir='ltr'><strong>9εοῦ</strong></span> <span class='ocrx_word' id='word_1_487' title='bbox 1224 3736 1675 3808; x_wconf 81' lang='grc' dir='ltr'>είσφθαρήσεται.</span> <span class='ocrx_word' id='word_1_488' title='bbox 1704 3737 1863 3806; x_wconf 77' lang='grc' dir='ltr'>Λέγω</span> 
     </span>
    </p>
   </div>
   <div class='ocr_carea' id='block_1_62' title="bbox 286 3823 1861 3901">
    <p class='ocr_par' dir='ltr' id='par_1_62' title="bbox 286 3823 1861 3901">
     <span class='ocr_line' id='line_1_62' title="bbox 286 3823 1861 3901; baseline -0.002 -20"><span class='ocrx_word' id='word_1_489' title='bbox 286 3829 344 3882; x_wconf 72' lang='grc' dir='ltr'><strong>δὲ</strong></span> <span class='ocrx_word' id='word_1_490' title='bbox 372 3828 561 3893; x_wconf 83' lang='grc' dir='ltr'>ταῦτα,</span> <span class='ocrx_word' id='word_1_491' title='bbox 600 3826 753 3901; x_wconf 78' lang='grc' dir='ltr'><strong>ζήλῳ</strong></span> <span class='ocrx_word' id='word_1_492' title='bbox 788 3827 900 3882; x_wconf 85' lang='grc' dir='ltr'><strong>τῶν</strong></span> <span class='ocrx_word' id='word_1_493' title='bbox 926 3827 1186 3881; x_wconf 74' lang='grc' dir='ltr'>ἐναντίων</span> <span class='ocrx_word' id='word_1_494' title='bbox 1218 3827 1638 3899; x_wconf 83' lang='grc' dir='ltr'>περιεργότερον</span> <span class='ocrx_word' id='word_1_495' title='bbox 1667 3823 1861 3890; x_wconf 80' lang='grc' dir='ltr'>κατεξ-</span> 
     </span>
    </p>
   </div>
   <div class='ocr_carea' id='block_1_63' title="bbox 288 3916 1862 3998">
    <p class='ocr_par' dir='ltr' id='par_1_63' title="bbox 288 3916 1862 3998">
     <span class='ocr_line' id='line_1_63' title="bbox 288 3916 1862 3998; baseline -0.001 -27"><span class='ocrx_word' id='word_1_496' title='bbox 288 3922 489 3985; x_wconf 76' lang='grc' dir='ltr'>ετάζων</span> <span class='ocrx_word' id='word_1_497' title='bbox 517 3922 611 3975; x_wconf 77' lang='grc' dir='ltr'>τὸν</span> <span class='ocrx_word' id='word_1_498' title='bbox 650 3920 831 3989; x_wconf 83' lang='grc' dir='ltr'>λόγον.</span> <span class='ocrx_word' id='word_1_499' title='bbox 860 3920 973 3973; x_wconf 76' lang='grc' dir='ltr'><strong>Καὶ</strong></span> <span class='ocrx_word' id='word_1_500' title='bbox 1021 3918 1195 3983; x_wconf 74' lang='grc' dir='ltr'>οὐδεὶς</span> <span class='ocrx_word' id='word_1_501' title='bbox 1229 3917 1304 3998; x_wconf 53' lang='grc' dir='ltr'><strong>ἂν.</strong></span> <span class='ocrx_word' id='word_1_502' title='bbox 1334 3918 1466 3983; x_wconf 73' lang='grc' dir='ltr'>ἴσως</span> <span class='ocrx_word' id='word_1_503' title='bbox 1483 3917 1748 3981; x_wconf 75' lang='grc' dir='ltr'>ἀντείποι,</span> <span class='ocrx_word' id='word_1_504' title='bbox 1788 3916 1862 3987; x_wconf 86' lang='grc' dir='ltr'><strong>μὴ</strong></span> 
     </span>
    </p>
   </div>
   <div class='ocr_carea' id='block_1_64' title="bbox 288 4008 1865 4082">
    <p class='ocr_par' dir='ltr' id='par_1_64' title="bbox 288 4008 1865 4082">
     <span class='ocr_line' id='line_1_64' title="bbox 288 4008 1865 4082; baseline -0.002 -18"><span class='ocrx_word' id='word_1_505' title='bbox 288 4014 450 4081; x_wconf 68' lang='grc' dir='ltr'>ἔγγὺς</span> <span class='ocrx_word' id='word_1_506' title='bbox 475 4013 565 4067; x_wconf 80' lang='grc' dir='ltr'>τοῦ</span> <span class='ocrx_word' id='word_1_507' title='bbox 586 4012 797 4076; x_wconf 74' lang='grc' dir='ltr'>εἰκότος</span> <span class='ocrx_word' id='word_1_508' title='bbox 818 4012 917 4081; x_wconf 79' lang='grc' dir='ltr'>τὴν</span> <span class='ocrx_word' id='word_1_509' title='bbox 942 4010 1175 4081; x_wconf 80' lang='grc' dir='ltr'>Θεωρίαν</span> <span class='ocrx_word' id='word_1_510' title='bbox 1203 4008 1576 4082; x_wconf 77' lang='grc' dir='ltr'>προάγεσθαι·</span> <span class='ocrx_word' id='word_1_511' title='bbox 1604 4008 1687 4063; x_wconf 81' lang='grc' dir='ltr'>ὅτι</span> <span class='ocrx_word' id='word_1_512' title='bbox 1712 4008 1865 4062; x_wconf 88' lang='grc' dir='ltr'>δυνα-</span> 
     </span>
    </p>
   </div>
   <div class='ocr_carea' id='block_1_65' title="bbox 286 4098 1864 4173">
    <p class='ocr_par' dir='ltr' id='par_1_65' title="bbox 286 4098 1864 4173">
     <span class='ocr_line' id='line_1_65' title="bbox 286 4098 1864 4173; baseline -0.003 -15"><span class='ocrx_word' id='word_1_513' title='bbox 286 4104 389 4158; x_wconf 79' lang='grc' dir='ltr'>τοῦ</span> <span class='ocrx_word' id='word_1_514' title='bbox 404 4106 546 4169; x_wconf 61' lang='lat' dir='ltr'><strong>bno;</strong></span> <span class='ocrx_word' id='word_1_515' title='bbox 578 4102 675 4160; x_wconf 81' lang='grc' dir='ltr'>τοῦ</span> <span class='ocrx_word' id='word_1_516' title='bbox 706 4102 925 4157; x_wconf 78' lang='grc' dir='ltr'>κτιστοῦ</span> <span class='ocrx_word' id='word_1_517' title='bbox 946 4102 1087 4156; x_wconf 84' lang='grc' dir='ltr'>κατά</span> <span class='ocrx_word' id='word_1_518' title='bbox 1104 4103 1167 4156; x_wconf 78' lang='grc' dir='ltr'>τὸ</span> <span class='ocrx_word' id='word_1_519' title='bbox 1188 4098 1307 4155; x_wconf 74' lang='grc' dir='ltr'>ἴσον</span> <span class='ocrx_word' id='word_1_520' title='bbox 1326 4101 1404 4173; x_wconf 83' lang='grc' dir='ltr'>τῷ</span> <span class='ocrx_word' id='word_1_521' title='bbox 1424 4101 1686 4171; x_wconf 79' lang='grc' dir='ltr'>ἀκτίστῳ,</span> <span class='ocrx_word' id='word_1_522' title='bbox 1713 4102 1864 4155; x_wconf 86' lang='grc' dir='ltr'>ἀντι-</span> 
     </span>
    </p>
   </div>
   <div class='ocr_carea' id='block_1_66' title="bbox 290 4191 1865 4270">
    <p class='ocr_par' dir='ltr' id='par_1_66' title="bbox 290 4191 1865 4270">
     <span class='ocr_line' id='line_1_66' title="bbox 290 4191 1865 4270; baseline -0.006 -16"><span class='ocrx_word' id='word_1_523' title='bbox 290 4200 538 4270; x_wconf 72' lang='grc' dir='ltr'>στήσεται</span> <span class='ocrx_word' id='word_1_524' title='bbox 563 4215 682 4261; x_wconf 82' lang='grc' dir='ltr'><strong>πως</strong></span> <span class='ocrx_word' id='word_1_525' title='bbox 704 4198 764 4250; x_wconf 76' lang='grc' dir='ltr'>τὸ</span> <span class='ocrx_word' id='word_1_526' title='bbox 790 4196 1175 4268; x_wconf 80' lang='grc' dir='ltr'>ὲτερογενὲςτῇ</span> <span class='ocrx_word' id='word_1_527' title='bbox 1209 4193 1367 4264; x_wconf 82' lang='grc' dir='ltr'>φύσει</span> <span class='ocrx_word' id='word_1_528' title='bbox 1393 4193 1471 4263; x_wconf 82' lang='grc' dir='ltr'><strong>τῷ</strong></span> <span class='ocrx_word' id='word_1_529' title='bbox 1502 4193 1577 4264; x_wconf 83' lang='grc' dir='ltr'><strong>μὴ</strong></span> <span class='ocrx_word' id='word_1_530' title='bbox 1604 4191 1865 4256; x_wconf 83' lang='grc' dir='ltr'>ὡσαύτως</span> 
     </span>
    </p>
   </div>
   <div class='ocr_carea' id='block_1_67' title="bbox 288 4286 1865 4362">
    <p class='ocr_par' dir='ltr' id='par_1_67' title="bbox 288 4286 1865 4362">
     <span class='ocr_line' id='line_1_67' title="bbox 288 4286 1865 4362; baseline -0.004 -18"><span class='ocrx_word' id='word_1_531' title='bbox 288 4291 479 4362; x_wconf 80' lang='grc' dir='ltr'>εχοντι.</span> <span class='ocrx_word' id='word_1_532' title='bbox 501 4292 612 4346; x_wconf 73' lang='lat' dir='ltr'><strong>Kal</strong></span> <span class='ocrx_word' id='word_1_533' title='bbox 631 4291 739 4352; x_wconf 72' lang='grc' dir='ltr'>ἕως</span> <span class='ocrx_word' id='word_1_534' title='bbox 770 4289 835 4343; x_wconf 77' lang='grc' dir='ltr'>ἂν</span> <span class='ocrx_word' id='word_1_535' title='bbox 869 4288 1153 4360; x_wconf 83' lang='grc' dir='ltr'>μηθετέρῳ</span> <span class='ocrx_word' id='word_1_536' title='bbox 1180 4286 1361 4341; x_wconf 77' lang='grc' dir='ltr'>αὐτῶν</span> <span class='ocrx_word' id='word_1_537' title='bbox 1388 4286 1615 4359; x_wconf 66' lang='grc' dir='ltr'>ἐπιλίπῃ</span> <span class='ocrx_word' id='word_1_538' title='bbox 1647 4286 1865 4358; x_wconf 79' lang='grc' dir='ltr'>ἡδύνα-</span> 
     </span>
    </p>
   </div>
   <div class='ocr_carea' id='block_1_68' title="bbox 292 4379 1867 4457">
    <p class='ocr_par' dir='ltr' id='par_1_68' title="bbox 292 4379 1867 4457">
     <span class='ocr_line' id='line_1_68' title="bbox 292 4379 1867 4457; baseline -0.005 -16"><span class='ocrx_word' id='word_1_539' title='bbox 292 4404 405 4457; x_wconf 81' lang='grc' dir='ltr'>μις,</span> <span class='ocrx_word' id='word_1_540' title='bbox 450 4389 529 4452; x_wconf 79' lang='grc' dir='ltr'>εἰς</span> <span class='ocrx_word' id='word_1_541' title='bbox 575 4383 907 4455; x_wconf 74' lang='grc' dir='ltr'>ἀσύμφωνον</span> <span class='ocrx_word' id='word_1_542' title='bbox 930 4400 1052 4436; x_wconf 89' lang='grc' dir='ltr'>τινα</span> <span class='ocrx_word' id='word_1_543' title='bbox 1076 4383 1267 4437; x_wconf 79' lang='grc' dir='ltr'>στάσιν</span> <span class='ocrx_word' id='word_1_544' title='bbox 1305 4382 1441 4452; x_wconf 80' lang='grc' dir='ltr'>πρὸς</span> <span class='ocrx_word' id='word_1_545' title='bbox 1460 4380 1666 4451; x_wconf 75' lang='grc' dir='ltr'>ἄλληλα</span> <span class='ocrx_word' id='word_1_546' title='bbox 1687 4379 1755 4433; x_wconf 81' lang='grc' dir='ltr'>τὰ</span> <span class='ocrx_word' id='word_1_547' title='bbox 1774 4379 1867 4433; x_wconf 86' lang='grc' dir='ltr'><strong>δύο</strong></span> 
     </span>
    </p>
   </div>
   <div class='ocr_carea' id='block_1_69' title="bbox 287 4466 1864 4551">
    <p class='ocr_par' dir='ltr' id='par_1_69' title="bbox 287 4466 1864 4551">
     <span class='ocr_line' id='line_1_69' title="bbox 287 4466 1864 4551; baseline -0.005 -20"><span class='ocrx_word' id='word_1_548' title='bbox 287 4479 708 4551; x_wconf 76' lang='grc' dir='ltr'>διενεχθήσεται.</span> <span class='ocrx_word' id='word_1_549' title='bbox 756 4476 914 4529; x_wconf 77' lang='grc' dir='ltr'>Πᾶσα</span> <span class='ocrx_word' id='word_1_550' title='bbox 945 4473 1055 4544; x_wconf 81' lang='grc' dir='ltr'><strong>γὰρ</strong></span> <span class='ocrx_word' id='word_1_551' title='bbox 1084 4473 1298 4543; x_wconf 81' lang='grc' dir='ltr'>ἀνάγκη</span> <span class='ocrx_word' id='word_1_552' title='bbox 1332 4471 1666 4542; x_wconf 82' lang='grc' dir='ltr'>κατάλληλον</span> <span class='ocrx_word' id='word_1_553' title='bbox 1702 4466 1864 4534; x_wconf 72' lang='grc' dir='ltr'>εἶναι,</span> 
     </span>
    </p>
   </div>
   <div class='ocr_carea' id='block_1_70' title="bbox 2027 2550 3655 2628">
    <p class='ocr_par' dir='ltr' id='par_1_70' title="bbox 2027 2550 3655 2628">
     <span class='ocr_line' id='line_1_70' title="bbox 2027 2550 3655 2628; baseline -0.006 -16"><span class='ocrx_word' id='word_1_554' title='bbox 2027 2555 2163 2612; x_wconf 89' lang='lat' dir='ltr'><strong>Cum</strong></span> <span class='ocrx_word' id='word_1_555' title='bbox 2198 2555 2364 2628; x_wconf 87' lang='lat' dir='ltr'><strong>igitur-</strong></span> <span class='ocrx_word' id='word_1_556' title='bbox 2402 2556 2658 2610; x_wconf 82' lang='lat' dir='ltr'><strong>audimus</strong></span> <span class='ocrx_word' id='word_1_557' title='bbox 2703 2553 2868 2609; x_wconf 81' lang='lat' dir='ltr'><strong>illud:</strong></span> <span class='ocrx_word' id='word_1_558' title='bbox 2922 2551 3041 2622; x_wconf 79' lang='lat' dir='ltr'><strong>Ego</strong></span> <span class='ocrx_word' id='word_1_559' title='bbox 3082 2562 3132 2606; x_wconf 81' lang='lat' dir='ltr'><strong>et</strong></span> <span class='ocrx_word' id='word_1_560' title='bbox 3165 2550 3332 2604; x_wconf 74' lang='lat' dir='ltr'><strong>Pater</strong></span> <span class='ocrx_word' id='word_1_561' title='bbox 3378 2565 3538 2603; x_wconf 79' lang='lat' dir='ltr'><strong>unum</strong></span> <span class='ocrx_word' id='word_1_562' title='bbox 3592 2570 3655 2620; x_wconf 43' lang='grc' dir='ltr'>ἐς</span> 
     </span>
    </p>
   </div>
   <div class='ocr_carea' id='block_1_71' title="bbox 1957 2642 3541 2716">
    <p class='ocr_par' dir='ltr' id='par_1_71' title="bbox 1957 2642 3541 2716">
     <span class='ocr_line' id='line_1_71' title="bbox 1957 2642 3541 2716; baseline -0.003 -13"><span class='ocrx_word' id='word_1_563' title='bbox 1957 2661 2176 2704; x_wconf 76' lang='lat' dir='ltr'><strong>sumus:</strong></span> <span class='ocrx_word' id='word_1_564' title='bbox 2236 2656 2290 2702; x_wconf 88' lang='lat' dir='ltr'><strong>et</strong></span> <span class='ocrx_word' id='word_1_565' title='bbox 2334 2645 2533 2702; x_wconf 84' lang='lat' dir='ltr'><strong>Filium</strong></span> <span class='ocrx_word' id='word_1_566' title='bbox 2582 2660 2612 2699; x_wconf 88' lang='lat' dir='ltr'><strong>a</strong></span> <span class='ocrx_word' id='word_1_567' title='bbox 2654 2644 2927 2716; x_wconf 81' lang='lat' dir='ltr'><strong>principio</strong></span> <span class='ocrx_word' id='word_1_568' title='bbox 2972 2658 3118 2708; x_wconf 89' lang='lat' dir='ltr'><strong>esse,</strong></span> <span class='ocrx_word' id='word_1_569' title='bbox 3173 2650 3229 2698; x_wconf 85' lang='lat' dir='ltr'><strong>et</strong></span> <span class='ocrx_word' id='word_1_570' title='bbox 3268 2642 3447 2698; x_wconf 81' lang='lat' dir='ltr'><strong>Patris</strong></span> <span class='ocrx_word' id='word_1_571' title='bbox 3485 2649 3541 2698; x_wconf 86' lang='lat' dir='ltr'><strong>et</strong></span> 
     </span>
    </p>
   </div>
   <div class='ocr_carea' id='block_1_72' title="bbox 1957 2734 3539 2804">
    <p class='ocr_par' dir='ltr' id='par_1_72' title="bbox 1957 2734 3539 2804">
     <span class='ocr_line' id='line_1_72' title="bbox 1957 2734 3539 2804; baseline -0.004 -11"><span class='ocrx_word' id='word_1_572' title='bbox 1957 2738 2081 2794; x_wconf 87' lang='lat' dir='ltr'><strong>Filii</strong></span> <span class='ocrx_word' id='word_1_573' title='bbox 2113 2739 2493 2796; x_wconf 83' lang='lat' dir='ltr'><strong>invariabilem</strong></span> <span class='ocrx_word' id='word_1_574' title='bbox 2532 2738 2587 2793; x_wconf 92' lang='lat' dir='ltr'><strong>in</strong></span> <span class='ocrx_word' id='word_1_575' title='bbox 2614 2744 2812 2791; x_wconf 89' lang='lat' dir='ltr'><strong>natura</strong></span> <span class='ocrx_word' id='word_1_576' title='bbox 2837 2735 3101 2791; x_wconf 85' lang='lat' dir='ltr'><strong>unitatem</strong></span> <span class='ocrx_word' id='word_1_577' title='bbox 3126 2734 3539 2804; x_wconf 72' lang='lat' dir='ltr'><strong>cognoscimus,</strong></span> 
     </span>
    </p>
   </div>
   <div class='ocr_carea' id='block_1_73' title="bbox 1959 2822 3540 2902">
    <p class='ocr_par' dir='ltr' id='par_1_73' title="bbox 1959 2822 3540 2902">
     <span class='ocr_line' id='line_1_73' title="bbox 1959 2822 3540 2902; baseline -0.004 -17"><span class='ocrx_word' id='word_1_578' title='bbox 1959 2846 2070 2886; x_wconf 89' lang='lat' dir='ltr'><strong>non</strong></span> <span class='ocrx_word' id='word_1_579' title='bbox 2099 2830 2247 2902; x_wconf 89' lang='lat' dir='ltr'><strong>quod</strong></span> <span class='ocrx_word' id='word_1_580' title='bbox 2288 2830 2347 2884; x_wconf 87' lang='lat' dir='ltr'><strong>in</strong></span> <span class='ocrx_word' id='word_1_581' title='bbox 2389 2843 2554 2884; x_wconf 83' lang='lat' dir='ltr'><strong>unam</strong></span> <span class='ocrx_word' id='word_1_582' title='bbox 2593 2825 2917 2899; x_wconf 83' lang='lat' dir='ltr'><strong>bypostasin</strong></span> <span class='ocrx_word' id='word_1_583' title='bbox 2947 2824 3072 2879; x_wconf 91' lang='lat' dir='ltr'><strong>illos</strong></span> <span class='ocrx_word' id='word_1_584' title='bbox 3117 2822 3540 2886; x_wconf 71' lang='lat' dir='ltr'><strong>contrahemus,</strong></span> 
     </span>
    </p>
   </div>
   <div class='ocr_carea' id='block_1_74' title="bbox 1964 2913 3542 2992">
    <p class='ocr_par' dir='ltr' id='par_1_74' title="bbox 1964 2913 3542 2992">
     <span class='ocr_line' id='line_1_74' title="bbox 1964 2913 3542 2992; baseline -0.005 -16"><span class='ocrx_word' id='word_1_585' title='bbox 1964 2921 2061 2977; x_wconf 88' lang='lat' dir='ltr'><strong>sed</strong></span> <span class='ocrx_word' id='word_1_586' title='bbox 2109 2920 2239 2992; x_wconf 87' lang='lat' dir='ltr'><strong>quia</strong></span> <span class='ocrx_word' id='word_1_587' title='bbox 2278 2929 2519 2975; x_wconf 80' lang='lat' dir='ltr'><strong>servata‘</strong></span> <span class='ocrx_word' id='word_1_588' title='bbox 2548 2916 2725 2973; x_wconf 89' lang='lat' dir='ltr'><strong>divisa</strong></span> <span class='ocrx_word' id='word_1_589' title='bbox 2774 2926 3135 2986; x_wconf 75' lang='lat' dir='ltr'><strong>personarum</strong></span> <span class='ocrx_word' id='word_1_590' title='bbox 3184 2913 3542 2986; x_wconf 81' lang='lat' dir='ltr'><strong>proprietate,</strong></span> 
     </span>
    </p>
   </div>
   <div class='ocr_carea' id='block_1_75' title="bbox 1962 3005 3541 3082">
    <p class='ocr_par' dir='ltr' id='par_1_75' title="bbox 1962 3005 3541 3082">
     <span class='ocr_line' id='line_1_75' title="bbox 1962 3005 3541 3082; baseline -0.004 -16"><span class='ocrx_word' id='word_1_591' title='bbox 1962 3027 2089 3067; x_wconf 89' lang='lat' dir='ltr'><strong>cum</strong></span> <span class='ocrx_word' id='word_1_592' title='bbox 2140 3011 2391 3082; x_wconf 86' lang='lat' dir='ltr'><strong>personis</strong></span> <span class='ocrx_word' id='word_1_593' title='bbox 2438 3008 2705 3064; x_wconf 89' lang='lat' dir='ltr'><strong>unitatem</strong></span> <span class='ocrx_word' id='word_1_594' title='bbox 2754 3006 3015 3063; x_wconf 66' lang='lat' dir='ltr'><strong>essentia</strong></span> <span class='ocrx_word' id='word_1_595' title='bbox 3059 3020 3170 3061; x_wconf 78' lang='lat' dir='ltr'><strong>non</strong></span> <span class='ocrx_word' id='word_1_596' title='bbox 3222 3005 3541 3073; x_wconf 87' lang='lat' dir='ltr'><strong>dividimus,</strong></span> 
     </span>
    </p>
   </div>
   <div class='ocr_carea' id='block_1_76' title="bbox 1963 3097 3543 3174">
    <p class='ocr_par' dir='ltr' id='par_1_76' title="bbox 1963 3097 3543 3174">
     <span class='ocr_line' id='line_1_76' title="bbox 1963 3097 3543 3174; baseline -0.004 -16"><span class='ocrx_word' id='word_1_597' title='bbox 1963 3119 2032 3159; x_wconf 92' lang='lat' dir='ltr'><strong>ne</strong></span> <span class='ocrx_word' id='word_1_598' title='bbox 2059 3103 2187 3174; x_wconf 89' lang='lat' dir='ltr'><strong>quis</strong></span> <span class='ocrx_word' id='word_1_599' title='bbox 2212 3102 2414 3159; x_wconf 87' lang='lat' dir='ltr'><strong>diversi</strong></span> <span class='ocrx_word' id='word_1_600' title='bbox 2444 3102 2661 3173; x_wconf 80' lang='lat' dir='ltr'><strong>generis</strong></span> <span class='ocrx_word' id='word_1_601' title='bbox 2686 3100 2828 3156; x_wconf 88' lang='lat' dir='ltr'><strong>duas</strong></span> <span class='ocrx_word' id='word_1_602' title='bbox 2858 3114 2947 3156; x_wconf 88' lang='lat' dir='ltr'><strong>res</strong></span> <span class='ocrx_word' id='word_1_603' title='bbox 2985 3113 3086 3170; x_wconf 81' lang='lat' dir='ltr'><strong>pro</strong></span> <span class='ocrx_word' id='word_1_604' title='bbox 3113 3097 3399 3169; x_wconf 81' lang='lat' dir='ltr'><strong>principiis</strong></span> <span class='ocrx_word' id='word_1_605' title='bbox 3420 3110 3543 3152; x_wconf 87' lang='lat' dir='ltr'><strong>con-</strong></span> 
     </span>
    </p>
   </div>
   <div class='ocr_carea' id='block_1_77' title="bbox 1963 3190 3543 3265">
    <p class='ocr_par' dir='ltr' id='par_1_77' title="bbox 1963 3190 3543 3265">
     <span class='ocr_line' id='line_1_77' title="bbox 1963 3190 3543 3265; baseline -0.006 -14"><span class='ocrx_word' id='word_1_606' title='bbox 1963 3197 2179 3265; x_wconf 86' lang='lat' dir='ltr'><strong>stituat,</strong></span> <span class='ocrx_word' id='word_1_607' title='bbox 2213 3204 2266 3252; x_wconf 88' lang='lat' dir='ltr'><strong>et</strong></span> <span class='ocrx_word' id='word_1_608' title='bbox 2294 3197 2370 3250; x_wconf 87' lang='lat' dir='ltr'><strong>ita</strong></span> <span class='ocrx_word' id='word_1_609' title='bbox 2413 3194 2842 3249; x_wconf 71' lang='lat' dir='ltr'><strong>Manicbmorum</strong></span> <span class='ocrx_word' id='word_1_610' title='bbox 2877 3200 3041 3249; x_wconf 68' lang='lat' dir='ltr'><strong>serta:</strong></span> <span class='ocrx_word' id='word_1_611' title='bbox 3087 3190 3383 3246; x_wconf 79' lang='lat' dir='ltr'><strong>fenestram</strong></span> <span class='ocrx_word' id='word_1_612' title='bbox 3419 3203 3543 3260; x_wconf 85' lang='lat' dir='ltr'><strong>ape-</strong></span> 
     </span>
    </p>
   </div>
   <div class='ocr_carea' id='block_1_78' title="bbox 1959 3279 3544 3343">
    <p class='ocr_par' dir='ltr' id='par_1_78' title="bbox 1959 3279 3544 3343">
     <span class='ocr_line' id='line_1_78' title="bbox 1959 3279 3544 3343; baseline -0.005 -1"><span class='ocrx_word' id='word_1_613' title='bbox 1959 3287 2105 3343; x_wconf 89' lang='lat' dir='ltr'><strong>riat:</strong></span> <span class='ocrx_word' id='word_1_614' title='bbox 2171 3302 2300 3342; x_wconf 90' lang='lat' dir='ltr'><strong>nam</strong></span> <span class='ocrx_word' id='word_1_615' title='bbox 2336 3293 2580 3341; x_wconf 89' lang='lat' dir='ltr'><strong>creatum</strong></span> <span class='ocrx_word' id='word_1_616' title='bbox 2628 3291 2683 3339; x_wconf 92' lang='lat' dir='ltr'><strong>et</strong></span> <span class='ocrx_word' id='word_1_617' title='bbox 2711 3284 3016 3338; x_wconf 82' lang='lat' dir='ltr'><strong>inereatum</strong></span> <span class='ocrx_word' id='word_1_618' title='bbox 3048 3296 3113 3336; x_wconf 76' lang='lat' dir='ltr'><strong>ex</strong></span> <span class='ocrx_word' id='word_1_619' title='bbox 3153 3279 3426 3336; x_wconf 84' lang='lat' dir='ltr'><strong>diametro</strong></span> <span class='ocrx_word' id='word_1_620' title='bbox 3453 3292 3544 3334; x_wconf 87' lang='lat' dir='ltr'><strong>se-</strong></span> 
     </span>
    </p>
   </div>
   <div class='ocr_carea' id='block_1_79' title="bbox 1958 3371 3541 3447">
    <p class='ocr_par' dir='ltr' id='par_1_79' title="bbox 1958 3371 3541 3447">
     <span class='ocr_line' id='line_1_79' title="bbox 1958 3371 3541 3447; baseline -0.006 -14"><span class='ocrx_word' id='word_1_621' title='bbox 1958 3377 2203 3433; x_wconf 89' lang='lat' dir='ltr'><strong>cundum</strong></span> <span class='ocrx_word' id='word_1_622' title='bbox 2261 3375 2716 3447; x_wconf 81' lang='lat' dir='ltr'><strong>signiﬁcationem</strong></span> <span class='ocrx_word' id='word_1_623' title='bbox 2772 3374 2877 3430; x_wconf 88' lang='lat' dir='ltr'><strong>sibi</strong></span> <span class='ocrx_word' id='word_1_624' title='bbox 2927 3371 3161 3426; x_wconf 86' lang='lat' dir='ltr'><strong>invicem</strong></span> <span class='ocrx_word' id='word_1_625' title='bbox 3215 3376 3541 3441; x_wconf 72' lang='lat' dir='ltr'><strong>repugnant.</strong></span> 
     </span>
    </p>
   </div>
   <div class='ocr_carea' id='block_1_80' title="bbox 1959 3461 3544 3545">
    <p class='ocr_par' dir='ltr' id='par_1_80' title="bbox 1959 3461 3544 3545">
     <span class='ocr_line' id='line_1_80' title="bbox 1959 3461 3544 3545; baseline -0.007 -20"><span class='ocrx_word' id='word_1_626' title='bbox 1959 3469 2016 3545; x_wconf 87' lang='lat' dir='ltr'><strong>Si</strong></span> <span class='ocrx_word' id='word_1_627' title='bbox 2063 3470 2231 3541; x_wconf 89' lang='lat' dir='ltr'><strong>igitur</strong></span> <span class='ocrx_word' id='word_1_628' title='bbox 2259 3468 2372 3523; x_wconf 91' lang='lat' dir='ltr'><strong>duo</strong></span> <span class='ocrx_word' id='word_1_629' title='bbox 2407 3466 2460 3521; x_wconf 90' lang='lat' dir='ltr'><strong>in</strong></span> <span class='ocrx_word' id='word_1_630' title='bbox 2493 3464 2781 3537; x_wconf 87' lang='lat' dir='ltr'><strong>principiis</strong></span> <span class='ocrx_word' id='word_1_631' title='bbox 2830 3469 3209 3529; x_wconf 80' lang='lat' dir='ltr'><strong>numerentur,</strong></span> <span class='ocrx_word' id='word_1_632' title='bbox 3252 3461 3457 3518; x_wconf 83' lang='lat' dir='ltr'><strong>sensim</strong></span> <span class='ocrx_word' id='word_1_633' title='bbox 3487 3466 3544 3516; x_wconf 84' lang='lat' dir='ltr'><strong>et</strong></span> 
     </span>
    </p>
   </div>
   <div class='ocr_carea' id='block_1_81' title="bbox 1957 3551 3545 3623">
    <p class='ocr_par' dir='ltr' id='par_1_81' title="bbox 1957 3551 3545 3623">
     <span class='ocr_line' id='line_1_81' title="bbox 1957 3551 3545 3623; baseline -0.008 -7"><span class='ocrx_word' id='word_1_634' title='bbox 1957 3562 2124 3617; x_wconf 88' lang='lat' dir='ltr'><strong>tacite</strong></span> <span class='ocrx_word' id='word_1_635' title='bbox 2158 3560 2605 3615; x_wconf 62' lang='lat' dir='ltr'><strong>Manichaismus</strong></span> <span class='ocrx_word' id='word_1_636' title='bbox 2634 3559 2687 3612; x_wconf 91' lang='lat' dir='ltr'><strong>in</strong></span> <span class='ocrx_word' id='word_1_637' title='bbox 2714 3556 3015 3611; x_wconf 85' lang='lat' dir='ltr'><strong>Ecclesiam</strong></span> <span class='ocrx_word' id='word_1_638' title='bbox 3042 3554 3261 3623; x_wconf 82' lang='lat' dir='ltr'><strong>irrepet.</strong></span> <span class='ocrx_word' id='word_1_639' title='bbox 3299 3551 3409 3608; x_wconf 86' lang='lat' dir='ltr'><strong>lsta</strong></span> <span class='ocrx_word' id='word_1_640' title='bbox 3445 3566 3545 3605; x_wconf 84' lang='lat' dir='ltr'><strong>au-</strong></span> 
     </span>
    </p>
   </div>
   <div class='ocr_carea' id='block_1_82' title="bbox 1959 3643 3545 3717">
    <p class='ocr_par' dir='ltr' id='par_1_82' title="bbox 1959 3643 3545 3717">
     <span class='ocr_line' id='line_1_82' title="bbox 1959 3643 3545 3717; baseline -0.007 -11"><span class='ocrx_word' id='word_1_641' title='bbox 1959 3662 2068 3708; x_wconf 91' lang='lat' dir='ltr'><strong>tem</strong></span> <span class='ocrx_word' id='word_1_642' title='bbox 2118 3651 2266 3717; x_wconf 85' lang='lat' dir='ltr'><strong>dico,</strong></span> <span class='ocrx_word' id='word_1_643' title='bbox 2305 3660 2361 3707; x_wconf 88' lang='lat' dir='ltr'><strong>et</strong></span> <span class='ocrx_word' id='word_1_644' title='bbox 2414 3649 2731 3704; x_wconf 83' lang='lat' dir='ltr'><strong>accuratius</strong></span> <span class='ocrx_word' id='word_1_645' title='bbox 2786 3646 3050 3700; x_wconf 73' lang='lat' dir='ltr'><strong>doctrina:</strong></span> <span class='ocrx_word' id='word_1_646' title='bbox 3115 3643 3281 3713; x_wconf 84' lang='lat' dir='ltr'><strong>hujus</strong></span> <span class='ocrx_word' id='word_1_647' title='bbox 3343 3654 3545 3696; x_wconf 75' lang='lat' dir='ltr'><strong>arcana</strong></span> 
     </span>
    </p>
   </div>
   <div class='ocr_carea' id='block_1_83' title="bbox 1960 3730 3546 3814">
    <p class='ocr_par' dir='ltr' id='par_1_83' title="bbox 1960 3730 3546 3814">
     <span class='ocr_line' id='line_1_83' title="bbox 1960 3730 3546 3814; baseline -0.007 -15"><span class='ocrx_word' id='word_1_648' title='bbox 1960 3743 2220 3811; x_wconf 88' lang='lat' dir='ltr'><strong>discutio,</strong></span> <span class='ocrx_word' id='word_1_649' title='bbox 2274 3743 2428 3814; x_wconf 86' lang='lat' dir='ltr'><strong>justo</strong></span> <span class='ocrx_word' id='word_1_650' title='bbox 2485 3742 2539 3795; x_wconf 94' lang='lat' dir='ltr'><strong>in</strong></span> <span class='ocrx_word' id='word_1_651' title='bbox 2583 3738 2935 3795; x_wconf 87' lang='lat' dir='ltr'><strong>adversarios</strong></span> <span class='ocrx_word' id='word_1_652' title='bbox 2985 3736 3104 3792; x_wconf 84' lang='lat' dir='ltr'><strong>zelo</strong></span> <span class='ocrx_word' id='word_1_653' title='bbox 3153 3734 3448 3805; x_wconf 88' lang='lat' dir='ltr'><strong>impulsus.</strong></span> <span class='ocrx_word' id='word_1_654' title='bbox 3478 3730 3546 3788; x_wconf 83' lang='lat' dir='ltr'><strong>Et</strong></span> 
     </span>
    </p>
   </div>
   <div class='ocr_carea' id='block_1_84' title="bbox 1961 3823 3544 3905">
    <p class='ocr_par' dir='ltr' id='par_1_84' title="bbox 1961 3823 3544 3905">
     <span class='ocr_line' id='line_1_84' title="bbox 1961 3823 3544 3905; baseline -0.008 -16"><span class='ocrx_word' id='word_1_655' title='bbox 1961 3835 2103 3891; x_wconf 89' lang='lat' dir='ltr'><strong>forte</strong></span> <span class='ocrx_word' id='word_1_656' title='bbox 2141 3835 2266 3905; x_wconf 91' lang='lat' dir='ltr'><strong>quis</strong></span> <span class='ocrx_word' id='word_1_657' title='bbox 2297 3832 2443 3888; x_wconf 79' lang='lat' dir='ltr'><strong>baud</strong></span> <span class='ocrx_word' id='word_1_658' title='bbox 2479 3839 2702 3902; x_wconf 86' lang='lat' dir='ltr'><strong>gravate</strong></span> <span class='ocrx_word' id='word_1_659' title='bbox 2730 3830 2993 3885; x_wconf 88' lang='lat' dir='ltr'><strong>fatebitur</strong></span> <span class='ocrx_word' id='word_1_660' title='bbox 3040 3823 3544 3881; x_wconf 87' lang='lat' dir='ltr'><strong>considerationem</strong></span> 
     </span>
    </p>
   </div>
   <div class='ocr_carea' id='block_1_85' title="bbox 1963 3913 3543 3984">
    <p class='ocr_par' dir='ltr' id='par_1_85' title="bbox 1963 3913 3543 3984">
     <span class='ocr_line' id='line_1_85' title="bbox 1963 3913 3543 3984; baseline -0.011 -2"><span class='ocrx_word' id='word_1_661' title='bbox 1963 3934 2209 3982; x_wconf 81' lang='lat' dir='ltr'><strong>nostram</strong></span> <span class='ocrx_word' id='word_1_662' title='bbox 2254 3922 2746 3980; x_wconf 82' lang='lat' dir='ltr'><strong>verisimilitudine</strong></span> <span class='ocrx_word' id='word_1_663' title='bbox 2788 3918 2934 3975; x_wconf 89' lang='lat' dir='ltr'><strong>haud</strong></span> <span class='ocrx_word' id='word_1_664' title='bbox 2963 3930 3187 3974; x_wconf 87' lang='lat' dir='ltr'><strong>carere:</strong></span> <span class='ocrx_word' id='word_1_665' title='bbox 3243 3913 3374 3984; x_wconf 86' lang='lat' dir='ltr'><strong>quia</strong></span> <span class='ocrx_word' id='word_1_666' title='bbox 3415 3925 3543 3966; x_wconf 90' lang='lat' dir='ltr'><strong>cum</strong></span> 
     </span>
    </p>
   </div>
   <div class='ocr_carea' id='block_1_86' title="bbox 1960 4004 3545 4087">
    <p class='ocr_par' dir='ltr' id='par_1_86' title="bbox 1960 4004 3545 4087">
     <span class='ocr_line' id='line_1_86' title="bbox 1960 4004 3545 4087; baseline -0.013 -11"><span class='ocrx_word' id='word_1_667' title='bbox 1960 4025 2213 4076; x_wconf 83' lang='lat' dir='ltr'><strong>creatum</strong></span> <span class='ocrx_word' id='word_1_668' title='bbox 2267 4017 2508 4087; x_wconf 88' lang='lat' dir='ltr'><strong>potentia</strong></span> <span class='ocrx_word' id='word_1_669' title='bbox 2566 4014 2765 4077; x_wconf 81' lang='lat' dir='ltr'><strong>valeat,</strong></span> <span class='ocrx_word' id='word_1_670' title='bbox 2821 4009 2996 4080; x_wconf 62' lang='lat' dir='ltr'><strong>aequis</strong></span> <span class='ocrx_word' id='word_1_671' title='bbox 3040 4006 3254 4061; x_wconf 87' lang='lat' dir='ltr'><strong>viribus</strong></span> <span class='ocrx_word' id='word_1_672' title='bbox 3302 4004 3545 4058; x_wconf 84' lang='lat' dir='ltr'><strong>increato</strong></span> 
     </span>
    </p>
   </div>
   <div class='ocr_carea' id='block_1_87' title="bbox 1960 4091 3542 4175">
    <p class='ocr_par' dir='ltr' id='par_1_87' title="bbox 1960 4091 3542 4175">
     <span class='ocr_line' id='line_1_87' title="bbox 1960 4091 3542 4175; baseline -0.013 -9"><span class='ocrx_word' id='word_1_673' title='bbox 1960 4108 2345 4172; x_wconf 85' lang='lat' dir='ltr'><strong>reluctabitur,</strong></span> <span class='ocrx_word' id='word_1_674' title='bbox 2404 4114 2666 4175; x_wconf 84' lang='lat' dir='ltr'><strong>tanquam</strong></span> <span class='ocrx_word' id='word_1_675' title='bbox 2713 4102 2992 4156; x_wconf 86' lang='lat' dir='ltr'><strong>diversum</strong></span> <span class='ocrx_word' id='word_1_676' title='bbox 3023 4104 3244 4158; x_wconf 85' lang='lat' dir='ltr'><strong>natura,</strong></span> <span class='ocrx_word' id='word_1_677' title='bbox 3291 4092 3365 4154; x_wconf 84' lang='lat' dir='ltr'><strong>ei.</strong></span> <span class='ocrx_word' id='word_1_678' title='bbox 3397 4091 3542 4162; x_wconf 88' lang='lat' dir='ltr'><strong>quod</strong></span> 
     </span>
    </p>
   </div>
   <div class='ocr_carea' id='block_1_88' title="bbox 1962 4183 3546 4259">
    <p class='ocr_par' dir='ltr' id='par_1_88' title="bbox 1962 4183 3546 4259">
     <span class='ocr_line' id='line_1_88' title="bbox 1962 4183 3546 4259; baseline -0.013 -2"><span class='ocrx_word' id='word_1_679' title='bbox 1962 4216 2150 4257; x_wconf 89' lang='lat' dir='ltr'><strong>secum</strong></span> <span class='ocrx_word' id='word_1_680' title='bbox 2175 4199 2232 4255; x_wconf 91' lang='lat' dir='ltr'><strong>in</strong></span> <span class='ocrx_word' id='word_1_681' title='bbox 2262 4205 2457 4254; x_wconf 87' lang='lat' dir='ltr'><strong>natura</strong></span> <span class='ocrx_word' id='word_1_682' title='bbox 2494 4210 2604 4251; x_wconf 91' lang='lat' dir='ltr'><strong>non</strong></span> <span class='ocrx_word' id='word_1_683' title='bbox 2629 4191 2908 4252; x_wconf 79' lang='lat' dir='ltr'><strong>convenit.</strong></span> <span class='ocrx_word' id='word_1_684' title='bbox 2928 4197 2981 4244; x_wconf 90' lang='lat' dir='ltr'><strong>et</strong></span> <span class='ocrx_word' id='word_1_685' title='bbox 3005 4200 3296 4259; x_wconf 89' lang='lat' dir='ltr'><strong>quousque</strong></span> <span class='ocrx_word' id='word_1_686' title='bbox 3324 4183 3546 4254; x_wconf 83' lang='lat' dir='ltr'><strong>utrique</strong></span> 
     </span>
    </p>
   </div>
   <div class='ocr_carea' id='block_1_89' title="bbox 1963 4274 3542 4358">
    <p class='ocr_par' dir='ltr' id='par_1_89' title="bbox 1963 4274 3542 4358">
     <span class='ocr_line' id='line_1_89' title="bbox 1963 4274 3542 4358; baseline -0.011 -12"><span class='ocrx_word' id='word_1_687' title='bbox 1963 4292 2181 4347; x_wconf 89' lang='lat' dir='ltr'><strong>illorum</strong></span> <span class='ocrx_word' id='word_1_688' title='bbox 2209 4291 2357 4345; x_wconf 82' lang='lat' dir='ltr'><strong>vires</strong></span> <span class='ocrx_word' id='word_1_689' title='bbox 2388 4292 2710 4358; x_wconf 88' lang='lat' dir='ltr'><strong>suppetunt,</strong></span> <span class='ocrx_word' id='word_1_690' title='bbox 2752 4282 2804 4336; x_wconf 92' lang='lat' dir='ltr'><strong>in</strong></span> <span class='ocrx_word' id='word_1_691' title='bbox 2849 4276 3308 4336; x_wconf 87' lang='lat' dir='ltr'><strong>irreconciliabile</strong></span> <span class='ocrx_word' id='word_1_692' title='bbox 3338 4274 3542 4331; x_wconf 87' lang='lat' dir='ltr'><strong>bellum</strong></span> 
     </span>
    </p>
   </div>
   <div class='ocr_carea' id='block_1_90' title="bbox 1965 4368 3549 4437">
    <p class='ocr_par' dir='ltr' id='par_1_90' title="bbox 1965 4368 3549 4437">
     <span class='ocr_line' id='line_1_90' title="bbox 1965 4368 3549 4437; baseline -0.009 0"><span class='ocrx_word' id='word_1_693' title='bbox 1965 4384 2076 4437; x_wconf 88' lang='lat' dir='ltr'><strong>duo</strong></span> <span class='ocrx_word' id='word_1_694' title='bbox 2128 4382 2238 4437; x_wconf 89' lang='lat' dir='ltr'><strong>ista</strong></span> <span class='ocrx_word' id='word_1_695' title='bbox 2276 4378 2541 4434; x_wconf 90' lang='lat' dir='ltr'><strong>incident.</strong></span> <span class='ocrx_word' id='word_1_696' title='bbox 2590 4372 2916 4431; x_wconf 81' lang='lat' dir='ltr'><strong>Necessario</strong></span> <span class='ocrx_word' id='word_1_697' title='bbox 2953 4372 3099 4427; x_wconf 89' lang='lat' dir='ltr'><strong>enim</strong></span> <span class='ocrx_word' id='word_1_698' title='bbox 3141 4368 3421 4427; x_wconf 86' lang='lat' dir='ltr'><strong>fatendum</strong></span> <span class='ocrx_word' id='word_1_699' title='bbox 3462 4374 3549 4424; x_wconf 86' lang='lat' dir='ltr'><strong>est</strong></span> 
     </span>
    </p>
   </div>
   <div class='ocr_carea' id='block_1_91' title="bbox 1966 4462 3549 4527">
    <p class='ocr_par' dir='ltr' id='par_1_91' title="bbox 1966 4462 3549 4527">
     <span class='ocr_line' id='line_1_91' title="bbox 1966 4462 3549 4527; baseline -0.008 0"><span class='ocrx_word' id='word_1_700' title='bbox 1966 4473 2302 4527; x_wconf 89' lang='lat' dir='ltr'><strong>voluntatem</strong></span> <span class='ocrx_word' id='word_1_701' title='bbox 2361 4476 2787 4524; x_wconf 88' lang='lat' dir='ltr'><strong>consentaneam</strong></span> <span class='ocrx_word' id='word_1_702' title='bbox 2838 4473 2894 4521; x_wconf 90' lang='lat' dir='ltr'><strong>et</strong></span> <span class='ocrx_word' id='word_1_703' title='bbox 2938 4462 3276 4520; x_wconf 78' lang='lat' dir='ltr'><strong>conformem</strong></span> <span class='ocrx_word' id='word_1_704' title='bbox 3333 4466 3549 4517; x_wconf 70' lang='lat' dir='ltr'><strong>natura:</strong></span> 
     </span>
    </p>
   </div>
   <div class='ocr_carea' id='block_1_92' title="bbox 290 4548 1861 4661">
    <p class='ocr_par' dir='ltr' id='par_1_92' title="bbox 290 4548 1861 4639">
     <span class='ocr_line' id='line_1_92' title="bbox 290 4548 1861 4639; baseline -0.006 -14"><span class='ocrx_word' id='word_1_705' title='bbox 290 4574 385 4625; x_wconf 69' lang='grc' dir='ltr'><strong>καὶ</strong></span> <span class='ocrx_word' id='word_1_706' title='bbox 408 4548 614 4626; x_wconf 52' lang='lat' dir='ltr'><strong>olmle</strong></span> <span class='ocrx_word' id='word_1_707' title='bbox 637 4568 927 4639; x_wconf 77' lang='grc' dir='ltr'>ὁμολογεῖν</span> <span class='ocrx_word' id='word_1_708' title='bbox 949 4568 1015 4637; x_wconf 75' lang='grc' dir='ltr'>τῇ</span> <span class='ocrx_word' id='word_1_709' title='bbox 1048 4565 1208 4635; x_wconf 74' lang='grc' dir='ltr'>φύσει</span> <span class='ocrx_word' id='word_1_710' title='bbox 1250 4566 1346 4619; x_wconf 69' lang='grc' dir='ltr'><strong>καὶ</strong></span> <span class='ocrx_word' id='word_1_711' title='bbox 1384 4564 1482 4635; x_wconf 82' lang='grc' dir='ltr'>τὴν</span> <span class='ocrx_word' id='word_1_712' title='bbox 1515 4565 1861 4635; x_wconf 84' lang='grc' dir='ltr'>προαίρεσιν·</span> 
     </span>
    </p>
   </div>
   <div class='ocr_carea' id='block_1_93' title="bbox 1962 4548 3585 4661">
    <p class='ocr_par' dir='ltr' id='par_1_93' title="bbox 1968 4548 3585 4634">
     <span class='ocr_line' id='line_1_93' title="bbox 1968 4548 3585 4634; baseline -0.01 -14"><span class='ocrx_word' id='word_1_713' title='bbox 1968 4579 2118 4620; x_wconf 87' lang='lat' dir='ltr'><strong>esse:</strong></span> <span class='ocrx_word' id='word_1_714' title='bbox 2154 4573 2210 4618; x_wconf 86' lang='lat' dir='ltr'><strong>et</strong></span> <span class='ocrx_word' id='word_1_715' title='bbox 2235 4563 2281 4617; x_wconf 87' lang='lat' dir='ltr'><strong>si</strong></span> <span class='ocrx_word' id='word_1_716' title='bbox 2309 4576 2433 4634; x_wconf 71' lang='lat' dir='ltr'><strong>quae</strong></span> <span class='ocrx_word' id='word_1_717' title='bbox 2460 4560 2515 4616; x_wconf 85' lang='lat' dir='ltr'><strong>in</strong></span> <span class='ocrx_word' id='word_1_718' title='bbox 2548 4568 2745 4613; x_wconf 87' lang='lat' dir='ltr'><strong>natura</strong></span> <span class='ocrx_word' id='word_1_719' title='bbox 2770 4573 2877 4612; x_wconf 89' lang='lat' dir='ltr'><strong>non</strong></span> <span class='ocrx_word' id='word_1_720' title='bbox 2903 4556 3250 4618; x_wconf 79' lang='lat' dir='ltr'><strong>conveniant,</strong></span> <span class='ocrx_word' id='word_1_721' title='bbox 3279 4554 3335 4609; x_wconf 91' lang='lat' dir='ltr'><strong>in</strong></span> <span class='ocrx_word' id='word_1_722' title='bbox 3361 4553 3549 4607; x_wconf 86' lang='lat' dir='ltr'><strong>volun-</strong></span> <span class='ocrx_word' id='word_1_723' title='bbox 3576 4548 3585 4561; x_wconf 64' lang='lat'><strong>‘</strong></span> 
     </span>
    </p>
   </div>
   <div class='ocr_carea' id='block_1_94' title="bbox 288 4646 1861 4732">
    <p class='ocr_par' dir='ltr' id='par_1_94' title="bbox 288 4648 1861 4732">
     <span class='ocr_line' id='line_1_94' title="bbox 288 4648 1861 4732; baseline -0.007 -15"><span class='ocrx_word' id='word_1_724' title='bbox 288 4666 383 4717; x_wconf 67' lang='grc' dir='ltr'><strong>καὶ</strong></span> <span class='ocrx_word' id='word_1_725' title='bbox 417 4667 463 4719; x_wconf 83' lang='grc' dir='ltr'><strong>εί</strong></span> <span class='ocrx_word' id='word_1_726' title='bbox 490 4661 765 4732; x_wconf 79' lang='grc' dir='ltr'>ἀνομοίως</span> <span class='ocrx_word' id='word_1_727' title='bbox 780 4659 951 4729; x_wconf 72' lang='grc' dir='ltr'>ἔχοιεν</span> <span class='ocrx_word' id='word_1_728' title='bbox 966 4657 1108 4711; x_wconf 84' lang='grc' dir='ltr'>κατὰ</span> <span class='ocrx_word' id='word_1_729' title='bbox 1125 4657 1225 4727; x_wconf 83' lang='grc' dir='ltr'>τὴν</span> <span class='ocrx_word' id='word_1_730' title='bbox 1240 4655 1424 4726; x_wconf 82' lang='grc' dir='ltr'>φύσιν,</span> <span class='ocrx_word' id='word_1_731' title='bbox 1450 4653 1679 4725; x_wconf 82' lang='grc' dir='ltr'>ἀνόμοια</span> <span class='ocrx_word' id='word_1_732' title='bbox 1721 4648 1861 4707; x_wconf 75' lang='grc' dir='ltr'>εἶναι</span> 
     </span>
    </p>
   </div>
   <div class='ocr_carea' id='block_1_95' title="bbox 1962 4646 3549 4732">
    <p class='ocr_par' dir='ltr' id='par_1_95' title="bbox 1970 4646 3549 4723">
     <span class='ocr_line' id='line_1_95' title="bbox 1970 4646 3549 4723; baseline -0.011 -9"><span class='ocrx_word' id='word_1_733' title='bbox 1970 4657 2172 4714; x_wconf 86' lang='lat' dir='ltr'><strong>tatibus</strong></span> <span class='ocrx_word' id='word_1_734' title='bbox 2216 4656 2378 4711; x_wconf 85' lang='lat' dir='ltr'><strong>etiam</strong></span> <span class='ocrx_word' id='word_1_735' title='bbox 2412 4654 2760 4723; x_wconf 83' lang='lat' dir='ltr'><strong>discrepare:</strong></span> <span class='ocrx_word' id='word_1_736' title='bbox 2813 4664 2938 4705; x_wconf 91' lang='lat' dir='ltr'><strong>cum</strong></span> <span class='ocrx_word' id='word_1_737' title='bbox 2974 4657 3153 4704; x_wconf 85' lang='lat' dir='ltr'><strong>autem</strong></span> <span class='ocrx_word' id='word_1_738' title='bbox 3205 4646 3260 4700; x_wconf 92' lang='lat' dir='ltr'><strong>in</strong></span> <span class='ocrx_word' id='word_1_739' title='bbox 3314 4653 3549 4713; x_wconf 86' lang='lat' dir='ltr'><strong>utroque</strong></span> 
     </span>
    </p>
   </div>
   <div class='ocr_carea' id='block_1_96' title="bbox 290 4748 1865 4827">
    <p class='ocr_par' dir='ltr' id='par_1_96' title="bbox 290 4748 1865 4827">
     <span class='ocr_line' id='line_1_96' title="bbox 290 4748 1865 4827; baseline -0.008 -16"><span class='ocrx_word' id='word_1_740' title='bbox 290 4758 381 4811; x_wconf 73' lang='lat' dir='ltr'><strong>nul</strong></span> <span class='ocrx_word' id='word_1_741' title='bbox 398 4757 463 4811; x_wconf 77' lang='grc' dir='ltr'>τὰ</span> <span class='ocrx_word' id='word_1_742' title='bbox 483 4754 773 4827; x_wconf 79' lang='grc' dir='ltr'>Θελήματα</span> <span class='ocrx_word' id='word_1_743' title='bbox 787 4772 803 4785; x_wconf 88' lang='grc'><strong>·</strong></span> <span class='ocrx_word' id='word_1_744' title='bbox 823 4752 925 4822; x_wconf 83' lang='grc' dir='ltr'>τῆς</span> <span class='ocrx_word' id='word_1_745' title='bbox 954 4752 1013 4806; x_wconf 83' lang='grc' dir='ltr'><strong>δὲ</strong></span> <span class='ocrx_word' id='word_1_746' title='bbox 1034 4750 1316 4821; x_wconf 81' lang='grc' dir='ltr'>δυνάμεως</span> <span class='ocrx_word' id='word_1_747' title='bbox 1342 4749 1427 4818; x_wconf 74' lang='grc' dir='ltr'><strong>ἐφ’</strong></span> <span class='ocrx_word' id='word_1_748' title='bbox 1452 4748 1727 4819; x_wconf 77' lang='grc' dir='ltr'>ἑκατέρων</span> <span class='ocrx_word' id='word_1_749' title='bbox 1745 4750 1865 4800; x_wconf 77' lang='lat' dir='ltr'><strong>lxa-</strong></span> 
     </span>
    </p>
   </div>
   <div class='ocr_carea' id='block_1_97' title="bbox 286 4838 1861 4919">
    <p class='ocr_par' dir='ltr' id='par_1_97' title="bbox 286 4838 1861 4919">
     <span class='ocr_line' id='line_1_97' title="bbox 286 4838 1861 4919; baseline -0.007 -17"><span class='ocrx_word' id='word_1_750' title='bbox 286 4850 390 4913; x_wconf 69' lang='grc' dir='ltr'><strong>νὼς</strong></span> <span class='ocrx_word' id='word_1_751' title='bbox 420 4847 679 4919; x_wconf 74' lang='grc' dir='ltr'>ἐχούσης,</span> <span class='ocrx_word' id='word_1_752' title='bbox 724 4843 1007 4914; x_wconf 79' lang='grc' dir='ltr'>οὐδέτερον</span> <span class='ocrx_word' id='word_1_753' title='bbox 1048 4842 1300 4911; x_wconf 78' lang='grc' dir='ltr'>ἀτονήσει</span> <span class='ocrx_word' id='word_1_754' title='bbox 1350 4840 1486 4911; x_wconf 80' lang='grc' dir='ltr'>πρὸς</span> <span class='ocrx_word' id='word_1_755' title='bbox 1529 4838 1628 4910; x_wconf 83' lang='grc' dir='ltr'>τὴν</span> <span class='ocrx_word' id='word_1_756' title='bbox 1655 4839 1861 4910; x_wconf 74' lang='grc' dir='ltr'><strong>ἐκπλή-</strong></span> 
     </span>
    </p>
   </div>
   <div class='ocr_carea' id='block_1_98' title="bbox 289 4931 1866 5012">
    <p class='ocr_par' dir='ltr' id='par_1_98' title="bbox 289 4931 1866 5012">
     <span class='ocr_line' id='line_1_98' title="bbox 289 4931 1866 5012; baseline -0.007 -16"><span class='ocrx_word' id='word_1_757' title='bbox 289 4959 453 5012; x_wconf 71' lang='grc' dir='ltr'>ρωσιν</span> <span class='ocrx_word' id='word_1_758' title='bbox 480 4941 579 4995; x_wconf 78' lang='grc' dir='ltr'><strong>τοῦ</strong></span> <span class='ocrx_word' id='word_1_759' title='bbox 604 4939 734 4994; x_wconf 77' lang='grc' dir='ltr'>ἰδίου</span> <span class='ocrx_word' id='word_1_760' title='bbox 761 4938 888 5007; x_wconf 76' lang='grc' dir='ltr'>Θελή</span> <span class='ocrx_word' id='word_1_761' title='bbox 896 4951 1092 5008; x_wconf 88' lang='grc' dir='ltr'>ματος·</span> <span class='ocrx_word' id='word_1_762' title='bbox 1134 4935 1228 4989; x_wconf 73' lang='grc' dir='ltr'><strong>καὶ</strong></span> <span class='ocrx_word' id='word_1_763' title='bbox 1255 4936 1305 4988; x_wconf 81' lang='grc' dir='ltr'>εἰ</span> <span class='ocrx_word' id='word_1_764' title='bbox 1328 4932 1577 4987; x_wconf 81' lang='grc' dir='ltr'>τοσοῦτον</span> <span class='ocrx_word' id='word_1_765' title='bbox 1610 4931 1866 5002; x_wconf 78' lang='grc' dir='ltr'>ἑκάτερον</span> 
     </span>
    </p>
   </div>
   <div class='ocr_carea' id='block_1_99' title="bbox 283 5022 1867 5101">
    <p class='ocr_par' dir='ltr' id='par_1_99' title="bbox 283 5022 1867 5101">
     <span class='ocr_line' id='line_1_99' title="bbox 283 5022 1867 5101; baseline -0.009 -12"><span class='ocrx_word' id='word_1_766' title='bbox 283 5033 499 5089; x_wconf 72' lang='grc' dir='ltr'>δύναιτο</span> <span class='ocrx_word' id='word_1_767' title='bbox 530 5034 656 5087; x_wconf 83' lang='grc' dir='ltr'>ὅσον</span> <span class='ocrx_word' id='word_1_768' title='bbox 679 5032 773 5085; x_wconf 76' lang='grc' dir='ltr'><strong>καὶ</strong></span> <span class='ocrx_word' id='word_1_769' title='bbox 801 5028 1072 5101; x_wconf 84' lang='grc' dir='ltr'>βούλεται,</span> <span class='ocrx_word' id='word_1_770' title='bbox 1103 5028 1184 5090; x_wconf 84' lang='grc' dir='ltr'><strong>είς</strong></span> <span class='ocrx_word' id='word_1_771' title='bbox 1212 5027 1554 5095; x_wconf 83' lang='grc' dir='ltr'>ἀμφήριστον</span> <span class='ocrx_word' id='word_1_772' title='bbox 1586 5022 1867 5093; x_wconf 73' lang='grc' dir='ltr'>ἑκατέροις</span> 
     </span>
    </p>
   </div>
   <div class='ocr_carea' id='block_1_100' title="bbox 286 5112 1864 5195">
    <p class='ocr_par' dir='ltr' id='par_1_100' title="bbox 286 5112 1864 5195">
     <span class='ocr_line' id='line_1_100' title="bbox 286 5112 1864 5195; baseline -0.008 -18"><span class='ocrx_word' id='word_1_773' title='bbox 286 5125 321 5194; x_wconf 71' lang='grc' dir='ltr'>ἡ</span> <span class='ocrx_word' id='word_1_774' title='bbox 350 5123 491 5195; x_wconf 70' lang='grc' dir='ltr'>ἀρχὴ</span> <span class='ocrx_word' id='word_1_775' title='bbox 515 5121 943 5191; x_wconf 79' lang='grc' dir='ltr'>καταστήσεται,</span> <span class='ocrx_word' id='word_1_776' title='bbox 966 5117 1044 5188; x_wconf 81' lang='grc' dir='ltr'>τῷ</span> <span class='ocrx_word' id='word_1_777' title='bbox 1075 5116 1314 5171; x_wconf 84' lang='grc' dir='ltr'>ἀνενδεεί</span> <span class='ocrx_word' id='word_1_778' title='bbox 1338 5114 1436 5184; x_wconf 81' lang='grc' dir='ltr'>τῆς</span> <span class='ocrx_word' id='word_1_779' title='bbox 1463 5112 1749 5182; x_wconf 80' lang='grc' dir='ltr'>δυνάμεως</span> <span class='ocrx_word' id='word_1_780' title='bbox 1784 5113 1864 5175; x_wconf 83' lang='grc' dir='ltr'><strong>είς</strong></span> 
     </span>
    </p>
   </div>
   <div class='ocr_carea' id='block_1_101' title="bbox 284 5206 1866 5283">
    <p class='ocr_par' dir='ltr' id='par_1_101' title="bbox 284 5206 1866 5283">
     <span class='ocr_line' id='line_1_101' title="bbox 284 5206 1866 5283; baseline -0.007 -13"><span class='ocrx_word' id='word_1_781' title='bbox 284 5215 350 5269; x_wconf 72' lang='grc' dir='ltr'><strong>τὺ</strong></span> <span class='ocrx_word' id='word_1_782' title='bbox 375 5214 673 5270; x_wconf 77' lang='grc' dir='ltr'>ἀντίπαλον</span> <span class='ocrx_word' id='word_1_783' title='bbox 697 5211 983 5283; x_wconf 73' lang='grc' dir='ltr'>προϊοῦσα.</span> <span class='ocrx_word' id='word_1_784' title='bbox 1014 5209 1126 5264; x_wconf 76' lang='grc' dir='ltr'><strong>Καὶ</strong></span> <span class='ocrx_word' id='word_1_785' title='bbox 1158 5207 1301 5260; x_wconf 75' lang='grc' dir='ltr'>οὓτω</span> <span class='ocrx_word' id='word_1_786' title='bbox 1326 5206 1389 5259; x_wconf 81' lang='grc' dir='ltr'>τὸ</span> <span class='ocrx_word' id='word_1_787' title='bbox 1415 5206 1524 5259; x_wconf 79' lang='grc' dir='ltr'><strong>τῶν</strong></span> <span class='ocrx_word' id='word_1_788' title='bbox 1550 5206 1866 5276; x_wconf 82' lang='grc' dir='ltr'>Μανιχαίων</span> 
     </span>
    </p>
   </div>
   <div class='ocr_carea' id='block_1_102' title="bbox 282 5295 1866 5379">
    <p class='ocr_par' dir='ltr' id='par_1_102' title="bbox 282 5295 1866 5379">
     <span class='ocr_line' id='line_1_102' title="bbox 282 5295 1866 5379; baseline -0.008 -18"><span class='ocrx_word' id='word_1_789' title='bbox 282 5307 464 5379; x_wconf 65' lang='grc' dir='ltr'>δόγμα</span> <span class='ocrx_word' id='word_1_790' title='bbox 495 5304 943 5378; x_wconf 70' lang='grc' dir='ltr'>παρεισδύσιται,</span> <span class='ocrx_word' id='word_1_791' title='bbox 981 5301 1074 5354; x_wconf 86' lang='grc' dir='ltr'><strong>δύο</strong></span> <span class='ocrx_word' id='word_1_792' title='bbox 1116 5298 1277 5353; x_wconf 83' lang='grc' dir='ltr'>τινῶν</span> <span class='ocrx_word' id='word_1_793' title='bbox 1323 5297 1578 5351; x_wconf 71' lang='grc' dir='ltr'>ἐναντίων</span> <span class='ocrx_word' id='word_1_794' title='bbox 1619 5295 1866 5367; x_wconf 82' lang='grc' dir='ltr'>ἀλλήλοις</span> 
     </span>
    </p>
   </div>
   <div class='ocr_carea' id='block_1_103' title="bbox 286 5386 1866 5467">
    <p class='ocr_par' dir='ltr' id='par_1_103' title="bbox 286 5386 1866 5467">
     <span class='ocr_line' id='line_1_103' title="bbox 286 5386 1866 5467; baseline -0.007 -17"><span class='ocrx_word' id='word_1_795' title='bbox 286 5400 348 5450; x_wconf 73' lang='grc' dir='ltr'>ἑν</span> <span class='ocrx_word' id='word_1_796' title='bbox 374 5396 461 5467; x_wconf 78' lang='grc' dir='ltr'>τῷ</span> <span class='ocrx_word' id='word_1_797' title='bbox 480 5396 628 5466; x_wconf 76' lang='grc' dir='ltr'>λόγῳ</span> <span class='ocrx_word' id='word_1_798' title='bbox 642 5397 741 5464; x_wconf 76' lang='grc' dir='ltr'>τῆς</span> <span class='ocrx_word' id='word_1_799' title='bbox 757 5393 936 5465; x_wconf 77' lang='grc' dir='ltr'>ἀρχῆς</span> <span class='ocrx_word' id='word_1_800' title='bbox 957 5388 1373 5460; x_wconf 73' lang='grc' dir='ltr'>ἀντιφανέντων,</span> <span class='ocrx_word' id='word_1_801' title='bbox 1395 5386 1473 5458; x_wconf 87' lang='grc' dir='ltr'>τῷ</span> <span class='ocrx_word' id='word_1_802' title='bbox 1493 5386 1866 5441; x_wconf 82' lang='grc' dir='ltr'>διαλλάσσοντι</span> 
     </span>
    </p>
   </div>
   <div class='ocr_carea' id='block_1_104' title="bbox 286 5477 1864 5558">
    <p class='ocr_par' dir='ltr' id='par_1_104' title="bbox 286 5477 1864 5558">
     <span class='ocr_line' id='line_1_104' title="bbox 286 5477 1864 5558; baseline -0.008 -16"><span class='ocrx_word' id='word_1_803' title='bbox 286 5489 386 5556; x_wconf 54' lang='lat' dir='ltr'><strong>si;</strong></span> <span class='ocrx_word' id='word_1_804' title='bbox 409 5486 631 5558; x_wconf 76' lang='grc' dir='ltr'>φύσεως</span> <span class='ocrx_word' id='word_1_805' title='bbox 664 5485 758 5538; x_wconf 73' lang='grc' dir='ltr'><strong>καὶ</strong></span> <span class='ocrx_word' id='word_1_806' title='bbox 785 5484 882 5555; x_wconf 78' lang='grc' dir='ltr'>τῆς</span> <span class='ocrx_word' id='word_1_807' title='bbox 902 5480 1274 5553; x_wconf 47' lang='grc' dir='ltr'>προαιρέσεως</span> <span class='ocrx_word' id='word_1_808' title='bbox 1308 5479 1443 5550; x_wconf 73' lang='grc' dir='ltr'>πρὸς</span> <span class='ocrx_word' id='word_1_809' title='bbox 1473 5479 1533 5531; x_wconf 79' lang='grc' dir='ltr'>τὸ</span> <span class='ocrx_word' id='word_1_810' title='bbox 1552 5477 1864 5549; x_wconf 78' lang='grc' dir='ltr'>ἀντικείμε-</span> 
     </span>
    </p>
   </div>
   <div class='ocr_carea' id='block_1_105' title="bbox 286 5570 1866 5651">
    <p class='ocr_par' dir='ltr' id='par_1_105' title="bbox 286 5570 1866 5651">
     <span class='ocr_line' id='line_1_105' title="bbox 286 5570 1866 5651; baseline -0.008 -15"><span class='ocrx_word' id='word_1_811' title='bbox 286 5600 379 5636; x_wconf 69' lang='grc' dir='ltr'><strong>νοι</strong></span> <span class='ocrx_word' id='word_1_812' title='bbox 426 5577 837 5651; x_wconf 73' lang='grc' dir='ltr'>διατμηθέντυν</span> <span class='ocrx_word' id='word_1_813' title='bbox 859 5593 872 5607; x_wconf 84' lang='grc'><em>’</em></span> <span class='ocrx_word' id='word_1_814' title='bbox 905 5574 1229 5644; x_wconf 72' lang='grc' dir='ltr'>καὶγίνεται</span> <span class='ocrx_word' id='word_1_815' title='bbox 1256 5572 1437 5636; x_wconf 83' lang='grc' dir='ltr'>αὐτοῖς</span> <span class='ocrx_word' id='word_1_816' title='bbox 1462 5573 1495 5643; x_wconf 80' lang='grc' dir='ltr'><strong>ή</strong></span> <span class='ocrx_word' id='word_1_817' title='bbox 1517 5571 1616 5642; x_wconf 84' lang='grc' dir='ltr'>τῆς</span> <span class='ocrx_word' id='word_1_818' title='bbox 1635 5570 1866 5625; x_wconf 72' lang='grc' dir='ltr'>ἐλαττώα</span> 
     </span>
    </p>
   </div>
   <div class='ocr_carea' id='block_1_106' title="bbox 402 5746 1857 5822">
    <p class='ocr_par' dir='ltr' id='par_1_106' title="bbox 402 5746 1857 5822">
     <span class='ocr_line' id='line_1_106' title="bbox 402 5746 1857 5822; baseline -0.007 -12"><span class='ocrx_word' id='word_1_819' title='bbox 402 5755 453 5789; x_wconf 69' lang='lat'><strong><em>“</em></strong></span> <span class='ocrx_word' id='word_1_820' title='bbox 493 5752 641 5811; x_wconf 63' lang='grc' dir='ltr'><strong>ραι.</strong></span> <span class='ocrx_word' id='word_1_821' title='bbox 664 5766 763 5818; x_wconf 82' lang='lat' dir='ltr'><strong>cu,</strong></span> <span class='ocrx_word' id='word_1_822' title='bbox 790 5753 845 5808; x_wconf 87' lang='lat'><strong>8.</strong></span> <span class='ocrx_word' id='word_1_823' title='bbox 921 5753 965 5786; x_wconf 81' lang='grc'><strong>⁸⁷</strong></span> <span class='ocrx_word' id='word_1_824' title='bbox 989 5750 1118 5808; x_wconf 83' lang='lat' dir='ltr'><strong>Luc.</strong></span> <span class='ocrx_word' id='word_1_825' title='bbox 1145 5766 1217 5822; x_wconf 74' lang='lat' dir='ltr'><strong>v1,</strong></span> <span class='ocrx_word' id='word_1_826' title='bbox 1242 5748 1332 5808; x_wconf 74' lang='lat'><strong>&#39;56.</strong></span> <span class='ocrx_word' id='word_1_827' title='bbox 1412 5751 1457 5784; x_wconf 83' lang='grc'><strong>³⁸</strong></span> <span class='ocrx_word' id='word_1_828' title='bbox 1496 5746 1688 5805; x_wconf 78' lang='lat' dir='ltr'><strong>Matth.</strong></span> <span class='ocrx_word' id='word_1_829' title='bbox 1721 5762 1783 5815; x_wconf 78' lang='grc' dir='ltr'><strong>ν,</strong></span> <span class='ocrx_word' id='word_1_830' title='bbox 1806 5746 1857 5800; x_wconf 90' lang='grc'><strong>7.</strong></span> 
     </span>
    </p>
   </div>
   <div class='ocr_carea' id='block_1_107' title="bbox 1962 4733 3543 4817">
    <p class='ocr_par' dir='ltr' id='par_1_107' title="bbox 1962 4733 3543 4817">
     <span class='ocr_line' id='line_1_107' title="bbox 1962 4733 3543 4817; baseline -0.011 -12"><span class='ocrx_word' id='word_1_831' title='bbox 1962 4764 2029 4805; x_wconf 80' lang='lat' dir='ltr'><strong>ex</strong></span> <span class='ocrx_word' id='word_1_832' title='bbox 2064 4747 2185 4804; x_wconf 88' lang='lat' dir='ltr'><strong>istis</strong></span> <span class='ocrx_word' id='word_1_833' title='bbox 2214 4754 2300 4803; x_wconf 83' lang='lat' dir='ltr'><strong>sat</strong></span> <span class='ocrx_word' id='word_1_834' title='bbox 2348 4746 2421 4802; x_wconf 90' lang='lat' dir='ltr'><strong>sit</strong></span> <span class='ocrx_word' id='word_1_835' title='bbox 2455 4744 2709 4817; x_wconf 67' lang='lat' dir='ltr'><strong>potentiae</strong></span> <span class='ocrx_word' id='word_1_836' title='bbox 2746 4750 2802 4798; x_wconf 91' lang='lat' dir='ltr'><strong>et</strong></span> <span class='ocrx_word' id='word_1_837' title='bbox 2836 4739 3135 4801; x_wconf 77' lang='lat' dir='ltr'><strong>facultatis,</strong></span> <span class='ocrx_word' id='word_1_838' title='bbox 3184 4744 3439 4794; x_wconf 86' lang='lat' dir='ltr'><strong>neutrum</strong></span> <span class='ocrx_word' id='word_1_839' title='bbox 3474 4733 3543 4788; x_wconf 89' lang='lat' dir='ltr'><strong>ad</strong></span> 
     </span>
    </p>
   </div>
   <div class='ocr_carea' id='block_1_108' title="bbox 1966 4824 3547 4915">
    <p class='ocr_par' dir='ltr' id='par_1_108' title="bbox 1966 4824 3547 4915">
     <span class='ocr_line' id='line_1_108' title="bbox 1966 4824 3547 4915; baseline -0.01 -21"><span class='ocrx_word' id='word_1_840' title='bbox 1966 4839 2200 4911; x_wconf 80' lang='lat' dir='ltr'><strong>propriae</strong></span> <span class='ocrx_word' id='word_1_841' title='bbox 2227 4836 2531 4892; x_wconf 78' lang='lat' dir='ltr'><strong>voluntatis</strong></span> <span class='ocrx_word' id='word_1_842' title='bbox 2559 4827 3366 4915; x_wconf 40' lang='lat' dir='ltr'><strong>ersecutionemyunctahitur,</strong></span> <span class='ocrx_word' id='word_1_843' title='bbox 3413 4831 3470 4879; x_wconf 92' lang='lat' dir='ltr'><strong>et</strong></span> <span class='ocrx_word' id='word_1_844' title='bbox 3501 4824 3547 4879; x_wconf 90' lang='lat' dir='ltr'><strong>si</strong></span> 
     </span>
    </p>
   </div>
   <div class='ocr_carea' id='block_1_109' title="bbox 1965 4914 3545 4999">
    <p class='ocr_par' dir='ltr' id='par_1_109' title="bbox 1965 4914 3545 4999">
     <span class='ocr_line' id='line_1_109' title="bbox 1965 4914 3545 4999; baseline -0.009 -14"><span class='ocrx_word' id='word_1_845' title='bbox 1965 4929 2253 4999; x_wconf 79' lang='lat' dir='ltr'><strong>quodlibet</strong></span> <span class='ocrx_word' id='word_1_846' title='bbox 2279 4934 2493 4982; x_wconf 91' lang='lat' dir='ltr'><strong>tantum</strong></span> <span class='ocrx_word' id='word_1_847' title='bbox 2525 4932 2727 4997; x_wconf 88' lang='lat' dir='ltr'><strong>potest,</strong></span> <span class='ocrx_word' id='word_1_848' title='bbox 2760 4914 3026 4994; x_wconf 66' lang='lat' dir='ltr'><strong>quantum</strong></span> <span class='ocrx_word' id='word_1_849' title='bbox 3063 4920 3200 4983; x_wconf 83' lang='lat' dir='ltr'><strong>vult,</strong></span> <span class='ocrx_word' id='word_1_850' title='bbox 3230 4917 3421 4986; x_wconf 85' lang='lat' dir='ltr'><strong>utique</strong></span> <span class='ocrx_word' id='word_1_851' title='bbox 3443 4914 3545 4971; x_wconf 87' lang='lat' dir='ltr'><strong>do-</strong></span> 
     </span>
    </p>
   </div>
   <div class='ocr_carea' id='block_1_110' title="bbox 1967 5008 3549 5091">
    <p class='ocr_par' dir='ltr' id='par_1_110' title="bbox 1967 5008 3549 5091">
     <span class='ocr_line' id='line_1_110' title="bbox 1967 5008 3549 5091; baseline -0.011 -14"><span class='ocrx_word' id='word_1_852' title='bbox 1967 5022 2196 5077; x_wconf 86' lang='lat' dir='ltr'><strong>minatio</strong></span> <span class='ocrx_word' id='word_1_853' title='bbox 2220 5033 2425 5091; x_wconf 79' lang='lat' dir='ltr'><strong>anceps</strong></span> <span class='ocrx_word' id='word_1_854' title='bbox 2450 5018 2560 5085; x_wconf 88' lang='lat' dir='ltr'><strong>flet,</strong></span> <span class='ocrx_word' id='word_1_855' title='bbox 2586 5027 2823 5087; x_wconf 77' lang='lat' dir='ltr'><strong>utroque</strong></span> <span class='ocrx_word' id='word_1_856' title='bbox 2848 5014 3168 5070; x_wconf 79' lang='lat' dir='ltr'><strong>inexhausta</strong></span> <span class='ocrx_word' id='word_1_857' title='bbox 3189 5008 3412 5065; x_wconf 91' lang='lat' dir='ltr'><strong>virtutis</strong></span> <span class='ocrx_word' id='word_1_858' title='bbox 3434 5022 3549 5064; x_wconf 71' lang='lat' dir='ltr'><strong>sua:</strong></span> 
     </span>
    </p>
   </div>
   <div class='ocr_carea' id='block_1_111' title="bbox 1969 5097 3549 5183">
    <p class='ocr_par' dir='ltr' id='par_1_111' title="bbox 1969 5097 3549 5183">
     <span class='ocr_line' id='line_1_111' title="bbox 1969 5097 3549 5183; baseline -0.01 -15"><span class='ocrx_word' id='word_1_859' title='bbox 1969 5115 2208 5183; x_wconf 88' lang='lat' dir='ltr'><strong>potentia</strong></span> <span class='ocrx_word' id='word_1_860' title='bbox 2246 5114 2303 5167; x_wconf 91' lang='lat' dir='ltr'><strong>in</strong></span> <span class='ocrx_word' id='word_1_861' title='bbox 2330 5111 2708 5166; x_wconf 85' lang='lat' dir='ltr'><strong>adversarium</strong></span> <span class='ocrx_word' id='word_1_862' title='bbox 2727 5122 2945 5180; x_wconf 86' lang='lat' dir='ltr'><strong>semper</strong></span> <span class='ocrx_word' id='word_1_863' title='bbox 2970 5107 3237 5161; x_wconf 88' lang='lat' dir='ltr'><strong>irruente.</strong></span> <span class='ocrx_word' id='word_1_864' title='bbox 3273 5101 3352 5155; x_wconf 90' lang='lat' dir='ltr'><strong>Ita</strong></span> <span class='ocrx_word' id='word_1_865' title='bbox 3383 5097 3549 5154; x_wconf 68' lang='lat' dir='ltr'><strong>Mani-</strong></span> 
     </span>
    </p>
   </div>
   <div class='ocr_carea' id='block_1_112' title="bbox 1970 5189 3547 5275">
    <p class='ocr_par' dir='ltr' id='par_1_112' title="bbox 1970 5189 3547 5275">
     <span class='ocr_line' id='line_1_112' title="bbox 1970 5189 3547 5275; baseline -0.007 -15"><span class='ocrx_word' id='word_1_866' title='bbox 1970 5206 2244 5260; x_wconf 72' lang='lat' dir='ltr'><strong>chzeorum</strong></span> <span class='ocrx_word' id='word_1_867' title='bbox 2275 5203 2468 5275; x_wconf 88' lang='lat' dir='ltr'><strong>dogma</strong></span> <span class='ocrx_word' id='word_1_868' title='bbox 2503 5200 2893 5264; x_wconf 87' lang='lat' dir='ltr'><strong>introducitur,</strong></span> <span class='ocrx_word' id='word_1_869' title='bbox 2921 5196 3013 5265; x_wconf 88' lang='lat' dir='ltr'><strong>qui</strong></span> <span class='ocrx_word' id='word_1_870' title='bbox 3037 5195 3147 5250; x_wconf 89' lang='lat' dir='ltr'><strong>duo</strong></span> <span class='ocrx_word' id='word_1_871' title='bbox 3175 5190 3423 5264; x_wconf 65' lang='lat' dir='ltr'><strong>(llle</strong></span> <span class='ocrx_word' id='word_1_872' title='bbox 3442 5189 3547 5249; x_wconf 85' lang='lat' dir='ltr'><strong>sibi</strong></span> 
     </span>
    </p>
   </div>
   <div class='ocr_carea' id='block_1_113' title="bbox 1970 5283 3546 5358">
    <p class='ocr_par' dir='ltr' id='par_1_113' title="bbox 1970 5283 3546 5358">
     <span class='ocr_line' id='line_1_113' title="bbox 1970 5283 3546 5358; baseline -0.011 -7"><span class='ocrx_word' id='word_1_873' title='bbox 1970 5296 2204 5351; x_wconf 89' lang='lat' dir='ltr'><strong>invicem</strong></span> <span class='ocrx_word' id='word_1_874' title='bbox 2235 5294 2529 5358; x_wconf 86' lang='lat' dir='ltr'><strong>contraria,</strong></span> <span class='ocrx_word' id='word_1_875' title='bbox 2555 5304 2609 5349; x_wconf 90' lang='lat' dir='ltr'><strong>et</strong></span> <span class='ocrx_word' id='word_1_876' title='bbox 2634 5299 2745 5347; x_wconf 88' lang='lat' dir='ltr'><strong>tam</strong></span> <span class='ocrx_word' id='word_1_877' title='bbox 2779 5296 3010 5355; x_wconf 70' lang='lat' dir='ltr'><strong>natum,</strong></span> <span class='ocrx_word' id='word_1_878' title='bbox 3047 5301 3210 5358; x_wconf 84' lang='lat' dir='ltr'><strong>quam</strong></span> <span class='ocrx_word' id='word_1_879' title='bbox 3242 5283 3546 5339; x_wconf 75' lang='lat' dir='ltr'><strong>voluntatis</strong></span> 
     </span>
    </p>
   </div>
   <div class='ocr_carea' id='block_1_114' title="bbox 1972 5372 3546 5456">
    <p class='ocr_par' dir='ltr' id='par_1_114' title="bbox 1972 5372 3546 5456">
     <span class='ocr_line' id='line_1_114' title="bbox 1972 5372 3546 5456; baseline -0.011 -14"><span class='ocrx_word' id='word_1_880' title='bbox 1972 5385 2294 5442; x_wconf 87' lang='lat' dir='ltr'><strong>diversitate</strong></span> <span class='ocrx_word' id='word_1_881' title='bbox 2318 5382 2387 5439; x_wconf 91' lang='lat' dir='ltr'><strong>ad</strong></span> <span class='ocrx_word' id='word_1_882' title='bbox 2416 5382 2671 5456; x_wconf 85' lang='lat' dir='ltr'><strong>opposita</strong></span> <span class='ocrx_word' id='word_1_883' title='bbox 2698 5379 2998 5451; x_wconf 82' lang='lat' dir='ltr'><strong>vergentia,</strong></span> <span class='ocrx_word' id='word_1_884' title='bbox 3020 5374 3292 5448; x_wconf 76' lang='lat' dir='ltr'><strong>principia</strong></span> <span class='ocrx_word' id='word_1_885' title='bbox 3313 5372 3546 5432; x_wconf 63' lang='lat' dir='ltr'><strong>cubuit,</strong></span> 
     </span>
    </p>
   </div>
   <div class='ocr_carea' id='block_1_115' title="bbox 1974 5467 3547 5551">
    <p class='ocr_par' dir='ltr' id='par_1_115' title="bbox 1974 5467 3547 5551">
     <span class='ocr_line' id='line_1_115' title="bbox 1974 5467 3547 5551; baseline -0.01 -16"><span class='ocrx_word' id='word_1_886' title='bbox 1974 5480 2142 5551; x_wconf 84' lang='lat' dir='ltr'><strong>fitque</strong></span> <span class='ocrx_word' id='word_1_887' title='bbox 2188 5479 2298 5534; x_wconf 86' lang='lat' dir='ltr'><strong>illis</strong></span> <span class='ocrx_word' id='word_1_888' title='bbox 2332 5478 2424 5533; x_wconf 90' lang='lat' dir='ltr'><strong>illa</strong></span> <span class='ocrx_word' id='word_1_889' title='bbox 2467 5473 2854 5547; x_wconf 70' lang='lat' dir='ltr'><strong>inaequalitatis</strong></span> <span class='ocrx_word' id='word_1_890' title='bbox 2891 5479 2946 5527; x_wconf 92' lang='lat' dir='ltr'><strong>et</strong></span> <span class='ocrx_word' id='word_1_891' title='bbox 2973 5467 3373 5527; x_wconf 86' lang='lat' dir='ltr'><strong>imminutionis</strong></span> <span class='ocrx_word' id='word_1_892' title='bbox 3400 5480 3547 5523; x_wconf 74' lang='lat' dir='ltr'><strong>asse-</strong></span> 
     </span>
    </p>
   </div>
   <div class='ocr_carea' id='block_1_116' title="bbox 1972 5558 3547 5641">
    <p class='ocr_par' dir='ltr' id='par_1_116' title="bbox 1972 5558 3547 5641">
     <span class='ocr_line' id='line_1_116' title="bbox 1972 5558 3547 5641; baseline -0.009 -15"><span class='ocrx_word' id='word_1_893' title='bbox 1972 5571 2203 5637; x_wconf 85' lang='lat' dir='ltr'><strong>vcratio,</strong></span> <span class='ocrx_word' id='word_1_894' title='bbox 2241 5570 2569 5641; x_wconf 72' lang='lat' dir='ltr'><strong>principium</strong></span> <span class='ocrx_word' id='word_1_895' title='bbox 2631 5567 2697 5623; x_wconf 88' lang='lat' dir='ltr'><strong>ad</strong></span> <span class='ocrx_word' id='word_1_896' title='bbox 2753 5563 3173 5620; x_wconf 73' lang='lat' dir='ltr'><strong>Manichaeorum</strong></span> <span class='ocrx_word' id='word_1_897' title='bbox 3237 5558 3547 5633; x_wconf 81' lang='lat' dir='ltr'><strong>prodigiosa</strong></span> 
     </span>
    </p>
   </div>
  </div>
