4032 6208
537 314 641 371 4(ιῖ

1756 312 1815 367 s.
1856 309 2193 391 GREGORll
2222 309 2515 366 NYSSENI

3676 306 3777 359 408

538 428 773 499 placita:
823 443 947 481 nam
993 402 1540 494 dogmaiEunomii)
1578 434 1787 481 naturae
1817 428 2104 483 diversita-

2233 445 2347 491 ιεως
2393 427 2702 494 κατασκευὴ
2754 424 2861 476 τῶν
2912 423 3266 493 Μανιχαϊκῶν
3307 423 3592 492 δογμάτων
3620 424 3781 493 ἀρχή.

538 527 645 573 tem
677 519 730 571 in
765 518 873 570 duo
920 516 1183 586 principia
1212 518 1379 570 creati
1423 524 1477 571 et
1522 518 1749 573 increati
1803 519 2110 574 rationibus

539 610 798 665 distincta
826 608 1038 677 dividit,
1072 616 1235 680 prout
1262 608 1381 679 jam
1399 608 1832 665 demonstratum
1862 614 1968 667 est.

613 786 680 839 At
721 785 858 839 forte
888 785 1043 839 multi
1073 793 1257 849 erunt,
1293 786 1386 855 qui
1426 786 1591 856 hujus
1619 788 1885 843 doctrina:
1917 790 2111 845 absur-

543 877 762 931 ditatem
813 876 977 931 nimis
1008 876 1274 932 violenter
1301 877 1429 934 hinc
1450 878 1732 933 collectam
1750 888 1804 933 et
1822 878 2111 933 deductam

542 974 863 1031 causentur,
894 973 1190 1035 optentque
1219 967 1333 1022 hmc
1364 969 1583 1038 penitus
1610 969 1664 1023 in
1698 970 1909 1026 litteras
1940 970 2112 1024 relata

546 1073 654 1112 non
681 1073 823 1113 esse.
858 1056 925 1111 At
961 1058 1035 1113 sit
1063 1058 1160 1123 ita,
1192 1074 1368 1127 neque
1394 1075 1496 1115 nos
1523 1062 1987 1117 contradicimus:
2018 1078 2116 1117 ne-

544 1164 650 1216 que
670 1148 815 1201 enim
838 1149 1059 1217 proprio
1082 1148 1341 1217 impulsu,
1383 1152 1474 1204 sed
1500 1159 1720 1221 propter
1746 1152 2113 1217 adversarios,

547 1239 611 1290 ad
647 1238 787 1291 hanc
832 1238 1226 1307 digressionem
1266 1241 1658 1297 instituendam
1691 1244 1867 1298 adacti
1899 1260 2111 1301 sumus.

546 1330 699 1395 Quod
729 1330 774 1383 si
809 1330 923 1384 haec
945 1330 1131 1385 dicere
1158 1347 1266 1386 non
1296 1341 1533 1402 oportet,
1563 1335 1736 1389 ιιιιιιιο
1770 1336 1943 1406 magis
1968 1337 2117 1392 dece-

550 1425 662 1485 bat,
717 1429 775 1474 ut
820 1422 1126 1477 adversarii
1156 1423 1407 1486 silerent,
1458 1425 1553 1494 qui
1585 1426 1682 1479 tali
1717 1427 1965 1481 oratione
2018 1443 2117 1483 sua

549 1512 860 1581 bujnsmodi
886 1512 1207 1569 refutationi
1239 1516 1583 1572 occasionem
1620 1520 1882 1587 prmbenl.
1935 1518 2122 1589 Neque

548 1604 693 1656 enim
722 1603 882 1657 aliter
921 1604 991 1670 is,
1025 1605 1119 1674 qui
1169 1604 1448 1676 improbos
1488 1606 1707 1672 refellit,
1741 1609 1981 1664 cohiberi
2027 1625 2122 1679 po-

552 1703 679 1759 test,
740 1710 904 1765 quam
964 1695 1009 1751 si
1068 1698 1296 1752 materia
1345 1696 1693 1753 refutationis
1745 1699 2117 1755 subtrahatur.

2210 518 2283 571 Τὸ
2326 518 2433 587 γὰρ
2470 515 2569 585 τῆς
2623 515 2807 577 ούσίας
2834 514 3158 585 ἀσύμφωνον
3194 518 3274 579 είς
3298 516 3391 566 δύο
3430 513 3604 584 ἀρχὰς
3634 531 3785 583 περι-

2213 608 2391 678 ίστησι
2418 608 2477 660 τὸ
2495 607 2669 676 δόγμα
2694 647 2708 670 ,
2739 606 2921 669 καθὼς
2945 608 2974 658 ὁ
3001 605 3156 675 λόγος
3184 603 3426 670 ὑπέδειξε
3447 648 3461 671 ,
3485 605 3562 675 τῷ
3586 606 3789 674 κτιστῷ

2212 699 2307 753 καὶ
2335 697 2412 764 τῷ
2438 698 2677 767 ἀκτίστῳ
2704 698 2861 769 διῃρη
2871 698 3058 767 μένας.

2296 787 2455 840 Ἀλλά
2481 787 2653 840 ταῦτα
2683 787 2779 856 μὲν
2809 787 2937 851 ἴσως
2967 788 3328 858 βεϐιασμένην
3355 787 3546 857 ἔχοντα
3566 787 3665 858 τὴν
3696 789 3791 840 τοῦ

2213 880 2414 935 ἀτόπου
2459 879 2819 949 κατασκευὴν,
2854 881 2902 932 οί
2941 879 3124 933 πολλοὶ
3159 880 3517 944 αἰτιάσονται,
3552 881 3647 932 καὶ
3671 881 3791 933 ούδὲ

2214 970 2520 1042 γεγράφθαι
2548 970 2609 1023 τὸ
2632 971 2890 1041 παράπαν
2920 970 3057 1041 μετά
3087 971 3195 1024 τῶν
3221 971 3421 1023 λοιπῶν
3446 970 3790 1035 ἀξιώσουσιν.

2218 1065 2402 1118 Ἔστω
2464 1062 2669 1116 ταῦτα⁸
2710 1062 2829 1116 οὐδὲ
2872 1064 3031 1133 ἡμεῖς
3083 1063 3477 1133 ἀντιλέγομενο
3522 1064 3642 1116 οὐδὲ
3685 1064 3793 1132 γὰρ

2216 1152 2337 1205 κατ’
2378 1151 2583 1204 οἰκείαν
2643 1152 2838 1223 ὁρμὴν,
2880 1151 3014 1204 ἀλλά
3054 1152 3142 1205 διά
3171 1154 3295 1215 τοὺς
3329 1153 3795 1223 ἀντιμαχομένους

2218 1243 2297 1305 εἰς
2333 1242 2433 1314 τὴν
2481 1242 2735 1312 τοιαύτην
2787 1244 3107 1313 περιεργίαν
3144 1242 3394 1296 ἐκϐαλεῖν
3427 1244 3519 1297 τὸν
3548 1244 3700 1310 λόγον
3730 1245 3792 1296 έγ

2217 1334 2314 1402 τῆς
2335 1332 2649 1396 ἀκολουθίας
2696 1333 3071 1405 προήχθημεν.
3110 1335 3171 1387 Εἰ
3206 1335 3262 1387 δὲ
3296 1335 3359 1387 οὐ
3382 1335 3487 1406 χρὴ
3513 1334 3684 1388 ταῦτα
3709 1336 3785 1387 λέν

2218 1441 2357 1492 γειν,
2406 1423 2537 1477 πολὺ
2578 1423 2841 1494 πρότερον
2868 1424 3175 1478 σιωπᾶσθαι
3220 1429 3488 1497 προσήκει
3515 1427 3625 1478 τῶν
3646 1428 3795 1479 ἐναν-

2219 1514 2349 1565 τίων
2376 1513 2466 1565 τὸν
2496 1512 2674 1581 λόγον,
2708 1513 2798 1565 τὸν
2841 1514 2940 1584 τῆς
2986 1515 3239 1587 τοιαύτης
3284 1517 3654 1587 ἀντιρρήσεως
3697 1518 3795 1579 τὰς

2221 1603 2472 1673 ἀφορμὰς
2505 1603 2746 1675 παρεχόμ
2758 1621 2895 1659 ενον.
2925 1605 3000 1659 Οὺ
3022 1605 3131 1677 γὰρ
3156 1606 3303 1660 ἔστιν
3330 1607 3531 1680 ἑτέρως
3556 1609 3799 1679 ἐπισχεῖν

2222 1696 2314 1747 τὸν
2343 1697 2455 1759 τοῖς
2492 1698 2747 1766 πονηροῖς
2788 1696 3159 1765 ἀντιλέγοντα,
3197 1699 3271 1769 μὴ
3308 1700 3407 1771 τὴν
3432 1699 3684 1753 ὑπόθεσιν
3716 1700 3797 1764 ἐξ·

551 1787 817 1839 tlazterum
852 1787 1084 1841 libenter
1119 1788 1206 1853 iis,
1268 1789 1363 1859 qui
1412 1790 1484 1843 ita
1535 1790 1711 1846 allecti
1744 1800 1894 1853 sunt,
1928 1793 2128 1848 suade-

2233 1787 2412 1840 ελόντα
2435 1787 2534 1856 τῆς
2562 1788 2951 1861 ἀντιρρήσεως.
2996 1789 3140 1860 Πλὴν
3173 1790 3339 1861 ήδέως
3370 1790 3436 1844 ἂν
3468 1792 3800 1861 συμϐουλεύ-

552 1892 691 1941 rem,
741 1886 800 1931 ut
848 1880 1133 1946 paululum
1163 1888 1319 1934 extra
1362 1883 1732 1939 contentionis
1784 1885 1957 1939 aleam
2006 1900 2129 1941 sese

553 1969 903 2034 collocarent,
965 1986 1141 2039 neque
1192 1970 1490 2026 admodum
1541 1972 1797 2029 ardenter
1847 1990 1946 2043 pro
2007 1976 2127 2030 suis

556 2061 793 2129 propriis
826 2061 1301 2130 persuasionibus,
1358 2063 1559 2132 quibus
1604 2064 1715 2133 jam
1766 2068 2130 2135 praeoccupati

555 2162 707 2217 sunt,
763 2154 1231 2224 digladiarentur:
1286 2171 1462 2226 neque
1497 2156 1863 2229 undequaque
1895 2160 2130 2213 admini-

561 2246 700 2300 culis
730 2246 1053 2316 corrogatis,
1108 2245 1162 2299 id
1210 2262 1380 2301 unum
1427 2249 1730 2312 studerent,
1788 2258 1847 2303 ut
1889 2251 2130 2320 potiores

557 2352 772 2406 semper
797 2344 978 2406 partes
1005 2352 1116 2406 pra:
1153 2338 1271 2393 suis
1304 2338 1639 2394 adversariis
1672 2340 1992 2395 obtineant:
2036 2342 2129 2396 sed

561 2436 638 2493 ut,
670 2427 827 2496 quasi
874 2442 975 2496 pro
1007 2428 1189 2482 anima
1219 2445 1417 2484 cursus
1451 2430 1544 2494 sit,
1597 2431 1698 2486 soli
1752 2432 1829 2486 illi
1860 2434 2005 2502 quod
2036 2449 2131 2489 ex-

559 2519 727 2587 pedit,
761 2526 815 2574 et
843 2518 1063 2573 veritati
1090 2518 1381 2575 victoriam
1412 2521 1741 2575 concedant.
1786 2520 1842 2576 Si
1874 2524 1999 2592 quis
2032 2524 2130 2594 igi-

561 2621 651 2665 tur
679 2612 885 2668 omissa
916 2612 1214 2669 altercandi
1251 2614 1552 2684 prurigine,
1609 2616 1782 2686 ipsam
1814 2616 2129 2687 (Eunomii)

558 2706 863 2762 orationem
888 2707 1113 2777 propius
1134 2707 1359 2772 intueri,
1389 2716 1443 2762 et
1466 2711 1778 2764 accuratius
1800 2710 2133 2780 perpendere

558 2798 689 2852 velit
714 2838 729 2861 .
760 2798 919 2854 facile
953 2798 1343 2854 absurditatem
1374 2814 1440 2853 ex
1501 2802 1601 2854 hac
1633 2799 1881 2855 doctrina
1929 2802 2133 2872 promi-

562 2894 777 2941 cantem
811 2886 1201 2956 deprehendet.

634 2980 1025 3048 Supponamus
1074 2978 1221 3033 enim
1285 2979 1763 3037 innascibilitatem
1818 2998 1943 3039 esse
2000 2984 2131 3040 sub-

563 3069 845 3133 stantiam,
891 3076 954 3122 ut
1003 3069 1299 3125 adversarii
1352 3073 1576 3127 volunt:
1636 3080 1691 3127 et
1728 3088 1922 3128 rursus
1958 3074 2129 3143 ipsam

562 3177 780 3232 quoque
842 3163 1246 3232 generationem
1327 3164 1652 3221 substantiis
1725 3166 2129 3221 accenscmlam

563 3268 706 3308 esse.
758 3251 928 3322 Igitur
990 3254 1041 3307 si
1098 3254 1224 3324 quis
1283 3256 1597 3313 accuratius
1655 3272 1740 3321 ea,
1803 3274 1924 3327 qua:
1986 3259 2131 3313 dicta

566 3351 714 3405 sunt,
774 3342 1105 3410 perpendere
1156 3352 1211 3397 et
1272 3347 1460 3399 rimari
1486 3348 1635 3412 velit,
1706 3347 2130 3403 Manichaeorum

565 3433 760 3503 dogma
787 3449 881 3502 per
917 3450 1013 3489 eos
1047 3435 1147 3491 hac
1187 3437 1399 3493 ratione
1434 3440 1683 3495 renovari
1718 3439 2018 3511 intelliget:
2058 3441 2133 3496 si-

566 3524 786 3593 quidem
814 3522 1096 3579 Manicbaei
1128 3527 1329 3582 malum
1367 3528 1534 3591 bono,
1571 3528 1748 3583 lucem
1781 3531 2043 3591 tenebris.
2079 3540 2134 3586 et

567 3616 748 3667 omnia
781 3614 948 3683 huius
982 3615 1198 3685 generis
1226 3616 1340 3686 ipsa
1376 3626 1583 3671 natura:
1610 3618 1999 3673 contrarietate
2030 3619 2134 3674 sibi

569 3713 762 3757 mutuo
779 3705 979 3773 Opponi
1014 3703 1261 3758 tradunt.
1302 3705 1437 3770 Quae
1465 3721 1591 3760 vere
1623 3722 1651 3758 a
1678 3721 1763 3761 me
1792 3705 1924 3771 dici,
1958 3706 2135 3773 facile,

571 3806 631 3850 ut
664 3800 879 3863 opinor,
911 3806 1137 3859 annuet,
1202 3798 1295 3865 qui
1354 3811 1463 3850 non
1524 3798 1763 3865 segniter
1832 3798 2136 3854 orationem

573 3887 991 3956 praeter-volabit.
1027 3887 1107 3941 Ita
1135 3902 1266 3942 vero
1295 3887 1736 3957 disquisitionem
1764 3890 2142 3945 instituamus:

2230 1894 2387 1948 σαιμι
2428 1881 2540 1942 τοῖς
2569 1879 2712 1935 οὕτω
2741 1879 3103 1949 διακειμένοις
3133 1882 3328 1952 μικρόν
3354 1900 3405 1935 τι
3438 1883 3533 1953 τῆς
3572 1884 3798 1951 φιλονειο

2230 1968 2353 2032 κίας
2372 1969 2479 2035 ἔξω
2494 1971 2747 2037 γενέσθαι
2770 2012 2784 2034 ,
2824 1971 2918 2027 καὶ
2948 1971 3023 2043 μὴ
3045 1972 3165 2025 λίαν
3188 1972 3437 2040 ὲκθύμω,
3459 1973 3565 2026 τών
3588 1975 3804 2026 οἰκείων

2231 2058 2566 2129 ὑπερμαχεῖν
2593 2060 2913 2129 ύπολήψεων
2936 2101 2950 2125 ,
2985 2055 3072 2124 αἶς
3098 2062 3196 2133 ήδη
3233 2064 3657 2134 προειλημμένοι
3675 2081 3802 2131 τυγ-

2230 2147 2490 2215 χάνουσιο
2528 2150 2663 2219 μηδὲ
2719 2150 3056 2221 πανταχόθεν
3106 2152 3412 2223 ἀναζητεῖν,
3457 2154 3603 2217 ὅπως
3633 2154 3699 2207 ἂν
3741 2156 3804 2206 τὸ

2231 2238 2414 2291 πλεῖον
2453 2238 2625 2309 ἔχοιεν
2660 2240 2770 2292 τῶν
2825 2242 3299 2312 ἀντιτεταγμένων
3322 2260 3335 2273 ·
3370 2244 3484 2296 ἀλλ’
3528 2244 3604 2306 ὡς
3662 2246 3805 2314 ὑπὲρ

2230 2328 2408 2398 ψυχῆς
2440 2330 2590 2393 ὄντος
2643 2332 2736 2383 τοῦ
2780 2333 3002 2403 δρόμου,
3040 2334 3186 2404 μόνῳ
3229 2335 3310 2403 τῷ
3358 2336 3687 2407 συμφέροντι
3720 2339 3803 2389 τί-

2232 2424 2436 2488 θεσθαι,
2462 2425 2554 2478 καὶ
2592 2429 2657 2495 τῇ
2701 2426 2924 2497 ἀληθεία
2949 2426 3147 2479 διδόναι
3176 2430 3497 2500 νικητήρια.
3536 2430 3599 2482 Ei
3626 2431 3808 2482 τοίνυν

2233 2516 2555 2585 φιλονεικεῖν
2586 2536 2668 2580 τις
2696 2519 2961 2583 ἀποστάς,
2996 2520 3157 2574 αὑτὸν
3188 2522 3273 2588 ἐφ’
3307 2522 3498 2573 ἑαυτοῦ
3527 2522 3807 2574 διασκοποῖ

2230 2609 2320 2661 τὸν
2369 2607 2544 2675 λόγον,
2596 2609 2656 2660 ού
2710 2610 2959 2678 χαλεπῶς
2998 2613 3221 2683 εὑρήσει
3260 2613 3358 2683 τὴν
3407 2614 3812 2683 ἐμφαινομένην

2232 2699 2461 2755 ἀτοπίαν
2486 2699 2562 2769 τῷ
2581 2700 2841 2769 δόγματι.

2315 2973 2673 3044 ’Υποθώμεθα
2694 2973 2801 3046 γάρ
2827 2976 3223 3046 συγχωρεῖσθαι
3243 2977 3382 3030 κατά
3403 2978 3489 3030 τὸν
3518 2977 3674 3043 λόγον
3702 2978 3814 3030 τῶν

2160 3104 2201 3159 C
2235 3065 2587 3129 ὑπεναντίων,
2619 3067 2712 3119 καὶ
2746 3066 3072 3138 ἀγεννησίαν
3108 3067 3296 3120 οὐσίαν
3333 3064 3471 3121 εἶναι
3493 3086 3505 3098 ·
3539 3070 3631 3122 καὶ
3652 3069 3815 3121 πάλιν

2233 3156 2495 3220 ώσαύτως
2522 3157 2621 3229 τὴν
2651 3158 2902 3229 γέννησιν
2944 3159 3023 3220 είς
3073 3158 3257 3212 οὐσίαν
3318 3161 3809 3230 ἀναλαμϐάνεσθαι.

2234 3248 2443 3302 Οὐκοῦν
2462 3251 2515 3302 εῖ
2535 3266 2618 3313 τις
2642 3250 2883 3321 ἀκριϐῶς
2899 3252 2964 3320 τῇ
2986 3250 3194 3321 διανοίᾳ
3219 3252 3331 3304 τῶν
3345 3252 3651 3321 λεγομένων
3683 3254 3813 3307 ἀκυ-

2233 3339 2534 3407 λουθὴσειε,
2570 3342 2632 3394 τὸ
2654 3343 2994 3412 Μανιχαῖκδν
3029 3343 3210 3405 αὐτοῖς
3235 3342 3410 3413 δόγμα
3443 3343 3532 3395 διὰ
3569 3342 3664 3411 τῆς
3690 3340 3815 3395 ὀδοῦ

2234 3434 2439 3505 ταύτης
2479 3434 2975 3505 ἀναπλασθήσεται,
3002 3434 3159 3505 εῐπερ
3206 3434 3377 3488 κακοῦ
3411 3436 3543 3506 πρὸς
3588 3433 3815 3503 ἀγαθὸν,

2237 3524 2332 3577 καὶ
2360 3524 2537 3593 φωτὸς
2564 3525 2700 3596 πρὸς
2755 3526 2964 3589 σκότος,
3017 3524 3112 3580 καὶ
3173 3524 3390 3579 πάντων
3420 3524 3529 3580 τῶν
3552 3525 3818 3578 τοιούτων

2236 3616 2381 3669 κατά
2401 3617 2459 3669 τὸ
2481 3615 2718 3669 ἐναντίον
2748 3617 2850 3685 τῆς
2872 3616 3106 3685 φύσεως,
3127 3616 3225 3687 τὴν
3254 3615 3525 3671 ἀντίθεσιν
3555 3616 3820 3685 δογματί-

2237 3706 2350 3771 ζειν
2372 3710 2483 3771 τοῖς
2506 3707 2825 3778 Μανιχαίοις
2847 3708 3007 3761 δοκεῖ.
3034 3709 3144 3761 Καὶ
3165 3709 3247 3760 ὅτι
3266 3707 3438 3761 ταῦτα
3459 3707 3633 3777 ἀληθῆ
3649 3706 3818 3774 λέγω,

2240 3800 2436 3871 ῥαδίως
2494 3794 2647 3869 οἶμαι
2713 3798 3072 3869 συνθήσεσθαι
3113 3800 3206 3851 τὸν
3239 3799 3314 3869 μὴ
3342 3798 3602 3869 ῥᾳθύμως
3632 3815 3820 3866 παρα.⁹

2237 3889 2512 3960 δραμόντα
2539 3889 2628 3941 τὸν
2658 3889 2843 3957 λόγον’
2880 3890 3077 3941 οὑτωσὶ
3104 3889 3160 3941 δὲ
3174 3888 3588 3959 διασκεψώμεθα
3613 3902 3627 3916 ⁶
3658 3890 3822 3942 Ἐκά-

570 3980 861 4045 Quodlibet
882 3996 947 4033 ex
979 3980 1248 4048 subjectis
1277 3994 1376 4034 sua
1411 3980 1571 4034 habet
1601 3988 1832 4049 cognata
1877 3990 1933 4037 et
1974 3983 2131 4037 insita

2241 3997 2351 4050 στῳ
2378 3978 2486 4031 τῶν
2518 3978 2894 4047 ὑποκειμένων
2924 3979 3176 4048 προσφυῆ
3206 3995 3326 4031 τινα
3352 3978 3567 4039 πάντως
3586 3975 3820 4028 ἐπιθεω-

573 4075 729 4143 signa
761 4080 815 4128 et
850 4080 1013 4127 notas
1042 4072 1244 4142 quibus
1276 4072 1568 4127 substrata:
1596 4081 1806 4127 natura:
1835 4075 2131 4143 proprieta-

2244 4075 2416 4144 ρεῖται
2446 4072 2828 4143 γνωρίσματα,
2860 4070 2929 4123 δι’
2970 4065 3045 4123 ὧν
3074 4068 3133 4124 τὸ
3168 4069 3366 4134 ίδιάζον
3394 4069 3495 4138 τῆς
3525 4069 3827 4137 ὑποκειμέ-

572 4172 656 4218 tes
684 4171 1105 4232 cognoscantur,
1133 4162 1250 4217 sive
1295 4161 1364 4216 ad
1416 4162 1695 4226 animalia,
1751 4164 1867 4217 sive
1903 4164 1969 4218 ad
2007 4166 2131 4224 alia.

2240 4183 2336 4239 νης
2362 4162 2781 4231 ἐπιγινώσκεται
2832 4160 3046 4230 φύσεως
3067 4204 3080 4223 ,
3121 4162 3229 4214 εἴτε
3261 4160 3353 4214 ἐπὶ
3394 4159 3494 4229 τῆς
3523 4159 3631 4212 τῶν
3662 4157 3825 4222 ζώων

571 4248 907 4322 quocunque
968 4252 1210 4305 animum
1261 4259 1317 4305 et
1366 4250 1759 4321 cogitationem
1812 4260 2131 4305 convertas:

2242 4256 2498 4325 διαφορᾶς
2544 4252 2820 4318 ἐξετάζοις
2870 4252 2961 4304 τὸν
2993 4251 3170 4319 λόγον,
3214 4251 3322 4303 εἴτε
3364 4250 3455 4302 ἐπὶ
3497 4247 3604 4300 τῶν
3640 4247 3827 4300 ἄλλων

572 4360 682 4399 non
713 4344 858 4398 enim
904 4342 1101 4397 iisdem
1136 4342 1283 4397 notis
1315 4350 1369 4396 et
1412 4342 1586 4412 signis
1648 4342 2023 4413 insigniuntnr
2076 4342 2131 4395 li-

2244 4346 2518 4401 ἀπάντων.
2570 4346 2643 4397 Ού
2692 4343 2801 4414 γὰρ
2837 4344 2949 4406 τοῖς
2969 4343 3152 4405 αὐτοῖς
3190 4341 3250 4394 τὸ
3282 4339 3435 4405 ξύλον
3470 4340 3563 4392 καὶ
3592 4339 3651 4391 τὸ
3680 4336 3827 4400 ζῶον

570 4450 738 4506 gnum
767 4444 824 4489 et
854 4435 1080 4499 animal;
1113 4447 1291 4503 neque
1339 4433 1672 4489 animalibus
1724 4434 2016 4502 participat
2048 4448 2131 4486 na-

2248 4436 2743 4511 χαρακτηρίζεται·
2764 4438 2904 4494 οὐδὲ.ο
2925 4438 3039 4499 τοῖς
3068 4434 3225 4499 ζώοις
3253 4434 3594 4487 ἐπικοινωνεῖ
3626 4430 3691 4483 τά
3721 4429 3826 4483 τοῦ

572 4534 697 4579 tura
721 4526 953 4582 rationis
985 4539 1182 4594 expers
1222 4536 1286 4578 ea
1317 4522 1475 4593 signa
1503 4532 1559 4579 et
1615 4522 1841 4587 indicia,
1875 4539 1996 4593 quae
2046 4525 2143 4578 ho-

573 4618 740 4673 minis
774 4627 920 4672 sunt.
972 4615 1159 4686 Neque
1199 4630 1394 4669 rursus
1430 4613 1632 4668 eaedem
1672 4623 1814 4668 noue
1847 4614 2143 4671 ostendunt

573 4710 739 4763 vitam
763 4718 817 4765 et
842 4719 1094 4770 mortem,
1134 4706 1231 4763 sed
1263 4706 1318 4760 in
1354 4704 1617 4760 omnibus
1647 4704 1990 4775 simpliciter,
2034 4706 2143 4761 sic»

574 4803 655 4858 uti
680 4802 818 4867 dixi,
866 4809 951 4857 est
985 4798 1348 4870 impermista,
1385 4806 1442 4853 et
1482 4797 2027 4854 incommunicabilis
2057 4814 2143 4855 re-

572 4907 696 4947 rum
732 4892 1106 4960 subjectarum
1140 4888 1444 4954 distinctio,
1480 4902 1658 4959 neque
1705 4887 1818 4942 ullo
1850 4887 2015 4944 modo
2047 4904 2145 4959 per

575 4985 857 5056 signorum
885 4992 940 5036 et
980 4988 1238 5037 notarum
1266 4980 1744 5052 participationem
1774 4982 2031 5037 confusa.
2061 4982 2142 5036 Ad

580 5079 720 5131 hanc
780 5076 947 5145 igitur
1011 5088 1259 5129 normam
1319 5072 1659 5143 expendatur
1707 5071 2144 5127 adversariorum

577 5168 835 5225 assertio.
868 5162 1352 5220 lnnascibilitatem
1393 5162 1547 5217 aiunt
1584 5175 1709 5216 esse
1756 5160 2144 5223 substantiam,

579 5258 983 5327 generationem
1014 5269 1233 5326 quoque
1265 5252 1335 5308 ad
1374 5252 1736 5309 substantiam
1782 5250 2047 5307 referunt.
2081 5252 2150 5306 At

578 5350 1040 5419 quemadmodum
1075 5346 1313 5402 hominis
1342 5352 1397 5401 et
1423 5344 1621 5415 lapidis
1643 5343 1749 5397 alia
1785 5351 1916 5399 sunt
1944 5343 2147 5397 indicia

581 5448 801 5513 (neque
858 5445 1004 5499 enim
1031 5440 1281 5497 eamdem
1336 5438 1708 5495 deﬁnitionem
1770 5434 2063 5497 attuleris,
2101 5432 2145 5486 si

584 5534 881 5589 animatum
934 5544 991 5591 et
1019 5534 1379 5590 inanimatum
1419 5530 1734 5587 describere
1750 5526 2144 5599 aggrediaris).

586 5628 661 5682 ita
696 5643 805 5682 non
834 5636 1057 5699 gravate
1083 5627 1411 5689 concedant,
1445 5624 1769 5679 innascibile
1820 5621 1944 5675 aliis
1974 5619 2147 5689 signis

586 5729 647 5780 et
673 5719 817 5777 notis
844 5718 1205 5785 innotescere,
1252 5719 1373 5774 aliis
1402 5717 1564 5772 etiam
1596 5716 1648 5770 id
1679 5714 1822 5787 quod
1854 5721 1935 5769 est
1965 5714 2145 5769 nasci-

2248 4528 2535 4601 ἀνθρώπου
2558 4526 2891 4597 γνωριστικά
2918 4529 3117 4596 σημεῖα
3137 4525 3271 4596 πρὸς
3290 4524 3386 4595 τὴν
3415 4524 3606 4590 ἄλογον
3636 4521 3825 4590 φύσιν.

2249 4621 2370 4675 υύδ’
2402 4614 2468 4672 αὖ
2494 4618 2655 4671 πάλιν
2682 4616 2752 4669 τά
2778 4618 2915 4671 αύτά
2952 4616 3190 4669 δείκνυσι
3218 4618 3316 4686 τήν
3352 4633 3413 4671 τε
3441 4615 3585 4684 ζωὴν
3609 4614 3702 4666 καὶ
3729 4612 3829 4663 τὸν

2251 4713 2477 4767 θάνατον
2496 4724 2510 4739 ⁸
2542 4708 2657 4763 ἀλλ’
2696 4708 2789 4760 ἐπὶ
2824 4708 3043 4761 πάντων
3075 4705 3429 4770 ἁπαξαπλῶς,
3458 4704 3642 4767 καθὼς
3671 4704 3828 4773 εἰρη-

2250 4821 2359 4866 ται,
2392 4801 2623 4871 ἄμικτός
2662 4798 2745 4862 τίς
2784 4800 2898 4851 ἐστι
2939 4799 3032 4851 καὶ
3083 4797 3443 4867 ἀκοινώνητος
3474 4798 3509 4866 ἡ
3548 4796 3656 4848 τῶν
3687 4796 3827 4848 sm-

2250 4893 2519 4963 κειμένων
2546 4892 2815 4962 διάκρισις
2837 4930 2853 4954 ,
2885 4890 3034 4943 οὐδὲν
3058 4892 3169 4951 τοῖς
3200 4888 3307 4941 τῶν
3336 4887 3826 4959 ἐπιθεωρουμένων

2250 4984 2593 5054 γνωρίσμασι
2628 4983 2717 5036 διά
2763 4999 2908 5045 τινος
2943 4980 3224 5042 κοινωνίας
3272 4980 3633 5050 συγχεομένη.
3665 4978 3828 5035 Κατά

2251 5079 2426 5132 τοίνυν
2452 5078 2552 5149 τὴν
2591 5074 2910 5129 ἀκολουθίαν
2947 5075 3151 5144 ταύτην
3185 5073 3527 5143 ἐξετασθήτω
3557 5070 3668 5123 τῶν
3718 5071 3829 5125 in:-

2252 5170 2510 5224 εναντίων
2552 5168 2583 5221 ὁ
2628 5168 2803 5237 λόγος.
2858 5166 2967 5236 Τὴν
3019 5164 3364 5235 ἀγεννησίαν,
3424 5163 3611 5217 οὐσίαν
3651 5160 3822 5230 φασί’

2253 5261 2348 5314 καὶ
2398 5259 2496 5329 τὴν
2540 5259 2793 5328 γέννησιν
2830 5257 3090 5320 ὡσαύτως
3139 5257 3219 5319 εἰς
3266 5254 3455 5308 οὐσίαν
3505 5254 3820 5319 ἀνάγουσιν.

2265 5350 2403 5402 Ἀλλ’
2421 5349 2609 5419 ὥσπερ
2634 5348 2941 5418 ἀνθρώπου,
2998 5347 3093 5400 καὶ
3136 5344 3284 5398 λίθου
3330 5344 3511 5415 ἕτερα,
3544 5342 3638 5395 καὶ
3665 5340 3727 5393 ού
3751 5339 3825 5393 τὰ

2253 5440 2390 5494 αύτά
2411 5440 2794 5509 γνωρίσματαο
2844 5439 2904 5490 ού
2947 5438 3054 5508 γὰρ
3110 5437 3175 5491 ἂν
3204 5437 3295 5490 τὸν
3340 5434 3501 5489 αύτδν
3557 5432 3825 5503 ἐκατέρου

2254 5525 2509 5594 ἀποδοίης
2552 5523 2708 5591 λόγον
2758 5522 2995 5593 ἔμψυχόν
3027 5538 3085 5574 τε
3113 5521 3205 5574 καί
3236 5519 3459 5590 ἄψυχον,
3502 5517 3562 5570 τὸ
3591 5516 3645 5569 τί
3674 5517 3826 5567 ἐστιν

2254 5617 2565 5687 ὁριζόμενος
2590 5633 2601 5645 ·
2633 5614 2773 5667 οὕτω
2790 5616 3004 5677 πάντως
3034 5613 3213 5675 ἀλλοις
3238 5612 3336 5683 μὲν
3360 5608 3717 5680 γνωρίζεσθαι
3728 5604 3823 5659 τὸν

2258 5708 2547 5780 ἀγέννητον
2574 5706 2819 5779 σημείοις
2866 5705 3146 5769 δώσουσιν,
3180 5703 3387 5776 ἑτέροις
3414 5702 3469 5755 δὲ
3504 5700 3592 5754 τὸν
3623 5714 3820 5768 γεννηο
