4032 6208
307 278 410 334 ιοῡ

1462 275 1737 332 CONTRA
1777 274 2163 341 EUNOMIUM,
2201 277 2328 331 LIB.
2361 277 2403 331 l.

3452 279 3556 334 ΗΟ

306 397 422 449 τόν.
455 389 659 446 Οὐκοῦν
690 391 1057 463 θεωρήσωμεν
1080 390 1148 444 τὰ
1179 391 1447 454 ἰδιάζοντα
1470 393 1565 445 τοῦ
1582 393 1875 462 ἀγεννήτου

1982 393 2106 447 bile.
2141 393 2437 477 Videamus
2470 392 2634 461 igitur
2663 391 2912 461 pr0prias
2947 398 3106 446 notas
3179 401 3236 446 et
3283 393 3554 447 conditio-

308 487 465 545 Θεοῦ.
489 487 587 539 ὅσα
609 485 849 548 εὐσεϐῶς
869 485 1051 553 λέγειν
1069 501 1128 537 τε
1156 485 1248 538 καὶ
1271 487 1410 539 νοεῖν
1428 485 1578 557 παρά
1604 487 1703 556 τῆς
1723 489 1882 556 ἁγίας

308 578 529 649 Γραφῆς
559 578 684 648 περὶ
713 576 878 629 αὐτοῦ
912 575 1333 647 μεμαθήκαμεν.
1493 645 1502 652 ἢ

376 669 506 721 Τίνα
541 664 635 722 οὖν
661 669 776 721 ἐστι
808 667 978 720 ταῦτα
999 681 1013 729 ;
1035 665 1238 720 Οὐδένα
1281 664 1433 736 οἶμαι
1477 668 1586 719 τῶν
1624 669 1882 738 Χριστια-

306 761 410 813 νῶν
446 762 686 827 ἀγνοεῖν,
713 761 796 812 ὅτι
821 757 1042 826 ἀγαθὸς,
1076 758 1158 810 ὃτι
1187 758 1420 827 χρηστὸς
1438 799 1452 818 ,
1485 759 1566 811 ὅτι
1605 758 1777 828 ἅγιος,
1807 761 1885 813 δῖ-

308 851 457 914 καιός
477 868 538 902 τε
571 851 665 903 καὶ
690 851 854 912 ὅσιος,
882 847 1107 918 ἀόρατός
1136 866 1196 900 τε
1235 849 1325 901 καὶ
1354 847 1637 912 ἀθάνατος,
1678 851 1882 920 φθορᾶς

303 959 364 994 τε
398 941 494 994 καὶ
519 919 728 1010 τροπῆς
758 941 852 992 καὶ
882 938 1214 1001 ἀλλοιώσεως
1243 939 1610 1003 ἀνεπίδεκτος,
1639 919 1880 1004 δυνατὸς,

312 1032 491 1100 σοφὸς,
517 1030 833 1101 εὐεργέτης,
855 1029 1078 1100 Κύριος.
1099 1029 1310 1100 κριτὴς,
1339 1031 1515 1084 πάντα
1544 1031 1610 1084 τὰ
1636 1031 1878 1086 τοιαῦτα.

309 1124 374 1175 Τί
428 1121 538 1190 γὰρ
569 1121 652 1174 δεῖ
691 1119 1135 1190 ὁμολογουμένοις
1189 1119 1582 1190 ἐνδιατρίϐοντα
1625 1123 1884 1190 παρατεί-

309 1233 419 1268 νειν
448 1215 539 1267 τὸν
565 1214 723 1281 λόγον
747 1230 762 1277 ;
790 1214 853 1266 Ei
877 1209 971 1266 οὖν
1001 1212 1173 1266 ταῦτα
1210 1213 1268 1265 ὲν
1309 1215 1373 1281 τῇ
1406 1213 1684 1282 ἁγεννήτῳ
1722 1214 1882 1283 φύσει

310 1302 826 1373 καταλαμϐάνομεν,
858 1302 920 1354 τὸ
945 1301 1001 1355 δὲ
1034 1300 1354 1370 γεννηθῆναι
1394 1299 1472 1368 τῷ
1512 1302 1584 1370 μὴ
1618 1303 1882 1373 γεννηθῆο

309 1410 397 1446 ναι
425 1393 758 1454 ὑπεναντίως
781 1391 895 1461 ἔχει
923 1390 1062 1444 κατὰ
1086 1389 1184 1460 τὴν
1215 1389 1423 1443 ἔννοιαν
1444 1407 1457 1419 ·
1495 1390 1706 1460 ἀνάγκη
1732 1393 1881 1446 πᾶσα

311 1483 598 1536 συνθέσθαι
648 1483 773 1545 τούς
817 1483 917 1553 τὴν
959 1481 1280 1552 ἀγεννησίαν
1332 1482 1426 1534 καὶ
1481 1483 1581 1549 τὴν
1630 1482 1882 1553 γέννησιν

309 1575 495 1628 οὐσίαν
525 1569 664 1627 εἶναι
696 1573 1044 1645 ὁριζομένους
1074 1573 1212 1626 κατά
1245 1572 1400 1641 λόγον
1451 1573 1549 1643 τῆς
1569 1573 1660 1626 τοῦ
1686 1590 1881 1644 γεννη-

309 1666 400 1718 τοῦ
429 1666 563 1737 πρὸς
581 1666 643 1719 τὸ
664 1667 954 1735 ἀγέννητον
978 1663 1321 1727 ἀντιθέσεωςο
1348 1664 1441 1717 καὶ
1458 1663 1528 1716 τὰ
1550 1665 1880 1734 γνωριστικὰ

309 1759 510 1826 σημεῖα
545 1757 645 1826 τῆς
683 1755 947 1826 γεννητῆς
976 1755 1196 1820 οὐσίας,
1232 1751 1562 1817 ὑπεναντίως
1603 1753 1746 1824 ἔχειν
1771 1757 1880 1817 τοῖς

308 1847 794 1918 ὲπιθεωρουμένοις
819 1848 886 1916 τῇ
915 1845 1194 1916 άγεννήτῳ
1221 1843 1396 1913 φύσει.
1422 1844 1484 1897 Ei
1517 1844 1626 1915 γὰρ
1649 1843 1718 1898 τὰ
1741 1845 1879 1899 αὐτὰ

309 1940 536 2006 λέγοιεν,
565 1938 752 1992 οὐκέτι
778 1938 840 1990 τὸ
870 1938 1102 2008 ἑτεροῖον
1127 1936 1226 2006 τῆς
1246 1935 1354 1988 τῶν
1382 1935 1754 2006 ὑποκειμένων
1777 1935 1880 2004 φύ-

309 2045 445 2091 σεως
465 2028 556 2080 διὰ
574 2028 672 2096 τῆς
691 2027 1015 2096 ταυτότητπ
1041 2026 1150 2080 τῶν
1172 2024 1471 2094 έπιθεωρου
1479 2025 1654 2095 μένων
1690 2027 1881 2096 συστή-

305 2137 480 2173 σεται.
503 2120 627 2172 Τῶν
649 2118 757 2189 γάρ
785 2119 1036 2188 ἑτεροίως
1060 2118 1311 2187 ἑχόντων.
1333 2118 1497 2186 ἔτερα
1530 2118 1636 2188 χρὴ
1666 2117 1881 2182 πάντως

306 2207 445 2264 εἶναι
483 2211 579 2263 καὶ
616 2209 685 2263 τά
723 2210 1077 2280 γνωρίσματα
1115 2207 1340 2262 οῖεσθαν
1387 2209 1487 2261 ὅσα
1524 2208 1581 2261 δὲ
1622 2208 1881 2269 ὡσαύτως

306 2302 447 2354 κατά
483 2301 574 2354 τὸν
610 2301 767 2368 λόγον
789 2300 886 2369 τῆς
909 2300 1094 2362 οὐσίας
1128 2299 1272 2368 ἔχει,
1317 2301 1430 2361 τοῖς
1471 2300 1654 2362 αὐτοῖς
1684 2299 1880 2369 δηλαδὴ

302 2393 554 2464 ,σημείοις
587 2392 1071 2462 χαρακτηρίζεται.
1102 2392 1162 2444 Εἰ
1189 2391 1286 2460 μὲν
1305 2383 1399 2444 οὖν
1420 2389 1491 2443 τὰ
1517 2390 1655 2444 αὐτά
1679 2391 1772 2444 καὶ⁵
1805 2390 1881 2461 τῷ

306 2487 602 2552 Μονογενεῖ
632 2480 1163 2555 προσμαρτυροῦσιν,
1196 2481 1471 2551 οὐδεμίαν,
1511 2479 1692 2544 καθὼς
1729 2482 1880 2552 εἴρη-

304 2593 416 2639 ται,
445 2577 574 2645 περὶ
620 2575 682 2628 τὸ
717 2575 1074 2642 ὑποκείμενον
1103 2572 1367 2643 διαφοράν
1406 2571 1693 2625 ἐννοοῦσιν.
1733 2574 1794 2626 Εἰ
1822 2573 1879 2626 δὲ

304 2672 419 2730 τοῖς
461 2667 673 2736 βλασςρή
682 2684 802 2735 μοις
831 2665 1132 2734 ὲπιμένοιεν
1159 2664 1354 2732 λόγοις,
1379 2664 1474 2716 καὶ
1509 2663 1570 2716 τὸ
1602 2663 1879 2733 παρηλλα-

305 2759 506 2828 γμένον
531 2759 626 2828 τῆς
657 2757 871 2825 φύσεως
899 2758 956 2809 ἐν
996 2759 1060 2826 τῇ
1100 2756 1330 2826 διαφορᾷ
1377 2753 1484 2807 τοῦ
1504 2754 1762 2824 γεννητού
1789 2755 1880 2808 καὶ

304 2849 399 2902 τοῦ
420 2850 718 2918 ἀγεννήτου
751 2845 1222 2908 κατασκευάζοιεν,
1247 2844 1465 2898 εὔκολον
1491 2845 1717 2898 συνιδεῖν
1746 2843 1874 2898 πάν-

301 2958 413 3003 τως
445 2941 506 2991 τὸ
531 2941 595 2992 ὲκ
622 2939 723 3008 τῆς
755 2937 1071 3001 ἀκολουθίας
1102 2939 1528 3007 ἀναφαινόμενον
1552 2947 1570 2965 ⁸
1605 2937 1689 2991 ὅτι
1741 2935 1880 2989 κατά

1986 500 2084 538 nes
2115 484 2456 539 innascibilis
2482 482 2599 545 Dei,
2629 498 2767 551 quas
2798 482 2885 552 pie
2937 483 3004 538 de
3031 483 3141 538 Deo
3185 483 3291 538 dici
3326 494 3379 539 et
3413 488 3556 556 cogi-

1985 576 2087 630 tari
2112 591 2174 630 ex
2210 576 2386 630 sacris
2413 574 2610 628 litteris
2634 573 2943 628 didicimus.

2054 662 2185 727 Quae
2226 673 2352 717 sunt
2399 663 2518 718 ista:
2561 663 2745 716 uotae?
2783 661 3064 718 Neminem
3109 662 3550 720 Christianorum

1985 756 2240 826 ignorare
2282 755 2524 810 arbitror
2571 753 2886 823 hujusmodi
2919 763 3078 809 notas
3119 759 3328 810 censeri
3380 759 3551 813 istas:

1984 844 2118 900 Esse
2142 845 2364 905 bonum,
2402 845 2598 908 lenem,
2632 851 2904 907 sanctum,
2933 843 3168 911 justum,
3200 845 3554 910 invisibiletn,

1986 935 2374 998 immortalem,
2425 934 2834 1004 corruptionis,
2895 935 3217 990 mutationis
3266 947 3320 990 et
3359 937 3558 993 altera-

1983 1029 2149 1083 tionis
2178 1028 2513 1096 incapacem,
2548 1036 2844 1096 potentem,
2880 1027 3205 1096 sapientem,
3237 1029 3556 1085 benefacto-

1984 1135 2122 1182 rem,
2161 1118 2471 1183 Dominum,
2515 1119 2782 1188 judicem,
2818 1128 2873 1173 et
2903 1120 3084 1173 omnia
3117 1121 3282 1190 hujus
3315 1125 3552 1192 generis.

1983 1211 2125 1278 Quid
2159 1212 2301 1266 enim
2337 1211 2503 1264 rebus
2533 1211 2713 1280 planis
2743 1219 2796 1265 et
2825 1212 3126 1280 exploratis
3147 1213 3554 1281 immorantem,

1981 1299 2146 1352 verba
2174 1298 2539 1366 multiplicare
2564 1300 2794 1353 attinet?
2820 1309 2843 1338 α
2863 1300 2918 1353 Si
2941 1300 3106 1368 igitur
3123 1301 3295 1355 istain
3318 1305 3556 1359 innasci-

1982 1386 2080 1440 bili
2118 1389 2299 1442 inesse
2332 1387 2816 1456 deprehendimus,
2857 1389 2909 1442 id
2943 1404 3072 1444 vero
3099 1393 3242 1459 quod
3289 1393 3555 1448 nascibile

1981 1485 2086 1539 est,
2133 1477 2182 1532 ei
2229 1477 2373 1546 quod
2413 1489 2496 1533 est
2546 1479 2892 1544 inuascibile,
2935 1481 3238 1535 secundum
3285 1485 3552 1539 rationem

1981 1569 2302 1639 opponitur,
2334 1571 2624 1640 perspicue
2652 1573 2902 1640 sequitur
2935 1587 3051 1633 eos,
3087 1573 3179 1643 qui
3225 1575 3556 1630 innascibili-

1983 1669 2149 1715 tatem
2203 1669 2257 1715 et
2287 1663 2706 1716 nascibilitatem
2734 1664 2884 1716 aiuut
2911 1679 3031 1718 esse
3059 1665 3448 1730 substantiam,
3484 1668 3554 1718 fa-

1983 1755 2084 1807 teri
2117 1753 2332 1815 debere,
2365 1769 2463 1822 pro
2505 1755 2849 1824 oppositione
2894 1756 3236 1812 innascibilis
3267 1759 3333 1813 ad
3369 1759 3552 1814 nasci-

1980 1845 2109 1910 bile,
2145 1854 2303 1899 notas
2333 1860 2548 1913 quoque
2573 1855 2626 1899 et
2650 1846 2992 1902 conditiones
3020 1848 3086 1902 ad
3109 1852 3551 1920 cognoscendum

1981 1947 2138 2008 aptas
2161 1939 2481 1994 substantia!
2500 1940 2782 1994 nascibilis
2805 1942 3109 1995 contrarias
3138 1958 3258 1997 esse
3289 1944 3415 2006 illis,
3434 1962 3554 2013 qua:

1983 2028 2038 2082 in
2070 2038 2266 2083 natura
2321 2029 2628 2084 inuaseibili
2674 2039 2957 2100 apparent.
2997 2029 3052 2084 Si
3081 2033 3223 2086 enim
3263 2036 3552 2104 utrobique

1981 2121 2200 2175 easdem
2233 2128 2391 2174 notas
2424 2130 2649 2190 ponant,
2680 2121 2825 2175 haud
2863 2123 3096 2192 amplius
3135 2123 3425 2178 diversitas
3457 2143 3553 2178 na-

1983 2218 2117 2264 tum
2146 2225 2326 2264 rerum
2371 2211 2762 2279 subjectarum,
2812 2228 2907 2280 per
2937 2214 3154 2268 easdem
3203 2224 3360 2268 notas
3395 2218 3551 2270 nobis

1981 2302 2482 2370 repraesentabitur.
2535 2301 2667 2355 Nam
2721 2318 2807 2366 ea,
2851 2319 2973 2374 qua:
3019 2305 3175 2358 aliter
3207 2314 3400 2359 natura
3433 2324 3552 2362 sese

1980 2391 2203 2457 habent,
2252 2393 2562 2447 necessario
2600 2393 2934 2446 comitantur
2959 2395 3064 2448 alia
3095 2395 3315 2459 ibidem,
3352 2399 3552 2467 quibus
3617 2391 3626 2400 ”

1981 2489 2413 2550 cognoscantur,
2450 2480 2683 2534 indicia:
2736 2497 2856 2550 qua}
2881 2494 3059 2537 autem
3100 2485 3398 2539 secundum
3425 2487 3562 2540 διευς

1981 2573 2198 2626 stantia:
2233 2573 2496 2628 rationem
2541 2574 2795 2631 similiter
2829 2591 2951 2629 sese
2991 2575 3210 2639 habent,
3248 2593 3308 2629 ea
3357 2579 3548 2632 iisdem

1988 2666 2152 2719 etiam
2198 2665 2341 2719 notis
2384 2675 2436 2719 et
2472 2667 2736 2737 symbolis
2783 2668 3087 2737 signantur.
3135 2669 3188 2722 Si
3223 2670 3390 2735 igitur
3426 2673 3550 2724 uni-

1981 2758 2166 2828 genito
2199 2755 2337 2810 Filio
2361 2757 2581 2812 easdem
2627 2773 2848 2828 quoque
2887 2768 3044 2814 notas
3091 2762 3391 2824 ascribunt,
3427 2765 3550 2815 nul-

1955 2841 2108 2913 'lazu,
2142 2857 2300 2919 prout
2321 2849 2457 2912 dixi,
2489 2850 2542 2902 in
2575 2849 2881 2904 subStautia
2904 2851 3274 2906 diversitatem
3304 2864 3548 2908 statuere

1981 2940 2062 2994 vel
2109 2954 2442 3010 cognoscere
2491 2948 2716 3008 queunt.
2777 2939 2836 2994 Si
2869 2957 2998 2996 vero
3035 2943 3089 2995 in
3121 2957 3218 2996 sua
3275 2945 3552 3013 impietate

302 3032 407 3101 τὴν
453 3029 563 3082 τῶν
603 3029 880 3098 ὀνομάτων
922 3027 1214 3091 ἀντίθεσιν,
1249 3027 1463 3096 καὶτῆς
1509 3025 1723 3094 φύσεως
1772 3025 1878 3078 τῶν

1982 3030 2300 3098 persistant,
2340 3037 2394 3082 et
2423 3027 2794 3082 diversitatem
2833 3039 3042 3085 natura:
3073 3047 3166 3100 per
3195 3035 3474 3088 nascibilis
3497 3044 3551 3090 et

303 3122 416 3174 ὐπὸ
452 3119 561 3173 τῶν
603 3120 880 3190 ὀνομάτων
927 3117 1341 3189 σημαινομένων
1379 3116 1710 3178 ὑπεναντίως
1739 3114 1880 3184 ἔχειν

303 3213 445 3282 πρὸς
475 3210 671 3281 ἑαυτὴν
702 3209 1048 3280 νομισθείσης
1074 3249 1088 3271 ,
1124 3210 1335 3280 ἀνάγκη
1365 3211 1514 3262 πᾶσα
1549 3209 1644 3262 καὶ
1674 3209 1742 3262 τὰ
1765 3211 1882 3262 ἐπι-

302 3301 657 3372 θεωρούμενα
686 3302 962 3372 ἑκατέροις
1005 3305 1139 3372 πρὸς
1167 3302 1227 3355 τὸ
1261 3302 1497 3354 ἐναντίον
1523 3300 1878 3371 διενεχθῆναι*

303 3391 450 3442 ὥστε
481 3391 593 3444 τῶν
622 3393 714 3444 ἐπὶ
737 3391 831 3444 τοῦ
858 3391 1065 3464 Πατρὸς
1089 3390 1413 3460 λεγομένων,
1435 3390 1504 3443 τά
1530 3389 1881 3460 ἀντικείμενα

301 3480 386 3549 τῷ
424 3482 715 3550 Μονογενεῖ
758 3481 1160 3552 ὲφαρμόζεσθαι
1188 3520 1204 3543 ,
1246 3481 1516 3551 θεότητος,
1571 3480 1877 3551 ἀγιασμοῦ,

303 3573 672 3643 ἁγαθότητος,
702 3573 1038 3642 ἀφθαρσίας,
1072 3571 1404 3642 ἀῖδιότητος,
1454 3571 1548 3625 καὶ
1582 3571 1637 3624 εί
1663 3589 1716 3624 τι
1753 3571 1882 3626 ἄλλο

302 3663 402 3714 τὸν
434 3663 530 3715 ἐπὶ
567 3663 780 3716 πάντων
808 3663 940 3716 Θεὸν
967 3663 1056 3716 διὰ
1095 3662 1202 3716 τῶν
1233 3661 1470 3715 εὐσεϐῶν
1512 3662 1642 3732 ἡμῖν
1674 3661 1879 3732 νοημά-

306 3772 421 3807 των
473 3755 820 3826 παρίστησιν·
847 3754 988 3808 ὥστε
1041 3753 1220 3808 πάντα
1243 3753 1311 3808 τά
1331 3753 1758 3824 ἀπεμφαίνοντα,
1788 3754 1884 3807 καὶ

307 3847 528 3917 ἑκάστῳ
546 3847 654 3900 τῶν
686 3846 822 3918 πρὸς
843 3847 905 3900 τὸ
931 3849 1174 3918 κρεῖττον
1205 3846 1623 3916 ὑπειλημμένων
1643 3845 1881 3899 ἀντιδια-

308 3936 660 4005 στελλόμενα,
687 3937 784 4008 τῆς
807 3937 1070 4006 γεννητῆς
1100 3936 1206 3990 [δια
1225 3936 1462 4007 νομίζειν
1487 3936 1673 3999 οὐσίας
1713 3931 1874 3990 εἶναι.

1985 3120 2327 3174 innascibilis
2356 3119 2714 3175 differentiam
2747 3120 3030 3184 fabricent,
3057 3122 3213 3177 facile
3233 3131 3316 3178 est
3347 3125 3547 3188 videre,

1985 3227 2230 3280 qumuatn
2264 3211 2392 3265 inde
2423 3212 2634 3265 oriatur
2657 3215 3010 3265 consecutio:
3059 3228 3254 3281 nempe
3277 3215 3322 3267 si
3355 3230 3550 3269 secun-

1983 3302 2111 3355 dum
2160 3301 2444 3355 nominum
2495 3301 2893 3370 oppositionem
2945 3303 3074 3370 ipsa!
3127 3305 3291 3358 etiam
3345 3314 3551 3361 natura:

1983 3407 2194 3454 eormn,
2245 3390 2336 3460 qui
2398 3405 2495 3458 per
2546 3391 2765 3444 nomina
2816 3390 3212 3460 significantur.
3277 3397 3550 3450 contrarie

1983 3493 2104 3533 sese
2161 3477 2391 3531 invicem
2449 3475 2671 3540 habent,
2731 3477 3117 3534 iuevitabiliter
3163 3483 3430 3550 sequitur,
3486 3499 3548 3538 ea

1984 3569 2172 3633 etiam,
2220 3584 2343 3638 quae
2395 3569 2504 3623 illis
2558 3569 2740 3624 inesse
2787 3569 3228 3634 considerantur,
3277 3576 3551 3627 contrarie

1983 3677 2104 3716 sese
2131 3661 2358 3715 habere:
2397 3668 2455 3713 ut
2483 3659 2710 3729 proinde
2736 3659 3023 3731 Unigenito
3046 3677 3275 3730 prorsus
3302 3665 3547 3732 opposita

1983 3752 2073 3815 iis,
2106 3766 2228 3821 quae
2250 3751 2317 3806 de
2346 3749 2509 3804 Patre
2535 3751 2891 3812 aliirmautur,
2926 3753 3386 3806 accommodanda
3415 3755 3546 3818 sint,

1983 3843 2256 3913 Opposita,
2310 3841 2557 3912 inquam,
2597 3841 2890 3906 divinitati,
2939 3842 3244 3905 sanctitati,
3296 3841 3546 3904 bonitati.

1984 3933 2740 4003 incorruptioni,aaternitati,
2793 3941 2846 3987 et
2905 3933 2956 3986 id
3003 3949 3175 4002 genus
3229 3934 3370 3993 aliis.
3428 3950 3550 4003 quae

307 4027 479 4081 Deum
542 4027 920 4082 universorum
978 4042 1074 4097 per
1136 4025 1256 4096 pias
1311 4025 1670 4094 cogitationes
1724 4026 1884 4081 nobis
1928 4033 2337 4095 repraesentant.
2391 4023 2573 4090 Quare
2631 4031 2863 4093 oportet,
2913 4032 2972 4077 ut
3039 4040 3227 4079 omnes
3280 4035 3441 4087 not:e,
3494 4035 3547 4079 (ιι

306 4119 497 4172 omnia
556 4126 766 4172 natura:
817 4117 1016 4173 indicia
1059 4116 1376 4172 melioribus
1421 4115 1530 4171 illis
1583 4117 1883 4180 contraria,
1918 4124 2126 4171 natura:
2157 4115 2350 4185 genitae
2371 4115 2587 4184 pr0pria
2617 4114 2914 4169 existimari
2944 4115 3196 4170 debeant.

380 4212 681 4281 Σαφηνείας
695 4211 751 4263 δὲ
774 4211 953 4282 χάριν,
977 4208 1458 4280 προσδιατριπτέον
1480 4208 1596 4261 ἐστὶ
1617 4207 1693 4279 τῷ
1707 4208 1879 4278 τόπῳ.

2056 4209 2126 4260 At
2163 4207 2430 4262 claritatis
2463 4220 2629 4258 causa
2663 4205 2748 4258 isti
2808 4205 2926 4258 loco
2973 4208 3220 4260 nonnihil
3270 4209 3544 4264 immorari

304 4309 520 4376 Ὠσπερ
546 4303 626 4374 τῷ
647 4302 835 4375 θερμῷ
859 4302 952 4357 καὶ
976 4303 1053 4373 τῷ
1075 4302 1288 4374 ψυχρῷ,
1310 4303 1570 4360 ἐναντίοις
1597 4296 1716 4354 οὖσι
1741 4299 1880 4354 κατά

1985 4297 2154 4351 lubet.
2200 4294 2669 4362 Quemadmodum
2726 4295 2962 4349 calidum
3011 4305 3067 4352 et
3123 4299 3384 4368 frigidum
3440 4301 3543 4355 sibi

298 4399 402 4468 τὴν
433 4393 956 4466 φύσινο(ὐποκείσθω
981 4395 1039 4448 δὲ
1077 4395 1155 4466 τῷ
1200 4394 1342 4465 λόγῳ
1381 4394 1492 4464 πῦρ
1519 4411 1578 4447 τε
1623 4394 1714 4448 καὶ
1748 4393 1879 4464 κρύ-

302 4488 557 4551 σταλλος.
603 4487 808 4539 Ἐκεῖνο
834 4487 1088 4557 ἑκάτερον
1117 4485 1200 4550 δν,
1231 4487 1368 4558 ὅπερ
1394 4487 1493 4540 οὐκ
1525 4484 1638 4538 ἔστι
1666 4484 1727 4538 τὸ
1763 4486 1880 4538 ἓτε-

301 4598 420 4652 ρον.
466 4579 579 4632 Καὶ
625 4579 692 4631 τά
722 4579 866 4640 ἰδίως
915 4577 1160 4649 ἐκατέρῳ
1197 4577 1400 4631 τούτων
1449 4577 1876 4648 ἐπιφαινόμενα,

301 4667 776 4738 παρηλλαγμένως
803 4667 914 4738 ἔχει
943 4668 1160 4730 πάντως
1187 4667 1323 4738 πρὸς
1355 4667 1575 4737 ἄλληλα·
1613 4667 1743 4721 τδιον
1772 4667 1880 4737 γὰρ

299 4760 396 4814 τοῦ
433 4759 536 4829 μὲν
567 4758 900 4828 κρυστάλλου
933 4759 966 4828 ἡ
999 4758 1178 4828 ψύξιςο
1211 4757 1304 4812 τού
1349 4757 1406 4811 δὲ
1448 4757 1648 4828 πυρὸς,
1684 4758 1717 4827 ὴ
1751 4756 1878 4826 θερ-

301 4847 712 4921 μὸτηε·)οὐτως
741 4850 894 4920 είπερ
921 4848 1062 4902 κατά
1086 4847 1182 4920 τὴν
1214 4850 1272 4902 ὲν
1305 4850 1416 4911 τοῖς
1444 4847 1701 4918 ὀνόμασιν
1729 4848 1882 4901 ἐναν-

297 4945 498 4996 τίωσιν
535 4943 626 4994 ἐπὶ
667 4941 762 4994 τοῦ
798 4941 1090 5009 ἀγεννὴτου
1137 4939 1231 4993 καὶ
1274 4938 1552 5007 γεννητοῦ,
1604 4936 1699 4990 καὶ
1727 4939 1760 5008 ή
1793 4937 1880 4991 διά

293 5037 406 5090 τῶν
431 5035 720 5106 ὀνομάτων
749 5033 1050 5103 δηλουμένη
1078 5030 1238 5101 φύσις
1272 5031 1406 5100 πρὸς
1431 5031 1492 5083 τὸ
1511 5028 1882 5099 ἀντικείμενον

291 5127 579 5196 ἔιασταίη,
611 5127 711 5182 οὐκ
738 5125 1009 5196 ἐνδέχεται
1049 5123 1145 5186 τὰς
1175 5121 1431 5192 δυνάμεις
1458 5120 1568 5174 τῶν
1609 5119 1750 5174 κατά
1784 5118 1883 5188 φύ-

292 5235 386 5271 σιν
411 5216 776 5279 ὑπεναντίων,
805 5215 996 5284 όμοίας
1023 5211 1280 5282 ἀλλήλαις
1323 5205 1482 5264 εἶναι’
1512 5210 1587 5271 ὡς
1614 5210 1714 5264 οὐκ
1737 5209 1883 5263 ἑνδέ-

291 5325 484 5377 χεται,
515 5305 642 5359 οὔτε
689 5308 746 5358 έν
774 5305 908 5376 πυρὶ
933 5303 1032 5374 τὴν
1072 5301 1254 5372 ψύξιν,
1300 5300 1424 5354 οὐτε
1454 5305 1514 5355 ὲν
1565 5300 1971 5390 κρυστάλλῳκΝ

289 5396 564 5465 γενέσθαι
596 5397 694 5467 τὴν
721 5395 984 5467 πύρωσιν.
1021 5394 1083 5447 Ei
1113 5388 1207 5447 οὖν
1239 5393 1298 5445 ὲν
1328 5394 1392 5462 τῇ
1425 5391 1706 5460 ἀγεννήτῳ
1729 5391 1892 5462 οὐσίᾳ·

291 5491 330 5558 1;
356 5485 650 5556 άταθότης
669 5487 887 5547 νοεῖται,
908 5484 1156 5554 διέστηκε
1175 5483 1254 5547 δὲ,
1278 5481 1460 5544 καθὼς
1483 5482 1677 5536 ἐκεῖνοί
1699 5498 1880 5550 φασιν,

289 5582 356 5634 ἄν
383 5580 476 5647 τῷ
506 5578 651 5647 λόγῳ
676 5577 771 5647 τῆς
804 5577 1013 5646 φύσεως
1037 5576 1172 5645 πρὸς
1190 5574 1287 5646 τὴν
1313 5573 1573 5644 γεννητὴν
1599 5574 1631 5644 ή
1653 5573 1852 5643 ἀγέννη
1871 5603 1884 5614 ο

1983 4394 2174 4443 mutuo
2235 4385 2656 4440 adversantibus
2702 4387 2914 4442 naturis
2964 4397 3224 4442 constant
3261 4391 3545 4460 (accipia-

1981 4494 2106 4533 mus
2149 4477 2382 4546 exempli
2419 4477 2592 4546 gratia
2629 4477 2806 4547 ignem
2846 4486 2899 4532 ct
2956 4479 3206 4549 glaciem.
3255 4480 3545 4546 Quodlibet

1981 4575 2066 4623 est
2095 4567 2253 4631 illud,
2284 4567 2431 4634 quod
2466 4581 2574 4619 non
2632 4575 2716 4622 est
2768 4567 3022 4630 alterum,
3066 4576 3119 4622 et
3149 4585 3296 4646 quae,
3324 4571 3545 4624 cuilibet

1982 4655 2176 4709 horum
2208 4654 2428 4725 proprie
2454 4655 2809 4718 conveniunt,
2842 4671 3067 4724 prorsus
3093 4658 3234 4713 inter
3255 4675 3312 4714 se
3338 4659 3545 4713 discre-

1982 4753 2110 4816 pant
2137 4765 2150 4800 :
2181 4761 2307 4800 nam
2341 4746 2532 4816 glaciei
2564 4747 2842 4816 proprium
2873 4756 2958 4803 est
3004 4747 3341 4819 refrigerare.
3405 4751 3545 4821 ignis

1979 4835 2326 4906 calefacere),
2354 4837 2448 4899 ita,
2480 4836 2524 4891 si
2565 4845 2622 4890 ut
2645 4837 2863 4891 nomina
2891 4837 3266 4894 iuinnascibili
3293 4850 3346 4895 et
3375 4843 3547 4896 uasei-

1980 4927 2074 4981 bili
2103 4929 2207 4982 sibi
2242 4926 2519 4981 contraria
2553 4935 2704 4991 sunt,
2727 4927 2808 4981 sic
2844 4929 3006 4982 etiam
3067 4941 3259 4984 natura
3315 4933 3549 4986 nomini-

1981 5022 2085 5076 bus
2112 5019 2416 5090 significata
2443 5020 2842 5090 oppositionem
2865 5022 3048 5086 habet,
3076 5025 3188 5079 fieri
3212 5041 3318 5079 non
3347 5035 3544 5094 potest,

1981 5119 2041 5166 ut
2067 5113 2320 5182 potentiae
2355 5127 2542 5166 eorum
2568 5128 2690 5182 quae
2717 5113 3020 5168 secundum
3048 5123 3296 5170 naturam
3329 5128 3548 5170 contra-

1983 5203 2064 5258 ria
2098 5214 2248 5269 sunt,
2289 5205 2398 5261 sint
2434 5204 2579 5258 inter
2605 5221 2666 5260 se
2695 5204 2926 5267 similes,
2957 5215 3118 5274 prout
3153 5208 3267 5262 fieri
3309 5224 3417 5262 non
3454 5225 3548 5278 pn-

1983 5305 2109 5360 test,
2163 5304 2220 5350 ut
2276 5296 2330 5350 in
2377 5295 2501 5365 igne
2555 5295 2863 5350 inveniatur
2921 5298 3126 5368 frigus,
3172 5307 3227 5354 et
3282 5301 3334 5354 in
3378 5302 3550 5372 glacie

1983 5389 2154 5446 calor.
2211 5386 2267 5441 Si
2318 5387 2481 5456 igitur
2541 5387 2596 5440 in
2633 5395 2826 5442 natura
2869 5388 3180 5445 iunascibili
3213 5392 3429 5447 bonitas
3472 5395 3547 5446 in-

1984 5491 2092 5545 est,
2123 5481 2398 5550 discrepat
2438 5488 2642 5542 autetn,
2697 5481 2839 5548 quod
2895 5481 2971 5536 illi
3019 5482 3305 5550 aliirmaut,
3364 5484 3417 5539 in
3468 5500 3547 5537 ra-

1987 5574 2140 5631 tione
2175 5580 2382 5628 natura:
2414 5570 2757 5628 innascibilis
2792 5587 2822 5626 a
2860 5575 3130 5640 naScibili,
3168 5591 3392 5632 necesse
3440 5589 3554 5629 om-

369 5725 403 5756 ⁸
445 5710 748 5779 ﬂetusque
778 5707 975 5777 Apogr.
1013 5707 1154 5775 Liv.;
1182 5709 1466 5780 sequentia
1499 5724 1562 5763 ex
1603 5707 1721 5763 solo
1765 5705 1864 5764 cod
1917 5703 2048 5764 Bav.
