4032 6208
519 281 620 336 411

1775 268 1833 324 S.
1860 263 2186 324 GREGORII
2242 263 2537 323 NYSSENI

3668 267 3790 321 “2'

521 394 652 447 nino
676 400 778 452 est,
815 398 872 443 ut
925 386 1000 454 id,
1056 385 1203 454 quod
1257 393 1342 440 est
1391 383 1672 455 praprium
1735 383 2099 446 innascibilis,

2214 400 2315 447 τος,
2347 383 2788 453 συνδιαστήσεται
2833 382 3052 446 πάντως
3087 380 3180 437 καὶ
3207 374 3676 450 τοτᾶγγεννῆτου
3716 378 3778 432 το

522 485 799 552 discrepet
824 495 1041 551 quoque
1076 479 1144 534 ab
1165 478 1279 540 illo.
1307 477 1453 547 quod
1478 485 1564 532 est
1585 476 1864 546 proprium
1882 465 1894 476 ’
1916 474 2098 531 nasci-

526 575 670 629 hilis.
702 573 886 641 Itaque
911 571 957 624 si
986 570 1038 623 in
1075 570 1168 624 illa
1207 577 1404 624 natura
1449 568 1592 622 inest
1621 567 1862 632 bonitas,
1919 567 1972 621 in
1997 565 2099 622 hac

527 663 602 720 i.l.
631 660 777 732 quod
827 661 969 716 bono
1021 659 1344 729 opponitur,
1396 656 1820 726 concipiendum
1864 654 1989 709 erit.
2020 655 2096 707 Ita

523 766 688 821 opera
716 749 1013 820 insignium
1044 749 1275 804 istorum
1307 747 1759 817 dogmatistarum
1812 745 2100 802 reviviscet

527 842 712 897 Manes
759 841 887 896 mali
923 848 1176 896 naturam
1223 853 1510 909 opponens
1546 839 1712 902 bono,
1753 845 1810 892 et
1849 836 2103 892 substan-

525 933 723 984 tiarum
773 929 1145 986 diversitatem
1202 927 1257 982 in
1317 927 1455 997 ipsis
1496 941 1716 997 quoque
1758 926 2020 996 potentiis
2048 934 2105 980 et

527 1020 823 1077 virtutibus
863 1029 1143 1076 astruens.

599 1111 658 1166 Si
709 1118 892 1167 autem
931 1109 1070 1166 nihil
1105 1109 1329 1179 penitus
1366 1107 1828 1164 dissimulandum
1866 1114 1974 1174 est,
2007 1108 2103 1164 sed

527 1202 718 1258 omnia
759 1201 932 1257 libere
953 1198 1187 1256 dicenda
1215 1217 1229 1253 :
1264 1197 1450 1254 Manes
1473 1199 1671 1254 merito
1694 1196 1850 1256 venia
1888 1196 2106 1268 dignior

526 1293 833 1350 existimari
871 1299 1076 1362 potest,
1126 1304 1293 1361 quam
1325 1290 1412 1344 isti
1440 1305 1634 1360 :quem
1677 1290 1831 1344 aiunt
1868 1291 2104 1360 primum

530 1387 722 1450 fuisse,
772 1383 869 1454 qui
911 1382 1211 1438 Manichaa
1259 1380 1514 1451 dogmata
1547 1381 1751 1437 cudere
1797 1380 2103 1452 ingressus,

529 1487 734 1534 sectam
781 1475 850 1530 de
890 1489 992 1530 suo
1021 1473 1244 1528 nomine
1277 1472 1655 1542 appellaverit.
1692 1471 1818 1527 Haec
1849 1472 2105 1538 dixerim,

533 1571 691 1642 quasi
736 1570 783 1625 si
830 1569 956 1640 quis
993 1583 1062 1624 ex
1097 1568 1285 1638 vipera
1317 1575 1373 1621 et
1413 1567 1604 1638 aspide
1643 1567 2014 1638 benigniorem
2053 1574 2108 1622 et

531 1664 808 1718 mitiorem
851 1661 1039 1731 eligat,
1078 1674 1202 1714 cum
1249 1659 1415 1713 etiam
1471 1658 1614 1714 inter
1657 1659 1776 1728 ipsa
1812 1658 1971 1713 bruta
1997 1657 2110 1711 ani-

2208 477 2335 530 ἴδιον
2369 477 2474 530 ἀπὸ
2502 475 2594 529 τοῦ
2643 477 2783 528 κατά
2825 475 2885 528 τὸ
2911 475 3164 545 γεννητὸν
3193 473 3500 538 ίδιάζοντος.
3540 474 3702 525 Ὥστε
3729 474 3778 524 εί

2205 573 2262 623 ἐν
2293 570 2486 640 ἐκείνῳ
2511 569 2572 621 τὸ
2607 567 2832 636 ἀγαθὸν,
2857 569 2916 620 ἐν
2943 567 3118 635 τούτῳ
3148 566 3380 620 νοεῖσθαι
3400 566 3460 617 τὸ
3487 565 3562 635 τῷ
3589 563 3782 632 ἀγαθῷ

2205 660 2596 730 ἀντικείμενον.
2631 658 2742 712 Καὶ
2764 657 2937 721 οὕτως
2960 658 3089 728 ⁴ἡμῖν
3110 655 3200 711 διὰ
3227 657 3336 709 τῶν
3367 655 3544 724 σοφῶν
3575 653 3781 707 τούτων

2205 748 2599 818 δογματιοτῶν,
2644 746 2805 801 πάλιν
2835 749 2864 800 ὸ
2901 746 3093 817 Μάνης
3139 743 3501 799 ἀναϐιώσεται
3541 744 3638 814 τὴν
3679 743 3782 812 τῆς

2207 838 2404 902 κακίας
2437 837 2597 906 φύσιν
2625 837 3072 908 ἀντιπαρεξάγων
3097 835 3174 906 τῷ
3206 835 3416 905 ἀγαθῷ,
3448 835 3541 888 καὶ
3579 837 3646 904 τῇ
3673 834 3782 886 τῶν

2207 931 2406 984 οὐσιῶν
2436 930 2711 1000 ἑτερότητι
2749 926 3090 999 δογματίζων
3117 927 3180 981 τὸ
3221 928 3280 980 ὲν
3327 929 3446 990 ταῖς
3488 925 3783 995 δυνάμεσιν

2209 1020 2390 1076 αὑτῶν
2417 1019 2814 1088 ἀντικείμενον.
3173 1047 3204 1076 ,ι-

2281 1111 2346 1166 Εί
2373 1112 2431 1166 δὲ
2459 1111 2568 1184 χρὴ
2601 1109 2765 1182 μηδὲν
2798 1110 3254 1182 ὑποστειλάμενον
3293 1111 3434 1180 μετά
3471 1109 3788 1180 παρρησίας

2211 1205 2406 1270 εἰπεῖν,
2440 1203 2908 1274 συγγνωστάτερος
2938 1202 3144 1258 τούτων
3182 1205 3211 1256 ό
3243 1201 3430 1272 Μάνης
3469 1202 3690 1265 εἰκότως
3717 1201 3785 1254 ἂν

2211 1293 2350 1350 εἶναι
2376 1295 2679 1366 νομίζοιτοο
2709 1294 2769 1348 ὃν
2795 1294 3007 1366 πρῶτόν
3041 1311 3174 1364 φασι
3209 1297 3323 1358 τοῖς
3349 1292 3582 1363 δόγμασι
3613 1291 3780 1350 Μανι-

2212 1387 2382 1458 χαίων
2424 1386 2881 1458 ἑπιτολμήσαντα,
2925 1386 3018 1455 ἀφ’
3055 1385 3250 1440 ἑαυτοῦ
3292 1385 3653 1454 καωνομάσαι
3686 1383 3804 1453 τὴν-

2211 1479 2443 1550 αῖρεσιν.
2492 1477 2652 1546 Λέγω
2693 1477 2750 1530 δὲ
2803 1475 2994 1540 ταῦτα,
3031 1477 3108 1541 ὡς
3151 1478 3218 1532 ἂν
3245 1477 3301 1529 εί
3322 1493 3408 1540 τις
3453 1476 3665 1546 ἐχίδνης
3691 1476 3806 1529 καὶ.

2213 1571 2439 1633 ἀσπίδος
2483 1569 2581 1641 τὴν
2612 1569 3129 1641 φιλανθρωποτέραν
3154 1569 3430 1638 ὲκλέγοιτο
3450 1585 3464 1600 ·
3498 1567 3636 1640 πλὴν
3667 1567 3785 1620 ἀλλ’

2215 1662 2401 1732 ἐπειδή
2433 1664 2547 1715 ἐστι
2578 1662 2673 1714 καὶ
2703 1661 2762 1714 ὲν
2791 1660 2999 1730 θηρίοις
3036 1660 3234 1731 κρίσις,
3273 1660 3394 1729 οὐχὶ
3417 1659 3620 1712 τούτων
3645 1656 3792 1710 ὲκεί-

532 1756 739 1808 manlia
773 1754 845 1808 sit
893 1750 1190 1808 discrimen
1226 1748 1525 1818 quoddam.
1571 1749 1764 1804 Nonne
1810 1750 1932 1804 illos
1979 1749 2110 1820 (Ma-

2214 1769 2336 1816 νους
2365 1753 2752 1822 ἀνεκτοτέρους
2804 1748 2938 1806 εἶναι
2979 1752 3380 1823 δοκιμαζόμενα
3421 1750 3489 1805 τὰ
3542 1750 3788 1820 δόγματα

533 1846 798 1913 ιιίριιωοε)
831 1845 921 1900 his
958 1841 1359 1914 (Eunomianis)
1416 1842 1816 1896 tolerabiliores
1855 1842 2108 1911 dogmata

532 1940 597 1992 al
647 1953 876 1993 examen
917 1943 1108 1990 vocata
1156 1934 1499 1990 ostendunt?
1550 1933 1646 1987 Ille
1695 1933 1840 1988 enim
1876 1931 2108 2001 (Manes)

533 2031 800 2083 bonorum
825 2027 1032 2082 auctori
1065 2035 1120 2082 et
1149 2027 1423 2097 principio
1458 2041 1518 2081 se
1551 2025 1881 2094 patrocinari
1912 2024 2110 2078 existi-

533 2121 735 2183 mabat,
768 2127 1032 2189 tanquam
1067 2118 1216 2172 nulla
1240 2118 1368 2172 mali
1416 2131 1584 2172 causa
1610 2115 1680 2170 ab
1718 2115 1811 2170 illo
1842 2116 2109 2186 originem

532 2212 695 2265 ducat
744 2229 758 2265 :
813 2219 1103 2280 propterea
1147 2209 1214 2264 ad
1264 2207 1414 2262 aliud
1463 2208 1790 2277 principium
1823 2207 2108 2278 proprium

532 2303 778 2356 omnium
800 2316 1014 2364 eorum,
1045 2315 1166 2370 qua:
1203 2301 1258 2354 in
1284 2299 1442 2355 malis
1474 2307 1858 2362 numerantur,
1885 2313 2109 2353 causam

459 2391 482 2414 '
535 2394 741 2456 retulit,
759 2391 916 2463 quasi
934 2407 1032 2461 pro
1050 2390 1160 2447 Deo
1177 2391 1558 2446 universorum
1579 2390 1902 2444 advocatum
1921 2403 2109 2458 agens:

2209 1845 2514 1911 δείκνυσιν;
2551 1845 2612 1898 '0
2646 1845 2742 1914 μὲν
2780 1844 2888 1912 γὰρ
2941 1843 3320 1913 συναγορεύειν
3365 1843 3500 1913 (peto
3531 1840 3606 1911 τῷ
3635 1839 3788 1910 αὐτῷ

2214 1934 2434 2003 ἀγαθῶν
2474 1934 2632 2006 αίτίῳ
2657 1951 2672 1965 υ
2711 1937 2787 1998 ὼς
2816 1936 3070 2005 οὐδεμιᾶς
3096 1934 3278 1988 κακῶν
3302 1933 3480 1997 αἰτίας
3517 1934 3609 1986 ἀπ’
3640 1932 3788 1984 ὲκείο

2212 2045 2303 2081 νου
2336 2027 2435 2098 τὴν
2480 2027 2655 2098 ἀρχὴν
2698 2026 2983 2097 λαϐούσης.
3013 2027 3123 2080 Καὶ
3162 2026 3250 2080 διὰ
3283 2026 3441 2079 τοῦτο
3483 2027 3562 2088 είς
3614 2023 3790 2095 ἀρχὴν

2213 2119 2405 2189 ἑτέραν
2470 2118 2794 2182 ἰδιάζουσαν,
2845 2119 2952 2172 τῶν
3004 2119 3141 2189 πρὸς
3185 2119 3247 2171 τὸ
3302 2120 3482 2188 χεῖρον
3528 2116 3793 2187 ἀριθμου-

2217 2210 2395 2278 μένων
2459 2211 2678 2264 πάντων
2740 2210 2838 2282 τὴν
2901 2211 3080 2264 αἰτίαν
3131 2210 3335 2280 ἀνῆψεν
3354 2227 3368 2240 ·
3435 2205 3544 2262 οἷον
3596 2207 3793 2261 ἀπολο-

2214 2301 2480 2370 γούμενος
2532 2302 2673 2372 ὑπὲρ
2717 2301 2812 2354 τοῦ
2843 2302 2977 2355 Θεοῦ
3011 2301 3122 2356 τῶν
3169 2302 3324 2364 ὅλων,
3359 2301 3434 2364 ὡς
3471 2301 3569 2352 οὑκ
3597 2301 3791 2366 εὐαγὲς

2213 2393 2293 2457 ὃν,
2335 2395 2433 2464 τὴν
2464 2393 2572 2446 τῶν
2629 2393 2848 2462 ἀγαθῶν
2903 2394 3083 2465 πηγὴν
3130 2394 3221 2447 καὶ
3265 2394 3372 2445 τῶν
3435 2393 3584 2465 παρά
3633 2392 3793 2460 λόγον

535 2484 760 2553 perinde
811 2499 877 2538 ac
933 2484 980 2538 si
1032 2482 1310 2552 piaculum
1355 2490 1501 2537 esset
1553 2482 1821 2536 bonorum
1865 2481 2110 2536 omnium

2216 2486 2718 2557 πλημμελουμένων
2770 2486 3116 2539 ἐπαιτιᾶσθαι
3143 2503 3156 2516 ο
3203 2487 3262 2538 οὑ
3308 2487 3509 2549 συνιεὶς
3559 2484 3662 2538 ὑπὸ
3703 2502 3793 2554 με-

537 2574 762 2636 fontem,
813 2588 1027 2633 eorum,
1059 2589 1179 2642 qua:
1223 2580 1419 2642 praeter
1463 2571 1728 2626 rationem
1763 2571 2110 2625 committun-

2216 2575 2534 2646 κροψυχίας,
2566 2577 2647 2628 ὃτι
2690 2575 2911 2628 δυνατὸν
2941 2571 3029 2646 ἦν,
3068 2576 3202 2647 μηδὲ
3241 2577 3425 2629 κακῶν
3466 2573 3798 2645 δημιουργὸν

535 2670 646 2725 tur,
685 2676 949 2716 accusare
993 2679 1004 2716 :
1062 2677 1169 2716 non
1214 2661 1546 2732 intelligi-ns,
1583 2676 1694 2730 prae
1741 2661 1908 2714 animi
1942 2675 2110 2729 angu-

2214 2665 2304 2718 τὸν
2343 2665 2474 2718 Θεὸν
2522 2665 2748 2729 οἴεσθαι,
2789 2667 2925 2736 μήτε
2960 2665 3088 2718 ἄλλο
3140 2683 3190 2718 τι
3231 2666 3462 2736 ἄναρχον
3509 2665 3654 2735 παρά
3699 2664 3797 2716 τὸν

535 2752 679 2814 stiis,
724 2750 838 2807 ﬁeri
890 2766 1074 2820 posse,
1109 2758 1166 2803 nt
1209 2765 1386 2820 neque
1443 2749 1586 2805 Deus
1629 2751 1896 2804 tnalorutn
1923 2758 2110 2804 auctor

2217 2755 2348 2809 Θεὸν
2377 2756 2768 2826 φαντασθῆναι.
2794 2757 2928 2826 Περὶ
2953 2749 3029 2810 ὧν
3051 2756 3214 2819 πολὺς
3240 2758 3269 2809 ό
3289 2757 3462 2825 λόγος.
3492 2759 3583 2810 καὶ
3610 2757 3668 2809 οῦ
3695 2755 3795 2809 τοῦ

537 2843 823 2907 habeatur,
863 2857 1039 2910 neque
1072 2842 1178 2895 alia
1211 2842 1478 2910 quarpiam
1521 2857 1688 2898 causa
1733 2842 1986 2911 principii
2018 2857 2110 2896 ex-

2217 2849 2481 2918 παρόντος
2504 2848 2568 2900 ἂν
2597 2849 2678 2918 εἴη
2715 2847 2928 2919 καιροῦ.
2953 2848 3062 2902 Καὶ
3083 2844 3143 2902 οὗ
3167 2849 3324 2920 χάριν
3361 2849 3467 2903 τῶν
3492 2851 3611 2920 είρη
3619 2849 3820 2918 μένων-

536 2949 663 3003 pars
704 2933 1110 2987 iutroducatur.
1174 2933 1248 2986 De
1295 2947 1406 3002 quo
1445 2934 1604 3002 longa
1653 2942 1740 2988 est
1787 2931 2110 3002 disputatio,

2218 2938 2598 3010 ὲμνὴσθημεν;
2618 2935 2740 2992 ’Ότι
2765 2942 2969 3004 ἐκεῖνος
2993 2939 3093 3009 μὲν
3119 2941 3350 3010 ἀφιστᾷν
3375 2940 3511 3011 ᾣετο
3534 2941 3642 2994 δεῖν
3665 2942 3801 3012 περὶ

536 3042 713 3095 neque
767 3023 1054 3095 praesentis
1102 3024 1385 3093 temporis.
1439 3023 1640 3088 Causa,
1689 3039 1788 3078 cur
1837 3023 1941 3078 hoc
1995 3025 2110 3079 loco

2217 3031 2311 3083 τοῦ
2349 3029 2484 3084 Θεοῦ
2511 3030 2622 3083 τῶν
2651 3030 2788 3084 ὅλων
2824 3033 2932 3102 τῆς
2967 3032 3165 3095 κακίας
3202 3033 3408 3103 ἀρχήνο
3442 3025 3584 3086 οὗτοι
3609 3032 3664 3084 δὲ
3688 3032 3793 3085 xa-

539 3117 732 3170 horum
771 3115 1104 3169 mentionem
1149 3113 1462 3180 fecerimus,
1496 3115 1598 3170 ista
1628 3123 1732 3178 est,
1765 3114 1891 3184 quia
1931 3113 2110 3171 Manes

2221 3123 2416 3177 κείνων
2471 3122 2854 3194 χαλεπωτέραν
2905 3124 3372 3188 κατασκευάζουσι
3422 3123 3519 3195 τὴν
3565 3125 3796 3176 ἔκτοπον

539 3207 913 3261 arbitrabatur
943 3221 971 3259 a
1005 3205 1114 3260 Deo
1145 3206 1528 3260 universorum
1559 3205 1712 3259 omni
1769 3206 1932 3260 modo
1966 3206 2117 3276 prin-

535 3299 738 3368 cipium
772 3297 895 3350 mali
934 3298 1205 3352 removeri
1237 3298 1455 3352 debere.
1505 3298 1574 3350 At
1621 3298 1709 3352 isti
1743 3298 2116 3369 (Eunomiani)

539 3391 696 3460 longe
741 3389 1048 3459 graviorem
1087 3403 1248 3458 quam
1289 3390 1386 3450 illi,
1430 3399 1482 3442 et
1514 3388 1891 3444 absurdiorem
1921 3399 2114 3443 contra

538 3483 735 3536 Filium
762 3482 1155 3550 blasphemiam
1185 3481 1416 3534 endnnt.
1449 3480 1712 3536 Naturam
1748 3481 2017 3534 malorum
2050 3483 2119 3535 si-

538 3576 740 3629 militer
773 3582 833 3628 ut
877 3574 976 3639 illi,
1008 3573 1354 3643 oppositione
1399 3575 1701 3628 secundum
1750 3575 2115 3629 substantiam

538 3666 861 3730 metiuntur,
916 3673 1192 3734 quatenus
1230 3677 1361 3718 vero
1415 3664 1469 3717 in
1524 3664 1628 3718 hoc
1677 3680 1780 3718 suo
1838 3665 2115 3734 ﬁgmento,

538 3757 918 3811 universorum
952 3756 1116 3809 Deum
1151 3763 1392 3809 statuunt
1430 3756 1786 3819 conditorem,
1831 3771 1859 3808 a
1891 3772 2022 3826 quo.
2061 3766 2120 3810 ut

539 3849 712 3911 .iiunt,
757 3847 1107 3916 generatione
1141 3845 1448 3900 substantia
1488 3847 1751 3914 producta
1790 3847 1985 3900 aliena:
2024 3862 2118 3900 na-

541 3948 673 3992 'ura!
713 3938 786 3992 sit
827 3952 857 3991 a
909 3947 1106 3991 natura
1147 3936 1232 3992 sui
1283 3937 1516 4006 opiﬁcis,
1554 3945 1783 3992 eatenus
1840 3938 2120 4006 impietate

540 4030 866 4084 Manichacus
911 4029 1070 4099 longe
1119 4036 1382 4098 superant
1431 4028 1609 4098 :quia
1666 4043 1776 4081 non
1823 4029 2000 4083 solum
2043 4029 2116 4092 ei,

538 4118 683 4183 quod
729 4117 1032 4172 secundum
1085 4130 1239 4170 suam
1281 4124 1539 4170 naturam
1590 4115 1736 4172 bono
1773 4115 2116 4180 adversatur,

540 4208 1146 4280 hypostasintribuunt,
1181 4209 1275 4264 sed
1301 4211 1428 4278 quia
1459 4210 1663 4264 bonum
1701 4208 1866 4264 Deum
1893 4209 2120 4264 alterius

538 4301 634 4355 Dei
685 4308 881 4354 natura
930 4315 1160 4370 prorsus
1196 4301 1400 4356 diversi
1441 4302 1848 4371 progenitorem
1886 4299 2116 4368 iaciunt,

539 4401 749 4446 tantum
798 4408 907 4447 non
965 4391 1255 4446 manifeste
1316 4393 1420 4446 hac
1465 4407 1564 4447 sua
1609 4393 1861 4448 doctrina
1913 4395 2119 4448 vocife-

537 4491 745 4548 rantes,
779 4483 987 4554 aliquid
1027 4498 1151 4539 esse
1185 4490 1394 4537 natura:
1428 4483 1552 4537 boni
1583 4485 1941 4550 contrarium,
1971 4485 2115 4554 quod

535 4575 607 4628 ab
632 4573 752 4644 ipso
775 4573 918 4628 bono
950 4572 1274 4643 hypostasin
1305 4573 1598 4642 acceperit.
1627 4571 1760 4625 Nam
1787 4589 1911 4626 enm
1935 4573 2116 4630 Patris

536 4666 845 4721 substantia
894 4667 1035 4721 bona
1083 4665 1155 4720 sit
1191 4664 1422 4728 credita,
1459 4664 1766 4719 substantia
1801 4680 1932 4720 vero
1962 4666 2110 4733 Filii,

535 4773 601 4810 eo
637 4759 786 4827 quod
815 4773 925 4810 non
961 4756 1153 4810 eodem
1201 4755 1364 4809 modo
1408 4770 1471 4810 se
1519 4755 1716 4809 habeat
1770 4771 1895 4809 cmn
1951 4756 2114 4814 Patre

537 4847 838 4902 secundum
889 4856 1096 4900 natura:
1162 4849 1454 4912 rationem,
1511 4855 1674 4915 prout
1725 4847 2109 4904 haereticorum

534 4948 620 4993 est
655 4940 864 5008 Opinio,
913 4939 967 4991 in
1025 4938 1430 4992 contrariorum
1473 4939 1664 4994 ordine
1695 4955 1760 4994 ex
1797 4943 2106 4996 necessaria

535 5029 928 5085 ronsceutione
951 5029 1209 5083 collocari
1241 5029 1459 5093 debeat,
1485 5031 1618 5099 quid
1638 5031 1764 5086 hinc
1786 5031 2110 5087 coniicitur?

536 5120 650 5174 lloe
701 5119 978 5184 nimirum,
1013 5119 1317 5174 subsistere
1351 5119 1556 5190 aliquid
1593 5120 1738 5176 bono
1767 5124 2104 5192 oppositum,

2215 3216 2418 3286 ταύτην
2448 3216 2586 3269 κατά
2616 3215 2706 3268 τοῦ
2729 3215 2860 3269 Θεοῦ
2883 3215 3249 3286 βλασφημίαν.
3281 3217 3400 3269 Τῶν
3425 3217 3522 3286 μὲν
3556 3217 3661 3287 γὰρ
3688 3233 3796 3268 κα-

2217 3307 2330 3360 κῶν
2384 3309 2481 3378 τὴν
2522 3307 2681 3375 φύσιν
2711 3307 3106 3378 παραπλησίως
3135 3307 3362 3370 ἐκείνοις
3404 3307 3494 3361 διὰ
3522 3307 3620 3378 τῆς
3649 3309 3810 3362 κατὰ.

2216 3395 2312 3462 τὴν
2339 3395 2526 3448 οὐσίαν
2560 3397 2931 3465 ἐναντιότητος
2977 3396 3416 3468 δογματίζουσιν·
3445 3400 3502 3450 ὲν
3532 3393 3576 3466 ᾧ
3599 3399 3652 3451 δὲ
3683 3399 3806 3452 πάι

2217 3486 2298 3538 λιν
2345 3486 2439 3539 τοῦ
2479 3487 2720 3540 τοιούτου
2773 3487 3088 3557 πλάσματος
3113 3489 3202 3540 τὸν
3234 3489 3364 3542 Θεὸν
3395 3491 3500 3542 τῶν
3534 3489 3666 3543 ὅλων
3695 3490 3795 3560 δη-

2221 3578 2478 3648 μιουρ-γὲν
2513 3579 2922 3648 ἀποφαίνονται,
2983 3581 3112 3650 παρ’
3141 3572 3201 3632 οῦ
3233 3599 3365 3650 φασι
3411 3583 3505 3652 τὴν
3540 3584 3793 3652 γέννησιν

2218 3669 2580 3742 ἐργασθεῖσαν
2611 3671 2798 3723 οὖσίαν
2827 3671 3120 3741 ἀλλοτρίως
3152 3671 3293 3742 ἔχειν
3321 3675 3458 3727 κατά
3502 3675 3598 3745 τὴν
3633 3675 3799 3742 φύσιν

2219 3757 2355 3828 πρὸς
2383 3758 2472 3810 τὸν
2501 3761 2818 3828 ποιήσαντα.
2848 3761 2904 3812 ἐν
2934 3759 3105 3830 τούτῳ
3131 3761 3192 3813 τὸ
3226 3762 3408 3821 πλεῖον
3439 3765 3517 3826 είς
3540 3765 3810 3819 ἀσέεειανυν

2219 3849 2370 3920 παρά
2398 3851 2524 3913 τοὺς
2577 3851 3046 3921 μνημονευθέντας
3103 3853 3349 3924 ἔχουσιν*
3403 3856 3484 3908 ότι
3521 3857 3582 3910 οὑ
3627 3857 3800 3928 μόνον

2219 3939 2514 3993 ὑπόστασιν
2538 3941 2740 3996 διδόασι
2764 3943 2842 4015 τῷ
2864 3944 3118 4008 ἐναντίως
3151 3946 3287 4016 προς
3328 3946 3388 4000 τὸ
3415 3947 3614 4016 ἀγαθὸν
3649 3950 3795 4003 κατά

2217 4032 2317 4104 τὴν
2362 4033 2522 4102 φύσιν
2580 4033 2776 4104 ἔχοντι,
2834 4036 2949 4089 ἀλλ’
2979 4038 3058 4091 ὅτι
3087 4037 3180 4091 τὸν
3215 4041 3417 4108 ἀγαθὸν
3445 4042 3595 4103 Θεὸν,
3629 4042 3796 4096 ἄλλοι)

2219 4125 2354 4178 Θεοῦ
2395 4126 2490 4178 τοῦ
2540 4127 2680 4180 κατὰ
2731 4129 2831 4198 τὴν
2882 4129 3042 4196 φύσιν
3095 4131 3487 4204 διηλλαγμένου
3544 4135 3798 4203 λέγουσιν

2221 4220 2392 4271 αἴτιον
2455 4215 2628 4283 εἶναι,
2679 4221 2957 4291 μονονουχὶ
3014 4223 3263 4294 φανερῶς
3319 4225 3547 4295 βοῶντες
3611 4230 3666 4281 έν
3713 4231 3799 4301 τῷ

2219 4310 2478 4382 δόγματι,
2508 4312 2588 4365 ὅτι
2615 4312 2798 4366 ἔστιτι
2820 4314 3135 4369 ὑπεναντίον
3164 4319 3230 4386 τῇ
3253 4316 3346 4369 τοῦ
3381 4318 3584 4385 ἀγαθοῦ
3611 4320 3797 4389 φύσει,

2224 4403 2353 4474 παρ’
2373 4403 2536 4457 αὑτοῦ
2558 4403 2678 4474 ἔχον
2700 4404 2794 4458 τοῦ
2824 4405 3027 4474 ἀγαθοῦ
3053 4407 3152 4479 τὴν
3185 4409 3500 4465 ὑπόστασιν.
3548 4412 3658 4482 Τῆς
3684 4413 3800 4484 γὰρ

2221 4492 2313 4547 τοῦ
2343 4494 2554 4566 Πατρὸς
2577 4496 2762 4558 οὐσίας
2792 4497 3003 4568 ἀγαθῆς
3033 4495 3171 4554 εἶναι
3202 4502 3638 4572 πεπιστευμένης
3658 4543 3672 4564 ,
3694 4502 3814 4571 τῆς,

2213 4584 2271 4637 δὲ
2300 4586 2392 4638 τοῦ
2417 4587 2548 4639 Υίοῦ
2567 4587 2654 4641 διὰ
2680 4589 2740 4641 τὺ
2766 4589 2839 4662 μὴ
2869 4589 3128 4654 ὡσαύτως
3150 4590 3293 4661 ἔχειν
3327 4590 3404 4663 τῷ
3436 4594 3628 4665 Πατρὶ,
3652 4595 3804 4647 κατά

2213 4675 2303 4728 τὸν
2329 4676 2428 4746 τῆς
2476 4677 2691 4745 φύσεως
2746 4680 2924 4749 λόγον,
2958 4681 3141 4746 καθὼς
3181 4683 3328 4737 δοκεῖ
3369 4687 3435 4755 τῇ
3471 4685 3702 4755 αἱρέσει,
3735 4688 3799 4738 ἐν

2211 4769 2320 4830 τοῖς
2357 4769 2614 4832 ἐναντίοις
2647 4771 2787 4824 κατὰ
2831 4773 2891 4826 τὸ
2935 4773 3228 4827 ἀκόλουθον
3272 4775 3688 4847 εὑρισκομένης,
3737 4779 3798 4830 τί

2213 4857 2302 4911 διὰ
2328 4859 2531 4913 τούτων
2583 4863 3090 4931 κατασκευάζεται;
3151 4867 3223 4920 Τὸ
3257 4868 3352 4921 καὶ
3400 4869 3695 4937 ὑφεστάναι
3733 4870 3800 4922 τὸ

2213 4947 2294 5016 τῷ
2339 4948 2528 5020 ἀγαθῷ
2584 4951 2977 5023 ἀντικείμενον,
3010 4958 3103 5009 καὶ
3149 4957 3207 5024 ἐξ
3247 4957 3410 5012 αὑτοῦ
3447 4961 3542 5012 τοῦ
3587 4959 3797 5027 ἀγαθοῦ

2215 5040 2406 5111 στῆναι
2431 5043 2492 5095 τὸ
2519 5043 2834 5099 ὑπεναντίον
2869 5050 2934 5119 τῇ
2961 5049 3138 5118 φύσει.
3167 5050 3337 5103 Τοῦτὸ
3382 5069 3524 5123 φημι
3558 5053 3649 5104 καὶ
3692 5051 3797 5120 τῆς

2215 5131 2324 5184 τῶν
2351 5135 2664 5206 Μανιχαίων
2697 5139 2925 5202 ἀτοπίας
2948 5135 3086 5194 εἶναι
3111 5143 3484 5215 φρικτότερον.

532 5223 588 5266 ct
631 5228 700 5268 ex
742 5212 861 5282 ipso
900 5213 1045 5304 bono
1084 5209 1160 5276 id,
1207 5212 1354 5281 quod
1409 5219 1604 5267 natura
1634 5215 1970 5269 contrarium
2004 5223 2107 5285 est,
2147 5216 2418 5294 originem
2457 5227 2674 5284 ducere.
2717 5228 2829 5285 Hoc
2861 5229 2986 5288 dico
3019 5209 3164 5304 ipsa'
3200 5209 3620 5292 Manichamrum
3690 5237 3802 5290 ἰιιι-

537 5306 734 5371 pietate
776 5303 1099 5360 horribilius
1141 5318 1283 5359 esse.

607 5397 667 5451 Si
706 5411 836 5451 vero
865 5396 1046 5451 verbis
1086 5394 1396 5451 inﬁcieer
1424 5395 1842 5466 blasphemiam,
1878 5412 2000 5468 quae
2036 5413 2100 5453 ex

534 5501 724 5541 eorum
769 5486 1018 5541 doctrina
1047 5487 1334 5557 perSpieue
1365 5485 1600 5546 deducta
1654 5493 1758 5554 est,
1782 5488 2104 5558 dicamque,

538 5577 889 5646 Unigenitum
934 5578 1077 5630 bona
1121 5577 1301 5633 Patris
1359 5577 1732 5644 hmreditassc,
1800 5594 1908 5633 non
1961 5579 2106 5648 quod

535 5686 664 5730 vere
699 5669 772 5725 sit
815 5667 1006 5736 Filius,
1060 5677 1120 5723 ut
1150 5669 1303 5739 impii
1335 5667 1630 5736 opinantur
1662 5686 1676 5734 ;
1713 5669 1808 5725 sed
1843 5669 1968 5740 quia
2012 5686 2109 5740 per

2283 5383 2346 5436 Εί
2369 5383 2426 5434 δὲ
2446 5383 2734 5455 ἀρνοῦνται
2763 5386 2839 5458 τῷ
2860 5387 3002 5460 λόγῳ
3020 5388 3082 5442 τὸ
3093 5390 3427 5464 βλάσφημον,
3443 5396 3576 5466 ὅπερ
3600 5398 3632 5466 ἡ
3658 5397 3794 5450 ἀκοο

2212 5475 2400 5530 λουθία
2417 5478 2512 5531 τοῦ
2549 5480 2817 5551 δόγματος
2853 5482 3124 5546 δείκνυσι,
3152 5488 3283 5552 φασὶ
3315 5488 3374 5540 δὲ
3416 5489 3525 5541 τῶν
3574 5489 3815 5557 ἀγαθῶν·

2215 5569 2309 5626 τοῦ
2346 5569 2556 5642 Πατρός
2577 5572 2667 5625 τὸν
2693 5574 2971 5644 Μονογενῆ
2984 5576 3539 5649 κεκληρονομηκέναι,
3569 5581 3643 5650 μὴ
3672 5580 3796 5634 ι’ίδν

2219 5664 2431 5736 ἀληθῶς
2453 5665 2605 5733 ὄντα,
2630 5666 2768 5722 κατά
2798 5667 2898 5735 τὴν
2936 5666 3044 5722 τῶν
3074 5669 3286 5723 ἀσεϐῶν
3314 5671 3470 5739 δόξαν
3496 5711 3511 5739 ,
3537 5672 3677 5727 ἀλλά
3703 5672 3804 5729 διὰ
