4032 6208
650 290 754 345 415

1841 284 1900 339 S.
1934 280 2256 340 6RLGOR1I
2296 281 2597 337 N¥SSENL

3768 287 3827 340 Η
3842 286 3891 337 ϐπ

649 408 958 479 imperium,
983 416 1040 462 et
1075 421 1238 461 unam
1275 404 1518 462 munium
1556 414 1879 478 potestatem
1913 424 1926 459 :
1960 406 2125 459 itaut
2158 404 2211 456 in

2320 403 2663 475 διῃρημένας,
2685 405 2744 457 τὸ
2773 405 2869 474 τῆς
2892 404 3181 475 μοναρχίας
3207 402 3380 473 δόγμα
3396 401 3870 473 καταμερίςεσθαι,

649 496 908 553 similium
963 498 1329 555 consensione
1379 499 1637 555 divinitas
1689 505 1983 568 spectetur,
2017 505 2070 550 et
2121 509 2217 564 per

650 589 827 643 simile
858 586 926 642 ad
959 589 1139 644 simile
1168 597 1404 644 mentem
1435 589 1600 643 ducat
1626 606 1639 643 :
1667 596 1727 644 ut
1758 588 2000 642 omnium
2034 601 2216 642 rerum

656 678 1000 749 principium,
1032 680 1178 749 quod
1216 686 1300 734 est
1340 678 1619 739 Dominus.
1656 694 1750 749 per
1777 677 2036 748 Spiritum
2085 692 2215 732 san-

651 776 798 823 etum
827 770 1025 826 animis
1065 770 1275 826 nostris
1311 770 1569 825 illueeat:
1608 771 1722 826 lteri
1749 771 1893 825 enim
1938 784 2045 824 non
2093 776 2216 838 pot-

651 869 756 925 est,
796 866 856 914 ut
880 860 1004 930 quis
1038 859 1224 916 Jcsum
1258 861 1508 930 aspiciat,
1546 861 1652 915 nisi
1686 861 1739 915 in
1765 861 1968 930 Spiritu
2003 866 2223 920 sancto,

655 958 815 1019 prout
867 957 1098 1005 testatur
1147 951 1485 1021 Apostolus:
1532 967 1627 1021 per
1674 949 1865 1005 Filium
1914 965 2061 1014 vero,
2123 949 2216 1019 qui

654 1048 737 1094 est
796 1040 1120 1110 principium
1179 1042 1450 1106 omnium,
1517 1042 1821 1110 reperimus
1880 1041 2065 1107 illum,
2123 1041 2223 1110 qui

648 1135 733 1182 est
770 1144 935 1198 supra
987 1144 1147 1184 omne
1200 1131 1548 1201 principium,
1597 1146 1801 1201 nempe
1837 1131 2217 1185 universorum

654 1219 852 1274 Deum:
876 1235 1050 1290 neque
1077 1221 1223 1275 enim
1242 1220 1359 1277 ﬁeri
1386 1229 1582 1291 potest,
1605 1230 1662 1275 ut
1678 1221 2055 1292 primigenium
2084 1220 2224 1274 illud

652 1311 855 1363 bonum
886 1316 1271 1376 cognoscatur,
1308 1312 1355 1365 si
1400 1327 1508 1366 non
1549 1313 1614 1366 in
1653 1312 1887 1382 imagine
1927 1311 2226 1367 invisibilis

652 1403 913 1458 relucent.
983 1403 1217 1459 Perinde
1278 1421 1411 1460 vero
1453 1421 1516 1460 ac
1580 1408 1633 1460 in
1689 1407 1975 1476 reciproco
2030 1422 2216 1472 cursu,

655 1490 995 1547 relleiztentes
1042 1503 1165 1562 post
1195 1492 1393 1550 divina:
1422 1497 1753 1567 cognitionis
1797 1505 1982 1568 caput,
2018 1500 2216 1567 ipsum,

656 1582 898 1649 inquam,
927 1585 1304 1639 universorum
1346 1587 1539 1649 Deum,
1580 1597 1632 1642 et
1658 1604 1753 1658 per
1777 1604 1860 1655 ea,
1902 1605 2021 1659 qua:
2052 1591 2228 1646 menti

655 1681 885 1739 cognata
914 1684 964 1725 et
990 1671 1281 1728 familiaria
1309 1683 1458 1739 sunt,
1483 1676 1860 1743 decurrentes,
1885 1694 1913 1730 a
1943 1676 2103 1732 Patre
2125 1694 2222 1748 per

659 1760 851 1814 Filium
906 1763 970 1817 ad
1009 1763 1271 1833 Spiritum
1323 1776 1573 1822 sanctum
1614 1769 1970 1825 accedimus:
2000 1786 2122 1824 nam
2163 1771 2223 1825 in
2250 1756 2290 1810 Β

652 1852 1098 1908 consideratione
1129 1856 1357 1926 ingeniti
1404 1857 1630 1914 luminis
1682 1863 1990 1925 constituti,
2036 1864 2223 1918 lumen

652 1943 807 2005 illud,
835 1943 980 2013 quod
1017 1960 1084 2000 ex
1115 1944 1235 2016 ipso
1263 1948 1524 2003 continue
1566 1952 1812 2019 procedit
1838 1954 2216 2023 cognovimus,

653 2035 905 2089 videlicet
949 2044 1209 2106 tanquam
1252 2039 1467 2094 radium
1497 2057 1621 2095 cum
1667 2046 1782 2098 sole
1828 2046 2034 2114 pariter
2085 2048 2219 2101 sub-

653 2126 1139 2199 εἰειι·ηιοιη,ου]υε
1184 2145 1311 2187 esse
1375 2148 1599 2187 causam
1649 2148 1678 2187 a
1726 2136 1841 2190 sole
1887 2137 2068 2199 habet,
2125 2139 2218 2194 sed

650 2217 971 2271 exsistentia
1024 2219 1188 2273 simul
1238 2227 1324 2275 est
1376 2235 1501 2275 cum
1558 2223 1698 2287 sole,
1747 2239 1856 2278 non
1914 2226 2221 2294 posteriore

650 2307 867 2361 demum
914 2318 1175 2378 tempore,
1229 2309 1463 2380 adjecta,
1503 2328 1688 2367 verum
1719 2314 1880 2369 simul
1915 2331 1979 2369 ac
2007 2317 2088 2373 sol
2121 2332 2222 2386 ap-

652 2398 853 2466 paruit,
897 2399 1014 2469 ipse
1060 2401 1224 2455 etiam
1271 2402 1459 2458 radius
1491 2404 1620 2459 inde
1651 2405 1996 2476 resplenduit
2022 2446 2037 2460 .
2073 2405 2218 2473 Quin

653 2486 835 2553 potius
880 2487 1010 2556 (non
1047 2488 1191 2543 enim
1236 2504 1461 2545 necesse
1492 2500 1595 2557 est,
1630 2501 1688 2547 ut
1714 2493 1810 2564 qui
1851 2494 2078 2564 imagini
2105 2513 2231 2553 ser-A

652 2575 828 2641 viunt,
868 2578 1382 2645 calumniatoribus,
1422 2581 1573 2636 allati
1607 2584 1839 2653 exempli
1884 2586 2069 2642 minus
2099 2597 2221 2658 apta

651 2668 1179 2736 accommodatione,
1224 2671 1354 2728 dent
1384 2673 1804 2729 contradicendi
1852 2677 2222 2747 occasionem)

652 2775 763 2813 non
799 2761 1014 2815 radium
1061 2778 1126 2817 ex
1172 2763 1311 2830 sole,
1370 2764 1465 2819 sed
1520 2780 1588 2819 ex
1623 2766 1871 2836 ingenito
1902 2769 2018 2824 sole
2056 2770 2223 2825 alium

651 2851 824 2905 solem
872 2860 1056 2907 mente
1098 2868 1163 2908 ac
1206 2854 1539 2924 cogitatione
1591 2857 2082 2925 apprehendemus,
2128 2862 2222 2931 qui

652 2941 813 2995 simul
834 2957 958 2996 cum
976 2943 1152 3012 primo
1172 2959 1269 3014 per
1289 2953 1698 3014 generationem
1724 2948 2015 3012 exstiterit,
2034 2950 2088 3004 in
2109 2966 2222 3006 om-

651 3031 815 3086 nibus
842 3033 1015 3102 primo
1032 3034 1278 3103 aequalis,
1302 3036 1726 3105 pulchritudine,
1753 3040 2014 3109 potentia,
2042 3044 2220 3112 splen-

650 3122 802 3185 dore,
829 3123 1220 3193 magnitudine,
1245 3124 1485 3198 fulgore;
1507 3129 1768 3194 breviter,
1798 3132 2055 3189 omnibus
2076 3134 2221 3201 aliis,

651 3227 772 3279 quae
794 3211 847 3265 in
878 3214 993 3269 sole
1007 3214 1196 3270 insunt
1212 3230 1224 3267 :
1243 3222 1297 3271 et
1315 3232 1508 3272 rursus
1527 3217 1675 3272 aliud
1695 3220 1801 3274 tale
1819 3220 1999 3275 lumen
2018 3221 2083 3275 ad
2097 3238 2227 3292 pra:-

652 3302 857 3355 dictum
887 3304 1106 3359 modum
1128 3307 1548 3373 constituemus,
1574 3310 1724 3363 nullo
1745 3313 2031 3381 temporali
2064 3312 2226 3368 inter-

655 3392 796 3445 vallo
817 3408 845 3444 a
867 3394 1069 3449 lumine
1088 3398 1271 3465 genito
1293 3399 1597 3453 abscissqu
1618 3418 1630 3453 :
1648 3400 1743 3455 sed
1767 3415 1863 3471 per
1882 3401 2059 3471 ipsum
2078 3404 2225 3473 equi-

653 3480 774 3535 dem
796 3480 1077 3551 eli'ulgens,
1097 3484 1424 3555 principium
1436 3502 1567 3541 vero
1581 3503 1694 3542 sua:
1706 3488 2059 3559 hypostaseos
2075 3504 2102 3542 a
2119 3492 2225 3560 pri-

652 3586 821 3625 maevo
852 3573 1054 3628 lumine
1097 3575 1372 3645 accipiens
1429 3596 1442 3632 :
1487 3578 1667 3633 lumen
1692 3580 1908 3650 quidem
1962 3588 2016 3636 ct
2044 3583 2218 3651 ipsum

651 3662 836 3716 estad
884 3663 1297 3720 similitudinem
1349 3669 1704 3739 praeconcepti
1764 3670 1986 3727 luminis
2032 3673 2220 3729 lucens

656 3762 707 3804 ιι
769 3754 1100 3819 illuminans,
1134 3763 1188 3812 et
1223 3760 1405 3811 omnia
1444 3761 1573 3822 alia,
1607 3776 1728 3831 qua:
1766 3762 1871 3817 luci
1901 3773 2218 3835 competunt

655 3843 891 3899 alliciens
930 3863 944 3899 :
993 3861 1169 3917 neque
1219 3850 1363 3903 enim
1405 3851 1458 3903 in
1493 3850 1597 3906 hoc
1632 3853 1750 3923 ipso
1790 3863 1877 3909 est
1923 3855 2144 3911 luminis
2186 3870 2217 3910 a

659 3938 858 3990 Iumine
879 3936 1059 4007 aliqua
1076 3938 1356 3995 distinctio
1387 3956 1482 3996 seu
1512 3943 1763 4007 variatio,
1790 3945 2006 4014 quando
2023 3947 2077 4000 in
2101 3946 2219 4002 illu-

653 4024 897 4079 minandi
950 4027 1122 4095 gratia
1146 4036 1200 4082 et
1233 4028 1432 4084 virtute
1479 4030 1660 4087 nullus
1697 4032 1854 4100 plane
1884 4034 2037 4089 adest
2065 4034 2216 4091 defe-

653 4124 796 4179 ctus,
831 4124 1018 4186 utpote
1039 4118 1185 4172 omni
1213 4118 1544 4189 perfectione
1567 4138 1691 4178 cum
1725 4123 1885 4179 Patre
1903 4134 1956 4180 et
1987 4124 2126 4182 Filio
2146 4127 2214 4181 ad

654 4220 966 4272 supremum
1012 4222 1185 4277 usque
1216 4223 1484 4274 evectum,
1519 4214 1773 4285 quodque
1817 4232 1939 4271 eum
1972 4216 2130 4274 Patre
2160 4227 2215 4274 et

652 4294 793 4348 Filio
822 4298 1100 4352 numerari
1129 4309 1180 4353 et
1208 4303 1497 4367 nominari,
1523 4313 1577 4358 et
1605 4321 1700 4375 per
1741 4306 1979 4377 seipsum
2022 4309 2090 4364 ad
2126 4311 2210 4366 lu-

654 4401 799 4450 men,
830 4388 973 4456 quod
1010 4389 1062 4440 in
1093 4386 1254 4444 Patre
1280 4401 1333 4444 et
1366 4390 1502 4446 Filio
1534 4394 1715 4450 inesse
1748 4396 2082 4468 intelligitur,
2116 4401 2212 4455 ad—

2247 3088 2295 3153 C

2317 494 2463 547 ἀλλὰ
2507 494 2651 564 μίαν
2685 493 2932 563 θεότητα,
2969 492 3095 563 μίαν
3133 491 3324 563 ἀρχὴν,
3357 492 3485 569 μίαν
3510 490 3619 546 τῶν
3661 493 3873 546 πάντων

2316 586 2561 650 ἐξουσίαν
2602 581 2741 639 εἶναι
2764 585 3035 639 πιστεύειν
3059 602 3072 615 ·
3104 586 3162 639 ἐν
3189 587 3255 655 τῇ
3287 583 3396 637 τῶν
3417 584 3617 654 ὁμοίων
3652 601 3874 654 συμφω-

2317 677 2405 749 νίᾳ
2430 677 2527 748 τῆς
2567 676 2814 748 θεότητος
2869 675 3282 746 θεωρουμένης,
3317 675 3409 728 καὶ
3443 674 3531 728 διὰ
3566 673 3660 728 τοῦ
3692 675 3875 745 ὁμοίου

2318 768 2454 840 πρὸς
2474 768 2536 821 τὸ
2558 769 2741 839 ὅμοιον
2763 768 2862 840 τὴν
2901 769 3136 822 διάνοιαν
3164 765 3421 837 ἀγούσης,
3444 765 3518 829 ὡς
3541 767 3640 837 τῆς
3661 767 3872 820 πάντων

2321 860 2420 931 μὲν
2442 859 2637 931 ἀρχῆς,
2673 861 2793 931 ἥτις
2821 859 2967 914 ἐστὶν
2992 859 3021 911 ό
3046 858 3270 930 Κύριος,
3299 858 3388 912 διὰ
3405 858 3500 911 τοῦ
3535 859 3688 927 ἁγίου
3716 859 3874 911 1]νεύ-

2322 966 2489 1020 ματος
2549 951 2667 1013 ταῖς
2714 949 2910 1020 ψυχαῖς
2961 948 3359 1021 ὲλλαμπούσης.
3421 948 3721 1017 ’Δμὴχανον
3764 948 3872 1018 γὰρ

2317 1040 2530 1111 άληθῶς
2549 1039 2888 1112 θεωρηθῆναι
2919 1041 2976 1093 ὲν
3001 1038 3280 1109 Πνεύματι
3305 1038 3462 1107 ἁγίῳ,
3502 1035 3682 1099 καθώς
3712 1052 3871 1106 φησιν

2318 1134 2347 1185 ὁ
2380 1132 2717 1197 Ἀπόστολος,
2749 1132 2837 1185 διὰ
2864 1132 2920 1186 δὲ
2945 1131 3036 1185 τοῦ
3074 1132 3302 1202 Κυρίου,
3328 1131 3387 1194 ὃς
3418 1130 3563 1182 ἐστιν
3598 1130 3633 1199 ἡ
3661 1129 3891 1183 πάντων.

2318 1226 2490 1298 ἀρχὴ,
2522 1226 2624 1297 τῆς
2660 1226 2915 1279 ἐπέκεινα
2958 1226 3138 1295 πάσης
3172 1224 3346 1294 ἀρχῆς
3390 1223 3520 1293 ἡμῖν
3560 1221 3874 1292 εὑρισκομέο

2318 1335 2437 1388 νης,
2464 1318 2586 1388 ἥτις
2622 1318 2769 1371 ἐστὶν
2794 1320 2823 1370 ὁ
2857 1317 2949 1370 ἐπὶ
2980 1317 3195 1370 πάντων
3221 1314 3352 1378 Θεός
3374 1329 3388 1343 ·
3417 1313 3537 1367 οὐδὲ
3573 1312 3679 1383 γὰρ
3715 1312 3874 1365 δυνα-

2317 1408 2407 1462 τόν
2430 1410 2574 1461 ἐστιν
2607 1406 2798 1470 ἄλλως,
2820 1407 2881 1460 τὸ
2905 1405 3206 1477 ἀρχέτυπον
3226 1402 3427 1472 ἀγαθὸν
3458 1400 3873 1472 ἐπιγνωσθῆναι,

2322 1499 2396 1571 μὴ
2427 1502 2483 1552 ἐν
2503 1502 2567 1570 τῇ
2609 1498 2775 1551 εἰκόνι
2814 1495 3416 1567 ἁοράτου,‹ραινόμενον.
3435 1494 3643 1563 Ὥσπερ
3671 1491 3728 1544 δέ
3755 1508 3877 1543 τινα

2318 1590 2530 1644 δίαυλον
2566 1590 3012 1660 ἀνακάμπτοντες
3037 1585 3175 1656 μετὰ
3202 1584 3262 1638 τὸ
3286 1582 3574 1651 κεφάλαιον
3619 1581 3718 1650 τῆς
3753 1579 3877 1633 θεο-

2320 1683 2572 1751 γνωσίας,
2609 1681 2767 1736 αὐτον
2794 1680 2936 1749 λέγω
2982 1679 3072 1733 τὸν
3100 1680 3191 1731 ἐπὶ
3226 1676 3441 1729 πάντων
3481 1673 3730 1736 Θεί¹›ν,διὰ⁵
3763 1671 3876 1725 τῶν

2318 1774 2600 1846 προσεχῶν
2624 1791 2682 1826 τε
2704 1774 2797 1827 καὶ
2812 1773 3024 1826 οἰκείων
3048 1774 3114 1842 τῇ
3135 1769 3341 1839 διανοίᾳ
3368 1767 3667 1838 τρέχοντες,
3697 1766 3760 1817 ὲκ
3780 1764 3873 1817 τοῦ

2317 1864 2528 1933 Πατρός
2551 1862 2637 1917 διὰ
2664 1861 2759 1914 τοῦ
2791 1860 2919 1914 Υίοῦ
2952 1859 3087 1929 πρὸς
3123 1859 3183 1911 τὸ
3211 1857 3431 1926 Πνεῦμα
3471 1852 3875 1924 άναχωροῦμεν.

2328 1959 2418 2013 Ἐν
2451 1955 2694 2028 περινοίᾳ
2721 1953 2828 2025 γὰρ
2861 1951 2956 2005 τοῦ
2979 1950 3270 2021 ἀγεννήτου
3290 1947 3463 2016 φωτὸς
3492 1944 3877 2006 καταστάντες,

2319 2049 2527 2102 ἐκεῖθεν
2564 2046 2724 2101 πάλιν
2752 2045 2814 2098 τὸ
2858 2042 2916 2110 ἐξ
2950 2040 3113 2097 αὑτοῦ
3147 2039 3282 2110 φῶς,
3316 2037 3451 2091 κατὰ
3506 2036 3566 2088 τὸ
3615 2035 3881 2105 προσεχὲς

2318 2141 2639 2211 ὲνοὴσαμεν,
2667 2133 2777 2191 οἷον
2818 2134 3010 2189 άκτῖνά
3035 2150 3155 2187 τινα
3183 2131 3261 2202 τῷ
3301 2130 3437 2201 ἡλίῳ
3482 2125 3876 2196 συνυφισταμέ-

2318 2249 2417 2302 νην
2442 2250 2455 2263 ·
2485 2227 2552 2304 ἦς
2578 2232 2611 2300 ἡ
2654 2229 2751 2300 μὲν
2798 2227 2944 2281 αἰτία
2975 2224 3068 2278 τοῦ
3101 2219 3269 2288 εἶναι,
3298 2225 3363 2274 ὲκ
3410 2218 3506 2273 τοῦ
3541 2218 3721 2289 ἡλίου·
3750 2217 3783 2286 ἡ
3820 2216 3878 2269 δὲ

2320 2320 2571 2393 ὓπαρξις,
2595 2319 2728 2390 ὁμοῦ
2762 2318 2838 2388 τῷ
2882 2317 3038 2388 ἡλίῳ,
3069 2315 3129 2368 οὑ
3157 2313 3366 2385 χρόνοις
3398 2310 3620 2379 ὕστερον
3644 2323 3878 2378 προσγε-

2319 2414 2516 2484 νομένη
2536 2429 2550 2442 ’
2580 2412 2700 2464 ἀλλ’
2721 2409 2855 2481 ὁμσῦ
2897 2408 2976 2479 τῷ
3029 2408 3254 2478 ὀφθῆναι
3302 2404 3393 2457 τὸν
3430 2401 3599 2472 ἥλιον,
3628 2399 3686 2466 ἐξ
3714 2396 3879 2451 αὑτοῦ

2320 2498 2735 2569 ἀναφαινομένην
2773 2494 2987 2550 Μᾶλλον
3030 2494 3088 2547 δὲ
3134 2493 3216 2561 (οὐ
3254 2491 3362 2561 γὰρ
3388 2490 3600 2557 ἀνάγκη
3648 2487 3778 2538 πᾶσι
3809 2486 3881 2555 τῇ

2320 2593 2487 2646 εἰκόνι
2519 2589 2864 2651 δουλεύοντας
2883 2585 3064 2640 δοῦναι
3087 2587 3199 2647 τοῖς
3233 2582 3592 2651 συκοφάνταις
3625 2577 3763 2630 κατὰ
3783 2576 3882 2629 τοῦ

2319 2682 2478 2751 λόγου
2514 2679 2683 2750 λαϐὴν
2719 2680 2775 2731 ὲν
2803 2681 2868 2749 τῇ
2890 2750 2895 2755 ι
2920 2676 3014 2729 τοῦ
3073 2674 3465 2743 ὕποδείγματος
3513 2668 3721 2741 ἀτονία)
3758 2669 3891 2738 οὐχὶ⁵

2320 2776 2513 2829 ἀκτῖνα
2562 2772 2620 2837 ἐξ
2657 2772 2809 2844 ἡλίου
2849 2772 3132 2847 νοὴσομεν,
3168 2768 3281 2820 ἀλλ’
3306 2765 3365 2832 ἐξ
3406 2766 3698 2835 ἀγεννὴτου
3730 2763 3888 2833 ἡλίου

2320 2864 2475 2919 ἄλλον
2512 2864 2682 2935 ἥλιον,
2711 2861 2843 2933 ὁμοῦ
2875 2865 2941 2932 τῇ
2969 2860 3062 2914 τοῦ
3105 2860 3319 2930 πρώτου
3354 2856 3562 2926 ἐπινοίᾳ
3609 2854 3907 2925 γεννητῶς

2320 2954 2468 3026 αὐτῷ
2528 2943 2974 3025 συνεκλάμποντα
2993 2993 3007 3017 ,
3044 2952 3139 3004 καὶ
3192 2950 3334 3004 κατὰ
3390 2948 3567 3002 πάντα
3623 2946 3891 3009 ὡσαύτως

2322 3045 2743 3119 ἔχοντα,κάλλει,
2774 3044 3018 3115 δυνάμει,
3049 3041 3370 3113 λαμπηδόνι,
3395 3038 3630 3111 μεγέθει,
3662 3038 3891 3110 φαιδρός

2322 3156 2465 3210 τητι,
2494 3138 2588 3191 καὶ
2610 3139 2772 3191 πᾶσιν
2804 3135 2950 3200 ἅπαξ
2981 3137 3090 3198 τοῖς
3113 3133 3239 3204 περὶ
3276 3133 3367 3186 τὸν
3394 3133 3541 3203 ἡλιον
3578 3129 3893 3200 θεωρουμέ-

2324 3247 2453 3291 νοις.
2486 3229 2595 3281 Καὶ⁵
2620 3228 2778 3281 πάλιν
2799 3228 2985 3298 ἕτερον
3018 3225 3252 3279 τοιοῦτον
3282 3222 3416 3293 φῶς,
3448 3223 3588 3276 κατὰ
3607 3222 3697 3275 τὸν
3719 3221 3897 3277 αὐτὸν

2321 3321 2543 3391 τρόπον,
2569 3320 2630 3372 οὗ
2689 3317 2920 3389 χρονικῷ
2955 3334 3059 3370 τινι
3104 3316 3431 3386 διαστήματι
3488 3311 3580 3365 τοῦ
3623 3310 3917 3380 γεννητοῦ,

2323 3412 2499 3480 φωτὸς
2521 3410 2974 3479 ἀποτεμνόμενον,
3010 3407 3143 3462 ἀλλὰ
3166 3407 3231 3460 δι’
3265 3405 3545 3475 αὐτοῦιμὲν
3583 3404 3892 3473 ἐκλάμπονο

2320 3502 2420 3572 τὴν
2438 3502 2494 3554 δὲ
2523 3501 2624 3571 τῆς
2647 3501 2992 3563 ὑποστάσεως
3017 3498 3195 3551 αίτίαν
3233 3496 3359 3567 ἔχον
3396 3497 3459 3549 ὲκ
3484 3494 3576 3548 τοῦ
3608 3495 3898 3565 πρωτοτύ-

2322 3608 2423 3644 που
2451 3591 2625 3659 φωτός
2646 3606 2658 3618 ⁸
2696 3590 2810 3660 φῶς
2840 3590 3022 3661 μέντοι
3042 3589 3137 3643 καὶ
3167 3588 3299 3641 αὐτὸ
3324 3587 3443 3642 καθ’
3471 3587 3761 3656 ὁμοιότητα
3788 3586 3917 3641 τοῦ.

2321 3680 2800 3752 προεπινοηθέντος
2828 3679 3059 3751 λάμπον,
3096 3678 3192 3732 καὶ
3221 3677 3471 3748 φωτίζον,
3512 3676 3607 3730 καὶ
3634 3678 3701 3728 τὰ
3745 3676 3909 3730 ἄλλαΓ

2320 3772 2495 3825 πάντα
2534 3772 2603 3825 τὰ
2641 3771 2737 3824 τοῦ
2795 3772 2969 3840 φωτὸς
3017 3771 3399 3843 ἐργαζόμενον.
3434 3769 3567 3823 Οὐδὲ
3604 3769 3711 3836 γὰρ
3768 3768 3915 3821 ἐστιΔ

2318 3862 2458 3930 φωτὶ
2486 3861 2621 3932 πρὸς
2649 3862 2830 3933 ἕτερον
2862 3863 2977 3930 φῶς
3011 3864 3131 3915 κατ’
3164 3861 3294 3915 αὐτὸ
3333 3859 3489 3914 τοῦτο
3527 3857 3859 3929 παραλλαγή
3878 3877 3893 3889 ·

2315 3954 2443 4007 ὅταν
2467 3956 2585 4007 κατ’
2604 3954 2753 4007 οὐδὲν
2772 3954 2870 4024 τῆς
2888 3956 3216 4024 φωτιστικῆς
3238 3955 3456 4026 χάριτος
3472 3952 3668 4012 ἐνδέον,
3681 3949 3715 4019 ἡ
3734 3952 3901 4003 ὑστε-

2317 4045 2577 4115 ρούμενον
2614 4047 2910 4117 φαίνηται,
2934 4045 3071 4100 ἀλλὰ
3117 4047 3266 4116 πάσῃ
3312 4044 3604 4114 τελειότητι
3644 4042 3787 4113 πρὸς
3829 4044 3901 4096 τδ

2314 4135 2613 4205 ἀκρότατον
2649 4135 2982 4206 ἐπῃρμένον,
3028 4136 3165 4207 μετὰ
3198 4136 3531 4206 Πατρὸςδκαὶ
3566 4133 3697 4187 Υἰοῦ
3742 4133 3898 4185 θεω-

2316 4224 2475 4294 ρῆται
2501 4262 2516 4287 ,
2573 4223 2709 4294 μετὰ
2754 4224 2972 4295 Πατέρα
3011 4226 3105 4278 καὶ
3147 4224 3273 4276 Υίὸν
3309 4225 3641 4295 άριθμῆται,
3675 4221 3772 4274 καὶ
3822 4218 3898 4274 δι’

2314 4314 2506 4368 ἑαυτοῦ
2546 4313 2643 4385 τὴν
2689 4315 3052 4386 προσαγωγὴν
3080 4317 3216 4387 πρὸς
3252 4319 3315 4371 τὸ
3335 4320 3716 4391 ἐπινοοῦμενον
3743 4324 3899 4390 φῶς,

2316 4402 2378 4455 τὸ
2416 4405 2473 4456 ὲν
2519 4403 2694 4474 Πατρὶ
2727 4404 2819 4457 καὶ
2862 4405 2976 4475 Υίῷ
2999 4444 3014 4466 ,
3046 4409 3180 4460 πᾶσι
3233 4411 3345 4471 τοῖς
3386 4413 3678 4480 μετασχεῖν
3722 4412 3917 4465 δυνα--

655 4479 854 4533 ducere
888 4495 1080 4535 omnes
1128 4482 1221 4550 qui
1266 4482 1412 4538 illius
1455 4487 1747 4556 participes
1804 4488 1919 4544 fieri
1963 4505 2212 4560 possunt,

2322 4488 2504 4560 μένοις
2550 4491 2867 4562 χαρίζηταιΑ
2898 4494 3056 4549 Ἀλλά
3086 4495 3260 4550 ταῦτα
3296 4498 3394 4567 μὲν
3420 4500 3500 4559 είς
3534 4479 3837 4559 τοσοῦτον..

656 4570 962 4624 consuevit.
1003 4571 1106 4626 Sed
1144 4572 1260 4626 haec
1288 4572 1571 4631 hactenus.
1850 4646 1855 4653 Α

656 4692 659 4695 -
727 4659 996 4717 Caeterum
1034 4676 1158 4716 cum
1205 4661 1553 4737 (Eunomius)
1584 4669 1789 4725 multus
1821 4671 1914 4739 sit,
1963 4680 2018 4728 et
2058 4678 2215 4745 quasi

657 4748 864 4803 ditlluat
884 4749 1156 4819 iactandis
1199 4753 1463 4811 conviciis
1497 4765 1552 4811 et
1588 4773 1687 4827 pro
1712 4761 1863 4815 omni
1903 4762 2216 4833 disputandi

658 4840 881 4894 exordio
899 4842 1283 4896 contumeliam
1306 4843 1638 4915 substernat,
1660 4864 1868 4921 proque
1889 4855 2037 4910 omni
2066 4858 2115 4928 ej
2124 4875 2209 4926 us,

2400 4672 2623 4727 Ἐπεὶδὲ
2645 4672 2811 4738 πολύς
2846 4678 2993 4730 ὲστιν
3029 4677 3265 4749 εῦρροῶν
3300 4681 3420 4743 ταῖς
3452 4678 3767 4753 λοιδορίαις.
3797 4687 3925 4737 mi.-

2315 4764 2494 4836 πάσης
2525 4765 2623 4835 μὲν
2666 4766 2841 4837 ἀρχῆς
2882 4770 3222 4841 κατασκευὴν
3268 4770 3367 4842 τὴν
3413 4771 3569 4843 ὓϐριν
3622 4774 3927 4845 ποιούμε-.

2314 4871 2423 4919 νος,
2441 4856 2563 4909 ἀντὶ
2604 4857 2661 4910 δὲ
2705 4857 2886 4929 πάσης
2934 4860 3257 4926 ἀποδείξεως
3297 4865 3407 4920 τῶν
3441 4866 3912 4937 ἀμφισϐητουμέ-

657 4931 805 5000 quod
852 4930 910 4987 in
961 4935 1335 4990 controversia
1387 4946 1678 5006 versatur,
1729 4942 2220 5017 demonstratione,

658 5022 860 5093 probra
886 5024 1265 5081 etcalumnias
1303 5025 1515 5094 aﬂ‘erat,
1550 5033 1780 5102 agedum
1815 5038 2006 5106 paucis
2040 5041 2225 5099 videa-

662 5129 805 5179 mus,
829 5129 965 5185 quas
987 5113 1056 5170 de
1077 5116 1302 5187 ingeniti
1336 5133 1433 5175 seu
1469 5121 1811 5181 innascibilis
1850 5129 2117 5187 vocabulo
2141 5149 2225 5207 sy-

661 5204 984 5274 eophantrce
1001 5204 1056 5260 in
1079 5206 1357 5265 doctorem
1382 5219 1628 5267 nostrum
1648 5213 1948 5289 (Basilium)
1970 5222 2091 5277 etin
2103 5204 2223 5295 ejus

661 5297 1095 5352 dissertationem
1108 5298 1515 5359 criminationes
1528 5318 1680 5360 evom
1687 5307 2117 5370 uerit.Recitavit
2133 5331 2223 5371 au-

660 5394 771 5439 tem
788 5385 902 5453 ipsa
920 5386 1164 5457 magistri
1180 5388 1354 5445 nostri
1373 5392 1556 5460 verba,
1579 5410 1701 5464 qua:
1715 5397 1790 5451 ita
1807 5413 1869 5454 se
1884 5399 2222 5475 habentzlt‘go

2319 4964 2424 5001 νων
2475 4948 2574 5018 τὴν
2644 4947 2908 5020 λοιδορίαν
2961 4956 3182 5023 ἐπάγων
3215 4975 3229 4989 ·
3275 4957 3409 5027 φέρε
3469 4961 3563 5014 καὶ
3601 4963 3706 5016 ὅσα
3760 4967 3915 5035 περὶ

2318 5036 2417 5106 τῆς
2470 5037 2562 5091 τοῦ
2610 5038 2904 5111 ἀγεννὴτου
2952 5043 3136 5113 φωνῆς
3188 5048 3537 5116 συκοφαντῶν
3593 5049 3688 5103 τόν
3739 5050 3881 5105 διδὰ
3900 5085 3920 5095 ο

2320 5126 2516 5180 σκαλον
2558 5128 2712 5198 ἡμῶν
2735 5167 2750 5190 ,
2781 5129 2875 5183 καὶ
2926 5132 3007 5194 εἰς
3056 5133 3218 5186 αὐτὸν
3269 5136 3476 5191 ἐκεῖνον
3525 5139 3619 5192 καὶ
3660 5140 3745 5196 είς
3798 5140 3917 5193 τὸν

2318 5216 2472 5285 λόγον
2510 5216 2788 5290 ὲξύὸρισε,
2826 5220 3032 5292 βραχέα
3063 5222 3447 5297 διαλεχθῶμεν.
3486 5229 3766 5298 Παρέθετο
3792 5233 3919 5286 τοῦ

2316 5308 2637 5364 διδασκάλου
2669 5311 2795 5382 περὶ
2830 5312 3033 5367 τούτων
3060 5315 3200 5381 λέξιν
3237 5317 3465 5388 ἔχουσαν
3491 5320 3663 5384 οὕτως
3690 5337 3705 5352 '
3738 5322 3924 5394 Ἐγὼ

2316 5399 2386 5453 δὲ
2412 5400 2510 5453 καὶ
2543 5400 2656 5469 τὴν
2704 5403 2809 5458 τοῦ
2841 5405 3170 5474 ἁγεννήτου
3206 5411 3628 5479 προσηγορίαν,
3662 5412 3784 5467 κᾶν
3820 5416 3939 5469 τάν

663 5488 781 5526 vero
816 5475 976 5529 etiam
1005 5478 1241 5547 ingeniti.
1275 5481 1380 5535 sive
1422 5482 1752 5542 innascibilis
1795 5491 2220 5559 appellationem,

2320 5491 2579 5560 mutata
2622 5492 2770 5562 δοκῇ
2818 5496 2946 5562 ταῖς
2979 5475 3259 5565 ἐννοίαιςῂ
3470 5475 3869 5565 ⁷ιγυιιόιιιίἰειννι
3894 5548 3919 5566 .

660 5564 898 5631 quamvis
919 5581 1242 5638 summopere
1270 5575 1673 5642 cogitationibus
1703 5579 1897 5632 nostris
1929 5595 2181 5653 congruat
2204 5601 2221 5638 :

2320 5583 2454 5637 ἀλλ’
2482 5578 2596 5638 οὖν
2625 5584 2704 5651 ὡς
2744 5586 3006 5656 οὐδαμοῦ
3039 5589 3148 5658 τῆς
3174 5564 3419 5661 Γραέρῆς
3444 5594 3748 5665 κειμένην,

664 5660 837 5708 tanton
853 5668 1099 5722 quoniam
1117 5659 1262 5713 nullo
1285 5660 1396 5718 loco
1411 5663 1461 5716 in
1480 5662 1753 5732 Scriptura
1768 5666 1931 5732 ipsam
1944 5670 2162 5738 invenio,
2176 5686 2221 5727 et

2323 5672 2554 5741 πρῶτον
2579 5677 2875 5746 στοιχεῖον
2899 5680 3090 5737 οὖσαν
3117 5682 3225 5751 τῆς
3247 5685 3644 5759 βλασφημίας
3668 5690 3936 5756 αὑτοῦ,
