4032 6208
238 362 341 426 in

1380 364 1654 421 CONTRA
1682 360 2079 429 'EUNOSIIUM,
2124 364 2254 419 LIB.
2296 365 2334 418 Ι.

3373 362 3480 415 H8

237 486 576 543 ⁸ιινιιιυιιιᾶιγθαι
605 486 681 539 ἂν
708 486 949 551 δικαίως
990 484 1170 549 ἀξίαν
1200 480 1353 539 εἶναι
1378 462 1646 554 ’φήσαιμι
1667 500 1681 514 ο
1710 481 1812 549 τῆς

1917 498 2164 552 quamam
2190 482 2419 549 primum
2440 491 2518 537 est
2545 477 3214 550 elementum-blasphemia
3229 479 3479 539 istorum,

257 580 473 648 Πατρός
526 576 733 647 φωνῆς
785 578 928 632 ἴσον
980 577 1327 647 ’δυναμένης
1381 576 1462 642 τῷ
1516 574 1820 646 ἀτεννήτῳ

256 669 418 743 [πρὸς
446 668 528 733 τῷ
558 668 658 721 καὶ
683 667 798 735 τὴν
826 668 960 735 περὶ
986 667 1094 721 τοῦ
1134 666 1272 722 Υἰοῦ
1308 668 1550 721 ἔννοιαν
1586 681 1819 736 συνημ-

253 759 428 826 μένως
460 758 649 826 ἑαυτιῖ
690 758 788 811 διὰ
822 757 931 827 τῆς
969 757 1237 828 σχέσεως
1283 756 1670 829 συνεισάγειν
1691 756 1735 831 ].
1754 756 1819 812 '0

258 851 355 919 τὰρ
397 850 584 916 ὅντως
630 850 853 918 Πατὴρ,
896 849 994 904 καὶ
1031 849 1239 918 μόνος,
1265 849 1336 912 ἐξ
1366 849 1613 915 οὐδενός
1651 849 1821 903 ἐστιν

255 939 447 1007 ἐτέρου
465 956 479 969 ·
511 939 580 991 τὸ
608 939 678 991 δὲ
709 938 780 1001 ἐξ
813 937 1089 1003 οὐδενὸς,
1120 938 1339 991 ταύτόν
1370 938 1500 991 ἐστι
1536 937 1619 1002 τῷ
1646 937 1820 1007 ἀγεν-

254 1028 421 1095 νήτῳ.
447 1029 583 1082 Τίνα
606 1024 700 1082 οὖν
728 1027 924 1097 ἐπάγει
952 1030 1063 1091 τοῖς
1088 1027 1398 1098 εἰρημένοις
1427 1026 1697 1093 ἀπόδειξιν
1724 1027 1818 1079 τοῦ

257 1121 433 1183 κακῶς
458 1116 714 1192 εἰρῆσθαι
757 1120 851 1173 τὸν
883 1120 1039 1187 λόγον
1071 1120 1279 1183 τοῦτον,
1319 1117 1662 1188 ἀκούσωμεν·
1699 1117 1820 1185 Τὴν

252 1209 360 1278 μὲν
388 1205 501 1265 οὖν
522 1209 873 1278 ἀνωμαλίαν
891 1209 1009 1263 τῶν
1024 1213 1225 1280 λόγων
1243 1211 1313 1263 ἐκ
1335 1211 1688 1279 προπετείας
1706 1211 1819 1277 οὐχ

251 1296 428 1371 ἧττον
459 1300 493 1368 ἢ
532 1302 825 1369 πονηρίας
850 1300 1139 1366 ἀναιδοῢς
1169 1301 1293 1366 τοῖς
1322 1301 1539 1355 ἑαυτοῦ
1574 1300 1819 1370 καταμί-

253 1406 467 1463 γνυσιν
491 1390 881 1460 ἐγχειρήμασι
901 1432 916 1456 ν
939 1392 1020 1458 τῷ
1056 1390 1166 1458 τῆς
1196 1391 1430 1462 γνώμης
1459 1393 1816 1461 ἀστηρίκτφ,

250 1477 345 1530 καὶ
388 1475 465 1543 τῇ
511 1475 631 1529 τῶν
669 1475 966 1547 λογισμῶν
1015 1479 1295 1546 ἀσθενείᾳ
1339 1480 1815 1549 περιφερόμενος.

262 1568 449 1637 Ὁρᾶτε
493 1566 557 1619 τὸ
595 1566 849 1638 εὔστοχον
891 1569 992 1638 τῆς
1033 1568 1408 1640 ἀπαντήσεως,
1449 1569 1526 1632 ὠς
1559 1569 1821 1639 τεχνικῶς

247 1656 388 1711 κατᾶ
432 1657 533 1728 τὴν
562 1658 784 1729 λογικὴν
815 1658 980 1712 αὑτοῦ
1009 1659 1320 1729 ὲντρέχειαν
1348 1659 1582 1731 ἐκείνην,
1616 1659 1819 1713 διαλύει

1918 572 2126 625 silentio
2150 571 2462 626 tradendam
2494 574 2679 626 merito
2722 573 2963 627 duxerim
2996 584 3017 626 :
3041 570 3336 639 prtesertim
3362 585 3480 623 cum

1920 658 2102 713 Patris
2126 674 2224 713 uox
2249 671 2297 714 et
2320 660 2375 714 id
2399 661 2568 730 possit
2610 660 2746 730 quod
2773 661 3005 730 ingeniti,
3033 670 3079 713 et
3114 658 3181 711 ad
3208 659 3262 710 id
3294 661 3477 719 etiam,

1918 763 2127 824 propter
2148 754 2452 809 relationem
2476 753 2809 824 conjunctam
2851 753 2951 806 sibi
2985 750 3138 815 Filii,
3203 750 3481 819 cogitatio-

1919 861 2036 900 nem
2070 845 2304 900 adducat
2340 886 2354 900 .
2382 847 2487 913 Qui
2524 848 2659 901 enim
2688 860 2804 899 vere
2837 842 2998 897 Pater
3043 854 3090 896 et
3143 842 3285 894 solus
3319 837 3479 891 Pater

1916 944 2014 997 est,
2047 952 2079 988 a
2104 934 2250 990 nullo
2275 943 2353 990 est
2377 952 2396 989 :
2426 937 2515 1005 qui
2545 944 2719 989 autem
2746 948 2779 986 a
2803 931 2947 986 nullo
2972 938 3070 990 est.
3089 929 3347 998 ingenitus
3376 936 3475 979 est.

1918 1024 2216 1081 Audiamus
2243 1040 2370 1096 ergo
2415 1025 2685 1094 quomodo
2731 1023 3066 1078 demonstret
3111 1019 3225 1072 haec
3285 1031 3475 1086 perpe-

1918 1130 2031 1168 ram
2062 1114 2205 1169 dicta
2244 1130 2385 1170 esse.
2428 1113 2926 1169 Dissimilitudinem
2982 1120 3032 1165 et
3066 1108 3477 1178 ianuulitatem

1917 1220 2023 1258 non
2056 1206 2252 1269 minus,
2283 1221 2440 1275 quam
2472 1203 2821 1274 impudentem
2876 1201 3263 1272 improbitatem
3307 1213 3372 1252 ea:
3398 1206 3475 1250 te-

1917 1296 2157 1348 meritate
2207 1297 2323 1349 suis
2365 1295 2533 1349 verbis
2584 1294 2859 1360 admiscet,
2914 1291 3256 1346 instabilitate
3288 1288 3476 1341 mentis

1917 1395 1966 1440 et
2014 1388 2391 1457 cogitationum
2450 1386 2813 1441 imbecillitate
2874 1384 3245 1438 circumactus.
3288 1377 3478 1433 Videte

1917 1491 2078 1545 quam
2108 1476 2449 1532 considerate
2481 1476 2792 1532 adversario
2811 1480 3097 1531 occurrat.
3138 1470 3310 1537 Quam
3341 1468 3477 1523 arti-

1918 1565 2103 1622 ﬁciose
2132 1582 2197 1622 ex
2227 1567 2401 1637 logica
2431 1582 2528 1621 sua
2563 1566 2755 1636 peritia
2780 1564 2923 1620 vires
2945 1578 3132 1619 eorum
3158 1575 3278 1631 quae
3333 1559 3477 1613 dicta

1919 1664 2066 1721 sunt,
2108 1664 2351 1721 enervat,
2399 1657 2708 1711 introducta
2742 1656 2927 1726 pietati
2972 1654 3155 1723 magis
3181 1658 3474 1705 consenta-

232 1750 347 1819 ’μὲν
383 1750 494 1801 τῶν
520 1750 825 1820 εἰρημένων
857 1750 954 1820 τὴν
996 1749 1226 1821 δύναμιν
1247 1790 1261 1810 .
1300 1751 1608 1819 ἀντεισάγει
1635 1750 1691 1804 δὲ
1719 1751 1812 1820 τὴν

1921 1763 2023 1801 nea
2057 1747 2479 1802 existimatione.
2521 1746 2939 1810 Dissimilistest,
2981 1743 3177 1813 inquit,
3217 1755 3473 1802 sermone,

244 1808 942 1912 εὐσεϐεστέραν-ὑπόληψιν
977 1808 1221 1911 γνώμην.
1251 1808 1605 1911 -Ἀνὼμοιλος,
1661 1808 1812 1912 φησί,

1917 1853 2023 1891 non
2050 1838 2225 1892 minus
2253 1852 2482 1906 pra'ceps
2514 1848 2560 1891 et
2592 1837 2900 1890 temerarius
2955 1850 3111 1905 quam
3137 1832 3434 1885 malitiosus
3457 1844 3476 1881 :

245 1930 352 1981 τὸν
387 1932 596 1999 λόγον,
631 1931 933 1999 προπετὴς
962 1933 1074 2000 οὐχ
1102 1926 1283 2000 ἧττον
1336 1931 1375 1999 ἢ
1420 1931 1678 1999 πονηρὸς
1703 1932 1818 2000 τὴν

244 2017 518 2088 γνώμην,
554 2020 937 2089 ἀστήρικτος,
953 2020 1027 2089 τῇ
1056 2020 1174 2074 τῶν
1201 2021 1507 2092 λογισμῶν
1536 2023 1816 2090 ἀσθενείᾳ

242 2111 725 2180 περιφερόμενος.
770 2112 940 2165 Πόθεν
968 2111 1137 2165 ταῦτα
1157 2152 1172 2176 ,
1206 2113 1301 2166 καὶ
1336 2114 1402 2165 ὲκ
1444 2113 1600 2177 ποίας
1635 2114 1814 2177 αἰτίας

240 2198 604 2267 παροξυνθεὶς
641 2202 670 2254 ὁ
713 2201 814 2272 τὴν
853 2199 1076 2271 γνώμην
1109 2201 1529 2272 ὲστηριγμένος,
1571 2203 1665 2255 καὶ
1702 2203 1814 2264 τοῖς

239 2289 527 2360 λογισμοῖς
566 2291 822 2359 ὑγιαίνων
854 2292 1020 2363 φησί;
1061 2293 1215 2358 Τίνος
1246 2294 1479 2365 μάλιστα
1511 2296 1813 2365 καταγνοὺς

236 2380 348 2432 τῶν
380 2381 724 2452 εἰρημένων;
758 2382 880 2435 Ὅτι
916 2384 1016 2454 τὴν
1044 2382 1247 2437 ἔννοιαν
1281 2384 1492 2455 δέχεται
1515 2384 1610 2439 τοῦ
1641 2386 1811 2455 ἀγεν-

236 2472 450 2539 νήτου,
479 2472 581 2543 τὴν
611 2473 667 2526 δὲ
694 2472 896 2545 φωνὴν,
937 2473 1012 2539 ὡς
1057 2476 1242 2540 κακῶς
1272 2477 1627 2549 ὲκληφθεῖσαν
1659 2477 1811 2549 παρὰ

236 2562 346 2614 τῶν
374 2562 809 2634 διαστρεφόντων
829 2601 845 2626 ,
877 2564 1084 2636 σιωπῆς
1119 2565 1276 2631 ἀξίαν
1311 2566 1481 2637 φησί;
1508 2567 1561 2619 τί
1600 2566 1708 2637 γὰρ
1735 2565 1810 2638 μὴ

236 2654 295 2704 ἐν
333 2655 548 2722 ῥήμασι
588 2653 683 2705 καὶ
724 2655 973 2724 προφορᾷ
1000 2653 1061 2706 τὸ
1105 2654 1343 2723 ἀσφαλὲς
1378 2653 1679 2708 κινδυνεύει
1709 2655 1810 2724 τῆς

233 2743 509 2807 πίστεως,
541 2744 641 2814 τῆς
679 2743 736 2796 δὲ
769 2744 910 2797 κατὰ
935 2744 1031 2815 τὴν
1065 2744 1299 2799 διάνοιαν
1334 2744 1617 2816 ἀκριϐείας
1653 2745 1809 2813 λόγος

228 2834 442 2897 ούδείς;
477 2836 548 2887 Ἦ
576 2834 696 2905 οὐχὶ
722 2836 1143 2907 προηγουμένως
1170 2838 1235 2907 τῇ
1269 2836 1463 2907 καρδίᾳ.
1490 2836 1809 2905 καθαρεύειν

226 2925 341 2977 ἀπὸ
375 2925 487 2978 τῶν
516 2926 770 2997 πονηρῶν
790 2927 1138 2998 ἐννοημάτων
1164 2929 1191 2980 ὁ
1216 2927 1315 2995 τῆς
1345 2926 1599 2996 ἀληθείας
1627 2946 1807 3000 παρα-

228 3016 563 3081 σκευάζεται
599 3016 780 3086 λόγος’
820 3018 1024 3089 ῥήμασι
1060 3018 1118 3072 δὲ
1149 3018 1447 3089 κεχρῆσθαι
1478 3018 1614 3091 πρὸς
1639 3019 1809 3091 δήλω-

232 3123 319 3160 σιν
354 3108 467 3161 τῶν
491 3109 594 3178 τῆς
621 3107 801 3178 ψυχῆς
837 3109 1169 3180 κινημάτων,
1211 3108 1279 3162 δι’
1309 3102 1386 3164 ὧν
1422 3109 1489 3163 ἂν
1524 3106 1558 3185 ᾖ
1587 3110 1808 3164 δυνατὸν

232 3198 577 3265 ἐνδείξασθαι
616 3199 711 3251 τοῦ
749 3199 841 3253 νοῦ
894 3199 953 3252 τὸ
986 3200 1292 3272 ἀπόρρητον
1316 3238 1332 3265 ,
1366 3201 1514 3254 οὐδὲν
1551 3202 1678 3273 περὶ
1720 3203 1811 3255 τὸν

231 3292 439 3344 τοιόνδε
462 3290 567 3361 τῆς
596 3291 779 3361 φωνῆς
809 3286 1484 3362 ἦχον,μικρολογούμενον;
1515 3292 1588 3345 Οὐ
1621 3292 1728 3363 γὰρ
1752 3293 1812 3345 τὸ

228 3380 428 3445 οὕτως,
459 3381 494 3449 ἢ
515 3380 592 3444 ὡς
612 3381 812 3453 ἑτέρως
837 3383 1009 3434 εἰπεῖν
1030 3380 1201 3435 αίτιον
1224 3381 1326 3452 τῆς
1343 3382 1402 3435 ὲν
1423 3383 1556 3453 ἡμῖν
1575 3382 1811 3447 διανοίας

224 3471 563 3527 -καθίσταται
583 3487 600 3502 ο
620 3470 757 3526 ἀλλὰ
783 3471 843 3526 τὸ
863 3473 1100 3544 κρυπτὸν
1124 3471 1224 3542 τῆς
1250 3471 1473 3541 καρδίας
1500 3472 1676 3543 νόημα
1702 3472 1810 3526 τῶν

230 3561 457 3615 τοιῶνδε
499 3562 674 3630 λόγων
715 3562 814 3635 τὴν
853 3562 1031 3617 αἰτίαν
1067 3562 1339 3617 ἐνδίδωσιν
1359 3578 1373 3593 ’
1430 3563 1532 3616 Ἐκ
1562 3563 1671 3634 γὰρ
1703 3563 1809 3618 τοῦ

220 3654 739 3723 περισσεύματος,
759 3654 909 3723 φησί,
932 3652 1042 3721 τῆς
1063 3652 1307 3722 καρδίας
1316 3652 1385 3708 τὸ
1405 3654 1597 3723 στόμα
1613 3652 1805 3707 λαλεῖ.

306 3742 416 3797 Καὶ
444 3743 555 3797 τῶν
586 3744 884 3814 νοηθέντων
915 3744 1156 3816 ἑρμηνέα
1186 3744 1276 3798 τὸν
1304 3744 1459 3813 λόγον
1492 3742 1807 3815 ποιούμεθα,

235 3831 299 3884 οὐ
340 3831 403 3884 τὸ
446 3831 683 3902 ἔμπαλιν
736 3833 834 3904 τὴν
875 3833 1113 3887 διάνοιαν
1157 3832 1249 3903 ἀφ’
1292 3824 1367 3887 ὧν
1418 3832 1647 3903 λέγομεν
1689 3851 1811 3886 συν·

235 3922 555 3994 αγείρομεν,
572 3922 675 3977 κᾶν
695 3922 793 3993 μὲν
819 3924 1103 3995 ἀμφότερα
1125 3922 1417 3995 συμϐαίνῃ,
1439 3923 1534 3977 καὶ
1559 3926 1696 3976 νοεῖν
1726 3923 1811 3976 δε-

232 4012 389 4081 ξιῶς,
416 4014 514 4068 καὶ
543 4013 864 4085 ἑρμηνεύειν
885 4054 899 4078 ,
928 4015 1110 4086 ἄρτιος
1133 4014 1199 4068 δι’
1225 4014 1500 4085 ἑκατέρων
1530 4016 1561 4067 ὁ
1599 4013 1808 4086 ἄνθρω-

234 4122 342 4170 τος
362 4123 376 4137 ο
404 4107 456 4160 εἰ
485 4106 541 4159 δὲ
569 4106 630 4159 τδ
656 4107 842 4177 ἕτερον
863 4105 1027 4170 λίποι,
1056 4105 1211 4177 ὀλίγη
1236 4105 1313 4177 τῷ
1342 4105 1523 4179 ἰδιώτῃ
1552 4106 1692 4159 κατὰ
1719 4106 1809 4160 τὸν

233 4192 395 4263 λόγον
430 4195 468 4264 ἠ
497 4191 699 4262 ζημία,
741 4194 840 4264 τῆς
878 4193 1020 4247 κατὰ
1047 4192 1223 4263 ψυχὴν
1270 4193 1522 4261 γνώσεως
1566 4193 1699 4264 πρὸς
1748 4193 1808 4248 τὸ

228 4280 441 4350 ἀγαθὸν
482 4280 936 4351 κατηρτισμένης.
978 4282 1043 4334 '0
1074 4280 1245 4347 λαὸς,
1271 4282 1454 4353 φησὶν,
1486 4277 1662 4349 οὗτος
1685 4280 1803 4347 τοῖς

224 4371 478 4439 χείλεσι
501 4386 581 4439 με
602 4368 754 4439 τιμᾷ·
778 4372 817 4439 ή
839 4369 908 4423 δὲ
934 4370 1145 4439 καρδία
1165 4369 1362 4425 αὐτῶν
1385 4374 1580 4441 πόρῤω
1601 4372 1808 4440 ἀπέχει

1916 1928 2091 1983 animo
2154 1928 2442 1991 instabilis,
2485 1927 2873 1996 cogitationum
2920 1939 3139 1977 suarum
3170 1923 3477 1991 inﬁrmitate

1915 2018 2293 2071 circumactus.
2341 2015 2514 2083 Unde,
2574 2024 2629 2071 et
2688 2030 2797 2086 qua
2849 2027 3013 2068 causa
3061 2012 3344 2081 impulsus,
3382 2010 3474 2079 qui

1919 2116 2101 2165 mente
2130 2109 2265 2163 adeo
2293 2108 2559 2164 solidatus
2582 2115 2686 2168 est,
2707 2115 2762 2162 et
2795 2105 3122 2176 cogitatione
3138 2103 3275 2156 adeo
3307 2117 3475 2157 sanus

1912 2207 1968 2252 et
2000 2198 2274 2264 sincerus,
2311 2198 2436 2253 talia
2470 2197 2646 2252 eﬂutit
2668 2197 2692 2249 ?
2713 2196 2981 2263 Quidnam
3011 2209 3077 2249 ex
3136 2192 3299 2247 dictis
3354 2207 3472 2245 ma-

1906 2294 2056 2347 xime
2090 2293 2419 2363 imprebat'?.
2442 2294 2521 2346 An
2579 2291 2705 2362 quia
2741 2289 3051 2360 (Basilius)
3105 2301 3324 2343 sensum
3379 2283 3471 2353 qui

1910 2380 2175 2434 vocabulo
2223 2380 2550 2433 innascibilt's
2588 2379 2911 2447 subjicitur,
2966 2377 3209 2447 recepit,
3281 2388 3468 2429 vocem

1914 2486 2040 2524 vero
2071 2471 2268 2541 ipsam.
2300 2480 2554 2540 tanquam
2583 2485 2614 2523 a
2658 2468 3105 2539 depravatoribus
3150 2466 3289 2521 male
3321 2479 3475 2530 acce—

1912 2571 2096 2630 ptam,
2138 2561 2359 2616 silentio
2411 2560 2761 2630 premendam
2804 2558 3056 2628 iudicat?
3091 2556 3231 2622 Quid
3286 2556 3474 2611 enim?

1908 2650 1991 2703 An
2023 2650 2080 2705 in
2117 2651 2299 2706 verbis
2330 2658 2384 2705 et
2412 2651 2717 2721 prolatione
2779 2650 3044 2705 securitas
3077 2655 3132 2703 et
3184 2646 3471 2702 sinceritas

1911 2741 2036 2797 ﬁdei
2088 2741 2473 2812 periclitatur?
2536 2741 2618 2795 An
2676 2739 2824 2795 nulla
2860 2740 3001 2793 ratio
3050 2738 3294 2793 habenda
3352 2736 3471 2805 ejus

1908 2847 2028 2902 quae
2056 2847 2124 2887 ex
2153 2848 2318 2889 sensu
2365 2841 2471 2896 est,
2514 2830 2928 2887 accurationis?
2983 2828 3179 2883 Annon
3214 2826 3471 2898 primario

1908 2931 1963 2978 et
1999 2930 2124 2979 ante
2149 2924 2331 2978 omnia
2360 2922 2414 2979 id
2446 2922 2694 2978 veritatis
2744 2921 2885 2975 ratio
2939 2920 3140 2983 studet,
3197 2930 3254 2973 ut
3284 2933 3379 2972 cor
3439 2932 3467 2968 a

1910 3015 2184 3084 perversis
2231 3013 2585 3084 opinionibus
2631 3020 2982 3082 expurgetur,
3022 3009 3203 3064 verbis
3242 3023 3371 3063 vero
3401 3008 3467 3061 ad

1835 3136 1877 3192 ο
1912 3106 2192 3159 nationum
2230 3105 2428 3160 animae
2466 3104 2961 3160 manifestationem
3008 3109 3214 3165 utatur,
3270 3099 3471 3169 quibus

1911 3210 2111 3249 arcana
2152 3195 2357 3251 mentis
2386 3195 2665 3265 pateﬁant,
2723 3193 2961 3263 seposita
3011 3191 3079 3247 de
3127 3191 3278 3245 vocis
3335 3203 3472 3245 sono

1910 3286 2073 3339 anxia
2102 3284 2513 3340 sollicitudine?
2537 3284 2658 3340 Non
2678 3285 2830 3340 enim
2852 3294 3033 3339 utrum
3071 3282 3176 3336 hoc
3203 3281 3285 3335 vel
3314 3280 3470 3346 illud,

1910 3376 2017 3432 isto
2052 3376 2137 3430 vel
2170 3376 2277 3431 isto
2305 3377 2469 3431 modo
2494 3375 2823 3447 proferatur,
2866 3382 3224 3445 conceptuum
3256 3383 3472 3427 nostro-

1910 3482 2030 3521 rum
2062 3481 2228 3521 causa
2262 3475 2369 3531 est,
2403 3467 2498 3522 sed
2549 3465 2901 3521 absconditus
2942 3464 3111 3518 animi
3153 3479 3349 3520 sensus
3387 3462 3473 3516 bis

1911 3557 1994 3612 vel
2029 3557 2141 3613 illis
2155 3558 2339 3613 verbis
2365 3571 2588 3612 causam
2613 3557 3033 3612 subministrat:
3064 3570 3185 3612 nam
3211 3570 3276 3609 ea:
3303 3554 3472 3609 abun-

1907 3648 2095 3703 lautia
2118 3648 2298 3704 cordis
2331 3665 2389 3703 os
2417 3648 2648 3719 loquitur
2678 3648 2746 3703 ”.

1980 3736 2044 3793 Et
2070 3738 2338 3809 interpres
2385 3753 2576 3794 eorum
2601 3752 2726 3808 qua:
2755 3745 2935 3792 mente
2964 3735 3323 3806 concipimus,
3353 3749 3470 3791 ser-

1908 3844 1999 3884 mo
2030 3837 2153 3886 est:
2194 3844 2303 3883 non
2329 3844 2361 3885 e
2390 3828 2668 3883 contrario
2703 3842 2924 3882 sensum
2969 3842 3035 3881 ex
3072 3826 3177 3890 iis,
3220 3840 3342 3894 quae
3384 3824 3469 3878 di-

1908 3929 2138 3987 cuntur,
2162 3919 2472 3990 colligimus
2498 3938 2511 3973 :
2556 3918 2807 3989 quamvis
2836 3924 3126 3986 utrumque
3153 3916 3469 3984 contingere

1909 4019 2091 4080 queat,
2120 4020 2175 4065 et
2205 4010 2394 4066 dextre
2408 4010 2737 4079 intelligere,
2766 4014 2829 4061 et
2851 4006 3040 4061 dextro
3074 4004 3366 4075 explicare,
3398 4008 3464 4059 ad

1909 4109 2204 4172 utrumque
2237 4109 2419 4157 autem
2448 4100 2611 4153 homo
2646 4097 2877 4150 idoneus
2908 4108 2961 4150 et
2987 4095 3259 4165 perfectus
3287 4102 3391 4155 est.
3414 4106 3466 4148 et

1909 4190 1957 4244 si
1987 4189 2221 4245 alterum
2286 4189 2449 4253 absit,
2494 4187 2687 4255 exigua
2728 4184 2908 4237 idiota:
2958 4192 3012 4238 et
3066 4184 3314 4255 imperito
3342 4185 3468 4237 huic

1909 4280 2152 4335 imminet
2168 4280 2402 4348 jactura,
2437 4276 2636 4346 quippe
2663 4272 2822 4339 cujus
2848 4274 3088 4344 cognitio
3112 4276 3179 4328 ad
3214 4274 3289 4337 id,
3319 4278 3460 4343 quod

1910 4368 2109 4422 bonum
2150 4376 2256 4428 est,
2292 4364 2620 4420 concinnata
2646 4373 2702 4418 et
2736 4355 3043 4433 composita
3106 4364 3199 4419 sit.
3235 4363 3468 4433 I’o'pulns

223 4458 333 4513 ἀπ’
378 4457 561 4529 ἐμοῦ·
610 4458 664 4512 τί
705 4459 861 4511 τοῦτο
892 4460 1223 4530 .σημαίνων;
1271 4460 1394 4513 Ὀτι
1443 4461 1807 4533 προτιμοτέρα

1910 4459 2007 4512 iste
2045 4456 2199 4510 labiis
2250 4472 2330 4510 me
2379 4455 2623 4520 honorat,
2673 4454 2867 4525 inquit,
2928 4471 3019 4508 cor
3066 4466 3239 4509 autem
3292 4474 3467 4511 eorum

224 4550 386 4620 παρὰ
444 4549 568 4617 Θεῷ
622 4552 803 4621 κριτῇ,
860 4549 938 4620 τῷ
991 4550 1099 4604 τῶν
1151 4549 1432 4621 ἀλαλήτων
1490 4550 1807 4621 στεναγμῶν

226 4642 502 4702 {mimi-tt,
525 4641 561 4710 ἡ
584 4639 681 4709 τῆς
706 4639 883 4709 ψυχῆς
913 4639 1047 4711 πρὸς
1074 4638 1171 4710 τὴν
1196 4638 1449 4711 ἀλήθειαν
1478 4640 1679 4711 σχέσις,
1706 4640 1808 4710 τῆς

226 4729 286 4780 ἐν
326 4731 579 4800 ῥήμασιν
608 4728 937 4799 εὐπρεπείας
970 4727 1061 4781 τοῦ
1100 4727 1280 4796 λόγου.
1313 4728 1533 4792 Τοῦτοις
1566 4728 1665 4799 μὲν
1698 4730 1806 4800 γὰρ

224 4819 344 4873 ἐστι
374 4820 478 4873 καὶ
515 4819 651 4890 πρὸς
680 4820 741 4873 τδ
777 4819 1016 4874 ἐναντίον
1061 4819 1504 4890 συγχρήσασθαι,
1541 4820 1679 4873 κατὰ
1707 4820 1806 4892 τὴν

226 4912 486 4978 ἰξουσίαν
519 4910 615 4964 τοῦ
649 4910 1038 4981 φθεγγομένου,
1078 4911 1214 4983 πρὸς
1253 4911 1315 4964 τὸ
1353 4911 1541 4965 δοκοῦν
1569 4912 1805 4977 εὐκόλως

228 5001 617 5076 ϋεημτοάης
640 5002 738 5073 τῆς
763 5003 1048 5073 γλώσσης·
1077 5005 1111 5073 ἡ
1137 5003 1193 5056 δὲ
1216 5003 1315 5072 τῆς
1343 5002 1520 5073 ψυχῆς
1547 5002 1802 5069 διάθεσις.

226 5096 381 5160 ὅπως
408 5094 483 5148 ἂν
517 5093 716 5164 ἔχουσα
744 5093 929 5166 τύχοι,
955 5093 1126 5157 οὕτως
1151 5095 1341 5164 ὁρᾶται
1370 5092 1448 5162 τῷ
1476 5093 1555 5155 εἰς
1578 5094 1647 5145 τὰ
1675 5093 1805 5164 κρύ-

228 5208 331 5260 ςια
377 5189 659 5260 βλέποντι.
692 5188 843 5252 Τίνος
878 5183 972 5241 οὖν
1009 5187 1166 5259 χάριν
1196 5185 1507 5256 ἀνώμαλος,
1542 5187 1636 5239 καὶ
1672 5202 1804 5256 προ.

226 5285 406 5353 επὶ-,ς
432 5281 538 5350 οὐχ
567 5275 725 5350 ἧττον
752 5280 784 5350 ἢ
818 5279 1071 5350 πονηρὸς,
1100 5278 1133 5330 ὁ
1167 5277 1228 5330 τὸ
1258 5277 1355 5347 μὲν
1386 5275 1621 5341 εὐσεϐῶς
1658 5276 1808 5329 νοού-

226 5388 394 5439 μενον
432 5372 501 5422 ὲκ
527 5357 627 5438 τῆς
663 5368 756 5422 τοῦ
786 5367 1116 5439 ἀτεννήτου
1156 5365 1361 5436 φωνῆς,
1394 5367 1488 5420 καὶ
1523 5365 1679 5428 νοῶν,
1714 5367 1807 5420 καὶ

223 5462 547 5533 δεχόμενος,
575 5459 638 5512 τὸ
669 5458 725 5511 δὲ
759 5460 881 5514 ὅσον
905 5457 1145 5513 συντελεῖ
1170 5457 1307 5529 πρὸς
1332 5456 1582 5511 ἀσέὸειαν
1604 5459 1715 5521 τοῖς
1740 5459 1808 5512 τὰ

222 5552 480 5620 Idyma
502 5550 897 5622 παρανομοῦσι,
930 5549 1086 5604 τοῦτο
1118 5547 1417 5603 σιωπᾶσθαι
1449 5546 1714 5611 κελεύων;
1742 5547 1805 5602 Εἰ

294 5732 345 5763 ³’
378 5726 582 5783 latth.
612 5742 709 5788 ιιι,
740 5727 829 5781 δέ.
906 5726 949 5756 ’⁸³
990 5727 1089 5780 lsa.
1119 5743 1264 5789 χιιι,
1304 5726 1397 5793 l3;
1436 5724 1622 5779 Matth.
1660 5739 1769 5792 ενι,
1806 5723 1859 5778 8.

1909 4548 2060 4618 longe
2086 4555 2162 4601 est
2185 4564 2217 4600 a
2241 4563 2321 4600 me
2344 4546 2411 4599 “.
2437 4543 2577 4611 Quid
2607 4545 2710 4600 boc
2742 4545 2891 4600 dicto
2924 4546 3230 4616 signiﬁcare
3258 4549 3470 4603 voluit?

1909 4636 2201 4705 Potiorem,
2241 4637 2384 4708 apud
2420 4635 2587 4690 Deum
2614 4634 2878 4706 iudicem,
2920 4636 3159 4707 gemitus
3188 4651 3315 4691 voce
3360 4653 3465 4690 nou

1909 4746 2200 4801 expressos
2249 4729 2582 4793 audientem,
2641 4743 2766 4784 esse
2824 4729 3024 4783 mentis
3060 4728 3127 4782 ad
3185 4729 3468 4783 veritatem

1909 4820 2268 4887 affectionem,
2295 4835 2458 4891 quam
2486 4820 2775 4875 verborum
2822 4826 3073 4873 ornatum
3113 4827 3169 4874 et
3209 4818 3469 4888 eloquen-

1912 4912 2062 4966 tiam.
2096 4909 2231 4965 Nam
2268 4911 2352 4965 his
2375 4909 2535 4965 etiam
2570 4910 2623 4962 in
2660 4907 2994 4963 contrarium
3030 4908 3108 4962 uti
3165 4908 3311 4970 licet,
3372 4924 3471 4976 pro

1909 5000 2030 5069 ejus
2083 5000 2173 5070 qui
2206 5000 2443 5069 loquitur
2497 4998 2777 5063 facultate,
2809 4998 2993 5069 lingua
3032 5012 3140 5053 non
3184 4997 3471 5053 diﬁicultcr

1909 5089 1978 5144 ad
2008 5088 2062 5144 id
2090 5090 2235 5160 quod
2266 5091 2444 5144 visum
2479 5097 2565 5144 est
2618 5089 3014 5145 subserviente.
3050 5089 3119 5143 At
3175 5104 3304 5145 vero
3346 5091 3466 5144 ani.

1908 5196 2011 5236 ma:
2037 5180 2275 5244 all‘ectio.
2312 5181 2711 5250 qualiscunque
2748 5194 2811 5234 ea
2833 5180 2925 5244 sit,
2961 5180 3086 5234 talis
3115 5179 3275 5234 etiam
3303 5195 3468 5249 appao

1908 5282 1991 5328 ret
2017 5274 2067 5327 ei
2121 5274 2215 5343 qui
2244 5273 2458 5327 occulta
2497 5273 2761 5326 intuetur.
2809 5269 2988 5336 Quare
3037 5269 3201 5340 igitur
3238 5279 3467 5326 temera-

1908 5364 2025 5418 rius
2056 5372 2166 5429 est,
2196 5370 2251 5418 et
2287 5377 2397 5417 non
2432 5363 2616 5417 minus
2655 5362 2957 5432 improbus,
3003 5362 3096 5430 qui
3125 5360 3269 5431 quod
3314 5362 3467 5416 inna-

1908 5455 2108 5510 scibilis
2140 5469 2237 5510 seu
2265 5455 2484 5524 ingeniti
2517 5452 2781 5508 vocabulo
2834 5453 2923 5523 pie
2967 5451 3329 5521 signiﬁcatur,
3378 5469 3466 5507 re-

1910 5547 2042 5619 cipit
2073 5555 2127 5604 ct
2160 5546 2446 5617 approbat,
2490 5545 2625 5601 illud
2676 5559 2803 5599 vero
2850 5544 2995 5618 quod
3055 5544 3238 5619 impiis
3276 5546 3469 5617 impie-
