4032 6208
613 304 721 381 tta

1885 276 1943 384 εἶ
1979 325 2302 385 GREGORII
2338 326 2611 385 NYSSEN
2619 328 2636 383 Ι

3750 328 3854 382 62’)

615 439 748 494 tatis
778 436 1053 495 struenda
1084 451 1275 493 ansam
1309 438 1538 509 praebet,
1569 439 1717 496 sileri
1743 442 1935 513 jubet?
1965 444 2098 500 Nam
2131 445 2178 501 si

2286 445 2384 515 μὲν
2411 444 2520 516 γὰρ
2556 444 2761 513 ἔλεγεν,
2790 442 2867 515 μὴ
2895 443 3005 498 δεῖν
3044 441 3377 514 ἀγέννητον
3416 444 3556 497 νοεῖν
3585 443 3677 496 τὸν
3704 441 3856 507 Θεὸν,

614 529 846 584 dixisset
893 543 1004 582 non
1032 542 1159 582 esse
1192 526 1565 598 usurpandum
1593 530 1923 589 iunascibilis
1953 536 2191 591 vocabu-

617 619 751 682 lum,
805 616 1091 674 babuisset
1122 615 1265 673 forte
1310 617 1518 689 justam
1576 618 1693 675 hinc
1740 630 1795 677 et
1851 624 2032 679 adhuc
2066 637 2190 695 gra-

617 708 769 763 viora
821 708 1089 765 adversus
1141 708 1297 764 illum
1346 709 1590 779 jactandi
1632 713 1878 768 convicia
1935 715 2183 771 occasio-

618 814 766 854 nem.
815 796 873 854 Si
905 812 1033 852 vero
1070 813 1139 853 ex
1197 799 1475 854 communi
1521 799 1735 871 piorum
1785 802 2192 859 existimatione

619 891 722 946 hoc
761 889 1079 955 conﬁtetur,
1130 899 1185 944 et
1215 889 1375 959 quasi
1435 889 1762 945 sententiam
1812 891 2078 963 magistro
2106 892 2192 947 di-

615 996 777 1052 gnam
803 980 1012 1051 profert
1055 994 1117 1036 se.
1141 980 1481 1036 abstinuisse
1510 980 1581 1036 ab
1609 980 1712 1036 hac
1736 996 1889 1047 voce,
1919 991 2190 1053 quatenus

618 1086 876 1143 perversa
902 1071 1286 1127 haereticorum
1323 1070 1576 1126 doctrina
1608 1071 1741 1127 hinc
1780 1071 2047 1143 originem
2077 1079 2189 1127 tra-

617 1165 716 1229 xit,
747 1178 975 1235 remque
1004 1162 1182 1234 ipsam
1211 1161 1594 1233 signiﬁcatam,
1625 1160 1797 1218 Deum
1828 1163 2037 1218 scilicet
2066 1177 2189 1218 esse

620 1252 1012 1318 innascibilem,
1043 1253 1216 1309 teneri
1238 1252 1420 1323 jubet,
1450 1252 1595 1307 haud
1616 1252 1913 1324 quidquam
1946 1252 2185 1317 admisit,

617 1345 689 1402 ob
727 1345 871 1416 quod
924 1344 1094 1402 tantis
1148 1343 1416 1401 conviciis
1473 1344 1827 1401 laceraretur.
1862 1344 2061 1398 Annon
2116 1343 2187 1399 ab

623 1439 740 1507 ipsa
796 1436 1039 1493 Veritate
1097 1437 1275 1493 edocti
1332 1453 1527 1495 sumus
1587 1436 1715 1491 talia
1777 1435 1976 1502 facere,
2013 1450 2187 1504 neque

614 1532 779 1585 etiam
806 1529 961 1585 valde
1022 1529 1189 1585 claris
1216 1529 1516 1593 adhaerere,
1576 1528 1624 1583 si
1674 1526 1808 1598 quid
1862 1525 2057 1581 horum
2114 1524 2184 1578 ad

619 1621 821 1674 malum
853 1619 1059 1674 ducat?
1098 1616 1213 1697 lino
1244 1621 1408 1675 etiam
1431 1617 1685 1674 dextrum
1716 1615 1957 1679 oculum,
1993 1614 2182 1685 pedem

617 1718 672 1765 et
710 1725 930 1764 nianum
958 1710 1214 1765 similiter
1252 1709 1522 1779 amputari
1549 1709 1816 1780 praecipit,
1855 1708 1903 1764 si
1945 1706 2079 1777 quid
2115 1722 2181 1761 ex

2290 530 2433 605 εἶχεν
2466 533 2597 597 ίσως
2624 533 2813 603 καιρὸν
2845 531 3069 597 ταύταις
3090 530 3185 585 καὶ
3212 532 3292 585 ἔτι
3315 531 3518 585 τούτων
3549 529 3858 601 χαλεπωτὲ-

2293 641 2411 694 ραις
2439 624 2560 679 κατ’
2585 622 2750 677 αὐτοῦ
2776 623 3077 695 κεχρῆσθαι
3104 624 3221 688 ταῖς
3241 623 3864 697 λοιδορίαις.ΕΞδετοῦτο

2292 715 2391 785 μὲν
2420 714 2670 786 ὁμολογεῖ
2693 714 2832 769 κατά
2860 713 2958 786 τὴν
2989 712 3170 784 κοινὴν
3200 713 3310 767 τῶν
3341 710 3702 768 εὐσεϐούντων
3724 711 3858 766 ὑπό-

2289 801 2484 873 ληψινσ
2518 804 2680 858 οἱονεί⁵
2705 803 2762 856 δὲ
2789 803 3014 876 γνώμην
3040 798 3222 858 δίδωσι
3247 802 3597 874 διδασκαλικῇ
3627 801 3861 856 διαθέσει

2290 896 2625 966 πρέπουσαν,
2642 897 2721 951 ὅτι
2738 895 2963 967 ’Λπέχου
2991 897 3090 965 τῆς
3115 895 3299 966 φωνῆς
3326 894 3551 965 ταύτης,
3578 896 3657 958 εἰς
3679 895 3748 965 ἢν
3773 896 3860 947 εν-

2287 985 2477 1040 τεῦθεν
2504 987 2539 1058 ἠ
2570 984 2671 1056 τῆς
2706 985 3082 1056 καταστροφῆς
3113 982 3367 1048 ὑπόθεσις
3390 983 3489 1056 τὴν
3511 984 3684 1056 ἀρχὴν
3705 983 3818 1054 ἔχει
3840 1002 3853 1016 ο

2287 1074 2387 1148 τὴν
2419 1076 2476 1130 δὲ
2504 1076 2711 1131 ἔννοιαν
2748 1075 2893 1147 ἔχειν
2943 1076 3073 1145 περὶ
3106 1074 3201 1129 τοῦ
3234 1074 3565 1144 ἀγέννητον
3599 1071 3735 1128 εῖναι
3766 1075 3857 1129 τὸν

2287 1167 2455 1232 Θεὸν,
2498 1168 2594 1221 καὶ
2638 1166 2704 1220 δι’
2743 1166 2942 1238 ἐτέρων
2995 1165 3272 1236 ὀνομάτων
3312 1163 3540 1229 κελεύει,
3590 1164 3739 1217 οὐδὲν
3769 1165 3857 1218 διὰ

2285 1259 2458 1314 ταῦτα
2484 1258 2591 1312 τῶν
2613 1256 2888 1329 λοιδοριῶν
2912 1255 3113 1311 τούτων
3139 1254 3307 1320 ἄξιος.
3346 1256 3418 1308 Ἢ
3445 1255 3565 1326 οὐχὶ
3595 1255 3686 1309 καὶ
3710 1257 3858 1324 παρὰ

2284 1352 2385 1422 τῆς
2416 1349 2671 1421 ἀληθείας
2707 1347 2879 1403 ταῦτα
2927 1350 3099 1401 ποιεῖν
3143 1345 3525 1418 ἐδιδάχθημεν,
3573 1347 3710 1416 μήτε
3749 1347 3856 1398 τῶν

2289 1444 2492 1515 σφόδρα
2544 1442 2742 1514 τιμίων
2794 1440 3137 1511 ἀντέχεσθαι,
3185 1440 3280 1494 ὲάν
3317 1438 3424 1511 [τέ]
3458 1456 3512 1492 τι
3542 1437 3747 1491 τούτων
3777 1439 3858 1501 εἰς

2286 1537 2453 1591 κακὸν
2485 1536 2731 1607 συντελῇ,
2754 1532 3032 1605 ὀφθαλμὸν
3050 1533 3242 1599 δεξιὸν,
3270 1533 3364 1586 καὶ
3384 1531 3540 1594 πόδα,
3562 1530 3656 1585 καὶ
3675 1534 3855 1602 χεῖρα,

2283 1626 2540 1690 ὡσαύτως
2589 1627 2914 1696 ἀποτέμνειν
2955 1623 3222 1688 κελεύων,
3269 1623 3397 1678 ὅταν
3441 1621 3767 1693 σκανδαλίζῃ
3806 1638 3859 1674 τι

2283 1718 2523 1783 τούτων;
2554 1718 2619 1770 Τί
2651 1716 2780 1770 ἄλλο
2811 1715 2899 1770 διὰ
2948 1714 3041 1768 τοῦ
3082 1714 3400 1784 αἰνίγματος
3440 1711 3630 1765 τούτου
3683 1714 3859 1764 ποιεῖν

617 1800 738 1854 istis
766 1815 868 1854 nos
901 1797 1230 1854 scandalizet
1255 1799 1395 1853 “"’.
1425 1799 1567 1865 Quid
1594 1799 1742 1853 aliud
1767 1798 1872 1854 hoc
1897 1798 2184 1869 aenigmate

2286 1807 2625 1873 ὑποτίθεται;
2659 1806 2693 1877 ἢ
2732 1800 2850 1875 ούχὶ
2885 1806 2978 1859 καὶ
3013 1805 3081 1859 τὰ
3108 1802 3366 1859 δοκοῦντα
3403 1802 3580 1865 καλῶς
3609 1802 3773 1871 ἔχειν,
3808 1804 3856 1854 εί

620 1890 925 1945 faciendum
956 1890 1135 1945 innuit
1192 1905 1355 1961 quam
1380 1890 1546 1944 etiam
1585 1890 1700 1955 illa,
1738 1904 1860 1959 qua:
1886 1889 2016 1944 boni
2061 1903 2185 1959 spe-

616 1980 754 2035 ciem
819 1980 1043 2049 habent,
1108 1982 1155 2037 si
1212 1981 1489 2044 hominem
1557 1995 1623 2036 ex
1687 1981 2186 2039 inconsideratione

618 2072 884 2127 utentium
917 2072 984 2126 ad
1046 2072 1251 2126 malum
1306 2071 1602 2137 abducant,
1655 2071 1988 2142 repudianda
2042 2087 2182 2137 esse,

615 2164 761 2231 quod
786 2162 1184 2219 conducibilius
1223 2164 1295 2219 sit
1321 2164 1386 2218 iis
1419 2178 1539 2233 quae
1577 2165 1785 2234 peccati
1832 2163 2185 2220 occasionem

617 2254 880 2325 prarbent,
907 2255 1225 2325 amputatis,
1260 2254 1483 2322 salvari,
1507 2269 1671 2325 quam
1704 2255 1791 2311 bis
1820 2254 2100 2311 addictum
2130 2260 2186 2309 et

617 2344 954 2415 implicatum
976 2344 1198 2400 interire
1220 2344 1244 2398 ?

688 2474 829 2542 Quid
859 2484 1040 2531 autem
1066 2475 1271 2533 Christi
1297 2477 1540 2535 imitator
1571 2478 1774 2538 Paulus
1800 2481 1824 2536 ?
1855 2482 1976 2554 Ipse
2018 2484 2183 2540 etiam

619 2567 675 2620 in
703 2565 977 2637 profundo
1006 2568 1289 2638 sapientia:
1314 2569 1456 2624 idem
1485 2570 1665 2626 docet.
1715 2571 1852 2627 Nam
1894 2575 1989 2644 qui
2049 2576 2185 2631 dixit

617 2657 801 2711 onmia
824 2672 948 2713 esse
977 2657 1141 2723 bona,
1178 2668 1232 2713 et
1258 2659 1397 2714 nihil
1429 2661 1817 2730 abjiciendum,
1853 2664 2001 2734 quod
2060 2680 2184 2720 cum

622 2751 925 2820 gratiarum
974 2751 1191 2805 actione
1237 2752 1559 2821 percipitur,
1619 2752 1712 2808 ille
1764 2752 1907 2810 idem
1966 2765 2187 2828 propter

618 2837 1015 2893 conscientiam
1047 2837 1411 2904 inﬁrmorum,
1465 2840 1675 2910 respuit
1719 2841 2015 2911 aliquando
2051 2860 2188 2900 non-

620 2930 769 2983 nulla
795 2943 861 2983 ex
899 2928 986 2992 iis,
1027 2942 1147 2998 qua:
1182 2936 1461 2998 receperat
1491 2939 1546 2984 et
1572 2933 1917 3001 probaverat,
1950 2945 2004 2989 ct
2030 2935 2188 3004 jubet

618 3032 836 3088 quoque
866 3017 1070 3087 respui.
1100 3003 1160 3072 Si
1212 3016 1349 3071 enim
1383 3033 1476 3086 per
1528 3020 1727 3088 cibum,
1765 3023 1964 3094 inquit,
2017 3003 2188 3093 frater

618 3125 762 3163 meus
798 3108 1169 3175 contristatur,
1201 3123 1305 3162 non
1337 3108 1668 3165 manducabo
1714 3126 1898 3168 carnes
1931 3115 1987 3168 in
2029 3125 2181 3170 ater-
2208 3112 2251 3170 Β

620 3212 743 3252 num
758 3199 823 3252 “.
844 3196 988 3253 Idem
1011 3195 1143 3253 facit
1172 3210 1391 3268 quoque
1419 3197 1669 3254 imitator
1696 3198 1852 3255 Pauli
1874 3200 2180 3272 (Basilius)

618 3290 712 3359 qui
748 3287 1185 3344 animadvertetis
1213 3289 1359 3343 malo
1389 3289 1773 3346 haereticorum
1816 3306 1918 3348 usu
1978 3307 2073 3363 per
2102 3295 2184 3348 in-

619 3380 889 3436 uascibilis
924 3380 1250 3435 vocabulum
1280 3395 1522 3438 errorem
1548 3396 1739 3438 eorum
1768 3383 1860 3453 qui
1900 3384 2188 3455 inaequali-

618 3480 785 3528 tatem
822 3471 876 3526 in
903 3467 1014 3527 Deo
1052 3472 1568 3538 comminiscuntur,
1597 3474 1933 3542 conﬁrmari,
1966 3476 2181 3545 suadet,

590 3573 679 3620 .ut
709 3578 835 3619 vera
865 3575 917 3619 et
948 3564 1035 3635 pia
1067 3564 1342 3619 sententia
1375 3564 1444 3621 de
1495 3565 1807 3620 innascibili
1840 3565 2054 3624 animis
2092 3571 2183 3624 ﬁr-

618 3656 780 3710 miter
807 3656 1124 3723 retineatur,
1165 3656 1270 3725 ipsi
1296 3668 1426 3713 vero
1451 3659 1679 3722 voculae,
1713 3667 1973 3730 tanquam
1999 3659 2181 3731 perdi-

622 3745 694 3799 tis
730 3743 1077 3799 occasionem
1109 3744 1499 3815 suppeditanti,
1523 3760 1633 3802 non
1661 3748 1889 3803 nimium
1920 3750 2184 3806 inhaerea-

619 3847 743 3890 tur:
800 3850 925 3891 nam
953 3835 1133 3891 Patris
1187 3836 1625 3907 appellationem,
1685 3840 1992 3912 signiﬁcato
2051 3859 2176 3907 suo,

2286 1898 2422 1971 πρός
2448 1916 2502 1952 τι
2534 1898 2706 1952 κακὸν
2729 1895 2789 1963 ἐξ
2817 1896 3071 1960 ἀϐουλίας
3099 1896 3208 1949 τῶν
3227 1896 3519 1967 χρωμένων
3539 1896 3742 1963 ἀπάγει
3766 1894 3859 1946 τὸν

2285 1990 2589 2061 ἄνθρωπον,
2620 1989 2765 2060 ἀργὰ
2785 2029 2798 2051 ,
2843 1987 2938 2042 καὶ
2963 1989 3218 2058 ἄπρακτα
3252 1988 3395 2039 ποιεῖ
3421 1982 3579 2053 εἶναι,
3605 1986 3681 2048 ὡς
3709 1985 3858 2038 λυσι-

2284 2080 2597 2151 τελέστερον
2622 2079 2680 2133 ὃν
2711 2080 2820 2133 τῶν
2868 2078 3006 2150 πρὸς
3054 2077 3327 2149 ἁμαρτίαν
3379 2075 3856 2148 χειραγωγοῦντων

2285 2170 2837 2244 ἀκρωτηριασθέντων
2870 2170 3127 2240 σωθῆναι,
3167 2169 3199 2222 ἦ
3232 2168 3437 2222 τούτων
3470 2166 3856 2240 περιεχόμενον

2285 2262 2352 2315 δι’
2376 2263 2553 2316 αὐτῶν
2581 2260 2908 2327 ἀπολέσθαι;

2356 2478 2421 2533 Τί
2446 2479 2504 2534 δὲ
2539 2483 2568 2534 ὁ
2597 2479 2836 2551 μιμητὴς
2867 2478 2962 2534 τοῦ
3001 2476 3235 2552 Χριστοῦ
3276 2480 3511 2545 Παῦλοςς
3556 2479 3663 2532 Καὶ
3691 2478 3855 2540 αὐτὸς

2286 2577 2344 2627 ἐν
2379 2574 2463 2645 τῷ
2483 2573 2633 2644 βάθει
2659 2576 2758 2642 τῆς
2790 2575 2981 2644 σοφίας
3014 2575 3084 2628 τὰ
3118 2575 3255 2628 αὐτὰ
3280 2573 3613 2645 δογματίζει.
3652 2573 3714 2625 '0
3744 2572 3861 2643 γὰρ

2287 2669 2464 2723 πάντα
2496 2666 2638 2721 καλὰ
2665 2663 2995 2738 προσειπὼν,
3021 2666 3116 2720 καὶ
3143 2664 3305 2734 μηδὲν
3332 2663 3633 2733 ἀπόϐλητον
3655 2664 3706 2714 εί
3738 2662 3863 2733 μετ’

2287 2758 2635 2831 εὐχαριστίας
2694 2756 3203 2828 μεταλαμϐάνεται,
3259 2756 3406 2809 ἔστιν
3467 2756 3555 2808 ὅτε
3608 2754 3698 2808 διὰ
3754 2754 3865 2823 τὴν

2289 2850 2590 2920 συνείδησιν
2620 2848 2711 2902 τοῦ
2743 2846 3089 2911 ἀσθενοῦντος
3119 2847 3299 2901 ἀθετεῖ
3336 2864 3456 2901 τινα
3492 2846 3652 2899 πάλιν
3682 2845 3740 2911 ἐξ
3786 2840 3866 2899 ὧν

2287 2941 2601 3006 ἀπεδέξατο,
2622 2940 2718 2995 καὶ
2730 2939 3111 3012 παραιτεῖσθαι
3137 2938 3369 2993 κελεύει.
3383 2941 3451 2992 Ei
3468 2940 3579 3009 γὰρ
3598 2939 3695 2992 διὰ
3707 2939 3868 3007 ,βρώο

2281 3049 2423 3102 μης,
2453 3032 2638 3102 φησὶν,
2667 3033 2703 3087 ὁ
2724 3031 2987 3101 ἀδελφός
3008 3050 3128 3101 μου
3150 3030 3443 3094 λυπεῖται,
3466 3032 3540 3085 οὐ
3567 3030 3652 3100 μὴ
3689 3030 3868 3099 φάγω

2283 3125 2427 3193 κρέα
2441 3126 2530 3189 είς
2547 3124 2655 3179 τὸν
2672 3120 2876 3179 αἰῶνα.
2899 3123 3068 3177 Τοῦτο
3095 3123 3273 3177 τοίνυν
3296 3124 3388 3178 καὶ
3406 3124 3437 3177 ὁ
3455 3123 3699 3194 μιμητὴς
3716 3122 3867 3177 Παύ-

2284 3216 2376 3270 λου
2416 3220 2578 3270 ποιεῖ’
2605 3215 2665 3279 δς
2688 3216 2998 3288 τῇθπονηρᾷ
3023 3215 3119 3285 τῆς
3148 3215 3408 3287 αἱρέσεως
3430 3216 3621 3285 χρήσει
3640 3214 3727 3267 διά
3754 3215 3868 3283 τῆς

2283 3304 2378 3358 τοῦ
2426 3305 2759 3375 ἀγεννήτων
2803 3303 3000 3369 λέξεως
3036 3303 3555 3374 ἱσχυροποιουμένην
3592 3300 3714 3355 ίδὼν
3752 3302 3867 3369 τὴν

2284 3397 2499 3468 ἀπάτην
2553 3398 2662 3451 τῶν
2715 3396 2803 3450 διά
2841 3396 2935 3449 τοῦ
2974 3397 3216 3467 ῥήματος
3260 3394 3448 3447 τούτου
3494 3394 3555 3447 τὸ
3603 3394 3870 3464 ἀνόμοιον

2282 3489 2748 3561 δογματιζόντων,
2789 3488 3135 3544 συνεϐούλευε
3181 3487 3278 3557 τὴν
3326 3474 3430 3558 μὲν
3477 3484 3671 3554 εὐσεϐῆ
3725 3487 3872 3555 περί

2284 3580 2375 3634 τοῦ
2425 3580 2758 3650 ἀγεννήτου
2804 3579 3038 3633 διάνοιαν
3097 3581 3216 3642 ταῖς
3266 3576 3463 3647 ψυχαῖς
3525 3572 3823 3636 διασώζειν
3852 3592 3865 3603 ·

2281 3673 2379 3743 τὴν
2399 3672 2455 3725 δὲ
2484 3671 2648 3736 λέξιν,
2675 3669 2748 3734 ὡς
2785 3669 3057 3741 ἁμαρτίας
3088 3671 3383 3740 γενομένην
3407 3671 3518 3732 τοῖς
3545 3664 3747 3720 ἀπολλυ
3755 3668 3865 3735 μέ-

2282 3782 2399 3827 νοις·
2446 3763 2673 3832 ἑφόδιον,
2725 3761 2799 3833 μὴ
2841 3762 2961 3816 λίαν
2997 3760 3418 3826 σπουδάζεσθαι*
3456 3760 3552 3830 τὴν
3600 3758 3709 3827 γὰρ
3748 3758 3863 3810 τοῦ

2283 3854 2494 3925 Πατρδς
2528 3852 2897 3924 προσηγορίαν
2921 3852 3061 3905 κατὰ
3089 3853 3151 3904 τδ
3187 3849 3597 3921 σημαινόμενον,
3631 3848 3724 3901 καὶ
3747 3847 3865 3917 τὴν

618 3926 782 3983 etiam
845 3926 1189 3983 innascibilis
1237 3927 1689 3998 signiﬁcationem
1739 3933 1874 3987 satis
1912 3948 2183 4004 superque

2285 3944 2374 3997 τοῦ
2401 3945 2693 4017 ἀγεννήτου
2727 3943 2999 4015 σημασίαν
3033 3942 3227 4007 ἱκανῶς
3265 3942 3396 4013 ἡμῖν
3433 3940 3698 4010 ἐμποιεῖν.
3729 3938 3867 3993 Ποι-

617 4017 934 4087 cOgitatloni
974 4015 1279 4087 subjicere;
1308 4033 1432 4073 cum
1463 4019 1610 4074 enim
1657 4018 1871 4077 Patrem
1907 4023 2181 4091 audimus,

2282 4036 2413 4108 τέρα
2444 4037 2552 4107 γὰρ
2583 4033 2931 4099 ἀκούσαντες,
2971 4033 3061 4086 τὸν
3096 4033 3266 4086 αἴτιον
3298 4030 3391 4085 τοῦ
3432 4026 3570 4084 εἶναι
3596 4032 3709 4092 τοῖς
3746 4031 3872 4082 πᾶ-

619 4105 803 4160 statim
831 4121 977 4170 eum,
1008 4107 1099 4177 qui
1130 4104 1386 4162 omnibus
1415 4106 1537 4163 aliis
1567 4108 1894 4179 principium
1926 4119 1983 4166 et
2017 4126 2181 4168 causa

2285 4104 2367 4183 σιν
2399 4104 2560 4190 εὐθὺς
2579 4126 2885 4198 ὲνοήσαμεν
2899 4141 2913 4157 ⁸
2934 4124 2993 4189 ὃς
3017 4124 3174 4196 εἴπερ
3197 4123 3361 4193 ἀλλην
3381 4121 3502 4176 τινά
3522 4121 3751 4192 ὑπερκει
3761 4122 3871 4191 μὲ-

616 4194 919 4251 exsistcndi
947 4204 1050 4261 est,
1081 4196 1442 4266 concipimus,
1476 4198 1569 4268 qui
1613 4200 1658 4256 si
1698 4200 1858 4254 aliam
1891 4203 2180 4272 quamdam

2285 4236 2377 4290 νην
2404 4218 2581 4271 αἰτίαν
2623 4194 2796 4287 εἶχεν..
2826 4216 2926 4269 οὐκ
2965 4214 3030 4269 ἂν
3070 4194 3275 4284 κυρίως
3314 4212 3502 4283 Πατήρ
3529 4210 3867 4282 ὠνομάσθη,

617 4300 677 4341 se
705 4285 1044 4355 superiorem
1082 4286 1446 4343 substantiam
1482 4288 1727 4354 haberet,
1793 4307 1899 4347 non
1935 4294 2182 4348 nomina-

2285 4285 2372 4362 ἐπὶ
2406 4307 2501 4378 τὴν
2533 4285 2919 4378 προνοηθεῖσαν
2945 4305 3123 4359 αἰτίαν
3158 4304 3259 4375 τῆς
3286 4303 3479 4375 κυρίας
3515 4301 3609 4355 τοῦ
3636 4303 3873 4373 ﬂat-pb;

614 4384 768 4431 retur
794 4376 1014 4447 proprie
1041 4375 1218 4469 Pater,
1265 4378 1394 4448 quia
1426 4381 1647 4450 propria
1674 4382 1855 4439 Patris
1889 4385 2180 4453 appellatio

2285 4375 2526 4469 κλήσεως
2555 4375 2898 4465 ἐπανιούσης.
2930 4394 2994 4448 Ei
3018 4395 3076 4448 δὲ
3112 4393 3273 4458 αὐτὸς
3297 4393 3513 4447 πάντων
3538 4395 3726 4456 αἴτιος,
3766 4396 3879 4448 καὶ

617 4442 911 4536 ευιιειῖοτῖ
924 4466 1002 4520 illi
1036 4442 1359 4522 substantia:
1387 4442 1739 4540 competeret.
1767 4471 1827 4527 Si
1848 4442 2031 4529 autem
2066 4474 2180 4545 ipse

2285 4442 2531 4552 Ξέἒιὶοῖέᾇξ
2555 4442 3078 4549 ζέιῖἱιᾶᾆ-ζσῖἷκέὸιᾷξ
3110 4442 3273 4555 eis;
3302 4442 3702 4546 (esse;
3709 4442 3726 4548 ζ
3761 4442 3873 4556 ἐιζζ

615 4563 700 4613 est
724 4557 964 4612 omnium
993 4557 1322 4628 principium
1355 4565 1410 4614 et
1435 4574 1621 4626 causa,
1649 4568 1704 4616 et
1733 4562 1778 4617 si
1810 4577 1873 4618 ex
1908 4563 2026 4634 ipso
2050 4573 2178 4621 sunt

2285 4575 2454 4630 λονότι
2485 4574 2584 4647 τῆς
2623 4572 2831 4627 ἐκείνου
2879 4572 3164 4644 ὑπάρξεως
3197 4572 3348 4627 οὐδὲν
3395 4571 3879 4644 προεπινοηθῆναι

613 4646 818 4713 omnia,
853 4658 911 4702 ut
936 4653 1167 4703 testatur
1196 4646 1517 4717 Apostolus,
1549 4650 1808 4705 nimirum
1857 4653 1989 4708 nihil
2024 4657 2177 4726 prius

2285 4646 2547 4720 aevum?
2569 4664 2726 4718 τοῦτο
2761 4663 2817 4717 δέ
2857 4662 2971 4717 ἐστι
3018 4663 3080 4717 τὸ
3105 4664 3412 4735 ἀγεννήτως
3439 4657 3578 4717 εἶναι
3604 4664 3881 4719 πιστεύε-

614 4738 934 4793 exsistentia
975 4737 1094 4807 ejus
1122 4739 1334 4809 concipi
1366 4747 1546 4809 potest
1576 4757 1589 4795 :
1625 4748 1680 4796 et
1727 4741 1830 4799 hoc
1881 4753 1966 4800 cst
1998 4748 2178 4805 omnis
2285 4755 2429 4810 σθαι.

611 4837 768 4883 ortus
800 4836 855 4883 et
881 4826 1137 4899 principii
1169 4838 1445 4899 expertem
1474 4845 1618 4888 esse.

687 4981 794 5039 Sed
827 4982 942 5039 haec
968 4994 1116 5040 recte
1144 4998 1204 5040 se
1236 4983 1437 5042 habere
1466 4986 1608 5042 haud
1635 4990 1827 5045 annuit
1858 4990 1949 5047 ille
1995 4995 2087 5065 qui
2119 5011 2179 5054 se

2367 4998 2506 5052 Ἀλλ’
2533 4998 2594 5052 οὐ
2624 4998 2894 5068 συγχωρεῖ
2916 4994 3090 5049 ταῦτα
3118 4995 3297 5058 καλῶς
3324 4995 3487 5067 ἔχειν,
3514 4998 3545 5050 ὅ
3576 4999 3713 5070 μηδὲ
3758 5002 3882 5072 τὴν

615 5076 790 5146 magis
841 5091 1005 5146 quam
1044 5077 1217 5147 ipsam
1262 5075 1557 5134 Veritatem
1596 5081 1700 5136 ﬁde
1733 5082 1957 5155 dignum
1985 5087 2180 5142 existi-

2285 5091 2541 5163 ἀλήθειαν
2585 5088 2777 5143 ἑαυτοῦ
2818 5086 3190 5158 πιθανωτέραν
3237 5083 3375 5141 εἶναι
3422 5087 3599 5141 δοκεῖν
3648 5090 3879 5157 ἀξιῶν,

615 5166 753 5221 mari
785 5168 954 5239 cupit,
1002 5167 1097 5224 sed
1138 5175 1327 5224 contra
1375 5170 1588 5236 nititur,
1645 5174 1977 5245 obloquitur,
2008 5189 2061 5232 et
2112 5193 2174 5233 ea

2285 5181 2399 5237 ἀλλ’
2454 5179 2871 5249 ἀντινομοθετεῖ,
2929 5175 3025 5230 καὶ
3078 5176 3528 5246 ἀντιφθέγγεται,
3586 5178 3682 5231 καὶ
3729 5179 3881 5234 δια.⁴

615 5272 737 5327 quae
757 5258 989 5315 dicimus
1017 5258 1338 5315 subsannat.
1394 5259 1463 5313 At
1502 5261 1548 5316 si
1607 5261 1775 5329 lubet,
1836 5265 2176 5324 inevitabiles

2286 5271 2533 5343 χλευάζει
2576 5270 2670 5323 τὸν
2716 5268 2909 5337 λόγον’
2941 5270 2989 5320 εί
3036 5267 3243 5336 βούλει,
3281 5270 3375 5322 καὶ
3417 5270 3543 5332 τοὺς
3575 5269 3885 5338 ἀφύκτους

616 5348 740 5404 illos
773 5350 1140 5422 syllogismos,
1173 5359 1226 5406 et
1279 5351 1465 5406 varias
1520 5354 1917 5424 sophisntatum
1972 5359 2176 5416 sutelas

2287 5363 2691 5433 συλλογισμοὺς.
2746 5360 2837 5413 καὶ
2884 5359 2982 5424 τὰς
3037 5360 3284 5422 ποικίλας
3342 5360 3450 5414 τῶν
3502 5361 3889 5432 σοφισμάτων

614 5446 671 5494 et
692 5443 1094 5508 contorsiones,
1136 5442 1337 5512 quibus
1368 5452 1554 5498 nostra
1595 5445 1819 5501 refutari
1852 5457 2024 5517 putat,
2061 5450 2175 5506 dis-

2285 5451 2661 5522 ἀναστροφὰς,
2695 5451 2760 5504 δι’
2801 5444 2875 5504 ὢν
2918 5450 3155 5522 ἐλέγχειν
3184 5450 3353 5506 οῖεται
3383 5451 3481 5505 τὸν
3504 5451 3695 5519 λόγον,
3723 5453 3888 5506 ἑπι-

612 5527 904 5587 cutiamus.
929 5531 1036 5588 Sed
1061 5543 1245 5589 metuo
1271 5550 1339 5591 ne
1368 5536 1585 5592 exilitas
1614 5544 1672 5591 ct
1701 5537 1932 5594 {utilitas
1957 5554 2170 5604 eorum,

2285 5543 2626 5614 σκεψώμεθα.
2692 5542 2847 5598 Ἀ).λά
2896 5542 3107 5598 δέδοικα
3155 5543 3230 5617 μὴ
3259 5542 3322 5597 τὸ
3369 5540 3747 5617 μικροπρεπὲς
3810 5562 3888 5599 τε

683 5701 803 5737 ⁴¹·⁸¹
835 5702 1022 5760 Matth.
1060 5722 1213 5774 xrnt,
1246 5709 1317 5773 6;
1377 5708 1543 5765 Marc.
1579 5726 1653 5778 rx,
1691 5711 1780 5767 il.
1858 5713 1904 5747 ⁸³
1944 5711 2114 5771 lCor.
2148 5732 2268 5785 VIII,
2297 5717 2383 5774 15.
