4032 6208
258 357 358 415 ιιι

1400 355 1680 414 CONTRA
1719 355 2107 425 EUNOMIUM,
2144 357 2273 414 LIB.
2306 359 2346 414 Ι.

3390 362 3497 417 ιειξ

265 474 359 527 καὶ
395 471 643 541 γλίσχρον
689 468 797 522 τῶν
842 468 1167 543 εἰρημένων,
1210 471 1408 542 τρόπον
1445 472 1564 525 τινά
1613 469 1824 526 συνδια-

1936 486 2058 542 quae
2089 470 2265 536 aliert,
2296 472 2479 543 aliquo
2513 470 2673 529 modo
2704 472 2807 543 ipsi
2855 475 3018 528 etiam
3053 473 3269 529 veritati
3320 469 3495 529 fraudi

265 562 397 634 ϐάλῃ
424 561 516 617 καὶ
544 561 635 616 τὸν
662 561 952 615 εὐθύνοντα
977 561 1153 631 λόγον.
1187 562 1259 614 Τὸ
1285 560 1392 635 γὰρ
1423 564 1727 633 μειρακίοις
1752 567 1832 629 είς

264 653 486 724 ἅμιλλαν
565 650 1027 723 προκαλουμένοις
1103 651 1545 723 συμπλέκεσθαι,
1610 652 1832 707 πλείονα

265 743 415 813 ψόγον
443 744 511 796 ικ
533 741 631 796 τοῦ
659 742 1125 814 προσφιλονέικεῖν
1152 744 1264 806 τοῖς
1291 742 1574 807 τοιούτοις,
1598 744 1702 814 ήπε
1709 761 1741 816 ρ
1768 746 1831 799 ὲκ

262 832 347 886 τοῦ
378 832 725 905 νενικηκέναι
755 832 932 888 δοκεῖν
963 833 1116 904 φέρει
1144 836 1255 897 τοῖς
1285 834 1509 905 ἀνδράσι
1538 835 1630 888 τὸν
1676 835 1832 889 ἐπαι-

264 943 361 978 νον.
390 925 540 995 Πλὴν
569 924 703 978 ἀλλὰ
738 925 946 979 τοιοῦτο
985 926 1047 979 τὸ
1090 926 1380 998 εἰρημένον
1416 926 1551 981 ἐστί.
1598 927 1679 980 Τὰ
1724 927 1831 999 γὰρ

264 1016 343 1083 ἐφ’
367 1016 523 1087 ὕϐρει
567 1016 823 1086 ρηθέντα,
861 1016 997 1087 μετά
1032 1017 1131 1088 τῆς
1168 1018 1429 1089 συνήθους
1467 1018 1832 1088 καλλιφωνίας

262 1106 570 1175 ἐκείνηςμκ
597 1106 745 1177 αὐτῷ
774 1124 834 1160 τε
863 1107 1040 1176 λέγειν
1072 1110 1433 1180 προσήκοντα,
1466 1110 1561 1164 καὶ
1589 1111 1720 1182 ἡμῖν
1751 1114 1831 1175 εἰς

263 1195 551 1265 γυμνάσιον
591 1197 973 1268 μακροθυμίας
1021 1199 1387 1270 προκείμενα,
1449 1202 1656 1272 σιωπῆς
1704 1202 1830 1267 ἄξια

176 1284 189 1295 ”
259 1288 349 1339 καὶ
392 1286 562 1357 λήθης
608 1288 928 1359 ποιούμεθα.
971 1291 1046 1344 Οὐ
1091 1286 1513 1364 γὰρέὁπρεπὲς
1561 1291 1714 1365 οἶμαι
1760 1296 1829 1349 τὰ

260 1377 636 1446 καταγέλαστα
677 1379 787 1433 τῶν
815 1382 1118 1453 εἰρημένων
1159 1383 1309 1454 αὐτῷ
1346 1387 1458 1449 τοῖς
1496 1388 1627 1457 παρ’
1671 1387 1828 1458 ἡμῶν

264 1468 710 1541 σπουδαζομένας
754 1472 1161 1545 ὲνσπείροντας,
1209 1475 1289 1538 είς
1330 1476 1606 1547 ἀκόσμους
1633 1494 1692 1530 τε
1735 1479 1829 1532 καὶ

252 1558 521 1630 δημώδεις
556 1560 802 1628 γέλωτας
849 1561 947 1634 τὴν
989 1563 1130 1636 ὑπὲρ
1166 1564 1266 1636 τῆς
1302 1564 1558 1636 ἀληθείας
1591 1567 1826 1622 διαλύειν

260 1650 507 1721 σπουδήν.
536 1650 671 1704 Οὐδὲ
699 1651 807 1724 γάρ
838 1650 986 1708 ἔστιν
1010 1654 1070 1707 ὲν
1094 1657 1159 1725 τῇ
1189 1655 1450 1726 ἀκροάσει
1480 1657 1683 1712 τούτων
1713 1658 1828 1711 δια-

261 1742 433 1811 μεῖναι
482 1742 781 1811 ἀγέλαστον
803 1781 819 1807 ,
857 1743 953 1797 ἐὰν
986 1744 1305 1816 ἀκούσωμεν
1346 1746 1592 1815 λέγοντος
1633 1749 1697 1801 ἐκ
1725 1749 1824 1820 τῆς

1935 564 2002 618 sit
2033 570 2088 616 et
2115 562 2443 618 calumniam
2475 562 2670 633 pariat.
2703 563 2837 617 Nam
2869 579 2991 619 cum
3022 566 3211 635 pueris
3261 565 3330 621 ad
3387 583 3501 639 pu-

1931 664 2091 722 gnam
2135 651 2558 721 provocantibus
2618 667 2813 708 manus
2864 667 3177 722 conserere,
3236 655 3497 727 majorem

1933 742 2385 811 vituperationem
2409 758 2476 798 ex
2506 758 2804 813 congressu
2860 759 2985 799 cum
3039 747 3265 811 talibus,
3332 764 3495 817 quant

1931 840 1993 885 ex
2018 831 2259 885 victoria:
2291 818 2547 902 opinione
2603 830 2817 887 laudem
2870 831 3044 888 affert.
3081 834 3348 890 Caeterum
3381 836 3495 890 haec

1931 920 2010 976 sic
2039 919 2180 975 dicta
2219 930 2419 989 sunto;
2456 938 2580 977 nam
2637 937 2758 994 quae
2780 925 3175 981 contumeliose
3224 934 3487 982 consueta

1930 1013 2032 1088 sibi
2062 1013 2210 1067 vocis
2241 1013 2612 1070 concinnitate
2640 1012 2893 1077 eli'utivit,
2918 1030 3004 1082 ea,
3031 1024 3089 1070 ut
3112 1017 3181 1071 ab
3211 1018 3329 1087 ipso
3374 1033 3493 1088 pro-

1931 1084 2058 1156 ferri
2087 1103 2268 1173 digna,
2309 1104 2469 1160 nobis
2496 1119 2647 1171 vero,
2687 1120 2790 1160 ceu
2819 1105 2885 1161 ad
2916 1107 3365 1163 exercitationem
3400 1124 3494 1180 pa-

1930 1193 2133 1248 tientiae
2170 1196 2470 1266 proposita,
2502 1195 2724 1252 silentio
2762 1204 2815 1252 et
2857 1197 3117 1252 oblivioni
3150 1199 3492 1257 transmitte-

1930 1298 2072 1339 mus.
2115 1283 2233 1339 Non
2271 1286 2415 1342 enim
2445 1288 2644 1344 decere
2677 1284 2935 1355 arbitror,
2993 1298 3051 1344 ut
3096 1291 3328 1346 ridicula
3378 1292 3489 1359 illa,

1928 1391 2050 1447 quae
2080 1380 2368 1447 eructavit,
2410 1381 2571 1437 seriis
2627 1381 2832 1437 nostris
2890 1381 3353 1453 disputationibus
3409 1385 3493 1439 in-

1927 1486 2267 1541 spergamus,
2293 1480 2347 1527 et
2379 1473 2627 1530 veritatis
2663 1475 3155 1547 propugnationem
3206 1477 3262 1531 in
3303 1476 3493 1530 incon-

1926 1560 2071 1617 ditos
2102 1577 2165 1617 ac
2194 1563 2433 1633 plebeios
2463 1566 2610 1623 risus
2639 1566 2891 1623 desinere
2937 1566 3205 1624 faciamus
3238 1585 3253 1622 :
3318 1582 3490 1637 neque

1926 1652 2070 1708 enim
2100 1652 2213 1709 ﬁeri
2246 1664 2426 1725 potest
2453 1666 2511 1711 ut
2532 1657 2657 1727 quis
2699 1658 2903 1714 talibus
2933 1659 3138 1715 auditis
3183 1658 3354 1715 risum
3412 1666 3495 1711 te-

1927 1752 2072 1803 neat.
2091 1747 2392 1815 przesertim
2421 1748 2468 1803 si
2492 1749 2642 1803 illum
2672 1765 2737 1804 ex
2774 1751 2992 1806 sublimi
3011 1751 3102 1806 illa
3131 1742 3186 1807 et
3208 1750 3493 1821 magniﬁca

257 1831 463 1905 ὑψηλῆς
494 1834 709 1904 ἐκείνης
764 1836 863 1890 καὶ
904 1836 1277 1907 μεγαλοφυοῦς
1322 1839 1671 1908 εὐγλωττίας.
1725 1834 1825 1894 Ὧν

1929 1835 2234 1905 eloquentia
2289 1845 2633 1907 perorantem
2700 1836 3006 1897 audiamus.
3063 1840 3198 1896 Nam
3258 1856 3489 1911 quorum

250 1924 361 1995 γὰρ
403 1925 439 1996 ἡ
493 1924 797 1998 προσθήκη.
828 1925 936 1978 τῶν
980 1926 1155 1995 λόγων
1199 1929 1278 1993 είς
1317 1928 1632 2001 προσθήκην
1682 1930 1829 1982 τελεῖ

258 2014 624 2084 βλασφημίας,
651 2013 855 2068 τούτων
880 2014 943 2069 τδ
966 2018 1122 2088 σιγᾷν
1145 2008 1333 2088 ἡμίσει
1361 2018 1514 2091 μέρει
1532 2017 1625 2072 τοῦ
1647 2018 1826 2074 λαλεῖν

250 2107 373 2159 ἐστι
424 2106 773 2178 κουφότερον.
835 2107 995 2163 Ἀλλά
1034 2110 1209 2164 ταῦτα
1257 2111 1356 2181 μὲν
1384 2110 1629 2179 γελάσθω
1676 2112 1826 2184 παρά

250 2198 356 2251 τῶν
393 2198 795 2268 ἐπισταμένων,
827 2200 855 2255 ὃ
895 2218 947 2254 τι
989 2200 1089 2271 μὲν
1145 2202 1415 2274 ἀποδοχῆς
1460 2205 1607 2257 ἐστιν
1654 2204 1823 2269 ἄξιον,

248 2289 282 2341 ὅ
310 2306 363 2341 τι
418 2288 478 2342 δὲ
529 2288 785 2356 γέλωτος.
824 2285 1113 2365 ἩμεῖςἈδὲ
1167 2294 1228 2346 τὸ
1272 2292 1437 2364 δριμὺ
1491 2294 1597 2347 τῶν
1640 2295 1826 2348 συλλο-

252 2381 489 2452 γισμῶν,
513 2376 596 2445 οἷς
618 2382 708 2435 τὸν
734 2381 1002 2454 ἡμέτερον
1030 2384 1312 2455 περισύρει
1340 2383 1513 2453 λόγον,
1547 2385 1828 2454 σκοπήσω-

258 2489 370 2542 μεν.

313 2564 380 2616 ει
403 2565 518 2633 γὰρ
536 2567 572 2619 ὁ
590 2565 813 2635 Πατὴρ,
832 2567 965 2637 φησὶ
979 2607 993 2630 ,
1017 2565 1096 2633 τῷ
1115 2564 1421 2636 dfert-aito)
1433 2549 1651 2620 ταύτὸν
1677 2567 1827 2620 κατὰ

244 2655 365 2724 τὴν
399 2655 681 2726 δύναμιν,
713 2658 786 2711 τὰ
821 2657 889 2711 δὲ
920 2660 1034 2725 τὴν
1076 2656 1271 2725 αὐτὴν
1310 2657 1527 2725 ἔχοντα
1573 2656 1829 2726 δύναμιν

252 2745 368 2800 τῶν
416 2747 762 2817 ὀνομάτων,
810 2750 1033 2803 ταύτὸν
1077 2748 1315 2815 πάντως
1366 2750 1463 2812 καὶ
1508 2751 1828 2820 σημαίνειν

248 2838 513 2907 πέφυκε·
554 2840 832 2909 σημαίνει
865 2839 934 2894 δὲ
970 2838 1038 2895 τὸ
1077 2839 1414 2909 ἀγέννητον
1442 2842 1567 2894 κατ’
1605 2841 1828 2908 αὐτοὺς

250 2927 315 2981 τὸ
334 2928 407 2992 ἐξ
437 2927 689 2995 οὐδενὸς
712 2924 862 2983 εἶναι
898 2929 1006 2984 τὸν
1033 2931 1180 2983 Θεόν
1198 2946 1211 2959 ·
1243 2928 1313 2994 ἐξ
1338 2928 1606 2998 ἀνάγκης
1636 2928 1735 2983 καὶ
1763 2929 1826 2983 τὸ

240 3018 456 3087 Πατὴρ
490 3020 771 3089 σημαίνει
808 3021 875 3075 τὸ
908 3020 979 3085 ἐξ
1026 3020 1273 3088 οὐδενὸς
1309 3020 1461 3074 εἶναι
1498 3020 1606 3075 τὸν
1645 3022 1825 3075 Θεόν·

246 3111 485 3180 aulide
504 3110 571 3164 τὸ
593 3112 1011 3181 γεγεννηκέναι
1037 3111 1143 3165 τὸν
1166 3113 1319 3166 Υίόν.
1340 3112 1436 3166 Διά
1461 3117 1559 3184 τῆς
1590 3112 1681 3166 τοῦ
1712 3116 1827 3167 Πα-

247 3202 389 3271 τρός
426 3203 610 3273 φωνῆς
642 3203 825 3256 οὐκέτι
859 3202 1215 3273 σημαίνεται,
1261 3204 1355 3257 ἐὰν
1403 3204 1436 3275 ἡ
1482 3205 1619 3277 αὐτὴ
1661 3222 1827 3276 προσ-

243 3292 451 3363 ηγορία
496 3293 589 3345 καὶ
623 3294 685 3345 τὸ
713 3293 943 3364 ἄναρχον
980 3295 1112 3364 ἡμῖν
1139 3292 1233 3346 τοῦ
1277 3295 1487 3365 Πατρὸς
1534 3294 1599 3348 δι’
1630 3297 1825 3367 ἑαυτῆς

249 3384 603 3457 παραστήσῃ.
646 3384 711 3438 El
748 3384 847 3454 μὲν
887 3384 995 3455 γὰρ
1027 3385 1368 3458 ἀναιρετικὸν
1404 3382 1470 3457 ἦν
1506 3384 1600 3439 τοῦ
1639 3386 1824 3456 ἐτέρου

244 3476 310 3530 τὸ
342 3475 555 3545 ἓτερον,
590 3473 730 3528 κατὰ
758 3474 857 3547 τὴν
883 3473 992 3528 τῶν
1026 3475 1412 3546 ἀντικειμένων
1454 3475 1632 3544 φύσιν,
1660 3476 1826 3544 ἀναγ-

248 3566 424 3628 καίως
470 3568 505 3636 ἡ
543 3564 637 3619 τοῦ
684 3567 801 3628 ἑνὸς
837 3565 984 3630 θέσις
1037 3567 1132 3638 τὴν
1181 3567 1458 3639 ἀναίρεσιν
1498 3568 1590 3621 τοῦ
1637 3567 1824 3622 λοιποῦ

248 3654 676 3720 κατεσκεύαζεν.
713 3656 777 3709 Et
806 3658 861 3711 δὲ
895 3657 956 3710 τὸ
994 3657 1197 3712 κωλὺον
1234 3659 1381 3712 ἐστὶν
1417 3659 1566 3713 οὐδὲν
1597 3661 1688 3713 τὸν
1732 3663 1827 3714 αὺ-

248 3748 345 3801 τὸν
388 3748 481 3799 καὶ
525 3748 742 3818 Πατέρα
793 3742 931 3802 εἶναι
970 3750 1064 3803 καὶ
1107 3749 1420 3820 ἀγέννητον,
1455 3752 1549 3806 ἐὰν
1589 3751 1676 3806 διὰ
1726 3753 1825 3823 τῆς

250 3837 347 3891 τοῦ
395 3838 623 3907 Πατρός
675 3838 939 3911 κλήσεως,
982 3842 1124 3896 κατά
1166 3859 1285 3895 τινα
1331 3842 1597 3907 διάνοιαν,
1630 3845 1723 3898 καὶ
1764 3845 1825 3898 τὸ

245 3930 547 3998 ἀγέννητον
594 3930 953 4001 ἐννοήσωμεν,
990 3933 1074 3997 τίς
1114 3935 1147 4005 ἡ
1179 3934 1391 4006 ἀνάγκη
1430 3936 1527 4007 τὴν
1558 3937 1695 4008 πρὸς
1737 3937 1826 3991 τὸν

246 4020 384 4073 Tibi:
413 4019 600 4088 σχέσιν
625 4020 713 4074 διὰ
739 4020 841 4091 τῆς
871 4020 959 4074 τοῦ
990 4023 1218 4091 Πατρός
1250 4026 1431 4095 φωνῆς
1456 4026 1652 4097 μηκέτι
1685 4044 1826 4098 γνω-

249 4110 538 4181 ρίζεσθαις
580 4111 713 4164 υύδὲ
758 4112 871 4184 γὰρ
914 4111 986 4167 τὰ
1031 4114 1194 4168 λοιπά
1238 4115 1344 4169 τῶν
1386 4117 1684 4187 ὀνομάτων,
1726 4119 1826 4172 ὅσα

245 4204 351 4275 τὴν
375 4200 515 4271 πρὸς
539 4200 743 4273 ἄλληλα
765 4204 1047 4259 κοινωνίαν
1077 4205 1211 4275 ἔχει,
1237 4207 1332 4261 καὶ
1359 4207 1448 4261 διὰ
1469 4209 1684 4264 πάντων
1707 4214 1827 4274 ταῖς

241 4291 487 4355 ἐννοίαις
530 4292 900 4364 συμφέρεταν
970 4295 1095 4350 ἐπεὶ
1161 4298 1256 4352 καὶ
1309 4300 1685 4373 αὐτοκράτορα
1735 4302 1826 4356 καὶ

240 4384 547 4438 ἀδέσποτον
597 4384 687 4438 τὸν
737 4385 960 4457 βασιλέα
1006 4387 1276 4461 καλοῦμεν
1293 4431 1310 4456 ,
1361 4392 1457 4446 καὶ
1516 4392 1609 4446 τὸν
1664 4391 1827 4448 αὐτὸν

242 4568 377 4639 περὶ
416 4565 590 4621 αὐτοῦ
630 4567 809 4637 λέγειν
834 4608 849 4633 ,
890 4570 974 4626 ὅτι
1018 4572 1053 4643 ἡ
1097 4570 1191 4627 τοῦ
1226 4571 1488 4643 βασιλέως
1528 4576 1679 4648 φωνὴ
1731 4592 1827 4649 ση-

243 4660 431 4731 μαίνει
471 4660 569 4714 καὶ
601 4660 662 4713 τὸ
687 4660 1012 4716 ἀδέσποτον⁹
1036 4660 1160 4717 οὕτε
1205 4663 1511 4732 ἐπάναγκες
1543 4660 1827 4734 εἶναίφα-

242 4769 372 4823 pro,
415 4755 470 4807 si
508 4752 574 4807 τδ
623 4753 956 4824 αὐτοκρατές
986 4770 1046 4808 τε
1084 4756 1177 4809 καὶ
1219 4755 1452 4826 ἄναρχον
1498 4739 1826 4827 διὰταύτης

238 4850 342 4920 τῆς
368 4847 567 4917 φωνῆς
602 4845 902 4917 σημανθείη
921 4886 936 4909 ,
964 4846 1159 4918 μηκέτι
1183 4847 1243 4901 τὸ
1268 4846 1411 4901 κατά
1436 4847 1544 4901 τῶν
1575 4847 1828 4920 ὑπηκόων

240 4940 450 5010 κράτος
495 4936 588 4991 διὰ
626 4939 723 5008 τῆς
757 4935 1034 5006 βασιλείας
1083 4936 1472 5007 σημαίνεσθαι’
1521 4936 1683 5009 μέσον
1720 4936 1826 5010 γὰρ

236 5030 530 5100 ἑκατέρων
553 5027 665 5080 τῶν
700 5026 1019 5097 ὕπολήψεων
1042 5025 1101 5080 δν
1128 5026 1227 5098 τῆς
1261 5026 1535 5097 βασιλείας
1554 5026 1616 5081 τὸ
1637 5026 1825 5099 ὄνομα,

234 5122 315 5189 πῆ
344 5119 457 5189 μὲν
484 5117 547 5171 τὺ
583 5116 892 5182 ἀδέσποτον,
929 5116 1011 5186 πῆ
1044 5116 1101 5169 δὲ
1131 5115 1192 5168 τὸ
1232 5115 1458 5187 ἀρχικὸν
1483 5115 1591 5170 τῶν
1631 5116 1825 5170 ὐποτεο

232 5211 542 5282 αιγμένων
586 5206 935 5260 ἐνδείκνυται.
984 5206 1095 5260 Καὶ
1136 5205 1369 5259 ἐνταῦθα
1404 5206 1602 5273 τοίνυν,
1647 5208 1696 5261 εί
1730 5208 1828 5278 μὲν

228 5301 349 5357 εστι
382 5317 483 5364 τις
506 5298 608 5352 τοῦ
642 5298 852 5371 Πατρδς
884 5297 979 5353 τοῦ
1025 5297 1227 5372 Κυρίου
1262 5297 1451 5370 Πατὴρ
1480 5300 1830 5371 προεπινοού-

229 5409 403 5462 μενος
438 5392 658 5462 tum.
694 5389 1022 5457 δειξάτωσαν
1053 5390 1104 5443 οἱ
1133 5389 1234 5462 τὴν
1265 5390 1575 5462 ἀπόρρητον
1601 5389 1830 5459 αὐχοῦν-

224 5501 321 5550 τες
360 5482 606 5552 σοφίαν·
647 5483 743 5535 καλ⁵
766 5482 886 5535 τότε
913 5479 1307 5552 συνθησόμεθα,
1341 5480 1417 5553 μὴ
1447 5480 1705 5534 δύνασθαι
1734 5478 1827 5533 τοῦ

222 5573 590 5643 ἁτε-’γήινον
615 5564 718 5642 τὴν
761 5571 965 5627 ἔννοιαν
1022 5572 1128 5625 ὑπὸ
1159 5572 1257 5645 τῆς
1294 5570 1384 5625 τοῦ
1412 5571 1642 5639 Πατρός
1663 5588 1829 5642 προσο

215 5665 481 5736 ηγορίας
512 5661 903 5735 παρίστασθαι.
933 5663 997 5716 Ei.
1024 5663 1082 5717 δὲ
1104 5664 1133 5716 δ
1161 5662 1374 5734 πρῶτος
1405 5661 1593 5736 Πατὴρ
1650 5661 1829 5717 αἰτίαν

215 5752 332 5827 τῆς
365 5754 553 5810 αὐτοῦ
592 5753 897 5817 συστάσεως
923 5754 1321 5827 ὑπερκειμένην
1358 5755 1459 5809 οὐκ
1491 5755 1602 5826 ἔχει
1622 5773 1635 5785 ο
1664 5753 1742 5825 τῷ
1771 5753 1827 5808 δὲ

1925 1928 2214 1981 verborum
2248 1928 2496 1983 recitatio
2523 1930 2588 1983 ad
2622 1931 2974 2001 blasphemia:
2998 1942 3345 2002 augmentum
3369 1945 3493 1986 con-

1927 2015 2049 2082 fert,
2085 2032 2146 2072 ea
2175 2017 2335 2073 srlere
2373 2019 2599 2074 dimidia
2657 2037 2722 2076 ex
2782 2029 2935 2091 parte
2970 2021 3185 2078 facilius
3215 2029 3298 2076 est
3327 2034 3488 2089 quam

1925 2104 2125 2175 eloqui.
2171 2107 2367 2162 Verum
2410 2107 2527 2163 huic
2556 2110 2835 2165 rideantur
2864 2113 2931 2166 ab
2966 2111 3094 2173 illis,
3140 2111 3232 2182 qui
3267 2117 3490 2169 norunt.

1926 2211 2174 2264 quamam
2244 2197 2354 2253 sint
2412 2201 2802 2270 approbanda,
2866 2217 2985 2272 qua:
3051 2217 3179 2256 vero
3245 2201 3490 2258 ridenda.

1926 2284 2036 2343 Nos
2099 2305 2225 2344 vero
2302 2290 2677 2348 formidabiles
2741 2293 2864 2350 illos
2941 2293 3318 2364 syllogismos,
3373 2293 3494 2362 qui-

1928 2379 2031 2435 bus
2063 2390 2308 2437 nostrum
2347 2383 2586 2438 traducit
2618 2401 2960 2450 sermonem,
2996 2385 3105 2455 iam
3160 2386 3491 2456 contemple-

1927 2488 2071 2527 mur.

1998 2562 2058 2617 Si
2088 2561 2271 2629 Pater,
2298 2566 2498 2636 inquit,
2525 2576 2572 2620 et
2597 2566 2925 2629 innascibilis
2960 2568 3151 2621 virtute
3183 2567 3318 2619 idem
3347 2574 3491 2630 sunt,

1926 2671 1988 2709 ea
2015 2671 2136 2709 vero
2166 2657 2401 2720 nomina,
2433 2674 2549 2727 qua:
2572 2657 2753 2712 eadem
2784 2659 2833 2712 vi
2866 2658 3083 2726 pollent,
3124 2657 3259 2711 idem
3294 2673 3494 2728 quoque

1927 2746 2139 2800 omnino
2172 2747 2471 2816 signiﬁcant
2495 2764 2512 2803 :
2540 2763 2604 2803 ea:
2627 2749 2860 2817 ipsorum
2895 2758 3069 2802 autem
3105 2747 3363 2802 sententia
3413 2747 3493 2799 in-

1927 2836 2181 2892 nascibile
2206 2837 2342 2892 idem
2377 2847 2476 2902 est,
2524 2838 2663 2909 quod
2699 2838 2864 2893 Deum
2923 2855 2988 2894 ea:
3046 2838 3192 2893 nullo
3234 2840 3492 2909 principio

1926 2944 2075 2982 esse:
2115 2929 2411 2984 necessario
2439 2931 2601 2984 etiam
2642 2930 2955 2985 vocabulum
2990 2929 3170 2984 Patris
3202 2930 3488 2999 signiﬁcat,

1928 3018 2096 3073 Deum
2116 3035 2181 3074 ea:
2214 3020 2362 3075 nullo
2394 3021 2652 3092 principio
2684 3038 2817 3083 esse,
2841 3037 2943 3075 non
2980 3030 3176 3085 autem,
3217 3020 3354 3090 quod
3394 3019 3493 3073 Fi-

1931 3109 2059 3195 lium
2077 3112 2333 3182 genuerit.
2367 3112 2484 3179 Qua
2506 3114 2830 3170 necessitate
2853 3113 3167 3184 compulsus
3185 3114 3280 3175 ait,
3313 3113 3494 3167 Patris

1929 3201 2194 3258 vocabulo
2222 3218 2329 3258 non
2357 3202 2673 3274 signiﬁcari,
2709 3203 2853 3274 quod
2903 3202 3099 3257 Filium
3146 3202 3416 3275 genuerit,
3447 3202 3493 3257 si

1926 3291 2031 3345 ista
2061 3291 2177 3361 ipsa
2210 3292 2502 3362 appellatio
2528 3292 2685 3349 nobis
2710 3306 2930 3365 quoque
2969 3292 3186 3348 Patrem
3225 3293 3493 3364 principio

1930 3396 2119 3439 carere
2147 3384 2583 3443 commonstrat?
2616 3382 2673 3439 Si
2711 3387 2854 3439 enim
2907 3386 3139 3439 alterum
3207 3385 3492 3440 tolleretur

1926 3473 1996 3528 ab
2026 3473 2221 3536 altero.
2262 3484 2425 3546 prout
2458 3476 2560 3531 fert
2587 3484 2781 3531 natura
2809 3481 3210 3548 oppositurum,
3245 3492 3495 3533 necessa-

1929 3564 2010 3621 rio
2038 3566 2238 3636 positio
2274 3568 2437 3622 unius
2481 3577 2626 3625 esset
2660 3569 3010 3640 iuteremptio
3059 3568 3307 3624 alterius.
3348 3568 3414 3622 At
3447 3569 3491 3621 si

1927 3657 2060 3712 nihil
2090 3661 2308 3729 penitus
2342 3658 2543 3727 obstat,
2577 3659 2828 3715 eumdem
2856 3666 2912 3715 et
2940 3658 3157 3713 Patrem
3190 3667 3243 3714 et
3287 3658 3495 3730 ingeni-

1928 3759 2038 3803 tum
2069 3765 2213 3811 esse,
2235 3748 2292 3817 ,εἰ
2315 3747 2496 3805 Patris
2522 3748 2905 3821 appellatione,
2931 3748 3230 3804 secundum
3254 3749 3491 3818 aliquam

1927 3837 2407 3909 signiﬁcationem,
2426 3838 2589 3893 etiam
2614 3838 2914 3907 ingenitum
2945 3837 3341 3906 concipiamus,
3374 3851 3496 3905 quae

1925 3930 2233 3986 necessitas
2282 3927 2463 3991 eiiicit,
2497 3940 2554 3984 ut
2603 3928 2865 3984 habitudo
2892 3935 2947 3983 et
2976 3928 3169 3983 relatio
3198 3926 3266 3981 ad
3300 3924 3491 3981 Filium

1925 4035 2025 4089 per
2078 4018 2261 4076 Patris
2310 4019 2638 4075 vocabulum
2700 4017 2937 4089 amplius
2987 4033 3094 4073 non
3138 4012 3494 4072 innotescat?

1925 4108 2112 4180 Neque
2135 4111 2280 4167 enim
2305 4110 2411 4165 alia
2441 4109 2682 4170 nomina.
2712 4122 2834 4180 quae
2866 4115 3110 4162 mutuam
3152 4106 3495 4162 communio-

1928 4219 2052 4258 nem
2112 4203 2344 4265 habent,
2377 4215 2474 4271 per
2505 4198 2688 4255 omnia
2744 4197 3063 4255 notionibus
3122 4199 3488 4259 conveniunt:

1927 4309 2052 4349 nam
2090 4301 2143 4349 et
2178 4292 2558 4362 imperatorem
2606 4290 2693 4345 sui
2728 4289 2905 4359 ipsius
2951 4289 3255 4354 dominum,
3286 4298 3341 4347 et
3400 4292 3496 4349 do-

1928 4384 2059 4439 mini
2099 4391 2394 4452 expertem,
2420 4387 2476 4437 et
2501 4379 2664 4435 simul
2707 4380 2871 4436 etiam
2922 4380 3158 4437 subditis
3196 4383 3493 4453 pmsiiien-

244 4474 358 4529 τῶν
393 4476 722 4548 ὑποχειρίων
767 4476 1099 4550 ὴγούμενον’
1148 4480 1242 4535 καὶ
1292 4480 1418 4536 οὔτε
1462 4482 1656 4554 ψεῦδός
1709 4485 1825 4540 ἐστι

1930 4484 2037 4531 tem
2068 4472 2417 4528 nominamus
2459 4489 2475 4527 :
2524 4486 2702 4543 neque
2733 4471 2930 4528 falsum
2965 4483 3048 4529 cst
3085 4472 3287 4539 dicere,
3336 4492 3497 4532 voca-

1926 4564 2059 4622 bulo
2086 4561 2434 4633 imperatoris
2475 4562 2775 4635 significari
2822 4563 2876 4619 id
2939 4562 3083 4634 quod
3134 4574 3220 4620 est
3273 4565 3498 4621 domino

1927 4670 2139 4719 carere,
2175 4667 2351 4724 neque
2380 4652 2751 4708 necessarium
2783 4652 3131 4717 arbitramur,
3159 4655 3203 4709 si
3238 4654 3344 4709 isto
3376 4654 3497 4725 ipso

1928 4746 2194 4804 vocabulo
2240 4743 2580 4815 significatur
2632 4743 2685 4798 id
2722 4743 2867 4814 quod
2910 4751 3015 4808 est,
3056 4746 3138 4801 sui
3176 4743 3349 4815 ipsius
3393 4744 3498 4800 do-

1928 4838 2136 4893 minum
2167 4850 2308 4900 esse,
2337 4843 2393 4891 et
2425 4833 2629 4889 nullius
2684 4833 2915 4905 imperio
2951 4833 3167 4904 subjici,
3220 4850 3329 4890 non
3380 4850 3497 4889 am-

1930 4929 2078 5001 plius
2116 4943 2213 5000 per
2241 4926 2455 4998 imperii
2487 4924 2813 4981 vocabulum
2870 4924 3211 4997 significetur
3254 4933 3497 4996 potestas

1932 5028 1988 5075 et
2015 5017 2317 5075 dominium
2357 5016 2413 5072 in
2447 5015 2735 5072 subditos:
2769 5031 2893 5071 cum
2951 5016 3099 5071 enim
3149 5016 3360 5088 imperii
3394 5033 3497 5072 no-

1942 5128 2064 5167 tnen
2086 5112 2229 5166 inter
2258 5118 2544 5179 utramque
2586 5106 2861 5163 notionem
2914 5108 3152 5162 medium
3208 5108 3496 5172 consistat,

1932 5201 2127 5273 partim
2163 5199 2238 5267 id,
2266 5198 2409 5270 quod
2437 5207 2521 5254 est
2543 5198 2765 5253 domino
2797 5213 3004 5262 carere,
3033 5198 3229 5268 partim
3254 5197 3497 5254 domina-

1932 5295 2135 5348 tionem
2166 5292 2221 5346 in
2251 5290 2501 5346 subditos
2538 5289 2737 5345 innuit.
2781 5288 2848 5343 Et
2903 5288 2992 5343 hic
3040 5288 3259 5359 quidem
3312 5301 3498 5345 omen-

1931 5383 2086 5447 dant,
2121 5381 2215 5452 qui
2243 5379 2541 5435 recondita:
2567 5379 2849 5450 sapientiae
2873 5379 3031 5435 titulo
3057 5379 3352 5436 insolenter
3378 5397 3499 5437 sese

1932 5472 2188 5537 ell‘erunt,
2215 5485 2344 5527 num
2377 5471 2450 5527 sit
2478 5471 2624 5527 alius
2656 5468 2817 5525 Pater
2850 5470 3000 5542 prior
3030 5469 3190 5525 Patre
3230 5482 3417 5527 nostro
3443 5482 3498 5527 et

1934 5566 2186 5633 Domino,
2219 5572 2274 5621 et
2308 5573 2439 5619 tunc
2477 5562 2772 5619 fatebimur
2822 5563 3097 5618 notionem
3132 5561 3357 5634 ingeniti
3390 5579 3497 5617 non

1935 5673 2098 5729 posse
2127 5672 2156 5711 a
2189 5655 2371 5711 Patris
2412 5653 2778 5726 appellatione
2805 5655 3211 5727 reprazscntari.
3250 5652 3307 5709 Si
3370 5669 3500 5708 vero

1940 5752 2152 5820 primus
2197 5747 2288 5804 ille
2335 5744 2495 5802 Pater
2523 5759 2635 5803 sua:
2666 5745 3036 5803 subsistentia:
3074 5759 3294 5802 causam
3338 5756 3501 5813 supe-
