4032 6208
559 318 665 373 423

1784 317 1840 373 S.
1881 318 2205 374 GREGORII
2243 317 2533 375 NYSSENI

3678 321 3778 380 424

560 434 755 489 riorem
785 448 893 488 non
921 432 1102 496 habet,
1130 447 1256 488 cum
1313 433 1474 488 Patre
1511 448 1639 488 vero
1671 432 1944 504 Unigeniti
1983 448 2108 503 quo-

2221 434 2396 504 Πατρὶ
2450 432 2878 488 συνυπακούεται
2926 435 3140 497 πάντως
3191 433 3284 487 καὶ
3319 431 3412 485 τοῦ
3453 434 3781 504 Μονογενοῦς

562 540 668 594 que
697 523 1010 595 hypostasis
1038 538 1268 592 prorsus
1307 538 1554 578 connexa
1608 522 1947 593 intelligitur,
1990 523 2122 593 quid

561 630 660 669 nos
691 612 1004 668 artiliciosis
1056 614 1179 669 istis
1225 615 1622 684 sophismatum
1689 613 2125 669 connexionibus

561 712 768 758 terrere
796 713 1089 770 conantur,
1120 704 1454 774 persuadere
1504 705 1589 758 vel
1640 706 1822 775 potius
1871 704 2122 774 decipere

560 795 828 857 volentes,
856 795 903 849 si
934 796 1415 851 innascibilitatem
1464 795 1558 850 Dei
1598 796 1976 850 universorum
2021 810 2120 849 vo-

558 886 755 940 cabulo
782 884 963 943 Patris
995 887 1293 957 signiﬁcari
1320 887 1705 950 concedamus,
1738 886 1911 941 Patris
1936 884 2001 939 ad
2029 884 2121 940 Fi-

558 976 689 1029 lium
717 975 1091 1031 habitudinem
1124 976 1386 1030 abolitum
1415 976 1479 1029 iri
1504 976 1528 1029 ?

628 1067 732 1123 Sed
761 1068 957 1138 puerili
988 1067 1091 1120 hac
1126 1075 1181 1121 et
1216 1065 1357 1121 futili
1392 1066 1624 1121 istorum
1655 1066 1965 1135 obiectione
1987 1079 2121 1120 con-

558 1165 782 1229 tempta,
813 1156 956 1228 quod
982 1158 1109 1227 ipsi,
1140 1172 1240 1212 ceu
1275 1156 1637 1213 absurditatis
1659 1156 1902 1228 plenum,
1935 1155 2120 1226 prole-

556 1255 706 1312 runt,
735 1248 839 1301 hoc
871 1261 970 1301 nos
988 1244 1266 1315 intrepide
1293 1243 1638 1316 proﬁtemur,
1660 1245 1918 1299 nimirum
1942 1242 2127 1299 Patris

554 1347 609 1393 et
641 1336 977 1393 innascibilis
1018 1337 1240 1392 nomine
1271 1334 1413 1391 idem
1443 1335 1768 1405 signiﬁcari,
1800 1343 1857 1390 et
1886 1333 2118 1388 innasci-

556 1431 658 1485 bite
689 1430 904 1485 Patrem
931 1443 998 1482 ex
1033 1427 1185 1482 nullo
1215 1426 1489 1496 principio
1517 1441 1641 1482 esse
1671 1425 1976 1489 declarare,
2009 1424 2115 1479 Pa-

554 1531 801 1593 tremque
853 1519 1132 1573 notionem
1175 1514 1455 1587 Unigeniti
1512 1515 1851 1585 conjunctim
1896 1523 2118 1586 propter

555 1610 931 1666 habitudinem
996 1607 1065 1663 ad
1136 1606 1291 1661 illum
1357 1606 1712 1661 audientibus
1772 1608 2110 1675 ingenerare.

561 1700 766 1756 Etenim
795 1716 918 1757 eum
950 1700 1059 1755 hoc
1090 1698 1271 1767 ipsum
1302 1697 1564 1767 magister
1608 1704 1796 1752 noster
1833 1695 2111 1769 (Basilius)

2226 525 2259 594 ἡ
2289 524 2601 588 ὑπόστασις,
2624 522 2678 576 τί
2707 522 3160 594 μορμολύττονται
3192 523 3339 593 ἡμᾶς
3365 524 3483 586 ταῖς
3510 527 3784 594 τεχνικαίς

2222 614 2445 677 ταύταις
2475 612 2583 667 τῶν
2613 615 2961 684 σοφισμάτων
2981 613 3295 677 διαπλοκαῖς
3328 613 3554 677 πείθειν,
3584 614 3783 685 μᾶλλον

2221 703 2278 756 δὲ
2319 703 2626 772 φενακίζειν
2663 702 2993 775 βουλόμενοι,
3037 705 3086 757 εί
3130 704 3191 757 τὸ
3242 703 3533 772 ἀγέννητον
3562 704 3655 758 τοῦ
3692 706 3785 758 ἐπὶ

2222 793 2436 847 πάντων
2463 793 2596 847 Θεοῦ
2627 794 2715 848 διά
2750 794 2849 864 τῆς
2876 795 3104 864 Πατρός
3135 794 3502 865 προσηγορίας
3520 796 3783 867 ὁμολογη-

2222 882 2361 955 θείη,
2395 885 2494 955 τῆς
2520 885 2656 955 πρὸς
2681 884 2772 939 τὸν
2798 885 2920 940 Υίὺν
2944 886 3179 955 σχέσεως
3207 885 3301 939 τοῦ
3329 887 3540 957 Πατρός
3564 886 3785 955 ἀποσχί·

2220 972 2334 1036 ζειν
2363 974 2461 1045 τὴν
2488 974 2693 1028 ἔννοιαν
2711 991 2726 1040 ;
3195 1000 3211 1034 ι

2303 1065 2460 1120 Ἀλλά
2525 1065 2914 1130 διαπτύσαντες
2964 1065 3064 1138 τὴν
3115 1065 3374 1137 παιδιώδη
3420 1065 3624 1137 ταύτην
3690 1069 3786 1121 καὶ

2218 1157 2531 1211 ἐπιπόλαιον
2568 1157 2745 1211 αὑτῶν
2771 1155 3139 1226 ἐπιχείρησιν,
3190 1155 3253 1209 τὸ
3291 1156 3368 1218 ὡς
3410 1158 3607 1212 ἄτοπον
3650 1160 3781 1229 παρ’

2220 1248 2445 1301 ἐκείνων
2484 1248 2886 1320 προφερόμενον
2924 1246 3189 1317 ἀνδρικῶς
3234 1247 3662 1319 ὁμολογήσομεν
3696 1251 3783 1302 ὅτι
3860 1272 3881 1289 ο

2217 1336 2313 1391 καὶ
2339 1336 2531 1390 ταύτὸν
2564 1336 2813 1407 σημαίνει
2865 1334 2942 1405 τῷ
2985 1332 3289 1402 ἀτεννήτῳ
3332 1334 3393 1387 τὺ
3431 1333 3524 1387 τοῦ
3552 1334 3782 1402 Πατρός

2216 1428 2384 1497 ὄνομα
2402 1469 2418 1491 ,
2454 1425 2547 1481 καὶ
2588 1426 2649 1480 τὸ
2691 1426 3020 1496 ἀγέννητον
3055 1426 3117 1478 τὸ
3157 1424 3218 1482 ἐξ
3247 1423 3457 1488 οὐδενὸς
3504 1420 3642 1478 εἶναι
3687 1427 3783 1478 τὸν

2220 1520 2440 1589 Πατέρα
2484 1517 2810 1590 παρίστησι·
2842 1516 2938 1570 καὶ
2966 1517 2995 1570 ό
3026 1517 3217 1587 Πατὴρ
3257 1522 3359 1587 τὴν
3387 1516 3515 1586 περὶ
3540 1516 3632 1569 τοῦ
3666 1518 3789 1570 Μο-

2215 1609 2461 1677 νογενοῦς
2492 1606 2699 1662 ἔννοιαν
2732 1606 3089 1678 συνημμένως
3124 1605 3213 1660 διά
3256 1606 3356 1678 τῆς
3391 1606 3624 1677 σχέσεως
3658 1606 3787 1677 μεθ’

2215 1698 2407 1754 ἑαυτοῦ
2433 1700 2758 1767 συνεισάγει.
2785 1698 2896 1752 Καὶ
2914 1697 3022 1768 γὰρ
3044 1697 3138 1751 καὶ
3153 1695 3356 1768 ταύτην
3379 1697 3787 1768 προσκειμένην

553 1806 652 1846 sua
689 1792 745 1845 in
791 1789 1156 1859 dispositione
1187 1802 1448 1857 expresse
1481 1786 1780 1857 posuisset.
1816 1800 2108 1856 generosus

2215 1788 2293 1859 τῷ
2322 1788 2466 1859 λόγῳ
2493 1787 2588 1841 τοῦ
2616 1786 2934 1841 διδασκάλου
2967 1785 3065 1856 τὴν
3104 1787 3260 1857 ῥῆσιν
3280 1826 3294 1850 ,
3323 1787 3353 1838 ό
3376 1784 3543 1849 δεινός
3579 1803 3636 1838 τε
3683 1786 3789 1840 καὶ

553 1885 657 1936 iste
686 1888 740 1936 et
768 1880 1006 1935 invictus
1028 1879 1285 1943 bellator,
1313 1876 1504 1931 l'urtim
1526 1877 1812 1946 expunxit,
1842 1876 2108 1931 ablatione

2215 1879 2426 1950 ἄμαχος
2443 1873 2594 1942 οὗτος
2617 1876 2919 1947 ἀγωνιστὴς
2938 1875 3047 1930 τῶν
3071 1875 3468 1946 γεγραμμένων
3498 1876 3784 1947 ἐξέκλεψε,

550 1984 762 2033 eorum,
789 1983 911 2039 qua:
935 1982 1065 2023 vere
1093 1966 1243 2022 dicta
1272 1972 1452 2032 erant,
1495 1964 1799 2021 faciliorem
1839 1966 1942 2021 sibi
1969 1966 2108 2020 viam

2213 1974 2280 2042 τῇ
2315 1970 2598 2041 ἀφαιρέσει
2625 1969 2734 2022 τῶν
2763 1968 3018 2039 ἀσφαλῶς
3059 1966 3361 2039 εἰρημένων
3403 1966 3786 2038 ἐξευμαρίζων

551 2059 618 2114 ad
672 2057 1060 2114 refutationem
1113 2056 1390 2113 muniens.
1437 2054 1575 2110 Nam
1627 2055 1795 2111 verba
1870 2056 2108 2113 doctoris

2214 2059 2391 2130 ἐαυτῷ
2426 2060 2526 2130 τὴν
2568 2058 2901 2131 ἀντίρρησιν.
2959 2060 3018 2113 '0
3050 2059 3148 2130 μὲν
3173 2058 3281 2129 γὰρ
3323 2057 3474 2128 παρὰ.
3506 2057 3600 2110 τοῦ
3629 2058 3785 2111 διδα-

552 2149 723 2204 nostri
755 2149 829 2202 ita
859 2148 1123 2203 verbatim
1173 2147 1377 2202 habent
1415 2164 1429 2201 :
1471 2144 1599 2217 Ego”
1627 2156 1803 2201 autem
1832 2148 1993 2201 etiam
2031 2148 2108 2202 in-

2215 2151 2412 2205 σκάλου
2455 2150 2639 2223 ῥηθεὶς
2671 2148 2844 2219 λόγος,
2894 2147 3092 2203 οὑτωσὶ
3129 2148 3268 2203 κατά
3307 2146 3405 2219 τὴν
3439 2146 3584 2214 λέξιν
3627 2148 3777 2219 ἔχει⁸

548 2240 707 2310 geniti
731 2255 823 2292 seu
854 2238 1188 2313 innascibilis
1235 2236 1664 2306 appellationem,
1698 2237 1934 2307 quamvis
1974 2254 2115 2292 sum-

552 2345 756 2397 ntopere
784 2328 1189 2399 cogitationibus
1243 2329 1437 2382 nostris
1477 2338 1751 2398 congruat,
1788 2339 1962 2383 tamen
1989 2345 2113 2399 quo-

552 2422 694 2472 niam
717 2420 864 2472 nullo
900 2419 1011 2473 loco
1029 2420 1083 2472 in
1116 2416 1397 2486 Scriptura
1436 2419 1607 2487 ipsam
1646 2420 1873 2483 invenio,
1913 2429 1963 2474 et
1980 2437 2111 2490 quo-

550 2512 695 2566 niam
732 2512 958 2580 primunt
1011 2520 1089 2565 est
1139 2512 1452 2565 elementum
1482 2509 1818 2580 blasphemia:
1860 2512 2107 2579 istorum,

549 2603 757 2658 silcntio
780 2602 1093 2656 tradendam
1120 2602 1305 2657 merito
1345 2600 1609 2668 duxerim,
1656 2603 1950 2672 prazsertim
1992 2619 2110 2658 cum

556 2693 733 2748 Patris
756 2708 855 2748 vos:
875 2703 924 2747 et
954 2691 1008 2745 id
1028 2694 1218 2760 possit,
1251 2697 1389 2762 quod
1419 2694 1662 2764 ingeniti,
1687 2702 1737 2747 et
1758 2693 1826 2747 ad
1849 2693 1902 2746 id
1925 2695 2107 2759 etiam,

547 2794 753 2854 propter
786 2784 1112 2848 relationem,
1147 2786 1482 2852 conjunctam
1515 2783 1619 2838 sibi
1651 2780 1790 2838 Filii
1832 2785 2110 2855 cogitatio-

549 2893 663 2930 nem
686 2874 938 2929 adducat.
997 2873 1257 2944 Egregius
1303 2886 1432 2928 vero
1463 2873 1568 2930 iste
1605 2874 1852 2929 veritatis
1898 2890 2108 2946 propu-

547 2974 763 3037 gnator,
814 2964 867 3019 id
909 2964 1051 3035 quod
1096 2964 1325 3019 cautela:
1374 2978 1543 3020 causa
1598 2965 1870 3035 adjectum
1929 2964 2109 3021 fuerat

550 3056 704 3122 (illud
736 3057 980 3126 inquam,
1002 3056 1293 3127 prasertim
1325 3073 1444 3111 cum
1469 3054 1651 3111 Patris
1684 3072 1785 3111 vox
1818 3058 1957 3113 idem
1985 3074 2106 3127 pos-

547 3147 639 3212 sit,
666 3144 803 3216 quod
836 3146 1072 3216 ingeniti,
1101 3155 1150 3201 et
1180 3144 1249 3200 ad
1274 3146 1328 3200 id
1365 3146 1552 3211 etiam,
1587 3152 1799 3215 propter
1837 3146 1938 3199 sibi
1981 3162 2109 3200 con-

542 3238 780 3308 iunctam
811 3238 1275 3308 relationem,l"ilii
1295 3240 1664 3310 cogitationem
1679 3239 1786 3292 sive
1812 3237 2111 3307 intelligen-

548 3331 677 3384 tiam
693 3329 965 3398 adducat),
986 3329 1149 3384 insita
1177 3328 1283 3385 sibi
1310 3328 1566 3384 audentia
1589 3327 1882 3391 subtraxit,
1911 3336 1966 3381 et
1989 3342 2112 3397 per—

548 3430 731 3490 specta
748 3433 960 3485 eorum,
976 3434 1097 3489 qua:
1113 3418 1258 3474 dicta
1271 3426 1453 3483 erant,
1471 3418 1710 3484 ratione,
1727 3432 1853 3472 cum
1878 3417 2108 3486 reliquis

547 3511 896 3583 digladiatur,
915 3517 969 3565 et
998 3510 1248 3564 mutilata
1282 3509 1530 3579 corporis
1553 3508 1717 3572 serie,
1750 3516 1918 3577 utque
1953 3506 2106 3561 arbi-

546 3610 742 3667 tratur,
762 3600 831 3656 ad
843 3599 1227 3657 refutationem
1259 3599 1466 3670 aptiore
1480 3606 1536 3653 et
1557 3597 1884 3669 procliviore
1899 3598 1985 3652 via
2003 3596 2109 3652 sibi

548 3689 838 3760 patefacta,
882 3688 1086 3761 frigido
1110 3696 1164 3743 et
1184 3686 1411 3743 inﬁrmo
1446 3689 1784 3759 sophismate
1811 3694 2109 3743 sectatores

547 3796 679 3836 suos
707 3780 1091 3843 circumvenit,
1114 3777 1498 3833 demonstrare
1520 3777 1732 3842 volens,
1766 3776 1923 3841 illud,
1963 3776 2109 3847 quod

546 3869 847 3927 secundum
863 3868 1067 3941 aliquid
1079 3868 1517 3924 communionem
1545 3868 1728 3935 habet,
1741 3866 1905 3922 etiam
1939 3867 2111 3923 totius

546 3962 840 4035 signiﬁcati
871 3961 1308 4017 communionem
1336 3959 1558 4024 habere,
1602 3959 1685 4016 sic
1711 3959 1860 4014 leves
1881 3972 2107 4014 suorum

546 4070 709 4109 aures
741 4053 845 4108 sibi
875 4051 1197 4108 concilians.
1234 4049 1369 4105 Cum
1421 4050 1567 4105 enim
1614 4063 1717 4104 nos
1751 4049 2104 4113 dixissemus,

546 4140 850 4200 secundum
874 4142 1096 4213 aliquod
1113 4141 1511 4213 signiﬁcatum,
1532 4140 1714 4197 Patris
1737 4155 1925 4196 vocem
1942 4142 2106 4194 etiam

546 4235 774 4305 ingc‘niti
801 4233 1259 4305 signiﬁcationem
1301 4232 1524 4300 habere,
1548 4232 1654 4287 iste
1676 4229 1976 4303 perlectam
2029 4230 2108 4285 si-

545 4325 783 4395 gniﬁcati
810 4325 1280 4395 participationem
1299 4339 1330 4377 a
1351 4331 1617 4380 consueta
1641 4324 1919 4378 nominum
1944 4337 2108 4378 usur-

2225 2242 2365 2312 Ἐγὼ
2382 2241 2450 2295 δὲ
2469 2241 2568 2295 καί
2597 2241 2712 2309 τὴν
2734 2240 2839 2295 τοῦ
2860 2238 3191 2311 ἀγεννήτω)
3214 2243 3636 2310 προσηψρίαν,
3660 2240 3785 2295 κᾶν

2212 2334 2284 2387 τὰ
2306 2332 2567 2402 μάλιστα
2603 2328 2755 2399 δοκῇ
2773 2329 2900 2398 ταῖς
2918 2330 3177 2397 ἐννοίαις
3206 2328 3373 2399 ἡμῶν
3399 2332 3782 2399 συμϐαίνειν,

2210 2424 2349 2479 ἀλλ’
2374 2421 2489 2479 οὖν
2522 2422 2603 2489 ὡς
2622 2422 2886 2492 οὐδαμοῦ
2913 2420 3023 2491 τῆς
3049 2420 3296 2491 Γραφῆς
3325 2424 3635 2490 κειμένην,
3675 2423 3784 2476 και

2211 2514 2444 2585 πρῶτον
2465 2521 2766 2583 στοιχεῖον
2793 2509 2990 2569 οὖσαν
3012 2511 3121 2580 τῆς
3139 2513 3536 2583 βλασφημίας
3553 2512 3781 2579 αὐτῶν,

2210 2605 2545 2663 σιωπᾶσθαι
2582 2605 2660 2661 ἂν
2702 2605 2940 2673 δικαίως
2978 2606 3157 2671 ἀξίαν
3183 2606 3333 2660 εἶναι
3364 2607 3637 2675 φήσαιμι,
3666 2606 3786 2676 τῆς

2210 2696 2441 2766 Πατρὸς
2480 2694 2686 2766 φωνῆς
2727 2688 2866 2750 ἴσον
2913 2694 3254 2765 δυναμένης
3307 2693 3387 2760 τῷ
3436 2696 3781 2766 ἀγεννήτῳ,

2208 2787 2358 2856 πρὸς
2397 2786 2477 2852 τῷ
2514 2787 2609 2840 καί
2645 2784 2758 2853 τὴν
2794 2785 2926 2854 περὶ
2956 2784 3063 2840 τοῦ
3096 2786 3232 2841 Υίοῦ
3259 2785 3502 2840 ἔννοιαν
3543 2806 3786 2858 συνημ-

2202 2876 2398 2945 μένως
2446 2873 2630 2942 ἑαυτῇ
2678 2873 2777 2928 διὰ
2811 2874 2922 2943 τῆς
2958 2875 3227 2945 σχέσεως
3269 2877 3674 2947 συνεισάγειν.
3714 2883 3784 2933 '0

2206 2963 2263 3016 δὲ
2296 2965 2539 3031 γενναῖος
2567 2957 2720 3025 οὗτος
2758 2961 2856 3032 τῆς
2898 2961 3154 3034 ἀληθείας
3185 2970 3676 3039 πρωταγωνιστὴς,
3713 2972 3786 3024 τὸ

2213 3053 2309 3124 μὲν
2328 3052 2619 3122 ἀσφαλείας
2645 3052 2827 3107 ἕνεκεν
2852 3053 2927 3123 τῷ
2946 3053 3090 3124 λόγῳ
3110 3056 3495 3126 προσκείμενον
3517 3058 3694 3128 (λέγω
3716 3061 3783 3114 δὲ

2135 3110 2178 3170 C
2210 3110 2302 3209 τὸ,
2335 3110 2443 3200 κάλ
2488 3110 2615 3213 τὴν⁷
2637 3145 2769 3214 περὶ
2809 3110 2915 3200 toi;
2951 3110 3084 3201 Tibi}
3111 3110 3353 3203 Enr-oras;
3379 3110 3784 3222 συνημμέζρωξι

2210 3233 2395 3305 ἑαυτῇ
2422 3236 2519 3291 διὰ
2547 3236 2654 3305 τῆς
2685 3236 2952 3306 σχέσεως
2982 3239 3419 3311 συνεισάγειν),
3450 3242 3639 3296 τοῦτον
3673 3246 3784 3314 μὲν

2211 3325 2315 3377 ὑπὸ
2334 3326 2430 3395 τῆς
2465 3326 2755 3395 συγγενοῦς
2789 3327 3099 3398 ἐλευθερίας
3135 3329 3399 3398 ὑφείλετο.
3428 3333 3537 3386 Καὶ
3560 3333 3783 3387 διασκέ-

2208 3414 2317 3484 ψας
2357 3417 2463 3470 τῶν
2516 3417 2912 3488 γεγραμμένων
2957 3418 3047 3472 τὸν
3075 3420 3259 3488 λόγον,
3309 3424 3422 3485 τοῖς
3464 3422 3783 3490 ὑπολοίποις

2208 3507 2609 3577 συμπλέκεταν
2673 3510 2765 3562 καὶ
2819 3510 3237 3581 ἀκρωτηριάσας
3294 3511 3385 3565 τὸν
3432 3514 3618 3585 εἱρμὸν
3672 3515 3782 3569 τοῦ

2209 3595 2458 3667 σώματος
2477 3637 2492 3660 ,
2521 3599 2614 3652 καὶ
2644 3598 2718 3662 ὡς
2748 3598 2884 3671 ᾤετο
2916 3599 3237 3673 σαθρότερον
3265 3604 3440 3675 ἑαυτῷ
3459 3644 3474 3667 ,
3509 3607 3601 3658 καὶ⁵
3635 3608 3784 3676 πρὸς

2206 3687 2305 3757 τὴν
2337 3689 2652 3760 ἀντίρρησιν
2683 3689 3000 3746 εὐεπίϐατον
3027 3694 3397 3765 καταστήσας,
3429 3694 3617 3767 ψυχρῷ
3674 3700 3779 3751 καὶ

2207 3777 2427 3850 ἀδρανεῖ
2488 3779 2568 3849 τῷ
2628 3781 2919 3851 σοφίσματι
2984 3782 3110 3846 τοὺς
3171 3782 3293 3835 καθ’
3348 3785 3535 3838 ἑαυτὸν
3587 3802 3780 3856 παρσ-

2207 3868 2488 3938 κροὺεται,
2516 3869 2578 3923 τὸ
2600 3871 2746 3925 κατά
2772 3888 2824 3924 τι
2854 3871 3159 3934 κοινωνοῦν,
3192 3873 3284 3925 καὶ
3310 3872 3396 3927 διά
3424 3874 3637 3927 πάντων
3669 3874 3784 3946 τὴν

2207 3959 2343 4013 κατά
2361 3961 2422 4014 τὸ
2442 3962 2833 4032 σημαινόμενον
2852 3964 3134 4018 κοινωνίαν
3149 3964 3294 4035 ἔχειν
3319 3966 3778 4035 κατασκευάζων,

2204 4050 2300 4103 καὶ
2356 4048 2559 4117 τούτων
2625 4049 2722 4121 τὴν
2784 4052 3093 4106 ἐπιπόλαιον
3154 4053 3321 4123 ἀκοὴν
3387 4056 3775 4127 συναρπάζων.

2217 4139 2403 4211 Ἦμῶν
2435 4143 2543 4214 γάρ
2575 4143 2716 4197 κατά
2760 4160 2814 4195 τι
2856 4143 3249 4215 σημαινόμενον
3290 4148 3388 4218 τὴν
3425 4147 3518 4200 τοῦ
3555 4149 3779 4217 Πατρὸς

2206 4231 2503 4302 εἰρηκότων
2535 4233 2746 4304 φωνὴν,
2785 4233 2880 4286 καὶ
2906 4234 3005 4305 τὴν
3044 4235 3137 4289 τοῦ
3168 4236 3458 4309 ἀγεννήτου
3491 4241 3776 4309 σημασίαν

2205 4322 2569 4393 παρέχεσθαι,
2604 4318 2756 4385 οὗτος
2801 4323 2901 4394 τὴν
2952 4324 3185 4395 παντελῆ
3224 4325 3317 4379 τοῦ
3366 4330 3772 4400 σημαινομένου

551 4418 767 4486 patione
824 4416 1139 4482 instituens,
1165 4414 1524 4470 assertionem
1563 4422 1806 4469 nostram
1852 4413 2104 4468 absurdi-

2209 4411 2507 4483 μετάληψιν
2534 4413 2641 4465 ἀπὸ
2671 4413 2768 4484 τῆς
2810 4413 3073 4484 συνήθους
3124 4414 3233 4468 τῶν
3278 4416 3554 4486 ὀνομάτων
3591 4421 3774 4488 ἐμφά-

545 4507 673 4561 tatis
706 4506 915 4561 scilicet
949 4505 1152 4575 arguit,
1198 4504 1357 4573 quasi
1394 4518 1504 4557 non
1552 4503 1789 4572 amplius
1815 4501 1997 4559 Patris
2034 4501 2101 4556 ad

2208 4519 2341 4565 σεως
2365 4502 2751 4573 ποιησάμενος,
2778 4504 2857 4566 είς
2883 4504 3081 4558 ἄτοπον
3106 4504 3263 4575 δῆθεν
3292 4505 3537 4561 ἐκϐάλλει
3564 4510 3655 4562 τὸν
3680 4510 3776 4562 λό-

546 4597 740 4651 Filium
777 4594 1037 4650 habitudo
1069 4595 1172 4648 hac
1214 4593 1574 4663 appellatione
1618 4592 1912 4657 indicetur,
1955 4594 2001 4646 si
2028 4591 2107 4645 in-

2208 4592 2404 4660 γον,ὡς
2419 4593 2600 4645 οὑκέτι
2625 4593 2724 4663 τὴν
2749 4593 2882 4663 πρὸς
2908 4593 2998 4647 τὸν
3017 4594 3144 4646 Υίὸν
3173 4595 3352 4665 σχέσιν
3365 4598 3462 4667 τῆς
3493 4614 3772 4669 προσηγο-

545 4687 708 4754 gcniti
741 4686 891 4738 notio
922 4701 1017 4755 per
1042 4700 1165 4739 cum
1198 4697 1320 4738 sese
1361 4684 1522 4738 nobis
1552 4682 1828 4737 exhibeat.
1867 4682 2103 4736 Perinde

543 4792 607 4829 ac
630 4779 676 4830 si
706 4776 850 4845 quis,
879 4775 946 4830 de
973 4790 1113 4844 pane
1134 4775 1270 4829 duas
1309 4773 1553 4828 rationes
1584 4773 1832 4836 edoctus,
1871 4773 2098 4836 diceret,

544 4868 698 4923 illum
726 4884 790 4921 ex
823 4866 1093 4921 frumento
1142 4873 1423 4928 constare,
1470 4873 1525 4918 et
1550 4865 1855 4919 comedenti
1906 4865 2103 4919 alimo-

544 4959 687 5012 niam
719 4959 998 5027 praebere;
1032 4957 1171 5011 alius
1201 4964 1383 5012 autem
1413 4964 1604 5011 contra
1647 4957 1904 5012 obnitens
1929 4971 2098 5026 ogge-

545 5055 706 5110 rerct,
756 5046 1005 5101 eumdem
1036 5060 1261 5115 prorsus
1294 5045 1691 5127 s0phismatum
1726 5045 1946 5099 modum
2002 5045 2102 5098 ad-

544 5137 759 5202 hibens,
814 5137 974 5190 aliam
1014 5150 1135 5191 esse
1168 5136 1437 5190 rationem
1487 5136 1627 5205 ejus,
1670 5136 1814 5206 quod
1874 5150 1938 5190 ex
1986 5135 2099 5189 l‘ru-

543 5237 724 5284 nicnto
759 5229 1116 5283 constitutum
1140 5235 1245 5292 cst,
1268 5234 1322 5282 et
1346 5226 1507 5280 aliam
1534 5226 1876 5282 nutrimenti.
1904 5226 1961 5279 Si
1997 5226 2100 5296 igi-

540 5329 631 5372 tur
658 5320 850 5374 domus
901 5333 1096 5387 panem
1147 5332 1215 5371 ex
1266 5314 1542 5371 frumento
1592 5314 1901 5369 confectum
1951 5330 2094 5377 csse,

541 5425 646 5462 non
686 5411 882 5479 poterit
920 5410 1156 5479 amplius
1188 5407 1508 5461 alimentum
1542 5406 1837 5459 nominari.
1882 5404 2093 5458 Similis

540 5515 761 5569 prorsus
790 5508 872 5553 est
894 5513 1088 5553 sensus
1109 5486 1431 5552 Eunomiaui
1452 5495 1774 5566 syllogismi.
1808 5494 1896 5546 Ait
1911 5494 2092 5548 enim:

543 5587 596 5647 Si
631 5589 910 5656 ingenitum
941 5605 1029 5642 seu
1063 5588 1374 5642 innascibile
1427 5585 1676 5640 vocabulo
1701 5584 1883 5637 Patris
1924 5585 2093 5652 signi-

536 5689 745 5746 ﬁcatur,
776 5697 876 5731 non
921 5682 1107 5746 poterit
1137 5678 1361 5746 amplius
1393 5677 1456 5731 ab
1495 5676 1670 5731 eodem
1720 5675 1972 5729 vocabulo
2013 5675 2090 5728 si-

2207 4683 2325 4754 ρίας
2343 4683 2552 4753 ’ταύτης
2580 4683 3069 4755 ἐνδεικνυμένης,εἰ
3102 4687 3194 4739 καὶ
3225 4686 3286 4738 τὸ
3314 4686 3405 4739 τοῦ
3434 4688 3774 4754 dra-nitor:

2203 4771 2376 4842 νόημα
2399 4771 2486 4825 διὰ
2513 4771 2699 4826 τούτου
2743 4772 3082 4843 ἐσημαίνετο.
3121 4774 3331 4845 Ὥσπερ
3365 4775 3431 4829 ἂν
3458 4778 3513 4828 εί
3544 4794 3627 4840 τις
3671 4779 3776 4832 δύο

2203 4862 2411 4925 ἐννοίας
2431 4861 2560 4932 περὶ
2578 4863 2672 4917 τοῦ
2697 4863 2859 4932 ἄρτου
2895 4862 3103 4933 μαθὼν,
3132 4864 3213 4917 ὅτι
3241 4882 3299 4918 τε
3323 4865 3430 4917 ἀπὸ
3455 4867 3601 4919 σίτου
3641 4884 3777 4921 συν-

2201 4952 2418 5024 έστηκε,
2458 4953 2551 5007 καὶ
2575 4953 2657 5005 ὅτι
2689 4954 2862 5024 τροφὴ
2881 4953 2958 5023 τῷ
2981 4954 3246 5025 χρωμένῳ
3273 4956 3500 5023 γίνεται,
3538 4957 3775 5027 μάχοιτο

2200 5043 2337 5114 πρὸς
2365 5043 2454 5096 τὸν
2485 5043 2729 5112 λέγοντα,
2762 5044 2840 5113 τῷ
2867 5044 3036 5115 ὁμοίῳ
3065 5046 3248 5116 τρόπῳ
3276 5046 3383 5098 τῶν
3414 5050 3773 5118 σοφισμάτων

2201 5137 2321 5190 κατ’
2367 5135 2528 5189 αὑτοῦ
2574 5134 2851 5208 χρώμενος
2871 5176 2886 5199 ,
2919 5137 3001 5189 ὅτι
3047 5138 3203 5200 ἀλλος
3232 5138 3388 5206 λόγος
3416 5139 3529 5191 ἐστὶ
3571 5140 3669 5209 τῆς
3700 5143 3773 5194 ἐκ

2199 5224 2292 5278 τοῦ
2320 5224 2465 5278 σίτου
2489 5225 2813 5290 συστάσεως,
2845 5226 2939 5279 καὶ
2960 5228 2988 5279 ὁ
3010 5226 3108 5296 τῆς
3131 5228 3337 5297 τροφῆς
3365 5228 3525 5282 πάλιν
3554 5228 3768 5299 ἕτερος.

2200 5315 2262 5367 Εἰ
2291 5311 2383 5367 οὖν
2415 5314 2626 5392 δοθείη,
2656 5315 2718 5368 τδ
2747 5318 2810 5368 ἐκ
2848 5314 2940 5368 τοῦ
2981 5316 3127 5368 σίτου
3158 5311 3297 5370 εἶναι
3329 5317 3423 5371 τὸν
3453 5319 3634 5388 ἄρτον,
3667 5320 3773 5372 οὑ-

2199 5405 2314 5458 κέτι
2348 5405 2477 5459 αὑτὸ
2518 5405 2675 5459 τοῦτο
2721 5407 2814 5460 καὶ
2844 5404 3015 5477 τροφὴ
3065 5405 3263 5477 κυρίως
3308 5408 3769 5479 όνομασθήσεται.

2199 5494 2433 5566 Τοιαύτη
2464 5495 2557 5548 τοῦ
2588 5486 3003 5569 συλλογισμοῦῆ
3035 5497 3257 5551 διάνοια.
3289 5500 3356 5551 El
3376 5498 3483 5569 γὰρ
3505 5499 3570 5551 τὸ
3589 5499 3773 5568 ἀγέν-

2197 5600 2401 5650 νητον.
2435 5585 2628 5654 φησὶν,
2670 5586 2786 5638 ὑπὸ
2822 5585 2931 5654 τῆς
2957 5586 3064 5640 τοῦ
3095 5587 3324 5654 Πατρός
3360 5588 3761 5656 προσηγορία(

2198 5674 2578 5745 στυιαίνεται,
2607 5675 2805 5730 οὐκέτι
2846 5676 2911 5730 τὸ
2949 5677 3365 5747 γεγεννηκέναι
3406 5678 3514 5734 τὸν
3558 5678 3693 5734 Υιύν
3719 5678 3764 5746 ἡ
