  <div class='ocr_page' id='page_1' title='image "/cluster/home/n/w/nwhite01/storage/ocr_20150623/45/hvd.32044073501876/230.png"; bbox 0 0 4032 6208; ppageno 0'>
   <div class='ocr_carea' id='block_1_1' title="bbox 267 318 369 374">
    <p class='ocr_par' dir='ltr' id='par_1_1' title="bbox 267 318 369 374">
     <span class='ocr_line' id='line_1_1' title="bbox 267 318 369 374; baseline -0.02 0"><span class='ocrx_word' id='word_1_1' title='bbox 267 318 369 374; x_wconf 62' lang='lat'><strong>125</strong></span> 
     </span>
    </p>
   </div>
   <div class='ocr_carea' id='block_1_2' title="bbox 1419 332 2366 400">
    <p class='ocr_par' dir='ltr' id='par_1_2' title="bbox 1419 332 2366 400">
     <span class='ocr_line' id='line_1_2' title="bbox 1419 332 2366 400; baseline 0 -10"><span class='ocrx_word' id='word_1_2' title='bbox 1419 332 1690 390; x_wconf 65' lang='lat' dir='ltr'><strong>CONTRA</strong></span> <span class='ocrx_word' id='word_1_3' title='bbox 1731 332 2118 400; x_wconf 72' lang='lat' dir='ltr'><strong>EUNOHIUM,</strong></span> <span class='ocrx_word' id='word_1_4' title='bbox 2160 335 2286 390; x_wconf 86' lang='lat' dir='ltr'><strong>LIB.</strong></span> <span class='ocrx_word' id='word_1_5' title='bbox 2322 335 2366 390; x_wconf 85' lang='lat' dir='ltr'><strong>l.</strong></span> 
     </span>
    </p>
   </div>
   <div class='ocr_carea' id='block_1_3' title="bbox 3394 329 3501 384">
    <p class='ocr_par' dir='ltr' id='par_1_3' title="bbox 3394 329 3501 384">
     <span class='ocr_line' id='line_1_3' title="bbox 3394 329 3501 384; baseline 0.019 -2"><span class='ocrx_word' id='word_1_6' title='bbox 3394 329 3501 384; x_wconf 67' lang='grc'><strong>426</strong></span> 
     </span>
    </p>
   </div>
   <div class='ocr_carea' id='block_1_4' title="bbox 261 442 1831 522">
    <p class='ocr_par' dir='ltr' id='par_1_4' title="bbox 261 442 1831 522">
     <span class='ocr_line' id='line_1_4' title="bbox 261 442 1831 522; baseline 0.004 -27"><span class='ocrx_word' id='word_1_7' title='bbox 261 443 436 512; x_wconf 73' lang='grc' dir='ltr'><strong>φωνὴ</strong></span> <span class='ocrx_word' id='word_1_8' title='bbox 467 442 618 512; x_wconf 79' lang='grc' dir='ltr'>αὕτη</span> <span class='ocrx_word' id='word_1_9' title='bbox 656 447 1046 515; x_wconf 74' lang='grc' dir='ltr'>παρίστησιν.</span> <span class='ocrx_word' id='word_1_10' title='bbox 1095 450 1230 502; x_wconf 83' lang='grc' dir='ltr'>Ἀλλ’</span> <span class='ocrx_word' id='word_1_11' title='bbox 1279 449 1535 522; x_wconf 75' lang='grc' dir='ltr'>εὔκαιρον</span> <span class='ocrx_word' id='word_1_12' title='bbox 1565 453 1694 514; x_wconf 76' lang='grc' dir='ltr'>ἴσως</span> <span class='ocrx_word' id='word_1_13' title='bbox 1739 449 1831 521; x_wconf 80' lang='grc' dir='ltr'>τὴν</span> 
     </span>
    </p>
   </div>
   <div class='ocr_carea' id='block_1_5' title="bbox 1933 442 3509 522">
    <p class='ocr_par' dir='ltr' id='par_1_5' title="bbox 1941 448 3509 522">
     <span class='ocr_line' id='line_1_5' title="bbox 1941 448 3509 522; baseline 0.005 -18"><span class='ocrx_word' id='word_1_14' title='bbox 1941 451 2204 520; x_wconf 78' lang='lat' dir='ltr'><strong>gniﬁcan’,</strong></span> <span class='ocrx_word' id='word_1_15' title='bbox 2237 450 2375 522; x_wconf 83' lang='lat' dir='ltr'><strong>quod</strong></span> <span class='ocrx_word' id='word_1_16' title='bbox 2414 450 2574 503; x_wconf 81' lang='lat' dir='ltr'><strong>Pater</strong></span> <span class='ocrx_word' id='word_1_17' title='bbox 2612 449 2847 520; x_wconf 81' lang='lat' dir='ltr'><strong>genuerit</strong></span> <span class='ocrx_word' id='word_1_18' title='bbox 2885 448 3102 504; x_wconf 79' lang='lat' dir='ltr'><strong>Filium.</strong></span> <span class='ocrx_word' id='word_1_19' title='bbox 3157 449 3509 513; x_wconf 82' lang='lat' dir='ltr'><strong>Sed&#39;fortas-</strong></span> 
     </span>
    </p>
   </div>
   <div class='ocr_carea' id='block_1_6' title="bbox 267 534 1840 614">
    <p class='ocr_par' dir='ltr' id='par_1_6' title="bbox 267 534 1840 614">
     <span class='ocr_line' id='line_1_6' title="bbox 267 534 1840 614; baseline 0.005 -28"><span class='ocrx_word' id='word_1_20' title='bbox 267 534 473 605; x_wconf 77' lang='grc' dir='ltr'><strong>σεμνὴν</strong></span> <span class='ocrx_word' id='word_1_21' title='bbox 513 535 730 606; x_wconf 79' lang='grc' dir='ltr'>ἐκείνην</span> <span class='ocrx_word' id='word_1_22' title='bbox 775 538 868 592; x_wconf 83' lang='grc' dir='ltr'>τοῦ</span> <span class='ocrx_word' id='word_1_23' title='bbox 897 539 1070 593; x_wconf 85' lang='grc' dir='ltr'>κώλου</span> <span class='ocrx_word' id='word_1_24' title='bbox 1103 541 1345 614; x_wconf 82' lang='grc' dir='ltr'><strong>περίοδον</strong></span> <span class='ocrx_word' id='word_1_25' title='bbox 1389 543 1483 595; x_wconf 60' lang='grc' dir='ltr'><strong>καλ⁹</strong></span> <span class='ocrx_word' id='word_1_26' title='bbox 1527 542 1654 614; x_wconf 89' lang='grc' dir='ltr'>παρ’</span> <span class='ocrx_word' id='word_1_27' title='bbox 1684 541 1840 612; x_wconf 82' lang='grc' dir='ltr'>ἡμῶν</span> 
     </span>
    </p>
   </div>
   <div class='ocr_carea' id='block_1_7' title="bbox 267 625 1841 706">
    <p class='ocr_par' dir='ltr' id='par_1_7' title="bbox 267 625 1841 706">
     <span class='ocr_line' id='line_1_7' title="bbox 267 625 1841 706; baseline 0.006 -29"><span class='ocrx_word' id='word_1_28' title='bbox 267 625 568 696; x_wconf 75' lang='grc' dir='ltr'>ἐπαχθῆναι</span> <span class='ocrx_word' id='word_1_29' title='bbox 613 629 689 700; x_wconf 80' lang='grc' dir='ltr'><strong>τῷ</strong></span> <span class='ocrx_word' id='word_1_30' title='bbox 719 630 1017 704; x_wconf 87' lang='grc' dir='ltr'>λεγομένῳ.</span> <span class='ocrx_word' id='word_1_31' title='bbox 1064 634 1270 706; x_wconf 77' lang='grc' dir='ltr'>Πρέπει</span> <span class='ocrx_word' id='word_1_32' title='bbox 1303 633 1411 704; x_wconf 81' lang='grc' dir='ltr'>γὰρ</span> <span class='ocrx_word' id='word_1_33' title='bbox 1441 635 1551 698; x_wconf 88' lang='grc' dir='ltr'>τοῖς</span> <span class='ocrx_word' id='word_1_34' title='bbox 1580 634 1841 696; x_wconf 81' lang='grc' dir='ltr'><strong>τοιούτοις</strong></span> 
     </span>
    </p>
   </div>
   <div class='ocr_carea' id='block_1_8' title="bbox 267 717 1840 796">
    <p class='ocr_par' dir='ltr' id='par_1_8' title="bbox 267 717 1840 796">
     <span class='ocr_line' id='line_1_8' title="bbox 267 717 1840 796; baseline 0.007 -28"><span class='ocrx_word' id='word_1_35' title='bbox 267 717 479 781; x_wconf 76' lang='grc' dir='ltr'>πάντως</span> <span class='ocrx_word' id='word_1_36' title='bbox 512 721 740 774; x_wconf 75' lang='grc' dir='ltr'>τοιαῦτα</span> <span class='ocrx_word' id='word_1_37' title='bbox 764 736 779 752; x_wconf 88' lang='grc'><strong>·</strong></span> <span class='ocrx_word' id='word_1_38' title='bbox 818 724 900 777; x_wconf 89' lang='grc' dir='ltr'>ὅτι</span> <span class='ocrx_word' id='word_1_39' title='bbox 937 725 1096 779; x_wconf 83' lang='grc' dir='ltr'>πλέον</span> <span class='ocrx_word' id='word_1_40' title='bbox 1128 725 1192 780; x_wconf 82' lang='grc' dir='ltr'><strong>ἂν</strong></span> <span class='ocrx_word' id='word_1_41' title='bbox 1219 725 1376 796; x_wconf 82' lang='grc' dir='ltr'>ἔσχεν</span> <span class='ocrx_word' id='word_1_42' title='bbox 1411 725 1547 795; x_wconf 84' lang='grc' dir='ltr'>πρὸς</span> <span class='ocrx_word' id='word_1_43' title='bbox 1573 724 1633 778; x_wconf 84' lang='grc' dir='ltr'><strong>τὸ</strong></span> <span class='ocrx_word' id='word_1_44' title='bbox 1665 724 1840 779; x_wconf 83' lang='grc' dir='ltr'>δοκεῖν</span> 
     </span>
    </p>
   </div>
   <div class='ocr_carea' id='block_1_9' title="bbox 269 813 1839 888">
    <p class='ocr_par' dir='ltr' id='par_1_9' title="bbox 269 813 1839 888">
     <span class='ocr_line' id='line_1_9' title="bbox 269 813 1839 888; baseline 0.004 -28"><span class='ocrx_word' id='word_1_45' title='bbox 269 813 595 879; x_wconf 78' lang='grc' dir='ltr'>σωφρονεῖν,</span> <span class='ocrx_word' id='word_1_46' title='bbox 647 813 697 865; x_wconf 77' lang='grc' dir='ltr'>εἰ</span> <span class='ocrx_word' id='word_1_47' title='bbox 755 815 1010 868; x_wconf 77' lang='grc' dir='ltr'><strong>παντελεῖ</strong></span> <span class='ocrx_word' id='word_1_48' title='bbox 1059 819 1234 888; x_wconf 84' lang='grc' dir='ltr'>σιωπῇ</span> <span class='ocrx_word' id='word_1_49' title='bbox 1285 815 1484 886; x_wconf 85' lang='grc' dir='ltr'>ταύτην</span> <span class='ocrx_word' id='word_1_50' title='bbox 1536 814 1700 886; x_wconf 83' lang='grc' dir='ltr'>ὥρισε</span> <span class='ocrx_word' id='word_1_51' title='bbox 1742 815 1839 884; x_wconf 85' lang='grc' dir='ltr'><strong>τὴν</strong></span> 
     </span>
    </p>
   </div>
   <div class='ocr_carea' id='block_1_10' title="bbox 263 897 1841 978">
    <p class='ocr_par' dir='ltr' id='par_1_10' title="bbox 263 897 1841 978">
     <span class='ocr_line' id='line_1_10' title="bbox 263 897 1841 978; baseline -0.007 -10"><span class='ocrx_word' id='word_1_52' title='bbox 263 898 580 967; x_wconf 62' lang='grc' dir='ltr'><strong>ἀσφάλειαν.</strong></span> <span class='ocrx_word' id='word_1_53' title='bbox 606 897 678 975; x_wconf 73' lang='grc' dir='ltr'><strong>’ᾮ</strong></span> <span class='ocrx_word' id='word_1_54' title='bbox 706 905 811 976; x_wconf 76' lang='grc' dir='ltr'>γὰρ</span> <span class='ocrx_word' id='word_1_55' title='bbox 845 907 878 975; x_wconf 82' lang='grc' dir='ltr'><strong>ἠ</strong></span> <span class='ocrx_word' id='word_1_56' title='bbox 915 907 1198 978; x_wconf 81' lang='grc' dir='ltr'><strong>προσθήκη</strong></span> <span class='ocrx_word' id='word_1_57' title='bbox 1221 906 1328 960; x_wconf 80' lang='grc' dir='ltr'><strong>τῶν</strong></span> <span class='ocrx_word' id='word_1_58' title='bbox 1359 907 1529 976; x_wconf 78' lang='grc' dir='ltr'>λόγων</span> <span class='ocrx_word' id='word_1_59' title='bbox 1560 907 1639 969; x_wconf 73' lang='grc' dir='ltr'><strong>εἰς</strong></span> <span class='ocrx_word' id='word_1_60' title='bbox 1674 922 1841 976; x_wconf 84' lang='grc' dir='ltr'>προσ-</span> 
     </span>
    </p>
   </div>
   <div class='ocr_carea' id='block_1_11' title="bbox 264 987 1840 1068">
    <p class='ocr_par' dir='ltr' id='par_1_11' title="bbox 264 987 1840 1068">
     <span class='ocr_line' id='line_1_11' title="bbox 264 987 1840 1068; baseline 0.01 -28"><span class='ocrx_word' id='word_1_61' title='bbox 264 987 439 1058; x_wconf 83' lang='grc' dir='ltr'>θήκην</span> <span class='ocrx_word' id='word_1_62' title='bbox 482 992 631 1044; x_wconf 86' lang='grc' dir='ltr'>τελεῖ</span> <span class='ocrx_word' id='word_1_63' title='bbox 681 993 1063 1066; x_wconf 66' lang='grc' dir='ltr'>βλασφημίας,</span> <span class='ocrx_word' id='word_1_64' title='bbox 1115 998 1312 1068; x_wconf 78' lang='grc' dir='ltr'>μᾶλλον</span> <span class='ocrx_word' id='word_1_65' title='bbox 1353 998 1410 1050; x_wconf 81' lang='grc' dir='ltr'>δὲ</span> <span class='ocrx_word' id='word_1_66' title='bbox 1448 997 1550 1067; x_wconf 85' lang='grc' dir='ltr'><strong>τῆς</strong></span> <span class='ocrx_word' id='word_1_67' title='bbox 1606 998 1840 1067; x_wconf 77' lang='grc' dir='ltr'><strong>ἐσχάτης</strong></span> 
     </span>
    </p>
   </div>
   <div class='ocr_carea' id='block_1_12' title="bbox 263 1079 1840 1159">
    <p class='ocr_par' dir='ltr' id='par_1_12' title="bbox 263 1079 1840 1159">
     <span class='ocr_line' id='line_1_12' title="bbox 263 1079 1840 1159; baseline 0.004 -27"><span class='ocrx_word' id='word_1_68' title='bbox 263 1079 477 1143; x_wconf 81' lang='grc' dir='ltr'>ἀνοίας,</span> <span class='ocrx_word' id='word_1_69' title='bbox 523 1081 699 1154; x_wconf 81' lang='grc' dir='ltr'>τούτῳ</span> <span class='ocrx_word' id='word_1_70' title='bbox 746 1085 807 1137; x_wconf 86' lang='grc' dir='ltr'><strong>τὸ</strong></span> <span class='ocrx_word' id='word_1_71' title='bbox 835 1089 1011 1159; x_wconf 75' lang='grc' dir='ltr'>σιγᾷν,</span> <span class='ocrx_word' id='word_1_72' title='bbox 1037 1089 1134 1158; x_wconf 77' lang='grc' dir='ltr'><strong>οὐχ</strong></span> <span class='ocrx_word' id='word_1_73' title='bbox 1161 1088 1347 1158; x_wconf 80' lang='grc' dir='ltr'>ἡμίσει</span> <span class='ocrx_word' id='word_1_74' title='bbox 1383 1088 1568 1159; x_wconf 87' lang='grc' dir='ltr'>μέρει,</span> <span class='ocrx_word' id='word_1_75' title='bbox 1599 1087 1735 1140; x_wconf 83' lang='grc' dir='ltr'>ἀλλὰ</span> <span class='ocrx_word' id='word_1_76' title='bbox 1761 1086 1840 1156; x_wconf 81' lang='grc' dir='ltr'><strong>τῷ</strong></span> 
     </span>
    </p>
   </div>
   <div class='ocr_carea' id='block_1_13' title="bbox 262 1170 1277 1246">
    <p class='ocr_par' dir='ltr' id='par_1_13' title="bbox 262 1170 1277 1246">
     <span class='ocr_line' id='line_1_13' title="bbox 262 1170 1277 1246; baseline 0.01 -25"><span class='ocrx_word' id='word_1_77' title='bbox 262 1170 424 1222; x_wconf 79' lang='grc' dir='ltr'>παντὶ</span> <span class='ocrx_word' id='word_1_78' title='bbox 453 1171 545 1224; x_wconf 80' lang='grc' dir='ltr'><strong>τοῦ</strong></span> <span class='ocrx_word' id='word_1_79' title='bbox 579 1173 761 1226; x_wconf 80' lang='grc' dir='ltr'>λαλεῖν</span> <span class='ocrx_word' id='word_1_80' title='bbox 789 1175 905 1228; x_wconf 81' lang='grc' dir='ltr'>ἐστι</span> <span class='ocrx_word' id='word_1_81' title='bbox 932 1178 1277 1246; x_wconf 71' lang='grc' dir='ltr'>κουφότερον.</span> 
     </span>
    </p>
   </div>
   <div class='ocr_carea' id='block_1_14' title="bbox 329 1345 1838 1424">
    <p class='ocr_par' dir='ltr' id='par_1_14' title="bbox 329 1345 1838 1424">
     <span class='ocr_line' id='line_1_14' title="bbox 329 1345 1838 1424; baseline 0.007 -28"><span class='ocrx_word' id='word_1_82' title='bbox 329 1345 484 1414; x_wconf 74' lang='grc' dir='ltr'><strong>Τάχα</strong></span> <span class='ocrx_word' id='word_1_83' title='bbox 505 1346 570 1400; x_wconf 74' lang='grc' dir='ltr'>ἂν</span> <span class='ocrx_word' id='word_1_84' title='bbox 596 1364 679 1410; x_wconf 90' lang='grc' dir='ltr'><strong>τις</strong></span> <span class='ocrx_word' id='word_1_85' title='bbox 707 1348 904 1418; x_wconf 74' lang='grc' dir='ltr'>μᾶλλον</span> <span class='ocrx_word' id='word_1_86' title='bbox 936 1351 1001 1405; x_wconf 82' lang='grc' dir='ltr'><strong>ὲκ</strong></span> <span class='ocrx_word' id='word_1_87' title='bbox 1022 1352 1128 1406; x_wconf 82' lang='grc' dir='ltr'><strong>τῶν</strong></span> <span class='ocrx_word' id='word_1_88' title='bbox 1153 1352 1273 1408; x_wconf 85' lang='grc' dir='ltr'>καθ’</span> <span class='ocrx_word' id='word_1_89' title='bbox 1297 1353 1488 1406; x_wconf 74' lang='grc' dir='ltr'>ἑαυτὸν</span> <span class='ocrx_word' id='word_1_90' title='bbox 1513 1352 1838 1424; x_wconf 81' lang='grc' dir='ltr'>προσάγοιτο</span> 
     </span>
    </p>
   </div>
   <div class='ocr_carea' id='block_1_15' title="bbox 261 1437 1838 1515">
    <p class='ocr_par' dir='ltr' id='par_1_15' title="bbox 261 1437 1838 1515">
     <span class='ocr_line' id='line_1_15' title="bbox 261 1437 1838 1515; baseline 0.006 -28"><span class='ocrx_word' id='word_1_91' title='bbox 261 1437 398 1506; x_wconf 82' lang='grc' dir='ltr'>πρὸς</span> <span class='ocrx_word' id='word_1_92' title='bbox 429 1437 528 1506; x_wconf 79' lang='grc' dir='ltr'>τὴν</span> <span class='ocrx_word' id='word_1_93' title='bbox 555 1437 665 1491; x_wconf 82' lang='grc' dir='ltr'>τῶν</span> <span class='ocrx_word' id='word_1_94' title='bbox 708 1441 1015 1511; x_wconf 89' lang='grc' dir='ltr'>λεγομένων</span> <span class='ocrx_word' id='word_1_95' title='bbox 1047 1443 1324 1514; x_wconf 83' lang='grc' dir='ltr'>ἀλήθειαν.</span> <span class='ocrx_word' id='word_1_96' title='bbox 1369 1444 1479 1498; x_wconf 74' lang='grc' dir='ltr'><strong>Καὶ</strong></span> <span class='ocrx_word' id='word_1_97' title='bbox 1511 1445 1574 1515; x_wconf 83' lang='grc' dir='ltr'>δὴ</span> <span class='ocrx_word' id='word_1_98' title='bbox 1616 1445 1838 1497; x_wconf 85' lang='grc' dir='ltr'>καταλι-</span> 
     </span>
    </p>
   </div>
   <div class='ocr_carea' id='block_1_16' title="bbox 261 1528 1837 1606">
    <p class='ocr_par' dir='ltr' id='par_1_16' title="bbox 261 1528 1837 1606">
     <span class='ocr_line' id='line_1_16' title="bbox 261 1528 1837 1606; baseline 0.006 -28"><span class='ocrx_word' id='word_1_99' title='bbox 261 1528 454 1591; x_wconf 56' lang='lat' dir='ltr'><strong>darts;</strong></span> <span class='ocrx_word' id='word_1_100' title='bbox 499 1528 560 1581; x_wconf 79' lang='grc' dir='ltr'>τὸ</span> <span class='ocrx_word' id='word_1_101' title='bbox 619 1532 1109 1604; x_wconf 85' lang='grc' dir='ltr'>κατηγκυλωμένον</span> <span class='ocrx_word' id='word_1_102' title='bbox 1167 1534 1264 1605; x_wconf 84' lang='grc' dir='ltr'>τῆς</span> <span class='ocrx_word' id='word_1_103' title='bbox 1320 1536 1426 1589; x_wconf 85' lang='grc' dir='ltr'><strong>τῶν</strong></span> <span class='ocrx_word' id='word_1_104' title='bbox 1488 1535 1837 1606; x_wconf 76' lang='grc' dir='ltr'>σοφισμάτων</span> 
     </span>
    </p>
   </div>
   <div class='ocr_carea' id='block_1_17' title="bbox 264 1621 1834 1699">
    <p class='ocr_par' dir='ltr' id='par_1_17' title="bbox 264 1621 1834 1699">
     <span class='ocr_line' id='line_1_17' title="bbox 264 1621 1834 1699; baseline 0.006 -27"><span class='ocrx_word' id='word_1_105' title='bbox 264 1621 466 1691; x_wconf 81' lang='grc' dir='ltr'>πλοκῆς</span> <span class='ocrx_word' id='word_1_106' title='bbox 485 1663 501 1685; x_wconf 92' lang='grc'><strong>,</strong></span> <span class='ocrx_word' id='word_1_107' title='bbox 558 1622 968 1695; x_wconf 75' lang='grc' dir='ltr'>ἰδιωτικώτερον</span> <span class='ocrx_word' id='word_1_108' title='bbox 1007 1642 1067 1679; x_wconf 91' lang='grc' dir='ltr'><strong>τε</strong></span> <span class='ocrx_word' id='word_1_109' title='bbox 1113 1627 1206 1680; x_wconf 77' lang='grc' dir='ltr'><strong>καὶ</strong></span> <span class='ocrx_word' id='word_1_110' title='bbox 1235 1627 1538 1698; x_wconf 82' lang='grc' dir='ltr'>κοινότερον</span> <span class='ocrx_word' id='word_1_111' title='bbox 1586 1628 1713 1699; x_wconf 78' lang='grc' dir='ltr'>περὶ</span> <span class='ocrx_word' id='word_1_112' title='bbox 1742 1627 1834 1681; x_wconf 81' lang='grc' dir='ltr'>τοῦ</span> 
     </span>
    </p>
   </div>
   <div class='ocr_carea' id='block_1_18' title="bbox 261 1713 1834 1791">
    <p class='ocr_par' dir='ltr' id='par_1_18' title="bbox 261 1713 1834 1791">
     <span class='ocr_line' id='line_1_18' title="bbox 261 1713 1834 1791; baseline 0.003 -25"><span class='ocrx_word' id='word_1_113' title='bbox 261 1715 624 1784; x_wconf 80' lang='grc' dir='ltr'>προκειμένου</span> <span class='ocrx_word' id='word_1_114' title='bbox 671 1715 1062 1787; x_wconf 79' lang='grc' dir='ltr'>διαλεξώμεθα.</span> <span class='ocrx_word' id='word_1_115' title='bbox 1119 1717 1176 1771; x_wconf 88' lang='lat'>&#39;0</span> <span class='ocrx_word' id='word_1_116' title='bbox 1240 1718 1330 1781; x_wconf 83' lang='grc' dir='ltr'>σὸς</span> <span class='ocrx_word' id='word_1_117' title='bbox 1372 1718 1590 1791; x_wconf 79' lang='grc' dir='ltr'>Πατὴρ,</span> <span class='ocrx_word' id='word_1_118' title='bbox 1623 1713 1670 1771; x_wconf 81' lang='grc' dir='ltr'><strong>ὦ</strong></span> <span class='ocrx_word' id='word_1_119' title='bbox 1726 1717 1834 1772; x_wconf 82' lang='grc' dir='ltr'><strong>Εὑ-</strong></span> 
     </span>
    </p>
   </div>
   <div class='ocr_carea' id='block_1_19' title="bbox 1944 525 3507 615">
    <p class='ocr_par' dir='ltr' id='par_1_19' title="bbox 1944 525 3507 615">
     <span class='ocr_line' id='line_1_19' title="bbox 1944 525 3507 615; baseline 0.007 -26"><span class='ocrx_word' id='word_1_120' title='bbox 1944 535 2022 590; x_wconf 90' lang='lat' dir='ltr'><strong>sis</strong></span> <span class='ocrx_word' id='word_1_121' title='bbox 2053 535 2195 615; x_wconf 89' lang='lat' dir='ltr'><strong>haud</strong></span> <span class='ocrx_word' id='word_1_122' title='bbox 2222 537 2661 606; x_wconf 86' lang='lat' dir='ltr'><strong>intempestivum</strong></span> <span class='ocrx_word' id='word_1_123' title='bbox 2699 537 2881 602; x_wconf 87' lang='lat' dir='ltr'><strong>fuerit,</strong></span> <span class='ocrx_word' id='word_1_124' title='bbox 2943 554 3164 608; x_wconf 85' lang='lat' dir='ltr'><strong>gravem</strong></span> <span class='ocrx_word' id='word_1_125' title='bbox 3201 525 3350 596; x_wconf 87' lang='lat' dir='ltr'><strong>illam</strong></span> <span class='ocrx_word' id='word_1_126' title='bbox 3402 547 3507 600; x_wconf 90' lang='lat' dir='ltr'><strong>coli</strong></span> 
     </span>
    </p>
   </div>
   <div class='ocr_carea' id='block_1_20' title="bbox 1941 627 3510 698">
    <p class='ocr_par' dir='ltr' id='par_1_20' title="bbox 1941 627 3510 698">
     <span class='ocr_line' id='line_1_20' title="bbox 1941 627 3510 698; baseline 0.007 -19"><span class='ocrx_word' id='word_1_127' title='bbox 1941 627 2221 695; x_wconf 89' lang='lat' dir='ltr'><strong>periodum</strong></span> <span class='ocrx_word' id='word_1_128' title='bbox 2273 627 2332 680; x_wconf 88' lang='lat' dir='ltr'><strong>in</strong></span> <span class='ocrx_word' id='word_1_129' title='bbox 2375 627 2553 696; x_wconf 86' lang='lat' dir='ltr'><strong>ipsius</strong></span> <span class='ocrx_word' id='word_1_130' title='bbox 2593 628 2838 682; x_wconf 75' lang='lat' dir='ltr'><strong>auctoris</strong></span> <span class='ocrx_word' id='word_1_131' title='bbox 2869 638 3031 698; x_wconf 88' lang='lat' dir='ltr'><strong>caput</strong></span> <span class='ocrx_word' id='word_1_132' title='bbox 3065 645 3094 682; x_wconf 90' lang='lat' dir='ltr'><strong>a</strong></span> <span class='ocrx_word' id='word_1_133' title='bbox 3127 630 3290 686; x_wconf 89' lang='lat' dir='ltr'><strong>nobis</strong></span> <span class='ocrx_word' id='word_1_134' title='bbox 3332 642 3510 690; x_wconf 80' lang='lat' dir='ltr'><strong>retor-</strong></span> 
     </span>
    </p>
   </div>
   <div class='ocr_carea' id='block_1_21' title="bbox 1939 717 3509 794">
    <p class='ocr_par' dir='ltr' id='par_1_21' title="bbox 1939 717 3509 794">
     <span class='ocr_line' id='line_1_21' title="bbox 1939 717 3509 794; baseline 0.006 -22"><span class='ocrx_word' id='word_1_135' title='bbox 1939 718 2114 787; x_wconf 85' lang='lat' dir='ltr'><strong>queri.</strong></span> <span class='ocrx_word' id='word_1_136' title='bbox 2144 717 2294 771; x_wconf 83' lang='lat' dir='ltr'><strong>Talia</strong></span> <span class='ocrx_word' id='word_1_137' title='bbox 2342 719 2486 772; x_wconf 90' lang='lat' dir='ltr'><strong>enim</strong></span> <span class='ocrx_word' id='word_1_138' title='bbox 2521 719 2657 773; x_wconf 86' lang='lat' dir='ltr'><strong>tales</strong></span> <span class='ocrx_word' id='word_1_139' title='bbox 2697 719 2921 774; x_wconf 87' lang='lat' dir='ltr'><strong>omnino</strong></span> <span class='ocrx_word' id='word_1_140' title='bbox 2952 720 3166 784; x_wconf 89' lang='lat' dir='ltr'><strong>decent,</strong></span> <span class='ocrx_word' id='word_1_141' title='bbox 3218 717 3345 793; x_wconf 84' lang='lat' dir='ltr'><strong>quia</strong></span> <span class='ocrx_word' id='word_1_142' title='bbox 3385 725 3509 794; x_wconf 88' lang='lat' dir='ltr'><strong>plus</strong></span> 
     </span>
    </p>
   </div>
   <div class='ocr_carea' id='block_1_22' title="bbox 1940 807 3508 878">
    <p class='ocr_par' dir='ltr' id='par_1_22' title="bbox 1940 807 3508 878">
     <span class='ocr_line' id='line_1_22' title="bbox 1940 807 3508 878; baseline 0.006 -18"><span class='ocrx_word' id='word_1_143' title='bbox 1940 807 2241 878; x_wconf 88' lang='lat' dir='ltr'><strong>adjumenti</strong></span> <span class='ocrx_word' id='word_1_144' title='bbox 2272 809 2340 864; x_wconf 86' lang='lat' dir='ltr'><strong>ad</strong></span> <span class='ocrx_word' id='word_1_145' title='bbox 2373 809 2544 865; x_wconf 87' lang='lat' dir='ltr'><strong>sobrii</strong></span> <span class='ocrx_word' id='word_1_146' title='bbox 2577 809 2818 864; x_wconf 89' lang='lat' dir='ltr'><strong>hominis</strong></span> <span class='ocrx_word' id='word_1_147' title='bbox 2865 809 3327 867; x_wconf 76' lang='lat' dir='ltr'><strong>existimationem</strong></span> <span class='ocrx_word' id='word_1_148' title='bbox 3363 829 3508 869; x_wconf 85' lang='lat' dir='ltr'><strong>com-</strong></span> 
     </span>
    </p>
   </div>
   <div class='ocr_carea' id='block_1_23' title="bbox 1909 899 3508 971">
    <p class='ocr_par' dir='ltr' id='par_1_23' title="bbox 1909 899 3508 971">
     <span class='ocr_line' id='line_1_23' title="bbox 1909 899 3508 971; baseline 0.004 -19"><span class='ocrx_word' id='word_1_149' title='bbox 1909 899 2240 969; x_wconf 62' lang='lat' dir='ltr'><strong>tparandam</strong></span> <span class='ocrx_word' id='word_1_150' title='bbox 2271 899 2576 964; x_wconf 83' lang='lat' dir='ltr'><strong>habuisset,</strong></span> <span class='ocrx_word' id='word_1_151' title='bbox 2607 901 2654 956; x_wconf 89' lang='lat' dir='ltr'><strong>si</strong></span> <span class='ocrx_word' id='word_1_152' title='bbox 2694 901 2856 971; x_wconf 88' lang='lat' dir='ltr'><strong>pleno</strong></span> <span class='ocrx_word' id='word_1_153' title='bbox 2874 901 3096 957; x_wconf 88' lang='lat' dir='ltr'><strong>silentio</strong></span> <span class='ocrx_word' id='word_1_154' title='bbox 3132 903 3238 957; x_wconf 90' lang='lat' dir='ltr'><strong>sibi</strong></span> <span class='ocrx_word' id='word_1_155' title='bbox 3284 907 3508 961; x_wconf 88' lang='lat' dir='ltr'><strong>consul-</strong></span> 
     </span>
    </p>
   </div>
   <div class='ocr_carea' id='block_1_24' title="bbox 1941 990 3504 1068">
    <p class='ocr_par' dir='ltr' id='par_1_24' title="bbox 1941 990 3504 1068">
     <span class='ocr_line' id='line_1_24' title="bbox 1941 990 3504 1068; baseline 0.005 -25"><span class='ocrx_word' id='word_1_156' title='bbox 1941 998 2056 1043; x_wconf 92' lang='lat' dir='ltr'><strong>tum</strong></span> <span class='ocrx_word' id='word_1_157' title='bbox 2082 990 2289 1046; x_wconf 87' lang='lat' dir='ltr'><strong>ivissct.</strong></span> <span class='ocrx_word' id='word_1_158' title='bbox 2316 991 2416 1046; x_wconf 89' lang='lat' dir='ltr'><strong>Cui</strong></span> <span class='ocrx_word' id='word_1_159' title='bbox 2471 994 2620 1068; x_wconf 82' lang='lat' dir='ltr'><strong>enim</strong></span> <span class='ocrx_word' id='word_1_160' title='bbox 2639 993 2930 1047; x_wconf 87' lang='lat' dir='ltr'><strong>verborum</strong></span> <span class='ocrx_word' id='word_1_161' title='bbox 2963 992 3167 1049; x_wconf 86' lang='lat' dir='ltr'><strong>additio</strong></span> <span class='ocrx_word' id='word_1_162' title='bbox 3201 992 3413 1051; x_wconf 79' lang='lat' dir='ltr'><strong>confert</strong></span> <span class='ocrx_word' id='word_1_163' title='bbox 3438 997 3504 1051; x_wconf 91' lang='lat' dir='ltr'><strong>ad</strong></span> 
     </span>
    </p>
   </div>
   <div class='ocr_carea' id='block_1_25' title="bbox 1939 1080 3503 1158">
    <p class='ocr_par' dir='ltr' id='par_1_25' title="bbox 1939 1080 3503 1158">
     <span class='ocr_line' id='line_1_25' title="bbox 1939 1080 3503 1158; baseline 0.005 -24"><span class='ocrx_word' id='word_1_164' title='bbox 1939 1080 2410 1150; x_wconf 59' lang='lat' dir='ltr'><strong>blasphemiamvel</strong></span> <span class='ocrx_word' id='word_1_165' title='bbox 2455 1083 2636 1152; x_wconf 87' lang='lat' dir='ltr'><strong>potius</strong></span> <span class='ocrx_word' id='word_1_166' title='bbox 2667 1084 2735 1140; x_wconf 85' lang='lat' dir='ltr'><strong>ad</strong></span> <span class='ocrx_word' id='word_1_167' title='bbox 2774 1091 3045 1158; x_wconf 50' lang='lat' dir='ltr'><strong>extremae.</strong></span> <span class='ocrx_word' id='word_1_168' title='bbox 3078 1085 3373 1142; x_wconf 66' lang='lat' dir='ltr'><strong>dementiae</strong></span> <span class='ocrx_word' id='word_1_169' title='bbox 3402 1087 3503 1142; x_wconf 88' lang='lat' dir='ltr'><strong>ad-</strong></span> 
     </span>
    </p>
   </div>
   <div class='ocr_carea' id='block_1_26' title="bbox 1939 1172 3501 1240">
    <p class='ocr_par' dir='ltr' id='par_1_26' title="bbox 1939 1172 3501 1240">
     <span class='ocr_line' id='line_1_26' title="bbox 1939 1172 3501 1240; baseline 0.004 -14"><span class='ocrx_word' id='word_1_170' title='bbox 1939 1172 2219 1236; x_wconf 89' lang='lat' dir='ltr'><strong>ditionem,</strong></span> <span class='ocrx_word' id='word_1_171' title='bbox 2249 1173 2374 1228; x_wconf 89' lang='lat' dir='ltr'><strong>huic</strong></span> <span class='ocrx_word' id='word_1_172' title='bbox 2413 1188 2522 1228; x_wconf 92' lang='lat' dir='ltr'><strong>non</strong></span> <span class='ocrx_word' id='word_1_173' title='bbox 2551 1175 2726 1230; x_wconf 88' lang='lat' dir='ltr'><strong>solum</strong></span> <span class='ocrx_word' id='word_1_174' title='bbox 2769 1175 2936 1231; x_wconf 89' lang='lat' dir='ltr'><strong>silere</strong></span> <span class='ocrx_word' id='word_1_175' title='bbox 2967 1176 3168 1240; x_wconf 88' lang='lat' dir='ltr'><strong>media,</strong></span> <span class='ocrx_word' id='word_1_176' title='bbox 3223 1179 3318 1234; x_wconf 88' lang='lat' dir='ltr'><strong>sed</strong></span> <span class='ocrx_word' id='word_1_177' title='bbox 3350 1181 3501 1234; x_wconf 89' lang='lat' dir='ltr'><strong>omni</strong></span> 
     </span>
    </p>
   </div>
   <div class='ocr_carea' id='block_1_27' title="bbox 1939 1259 2974 1334">
    <p class='ocr_par' dir='ltr' id='par_1_27' title="bbox 1939 1259 2974 1334">
     <span class='ocr_line' id='line_1_27' title="bbox 1939 1259 2974 1334; baseline 0.004 -20"><span class='ocrx_word' id='word_1_178' title='bbox 1939 1274 2003 1314; x_wconf 78' lang='lat' dir='ltr'><strong>ex</strong></span> <span class='ocrx_word' id='word_1_179' title='bbox 2040 1269 2192 1328; x_wconf 89' lang='lat' dir='ltr'><strong>parte</strong></span> <span class='ocrx_word' id='word_1_180' title='bbox 2217 1269 2301 1315; x_wconf 91' lang='lat' dir='ltr'><strong>est</strong></span> <span class='ocrx_word' id='word_1_181' title='bbox 2334 1259 2571 1326; x_wconf 80' lang='lat' dir='ltr'><strong>facilius,</strong></span> <span class='ocrx_word' id='word_1_182' title='bbox 2604 1279 2769 1334; x_wconf 87' lang='lat' dir='ltr'><strong>quam</strong></span> <span class='ocrx_word' id='word_1_183' title='bbox 2801 1265 2974 1333; x_wconf 90' lang='lat' dir='ltr'><strong>loqui.</strong></span> 
     </span>
    </p>
   </div>
   <div class='ocr_carea' id='block_1_28' title="bbox 2009 1349 3508 1425">
    <p class='ocr_par' dir='ltr' id='par_1_28' title="bbox 2009 1349 3508 1425">
     <span class='ocr_line' id='line_1_28' title="bbox 2009 1349 3508 1425; baseline 0.007 -23"><span class='ocrx_word' id='word_1_184' title='bbox 2009 1349 2172 1406; x_wconf 86' lang='lat' dir='ltr'><strong>Forte</strong></span> <span class='ocrx_word' id='word_1_185' title='bbox 2205 1351 2478 1421; x_wconf 84' lang='lat' dir='ltr'><strong>quispiam</strong></span> <span class='ocrx_word' id='word_1_186' title='bbox 2516 1353 2690 1424; x_wconf 85' lang='lat' dir='ltr'><strong>magis</strong></span> <span class='ocrx_word' id='word_1_187' title='bbox 2719 1354 2786 1408; x_wconf 86' lang='lat' dir='ltr'><strong>ab</strong></span> <span class='ocrx_word' id='word_1_188' title='bbox 2820 1355 2939 1425; x_wconf 91' lang='lat' dir='ltr'><strong>ipso</strong></span> <span class='ocrx_word' id='word_1_189' title='bbox 2986 1353 3252 1411; x_wconf 85' lang='lat' dir='ltr'><strong>Eunomio</strong></span> <span class='ocrx_word' id='word_1_190' title='bbox 3291 1357 3508 1414; x_wconf 86' lang='lat' dir='ltr'><strong>desum-</strong></span> 
     </span>
    </p>
   </div>
   <div class='ocr_carea' id='block_1_29' title="bbox 1939 1442 3506 1519">
    <p class='ocr_par' dir='ltr' id='par_1_29' title="bbox 1939 1442 3506 1519">
     <span class='ocr_line' id='line_1_29' title="bbox 1939 1442 3506 1519; baseline 0.006 -24"><span class='ocrx_word' id='word_1_191' title='bbox 1939 1442 2045 1510; x_wconf 87' lang='lat' dir='ltr'><strong>ptis</strong></span> <span class='ocrx_word' id='word_1_192' title='bbox 2067 1443 2331 1511; x_wconf 79' lang='lat' dir='ltr'><strong>exemplis</strong></span> <span class='ocrx_word' id='word_1_193' title='bbox 2364 1443 2431 1497; x_wconf 90' lang='lat' dir='ltr'><strong>ad</strong></span> <span class='ocrx_word' id='word_1_194' title='bbox 2464 1444 2750 1500; x_wconf 87' lang='lat' dir='ltr'><strong>veritatem</strong></span> <span class='ocrx_word' id='word_1_195' title='bbox 2791 1446 3227 1514; x_wconf 86' lang='lat' dir='ltr'><strong>amplectendam</strong></span> <span class='ocrx_word' id='word_1_196' title='bbox 3284 1465 3506 1519; x_wconf 85' lang='lat' dir='ltr'><strong>promo-</strong></span> 
     </span>
    </p>
   </div>
   <div class='ocr_carea' id='block_1_30' title="bbox 1938 1534 3503 1612">
    <p class='ocr_par' dir='ltr' id='par_1_30' title="bbox 1938 1534 3503 1612">
     <span class='ocr_line' id='line_1_30' title="bbox 1938 1534 3503 1612; baseline 0.005 -25"><span class='ocrx_word' id='word_1_197' title='bbox 1938 1534 2168 1588; x_wconf 84' lang='lat' dir='ltr'><strong>vebitur.</strong></span> <span class='ocrx_word' id='word_1_198' title='bbox 2200 1534 2388 1605; x_wconf 86' lang='lat' dir='ltr'><strong>Itaque</strong></span> <span class='ocrx_word' id='word_1_199' title='bbox 2421 1536 2625 1592; x_wconf 86' lang='lat' dir='ltr'><strong>relictis</strong></span> <span class='ocrx_word' id='word_1_200' title='bbox 2661 1537 2887 1593; x_wconf 88' lang='lat' dir='ltr'><strong>tumidis</strong></span> <span class='ocrx_word' id='word_1_201' title='bbox 2945 1544 3000 1593; x_wconf 88' lang='lat' dir='ltr'><strong>et</strong></span> <span class='ocrx_word' id='word_1_202' title='bbox 3033 1541 3300 1596; x_wconf 90' lang='lat' dir='ltr'><strong>tortuosis</strong></span> <span class='ocrx_word' id='word_1_203' title='bbox 3331 1541 3503 1612; x_wconf 82' lang='lat' dir='ltr'><strong>syllo-</strong></span> 
     </span>
    </p>
   </div>
   <div class='ocr_carea' id='block_1_31' title="bbox 1937 1624 3502 1700">
    <p class='ocr_par' dir='ltr' id='par_1_31' title="bbox 1937 1624 3502 1700">
     <span class='ocr_line' id='line_1_31' title="bbox 1937 1624 3502 1700; baseline 0.004 -21"><span class='ocrx_word' id='word_1_204' title='bbox 1937 1624 2230 1695; x_wconf 87' lang='lat' dir='ltr'><strong>gismorum</strong></span> <span class='ocrx_word' id='word_1_205' title='bbox 2262 1628 2512 1692; x_wconf 78' lang='lat' dir='ltr'><strong>nexibus,</strong></span> <span class='ocrx_word' id='word_1_206' title='bbox 2543 1629 2815 1700; x_wconf 74' lang='lat' dir='ltr'><strong>pinguiori</strong></span> <span class='ocrx_word' id='word_1_207' title='bbox 2843 1629 3107 1696; x_wconf 79' lang='lat' dir='ltr'><strong>Minerva,</strong></span> <span class='ocrx_word' id='word_1_208' title='bbox 3137 1646 3203 1686; x_wconf 90' lang='lat' dir='ltr'><strong>ex</strong></span> <span class='ocrx_word' id='word_1_209' title='bbox 3223 1634 3502 1687; x_wconf 91' lang='lat' dir='ltr'><strong>communi</strong></span> 
     </span>
    </p>
   </div>
   <div class='ocr_carea' id='block_1_32' title="bbox 1938 1715 3505 1790">
    <p class='ocr_par' dir='ltr' id='par_1_32' title="bbox 1938 1715 3505 1790">
     <span class='ocr_line' id='line_1_32' title="bbox 1938 1715 3505 1790; baseline 0.003 -20"><span class='ocrx_word' id='word_1_210' title='bbox 1938 1731 2124 1778; x_wconf 91' lang='lat' dir='ltr'><strong>sensu,</strong></span> <span class='ocrx_word' id='word_1_211' title='bbox 2154 1715 2222 1772; x_wconf 90' lang='lat' dir='ltr'><strong>de</strong></span> <span class='ocrx_word' id='word_1_212' title='bbox 2258 1720 2542 1788; x_wconf 88' lang='lat' dir='ltr'><strong>proposito</strong></span> <span class='ocrx_word' id='word_1_213' title='bbox 2574 1727 2897 1790; x_wconf 87' lang='lat' dir='ltr'><strong>argumento</strong></span> <span class='ocrx_word' id='word_1_214' title='bbox 2932 1721 3293 1777; x_wconf 85' lang='lat' dir='ltr'><strong>disseramus.</strong></span> <span class='ocrx_word' id='word_1_215' title='bbox 3342 1721 3505 1778; x_wconf 83' lang='lat' dir='ltr'><strong>Pater</strong></span> 
     </span>
    </p>
   </div>
   <div class='ocr_carea' id='block_1_33' title="bbox 262 1802 1831 1884">
    <p class='ocr_par' dir='ltr' id='par_1_33' title="bbox 262 1802 1831 1879">
     <span class='ocr_line' id='line_1_33' title="bbox 262 1802 1831 1879; baseline 0.003 -23"><span class='ocrx_word' id='word_1_216' title='bbox 262 1806 434 1874; x_wconf 75' lang='grc' dir='ltr'>νόμιε,</span> <span class='ocrx_word' id='word_1_217' title='bbox 473 1806 690 1869; x_wconf 80' lang='grc' dir='ltr'>πάντως</span> <span class='ocrx_word' id='word_1_218' title='bbox 717 1805 1001 1878; x_wconf 81' lang='grc' dir='ltr'>ἄνθρωπος</span> <span class='ocrx_word' id='word_1_219' title='bbox 1021 1803 1088 1879; x_wconf 77' lang='grc' dir='ltr'>ἦν</span> <span class='ocrx_word' id='word_1_220' title='bbox 1109 1824 1122 1838; x_wconf 89' lang='grc'><strong>·</strong></span> <span class='ocrx_word' id='word_1_221' title='bbox 1155 1808 1269 1862; x_wconf 83' lang='grc' dir='ltr'>ἀλλ’</span> <span class='ocrx_word' id='word_1_222' title='bbox 1308 1811 1337 1862; x_wconf 82' lang='grc' dir='ltr'>ὁ</span> <span class='ocrx_word' id='word_1_223' title='bbox 1369 1807 1531 1871; x_wconf 77' lang='grc' dir='ltr'>αὐτὸς</span> <span class='ocrx_word' id='word_1_224' title='bbox 1557 1802 1710 1872; x_wconf 75' lang='grc' dir='ltr'>οὗτος</span> <span class='ocrx_word' id='word_1_225' title='bbox 1741 1809 1831 1863; x_wconf 68' lang='grc' dir='ltr'><strong>καὶ</strong></span> 
     </span>
    </p>
   </div>
   <div class='ocr_carea' id='block_1_34' title="bbox 1933 1802 3504 1884">
    <p class='ocr_par' dir='ltr' id='par_1_34' title="bbox 1936 1807 3504 1884">
     <span class='ocr_line' id='line_1_34' title="bbox 1936 1807 3504 1884; baseline 0.004 -24"><span class='ocrx_word' id='word_1_226' title='bbox 1936 1815 2085 1874; x_wconf 92' lang='lat' dir='ltr'><strong>tuus,</strong></span> <span class='ocrx_word' id='word_1_227' title='bbox 2119 1807 2372 1874; x_wconf 86' lang='lat' dir='ltr'><strong>Eunomi,</strong></span> <span class='ocrx_word' id='word_1_228' title='bbox 2400 1809 2626 1865; x_wconf 86' lang='lat' dir='ltr'><strong>omnino</strong></span> <span class='ocrx_word' id='word_1_229' title='bbox 2654 1810 2820 1866; x_wconf 88' lang='lat' dir='ltr'><strong>homo</strong></span> <span class='ocrx_word' id='word_1_230' title='bbox 2845 1819 2964 1866; x_wconf 88' lang='lat' dir='ltr'><strong>erat</strong></span> <span class='ocrx_word' id='word_1_231' title='bbox 2989 1830 3004 1879; x_wconf 92' lang='lat'>;</span> <span class='ocrx_word' id='word_1_232' title='bbox 3035 1820 3089 1866; x_wconf 90' lang='lat' dir='ltr'><strong>at</strong></span> <span class='ocrx_word' id='word_1_233' title='bbox 3118 1813 3210 1869; x_wconf 88' lang='lat' dir='ltr'><strong>ille</strong></span> <span class='ocrx_word' id='word_1_234' title='bbox 3248 1814 3371 1884; x_wconf 89' lang='lat' dir='ltr'><strong>ipse</strong></span> <span class='ocrx_word' id='word_1_235' title='bbox 3399 1814 3504 1868; x_wconf 87' lang='lat' dir='ltr'><strong>tibi</strong></span> 
     </span>
    </p>
   </div>
   <div class='ocr_carea' id='block_1_35' title="bbox 262 1891 1834 1970">
    <p class='ocr_par' dir='ltr' id='par_1_35' title="bbox 262 1891 1834 1970">
     <span class='ocr_line' id='line_1_35' title="bbox 262 1891 1834 1970; baseline 0.004 -24"><span class='ocrx_word' id='word_1_236' title='bbox 262 1898 341 1946; x_wconf 77' lang='grc' dir='ltr'>σοὶ</span> <span class='ocrx_word' id='word_1_237' title='bbox 378 1894 473 1948; x_wconf 78' lang='grc' dir='ltr'>τοῦ</span> <span class='ocrx_word' id='word_1_238' title='bbox 527 1891 668 1950; x_wconf 81' lang='grc' dir='ltr'>εἶναι</span> <span class='ocrx_word' id='word_1_239' title='bbox 712 1897 936 1965; x_wconf 88' lang='grc' dir='ltr'>γέγονεν</span> <span class='ocrx_word' id='word_1_240' title='bbox 972 1899 1164 1962; x_wconf 76' lang='grc' dir='ltr'>αἴτιος.</span> <span class='ocrx_word' id='word_1_241' title='bbox 1216 1893 1340 1970; x_wconf 70' lang='lat' dir='ltr'><strong>&#39;Ap‘</strong></span> <span class='ocrx_word' id='word_1_242' title='bbox 1373 1894 1468 1952; x_wconf 79' lang='grc' dir='ltr'><strong>οὖν</strong></span> <span class='ocrx_word' id='word_1_243' title='bbox 1511 1899 1726 1970; x_wconf 80' lang='grc' dir='ltr'><strong>ἐχρήσω</strong></span> <span class='ocrx_word' id='word_1_244' title='bbox 1756 1897 1834 1968; x_wconf 85' lang='grc' dir='ltr'>τῷ</span> 
     </span>
    </p>
   </div>
   <div class='ocr_carea' id='block_1_36' title="bbox 262 1985 1834 2058">
    <p class='ocr_par' dir='ltr' id='par_1_36' title="bbox 262 1985 1834 2058">
     <span class='ocr_line' id='line_1_36' title="bbox 262 1985 1834 2058; baseline 0.003 -22"><span class='ocrx_word' id='word_1_245' title='bbox 262 1986 410 2056; x_wconf 62' lang='grc' dir='ltr'>σοφῷ</span> <span class='ocrx_word' id='word_1_246' title='bbox 439 1985 650 2056; x_wconf 85' lang='grc' dir='ltr'>τούτῳ,</span> <span class='ocrx_word' id='word_1_247' title='bbox 695 1989 792 2042; x_wconf 73' lang='grc' dir='ltr'><strong>καὶ</strong></span> <span class='ocrx_word' id='word_1_248' title='bbox 830 1987 916 2041; x_wconf 77' lang='grc' dir='ltr'><strong>ἐπ’</strong></span> <span class='ocrx_word' id='word_1_249' title='bbox 949 1987 1178 2054; x_wconf 78' lang='grc' dir='ltr'>ἐκείνου,</span> <span class='ocrx_word' id='word_1_250' title='bbox 1209 1987 1346 2042; x_wconf 82' lang='grc' dir='ltr'>ὥστε</span> <span class='ocrx_word' id='word_1_251' title='bbox 1379 1989 1470 2042; x_wconf 85' lang='grc' dir='ltr'><strong>τὸν</strong></span> <span class='ocrx_word' id='word_1_252' title='bbox 1499 1988 1710 2058; x_wconf 82' lang='grc' dir='ltr'>πατέρα</span> <span class='ocrx_word' id='word_1_253' title='bbox 1740 1987 1834 2041; x_wconf 81' lang='grc' dir='ltr'><strong>τὸν</strong></span> 
     </span>
    </p>
   </div>
   <div class='ocr_carea' id='block_1_37' title="bbox 257 2079 1832 2154">
    <p class='ocr_par' dir='ltr' id='par_1_37' title="bbox 257 2079 1832 2154">
     <span class='ocr_line' id='line_1_37' title="bbox 257 2079 1832 2154; baseline 0.003 -23"><span class='ocrx_word' id='word_1_254' title='bbox 257 2079 379 2143; x_wconf 82' lang='grc' dir='ltr'>σὺν,</span> <span class='ocrx_word' id='word_1_255' title='bbox 412 2082 461 2133; x_wconf 80' lang='grc' dir='ltr'><strong>εί</strong></span> <span class='ocrx_word' id='word_1_256' title='bbox 499 2081 591 2133; x_wconf 84' lang='grc' dir='ltr'><strong>τὸν</strong></span> <span class='ocrx_word' id='word_1_257' title='bbox 622 2081 720 2152; x_wconf 85' lang='grc' dir='ltr'>τῆς</span> <span class='ocrx_word' id='word_1_258' title='bbox 759 2081 973 2152; x_wconf 83' lang='grc' dir='ltr'>φύσεως</span> <span class='ocrx_word' id='word_1_259' title='bbox 1002 2083 1228 2154; x_wconf 84' lang='grc' dir='ltr'>ὁρισμὸν</span> <span class='ocrx_word' id='word_1_260' title='bbox 1258 2083 1493 2153; x_wconf 87' lang='grc' dir='ltr'>δέχοιτο,</span> <span class='ocrx_word' id='word_1_261' title='bbox 1531 2083 1620 2137; x_wconf 74' lang='grc' dir='ltr'>διὰ</span> <span class='ocrx_word' id='word_1_262' title='bbox 1643 2083 1705 2136; x_wconf 83' lang='grc' dir='ltr'><strong>τὸ</strong></span> <span class='ocrx_word' id='word_1_263' title='bbox 1738 2083 1832 2136; x_wconf 80' lang='grc' dir='ltr'><strong>ἄν·</strong></span> 
     </span>
    </p>
   </div>
   <div class='ocr_carea' id='block_1_38' title="bbox 256 2169 1833 2247">
    <p class='ocr_par' dir='ltr' id='par_1_38' title="bbox 256 2169 1833 2247">
     <span class='ocr_line' id='line_1_38' title="bbox 256 2169 1833 2247; baseline 0.003 -24"><span class='ocrx_word' id='word_1_264' title='bbox 256 2171 474 2242; x_wconf 84' lang='grc' dir='ltr'>θρωπος</span> <span class='ocrx_word' id='word_1_265' title='bbox 502 2169 672 2239; x_wconf 81' lang='grc' dir='ltr'>εἶναι,</span> <span class='ocrx_word' id='word_1_266' title='bbox 712 2175 910 2244; x_wconf 82' lang='grc' dir='ltr'><strong>μηκέτι</strong></span> <span class='ocrx_word' id='word_1_267' title='bbox 956 2175 1212 2230; x_wconf 90' lang='grc' dir='ltr'>δύνασθαι</span> <span class='ocrx_word' id='word_1_268' title='bbox 1246 2175 1344 2247; x_wconf 80' lang='grc' dir='ltr'>τὴν</span> <span class='ocrx_word' id='word_1_269' title='bbox 1391 2176 1525 2246; x_wconf 80' lang='grc' dir='ltr'>πρὸς</span> <span class='ocrx_word' id='word_1_270' title='bbox 1558 2175 1619 2228; x_wconf 83' lang='grc' dir='ltr'>σὲ</span> <span class='ocrx_word' id='word_1_271' title='bbox 1650 2175 1833 2245; x_wconf 81' lang='grc' dir='ltr'>σχέσιν</span> 
     </span>
    </p>
   </div>
   <div class='ocr_carea' id='block_1_39' title="bbox 252 2259 1829 2338">
    <p class='ocr_par' dir='ltr' id='par_1_39' title="bbox 252 2259 1829 2338">
     <span class='ocr_line' id='line_1_39' title="bbox 252 2259 1829 2338; baseline 0.002 -22"><span class='ocrx_word' id='word_1_272' title='bbox 252 2259 660 2335; x_wconf 71' lang='grc' dir='ltr'>ἀποσημαίνειν</span> <span class='ocrx_word' id='word_1_273' title='bbox 679 2283 693 2330; x_wconf 90' lang='lat'><strong>;</strong></span> <span class='ocrx_word' id='word_1_274' title='bbox 714 2268 759 2319; x_wconf 86' lang='grc' dir='ltr'><strong>Χ</strong></span> <span class='ocrx_word' id='word_1_275' title='bbox 767 2268 926 2338; x_wconf 82' lang='grc' dir='ltr'>ρῆναι</span> <span class='ocrx_word' id='word_1_276' title='bbox 948 2267 1056 2338; x_wconf 80' lang='grc' dir='ltr'>γὰρ</span> <span class='ocrx_word' id='word_1_277' title='bbox 1076 2269 1293 2332; x_wconf 86' lang='grc' dir='ltr'>πάντως</span> <span class='ocrx_word' id='word_1_278' title='bbox 1307 2268 1415 2322; x_wconf 85' lang='grc' dir='ltr'>τῶν</span> <span class='ocrx_word' id='word_1_279' title='bbox 1435 2268 1528 2321; x_wconf 89' lang='grc' dir='ltr'><strong>δύο</strong></span> <span class='ocrx_word' id='word_1_280' title='bbox 1549 2268 1608 2322; x_wconf 82' lang='grc' dir='ltr'>τὺ</span> <span class='ocrx_word' id='word_1_281' title='bbox 1623 2267 1709 2320; x_wconf 78' lang='grc' dir='ltr'>ἓτε</span> <span class='ocrx_word' id='word_1_282' title='bbox 1717 2284 1829 2338; x_wconf 90' lang='grc' dir='ltr'>ρον,</span> 
     </span>
    </p>
   </div>
   <div class='ocr_carea' id='block_1_40' title="bbox 250 2352 1832 2431">
    <p class='ocr_par' dir='ltr' id='par_1_40' title="bbox 250 2352 1832 2431">
     <span class='ocr_line' id='line_1_40' title="bbox 250 2352 1832 2431; baseline -0.002 -18"><span class='ocrx_word' id='word_1_283' title='bbox 250 2355 287 2424; x_wconf 69' lang='grc' dir='ltr'><strong>ἢ</strong></span> <span class='ocrx_word' id='word_1_284' title='bbox 317 2355 608 2426; x_wconf 77' lang='grc' dir='ltr'>ἄνθρωπον</span> <span class='ocrx_word' id='word_1_285' title='bbox 632 2352 791 2422; x_wconf 71' lang='grc' dir='ltr'>εἶναι,</span> <span class='ocrx_word' id='word_1_286' title='bbox 831 2359 864 2430; x_wconf 79' lang='grc' dir='ltr'>ἢ</span> <span class='ocrx_word' id='word_1_287' title='bbox 899 2360 1161 2431; x_wconf 87' lang='grc' dir='ltr'>Εύνομίου</span> <span class='ocrx_word' id='word_1_288' title='bbox 1187 2360 1418 2431; x_wconf 81' lang='grc' dir='ltr'>πατέρα.</span> <span class='ocrx_word' id='word_1_289' title='bbox 1452 2355 1584 2413; x_wconf 75' lang='grc' dir='ltr'><strong>Εἶτα</strong></span> <span class='ocrx_word' id='word_1_290' title='bbox 1621 2359 1704 2412; x_wconf 64' lang='grc' dir='ltr'><strong>σο)⁵</strong></span> <span class='ocrx_word' id='word_1_291' title='bbox 1735 2359 1832 2428; x_wconf 85' lang='grc' dir='ltr'>μὲν</span> 
     </span>
    </p>
   </div>
   <div class='ocr_carea' id='block_1_41' title="bbox 251 2448 1833 2522">
    <p class='ocr_par' dir='ltr' id='par_1_41' title="bbox 251 2448 1833 2522">
     <span class='ocr_line' id='line_1_41' title="bbox 251 2448 1833 2522; baseline 0.001 -22"><span class='ocrx_word' id='word_1_292' title='bbox 251 2449 352 2500; x_wconf 81' lang='grc' dir='ltr'><strong>οὐκ</strong></span> <span class='ocrx_word' id='word_1_293' title='bbox 379 2448 560 2512; x_wconf 79' lang='grc' dir='ltr'>ἔξεστι</span> <span class='ocrx_word' id='word_1_294' title='bbox 597 2450 673 2521; x_wconf 82' lang='grc' dir='ltr'>μὴ</span> <span class='ocrx_word' id='word_1_295' title='bbox 708 2451 848 2505; x_wconf 87' lang='grc' dir='ltr'><strong>κατὰ</strong></span> <span class='ocrx_word' id='word_1_296' title='bbox 892 2451 952 2504; x_wconf 82' lang='grc' dir='ltr'><strong>τὸ</strong></span> <span class='ocrx_word' id='word_1_297' title='bbox 996 2453 1192 2506; x_wconf 68' lang='grc' dir='ltr'>οἰκεῖον</span> <span class='ocrx_word' id='word_1_298' title='bbox 1221 2452 1318 2522; x_wconf 84' lang='grc' dir='ltr'>τῆς</span> <span class='ocrx_word' id='word_1_299' title='bbox 1359 2450 1633 2522; x_wconf 84' lang='grc' dir='ltr'>σημασίας</span> <span class='ocrx_word' id='word_1_300' title='bbox 1666 2465 1833 2520; x_wconf 86' lang='grc' dir='ltr'>προσ-</span> 
     </span>
    </p>
   </div>
   <div class='ocr_carea' id='block_1_42' title="bbox 255 2537 1832 2611">
    <p class='ocr_par' dir='ltr' id='par_1_42' title="bbox 255 2537 1832 2611">
     <span class='ocr_line' id='line_1_42' title="bbox 255 2537 1832 2611; baseline -0.001 -20"><span class='ocrx_word' id='word_1_301' title='bbox 255 2539 518 2610; x_wconf 75' lang='grc' dir='ltr'>φέρεσθαι</span> <span class='ocrx_word' id='word_1_302' title='bbox 551 2539 621 2592; x_wconf 79' lang='grc' dir='ltr'>τὰ</span> <span class='ocrx_word' id='word_1_303' title='bbox 643 2540 750 2593; x_wconf 85' lang='grc' dir='ltr'>τῶν</span> <span class='ocrx_word' id='word_1_304' title='bbox 775 2539 990 2594; x_wconf 77' lang='grc' dir='ltr'>οἰκείων</span> <span class='ocrx_word' id='word_1_305' title='bbox 1014 2540 1272 2611; x_wconf 84' lang='grc' dir='ltr'>ὀνόματα.</span> <span class='ocrx_word' id='word_1_306' title='bbox 1309 2539 1468 2594; x_wconf 86' lang='grc' dir='ltr'>Ἀλλὰ</span> <span class='ocrx_word' id='word_1_307' title='bbox 1496 2539 1600 2594; x_wconf 80' lang='grc' dir='ltr'>κᾶν</span> <span class='ocrx_word' id='word_1_308' title='bbox 1623 2537 1832 2608; x_wconf 77' lang='grc' dir='ltr'>ὕϐρεως</span> 
     </span>
    </p>
   </div>
   <div class='ocr_carea' id='block_1_43' title="bbox 251 2629 1832 2702">
    <p class='ocr_par' dir='ltr' id='par_1_43' title="bbox 251 2629 1832 2702">
     <span class='ocr_line' id='line_1_43' title="bbox 251 2629 1832 2702; baseline -0.001 -20"><span class='ocrx_word' id='word_1_309' title='bbox 251 2630 492 2700; x_wconf 63' lang='grc' dir='ltr'>γρὰψαιό</span> <span class='ocrx_word' id='word_1_310' title='bbox 544 2647 665 2684; x_wconf 89' lang='grc' dir='ltr'>τινα</span> <span class='ocrx_word' id='word_1_311' title='bbox 702 2632 790 2684; x_wconf 73' lang='grc' dir='ltr'>τὸν</span> <span class='ocrx_word' id='word_1_312' title='bbox 832 2631 1196 2702; x_wconf 82' lang='grc' dir='ltr'>χλευαστικῶς</span> <span class='ocrx_word' id='word_1_313' title='bbox 1230 2634 1308 2695; x_wconf 78' lang='grc' dir='ltr'>εἰς</span> <span class='ocrx_word' id='word_1_314' title='bbox 1353 2633 1443 2695; x_wconf 85' lang='grc' dir='ltr'>σὲ,</span> <span class='ocrx_word' id='word_1_315' title='bbox 1475 2631 1562 2685; x_wconf 82' lang='grc' dir='ltr'>διὰ</span> <span class='ocrx_word' id='word_1_316' title='bbox 1592 2630 1692 2699; x_wconf 85' lang='grc' dir='ltr'>τῆς</span> <span class='ocrx_word' id='word_1_317' title='bbox 1721 2629 1832 2682; x_wconf 85' lang='grc' dir='ltr'><strong>τῶν</strong></span> 
     </span>
    </p>
   </div>
   <div class='ocr_carea' id='block_1_44' title="bbox 249 2721 1831 2793">
    <p class='ocr_par' dir='ltr' id='par_1_44' title="bbox 249 2721 1831 2793">
     <span class='ocr_line' id='line_1_44' title="bbox 249 2721 1831 2793; baseline -0.001 -19"><span class='ocrx_word' id='word_1_318' title='bbox 249 2723 537 2792; x_wconf 73' lang='grc' dir='ltr'>ὀνομάτων</span> <span class='ocrx_word' id='word_1_319' title='bbox 567 2723 906 2793; x_wconf 82' lang='grc' dir='ltr'>ύπαλλαγῆς,</span> <span class='ocrx_word' id='word_1_320' title='bbox 941 2723 1310 2787; x_wconf 76' lang='grc' dir='ltr'>διαπαίζοντα.</span> <span class='ocrx_word' id='word_1_321' title='bbox 1338 2724 1399 2777; x_wconf 84' lang='grc' dir='ltr'><strong>ού</strong></span> <span class='ocrx_word' id='word_1_322' title='bbox 1443 2723 1706 2792; x_wconf 83' lang='grc' dir='ltr'>φρίττεις’</span> <span class='ocrx_word' id='word_1_323' title='bbox 1736 2721 1831 2776; x_wconf 81' lang='grc' dir='ltr'>καὶ</span> 
     </span>
    </p>
   </div>
   <div class='ocr_carea' id='block_1_45' title="bbox 248 2805 1833 2885">
    <p class='ocr_par' dir='ltr' id='par_1_45' title="bbox 248 2805 1833 2885">
     <span class='ocr_line' id='line_1_45' title="bbox 248 2805 1833 2885; baseline 0 -19"><span class='ocrx_word' id='word_1_324' title='bbox 248 2815 519 2882; x_wconf 74' lang='grc' dir='ltr'>διατελῶν</span> <span class='ocrx_word' id='word_1_325' title='bbox 551 2815 620 2868; x_wconf 68' lang='grc' dir='ltr'>τὰ</span> <span class='ocrx_word' id='word_1_326' title='bbox 648 2816 890 2885; x_wconf 75' lang='grc' dir='ltr'><strong>δόγματα</strong></span> <span class='ocrx_word' id='word_1_327' title='bbox 921 2814 1026 2869; x_wconf 80' lang='grc' dir='ltr'><strong>τῶν</strong></span> <span class='ocrx_word' id='word_1_328' title='bbox 1055 2815 1388 2885; x_wconf 78' lang='grc' dir='ltr'>μυστηρίων,</span> <span class='ocrx_word' id='word_1_329' title='bbox 1418 2805 1712 2875; x_wconf 82' lang='grc' dir='ltr'>ἀκινδύνως</span> <span class='ocrx_word' id='word_1_330' title='bbox 1739 2830 1833 2882; x_wconf 87' lang='grc' dir='ltr'>γε·</span> 
     </span>
    </p>
   </div>
   <div class='ocr_carea' id='block_1_46' title="bbox 246 2901 1830 2974">
    <p class='ocr_par' dir='ltr' id='par_1_46' title="bbox 246 2901 1830 2974">
     <span class='ocr_line' id='line_1_46' title="bbox 246 2901 1830 2974; baseline 0.001 -22"><span class='ocrx_word' id='word_1_331' title='bbox 246 2901 345 2970; x_wconf 79' lang='grc' dir='ltr'>λᾷς</span> <span class='ocrx_word' id='word_1_332' title='bbox 367 2918 383 2964; x_wconf 89' lang='lat'><strong>;</strong></span> <span class='ocrx_word' id='word_1_333' title='bbox 432 2901 524 2965; x_wconf 83' lang='grc' dir='ltr'>Ὠς</span> <span class='ocrx_word' id='word_1_334' title='bbox 546 2903 653 2972; x_wconf 82' lang='grc' dir='ltr'><strong>γὰρ</strong></span> <span class='ocrx_word' id='word_1_335' title='bbox 675 2905 702 2955; x_wconf 89' lang='grc' dir='ltr'>ὁ</span> <span class='ocrx_word' id='word_1_336' title='bbox 727 2902 815 2965; x_wconf 78' lang='grc' dir='ltr'>σὸς</span> <span class='ocrx_word' id='word_1_337' title='bbox 837 2902 1046 2974; x_wconf 83' lang='grc' dir='ltr'>πατὴρ,</span> <span class='ocrx_word' id='word_1_338' title='bbox 1073 2903 1167 2956; x_wconf 75' lang='grc' dir='ltr'>καὶ</span> <span class='ocrx_word' id='word_1_339' title='bbox 1203 2904 1300 2974; x_wconf 86' lang='grc' dir='ltr'>τὴν</span> <span class='ocrx_word' id='word_1_340' title='bbox 1317 2903 1452 2973; x_wconf 86' lang='grc' dir='ltr'>πρὸς</span> <span class='ocrx_word' id='word_1_341' title='bbox 1477 2903 1536 2955; x_wconf 81' lang='grc' dir='ltr'>σὲ</span> <span class='ocrx_word' id='word_1_342' title='bbox 1562 2903 1830 2956; x_wconf 86' lang='grc' dir='ltr'>δείκνυσιν</span> 
     </span>
    </p>
   </div>
   <div class='ocr_carea' id='block_1_47' title="bbox 244 2989 1830 3063">
    <p class='ocr_par' dir='ltr' id='par_1_47' title="bbox 244 2989 1830 3063">
     <span class='ocr_line' id='line_1_47' title="bbox 244 2989 1830 3063; baseline 0.003 -21"><span class='ocrx_word' id='word_1_343' title='bbox 244 2991 581 3061; x_wconf 73' lang='grc' dir='ltr'>οἰκειότητα,</span> <span class='ocrx_word' id='word_1_344' title='bbox 611 2993 704 3045; x_wconf 81' lang='grc' dir='ltr'>καὶ</span> <span class='ocrx_word' id='word_1_345' title='bbox 741 2992 802 3044; x_wconf 77' lang='grc' dir='ltr'>τὸ</span> <span class='ocrx_word' id='word_1_346' title='bbox 839 2991 1119 3063; x_wconf 75' lang='grc' dir='ltr'>ἄνθρωπος</span> <span class='ocrx_word' id='word_1_347' title='bbox 1157 2989 1296 3046; x_wconf 76' lang='grc' dir='ltr'>εἶναι</span> <span class='ocrx_word' id='word_1_348' title='bbox 1329 2993 1480 3046; x_wconf 77' lang='grc' dir='ltr'>οὐδὲν</span> <span class='ocrx_word' id='word_1_349' title='bbox 1523 2993 1610 3046; x_wconf 80' lang='grc' dir='ltr'>διὰ</span> <span class='ocrx_word' id='word_1_350' title='bbox 1639 2992 1830 3047; x_wconf 79' lang='grc' dir='ltr'>τούτου</span> 
     </span>
    </p>
   </div>
   <div class='ocr_carea' id='block_1_48' title="bbox 247 3077 1829 3151">
    <p class='ocr_par' dir='ltr' id='par_1_48' title="bbox 247 3077 1829 3151">
     <span class='ocr_line' id='line_1_48' title="bbox 247 3077 1829 3151; baseline 0.003 -22"><span class='ocrx_word' id='word_1_351' title='bbox 247 3077 527 3130; x_wconf 80' lang='grc' dir='ltr'>κωλύεται</span> <span class='ocrx_word' id='word_1_352' title='bbox 549 3094 562 3108; x_wconf 69' lang='grc'><strong><em>⁸</em></strong></span> <span class='ocrx_word' id='word_1_353' title='bbox 611 3080 702 3132; x_wconf 75' lang='grc' dir='ltr'>καὶ</span> <span class='ocrx_word' id='word_1_354' title='bbox 749 3080 850 3132; x_wconf 77' lang='grc' dir='ltr'><strong>οὐκ</strong></span> <span class='ocrx_word' id='word_1_355' title='bbox 895 3080 959 3133; x_wconf 86' lang='grc' dir='ltr'>ἄν</span> <span class='ocrx_word' id='word_1_356' title='bbox 997 3097 1081 3144; x_wconf 88' lang='grc' dir='ltr'><strong>τις</strong></span> <span class='ocrx_word' id='word_1_357' title='bbox 1115 3080 1561 3151; x_wconf 68' lang='grc' dir='ltr'>σωφρονούντων,</span> <span class='ocrx_word' id='word_1_358' title='bbox 1588 3081 1708 3135; x_wconf 77' lang='grc' dir='ltr'>ἀντὶ</span> <span class='ocrx_word' id='word_1_359' title='bbox 1735 3081 1829 3134; x_wconf 77' lang='grc' dir='ltr'><strong>τοῦ</strong></span> 
     </span>
    </p>
   </div>
   <div class='ocr_carea' id='block_1_49' title="bbox 249 3170 1828 3243">
    <p class='ocr_par' dir='ltr' id='par_1_49' title="bbox 249 3170 1828 3243">
     <span class='ocr_line' id='line_1_49' title="bbox 249 3170 1828 3243; baseline 0.003 -23"><span class='ocrx_word' id='word_1_360' title='bbox 249 3170 471 3240; x_wconf 82' lang='grc' dir='ltr'>πατέρα</span> <span class='ocrx_word' id='word_1_361' title='bbox 502 3186 595 3222; x_wconf 76' lang='grc' dir='ltr'><strong>σου</strong></span> <span class='ocrx_word' id='word_1_362' title='bbox 626 3173 940 3240; x_wconf 86' lang='grc' dir='ltr'>προσειπεῖν</span> <span class='ocrx_word' id='word_1_363' title='bbox 967 3171 1059 3225; x_wconf 82' lang='grc' dir='ltr'><strong>τὸν</strong></span> <span class='ocrx_word' id='word_1_364' title='bbox 1085 3174 1442 3243; x_wconf 79' lang='grc' dir='ltr'>γεννήσαντα,</span> <span class='ocrx_word' id='word_1_365' title='bbox 1472 3175 1500 3225; x_wconf 86' lang='grc' dir='ltr'>ὁ</span> <span class='ocrx_word' id='word_1_366' title='bbox 1531 3172 1587 3225; x_wconf 84' lang='grc' dir='ltr'>δὲ</span> <span class='ocrx_word' id='word_1_367' title='bbox 1615 3172 1708 3226; x_wconf 81' lang='grc' dir='ltr'>τοῦ</span> <span class='ocrx_word' id='word_1_368' title='bbox 1734 3173 1828 3226; x_wconf 81' lang='grc' dir='ltr'><strong>ἀν-</strong></span> 
     </span>
    </p>
   </div>
   <div class='ocr_carea' id='block_1_50' title="bbox 248 3257 1829 3334">
    <p class='ocr_par' dir='ltr' id='par_1_50' title="bbox 248 3257 1829 3334">
     <span class='ocr_line' id='line_1_50' title="bbox 248 3257 1829 3334; baseline 0.003 -25"><span class='ocrx_word' id='word_1_369' title='bbox 248 3257 476 3329; x_wconf 80' lang='grc' dir='ltr'>θρώπου</span> <span class='ocrx_word' id='word_1_370' title='bbox 530 3259 618 3312; x_wconf 75' lang='grc' dir='ltr'>τὸν</span> <span class='ocrx_word' id='word_1_371' title='bbox 665 3261 890 3332; x_wconf 80' lang='grc' dir='ltr'>ὁρισμὸν</span> <span class='ocrx_word' id='word_1_372' title='bbox 941 3262 1202 3334; x_wconf 80' lang='grc' dir='ltr'>ἀποδοίη·</span> <span class='ocrx_word' id='word_1_373' title='bbox 1267 3262 1300 3334; x_wconf 84' lang='grc' dir='ltr'>ἢ</span> <span class='ocrx_word' id='word_1_374' title='bbox 1353 3262 1514 3316; x_wconf 82' lang='grc' dir='ltr'>πάλιν</span> <span class='ocrx_word' id='word_1_375' title='bbox 1562 3263 1688 3334; x_wconf 72' lang='grc' dir='ltr'>περὶ</span> <span class='ocrx_word' id='word_1_376' title='bbox 1735 3261 1829 3314; x_wconf 80' lang='grc' dir='ltr'>τοῦ</span> 
     </span>
    </p>
   </div>
   <div class='ocr_carea' id='block_1_51' title="bbox 248 3350 1827 3426">
    <p class='ocr_par' dir='ltr' id='par_1_51' title="bbox 248 3350 1827 3426">
     <span class='ocr_line' id='line_1_51' title="bbox 248 3350 1827 3426; baseline 0.004 -24"><span class='ocrx_word' id='word_1_377' title='bbox 248 3350 448 3416; x_wconf 81' lang='grc' dir='ltr'>γένους</span> <span class='ocrx_word' id='word_1_378' title='bbox 497 3351 812 3421; x_wconf 76' lang='grc' dir='ltr'>ἐρωτηθεὶς,</span> <span class='ocrx_word' id='word_1_379' title='bbox 856 3353 948 3406; x_wconf 78' lang='grc' dir='ltr'><strong>καὶ</strong></span> <span class='ocrx_word' id='word_1_380' title='bbox 977 3355 1310 3426; x_wconf 80' lang='grc' dir='ltr'>ὁμολογήσας</span> <span class='ocrx_word' id='word_1_381' title='bbox 1344 3356 1404 3409; x_wconf 83' lang='grc' dir='ltr'><strong>τὸ</strong></span> <span class='ocrx_word' id='word_1_382' title='bbox 1436 3353 1575 3408; x_wconf 78' lang='grc' dir='ltr'>εἶναι</span> <span class='ocrx_word' id='word_1_383' title='bbox 1619 3354 1827 3426; x_wconf 81' lang='grc' dir='ltr'>ἄνθρω-</span> 
     </span>
    </p>
   </div>
   <div class='ocr_carea' id='block_1_52' title="bbox 247 3440 1832 3516">
    <p class='ocr_par' dir='ltr' id='par_1_52' title="bbox 247 3440 1832 3516">
     <span class='ocr_line' id='line_1_52' title="bbox 247 3440 1832 3516; baseline 0.003 -22"><span class='ocrx_word' id='word_1_384' title='bbox 247 3459 373 3505; x_wconf 81' lang='grc' dir='ltr'>πον,</span> <span class='ocrx_word' id='word_1_385' title='bbox 409 3440 718 3495; x_wconf 79' lang='grc' dir='ltr'>κωλύεσθαι</span> <span class='ocrx_word' id='word_1_386' title='bbox 758 3442 924 3511; x_wconf 80' lang='grc' dir='ltr'>λέγοι,</span> <span class='ocrx_word' id='word_1_387' title='bbox 951 3443 1038 3498; x_wconf 81' lang='grc' dir='ltr'>διὰ</span> <span class='ocrx_word' id='word_1_388' title='bbox 1064 3445 1165 3515; x_wconf 81' lang='grc' dir='ltr'><strong>τῆς</strong></span> <span class='ocrx_word' id='word_1_389' title='bbox 1197 3446 1483 3516; x_wconf 87' lang='grc' dir='ltr'>ὁμολογίας</span> <span class='ocrx_word' id='word_1_390' title='bbox 1522 3446 1744 3515; x_wconf 85' lang='grc' dir='ltr'>ταύτης,</span> <span class='ocrx_word' id='word_1_391' title='bbox 1772 3447 1832 3498; x_wconf 90' lang='grc' dir='ltr'><strong>τὸ</strong></span> 
     </span>
    </p>
   </div>
   <div class='ocr_carea' id='block_1_53' title="bbox 243 3532 1831 3609">
    <p class='ocr_par' dir='ltr' id='par_1_53' title="bbox 243 3532 1831 3609">
     <span class='ocr_line' id='line_1_53' title="bbox 243 3532 1831 3609; baseline 0.001 -21"><span class='ocrx_word' id='word_1_392' title='bbox 243 3535 344 3588; x_wconf 69' lang='grc' dir='ltr'>καὶ</span> <span class='ocrx_word' id='word_1_393' title='bbox 379 3535 476 3587; x_wconf 74' lang='grc' dir='ltr'>σοῦ</span> <span class='ocrx_word' id='word_1_394' title='bbox 505 3534 666 3589; x_wconf 81' lang='grc' dir='ltr'>αὑτὸν</span> <span class='ocrx_word' id='word_1_395' title='bbox 687 3532 826 3591; x_wconf 82' lang='grc' dir='ltr'>εἶναι</span> <span class='ocrx_word' id='word_1_396' title='bbox 853 3537 1063 3609; x_wconf 84' lang='grc' dir='ltr'>πατέρα</span> <span class='ocrx_word' id='word_1_397' title='bbox 1082 3552 1094 3566; x_wconf 83' lang='grc'><strong><em>⁸</em></strong></span> <span class='ocrx_word' id='word_1_398' title='bbox 1126 3537 1298 3600; x_wconf 70' lang='grc' dir='ltr'>οὕτως</span> <span class='ocrx_word' id='word_1_399' title='bbox 1317 3539 1410 3590; x_wconf 73' lang='grc' dir='ltr'>ἐπὶ</span> <span class='ocrx_word' id='word_1_400' title='bbox 1444 3537 1537 3590; x_wconf 78' lang='grc' dir='ltr'>τοῦ</span> <span class='ocrx_word' id='word_1_401' title='bbox 1564 3537 1697 3590; x_wconf 82' lang='grc' dir='ltr'>Θεοῦ</span> <span class='ocrx_word' id='word_1_402' title='bbox 1723 3535 1831 3590; x_wconf 84' lang='grc' dir='ltr'><strong>τῶν</strong></span> 
     </span>
    </p>
   </div>
   <div class='ocr_carea' id='block_1_54' title="bbox 240 3623 1830 3700">
    <p class='ocr_par' dir='ltr' id='par_1_54' title="bbox 240 3623 1830 3700">
     <span class='ocr_line' id='line_1_54' title="bbox 240 3623 1830 3700; baseline -0.001 -20"><span class='ocrx_word' id='word_1_403' title='bbox 240 3627 423 3692; x_wconf 72' lang='grc' dir='ltr'>ὅλων,</span> <span class='ocrx_word' id='word_1_404' title='bbox 463 3629 493 3681; x_wconf 81' lang='grc' dir='ltr'>ὁ</span> <span class='ocrx_word' id='word_1_405' title='bbox 527 3629 627 3698; x_wconf 81' lang='grc' dir='ltr'>μὲν</span> <span class='ocrx_word' id='word_1_406' title='bbox 664 3629 912 3700; x_wconf 77' lang='grc' dir='ltr'>εὐσεϐὴς,</span> <span class='ocrx_word' id='word_1_407' title='bbox 953 3630 1045 3682; x_wconf 81' lang='grc' dir='ltr'><strong>καὶ</strong></span> <span class='ocrx_word' id='word_1_408' title='bbox 1068 3630 1130 3681; x_wconf 86' lang='grc' dir='ltr'><strong>τὸ</strong></span> <span class='ocrx_word' id='word_1_409' title='bbox 1166 3629 1474 3700; x_wconf 85' lang='grc' dir='ltr'>ἀγεννήτως</span> <span class='ocrx_word' id='word_1_410' title='bbox 1502 3628 1662 3682; x_wconf 76' lang='grc' dir='ltr'>αὐτὸν</span> <span class='ocrx_word' id='word_1_411' title='bbox 1692 3623 1830 3680; x_wconf 79' lang='grc' dir='ltr'>εἶναι</span> 
     </span>
    </p>
   </div>
   <div class='ocr_carea' id='block_1_55' title="bbox 246 3719 1834 3790">
    <p class='ocr_par' dir='ltr' id='par_1_55' title="bbox 246 3719 1834 3790">
     <span class='ocr_line' id='line_1_55' title="bbox 246 3719 1834 3790; baseline 0 -19"><span class='ocrx_word' id='word_1_412' title='bbox 246 3719 642 3790; x_wconf 73' lang='grc' dir='ltr'>σημαίνεσθαι,</span> <span class='ocrx_word' id='word_1_413' title='bbox 680 3719 770 3773; x_wconf 74' lang='grc' dir='ltr'>διὰ</span> <span class='ocrx_word' id='word_1_414' title='bbox 813 3720 912 3789; x_wconf 83' lang='grc' dir='ltr'>τῆς</span> <span class='ocrx_word' id='word_1_415' title='bbox 943 3720 1315 3790; x_wconf 83' lang='grc' dir='ltr'>προσηγορίας</span> <span class='ocrx_word' id='word_1_416' title='bbox 1341 3719 1434 3773; x_wconf 83' lang='grc' dir='ltr'>τοῦ</span> <span class='ocrx_word' id='word_1_417' title='bbox 1473 3719 1685 3788; x_wconf 85' lang='grc' dir='ltr'>Πατρὸς</span> <span class='ocrx_word' id='word_1_418' title='bbox 1731 3719 1834 3771; x_wconf 78' lang='grc' dir='ltr'><strong>οὐκ</strong></span> 
     </span>
    </p>
   </div>
   <div class='ocr_carea' id='block_1_56' title="bbox 244 3809 1831 3883">
    <p class='ocr_par' dir='ltr' id='par_1_56' title="bbox 244 3809 1831 3883">
     <span class='ocr_line' id='line_1_56' title="bbox 244 3809 1831 3883; baseline -0.001 -19"><span class='ocrx_word' id='word_1_419' title='bbox 244 3812 589 3882; x_wconf 72' lang='grc' dir='ltr'>ἀρνήσεται,</span> <span class='ocrx_word' id='word_1_420' title='bbox 622 3812 715 3865; x_wconf 76' lang='grc' dir='ltr'>καὶ</span> <span class='ocrx_word' id='word_1_421' title='bbox 756 3811 854 3882; x_wconf 79' lang='grc' dir='ltr'><strong>τήν</strong></span> <span class='ocrx_word' id='word_1_422' title='bbox 899 3811 1035 3883; x_wconf 82' lang='grc' dir='ltr'>πρὸς</span> <span class='ocrx_word' id='word_1_423' title='bbox 1070 3811 1162 3864; x_wconf 81' lang='grc' dir='ltr'><strong>τὸν</strong></span> <span class='ocrx_word' id='word_1_424' title='bbox 1194 3810 1320 3864; x_wconf 75' lang='grc' dir='ltr'>Υἰὸν</span> <span class='ocrx_word' id='word_1_425' title='bbox 1366 3811 1669 3879; x_wconf 76' lang='grc' dir='ltr'>οἰκειότητα</span> <span class='ocrx_word' id='word_1_426' title='bbox 1709 3809 1831 3863; x_wconf 80' lang='grc' dir='ltr'>καθ’</span> 
     </span>
    </p>
   </div>
   <div class='ocr_carea' id='block_1_57' title="bbox 243 3901 1830 3976">
    <p class='ocr_par' dir='ltr' id='par_1_57' title="bbox 243 3901 1830 3976">
     <span class='ocr_line' id='line_1_57' title="bbox 243 3901 1830 3976; baseline -0.003 -18"><span class='ocrx_word' id='word_1_427' title='bbox 243 3906 444 3976; x_wconf 68' lang='grc' dir='ltr'>ἕτερον</span> <span class='ocrx_word' id='word_1_428' title='bbox 471 3905 837 3958; x_wconf 76' lang='grc' dir='ltr'>ἐνδείκνυσθαι</span> <span class='ocrx_word' id='word_1_429' title='bbox 878 3904 1291 3975; x_wconf 88' lang='grc' dir='ltr'>σημαινόμενον.</span> <span class='ocrx_word' id='word_1_430' title='bbox 1333 3905 1392 3957; x_wconf 89' lang='lat'><strong>&#39;0</strong></span> <span class='ocrx_word' id='word_1_431' title='bbox 1430 3903 1486 3956; x_wconf 85' lang='grc' dir='ltr'>δὲ</span> <span class='ocrx_word' id='word_1_432' title='bbox 1515 3901 1830 3970; x_wconf 85' lang='grc' dir='ltr'>καταγελῶν</span> 
     </span>
    </p>
   </div>
   <div class='ocr_carea' id='block_1_58' title="bbox 242 3995 1831 4067">
    <p class='ocr_par' dir='ltr' id='par_1_58' title="bbox 242 3995 1831 4067">
     <span class='ocr_line' id='line_1_58' title="bbox 242 3995 1831 4067; baseline -0.003 -19"><span class='ocrx_word' id='word_1_433' title='bbox 242 3998 355 4067; x_wconf 83' lang='grc' dir='ltr'>τῆς</span> <span class='ocrx_word' id='word_1_434' title='bbox 399 3996 685 4067; x_wconf 81' lang='grc' dir='ltr'>ἀληθείας,</span> <span class='ocrx_word' id='word_1_435' title='bbox 708 3997 891 4050; x_wconf 74' lang='grc' dir='ltr'>οὐκέτι</span> <span class='ocrx_word' id='word_1_436' title='bbox 923 3997 983 4050; x_wconf 83' lang='grc' dir='ltr'><strong>τὸ</strong></span> <span class='ocrx_word' id='word_1_437' title='bbox 1027 3997 1411 4067; x_wconf 83' lang='grc' dir='ltr'>γεγεννηκέναι</span> <span class='ocrx_word' id='word_1_438' title='bbox 1443 3996 1534 4049; x_wconf 77' lang='grc' dir='ltr'>τὸν</span> <span class='ocrx_word' id='word_1_439' title='bbox 1573 3996 1700 4049; x_wconf 76' lang='grc' dir='ltr'>Υίὸν</span> <span class='ocrx_word' id='word_1_440' title='bbox 1731 3995 1831 4064; x_wconf 81' lang='grc' dir='ltr'>τὴν</span> 
     </span>
    </p>
   </div>
   <div class='ocr_carea' id='block_1_59' title="bbox 246 4086 1831 4160">
    <p class='ocr_par' dir='ltr' id='par_1_59' title="bbox 246 4086 1831 4160">
     <span class='ocr_line' id='line_1_59' title="bbox 246 4086 1831 4160; baseline -0.003 -18"><span class='ocrx_word' id='word_1_441' title='bbox 246 4089 347 4142; x_wconf 73' lang='grc' dir='ltr'>τοῦ</span> <span class='ocrx_word' id='word_1_442' title='bbox 379 4089 592 4158; x_wconf 56' lang='lat' dir='ltr'><strong>Ila-:99);</strong></span> <span class='ocrx_word' id='word_1_443' title='bbox 625 4089 995 4160; x_wconf 84' lang='grc' dir='ltr'>προσηγορίαν</span> <span class='ocrx_word' id='word_1_444' title='bbox 1021 4088 1166 4157; x_wconf 86' lang='grc' dir='ltr'>λέγει</span> <span class='ocrx_word' id='word_1_445' title='bbox 1193 4089 1496 4159; x_wconf 86' lang='grc' dir='ltr'>σημαίνειν,</span> <span class='ocrx_word' id='word_1_446' title='bbox 1525 4088 1618 4142; x_wconf 78' lang='grc' dir='ltr'><strong>ἐὰν</strong></span> <span class='ocrx_word' id='word_1_447' title='bbox 1642 4087 1736 4141; x_wconf 76' lang='grc' dir='ltr'>καὶ</span> <span class='ocrx_word' id='word_1_448' title='bbox 1771 4086 1831 4138; x_wconf 78' lang='grc' dir='ltr'>τὸ</span> 
     </span>
    </p>
   </div>
   <div class='ocr_carea' id='block_1_60' title="bbox 245 4170 1755 4247">
    <p class='ocr_par' dir='ltr' id='par_1_60' title="bbox 245 4170 1755 4247">
     <span class='ocr_line' id='line_1_60' title="bbox 245 4170 1755 4247; baseline 0 -20"><span class='ocrx_word' id='word_1_449' title='bbox 245 4175 549 4246; x_wconf 74' lang='grc' dir='ltr'>ἀγέννητον</span> <span class='ocrx_word' id='word_1_450' title='bbox 587 4170 729 4228; x_wconf 71' lang='grc' dir='ltr'>εἶναι</span> <span class='ocrx_word' id='word_1_451' title='bbox 755 4175 843 4228; x_wconf 72' lang='grc' dir='ltr'>διὰ</span> <span class='ocrx_word' id='word_1_452' title='bbox 864 4176 963 4246; x_wconf 79' lang='grc' dir='ltr'>τῆς</span> <span class='ocrx_word' id='word_1_453' title='bbox 982 4175 1150 4247; x_wconf 80' lang='grc' dir='ltr'>αὐτῆς</span> <span class='ocrx_word' id='word_1_454' title='bbox 1177 4176 1360 4246; x_wconf 75' lang='grc' dir='ltr'>φωνῆς</span> <span class='ocrx_word' id='word_1_455' title='bbox 1379 4175 1755 4244; x_wconf 84' lang='grc' dir='ltr'>διδασκόμεθα.</span> 
     </span>
    </p>
   </div>
   <div class='ocr_carea' id='block_1_61' title="bbox 1937 1901 3505 1967">
    <p class='ocr_par' dir='ltr' id='par_1_61' title="bbox 1937 1901 3505 1967">
     <span class='ocr_line' id='line_1_61' title="bbox 1937 1901 3505 1967; baseline 0.005 -15"><span class='ocrx_word' id='word_1_456' title='bbox 1937 1909 1996 1954; x_wconf 88' lang='grc' dir='ltr'><strong>ιιι</strong></span> <span class='ocrx_word' id='word_1_457' title='bbox 2025 1915 2199 1967; x_wconf 86' lang='lat' dir='ltr'><strong>esses,</strong></span> <span class='ocrx_word' id='word_1_458' title='bbox 2225 1915 2393 1956; x_wconf 91' lang='lat' dir='ltr'><strong>causa</strong></span> <span class='ocrx_word' id='word_1_459' title='bbox 2418 1903 2652 1957; x_wconf 80' lang='lat' dir='ltr'><strong>exstitit.</strong></span> <span class='ocrx_word' id='word_1_460' title='bbox 2676 1901 2818 1957; x_wconf 87' lang='lat' dir='ltr'><strong>Num</strong></span> <span class='ocrx_word' id='word_1_461' title='bbox 2861 1910 2916 1959; x_wconf 90' lang='lat' dir='ltr'><strong>et</strong></span> <span class='ocrx_word' id='word_1_462' title='bbox 2946 1902 3015 1959; x_wconf 90' lang='lat' dir='ltr'><strong>de</strong></span> <span class='ocrx_word' id='word_1_463' title='bbox 3059 1905 3153 1960; x_wconf 91' lang='lat' dir='ltr'><strong>illo</strong></span> <span class='ocrx_word' id='word_1_464' title='bbox 3189 1915 3410 1961; x_wconf 88' lang='lat' dir='ltr'><strong>acutum</strong></span> <span class='ocrx_word' id='word_1_465' title='bbox 3440 1907 3505 1962; x_wconf 81' lang='lat' dir='ltr'><strong>il-</strong></span> 
     </span>
    </p>
   </div>
   <div class='ocr_carea' id='block_1_62' title="bbox 1935 1990 3505 2064">
    <p class='ocr_par' dir='ltr' id='par_1_62' title="bbox 1935 1990 3505 2064">
     <span class='ocr_line' id='line_1_62' title="bbox 1935 1990 3505 2064; baseline 0.004 -20"><span class='ocrx_word' id='word_1_466' title='bbox 1935 1990 2026 2044; x_wconf 86' lang='lat' dir='ltr'><strong>lud</strong></span> <span class='ocrx_word' id='word_1_467' title='bbox 2064 1998 2219 2044; x_wconf 91' lang='lat' dir='ltr'><strong>tuum</strong></span> <span class='ocrx_word' id='word_1_468' title='bbox 2283 1991 2568 2047; x_wconf 81' lang='lat' dir='ltr'><strong>inventum</strong></span> <span class='ocrx_word' id='word_1_469' title='bbox 2621 1993 2946 2063; x_wconf 87' lang='lat' dir='ltr'><strong>usurpasti?</strong></span> <span class='ocrx_word' id='word_1_470' title='bbox 2989 2001 3199 2064; x_wconf 87' lang='lat' dir='ltr'><strong>patrem</strong></span> <span class='ocrx_word' id='word_1_471' title='bbox 3247 1995 3505 2051; x_wconf 83' lang='lat' dir='ltr'><strong>videlicet</strong></span> 
     </span>
    </p>
   </div>
   <div class='ocr_carea' id='block_1_63' title="bbox 1933 2081 3503 2158">
    <p class='ocr_par' dir='ltr' id='par_1_63' title="bbox 1933 2081 3503 2158">
     <span class='ocr_line' id='line_1_63' title="bbox 1933 2081 3503 2158; baseline 0.004 -23"><span class='ocrx_word' id='word_1_472' title='bbox 1933 2090 2109 2158; x_wconf 71' lang='lat' dir='ltr'><strong>tuum,</strong></span> <span class='ocrx_word' id='word_1_473' title='bbox 2159 2081 2203 2137; x_wconf 90' lang='lat' dir='ltr'><strong>si</strong></span> <span class='ocrx_word' id='word_1_474' title='bbox 2235 2097 2334 2151; x_wconf 91' lang='lat' dir='ltr'><strong>per</strong></span> <span class='ocrx_word' id='word_1_475' title='bbox 2356 2082 2483 2145; x_wconf 86' lang='lat' dir='ltr'><strong>hoc,</strong></span> <span class='ocrx_word' id='word_1_476' title='bbox 2529 2082 2677 2152; x_wconf 90' lang='lat' dir='ltr'><strong>quod</strong></span> <span class='ocrx_word' id='word_1_477' title='bbox 2714 2083 2881 2139; x_wconf 92' lang='lat' dir='ltr'><strong>homo</strong></span> <span class='ocrx_word' id='word_1_478' title='bbox 2909 2092 3013 2151; x_wconf 90' lang='lat' dir='ltr'><strong>est,</strong></span> <span class='ocrx_word' id='word_1_479' title='bbox 3076 2099 3106 2138; x_wconf 89' lang='lat' dir='ltr'><strong>a</strong></span> <span class='ocrx_word' id='word_1_480' title='bbox 3139 2092 3333 2139; x_wconf 89' lang='lat' dir='ltr'><strong>natura</strong></span> <span class='ocrx_word' id='word_1_481' title='bbox 3384 2087 3503 2141; x_wconf 90' lang='lat' dir='ltr'><strong>suis</strong></span> 
     </span>
    </p>
   </div>
   <div class='ocr_carea' id='block_1_64' title="bbox 1933 2171 3498 2246">
    <p class='ocr_par' dir='ltr' id='par_1_64' title="bbox 1933 2171 3498 2246">
     <span class='ocr_line' id='line_1_64' title="bbox 1933 2171 3498 2246; baseline 0.004 -21"><span class='ocrx_word' id='word_1_482' title='bbox 1933 2171 2090 2240; x_wconf 88' lang='lat' dir='ltr'><strong>quasi</strong></span> <span class='ocrx_word' id='word_1_483' title='bbox 2111 2171 2375 2228; x_wconf 90' lang='lat' dir='ltr'><strong>limitibus</strong></span> <span class='ocrx_word' id='word_1_484' title='bbox 2406 2173 2903 2240; x_wconf 87' lang='lat' dir='ltr'><strong>circumscribitur,</strong></span> <span class='ocrx_word' id='word_1_485' title='bbox 2937 2189 3046 2230; x_wconf 86' lang='lat' dir='ltr'><strong>non</strong></span> <span class='ocrx_word' id='word_1_486' title='bbox 3068 2189 3233 2246; x_wconf 86' lang='lat' dir='ltr'><strong>posse</strong></span> <span class='ocrx_word' id='word_1_487' title='bbox 3264 2176 3498 2246; x_wconf 90' lang='lat' dir='ltr'><strong>amplius</strong></span> 
     </span>
    </p>
   </div>
   <div class='ocr_carea' id='block_1_65' title="bbox 1932 2262 3500 2336">
    <p class='ocr_par' dir='ltr' id='par_1_65' title="bbox 1932 2262 3500 2336">
     <span class='ocr_line' id='line_1_65' title="bbox 1932 2262 3500 2336; baseline 0.005 -21"><span class='ocrx_word' id='word_1_488' title='bbox 1932 2262 2308 2318; x_wconf 86' lang='lat' dir='ltr'><strong>habitudinem</strong></span> <span class='ocrx_word' id='word_1_489' title='bbox 2359 2265 2423 2318; x_wconf 90' lang='lat' dir='ltr'><strong>ad</strong></span> <span class='ocrx_word' id='word_1_490' title='bbox 2469 2273 2522 2320; x_wconf 91' lang='lat' dir='ltr'><strong>te</strong></span> <span class='ocrx_word' id='word_1_491' title='bbox 2556 2264 2906 2336; x_wconf 77' lang='lat' dir='ltr'><strong>signiﬁcare?</strong></span> <span class='ocrx_word' id='word_1_492' title='bbox 2961 2267 3206 2322; x_wconf 83' lang='lat' dir='ltr'><strong>Alterum</strong></span> <span class='ocrx_word' id='word_1_493' title='bbox 3249 2268 3393 2322; x_wconf 89' lang='lat' dir='ltr'><strong>enim</strong></span> <span class='ocrx_word' id='word_1_494' title='bbox 3431 2284 3500 2323; x_wconf 80' lang='lat' dir='ltr'><strong>ex</strong></span> 
     </span>
    </p>
   </div>
   <div class='ocr_carea' id='block_1_66' title="bbox 1933 2353 3496 2425">
    <p class='ocr_par' dir='ltr' id='par_1_66' title="bbox 1933 2353 3496 2425">
     <span class='ocr_line' id='line_1_66' title="bbox 1933 2353 3496 2425; baseline 0.005 -17"><span class='ocrx_word' id='word_1_495' title='bbox 1933 2353 2148 2409; x_wconf 86' lang='lat' dir='ltr'><strong>duobus</strong></span> <span class='ocrx_word' id='word_1_496' title='bbox 2174 2355 2332 2424; x_wconf 87' lang='lat' dir='ltr'><strong>plane</strong></span> <span class='ocrx_word' id='word_1_497' title='bbox 2362 2364 2447 2411; x_wconf 76' lang='lat' dir='ltr'><strong>est</strong></span> <span class='ocrx_word' id='word_1_498' title='bbox 2477 2357 2852 2412; x_wconf 88' lang='lat' dir='ltr'><strong>necessarium</strong></span> <span class='ocrx_word' id='word_1_499' title='bbox 2871 2399 2885 2424; x_wconf 90' lang='lat'><strong>,</strong></span> <span class='ocrx_word' id='word_1_500' title='bbox 2917 2368 3012 2412; x_wconf 90' lang='lat' dir='ltr'><strong>aut</strong></span> <span class='ocrx_word' id='word_1_501' title='bbox 3046 2357 3323 2415; x_wconf 88' lang='lat' dir='ltr'><strong>hominem</strong></span> <span class='ocrx_word' id='word_1_502' title='bbox 3351 2375 3496 2425; x_wconf 90' lang='lat' dir='ltr'><strong>esse,</strong></span> 
     </span>
    </p>
   </div>
   <div class='ocr_carea' id='block_1_67' title="bbox 1933 2447 3501 2522">
    <p class='ocr_par' dir='ltr' id='par_1_67' title="bbox 1933 2447 3501 2522">
     <span class='ocr_line' id='line_1_67' title="bbox 1933 2447 3501 2522; baseline 0.006 -24"><span class='ocrx_word' id='word_1_503' title='bbox 1933 2454 2027 2500; x_wconf 89' lang='lat' dir='ltr'><strong>aut</strong></span> <span class='ocrx_word' id='word_1_504' title='bbox 2053 2447 2305 2501; x_wconf 88' lang='lat' dir='ltr'><strong>Eunomii</strong></span> <span class='ocrx_word' id='word_1_505' title='bbox 2339 2457 2570 2518; x_wconf 89' lang='lat' dir='ltr'><strong>patrem.</strong></span> <span class='ocrx_word' id='word_1_506' title='bbox 2600 2448 2788 2520; x_wconf 86' lang='lat' dir='ltr'><strong>Neque</strong></span> <span class='ocrx_word' id='word_1_507' title='bbox 2817 2451 2917 2505; x_wconf 90' lang='lat' dir='ltr'><strong>tibi</strong></span> <span class='ocrx_word' id='word_1_508' title='bbox 2949 2450 3032 2506; x_wconf 89' lang='lat' dir='ltr'><strong>fas</strong></span> <span class='ocrx_word' id='word_1_509' title='bbox 3062 2459 3167 2515; x_wconf 84' lang='lat' dir='ltr'><strong>est,</strong></span> <span class='ocrx_word' id='word_1_510' title='bbox 3189 2460 3250 2506; x_wconf 91' lang='lat' dir='ltr'><strong>ut</strong></span> <span class='ocrx_word' id='word_1_511' title='bbox 3278 2453 3501 2522; x_wconf 91' lang='lat' dir='ltr'><strong>proprio</strong></span> 
     </span>
    </p>
   </div>
   <div class='ocr_carea' id='block_1_68' title="bbox 1933 2537 3500 2614">
    <p class='ocr_par' dir='ltr' id='par_1_68' title="bbox 1933 2537 3500 2614">
     <span class='ocr_line' id='line_1_68' title="bbox 1933 2537 3500 2614; baseline 0.003 -21"><span class='ocrx_word' id='word_1_512' title='bbox 1933 2537 2242 2608; x_wconf 89' lang='lat' dir='ltr'><strong>signiﬁcatu</strong></span> <span class='ocrx_word' id='word_1_513' title='bbox 2273 2554 2384 2594; x_wconf 91' lang='lat' dir='ltr'><strong>non</strong></span> <span class='ocrx_word' id='word_1_514' title='bbox 2412 2539 2659 2610; x_wconf 78' lang='lat' dir='ltr'><strong>proferas</strong></span> <span class='ocrx_word' id='word_1_515' title='bbox 2691 2556 2754 2596; x_wconf 89' lang='lat' dir='ltr'><strong>ea</strong></span> <span class='ocrx_word' id='word_1_516' title='bbox 2781 2543 3005 2596; x_wconf 91' lang='lat' dir='ltr'><strong>nomina</strong></span> <span class='ocrx_word' id='word_1_517' title='bbox 3047 2559 3170 2613; x_wconf 72' lang='lat' dir='ltr'><strong>quae</strong></span> <span class='ocrx_word' id='word_1_518' title='bbox 3215 2545 3500 2614; x_wconf 90' lang='lat' dir='ltr'><strong>proprium</strong></span> 
     </span>
    </p>
   </div>
   <div class='ocr_carea' id='block_1_69' title="bbox 1934 2630 3498 2704">
    <p class='ocr_par' dir='ltr' id='par_1_69' title="bbox 1934 2630 3498 2704">
     <span class='ocr_line' id='line_1_69' title="bbox 1934 2630 3498 2704; baseline 0.003 -20"><span class='ocrx_word' id='word_1_519' title='bbox 1934 2630 2303 2701; x_wconf 87' lang='lat' dir='ltr'><strong>signiﬁcatum</strong></span> <span class='ocrx_word' id='word_1_520' title='bbox 2329 2633 2552 2688; x_wconf 88' lang='lat' dir='ltr'><strong>habent.</strong></span> <span class='ocrx_word' id='word_1_521' title='bbox 2593 2631 2794 2688; x_wconf 85' lang='lat' dir='ltr'><strong>Verum</strong></span> <span class='ocrx_word' id='word_1_522' title='bbox 2831 2636 2956 2690; x_wconf 92' lang='lat' dir='ltr'><strong>licet</strong></span> <span class='ocrx_word' id='word_1_523' title='bbox 2982 2636 3197 2704; x_wconf 60' lang='lat' dir='ltr'><strong>injuriae</strong></span> <span class='ocrx_word' id='word_1_524' title='bbox 3223 2637 3498 2690; x_wconf 89' lang='lat' dir='ltr'><strong>actionem</strong></span> 
     </span>
    </p>
   </div>
   <div class='ocr_carea' id='block_1_70' title="bbox 1933 2721 3499 2795">
    <p class='ocr_par' dir='ltr' id='par_1_70' title="bbox 1933 2721 3499 2795">
     <span class='ocr_line' id='line_1_70' title="bbox 1933 2721 3499 2795; baseline 0.002 -19"><span class='ocrx_word' id='word_1_525' title='bbox 1933 2721 2183 2778; x_wconf 88' lang='lat' dir='ltr'><strong>intendas</strong></span> <span class='ocrx_word' id='word_1_526' title='bbox 2229 2723 2360 2786; x_wconf 89' lang='lat' dir='ltr'><strong>illis,</strong></span> <span class='ocrx_word' id='word_1_527' title='bbox 2420 2725 2510 2794; x_wconf 87' lang='lat' dir='ltr'><strong>qui</strong></span> <span class='ocrx_word' id='word_1_528' title='bbox 2557 2734 2780 2795; x_wconf 89' lang='lat' dir='ltr'><strong>propter</strong></span> <span class='ocrx_word' id='word_1_529' title='bbox 2808 2725 3091 2779; x_wconf 88' lang='lat' dir='ltr'><strong>nominum</strong></span> <span class='ocrx_word' id='word_1_530' title='bbox 3141 2728 3499 2781; x_wconf 89' lang='lat' dir='ltr'><strong>mutationem</strong></span> 
     </span>
    </p>
   </div>
   <div class='ocr_carea' id='block_1_71' title="bbox 1931 2814 3498 2882">
    <p class='ocr_par' dir='ltr' id='par_1_71' title="bbox 1931 2814 3498 2882">
     <span class='ocr_line' id='line_1_71' title="bbox 1931 2814 3498 2882; baseline 0.002 -14"><span class='ocrx_word' id='word_1_531' title='bbox 1931 2814 2031 2869; x_wconf 88' lang='lat' dir='ltr'><strong>tibi</strong></span> <span class='ocrx_word' id='word_1_532' title='bbox 2061 2814 2454 2870; x_wconf 89' lang='lat' dir='ltr'><strong>subsannando</strong></span> <span class='ocrx_word' id='word_1_533' title='bbox 2485 2815 2741 2880; x_wconf 84' lang='lat' dir='ltr'><strong>illudunt,</strong></span> <span class='ocrx_word' id='word_1_534' title='bbox 2785 2829 2891 2869; x_wconf 91' lang='lat' dir='ltr'><strong>non</strong></span> <span class='ocrx_word' id='word_1_535' title='bbox 2923 2816 3285 2882; x_wconf 79' lang='lat' dir='ltr'><strong>cohorrescis,</strong></span> <span class='ocrx_word' id='word_1_536' title='bbox 3328 2826 3384 2872; x_wconf 89' lang='lat' dir='ltr'><strong>et</strong></span> <span class='ocrx_word' id='word_1_537' title='bbox 3412 2817 3498 2872; x_wconf 76' lang='lat' dir='ltr'><strong>di-</strong></span> 
     </span>
    </p>
   </div>
   <div class='ocr_carea' id='block_1_72' title="bbox 1931 2901 3500 2975">
    <p class='ocr_par' dir='ltr' id='par_1_72' title="bbox 1931 2901 3500 2975">
     <span class='ocr_line' id='line_1_72' title="bbox 1931 2901 3500 2975; baseline 0.003 -20"><span class='ocrx_word' id='word_1_538' title='bbox 1931 2901 2178 2957; x_wconf 86' lang='lat' dir='ltr'><strong>vinorum</strong></span> <span class='ocrx_word' id='word_1_539' title='bbox 2212 2901 2522 2972; x_wconf 86' lang='lat' dir='ltr'><strong>dogmatum</strong></span> <span class='ocrx_word' id='word_1_540' title='bbox 2569 2903 2831 2975; x_wconf 87' lang='lat' dir='ltr'><strong>mysteria</strong></span> <span class='ocrx_word' id='word_1_541' title='bbox 2872 2903 3131 2967; x_wconf 87' lang='lat' dir='ltr'><strong>irridens,</strong></span> <span class='ocrx_word' id='word_1_542' title='bbox 3162 2905 3383 2975; x_wconf 89' lang='lat' dir='ltr'><strong>impune</strong></span> <span class='ocrx_word' id='word_1_543' title='bbox 3421 2906 3500 2959; x_wconf 88' lang='lat' dir='ltr'><strong>ri-</strong></span> 
     </span>
    </p>
   </div>
   <div class='ocr_carea' id='block_1_73' title="bbox 1932 2991 3499 3066">
    <p class='ocr_par' dir='ltr' id='par_1_73' title="bbox 1932 2991 3499 3066">
     <span class='ocr_line' id='line_1_73' title="bbox 1932 2991 3499 3066; baseline 0.004 -22"><span class='ocrx_word' id='word_1_544' title='bbox 1932 2991 2067 3046; x_wconf 87' lang='lat' dir='ltr'><strong>des?</strong></span> <span class='ocrx_word' id='word_1_545' title='bbox 2108 2991 2581 3057; x_wconf 86' lang='lat' dir='ltr'><strong>Quemadmodum</strong></span> <span class='ocrx_word' id='word_1_546' title='bbox 2627 2993 2773 3047; x_wconf 89' lang='lat' dir='ltr'><strong>enim</strong></span> <span class='ocrx_word' id='word_1_547' title='bbox 2834 3000 2961 3049; x_wconf 89' lang='lat' dir='ltr'><strong>tuus</strong></span> <span class='ocrx_word' id='word_1_548' title='bbox 3004 3003 3159 3063; x_wconf 91' lang='lat' dir='ltr'><strong>pater</strong></span> <span class='ocrx_word' id='word_1_549' title='bbox 3215 2995 3499 3066; x_wconf 86' lang='lat' dir='ltr'><strong>cognatio-</strong></span> 
     </span>
    </p>
   </div>
   <div class='ocr_carea' id='block_1_74' title="bbox 1932 3082 3496 3155">
    <p class='ocr_par' dir='ltr' id='par_1_74' title="bbox 1932 3082 3496 3155">
     <span class='ocr_line' id='line_1_74' title="bbox 1932 3082 3496 3155; baseline 0.003 -20"><span class='ocrx_word' id='word_1_550' title='bbox 1932 3097 2076 3146; x_wconf 90' lang='lat' dir='ltr'><strong>nem,</strong></span> <span class='ocrx_word' id='word_1_551' title='bbox 2109 3097 2274 3148; x_wconf 88' lang='lat' dir='ltr'><strong>quam</strong></span> <span class='ocrx_word' id='word_1_552' title='bbox 2325 3089 2504 3136; x_wconf 88' lang='lat' dir='ltr'><strong>tecum</strong></span> <span class='ocrx_word' id='word_1_553' title='bbox 2537 3082 2720 3146; x_wconf 88' lang='lat' dir='ltr'><strong>habet,</strong></span> <span class='ocrx_word' id='word_1_554' title='bbox 2775 3083 3038 3146; x_wconf 88' lang='lat' dir='ltr'><strong>ostendit,</strong></span> <span class='ocrx_word' id='word_1_555' title='bbox 3094 3094 3149 3139; x_wconf 91' lang='lat' dir='ltr'><strong>et</strong></span> <span class='ocrx_word' id='word_1_556' title='bbox 3202 3085 3496 3155; x_wconf 90' lang='lat' dir='ltr'><strong>quominus</strong></span> 
     </span>
    </p>
   </div>
   <div class='ocr_carea' id='block_1_75' title="bbox 1933 3171 3489 3242">
    <p class='ocr_par' dir='ltr' id='par_1_75' title="bbox 1933 3171 3489 3242">
     <span class='ocr_line' id='line_1_75' title="bbox 1933 3171 3489 3242; baseline 0.003 -18"><span class='ocrx_word' id='word_1_557' title='bbox 1933 3171 2098 3225; x_wconf 87' lang='lat' dir='ltr'><strong>homo</strong></span> <span class='ocrx_word' id='word_1_558' title='bbox 2131 3172 2222 3238; x_wconf 86' lang='lat' dir='ltr'><strong>sit,</strong></span> <span class='ocrx_word' id='word_1_559' title='bbox 2251 3186 2346 3242; x_wconf 89' lang='lat' dir='ltr'><strong>per</strong></span> <span class='ocrx_word' id='word_1_560' title='bbox 2369 3172 2470 3226; x_wconf 87' lang='lat' dir='ltr'><strong>hoc</strong></span> <span class='ocrx_word' id='word_1_561' title='bbox 2497 3172 2632 3226; x_wconf 89' lang='lat' dir='ltr'><strong>nihil</strong></span> <span class='ocrx_word' id='word_1_562' title='bbox 2658 3172 2877 3241; x_wconf 91' lang='lat' dir='ltr'><strong>penitus</strong></span> <span class='ocrx_word' id='word_1_563' title='bbox 2906 3172 3219 3242; x_wconf 89' lang='lat' dir='ltr'><strong>impeditur,</strong></span> <span class='ocrx_word' id='word_1_564' title='bbox 3270 3174 3489 3229; x_wconf 84' lang='lat' dir='ltr'><strong>nullus-</strong></span> 
     </span>
    </p>
   </div>
   <div class='ocr_carea' id='block_1_76' title="bbox 1931 3262 3502 3332">
    <p class='ocr_par' dir='ltr' id='par_1_76' title="bbox 1931 3262 3502 3332">
     <span class='ocr_line' id='line_1_76' title="bbox 1931 3262 3502 3332; baseline 0.001 -17"><span class='ocrx_word' id='word_1_565' title='bbox 1931 3277 2039 3332; x_wconf 89' lang='lat' dir='ltr'><strong>que</strong></span> <span class='ocrx_word' id='word_1_566' title='bbox 2071 3262 2191 3316; x_wconf 88' lang='lat' dir='ltr'><strong>sani</strong></span> <span class='ocrx_word' id='word_1_567' title='bbox 2233 3262 2450 3332; x_wconf 87' lang='lat' dir='ltr'><strong>capitis,</strong></span> <span class='ocrx_word' id='word_1_568' title='bbox 2500 3263 2548 3318; x_wconf 91' lang='lat' dir='ltr'><strong>si</strong></span> <span class='ocrx_word' id='word_1_569' title='bbox 2603 3263 2729 3331; x_wconf 90' lang='lat' dir='ltr'><strong>quis</strong></span> <span class='ocrx_word' id='word_1_570' title='bbox 2779 3263 3036 3331; x_wconf 87' lang='lat' dir='ltr'><strong>jubeatur</strong></span> <span class='ocrx_word' id='word_1_571' title='bbox 3071 3264 3356 3319; x_wconf 86' lang='lat' dir='ltr'><strong>nominare</strong></span> <span class='ocrx_word' id='word_1_572' title='bbox 3405 3278 3502 3332; x_wconf 84' lang='lat' dir='ltr'><strong>pa-</strong></span> 
     </span>
    </p>
   </div>
   <div class='ocr_carea' id='block_1_77' title="bbox 1932 3349 3500 3421">
    <p class='ocr_par' dir='ltr' id='par_1_77' title="bbox 1932 3349 3500 3421">
     <span class='ocr_line' id='line_1_77' title="bbox 1932 3349 3500 3421; baseline 0.001 -18"><span class='ocrx_word' id='word_1_573' title='bbox 1932 3357 2091 3414; x_wconf 87' lang='lat' dir='ltr'><strong>trem,</strong></span> <span class='ocrx_word' id='word_1_574' title='bbox 2115 3351 2208 3420; x_wconf 91' lang='lat' dir='ltr'><strong>qui</strong></span> <span class='ocrx_word' id='word_1_575' title='bbox 2239 3357 2289 3405; x_wconf 90' lang='lat' dir='ltr'><strong>te</strong></span> <span class='ocrx_word' id='word_1_576' title='bbox 2311 3350 2517 3421; x_wconf 87' lang='lat' dir='ltr'><strong>genuit,</strong></span> <span class='ocrx_word' id='word_1_577' title='bbox 2551 3350 2643 3405; x_wconf 89' lang='lat' dir='ltr'><strong>ille</strong></span> <span class='ocrx_word' id='word_1_578' title='bbox 2671 3365 2802 3405; x_wconf 87' lang='lat' dir='ltr'><strong>vero</strong></span> <span class='ocrx_word' id='word_1_579' title='bbox 2830 3350 3205 3406; x_wconf 87' lang='lat' dir='ltr'><strong>deﬁnitionem</strong></span> <span class='ocrx_word' id='word_1_580' title='bbox 3258 3349 3500 3405; x_wconf 88' lang='lat' dir='ltr'><strong>hominis</strong></span> 
     </span>
    </p>
   </div>
   <div class='ocr_carea' id='block_1_78' title="bbox 1933 3440 3494 3511">
    <p class='ocr_par' dir='ltr' id='par_1_78' title="bbox 1933 3440 3494 3511">
     <span class='ocr_line' id='line_1_78' title="bbox 1933 3440 3494 3511; baseline 0.001 -18"><span class='ocrx_word' id='word_1_581' title='bbox 1933 3441 2192 3511; x_wconf 85' lang='lat' dir='ltr'><strong>assignel,</strong></span> <span class='ocrx_word' id='word_1_582' title='bbox 2222 3441 2306 3495; x_wconf 89' lang='lat' dir='ltr'><strong>vel</strong></span> <span class='ocrx_word' id='word_1_583' title='bbox 2353 3441 2723 3511; x_wconf 80' lang='lat' dir='ltr'><strong>interrogatus</strong></span> <span class='ocrx_word' id='word_1_584' title='bbox 2772 3440 2838 3495; x_wconf 91' lang='lat' dir='ltr'><strong>de</strong></span> <span class='ocrx_word' id='word_1_585' title='bbox 2883 3455 3102 3511; x_wconf 80' lang='lat' dir='ltr'><strong>genere,</strong></span> <span class='ocrx_word' id='word_1_586' title='bbox 3163 3442 3494 3510; x_wconf 80' lang='lat' dir='ltr'><strong>respondeat</strong></span> 
     </span>
    </p>
   </div>
   <div class='ocr_carea' id='block_1_79' title="bbox 1932 3530 3490 3600">
    <p class='ocr_par' dir='ltr' id='par_1_79' title="bbox 1932 3530 3490 3600">
     <span class='ocr_line' id='line_1_79' title="bbox 1932 3530 3490 3600; baseline -0.002 -15"><span class='ocrx_word' id='word_1_587' title='bbox 1932 3545 2056 3585; x_wconf 89' lang='lat' dir='ltr'><strong>esse</strong></span> <span class='ocrx_word' id='word_1_588' title='bbox 2104 3530 2402 3594; x_wconf 82' lang='lat' dir='ltr'><strong>hominem,</strong></span> <span class='ocrx_word' id='word_1_589' title='bbox 2441 3531 2640 3586; x_wconf 78' lang='lat' dir='ltr'><strong>dixerit</strong></span> <span class='ocrx_word' id='word_1_590' title='bbox 2703 3530 3015 3599; x_wconf 74' lang='lat' dir='ltr'><strong>huiusmodi</strong></span> <span class='ocrx_word' id='word_1_591' title='bbox 3074 3532 3490 3600; x_wconf 79' lang='lat' dir='ltr'><strong>responsionem</strong></span> 
     </span>
    </p>
   </div>
   <div class='ocr_carea' id='block_1_80' title="bbox 1934 3621 3499 3692">
    <p class='ocr_par' dir='ltr' id='par_1_80' title="bbox 1934 3621 3499 3692">
     <span class='ocr_line' id='line_1_80' title="bbox 1934 3621 3499 3692; baseline 0.001 -17"><span class='ocrx_word' id='word_1_592' title='bbox 1934 3621 2175 3685; x_wconf 87' lang='lat' dir='ltr'><strong>obstare,</strong></span> <span class='ocrx_word' id='word_1_593' title='bbox 2215 3622 2508 3690; x_wconf 90' lang='lat' dir='ltr'><strong>quominus</strong></span> <span class='ocrx_word' id='word_1_594' title='bbox 2543 3629 2698 3692; x_wconf 90' lang='lat' dir='ltr'><strong>pater</strong></span> <span class='ocrx_word' id='word_1_595' title='bbox 2737 3630 2865 3679; x_wconf 89' lang='lat' dir='ltr'><strong>tuus</strong></span> <span class='ocrx_word' id='word_1_596' title='bbox 2895 3624 2967 3678; x_wconf 84' lang='lat' dir='ltr'><strong>sit</strong></span> <span class='ocrx_word' id='word_1_597' title='bbox 2995 3640 3009 3678; x_wconf 86' lang='lat'><strong>:</strong></span> <span class='ocrx_word' id='word_1_598' title='bbox 3037 3623 3109 3676; x_wconf 89' lang='lat' dir='ltr'><strong>ita</strong></span> <span class='ocrx_word' id='word_1_599' title='bbox 3139 3637 3354 3692; x_wconf 87' lang='lat' dir='ltr'><strong>quoque</strong></span> <span class='ocrx_word' id='word_1_600' title='bbox 3377 3638 3499 3677; x_wconf 88' lang='lat' dir='ltr'><strong>sese</strong></span> 
     </span>
    </p>
   </div>
   <div class='ocr_carea' id='block_1_81' title="bbox 1933 3712 3498 3783">
    <p class='ocr_par' dir='ltr' id='par_1_81' title="bbox 1933 3712 3498 3783">
     <span class='ocr_line' id='line_1_81' title="bbox 1933 3712 3498 3783; baseline -0.001 -16"><span class='ocrx_word' id='word_1_601' title='bbox 1933 3729 2025 3770; x_wconf 88' lang='lat' dir='ltr'><strong>res</strong></span> <span class='ocrx_word' id='word_1_602' title='bbox 2083 3714 2244 3769; x_wconf 85' lang='lat' dir='ltr'><strong>habet</strong></span> <span class='ocrx_word' id='word_1_603' title='bbox 2289 3730 2415 3769; x_wconf 91' lang='lat' dir='ltr'><strong>cum</strong></span> <span class='ocrx_word' id='word_1_604' title='bbox 2462 3715 2846 3769; x_wconf 82' lang='lat' dir='ltr'><strong>universorum</strong></span> <span class='ocrx_word' id='word_1_605' title='bbox 2893 3712 3024 3777; x_wconf 85' lang='lat' dir='ltr'><strong>Deo,</strong></span> <span class='ocrx_word' id='word_1_606' title='bbox 3066 3729 3225 3782; x_wconf 90' lang='lat' dir='ltr'><strong>quem</strong></span> <span class='ocrx_word' id='word_1_607' title='bbox 3279 3715 3498 3783; x_wconf 85' lang='lat' dir='ltr'><strong>pietatis</strong></span> 
     </span>
    </p>
   </div>
   <div class='ocr_carea' id='block_1_82' title="bbox 1936 3803 3500 3875">
    <p class='ocr_par' dir='ltr' id='par_1_82' title="bbox 1936 3803 3500 3875">
     <span class='ocr_line' id='line_1_82' title="bbox 1936 3803 3500 3875; baseline -0.002 -16"><span class='ocrx_word' id='word_1_608' title='bbox 1936 3805 2120 3859; x_wconf 92' lang='lat' dir='ltr'><strong>cultor</strong></span> <span class='ocrx_word' id='word_1_609' title='bbox 2173 3804 2474 3875; x_wconf 84' lang='lat' dir='ltr'><strong>ingenitum</strong></span> <span class='ocrx_word' id='word_1_610' title='bbox 2527 3819 2670 3869; x_wconf 90' lang='lat' dir='ltr'><strong>esse,</strong></span> <span class='ocrx_word' id='word_1_611' title='bbox 2705 3805 2868 3874; x_wconf 87' lang='lat' dir='ltr'><strong>idque</strong></span> <span class='ocrx_word' id='word_1_612' title='bbox 2909 3803 3084 3859; x_wconf 82' lang='lat' dir='ltr'><strong>Patris</strong></span> <span class='ocrx_word' id='word_1_613' title='bbox 3142 3804 3500 3872; x_wconf 83' lang='lat' dir='ltr'><strong>appellatione</strong></span> 
     </span>
    </p>
   </div>
   <div class='ocr_carea' id='block_1_83' title="bbox 1931 3896 3498 3968">
    <p class='ocr_par' dir='ltr' id='par_1_83' title="bbox 1931 3896 3498 3968">
     <span class='ocr_line' id='line_1_83' title="bbox 1931 3896 3498 3968; baseline -0.004 -16"><span class='ocrx_word' id='word_1_614' title='bbox 1931 3897 2255 3968; x_wconf 85' lang='lat' dir='ltr'><strong>signiﬁcari,</strong></span> <span class='ocrx_word' id='word_1_615' title='bbox 2295 3904 2350 3951; x_wconf 89' lang='lat' dir='ltr'><strong>et</strong></span> <span class='ocrx_word' id='word_1_616' title='bbox 2402 3904 2640 3967; x_wconf 87' lang='lat' dir='ltr'><strong>utroque</strong></span> <span class='ocrx_word' id='word_1_617' title='bbox 2687 3898 3000 3968; x_wconf 86' lang='lat' dir='ltr'><strong>signiﬁcatu</strong></span> <span class='ocrx_word' id='word_1_618' title='bbox 3035 3896 3409 3950; x_wconf 81' lang='lat' dir='ltr'><strong>habitudinem</strong></span> <span class='ocrx_word' id='word_1_619' title='bbox 3442 3904 3498 3947; x_wconf 79' lang='lat' dir='ltr'><strong>et</strong></span> 
     </span>
    </p>
   </div>
   <div class='ocr_carea' id='block_1_84' title="bbox 1932 3983 3494 4058">
    <p class='ocr_par' dir='ltr' id='par_1_84' title="bbox 1932 3983 3494 4058">
     <span class='ocr_line' id='line_1_84' title="bbox 1932 3983 3494 4058; baseline -0.004 -16"><span class='ocrx_word' id='word_1_620' title='bbox 1932 3989 2308 4058; x_wconf 84' lang='lat' dir='ltr'><strong>cognationem</strong></span> <span class='ocrx_word' id='word_1_621' title='bbox 2343 3987 2412 4041; x_wconf 90' lang='lat' dir='ltr'><strong>ad</strong></span> <span class='ocrx_word' id='word_1_622' title='bbox 2439 3985 2640 4041; x_wconf 87' lang='lat' dir='ltr'><strong>Filium</strong></span> <span class='ocrx_word' id='word_1_623' title='bbox 2667 3987 2938 4042; x_wconf 89' lang='lat' dir='ltr'><strong>declarari</strong></span> <span class='ocrx_word' id='word_1_624' title='bbox 2987 3985 3220 4040; x_wconf 85' lang='lat' dir='ltr'><strong>libenter</strong></span> <span class='ocrx_word' id='word_1_625' title='bbox 3261 3983 3494 4038; x_wconf 82' lang='lat' dir='ltr'><strong>conﬁtc-</strong></span> 
     </span>
    </p>
   </div>
   <div class='ocr_carea' id='block_1_85' title="bbox 1933 4073 3498 4142">
    <p class='ocr_par' dir='ltr' id='par_1_85' title="bbox 1933 4073 3498 4142">
     <span class='ocr_line' id='line_1_85' title="bbox 1933 4073 3498 4142; baseline -0.004 -11"><span class='ocrx_word' id='word_1_626' title='bbox 1933 4088 2043 4131; x_wconf 91' lang='lat' dir='ltr'><strong>tur.</strong></span> <span class='ocrx_word' id='word_1_627' title='bbox 2079 4079 2414 4134; x_wconf 87' lang='lat' dir='ltr'><strong>Atveritatis</strong></span> <span class='ocrx_word' id='word_1_628' title='bbox 2468 4078 2666 4133; x_wconf 87' lang='lat' dir='ltr'><strong>irrisor</strong></span> <span class='ocrx_word' id='word_1_629' title='bbox 2710 4075 2992 4131; x_wconf 87' lang='lat' dir='ltr'><strong>contendit</strong></span> <span class='ocrx_word' id='word_1_630' title='bbox 3036 4073 3217 4128; x_wconf 87' lang='lat' dir='ltr'><strong>Patris</strong></span> <span class='ocrx_word' id='word_1_631' title='bbox 3256 4073 3498 4142; x_wconf 78' lang='lat' dir='ltr'><strong>appella-</strong></span> 
     </span>
    </p>
   </div>
   <div class='ocr_carea' id='block_1_86' title="bbox 1931 4163 3498 4239">
    <p class='ocr_par' dir='ltr' id='par_1_86' title="bbox 1931 4163 3498 4239">
     <span class='ocr_line' id='line_1_86' title="bbox 1931 4163 3498 4239; baseline -0.004 -16"><span class='ocrx_word' id='word_1_632' title='bbox 1931 4169 2079 4224; x_wconf 89' lang='lat' dir='ltr'><strong>tione</strong></span> <span class='ocrx_word' id='word_1_633' title='bbox 2109 4183 2216 4224; x_wconf 92' lang='lat' dir='ltr'><strong>non</strong></span> <span class='ocrx_word' id='word_1_634' title='bbox 2236 4169 2472 4238; x_wconf 87' lang='lat' dir='ltr'><strong>amplius</strong></span> <span class='ocrx_word' id='word_1_635' title='bbox 2503 4166 2824 4239; x_wconf 85' lang='lat' dir='ltr'><strong>signiﬁcari,</strong></span> <span class='ocrx_word' id='word_1_636' title='bbox 2853 4165 3000 4235; x_wconf 90' lang='lat' dir='ltr'><strong>quod</strong></span> <span class='ocrx_word' id='word_1_637' title='bbox 3037 4163 3208 4220; x_wconf 84' lang='lat' dir='ltr'><strong>Filius</strong></span> <span class='ocrx_word' id='word_1_638' title='bbox 3237 4180 3304 4220; x_wconf 84' lang='lat' dir='ltr'><strong>ex</strong></span> <span class='ocrx_word' id='word_1_639' title='bbox 3335 4179 3403 4220; x_wconf 87' lang='lat' dir='ltr'><strong>eo</strong></span> <span class='ocrx_word' id='word_1_640' title='bbox 3427 4166 3498 4218; x_wconf 86' lang='lat' dir='ltr'><strong>sit</strong></span> 
     </span>
    </p>
   </div>
   <div class='ocr_carea' id='block_1_87' title="bbox 1929 4256 3492 4329">
    <p class='ocr_par' dir='ltr' id='par_1_87' title="bbox 1929 4256 3492 4329">
     <span class='ocr_line' id='line_1_87' title="bbox 1929 4256 3492 4329; baseline -0.004 -15"><span class='ocrx_word' id='word_1_641' title='bbox 1929 4261 2165 4329; x_wconf 87' lang='lat' dir='ltr'><strong>genitus,</strong></span> <span class='ocrx_word' id='word_1_642' title='bbox 2201 4260 2248 4314; x_wconf 91' lang='lat' dir='ltr'><strong>si</strong></span> <span class='ocrx_word' id='word_1_643' title='bbox 2280 4259 2470 4313; x_wconf 87' lang='lat' dir='ltr'><strong>eadem</strong></span> <span class='ocrx_word' id='word_1_644' title='bbox 2497 4256 2861 4326; x_wconf 85' lang='lat' dir='ltr'><strong>appellatione</strong></span> <span class='ocrx_word' id='word_1_645' title='bbox 2891 4256 3117 4327; x_wconf 88' lang='lat' dir='ltr'><strong>ingeniti</strong></span> <span class='ocrx_word' id='word_1_646' title='bbox 3137 4270 3358 4326; x_wconf 88' lang='lat' dir='ltr'><strong>quoque</strong></span> <span class='ocrx_word' id='word_1_647' title='bbox 3393 4271 3492 4309; x_wconf 84' lang='lat' dir='ltr'><strong>no-</strong></span> 
     </span>
    </p>
   </div>
   <div class='ocr_carea' id='block_1_88' title="bbox 1931 4347 2712 4416">
    <p class='ocr_par' dir='ltr' id='par_1_88' title="bbox 1931 4347 2712 4416">
     <span class='ocr_line' id='line_1_88' title="bbox 1931 4347 2712 4416; baseline 0.001 -17"><span class='ocrx_word' id='word_1_648' title='bbox 1931 4348 2009 4402; x_wconf 90' lang='lat' dir='ltr'><strong>tio</strong></span> <span class='ocrx_word' id='word_1_649' title='bbox 2033 4350 2305 4402; x_wconf 85' lang='lat' dir='ltr'><strong>mentibus</strong></span> <span class='ocrx_word' id='word_1_650' title='bbox 2331 4347 2712 4416; x_wconf 86' lang='lat' dir='ltr'><strong>ingenerctur.</strong></span> 
     </span>
    </p>
   </div>
   <div class='ocr_carea' id='block_1_89' title="bbox 321 4437 1831 4528">
    <p class='ocr_par' dir='ltr' id='par_1_89' title="bbox 321 4438 1828 4511">
     <span class='ocr_line' id='line_1_89' title="bbox 321 4438 1828 4511; baseline -0.001 -20"><span class='ocrx_word' id='word_1_651' title='bbox 321 4438 446 4491; x_wconf 80' lang='grc' dir='ltr'><strong>Ἐτι</strong></span> <span class='ocrx_word' id='word_1_652' title='bbox 472 4438 529 4492; x_wconf 72' lang='grc' dir='ltr'>δὲ</span> <span class='ocrx_word' id='word_1_653' title='bbox 564 4439 841 4493; x_wconf 73' lang='grc' dir='ltr'>καὶτοῦτο</span> <span class='ocrx_word' id='word_1_654' title='bbox 864 4439 998 4507; x_wconf 72' lang='grc' dir='ltr'>πρὸς</span> <span class='ocrx_word' id='word_1_655' title='bbox 1042 4440 1261 4510; x_wconf 75' lang='grc' dir='ltr'>ἔλεγχον</span> <span class='ocrx_word' id='word_1_656' title='bbox 1293 4441 1390 4510; x_wconf 81' lang='grc' dir='ltr'><strong>τῆς</strong></span> <span class='ocrx_word' id='word_1_657' title='bbox 1415 4440 1525 4493; x_wconf 86' lang='grc' dir='ltr'>τῶν</span> <span class='ocrx_word' id='word_1_658' title='bbox 1554 4439 1828 4511; x_wconf 79' lang='grc' dir='ltr'>ῥηθέντων</span> 
     </span>
    </p>
   </div>
   <div class='ocr_carea' id='block_1_90' title="bbox 1933 4437 3500 4528">
    <p class='ocr_par' dir='ltr' id='par_1_90' title="bbox 2002 4437 3500 4495">
     <span class='ocr_line' id='line_1_90' title="bbox 2002 4437 3500 4495; baseline 0.003 -4"><span class='ocrx_word' id='word_1_659' title='bbox 2002 4437 2270 4494; x_wconf 62' lang='lat' dir='ltr'><strong>Praeterea</strong></span> <span class='ocrx_word' id='word_1_660' title='bbox 2297 4437 2365 4491; x_wconf 87' lang='lat' dir='ltr'><strong>ad</strong></span> <span class='ocrx_word' id='word_1_661' title='bbox 2390 4437 2748 4493; x_wconf 89' lang='lat' dir='ltr'><strong>absurditatis</strong></span> <span class='ocrx_word' id='word_1_662' title='bbox 2784 4438 3168 4494; x_wconf 82' lang='lat' dir='ltr'><strong>refutationem</strong></span> <span class='ocrx_word' id='word_1_663' title='bbox 3207 4439 3375 4493; x_wconf 90' lang='lat' dir='ltr'><strong>etiam</strong></span> <span class='ocrx_word' id='word_1_664' title='bbox 3398 4440 3500 4495; x_wconf 87' lang='lat' dir='ltr'><strong>hoc</strong></span> 
     </span>
    </p>
   </div>
   <div class='ocr_carea' id='block_1_91' title="bbox 251 4524 1831 4602">
    <p class='ocr_par' dir='ltr' id='par_1_91' title="bbox 251 4528 1827 4602">
     <span class='ocr_line' id='line_1_91' title="bbox 251 4528 1827 4602; baseline -0.002 -18"><span class='ocrx_word' id='word_1_665' title='bbox 251 4533 477 4595; x_wconf 72' lang='grc' dir='ltr'>ἀτοπίας</span> <span class='ocrx_word' id='word_1_666' title='bbox 517 4531 1037 4602; x_wconf 69' lang='grc' dir='ltr'>ωμπαραλάϐωμεν</span> <span class='ocrx_word' id='word_1_667' title='bbox 1063 4548 1075 4562; x_wconf 89' lang='grc'><strong>·</strong></span> <span class='ocrx_word' id='word_1_668' title='bbox 1106 4533 1241 4602; x_wconf 85' lang='grc' dir='ltr'>ὅπερ</span> <span class='ocrx_word' id='word_1_669' title='bbox 1275 4530 1465 4584; x_wconf 75' lang='grc' dir='ltr'>οὐδένα</span> <span class='ocrx_word' id='word_1_670' title='bbox 1496 4528 1637 4599; x_wconf 76' lang='grc' dir='ltr'>φημὶ</span> <span class='ocrx_word' id='word_1_671' title='bbox 1663 4568 1677 4590; x_wconf 89' lang='grc'><strong>,</strong></span> <span class='ocrx_word' id='word_1_672' title='bbox 1706 4528 1827 4581; x_wconf 82' lang='grc' dir='ltr'>οὐδὲ</span> 
     </span>
    </p>
   </div>
   <div class='ocr_carea' id='block_1_92' title="bbox 1933 4524 3500 4602">
    <p class='ocr_par' dir='ltr' id='par_1_92' title="bbox 1933 4524 3500 4596">
     <span class='ocr_line' id='line_1_92' title="bbox 1933 4524 3500 4596; baseline -0.001 -15"><span class='ocrx_word' id='word_1_673' title='bbox 1933 4527 2333 4591; x_wconf 91' lang='lat' dir='ltr'><strong>adsciscamus,</strong></span> <span class='ocrx_word' id='word_1_674' title='bbox 2365 4525 2511 4596; x_wconf 89' lang='lat' dir='ltr'><strong>quod</strong></span> <span class='ocrx_word' id='word_1_675' title='bbox 2548 4525 2845 4591; x_wconf 88' lang='lat' dir='ltr'><strong>neminem,</strong></span> <span class='ocrx_word' id='word_1_676' title='bbox 2874 4540 2942 4580; x_wconf 89' lang='lat' dir='ltr'><strong>ne</strong></span> <span class='ocrx_word' id='word_1_677' title='bbox 2970 4524 3128 4580; x_wconf 90' lang='lat' dir='ltr'><strong>valde</strong></span> <span class='ocrx_word' id='word_1_678' title='bbox 3164 4524 3385 4595; x_wconf 87' lang='lat' dir='ltr'><strong>quidem</strong></span> <span class='ocrx_word' id='word_1_679' title='bbox 3420 4524 3500 4580; x_wconf 91' lang='lat' dir='ltr'><strong>in-</strong></span> 
     </span>
    </p>
   </div>
   <div class='ocr_carea' id='block_1_93' title="bbox 251 4619 1828 4694">
    <p class='ocr_par' dir='ltr' id='par_1_93' title="bbox 251 4619 1828 4694">
     <span class='ocr_line' id='line_1_93' title="bbox 251 4619 1828 4694; baseline -0.003 -20"><span class='ocrx_word' id='word_1_680' title='bbox 251 4622 357 4674; x_wconf 76' lang='grc' dir='ltr'>τῶν</span> <span class='ocrx_word' id='word_1_681' title='bbox 389 4623 590 4694; x_wconf 77' lang='grc' dir='ltr'>κομιδῇ</span> <span class='ocrx_word' id='word_1_682' title='bbox 618 4622 827 4690; x_wconf 84' lang='grc' dir='ltr'>νηπίων</span> <span class='ocrx_word' id='word_1_683' title='bbox 851 4623 955 4675; x_wconf 84' lang='grc' dir='ltr'><strong>ὑπὸ</strong></span> <span class='ocrx_word' id='word_1_684' title='bbox 975 4625 1362 4694; x_wconf 78' lang='grc' dir='ltr'>γραμματιστῇ</span> <span class='ocrx_word' id='word_1_685' title='bbox 1381 4622 1474 4675; x_wconf 69' lang='grc' dir='ltr'>καὶ</span> <span class='ocrx_word' id='word_1_686' title='bbox 1496 4619 1828 4690; x_wconf 84' lang='grc' dir='ltr'>παιδαγωγῷ</span> 
     </span>
    </p>
   </div>
   <div class='ocr_carea' id='block_1_94' title="bbox 253 4711 1824 4784">
    <p class='ocr_par' dir='ltr' id='par_1_94' title="bbox 253 4711 1824 4784">
     <span class='ocr_line' id='line_1_94' title="bbox 253 4711 1824 4784; baseline 0 -21"><span class='ocrx_word' id='word_1_687' title='bbox 253 4713 384 4781; x_wconf 60' lang='grc' dir='ltr'>πρὸς</span> <span class='ocrx_word' id='word_1_688' title='bbox 455 4713 560 4783; x_wconf 77' lang='grc' dir='ltr'><strong>τὴν</strong></span> <span class='ocrx_word' id='word_1_689' title='bbox 630 4711 994 4782; x_wconf 81' lang='grc' dir='ltr'>ὀνομαστικὴν</span> <span class='ocrx_word' id='word_1_690' title='bbox 1054 4712 1399 4784; x_wconf 88' lang='grc' dir='ltr'>τεχνολογίαν</span> <span class='ocrx_word' id='word_1_691' title='bbox 1467 4711 1824 4780; x_wconf 84' lang='grc' dir='ltr'>έναγόμενον,</span> 
     </span>
    </p>
   </div>
   <div class='ocr_carea' id='block_1_95' title="bbox 193 4800 1826 4874">
    <p class='ocr_par' dir='ltr' id='par_1_95' title="bbox 193 4800 1826 4874">
     <span class='ocr_line' id='line_1_95' title="bbox 193 4800 1826 4874; baseline -0.001 -18"><span class='ocrx_word' id='word_1_692' title='bbox 193 4839 198 4848; x_wconf 69' lang='grc' dir='ltr'><em>ς</em></span> <span class='ocrx_word' id='word_1_693' title='bbox 251 4806 483 4869; x_wconf 62' lang='grc' dir='ltr'>ἀγνοεῖν.</span> <span class='ocrx_word' id='word_1_694' title='bbox 529 4803 630 4866; x_wconf 84' lang='grc' dir='ltr'><strong>Τίς</strong></span> <span class='ocrx_word' id='word_1_695' title='bbox 659 4803 767 4874; x_wconf 77' lang='grc' dir='ltr'>γὰρ</span> <span class='ocrx_word' id='word_1_696' title='bbox 791 4804 891 4856; x_wconf 86' lang='grc' dir='ltr'><strong>ούκ</strong></span> <span class='ocrx_word' id='word_1_697' title='bbox 911 4800 1051 4858; x_wconf 84' lang='grc' dir='ltr'>οἶδεν</span> <span class='ocrx_word' id='word_1_698' title='bbox 1081 4804 1162 4858; x_wconf 83' lang='grc' dir='ltr'>ὅτι</span> <span class='ocrx_word' id='word_1_699' title='bbox 1190 4803 1297 4857; x_wconf 85' lang='grc' dir='ltr'><strong>τῶν</strong></span> <span class='ocrx_word' id='word_1_700' title='bbox 1315 4803 1597 4874; x_wconf 83' lang='grc' dir='ltr'>ὀνομάτων</span> <span class='ocrx_word' id='word_1_701' title='bbox 1628 4803 1696 4856; x_wconf 74' lang='grc' dir='ltr'>τὰ</span> <span class='ocrx_word' id='word_1_702' title='bbox 1729 4802 1826 4871; x_wconf 86' lang='grc' dir='ltr'>μὲν</span> 
     </span>
    </p>
   </div>
   <div class='ocr_carea' id='block_1_96' title="bbox 251 4891 1828 4964">
    <p class='ocr_par' dir='ltr' id='par_1_96' title="bbox 251 4891 1828 4964">
     <span class='ocr_line' id='line_1_96' title="bbox 251 4891 1828 4964; baseline -0.002 -19"><span class='ocrx_word' id='word_1_703' title='bbox 251 4895 494 4949; x_wconf 66' lang='grc' dir='ltr'><strong>ἀπόλυτᾶ</strong></span> <span class='ocrx_word' id='word_1_704' title='bbox 516 4911 577 4946; x_wconf 89' lang='grc' dir='ltr'><strong>τε</strong></span> <span class='ocrx_word' id='word_1_705' title='bbox 604 4894 700 4946; x_wconf 77' lang='grc' dir='ltr'>καὶ</span> <span class='ocrx_word' id='word_1_706' title='bbox 732 4893 965 4962; x_wconf 78' lang='grc' dir='ltr'>ἄσχετα,</span> <span class='ocrx_word' id='word_1_707' title='bbox 997 4893 1066 4946; x_wconf 75' lang='grc' dir='ltr'>τὰ</span> <span class='ocrx_word' id='word_1_708' title='bbox 1092 4893 1149 4946; x_wconf 84' lang='grc' dir='ltr'>δὲ</span> <span class='ocrx_word' id='word_1_709' title='bbox 1176 4892 1311 4964; x_wconf 83' lang='grc' dir='ltr'>πρός</span> <span class='ocrx_word' id='word_1_710' title='bbox 1335 4909 1456 4945; x_wconf 87' lang='grc' dir='ltr'>τινα</span> <span class='ocrx_word' id='word_1_711' title='bbox 1485 4891 1669 4961; x_wconf 86' lang='grc' dir='ltr'>σχέσιν</span> <span class='ocrx_word' id='word_1_712' title='bbox 1699 4892 1828 4944; x_wconf 84' lang='grc' dir='ltr'>ὠνο-</span> 
     </span>
    </p>
   </div>
   <div class='ocr_carea' id='block_1_97' title="bbox 255 4981 1829 5054">
    <p class='ocr_par' dir='ltr' id='par_1_97' title="bbox 255 4981 1829 5054">
     <span class='ocr_line' id='line_1_97' title="bbox 255 4981 1829 5054; baseline -0.001 -18"><span class='ocrx_word' id='word_1_713' title='bbox 255 4985 502 5054; x_wconf 70' lang='grc' dir='ltr'>μασμένα</span> <span class='ocrx_word' id='word_1_714' title='bbox 525 4983 710 5049; x_wconf 77' lang='grc' dir='ltr'>ἑστίν;</span> <span class='ocrx_word' id='word_1_715' title='bbox 743 4983 930 5036; x_wconf 72' lang='grc' dir='ltr'>Αὐτῶν</span> <span class='ocrx_word' id='word_1_716' title='bbox 950 4983 1006 5036; x_wconf 88' lang='grc' dir='ltr'>δὲ</span> <span class='ocrx_word' id='word_1_717' title='bbox 1033 4982 1234 5036; x_wconf 87' lang='grc' dir='ltr'>τούτων</span> <span class='ocrx_word' id='word_1_718' title='bbox 1267 4983 1427 5036; x_wconf 75' lang='grc' dir='ltr'>πάλιν</span> <span class='ocrx_word' id='word_1_719' title='bbox 1447 4981 1597 5034; x_wconf 76' lang='grc' dir='ltr'>ἐστιν</span> <span class='ocrx_word' id='word_1_720' title='bbox 1623 4983 1658 5034; x_wconf 80' lang='grc' dir='ltr'><strong>ἃ.</strong></span> <span class='ocrx_word' id='word_1_721' title='bbox 1688 4981 1829 5035; x_wconf 77' lang='grc' dir='ltr'>κατὰ</span> 
     </span>
    </p>
   </div>
   <div class='ocr_carea' id='block_1_98' title="bbox 249 5073 1827 5148">
    <p class='ocr_par' dir='ltr' id='par_1_98' title="bbox 249 5073 1827 5148">
     <span class='ocr_line' id='line_1_98' title="bbox 249 5073 1827 5148; baseline -0.001 -20"><span class='ocrx_word' id='word_1_722' title='bbox 249 5081 340 5146; x_wconf 66' lang='grc' dir='ltr'>τὴν</span> <span class='ocrx_word' id='word_1_723' title='bbox 369 5079 483 5131; x_wconf 82' lang='grc' dir='ltr'><strong>τῶν</strong></span> <span class='ocrx_word' id='word_1_724' title='bbox 518 5075 818 5148; x_wconf 81' lang='grc' dir='ltr'>χρωμένων</span> <span class='ocrx_word' id='word_1_725' title='bbox 845 5075 1098 5146; x_wconf 83' lang='grc' dir='ltr'>βούλησιν</span> <span class='ocrx_word' id='word_1_726' title='bbox 1127 5073 1442 5146; x_wconf 75' lang='grc' dir='ltr'>ὲπιρῤεπῶς</span> <span class='ocrx_word' id='word_1_727' title='bbox 1474 5074 1609 5143; x_wconf 78' lang='grc' dir='ltr'>πρὸς</span> <span class='ocrx_word' id='word_1_728' title='bbox 1639 5074 1827 5126; x_wconf 79' lang='grc' dir='ltr'>ἑκάτε-</span> 
     </span>
    </p>
   </div>
   <div class='ocr_carea' id='block_1_99' title="bbox 253 5167 1827 5241">
    <p class='ocr_par' dir='ltr' id='par_1_99' title="bbox 253 5167 1827 5241">
     <span class='ocr_line' id='line_1_99' title="bbox 253 5167 1827 5241; baseline -0.003 -17"><span class='ocrx_word' id='word_1_729' title='bbox 253 5188 340 5238; x_wconf 64' lang='grc' dir='ltr'>ρθν</span> <span class='ocrx_word' id='word_1_730' title='bbox 378 5175 539 5241; x_wconf 68' lang='grc' dir='ltr'>ἔχει’</span> <span class='ocrx_word' id='word_1_731' title='bbox 588 5169 626 5222; x_wconf 75' lang='grc' dir='ltr'>ἃ</span> <span class='ocrx_word' id='word_1_732' title='bbox 673 5170 759 5237; x_wconf 70' lang='grc' dir='ltr'><strong>ἐφ’</strong></span> <span class='ocrx_word' id='word_1_733' title='bbox 811 5169 1021 5223; x_wconf 76' lang='grc' dir='ltr'>ἑαυτῶν</span> <span class='ocrx_word' id='word_1_734' title='bbox 1066 5171 1164 5238; x_wconf 79' lang='grc' dir='ltr'>μὲν</span> <span class='ocrx_word' id='word_1_735' title='bbox 1203 5168 1467 5238; x_wconf 85' lang='grc' dir='ltr'>λεγόμενα</span> <span class='ocrx_word' id='word_1_736' title='bbox 1498 5167 1595 5237; x_wconf 83' lang='grc' dir='ltr'><strong>τὴν</strong></span> <span class='ocrx_word' id='word_1_737' title='bbox 1650 5167 1827 5235; x_wconf 78' lang='grc' dir='ltr'>ἁπλῆν</span> 
     </span>
    </p>
   </div>
   <div class='ocr_carea' id='block_1_100' title="bbox 247 5259 1828 5331">
    <p class='ocr_par' dir='ltr' id='par_1_100' title="bbox 247 5259 1828 5331">
     <span class='ocr_line' id='line_1_100' title="bbox 247 5259 1828 5331; baseline -0.001 -18"><span class='ocrx_word' id='word_1_738' title='bbox 247 5263 587 5316; x_wconf 62' lang='grc' dir='ltr'>ἐνδείκνυται</span> <span class='ocrx_word' id='word_1_739' title='bbox 619 5260 870 5330; x_wconf 86' lang='grc' dir='ltr'>δύναμιν,</span> <span class='ocrx_word' id='word_1_740' title='bbox 915 5261 1309 5331; x_wconf 86' lang='grc' dir='ltr'>μετατιθέμενα</span> <span class='ocrx_word' id='word_1_741' title='bbox 1341 5261 1398 5314; x_wconf 87' lang='grc' dir='ltr'>δὲ</span> <span class='ocrx_word' id='word_1_742' title='bbox 1433 5260 1690 5323; x_wconf 86' lang='grc' dir='ltr'>πολλάκις</span> <span class='ocrx_word' id='word_1_743' title='bbox 1721 5259 1828 5312; x_wconf 83' lang='grc' dir='ltr'><strong>τῶν</strong></span> 
     </span>
    </p>
   </div>
   <div class='ocr_carea' id='block_1_101' title="bbox 247 5350 1829 5422">
    <p class='ocr_par' dir='ltr' id='par_1_101' title="bbox 247 5350 1829 5422">
     <span class='ocr_line' id='line_1_101' title="bbox 247 5350 1829 5422; baseline 0.003 -22"><span class='ocrx_word' id='word_1_744' title='bbox 247 5355 378 5419; x_wconf 57' lang='grc' dir='ltr'>πρός</span> <span class='ocrx_word' id='word_1_745' title='bbox 413 5371 472 5406; x_wconf 82' lang='grc' dir='ltr'><strong>τι</strong></span> <span class='ocrx_word' id='word_1_746' title='bbox 510 5351 744 5418; x_wconf 84' lang='grc' dir='ltr'>γίνεται.</span> <span class='ocrx_word' id='word_1_747' title='bbox 777 5351 886 5404; x_wconf 76' lang='grc' dir='ltr'><strong>Καὶ</strong></span> <span class='ocrx_word' id='word_1_748' title='bbox 917 5351 1004 5404; x_wconf 85' lang='grc' dir='ltr'><strong>ἴνα</strong></span> <span class='ocrx_word' id='word_1_749' title='bbox 1027 5353 1180 5422; x_wconf 86' lang='grc' dir='ltr'>μήτι</span> <span class='ocrx_word' id='word_1_750' title='bbox 1242 5351 1431 5422; x_wconf 78' lang='grc' dir='ltr'>πόρρω</span> <span class='ocrx_word' id='word_1_751' title='bbox 1465 5350 1572 5403; x_wconf 83' lang='grc' dir='ltr'><strong>τῶν</strong></span> <span class='ocrx_word' id='word_1_752' title='bbox 1610 5368 1829 5422; x_wconf 89' lang='grc' dir='ltr'>προκει-</span> 
     </span>
    </p>
   </div>
   <div class='ocr_carea' id='block_1_102' title="bbox 248 5443 1824 5514">
    <p class='ocr_par' dir='ltr' id='par_1_102' title="bbox 248 5443 1824 5514">
     <span class='ocr_line' id='line_1_102' title="bbox 248 5443 1824 5514; baseline -0.001 -18"><span class='ocrx_word' id='word_1_753' title='bbox 248 5444 421 5510; x_wconf 67' lang='grc' dir='ltr'>μένων</span> <span class='ocrx_word' id='word_1_754' title='bbox 455 5443 826 5512; x_wconf 71' lang='grc' dir='ltr'>ὑποδείγματι</span> <span class='ocrx_word' id='word_1_755' title='bbox 854 5444 1134 5514; x_wconf 87' lang='grc' dir='ltr'>χρώμενος</span> <span class='ocrx_word' id='word_1_756' title='bbox 1172 5444 1496 5514; x_wconf 78' lang='grc' dir='ltr'>ὲπιμηκύνω</span> <span class='ocrx_word' id='word_1_757' title='bbox 1528 5444 1618 5495; x_wconf 85' lang='grc' dir='ltr'><strong>τὸν</strong></span> <span class='ocrx_word' id='word_1_758' title='bbox 1647 5443 1824 5510; x_wconf 83' lang='grc' dir='ltr'>λόγον,</span> 
     </span>
    </p>
   </div>
   <div class='ocr_carea' id='block_1_103' title="bbox 245 5528 1822 5604">
    <p class='ocr_par' dir='ltr' id='par_1_103' title="bbox 245 5528 1822 5604">
     <span class='ocr_line' id='line_1_103' title="bbox 245 5528 1822 5604; baseline -0.003 -17"><span class='ocrx_word' id='word_1_759' title='bbox 245 5528 316 5596; x_wconf 67' lang='grc' dir='ltr'><strong>ἐξ</strong></span> <span class='ocrx_word' id='word_1_760' title='bbox 344 5532 536 5587; x_wconf 69' lang='grc' dir='ltr'>αὐτῶν</span> <span class='ocrx_word' id='word_1_761' title='bbox 571 5530 680 5584; x_wconf 86' lang='grc' dir='ltr'><strong>τῶν</strong></span> <span class='ocrx_word' id='word_1_762' title='bbox 712 5531 1016 5601; x_wconf 84' lang='grc' dir='ltr'>δογμάτων,</span> <span class='ocrx_word' id='word_1_763' title='bbox 1066 5532 1094 5584; x_wconf 78' lang='grc' dir='ltr'>ὃ</span> <span class='ocrx_word' id='word_1_764' title='bbox 1127 5532 1290 5599; x_wconf 86' lang='grc' dir='ltr'>λέγω,</span> <span class='ocrx_word' id='word_1_765' title='bbox 1341 5531 1822 5604; x_wconf 76' lang='grc' dir='ltr'>σαφηνισθήσεται.</span> 
     </span>
    </p>
   </div>
   <div class='ocr_carea' id='block_1_104' title="bbox 337 5711 1828 5784">
    <p class='ocr_par' dir='ltr' id='par_1_104' title="bbox 337 5711 1828 5784">
     <span class='ocr_line' id='line_1_104' title="bbox 337 5711 1828 5784; baseline -0.001 -16"><span class='ocrx_word' id='word_1_766' title='bbox 337 5713 396 5768; x_wconf 86' lang='grc'><strong>’0</strong></span> <span class='ocrx_word' id='word_1_767' title='bbox 428 5713 589 5776; x_wconf 73' lang='grc' dir='ltr'>Θεὸς.</span> <span class='ocrx_word' id='word_1_768' title='bbox 620 5711 718 5765; x_wconf 66' lang='grc' dir='ltr'><strong>καὶ</strong></span> <span class='ocrx_word' id='word_1_769' title='bbox 760 5713 949 5783; x_wconf 80' lang='grc' dir='ltr'>Πατήρ</span> <span class='ocrx_word' id='word_1_770' title='bbox 970 5752 984 5774; x_wconf 88' lang='grc'><strong>.</strong></span> <span class='ocrx_word' id='word_1_771' title='bbox 1030 5716 1122 5767; x_wconf 73' lang='grc' dir='ltr'><strong>καὶ</strong></span> <span class='ocrx_word' id='word_1_772' title='bbox 1166 5714 1412 5784; x_wconf 76' lang='grc' dir='ltr'>βασιλεὺς</span> <span class='ocrx_word' id='word_1_773' title='bbox 1439 5715 1652 5783; x_wconf 83' lang='grc' dir='ltr'>λέγεται</span> <span class='ocrx_word' id='word_1_774' title='bbox 1679 5753 1691 5779; x_wconf 90' lang='grc'><strong>,</strong></span> <span class='ocrx_word' id='word_1_775' title='bbox 1734 5715 1828 5767; x_wconf 68' lang='grc' dir='ltr'><strong>καὶ</strong></span> 
     </span>
    </p>
   </div>
   <div class='ocr_carea' id='block_1_105' title="bbox 464 5808 1126 5872">
    <p class='ocr_par' dir='ltr' id='par_1_105' title="bbox 464 5808 1126 5872">
     <span class='ocr_line' id='line_1_105' title="bbox 464 5808 1126 5872; baseline -0.002 -1"><span class='ocrx_word' id='word_1_776' title='bbox 464 5809 746 5872; x_wconf 73' lang='grc' dir='ltr'>ΡΑτιιοι..</span> <span class='ocrx_word' id='word_1_777' title='bbox 795 5808 910 5866; x_wconf 78' lang='lat' dir='ltr'><strong>Gn.</strong></span> <span class='ocrx_word' id='word_1_778' title='bbox 949 5808 1126 5870; x_wconf 76' lang='lat' dir='ltr'><strong>XLV.</strong></span> 
     </span>
    </p>
   </div>
   <div class='ocr_carea' id='block_1_106' title="bbox 1927 4617 3497 4689">
    <p class='ocr_par' dir='ltr' id='par_1_106' title="bbox 1927 4617 3497 4689">
     <span class='ocr_line' id='line_1_106' title="bbox 1927 4617 3497 4689; baseline -0.001 -17"><span class='ocrx_word' id='word_1_779' title='bbox 1927 4618 2156 4686; x_wconf 87' lang='lat' dir='ltr'><strong>fantem,</strong></span> <span class='ocrx_word' id='word_1_780' title='bbox 2182 4618 2276 4689; x_wconf 91' lang='lat' dir='ltr'><strong>qui</strong></span> <span class='ocrx_word' id='word_1_781' title='bbox 2306 4617 2482 4673; x_wconf 90' lang='lat' dir='ltr'><strong>adhuc</strong></span> <span class='ocrx_word' id='word_1_782' title='bbox 2509 4633 2540 4672; x_wconf 91' lang='lat' dir='ltr'><strong>a</strong></span> <span class='ocrx_word' id='word_1_783' title='bbox 2580 4618 2956 4689; x_wconf 85' lang='lat' dir='ltr'><strong>grammaticis</strong></span> <span class='ocrx_word' id='word_1_784' title='bbox 2999 4628 3054 4672; x_wconf 89' lang='lat' dir='ltr'><strong>et</strong></span> <span class='ocrx_word' id='word_1_785' title='bbox 3091 4617 3404 4688; x_wconf 80' lang='lat' dir='ltr'><strong>paedagogis</strong></span> <span class='ocrx_word' id='word_1_786' title='bbox 3441 4617 3497 4670; x_wconf 92' lang='lat' dir='ltr'><strong>iu</strong></span> 
     </span>
    </p>
   </div>
   <div class='ocr_carea' id='block_1_107' title="bbox 1932 4707 3500 4777">
    <p class='ocr_par' dir='ltr' id='par_1_107' title="bbox 1932 4707 3500 4777">
     <span class='ocr_line' id='line_1_107' title="bbox 1932 4707 3500 4777; baseline -0.003 -13"><span class='ocrx_word' id='word_1_787' title='bbox 1932 4709 2213 4764; x_wconf 88' lang='lat' dir='ltr'><strong>nominum</strong></span> <span class='ocrx_word' id='word_1_788' title='bbox 2267 4707 2670 4776; x_wconf 20' lang='lat' dir='ltr'><strong>discendorum,</strong></span> <span class='ocrx_word' id='word_1_789' title='bbox 2714 4716 2832 4762; x_wconf 88' lang='lat' dir='ltr'><strong>arte</strong></span> <span class='ocrx_word' id='word_1_790' title='bbox 2885 4715 3200 4773; x_wconf 85' lang='lat' dir='ltr'><strong>exercetur,</strong></span> <span class='ocrx_word' id='word_1_791' title='bbox 3242 4707 3500 4777; x_wconf 84' lang='lat' dir='ltr'><strong>ignorare</strong></span> 
     </span>
    </p>
   </div>
   <div class='ocr_carea' id='block_1_108' title="bbox 1928 4795 3501 4866">
    <p class='ocr_par' dir='ltr' id='par_1_108' title="bbox 1928 4795 3501 4866">
     <span class='ocr_line' id='line_1_108' title="bbox 1928 4795 3501 4866; baseline -0.003 -13"><span class='ocrx_word' id='word_1_792' title='bbox 1928 4799 2200 4854; x_wconf 89' lang='lat' dir='ltr'><strong>existimo.</strong></span> <span class='ocrx_word' id='word_1_793' title='bbox 2223 4796 2358 4864; x_wconf 83' lang='lat' dir='ltr'><strong>Quis</strong></span> <span class='ocrx_word' id='word_1_794' title='bbox 2381 4801 2526 4853; x_wconf 89' lang='lat' dir='ltr'><strong>enim</strong></span> <span class='ocrx_word' id='word_1_795' title='bbox 2560 4797 2737 4852; x_wconf 89' lang='lat' dir='ltr'><strong>nescit</strong></span> <span class='ocrx_word' id='word_1_796' title='bbox 2771 4795 3051 4850; x_wconf 88' lang='lat' dir='ltr'><strong>nominum</strong></span> <span class='ocrx_word' id='word_1_797' title='bbox 3091 4795 3343 4866; x_wconf 63' lang='lat' dir='ltr'><strong>quadam</strong></span> <span class='ocrx_word' id='word_1_798' title='bbox 3377 4809 3501 4849; x_wconf 90' lang='lat' dir='ltr'><strong>esse</strong></span> 
     </span>
    </p>
   </div>
   <div class='ocr_carea' id='block_1_109' title="bbox 1937 4884 3500 4958">
    <p class='ocr_par' dir='ltr' id='par_1_109' title="bbox 1937 4884 3500 4958">
     <span class='ocr_line' id='line_1_109' title="bbox 1937 4884 3500 4958; baseline -0.006 -14"><span class='ocrx_word' id='word_1_799' title='bbox 1937 4889 2210 4954; x_wconf 87' lang='lat' dir='ltr'><strong>absoluta,</strong></span> <span class='ocrx_word' id='word_1_800' title='bbox 2258 4896 2313 4943; x_wconf 88' lang='lat' dir='ltr'><strong>et</strong></span> <span class='ocrx_word' id='word_1_801' title='bbox 2366 4888 2546 4944; x_wconf 89' lang='lat' dir='ltr'><strong>omnis</strong></span> <span class='ocrx_word' id='word_1_802' title='bbox 2611 4894 2899 4958; x_wconf 87' lang='lat' dir='ltr'><strong>respectus</strong></span> <span class='ocrx_word' id='word_1_803' title='bbox 2940 4887 3210 4957; x_wconf 80' lang='lat' dir='ltr'><strong>expertia,</strong></span> <span class='ocrx_word' id='word_1_804' title='bbox 3249 4884 3500 4955; x_wconf 61' lang='lat' dir='ltr'><strong>quaedam</strong></span> 
     </span>
    </p>
   </div>
   <div class='ocr_carea' id='block_1_110' title="bbox 1936 4975 3496 5049">
    <p class='ocr_par' dir='ltr' id='par_1_110' title="bbox 1936 4975 3496 5049">
     <span class='ocr_line' id='line_1_110' title="bbox 1936 4975 3496 5049; baseline -0.003 -15"><span class='ocrx_word' id='word_1_805' title='bbox 1936 4995 2068 5036; x_wconf 88' lang='lat' dir='ltr'><strong>vero</strong></span> <span class='ocrx_word' id='word_1_806' title='bbox 2093 4979 2160 5034; x_wconf 90' lang='lat' dir='ltr'><strong>ad</strong></span> <span class='ocrx_word' id='word_1_807' title='bbox 2187 4979 2336 5034; x_wconf 88' lang='lat' dir='ltr'><strong>aliud</strong></span> <span class='ocrx_word' id='word_1_808' title='bbox 2371 4979 2650 5049; x_wconf 89' lang='lat' dir='ltr'><strong>quidpiam</strong></span> <span class='ocrx_word' id='word_1_809' title='bbox 2682 4987 2995 5049; x_wconf 81' lang='lat' dir='ltr'><strong>respectum</strong></span> <span class='ocrx_word' id='word_1_810' title='bbox 3029 4977 3267 5033; x_wconf 80' lang='lat' dir='ltr'><strong>habere?</strong></span> <span class='ocrx_word' id='word_1_811' title='bbox 3303 4975 3382 5030; x_wconf 81' lang='lat' dir='ltr'><strong>Ex</strong></span> <span class='ocrx_word' id='word_1_812' title='bbox 3411 4975 3496 5030; x_wconf 88' lang='lat' dir='ltr'><strong>his</strong></span> 
     </span>
    </p>
   </div>
   <div class='ocr_carea' id='block_1_111' title="bbox 1936 5069 3502 5140">
    <p class='ocr_par' dir='ltr' id='par_1_111' title="bbox 1936 5069 3502 5140">
     <span class='ocr_line' id='line_1_111' title="bbox 1936 5069 3502 5140; baseline -0.005 -12"><span class='ocrx_word' id='word_1_813' title='bbox 1936 5088 2131 5128; x_wconf 88' lang='lat' dir='ltr'><strong>rursus</strong></span> <span class='ocrx_word' id='word_1_814' title='bbox 2166 5071 2427 5135; x_wconf 90' lang='lat' dir='ltr'><strong>nonnulla</strong></span> <span class='ocrx_word' id='word_1_815' title='bbox 2457 5071 2830 5138; x_wconf 88' lang='lat' dir='ltr'><strong>inveniuntur,</strong></span> <span class='ocrx_word' id='word_1_816' title='bbox 2861 5085 2982 5140; x_wconf 70' lang='lat' dir='ltr'><strong>qua:</strong></span> <span class='ocrx_word' id='word_1_817' title='bbox 3013 5085 3080 5125; x_wconf 83' lang='lat' dir='ltr'><strong>ex</strong></span> <span class='ocrx_word' id='word_1_818' title='bbox 3107 5069 3375 5124; x_wconf 91' lang='lat' dir='ltr'><strong>utentium</strong></span> <span class='ocrx_word' id='word_1_819' title='bbox 3410 5082 3502 5121; x_wconf 72' lang='grc' dir='ltr'>ιιι-ο</span> 
     </span>
    </p>
   </div>
   <div class='ocr_carea' id='block_1_112' title="bbox 1935 5160 3502 5233">
    <p class='ocr_par' dir='ltr' id='par_1_112' title="bbox 1935 5160 3502 5233">
     <span class='ocr_line' id='line_1_112' title="bbox 1935 5160 3502 5233; baseline -0.004 -15"><span class='ocrx_word' id='word_1_820' title='bbox 1935 5163 2106 5218; x_wconf 83' lang='lat' dir='ltr'><strong>bitrio</strong></span> <span class='ocrx_word' id='word_1_821' title='bbox 2158 5164 2225 5218; x_wconf 89' lang='lat' dir='ltr'><strong>ad</strong></span> <span class='ocrx_word' id='word_1_822' title='bbox 2279 5164 2599 5218; x_wconf 88' lang='lat' dir='ltr'><strong>utrumlibet</strong></span> <span class='ocrx_word' id='word_1_823' title='bbox 2641 5171 2766 5232; x_wconf 89' lang='lat' dir='ltr'><strong>apta</strong></span> <span class='ocrx_word' id='word_1_824' title='bbox 2809 5170 2960 5228; x_wconf 88' lang='lat' dir='ltr'><strong>sunt,</strong></span> <span class='ocrx_word' id='word_1_825' title='bbox 3011 5177 3134 5233; x_wconf 69' lang='lat' dir='ltr'><strong>qua:</strong></span> <span class='ocrx_word' id='word_1_826' title='bbox 3172 5160 3502 5230; x_wconf 86' lang='lat' dir='ltr'><strong>simpliciter</strong></span> 
     </span>
    </p>
   </div>
   <div class='ocr_carea' id='block_1_113' title="bbox 1934 5251 3500 5325">
    <p class='ocr_par' dir='ltr' id='par_1_113' title="bbox 1934 5251 3500 5325">
     <span class='ocr_line' id='line_1_113' title="bbox 1934 5251 3500 5325; baseline -0.003 -17"><span class='ocrx_word' id='word_1_827' title='bbox 1934 5256 2143 5325; x_wconf 87' lang='lat' dir='ltr'><strong>prolata</strong></span> <span class='ocrx_word' id='word_1_828' title='bbox 2185 5255 2237 5308; x_wconf 92' lang='lat' dir='ltr'><strong>vi</strong></span> <span class='ocrx_word' id='word_1_829' title='bbox 2277 5270 2498 5324; x_wconf 91' lang='lat' dir='ltr'><strong>quoque</strong></span> <span class='ocrx_word' id='word_1_830' title='bbox 2545 5254 2787 5323; x_wconf 89' lang='lat' dir='ltr'><strong>simplici</strong></span> <span class='ocrx_word' id='word_1_831' title='bbox 2822 5263 3114 5316; x_wconf 65' lang='lat' dir='ltr'><strong>constant,</strong></span> <span class='ocrx_word' id='word_1_832' title='bbox 3157 5251 3500 5320; x_wconf 87' lang='lat' dir='ltr'><strong>transposita</strong></span> 
     </span>
    </p>
   </div>
   <div class='ocr_carea' id='block_1_114' title="bbox 1933 5340 3500 5414">
    <p class='ocr_par' dir='ltr' id='par_1_114' title="bbox 1933 5340 3500 5414">
     <span class='ocr_line' id='line_1_114' title="bbox 1933 5340 3500 5414; baseline -0.002 -17"><span class='ocrx_word' id='word_1_833' title='bbox 1933 5358 2066 5400; x_wconf 91' lang='lat' dir='ltr'><strong>vero</strong></span> <span class='ocrx_word' id='word_1_834' title='bbox 2095 5344 2296 5414; x_wconf 63' lang='lat' dir='ltr'><strong>saepius</strong></span> <span class='ocrx_word' id='word_1_835' title='bbox 2324 5345 2551 5398; x_wconf 88' lang='lat' dir='ltr'><strong>relativa</strong></span> <span class='ocrx_word' id='word_1_836' title='bbox 2593 5344 2750 5398; x_wconf 88' lang='lat' dir='ltr'><strong>ﬁunt.</strong></span> <span class='ocrx_word' id='word_1_837' title='bbox 2804 5343 2869 5397; x_wconf 85' lang='lat' dir='ltr'><strong>Et</strong></span> <span class='ocrx_word' id='word_1_838' title='bbox 2910 5359 2978 5398; x_wconf 87' lang='lat' dir='ltr'><strong>ne</strong></span> <span class='ocrx_word' id='word_1_839' title='bbox 3007 5340 3251 5411; x_wconf 79' lang='lat' dir='ltr'><strong>aliunde,</strong></span> <span class='ocrx_word' id='word_1_840' title='bbox 3306 5343 3500 5412; x_wconf 87' lang='lat' dir='ltr'><strong>procul</strong></span> 
     </span>
    </p>
   </div>
   <div class='ocr_carea' id='block_1_115' title="bbox 1933 5434 3501 5505">
    <p class='ocr_par' dir='ltr' id='par_1_115' title="bbox 1933 5434 3501 5505">
     <span class='ocr_line' id='line_1_115' title="bbox 1933 5434 3501 5505; baseline -0.003 -15"><span class='ocrx_word' id='word_1_841' title='bbox 1933 5437 2002 5490; x_wconf 89' lang='lat' dir='ltr'><strong>ab</strong></span> <span class='ocrx_word' id='word_1_842' title='bbox 2033 5437 2286 5490; x_wconf 89' lang='lat' dir='ltr'><strong>instituto</strong></span> <span class='ocrx_word' id='word_1_843' title='bbox 2318 5441 2528 5498; x_wconf 88' lang='lat' dir='ltr'><strong>nostro,</strong></span> <span class='ocrx_word' id='word_1_844' title='bbox 2573 5435 2838 5505; x_wconf 83' lang='lat' dir='ltr'><strong>exemplis</strong></span> <span class='ocrx_word' id='word_1_845' title='bbox 2870 5435 3153 5490; x_wconf 89' lang='lat' dir='ltr'><strong>accersitis</strong></span> <span class='ocrx_word' id='word_1_846' title='bbox 3177 5435 3354 5488; x_wconf 89' lang='lat' dir='ltr'><strong>oratio</strong></span> <span class='ocrx_word' id='word_1_847' title='bbox 3379 5434 3501 5487; x_wconf 84' lang='lat' dir='ltr'><strong>lou-</strong></span> 
     </span>
    </p>
   </div>
   <div class='ocr_carea' id='block_1_116' title="bbox 1933 5524 3500 5597">
    <p class='ocr_par' dir='ltr' id='par_1_116' title="bbox 1933 5524 3500 5597">
     <span class='ocr_line' id='line_1_116' title="bbox 1933 5524 3500 5597; baseline -0.001 -17"><span class='ocrx_word' id='word_1_848' title='bbox 1933 5527 2052 5595; x_wconf 84' lang='lat' dir='ltr'><strong>gior</strong></span> <span class='ocrx_word' id='word_1_849' title='bbox 2079 5526 2296 5588; x_wconf 81' lang='lat' dir='ltr'><strong>evadat,</strong></span> <span class='ocrx_word' id='word_1_850' title='bbox 2330 5539 2396 5580; x_wconf 84' lang='lat' dir='ltr'><strong>ex</strong></span> <span class='ocrx_word' id='word_1_851' title='bbox 2424 5525 2559 5596; x_wconf 89' lang='lat' dir='ltr'><strong>ipsis</strong></span> <span class='ocrx_word' id='word_1_852' title='bbox 2590 5525 2957 5597; x_wconf 87' lang='lat' dir='ltr'><strong>dogmatibus,</strong></span> <span class='ocrx_word' id='word_1_853' title='bbox 2981 5525 3049 5582; x_wconf 90' lang='lat' dir='ltr'><strong>de</strong></span> <span class='ocrx_word' id='word_1_854' title='bbox 3077 5527 3278 5596; x_wconf 84' lang='lat' dir='ltr'><strong>quibus</strong></span> <span class='ocrx_word' id='word_1_855' title='bbox 3307 5524 3500 5596; x_wconf 86' lang='lat' dir='ltr'><strong>dispu—</strong></span> 
     </span>
    </p>
   </div>
   <div class='ocr_carea' id='block_1_117' title="bbox 1936 5617 3499 5689">
    <p class='ocr_par' dir='ltr' id='par_1_117' title="bbox 1936 5617 3499 5689">
     <span class='ocr_line' id='line_1_117' title="bbox 1936 5617 3499 5689; baseline -0.004 -16"><span class='ocrx_word' id='word_1_856' title='bbox 1936 5619 2068 5673; x_wconf 85' lang='lat' dir='ltr'><strong>tatio</strong></span> <span class='ocrx_word' id='word_1_857' title='bbox 2095 5626 2348 5686; x_wconf 88' lang='lat' dir='ltr'><strong>suscepta</strong></span> <span class='ocrx_word' id='word_1_858' title='bbox 2379 5625 2484 5682; x_wconf 90' lang='lat' dir='ltr'><strong>est,</strong></span> <span class='ocrx_word' id='word_1_859' title='bbox 2517 5618 2567 5672; x_wconf 89' lang='lat' dir='ltr'><strong>id</strong></span> <span class='ocrx_word' id='word_1_860' title='bbox 2609 5617 2751 5689; x_wconf 92' lang='lat' dir='ltr'><strong>quod</strong></span> <span class='ocrx_word' id='word_1_861' title='bbox 2780 5632 2988 5682; x_wconf 87' lang='lat' dir='ltr'><strong>assero,</strong></span> <span class='ocrx_word' id='word_1_862' title='bbox 3014 5619 3237 5689; x_wconf 86' lang='lat' dir='ltr'><strong>planum</strong></span> <span class='ocrx_word' id='word_1_863' title='bbox 3281 5617 3499 5674; x_wconf 87' lang='lat' dir='ltr'><strong>faciam.</strong></span> 
     </span>
    </p>
   </div>
   <div class='ocr_carea' id='block_1_118' title="bbox 2011 5709 3504 5782">
    <p class='ocr_par' dir='ltr' id='par_1_118' title="bbox 2011 5709 3504 5782">
     <span class='ocr_line' id='line_1_118' title="bbox 2011 5709 3504 5782; baseline -0.003 -16"><span class='ocrx_word' id='word_1_864' title='bbox 2011 5712 2153 5771; x_wconf 87' lang='lat' dir='ltr'><strong>Deus</strong></span> <span class='ocrx_word' id='word_1_865' title='bbox 2189 5719 2298 5766; x_wconf 91' lang='lat' dir='ltr'><strong>tam</strong></span> <span class='ocrx_word' id='word_1_866' title='bbox 2331 5709 2488 5766; x_wconf 86' lang='lat' dir='ltr'><strong>Pater</strong></span> <span class='ocrx_word' id='word_1_867' title='bbox 2518 5725 2679 5781; x_wconf 89' lang='lat' dir='ltr'><strong>quam</strong></span> <span class='ocrx_word' id='word_1_868' title='bbox 2713 5725 2806 5766; x_wconf 86' lang='lat' dir='ltr'><strong>rex</strong></span> <span class='ocrx_word' id='word_1_869' title='bbox 2838 5712 3164 5782; x_wconf 86' lang='lat' dir='ltr'><strong>appellatur,</strong></span> <span class='ocrx_word' id='word_1_870' title='bbox 3195 5720 3248 5766; x_wconf 91' lang='lat' dir='ltr'><strong>et</strong></span> <span class='ocrx_word' id='word_1_871' title='bbox 3275 5723 3504 5767; x_wconf 84' lang='lat' dir='ltr'><strong>sexcen-</strong></span> 
     </span>
    </p>
   </div>
   <div class='ocr_carea' id='block_1_119' title="bbox 3027 5804 3098 5866">
    <p class='ocr_par' dir='ltr' id='par_1_119' title="bbox 3027 5804 3098 5866">
     <span class='ocr_line' id='line_1_119' title="bbox 3027 5804 3098 5866; baseline 0.014 -1"><span class='ocrx_word' id='word_1_872' title='bbox 3027 5804 3098 5866; x_wconf 79' lang='grc'><strong>14</strong></span> 
     </span>
    </p>
   </div>
  </div>
