4032 6208
507 265 610 320 ιίϊῖ

1771 275 1826 330 S.
1854 274 2175 332 GREGORII
2204 274 2498 334 NYSSENI

3646 273 3744 332 69.8

512 386 579 441 tis
617 391 742 445 aliis
776 391 1093 446 nominibus
1121 405 1150 444 a
1190 406 1348 447 sacra
1383 391 1666 462 Scriptura
1697 394 1950 451 aﬁicitur.
2000 396 2075 450 Ex

2207 398 2394 469 ιυρίοις
2424 397 2679 468 ὀνόμασιν
2707 396 2883 459 ἄλλοις
2915 393 3058 466 παρᾲ
3093 393 3194 463 τῆς
3219 393 3378 462 ἁγίας
3394 390 3619 463 Γραφῆς
3645 391 3755 447 6w-

513 482 597 562 his
628 482 792 552 igitur
815 481 1150 548 nominibus,
1179 485 1428 554 quaedam
1455 485 1704 541 absolute
1735 496 1789 540 et
1814 488 1935 544 sine
1961 489 2076 542 ullo

515 574 583 627 ad
625 574 774 628 aliud
804 577 1354 650 respectu,solitarie
1399 584 1454 632 et
1499 593 1594 647 per
1614 593 1679 633 se
1714 585 1980 648 us'urpare
2013 579 2082 633 li-

515 665 819 734 cet,qualia
851 676 979 721 sunt
997 667 1408 735 iucorruptibilis
1434 668 1498 734 “,
1519 680 1744 723 wteruus
1763 670 1831 735 ",
1861 671 2080 724 immor-

520 756 642 808 talis
662 755 726 818 ⁸⁵,
777 765 829 810 et
867 757 912 812 si
961 773 1082 826 qua:
1128 759 1232 811 alia
1282 768 1410 813 sunt
1470 760 1635 829 hujus
1689 761 1884 816 classis
1923 781 1934 816 :
1969 763 2083 818 hare

519 847 686 909 enim,
718 846 843 902 licet
869 848 1004 901 nihil
1040 848 1187 902 aliud
1236 851 1619 918 subaudiatur,
1661 853 1962 921 perfectum
2017 854 2085 908 de

522 935 630 992 Deo
668 946 989 1008 conceptum
1023 940 1368 1009 ingenerant.
1424 942 1546 996 Alia
1593 958 1723 997 vero
1753 944 1976 997 nomina
2031 943 2085 998 id

522 1030 719 1094 solum,
753 1030 898 1099 quod
931 1031 998 1083 ad
1045 1032 1255 1101 aliquid
1308 1033 1442 1086 utile
1475 1043 1580 1100 est,
1633 1033 1965 1104 signiﬁcant,
2026 1043 2084 1089 ut

521 1127 607 1173 est
657 1120 958 1184 adiutor",
1011 1132 1370 1190 propugnator
1389 1123 1455 1188 “,
1497 1135 1768 1193 susceptor
1786 1125 1852 1189 δ’,
1905 1132 1959 1180 et
1987 1139 2090 1179 cre-

521 1217 640 1260 tera
664 1205 830 1277 hujus
877 1210 1113 1278 generis.
1166 1208 1319 1266 Tolle
1361 1213 1504 1267 enim
1537 1228 1684 1278 eum,
1737 1214 1830 1282 qui
1885 1215 2090 1269 auxilio

526 1306 718 1366 egeat,
767 1299 880 1369 jam
923 1300 1100 1356 otiosa
1145 1303 1250 1357 erit
1305 1302 1390 1357 his
1451 1304 1732 1360 vocabulis
1789 1305 2092 1375 signiﬁcata

531 1389 728 1444 virtus.
757 1389 897 1444 Sunt
935 1399 1116 1446 autem
1167 1393 1412 1461 quaedam
1465 1394 1764 1458 vocabula,
1822 1403 1880 1448 ut
1931 1403 2094 1450 antea

436 1544 447 1551 _
530 1478 739 1542 rlix-i,et
779 1479 1026 1535 absolute
1051 1489 1104 1536 et
1140 1481 1313 1537 relate
1360 1483 1614 1552 usurpari
1675 1485 1860 1549 solita,
1911 1495 1969 1540 ut
2010 1493 2093 1541 est

531 1567 692 1632 Deus,
727 1568 890 1623 bonus
907 1569 976 1633 '°,
1033 1577 1090 1624 et
1113 1569 1350 1637 similia;
1381 1586 1488 1626 non
1517 1572 1666 1627 enim
1697 1589 1914 1644 semper
1953 1583 2008 1629 et
2036 1575 2094 1628 in

529 1659 786 1714 omnibus
824 1675 978 1714 mens
1015 1661 1069 1714 in
1107 1662 1360 1717 absoluto
1389 1672 1575 1717 manct
1618 1681 1632 1717 :
1669 1680 1793 1720 nam
1839 1666 1932 1736 qui
1975 1667 2097 1720 uni-

2185 491 2432 562 μάζεται.
2474 491 2628 542 Ἔστι
2671 489 2848 542 τοίνυν
2881 489 2944 541 ὲκ
2971 487 3078 541 τῶν
3111 486 3391 556 ὀνομάτων
3428 486 3656 550 τούτων,
3689 485 3751 539 τὸ

2183 581 2282 651 μὲν
2309 579 2493 642 ἁπλῶς
2525 579 2695 641 οὕτως
2735 579 2818 647 ἐφ’
2843 576 3034 631 ἑαυτοῦ
3069 577 3436 648 μεμνημένον,
3467 574 3754 639 ἀπολύτως

2181 673 2370 737 εἰπεῖν,
2415 667 2545 734 οἷον,
2584 669 2901 739 ἄφθαρτος,
2935 668 3190 734 αἰώνιος,
3224 666 3542 733 ἀθάνατος,
3581 662 3676 719 καὶ
3705 666 3760 718 si

2182 781 2232 817 τι
2258 762 2386 817 ἄλλο
2414 762 2669 816 τοιοῦτον.
2706 760 2886 814 Ταῦτα
2913 759 3019 833 γάρ
3044 801 3058 825 ,
3092 758 3193 813 κᾶν
3222 759 3385 830 μηδὲν
3415 758 3598 829 ἕτερον
3632 776 3759 811 συνο

2187 855 2522 923 υπακούηται
2568 854 2783 924 νόημα,
2841 851 3257 922 ἀπηρτισμένην
3301 849 3421 904 τινά
3461 851 3592 920 περὶ
3621 849 3758 902 Θεοῦ

2185 943 2282 1014 τὴν
2314 943 2549 996 διάνοιαν
2579 944 2636 996 ὲν
2666 944 2875 1006 ἑαυτοῖς
2924 942 3274 1013 περιγράφει.
3307 941 3511 1011 Ἕτερα
3557 939 3613 992 δὲ
3645 939 3758 992 τῶν

2187 1035 2463 1106 ὀνομάτων
2504 1035 2566 1088 τὸ
2611 1035 2748 1105 πρὸς
2779 1051 2831 1087 τι
2865 1034 3132 1104 χρήσιμον
3165 1031 3532 1101 ἀποσημαίνει
3577 1030 3760 1100 μόνον,

2189 1121 2264 1184 ὼς
2287 1122 2538 1190 βοηθὸς,
2575 1123 2668 1175 καί
2705 1120 3180 1189 ὑπερασπιστὴς,
3227 1120 3318 1173 καὶ
3362 1117 3762 1186 ἀντιλήπτωρ,

2191 1211 2284 1264 καὶ
2312 1213 2410 1264 ὅσα
2439 1211 2535 1281 τῆς
2581 1211 2835 1279 τοιαύτης
2864 1209 3137 1280 σημασίας
3182 1208 3492 1278 εὑρίσκεται
3518 1221 3530 1238 ⁸
3563 1201 3637 1261 ὧν
3666 1206 3767 1260 ἐὰν

2193 1303 2394 1375 ὑφέλῃς
2419 1303 2480 1355 τὸ
2509 1305 2607 1372 τῆς
2639 1301 2886 1372 βοηθείας
2918 1301 3188 1371 δεόμενον,
3217 1301 3459 1370 ἧργησεν
3485 1299 3518 1369 ἡ
3549 1299 3759 1369 ἐμφαιο

2193 1394 2392 1466 νομένη
2426 1393 2504 1465 τῷ
2549 1393 2771 1462 ὀνόματι
2817 1391 3067 1460 δύναμις.
3098 1391 3254 1443 Ἔστι
3297 1389 3354 1442 δέ
3383 1406 3506 1442 τινα
3532 1430 3547 1456 ,
3577 1387 3770 1452 καθὼς

2195 1485 2551 1558 προείρηται,
2583 1483 2674 1536 καὶ
2706 1484 2790 1552 ἐφ’
2819 1481 3026 1535 έαυτῶν
3066 1481 3158 1534 καὶ
3202 1479 3340 1550 μετὰ
3384 1478 3494 1534 τῶν
3531 1479 3668 1550 πρός
3709 1496 3774 1531 τι

2194 1571 2480 1640 λεγόμενα,
2523 1565 2634 1624 οἷον
2666 1569 2745 1633 τὸ,
2795 1568 2941 1633 Θεὸς
2961 1609 2976 1634 ,
3010 1569 3102 1622 καὶ
3133 1568 3225 1634 τὺ,
3255 1568 3496 1638 ἀγαθὸς,
3525 1570 3618 1622 καὶ
3664 1569 3776 1622 ὅσα

2196 1661 2434 1714 τοιαῦτα.
2467 1661 2540 1714 Οὐ
2567 1661 2676 1732 γὰρ
2709 1659 2867 1730 μέχρι
2893 1659 3092 1722 παντὸς
3111 1660 3167 1712 ὲν
3189 1657 3267 1727 τῷ
3293 1657 3542 1729 ἀπολύτῳ
3563 1657 3777 1711 τούτων

530 1763 814 1804 versorum
844 1749 986 1806 Deus
1013 1758 1117 1816 est,
1157 1767 1301 1822 saepe
1340 1754 1593 1823 proprius
1631 1754 1776 1823 ejus,
1813 1742 1907 1825 qui
1947 1757 2097 1812 invo-

2207 1751 2442 1820 διαμένει
2492 1752 2526 1821 ἡ
2574 1749 2770 1803 ἔννοια.
2820 1749 2879 1803 '0
2911 1749 3019 1819 γὰρ
3055 1749 3281 1802 καθόλου
3314 1747 3481 1816 Θεὸς,
3516 1749 3642 1813 ῖδιος
3671 1749 3776 1802 τοῦ

531 1850 641 1902 cat,
665 1839 1094 1909 eilicitnr,pront
1125 1843 1304 1896 sancti
1332 1858 1433 1898 nos
1467 1835 1685 1907 docént,
1712 1845 1807 1914 qui
1843 1856 2097 1901 naturam

533 1929 738 1983 nullius
785 1929 1028 1984 dominio
1077 1930 1379 2000 subjectam
1414 1933 1611 1987 crebro
1669 1935 1772 1988 sibi
1811 1937 2093 2005 propriam

535 2019 785 2075 faciant:
819 2019 1047 2075 Sanctus
1100 2020 1358 2076 Dominus
1415 2023 1573 2077 Deus.
1628 2023 1753 2080 llzec
1816 2027 2102 2096 hucusque

535 2112 788 2167 absoluta
816 2119 980 2180 sunt;
1017 2113 1112 2169 sed
1135 2115 1229 2184 qui
1261 2114 1532 2186 adjungit,
1566 2125 1761 2182 noster,
1799 2117 1890 2172 ille
1934 2132 2102 2173 causa

535 2214 640 2272 est,
691 2219 791 2260 cur
837 2204 942 2258 hoc
985 2220 1185 2260 nomen
1216 2219 1327 2258 non
1373 2207 1548 2274 possit
1583 2207 1817 2276 amplius
1853 2207 2104 2262 absolute

536 2305 591 2352 et
640 2297 760 2351 sine
799 2295 1070 2350 relatione
1109 2295 1318 2365 accipi;
1373 2296 1501 2366 quia
1557 2296 1879 2352 habitudine
1927 2295 1996 2350 ad
2045 2312 2105 2352 se

538 2390 904 2461 signiﬁcatum
941 2389 1044 2444 sibi
1080 2391 1358 2460 proprium
1387 2391 1644 2445 reddidit.
1695 2391 1899 2444 lterum
1939 2389 2108 2459 Spiri-

540 2487 682 2540 ritus
712 2484 914 2538 clamat
946 2502 958 2538 :
991 2483 1140 2537 Abba
1164 2480 1320 2538 Pater
1343 2485 1412 2539 ⁵⁸.
1463 2483 1588 2538 llaec
1619 2498 1722 2537 vox
1754 2481 1938 2537 Patris
1981 2497 2108 2553 par-

539 2575 758 2632 ticulari
798 2575 980 2646 aliqua
1011 2573 1332 2632 habitudine
1365 2584 1534 2630 caret.
1561 2573 1668 2630 Sed
1701 2589 1824 2629 curn
1864 2584 2105 2628 nostrum

539 2670 634 2741 qui
669 2676 753 2724 est
801 2668 857 2722 in
910 2667 1088 2732 caelis,
1137 2668 1466 2737 compellare
1497 2667 1844 2736 jubemur",
1905 2681 2102 2721 rursus

542 2757 874 2830 signiﬁcatio
941 2757 1321 2812 habitudinem
1378 2757 1577 2815 induit.
1630 2757 2108 2823 Quemadmodum

543 2851 732 2922 igitur,
762 2850 855 2920 qui
889 2849 1274 2904 universorum
1317 2846 1486 2902 Deum
1531 2849 1635 2903 sibi
1676 2850 1956 2919 proprium
1996 2849 2111 2904 eili-

2197 1841 2626 1912 ὲπικαλουμένου
2668 1839 2929 1904 πολλάκις
2977 1841 3228 1909 γίνεται,
3275 1841 3462 1905 καθὼς
3502 1841 3615 1896 ἐστι
3657 1840 3778 1894 τῶν

2199 1933 2368 2002 ἁγίων
2398 1932 2635 1996 ἀκούειν,
2673 1934 3106 2004 ίδιοποιουμένων
3127 1933 3224 2005 τὴν
3250 1933 3546 1987 ἀδέσποτον
3570 1932 3728 2002 φύσιν
3753 1949 3770 1962 ·

2203 2025 2404 2092 ’Ἄγιος
2433 2024 2646 2092 Κύριος
2691 2027 2724 2078 ὀ
2771 2025 2933 2090 Θεός.
2971 2025 3113 2087 Ἕως
3139 2024 3325 2078 τούτου
3356 2023 3582 2094 ἄσχετον
3605 2039 3620 2053 ⁸
3656 2023 3778 2076 ἀλλ’

2200 2116 2229 2168 6
2278 2115 2532 2185 προσθεὶς
2585 2115 2664 2178 τὸ,
2704 2115 2891 2186 ἡμῶν,
2941 2117 3123 2170 ούκέτι
3177 2116 3376 2170 ἔδωκεν
3431 2117 3515 2185 ἐφ’
3573 2115 3777 2168 ἑαυτοῦ

2203 2205 2435 2260 νοεῖσθαι
2467 2206 2527 2259 τὺ
2552 2206 2742 2279 ὄνομα,
2777 2210 2841 2278 τῇ
2883 2207 3018 2278 πρὸς
3049 2207 3238 2260 ἑαυτὸν
3270 2207 3451 2278 σχέσει
3489 2206 3548 2259 τὸ
3575 2223 3780 2277 σημαι-

2203 2296 2422 2366 νόμενον
2451 2295 2733 2360 οίκειὼσας
2752 2315 2764 2328 ο
2785 2296 2964 2363 πάλιν,
2981 2295 3155 2352 Ἀὅόᾶ
3178 2299 3210 2350 ὁ
3233 2297 3454 2365 Πατὴρ,
3469 2297 3529 2350 τδ
3550 2295 3782 2366 Πνεῦμα

2206 2388 2340 2458 βοᾷ⁹
2393 2387 2530 2460 αὕτη
2582 2390 2614 2459 ἡ
2665 2389 2765 2457 τῆς
2821 2391 3050 2460 μερικῆς
3098 2389 3334 2458 σχέσεως
3383 2387 3774 2457 ἀπολελυμένη

2207 2481 2378 2552 φωνή.
2423 2480 2582 2533 Ἀλλά
2611 2480 2705 2534 καὶ
2733 2480 2952 2552 Πατέρα
2981 2479 3149 2549 ἡμῶν
3186 2480 3274 2533 τὸν
3319 2480 3537 2550 Πατέρα
3577 2479 3668 2532 τὸν
3717 2480 3783 2531 ὲν

2204 2575 2316 2635 τοῖς
2343 2573 2590 2642 οὐρανοῖς
2629 2572 2810 2625 καλεῖν
2868 2571 3314 2643 πρεσετάχθημεν
3335 2589 3348 2602 ο
3377 2571 3513 2641 αὕτη
3551 2571 3710 2625 πάλιν
3743 2573 3783 2643 ἡ

2208 2661 2428 2733 σχετικὴ
2463 2661 2720 2732 σημασία.
2780 2661 2989 2730 ’Ὠσπερ
3028 2660 3205 2714 τοίνυν
3237 2660 3327 2714 τὸν
3371 2660 3598 2713 καθόλου
3643 2659 3786 2712 Θεὸν

2208 2757 2398 2812 ἑαυτοῦ
2420 2774 2503 2820 τις
2536 2756 2919 2827 ποιησάμενος,
2945 2755 3096 2809 οὐδὲν
3119 2755 3216 2825 τὴν
3249 2755 3338 2808 ἐπὶ
3369 2755 3584 2808 πάντων
3615 2752 3783 2819 ἀξίαν

2208 2851 2563 2924 ⁴ἠμαύρωσεν·
2593 2850 2764 2914 οὕτως
2789 2850 2938 2904 οὐδέν
2971 2850 3090 2902 ἐστι
3124 2847 3372 2918 κώλυμα,
3406 2848 3496 2901 τὸν
3531 2846 3782 2917 Πατέρα,

542 2946 640 3009 cit,
691 2942 830 2996 nihil
872 2940 1091 3010 penitus
1126 2940 1194 2994 de
1235 2938 1355 3007 ejus
1399 2941 1451 2993 in
1487 2955 1574 2995 res
1619 2955 1811 2996 orimes
1841 2948 2106 3011 potestate

2209 2945 2301 2998 καὶ
2343 2943 2432 2997 τὸν
2461 2943 2520 3008 ἐξ
2564 2941 2748 3008 αὑτοῦ,
2809 2942 2898 2996 τὸν
2936 2941 3118 3013 πάσης
3165 2941 3394 3004 κτίσεως
3435 2938 3789 3010 πρωτότοκον

545 3031 780 3088 detrahit
815 3049 829 3085 :
863 3031 942 3085 sic
977 3030 1113 3084 nihil
1155 3029 1361 3094 obstat,
1391 3030 1628 3094 Patrem,
1650 3039 1707 3086 et
1737 3047 1862 3086 eum
1899 3032 1993 3101 qui
2026 3041 2106 3086 est

2215 3037 2588 3102 ἀναδείξαντα,
2623 3035 2758 3107 ὁμοῦ
2785 3033 2862 3106 τῷ
2893 3033 3274 3104 γεγεννηκέναι
3294 3033 3383 3085 τὸν
3418 3030 3545 3084 Υίδν
3569 3029 3657 3084 διὰ
3684 3029 3791 3100 τῆς

545 3141 612 3178 ex
641 3125 784 3194 ipso,
811 3122 994 3178 omnis
1021 3122 1283 3176 nimirum
1329 3131 1600 3177 creatura:
1664 3122 2106 3193 primogenitum,

2214 3127 2306 3182 τοῦ
2344 3128 2556 3198 Πατρὸς
2612 3127 2980 3199 προσηγορίας
3035 3125 3336 3194 σημαίνειν,
3379 3122 3473 3177 καὶ
3516 3121 3578 3175 τὸ
3615 3120 3690 3192 μὴ
3724 3121 3790 3185 ἐξ

547 3223 939 3286 reprzcsenlare
978 3212 1157 3271 Patris
1201 3213 1588 3284 appellatione,
1645 3214 1809 3267 etiam
1868 3211 1988 3266 Filii
2044 3229 2106 3268 ex

2215 3222 2391 3286 αἰτίας
2419 3219 2816 3293 ὑπερκειμένης
2839 3216 2976 3272 εἶναι
3008 3218 3096 3272 διὰ
3134 3217 3234 3288 τῆς
3261 3216 3432 3286 αὐτῆς
3459 3213 3789 3287 ἑρμηνεύειν

549 3310 670 3378 ipso
703 3305 1111 3377 generationem
1169 3304 1535 3374 signiﬁcante,
1593 3310 1646 3357 et
1693 3301 1826 3356 illud
1888 3303 2106 3372 insuper

2216 3313 2418 3382 φωνῆς.
2466 3312 2523 3364 '0
2565 3310 2674 3382 γάρ
2703 3311 2793 3365 τὸν
2836 3310 3050 3381 πρῶτον
3082 3309 3301 3380 Πατέρα
3341 3306 3530 3370 εἰπὼν,
3570 3307 3662 3359 τὸν
3687 3304 3788 3358 τοῦ

547 3398 740 3452 eadem
782 3410 915 3450 voce
937 3394 1229 3460 declarari,
1287 3391 1510 3448 Patrem
1542 3409 1572 3446 a
1627 3393 1776 3446 nulla
1827 3393 2106 3463 superiore

2219 3405 2417 3467 παντὸς
2455 3403 2934 3474 προεπινοούμενον
2965 3401 3280 3468 ἐνεδείξατο.
3315 3393 3480 3460 Οὗτος
3508 3397 3790 3458 ἐπέκεινα,

549 3502 715 3544 causa
745 3502 892 3542 esse.
952 3482 1088 3540 Nam
1123 3483 1217 3553 qui
1252 3483 1486 3552 primum
1528 3481 1742 3538 Patrem
1765 3487 2033 3550 nominat,
2069 3485 2106 3540 is

2219 3488 2371 3558 οὗτος
2404 3495 2606 3558 ἐκεῖνός
2651 3497 2816 3560 ἐστιν,
2852 3495 2951 3548 οὐκ
2987 3493 3123 3564 έχων
3156 3493 3183 3544 ὅ
3214 3509 3265 3544 τι
3299 3489 3403 3560 πρὸ
3449 3487 3638 3542 ἑαυτοῦ
3675 3488 3790 3558 ῖδῃ,

549 3593 673 3633 cum
707 3579 802 3648 qui
833 3583 961 3630 ante
999 3575 1185 3631 omnia
1216 3577 1492 3644 cogitatur
1529 3583 1584 3629 et
1618 3574 1964 3646 intelligitur,
2011 3571 2106 3630 ιιός

2220 3583 2342 3637 οὐδὲ
2394 3585 2474 3647 είς
2512 3586 2540 3638 ὅ
2577 3603 2630 3638 τι
2680 3584 2853 3656 πέρας
2899 3583 3016 3655 μεθ’
3052 3583 3240 3636 ἑαυτὸν
3283 3581 3592 3652 καταλήξῃο
3650 3577 3795 3631 ἀλλά

553 3670 744 3734 minat,
775 3667 915 3721 ultra
946 3680 1107 3736 quem
1135 3665 1281 3735 quod
1314 3674 1416 3729 est,
1447 3665 1538 3718 ille
1573 3666 1689 3734 ipse
1722 3674 1828 3729 est,
1874 3682 1982 3721 non
2019 3667 2106 3721 ba-

2224 3675 2562 3746 πανταχόθεν
2589 3676 2785 3746 ἐπίσης
2809 3675 2896 3729 ἀεὶ
2921 3674 3018 3736 ὣν,
3045 3657 3158 3728 ’καὶ
3183 3673 3369 3736 τέλους
3390 3673 3533 3742 ὅρον,
3558 3670 3652 3723 καὶ
3685 3671 3794 3738 ἀρ-

559 3763 690 3816 bens
722 3761 868 3831 quod
909 3769 1036 3814 ante
1069 3774 1129 3813 se
1169 3757 1371 3822 videat,
1417 3757 1507 3812 cui
1547 3759 1733 3813 nullus
1767 3767 1891 3830 post
1919 3775 1979 3815 se
2002 3768 2106 3815 ter-

2223 3765 2324 3835 χῆς
2371 3764 2578 3818 ἔννοιαν
2607 3767 2673 3836 τῇ
2709 3765 2930 3837 ἀπειρίᾳ
2959 3766 3058 3836 τῆς
3091 3764 3235 3834 ζωῆς
3279 3761 3590 3822 διαϐαίνων,
3638 3760 3797 3829 πάσῃ

556 3855 758 3917 minus,
784 3853 838 3907 in
871 3867 1031 3922 quem
1060 3850 1296 3914 desinat,
1329 3849 1423 3905 sed
1444 3850 1805 3922 undequaque
1835 3853 2106 3923 aequaliter

2225 3857 2561 3929 προσηγορίᾳ
2589 3857 3086 3928 συνυπακουόμενον
3113 3855 3222 3926 ἔχει
3246 3855 3338 3908 καὶ
3361 3854 3419 3907 τὸ
3443 3853 3626 3907 ἀΐδιον.

512 3956 519 3962 ’
553 3963 768 4019 semper
791 3957 895 4012 est,
931 3961 1145 4001 omnem
1179 3945 1302 4002 linis
1332 3953 1530 4000 metam
1565 3952 1618 4000 et
1647 3946 1785 4000 initii
1824 3948 2207 4018 cogitationem
2240 3950 2513 4008 inﬁnitate
2546 3967 2646 4008 sua
2687 3951 3103 4018 transcenderis,
3129 3958 3314 4021 utpote
3341 3948 3434 4020 qui
3465 3959 3796 4018 quocunque

556 4045 779 4100 nomine
809 4043 1138 4114 appelletur,
1171 4057 1386 4112 semper
1413 4042 1774 4097 aeternitatem
1805 4043 1969 4098 tacite
1995 4046 2258 4102 includat.

626 4135 734 4190 Sed
770 4134 910 4190 hanc
955 4137 1224 4204 vnlgatarn
1254 4133 1561 4188 doctrinam
1604 4148 1713 4187 non
1745 4133 1892 4204 capit
1936 4134 2123 4190 Euno-

558 4229 723 4290 in‘ius,
779 4227 874 4296 qui
905 4243 962 4282 se
993 4225 1222 4281 multum
1267 4225 1901 4296 incomprehensibilium
1939 4241 2122 4281 rerum

554 4321 1019 4392 contemplatione
1039 4327 1292 4390 occupat,
1355 4335 1457 4375 nec
1511 4317 1797 4389 cognoscit
1851 4317 2122 4388 geminam

557 4417 615 4469 in
670 4413 850 4469 Patris
920 4411 1288 4483 appellatione
1339 4410 1823 4481 signiﬁcationem,
1891 4421 2123 4477 quarum

559 4507 730 4562 altera
763 4505 1070 4569 est,omnia
1098 4517 1161 4557 ex
1196 4503 1315 4570 ipso
1344 4515 1491 4565 esse,
1551 4511 1606 4554 et
1655 4507 1784 4554 ante
1816 4499 2000 4553 omnia
2035 4497 2126 4551 Fi-

561 4600 692 4653 lium
722 4597 1082 4668 unigenitum,
1121 4608 1217 4664 per
1246 4608 1407 4664 quem
1452 4591 1595 4646 facta
1631 4598 1760 4646 sunt
1801 4593 2018 4655 omnia;
2050 4589 2129 4642 al-

563 4701 681 4745 tera
703 4697 809 4753 est,
863 4687 1081 4742 Patrem
1125 4685 1333 4739 nullam
1394 4698 1453 4738 se
1501 4683 1840 4752 superiorem
1899 4694 2126 4735 causam

563 4782 784 4837 habere.
819 4781 886 4833 At
926 4777 1056 4834 licet
1108 4777 1225 4847 ipse
1274 4775 1418 4831 hanc
1466 4774 1773 4829 doctrinam
1831 4778 2125 4841 conspuat,

567 4885 689 4932 nos,
719 4875 1033 4937 contempto
1062 4864 1181 4935 ejus
1211 4863 1326 4919 risu
1361 4863 1673 4933 spretisque
1711 4859 1968 4919 omnibus
2004 4875 2133 4914 san-

569 4962 674 5024 nis,
709 4958 936 5014 ﬁdenter
964 4957 1040 5020 id,
1080 4955 1224 5026 quod
1250 4954 1363 5022 jam
1395 4969 1425 5007 a
1464 4953 1620 5008 nobis
1652 4951 1860 5006 dictum
1885 4960 1990 5016 est,
2033 4967 2120 5006 re-

569 5050 901 5122 spondemus
938 5067 950 5104 :
986 5062 1198 5112 nempe,
1269 5045 1482 5101 Patrem
1555 5053 1609 5099 et
1647 5045 1945 5113 ingenitum
1989 5042 2133 5098 idem

571 5159 714 5210 esse,
747 5151 802 5198 et
847 5141 990 5212 quod
1019 5138 1220 5193 Filium
1252 5139 1524 5210 genuerit,
1583 5134 1840 5206 quodque
1868 5150 1933 5190 ex
1980 5135 2132 5188 nullo

572 5237 645 5290 sit
675 5235 1002 5306 signiﬁcare.

642 5327 841 5383 Verum
881 5327 1010 5389 ol'lle,
1062 5323 1359 5378 certamine
1412 5321 1640 5390 repetito
1681 5326 1734 5374 et
1785 5317 2034 5372 oratione
2082 5317 2134 5371 in

571 5417 905 5471 contrarium
943 5429 1226 5480 conversa,
1261 5414 1334 5466 ita
1360 5412 1511 5467 inﬁt:
1539 5410 1598 5466 Si
1625 5409 1783 5475 Deus,
1820 5409 1907 5480 qui
1939 5408 2136 5462 Filium

571 5506 785 5574 genuit,
832 5504 982 5562 Pater
1048 5514 1146 5569 est,
1191 5513 1240 5558 et
1283 5518 1348 5557 ea:
1404 5501 1582 5556 eodem
1627 5501 1788 5553 etiam
1839 5499 2137 5569 signiﬁcato

1346 5217 1388 5241 χ

2311 4138 2448 4192 Ἀλλ’
2474 4140 2535 4192 ού
2563 4139 2778 4210 δέχεται
2811 4139 2900 4192 τὸν
2936 4137 3239 4207 ἰδιωτισμὸν
3267 4135 3454 4190 τοῦτον
3477 4135 3504 4187 ό
3535 4132 3699 4195 πολὺς
3735 4133 3796 4185 ὲν

2227 4232 2346 4294 ταῖς
2377 4231 2483 4284 τῶν
2517 4231 2773 4301 ἀλήπτων
2805 4229 3056 4300 θεωρίαις
3099 4228 3392 4298 Εὑνόμιος·
3422 4225 3542 4278 οὐδὲ
3571 4221 3797 4276 διπλοῦν

2229 4325 2320 4378 ἐπὶ
2353 4325 2446 4378 τοῦ
2491 4324 2702 4395 Πατρδς
2730 4317 2869 4377 εἶναι
2911 4321 2972 4375 τὸ
3019 4319 3416 4390 σημαινόμενον
3455 4315 3701 4369 τίθεται·
3737 4312 3799 4364 ἒν

2216 4415 2330 4485 ’μὲν
2360 4415 2421 4467 τὸ
2442 4454 2456 4478 ,
2489 4413 2546 4480 ἐξ
2579 4412 2788 4466 ἐκείνου
2817 4410 2886 4464 τὰ
2929 4410 3107 4464 πάντα
3130 4448 3144 4472 ,
3184 4407 3278 4461 καὶ
3305 4405 3410 4476 πρὸ
3459 4405 3674 4456 πάντων
3701 4401 3800 4455 τὸν

2233 4505 2358 4558 Υίὸν
2403 4503 2699 4574 μονογενῆ,
2729 4502 2794 4556 δι’
2833 4494 2894 4555 οὗ
2927 4500 2996 4554 τά
3030 4500 3226 4564 πάντα,
3265 4492 3650 4567 σημαίνεσθαι·
3679 4491 3802 4544 ἓτε-

2235 4612 2325 4664 ρον
2358 4596 2415 4649 es
2438 4595 2498 4648 τὸ
2529 4593 2794 4666 μηδεμίαν
2819 4592 2979 4646 αὑτὸν
3000 4588 3398 4661 ὑπερκειμένην
3425 4584 3604 4639 αἰτίαν
3631 4581 3799 4652 ἔχειν.

2244 4687 2403 4741 Ἀλλά
2442 4687 2542 4740 κᾶν
2589 4688 2790 4748 ἐκεῖνος
2833 4683 3078 4736 διαπτύει
3121 4681 3210 4734 τὸν
3254 4679 3430 4746 λόγον,
3467 4677 3624 4746 ἡμεῖς
3665 4673 3800 4742 παρ’

2233 4779 2382 4833 οὐδὲν
2419 4779 2508 4832 τὸν
2534 4777 2744 4846 γέλωτα
2772 4775 2862 4828 τὸν
2888 4770 3235 4844 χλευαστικὸν
3267 4768 3642 4838 ποιησάμενοι,
3667 4763 3805 4834 eap-

2237 4871 2452 4942 ροὖντες
2481 4865 2936 4940 ἀποκρινούμεθα,
2958 4864 3092 4934 ὅπερ
3127 4861 3425 4932 εἰρήκαμεν
3449 4857 3572 4928 ἤδη,
3601 4855 3682 4908 ὅτι
3704 4853 3805 4905 καὶ

2235 4959 2428 5012 ταύτόν
2481 4961 2626 5012 ἐστιν
2656 4960 2684 5010 ό
2713 4956 2898 5028 Πατὴρ
2940 4954 3017 5025 τῷ
3054 4951 3353 5022 ἀγεννήτῳ,
3393 4949 3486 5002 καὶ
3515 4946 3576 4999 τὸ
3607 4961 3806 5013 γεγεν-

2236 5053 2458 5122 νηκέναι
2507 5051 2597 5104 τὸν
2637 5051 2757 5104 Υἰὸν
2805 5047 3078 5119 σημαίνει,
3109 5044 3203 5099 καὶ
3233 5043 3293 5096 τὸ
3326 5041 3386 5106 ἐξ
3413 5037 3622 5100 οὐδενὸς
3662 5033 3807 5089 εἶναι

2240 5145 2586 5214 παρίστησιν.

2324 5316 2382 5368 '0
2407 5313 2462 5367 δὲ
2488 5314 2580 5366 καὶ
2604 5309 2992 5381 ἐπαγωνίζεται
3021 5311 3132 5372 τοῖς
3157 5305 3487 5379 εἰρημένοις,
3529 5301 3622 5356 καί
3647 5316 3808 5372 φησι,

2244 5408 2337 5460 καὶ
2372 5406 2550 5475 μέντοι
2583 5405 2675 5458 καὶ
2706 5403 2840 5474 πρὸς
2872 5400 3176 5455 τούναντίον
3206 5395 3545 5466 ἀντιστρέφει
3580 5392 3742 5446 πάλιν
3782 5393 3816 5445 6

2243 5495 2398 5563 λόγος
2414 5511 2426 5522 ο
2452 5494 2520 5545 Et
2540 5491 2647 5561 γὰρ
2671 5491 2767 5545 διὰ
2788 5490 2852 5544 τὸ
2881 5487 3296 5560 γεγεννηκέναι
3321 5485 3429 5539 τόν
3458 5481 3590 5536 Υίόν
3614 5483 3647 5535 ό
3665 5481 3815 5540 Cede

646 5622 691 5651 ⁸³
731 5618 884 5672 Rom.
935 5634 978 5677 ι,
1013 5618 1102 5672 23.
1180 5617 1227 5648 “
1266 5617 1424 5670 Rom.
1479 5632 1565 5666 ni
1595 5657 1609 5684 ,
1644 5613 1739 5684 ἳϐἑ
1769 5613 1813 5644 ⁸⁸
1850 5615 1871 5666 ι
1910 5613 2092 5684 Tim.”

2219 5611 2352 5684 7.__"
2394 5609 2536 5684 Psal.
2585 5625 2658 5684 nr,
2688 5607 2778 5664 20.
2856 5605 3022 5664 “lsa.
3069 5617 3223 5672 um,
3261 5603 3314 5658 1.
3389 5601 3432 5632 δ’
3475 5599 3617 5657 Psal.
3647 5614 3726 5664 In,
3753 5595 3815 5653 ι..

575 5690 833 5745 "Matth.
873 5703 985 5753 xix,
1029 5687 1130 5755 t6;
1172 5685 1306 5745 Mar.
1345 5686 1430 5756 10,
1471 5685 1559 5741 15.
1595 5679 1678 5718 ’⁸³
1710 5683 1866 5741 Rom.
1897 5698 2016 5753 vni,
2049 5683 2106 5740 15

2207 5685 2240 5714 "
2276 5679 2464 5738 Matth.
2500 5695 2572 5748 vt,
2608 5680 2659 5734 9.
