4032 6208
273 313 384 372 429

1431 321 1711 380 CONTRA
1750 324 2139 393 EUNOMIUM,
2180 325 2308 381 LIB.
2348 326 2389 383 1.

3432 326 3537 384 ιεο

276 431 414 488 ἐστι
440 434 661 504 Πατὴρ,
693 431 794 490 καὶ
834 436 1054 492 ταύτὸν
1078 436 1147 492 δὲ
1182 428 1629 512 σημαινόμενον
1656 443 1855 513 Πατήρ

1970 444 2121 498 Pater
2168 445 2427 516 ingenitus
2459 452 2558 507 est,
2614 444 2845 516 sequitur
2880 440 3042 499 Deum
3073 459 3183 499 esse
3226 444 3536 515 ingenitum,

280 524 456 579 ἐστιν
489 525 589 580 καὶ
637 525 989 596 ἀγέννητυς,
1037 528 1137 583 διὰ
1171 530 1240 585 τό
1268 534 1709 605 ’γεγεννηκέναι
1753 535 1861 589 τὸν

280 615 434 681 flor,
472 619 509 671 ό
542 617 691 684 Θεός
718 617 891 672 ἐστιν
920 620 1269 690 ἁγέννητος.
1299 623 1527 696 Ἴδωμεν
1555 624 1734 680 τοίνυν
1765 626 1861 681 καὶ

279 701 371 754 τὸν
393 703 496 773 τῆς
526 704 876 776 ἀναστροφῆς
904 705 1071 760 αὑτοῦ
1105 707 1281 777 λόγον,
1322 710 1439 774 πῶς
1472 710 1608 783 πρὸς
1641 712 1861 766 τούναν-

280 792 392 847 τίον
410 794 665 848 ἀναλύων
692 797 793 869 τὴν
816 795 913 850 τοῦ
942 800 1205 871 προτέρου
1230 802 1564 874 σοφίσματος
1591 804 1858 872 σύνθεσιν,

282 884 444 939 πάλιν
477 889 628 958 ἡμᾶς
657 889 750 942 καὶ
788 889 878 943 διὰ
920 891 1113 946 τούτου
1143 897 1263 958 ταῖς
1301 895 1563 964 ἀφύκτοις
1594 900 1862 969 ἀνάγκαις

282 978 770 1047 περιστοιχίζεται.
811 978 871 1033 ’0
894 980 1156 1052 πρότερος
1182 978 1294 1054 εἶχε
1322 986 1676 1059 συλλογισμὸς
1706 989 1864 1042 τοῦτο

283 1066 346 1120 τὸ
378 1066 616 1121 ἄτοπον·
651 1072 723 1124 Et
759 1073 794 1124 ὁ
833 1072 1041 1141 Πατὴρ
1073 1074 1353 1144 σημαίνει
1400 1078 1468 1132 τὸ
1512 1079 1585 1144 ἐξ
1615 1079 1865 1146 οὐδενὸς

283 1154 435 1211 εἶναι
465 1159 577 1213 τὸν
601 1161 769 1226 Θεὸν,
811 1161 881 1228 ἐξ
919 1163 1184 1235 ἀνάγκης
1211 1167 1276 1221 τὸ
1320 1168 1734 1238 γεγεννηκέναι
1758 1172 1866 1225 τὸν

285 1251 421 1303 Flor
444 1249 645 1305 οὐκέτι
685 1252 1030 1319 ἐνδείξεται.
1061 1250 1264 1322 Οὗτος,
1303 1259 1393 1312 διά
1420 1259 1518 1330 τῆς
1540 1261 1675 1330 πρὸς
1712 1263 1865 1314 τούν-

284 1341 464 1394 αντίον
502 1342 855 1415 ἀναστροφῆς
874 1385 890 1410 ,
919 1346 1114 1418 ἑτέραν
1143 1350 1275 1419 ἡμῖν
1304 1351 1536 1404 ἀτοπίαν
1582 1352 1724 1406 κατὰ
1768 1352 1862 1407 τοῦ

288 1434 566 1505 ἡμετέρου
588 1434 857 1506 δόγματος
880 1440 1293 1509 ἐπαγγέλλεται.
1336 1442 1432 1507 Τίς
1460 1438 1550 1497 οὖν
1574 1445 1606 1514 ἡ
1634 1443 1727 1498 τοῦ
1751 1440 1868 1498 ἐκεῖ

282 1523 588 1595 δειχθέντος
618 1528 904 1595 άνάλυσις;
931 1531 999 1585 Εἰ
1027 1529 1124 1585 διὰ
1143 1531 1210 1587 τὸ
1233 1534 1675 1603 γεγεννηκέναι,
1707 1538 1862 1607 φησὶ,

284 1616 393 1669 τὸν
420 1618 578 1682 Υιὸν,
602 1620 635 1672 ό
659 1621 803 1686 Θεός
823 1620 953 1674 ἐστι
974 1621 1193 1690 Πατήρ.
1215 1624 1386 1678 Τοῦτο
1411 1626 1533 1696 ἡμῖν
1554 1627 1583 1679 ὁ
1607 1628 1867 1699 πρότερος

287 1706 646 1779 συλλογισμὸς
673 1710 733 1763 οὐ
762 1711 1127 1783 παρέστησεν,
1163 1713 1298 1768 ἀλλά
1331 1716 1409 1787 τῷ
1440 1716 1558 1787 μὲν,
1585 1717 1863 1785 δύνασθαι,

1960 536 2085 606 quia
2130 533 2333 589 Filium
2366 537 2542 606 genuit
2576 550 2596 590 .'
2633 537 2781 605 prius
2816 536 3002 607 igitur,
3025 552 3188 606 quam
3220 530 3425 589 Filium
3456 552 3543 606 ge-

1962 635 2191 689 neraret,
2226 643 2329 681 non
2355 635 2470 681 erat
2500 628 2783 697 ingenitus.
2812 626 3187 684 Discutiamus
3212 628 3379 699 igitur
3401 628 3542 682 hanc

1961 718 2082 787 ejus
2123 716 2178 770 in
2213 717 2548 771 contrarium
2576 719 3014 783 conversionem,
3055 728 3110 774 et
3138 717 3412 789 quomodo
3448 734 3543 789 per

1962 810 2163 880 prioris
2193 809 2496 881 syllogismi
2531 810 2924 864 resolutionem
2978 810 3419 867 ineluctabilibns
3448 825 3544 865 no-

1962 901 2047 956 dis
2076 915 2175 956 nos
2205 901 2569 970 constringat,
2600 900 2980 970 dispiciamus.
3010 898 3170 953 Prior
3192 900 3542 971 syllogismus

1963 992 2108 1047 hanc
2142 992 2303 1048 nobis
2332 991 2726 1048 absurditatem
2761 991 3093 1061 objiciebat:
3129 989 3189 1047 Si
3228 991 3542 1046 vocabulum

1962 1082 2151 1139 Patris
2200 1084 2486 1154 signiﬁcat,
2541 1081 2708 1138 Deum
2752 1099 2818 1138 ea:
2849 1082 2999 1137 nulla
3045 1083 3155 1137 aiia
3183 1099 3349 1137 causa
3400 1099 3539 1149 esse,

1965 1175 2257 1229 necessario
2286 1176 2540 1245 sequitur,
2574 1175 2668 1229 illo
2694 1174 2947 1230 vocabulo
2979 1192 3085 1229 non
3112 1174 3344 1245 amplius
3378 1175 3543 1245 signi-

1965 1264 2138 1332 ﬁcari,
2173 1264 2310 1335 quod
2357 1261 2561 1318 Filium
2602 1267 2858 1335 genuerit.
2904 1265 2972 1319 At
3018 1266 3123 1321 iste
3171 1266 3540 1338 syllogismus,

1965 1354 2051 1408 via
2097 1354 2152 1408 in
2205 1355 2548 1409 contrarium
2582 1370 2762 1421 versa,
2814 1356 2975 1409 aliam
3025 1357 3291 1410 doctrinae
3341 1363 3543 1409 nostra:

1965 1444 2358 1501 absurditatem
2406 1447 2655 1516 imponit.
2695 1446 2829 1513 Quae
2874 1448 3041 1518 igitur
3075 1454 3159 1502 est
3207 1447 3308 1502 ista
3344 1446 3543 1516 prioris

1967 1537 2270 1608 syllogismi
2305 1539 2617 1594 resolutio?
2667 1539 2749 1603 Si,
2807 1539 3005 1609 inquit,
3044 1538 3184 1593 Deus
3234 1552 3313 1593 est
3354 1533 3540 1601 Pater,

1967 1631 2092 1700 quia
2128 1628 2330 1685 Filium
2361 1631 2560 1701 genuit.
2582 1629 2696 1686 Hoc
2720 1631 2870 1702 prior
2899 1632 3254 1704 syllogismus
3279 1646 3384 1685 non
3413 1645 3543 1685 con-

1969 1720 2198 1785 tinebat,
2222 1720 2316 1776 sed
2350 1719 2498 1776 istud
2545 1720 2663 1774 ﬁeri
2689 1735 2799 1775 non
2831 1735 3013 1790 posse,
3040 1730 3100 1776 ut
3141 1721 3187 1777 si
3215 1718 3541 1775 vocabulum

285 1800 335 1850 εἰ
363 1798 422 1852 τὸ
443 1800 737 1870 ἀγέννητον
764 1801 857 1856 τοῦ
880 1802 1092 1874 Πατρὸς
1122 1786 1451 1877 σημανθείη,
1478 1808 1571 1861 καὶ
1601 1808 1698 1880 τὴν
1725 1811 1862 1883 πρὸς

1970 1810 2149 1864 Patris
2212 1808 2482 1879 signiticet
2535 1809 2749 1864 Patrem
2816 1786 3118 1880 ingenitum
3177 1824 3332 1872 esse,
3380 1809 3543 1865 simul

285 1890 380 1944 τὸν
416 1891 544 1945 Υίὸν
593 1893 777 1963 σχέσιν
816 1895 1102 1966 σημαίνειν
1145 1898 1178 1968 ἡ
1211 1897 1501 1952 ἀκολουθία
1549 1900 1641 1953 τοῦ
1676 1901 1862 1956 συλλο-

283 1981 489 2051 γισμοῦ
533 1982 695 2051 δῆθεν
728 1984 1018 2041 ἐδείκνυεν.
1067 1986 1142 2039 Τὸ
1173 1987 1230 2041 δὲ
1273 1986 1363 2041 διὰ
1408 1988 1566 2044 τοῦτο
1597 1991 1689 2046 τὸν
1729 1991 1862 2047 Θεὸν

281 2067 425 2125 εἷναι
456 2074 698 2146 Πατέρα,
727 2075 862 2130 διότι
886 2077 1181 2149 γεγέννηκε
1220 2078 1311 2134 τὸν
1345 2080 1493 2147 Υἱὸν,
1525 2082 1677 2137 οὐδὲν
1707 2085 1739 2155 ἡ
1768 2084 1862 2138 τοῦ

283 2164 555 2236 προτέρου
590 2166 921 2237 σοφίσματος
968 2172 1279 2243 κατασκευὴ
1321 2173 1630 2244 διωρίσατο.
1664 2169 1730 2229 Τί
1769 2173 1864 2230 οὖν

283 2257 405 2310 ἐστι
434 2258 499 2311 τὸ
523 2259 992 2331 ἀναστρεφόμενον
1027 2262 1134 2316 ὑπὸ
1168 2263 1268 2334 τῆς
1309 2264 1650 2337 διαλεκτικῆς
1687 2284 1746 2321 τε
1773 2268 1866 2322 καὶ

283 2348 542 2420 τεχνικῆς
566 2350 862 2419 ἀγχινοίας,
887 2350 1038 2405 οὔπω
1071 2353 1313 2424 συνίημι.

352 2440 504 2512 Πλὴν
528 2440 667 2495 ἀλλά
706 2444 1073 2517 σκοπήσωμεν
1118 2446 1219 2517 τὴν
1252 2446 1362 2499 τῶν
1408 2447 1717 2518 εἰρημένων
1746 2448 1865 2505 διά-

282 2548 468 2585 νοιαν⁸
507 2534 576 2585 ει
611 2532 709 2588 διὰ
749 2533 816 2588 τὸ
852 2537 1275 2607 γεγεννηκέναι
1317 2537 1424 2593 τὸν
1467 2540 1605 2595 Υιὸν
1647 2544 1682 2596 δ
1724 2543 1868 2610 Θεός

280 2626 457 2681 ἐστιν
487 2626 837 2697 ἀγέννητος,
872 2629 1016 2698 πρὶν
1059 2628 1348 2700 γεννῆσαι
1381 2631 1614 2699 τοῦτον,
1655 2636 1767 2690 οὐκ
1790 2631 1870 2707 ἦν

281 2718 636 2788 arere-"tog.
687 2719 857 2775 Πάλιν
896 2720 1113 2793 ἕτοιμος
1156 2723 1292 2794 πρὸς
1331 2724 1391 2778 τὸ
1429 2724 1736 2797 εἰρημένον,
1772 2727 1868 2781 καὶ

280 2809 494 2873 ἀτελοῦς
526 2809 627 2880 τῆς
656 2810 913 2882 ἀληθείας
940 2813 969 2865 ό
1004 2811 1181 2882 λόγος·
1216 2814 1299 2867 ὅτι
1336 2813 1430 2868 καὶ
1454 2807 1515 2869 τὸ
1544 2816 1871 2889 γεγεννηκέ-

281 2917 376 2955 ναι
402 2900 499 2953 τὸν
529 2900 661 2955 Υίὸν
690 2903 725 2972 ἡ
766 2901 861 2955 τοῦ
895 2902 1108 2974 Πατρὸς
1149 2902 1481 2959 ἐνδείκνυται
1513 2904 1740 2978 κλῆσις,
1773 2923 1872 2961 κα-

281 2988 395 3054 θὼς
416 2991 558 3061 ἡμῖν
583 2991 639 3043 ὲν
666 2992 780 3054 τοῖς
808 2992 1217 3064 προειρημένοις
1241 2993 1744 3065 προαποδέδεικται,
1774 2998 1871 3053 καὶ

280 3079 345 3134 τὸ
374 3080 454 3151 μὴ
475 3080 536 3146 ἐξ
568 3078 747 3145 αἰτίας
773 3082 1013 3136 νοεῖσθαι
1054 3100 1202 3147 τινος
1242 3084 1334 3137 τὸν
1375 3087 1736 3156 γεννήσαντα·
1775 3089 1871 3143 ἐὰν

282 3168 392 3240 μὲν
415 3170 530 3241 γὰρ
556 3170 691 3243 πρὸς
718 3172 780 3225 τὸ
804 3171 865 3239 ἐξ
890 3171 1054 3227 αὐτοῦ
1089 3173 1315 3247 βλέπῃς,
1346 3177 1380 3246 ἡ
1413 3175 1505 3230 τοῦ
1535 3178 1873 3248 Μονογενοῦς

283 3263 590 3326 ὑπόστασις
619 3264 708 3318 διὰ
751 3264 853 3336 τῆς
883 3264 976 3318 τοῦ
1010 3266 1222 3338 Πατρὸς
1267 3269 1636 3341 προσηγορίας
1674 3272 1873 3343 γνωρί-

281 3355 464 3420 ζεται.
514 3355 639 3409 Ἐάν
659 3354 717 3409 δὲ
739 3356 798 3409 τὸ
825 3355 930 3427 πρὸ
962 3356 1127 3410 αὑτοῦ
1152 3357 1434 3431 ἐξετάζῃς,
1468 3363 1501 3431 ἡ
1534 3360 1629 3414 τοῦ
1653 3362 1870 3433 Πατρὸς

282 3446 486 3515 κλῆσις
525 3447 587 3500 τὸ
620 3446 852 3519 ἄναρχον
883 3446 976 3501 τοῦ
1010 3449 1101 3501 τὸν
1134 3448 1263 3503 Υἱὸν
1284 3451 1674 3522 γεγεννηκότος
1706 3452 1873 3510 ἐνδεί-

280 3553 507 3589 κνυταιι
556 3536 619 3590 τὸ
665 3536 723 3590 δὲ
773 3537 974 3607 λέγειν,
1022 3539 1105 3592 ὅτι
1149 3541 1278 3611 πρὶν
1306 3541 1566 3612 γεννῆσαι
1608 3542 1699 3596 τὸν
1745 3543 1873 3597 Υξὸν

280 3627 395 3682 οὐκ
420 3622 492 3699 ἦν
523 3628 813 3700 ἀγέννητος
841 3631 870 3684 ό
900 3629 1052 3695 Θεὸς,
1090 3631 1281 3703 διπλῆν
1311 3633 1466 3703 φέρει
1508 3632 1607 3703 τὴν
1637 3649 1872 3703 κατηγο-

287 3720 422 3792 ρίαν
444 3720 525 3791 τῷ
545 3720 868 3793 λογογράφῳ
891 3739 906 3753 ·
940 3723 1038 3793 τῆς
1064 3741 1124 3776 τε
1151 3723 1271 3777 καθ’
1292 3722 1457 3795 ἡμῶν
1486 3724 1870 3793 συκοφαντίας,

289 3811 393 3864 καὶ
420 3810 522 3879 τῆς
553 3810 696 3865 κατά
724 3813 818 3866 τοῦ
845 3813 1108 3884 δόγματος
1137 3812 1368 3884 ὕϐρεως
1404 3813 1467 3868 τό
1502 3832 1562 3868 τε
1593 3814 1704 3885 γὰρ
1736 3817 1872 3887 μήτε

291 3899 450 3970 παρὰ
474 3899 568 3953 τοῦ
594 3900 912 3955 διδασκάλου
935 3901 1119 3973 mea,
1150 3904 1287 3973 μήτε
1315 3901 1412 3957 νῦν
1443 3903 1571 3974 παρ’
1597 3903 1772 3973 ἡμῶν,
1797 3903 1872 3967 ὡς

289 3991 723 4062 ὁμολογούμενον
754 3991 1019 4065 διασύρει·
1054 3994 1148 4047 καὶ
1174 3994 1266 4048 τὸν
1292 3994 1424 4048 Θεόν
1450 4011 1614 4066 φησιν
1645 3978 1869 4067 ὕστερόν

296 4098 435 4136 ποτε
485 4082 821 4154 γεγενῆσθαι
863 4084 1107 4156 Πατέρα,
1150 4084 1279 4139 ἄλλο
1323 4102 1376 4139 τι
1418 4084 1547 4140 ὄντα
1585 4086 1869 4158 πρότερον,

294 4174 398 4227 καὶ
424 4172 489 4225 οὐ
523 4172 760 4245 Πατέρα.
804 4174 882 4227 Δι’
925 4167 1000 4230 ὧν
1029 4174 1137 4247 γὰρ
1166 4174 1225 4229 τὸ
1252 4176 1452 4230 ἄτοπον
1480 4175 1574 4230 τοῦ
1607 4177 1871 4247 ἡμετέρου

289 4265 458 4335 λόγου
501 4267 921 4338 καταχλευάζει,
952 4269 1051 4340 τὴν
1086 4270 1276 4324 ἑαυτοῦ
1304 4272 1433 4343 περὶ
1464 4272 1524 4325 τὸ
1555 4271 1729 4344 δόγμα
1769 4290 1873 4328 πα-

294 4358 566 4429 ρανομίαν
759 4360 845 4423 Ὦς
868 4360 976 4431 γὰρ
993 4360 1418 4433 ὁμολογούμενον
1445 4362 1602 4437 ἔχων,
1633 4364 1714 4417 ὅτι
1743 4364 1871 4434 πρό-

1962 1901 2126 1956 etiam
2166 1900 2345 1955 Patris
2387 1899 2455 1954 ad
2499 1899 2697 1954 Filium
2748 1900 3071 1955 relationem
3108 1900 3402 1970 signiticet,
3437 1901 3543 1955 hoc

1964 1991 2174 2047 scilicet
2192 1990 2543 2061 syllogismus
2569 1989 2660 2043 ille
2692 1988 3127 2044 demonstrabat.
3168 1992 3238 2042 At
3270 1990 3324 2043 in
3356 1990 3542 2059 priore.

1965 2084 2302 2156 s0phismate
2342 2098 2455 2137 non
2495 2082 2846 2137 asserebatur
2891 2081 3057 2135 Deum
3101 2080 3222 2136 ideo
3275 2096 3400 2137 esse
3436 2081 3542 2136 Pa-

1964 2185 2125 2243 trem,
2171 2175 2316 2245 quod
2354 2172 2555 2229 Filium
2591 2174 2859 2243 genuerit.
2899 2171 3162 2238 Qutenam
3209 2172 3377 2244 igitur
3428 2172 3544 2228 haec

1965 2265 2040 2320 sit
2077 2263 2363 2333 reciproca
2410 2260 2700 2317 conversio
2726 2274 2793 2315 ex
2831 2260 3115 2316 dialectica
3151 2267 3206 2317 et
3244 2261 3543 2316 artificiosa

1967 2353 2192 2411 solertia
2234 2351 2501 2422 profecta,
2549 2365 2648 2422 ego
2687 2365 2797 2405 non
2847 2349 3026 2406 video.

2036 2442 2403 2499 Nihilominus
2438 2441 2812 2512 expendamus
2858 2455 2922 2496 ea
2987 2456 3108 2510 quae
3151 2442 3307 2497 dicit:
3334 2441 3395 2498 Si
3422 2458 3546 2512 pro.

1967 2542 2147 2604 pterea
2180 2531 2319 2587 Deus
2361 2541 2438 2586 est
2468 2530 2754 2601 ingenitus,
2804 2530 2930 2600 quia
2956 2527 3160 2583 Filium
3193 2532 3391 2600 genuit,
3418 2548 3543 2601 ergo

1968 2625 2281 2695 priusquam
2330 2630 2624 2693 generaret,
2679 2622 2941 2691 ingenitus
2984 2637 3088 2675 non
3136 2630 3271 2675 erat.
3330 2620 3544 2678 Rursus

1970 2715 2154 2772 facilis
2203 2723 2257 2770 et
2287 2713 2542 2784 expedita
2571 2712 2792 2768 veritati
2842 2712 3130 2792 responsio
3158 2717 3419 2782 suppetit,
3461 2713 3547 2768 ni-

1970 2809 2168 2864 mirum
2192 2804 2372 2861 Patris
2398 2805 2760 2877 appellatione
2778 2804 3095 2877 signilicari,
3133 2820 3258 2860 eum
3289 2804 3547 2876 genuisse

1972 2897 2192 2963 Filium,
2217 2905 2380 2969 prout
2408 2905 2567 2951 antea
2597 2897 3035 2953 demonstratum
3062 2904 3168 2957 est,
3218 2911 3454 2967 eumque
3476 2911 3547 2951 ex

1974 2989 2123 3044 nulla
2144 2988 2252 3042 alia
2272 3001 2439 3042 causa
2461 3001 2624 3043 esse:
2652 3001 2779 3041 nam
2812 2986 2859 3041 si
2895 2986 3161 3056 respicias
3208 2986 3276 3040 ad
3308 2986 3360 3041 id
3397 2987 3546 3058 quod

1975 3086 2059 3135 est
2090 3094 2155 3135 ex
2192 3078 2333 3149 ipso,
2368 3076 2641 3149 Unigeniti
2668 3076 2983 3148 hypostasis
3012 3092 3106 3148 per
3128 3076 3309 3133 Patris
3343 3094 3543 3134 nomen

1975 3170 2288 3226 inualescit.
2345 3167 2404 3224 Si
2442 3183 2573 3225 vero
2616 3168 2747 3242 quid
2787 3171 2941 3239 prius
2990 3169 3109 3239 ipso
3159 3171 3252 3234 sit,
3298 3167 3546 3241 iudages,

1971 3258 2153 3316 Patris
2200 3260 2616 3316 nomenclatura
2655 3276 2686 3314 a
2726 3258 2888 3315 Patre
2922 3260 3176 3331 principii
3205 3268 3427 3332 experte
3456 3256 3550 3315 Fi—

1973 3351 2105 3406 lium
2125 3352 2368 3419 genitum
2395 3365 2520 3407 esse
2548 3350 2807 3407 ostendit.
2840 3350 3114 3407 Caeterum
3169 3351 3352 3408 dicere
3375 3350 3547 3406 Deum

1974 3442 2130 3512 prius
2171 3456 2281 3497 non
2328 3440 2502 3497 fuisse
2548 3442 2876 3512 ingenitum,
2917 3457 3079 3512 quam
3128 3438 3322 3497 Filium
3382 3457 3549 3513 gene-

1973 3539 2141 3597 raret,
2181 3531 2387 3603 duplici
2416 3530 2845 3602 reprehensione
2866 3532 3290 3588 declamatorem
3324 3533 3550 3605 dignum

1972 3638 2096 3680 esse
2134 3625 2315 3695 arguit
2350 3642 2365 3679 :
2404 3632 2518 3678 tum
2565 3625 2635 3679 ob
2678 3625 3094 3696 sycophantiam
3146 3625 3408 3681 adversus
3447 3640 3550 3680 nos

1973 3723 2264 3781 structam,
2306 3722 2422 3770 tum
2456 3715 2528 3770 ob
2556 3717 2944 3772 contumeliam
2991 3716 3093 3786 ipsi
3140 3716 3407 3771 doctrinae
3431 3716 3553 3771 illa-

1975 3814 2106 3862 tam.
2152 3802 2288 3859 Nam
2336 3805 2484 3876 quod
2530 3822 2709 3878 neque
2746 3821 2778 3861 a
2820 3810 3083 3878 magistro
3145 3815 3338 3863 nostro
3370 3820 3552 3877 neque

1975 3909 2007 3949 a
2049 3895 2211 3950 nobis
2240 3893 2449 3951 dictum
2478 3905 2586 3964 est,
2619 3896 2756 3952 illud
2783 3904 3044 3968 tanquam
3082 3911 3409 3952 concessum
3434 3904 3552 3950 tra-

1973 3985 2146 4053 ducit,
2188 3986 2373 4059 aitque
2420 3989 2587 4043 Deum
2643 3989 2882 4060 posteris
2928 3988 3148 4043 tandem
3210 3986 3551 4057 temporibus

1973 4073 2179 4131 factum
2223 4092 2349 4133 esse
2406 4075 2646 4144 Patrem,
2692 4093 2818 4133 cum
2872 4078 3025 4147 prius
3083 4076 3232 4132 aliud
3286 4076 3549 4147 quiddam

1972 4177 2136 4234 esset,
2164 4177 2355 4225 etnon
2387 4167 2570 4225 Pater.
2612 4166 2748 4223 Nam
2782 4169 2976 4224 iisdem
3018 4172 3378 4243 argumentis,
3423 4172 3549 4243 qui-

1973 4260 2078 4316 bus
2108 4261 2304 4332 dogma
2331 4269 2578 4316 nostrum
2604 4267 2866 4331 tanquam
2895 4262 3194 4318 absurdum
3220 4264 3548 4329 sulosannat,

1976 4353 2382 4422 improbitatem
2437 4367 2594 4408 suam
2633 4353 2783 4408 circa
2830 4353 2963 4410 illud
3004 4355 3183 4426 ipsum
3224 4356 3420 4428 dogma
3454 4371 3549 4428 pa-

289 4464 452 4519 τερον
480 4448 611 4502 ἀλλο
631 4467 684 4502 τι
705 4448 801 4512 ὢν,
832 4451 969 4520 μετά
992 4450 1164 4504 ταῦτα
1185 4451 1325 4505 κατά
1348 4453 1629 4525 προκοπὴν
1657 4455 1869 4523 ἐγένετό

1977 4442 2180 4498 tel'acit.
2209 4440 2390 4498 Sumit
2416 4443 2560 4499 enim
2584 4444 2729 4499 velut
2749 4444 2861 4515 jam
2893 4446 3181 4516 probatum
3236 4456 3290 4503 et
3321 4462 3551 4503 conces-

288 4554 355 4593 τε
378 4541 476 4593 καὶ
500 4540 793 4612 ὠνομάσθη
821 4541 1028 4614 Πατήρ·
1056 4538 1214 4597 τοῦτό
1237 4561 1399 4616 φησιν
1418 4583 1435 4609 ,
1459 4546 1541 4599 ὅτι
1569 4546 1715 4615 Πρὶν
1746 4565 1876 4617 γεν-

291 4629 484 4699 νῆσαι
524 4632 635 4685 τὸν
669 4633 828 4696 Υιόν,
859 4634 956 4687 καί
988 4632 1085 4689 διὰ
1111 4636 1287 4690 τοῦτο
1325 4635 1618 4705 κληθῆναι
1646 4638 1872 4707 Πατὴρ,

290 4721 438 4774 οὐδὲ
458 4719 790 4790 ἁγέννητος
808 4718 905 4793 ἦν,
934 4724 1100 4794 ειπερ
1128 4726 1166 4794 ἠ
1187 4726 1519 4795 ἀγεννησία
1539 4726 1614 4797 τῇ
1630 4729 1735 4783 τοῦ
1757 4733 1873 4782 Πα-

293 4812 431 4878 τρὸς
451 4812 664 4880 ἐννοίᾳ
684 4813 1034 4883 γνωρίζεται.
1063 4816 1232 4869 Τοῦτο
1254 4818 1385 4888 ὅσην
1408 4817 1519 4888 ἔχει
1538 4819 1637 4886 τὴν
1667 4819 1872 4884 ἄνοιαν,

293 4903 445 4958 οὐδὲν
473 4899 630 4975 οἶμαι
666 4904 777 4958 δεῖν
809 4905 904 4959 τοῦ
942 4906 1270 4979 ἐλέγχοντος·
1308 4908 1508 4974 ἱκανῶς
1543 4909 1654 4982 γὰρ
1682 4912 1776 4966 καὶ
1804 4910 1874 4965 δι’

293 4993 492 5048 ἑαυτοῦ
525 4994 823 5066 παρίστησι
850 4997 963 5059 τοῖς
993 5013 1057 5065 γε
1090 4997 1217 5052 νοῦν
1246 4983 1477 5069 ἔχουσιν.
1510 5000 1574 5055 Et
1607 5001 1715 5073 γάρ
1748 5002 1875 5057 ἄλλο

295 5100 345 5137 τι
370 5079 445 5155 ἦν
474 5084 508 5136 δ
529 5084 665 5148 Θεὸς
712 5085 819 5155 πρὸ
841 5083 937 5138 τοῦ
963 5084 1216 5153 γενέσθαι
1263 5088 1471 5159 Πατὴρ,
1503 5088 1554 5142 τί
1583 5089 1797 5161 ἐροῦσιν
1823 5092 1875 5146 οι

295 5174 605 5245 προστάται
641 5173 733 5227 τοῦ
769 5173 1072 5244 δόγματοςς
1120 5175 1208 5229 Ἐν
1231 5175 1359 5247 ποίᾳ
1382 5179 1713 5233 καταστάσει
1742 5178 1876 5235 θεω-

298 5263 511 5336 ρεῖσθαι
539 5264 807 5333 φήσουσις
850 5263 917 5316 Τί
947 5262 1116 5335 ὄνομα
1151 5267 1216 5334 τῇ
1262 5265 1381 5318 τότε
1410 5265 1652 5339 διαγωγῇ
1679 5306 1694 5331 ,
1726 5270 1873 5335 παῖς,

295 5359 513 5426 νήπιον,
569 5352 782 5425 βρέφος,
825 5354 1141 5426 μειράκιον;
1184 5356 1256 5408 Ἦ
1279 5354 1483 5410 τούτων
1527 5356 1626 5427 μὲν
1660 5357 1877 5428 ἐροῦσιν

294 5447 469 5511 οὐδὲν,
496 5445 563 5499 τὸ
601 5446 896 5517 περιφανὲς
939 5446 1067 5509 ἴσως
1089 5446 1191 5516 τῆς
1222 5446 1450 5510 ἀτοπίας
1480 5447 1835 5519 ἐρυθριῶντες
1857 5489 1872 5513 ν

296 5538 501 5591 τέλειον
544 5535 604 5590 δὲ
636 5537 796 5589 αὐτὸν
835 5536 897 5602 ἐξ
925 5537 1099 5609 ἀρχῆς
1127 5534 1263 5590 εἶναι
1300 5537 1400 5591 οὐκ
1437 5538 1873 5609 ἀπαρνήσονταις

296 5622 417 5680 de:
450 5625 571 5689 πῶς
597 5624 797 5690 τέλειος
832 5627 997 5696 μήπω
1025 5628 1205 5698 πατὴρ
1237 5623 1375 5681 εἶναι
1400 5628 1726 5699 δυνάμενοςς
1760 5629 1793 5699 ἢ
1816 5629 1877 5682 τὸ

307 5718 407 5787 μιν
439 5716 646 5788 ἰσχύειν
688 5718 788 5771 οὐκ
824 5718 1233 5788 ἀφαιρήσονται·
1267 5721 1500 5792 φήσουσι
1531 5720 1585 5773 δὲ
1627 5718 1699 5791 μὴ
1742 5723 1876 5793 πρέο

1973 4549 2116 4600 sum,
2155 4532 2324 4590 Deum
2373 4534 2526 4605 prius
2582 4536 2789 4607 aliquid
2839 4537 2988 4593 aliud
3043 4538 3235 4605 fuisse,
3275 4548 3330 4596 et
3359 4549 3549 4612 postea

1974 4639 2069 4693 per
2107 4625 2434 4695 profectum,
2467 4625 2681 4682 Patrem
2713 4628 2915 4683 factum
2944 4637 2998 4685 et
3030 4631 3357 4701 appellatum
3386 4647 3542 4687 esse:

1974 4715 2096 4770 ideo
2124 4716 2221 4782 ait,
2251 4718 2557 4789 priusquam
2585 4731 2853 4790 generaret
2881 4717 3102 4787 Filium,
3131 4733 3180 4776 et
3206 4722 3326 4778 inde
3358 4721 3543 4781 Patris

1974 4823 2162 4862 nomen
2211 4810 2487 4879 acciperet,
2547 4827 2610 4865 ne
2660 4806 2945 4883 ingenitum
3005 4815 3217 4884 quidem
3261 4815 3449 4885 fuisse,
3498 4817 3547 4870 si

1974 4895 2366 4952 innascibititas
2415 4896 2595 4953 Patris
2644 4900 3127 4957 notioniadlueret.
3158 4901 3547 4959 Demonstrare

1974 4996 2239 5059 quantum
2290 4988 2406 5045 haec
2453 4990 2700 5045 stultitia
2750 4992 3209 5062 complectantur,
3244 5008 3352 5048 non
3399 4993 3547 5049 arbi-

1977 5091 2093 5135 tror
2126 5081 2238 5136 ullo
2284 5081 2471 5138 labore
2510 5097 2651 5153 opus
2685 5078 2828 5138 esse.
2863 5081 3010 5140 Satis
3053 5085 3198 5140 enim
3232 5100 3330 5156 per
3360 5084 3545 5157 seipsa

1977 5173 2271 5228 amentiam
2319 5188 2474 5228 suam
2551 5173 2791 5245 produnt
2844 5176 2984 5247 apud
3042 5164 3167 5233 illos
3212 5177 3308 5247 qui
3363 5186 3546 5233 mente
3588 5238 3600 5250 ,

1977 5279 2087 5320 non
2139 5274 2345 5321 carent.
2394 5265 2530 5320 Nam
2604 5267 2652 5321 si
2715 5267 2863 5322 aliud
2914 5268 3173 5338 quiddam
3225 5278 3344 5324 erat
3405 5269 3545 5328 Deus

1976 5357 2295 5427 priusquam
2343 5355 2541 5412 Filium
2592 5367 2895 5431 generaret,
2938 5358 3072 5429 quid
3123 5359 3308 5414 dicent
3354 5361 3547 5432 impie-

1978 5449 2106 5504 tatis
2139 5447 2301 5516 hujus
2338 5447 2714 5518 antesignani?
2753 5446 2810 5501 In
2848 5462 2959 5517 quo
3002 5456 3149 5503 statu
3183 5464 3305 5504 eum
3336 5451 3548 5506 consti-

1978 5539 2166 5595 tuent?
2205 5537 2488 5604 Quodnam
2530 5554 2726 5595 nomen
2766 5540 2817 5595 ei
2857 5540 2912 5595 in
2960 5541 3056 5594 tali
3088 5540 3302 5596 vivendi
3338 5543 3550 5597 ratione

1977 5632 2280 5688 constituto
2331 5630 2649 5705 imponent!
2695 5629 2833 5687 Num
2900 5633 3249 5703 appellabunt
3283 5631 3550 5702 puerum?

1979 5721 2119 5780 Num
2171 5721 2429 5778 infantem
2469 5723 2764 5782 tenellam?
2799 5726 2882 5780 An
2914 5725 3051 5780 nihil
3102 5723 3300 5781 horum
3346 5724 3551 5783 dicent.
