4032 6208
467 237 561 290 ιδι

1706 245 1762 299 S.
1791 244 2115 304 Gl‘tECORll
2146 248 2442 306 NYSSENI

3605 260 3713 317 439.

464 351 809 407 manifestam
839 353 1232 409 absurditatem
1269 357 1504 422 reveriti,
1537 361 1946 434 perfectumque
1969 367 2036 419 ah

2145 385 2258 422 πειν
2285 368 2419 439 ὁμοῦ
2451 368 2526 439 τῷ
2554 365 2690 423 εἶναι
2721 369 2883 424 αὑτὸν
2930 371 3020 424 καὶ
3067 370 3284 443 Πατέρα
3325 366 3504 437 εἷναι;
3539 374 3634 427 καὶ
3667 374 3720 429 ει

466 446 620 499 initio
659 447 937 501 exstitisse
972 463 1079 502 non
1123 449 1548 507 iuliciabuntur'!
1598 453 1702 509 Sed
1758 458 2033 526 quomodo

466 536 760 606 perfectus,
821 539 911 607 qui
965 540 1193 594 necdum
1245 548 1401 610 pater
1447 557 1567 600 esse
1628 547 1906 615 potuerit?
1949 549 2030 602 An

466 630 711 699 potuisse
757 645 862 684 non
901 632 1201 702 negabunt,
1253 635 1348 690 sed
1386 651 1498 690 non
1534 637 1798 693 decuisse
1825 639 2030 701 dicent,

466 729 522 773 ut
566 719 799 774 simulac
827 730 992 786 esset,
1038 722 1201 776 etiam
1235 735 1391 793 pater
1437 727 1616 781 esset?
1659 726 1726 780 At
1776 730 1818 783 si
1857 744 2032 798 neque

465 811 772 878 pulchrum,
821 829 998 882 neque
1045 813 1302 868 decorum
1355 815 1405 871 ei
1453 824 1537 872 est
1579 817 1646 872 ab
1681 818 1836 872 initio
1862 820 2031 875 fuisse

465 902 676 955 Patrem
721 904 846 958 talis
879 903 1022 969 Filii,
1065 905 1340 974 quomodo
1374 923 1632 962 successu
1662 911 1946 980 temporis,
1979 911 2028 964 id

465 991 604 1058 quod
653 991 939 1060 pulchrum
985 1008 1092 1046 non
1122 1002 1260 1058 erat,
1304 996 1627 1064 acquisivit?
1660 999 1727 1050 At
1771 1015 1917 1053 nunc
1949 1007 2030 1054 est

467 1085 754 1154 pulchrum
785 1095 837 1140 et
873 1086 1292 1156 magnificentiae
1332 1089 1528 1144 divinm
1558 1105 1861 1161 congruum
1909 1093 2030 1148 talis

462 1176 584 1230 Filii
644 1177 759 1231 ﬁeri
805 1187 1103 1247 parentem.
1157 1178 1324 1250 Igitur
1371 1180 1536 1235 Deum
1586 1180 1654 1235 ab
1697 1181 1852 1235 initio
1912 1183 2029 1249 ejus

466 1267 609 1336 quod
663 1268 948 1336 pulchrum
1008 1279 1111 1336 est,
1167 1279 1437 1325 exsortem
1510 1271 1678 1326 fuisse
1714 1273 1865 1324 aiunt
1911 1289 1924 1324 :
1983 1285 2035 1328 et

2144 460 2218 530 μὴ
2268 460 2448 522 καλὸν,
2499 462 2634 530 μήτε
2689 462 2899 530 πρέπον
2941 461 3121 532 αὐτῷ,
3167 464 3228 516 τὸ
3267 463 3323 529 ἐξ
3368 464 3542 535 ἀρχῆς
3575 460 3720 520 εἶναι

2141 553 2360 623 Πατέρα
2401 551 2642 605 τοιούτου
2675 553 2902 617 Παιδὸς,
2934 554 3050 618 πῶς
3087 555 3291 626 προῖὼν
3333 555 3395 608 τὸ
3443 558 3518 627 μὴ
3554 558 3718 610 καλὸν

2139 640 2513 710 ἐπεκτήσατος
2557 641 2714 696 Ἀλλὰ
2738 643 2898 695 καλόν
2931 644 3045 696 ἐστι
3068 644 3182 708 νῦν,
3210 646 3303 698 καὶ
3335 649 3401 717 τῇ
3437 647 3722 717 μεγαλειό-

2137 749 2260 802 τητι
2286 733 2378 784 τοῦ
2404 732 2535 786 Θεοῦ
2571 734 2776 804 πρέπον
2806 733 2864 786 τὸ
2892 735 3134 787 τοιούτου
3176 735 3429 803 γενέσθαι
3477 737 3714 806 Πατέρα.

2139 822 2343 875 Οὐκοῦν
2371 822 2633 893 ἀμέτοχον
2660 824 2822 878 αὑτὸν
2854 824 2948 877 τοῦ
2981 825 3144 878 καλοῦ
3174 826 3234 878 τὸ
3267 827 3548 897 καταρχὰς
3574 823 3714 880 εἶναι

2138 914 2628 978 κατασκευάζουσι·
2662 916 2754 969 καὶ
2795 916 2900 980 ἕως
2933 918 3032 970 οὑκ
3070 913 3181 987 εἶχε
3216 918 3305 970 τὸν
3349 919 3476 970 Υίὸν
3519 923 3546 971 ὁ
3584 918 3720 982 Θεὸς

2138 1003 2320 1072 (ἵλεως
2361 1004 2417 1058 δέ
2462 1006 2546 1076 εἴη
2582 1005 2830 1078 τῷλόγῳ
2859 1009 2887 1059 ὁ
2935 1008 3119 1076 Θεὸς),
3156 1009 3290 1078 μήτε
3339 1009 3528 1078 σοφίαν
3571 1009 3716 1080 ἔχειν

2135 1093 2296 1149 αὑτὸν
2317 1096 2518 1166 ἐροῦσι,
2550 1099 2684 1168 μήτε
2715 1098 2964 1170 δύναμιν,
2999 1101 3134 1170 μήτε
3165 1101 3440 1168 ἀλήθειαν,
3479 1103 3610 1172 μήτε
3645 1102 3718 1154 τὰ

2136 1184 2269 1238 ἄλλα
2301 1186 2492 1250 πάντα,
2529 1189 2628 1241 ὅσα
2667 1188 2810 1241 κατὰ
2837 1189 3123 1260 διαφόρους
3157 1191 3452 1252 ἐπινοίαςὸ
3493 1209 3718 1262 μονογε-

2140 1275 2236 1346 νὴς
2258 1277 2383 1340 Υἱὸς
2417 1277 2531 1330 ἐστι
2554 1295 2614 1330 τε
2645 1279 2737 1332 καὶ
2765 1279 3107 1350 ὀνομάζεται.

467 1366 709 1435 quandiu
755 1364 897 1420 Deus
935 1363 1129 1418 Filium
1165 1381 1271 1420 non
1313 1366 1543 1422 habebat
1600 1368 1888 1438 (ignoscat
1928 1367 2070 1424 Deus
2109 1372 2341 1426 orationi
2389 1374 2588 1443 meae),
2632 1391 2813 1444 neque
2866 1377 3188 1446 sapientiam
3237 1378 3390 1433 illum
3456 1379 3720 1434 habuisse

467 1459 671 1521 dicent,
713 1473 890 1528 neque
937 1459 1257 1528 potentiam,
1305 1475 1480 1530 neque
1530 1461 1806 1524 virtutem,
1855 1477 2030 1532 neque
2065 1465 2168 1518 alia
2225 1467 2428 1532 omnia,
2453 1483 2576 1538 quae
2614 1469 2919 1526 secundum
2961 1468 3207 1524 diversas
3275 1472 3516 1526 rationes
3584 1474 3718 1528 uni-

464 1550 681 1621 genitus
703 1545 875 1603 Filius
918 1557 972 1603 et
1001 1560 1083 1605 est
1104 1557 1158 1604 et
1179 1549 1497 1619 appellatur.

537 1641 735 1696 Verum
793 1641 906 1694 hinc
953 1641 1008 1694 in
1059 1642 1235 1709 capita
1295 1649 1576 1696 auctorum
1628 1647 2036 1697 convertantur.
2072 1632 2114 1687 Β

466 1731 634 1788 Nobis
681 1733 874 1787 iterum
909 1730 1321 1802 regrediendum
1353 1739 1457 1795 est,
1490 1731 1630 1786 unde
1674 1732 1908 1802 digressi
1938 1749 2031 1786 su-

467 1840 609 1878 ntus.
637 1822 716 1884 Si,
754 1822 950 1892 inquit,
977 1821 1112 1875 Deus
1135 1832 1212 1876 est
1235 1821 1421 1885 Pater,
1457 1823 1582 1891 quia
1605 1816 2032 1892 gemtit'Filium,

471 1914 652 1968 Patris
711 1930 828 1967 vero
877 1912 1185 1968 vocabulum
1225 1913 1512 1982 ingenitum
1559 1915 1849 1983 signiﬁcat,
1892 1923 2038 1968 ante-

468 2021 626 2074 quam
686 2005 843 2058 istum
906 2012 1176 2074 generaret
1245 2021 1350 2057 non
1404 2013 1519 2058 erat
1575 2005 1852 2074 ingenitus.
1916 2005 2039 2060 “mc

471 2095 611 2148 forte
641 2095 860 2149 tolerari
893 2103 1136 2163 possent,
1171 2094 1216 2150 si
1253 2093 1320 2149 de
1367 2109 1455 2156 eo.
1484 2094 1629 2177 quod
1671 2095 1812 2165 apud
1860 2095 2038 2149 homi-

471 2202 568 2242 nes
588 2186 901 2255 contingere
923 2186 1081 2251 solet,
1124 2193 1524 2246 asscrerentur,
1564 2186 1706 2255 apud
1741 2201 1881 2256 quos
1922 2186 2038 2241 ﬁeri

474 2275 698 2343 nequit,
754 2281 813 2326 ut
882 2273 1222 2328 diversorum
1279 2273 1590 2326 studiorum
1651 2273 1868 2328 habitus
1924 2274 2042 2328 sine

472 2363 734 2432 temporis
779 2362 1134 2418 successione
1180 2362 1591 2432 ingenerenlur,
1641 2364 1768 2418 dum
1817 2365 2042 2434 quilibet

471 2465 594 2524 post
621 2453 786 2506 alium
816 2453 1140 2522 acquiritur.
1172 2452 1226 2507 Si
1256 2453 1370 2522 pari
1401 2454 1562 2508 modo
1587 2454 1655 2508 de
1687 2455 1793 2509 Deo
1821 2456 2041 2510 ratioci-

471 2541 710 2596 nandum
744 2551 907 2606 esset,
927 2540 1086 2611 quasi
1133 2557 1278 2596 nunc
1303 2541 1519 2612 quidem
1561 2543 2043 2598 innascibilitatem

471 2633 741 2696 habuerit,
767 2639 952 2702 postea
983 2647 1112 2686 vero
1139 2633 1367 2704 adeptus
1398 2637 1466 2688 sit
1490 2636 1811 2704 potentiam,
1850 2635 2044 2689 deinde

468 2723 963 2794 incorruptionem,
993 2731 1114 2794 post
1150 2725 1264 2777 hazc
1294 2726 1664 2794 prudentiam,
1693 2737 1743 2781 et
1782 2728 2044 2795 temporis

470 2831 731 2872 successu
776 2818 1196 2887 paternitatem,
1242 2817 1439 2872 deinde
1480 2818 1775 2886 justitiam,
1824 2818 2041 2872 tandem

467 2909 851 2970 aeternitatem,
887 2915 1056 2976 utque
1119 2907 1246 2970 alia,
1285 2923 1405 2977 qum
1447 2908 1554 2963 Deo
1605 2911 1810 2974 insunt,
1852 2910 2045 2964 ordine

471 3001 706 3066 quodam
741 3013 803 3051 ac
848 3000 991 3053 serie
1042 2999 1405 3070 acquisierit:
1448 2999 1696 3054 fortassis
1741 3001 2038 3055 absurdum
2071 3017 2109 3069 (3

472 3105 583 3144 non
614 3097 759 3145 esset
791 3091 1130 3155 existimare,
1169 3092 1478 3157 nominum,
1506 3108 1626 3162 quae
1657 3093 1722 3148 de
1757 3093 1862 3149 Deo
1908 3109 2042 3163 prte-

474 3183 751 3243 dicantur,
793 3183 967 3238 altera
1011 3183 1202 3241 alteris
1249 3187 1433 3255 priora
1479 3202 1622 3252 esse,
1651 3193 1705 3241 et
1741 3186 1892 3256 prius
1919 3187 2042 3256 qui-

472 3274 596 3344 dem
643 3289 766 3329 esse
813 3275 1138 3344 ingenitum,
1165 3263 1356 3347 postea
1403 3279 1617 3333 Patrem
1663 3279 1926 3334 evasisse.
1977 3279 2045 3332 At

473 3381 603 3421 vero
629 3367 754 3436 quis
785 3366 921 3422 adeo
959 3367 1186 3436 abjectze
1219 3370 1416 3424 mentis
1448 3378 1553 3436 est,
1603 3377 1657 3424 et
1689 3369 1889 3423 divina:
1931 3385 2047 3422 ma-

473 3457 693 3527 iestatis
724 3458 856 3513 adeo
887 3459 1197 3528 imperitus,
1216 3459 1308 3530 qui
1338 3474 1557 3515 causam
1590 3460 1832 3515 omnium
1864 3475 2042 3515 rerum

477 3556 654 3603 mente
684 3549 1022 3618 concipiens,
1050 3564 1158 3603 non
1187 3549 1370 3604 omnia
1403 3566 1524 3620 qum
1553 3551 1622 3605 de
1653 3549 1760 3605 Deo
1783 3551 1870 3621 pie
1905 3550 2047 3604 atlir-

479 3649 720 3706 mantur,
760 3642 920 3696 simul
966 3652 1020 3697 et
1073 3641 1231 3712 quasi
1284 3655 1393 3695 uno
1438 3642 1747 3712 complexu,
1782 3641 1963 3695 animo
1992 3649 2048 3696 et

471 3733 806 3803 cogitatione
823 3732 1214 3803 apprehendat,
1233 3733 1326 3788 sed
1344 3732 1492 3788 aliud
1514 3733 1731 3804 quidem
1751 3733 2042 3804 posterius,

479 3821 625 3877 aliud
655 3822 724 3876 ab
749 3819 924 3884 initio,
953 3822 1101 3876 aliud
1147 3821 1201 3875 in
1243 3822 1423 3878 medio
1461 3823 1617 3893 quasi
1651 3837 1746 3892 per
1777 3836 2046 3876 consecu-

476 3916 645 3970 tionis
691 3914 938 3969 ordinem
984 3913 1092 3970 Deo
1137 3913 1424 3970 advenisse
1485 3915 1680 3986 putet?
1729 3913 1848 3968 Non
1898 3913 2045 3969 enim

477 4007 594 4063 ﬁeri
627 4015 826 4077 potest.
854 4014 915 4060 ut
941 4007 1011 4071 is,
1044 4006 1159 4076 qui,
1187 4023 1308 4076 quae
1335 4006 1402 4062 de
1431 4006 1541 4061 Deo
1569 4007 1655 4076 pie
1681 4005 2044 4068 allirmantur,

477 4096 595 4151 obit
624 4104 678 4150 et
707 4095 1026 4166 perlustrat,
1059 4095 1266 4150 incidat
1299 4095 1354 4150 in
1384 4096 1545 4148 aliam
1581 4095 1663 4149 vel
1693 4109 1804 4149 rem
1836 4094 1918 4149 vel
1949 4108 2048 4148 no-

482 4186 706 4251 tionem,
758 4201 879 4255 qua:
924 4185 1312 4256 antiquitatem
1362 4187 1494 4242 dicti
1542 4185 1635 4241 Dei
1675 4185 2045 4248 transcendat,

480 4276 575 4333 sed
607 4292 768 4332 omne
806 4292 1002 4334 nomen
1043 4277 1233 4347 pietati
1285 4285 1736 4344 consentaneum,
1777 4283 1831 4332 et
1869 4277 2047 4332 omnis

2225 1620 2382 1675 Ἀλλὰ
2404 1621 2575 1676 ταῦτα
2604 1625 2701 1693 μὲν
2735 1625 2814 1686 εἰς
2838 1623 3074 1695 κεφαλὴν
3103 1624 3209 1678 τῶν
3233 1625 3423 1679 αἰτίων
3446 1628 3714 1698 τραπείη.

2145 1709 2304 1781 Ἡμῖν
2335 1711 2391 1764 δὲ
2421 1711 2582 1764 πάλιν
2612 1713 2912 1779 ἐπανιτέον,
2939 1713 3061 1767 ὅθεν
3091 1714 3378 1786 ἐξέϐημεν.
3413 1719 3481 1770 Εἰ
3516 1717 3613 1771 διὰ
3651 1719 3722 1772 τὸ

2137 1802 2573 1872 γεγεννηκέναι,
2601 1805 2850 1875 (malm-6
2879 1806 3022 1872 Θεός
3047 1807 3176 1862 ἐστι
3201 1808 3421 1878 Πατήρ·
3454 1812 3486 1863 d
3506 1809 3574 1862 δὲ
3602 1813 3723 1864 Πα-

2135 1892 2245 1960 τὴρ
2299 1893 2366 1946 τὸ
2429 1893 2759 1964 ἀγέννητον
2823 1897 3100 1966 σημαίνει
3122 1939 3137 1963 ,
3212 1900 3356 1967 πρὶν
3416 1898 3713 1968 γεννῆσαι

2139 1983 2372 2048 τοῦτον,
2423 1985 2534 2038 οὐκ
2578 1982 2657 2056 ἦν
2689 1984 3037 2056 ἀγέννητος.
3098 1987 3282 2042 Ταῦτα
3321 1991 3370 2042 εἰ
3422 1989 3519 2060 μὲν
3574 1990 3723 2043 κατὰ

2137 2074 2234 2145 τὴν
2285 2077 2369 2128 ἐπ’
2423 2075 2726 2147 ἀνθρώπων
2763 2078 2909 2148 λέγοι
2964 2079 3273 2150 συνήθειαν,
3319 2081 3404 2150 ἐφ’
3455 2074 3532 2134 ὧν
3576 2081 3724 2152 ἀμὴο

2139 2165 2302 2235 χανὸν
2341 2167 2457 2219 ἐστι
2489 2167 2747 2221 πλειόνων
2775 2169 3222 2241 ἐπιτηδευμάτων
3251 2170 3363 2235 ἓξιν
3406 2172 3546 2225 κατά
3586 2172 3725 2225 ταύ-

2137 2257 2228 2310 τὸν
2262 2258 2562 2327 κτήσασθαί
2591 2277 2730 2324 τινα,
2768 2261 2841 2332 μὴ
2871 2262 3012 2316 κατά
3049 2280 3167 2316 τινα
3202 2264 3394 2335 χρόνου
3440 2264 3593 2331 τάξιν
3622 2264 3724 2318 καὶ

2140 2348 2456 2402 ἀκολουθίαν
2494 2349 2723 2405 ἕκαστον
2773 2352 2883 2405 τῶν
2926 2354 3373 2425 σπουδαζομένων
3404 2355 3722 2426 ἀναλαμϐά-

2140 2458 2316 2494 νοντα.
2352 2442 2412 2494 Ei
2458 2441 2600 2495 οὕτω
2631 2442 2724 2496 καὶ
2763 2443 2854 2499 ἐπὶ
2893 2444 2986 2498 τοῦ
3021 2445 3156 2499 Θεοῦ
3189 2445 3294 2499 τῶν
3325 2447 3460 2500 ὅλων
3490 2447 3593 2499 ἔδει
3631 2446 3723 2499 λοο

2140 2532 2407 2602 γίζεσθαι,
2460 2534 2531 2598 ὡς
2565 2533 2659 2588 νῦν
2703 2536 2800 2606 μὲν
2848 2536 2945 2607 τὴν
2987 2538 3313 2608 ἀγεννησίαν
3362 2537 3524 2608 ἔχειν,
3579 2537 3722 2608 μετὰ

2140 2630 2313 2683 ταῦτα
2369 2630 2424 2683 δέ
2477 2631 2911 2701 προσλαμϐάνειν
2981 2632 3077 2701 τὴν
3135 2630 3387 2700 δύναμιν,
3442 2626 3558 2682 εἶτα
3613 2629 3718 2698 τὴν

2142 2721 2472 2793 ἀφθαρσίαν,
2503 2719 2618 2776 εἶτα
2645 2725 2742 2794 τὴν
2774 2724 3053 2795 φρόνησιν,
3079 2725 3173 2776 καὶ
3205 2723 3460 2794 προῖόντα
3496 2721 3717 2790 Πατέρα

2104 2797 2407 2882 “γίνεσθαι,
2439 2813 2532 2866 καὶ
2575 2813 2733 2866 πάλιν
2767 2813 2993 2875 δίκαιον,
3034 2813 3127 2864 καὶ
3169 2811 3365 2881 ἐφεξῆς
3392 2811 3579 2874 ἀΐδιον,
3625 2811 3720 2862 xa'l.

2145 2905 2320 2959 πάντα
2344 2906 2442 2958 ὅσα
2473 2906 2598 2978 περὶ
2622 2906 2780 2959 αὑτὸν
2812 2905 3093 2974 θεωρεῖται
3116 2905 3204 2958 διά
3227 2922 3368 2967 τινος
3397 2901 3720 2965 ἀκολουθίας

2146 2999 2533 3072 προσκτᾶσθαι⁸
2573 3000 2632 3052 οὐ
2672 2999 2872 3070 σφόδρα
2912 2994 2980 3069 ἦν
3018 3000 3214 3053 ἄτοπον
3235 2999 3376 3061 ,ἴσως
3408 2997 3592 3066 ἕτερον
3621 2992 3718 3047 τοῦ

2145 3093 2328 3164 ἐτέρου
2378 3091 2725 3163 προτερεύειν
2783 3091 2892 3145 τῶν
2944 3091 3070 3161 περὶ
3125 3089 3216 3142 τὸν
3261 3088 3392 3142 Θεὸν
3436 3088 3716 3156 ὀνομάτων

2143 3183 2349 3237 οἴεσθαι
2380 3222 2393 3244 ,
2424 3182 2516 3236 καὶ
2544 3181 2816 3256 πρότερον,
2838 3179 2935 3250 μὲν
2961 3180 3271 3248 ἀγέννητον,
3299 3176 3435 3248 μετά
3463 3176 3517 3228 δέ
3543 3175 3715 3228 ταῦτα

2146 3273 2365 3345 Πατέρα
2411 3273 2734 3342 γεγενῆσθαι
2775 3253 2971 3339 λέγειν.
3001 3271 3137 3323 Νυνὶ
3165 3269 3222 3323 δὲ
3256 3269 3340 3331 τίς
3363 3268 3504 3321 οὕτω
3530 3284 3718 3320 ταπειο

2145 3365 2231 3429 νὸς
2263 3365 2357 3436 τὴν
2384 3365 2637 3427 διάνοιαν,
2668 3364 2761 3415 καὶ
2791 3362 2890 3432 τῆς
2915 3360 3020 3414 τῶν
3053 3360 3210 3414 θείων
3238 3360 3519 3428 δογμάτων
3549 3375 3720 3428 μεγαο

2145 3458 2367 3526 Imputat;
2413 3455 2690 3526 ἀμύητος,
2739 3453 2878 3506 ὥστε
2920 3452 3018 3523 τὴν
3067 3451 3246 3506 αἰτίαν
3279 3449 3385 3502 τῶν
3416 3449 3582 3502 ὄντων
3636 3451 3719 3510 εἰς

2147 3547 2268 3600 νοῦν
2293 3545 2492 3614 λαϐὼν,
2541 3545 2614 3616 μὴ
2677 3543 2892 3598 πάντων
2942 3543 3082 3597 κατά
3126 3542 3317 3594 ταύτὸν
3367 3540 3564 3610 ἀθρόαν
3623 3541 3725 3591 καὶ

2147 3639 2656 3710 συγκεκροτημένην
2695 3635 2804 3688 τῶν
2837 3634 2964 3706 περὶ⁹
3000 3634 3090 3688 τὸν
3121 3633 3252 3686 Θεὸν
3289 3630 3522 3693 εὐσεϐῶς
3565 3646 3725 3682 νοου-

2153 3732 2324 3802 μένων
2354 3729 2639 3784 ἀναλαϐεῖν
2668 3727 2763 3799 τὴν
2796 3727 3053 3781 διάνοιαν·
3084 3725 3218 3779 ἀλλὰ
3242 3724 3301 3776 τὸ
3337 3724 3432 3794 μὲν
3467 3720 3722 3790 ὕστερον,

2145 3823 2206 3876 τὸ
2243 3823 2300 3876 δέ
2330 3821 2448 3876 κατ’
2479 3819 2672 3892 ἀρχὰς,
2705 3819 2888 3890 ἕτερον
2920 3817 2975 3869 δέ
3006 3833 3060 3870 τι
3101 3816 3188 3870 διὰ
3237 3815 3398 3885 μέσου
3429 3812 3566 3866 κατά
3596 3828 3726 3863 τινα

2146 3913 2350 3980 τάξεως
2404 3911 2723 3967 ἀκολουθίαν
2793 3907 3262 3981 προσγεγενῆσθαι
3329 3903 3594 3976 νομίζειν;
3652 3903 3722 3955 οὐ

2147 4003 2256 4074 γὰρ
2287 4003 2455 4070 ἐστιν,
2487 4001 2546 4054 ἓν
2580 4019 2629 4054 τι
2669 3999 2747 4070 τῷ
2778 3997 3024 4069 λογισμῷ
3053 3996 3311 4051 διαϐάντα
3341 3994 3448 4048 τῶν
3471 3993 3594 4063 περὶ
3626 3993 3726 4044 τὸν

2150 4095 2280 4148 Θεὸν
2325 4093 2563 4156 εὐσεϐῶς
2589 4092 2916 4162 λεγομένων,
2955 4092 3194 4158 ἐντυχεῖν
3221 4088 3392 4159 ἑτέρῳ
3433 4085 3734 4157 πράγματι

2149 4184 2182 4255 ἢ
2213 4185 2440 4253 νοήματι
2471 4182 2498 4235 ὃ
2529 4181 2626 4253 τῆς
2655 4181 2746 4234 τοῦ
2797 4178 3052 4251 ῥηθέντος
3093 4177 3446 4248 ἀρχαιότητος
3475 4175 3727 4242 ὑπεραρ-

2151 4273 2308 4342 θῆναι
2361 4271 2664 4342 δυνήσεται.
2725 4268 2882 4321 Ἀλλά
2927 4268 3035 4321 πᾶν
3081 4265 3251 4335 ὄνομα
3283 4265 3443 4327 θεῖον,
3484 4261 3576 4315 καὶ
3609 4261 3726 4313 πᾶν

481 4367 593 4424 Deo
624 4377 937 4440 competens
979 4369 1264 4438 cogitatio,
1291 4370 1582 4439 omnisque
1623 4369 1808 4440 lingua
1845 4375 1899 4423 ct
1934 4367 2044 4423 exi-

2156 4361 2563 4433 μεγαλοπρεπὲς
2587 4362 2764 4431 νόημα
2786 4398 2801 4424 ,
2833 4361 2923 4412 καὶ
2958 4360 3104 4412 πᾶσα
3132 4357 3370 4425 γλῶσσα,
3397 4354 3489 4407 καὶ
3519 4351 3730 4420 ὑπόλη-

482 4461 746 4527 stimatio,
792 4477 915 4530 qua:
953 4462 1270 4517 notionibus
1310 4463 1376 4517 de
1427 4461 1536 4517 Deo
1590 4462 1866 4525 convenit,
1917 4474 2048 4513 con-

481 4567 620 4609 nexa
663 4560 716 4607 et
751 4552 905 4607 unita
938 4559 1022 4607 est
1065 4567 1188 4606 cum
1230 4551 1420 4610 altera.
1463 4565 1763 4620 omnesque
1789 4549 2044 4618 junctim,

482 4646 690 4714 absque
741 4643 1171 4711 interruptione,
1213 4651 1268 4697 et
1325 4642 1479 4711 quasi
1531 4642 1586 4696 in
1634 4656 1799 4694 unum
1859 4648 2048 4694 mutuo

481 4743 776 4806 congesta-3,
829 4735 885 4789 in
937 4733 1047 4789 Deo
1101 4732 1506 4802 concipiuntur.
1551 4738 1612 4785 ut
1662 4729 2044 4794 mansuetudo,

485 4827 904 4891 innascibilitas,
933 4823 1194 4894 potentia,
1227 4822 1584 4894 incorruptio,
1619 4821 1859 4886 bonitas,
1896 4828 2049 4890 pote-

483 4929 618 4983 stas,
645 4925 699 4973 et
725 4917 904 4970 omnia
940 4915 1068 4969 alia.
1102 4913 1219 4969 Non
1261 4914 1406 4969 enim
1433 4912 1655 4983 aliquod
1683 4928 1747 4966 ex
1775 4912 1860 4966 his
1892 4912 2048 4966 attri-

488 5009 633 5065 butis
687 5007 802 5074 Dei,
867 5006 1086 5062 divisim
1139 5005 1296 5076 quasi
1351 5006 1418 5062 ab
1476 5005 1598 5060 aliis
1651 5015 1946 5066 resectum,
1998 5013 2051 5058 et

484 5101 737 5164 seorsim,
770 5097 1068 5155 secundum
1102 5096 1394 5168 temporale
1421 5095 1641 5166 aliquod
1679 5094 2046 5158 intervallum,

487 5207 744 5266 tanquam
793 5194 965 5248 altero
999 5192 1152 5263 prius
1202 5191 1283 5246 vel
1315 5189 1589 5261 posterius
1628 5194 1928 5258 spectatur,
1955 5187 2050 5242 sed

485 5285 869 5355 quodcumque
897 5298 1095 5339 nomen
1118 5282 1316 5339 divinae
1343 5279 1756 5353 magniﬁcentia:
1784 5288 1837 5335 et
1864 5279 2049 5347 pietati

481 5391 796 5446 congruens
846 5377 1138 5447 repercris,
1185 5373 1317 5430 illud
1367 5373 1663 5429 aeternitati
1685 5371 1779 5426 Dei
1823 5387 2052 5441 respon-

485 5463 602 5518 det.
638 5464 1104 5529 Quemadmodum
1138 5463 1303 5534 igitur
1329 5477 1608 5534 nunquam
1633 5461 1899 5516 aﬂirmare
1925 5461 2052 5514 licet

455 5605 457 5608 ς
484 5553 658 5608 Deum
693 5568 805 5608 non
829 5569 950 5610 esse
977 5555 1202 5618 bonum,
1229 5569 1338 5609 non
1362 5553 1602 5624 potentia
1630 5551 1942 5622 praeditum,
1969 5551 2051 5604 vel

487 5644 890 5713 incorruptum,
945 5644 1030 5698 vel
1077 5645 1439 5700 immortalem
1471 5643 1626 5715 :pari
1677 5640 1838 5697 modo
1881 5641 2050 5709 pietas

2151 4456 2263 4526 ψις,
2288 4458 2407 4517 ταῖς
2433 4455 2559 4523 περὶ
2591 4453 2724 4506 Θεοῦ
2757 4452 2984 4515 ἐννοίαις
3025 4448 3356 4520 ἁρμόζουσα,
3393 4446 3726 4516 συνήρτηται

2154 4547 2289 4617 πρὸς
2332 4546 2428 4617 τὴν
2461 4546 2648 4616 ἑτέραν
2672 4545 2763 4598 καὶ
2787 4545 3008 4614 ἥνωται·
3039 4544 3133 4596 καὶ
3160 4542 3328 4593 πᾶσαι
3357 4537 3496 4592 κατὰ
3521 4536 3580 4589 τὸ
3603 4553 3730 4588 συν-

2154 4639 2271 4709 εχὲς
2327 4637 2520 4707 ἁθρόαι
2561 4636 2655 4689 καὶ
2693 4632 3196 4706 συγκεκροτημέναι
3243 4632 3360 4701 μετ’
3391 4626 3634 4697 ἀλλήλων
3661 4628 3726 4678 αἱ

2155 4730 2282 4801 περὶ
2303 4727 2395 4782 τοῦ
2430 4726 2564 4780 Θεοῦ
2600 4725 2890 4796 ὑπολήψεις
2921 4722 3446 4792 καταλαμϐάνονται,
3465 4721 3499 4788 ἡ
3524 4716 3728 4786 πατρό-

2153 4839 2272 4893 της,
2306 4823 2338 4891 ἡ
2373 4819 2683 4890 ἀγεννησία,
2735 4819 2767 4888 ἡ
2799 4817 3058 4887 δύναμις,
3103 4817 3136 4885 ἠ
3165 4811 3442 4883 ἀφθαρσία
3463 4853 3477 4875 ,
3506 4812 3538 4879 ἡ
3579 4810 3726 4876 ἀγα-

2155 4914 2348 4983 θότης,
2375 4912 2408 4982 ὴ
2447 4909 2698 4977 ἐξουσία,
2741 4909 2807 4962 τὰ
2832 4907 2964 4963 ἄλλα
2992 4906 3186 4960 πάντα·
3218 4906 3278 4958 οὐ
3322 4904 3433 4974 γὰρ
3463 4901 3728 4975 διῃρημέ.

2158 5019 2259 5064 vro;
2282 5000 2484 5054 τούτων
2517 5000 2763 5063 ἕκαστον,
2791 4998 2898 5052 τῶν
2926 4997 3125 5051 λοιπῶν
3159 4994 3604 5065 ἀποτετμημένον
3632 4995 3724 5061 ἐφ’

2157 5091 2346 5145 ἑαυτοῦ
2377 5091 2516 5144 κατά
2542 5108 2593 5143 τι
2615 5091 2861 5161 χρονικὸν
2881 5089 3068 5160 διάστη
3079 5106 3153 5159 μα
3178 5091 3376 5141 νοεῖται
3400 5127 3414 5147 ,
3439 5086 3514 5150 ὡς
3535 5101 3728 5154 προτε-

2161 5183 2312 5253 ρεῦον
2353 5181 2561 5252 ἐτέρου,
2597 5182 2630 5252 ἢ
2665 5181 3016 5251 ὲφεπόμενονο
3063 5180 3175 5233 ἀλλ’
3226 5180 3362 5248 ὅπερ
3403 5176 3468 5232 ἂν
3521 5176 3724 5246 εὑρεθῇ

2160 5273 2570 5345 μεγαλοπρεπές
2611 5291 2670 5326 τε
2713 5273 2809 5327 καὶ
2839 5273 3061 5336 εὐσεϐὲς
3099 5273 3289 5341 ὄνομα,
3342 5273 3408 5340 τῇ
3463 5268 3726 5338 ἀῐδιότητι

2154 5366 2247 5420 τοῦ
2293 5366 2425 5418 Θεοῦ
2461 5367 2901 5437 συνεμφαίνεται.
2954 5367 3040 5430 Ὠς
3072 5362 3161 5420 οῦν
3189 5366 3289 5418 οὐκ
3335 5364 3480 5418 ἔστιν
3524 5363 3725 5425 εἰπεῖν,

2159 5456 2232 5527 μὴ
2266 5452 2402 5509 εἷναί
2431 5473 2560 5510 ποτε
2588 5457 2678 5511 τὸν
2709 5457 2842 5512 Θεὸν
2867 5456 3086 5525 ἀγαθὸν,
3113 5457 3146 5527 ἢ
3174 5456 3419 5521 δυνατὸν,
3445 5455 3477 5525 ἢ
3515 5453 3733 5526 ἄφθαρ-

2155 5565 2264 5613 τον,
2291 5548 2323 5617 ῆ
2361 5547 2644 5602 ἀθάνατον·
2688 5549 2827 5603 κατὰ
2859 5548 2950 5602 τὸν
2977 5548 3136 5602 αὐτὸν
3163 5547 3360 5619 τρόπον
3391 5544 3583 5607 ἀσεϐές
3608 5545 3730 5596 ἐστι

2160 5639 2234 5709 μὴ
2284 5639 2368 5692 ἀεὶ
2405 5639 2551 5710 αὖτῷ
2591 5643 3026 5714 προσμαρτυρεῖν
3077 5641 3174 5712 τὴν
3224 5637 3554 5710 πατρότητα·
3607 5634 3729 5689 ἀλλ’
