4032 6208
468 364 573 419 455

1686 361 1744 416 s.
1769 359 2093 419 cneuonn
2124 362 2417 436 nvssea’t

3613 364 3716 421 656

481 488 606 527 vero
634 471 884 526 hmrctica
922 471 1168 528 doctrina
1201 472 1382 539 habet,
1415 475 1564 547 prius
1602 475 1702 532 luit
1743 478 2034 550 ingenitUS.

2166 482 2263 554 νὴρ,
2311 481 2562 552 οὐδεμιᾶς
2613 481 2846 554 σωρείας
2890 480 3337 553 ἐπιτηδευμάτων
3386 482 3512 551 περὶ
3560 483 3724 537 αὐτὸν

480 567 669 630 postea
699 559 876 625 Pater,
910 561 1060 616 nulla
1096 563 1488 619 ειιιὶιιιιιοτιιηι
1505 566 1826 622 collectione
1849 569 1902 622 in
1927 570 2046 640 ipso

480 659 726 721 spectata
773 670 785 705 :
817 653 951 706 nibil
985 653 1130 708 aliud
1165 655 1432 723 sequitur,
1465 671 1628 726 quam
1669 659 1846 728 ipsqu
1876 667 2047 714 totum

481 742 668 810 seipso
724 749 839 795 toto
887 743 1123 810 priorem
1167 750 1221 798 et
1253 745 1612 814 posteriorem
1648 761 1792 813 esse,
1845 755 1900 803 et
1928 748 2052 818 qui-

480 832 602 886 dcm
634 833 934 887 secundum
965 834 1444 890 innascibilitatem
1479 836 1660 907 seipso
1692 837 1952 907 priorem,
1995 847 2052 893 at

482 922 782 976 secundum
810 923 987 979 Patris
1021 923 1293 980 notionem
1320 926 1500 995 seipso
1521 928 1874 996 posteriorem
1905 942 2048 984 esse.

481 1013 749 1069 Caeterum
780 1015 850 1080 si,
884 1025 944 1070 ut
968 1015 1238 1087 Propheta
1265 1017 1419 1084 dicit,
1452 1016 1586 1070 idem
1612 1018 1720 1086 ipse
1752 1027 1851 1082 εει,
1880 1032 2052 1072 vanus

481 1115 583 1170 est,
639 1102 1152 1176 quisquis'asserit,
1194 1123 1342 1174 eum,
1390 1110 1710 1180 priusquam
1759 1110 2052 1180 generarit,

481 1212 592 1250 non
643 1197 814 1253 fuisse
859 1199 1181 1269 ingenitum,
1214 1199 1343 1270 quia
1388 1209 1642 1256 neutrum
1687 1201 1884 1256 horum
1936 1202 2055 1258 sine

483 1290 658 1344 altero
690 1291 985 1360 reperitur,
1021 1306 1196 1362 neque
1232 1290 1413 1347 Patris
1436 1307 1655 1356 nomen,
1699 1308 1873 1362 neque
1900 1292 2053 1364 inge-

485 1383 606 1448 niti,
643 1383 740 1438 sed
785 1383 946 1438 simul
987 1383 1089 1438 ista
1140 1383 1250 1438 duo
1284 1393 1338 1438 et
1389 1384 1729 1458 coniunctim
1778 1385 2053 1439 mentibus

484 1479 632 1528 recte
660 1471 726 1528 de
757 1471 866 1528 Deo
896 1473 1246 1529 sentientium
1285 1474 1672 1544 ingenerantur
1703 1492 1714 1528 :
1750 1488 1874 1526 nam
1906 1481 1958 1527 et
1987 1473 2054 1527 ab

485 1569 692 1617 :uterno
721 1562 864 1619 Deus
899 1573 985 1619 est
1009 1563 1191 1631 Pater,
1228 1575 1282 1620 et
1309 1564 1473 1620 Pater
1503 1573 1763 1629 aeternus,
1791 1571 1844 1620 et
1870 1567 2054 1618 omnia

486 1651 616 1714 alia.
653 1669 774 1724 quae
803 1654 1056 1723 religiose
1081 1655 1149 1710 de
1173 1655 1282 1710 Deo
1310 1656 1698 1725 praedicantur,
1730 1653 1890 1710 simul
1920 1670 2056 1725 pra:-

487 1743 764 1808 ilicantur,
798 1745 1039 1810 secluso,
1067 1753 1127 1799 ut
1155 1744 1416 1810 diximus,
1446 1744 1595 1799 omni
1630 1745 1892 1814 temporis
1930 1762 2056 1813 Spa-

489 1833 566 1889 tio
591 1834 659 1888 ab
682 1834 774 1888 illa
813 1841 1032 1899 natura,
1073 1850 1195 1905 quae
1219 1835 1402 1890 omnia
1435 1835 1635 1890 saecula
1665 1835 1956 1889 antecedit.

563 1922 852 1979 Videamus
905 1931 960 1979 et
1007 1924 1217 1994 reliqua
1265 1923 1580 1979 dialectices
1637 1923 1890 1976 acumina
1941 1935 2061 1991 quae

488 2017 605 2084 ipse
640 2014 870 2070 ridicula
899 2025 949 2071 et
989 2015 1288 2070 miseranda
1323 2030 1446 2070 esse
1472 2015 1567 2070 ait.
1606 2013 1748 2071 Vere
1789 2013 2058 2084 profecto.

489 2106 698 2164 Revera
743 2107 889 2163 enim
932 2123 996 2164 ea
1054 2123 1175 2178 qua:
1225 2108 1328 2164 iste
1379 2109 1610 2173 asserit,
1650 2109 1927 2177 copiosam
1989 2105 2065 2160 ri-

487 2199 652 2255 dendi
687 2200 971 2255 materiam
1007 2201 1327 2266 continent,
1359 2202 1443 2257 vel
1485 2200 1667 2271 potius
1713 2215 1936 2256 causam
1980 2201 2066 2254 lu-

488 2291 648 2362 gendi
673 2329 690 2354 ,
718 2291 789 2345 ob
824 2290 1050 2360 impium
1085 2307 1326 2348 errorem
1348 2331 1363 2357 ,
1392 2293 1485 2362 qui
1522 2294 1735 2368 animos
1770 2292 1978 2347 detinet
2009 2298 2066 2348 et

489 2389 742 2452 occupat.
774 2381 909 2437 Cum
940 2383 1087 2438 enim
1122 2383 1306 2447 Pater,
1341 2383 1644 2438 secundum
1673 2383 1949 2454 quoddam
1988 2383 2064 2439 εἰς

490 2471 810 2540 gniﬁcatum
831 2513 847 2540 ,
876 2473 1040 2529 etiam
1077 2473 1304 2544 ingeniti
1334 2473 1615 2528 notionem
1647 2473 2064 2543 complectatur,

487 2570 549 2619 ut
572 2571 758 2617 nostra
783 2560 888 2618 lert
913 2564 1184 2618 sententia
1201 2606 1215 2630 ,
1241 2563 1368 2626 iste,
1395 2570 1613 2633 arrepta
1639 2563 1858 2634 propria
1885 2561 2064 2616 Patris

490 2652 920 2724 significatione,
962 2653 1037 2709 ita
1089 2663 1280 2709 contra
1335 2655 1624 2724 ingenitum
1671 2655 1964 2724 disputat:
2004 2651 2067 2708 Si

488 2746 629 2804 enim
663 2745 800 2800 idem
829 2755 907 2800 est
936 2747 1200 2818 ingenitus
1233 2756 1281 2800 et
1317 2745 1504 2811 Pater,
1539 2745 1714 2800 licebit
1763 2746 1912 2799 nobis
1933 2784 1948 2809 ,
1983 2761 2067 2799 re-

490 2835 614 2893 licto
648 2833 830 2890 Patris
861 2835 1148 2899 vocabulo,
1182 2844 1231 2890 et
1261 2845 1534 2904 assumpto
1565 2836 1784 2906 ingeniti
1820 2836 2028 2889 nomine
2048 2875 2064 2900 ,

490 2925 702 2978 dicere:
739 2923 1012 2994 Ingenitus
1047 2923 1179 2978 Filii
1207 2934 1284 2979 εει
1318 2925 1598 2993 ingenitus.
1640 2923 1788 2978 Sicut
1817 2925 1956 2978 enim
1991 2925 2068 2978 in-

489 3017 695 3088 genitus
727 3026 804 3069 est
838 3015 971 3072 Filii
1003 3015 1190 3082 Pater,
1222 3017 1300 3071 ita
1341 3019 1572 3072 vicissim
1617 3015 1749 3071 Filii
1796 3018 2062 3088 ingenitus

490 3117 569 3161 εει
603 3106 782 3161 Pater.
809 3107 968 3162 Subit
997 3108 1256 3163 admirari
1289 3107 1617 3163 Eunomium
1650 3109 1719 3163 ob
1750 3108 2026 3164 solertiam
2050 3151 2064 3174 ,

491 3199 651 3266 cujus
685 3198 900 3268 copiam
932 3206 986 3253 et
1014 3200 1333 3255 varietatem
1367 3201 1516 3254 circa
1560 3199 1872 3270 dogmatum
1920 3199 2068 3268 peri-
2096 3184 2141 3246 (Σ

492 3289 648 3357 tiam,
685 3291 978 3345 multorum
1012 3291 1328 3346 facultatem
1364 3307 1626 3362 superare
1670 3292 1928 3347 arbitror.
1960 3291 2070 3345 Ma-

493 3379 666 3449 gister
713 3389 901 3434 noster
944 3381 1134 3449 paucis
1174 3381 1416 3437 verbulis
1455 3382 1697 3436 breviter
1741 3381 1898 3448 dixit,
1952 3381 2068 3436 ﬁeri

494 3485 690 3541 posse,
724 3477 784 3524 ut
813 3469 974 3524 etiam
1009 3487 1107 3541 per
1149 3471 1328 3526 Patris
1367 3473 1790 3542 appellationem
1831 3474 2070 3527 innasci-

495 3561 676 3615 bilitas
707 3560 1224 3631 signiﬁceturziste
1273 3569 1352 3617 tot
1404 3571 1458 3617 et
1508 3571 1659 3616 tanta
1711 3566 1956 3635 oggerit,
2009 3573 2068 3619 ut

493 3653 787 3710 multitudo
804 3652 916 3723 jam
936 3667 1047 3709 non
1077 3653 1148 3708 sit
1171 3654 1406 3724 amplius
1438 3653 1492 3708 in
1513 3669 1776 3710 sensuum
1803 3653 2062 3711 dilIeren-

493 3745 600 3809 tia,
629 3743 723 3800 sed
747 3745 803 3798 in
833 3745 1066 3799 circuitu
1095 3755 1148 3800 et
1176 3745 1500 3815 repetitione
1524 3747 1840 3801 eorunidem
1865 3748 2064 3802 verbo-

493 3850 638 3892 rum.
687 3835 1158 3902 Quemadmodum
1194 3838 1338 3894 enim
1377 3837 1450 3891 illi
1491 3838 1585 3908 qui
1635 3838 1831 3894 velatis
1885 3841 2062 3896 oculis

494 3926 643 3980 circa
684 3926 883 3981 molam
919 3926 1266 3995 discursant,
1304 3928 1475 3982 multo
1521 3928 1705 3984 labore
1749 3931 2060 3996 exautlato,

493 4018 551 4069 in
598 4016 788 4072 eodem
830 4017 953 4074 loco
999 4028 1222 4074 manent
1253 4037 1266 4074 :
1309 4017 1384 4074 ita
1413 4017 1516 4074 iste
1550 4033 1766 4089 semper
1795 4020 1945 4075 circa
1972 4035 2064 4076 ea-

495 4106 618 4164 dem
652 4107 900 4172 vertitur,
933 4116 987 4163 et
1022 4109 1092 4164 ab
1123 4109 1318 4165 iisdem
1349 4124 1458 4164 non
1483 4109 1724 4164 absistit.

2151 573 2462 644 νοουμένης,
2489 573 2640 627 οὑδὲν
2668 573 2813 636 ἄλλο,
2842 573 2874 640 ἢ
2897 573 3016 636 ὅλος
3041 573 3204 636 αὐτὸς
3230 572 3421 626 ἑαυτοῦ
3445 572 3566 628 ὅλου
3592 591 3728 644 πρε-

2153 664 2410 736 σϐύτερός
2429 681 2487 717 τε
2517 665 2611 718 καὶ
2637 665 3091 736 μεταγενέστερος
3112 665 3338 733 γίνεταισ
3368 665 3508 718 κατὰ
3543 666 3640 735 μὲν
3664 666 3728 720 τὸ

2151 756 2465 827 ἀγέννητον,
2490 755 2680 809 ἑαυτοῦ
2711 755 3074 827 προτερεύων,
3105 757 3246 810 κατὰ
3277 756 3334 808 δὲ
3359 757 3456 826 τὴν
3482 755 3574 808 τοῦ
3609 757 3724 808 Πα-

2150 847 2280 918 τρὺς
2308 845 2534 910 ἔννοιαν,
2559 847 2752 900 ἑαυτοῦ
2775 848 3064 918 γενόμενος
3094 847 3363 918 δεύτερος
3391 849 3439 900 εί
3470 847 3525 900 δὲ
3545 847 3726 911 καθὼς

2153 953 2286 1007 φησι
2314 938 2442 1008 περὶ
2473 937 2565 990 τοῦ
2595 937 2729 991 Θεοῦ
2755 941 2783 991 6
2813 938 3122 1010 Προφήτης,
3154 939 3235 992 ὅτι
3272 938 3325 989 '0
3358 941 3538 1003 αὐτός
3563 939 3722 992 ἐστι’

2157 1030 2379 1100 μάταιος
2409 1031 2438 1081 6
2461 1029 2652 1098 λέγων,
2675 1031 2755 1084 ὅτι
2785 1031 2911 1101 πρὶν
2939 1031 3218 1099 γεννῆσαι,
3256 1031 3355 1083 οὐκ
3393 1026 3460 1102 ἦν
3495 1031 3728 1102 ἀγέννη-

2152 1137 2262 1184 τος·
2292 1122 2372 1174 ὃτι
2404 1120 2680 1192 οὐδέτερον
2709 1121 2912 1174 τούτων
2953 1123 3122 1194 χωρὶς
3147 1122 3238 1175 τοῦ
3269 1122 3455 1192 ἑτέρου
3480 1123 3727 1193 εὑρίσκε-

2153 1230 2264 1275 ται,
2291 1211 2412 1265 οὔτε
2438 1211 2531 1264 τοῦ
2571 1213 2782 1284 Πατρὸς
2814 1213 2875 1266 τὸ
2900 1212 3071 1283 ὄνομα
3093 1254 3108 1275 ,
3139 1212 3260 1265 οὕτε
3295 1212 3387 1265 τοῦ
3411 1213 3723 1282 ἀγεννήτου.

2167 1304 2304 1356 Ἀλλ’
2327 1304 2461 1375 ὁμοῦ
2493 1305 2562 1358 τὰ
2603 1304 2716 1369 δύο,
2759 1305 2852 1357 καὶ
2889 1306 3004 1375 μετ’
3047 1304 3289 1375 ἀλλήλων
3320 1306 3440 1366 ταῖς
3470 1303 3725 1368 διανοίαις
3809 1331 3818 1338 -

2154 1394 2261 1448 τῶν
2290 1395 2527 1458 εὐσεϐῶς
2552 1393 2920 1464 λογιζομένων
2944 1395 3216 1463 ἐγγίνεται
3238 1396 3306 1448 τὰ
3333 1396 3593 1466 νοήματα.
3618 1396 3729 1448 Καὶ

2155 1483 2262 1556 γὰρ
2287 1484 2345 1550 ἐξ
2378 1485 2546 1537 ἀϊδίου
2593 1485 2784 1555 Πατὴρ
2829 1486 2859 1537 ό
2891 1483 3050 1547 Θεὸς,
3074 1485 3165 1537 καὶ
3201 1485 3388 1555 Πατὴρ
3413 1485 3600 1548 ἀΐδιος,
3633 1484 3730 1536 καὶ

2157 1577 2332 1630 πάντα
2357 1577 2454 1629 ὅσα
2475 1575 2712 1639 εὐσεϐῶς
2732 1576 2969 1644 λέγεται,
2995 1576 3136 1630 κατὰ
3163 1563 3357 1630 ταύτὸν
3382 1576 3729 1646 ὀνομάζεται,

2155 1669 2252 1740 τῆς
2281 1669 2534 1740 χρονικῆς
2563 1668 2788 1739 ταύτης,
2823 1668 3004 1732 καθὼς
3032 1669 3258 1740 ἔφαμεν,
3283 1668 3600 1732 ἀκολουθίας
3638 1669 3733 1721 καὶ

2157 1759 2358 1823 τάξεως
2385 1758 2475 1810 ἐπὶ
2504 1757 2603 1828 τῆς
2641 1759 2965 1828 προαιωνίου
2991 1757 3199 1828 φύσεως
3227 1759 3520 1830 ἀργούσης.

2237 1916 2460 1987 Ἵδωμεν
2486 1916 2542 1970 δὲ
2573 1917 2668 1970 καὶ
2697 1916 2766 1970 τὰ
2799 1917 2959 1970 λοιπὰ
2989 1917 3086 1988 τῆς
3128 1917 3469 1988 διαλεκτικῆς
3513 1917 3736 1986 εὔστρο-

2165 2010 2314 2079 φίας,
2355 2009 2392 2064 ὃ.
2448 2011 2542 2064 καὶ
2587 2011 2745 2075 αὐτὸς
2801 2010 3000 2080 γελοῖά
3041 2028 3104 2064 τε
3147 2011 3302 2081 ἅμα,
3353 2012 3448 2064 καὶ
3500 2007 3737 2063 ἐλεεινὰ

2165 2118 2328 2171 φησιν
2373 2099 2528 2158 εἶναι.
2575 2101 2772 2167 Καλῶς
2819 2103 2975 2156 τοῦτο
3023 2103 3216 2172 λέγων.
3266 2101 3478 2165 Πλατὺς
3523 2103 3630 2174 γάρ
3659 2102 3737 2166 ὡς

2166 2192 2380 2263 ἀληθῶς
2403 2194 2461 2246 ἐν
2487 2195 2596 2256 τοῖς
2621 2195 2930 2265 εἰρημένοις
2958 2197 2986 2248 ό
3013 2195 3206 2263 γέλως,
3253 2194 3450 2265 μᾶλλον
3474 2195 3530 2248 δὲ
3571 2194 3737 2258 πολὺς

2163 2285 2192 2336 6
2224 2285 2417 2356 θρῆνος
2441 2285 2532 2338 ἐπὶ
2558 2287 2621 2358 τῇ
2653 2285 2953 2358 κατεχούσῃ
2975 2287 3073 2358 τὴν
3103 2287 3276 2358 ψυχὴν
3301 2288 3483 2360 ἀπάτῃ
3501 2304 3514 2316 ·
3549 2285 3738 2356 ἐπειδὴ

2165 2376 2275 2446 γὰρ
2324 2376 2464 2430 κατὰ
2514 2393 2566 2428 τι
2621 2377 3019 2448 σημαινόμενον
3060 2379 3089 2431 6
3143 2377 3328 2448 Πατὴρ
3368 2376 3462 2430 καὶ
3506 2376 3604 2447 τὴν
3642 2375 3738 2430 τοῦ

2166 2469 2459 2538 ἀγεννήτου
2485 2469 2834 2540 περιείληφεν
2863 2469 3090 2533 ἔννοιαν,
3113 2469 3188 2532 ὡς
3216 2471 3244 2522 6
3269 2469 3537 2540 ἡμέτερος
3557 2468 3737 2536 λόγος,

2170 2558 2486 2630 μεταϐαλὼν
2510 2560 2609 2630 τὴν
2637 2561 2836 2627 κυρίαν
2876 2560 2971 2613 τοῦ
3014 2560 3238 2629 Πατρός
3270 2560 3543 2631 σημασίαν
3568 2560 3647 2622 εἰς
3675 2558 3743 2612 τὺ

2167 2653 2512 2724 ἀγέννητον,
2547 2653 2672 2707 τάδε
2715 2654 2910 2723 φησιν’
2951 2656 3021 2708 El
3066 2654 3176 2723 γὰρ
3203 2655 3422 2708 ταύτόν
3464 2652 3634 2707 ἐστιν
3659 2653 3743 2706 ει-

2167 2747 2322 2812 πεῖν,
2373 2747 2719 2817 ἀγέννητος,
2766 2747 2805 2816 ἢ
2840 2747 3064 2816 Πατὴρ,
3102 2746 3340 2811 ἐξέσται
3389 2745 3532 2814 ἡμῖν
3562 2761 3743 2798 κατα-

2166 2836 2415 2892 λιποῦσι
2448 2836 2561 2905 τὴν
2591 2836 2697 2890 τοῦ
2721 2836 2949 2906 Πατρός
2967 2835 3195 2904 φωνὴν,
3225 2832 3628 2904 μεταλαϐοῦσι
3670 2829 3745 2885 δὲ

2167 2931 2234 2984 τὸ
2270 2929 2618 2998 ἀγέννητον,
2646 2929 2861 2983 εἰπεῖν·
2903 2929 2956 2981 '0
3002 2928 3326 2998 ἀγέννητοι,-
3397 2925 3533 2980 Υιοῦ
3571 2925 3747 2978 ἐστιν

2170 3021 2516 3092 ἀγέννητος.
2554 3023 2782 3089 ’Ὠσπερ
2817 3021 2928 3090 γὰρ
2968 3021 3296 3090 ἀγέννητος
3335 3018 3471 3072 Υἱοῦ
3514 3017 3742 3083 Πατὴρ,

2171 3114 2358 3180 οὕτως
2386 3113 2645 3182 ἔμπαλιν
2682 3113 2815 3167 Υἱοῦ
2847 3111 3174 3183 ἀγέννητος
3201 3114 3234 3165 ό
3261 3109 3478 3177 Πατήρ.
3524 3109 3588 3161 Ἐ
3600 3107 3746 3160 πεισί

2173 3224 2263 3278 μοι
2291 3207 2475 3260 λοιπὸν
2501 3205 2801 3302 θαυμάζειν
2829 3204 2919 3258 τὸν
2950 3204 3118 3276 ἄνδρα
3146 3204 3244 3271 τῆς
3275 3202 3628 3272 εὐμηχανίας,
3647 3200 3747 3253 καὶ

2171 3293 2517 3368 πολύτροπον’
2537 3296 2722 3359 αὑτοῦ,
2753 3297 2846 3351 καὶ
2884 3296 3124 3350 ποικίλον
3160 3295 3260 3364 τῆς
3288 3296 3365 3357 εἰς
3396 3294 3463 3346 τά
3496 3293 3747 3362 δόγματα

2172 3391 2440 3457 παιδείας,
2487 3390 2628 3460 ὑπὲρ
2665 3389 2761 3460 τὴν
2799 3387 2906 3444 τῶν
2936 3388 3146 3441 πολλῶν
3178 3381 3316 3439 εἶναι
3355 3385 3580 3455 δύναμιν
3628 3382 3748 3435 οἴε-

2173 3483 2316 3537 σθαι.
2351 3483 2425 3535 Τὸ
2459 3481 2556 3552 μὲν
2581 3480 2868 3552 εἰρημένον
2898 3478 3049 3551 παρὰ
3090 3478 3182 3532 τοῦ
3216 3477 3531 3530 διδασκάλου
3561 3475 3746 3544 ἡμῶν,

2172 3569 2253 3636 εἷς
2281 3572 2436 3639 λόγος
2464 3572 2521 3624 ἐν
2556 3570 2746 3642 βραχεῖ
2772 3570 2870 3641 τὴν
2916 3570 3261 3641 περιγραφὴν
3295 3569 3431 3639 ἔχων
3451 3608 3466 3632 ,
3494 3568 3554 3620 τὸ
3590 3568 3752 3620 δυνα-

2167 3663 2259 3717 τὸν
2299 3658 2438 3716 εἶναι
2472 3663 2566 3716 καὶ
2589 3663 2677 3715 διὰ
2706 3643 2804 3733 τῆς
2845 3661 2938 3715 τοῦ
2967 3660 3195 3729 Πατρός
3233 3660 3600 3732 προσηγορίας
3641 3659 3750 3730 τὴν

2167 3752 2540 3823 ἁγεννησίαν
2587 3751 2946 3822 σημαίνεσθαι
2974 3767 2987 3780 ·
3044 3751 3113 3804 τά
3159 3749 3217 3803 δὲ
3251 3750 3402 3821 παρὰ
3431 3750 3617 3802 τούτου
3648 3767 3753 3803 το⁴

2169 3844 2360 3910 σαῦτα,
2389 3837 2463 3897 ὧν
2485 3843 2547 3896 τὸ
2573 3842 2771 3914 πλῆθος
2793 3843 2892 3895 οὐκ
2917 3843 2974 3895 ἐν
3005 3845 3070 3912 τῇ
3099 3841 3331 3912 διαφορᾷ
3356 3840 3462 3894 τῶν
3487 3857 3634 3910 νενοη
3645 3839 3754 3909 μέ-

2169 3951 2274 3988 νων
2305 3934 2470 3997 ἐστὶν,
2520 3932 2632 3986 ἀλλ’
2662 3934 2718 3985 ὲν
2755 3934 2821 4002 τῇ
2855 3931 3081 4002 περιόδῳ
3142 3932 3234 3983 καὶ
3285 3931 3596 4000 ἀναστροφῇ
3635 3928 3756 3982 τῶν

2168 4021 2366 4091 ὁμοίων
2397 4020 2676 4093 ῥημάτων.
2712 4020 2979 4091 Καθάπερ
3009 4019 3117 4090 γὰρ
3144 4020 3194 4072 οἱ
3226 4019 3324 4089 τὴν
3372 4018 3543 4089 μύλην
3577 4035 3756 4071 κεκα-

2168 4112 2462 4183 λυμμένοις
2490 4114 2600 4175 τοῖς
2644 4110 2940 4182 ὀφθαλμοῖς
2972 4110 3337 4182 περιθέοντες,
3372 4110 3430 4163 ἐν
3472 4108 3640 4180 πολλῇ
3676 4111 3752 4181 τῇ

493 4198 766 4269 ὁδοιπορίᾳ
809 4197 948 4252 κατὰ
975 4197 1065 4251 τὸν
1092 4198 1253 4252 αὑτὸν
1286 4198 1505 4270 μένουσι
1543 4198 1734 4254 τόπον⁹
1808 4199 1980 4265 οὕτως
2048 4203 2136 4257 ἀεὶ
2174 4203 2301 4274 περὶ
2327 4202 2395 4256 τὰ
2441 4201 2582 4255 αὐτὰ
2629 4200 2936 4271 στρέφεται,
2996 4201 3088 4254 καὶ
3129 4198 3237 4252 τῶν
3280 4198 3454 4253 αὐτῶν
3496 4199 3595 4252 οὐκ
3640 4200 3758 4268 ἁφ-

497 4289 727 4345 ίσταται.

564 4382 784 4437 Dixerat
817 4381 984 4438 semel
1022 4382 1370 4438 subsannans
1401 4399 1538 4450 nos,
1576 4382 1792 4442 Patrem
1836 4401 1938 4443 non
1983 4388 2061 4441 si-

2239 4379 2406 4439 Εἶπεν
2427 4383 2572 4446 ἅπαξ
2595 4381 2982 4452 ἐπιχλευάζων,
2999 4381 3080 4435 ὅτι
3105 4382 3188 4434 Οὐ
3215 4380 3282 4434 τὸ
3311 4378 3596 4449 γεννῆσαι
3627 4396 3751 4448 ση-

494 4477 748 4546 gniﬁcare
779 4475 831 4529 id
860 4474 997 4545 quod
1026 4484 1102 4529 est
1135 4491 1414 4545 generare,
1445 4475 1534 4530 sed
1586 4476 1640 4529 id
1683 4477 1822 4546 quod
1875 4486 1954 4532 εει
2001 4493 2064 4532 ea:

2166 4477 2362 4547 μαίνει
2403 4477 2436 4528 ὁ
2465 4473 2685 4542 Πατὴρ,
2709 4473 2867 4528 ἀλλὰ
2893 4473 2959 4526 τὸ
2989 4473 3058 4538 ἐξ
3089 4471 3338 4539 οὐδενὸς
3368 4469 3542 4526 εἶναι.
3574 4473 3754 4527 Πάλιν

497 4567 644 4624 nullo
673 4582 784 4620 εεεε
803 4581 821 4630 ;
855 4581 977 4622 mox
1010 4565 1197 4622 eadem
1227 4566 1499 4621 cantilena
1530 4567 1751 4629 iterata,
1793 4567 1854 4622 Si
1887 4567 2069 4632 Pater,

496 4661 693 4732 inquit,
713 4660 975 4731 signiﬁcat
1007 4657 1314 4729 ingenitum,
1335 4665 1616 4726 antequam
1650 4667 1942 4727 generaret,
1967 4676 2072 4714 non

494 4764 607 4808 erat
641 4753 926 4824 ingenitus.
958 4749 1163 4805 Deinde
1191 4749 1353 4805 tertio
1403 4748 1469 4803 ad
1525 4748 1713 4803 eadem
1747 4765 2069 4816 recurrens,

495 4845 730 4907 Licebit,
778 4843 988 4913 inquit,
1038 4851 1247 4910 accepto
1293 4841 1524 4910 ingenito
1573 4840 1765 4906 dicere,
1798 4839 2071 4911 Ingenitus

496 4941 632 4995 Filii
654 4949 730 4994 est
755 4939 1015 5008 ingenitus
1043 4953 1059 4990 :
1090 4943 1142 4991 et
1170 4951 1198 4991 e
1227 4935 1460 5004 vestigio
1489 4934 1684 5004 repetit
1708 4974 1721 4996 ,
1750 4934 1896 5004 quod
1928 4951 2072 5004 sa-pe

491 5034 605 5104 jam
640 5037 996 5088 evomuerat:
1037 5028 1242 5088 Sicuti.
1277 5029 1484 5097 inquit,
1521 5027 1788 5097 ingenitus
1823 5038 1902 5080 εει
1939 5026 2071 5081 Filii

497 5125 681 5190 Pater,
707 5123 782 5177 sic
814 5121 920 5176 vice
949 5137 1096 5174 rersa
1135 5117 1263 5174 Filii
1295 5119 1555 5188 ingenitus
1586 5127 1661 5172 est
1707 5117 1884 5174 Pater.
1918 5117 2070 5183 Quo-

496 5218 600 5271 ties
627 5215 691 5270 ad
722 5214 974 5271 eumdem
1001 5213 1264 5268 vomitum
1295 5211 1598 5266 relabitur?
1624 5209 1852 5277 Quoties
1880 5211 2069 5266 eadem

499 5307 740 5377 repetit?
781 5307 1008 5372 Quoties
1050 5305 1239 5359 eadem
1285 5304 1549 5358 eructat?
1586 5305 1666 5357 An
1722 5318 1830 5358 non
1871 5313 1924 5356 et
1967 5317 2069 5356 nos

499 5399 716 5453 molesti
751 5399 1024 5468 plerisque
1053 5397 1298 5458 erimus,
1335 5396 1380 5450 si
1414 5404 1604 5450 nostra
1638 5396 1887 5449 oratione
1917 5394 2070 5446 vani-

498 5497 668 5544 tatem
707 5503 896 5542 eorum
947 5503 1068 5557 qua:
1099 5487 1202 5542 iste
1235 5486 1489 5549 adducit,
1519 5485 1797 5540 discutere
1821 5493 1876 5538 et
1909 5482 2069 5538 refel-

500 5579 614 5637 lere
645 5577 912 5631 velimus?
939 5579 1003 5631 Et
1031 5577 1170 5632 forte
1198 5577 1265 5632 ad
1294 5577 1401 5634 ista
1433 5577 1594 5632 silere
1629 5575 1915 5631 decentius
1951 5573 2068 5630 fue-

499 5672 594 5728 rit.
622 5669 690 5723 At
717 5684 785 5722 ne
807 5670 931 5738 quis
962 5667 1016 5722 id
1043 5684 1110 5724 ex
1138 5669 1492 5726 imbecilitate
1519 5668 1787 5724 orationis
1814 5679 1866 5723 et
1893 5683 2066 5736 penu-

499 5764 578 5825 ria
608 5767 1048 5836 argumentorum
1069 5758 1314 5816 accidere
1340 5759 1652 5826 arbitretur,
1681 5759 1779 5815 ista
1803 5771 2065 5829 responsa

2173 4567 2233 4622 τὸ
2259 4568 2440 4638 ὅμοιον
2469 4563 2684 4630 ἔπλεξεν
2706 4580 2718 4592 ·
2755 4567 2825 4618 Et
2849 4564 3049 4632 Πατὴρ
3072 4565 3136 4617 τὸ
3162 4564 3493 4633 ἀγέννητον
3524 4565 3755 4634 σημαί-

2171 4677 2280 4724 νει,
2309 4658 2452 4727 πρὶν
2484 4655 2775 4726 γεννῆσαι
2822 4657 2932 4710 οὐκ
2975 4651 3053 4723 ἦν
3098 4655 3445 4724 ἀγέννητος.
3499 4650 3630 4708 Εἶτα
3680 4657 3753 4709 ἐκ

2171 4749 2352 4822 τρίτου
2398 4749 2491 4801 ἐπὶ
2540 4747 2609 4801 τὰ
2664 4745 2803 4799 αὐτὰ
2857 4746 3235 4816 ἐπανέρχεται.
3305 4746 3547 4810 Ἔξεστι
3610 4746 3750 4817 γὰρ,

2172 4841 2324 4912 φησὶ,
2353 4838 2752 4909 μεταλαϐοῦσι
2782 4838 2846 4890 τὸ
2879 4836 3210 4907 ἀγέννητον
3239 4837 3458 4890 εἰπεῖν’
3496 4838 3548 4890 Ὁ
3570 4838 3755 4906 ἀγέν-

2169 4949 2350 4999 νητος
2403 4929 2541 4984 Υἱοῦ
2566 4931 2733 4983 ἐστιν
2769 4929 3095 4999 ἀγέννητος
3116 4946 3128 4958 ·
3167 4929 3260 4982 καὶ
3292 4928 3451 4992 εὐθὺς
3476 4930 3752 4984 ἐπανέλα-

2171 5022 2264 5075 6εν
2306 5023 2334 5075 ὃ
2363 5021 2621 5085 πολλάκις
2648 5020 2901 5092 ἐξὴμεσε,
2929 5022 3022 5075 καί
3066 5037 3229 5092 φησιν
3253 5037 3266 5050 ·
3297 5021 3528 5089 Ὠσπερ
3559 5021 3668 5092 γὰρ
3717 5025 3754 5076 ό

2169 5114 2495 5184 ἀγέννητος
2548 5114 2680 5168 Υἱοῦ
2743 5112 2961 5180 Πατὴρ,
3033 5113 3222 5178 οὕτως
3288 5111 3545 5181 ἔμπαλιν
3604 5113 3753 5167 Υἱοῦ

2169 5206 2495 5276 ἀγέννητος
2525 5209 2556 5259 ό
2601 5204 2821 5271 Πατήρ.
2879 5206 2943 5257 Ὢ
2987 5204 3217 5267 ποσάκις
3268 5203 3358 5257 ἐπὶ
3407 5204 3497 5258 τὸν
3545 5205 3752 5276 ἐαυτοῦ

2170 5299 2361 5368 ἔμετον
2408 5296 2780 5368 έπανέδραμεῑ
2827 5295 3054 5360 ποσάκις
3109 5295 3445 5349 ὲπανέλαὸεί
3512 5273 3753 5360 ¹ιέοσάκις

2169 5387 2488 5452 ὲξέὸλυσενῐ
2529 5381 2654 5456 Ἆρ’
2705 5381 2797 5439 οὖν
2823 5385 2922 5438 οὐκ
2965 5384 3220 5454 ἐπαχθεῖς
3283 5385 3375 5438 καὶ
3423 5387 3584 5454 ἡμεῖς
3631 5389 3752 5449 τοῖς

2170 5479 2381 5541 πολλοῖς
2411 5477 2772 5548 γενησόμεθα,
2801 5480 2868 5547 τῇ
2912 5477 3230 5546 ματαιότητι
3257 5477 3365 5530 τῶν
3397 5479 3525 5548 παρ’
3574 5477 3751 5532 αὑτοῦ

2168 5569 2607 5641 προφερομένων,
2657 5569 2750 5622 καὶ
2795 5568 2887 5622 τὸν
2918 5569 3186 5640 ἡμέτερον
3219 5569 3374 5637 λόγον
3407 5574 3759 5642 συμπερισύ-

2172 5677 2387 5734 ροντες;
2419 5661 2527 5713 Καὶ
2562 5661 2692 5724 ἴσως
2718 5660 2780 5713 τὸ
2813 5662 3023 5732 σιωπᾷν
3053 5662 3110 5714 ἐν
3139 5663 3250 5724 τοῖς
3279 5660 3538 5725 τοιούτοις
3571 5662 3759 5733 ἁρμο-

2166 5755 2438 5828 διώτερον.
2487 5752 2625 5809 Ἀλλ’
2652 5755 2738 5808 ἵνα
2767 5755 2839 5826 μή
2875 5771 2956 5818 τις
2983 5756 3049 5826 τῇ
3094 5753 3219 5825 περὶ
3251 5753 3345 5808 τοῦ
3372 5752 3548 5832 λέγειν
3578 5755 3754 5813 ἀσοι-
