4032 6208
304 325 411 408 uti

1457 361 1735 417 CONTRA
1773 358 2168 425 EUNOMIUM,
2201 358 2330 414 LIB.
2370 358 2408 413 Ι.

3454 341 3555 392 7:59

309 470 435 541 νεία
465 469 782 541 καθυῳιέναι
820 475 1016 550 νομίσῃ
1046 477 1135 530 τὸν
1168 477 1342 546 λόγον,
1379 481 1547 534 ταῦτα
1595 484 1707 545 τοῖς
1733 482 1883 552 εἰρη-

1992 480 2181 535 damus
2210 497 2222 531 :
2257 476 2376 531 Non
2419 474 2545 530 licet
2578 474 2676 530 tibi
2711 475 2892 531 dicere
2930 470 3050 526 Filii
3097 468 3394 540 ingenitum
3441 481 3558 520 esse

313 561 501 630 μένοις
536 563 1014 638 ἀποκρινούμεθα⁹
1047 571 1160 623 Οὐκ
1201 570 1373 637 ἔξεστί
1414 589 1494 626 σοι
1529 573 1726 642 λέγειν,
1755 572 1882 625 Υίού

307 651 607 724 ἀγέννητον
633 656 726 708 τὸν
756 659 997 730 Πατέρα,
1033 659 1134 714 κᾶν
1166 663 1199 732 ἡ
1225 661 1320 715 τοῦ
1347 663 1559 734 Πατρὸς
1584 664 1794 734 κλῆσις,
1826 665 1886 717 τὸ

311 743 388 813 μὴ
422 743 480 808 ἐξ
507 745 688 810 αίτίας
714 744 851 802 εἶναι
880 750 970 804 τὸν
993 753 1356 824 γεγεννηκότα
1390 756 1650 828 σημαίνῃ.
1677 757 1886 826 Ὥσπερ

309 834 418 906 γὰρ
450 836 593 890 κατὰ
631 838 690 891 τὸ
733 840 897 911 ῥηθὲν
943 845 1074 913 ἡμῖν
1116 844 1439 916 ὑπόδειγμα,
1466 846 1565 916 τὴν
1595 845 1688 900 τοῦ
1733 846 1887 916 βασι-

306 927 442 991 λέως
481 929 642 994 ἀξίαν
673 932 1023 1000 ἀκούσαντες,
1077 935 1170 990 δύο
1203 938 1268 989 ἐκ
1305 937 1399 991 τοῦ
1434 937 1695 1008 ὀνόματος
1733 938 1886 1007 ἐνοή-

308 1035 484 1088 σαμεν
504 1062 520 1087 ,
553 1021 618 1074 τό
646 1040 708 1076 τε
747 1025 1107 1097 ὑποτετάχθαι
1151 1029 1338 1099 μηδενὶ
1365 1028 1457 1082 τὸν
1489 1029 1608 1083 κατ’
1639 1029 1886 1094 ἐξουσίαν

308 1109 647 1180 προέχοντα,
690 1116 785 1168 καὶ
829 1116 890 1168 τὸ
935 1117 1044 1170 τῶν
1091 1119 1416 1190 ὑποχειρίων
1459 1124 1712 1190 κρατεῖν⁸
1745 1121 1886 1174 οὕτω

307 1203 404 1254 καὶ
449 1205 495 1274 ηε
516 1205 613 1258 τοῦ
658 1207 870 1277 Πατρὸς
898 1212 1239 1282 προσηγορία
1291 1213 1482 1283 διπλῆν
1509 1214 1640 1284 ἡμῖν
1671 1215 1764 1266 ἐπὶ
1792 1194 1883 1266 τοῦ

305 1291 443 1346 Θεοῦ
487 1294 587 1366 τὴν
646 1300 922 1368 σημασίαν
975 1303 1305 1373 παρέχεται*
1361 1305 1460 1374 τήν
1508 1321 1567 1356 τε
1613 1304 1749 1374 πρὸς
1792 1303 1886 1356 τὸν

224 1376 240 1386 ’
307 1383 437 1437 Υἱὺν
487 1387 816 1460 νοουμένην,
871 1391 963 1444 καὶ
1008 1393 1069 1446 τὸ
1123 1393 1392 1464 μηδεμιᾶς
1445 1393 1606 1447 αὐτὸν
1654 1392 1885 1463 ἐξῆφθαι

305 1480 807 1551 προεπινοουμένης
839 1482 1038 1546 αἰτίας.
1091 1484 1302 1556 ’Ὠσπερ
1345 1481 1438 1540 οὖν
1476 1486 1575 1538 οὐκ
1615 1485 1760 1538 ἐστιν
1794 1486 1886 1539 ἐπὶ

303 1566 400 1619 τοῦ
447 1567 713 1636 βασιλέως
745 1573 939 1636 εἰπεῖν,
989 1575 1068 1629 ὅτι
1122 1577 1170 1628 εί
1206 1577 1274 1630 τὰ
1309 1576 1402 1630 δύο
1440 1577 1528 1632 διὰ
1568 1577 1667 1646 τῆς
1715 1577 1885 1647 αὐτῆς

305 1662 684 1732 προσηγορίας
711 1664 1053 1733 σημαίνεται,
1083 1666 1144 1719 τό
1179 1683 1239 1719 τε
1273 1670 1493 1739 κρατεῖν
1523 1667 1630 1721 τῶν
1661 1670 1884 1738 ὑποχει-

305 1747 460 1818 ρίων,
485 1753 581 1805 καὶ
608 1753 668 1805 τὺ
703 1754 777 1824 μὴ
820 1754 964 1825 ἔχειν
995 1758 1085 1812 τὸν
1115 1759 1547 1830 προηγούμενον,
1581 1760 1757 1827 ἔξεστι
1809 1759 1885 1832 μὴ

1987 571 2219 632 Patrem,
2249 567 2464 623 etiamsi
2490 565 2670 620 Patris
2699 565 2989 636 appellatio
3019 560 3292 631 signiﬁcet
3315 572 3438 613 eum
3468 557 3560 626 qui

1987 661 2205 732 genuit,
2237 674 2300 714 ex
2335 658 2485 712 nulla
2513 672 2679 713 causa
2719 671 2861 710 esse.
2894 648 3066 708 Sicuti
3108 651 3252 706 enim
3276 648 3431 718 juxta
3465 649 3560 699 ad-

1986 749 2214 807 ductum
2245 763 2275 803 a
2307 749 2467 804 nobis
2508 747 2848 816 exemplum,
2897 741 3244 812 imperatoris
3293 737 3562 808 dignitate

1987 843 2170 898 audita
2191 882 2207 908 ,
2235 842 2345 897 duo
2371 840 2480 896 isto
2509 839 2728 894 nomine
2756 834 3124 904 concipimus,
3155 845 3351 899 nempe
3400 842 3526 881 eum
3546 865 3562 888 ,

1986 935 2081 1006 qui
2137 941 2410 1004 potestate
2455 931 2714 987 omnibus
2763 925 3111 999 praeeminet,
3151 922 3286 976 nulli
3337 919 3563 974 subesse

1986 1035 2039 1080 et
2087 1022 2326 1079 subditis
2368 1020 2679 1091 imperare:
2715 1018 2790 1072 ita
2823 1024 2878 1071 et
2909 1012 3092 1067 Patris
3127 1007 3422 1081 appellatio
3459 1006 3565 1060 du-

1985 1115 2182 1186 plicem
2227 1113 2388 1168 nobis
2435 1114 2502 1169 de
2548 1111 2660 1167 Deo
2705 1107 3167 1181 significationem
3212 1099 3562 1170 suppeditat:

1988 1207 2213 1260 alteram
2241 1245 2256 1271 ,
2291 1220 2412 1275 quae
2455 1212 2538 1260 est
2581 1217 2705 1258 cum
2753 1205 3007 1271 respectu
3050 1204 3105 1252 et
3145 1191 3468 1248 habitudine
3499 1189 3566 1243 ad

1986 1297 2185 1352 Filium
2210 1338 2226 1364 ,
2257 1299 2520 1357 alteram,
2555 1294 2700 1366 quod
2734 1309 2762 1348 a
2799 1292 2949 1347 nulla
2981 1289 3164 1359 priore
3193 1295 3246 1342 et
3277 1282 3566 1354 superiore

1987 1403 2153 1444 causa
2183 1389 2507 1458 dependeat.
2544 1381 3019 1452 Quemadmodum
3051 1393 3182 1448 ergo
3213 1377 3282 1431 de
3328 1375 3566 1443 impera-

1988 1489 2104 1535 tore
2129 1495 2236 1534 non
2265 1479 2392 1534 licet
2419 1479 2624 1541 dicere,
2671 1478 2716 1532 si
2763 1476 2872 1530 duo
2899 1471 3160 1544 prmdicta
3187 1484 3287 1539 per
3315 1464 3562 1522 eamdem

1986 1567 2409 1638 appellationem
2441 1566 2841 1638 significentur,
2894 1562 3190 1622 nimirum,
3240 1555 3387 1628 quod
3433 1555 3564 1610 sul;—

1987 1659 2119 1715 ditis
2152 1660 2417 1728 imperet,
2466 1673 2644 1729 neque
2691 1659 2858 1711 alimn
2906 1670 2965 1710 se
3013 1650 3355 1722 superiorem
3396 1661 3565 1716 agno-

1988 1756 2140 1814 scat,
2173 1749 2258 1804 fas
2289 1747 2439 1813 fore,
2485 1763 2595 1802 non
2639 1763 2823 1817 regem
2867 1744 3091 1814 populi,
3139 1740 3234 1796 sed
3273 1739 3426 1809 regni
3470 1753 3564 1791 ex-

304 1837 548 1909 ᾶρχοντα
593 1842 688 1896 τοῦ
723 1843 928 1912 ἔθνους,
979 1847 1092 1900 ἀλλ’
1146 1827 1494 1904 ἀϐασίλευτον
1539 1848 1646 1904 τῶν
1695 1827 1889 1904 ὑποτεί-

1992 1847 2234 1908 pertcm,
2284 1839 2486 1893 intuitu
2524 1837 2870 1892 subditorum
2893 1877 2908 1902 ,
2945 1833 3258 1904 appellare:
3307 1843 3484 1898 neque
3515 1827 3562 1882 si

305 1931 597 2000 ταγμένων
677 1936 1132 2007 προσαγορεύειν·
1211 1941 1333 1994 ούδέ
1398 1941 1747 2006 συντιθέντας
1820 1942 1882 1997 τὸ

303 2023 516 2076 τοιοῦτο
541 2024 755 2093 λέγειν·
787 2028 869 2080 ὅτι
912 2028 1099 2103 ὥσπερ
1133 2031 1384 2102 βασιλεὺς
1414 2033 1599 2098 ἔθνους
1645 2035 1881 2102 λέγεται,

305 2114 450 2169 οὕτω
482 2121 576 2170 καὶ
606 2119 952 2187 ἀϐασίλευτος
988 2124 1082 2178 τοῦ
1107 2125 1290 2189 ἔθνους
1313 2127 1764 2198 ὀνομασθήσεται,
1795 2129 1885 2181 τὸν

305 2207 471 2260 αὐτὸν
521 2209 723 2279 τρόπον
757 2214 851 2266 καὶ
897 2214 996 2285 τῆς
1037 2216 1130 2268 τοῦ
1181 2216 1393 2288 Πατρὸς
1436 2218 1641 2289 φωνῆς,
1693 2217 1782 2272 τόν
1825 2234 1882 2271 τε

306 2295 436 2350 Υῐὸν
468 2299 905 2374 ἐνδεικνυμένης,
951 2303 1044 2358 καὶ
1083 2303 1180 2376 τὴν
1213 2305 1305 2358 τοῦ
1350 2307 1645 2377 ἀγεννήτου
1679 2307 1884 2360 ἔννοιαν

304 2391 687 2462 παριπώσης,
715 2396 815 2448 οὐκ
843 2396 1018 2462 ἔξεστι
1070 2397 1460 2468 μετατιθέντας
1494 2399 1643 2469 παρὰ
1675 2399 1734 2452 τὸ
1768 2399 1885 2453 δέον

302 2482 404 2550 τὴν
431 2484 732 2552 σημασίαν,
763 2488 828 2557 τῇ
863 2486 996 2558 πρὸς
1024 2488 1112 2540 τὸν
1155 2488 1282 2542 Υίὺν
1331 2490 1623 2560 οἰκειότητι
1663 2490 1886 2559 γελοίως

303 2574 648 2647 πρωκολλᾷν
669 2577 762 2630 τοῦ
785 2578 1080 2652 ἀγεννήτου
1109 2581 1207 2653 τὴν
1235 2581 1463 2648 ἔννοιαν,
1493 2584 1550 2636 ἐν
1581 2583 1658 2654 τῷ
1684 2583 1881 2652 λέγειν’

305 2665 436 2719 Υίοῦ
472 2667 787 2739 ἀγέννητος.

387 2757 515 2811 Ἐπὶ
559 2760 824 2825 τοιούτοις
848 2761 904 2815 δὲ
938 2765 1050 2826 τοῖς
1089 2763 1418 2836 είρημένοις,
1450 2765 1526 2829 ὡς
1554 2764 1748 2830 ἐπιϐὰς
1787 2768 1886 2838 τῆς

301 2847 588 2918 ἀληθείας,
624 2850 718 2903 καὶ
746 2849 1018 2921 διελέγξας
1042 2853 1148 2906 τῶν
1177 2855 1641 2926 ἀντιτεταγμένων
1671 2856 1730 2910 τὸ
1766 2857 1887 2912 ἄτο-

303 2957 428 3005 πον,
461 2935 555 2994 οἷα
586 2941 1092 3015 μεγαλαυχούμενος
1132 2944 1459 3015 φθέγγεταιο
1505 2947 1615 3002 Καὶ
1661 2949 1751 3013 τίς
1779 2947 1888 3000 πώ-

299 3045 451 3085 ποτε
475 3033 804 3101 σωφρονῶν
822 3034 1162 3091 σιωπᾶσθαι
1199 3036 1312 3105 τὴν
1345 3037 1619 3106 φυσικὴν
1646 3039 1890 3093 ἔννοιαν

297 3123 644 3206 ἐδικαίωσε,
675 3125 789 3194 τὴν
831 3126 900 3180 δὲ
927 3127 1262 3196 παράνοιαν
1300 3129 1621 3198 ἐτίμησεν;
1677 3129 1883 3206 Οὐδεὶς,

298 3201 350 3259 ὦ
391 3207 694 3274 σοφώτατε,
728 3209 922 3263 οὐκοῦν
949 3210 1069 3263 οὐδὲ
1096 3212 1124 3263 ό
1155 3211 1419 3283 ἡμέτερος
1456 3213 1630 3281 λόγος,
1665 3216 1692 3266 ό
1723 3201 1889 3266 εἰπὼν

298 3286 406 3357 τὴν
453 3289 547 3343 τοῦ
581 3292 872 3362 ἀγεννήτου
919 3297 1286 3366 προσηγορίαν
1319 3300 1439 3360 ταῖς
1472 3297 1702 3360 ἐννοίαις
1751 3314 1888 3367 συμ·

301 3381 537 3447 ϐαίνειν,
589 3385 683 3437 καὶ
733 3384 842 3438 δεῖν
892 3386 1092 3456 ταύτην
1158 3387 1300 3458 ἔχειν
1360 3391 1415 3441 ἐν
1470 3392 1591 3453 ταῖς
1641 3390 1891 3460 καρδίαις

297 3472 606 3543 ἀκίνητον
658 3475 779 3528 ἀντὶ
829 3476 886 3530 δέ
932 3477 1034 3548 τῆς
1078 3479 1500 3551 διαστραφείσης
1547 3483 1676 3552 παρ’
1735 3481 1890 3552 ἡμῶν

299 3564 497 3634 φωνῆς
541 3565 641 3636 τὴν
691 3566 785 3620 τοῦ
827 3571 1056 3637 Πατρὲς
1087 3571 1457 3643 προσηγορίαν
1503 3571 1690 3643 ἱκανὴν
1730 3569 1888 3637 εἶναι,

303 3655 406 3706 καὶ
437 3656 576 3726 πρὸς
608 3657 824 3729 ἐκείνην
872 3659 1025 3729 ἄγειν
1068 3661 1165 3732 τὴν
1198 3662 1424 3716 ἔννοιαν.
1469 3663 1753 3734 Μνήσθητι
1785 3664 1892 3734 γὰρ

300 3740 386 3798 ὧν
440 3747 605 3810 αὐτὸς
654 3750 895 3821 παρέθου
951 3753 1240 3823 ῥημάτων,
1279 3754 1360 3807 ὅτι
1413 3755 1534 3825 ούχὶ
1584 3755 1893 3810 σιωπᾶσθαι

297 3838 410 3908 τὴν
463 3840 700 3911 φυσικὴν
735 3840 942 3897 ἔννοιαν
970 3843 1249 3898 ἐδικαίωσε
1269 3885 1284 3909 ,
1325 3844 1421 3917 τὴν
1453 3845 1508 3898 δὲ
1535 3845 1891 3915 παράνοιαν,

301 3929 385 3992 ὠς
403 3930 569 3994 αὐτὸς
601 3933 904 4003 ὀνομάζεις,
923 3935 1181 4006 ἐτίμησεν
1199 3952 1214 3968 ·
1232 3935 1369 3990 ἀλλά
1394 3936 1493 4008 τὴν
1523 3939 1893 4010 προσηγορίαν

310 4023 486 4095 μόνην
514 4023 612 4077 τοῦ
643 4025 995 4095 ἀγεννήτου,
1025 4028 1166 4082 τοῦτ’
1183 4028 1315 4094 ἐστι,
1347 4030 1444 4101 τὴν
1473 4031 1531 4086 ἐν
1561 4033 1679 4094 ταῖς
1703 4032 1894 4086 συλλα-

306 4115 437 4179 ϐαῖς
476 4117 783 4188 προφορὰν,
816 4118 891 4183 ὡς
934 4121 1120 4186 κακῶς
1163 4121 1579 4194 ἐξειλημμένην,
1634 4124 1728 4177 καὶ
1781 4123 1896 4195 ἃμα

308 4207 453 4276 μήτε
477 4208 634 4278 παρὰ
652 4209 750 4280 τῆς
779 4210 1000 4282 Γραφῆς
1032 4213 1329 4282 εἰρημένην
1356 4212 1656 4276 ἀκινδύνως
1689 4214 1896 4285 σιωπᾷν

308 4298 676 4366 συμϐουλεύει
695 4316 710 4332 ο
743 4300 804 4354 τὸ
839 4301 896 4354 δὲ
935 4287 1355 4374 σημαινόμενον,
1387 4304 1483 4357 καὶ
1518 4304 1749 4375 μάλιστα
1777 4307 1896 4368 ταῖς

306 4391 546 4456 ἐννοίαις
575 4392 734 4464 ἡμῶν
769 4394 1086 4465 συμϐαίνειν
1116 4396 1300 4467 φησίν.

391 4571 556 4626 Ἀλλά
589 4571 659 4624 τὰ
687 4572 787 4642 μὲν
830 4575 962 4645 παρ’
999 4573 1159 4645 ἡμῶν
1195 4573 1429 4650 ⁴τοιαῦτα
1450 4591 1462 4605 ·
1494 4575 1521 4626 ό
1547 4572 1602 4626 δὲ
1629 4573 1750 4636 τοὺς
1793 4574 1900 4625 Σο-

307 4664 532 4733 φιστὰς
580 4663 900 4728 διαϐάλλων,
940 4666 1035 4718 καὶ
1075 4668 1141 4738 τῇ
1178 4665 1406 4737 ἀληθείᾳ
1438 4663 1781 4728 καθοπλίζων
1807 4663 1898 4717 τὸν

305 4754 489 4824 λόγον,
535 4755 635 4808 καὶ
679 4754 788 4808 τῶν
817 4757 1100 4828 ἡμετέρων
1135 4756 1623 4828 πλημμελημάτων
1665 4772 1900 4827 κατηγορ

309 4846 443 4916 ρῶν,
479 4847 584 4899 οὐκ
612 4846 843 4918 ἐρυθριᾷ
872 4849 929 4900 ἐν
976 4851 1089 4911 τοῖς
1118 4849 1247 4920 περὶ
1273 4847 1382 4901 τῶν
1413 4847 1699 4919 δογμάτων
1719 4848 1898 4916 λόγοις

305 4938 392 4991 διὰ
425 4939 787 5009 σοφισμάτων
826 4939 1229 5011 ἀστεῖζόμενος,
1261 4941 1356 4994 καὶ
1406 4939 1738 5010 μιμούμενος
1773 4940 1899 5004 τοὺς

306 5032 363 5082 ἂν
407 5030 740 5101 συμποσίοις
777 5030 864 5084 διὰ
923 5030 1328 5102 κομψευμάτων
1379 5030 1540 5085 τινῶν
1595 5029 1895 5100 ἐφελκομέ-

307 5141 436 5186 νους
469 5123 563 5176 τὸν
603 5124 833 5191 γέλωτα.
869 5125 1074 5179 Θεᾶσθε
1107 5125 1216 5194 γὰρ
1259 5125 1320 5178 τὸ
1367 5124 1623 5196 ἐμϐριθὲς
1679 5127 1773 5179 καὶ
1807 5125 1896 5178 λε-

306 5213 636 5285 λογισμένον
665 5217 765 5284 τῆς
791 5215 884 5269 τοῦ
919 5215 1278 5287 συλλογισμοῦ
1313 5215 1516 5286 πλοκῆς
1536 5233 1550 5248 ο
1579 5216 1690 5270 τῶν
1717 5217 1898 5271 αὐτῶν

308 5307 416 5378 γὰρ
455 5306 620 5360 πάλιν
664 5308 1161 5380 ἐπιμνησθήσομαι.
1195 5309 1262 5361 El
1315 5307 1420 5376 γὰρ
1464 5308 1686 5362 ταύτόν
1725 5309 1896 5362 ἐστιν

307 5398 503 5452 εἰπεῖν
550 5397 914 5466 Ἄγέννητος,
944 5401 983 5468 ἢ
1013 5399 1236 5469 Πατὴρ,
1273 5399 1513 5465 ἐξέσται
1545 5399 1689 5468 ἡμῖν
1719 5417 1894 5454 κατα-

305 5491 566 5545 λαοῦσι
595 5490 712 5558 τὴν
740 5492 844 5546 τοῦ
879 5495 1108 5561 Πατρός
1137 5491 1365 5561 φωνὴν,
1390 5492 1796 5561 μεταλαϐοῦσι
1827 5491 1896 5546 δὲ

305 5585 370 5636 τὸ
403 5583 745 5651 ἀγέννητον
790 5583 1006 5638 είπεῒν·
1040 5585 1103 5637 Ὀ
1152 5582 1478 5652 ἀγέννητος
1536 5584 1674 5638 Υίοῦ
1729 5584 1898 5640 ἐστιν

303 5673 665 5741 ἀγένητος.
701 5674 929 5744 Ὥσπερ
953 5677 1061 5744 γὰρ
1086 5679 1117 5731 o'
1144 5676 1471 5746 ἀγέννητος
1503 5675 1637 5729 Υίοῦ
1670 5677 1893 5746 Πατὴρ,

303 5767 502 5834 οὕτως
535 5767 797 5838 ἔμπαλιν
831 5768 966 5824 Υἰιιῦ
997 5768 1319 5840 ἀγέννητος
1350 5772 1382 5824 ό
1423 5768 1642 5838 Πατήρ.
1696 5769 1896 5842 Παρα-

1993 1929 2096 1984 hoc
2144 1932 2548 1994 concedamus,
2588 1927 2711 1982 ideo
2755 1928 3027 1997 integrum
3072 1923 3178 1978 erit
3221 1933 3560 1981 asseverare,

1993 2029 2051 2075 ut
2089 2037 2182 2078 rex
2219 2022 2399 2092 populi
2444 2037 2537 2076 rex
2582 2027 2950 2090 nuncupatur,
2984 2016 3064 2071 sic
3096 2015 3261 2069 etiam
3295 2012 3445 2082 regni
3477 2025 3566 2062 ex-

1993 2124 2196 2184 pertem
2222 2157 2236 2181 ,
2271 2121 2524 2184 respectu
2572 2111 2794 2183 populi,
2831 2109 2938 2163 diei
2987 2122 3190 2178 posse:
3229 2103 3347 2174 pari
3401 2100 3564 2155 modo

1992 2219 2118 2259 cum
2148 2203 2330 2260 Patris
2356 2204 2683 2259 vocabulum
2735 2209 2789 2258 et
2820 2198 3015 2254 Filium
3064 2201 3332 2251 monstret
3378 2200 3431 2246 et
3478 2193 3563 2244 in-

1991 2287 2163 2367 geniti
2198 2295 2479 2350 notionem
2517 2298 2875 2364 repraesentet
2902 2330 2917 2356 ,
2951 2304 3062 2344 non
3101 2288 3226 2342 licet
3260 2284 3527 2340 translata
3549 2322 3564 2345 ,

1991 2395 2186 2458 praeter
2230 2388 2635 2451 necessitatem,
2673 2384 3096 2456 signiﬁcatione,
3151 2377 3460 2434 habitudini
3497 2375 3565 2429 ad

1991 2476 2190 2532 Filium
2228 2476 2458 2532 ridicule
2488 2474 2747 2545 alIingere
2776 2482 2829 2529 et
2864 2473 3149 2544 imponere
3196 2468 3425 2540 ingeniti
3464 2481 3566 2521 no-

1990 2568 2218 2631 tionem,
2255 2565 2490 2622 dicendo
2525 2581 2650 2621 eum
2698 2565 2794 2636 qui
2849 2573 2933 2620 est
2969 2562 3280 2635 ingenitus,
3318 2558 3442 2614 Filii
3477 2559 3562 2613 in-

1993 2657 2230 2728 genitum
2260 2671 2403 2712 esse.
2779 2653 2782 2656 ’

2064 2748 2159 2804 liis
2191 2749 2334 2803 hunc
2365 2749 2421 2802 in
2469 2748 2688 2803 modum
2720 2746 3067 2819 pertractatis
3091 2787 3106 2812 ,
3164 2745 3320 2816 quasi
3357 2744 3565 2800 verita-

1993 2848 2100 2894 tem
2140 2855 2243 2895 aeu
2280 2843 2546 2911 tetigisset
2579 2847 2632 2896 et
2662 2840 3104 2895 adversariorum
3169 2837 3570 2894 absurditatem

1994 2928 2238 2982 omnium
2278 2928 2454 2983 oculis
2497 2927 2868 2998 exposuisset,
2929 2927 2982 2981 in
3032 2925 3144 2981 haec
3201 2923 3571 2994 jactabundus

1993 3021 2234 3091 erumpit
2265 3021 2446 3076 'verba
2487 3038 2501 3074 :
2543 3019 2608 3073 Et
2652 3020 2770 3090 quis
2826 3035 3057 3089 unquam
3107 3016 3295 3073 sobria:
3335 3027 3383 3070 et
3429 3030 3574 3069 sana:

1997 3114 2206 3176 mentis,
2235 3123 2293 3165 ut
2319 3112 2586 3166 naturalis
2615 3112 2963 3181 intelligentia
2993 3111 3202 3165 silentio
3226 3118 3571 3178 premeretur,

1917 3203 1958 3259 C
1993 3213 2171 3256 ratum
2225 3202 2428 3269 habuit,
2479 3214 2527 3255 et
2579 3202 2846 3255 vesaniam
2895 3202 3218 3256 honoravit?
3273 3199 3482 3264 Nullus,
3541 3213 3574 3251 ο

1997 3294 2428 3364 sapientissime,
2470 3309 2647 3364 neque
2679 3307 2781 3348 nos
2829 3293 3017 3364 igitur,
3057 3293 3152 3364 qui
3188 3293 3431 3348 diximus
3489 3292 3574 3344 iu-

1992 3386 2158 3457 geniti
2190 3385 2605 3456 appellationem
2631 3385 2948 3441 notionibns
2994 3397 3322 3456 competere,
3347 3401 3577 3456 eamque

1993 3480 2048 3533 in
2088 3478 2346 3534 cordibus
2374 3477 2730 3531 itnmobiliter
2765 3478 2993 3533 retineri
3033 3478 3236 3534 debere
3269 3496 3280 3532 :
3320 3479 3442 3532 loco
3469 3494 3567 3532 an-

1994 3576 2101 3622 tem
2143 3567 2396 3622 vocabuli
2430 3581 2459 3620 a
2499 3567 2662 3623 nobis
2692 3566 2975 3638 depravati
3015 3578 3070 3624 et
3107 3569 3350 3634 distorti,
3391 3569 3576 3623 Patris

1995 3659 2414 3729 appellationem
2449 3673 2613 3728 posse
2645 3658 2712 3713 ad
2743 3659 2990 3715 eamdem
3038 3662 3316 3715 notionem
3352 3662 3576 3732 ingene-

1995 3748 2224 3803 randam
2277 3747 2545 3803 sullicere.
2593 3747 2909 3804 Memineris
2953 3749 3096 3804 enim
3141 3750 3576 3818 verborumquze

1997 3841 2113 3912 ipse
2160 3840 2461 3912 protulisti,
2496 3840 2643 3910 quod
2694 3856 2874 3910 neque
2930 3840 3236 3896 naturalem
3275 3840 3578 3911 intelligen-

1999 3936 2127 3990 tiam
2146 3935 2364 3989 silentio
2385 3933 2715 3989 dissimulari
2734 3934 3065 4004 probaverit,
3083 3949 3261 4004 neque
3283 3935 3573 4001 vesaniam,

1997 4037 2057 4081 ut
2092 4037 2148 4082 ιιι
2199 4025 2474 4091 nominas,
2526 4026 2902 4090 honoraverit,
2967 4024 3061 4081 sed
3121 4025 3294 4081 solam
3358 4026 3573 4098 ingeniti

1998 4119 2440 4189 appellationem,
2499 4116 2604 4170 hoc
2656 4124 2762 4180 est,
2815 4115 3178 4184 prolationem
3243 4115 3298 4170 in
3352 4116 3578 4188 syllabis

1999 4210 2184 4274 sitam,
2209 4223 2308 4263 ceu
2351 4207 2496 4262 male
2527 4213 2809 4276 acceptam
2833 4212 2889 4261 et
2915 4205 3270 4268 intellectam.
3305 4207 3579 4278 simulque

1999 4315 2029 4354 a
2067 4297 2372 4369 Scripturis
2410 4311 2526 4377 pou
2567 4295 2850 4363 traditam,
2901 4296 3052 4352 sileri
3096 4313 3259 4369 posse
3296 4301 3574 4356 suaserit:

1999 4398 2054 4445 at
2082 4406 2194 4445 rem
2223 4389 2589 4460 signiﬁcatam
2631 4388 3063 4460 cogitationibus
3106 4392 3312 4446 nostris
3345 4395 3583 4448 maxime

1926 4489 1969 4545 ι)
1999 4497 2299 4552 congruere
2329 4481 2423 4539 ait.

2072 4571 2178 4628 Sed
2230 4573 2343 4628 haec
2383 4571 2657 4643 quidema
2696 4573 2856 4630 nobis
2884 4573 3170 4630 hactenus.
3219 4577 3286 4628 At
3344 4577 3446 4631 iste
3483 4577 3575 4646 qui

1999 4679 2102 4720 nos
2149 4662 2424 4732 Sopltt'stas
2473 4678 2598 4720 esse
2651 4664 3037 4729 calumniatur,
3091 4679 3358 4733 suamque
3391 4663 3580 4732 dispu-

2000 4757 2262 4812 tationem
2345 4756 2574 4812 veritate
2651 4756 2954 4820 instruens,
3009 4763 3198 4811 nostra
3249 4765 3430 4810 errata
3491 4771 3578 4809 re-

1999 4846 2309 4918 prehendit,
2384 4862 2492 4900 non
2547 4845 2824 4901 erubescit
2880 4847 3262 4901 tractationem
3328 4845 3397 4902 de
3453 4845 3576 4900 ﬁdei

1999 4938 2294 5009 capitibus,
2340 4938 2692 5008 50pliismatis
2734 4937 2909 5008 lepide
2941 4953 3231 5004 exornare,
3269 4938 3392 4993 illos
3450 4938 3575 4991 ἱιιιί⁴

1999 5040 2166 5096 tatus,
2219 5035 2314 5101 qui
2359 5031 2420 5090 in
2465 5030 2763 5102 symposiis
2797 5028 3041 5098 jucunde
3093 5039 3148 5086 et
3187 5030 3378 5085 festive
3413 5028 3575 5083 dictis

1999 5124 2172 5180 risum
2216 5125 2362 5179 ciere
2412 5123 2611 5178 solent.
2655 5121 2845 5178 Videte
2893 5122 3038 5177 enim
3117 5137 3278 5192 quam
3317 5119 3577 5174 formida-

1999 5215 2123 5270 bilis
2169 5225 2222 5270 et
2269 5215 2546 5270 elaborata
2605 5215 2678 5270 sit
2723 5215 2838 5269 haec
2874 5214 3177 5285 syllogismi
3227 5213 3570 5282 complexio:

1997 5305 2184 5361 eadem
2221 5306 2366 5360 enim
2415 5305 2595 5359 denuo
2630 5319 2911 5373 reponam.
2980 5302 3039 5357 Si
3084 5303 3220 5356 idem
3250 5314 3326 5357 est
3379 5304 3577 5372 ingeni-

2000 5408 2081 5452 tus
2119 5407 2165 5451 et
2211 5396 2390 5462 Pater,
2441 5396 2613 5450 licebit
2653 5394 2822 5457 nobis,
2853 5395 3047 5448 omisso
3085 5394 3265 5447 Patris
3298 5394 3572 5459 vocabulo,

1999 5499 2208 5558 accepto
2270 5499 2443 5542 autem
2499 5489 2715 5558 ingeniti
2761 5488 2989 5552 nomine,
3041 5487 3213 5541 dicere
3284 5488 3574 5556 ingenitum

1999 5579 2130 5634 Filii
2171 5596 2284 5634 esse
2311 5579 2622 5650 ingenitum.
2689 5575 2836 5631 Sicut
2877 5577 3018 5629 enim
3055 5577 3314 5646 ingenitus
3334 5588 3412 5631 est
3446 5576 3575 5630 Filii

2001 5673 2184 5739 Pater,
2223 5672 2298 5726 sic
2334 5673 2438 5726 rice
2469 5688 2638 5736 versa,
2679 5668 2808 5722 Filii
2833 5670 3095 5739 ingenitus
3128 5679 3204 5724 est
3236 5669 3417 5724 Pater.
3469 5670 3571 5721 As.-

2001 5767 2180 5825 sitnilc
2229 5781 2457 5837 prorsus
2501 5766 2604 5821 hoc
2663 5762 2810 5831 huic,
2868 5761 2914 5816 si
2965 5761 3086 5833 quis
3130 5763 3274 5818 bono
3335 5770 3388 5816 et
3439 5772 3571 5814 sano
