4032 6208
507 275 613 331 459

1745 279 1801 333 S.
1835 276 2161 333 GREGORII
2193 277 2471 334 NYSSENI

3629 277 3738 333 MO

494 392 773 449 intellectu
791 385 1020 458 diceret,
1045 392 1180 448 nihil
1205 394 1495 461 interesse,
1520 395 1632 450 sive
1653 395 1777 465 quis
1799 396 2065 450 Adamum

2184 399 2399 467 πλήσιον
2427 399 2534 470 γὰρ
2559 397 2716 452 τοῦτο
2763 399 2984 469 ἐκείνῳ·
3037 398 3225 468 ὥσπερ
3266 395 3374 467 γὰρ
3419 395 3472 448 ετ
3517 411 3604 457 τις
3650 395 3746 448 τδν

493 488 702 550 patrem
755 482 1036 546 omnium,
1084 484 1201 539 sive
1250 484 1484 555 primum
1534 501 1563 538 a
1613 483 1722 540 Deo
1767 483 2060 540 formatum

495 568 775 622 hominem
820 569 1086 637 nominet,
1139 571 1280 627 idem
1325 573 1472 627 enim
1521 581 1752 644 utroque
1794 574 2065 629 vocabulo

496 655 822 726 signiﬁcari;
849 659 1043 716 deinde
1065 663 1271 733 aliquis
1295 679 1362 720 ex
1388 663 1740 721 Eunomiana:
1769 665 2066 721 dialecticae

497 751 684 805 schola
723 752 1036 820 prosiliens,
1077 753 1308 825 ejusque
1347 763 1552 811 textum
1582 764 1637 812 et
1671 771 1868 812 nexum
1900 773 2064 828 argu-

497 841 776 895 mentandi
823 842 1045 898 imitans
1073 844 1378 900 occlamet:
1416 845 1472 899 Si
1514 845 1656 902 idem
1690 853 1774 902 est
1810 845 2060 902 eumdem

498 945 530 982 a
568 928 677 985 Deo
718 931 951 1001 primum
992 940 1234 988 creatum
1282 951 1425 1000 esse,
1473 944 1526 991 et
1575 943 1783 1006 patrem
1818 936 2058 990 omnium

499 1030 842 1088 posterorum
897 1037 1038 1088 esse,
1079 1024 1298 1088 licebit,
1349 1026 1541 1082 relicto
1581 1025 1753 1097 patri's
1798 1025 2065 1080 vocabulo

497 1120 550 1164 et
578 1122 798 1181 accepto
833 1115 1151 1184 protOplasti
1182 1117 1423 1181 nomine,
1465 1116 1646 1173 dicere
1671 1117 1938 1171 :Adamus
1964 1132 2066 1170 non

498 1213 575 1256 est
616 1204 790 1258 Abelis
845 1215 1023 1274 pater,
1064 1206 1154 1261 sed
1189 1209 1590 1278 protoplastus:
1615 1206 2067 1279 quemadmodum

501 1296 869 1364 proleplastus
935 1307 1019 1352 est
1089 1297 1182 1352 lilii
1225 1307 1409 1370 pater,
1455 1299 1531 1354 ita
1589 1301 1706 1354 vice
1759 1312 1917 1354 versa
1972 1297 2068 1351 ﬁlii

501 1386 870 1456 protoplastus
914 1398 998 1442 est
1042 1395 1214 1458 pater.
1262 1389 1320 1443 Si
1369 1390 1496 1444 talia
1543 1390 1599 1444 in
1648 1403 1898 1460 caupona
1948 1400 2071 1458 perv

503 1486 878 1541 censerentur,
931 1486 1197 1549 quantum
1245 1481 1474 1550 plausus
1519 1490 1571 1536 et
1610 1481 1756 1536 risus
1785 1494 1814 1533 a
1845 1492 2069 1548 compo-

504 1568 718 1623 toribus
762 1576 1128 1638 reportarem,
1181 1579 1289 1623 tam
1348 1569 1542 1626 festive
1584 1571 1819 1624 inventis
1850 1569 2071 1623 admur-

505 1659 852 1714 murantibus
884 1667 937 1714 ct
969 1659 1444 1730 adstrepentibus!
1478 1658 1703 1715 Talibus
1739 1656 2070 1730 argumentis

2178 489 2346 559 Ἀδὰμ
2389 489 2534 560 ὀρθῷ
2585 490 2678 543 καὶ
2733 488 3022 556 ὑγιαίνοντι
3054 489 3196 557 λόγῳ
3245 487 3318 558 μὴ
3358 485 3632 553 διαφέρειν
3656 484 3750 538 λέςι

2165 595 2250 646 γοι
2273 619 2288 644 ,
2340 580 2372 650 ἢ
2433 577 2642 650 πατέρα
2687 580 2902 632 πάντων
2950 577 3284 648 ἀνθρώπων,
3327 575 3360 645 ἢ
3409 574 3622 645 πρῶτον
3651 575 3749 627 ἀν-

2169 668 2399 739 θρώπων
2486 669 2590 722 ὑπὸ
2639 670 2733 723 τοῦ
2781 669 2914 723 Θεοῦ
2964 667 3269 724 πεπλάσθαι
3317 667 3530 734 λέγειν’
3607 666 3749 718 ταύ-

2165 762 2255 815 τὸν
2300 761 2408 832 γὰρ
2452 761 2518 814 δι’
2569 761 2841 834 ἑκατέρων
2875 760 3266 832 σημαίνεσθαιο
3328 754 3451 812 εἶτα
3502 769 3580 820 τις
3631 756 3750 809 τῶν

2171 853 2290 904 κατ’
2335 851 2496 906 αὑτὸν
2534 850 2880 905 διαλεκτικῶν
2937 851 3298 921 ὲφαλλόμενος
3349 851 3461 911 τοῖς
3515 846 3747 918 εἰρημέ-

2169 961 2278 1006 νοις
2330 945 2545 1014 μιμοῖτο
2593 945 2689 1013 τὴν
2743 943 2994 1014 τοιαύτην
3032 941 3259 1013 πλοκὴν,
3319 941 3400 993 ὅτι
3445 940 3494 992 εί
3547 938 3750 990 ταύτόν

2168 1036 2334 1099 ὲστιν,
2389 1034 2422 1104 ἧ
2483 1033 2694 1105 πρῶτον
2741 1033 2899 1086 αὑτὸν
2943 1032 3046 1085 ὑπὸ
3111 1030 3204 1084 τοῦ
3252 1029 3386 1082 Θεοῦ
3435 1027 3748 1081 πεπλάσθαι

2167 1127 2362 1195 λέγειν,
2418 1127 2452 1195 ἢ
2509 1127 2716 1196 πατέρα
2759 1125 2867 1177 τῶν
2933 1122 3068 1194 μετὰ
3127 1122 3320 1186 ταῦτα,
3368 1121 3576 1186 ἐξέσται
3634 1136 3747 1172 κα.-

2167 1213 2449 1269 ταλιποῦσι
2487 1213 2582 1284 τὴν
2619 1215 2711 1267 τοῦ
2765 1211 2974 1284 [ἰατρὸς
3023 1211 3224 1281 φωνὴν,
3283 1209 3639 1280 μεταλαϐοῦσι
3681 1205 3750 1260 δὲ

2167 1305 2229 1359 τὸ
2279 1303 2695 1376 πρωτόπλαστον
2771 1305 2964 1356 εἰπεῖν·
3025 1302 3086 1354 '0
3160 1301 3339 1369 Ἀδὰμ
3411 1299 3516 1353 τοῦ
3564 1300 3751 1351 ’Ἅϐελ

2170 1397 2306 1465 οὐχὶ
2358 1395 2552 1464 πατήρ
2593 1396 2782 1458 ἐστιν,
2812 1393 2972 1449 ἀλλὰ
3016 1393 3500 1461 πρωτόπλαστος.
3533 1390 3753 1459 Ὠσπερ

2170 1489 2278 1557 γὰρ
2327 1489 2354 1539 ὁ
2405 1486 2822 1557 πρωτόπλαστος
2879 1484 2996 1538 υἱοῦ
3062 1483 3275 1554 πατήρο
3339 1481 3479 1535 οὓτω
3542 1479 3601 1533 τὸ
3648 1481 3757 1550 εμ-

2171 1579 2332 1632 παλιν
2379 1577 2494 1630 υἱοῦ
2548 1576 2969 1644 πρωτόπλαστος
3014 1575 3043 1627 ό
3097 1575 3297 1644 πατήρ.
3350 1572 3413 1624 El
3459 1571 3628 1625 ταῦτα
3684 1571 3756 1621 ἐν

2179 1668 2459 1739 καπηλείῳ
2491 1667 2718 1734 λέγοιτο,
2761 1666 2924 1720 πόσον
2967 1665 3033 1719 ἂν
3075 1666 3157 1735 εἴη
3189 1663 3380 1734 κρότον
3408 1662 3500 1716 καὶ
3533 1659 3756 1729 γέλωτα

503 1761 782 1822 oppugnat
829 1758 1015 1807 nostra
1080 1753 1255 1808 solers
1313 1753 1418 1808 iste
1467 1753 1774 1822 theologus,
1823 1750 2072 1819 indigens

2184 1735 2327 1832 παρα
2379 1735 2484 1813 τῶν
2535 1757 3078 1828 διακωθωνιζομένων
3138 1757 3392 1829 ῥαγῆναι,
3439 1757 3753 1822 ὲπικαγχα-

503 1842 802 1913 paedagogo
841 1842 925 1896 vel
958 1842 1140 1912 potius
1173 1843 1369 1897 baculo
1408 1851 1468 1896 ut
1498 1843 1694 1907 discat,
1730 1855 1839 1894 non
1887 1840 2070 1894 omnia

506 1946 624 2000 qua:
663 1930 730 1985 de
765 1930 946 2002 aliquo
987 1931 1379 2002 praedicantur,
1425 1931 1492 1986 ad
1545 1931 1686 1985 idem
1735 1929 1958 1984 omnino
1998 1927 2074 1981 si-

507 2023 819 2093 gniﬁcatum
843 2024 1140 2094 respicere,
1164 2021 1624 2094 quemadmodum
1648 2037 1744 2091 per
1766 2019 2072 2090 exemplum

504 2115 574 2169 de
637 2115 843 2171 Adamo
888 2122 943 2170 et
988 2113 1157 2171 Abcle
1207 2116 1434 2169 allatum
1472 2113 1908 2168 demonstratum
1969 2119 2072 2165 est.

508 2204 643 2259 Nam
698 2205 964 2259 Adamum
998 2205 1248 2260 eumdem
1293 2212 1347 2260 et
1406 2213 1618 2276 patrem
1645 2203 1833 2258 Abelis
1860 2209 1914 2257 et
1939 2216 2076 2272 Opus

510 2295 604 2348 Dei
645 2309 769 2350 esse
794 2310 978 2351 verum
1007 2303 1113 2351 est.
1142 2294 1261 2349 Non
1283 2295 1450 2366 igitur
1481 2309 1606 2349 cum
1640 2295 1755 2364 ipse
1785 2304 2079 2362 utrumque

509 2386 603 2448 sit,
631 2386 798 2440 etiam
840 2385 894 2439 in
929 2386 1097 2441 Abele
1135 2394 1430 2456 utrumque
1462 2393 1566 2441 est.
1610 2385 1702 2440 Sic
1738 2385 1792 2439 in
1828 2386 1936 2438 Deo
1979 2383 2080 2438 Pa-

511 2478 612 2533 tris
643 2478 929 2548 appellatio
956 2478 1268 2534 manifestat
1293 2477 1512 2548 quidem
1534 2479 1587 2532 id
1604 2477 1748 2548 quod
1771 2477 1988 2547 proprie
2013 2477 2082 2532 ab

513 2569 614 2622 hoc
637 2570 902 2624 vocabulo
930 2570 1290 2640 signiﬁcatur,
1322 2585 1514 2639 nempe
1537 2584 1828 2640 generasse
1859 2567 2081 2631 Filium,

511 2662 717 2718 indicat
755 2677 884 2718 vero
921 2671 974 2718 et
1001 2663 1148 2719 istud
1192 2664 1396 2717 nullam
1437 2677 1660 2719 causam
1697 2662 2082 2725 antecessisse,

513 2755 676 2810 istum
699 2769 825 2810 vere
847 2756 1175 2825 appellatum
1202 2753 1439 2810 Patrem.
1475 2755 1596 2810 Non
1631 2755 1800 2824 igitur
1819 2768 2076 2808 necessa-

513 2845 652 2901 rium
670 2853 751 2901 est
775 2855 852 2909 ut,
865 2845 1082 2915 quando
1099 2845 1220 2899 Filii
1239 2847 1570 2901 mentionem
1595 2845 1846 2908 facimus,
1867 2857 1973 2898 non
1987 2841 2089 2896 Pa-

513 2944 673 3001 trem,
697 2936 793 2992 sed
815 2937 1098 3007 ingenitum
1130 2934 1263 2990 Filii
1288 2937 1636 2991 nominemus
1661 2951 1872 3006 :neque
1897 2950 2089 2990 rursus

516 3043 743 3084 necesse
786 3039 869 3084 est
911 3039 1000 3096 ut,
1047 3031 1092 3086 si
1149 3029 1217 3085 ad
1260 3028 1385 3084 Filii
1425 3029 1800 3086 habitudinem
1842 3029 1896 3084 id
1942 3029 2087 3099 quod

2177 1850 2372 1915 ζόντων
2411 1853 2475 1921 τῇ
2516 1849 2752 1920 κομψείᾳ
2785 1848 2877 1904 τοῦ
2917 1848 3368 1920 παρευρέματοςε
3411 1844 3679 1907 Τοιούτοις
3724 1845 3758 1898 ό

2179 1941 2338 2009 σορὸς
2380 1940 2623 2007 θεολόγος
2674 1939 3002 2012 ἰσχυρίζεται
3054 1940 3174 1993 καθ’
3203 1939 3358 2010 ἡμῶν
3405 1940 3512 2000 τοῖς
3549 1936 3756 2004 λόγοις,

2181 2037 2274 2088 καὶ
2301 2035 2623 2106 κατατρέχει
2659 2033 2753 2087 τοῦ
2780 2033 3046 2103 δόγματος
3066 2071 3079 2096 ,
3115 2027 3458 2098 παιδαγωγοῦ
3489 2044 3628 2089 τινος
3658 2026 3757 2079 όν-

2179 2141 2286 2188 τως
2337 2125 2430 2178 καὶ
2468 2123 2766 2194 βακτηρίας
2812 2122 3099 2192 δεόμενος,
3147 2121 3221 2183 ὡς
3253 2119 3318 2173 ἂν
3361 2115 3629 2187 διδαχθείη
3666 2116 3757 2168 ὅτι

2180 2217 2242 2270 οὐ
2289 2217 2467 2269 πάντα
2509 2215 2609 2267 ὅσα
2663 2212 2804 2267 κατά
2851 2229 2995 2275 τινος
3047 2211 3448 2280 κατηγορεῖται,
3507 2207 3639 2278 πρὸς
3691 2204 3759 2258 ἓν

2185 2307 2400 2370 πάντως
2426 2306 2487 2359 τὸ
2515 2305 2910 2376 σημαινόμενον
2947 2303 3162 2372 βλέπειο
3201 2303 3275 2364 ὡς
3303 2300 3389 2353 διὰ
3422 2297 3515 2352 τοῦ
3550 2297 3753 2368 ρηθέν-

2182 2413 2273 2460 τος
2300 2398 2430 2467 ἡμῖν
2459 2395 2598 2449 κατὰ
2625 2395 2714 2448 τὸν
2748 2393 2914 2446 Ἀ6ελ
2944 2393 3038 2446 καὶ
3087 2392 3179 2446 τὸν
3225 2390 3394 2459 Ἀδὰμ
3432 2388 3762 2458 ὑποδείγμα-

2185 2503 2276 2548 τος
2323 2486 2613 2540 δείκνυται.
2666 2485 2768 2538 Τὸν
2802 2484 2910 2556 γὰρ
2954 2483 3142 2552 Ἀδὰμ,
3181 2484 3272 2536 τὸν
3315 2481 3476 2535 αὐτὸν
3511 2480 3602 2532 καὶ
3650 2497 3761 2532 πα-

2187 2578 2320 2647 τέρα
2348 2575 2439 2629 τοῦ
2482 2577 2666 2640 ΙἍϐελ,
2715 2577 2807 2629 καὶ
2839 2575 2998 2646 ἔργον
3029 2575 3122 2627 τοῦ
3159 2572 3290 2626 Θεοῦ
3320 2573 3517 2641 λέγειν,
3560 2569 3763 2638 ἀληθές

2190 2670 2336 2721 ἐστιν
2358 2685 2370 2698 ·
2402 2669 2462 2720 οὐ
2500 2669 2604 2738 μὴν
2633 2667 2817 2738 ἐπειδὴ
2850 2667 3010 2730 αὐτὸς
3038 2664 3317 2738 ἀμφότερα
3345 2663 3438 2716 ἐπὶ
3473 2662 3566 2715 τοῦ
3592 2658 3766 2712 Ἀὅελ

2191 2759 2258 2812 τὰ
2283 2759 2373 2812 δύο
2391 2775 2404 2788 ⁸
2441 2758 2583 2812 οὓτω
2611 2759 2702 2812 καὶ
2730 2760 2821 2812 ἐπὶ
2849 2758 2940 2812 τοῦ
2969 2757 3102 2810 Θεοῦ
3141 2756 3246 2810 τῶν
3283 2756 3421 2808 ὅλων
3447 2757 3476 2824 ἡ
3521 2752 3614 2805 τοῦ
3645 2752 3767 2804 Πασ-

2193 2850 2316 2920 τρὸς
2349 2847 2684 2921 προσηγορία
2738 2848 2888 2917 δηλοῖ
2919 2846 3016 2917 μὲν
3048 2847 3142 2901 καὶ
3174 2846 3238 2897 σὺ
3277 2844 3420 2906 ἰδίως
3450 2843 3554 2896 ὑπὸ
3577 2839 3768 2893 τοιαύ-

2193 2957 2293 3010 της
2320 2940 2500 3010 φωνῆς
2530 2937 2922 3008 σημαινόμενον
2952 2936 3011 2988 τὸ
3052 2933 3436 3004 γεγεννηκέναι
3465 2932 3554 2984 τὸν
3598 2929 3728 2982 Υίόν
3748 2945 3764 2960 ο

2198 3030 2523 3083 ἐνδείκνυται
2556 3029 2612 3082 δὲ
2659 3028 2752 3081 καὶ
2784 3027 2846 3080 τὸ
2898 3024 3166 3096 μηδεμίαν
3210 3023 3387 3077 αίτίαν
3427 3021 3769 3092 προεπινοεῖ-

512 3129 598 3174 est
643 3119 900 3191 principii
953 3137 1171 3192 expers,
1220 3122 1536 3186 reticeatur,
1583 3137 1650 3176 ex
1685 3129 1863 3176 mente
1892 3130 2082 3176 nostra

2195 3121 2319 3175 σθαι
2370 3119 2462 3173 τοῦ
2513 3119 2728 3190 ἀληθῶς
2773 3089 3013 3190 Πατρός-ι
3038 3089 3105 3169 οὐ
3140 3116 3244 3186 μὴν
3284 3089 3589 3180 ἐπάναγκες
3632 3113 3768 3165 ὅταν

517 3207 823 3277 ingenitum,
853 3206 1003 3262 Patri
1037 3217 1376 3280 competens,
1411 3209 1717 3279 ejiciamus.
1751 3207 1857 3264 Sed
1886 3210 2081 3279 hujus-

520 3296 663 3350 modi
708 3299 989 3351 nominum
1020 3314 1179 3354 usum
1208 3298 1458 3369 repudiat
1485 3299 1607 3364 iste,
1633 3307 1687 3354 et
1725 3314 1875 3354 more
1895 3315 2084 3355 eorum

517 3387 613 3456 qui
651 3387 798 3444 risus
838 3389 1153 3445 concitandi
1189 3391 1431 3445 artiﬁces
1466 3401 1617 3455 sunt,
1655 3393 1957 3446 subsannat
1995 3408 2084 3448 re-

518 3479 847 3544 sponsiones
886 3488 1129 3544 nostras,
1188 3481 1584 3550 sophismatum
1621 3482 1954 3539 absurditate
1989 3498 2085 3538 ca-

519 3564 751 3621 cbinnos
797 3568 1063 3625 excitans.

2189 3212 2283 3266 τοῦ
2321 3211 2448 3266 Υἱοῦ
2487 3211 2830 3282 μνησθῶμεν,
2866 3210 2940 3280 μὴ
2968 3207 3186 3278 Πατέρα
3215 3207 3410 3274 λέγειν,
3441 3203 3554 3258 ἀλλ’
3598 3201 3769 3269 ἀγέν-

2195 3319 2381 3370 νητον
2422 3301 2557 3356 Υἱοῦ
2595 3300 3051 3371 προσαγορεύεινο
3103 3299 3210 3352 οὐδ’
3247 3293 3312 3351 αὖ
3345 3295 3503 3350 πάλιν
3549 3295 3596 3346 εί
3624 3291 3768 3363 πρὸς

2188 3394 2288 3464 τὴν
2324 3392 2419 3446 τοῦ
2452 3391 2580 3445 Υίοῦ
2629 3392 2816 3462 σχέσιν
2847 3391 2909 3444 τὸ
2937 3391 3168 3462 ἄναρχον
3215 3387 3534 3458 σιωπηθείη,
3569 3383 3768 3437 exesa-

2190 3484 2301 3538 λειν
2345 3481 2458 3552 τῆξ
2478 3483 2712 3545 διανοίας
2754 3481 2909 3552 ἡμῶν
2958 3480 3064 3533 ἀπὸ
3115 3478 3208 3532 τοῦ
3258 3477 3391 3531 Θεοῦ
3431 3477 3488 3529 τὸ
3521 3472 3771 3545 ἀγέννη-

2183 3592 2309 3630 τον.
2363 3573 2498 3626 Ἀλλ’
2533 3571 2832 3626 ἀπωθεῖται
2875 3571 2972 3641 τὴν
3019 3569 3274 3650 τοιαύτην
3323 3569 3516 3638 χρῆσιν
3563 3564 3770 3634 ὀνομά-

518 3673 646 3719 των,
677 3659 935 3712 καὶκατὰ
961 3660 1086 3723 τοὺς
1113 3661 1313 3731 μίμους
1345 3660 1453 3712 τῶν
1516 3661 1760 3729 γελοίων,
1821 3664 2163 3735 διαχλευάζει
2202 3669 2292 3720 τὸν
2338 3665 2495 3733 λόγον
2549 3664 2627 3734 τῷ
2676 3663 2946 3734 ἀλλοκότῳ
2988 3662 3093 3715 τῶν
3146 3660 3493 3731 σοφισμάτων
3538 3658 3774 3726 γελωτο-

520 3750 688 3803 ποιῶν
717 3753 775 3805 ὲν
802 3755 914 3816 τοῖς
935 3753 1186 3822 δόγμασι.

591 3849 802 3906 Rursus
841 3849 984 3905 enim
1016 3865 1079 3906 ea
1121 3866 1241 3920 quae
1269 3850 1502 3906 elfutivit
1528 3865 1801 3906 resumam
1828 3871 1839 3906 :
1866 3850 1925 3907 Si
1953 3851 2090 3907 idem

519 3950 594 3992 est
616 3940 786 3995 dicere
829 3942 1086 4011 ingenitus
1132 3943 1208 3996 vel
1241 3941 1425 4007 Pater,
1466 3942 1642 3996 licebit
1682 3944 1853 4008 nobis,
1881 3943 2092 3999 deserto

525 4031 706 4086 Patris
782 4033 1031 4087 vocabulo
1095 4043 1145 4088 et
1206 4044 1477 4104 assumpto
1533 4036 1790 4105 ingenito,
1853 4034 2023 4089 dicere
2069 4053 2088 4090 :

523 4125 792 4192 lugenilus
824 4121 957 4178 Filii
996 4134 1073 4196 est
1118 4127 1399 4196 ingenitus.
1439 4124 1608 4181 Sicuti
1652 4126 1790 4181 enim
1828 4127 2087 4198 ingenitus

519 4225 598 4267 est
627 4213 758 4268 Filii
785 4213 969 4278 Pater,
993 4215 1069 4269 ita
1090 4217 1321 4270 uicissim
1346 4215 1478 4272 Filii
1501 4218 1762 4289 ingenitus
1797 4227 1874 4273 est
1905 4218 2088 4274 Pater.

524 4305 747 4371 Verum,
786 4316 846 4362 ut
898 4318 954 4362 et
1000 4322 1101 4363 nos
1152 4307 1368 4362 ridendi
1429 4310 1712 4363 materiam
1765 4309 2087 4373 habeamus,

522 4401 571 4453 si
606 4400 846 4464 videtur,
888 4401 944 4454 iu
971 4399 1314 4454 contrarium
1345 4400 1620 4469 sepbisma
1649 4407 2085 4469 retorqueamus.

526 4491 585 4544 Si
635 4504 742 4546 non
770 4499 854 4547 est
875 4491 1017 4546 idem
1055 4490 1218 4546 Pater
1256 4505 1390 4551 cum,
1414 4490 1678 4561 ingenito,
1715 4489 1894 4545 Patris
1921 4489 2092 4546 Filius

523 4597 632 4636 non
672 4581 778 4638 erit
813 4582 1039 4654 ingeniti
1088 4581 1260 4637 Filius
1293 4599 1306 4635 :
1351 4595 1474 4634 nam
1511 4595 1635 4635 cum
1687 4579 1756 4634 ad
1789 4580 1965 4634 solum
1998 4582 2094 4634 Pa-

523 4681 662 4727 trem
715 4665 1088 4727 habitudinem
1139 4671 1354 4735 habeat,
1399 4680 1692 4724 extraneus
1725 4669 1950 4723 omnino
1988 4669 2094 4722 erit

527 4773 723 4817 natura
756 4775 856 4818 sua
887 4761 956 4816 ab
982 4761 1076 4816 illo
1113 4762 1206 4832 qui
1245 4759 1393 4816 aliud
1417 4759 1678 4831 quiddam
1701 4767 1808 4827 est,
1837 4766 1890 4816 et
1914 4757 2095 4814 Patris

529 4852 736 4908 notioni
763 4867 1107 4923 nequaquam
1132 4852 1434 4908 conforme.
1466 4851 1652 4921 Itaque
1688 4851 1734 4908 si
1763 4851 1909 4905 aliud
1937 4849 2097 4920 quid-

527 4945 650 4996 dam
685 4951 770 4998 est
809 4942 968 4997 Pater
991 4944 1059 4998 ab
1087 4944 1351 5016 ingenito,
1387 4958 1565 5013 neque
1588 4941 1766 4997 Patris
1805 4941 2097 5013 appellatio

530 5036 761 5106 iugeniti
787 5035 1156 5105 significatum
1195 5036 1595 5107 complectitur,
1633 5051 1744 5090 non
1773 5034 1972 5104 poterit
2003 5034 2098 5106 qui

530 5139 617 5183 est
650 5129 878 5193 unus,in
907 5129 1046 5184 duas
1087 5143 1272 5184 rerum
1301 5128 1655 5183 habitudines
1700 5127 1892 5191 dividi,
1925 5127 2101 5181 idem-

537 5237 644 5290 que
687 5236 808 5276 esse
837 5228 891 5276 et
916 5219 1097 5276 Patris
1126 5228 1179 5276 et
1209 5220 1437 5292 ingeniti
1465 5218 1654 5274 Filius.
1711 5218 1778 5272 Et
1812 5226 1870 5272 ut
1905 5219 2101 5273 absur-

536 5314 670 5367 dum.
717 5322 976 5368 censetur
1009 5312 1313 5383 ingenitum
1337 5310 1506 5366 Deum
1538 5312 1740 5374 dicere,
1771 5311 1846 5364 ita
1876 5308 2103 5364 omnino

538 5403 593 5457 in
655 5404 1006 5460 conversione
1051 5419 1149 5470 par
1187 5403 1500 5459 ahsurdilas
1545 5400 1874 5466 invenietur,
1924 5400 2104 5456 nomi-

537 5495 719 5548 nando
747 5491 1097 5565 Unigenitum
1127 5494 1325 5550 Filium
1364 5494 1587 5565 ingeniti
1630 5512 1642 5547 :
1681 5503 1738 5548 ut
1780 5509 1845 5549 ex
1888 5493 2104 5548 duobus

539 5584 770 5636 alterum
802 5582 993 5636 conﬁci
1039 5591 1304 5651 oporteat,
1331 5585 1416 5638 vel
1457 5584 1596 5638 idem
1630 5589 1755 5639 esse
1802 5581 2103 5651 ingenitum

544 5681 601 5729 et
637 5670 870 5738 Patrem,
911 5682 969 5726 ut
1015 5671 1196 5727 Patris
1241 5667 1412 5729 Filius
1463 5674 1622 5728 etiam
1669 5670 1895 5740 ingeniti
1934 5669 2106 5726 Filius

2271 3845 2441 3902 Πάλιν
2471 3843 2577 3914 γὰρ
2601 3841 2710 3895 τῶν
2755 3841 2885 3912 παρ’
2926 3837 3090 3893 αὑτοῦ
3121 3838 3391 3910 ῥηθέντων
3434 3835 3774 3907 ἐπιμνησθή-

2201 3953 2391 4009 σομαι’
2425 3938 2494 3989 El
2520 3933 2738 3988 ταύτόν
2765 3932 2937 3986 ἐστιν
2977 3930 3551 3998 ελτεῖν,’ᾼτέννητος
3584 3927 3620 3994 ἢ
3656 3929 3773 3979 Πα-

2197 4028 2328 4096 τὴρ,
2357 4025 2598 4090 ἐξέσται
2631 4021 2776 4090 ἡμῖν
2807 4019 3207 4075 καταλιποῦσι
3241 4021 3355 4086 τὴν
3389 4017 3492 4072 τοῦ
3531 4016 3773 4084 Πατρός

2196 4117 2427 4189 φωνὴν,
2452 4113 2856 4184 μεταλαϐοῦσι
2888 4110 2956 4164 δὲ
2984 4111 3052 4164 τὸ
3087 4109 3432 4180 ἀγέννητον,
3461 4107 3678 4162 εἰπεῖν·
3716 4110 3772 4160 '0

2193 4209 2539 4280 ἀγέννητος,
2585 4205 2724 4260 Υἱοῦ
2761 4205 2933 4258 ἐστιν
2962 4203 3306 4272 ἀγέννητος.
3343 4201 3570 4268 Ὠσπερ
3601 4200 3713 4267 γὰρ
3739 4202 3775 4253 ό

2195 4301 2522 4370 ἁγέννητος
2563 4295 2724 4371 ,Υἱοῦ
2777 4293 3015 4363 Πατὴρ,
3061 4293 3250 4359 οὕτως
3296 4294 3557 4360 ἔμπαλιν
3631 4289 3774 4343 Υιοῦ

2125 4365 2168 4421 θ
2197 4365 2525 4462 ἀγέννητος
2558 4365 2590 4441 δ
2623 4386 2844 4454 Πατήρ.
2877 4385 3014 4437 Ἀλλ’
3039 4384 3494 4453 ἅντιγελὰσωμεν,
3528 4383 3574 4434 εἰ
3601 4381 3770 4446 δοκεῖ,

2199 4482 2293 4536 καὶ
2341 4482 2521 4551 ἡμεῖς,
2560 4479 2640 4540 είς
2684 4475 2990 4530 τούναντίον
3037 4473 3186 4544 αὐτῷ
3233 4471 3660 4545 περιαγαγόντες
3709 4472 3774 4524 τδ

2191 4573 2428 4640 σόφισμα
2447 4586 2460 4599 °
2492 4569 2552 4622 El
2593 4567 2692 4621 οὐκ
2722 4567 2837 4620 ἐστι
2864 4566 3058 4621 ταύτὸν
3087 4567 3115 4619 ὁ
3142 4565 3331 4636 Πατὴρ
3355 4566 3433 4636 τῷ
3468 4565 3772 4635 ἀγεννητῳ,

2187 4666 2216 4716 ὁ
2245 4661 2337 4714 τοῦ
2377 4660 2590 4733 Πατρὸς
2628 4658 2754 4722 Υἱὸς
2783 4658 2883 4711 οὐκ
2922 4657 3074 4711 ἔσται
3115 4655 3208 4710 τοῦ
3260 4656 3553 4727 ἀγεννήτου
3603 4654 3770 4718 Υἱός·

2192 4753 2327 4823 πρὸς
2358 4751 2464 4822 γὰρ
2509 4749 2596 4803 τὸν
2633 4748 2851 4818 Πατέρα
2891 4747 3048 4820 μόνον
3075 4747 3174 4818 τὴν
3209 4746 3394 4817 σχέσιν
3422 4745 3579 4816 ἔχων,
3613 4745 3773 4799 ἀλλο-

2193 4845 2355 4915 τρίως
2388 4842 2602 4905 πάντως
2627 4839 2736 4906 ἕξει
2765 4839 2910 4892 κατὰ
2936 4839 3034 4907 τὴν
3076 4838 3236 4907 φύσιν
3275 4837 3410 4907 πρὸς
3437 4835 3529 4889 τὸν
3555 4835 3680 4890 ἄλλο
3710 4853 3768 4888 τι

2196 4935 2325 4989 ὄντα
2372 4935 2464 4988 καὶ
2506 4935 2572 5004 τῇ
2624 4931 2803 5002 ἐννοίᾳ
2849 4929 2942 4984 τοῦ
2999 4929 3210 5000 Πατρὸς
3247 4929 3321 5000 μὴ
3367 4927 3769 5000 συμϐαίνοντα·

2197 5028 2335 5082 ὥστε
2363 5027 2412 5079 εί
2443 5025 2570 5080 ἄλλο
2595 5041 2647 5077 τι
2681 5021 2829 5092 παρὰ
2869 5021 2960 5074 τὸν
2990 5020 3280 5090 ἀγέννητόν
3312 5015 3456 5073 ἐστιν
3497 5019 3527 5070 ό
3560 5017 3771 5088 Πατὴρ,

2199 5115 2293 5169 καὶ
2323 5115 2382 5168 οὐ
2414 5111 2808 5185 περιλαμὸάνει
2834 5108 2926 5162 τοῦ
2963 5108 3191 5176 Πατρός
3217 5110 3251 5179 ἡ
3288 5108 3646 5178 προσηγορία,
3678 5108 3776 5160 καὶ

2198 5205 2292 5260 τοῦ
2317 5203 2643 5276 ἀγενήτου
2667 5201 2728 5256 τὸ
2757 5199 3151 5272 σημαινόμενον
3167 5216 3181 5229 ο
3201 5199 3261 5251 οὐ
3285 5197 3501 5251 δύναται
3523 5199 3553 5249 ὁ
3579 5192 3658 5260 εἷς
3673 5194 3771 5260 ὣν,

2202 5301 2281 5360 εἰς
2326 5297 2419 5350 δύο
2446 5294 2780 5366 πραγμάτων
2816 5291 3027 5362 σχέσεις
3058 5287 3558 5360 καταμερίξεσθαι,
3607 5287 3703 5341 καὶ
3744 5288 3774 5339 ό

2198 5389 2362 5452 αὐτὸς
2413 5384 2550 5441 εἶναι
2582 5384 2675 5438 τοῦ
2701 5402 2761 5437 τε
2793 5383 3001 5454 Πατρὸς
3032 5383 3124 5435 καὶ
3151 5381 3244 5434 τοῦ
3274 5382 3568 5450 ἁγεννήτου
3609 5379 3736 5442 Υίός
3757 5393 3773 5408 ·

2204 5479 2297 5532 καὶ
2337 5478 2412 5541 ὡς
2456 5478 2653 5532 ἄτοπον
2687 5474 2946 5544 ἐνομίσθη
2986 5473 3116 5526 Υἱοῦ
3168 5471 3461 5543 ἀγέννητον
3509 5471 3600 5524 τὸν
3643 5469 3778 5524 Θεὸν

2205 5571 2400 5639 λέγειν,
2444 5568 2584 5622 οῦτω
2629 5567 2839 5630 πάντως
2883 5567 2941 5618 ἐν
2986 5564 3064 5635 τῷ
3107 5563 3512 5634 ἁντιστρέφοντι
3555 5561 3618 5614 τὸ
3660 5555 3778 5614 ἴσον

2207 5663 2404 5718 ἄτοπον
2454 5660 2806 5734 εὑρεθήσεται
2851 5658 2941 5712 τοῦ
2987 5657 3278 5731 ἀγεννητον
3329 5656 3456 5714 Υίὸν
3507 5651 3777 5729 μονογενῆ
