4032 6208
294 354 377 411 ιιι
1402 352 1681 411 CONTRA
1714 348 1864 408 EUN‘

1964 348 2112 417 IUM,
2149 351 2284 407 LIB.
2322 352 2365 407 l.

3431 352 3537 409 64?

293 474 462 543 λέγειν
482 488 497 503 ’
545 471 684 528 ὥστε
714 473 825 529 τῶν
846 473 942 529 δύο
972 474 1034 529 τὸ
1063 472 1270 547 ἓτερον,
1303 475 1335 546 ἢ
1381 475 1576 529 ταύτόν
1619 476 1736 528 ἔστι
1784 472 1863 545 τῷ

1964 474 2057 537 sit,
2120 481 2179 528 ut
2227 473 2431 529 frustra
2482 490 2586 533 nos
2640 475 2990 532 adversarius
3026 474 3309 543 traduxit,
3350 473 3436 531 vel
3489 475 3536 531 si

290 566 555 639 ἀγεννήτῳ
593 567 626 619 6
656 565 871 637 Πατὴρ,
901 567 990 622 ῐνα
1015 568 1044 621 6
1073 567 1166 621 τοῦ
1198 567 1411 638 Πατρὺς
1446 567 1597 631 Υἱὸς,
1638 567 1734 620 καὶ
1760 564 1856 618 τοῦ

290 656 571 725 ἀτεννήτου
609 654 740 719 Υἱὸς
773 650 849 730 ᾖ,
894 657 987 710 καὶ
1033 656 1209 728 μάτην
1239 656 1400 727 ἡμῶν
1438 654 1784 726 διεχλευάσθη
1828 656 1858 709 6

291 744 467 814 λόγος·
502 744 538 816 ἢ
586 746 637 798 εί
683 744 873 817 ἕτερόν
916 763 968 800 τι
1021 747 1173 819 παρά
1207 747 1270 800 τὸ
1316 747 1610 818 ἁγέννητόν
1645 749 1791 800 ἐστιν
1828 745 1858 798 6

292 834 488 906 Πατὴρ,
516 836 549 889 6
573 835 671 889 τοῦ
704 836 918 907 Πατρὸς
966 836 1095 901 Υἱὸς
1126 838 1226 909 τῆς
1277 838 1416 910 πρὸς
1465 838 1525 891 τὸ
1565 838 1859 907 ἀγέννητον

289 925 517 995 σχέσεως
542 925 917 997 ἠλλοτρίωται,
978 927 1086 981 Καὶ
1125 926 1220 981 ἐὰν
1260 928 1417 981 τοῦτο
1468 928 1738 998 κρατήσῃ,
1782 926 1858 997 μὴ

287 1018 346 1069 ἐκ
389 1013 487 1068 τοῦ
548 994 849 1087 ἀγενννήτου
906 1012 1045 1071 εἶναι
1096 1016 1190 1071 τὸν
1243 994 1545 1088 Μονογενῆ,

288 1103 425 1175 αὐτῷ
455 1105 675 1170 πάντως
697 1109 732 1177 ἡ
775 1106 1068 1164 ἀκολουθία
1086 1108 1182 1162 τοῦ
1207 1110 1366 1178 λόγου
1402 1110 1494 1165 τὸν
1527 1110 1744 1181 Πατέρα
1771 1111 1861 1163 ὲν-

284 1199 540 1263 ᾱέξεταιο
568 1200 631 1254 τὸ
656 1199 766 1272 γάρ
794 1200 855 1255 ὃν
886 1201 1004 1273 μὲν,
1036 1205 1110 1274 μὴ
1136 1204 1446 1274 ἀγεννήτως
1476 1204 1535 1258 δὲ
1564 1203 1644 1269 ὂν,
1678 1220 1861 1274 γεννη-

285 1288 376 1358 τὴν
412 1288 632 1353 πάντως
677 1290 975 1344 ὑπόστασιν
1012 1291 1142 1362 ἔχει.
1178 1293 1241 1346 Εί
1272 1289 1366 1347 οὖν
1405 1293 1658 1364 γεννητὸς
1695 1295 1724 1347 6
1749 1296 1860 1347 Πα-

286 1382 385 1450 τὴρ
416 1383 538 1436 κατ’
572 1382 837 1446 ἐκείνους,
865 1382 996 1437 ἀλλο
1035 1400 1088 1437 τι
1129 1383 1208 1437 ὢν
1237 1384 1388 1456 παρά
1416 1386 1506 1438 τὸν
1545 1385 1857 1455 ἀγέννητον,

288 1470 385 1524 ποῦ
433 1472 468 1543 ἡ
514 1471 944 1544 πολυθρύλλητος
991 1475 1326 1545 ἀγεννησία
1384 1475 1607 1547 ἐκείνης
1662 1476 1770 1530 Ποῦ
1820 1478 1854 1549 ή

288 1563 482 1632 κρηπὶς
507 1564 603 1617 καὶ
636 1566 670 1635 ἡ
696 1564 982 1637 ὐποὸάθρα
1002 1569 1107 1637 τῆς
1131 1567 1413 1639 αἱρετικῆς
1454 1568 1851 1639 πυργοποιίαςς

285 1656 495 1725 Οίχεται
521 1656 616 1709 καὶ
637 1656 927 1726 ἠφάνισται
947 1656 1035 1711 διὰ
1060 1657 1150 1711 τοῦ
1185 1657 1439 1729 γλίσχρον
1456 1659 1562 1712 τῶν
1593 1659 1860 1730 σοφισμά-

282 1761 405 1809 των,
451 1745 522 1797 ὲκ
552 1745 660 1798 τῶν
699 1746 951 1816 κατέχειν
989 1746 1125 1810 τέως
1178 1747 1473 1801 δοκούντων
1518 1748 1859 1821 διολισθῆσαν

1960 564 2237 620 diversum
2290 565 2551 635 quiddam
2598 567 2666 621 ab
2713 567 2958 638 ingenito
3001 565 3163 622 Pater
3204 575 3311 635 est,
3366 565 3538 622 Filius

1960 655 2030 710 ab
2091 655 2414 712 habitudine
2463 657 2533 712 ad
2580 657 2882 729 ingenitum
2907 673 3136 728 prorsus
3184 658 3255 713 sit
3301 658 3538 714 alienus.
3580 668 3587 678 '

1958 745 2114 813 Quod
2177 746 2222 803 si
2263 748 2576 804 obtineatur
2627 747 2975 820 Unigenitum
3017 764 3127 804 non
3161 765 3286 805 esse
3328 750 3398 803 ab
3452 750 3532 804 in-

1960 839 2162 908 genito,
2195 851 2539 909 consequens
2570 840 2794 893 omnino
2829 847 2914 895 est
2951 846 3013 892 ut
3046 837 3263 894 Patrem
3297 839 3537 909 genitum

1960 928 2252 986 faciamus.
2292 925 2426 985 Nam
2466 932 2611 1002 quod
2639 941 2744 994 est,
2781 945 2882 986 nec
2919 937 3100 985 tamen
3136 930 3376 999 ingenito
3420 939 3531 991 est,

1961 1022 2189 1076 omnino
2223 1024 2463 1094 genitam
2501 1021 2911 1078 subsistentiam
2942 1021 3126 1075 habet.
3154 1018 3213 1075 Si
3242 1020 3411 1089 igitur
3444 1035 3537 1076 se-

1960 1115 2201 1170 cundum
2231 1114 2355 1170 illos
2386 1113 2546 1169 Pater
2582 1120 2666 1170 est
2703 1115 2940 1184 genitus,
2988 1112 3134 1167 aliud
3181 1112 3309 1183 quid
3345 1112 3413 1168 ab
3456 1113 3537 1167 in-

1959 1208 2144 1278 genito
2174 1207 2469 1269 exsistens,
2511 1205 2604 1260 ubi
2638 1205 2927 1259 decantata
2971 1204 3062 1257 illa
3089 1202 3531 1259 inuascibilitas?

1965 1295 2066 1352 Ubi
2102 1296 2303 1351 fundus
2344 1305 2396 1351 et
2422 1294 2837 1371 fundamentum
2868 1294 3135 1348 haeretica:
3169 1294 3537 1349 substructio-

1959 1384 2089 1439 nis?
2125 1384 2275 1441 Abiit
2321 1394 2374 1441 et
2420 1384 2643 1440 evanuit
2678 1399 2772 1453 per
2801 1383 2991 1454 jejuna
3023 1383 3126 1438 ista
3174 1384 3534 1453 sophismata.

1961 1480 2037 1533 Ex
2083 1478 2301 1549 quibus,
2350 1492 2475 1533 cum
2526 1490 2594 1533 eo
2643 1490 2817 1546 usque
2851 1473 3147 1545 praevalida
3195 1474 3535 1539 viderentur,

1960 1570 2160 1626 amissa
2216 1585 2350 1626 ansa
2410 1569 2693 1639 delapsum
2746 1575 2831 1624 est
2886 1568 3200 1637 ingenitum,
3259 1576 3313 1622 et
3357 1567 3537 1622 omnis

1932 1654 2344 1734 'inzequalitatis
2398 1661 2673 1728 machina,
2715 1661 2863 1716 velut
2915 1660 3213 1724 somnium,
3262 1657 3537 1726 dillluens,

1959 1752 2223 1807 orationis
2241 1752 2405 1806 ictum
2427 1749 2630 1819 eﬂ‘ugit,
2659 1751 2819 1804 simul
2856 1764 2981 1804 eum
3016 1750 3258 1820 ingenito
3291 1749 3536 1804 avolans.

284 1839 379 1905 τῆς
408 1837 585 1908 λαϐῆς
625 1837 683 1892 τὸ
709 1838 1041 1909 ἀγέννητον
1064 1855 1077 1868 ·
1121 1842 1218 1895 καὶ
1259 1843 1293 1912 ή
1345 1840 1440 1895 τοῦ
1479 1818 1858 1913 ἀνομοίου-κα-

1964 1842 2039 1897 Ita
2078 1843 2299 1913 quando
2336 1818 2681 1897 mendacium
2737 1840 2947 1895 veritati
3002 1818 3374 1910 anteponitur,
3413 1840 3540 1894 licet.

282 1926 540 1998 τασκευὴ,
585 1926 838 1997 καθάπερ
881 1928 1028 1993 τινὸς
1050 1929 1202 2001 ὄναρ,
1231 1929 1545 2002 διαρρυεῖσα
1572 1931 1665 1984 τοῦ
1699 1930 1855 2001 λόγου

283 2021 376 2089 τὴν
403 2019 624 2089 ἐπαφὴν
653 2019 981 2089 διαπέφευγε
1024 2020 1102 2092 τῷ
1131 2024 1411 2094 ἀγεννήτῳ
1451 2025 1855 2079 συναποπτᾶσα.

284 2112 469 2175 Οὕτως
515 2112 646 2166 ὅταν
680 2129 735 2166 τι
769 2112 964 2182 ψεῦδος
1055 2114 1159 2185 πρὸ
1194 2114 1295 2184 τῆς
1334 2114 1588 2186 ἀληθείας
1614 2115 1859 2188 τιμώμε-

282 2218 387 2264 νον,
418 2201 528 2254 κᾶν
574 2201 714 2272 πρὸς
751 2202 932 2271 ὀλίγον
962 2202 1049 2256 διὰ
1093 2204 1193 2274 τῆς
1222 2203 1438 2275 ἀπάτης
1483 2204 1724 2277 ἀνθήσοι,
1763 2223 1857 2259 τα-

280 2294 417 2361 χέως
448 2292 592 2358 πρὸς
638 2292 798 2346 ἑαυτὸ
850 2294 1133 2366 καταρρεῖ,
1189 2294 1284 2348 καὶ
1333 2296 1450 2358 ταῖς
1490 2294 1644 2359 ἰδίαις
1692 2313 1859 2350 κατα-

282 2385 499 2447 σκευαῖς
531 2383 827 2437 διαλύεται.
876 2382 1036 2437 Ἀλλά
1064 2381 1236 2437 ταῦτα
1278 2383 1376 2455 μὲν
1408 2384 1531 2437 ὅσον
1560 2385 1862 2456 ἐπιμειδιάο

1963 1934 2181 1987 modico
2248 1940 2492 2000 tempore
2550 1947 2647 2002 per
2686 1928 2935 1985 errorem
2991 1931 3170 2001 vigeat
3224 1940 3278 1985 et
3325 1930 3535 1995 ﬂoreat,

1962 2031 2153 2094 postea
2199 2031 2379 2076 tamen
2426 2022 2610 2091 seipso
2637 2022 2900 2084 concidit,
2934 2029 2987 2076 et
3033 2021 3271 2092 propriis
3318 2021 3533 2075 machi-

1962 2116 2233 2170 namentis
2297 2114 2635 2170 dissolvitur.
2680 2111 2880 2169 Verum
2928 2114 3044 2169 hau:
3092 2114 3312 2183 quidem
3365 2112 3536 2166 animi

1961 2207 2141 2278 gratia
2188 2206 2244 2260 in
2282 2205 2779 2261 remunerationem
2830 2205 3035 2260 festiva:
3061 2205 3222 2260 istius
3257 2202 3539 2273 inaequali—

1964 2299 2096 2353 tatis
2140 2312 2171 2353 a
2217 2299 2378 2354 nobis
2408 2299 2554 2353 dicta
2605 2300 2735 2354 sint.
2774 2297 3014 2371 Tempus
3053 2298 3215 2354 fuerit
3259 2307 3318 2353 ut
3362 2298 3540 2351 oratio

1976 2391 2043 2444 ad
2087 2392 2431 2461 propositum
2468 2390 2573 2446 iter
2616 2398 2942 2447 revertatur.

284 2491 369 2528 σαι
392 2477 460 2545 τῇ
502 2473 742 2546 κομψείᾳ
787 2473 886 2546 τῆς
923 2473 1017 2528 τοῦ
1050 2475 1300 2546 ἀνομοίου
1325 2476 1745 2544 ἀνταποδόσεως,
1786 2480 1877 2533 καὶ
1910 2484 2041 2555 παρ’
2096 2483 2253 2555 ἡμῶν
2300 2484 2712 2555 προενήνεκται.
2770 2483 2975 2554 Καιρὸς
3019 2481 3064 2538 δ’
3114 2483 3180 2537 ἂν
3248 2482 3333 2552 εἴη
3381 2479 3541 2535 πάλιν

281 2568 649 2633 ἐπαναγαγεῖν
674 2566 766 2620 ἐπὶ
794 2566 897 2637 τὴν
920 2566 1239 2620 ἀκολουθίαν
1267 2567 1360 2620 τὸν
1389 2567 1566 2635 λόγον.

348 2658 425 2711 06
457 2656 710 2727 βούλεται
742 2659 772 2711 6
802 2658 1068 2729 Εὐνόμιος
1096 2659 1202 2713 ὑπὸ
1234 2659 1331 2730 τῆς
1356 2661 1451 2712 τοῦ
1499 2660 1710 2732 Πατρδς
1751 2678 1857 2729 φω-

278 2749 395 2819 νῆς,
427 2748 530 2801 καὶ
556 2747 653 2801 τοῦ
689 2749 987 2820 ἁγεννήτου
1016 2749 1115 2821 τὴν
1149 2751 1423 2821 σημασίαν
1458 2752 1855 2823 παρίστασθαιο

278 2838 365 2892 ἶνα
414 2838 479 2891 τὸ
527 2838 657 2891 ποτὲ
699 2838 773 2910 μὴ
817 2833 954 2894 εἶναι
999 2839 1091 2894 τὸν
1121 2842 1400 2913 Μονογενῆ
1453 2843 1855 2915 κατασκευάσῃ.

277 2931 389 2984 Καὶ
413 2930 529 3001 γὰρ
556 2930 652 2984 καὶ
682 2930 814 2984 πολὺ
859 2930 1016 2986 τοῦτο
1068 2934 1219 3004 παρά
1255 2933 1364 2987 τῶν
1407 2934 1662 3005 μαθητῶν
1693 2935 1857 2989 αὐτοῦ

276 3019 337 3072 τὸ
365 3018 669 3089 ἐρώτημα,
713 3019 795 3073 ὅτι
847 3019 909 3073 ’0
944 3018 1028 3073 ὢν
1074 3019 1202 3087 πῶς
1235 3021 1549 3091 τεννᾶται;
1577 3024 1758 3077 Αἴτιον
1800 3022 1859 3077 δὲ

272 3080 474 3163 τούτου
744 3109 804 3163 τὸ
848 3109 924 3182 μὴ
969 3080 1312 3183 ὲθέλεινστῖἡς
1349 3080 1691 3185 ἀνθρωπίνης
1729 3117 1863 3187 χρή-ι
1888 3080 1933 3140 C

280 3218 422 3264 σεως
456 3199 575 3253 τῶν
604 3200 886 3270 ὀνομάτων
917 3202 1011 3255 καὶ
1041 3203 1136 3256 ἐπὶ
1162 3202 1272 3255 τῶν
1306 3203 1464 3257 θείων
1489 3205 1863 3275 διανοημάτων

276 3291 640 3363 ἀφίστασθαι.
686 3292 998 3363 Ἀλλ’ἡμεῖς
1029 3293 1286 3358 εὐνοῖκῶς
1317 3295 1449 3348 αὐτὸ
1474 3295 1534 3348 τὸ
1556 3295 1866 3368 πεπλασμέ-

276 3401 371 3437 νον
400 3385 503 3454 τῆς
528 3384 780 3448 ὑπονοίας
809 3386 889 3449 εἰς
903 3384 964 3438 τὸ
987 3384 1141 3449 τὺθὲς
1173 3386 1600 3458 προαγάγωμεν,
1618 3388 1865 3452 εἰπόντες

276 3475 313 3530 ἆ
345 3477 481 3547 περὶ
507 3474 699 3530 τούτου
734 3475 1092 3547 γινώσκομεν.

354 3566 533 3619 Ἀλλα
575 3566 828 3637 σημαίνει
873 3568 1004 3639 παρ’
1052 3568 1202 3638 ἡμῖν,
1249 3561 1296 3621 ὦ
1342 3568 1597 3639 Εὑνὸμιε,
1633 3567 1702 3623 τὰ
1748 3568 1866 3623 ὀνό-

280 3674 456 3727 ματα,
495 3656 596 3710 καὶ
643 3656 834 3729 ἑτέραν
876 3658 969 3711 ἐπὶ
1018 3657 1118 3728 τῆς
1157 3659 1558 3730 ὑπερκειμένης
1589 3659 1867 3731 δυνάμεως

276 3752 384 3819 τὴν
416 3749 697 3821 σημασίαν
728 3749 1041 3822 παρέχεται.
1084 3750 1195 3804 Καὶ
1242 3748 1351 3819 γὰρ
1390 3749 1485 3803 καὶ
1516 3752 1575 3803 ὲν
1614 3751 1725 3811 τοῖς
1760 3748 1869 3803 λοι-

278 3845 408 3904 ποίς
452 3844 591 3895 πᾶσι
637 3841 818 3911 πολλῷ
859 3839 934 3911 τῷ
986 3840 1136 3911 μέσῳ
1180 3842 1213 3911 ἠ
1254 3838 1372 3893 θεία
1410 3839 1570 3908 φύσις
1620 3838 1728 3892 ἀπὸ
1768 3839 1867 3909 τῆς

274 3932 638 4004 ἀνθρωπίνης
661 3932 1108 4002 διατετείχισται·
1142 3931 1235 3985 καὶ
1256 3929 1407 3984 οὐδὲν
1433 3929 1666 3983 ἐνταῦθα
1694 3928 1868 3982 comi}-

272 4044 375 4081 τον
422 4028 458 4098 ἡ
509 4028 672 4098 πεῖρα
717 4025 1004 4091 δείκνυσιν,
1040 4026 1163 4079 ὅσον
1210 4027 1266 4078 ἐν
1307 4025 1491 4098 ἐκείνῃ
1540 4026 1865 4096 στοχασμοτς

274 4134 393 4170 τισι
422 4115 525 4170 καὶ
560 4116 840 4180 ὑπονοίαις
879 4113 1176 4180 εἰκάζεται.
1212 4116 1316 4170 Τὸν
1353 4116 1515 4169 αὐτὸν
1545 4116 1744 4189 τρόπον
1772 4116 1868 4169 καὶ

274 4208 338 4260 ὲν
362 4210 483 4272 τοῖς
520 4206 631 4260 ὑπὸ
658 4206 767 4261 τῶν
801 4205 1076 4278 ὀνομάτων
1126 4206 1573 4279 σημαινομένοις,
1622 4204 1727 4258 κᾶν
1769 4207 1867 4275 ὀμ-

274 4300 500 4371 ωνυμία
525 4314 615 4360 τις
710 4296 819 4350 τῶν
855 4296 1210 4369 ἀνθρωπίνων
1256 4296 1393 4368 πρὸς
1420 4296 1482 4349 τὸ
1512 4296 1700 4359 ἀΐδιον,
1731 4294 1868 4350 ἀλλά

2033 2660 2210 2730 Negat
2254 2658 2559 2713 Eunomius
2585 2657 2766 2714 Patris
2799 2657 3165 2727 appellatione
3202 2659 3365 2711 etiam
3395 2659 3544 2730 inge-

1964 2752 2065 2806 niti
2094 2749 2551 2822 significationem
2586 2749 2989 2819 repraesentari.
3033 2755 3092 2801 ut
3134 2748 3260 2804 inde
3288 2749 3544 2805 conficiat

1968 2844 2321 2915 Unigenitum
2362 2841 2662 2912 aliquando
2701 2854 2810 2894 non
2854 2839 3048 2894 fuisse.
3084 2836 3364 2908 Frequens
3394 2841 3541 2895 enim

1964 2947 2044 2993 est
2076 2936 2218 3007 apud
2241 2935 2543 3005 discipulos
2577 2931 2699 3002 ejus
2729 2933 2843 2986 haec
2874 2931 3100 3001 quaastio
3126 2948 3139 2983 :
3166 2929 3436 2994 Quomodo
3456 2947 3542 3001 ge—

1965 3039 2186 3083 neratur
2227 3027 2317 3097 qui
2359 3027 2479 3080 est?
2510 3025 2742 3078 Causam
2778 3021 2942 3090 hujus
2974 3020 3051 3075 rei
3093 3020 3349 3082 arbitror,
3394 3020 3542 3090 quod

1964 3120 2138 3175 nolint
2179 3120 2249 3172 ab
2302 3118 2541 3171 humano
2568 3114 2961 3170 vocabulorum
2999 3128 3123 3176 usu,
3153 3120 3286 3167 tunc
3319 3126 3542 3183 quoque

1964 3228 2088 3266 cum
2128 3211 2314 3266 divina
2365 3215 2624 3274 tractant,
2662 3206 2949 3261 absistere.
2982 3204 3088 3259 Sed
3144 3221 3246 3260 nos
3279 3205 3425 3259 hunc
3457 3219 3544 3259 er-

1973 3318 2155 3358 rorem
2176 3310 2231 3357 et
2252 3302 2455 3356 mentis
2483 3299 2861 3370 dcceptionem
2887 3297 3147 3353 benevole
3167 3296 3543 3365 emendcmus,

1964 3394 2147 3452 allatis
2193 3394 2263 3450 iis
2308 3408 2431 3465 quae
2480 3391 2549 3447 de
2598 3390 2703 3446 hoc
2751 3388 3069 3446 didicimus.

2034 3571 2187 3628 Alias
2217 3570 2673 3643 significationes,
2725 3566 2981 3632 Ennomi,
3017 3566 3237 3621 nomina
3266 3564 3411 3636 apud
3441 3579 3545 3621 nos

1964 3661 2188 3726 habent,
2238 3669 2290 3715 et
2339 3661 2446 3716 alia
2485 3661 2553 3715 de
2596 3673 2851 3729 suprema
2904 3658 2994 3711 illa
3044 3658 3289 3728 potentia
3321 3658 3547 3727 ingene-

1965 3763 2109 3808 rant.
2159 3752 2295 3807 Nam
2316 3760 2371 3808 et
2411 3753 2466 3806 in
2493 3752 2718 3821 reliquis
2741 3750 2999 3805 omnibus
3046 3750 3205 3820 longe
3231 3749 3350 3817 plus
3380 3765 3545 3817 quam

1965 3846 2248 3902 dimidiata
2289 3861 2356 3900 ex
2400 3853 2552 3915 parte
2601 3856 2795 3898 natura
2849 3842 3035 3896 divina
3081 3841 3151 3894 ab
3183 3840 3420 3894 humana
3456 3855 3544 3897 se-

1962 3937 2212 4008 iungitur
2246 3955 2259 3990 :
2301 3945 2354 3991 et
2397 3935 2733 4006 experientia
2774 3932 2863 3987 hic
2902 3931 3039 3985 nihil
3080 3929 3260 3985 simile
3303 3930 3544 3998 exhibet,

1965 4030 2127 4099 quale
2169 4026 2505 4097 coniecturis
2541 4021 2870 4094 quibusdam
2919 4030 2975 4075 et
3022 4020 3435 4091 suspicionibus
3489 4022 3546 4075 in

1966 4119 2059 4174 illa
2102 4116 2439 4172 ell'ormatur.
2486 4113 2691 4168 Eodem
2736 4111 2900 4165 modo
2951 4125 3012 4165 se
3061 4126 3149 4166 res
3202 4110 3368 4165 habet
3416 4127 3545 4166 cum

1966 4210 2133 4265 rebus
2185 4223 2282 4277 per
2332 4205 2553 4281 nomina
2596 4200 2935 4273 significatis
2966 4219 2980 4255 :
3015 4201 3232 4257 etiamsi
3259 4203 3544 4257 nominum

1964 4298 2201 4370 quadam
2243 4294 2598 4353 similitudine
2645 4294 2898 4348 humana:
2940 4309 3066 4349 cum
3096 4293 3299 4351 divinis
3343 4310 3547 4349 conve-

276 4389 421 4443 κατὰ
452 4388 519 4442 τὸ
551 4388 752 4460 μέτρον
780 4389 879 4460 τῆς
904 4387 1012 4443 τῶν
1039 4387 1252 4458 φύσεων
1277 4385 1648 4449 ἀποστάσεως,
1676 4386 1769 4439 καὶ
1795 4386 1864 4439 τά

1969 4392 2142 4455 niaut,
2168 4388 2526 4443 nihilominus
2547 4401 2645 4457 pro
2674 4386 3047 4456 proportione,
3067 4402 3175 4457 qua
3198 4395 3404 4442 natura:
3429 4387 3549 4443 ista:

272 4480 667 4551 σημαινόμενα
702 4479 793 4532 διὰ
834 4479 942 4533 τῶν
993 4479 1271 4550 ὀνομάτων
1314 4476 1666 4550 κεχώρισται.
1717 4470 1861 4543 Οἶον,

270 4569 675 4641 οἰκοδεσπότην
705 4569 991 4641 ἄνθρωπον
1028 4569 1119 4624 διὰ
1146 4573 1246 4642 τῆς
1275 4570 1590 4642 παραϐολῆς
1622 4570 1713 4623 τὸν
1732 4568 1867 4623 Θεὸν

268 4662 546 4734 ὀνομάζει
574 4663 606 4715 6
629 4660 859 4732 Κύριοςο
878 4661 1015 4716 ἀλλά
1035 4660 1167 4715 πολὺ
1194 4660 1350 4715 τοῦτο
1378 4661 1473 4715 καὶ
1498 4663 1554 4715 ἐν
1580 4661 1658 4733 τῷ
1684 4660 1783 4731 βίῳ
1804 4660 1867 4714 τὸ

265 4751 475 4823 δυομα.
508 4747 640 4822 Ἆρ’
663 4746 757 4803 οὖν
782 4754 812 4805 ὁ
832 4752 993 4815 αὐτὸς
1021 4751 1177 4820 λόγος
1208 4750 1301 4805 τοῦ
1330 4752 1449 4806 καθ’
1481 4753 1627 4823 ἡμᾶς
1659 4749 1868 4821 ἀνθρώ-

268 4860 401 4905 που,
433 4841 653 4897 καὶτοῦ
679 4842 962 4915 ἀνθρώπου
982 4843 1193 4898 ἐκείνου
1211 4860 1225 4873 ο
1248 4845 1340 4898 καὶ
1364 4843 1601 4908 τοιοῦτος
1621 4846 1649 4897 6
1664 4843 1865 4915 ἡμέτε-

266 4953 368 5006 ρος
395 4931 585 4998 οἶκος,
616 4935 702 4989 οἶα
726 4935 759 5005 ἠ
797 4934 1007 5005 μεγάλη
1043 4935 1190 4988 οίκία
1212 4933 1418 5004 ἐκείνη,
1451 4933 1633 4998 καθώς
1657 4950 1820 5005 φησιν
1837 4935 1867 4988 6

276 5028 651 5090 ’Δεόστολος,
670 5027 729 5079 ὲν
756 5021 872 5099 ᾖτά
894 5026 1063 5098 σκεύη
1084 5027 1152 5080 τά
1169 5028 1365 5099 χρυσᾶ,
1390 5026 1485 5080 καὶ
1514 5028 1752 5097 ἀργυρᾶ,
1772 5026 1869 5080 καὶ

264 5125 373 5179 ιτα
402 5125 517 5195 τῆς
545 5120 743 5194 λοιπῆς
770 5123 903 5194 ὕλης
928 5122 1227 5195 ἠρίθμηται
1247 5139 1262 5153 ·
1295 5123 1328 5194 ἦ
1358 5122 1494 5178 ἄλλα
1536 5122 1637 5191 μὲν
1666 5124 1871 5186 ἐκεῖνα,

260 5216 302 5270 ἃ
340 5215 471 5270 οὐδ’
505 5216 575 5268 ἂν
620 5215 867 5285 ὲπιγνοίη
917 5230 1001 5277 τις
1048 5213 1302 5292 εὐκόλως,
1350 5216 1410 5267 ὲν
1460 5212 1738 5284 ἀφθαρσίᾳ
1779 5212 1873 5266 καὶ

264 5306 666 5377 μακαριότητι
693 5304 1060 5377 θεωρούμενα,
1086 5303 1221 5358 ἄλλα
1258 5303 1315 5358 δὲ
1341 5304 1411 5357 τὰ
1446 5305 1577 5374 παρ’
1607 5303 1764 5374 ἡμῶν
1805 5306 1872 5358 ἐκ

264 5399 377 5468 γῆς
403 5399 573 5463 ὄντα,
601 5397 695 5452 καὶ
722 5398 802 5460 είς
827 5396 930 5470 γῆν
955 5394 1356 5469 καταρρέοντας
1390 5392 1662 5456 Ὡσαύτως
1691 5392 1748 5446 δὲ
1776 5395 1873 5448 καὶ

271 5489 329 5540 ιν
355 5491 490 5553 τοῖς
514 5488 723 5553 λοιποῖς
756 5488 889 5541 πᾶσι
918 5486 1102 5559 σχεδὸν
1144 5484 1429 5557 ὁμωνυμία
1474 5483 1556 5549 τίς
1583 5486 1699 5539 ἐστι
1731 5486 1869 5557 πρὸς

271 5579 339 5633 τὰ
368 5580 507 5635 eda
544 5577 656 5633 τῶν
684 5577 965 5651 ἡμετέρων
999 5574 1357 5649 πραγμάτων,
1389 5574 1448 5627 ὲν
1479 5575 1546 5645 τῇ
1578 5573 1868 5647 ταυτότητι

344 5756 396 5787 ’⁸
431 5751 636 5809 llatth.
673 5767 794 5820 xm,
820 5750 913 5818 27,
956 5751 1047 5809 52.
1176 5751 1224 5786 ³³
1252 5749 1294 5805 ll
1321 5749 1463 5806 Tim.
1493 5766 1553 5820 ιι,
1591 5753 1684 5808 ﬁt).

1965 4483 2109 4538 inter
2154 4496 2212 4536 se
2254 4481 2490 4545 distant,
2546 4480 2711 4535 etiam
2767 4494 2867 4543 ea,
2925 4495 3046 4550 quae
3092 4480 3178 4536 his
3231 4481 3549 4557 nominil'us

1965 4572 2366 4645 signiﬁcantur,
2414 4582 2665 4641 separata
2702 4575 2851 4625 sunt.
2915 4568 3160 4641 Exempli
3210 4586 3401 4636 causa,
3442 4571 3550 4625 Do-

1966 4665 2147 4719 minus
2188 4663 2243 4717 in
2293 4664 2603 4733 evangelica
2638 4662 2897 4732 parabola
2948 4672 3110 4717 vocat
3147 4660 3314 4717 Deum
3367 4662 3549 4716 homi-

1965 4756 2169 4811 minem
2213 4754 2665 4825 patremfamilias
2685 4753 2753 4821 “,
2798 4769 2925 4825 quat
2994 4754 3287 4824 appellatio
3328 4753 3384 4809 iu
3438 4753 3549 4807 vita

1967 4861 2185 4918 quoque
2238 4845 2478 4900 humana
2508 4844 2801 4901 admodum
2833 4843 3238 4915 frequentatur.
3270 4852 3353 4898 An
3380 4843 3549 4914 igitur

1965 4937 2155 4994 eadem
2202 4944 2290 4993 est
2333 4936 2474 4992 ratio
2514 4936 2689 4992 nostri
2723 4935 2958 5005 alicujus
2988 4934 3229 4990 hominis
3251 4941 3306 4989 et
3358 4934 3546 4989 illius:

1967 5026 2200 5095 talisque
2248 5034 2433 5081 nostra
2479 5035 2564 5083 est
2615 5023 2814 5080 domus
2858 5023 3040 5095 qualis
3082 5038 3276 5094 magna
3317 5021 3410 5076 illa
3453 5022 3553 5077 do-

1972 5134 2119 5182 mus.
2168 5128 2227 5172 ut
2272 5118 2515 5188 loquitur
2559 5117 2856 5189 Apostolus
2893 5117 2961 5181 ",
3009 5115 3066 5171 in
3109 5130 3215 5186 qua
3251 5122 3383 5169 sunt
3420 5128 3549 5169 vasa

1972 5224 2139 5265 aurea
2181 5218 2236 5265 et
2282 5217 2563 5281 argentea,
2613 5218 2669 5265 et
2716 5208 2823 5263 alia
2873 5224 2942 5264 ex
2985 5208 3109 5262 aliis
3144 5205 3389 5261 materiis
3419 5220 3554 5259 con-

1973 5299 2198 5366 stantia,
2260 5316 2383 5372 qua:
2422 5301 2620 5356 ibidem
2682 5300 2980 5371 Apostolus
3030 5296 3361 5367 percenset?
3408 5294 3581 5365 Num,

1973 5392 2078 5446 alia
2130 5391 2351 5461 quidem
2391 5392 2482 5446 illa
2534 5391 2754 5463 cognitu
2813 5406 2923 5446 non
2963 5404 3160 5461 prona,
3210 5404 3333 5461 qum
3364 5388 3419 5444 in
3459 5388 3551 5444 illa

1975 5483 2388 5555 incorruptione
2427 5491 2484 5540 et
2523 5482 2862 5540 beatitudine
2885 5489 3225 5555 spectantur,
3256 5479 3365 5536 alia
3395 5494 3549 5543 vero,

1978 5591 2099 5647 qua:
2133 5575 2275 5649 apud
2310 5590 2410 5633 nos
2454 5583 2702 5640 exstant,
2739 5590 2803 5632 ex
2859 5583 3004 5631 terra
3060 5583 3342 5647 procreata
3393 5580 3447 5630 et
3494 5570 3552 5625 in
