4032 6208
537 314 642 370 445

1813 309 1870 360 S.
1903 304 2228 361 GREGORII
2266 305 2559 363 NYSSENI

3669 299 3779 358 444

542 435 744 482 terram
800 424 1134 482 dilabentia?
1200 422 1462 479 Similiter
1516 423 1570 477 in
1629 421 1885 478 omnibus
1946 421 2112 476 ferme

2225 421 2321 474 ιῶν
2349 423 2647 494 ὀνομάτων,
2695 422 2827 477 πολὺ
2857 423 2918 476 τὸ
2945 422 3199 492 διάφορον
3222 420 3327 474 τῶν
3366 417 3782 489 σημαινομένων

540 518 663 572 aliis
718 515 1100 571 convenientia
1145 527 1230 571 est
1272 515 1550 570 nominum
1603 513 1913 567 divinormn
1947 519 2001 567 et
2025 527 2112 566 re-

539 625 662 664 rum
706 624 832 663 cum
883 609 1163 663 humanis.
1209 610 1278 661 At
1318 607 1372 661 in
1429 606 1708 660 nominum
1733 603 2114 659 convenientia

541 699 747 770 grande
770 707 854 753 est
886 698 1179 754 discrimen
1227 713 1408 754 rerum
1448 698 1875 769 significatarum
1916 715 1928 749 :
1986 710 2113 764 pro-

544 798 726 860 pterea
784 801 837 844 et
870 791 1239 844 membrorum
1290 798 1343 844 et
1376 805 1636 846 sensuum
1700 788 1922 842 nomina
1956 795 2113 841 utro-

542 883 708 952 bique
760 882 1012 936 similiter
1038 881 1278 950 reperire
1302 882 1445 935 licet.
1474 879 1812 936 Sicutienim
1847 881 1900 933 in
1931 879 2112 944 nobis,

543 977 618 1031 ita
664 978 716 1030 in
765 976 943 1030 divina
978 976 1068 1029 illa
1102 977 1208 1029 vita
1264 991 1428 1044 quam
1463 990 1678 1029 omnem
1711 987 1933 1028 sensum
1967 987 2118 1027 exce-

543 1068 672 1123 dere
711 1084 905 1123 omnes
933 1069 1191 1123 mortales
1225 1070 1577 1131 confitentur,
1615 1075 1744 1121 sunt
1784 1064 1962 1134 digiti,
1991 1063 2120 1118 bra-

543 1161 750 1224 chium,
811 1175 1029 1225 manus,
1086 1160 1302 1222 oculus,
1351 1159 1638 1228 palpebrae,
1698 1155 1942 1219 auditus,
1997 1169 2114 1218 cor,

543 1253 727 1323 pedes,
751 1251 1141 1313 calceamenta,
1172 1249 1320 1318 equi,
1349 1250 1645 1319 equitatus,
1676 1263 1894 1312 currus,
1919 1255 1972 1302 ct
1999 1246 2120 1301 iuli-

545 1345 658 1398 nita
705 1343 832 1406 alia,
874 1357 994 1412 quae
1034 1357 1098 1396 ex
1147 1341 1398 1395 humana:
1444 1343 1568 1395 vitae
1616 1341 2012 1396 consuetudine
2050 1340 2117 1394 ad

543 1435 848 1490 caelestium
877 1433 1372 1488 manifestationcm
1401 1449 1496 1503 per
1527 1433 1866 1486 involucrum
1891 1448 1920 1486 a
1944 1431 2120 1487 sacris

544 1525 762 1581 Litteris
785 1526 1046 1579 translata
1069 1535 1218 1580 sunt.
1243 1523 1711 1590 Quemadmodum
1734 1524 1898 1594 igitur
1914 1523 2122 1593 quodli-

544 1619 635 1674 bet
658 1618 852 1674 horum
874 1617 1152 1672 nominum
1175 1627 1227 1671 et
1242 1617 1539 1670 humanum
1564 1625 1617 1671 et
1637 1630 1802 1684 supra
1823 1616 2117 1670 humanum

542 1708 883 1780 significandi
911 1709 1129 1762 modum
1152 1708 1312 1762 habet
1347 1726 1360 1762 :
1391 1708 1470 1763 sic
1501 1715 1554 1762 et
1573 1707 1742 1776 patris
1769 1720 1962 1760 nomen
1996 1705 2121 1759 licet

2213 513 2590 585 ὲνδεικνυμένη
2611 530 2626 545 θ
2655 513 2737 568 διὸ
2765 515 2858 569 καὶ
2884 513 2953 567 τὰ
2979 514 3084 568 τῶν
3115 513 3288 584 μελῶν
3323 511 3418 565 καὶ
3452 509 3520 564 τὰ
3546 508 3656 562 τῶν
3696 510 3782 562 αξ-

2202 605 2516 676 ’σθητηρίων
2536 606 2772 677 όνόματα
2793 607 3181 681 παραπλησίως
3206 605 3350 658 ἔστιν
3375 603 3574 673 εὑρεῖν,
3591 601 3742 654 ὥσπε
3751 617 3783 670 ρ

2211 699 2296 767 ἐφ’
2331 699 2484 769 ἡμῖν,
2515 697 2656 751 οὕτω
2699 699 2794 751 καὶ
2836 699 2927 751 ἐπὶ
2953 698 3054 768 τῆς
3080 697 3228 759 θείας
3261 693 3568 763 τεταγμένα
3612 691 3778 761 ζωῆς,

2212 789 2279 858 ἢν
2309 791 2447 861 ὑπὲρ
2492 789 2743 861 αἴσθησιν
2772 785 2910 844 εἶναι
2955 789 3153 852 πάντες
3192 785 3540 858 ὁμολογοῦσιν
3575 783 3778 855 ἀνθρω-

2215 897 2326 943 ποι,
2359 879 2631 944 δάκτυλοι,
2675 881 2768 934 καὶ
2816 877 3072 951 βραχίων,
3106 879 3199 931 καὶ
3236 878 3377 947 χεὶρ,
3419 875 3691 945 ὀφθαλμός
3718 890 3774 926 τε

2215 975 2309 1023 καὶ
2340 971 2602 1042 βλέφαρα,
2633 973 2726 1025 καὶ
2762 972 2919 1042 ἀκοὴ,
2964 971 3055 1024 καὶ
3091 969 3304 1039 καρδία,
3347 969 3441 1021 καὶ
3479 967 3657 1031 πόδες,
3687 965 3777 1018 καὶ

2217 1062 2554 1133 ὑποδήματα,
2607 1063 2698 1119 καὶ
2745 1064 2918 1127 ἵπποι,
2977 1063 3071 1116 καὶ
3111 1061 3364 1124 ἱππασία,
3403 1060 3496 1112 καὶ
3539 1060 3773 1130 ἅρματα,

2218 1151 2311 1201 καὶ
2342 1150 2510 1219 μυρία
2534 1149 2755 1204 τοιαῦτα
2791 1153 2854 1204 ὲκ
2881 1149 2975 1203 τοῦ
3004 1149 3346 1221 ἀνθρωπίνου
3386 1149 3500 1218 βίου
3530 1148 3664 1218 πρὸς
3683 1147 3776 1218 τὴν

2217 1237 2326 1290 τῶν
2356 1237 2513 1290 θείων
2556 1238 2786 1308 δήλωσιν
2819 1239 2888 1292 δι’
2929 1239 3245 1310 αἰνίγματος
3291 1237 3395 1291 ὑπὸ
3429 1237 3528 1307 τῆς
3561 1235 3778 1307 Γραφῆς

2221 1329 2627 1398 μετενήνεκται.
2672 1329 2882 1400 Ὠσπερ
2929 1329 3107 1382 τοίνυν
3156 1328 3385 1383 ἕκαστον
3431 1325 3632 1380 τούτων
3672 1327 3777 1379 τῶν

2218 1417 2519 1488 ὀνομάτων,
2551 1419 2644 1471 καὶ
2670 1418 3022 1491 ἀνθρωπίνως
3049 1419 3284 1488 λέγεται,
3316 1419 3409 1472 καὶ
3436 1419 3534 1472 οὑκ
3575 1417 3781 1488 ἀνθρω-

2219 1510 2387 1572 πίνως
2414 1511 2768 1581 σημαίνεται·
2804 1510 2946 1564 οὑτω
2992 1511 3170 1565 καὶτὸ
3216 1512 3310 1565 τοῦ
3345 1511 3559 1581 πατρὸς
3590 1511 3779 1580 δνομα,

2220 1600 2322 1653 κᾶν
2369 1599 2626 1664 ὡσαύτως
2683 1601 2775 1654 ὲπί
2814 1619 2872 1654 τε
2923 1603 3021 1674 τῆς
3071 1603 3346 1674 ἡμετέρας
3390 1605 3484 1655 καὶ
3535 1604 3626 1656 ἐπὶ
3682 1603 3782 1672 τῆς

2221 1684 2371 1750 θείας
2415 1687 2639 1758 λέγηται
2685 1689 2924 1757 φύσεως,
2973 1689 3107 1743 ἀλλά
3151 1691 3292 1744 κατά
3337 1692 3396 1744 τὸ
3447 1692 3640 1762 μέτρον
3682 1693 3783 1762 τῆς

542 1776 746 1872 pariter
774 1809 828 1856 et
866 1800 932 1854 de
971 1810 1156 1854 nostra
1190 1807 1244 1853 ct
1268 1799 1335 1853 de
1368 1798 1551 1852 divina
1576 1806 1771 1851 natura
1799 1805 2112 1866 usurpetur,

2225 1776 2478 1848 διαφορᾶς
2513 1778 2618 1832 τῶν
2649 1780 2706 1831 ὲν
2753 1782 2864 1843 τοῖς
2891 1780 3147 1851 ὀνόμασιν
3176 1781 3565 1852 ὑποκειμένων,
3599 1784 3693 1835 καὶ
3716 1782 3784 1835 τὰ

545 1901 784 1948 attamen
816 1908 913 1961 pro
941 1891 1292 1960 proportione
1324 1888 1643 1944 difl‘erentize
1671 1903 1852 1942 rerum
1883 1889 2115 1942 nomini-

545 1985 648 2039 bus
689 1985 1116 2046 substratarnm,
1176 1983 1339 2036 etiam
1383 1996 1472 2035 res
1527 1980 1754 2036 vocibus
1801 1981 2116 2050 significata

545 2075 688 2128 inter
741 2089 803 2129 se
862 2073 1372 2127 discriminantur:
1407 2070 1568 2125 aliter
1616 2072 1762 2125 enim
1823 2070 2114 2126 humanam

545 2166 955 2236 generationem
993 2164 1535 2231 concipimus,aliter
1567 2161 1635 2216 de
1666 2162 1850 2216 divina
1885 2177 2115 2232 genera-

545 2256 693 2309 tione
721 2254 1118 2320 conjectamus.
1153 2250 1328 2305 llomo
1358 2253 1412 2304 in
1441 2257 1684 2319 tempore
1716 2258 2030 2320 generatur,
2063 2258 2116 2304 et

548 2346 748 2415 aliquis
780 2345 1004 2399 omnino
1033 2345 1188 2398 locus
1227 2343 1392 2397 vitam
1429 2342 1548 2412 ejus
1586 2342 1808 2411 excipit,
1843 2341 1962 2398 sine
1995 2343 2114 2412 qui-

552 2439 658 2492 bus
700 2445 893 2490 natura
925 2451 1035 2490 non
1061 2434 1439 2492 constituitur.
1487 2433 1763 2500 Quocirca
1802 2434 2117 2490 necessario

554 2530 609 2584 in
643 2527 886 2582 hominis
925 2527 1036 2580 vita
1072 2527 1348 2582 sectiones
1376 2525 1624 2596 quaedam
1666 2525 2007 2596 temporariae
2033 2526 2118 2579 in-

545 2623 863 2688 veninntnr,
914 2619 1248 2691 praeteritum
1284 2619 1512 2684 scilicet,
1577 2634 1819 2689 praesens
1854 2625 1905 2674 et
1963 2618 2115 2673 futu-

545 2729 689 2769 rum.
725 2710 863 2768 Vere
893 2712 1041 2766 enim
1084 2711 1151 2766 de
1180 2711 1366 2781 aliquo
1388 2711 1480 2781 qui
1521 2719 1841 2781 generatur,
1889 2710 2113 2776 dicitur,

545 2820 668 2860 eum
699 2804 994 2877 aliquando
1025 2818 1135 2856 non
1165 2801 1356 2865 fuisse,
1405 2817 1552 2856 nunc
1590 2817 1735 2867 esse,
1783 2811 1838 2856 et
1895 2802 2116 2858 tandem

546 2911 764 2966 quoque
796 2910 903 2949 non
955 2895 1193 2965 amplius
1247 2892 1384 2948 fore.
1427 2892 1700 2949 Caeterum
1755 2909 1880 2947 cum
1915 2902 2118 2948 aeterna

548 2988 662 3051 illa,
699 2997 752 3042 et
792 3001 912 3056 quae
939 2994 1133 3040 cuncta
1185 2986 1383 3040 saecula
1434 2987 1827 3056 antegreditur,
1891 3002 2119 3056 genera-

551 3077 702 3132 tione
761 3077 1106 3147 temporaria:
1137 3077 1255 3132 ista).
1308 3077 1561 3132 notiones
1594 3091 1704 3130 non
1760 3085 2114 3142 concurrunt,

2220 1867 2306 1921 διά
2349 1869 2454 1922 τῶν
2482 1870 2674 1938 φωνῶν
2713 1871 3083 1942 σημαινόμενα
3122 1872 3221 1943 τὴν
3247 1872 3595 1943 παραλλαγὴν
3633 1872 3781 1942 ἔχει’

2221 1959 2397 2024 ἄλλως
2431 1963 2538 2033 γὰρ
2571 1961 2796 2033 νοοῦμεν
2832 1961 2927 2034 τὴν
2953 1963 3203 2033 γέννησιν
3234 1965 3319 2016 ἐπ’
3345 1964 3662 2035 ἀνθρώπων,
3693 1965 3785 2017 καὶ

2221 2052 2396 2116 ἄλλως
2446 2055 2572 2125 περὶ⁹
2617 2055 2714 2126 τῆς
2749 2054 2899 2118 θείας
2944 2058 3246 2127 γεννήσεως
3293 2056 3680 2127 στοχαζόμεθα.
3729 2057 3785 2111 '0

2221 2149 2504 2218 ἄνθρωπος
2535 2153 2593 2201 ἐν
2642 2148 2818 2219 χρόνῳ
2865 2148 3135 2215 τίκτεται,
3185 2149 3277 2202 καὶ
3308 2148 3470 2212 τόπος
3513 2165 3596 2212 τις
3638 2148 3785 2219 αὑτῷ

2223 2241 2441 2303 πάντως
2483 2239 2583 2312 τὴν
2641 2239 2783 2312 ζωὴν
2831 2240 3176 2312 ὑποδέχεταιο
3227 2233 3302 2295 ὦν
3349 2241 3475 2295 ἄνευ
3530 2241 3785 2312 συστῆναι

2224 2331 2384 2399 φύσιν
2426 2333 2525 2386 οὑκ
2553 2332 2682 2403 ἔχει.
2733 2331 2833 2386 Διὰ
2861 2332 3018 2386 τοῦτο
3049 2333 3226 2386 τοίνυν
3266 2332 3491 2403 χρονικά
3528 2335 3787 2404 τμήματα

2224 2425 2352 2497 περὶ
2376 2424 2474 2496 τὴν
2497 2424 2588 2478 τοῦ
2619 2425 2903 2497 ἀνθρώπου
2934 2425 3076 2497 ζωὴν
3109 2427 3418 2494 ἀναγκαίως
3443 2426 3750 2496 εὑρίσκεται
3769 2441 3784 2456 °

2221 2516 2284 2569 τὸ
2316 2516 2423 2588 πρὸ
2454 2516 2616 2569 αὑτοῦ
2643 2516 2805 2585 λέγω,
2856 2519 2948 2571 καὶ
2989 2518 3050 2570 τὸ
3081 2518 3200 2572 κατ’
3230 2518 3410 2585 αὑτὸν,
3441 2519 3534 2571 καὶ⁵
3560 2517 3621 2570 τὸ
3651 2519 3790 2588 μετὰ

2222 2607 2400 2661 τοῦτο.
2454 2607 2674 2678 Ἀληθὲς
2717 2611 2824 2680 γάρ
2857 2611 3004 2662 ἐστιν
3037 2611 3209 2662 εἰπεῖν
3243 2609 3370 2680 περί
3394 2627 3536 2672 τινος
3560 2609 3667 2662 τῶν
3707 2627 3792 2678 γε-

2224 2699 2589 2771 γεννημένων,
2625 2701 2707 2753 ὅτι
2750 2702 2824 2772 μή
2867 2718 2994 2753 ποτε
3037 2699 3111 2754 ὢν
3153 2701 3246 2754 νῦν
3287 2702 3422 2767 ἐστι,
3465 2701 3558 2755 καὶ
3609 2700 3792 2770 μέντοι

2225 2791 2318 2845 καί
2366 2807 2495 2844 ποτε
2555 2791 2714 2844 πάλιν
2760 2790 2852 2844 τοῦ
2900 2787 3038 2844 εἶναι
3089 2790 3383 2846 παύσεται·
3438 2793 3530 2845 ἐπὶ
3584 2791 3640 2844 δὲ
3692 2790 3794 2860 τῆς

2225 2882 2546 2954 προαιωνίου
2595 2883 2897 2952 γεννήσεως
2927 2881 2997 2935 τά
3035 2883 3261 2953 χρονικὰ
3300 2883 3472 2936 ταῦτα
3519 2883 3791 2954 νοήματα.

2227 2975 2320 3029 ἅτε
2363 2975 2525 3046 μηδὲν
2566 2975 2756 3046 ἔχοντα
2796 2975 3055 3044 συγγενὲς
3096 2977 3231 3046 πρὸς
3260 2975 3472 3046 ἐκείνην
3501 2976 3596 3047 τὴν
3633 2974 3796 3045 φύσιν

2224 3068 2334 3128 τοῖς
2373 3065 2648 3135 νηφόντως
2693 3063 3078 3135 λογιζομένοις,
3131 3068 3193 3120 οὑ
3237 3068 3656 3138 συνεισέρχεται.
3719 3067 3798 3120 Τὸ

548 3175 738 3236 utpote
776 3137 896 3236 quae
924 3168 1130 3221 nullam
1165 3167 1548 3238 cognationem
1600 3167 1836 3221 habeant
1878 3183 2001 3220 cum
2033 3167 2118 3221 di—

2229 3157 2337 3228 γάρ
2398 3159 2562 3219 ποτὲ,
2592 3156 2768 3210 καὶτὸ
2797 3156 3070 3224 ὕστερον,
3117 3158 3211 3210 καὶ
3251 3159 3312 3212 τὸ
3358 3137 3661 3228 πρότερον,
3698 3160 3799 3212 καὶ

547 3260 671 3312 vina
707 3271 921 3324 natura,
951 3259 1194 3313 omnium
1217 3275 1406 3315 eorum
1437 3259 1644 3329 judicio
1697 3259 1789 3328 qui
1825 3259 2006 3312 sobrie
2056 3258 2124 3313 de

549 3351 635 3405 his
685 3351 1099 3404 ratiocinantur.
1163 3350 1294 3405 Nam
1352 3351 1441 3414 id,
1501 3349 1645 3419 quod
1687 3349 1976 3418 aliquando
2024 3364 2124 3403 vo-

548 3449 727 3503 catur,
747 3441 1008 3508 posterius
1041 3441 1312 3502 itidem,et
1343 3441 1514 3508 prius,
1551 3448 1604 3494 et
1636 3439 1820 3493 omnia
1855 3439 2122 3508 alia,qu:n

550 3533 901 3600 temporalem
935 3531 1306 3585 extensionem
1334 3528 1665 3600 significant,
1697 3531 2120 3594 transcendens,

549 3622 643 3690 qui
701 3623 944 3676 divinam
1002 3622 1168 3675 vitam
1207 3621 1629 3689 contemplatur,
1671 3621 1979 3676 sublimiter
2019 3637 2114 3676 su-

2225 3247 2322 3301 ὂσα
2381 3248 2480 3318 τὴν
2524 3246 2778 3318 χρονικὴν
2827 3247 3028 3320 ταύτην
3076 3249 3382 3320 παράτασιν
3429 3251 3797 3321 ἀποσημαίνει

2224 3339 2434 3404 διαϐάς,
2479 3340 2507 3392 ό
2552 3339 2649 3410 τὴν
2693 3339 2840 3393 θείαν
2891 3341 3036 3410 ζωὴν
3080 3341 3443 3413 λογιζόμενος,
3477 3344 3694 3415 ὑψηλῶς
3728 3344 3804 3398 τὰ

2227 3433 2407 3504 ὑψηλὰ
2435 3433 2858 3503 κατασκέψεται,
2909 3436 3000 3487 καὶ
3031 3435 3128 3505 οὑχ
3165 3436 3266 3505 ὅσα
3295 3436 3545 3508 περὶπὴν
3583 3437 3807 3507 ἀνθρω-

2228 3527 2389 3597 πίνην
2418 3526 2668 3595 γέννησιν
2700 3524 2906 3596 βλέπει,
2931 3525 3142 3591 τούτοις
3165 3528 3376 3598 νομίσει
3403 3527 3668 3582 δουλεύειν
3700 3531 3807 3582 καὶ

2223 3619 2320 3690 τὴν
2354 3616 2668 3670 ἀδέσποτον.

549 3718 737 3772 blimia
771 3717 1137 3773 considerabit
1185 3725 1241 3772 et
1279 3718 1654 3787 perlnstrabit,
1688 3734 1862 3788 neque
1899 3719 2181 3782 omnibus,
2218 3733 2337 3787 quae
2372 3717 2519 3771 circa
2567 3716 2856 3772 humanam
2896 3720 3296 3791 generationem
3341 3720 3586 3776 accidere
3627 3717 3806 3788 videt,

554 3815 795 3869 divinam
824 3815 970 3868 illam
1005 3823 1059 3868 et
1090 3813 1479 3868 dominationis
1507 3821 1780 3884 expertem
1815 3814 2101 3869 obnoxiam
2139 3813 2512 3868 arbitrabitur.

625 3907 930 3963 Humanam
969 3906 1421 3977 compositionem
1461 3907 1733 3961 antecedit
1779 3907 2030 3971 mutatio,
2069 3916 2124 3961 et

551 4015 826 4070 corporea-
881 3995 1128 4067 quaedam
1201 3995 1441 4050 materiae
1488 4010 1551 4050 ac
1599 3995 1986 4065 dispositiones
2056 3994 2122 4049 ad

553 4092 811 4148 animalis
865 4088 1246 4144 formationem
1299 4089 1726 4142 substernuntur
1769 4095 1868 4140 :et
1936 4087 2125 4141 subest

552 4184 736 4239 divino
775 4188 909 4234 nutu
950 4187 1168 4241 natura,
1205 4194 1323 4248 quae
1363 4177 1476 4234 hate
1506 4179 1686 4232 omnia
1738 4177 1965 4231 miritice
2009 4176 2124 4231 eili-

554 4277 651 4338 cit,
700 4274 1064 4342 undequaque
1106 4271 1162 4324 id
1207 4271 1353 4339 quod
1388 4270 1452 4325 ad
1509 4270 1673 4324 fmtus
1731 4270 2122 4340 perfectionem

555 4381 857 4435 congruum
888 4371 972 4418 est
1001 4374 1055 4418 et
1089 4361 1369 4416 conformo
1400 4377 1720 4433 corrogatis,
1764 4363 1833 4416 ab
1879 4364 2122 4419 elemen-

2298 3905 2461 3959 Φύσιν
2488 3903 2719 3960 ἐνταῦθα
2779 3906 2948 3971 πάθος
2974 3909 3291 3979 προηγεῖται
3325 3906 3424 3976 τῆς
3453 3905 3812 3978 ἀνθρωπίνης

2232 3999 2562 4063 συστάσεως,
2595 4000 2688 4051 καὶ
2720 3999 3025 4070 σωματικαί
3065 4015 3209 4060 τινες
3237 3999 3500 4068 ἀφορμαὶ,
3532 3998 3667 4068 πρὸς
3699 3997 3811 4068 τὴν

2229 4089 2323 4142 τοῦ
2349 4089 2488 4154 ζώου
2523 4092 2864 4161 κατασκευὴν
2910 4091 3353 4156 καταϐάλλονται,
3389 4091 3480 4145 καὶ
3515 4091 3811 4144 ὑπόκειται

2232 4183 2372 4236 κατὰ
2398 4184 2456 4236 τὸ
2485 4183 2624 4235 θεῖον
2651 4182 2895 4253 βούλημα
2921 4183 2953 4252 ἡ
2981 4181 3049 4235 τὰ
3080 4183 3300 4236 τοιαῦτα
3330 4179 3819 4253 θαυματοποιοῦσα

2233 4273 2413 4343 φύσις,
2451 4273 2781 4344 πανταχόθεν
2805 4274 2864 4327 τὸ
2901 4275 3095 4328 οἰκεῖόν
3132 4292 3192 4327 τε
3236 4276 3329 4327 καὶ
3360 4273 3695 4344 κατάλληλον
3727 4275 3817 4336 εἰς

2229 4363 2326 4435 τὴν
2353 4363 2446 4416 τοῦ
2478 4366 2761 4433 γινομένου
2798 4364 3074 4418 τελείωσιν
3103 4366 3453 4436 ὲρανίζουσαο
3483 4365 3591 4418 τῶν
3618 4382 3678 4418 τε
3708 4365 3816 4418 τοῦ

558 4459 629 4512 tis
663 4431 882 4526 quidem
915 4452 1126 4516 mundi,
1160 4461 1424 4522 quantum
1455 4467 1486 4504 a
1515 4431 1759 4522 quolibet
1806 4453 2023 4513 suilicit.
2072 4460 2120 4506 et

2230 4455 2434 4524 κόσμου
2469 4455 2764 4524 στοιχείων,
2797 4455 2918 4508 ὅσον
2950 4455 3132 4508 ἱκανὸν
3175 4457 3267 4525 ἀφ’
3295 4457 3544 4521 ἑκάστου,
3581 4455 3675 4510 καὶ
3707 4456 3819 4526 τῆς

558 4567 587 4603 a
637 4559 880 4616 tempore
913 4559 1224 4600 mensuram
1280 4544 1794 4606 consummationis,
1844 4552 1898 4598 et
1929 4559 1994 4598 ex
2031 4559 2126 4598 nu-

557 4646 816 4695 trimento
864 4652 1079 4700 eorum,
1115 4650 1235 4704 qua:
1277 4633 1465 4688 fimum
1505 4635 1713 4704 fingunt
1763 4644 1816 4689 et
1865 4633 2122 4701 formant,

558 4742 820 4803 quantum
852 4730 924 4793 ei,
956 4727 1101 4800 quod
1132 4727 1400 4781 formatur
1444 4725 1794 4779 commodum
1829 4733 1952 4793 est;
1983 4734 2036 4780 et
2071 4735 2129 4780 ut

560 4839 675 4879 rem
719 4823 775 4876 in
803 4836 974 4892 pauca
1011 4819 1313 4882 conferam,
1354 4826 1551 4871 natura
1578 4817 1763 4870 omnia
1803 4818 2126 4888 pervadens,

558 4916 759 4986 quibus
787 4911 1112 4967 constitutio
1148 4910 1386 4963 humana
1431 4909 1732 4979 perficitur,
1771 4909 1845 4963 ita
1876 4909 1942 4963 ad
1969 4925 2132 4980 gene-

559 5008 825 5063 rationem
850 5003 925 5068 id,
951 5001 1096 5073 quod
1129 5018 1241 5055 non
1274 5009 1414 5063 erat,
1448 5001 1691 5067 adducit,
1745 5008 1798 5055 et
1839 5010 2131 5071 propterea

559 5100 634 5166 id,
665 5097 809 5169 quod
841 5113 949 5152 non
980 5103 1119 5158 erat,
1149 5094 1300 5149 nasci
1333 5095 1568 5148 dicimus
1588 5134 1600 5156 ,
1627 5093 1754 5162 quia
1788 5093 1934 5164 quod
1950 5095 2132 5163 aliquo

561 5199 802 5258 tempore
831 5204 938 5241 non
977 5192 1114 5248 erat,
1141 5192 1329 5253 postea
1361 5185 1544 5254 aliquo
1594 5191 1839 5253 tempore
1890 5200 2013 5239 esse
2047 5186 2133 5238 in-

541 5282 712 5350 ,cipit.
738 5281 806 5332 At
836 5281 892 5333 in
927 5279 1110 5332 divina
1141 5278 1494 5348 generatione
1528 5292 1708 5346 neque
1738 5277 2132 5331 natnrzemini-

563 5372 752 5436 sterio,
793 5386 970 5440 neque
1009 5369 1272 5439 temporis
1312 5367 1655 5423 revolutione
1691 5367 1755 5420 ad
1794 5367 1934 5436 ejus,
1986 5367 2133 5437 quod

567 5470 880 5530 generatur,
913 5463 1398 5531 complementum,
1429 5475 1604 5527 neque
1628 5458 1775 5524 aliis,
1803 5474 1924 5528 qua:
1945 5459 1998 5512 in
2031 5469 2136 5514 ter-

566 5552 725 5607 restri
765 5552 1116 5621 generatione
1162 5559 1492 5612 cernuntur,
1529 5565 1667 5619 opus
1702 5558 1809 5613 est,
1848 5566 2024 5620 neque
2078 5551 2134 5605 in

566 5644 712 5698 ullas
744 5643 978 5697 humiles
994 5642 1345 5712 abjectasqne
1367 5641 1720 5712 cogitationes
1745 5640 1958 5706 incidit,
1982 5642 2135 5711 quis-

569 5733 696 5807 quis
723 5732 872 5788 omni
891 5747 1054 5786 sensu
1083 5733 1288 5786 carnali
1317 5741 1535 5799 cantus,
1559 5730 1628 5786 ad
1656 5730 1966 5789 divinorum
2000 5751 2103 5791 con

2229 4545 2333 4598 ὑπὸ
2355 4544 2447 4597 τοῦ
2477 4545 2666 4614 χψόνου
2696 4547 2983 4617 συνεργίας
3011 4545 3070 4599 τὸ
3099 4547 3291 4618 μέτρον
3310 4563 3324 4577 ’
3359 4548 3452 4600 καὶ
3481 4548 3545 4600 ἐκ
3568 4547 3664 4618 τῆς
3696 4546 3821 4600 τῶν

2227 4635 2662 4690 διαπλασσόντων
2710 4637 2770 4690 τὸ
2813 4638 3124 4708 τικτόμενον
3169 4640 3395 4710 τροφῆς,
3439 4640 3560 4693 ὅσον
3604 4641 3822 4692 οἰκεῖον

2227 4728 2306 4800 τῷ
2353 4728 2711 4800 πλασσομένῳ
2753 4728 2959 4798 γίνεται
2987 4747 3001 4761 ο
3055 4733 3145 4784 καὶ
3176 4732 3447 4785 συνελόντι
3491 4731 3682 4800 φάναι,
3721 4732 3823 4786 διὰ

2231 4821 2448 4875 πάντων
2477 4821 2730 4892 χωροῦσα
2771 4823 3033 4893 ἡφύσις,
3077 4825 3142 4878 δι’
3177 4819 3251 4880 ὧν
3283 4829 3316 4897 ἡ
3350 4827 3660 4898 ἀνθρωπίνη
3695 4827 3827 4898 ζωὴ

2229 4912 2327 4982 τὴν
2361 4915 2699 4986 κατασκευὴν
2745 4915 2878 4986 ἔχει,
2918 4915 3090 4979 οὑτως
3136 4918 3216 4980 είς
3245 4919 3495 4989 γέννησιν
3527 4919 3586 4972 τὸ
3623 4919 3702 4991 μὴ
3756 4919 3826 4973 ’ὸν

2231 5001 2374 5071 ἄγει,
2412 5004 2502 5057 καὶ
2529 5005 2614 5057 διὰ
2640 5005 2798 5059 τοῦτο
2834 5007 2907 5077 μὴ
2941 5007 3000 5061 ὃν
3041 5008 3282 5076 γίνεσθαι
3313 5009 3542 5079 λέγομεν
3575 5027 3588 5041 ·
3634 5011 3721 5062 ὃτι
3759 5010 3825 5064 ἐν

2231 5107 2335 5142 τινι
2369 5091 2542 5176 χρόνῳ
2579 5092 2652 5164 μὴ
2679 5093 2758 5158 δν,
2785 5095 2840 5147 ἐν
2872 5096 3013 5167 ἄλλῳ
3045 5098 3219 5168 χρόνῳ
3245 5099 3338 5152 τοῦ
3374 5095 3510 5153 εἶναι
3541 5100 3782 5171 ἄρχεται
3806 5116 3824 5130 ·

2234 5179 2325 5232 ἐπὶ
2353 5179 2409 5232 δὲ
2438 5180 2536 5250 τῆς
2569 5181 2716 5245 θείας
2743 5185 3047 5254 γεννήσεως
3078 5187 3109 5256 ἡ
3159 5187 3333 5240 ἔννοια
3366 5189 3465 5258 τήν
3493 5205 3548 5240 τε
3577 5189 3677 5258 τῆς
3707 5189 3828 5256 φύ-

2236 5288 2371 5334 σεως
2405 5272 2726 5343 ὑπηρεσίαν,
2770 5275 2861 5328 καὶ
2898 5275 2994 5347 τὴν
3020 5276 3112 5329 τοῦ
3141 5279 3329 5348 χρόνου
3360 5279 3634 5333 τελείωσιν
3670 5281 3832 5352 πρὸς

2232 5361 2330 5433 τὴν
2361 5362 2452 5415 τοῦ
2485 5363 2768 5434 γινομένου
2809 5367 3184 5439 συνεισφορὰν,
3221 5371 3314 5422 καὶ
3347 5371 3522 5424 πάντα
3549 5371 3649 5423 ὅσα
3680 5371 3835 5441 περὶ

2232 5456 2331 5524 τὴν
2353 5455 2500 5506 κάτω
2528 5455 2780 5526 γέννησιν
2810 5460 2838 5511 ό
2869 5458 3024 5526 λόγος
3055 5460 3378 5532 ἐθεώρησεν,
3408 5463 3469 5516 οὑ
3503 5463 3833 5532 προσίεται,

2235 5547 2328 5600 καὶ
2361 5545 2535 5600 ούδενὶ
2566 5545 2673 5600 τῶν
2709 5550 2980 5604 ταπεινῶν
3011 5552 3294 5622 νοημάτων
3335 5553 3766 5623 συνεμπεσεῖται
3798 5552 3834 5604 δ

2239 5639 2313 5710 μὴ
2342 5641 2626 5720 σαρκικαῖς
2651 5640 2908 5705 διανοίαις
2949 5643 3058 5696 τῶν
3088 5644 3246 5698 θείων
3271 5644 3606 5698 ἐπιϐατεύων
3627 5661 3638 5671 ·
3676 5643 3841 5699 ἀλλὰ

2239 5731 2388 5804 ζητεῖ
2436 5747 2554 5786 τινα
2598 5729 2830 5789 διάνοιαν
2869 5733 2945 5806 τῷ
2979 5735 3246 5808 μεγαλείῳ
3287 5735 3378 5790 τοῦ
3411 5735 3847 5807 σημαινομένου
