4032 6208
216 382 319 439 MS

1326 382 1602 441 CONTRA
1638 380 2031 451 EUNOMIUM,
2076 382 2206 438 LIB.
2241 384 2284 438 l.

3358 383 3463 439 ΗΕ

223 493 560 564 πρέπουσαν·
584 491 709 550 οὔτε
743 495 853 569 γὰρ
884 494 1053 560 πάθος
1086 493 1216 567 περὶ
1250 495 1339 551 τὸν
1365 497 1551 568 ἀπαθῆ
1576 498 1759 568 νοήσει
1778 512 1792 528 ·

1908 496 2306 566 templationem
2339 494 2580 560 accedit,
2608 495 2702 551 sed
2734 495 2934 577 quaerit
2978 496 3219 567 aliquam
3267 497 3470 552 intelli-

220 583 338 638 οὔτε
372 585 662 657 συνεργίας
695 590 931 659 φυσικῆς
961 588 1052 641 τὸν
1097 588 1426 661 δημιουργὸν
1468 590 1648 659 πάσης
1690 588 1794 658 φύ-

224 689 353 737 σεως
378 674 683 729 ἐπιδεῖσθαι
715 676 989 744 λογίσεται
1007 692 1021 707 ⁸
1052 678 1175 730 οὔτε
1202 676 1461 750 χρονικὴν
1489 679 1797 750 παράτασιν

227 765 310 817 ἰπὶ
351 767 455 837 τῆς
503 767 725 821 αἰωνίου
773 767 918 838 ζωῆς
968 767 1303 840 περιδέξεται
1324 783 1339 797 ·
1394 768 1532 823 ἀλλὰ
1580 771 1797 824 πάντων

225 857 418 912 τούτων
442 858 855 930 καθαρεύουσαν
882 858 972 931 τὴν
997 857 1145 913 θείαν
1166 859 1415 930 γέννησιν
1435 861 1795 931 κατανοήσας,

227 948 379 1020 μόνον
425 948 490 1002 τὸ
539 950 616 1021 μὴ
663 949 915 1021 ἁνάρχως
960 944 1100 1002 εἶναι
1146 950 1236 1004 διὰ
1278 950 1377 1021 τῆς
1423 949 1520 1003 τοῦ
1566 950 1796 1018 Πατρός

226 1038 497 1108 σημασίας
545 1039 637 1092 τὸν
679 1037 960 1108 Μονογενῆ
1004 1038 1295 1109 δηλοῦσθαι
1345 1040 1699 1111 συνθήσεται,
1721 1040 1798 1104 ὡς

223 1131 317 1202 τὴν
341 1133 524 1185 αἰτίαν
555 1132 657 1201 μὲν
681 1130 888 1184 ἐκεῖθεν
915 1130 1056 1201 ἔχειν
1096 1131 1192 1185 τοῦ
1221 1126 1382 1196 εἶναι,
1410 1132 1583 1204 ἀρχὴν
1612 1134 1669 1188 δὲ
1697 1133 1797 1203 τῆς

224 1223 571 1285 ὑποστάσεως
621 1222 698 1293 μὴ
742 1222 1049 1291 λογίζεσθαι
1075 1238 1088 1254 ·
1138 1222 1229 1276 διὰ
1258 1222 1319 1276 τὸ
1360 1223 1434 1294 μὴ
1463 1224 1718 1278 δύνασθαί
1744 1242 1798 1278 τι

226 1317 448 1385 σημεῖον
495 1312 589 1366 τοῦ
622 1311 953 1383 ζητουμένου
989 1314 1337 1384 κατανοῆσαι.
1386 1313 1493 1367 Τοῦ
1524 1314 1632 1385 γὰρ
1664 1307 1799 1386 προ-ἑ

225 1404 568 1476 πενεστέρου,
591 1404 685 1457 καὶ
707 1404 802 1458 τοῦ
822 1405 1106 1477 νεωτέρου,
1130 1405 1225 1458 καὶ
1258 1406 1475 1459 πάντων
1500 1407 1607 1460 τῶν
1628 1405 1801 1460 τοιού-

223 1512 328 1549 των
356 1495 646 1567 νοημάτων
690 1495 751 1548 ὲν
797 1499 910 1558 τοῖς
950 1497 1220 1574 χρονικοῖς
1263 1494 1621 1567 διαστήμασιν
1649 1497 1797 1567 εὑρι-

226 1588 526 1659 σκομένων,
574 1589 669 1642 ἐὰν
703 1586 903 1658 ὐφέλῃς
940 1587 1019 1658 τῷ
1060 1586 1204 1657 λόγῳ
1249 1586 1339 1640 τὸν
1370 1588 1576 1659 χρόνον,
1621 1589 1797 1643 πάντα

227 1678 602 1752 συνυφῄρηται
631 1679 702 1733 τὰ
738 1679 963 1757 τοιαῦτα
1000 1682 1218 1751 σημεῖα,
1248 1679 1342 1734 καὶ
1378 1680 1794 1753 συνυπεσπάσθη

225 1769 366 1842 μετὰ
392 1770 492 1824 τοῦ
529 1770 742 1842 χρόνου.
1822 1846 1865 1902 Β

303 2042 460 2096 Ἐπεὶ
484 2036 578 2096 οὖν
605 2040 666 2095 τὸ
703 2041 850 2097 ποτὲ
876 2042 936 2096 οὐ
967 2039 1247 2114 προσίεται
1275 2045 1303 2098 6
1324 2043 1429 2116 πρὸ
1451 2044 1561 2100 τῶν
1591 2043 1800 2098 αἰώνων

225 2133 364 2187 κατὰ
391 2133 487 2186 τὸν
519 2135 796 2204 ἄφραστον
824 2132 979 2202 λόγον
1006 2134 1084 2205 τῷ
1107 2136 1280 2207 Πατρὶ⁵
1315 2135 1507 2203 συνὼν,
1532 2136 1802 2205 γεννητῶς

228 2226 324 2295 μὲν
358 2224 529 2288 ἔστιν,
558 2225 620 2276 οὗ
654 2227 761 2294 μήν
803 2242 931 2279 ποτε
956 2225 1049 2278 τοῦ
1077 2221 1214 2279 εἶναι
1239 2227 1466 2298 ἄρχεται
1494 2245 1508 2259 ο
1551 2226 1673 2281 οὔτε
1696 2228 1803 2298 γὰρ

226 2318 281 2368 ὲν
298 2315 503 2387 χρόνῳ,
526 2313 651 2367 οὔτε
675 2316 733 2367 ὲν
756 2315 906 2386 τόπῳ
924 2317 1023 2386 τὴν
1045 2316 1187 2387 ζωὴν
1208 2316 1338 2388 ἔχει,
1366 2318 1729 2389 ἐξαιρεθέντος
1748 2317 1804 2371 δὲ

226 2408 317 2459 καὶ
336 2405 530 2468 τόπους
559 2406 651 2459 καὶ
666 2404 880 2475 χρόνου,
910 2406 1004 2459 καὶ
1024 2408 1220 2471 παντὸς
1248 2408 1485 2462 τοιούτου
1513 2409 1694 2479 διανοή
1704 2425 1807 2478 μα-

225 2514 333 2560 τος,
351 2498 445 2549 ἐπὶ
457 2497 554 2569 τῆς
570 2498 660 2549 τοῦ
678 2498 1010 2566 Μονογενοῦς
1027 2500 1395 2565 ὑποστάσεως,
1408 2500 1468 2553 τὸ
1481 2499 1586 2572 πρὸ
1598 2500 1805 2553 ἐκείνου

225 2588 536 2659 ωοᾶμενον,
566 2591 596 2643 ό
620 2591 810 2662 Πατήρ
844 2593 957 2643 ἐστι
996 2591 1173 2660 μόνος.
1221 2590 1359 2644 Ἀλλ’
1386 2590 1636 2661 ἐντούτῳ
1665 2591 1758 2646 καὶ
1779 2593 1808 2646 6

226 2679 538 2751 Μονογενὴς
554 2680 650 2745 ὢν,
670 2679 853 2744 καθὼς
871 2681 1030 2745 αὐτὸς
1052 2681 1259 2744 ἐκεῖνός
1282 2698 1434 2753 φησι,
1452 2682 1549 2753 τὴν
1566 2682 1658 2736 τοῦ
1679 2699 1807 2736 ποτε

228 2773 304 2843 μὴ
322 2768 466 2824 εἶναι
491 2771 744 2826 ὑπόνοιαν
762 2771 1011 2837 δέξασθαι
1033 2773 1191 2840 φύσιν
1212 2775 1312 2827 οὐκ
1334 2772 1476 2843 ἔχει.
1494 2774 1557 2827 Et
1582 2773 1679 2845 μὲν
1701 2773 1809 2845 γάρ

224 2879 357 2917 ποτε
384 2864 490 2916 οὐκ
509 2858 577 2934 ἦν
593 2867 685 2918 καὶ
715 2864 1251 2935 Πατὴρ,ἀναγκαίως
1272 2868 1339 2937 τῇ
1369 2867 1462 2920 τοῦ
1494 2867 1702 2938 [ἰατρὸς
1718 2868 1813 2921 ἀν-

222 2953 471 3026 υπαρξίᾳ
490 2955 629 3026 καὶὴ
659 2954 752 3009 τοῦ
777 2955 906 3010 Υίοῦ
929 2957 1165 3030 ἅῖδιότης
1191 2960 1283 3012 ἐπὶ
1303 2959 1362 3012 τὸ
1380 2958 1493 3011 ἄνω
1515 2959 1812 3013 συναπεκο-

225 3063 417 3099 πτετο.
457 3046 522 3100 Et
546 3045 604 3099 δὲ
632 3047 719 3100 ἀεί
745 3047 891 3101 ἐστιν
916 3050 945 3102 6
970 3050 1179 3124 Πατὴρ,
1212 3048 1329 3113 πῶς
1353 3051 1381 3102 6
1402 3049 1527 3112 Υἱός
1556 3066 1685 3103 ποτε
1713 3050 1813 3104 οὐκ

223 3141 373 3193 ἔστιν
402 3140 434 3193 6
469 3139 546 3209 μὴ
590 3138 887 3210 δυνάμενος
935 3141 1025 3209 ἐφ’
1046 3140 1239 3195 ἑαυτοῦ
1285 3142 1451 3211 χωρὶς
1479 3140 1569 3194 τοῦ
1601 3141 1812 3211 Πατρός

223 3233 524 3303 νοηθῆναι.
578 3230 713 3285 ἀλλὰ
760 3232 902 3286 κατὰ
928 3232 989 3286 τὸ
1030 3233 1379 3302 σιωπώμενον
1414 3233 1499 3286 ἀεὶ
1529 3232 1606 3303 τῷ
1638 3233 1811 3304 Ila-cpi.

226 3319 724 3391 ςυνονομαζόμενος
747 3339 764 3386 ;
801 3323 865 3375 Ἦ
894 3324 999 3395 γὰρ
1023 3323 1117 3377 τοῦ
1145 3324 1372 3392 Πατρός
1393 3324 1584 3395 κλῆσις
1616 3325 1809 3393 ἐπίσης

225 3409 338 3459 τῶν
364 3410 464 3463 δύο
504 3410 811 3481 προσώπων
838 3413 935 3482 τὴν
969 3412 1239 3483 σημασίαν
1276 3413 1390 3483 ἔχει
1424 3431 1438 3446 ·
1487 3414 1809 3485 αὐτομάτως

224 3501 330 3570 τῆς
361 3502 492 3572 περὶ
517 3500 613 3554 τοῦ
644 3502 773 3555 Υἱοῦ
801 3503 1027 3568 ἐννοίας,
1046 3506 1110 3573 τῇ
1136 3506 1286 3574 φωνῇ
1310 3503 1485 3575 ,ταύτῃ
1517 3505 1813 3559 συνεισιού-

227 3609 349 3664 σης.
388 3593 526 3647 Πότε
555 3595 655 3648 οὐκ
685 3589 753 3664 ἦν
784 3594 813 3646 6
838 3594 999 3662 Υίός;
1039 3596 1127 3648 Ἐν
1148 3596 1254 3649 τίνι
1276 3596 1336 3648 τὸ
1356 3596 1442 3665 μὴ
1468 3592 1619 3650 εἶναι
1646 3597 1810 3651 αὑτοῦ

221 3684 579 3756 κατελήφθης
624 3686 715 3739 Ἐν
759 3686 945 3757 τόπφ;
998 3686 1174 3750 Τόπος
1221 3687 1321 3741 οὐκ
1359 3681 1552 3757 ἦν.Ἐν
1598 3688 1810 3760 χρόνῳ;

216 3775 344 3846 Πρὸ
372 3776 586 3846 χρόνων
622 3777 653 3830 6
691 3776 914 3849 Κύριος.
965 3778 1028 3831 Εἰ
1061 3772 1156 3833 οὖν
1185 3778 1292 3850 πρὸ
1322 3777 1528 3832 τούτων
1558 3775 1646 3851 ἦν,
1680 3781 1811 3835 πότε

214 3870 330 3921 οὐκ
356 3863 462 3939 ἦνς
494 3869 606 3922 Καὶ
628 3869 679 3921 εί
711 3870 767 3922 ὲν
793 3868 873 3939 τῷ
895 3870 1067 3942 Πατρὶ
1089 3865 1179 3941 ἦν,
1206 3872 1264 3923 ὲν
1296 3869 1399 3923 τίνι
1423 3872 1520 3926 οὐκ
1543 3867 1632 3943 ἦν,
1664 3871 1814 3926 εἴπα-

214 3974 285 4010 τε
323 3958 374 4010 οἱ
402 3956 474 4010 τὰ
497 3956 704 4012 ἀθέατα
748 3957 1067 4029 βλέποντες;
1096 3959 1161 4011 Τί
1181 3959 1271 4012 διὰ
1298 3960 1462 4030 μέσου
1494 3960 1523 4013 6
1557 3961 1813 4032 λογισμὸς

215 4050 384 4122 ὑμῶν
410 4049 838 4117 ὰνετυπὼσατο;
869 4050 934 4103 Τί
970 4050 1123 4105 κενὸν
1157 4049 1250 4103 τοῦ
1288 4052 1621 4120 Μονογενοῢς
1656 4053 1813 4124 ἐνοή-

216 4158 377 4203 σατε,
400 4140 437 4212 ἢ
468 4141 721 4213 πρᾶγμα.
755 4141 789 4211 ἢ
818 4142 1016 4212 νόημα,
1044 4141 1073 4194 ὃ
1102 4141 1181 4211 τῷ
1209 4143 1381 4212 Πατρὶ
1410 4160 1812 4216 συμπαρεκτει-

212 4233 454 4304 νόμενον
498 4231 891 4303 ⁸ιπρισσοτέραν
939 4231 1104 4286 αὐτοῦ
1154 4232 1251 4303 τὴν
1295 4232 1440 4305 ζωὴν
1485 4233 1579 4287 τοῦ
1642 4236 1813 4289 Μονο-

213 4324 417 4393 γενοῦς
446 4322 834 4387 ἀποδείκνυσι;
862 4322 968 4376 Καὶ
996 4323 1046 4376 τί
1076 4322 1231 4376 τοῦτο
1254 4323 1393 4392 λέγω
1417 4324 1569 4387 ;οὐδὲ
1594 4324 1701 4396 γὰρ
1722 4327 1814 4380 ἐπὶ

212 4417 328 4471 τῶν
359 4415 676 4488 ἀνθρώπων
705 4415 906 4485 κυρίως
946 4414 1093 4469 ἐστιν
1134 4418 1327 4482 εἰπεῖν,
1375 4417 1457 4471 ὃτι
1499 4418 1600 4471 οὐκ
1625 4417 1702 4472 ὤν
1731 4435 1814 4483 τις

1897 585 2161 656 gentiam,
2188 584 2463 654 majestati
2506 584 2585 639 rei
2631 585 2951 655 signiﬁcata:
2995 594 3465 654 consentaneam;

1899 688 2073 743 neque
2126 674 2273 728 enim
2330 674 2689 729 mutationem
2742 675 2982 745 aliquam
3038 675 3094 729 in
3143 675 3467 746 impassibiii

1897 764 2287 835 apprehendet,
2323 780 2501 837 neque
2530 766 2790 837 cogitabit
2823 781 2971 831 eum,
3012 769 3107 837 qui
3149 768 3331 822 omnis
3377 781 3469 821 na-

1896 868 2032 916 turae
2061 860 2313 915 conditor
2334 870 2438 927 est,
2472 861 2716 933 indigere
2743 861 2985 916 naturali
3016 875 3120 931 ope
3149 868 3205 916 et
3233 861 3461 925 auxilio,

1896 970 2076 1026 ireque
2126 954 2513 1023 temporariam
2564 953 2932 1009 intensionem
2992 954 3049 1008 in
3102 961 3305 1008 acterna
3357 954 3470 1008 vita

1898 1046 2179 1109 admittet;
2214 1045 2311 1100 sed
2344 1046 2412 1099 ab
2441 1045 2699 1100 omnibus
2729 1044 2854 1100 istis
2895 1043 3125 1099 liheram
3164 1059 3471 1114 puramque

1897 1137 2140 1192 divinam
2193 1135 2602 1206 generationem
2652 1134 2985 1204 intelligens,
3023 1133 3200 1189 solum
3244 1134 3473 1189 conﬁte-

1897 1228 2045 1283 bitur
2073 1226 2253 1282 Patris
2287 1227 2653 1296 appellatione
2684 1226 2789 1280 lioc
2841 1225 3107 1279 duntaxat
3146 1224 3469 1295 significari,

1898 1318 2243 1388 unigenitum
2307 1317 2505 1371 Filium
2542 1333 2651 1372 non
2698 1332 2820 1373 esse
2862 1317 3118 1387 principii
3162 1326 3469 1388 expertem,

1897 1407 2099 1479 quippe
2147 1407 2241 1475 qui
2280 1420 2311 1458 a
2356 1404 2518 1460 Patre
2574 1405 2946 1461 subsistentia:
3000 1420 3115 1461 sum
3151 1414 3330 1461 ortum
3374 1407 3469 1460 ha-

1898 1499 2044 1562 beat,
2104 1496 2251 1551 omni
2285 1504 2467 1551 autem
2514 1497 2673 1552 initio
2691 1505 2898 1561 careat,
2942 1511 3009 1552 eo
3055 1496 3201 1567 quod
3264 1498 3472 1551 nullum

1898 1589 2039 1644 initii
2075 1588 2289 1659 signum
2326 1588 2380 1642 in
2409 1603 2495 1652 eo,
2532 1588 2675 1659 quod
2702 1588 2984 1659 quaeritur,
3024 1595 3304 1659 appareat.
3335 1587 3470 1643 Nam

1896 1681 2050 1752 prius
2080 1688 2133 1735 et
2156 1680 2428 1750 posterius
2456 1686 2509 1734 et
2544 1680 2663 1733 aliae
2687 1680 3088 1745 successiones,
3119 1695 3241 1750 qua:
3261 1680 3315 1734 in
3339 1689 3475 1736 tem-

1897 1772 2131 1843 porariis
2156 1771 2458 1826 intervallis
2488 1771 2865 1836 inveniuntur,
2916 1772 2961 1826 si
3016 1779 3233 1842 tempus
3291 1773 3472 1837 tollas,

1902 1864 2109 1933 pariter
2141 1863 2422 1922 tolluntur,
2466 1876 2682 1931 unaque
2711 1876 2834 1916 cum
2864 1871 3110 1932 tempore
3151 1863 3338 1917 omnia
3367 1863 3474 1917 alia

1903 1954 2069 2024 hujus
2108 1954 2328 2024 generis
2352 1953 2506 2023 signa
2541 1961 2897 2008 evanescunt.

1973 2044 2110 2100 Cum
2154 2044 2319 2115 igitur
2359 2041 2494 2095 illud
2547 2040 2834 2111 aliquando
2889 2056 2998 2096 non
3047 2042 3318 2109 admittat,
3381 2043 3475 2113 qui

1904 2144 2031 2192 ante
2064 2134 2286 2199 saecula,
2338 2132 2601 2187 ineﬂ‘abili
2654 2132 2819 2188 modo
2876 2131 3025 2187 Patri
3075 2149 3315 2204 praesens
3368 2143 3475 2199 est,

1904 2243 1969 2283 ex
2003 2227 2352 2299 generatione
2377 2225 2595 2295 quidem
2616 2234 2721 2290 est,
2787 2222 2883 2279 sed
2941 2239 3224 2295 nunquam
3286 2225 3478 2296 incipit

1905 2335 2055 2386 esse;
2090 2333 2267 2389 neque
2300 2317 2445 2372 enim
2472 2317 2526 2370 in
2557 2323 2827 2386 tempore,
2876 2329 3057 2384 neque
3087 2317 3139 2369 in
3169 2317 3289 2371 loco
3311 2316 3475 2370 vitam

1908 2411 2101 2479 habet;
2135 2410 2353 2465 sublato
2383 2408 2547 2479 igitur
2573 2416 2628 2462 et
2657 2408 2795 2473 loco,
2833 2417 2889 2463 et
2931 2416 3198 2478 tempore,
3246 2420 3300 2463 et
3328 2408 3479 2463 omni

1909 2500 2220 2570 huiusmodi
2263 2500 2588 2569 cogitatione
2626 2499 2815 2568 procul
2846 2498 2914 2553 ab
2955 2499 3236 2570 hypostasi
3279 2500 3480 2581 linige-

1911 2592 2010 2647 niti
2045 2592 2362 2655 amandata,
2388 2589 2536 2659 quod
2571 2597 2697 2645 ante
2728 2590 2882 2644 illum
2931 2592 3230 2661 c0gitatur,
3282 2595 3480 2647 unicus

1910 2684 2075 2737 Pater
2101 2692 2204 2738 est.
2250 2680 2355 2737 Sed
2389 2697 2513 2736 cum
2563 2681 2618 2736 in
2657 2681 2760 2735 hoc
2790 2681 2905 2751 ipse
2934 2682 3098 2736 etiam
3157 2682 3481 2753 Uttigettitttl

1914 2772 2006 2836 sit,
2028 2777 2189 2842 prout
2237 2769 2355 2840 ipse
2390 2776 2647 2833 testatur,
2698 2769 2849 2843 nulla
2881 2773 3023 2824 ratio
3067 2771 3358 2840 permittit,
3420 2784 3481 2828 ut

1914 2877 2038 2918 eum
2079 2860 2374 2929 aliquando
2402 2874 2517 2913 non
2572 2858 2743 2914 fuisse
2793 2846 3177 2930 suspicemur;
3248 2877 3371 2917 nam
3431 2864 3480 2920 si

1915 2952 2210 3023 aliquando
2232 2952 2348 3021 ipse
2373 2951 2536 3006 etiam
2572 2949 2735 3005 Pater
2790 2966 2901 3005 non
2956 2959 3095 3015 erat,
3158 2954 3480 3010 necessario

1917 3058 2013 3114 per
2044 3043 2224 3098 Patris
2255 3043 2766 3098 non-exsistantiam
2796 3042 3078 3099 aeternitas
3109 3042 3231 3099 Filii
3262 3061 3482 3101 sursum

1918 3150 2112 3189 versus
2136 3134 2576 3203 interrumpitur.
2634 3132 2691 3187 Si
2724 3144 2852 3189 vero
2883 3132 3046 3191 Pater
3092 3150 3310 3207 semper
3370 3146 3478 3204 est,

1912 3226 2187 3303 quomodo
2215 3223 2388 3279 Filius
2413 3225 2707 3295 aliquando
2736 3241 2844 3279 non
2870 3236 2975 3291 est,
3041 3228 3133 3297 qui
3167 3244 3273 3283 non
3307 3239 3485 3299 potest

1913 3316 2203 3386 separatim
2237 3332 2332 3388 per
2361 3330 2440 3380 se,
2477 3315 2685 3384 absque
2719 3325 2971 3385 respectu
2991 3319 3057 3372 ad
3089 3316 3303 3374 Patrem
3337 3320 3484 3375 intel-

1914 3409 2031 3478 ligi,
2086 3409 2180 3464 sed
2244 3408 2408 3463 tacite
2467 3420 2683 3475 semper
2738 3422 2862 3461 cum
2920 3406 3080 3464 Patre
3130 3411 3485 3466 nominatur?

1911 3499 2049 3553 Nam
2084 3498 2265 3557 Patris
2308 3498 2602 3570 appellatio
2644 3513 2712 3553 ex
2743 3514 2901 3570 aequo
2938 3500 3079 3557 duas
3118 3518 3381 3573 personas
3412 3505 3485 3559 si-

1913 3592 2186 3663 gniticat,’
2211 3601 2409 3662 sponte
2455 3607 2555 3648 sua
2586 3592 2710 3648 Filii
2741 3593 2963 3648 notione
3001 3592 3068 3647 ad
3105 3593 3282 3650 Patris
3318 3610 3486 3651 voca-

1912 3681 2101 3737 bulum
2157 3681 2554 3752 subsequente.
2599 3680 2831 3748 Quando
2861 3697 2970 3737 non
3017 3690 3136 3737 erat
3172 3681 3384 3739 Filius?
3426 3684 3485 3740 In

1913 3788 2023 3843 quo
2048 3789 2149 3827 non
2179 3788 2292 3827 esse
2321 3773 2470 3828 illius
2489 3773 2897 3844 deprehensum
2927 3774 3056 3829 est?
3080 3772 3219 3827 Num
3256 3776 3312 3829 in
3337 3775 3487 3831 loco?

1912 3866 1984 3918 At
2021 3864 2176 3919 locus
2211 3876 2320 3918 non
2362 3874 2503 3920 erat.
2530 3863 2671 3919 Num
2702 3866 2757 3919 in
2794 3865 3078 3934 tempore?
3102 3866 3171 3919 At
3198 3874 3324 3922 ante
3357 3875 3487 3923 tem-

1913 3971 2043 4028 pora
2078 3955 2343 4012 Dominus
2384 3964 2487 4013 est.
2539 3955 2598 4013 Si
2649 3958 2817 4029 igitur
2872 3965 2999 4012 ante
3050 3964 3294 4028 tempora
3339 3969 3483 4026 erat,

1915 4045 2135 4115 quando
2163 4061 2269 4100 non
2301 4046 2462 4101 erat?
2524 4045 2591 4100 Et
2619 4047 2664 4101 si
2694 4047 2748 4100 in
2787 4044 2951 4101 Patre
2982 4054 3118 4107 erat.
3152 4048 3206 4102 in
3242 4063 3348 4118 quo
3375 4065 3486 4105 non

1913 4144 2050 4196 erat.
2096 4137 2282 4204 dicite,
2325 4152 2547 4207 quaeso,
2586 4151 2683 4191 vos
2729 4137 2822 4207 qui
2855 4137 3263 4206 inaspectabilia
3307 4140 3489 4194 cerni-

1914 4227 2022 4282 tis?
2049 4226 2190 4293 Quid
2233 4227 2541 4281 intermedii
2580 4227 2837 4295 cogitatio
2866 4233 3047 4282 vestra
3073 4227 3313 4284 eﬁinxit?
3331 4228 3485 4296 Quod

1914 4334 2147 4374 vacuum
2177 4319 2323 4372 circa
2362 4315 2713 4387 Unigenitum
2736 4318 3021 4388 reperistis
3042 4319 3065 4373 ?
3084 4317 3224 4374 Num
3249 4336 3382 4386 rem,
3416 4337 3487 4377 an

1915 4412 2348 4479 conceptionem,
2377 4423 2499 4478 quae
2524 4423 2647 4463 cum
2675 4406 2837 4464 Patre
2881 4411 3107 4465 extensa
3150 4412 3315 4468 vitam
3364 4412 3486 4484 ejus

214 4506 518 4577 ἐγεννήθη.
574 4505 708 4560 Λευῒ
750 4504 856 4577 γὰρ
898 4508 1004 4579 πρὸ
1055 4507 1263 4563 πολλῶν
1297 4508 1496 4576 γενεῶν
1539 4510 1638 4580 τῆς
1670 4509 1808 4563 κατὰ

1917 4500 2325 4573 productiorem
2349 4498 2536 4565 faciat,
2561 4514 2723 4570 quam
2748 4499 2911 4554 vitam
2933 4497 3248 4571 Unigeniti?
3274 4504 3333 4557 Et
3355 4504 3486 4574 quid

221 4599 412 4671 σάρκα
447 4596 649 4651 ἑαυτοῦ
676 4597 982 4666 γεννήσεως
1021 4598 1125 4652 ὑπὸ
1166 4596 1259 4652 τοῦ
1292 4599 1622 4669 Μελχισεδὲκ
1666 4600 1811 4654 δεδε-

217 4690 476 4743 κᾶτωται
507 4705 526 4718 θ
573 4686 715 4741 οὕτω
747 4688 855 4760 γάρ
883 4705 1045 4759 φησιν
1076 4692 1104 4743 6
1140 4689 1478 4755 Ἀπόστολος,
1510 4691 1592 4744 ὅτι
1620 4692 1751 4745 Λευῒ
1783 4693 1812 4746 6

218 4781 317 4844 τᾶς
348 4779 595 4841 δεκάτας
623 4778 915 4850 λαμδάνων
942 4779 1318 4843 δεδεκάτωται,
1350 4781 1444 4834 καὶ
1474 4781 1571 4853 τὴν
1595 4783 1812 4837 ἀπόδει-

220 4870 304 4937 ξιν
332 4873 456 4933 τοῖς
484 4869 798 4939 λεγομένοις
834 4870 1112 4940 ἐπήγαγεν
1146 4888 1158 4902 ·
1212 4872 1293 4925 ὅτι
1326 4873 1383 4925 ὲν
1424 4875 1490 4943 τῇ
1525 4872 1687 4942 ὀσφύϊ
1713 4872 1811 4927 τοῦ

226 4961 451 5034 πατρὸς
475 4960 646 5013 αὑτοῦ
672 4954 760 5031 ἦν,
784 4960 873 5012 ὅτε
901 4960 1150 5032 Ἀϐραὰμ
1181 4960 1256 5030 τῷ
1283 4962 1418 5033 ἱερεῖ
1438 4960 1531 5015 τοῦ
1561 4962 1811 5032 Ὑψίστου

224 5038 594 5122 συνήντησεν.
627 5049 689 5101 Ei.
721 5043 815 5101 οὖν
842 5048 1125 5120 ἄνθρωπος
1154 5048 1350 5121 τρόπον
1376 5050 1496 5104 τινὰ
1523 5049 1601 5104 ὣν
1625 5054 1814 5121 γεννᾶ-

220 5155 338 5205 ται,
377 5138 529 5191 κατά
560 5136 657 5207 τὴν
685 5137 1041 5210 ἁποστολικὴν
1077 5140 1402 5212 μαρτυρίαν,
1449 5141 1535 5195 διὰ
1567 5143 1658 5196 τοῦ
1701 5160 1816 5197 κοι-

221 5230 315 5283 νοῦ
344 5231 454 5301 τῆς
480 5227 672 5292 οὐσίας
698 5229 755 5281 ἐν
776 5226 855 5299 τῷ
880 5229 1228 5300 γεγεννηκότι
1249 5231 1409 5284 αὐτὸν
1439 5232 1814 5303 προῦφεστὼς,

223 5324 345 5389 πῶς
396 5323 500 5375 ἐπὶ
535 5321 635 5392 τῆς
662 5320 812 5384 θείας
843 5320 1054 5391 φύσεως
1097 5323 1197 5394 τὴν
1237 5323 1417 5395 φωνὴν
1463 5325 1665 5396 ταύτην
1700 5325 1819 5379 τολ-

228 5413 377 5481 μὼτι
408 5411 707 5483 προφέρειν
726 5451 741 5475 ,
775 5411 856 5463 ὅτι
874 5411 972 5465 οὐκ
1000 5411 1075 5465 ὢν
1102 5414 1366 5486 ἐγεννήθη
1398 5416 1427 5467 6
1459 5416 1518 5467 ὲν
1544 5415 1620 5487 τῷ
1644 5418 1817 5488 Ila-rp).

224 5501 325 5567 ὧν,
363 5501 555 5565 καθώς
583 5517 746 5571 φησιν
775 5502 805 5553 6
834 5501 1036 5579 ῐςύριος
1058 5521 1072 5537 ’
1118 5505 1257 5575 Ἐγὼ
1288 5507 1358 5559 ὲν
1384 5506 1463 5574 τῷ
1484 5510 1688 5576 Πατρὶ,
1719 5509 1817 5563 καί

222 5596 267 5649 ό
293 5593 506 5664 Πατὴρ
538 5594 608 5648 ἐν
630 5593 763 5663 ἐμοι
778 5608 798 5658 ;
832 5593 967 5647 Κατ’
999 5595 1166 5670 ἄλλην
1194 5597 1392 5674 δηλαδὴ
1420 5600 1511 5655 καὶ
1543 5600 1707 5673 ἄλλην
1735 5601 1818 5657 ἔν-

301 5769 349 5802 ³⁴
395 5771 600 5831 Cenes.
619 5787 728 5839 xlv.
753 5773 818 5829 18
850 5789 968 5848 sqq.

1914 4596 1969 4650 in
1997 4594 2083 4649 his
2107 4595 2389 4659 immoror,
2430 4608 2557 4647 cum
2596 4608 2776 4664 neque
2813 4593 2883 4648 de
2905 4594 3222 4669 hominibus
3264 4599 3488 4666 proprie

1914 4686 2189 4741 afﬁrmare
2221 4686 2399 4748 liceat,
2428 4700 2575 4749 eum,
2611 4686 2703 4755 qui
2730 4699 2835 4737 non
2864 4692 2969 4748 est,
2997 4694 3314 4755 generatum
3342 4691 3494 4745 esse?

1863 4789 1869 4793 '
1916 4774 2050 4829 Nam
2086 4773 2214 4830 Levi
2246 4775 2433 4830 multis
2461 4773 2911 4846 generationibus
2941 4785 3069 4832 ante
3097 4791 3252 4832 suam
3293 4793 3490 4832 secun-

1918 4866 2048 4921 dum
2081 4881 2303 4920 carnem
2332 4866 2677 4920 nativitatem.
2698 4879 2728 4917 a
2755 4864 3152 4922 Melchisedech
3183 4868 3488 4925 decitnatus

1916 4970 2000 5014 est
2028 4977 2041 5013 :
2077 4960 2150 5015 ita
2175 4960 2319 5014 enim
2345 4959 2421 5011 ait
2449 4957 2765 5027 Apostolus,
2791 4955 2917 5012 Levi
2947 4960 3040 5029 qui
3071 4959 3312 5015 decimas
3342 4961 3489 5016 acci—

1918 5052 2120 5121 piebat,
2177 5051 2505 5106 decimatum
2560 5064 2721 5104 esse:
2774 5055 2829 5103 et
2877 5049 3028 5103 addit
3086 5050 3483 5120 probationem,

1917 5143 2043 5211 quia
2076 5142 2131 5196 in
2162 5141 2363 5195 lumbis
2413 5140 2583 5210 patris
2616 5140 2700 5195 sui
2761 5146 2897 5197 erat,
2954 5140 3174 5210 quando
3211 5140 3487 5197 Abraham

1919 5234 2192 5292 sacerdoti
2218 5234 2486 5288 Altissimi
2521 5233 2764 5288 occurrit
2792 5232 2859 5285 ⁸⁸.
2900 5231 2956 5285 Si
2992 5232 3156 5301 igitur
3188 5232 3352 5289 homo
3381 5234 3484 5290 ali-

1918 5342 2030 5398 quo
2100 5324 2263 5380 modo
2310 5325 2583 5380 exsistens
2641 5330 2967 5395 generatur,
3012 5330 3151 5379 teste
3202 5324 3484 5394 Apostolo,

1922 5424 2191 5489 quatenus
2217 5430 2313 5484 per
2344 5414 2782 5469 communionem
2813 5411 3066 5467 essentire
3097 5411 3152 5466 in
3187 5426 3485 5485 generante

1923 5508 2287 5579 praeexsistit:
2349 5503 2625 5577 quomodo
2681 5502 2749 5559 de
2796 5502 2980 5559 divina
3028 5512 3223 5558 natura
3296 5522 3486 5566 vocem

1926 5600 2066 5658 hanc
2093 5600 2342 5658 emittere
2392 5597 2631 5667 audent,
2674 5611 2871 5670 nempe
2898 5610 3024 5656 eum
3075 5611 3185 5654 non
3212 5599 3487 5660 exsisten-
