4032 6208
637 349 740 405 447

1852 355 1908 411 S.
1949 357 2274 416 GllEGORll
2329 361 2614 420 NYSSENI

3761 382 3853 441 448

637 493 746 540 tem
777 486 1019 553 genitum
1055 499 1195 551 esse,
1232 501 1355 540 cum
1385 488 1440 541 in
1472 486 1633 542 Patre
1676 490 1767 554 sit,
1802 502 1963 560 prout
1993 493 2192 563 ipseme

2319 498 2486 546 νοιαν,
2515 484 2770 555 ἑκάτερος
2797 486 2856 538 ἐν
2883 485 2959 555 τῷ
2985 487 3153 558 ἑτέρῳ
3180 483 3318 542 εἰναι
3346 489 3650 559 λεγόμενος.
3687 493 3740 546 Ὀ
3769 496 3853 566 μὲν

635 573 756 626 ait:
787 571 896 641 Ego
923 575 978 627 in
1011 573 1198 640 Patre,
1227 586 1277 630 et
1318 577 1480 632 Pater
1511 580 1564 633 in
1619 597 1700 634 me
1735 591 1812 635 est
1840 583 1927 636 '7?
1955 585 2210 639 nimirum

637 663 938 716 secundum
999 666 1162 720 aliam
1208 676 1263 721 et
1296 668 1457 721 aliam
1511 670 1882 742 intelligentia:
1937 675 2214 730 notionem

635 754 776 808 alter
803 755 856 808 in
887 757 1065 810 altero
1095 772 1216 813 esse
1239 759 1462 814 dicitur.
1497 759 1669 818 Filius
1703 764 1921 832 quidem
1956 765 2009 819 in
2031 765 2212 830 Patre,

636 846 1097 914 quemadmodum
1133 848 1392 918 imaginis
1421 852 1774 920 pulchritudo
1801 863 1885 909 est
1911 856 1964 908 in
1997 856 2214 926 elegan-

635 935 707 989 tia
736 937 1006 1007 prototypi
1041 956 1053 992 :
1092 945 1146 991 at
1179 937 1340 994 Pater
1371 943 1424 995 in
1473 941 1612 997 Filio
1645 954 1731 998 est
1778 945 1922 1000 sicut
1978 948 2032 1000 in
2085 949 2214 1002 ima-

634 1025 758 1092 gine
794 1025 961 1079 decor
1017 1035 1071 1080 et
1109 1036 1372 1084 venustas
1439 1032 1614 1100 ipsius
1673 1033 1983 1103 primigenii
2033 1050 2214 1090 exem-

634 1115 820 1184 plaris.
851 1116 907 1169 ln
950 1118 1284 1187 imaginibus
1324 1121 1655 1177 manufactis
1697 1131 1912 1193 tempus
1966 1125 2210 1194 interpo-

633 1209 797 1260 situm
827 1210 1068 1278 speciem
1109 1223 1387 1280 acceptam
1423 1227 1453 1265 a
1485 1223 1774 1284 prototypo
1839 1215 2060 1284 penitus
2118 1231 2210 1271 se-

627 1296 832 1367 jungit.
874 1297 977 1354 Hic
1005 1314 1136 1354 vero
1164 1302 1394 1356 alterum
1420 1303 1691 1358 ab'altero
1721 1307 1963 1374 separari
1997 1308 2207 1376 nequit,

633 1399 693 1441 ut
716 1391 791 1442 ait
819 1390 1147 1459 Apostolus,
1189 1409 1369 1462 neque
1405 1394 1716 1466 hypostasis
1773 1411 1867 1451 seu
1903 1397 2208 1452 substantia

630 1495 662 1531 a
692 1481 1052 1536 charactere:
1095 1498 1274 1554 neque
1315 1499 1343 1536 a
1379 1483 1562 1539 divina
1589 1487 1760 1553 gloria
1790 1488 2071 1558 splendor,
2108 1503 2206 1543 ue-

629 1585 736 1638 que
764 1586 791 1622 a
825 1571 1070 1627 bonitate
1119 1573 1301 1650 imago
1360 1576 1518 1631 avelli
1548 1585 1745 1646 potest,
1788 1579 1881 1634 sed
1940 1578 2207 1649 quidquid

630 1661 824 1716 horum
857 1663 1044 1719 animo
1074 1666 1418 1735 conceperis,
1471 1668 1834 1737 conjunctim,
1884 1669 2030 1740 quod
2080 1685 2203 1724 cum

630 1755 724 1807 illo
756 1755 1098 1825 intelligitur,
1154 1766 1390 1812 mentem
1427 1774 1490 1814 ae
1538 1761 1924 1830 cogitationem
1973 1762 2199 1816 subibit.

2316 574 2444 638 Υἰὸς
2472 578 2530 630 ὲν
2569 576 2649 645 τῷ
2677 578 2868 649 Πατρί,
2899 578 2972 642 ὡς
2994 579 3054 632 τὺ
3094 580 3184 632 ἐπὶ
3209 580 3308 650 τῆς
3335 581 3540 646 εἰκόνος
3581 582 3760 649 κάλλος
3804 589 3853 642 ἐν

2313 669 2377 738 τῇ
2413 667 2704 738 ἀρχετύπῳ
2736 671 2952 739 μορφῇ·
2993 671 3021 722 6
3054 669 3110 722 δὲ
3145 669 3332 741 Πατὴρ
3366 671 3422 722 ἐν
3455 671 3533 741 τῷ
3564 671 3693 742 Υἰῷ,
3719 675 3785 738 ὡς
3806 679 3854 730 ὲν

2313 759 2378 827 τῇ
2405 758 2572 810 εἰκόνι
2597 758 2789 812 ἑαυτοῦ
2818 758 2879 812 τὸ
2905 760 3254 831 πρωτότυπον
3278 761 3472 826 κάλλος
3492 780 3503 793 ο
3531 763 3643 816 ἀλλ’
3667 766 3750 817 ἐπὶ
3770 768 3853 836 μὲν

2313 848 2422 901 τῶν
2448 850 2821 920 χειροκμήτων
2879 850 3099 904 εἰκόνων
3138 853 3166 904 6
3215 850 3303 904 διὰ
3351 853 3516 922 μέσου
3558 853 3739 924 χρόνος
3773 857 3856 928 τὴν

2317 938 2748 1007 μεταληφθεῖσαν
2787 940 2998 1011 μορφὴν
3025 941 3134 994 ἀπὸ
3165 941 3258 994 τοῦ
3285 942 3637 1012 πρωτοτύπου
3669 945 3854 1010 πάντως

2312 1029 2595 1100 διίστησιν.
2647 1033 2794 1085 Ἐκεῖ
2828 1032 2884 1084 δὲ
2913 1034 3013 1085 οὐκ
3046 1033 3159 1085 ἐστι
3205 1033 3435 1104 χωρίσαι
3481 1033 3574 1086 τοῦ
3605 1035 3780 1106 ἑτέρου
3805 1038 3854 1089 τὸ

2312 1121 2513 1194 ἕτερον,
2547 1121 2728 1188 καθώς
2768 1141 2932 1194 φησιν
2975 1126 3003 1177 6
3043 1124 3364 1188 ’Λπόστολος
3398 1141 3411 1154 ·
3465 1123 3589 1178 οὐτε
3621 1126 3718 1196 τῆς
3743 1127 3852 1180 ὑπο-

2312 1213 2554 1275 στάσεως
2590 1213 2681 1266 τὸν
2725 1214 3078 1285 χαρακτῆρα,
3123 1213 3247 1267 οὐτε
3291 1215 3389 1286 τῆς
3433 1214 3582 1278 Θείας
3621 1214 3771 1287 δόξης
3808 1220 3856 1270 τί)

2311 1304 2670 1376 ἀπαύγασμα,
2715 1305 2837 1358 οὐτε
2877 1310 2976 1376 τῆς
3019 1307 3351 1376 ἀγαθότητος
3377 1308 3473 1378 τὴν
3503 1309 3686 1361 εἰκόνα
3714 1326 3726 1339 ο
3762 1311 3854 1363 ἀλλ’

2309 1397 2337 1449 6
2364 1397 2567 1450 τούτων
2600 1414 2653 1449 τι
2676 1397 2998 1468 διανοηθεὶς,
3031 1397 3394 1468 συνημμένως
3417 1399 3510 1452 καὶ
3541 1399 3602 1453 τὸ
3634 1401 3749 1470 μετ’
3777 1403 3860 1456 αὐο

2306 1487 2400 1542 τοῦ
2431 1487 2716 1558 νοούμενον
2753 1493 2816 1560 τῇ
2849 1489 3054 1561 διανοίᾳ
3099 1489 3556 1560 συμπαρεδέξατο.
3603 1494 3712 1546 Ὧν
3747 1493 3858 1563 γὰρ,

2307 1579 2491 1649 φησὶν,
2513 1580 2875 1648 ἀπαύγασμα
2897 1579 3008 1648 τῆς
3044 1579 3229 1646 δόξης
3251 1597 3264 1611 ο
3291 1578 3395 1648 ὢν,
3419 1581 3541 1652 οὐχὶ
3570 1583 3856 1652 γενόμενος,

2303 1668 2380 1732 ὡς
2410 1668 2595 1738 σαφῶς
2614 1669 2701 1722 διὰ
2731 1670 2921 1722 τούτου
2948 1670 3010 1723 τὸ
3035 1671 3121 1741 ἐφ’
3156 1672 3390 1744 ἑκατέρᾳ
3415 1673 3521 1728 τῶν
3555 1674 3860 1744 ὑπολήψεων

2305 1758 2496 1821 ἀσεϐὲς
2528 1759 2977 1829 ἀποπέμπεσθαι·
3025 1762 3118 1813 καὶ
3153 1763 3286 1832 μήτε
3313 1763 3605 1833 ἀγέννητον
3627 1764 3859 1834 οἰηθῆναι

630 1843 733 1908 Qui
768 1860 885 1895 cum
914 1845 1007 1908 sit,
1039 1845 1241 1914 inquit,
1270 1845 1512 1916 splendor
1533 1848 1712 1917 gloria:
1728 1848 1774 1880 ⁸⁸
1792 1865 1812 1902 :
1837 1867 1950 1903 cum
1973 1852 2060 1915 sit,
2089 1866 2192 1904 non

2301 1842 2391 1895 τὸν
2434 1846 2709 1915 Μονογενῆ
2736 1887 2750 1912 ,
2803 1846 2890 1901 διὰ
2934 1847 3027 1900 τού
3075 1851 3284 1914 εἰπεῖν,
3351 1850 3723 1922 ἀπαύγασμα
3765 1855 3859 1921 τῆς

632 1929 722 2000 qui
763 1931 933 1984 tactus
970 1937 1068 1983 est.
1141 1932 1316 1998 Quam
1345 1936 1632 2003 perspicue
1653 1936 1774 1991 istis
1819 1936 2052 1992 duarum
2079 1939 2198 2008 Opi-

628 2021 916 2075 nationum
953 2023 1288 2090 impietatem
1321 2023 1544 2089 refellit,
1595 2035 1654 2080 ιιι
1685 2043 1862 2096 neque
1896 2028 2201 2099 ingenitum

627 2110 1005 2166 existimemus
1039 2110 1414 2183 Uuigenituut,
1459 2117 1588 2183 quia
1621 2125 1784 2170 vocat
1819 2116 1968 2171 illtun
2031 2118 2202 2184 splen-

625 2202 805 2255 dorem
842 2205 1030 2272 gloriw
1071 2220 1245 2258 :nam
1285 2221 1350 2260 ex
1403 2207 1575 2275 gloria
1610 2207 1869 2276 splendor
1921 2215 2042 2273 est,
2094 2224 2203 2262 non

629 2294 748 2347 vice
780 2309 958 2358 versa,
984 2309 1012 2346 a
1042 2295 1334 2364 splendore
1364 2298 1564 2366 gloria:
1597 2296 1934 2367 nequequod
1953 2300 2206 2369 aliquau-

2304 1935 2486 2000 δόξης
2517 1936 2602 2008 (ὲκ
2634 1938 2741 2010 γὰρ
2780 1939 2877 2008 τῆς
2914 1939 3069 2010 δόξης
3103 1941 3218 1994 ἐστί
3261 1942 3322 1994 τὸ
3354 1943 3698 2015 ἀπαύγασμα
3725 1961 3736 1974 ·
3781 1948 3859 1998 καὶ

2305 2028 2366 2080 οὐ
2395 2027 2457 2081 τὸ
2482 2028 2714 2098 ἔμπαλιν
2736 2030 2842 2084 ἀπὸ
2864 2031 3052 2084 τούτου
3084 2035 3116 2103 ἡ
3143 2033 3312 2106 δόξα),
3347 2037 3481 2105 μήτε
3511 2038 3591 2089 ὅτι
3626 2038 3758 2091 ποτὲ
3781 2039 3859 2092 τοῦ

2306 2116 2444 2172 εἰναι
2492 2119 2711 2190 ἤρξατο.
2752 2121 2816 2173 Ἡ
2850 2121 2958 2192 γὰρ
2991 2122 3083 2176 τοῦ
3117 2123 3201 2176 ὢν
3247 2127 3516 2196 μαρτυρία
3544 2127 3605 2179 τὸ
3634 2128 3858 2197 διηνεκὲς

2308 2209 2400 2262 τοῦ
2431 2209 2583 2274 Υἰοῦ,
2616 2211 2709 2262 καὶ
2741 2211 2930 2273 ἀΐδιον,
2965 2213 3059 2266 καὶ
3098 2212 3159 2265 τὸ
3193 2214 3372 2286 πάσης
3412 2218 3675 2288 χρονικῆς
3704 2237 3858 2289 σημα-

2311 2301 2428 2364 σίας
2459 2301 2847 2372 ὑπερκείμενον
2871 2303 3182 2374 ὲρμηνεύει.

623 2385 694 2436 (ιο
733 2386 1066 2440 exsistentize
1115 2386 1330 2440 initium
1363 2389 1660 2458 acceperit.
1696 2388 1832 2444 Nam
1863 2391 2018 2457 illud,
2049 2409 2166 2446 cum
2205 2395 2296 2460 sit,
2327 2396 2744 2466 perpetuitatem
2777 2403 2831 2450 et
2865 2397 3229 2452 teternitatem
3277 2395 3403 2452 Filii
3433 2399 3580 2454 omni
3626 2409 3859 2468 tempore

625 2480 963 2548 superiorem
989 2481 1230 2535 denotat.

701 2575 886 2644 Itaque
920 2576 1233 2646 importuna
1259 2593 1485 2646 prorsus
1511 2587 1596 2634 est
1619 2588 1672 2634 ct
1703 2579 1878 2637 futilis
1922 2582 2010 2637 illa
2053 2593 2198 2651 qua:-

621 2665 726 2719 stio
761 2666 830 2720 ab
853 2666 1185 2723 adversariis
1218 2669 1284 2722 ad
1322 2669 1445 2724 lidei
1501 2672 1844 2726 eversionem
1900 2682 1956 2727 et
1992 2672 2197 2742 proprii

619 2756 826 2810 erroris
881 2759 1338 2827 stabilimentum,
1374 2769 1634 2830 tanquam
1689 2763 1955 2817 invictum
1999 2765 2192 2826 telum,

620 2843 789 2912 objici
825 2846 989 2900 solita
1038 2863 1052 2899 :
1093 2846 1239 2900 Nunt
1273 2851 1362 2917 qui
1393 2857 1823 2921 est,gencratur?
1853 2855 2064 2918 Quibus
2120 2856 2198 2908 in-

621 2933 830 3002 trepide
861 2935 1303 3004 respondendum
1357 2945 1472 3000 est,
1515 2955 1638 2992 eum
1693 2941 1785 3010 qui
1836 2941 1890 2993 in
1944 2941 2188 3009 ingenito

619 3033 759 3090 erat,
789 3040 856 3078 ex
887 3026 1008 3095 ipso
1034 3028 1276 3096 genitum
1303 3043 1446 3093 esse,
1468 3040 1520 3084 et
1543 3031 1868 3102 principium
1889 3035 2189 3090 exsistendi

2370 2579 2532 2632 Ὥστε
2580 2579 2702 2633 τίνα
2749 2580 2940 2651 καιρὸν
2973 2580 3084 2651 εχει
3131 2583 3230 2653 τὴν
3279 2587 3624 2656 μικροπρεπῆ
3677 2588 3861 2658 ταύτην

2299 2670 2564 2741 ἐρώτησιν
2609 2672 2699 2725 ἐπὶ
2730 2672 2872 2744 λύμῃ
2930 2674 3030 2742 τῆς
3059 2674 3337 2739 εὐσεϐείας
3382 2677 3530 2747 παρὰ
3572 2679 3686 2731 τῶν
3721 2682 3860 2732 ἐναν-

2297 2761 2426 2816 τίων
2461 2764 2864 2834 προφέρεσθαι,
2903 2764 2970 2834 ἥν
3008 2765 3084 2827 ὡς
3136 2766 3346 2836 ἄμαχον
3390 2769 3520 2838 ἡμῖν
3572 2772 3654 2834 εἰς
3709 2790 3861 2825 κατα-

2301 2853 2498 2924 σκευὴν
2527 2853 2620 2907 τοῦ
2664 2856 2864 2909 οἰκείου
2910 2857 3301 2926 προϐάλλονται
3333 2858 3632 2930 δόγματος,
3687 2863 3862 2934 διερω-

2297 2944 2519 3008 τῶντες,
2555 2948 2623 2999 El
2661 2950 2693 3001 ό
2729 2946 2814 3000 ὠν
2841 2948 3152 3018 raw-(irai;
3201 2950 3341 3021 Πρὸς
3373 2951 3466 3016 οὓς
3498 2953 3645 3005 ἐστιν
3680 2956 3861 3026 εὐθαρ-

2301 3035 2407 3099 σῶς
2453 3038 2889 3107 ἀποκρίνασθαι,
2939 3041 3021 3093 ὃτι
3067 3041 3096 3093 6
3140 3044 3199 3094 ὲν
3243 3041 3320 3113 τῷ
3349 3044 3626 3116 ἀγεννήτῳ
3677 3046 3770 3111 ὢν,
3811 3047 3864 3111 ἐξ

619 3113 745 3166 inde
779 3113 1020 3180 ducere;
1053 3117 1229 3186 inquit
1263 3118 1508 3174 enim":
1548 3120 1654 3191 Ego
1691 3123 1801 3176 vivo
1829 3134 2042 3192 propter
2075 3124 2188 3178 Pa-

2297 3127 2462 3181 αὐτοῦ
2507 3130 2769 3202 ἐγεννήθη
2796 3177 2812 3204 ,
2875 3133 2973 3204 τὴν
3005 3133 3104 3204 μὲν
3133 3135 3307 3189 αἰτίαν
3336 3135 3431 3188 τοῦ
3487 3135 3624 3191 εἶναι
3663 3141 3863 3193 ἐκεῖθεν

619 3214 794 3257 trem:
822 3215 878 3258 at
931 3207 1170 3273 initium,
1207 3212 1426 3279 quando
1462 3212 1590 3268 inde
1648 3217 2002 3283 processerit,
2044 3217 2188 3272 haud

615 3302 700 3348 est
726 3294 932 3359 dicere,
967 3312 1090 3351 cum
1115 3314 1223 3353 non
1263 3301 1635 3371 interjiciatur
1665 3315 1758 3359 aut
1788 3321 1897 3372 res,
1923 3314 2016 3360 aut
2042 3308 2185 3378 cogi-

615 3385 774 3449 tatio,
809 3394 900 3439 aut
935 3391 1196 3456 temporis
1231 3391 1599 3458 intervallum,
1630 3410 1738 3464 quo
1769 3411 1894 3453 esse
1942 3397 2066 3452 Filii
2115 3399 2186 3454 ab

614 3490 740 3528 esse
781 3475 960 3532 Patris
995 3491 1315 3536 secernatur
1335 3493 1390 3538 et
1413 3485 1723 3552 divellatur,
1757 3504 1932 3558 neque
1959 3491 2188 3546 exsistat

613 3564 827 3634 signum
863 3582 956 3622 seu
999 3570 1260 3626 iudicium
1290 3575 1532 3645 aliquod,
1563 3593 1630 3632 cx
1660 3593 1769 3647 quo
1799 3579 2120 3650 Unigeuitus
2157 3597 2188 3636 a

613 3656 723 3707 vita
755 3656 931 3713 Patris
954 3673 1242 3729 separatus
1277 3667 1555 3736 proprium
1579 3669 1920 3724 subsistendi
1970 3671 2186 3726 initium

610 3747 839 3816 ceperit.
873 3747 927 3803 Si
958 3750 1124 3821 igitur
1152 3756 1361 3811 nttllum
1391 3758 1538 3812 aliud
1561 3768 1644 3814 est
1669 3760 2015 3831 principium,
2041 3764 2187 3832 quod

613 3834 736 3890 Filii
796 3839 962 3894 vitam
1021 3845 1450 3914 antegrediatur,
1487 3865 1724 3918 cumque
1761 3851 1983 3919 pietatis
2043 3857 2186 3908 ratio

610 3939 664 3982 ct
693 3930 914 3984 traditio
958 3935 1139 3988 solum
1191 3934 1407 3993 Patrem
1461 3940 1841 3998 indubitanter
1888 3953 2015 3998 ante
2066 3944 2186 3999 Filii

613 4018 936 4090 hypostasin
972 4029 1383 4098 prteconcipiat,
1424 4029 1587 4086 Pater
1637 4048 1766 4088 vero
1807 4036 2058 4106 principii
2089 4053 2186 4091 ex-

609 4126 736 4179 pcrs
767 4113 840 4171 sit
866 4121 920 4168 et
965 4116 1259 4186 ingenitus,
1299 4121 1434 4191 ipsis
1481 4123 1811 4180 adversariis
1846 4127 1898 4180 id
1929 4127 2188 4183 conﬁten-

609 4201 792 4256 tibus:
831 4207 1110 4272 quomodo
1168 4209 1387 4265 initium
1439 4216 1658 4270 esscndi
1714 4217 1894 4282 habet,
1931 4235 2092 4290 quem
2129 4221 2183 4275 in

611 4293 860 4362 principii
897 4308 1119 4364 experte
1141 4301 1408 4358 exsistere
1444 4303 1847 4377 intelligimus?

680 4383 820 4447 Quid
857 4402 982 4441 vero
1019 4388 1331 4444 detrimenti
1368 4409 1494 4449 vera
1519 4406 1574 4451 et
1608 4413 1742 4453 sana
1772 4401 2019 4456 doctrina
2058 4418 2182 4459 sus-

2292 3218 2428 3289 ἑχων
2449 3238 2463 3251 ο
2512 3222 2657 3292 Ἐγὼ
2681 3221 2809 3294 γὰρ,
2840 3225 2995 3295 φησὶ,
3031 3224 3102 3286 ζῶ
3129 3226 3226 3280 διὰ
3255 3227 3360 3281 τὸν
3398 3229 3627 3299 Πατέρα
3649 3250 3664 3263 ·
3697 3234 3793 3300 τὴν
3821 3233 3862 3284 δ’

2289 3306 2462 3377 ἀρχὴν
2486 3309 2588 3362 οὐκ
2610 3309 2758 3364 ἔστιν
2788 3313 2961 3366 εἰπεῖν
2982 3328 2996 3342 ⁶
3039 3315 3126 3367 ὅτε
3161 3316 3235 3386 μὴ
3262 3315 3369 3388 γὰρ
3401 3317 3552 3382 ὑντος
3581 3320 3682 3373 τοῦ
3720 3338 3861 3392 μεσι-

2287 3395 2535 3460 τεύοντος
2595 3399 2916 3471 πράγματος
2941 3441 2956 3467 ,
3013 3403 3045 3474 ἢ
3087 3402 3480 3476 διανοήματος,
3533 3407 3566 3477 ἦ
3613 3408 3868 3480 χρονικοῦ

2288 3486 2684 3558 διαστήματος,
2731 3485 2776 3559 ᾧ
2820 3493 3188 3565 διακρίνεται,
3238 3497 3333 3550 καὶ
3375 3499 3760 3571 διαχωρίζεται
3809 3503 3867 3555 τὸ

2288 3573 2428 3632 εἶναι
2470 3581 2565 3634 τοῦ
2615 3581 2746 3635 Υίοῦ
2799 3585 2906 3637 ἀπὸ
2950 3585 3042 3639 τοῦ
3092 3587 3306 3659 Πατρός
3340 3605 3354 3620 ·
3407 3591 3527 3644 οὐδὲ
3571 3593 3863 3647 ἐπινοεῖται

2291 3675 2535 3743 σημεῖον,
2587 3675 2679 3744 ἀφ’
2716 3669 2776 3730 οὐ
2822 3679 2852 3730 6
2893 3679 3203 3750 Μονογενὴς
3230 3680 3328 3751 τῆς
3357 3680 3450 3734 τοῦ
3483 3684 3702 3755 Πατρὸς
3727 3686 3863 3756 ζωῆς

2287 3764 2624 3836 διαζευχθείς
2661 3767 2724 3820 ἔκ
2751 3785 2895 3832 τινος
2925 3769 3234 3843 ἰδιαζούσης
3267 3772 3445 3844 ἀρχῆς
3484 3775 3860 3844 ἀναφαίνεται.

2288 3856 2350 3908 Εἰ
2376 3855 2470 3912 οὐν
2501 3858 2723 3928 οὐδεμία
2747 3860 2894 3914 ἐστὶν
2921 3861 3053 3933 ἄλλη
3087 3863 3249 3934 ἀρχὴ,
3278 3865 3399 3936 ἥτις
3437 3866 3530 3920 τοῦ
3595 3869 3733 3923 Υίοῦ
3770 3872 3861 3940 τῆς

2287 3947 2431 4020 ζωῆς
2462 3950 2815 4020 ἡγεμονεύει,
2865 3951 3002 4006 ἀλλὰ
3031 3954 3188 4022 μόνον
3217 3955 3307 4008 τὸν
3335 3958 3552 4028 Πατέρα
3582 3963 3608 4013 6
3641 3962 3864 4033 εὐσεϐὴς

2263 4037 2442 4106 λόγος
2467 4041 2566 4110 τῆς
2592 4041 2939 4108 ὑποστάσεως
2970 4044 3063 4096 τοῦ
3106 4044 3237 4098 Υίοῦ
3269 4049 3573 4120 προθεωρεῖ
3601 4053 3861 4106 ἀδιαστά-

2285 4145 2412 4193 τως,
2446 4131 2474 4182 6
2505 4132 2694 4204 Πατὴρ
2717 4133 2773 4186 δὲ
2809 4135 3044 4205 ἄναρχος
3075 4138 3169 4189 καὶ
3205 4138 3518 4211 ἀγέννητος,
3553 4145 3743 4210 καθὼς
3775 4148 3864 4200 καὶ

2286 4221 2319 4290 ἡ
2345 4219 2452 4273 τῶν
2485 4223 2817 4277 ὑπεναντίων
2847 4229 3196 4298 συνομολογεῖ
3225 4233 3516 4305 μαρτυρία,
3543 4237 3664 4300 πῶς
3689 4239 3860 4309 ἀρχὴν

2284 4307 2374 4360 τοῦ
2407 4305 2544 4364 εῖναι
2573 4311 2835 4382 λαμϐάνει
2867 4317 2895 4368 6
2923 4318 3001 4388 τῷ
3039 4320 3255 4392 ἀνάρχῳ
3283 4305 3757 4397 ὲνθεωρούμενοςς

2355 4400 2420 4453 Τί
2445 4401 2500 4454 δὲ
2524 4401 2818 4472 βλάπτεται
2847 4408 2947 4478 τῆς
2972 4411 3250 4476 εὐσεϐείας
3275 4416 3304 4467 ό
3327 4414 3482 4484 λόγος
3511 4416 3575 4468 ὲκ
3601 4417 3701 4470 τοῦ
3738 4436 3860 4470 συν-

608 4475 822 4542 tinebit,
875 4478 921 4532 si
976 4481 1104 4548 quis
1167 4483 1424 4538 admittat
1501 4503 1665 4543 voces
1715 4491 2175 4559 adversariorum,

2294 4489 2521 4547 τίθεσθαι
2561 4499 2682 4560 ταῖς
2709 4497 2815 4551 τῶν
2850 4501 3108 4556 ἐναντίων
3137 4508 3359 4572 φωναῖς,
3391 4505 3460 4569 ἃς
3504 4508 3580 4572 ὡς
3621 4509 3862 4571 ἀτόπους

608 4584 746 4635 quas
778 4580 834 4623 ut
871 4573 1140 4628 absurdas
1194 4575 1500 4644 proferunt,
1555 4582 1975 4650 sciscitantium,
2032 4587 2176 4641 Num

604 4659 694 4726 qui
723 4670 1124 4731 est,generatus
1156 4659 1224 4717 sit
1248 4669 1271 4720 ξ)
1319 4682 1493 4736 neque
1523 4670 1669 4723 enim
1721 4673 1994 4736 volumus.
2028 4690 2175 4740 eum,

604 4750 698 4817 qui
731 4754 1001 4807 exsistens
1041 4756 1256 4822 genitus
1288 4765 1394 4821 est,
1437 4761 1677 4829 genitum
1724 4777 1846 4818 esse
1875 4778 1940 4818 eo
1990 4768 2175 4832 modo,
2226 4769 2232 4775 ’

604 4855 764 4908 quem
793 4842 897 4895 sibi
944 4860 1130 4900 crassa
1189 4849 1424 4916 quadam
1473 4852 1801 4918 cogitatione
1847 4853 2177 4912 Nicodemus

605 4930 836 4986 Domino
867 4935 1186 5004 colloquens
1218 4939 1644 5010 imaginabatur,
1690 4954 1845 5000 ratus
1901 4963 2047 5013 eum,
2081 4950 2170 5018 qui

599 5022 708 5091 jam
741 5031 902 5080 natus
932 5035 1096 5090 esset,
1131 5045 1237 5084 non
1262 5046 1424 5100 posse
1449 5033 1629 5089 denuo
1653 5037 1805 5090 nasci
1824 5037 1891 5105 ⁶⁰;
1921 5038 2017 5094 sed
2048 5041 2174 5109 quia

603 5128 822 5184 semper
853 5115 921 5169 ab
944 5131 1031 5180 eo,
1063 5121 1156 5189 qui
1189 5123 1459 5192 principio
1495 5135 1667 5189 caret,
1695 5144 1856 5182 suum
1888 5146 2012 5186 esse
2048 5133 2171 5186 uni-

601 5215 683 5258 ter
726 5214 912 5276 aptum
946 5219 1000 5262 et
1029 5225 1334 5267 connexum
1374 5215 1556 5281 habet,
1595 5221 1800 5288 quique
1823 5221 1976 5289 prius
2011 5223 2193 5292 quid-.

600 5296 725 5350 dam
763 5315 858 5354 seu
891 5303 1171 5372 antiquius
1215 5305 1561 5376 indagantem
1607 5327 1820 5382 semper
1851 5316 2167 5382 comitatur,

598 5395 653 5440 et
685 5391 1060 5448 curiositatem
1101 5398 1298 5452 tuentis
1347 5401 1732 5458 ascendentem
1786 5405 1839 5458 in
1883 5409 2167 5476 superiora

599 5484 910 5546 antevertit,
948 5488 1204 5544 erunibus
1234 5489 1410 5545 Patris
1433 5492 1750 5550 notionibus
1784 5499 1941 5564 quasi
1983 5498 2159 5553 admi-

599 5575 742 5632 stus,
770 5587 946 5642 neque
964 5592 1088 5632 esse
1118 5579 1330 5650 incipit,
1365 5597 1542 5652 neque
1589 5584 1867 5655 ingenitus
1915 5598 2018 5654 est,
2069 5591 2162 5646 sed

2281 4585 2650 4654 προτείνονται
2673 4587 2941 4656 λέγοντες,
2983 4595 3050 4646 El
3070 4597 3102 4648 ὀ
3124 4595 3204 4647 ὢν
3225 4596 3514 4665 ἐγεννήθη
3539 4615 3560 4662 ;
3587 4600 3712 4653 οὐδὲ
3754 4600 3862 4670 γὰρ

2279 4675 2434 4728 τοῦτό
2469 4695 2667 4747 φαμεν,
2698 4681 2779 4735 ὅτι
2811 4684 2951 4737 κατὰ
2995 4685 3092 4756 τὴν
3123 4686 3372 4758 ῥυπαρὰν
3413 4689 3504 4743 τοῦ
3543 4691 3860 4762 Νικοδήμου

2281 4767 2417 4836 πρὸς
2441 4768 2534 4822 τὸν
2564 4770 2765 4841 Κύριον
2800 4775 3160 4847 ἐπαπόρησιν,
3193 4778 3315 4832 καθ’
3343 4779 3408 4850 ἢν
3437 4779 3573 4851 ῷετο
3607 4783 3684 4853 μὴ
3721 4779 3863 4836 εἶναι

2278 4857 2503 4914 δυνατὸν
2533 4863 2738 4927 ἐκεῖνος
2782 4868 2862 4928 εἰς
2905 4867 3165 4939 δευτέραν
3194 4869 3446 4941 γέννησιν
3481 4873 3570 4925 τὸν
3604 4875 3735 4927 ὄντα
3769 4877 3861 4927 ἐλ-

2279 4951 2410 5016 θεῖν,
2445 4953 2617 5018 οὐτως
2655 4958 2684 5009 6
2722 4957 2796 5010 ὢν
2828 4960 2924 5030 τὴν
2965 4962 3213 5034 γέννησιν
3238 4965 3483 5036 δέχεται·
3516 4968 3627 5021 ἀλλ’
3654 4969 3738 5022 ὅτι
3766 4967 3862 5022 τοῦ

2277 5042 2383 5109 ἀεὶ,
2425 5046 2519 5098 καὶ
2557 5047 2805 5119 ἀνάρχως
2848 5052 2998 5115 ὄντος
3032 5055 3336 5127 ἐξημμένον
3376 5059 3569 5112 ἑαυτοῦ
3606 5059 3664 5111 τὸ
3713 5056 3862 5113 εἶναι

2277 5130 2415 5202 ἔχων
2440 5175 2455 5200 ,
2510 5135 2604 5190 καί
2653 5138 2728 5208 τῷ
2778 5138 2845 5192 τὰ
2905 5143 3248 5216 πρεσϐύτερα
3314 5147 3863 5220 πολυπραγμονοῦντι

2278 5225 2570 5293 συνανιὼν,
2624 5230 2717 5282 καὶ
2765 5232 2844 5296 εἰς
2891 5233 2950 5286 τὺ
2993 5235 3384 5308 ὑπερκείμενον
3431 5240 3528 5310 τῆς
3569 5243 3861 5314 ’πολυπρα-⁵

2276 5317 2553 5389 γμοσύνης
2603 5321 2694 5374 τοῦ
2739 5323 2830 5377 νοῦ
2878 5327 3301 5399 προλαμϐάνων,
3355 5333 3450 5386 καὶ
3498 5335 3696 5396 πάσαις
3731 5339 3860 5398 ταῖς

2279 5409 2405 5480 περί
2444 5412 2538 5463 τοῦ
2576 5413 2787 5484 Πατρός
2826 5417 3054 5484 ἐννοίαις
3089 5426 3549 5497 συγκεκραμένος.
3588 5427 3712 5480 οὐτε
3758 5427 3863 5482 τοῦ

2275 5499 2410 5554 εἶναι
2449 5503 2695 5573 ἄρχεται,
2726 5506 2848 5562 οὐτε
2873 5511 3163 5583 ἀγέννητός
3201 5516 3368 5581 ἐστιν,
3405 5518 3538 5571 ἀλλὰ
3576 5519 3662 5573 καὶ
3687 5520 3858 5586 sm-

2273 5592 2436 5664 νήθη,
2484 5597 2574 5649 καὶ
2604 5592 2671 5667 ἦν
2705 5615 2721 5631 ⁸
2771 5600 2849 5672 τῷ
2881 5604 2978 5673 μὲν
3005 5606 3103 5676 τῆς
3143 5608 3319 5673 αἰτίας
3345 5610 3486 5681 λόγῳ
3517 5604 3613 5681 τὴν
3641 5610 3705 5662 ἐκ
3755 5607 3861 5663 τοῦ

673 5747 715 5778 ⁸⁷
741 5746 896 5804 Joan.
937 5767 989 5819 ι,
1020 5752 1101 5807 Η.
1183 5757 1225 5788 ⁸⁸
1267 5756 1431 5813 llcbr.
1460 5775 1498 5825 ι,
1528 5760 1579 5816 3.
1659 5763 1702 5794 ‘9
1727 5762 1884 5820 Joan.
1922 5784 1992 5832 γι,
2026 5769 2110 5823 58.

2294 5769 2430 5828 loan.
2461 5787 2542 5842 ut,
2576 5773 2610 5827 2
2639 5790 2756 5846 sqq.
