4032 6208
175 322 264 379 “9

1317 304 1591 365 CONTRA
1618 297 2008 366 EUNOMIUM,
2046 297 2175 354 LiB.
2216 297 2257 353 1.

3320 287 3427 347 ιδο

177 439 370 513 "mea;
393 438 642 509 γέννησιν
665 431 944 507 ὁμολογῶν
959 447 974 464 ·
1005 430 1084 503 τῷ
1103 430 1159 486 δὲ
1190 428 1344 501 άῖδίῳ
1365 429 1466 500 τῆς
1492 425 1658 498 ζωῆς,
1677 423 1740 476 τὸ
1770 468 1774 481 ι

1875 426 1895 474 ι
1925 422 2144 493 genitus
2172 428 2281 482 est,
2314 426 2370 475 et
2401 424 2542 483 erat,
2568 413 2826 489 principii
2879 413 3095 469 ratione
3116 412 3428 484 generatio-

177 532 297 588 ποτὲ
322 532 400 603 μὴ
433 528 568 585 sive:
593 528 657 582 οὑ
693 526 1074 598 προσιέμενος.

246 702 378 756 Ἀλλ’
401 699 706 755 ἀντιϐαίνει
732 701 848 761 τοῖς
880 695 1213 771 εἰρημένοις,
1244 695 1272 749 ὁ
1297 693 1368 748 τά
1397 693 1631 766 περισσὰ
1660 707 1749 745 σο-

179 794 469 864 φιςόμενος.
511 792 607 844 καὶ
632 789 899 859 διασχίζει
922 788 1022 858 τῆς
1050 786 1142 840 τοῦ
1174 787 1384 857 [ἰατρὸς
1412 783 1624 853 φύσεως
1653 782 1747 836 τοῦ

191 882 515 953 Μονογενοῦς
544 880 646 952 τὴν
668 881 856 934 οὑσίαν
876 897 890 911 ’
923 879 1054 931 διότι
1091 879 1120 932 ό
1149 878 1247 949 μὲν
1271 876 1614 946 γεγέννηται,
1644 874 1673 925 ὁ
1694 874 1751 927 δὲ

180 974 464 1046 ἀγέννητός
481 975 619 1037 ἐστι,
642 972 738 1027 καὶ
757 971 1025 1026 τοσούτων
1043 971 1211 1023 ὄντων
1225 969 1333 1022 τῶν
1348 969 1627 1040 ὀνομάτων
1642 967 1751 1021 τῶν

168 1056 403 1130 εὐσεϐῶς
433 1064 958 1137 περιθεωρουμένων
986 1065 1051 1134 τῇ
1090 1062 1211 1132 θεία
1247 1060 1428 1133 φύσει,
1460 1063 1517 1114 ὲν
1548 1054 1629 1124 οἷς
1657 1060 1752 1113 οὑ-

170 1160 320 1230 δεμία
353 1156 685 1227 παραλλαγὴ
718 1156 857 1226 πρὸς
884 1155 974 1209 τὸν
1004 1154 1131 1207 Υἱὸν
1162 1153 1462 1223 καθορᾶται
1489 1170 1502 1183 ·
1537 1152 1752 1205 πάντων

167 1254 223 1306 δὲ
253 1251 395 1306 κατὰ
441 1250 505 1304 τὸ
552 1246 673 1303 ἴσον
716 1247 1048 1319 ἀμφοτέροις
1092 1245 1509 1317 ὲφαρμοζόντων
1542 1240 1754 1306 οὐδενός

168 1344 272 1397 τῶν
299 1343 481 1399 ἄλλων
511 1340 874 1413 ἐπιμνησθεὶς
902 1341 968 1394 δι’
1003 1335 1078 1395 ὧν
1101 1339 1163 1393 τὸ
1193 1338 1373 1393 κοινὸν
1406 1336 1753 1409 γνωρίζεται,

176 1436 312 1506 μόνῳ
346 1434 427 1505 τῷ
471 1434 696 1504 ὀνόματι
731 1434 831 1504 τῆς
870 1432 1196 1503 ἀγεννησίας
1231 1429 1569 1502 προσφύεται
1597 1444 1612 1460 ⁸
1662 1429 1757 1481 καὶ

167 1528 281 1582 οὐδὲ
309 1528 522 1595 ταύτης
548 1526 647 1597 τὴν
684 1525 893 1597 συνήθη
962 1525 1057 1579 καὶ
1086 1523 1483 1594 νενομισμένην
1519 1521 1756 1592 ἔμφασιν

168 1620 379 1690 δέχεται
396 1636 413 1649 ·
446 1617 587 1672 ἀλλὰ
611 1618 926 1687 καινοτομεῖ
950 1615 1044 1669 τοῦ
1066 1616 1364 1687 άγεννήτου
1389 1614 1487 1686 τὴν
1510 1614 1718 1669 ἔννοιαν
1738 1632 1751 1644 ·

170 1713 266 1776 τὰς
296 1710 491 1774 κοινάς
525 1711 654 1780 περὶ
684 1709 785 1779 τῆς
817 1709 999 1780 φωνῆς
1031 1708 1232 1778 ταύτης
1256 1707 1552 1779 ὑπολήψεις
1577 1725 1750 1778 παρα-

171 1803 537 1874 γραφόμενος.
601 1802 666 1855 Τί
709 1803 827 1855 ποτ’
876 1798 969 1855 οὑν
1014 1802 1130 1855 ἐστι
1185 1800 1388 1855 τούτων
1438 1800 1498 1854 τὸ
1544 1799 1755 1863 αἵτιον;

172 1897 299 1950 οὑδὲ
319 1897 428 1969 γάρ
456 1896 586 1950 ἄνευ
614 1893 859 1965 μεγάλης
879 1893 1025 1957 τινὸς
1043 1893 1222 1958 αἰτίας
1251 1894 1349 1964 τῆς
1372 1892 1469 1963 μὲν
1497 1892 1761 1961 συνήθους

171 1988 275 2041 τῶν
296 1986 585 2057 ὀνομάτων
609 1985 900 2056 ἐμφάσεως
928 1985 1024 2039 τὸν
1067 1984 1222 2054 λόγον
1246 1972 1529 2055 ἀφίστησι,
1566 1981 1762 2049 ξενίζει

174 2079 224 2131 δὲ
255 2080 321 2149 τῇ
358 2075 690 2148 παραλλαγῇ
734 2076 837 2147 τῆς
873 2075 984 2130 τῶν
1027 2074 1219 2145 φωνῶν
1260 2074 1558 2145 σημασίας.
1608 2068 1762 2125 υἷδεν

176 2169 415 2241 άιριὸῶς
448 2169 535 2223 ὅτι
561 2169 613 2222 εί
644 2168 745 2239 μὲν
775 2168 868 2222 ἐπὶ
890 2167 987 2237 τῆς
1018 2165 1304 2238 συνηθείας
1332 2164 1628 2236 φυλαχθείη
1654 2162 1763 2216 τῶν

173 2262 453 2332 ὀνομάτων
496 2262 530 2331 ἠ
578 2260 806 2330 χρῆσις,
850 2258 1108 2329 οὐδεμίαν
1160 2258 1312 2329 ίσχὺν
1355 2256 1580 2327 εὑρήσει
1630 2254 1766 2326 πρὸς

175 2353 492 2424 ἀνατροπὴν
552 2351 648 2406 τοῦ
714 2351 1050 2420 ὑγιαίνοντος
1092 2350 1378 2421 δόγματος.
1440 2349 1504 2402 Ei
1556 2347 1615 2400 δὲ
1655 2345 1765 2399 τῶν

178 2445 370 2498 κοινῶν
400 2444 499 2498 καὶ
525 2444 929 2515 νενομισμένων
952 2441 1328 2513 διανοημάτων
1366 2437 1767 2511 παρακινηθείη

172 2537 242 2590 τὰ
271 2538 520 2607 ῥήματα,
543 2538 611 2607 τῇ
660 2536 790 2607 περὶ
816 2535 914 2607 τὴν
962 2534 1145 2605 φωνὴν
1186 2530 1521 2605 κακστροπίᾳ
1569 2528 1768 2602 ῥᾳδίως

173 2627 437 2682 δύνασθαι
494 2626 1001 2696 συγκακουργήσειν
1059 2623 1130 2678 τὰ
1183 2623 1444 2695 δόγματα.
1508 2616 1656 2675 Οἷον·
1683 2620 1769 2673 ἐπ’

174 2720 357 2773 αὐτῶν
389 2718 503 2791 γάρ
536 2718 777 2789 ἔλθωμεν
816 2717 923 2771 τῶν
968 2715 1341 2786 ἀδικουμένων
1372 2714 1634 2785 ῥημάτων
1661 2725 1676 2740 ’
1722 2711 1770 2765 εί

174 2812 320 2867 κατὰ
347 2813 452 2883 τὴν
493 2811 681 2883 κοινὴν
715 2810 824 2864 τῶν
868 2810 1155 2880 δογμάτων
1183 2808 1451 2878 ὑπόληψιν
1472 2805 1568 2859 ’διὰ
1606 2805 1666 2857 τὸ
1696 2803 1772 2874 μὴ
1816 2885 1820 2888 ⁴

174 2901 545 2971 γεγενῆσθαι
596 2901 887 2971 ἀγέννητον
935 2900 1189 2969 λέγεσθαι
1234 2899 1325 2953 τὸν
1370 2898 1504 2951 Θεὸν
1548 2896 1773 2951 κατεδέ-

176 2995 330 3059 ξατο,
368 2994 627 3047 διέπεσεν
655 2992 722 3046 ἂν
757 2993 875 3047 ὅλον
914 2993 1097 3056 αὑτοῖς
1135 2992 1195 3046 τὸ
1230 2991 1530 3063 μηχάνημα
1559 2990 1658 3060 τῆς
1687 2989 1773 3042 ai-

1848 528 1971 566 nem
2001 525 2156 566 suam
2173 525 2238 565 ex
2253 508 2417 564 Patre
2446 505 2827 567 manifestans,
2859 503 3168 560 aeternitate
3189 502 3333 568 vitae,
3351 500 3426 555 il-

1851 602 1938 656 lud
1963 645 1976 668 ,
2026 602 2172 673 quod
2212 598 2512 671 aliquando
2538 613 2648 653 non
2677 596 2860 663 fuerit,
2893 612 2922 650 a
2950 611 3010 652 se
3040 593 3391 666 propulsans.

1919 695 2193 749 Caeterum
2228 691 2506 763 pradictis
2530 690 2801 760 obstrepit
2828 687 3056 752 sciolus,
3099 697 3429 755 supervaca-

1853 801 1951 841 nea
1979 786 2231 846 edoctus,
2256 791 2312 840 et
2343 800 2372 838 a
2398 782 2582 838 Patris
2609 791 2805 837 natura
2823 779 3102 851 Unigeniti
3132 777 3428 832 essentiam

1853 890 2090 945 resecat,
2124 895 2188 933 eo
2216 879 2365 950 quod
2395 878 2500 934 iste
2537 876 2755 948 genitus
2784 874 2879 937 sit,
2911 873 3053 926 alter
3084 886 3234 935 vero,
3287 870 3431 938 inge-

1852 973 2028 1034 nitus,
2069 987 2307 1042 cumque
2328 978 2408 1025 tot
2435 971 2549 1026 sint
2578 968 2823 1031 nomina,
2853 981 2975 1037 quae
3008 964 3077 1020 de
3107 970 3303 1019 natura
3340 961 3431 1016 di-

1852 1065 1979 1120 vina
2016 1066 2102 1135 pie
2123 1064 2507 1127 enuntiantur.
2537 1062 2593 1116 in
2618 1060 2821 1132 quibus
2847 1059 2994 1113 nulla
3016 1056 3320 1111 differentia
3344 1053 3432 1109 vel

1854 1159 2092 1213 variatio
2125 1157 2190 1212 ad
2218 1157 2416 1212 Filium
2440 1166 2682 1228 apparet,
2703 1154 2960 1209 omnibus
2994 1151 3126 1220 illis.
3158 1164 3277 1220 quae
3301 1147 3433 1203 utri-

1858 1266 1964 1321 que
1995 1250 2285 1319 azqualiter
2319 1248 2673 1312 conveniunt,
2729 1246 2973 1317 (quibus
3024 1244 3188 1298 etiam
3224 1249 3435 1297 naturae

1857 1345 2173 1400 communio
2207 1340 2554 1412 notilicatur)
2583 1338 2989 1410 przetermissis.
3035 1335 3136 1391 soli
3195 1332 3436 1388 innasci-

1859 1438 2090 1493 hilitatis
2125 1452 2221 1491 seu
2252 1436 2480 1506 ingeniti
2532 1432 2802 1488 vocabulo
2836 1429 3159 1484 adhaerescit
3188 1446 3201 1483 :
3238 1434 3302 1483 ‘et
3335 1442 3434 1480 ne-

1857 1546 1967 1601 que
2003 1530 2169 1599 hujus
2198 1538 2538 1595 consuetam,
2586 1526 2945 1594 omniumque
2988 1523 3200 1578 calculo
3237 1521 3438 1592 proba-

1860 1631 1969 1676 tam
2007 1622 2462 1693 signiiicationem
2502 1618 2736 1690 recipit:
2776 1615 2873 1672 sed
2904 1616 3126 1687 ingeniti
3156 1614 3437 1669 notionem

1863 1720 2061 1775 novat,
2095 1712 2397 1782 repudiatis
2417 1708 2800 1765 communibus
2836 1706 3000 1775 hujus
3043 1706 3196 1759 vocis
3226 1700 3441 1775 signiﬁ-

1860 1806 2194 1860 cationibus.
2231 1804 2363 1871 Qum
2395 1805 2593 1858 horum
2633 1802 2875 1856 omnium
2908 1799 3122 1855 causa?
3159 1813 3266 1851 non
3291 1794 3437 1852 enim

1862 1898 1983 1952 sine
2012 1906 2243 1967 urgente
2288 1898 2502 1952 ratione
2541 1896 2610 1950 ab
2647 1895 2847 1951 usitata
2904 1891 3295 1947 vocabulorum
3343 1903 3441 1943 no-

1863 1988 2013 2042 tione
2043 1986 2357 2041 orationem
2396 1984 2695 2049 abduccns,
2747 1982 3187 2055 peregrinitatem
3243 1992 3439 2034 vocum

1864 2087 2129 2135 sectatur.
2148 2077 2325 2132 Probe
2349 2085 2595 2140 noverat,
2619 2074 2666 2130 si
2690 2082 3016 2130 consuetum
3048 2071 3439 2127 vocabulorum

1868 2186 2026 2227 usum
2056 2171 2340 2233 retineret,
2373 2184 2434 2225 se
2464 2169 2673 2223 nullum
2707 2166 2775 2221 ad
2805 2181 2945 2222 verm
2992 2165 3257 2220 doctrinae
3279 2177 3438 2219 ever-

1868 2262 2079 2315 sionem
2120 2259 2327 2314 aditum
2384 2267 2751 2329 reperturum.
2803 2257 2859 2315 Si
2902 2273 3029 2313 vero
3055 2274 3085 2312 a
3130 2255 3440 2312 communi-

1868 2352 1972 2407 bus
2006 2359 2061 2406 et
2090 2353 2293 2421 passim
2318 2352 2640 2421 approbatis
2671 2349 2988 2404 notionibus
3030 2362 3194 2404 voces
3226 2347 3445 2401 abstra-

1868 2443 2043 2503 heret.
2079 2442 2446 2513 perversitate
2487 2442 2660 2504 vocis.
2721 2440 2884 2497 facile
2918 2444 3083 2496 etiam
3136 2442 3311 2510 ipsam
3344 2438 3445 2493 do-

1868 2536 2105 2590 ctrinam
2143 2535 2379 2605 perverti
2411 2548 2595 2604 posse.
2629 2532 2873 2603 Exempli
2925 2534 3101 2604 gratia
3158 2533 3267 2602 (ad
3329 2532 3449 2602 ipsa

1869 2632 2014 2686 enim
2055 2630 2353 2699 depravata
2388 2628 2653 2683 vocabula
2708 2626 3106 2695 accedemus),
3133 2625 3177 2681 si
3203 2641 3266 2680 ex
3300 2641 3451 2680 com-

1872 2722 2024 2775 muni
2059 2723 2305 2775 omnimn
2358 2723 2630 2777 sententia
2679 2719 2847 2776 Deum
2909 2720 3237 2791 ingenitum,
3301 2720 3448 2788 quod

1871 2813 2089 2884 genitus
2121 2829 2229 2867 non
2265 2813 2356 2871 sit.
2392 2813 2655 2884 appellari
2685 2812 2962 2868 decuisset
2992 2831 3004 2867 :
3045 2814 3232 2881 utique
3279 2811 3451 2866 luere-

1877 2908 1996 2961 ticie
2048 2914 2343 2960 structura:
2402 2905 2655 2960 machina
2708 2906 3032 2971 corruisset,
3090 2906 3306 2960 sublata
3363 2920 3450 2970 ea,

1876 3012 2040 3067 quam
2072 3013 2134 3052 ex
2170 2997 2593 3052 innascibilitate
2619 2997 2776 3058 texit,
2811 2996 3197 3063 cavillatione;
3222 2997 3266 3051 si
3304 2996 3451 3049 enim

180 3084 425 3152 ρέσεως,
476 3081 919 3146 ὑποσπασθέντος
957 3081 1053 3136 τοῦ
1085 3082 1229 3136 κατὰ
1265 3080 1379 3149 τὴν
1406 3080 1774 3150 ἀγεννησίαν

1877 3088 2223 3154 credidisset,
2252 3106 2317 3145 ex
2352 3091 2452 3144 hac
2477 3091 2870 3145 consecutione
2917 3089 3221 3143 secundum
3256 3087 3454 3142 simili-

184 3176 543 3246 σοφίσματος.
578 3175 640 3228 Ei.
670 3174 779 3246 γὰρ
803 3173 1031 3246 ἐπείσθη
1057 3174 1145 3228 διὰ
1171 3175 1269 3245 τῆς
1294 3172 1613 3236 ἀκολουθίας
1638 3172 1773 3225 ταύ-

178 3285 279 3337 της
307 3267 438 3321 καθ’
467 3266 783 3338 ὁμοιότητα,
819 3267 1035 3321 πάντων
1061 3266 1268 3337 σχεδὸν,
1296 3266 1405 3319 τῶν
1434 3266 1514 3330 είς
1548 3266 1774 3335 Ἐκκλη-

184 3361 307 3415 σίαν
326 3358 473 3413 Θεοῦ
510 3358 922 3420 συντελούντων,
946 3358 1133 3430 ὥσπερ
1165 3359 1415 3429 ἀόρατον,
1447 3359 1541 3411 καὶ
1563 3356 1772 3426 ἀπαθῆ,

185 3456 279 3507 καὶ
310 3452 634 3523 ἀσώματον,
676 3450 818 3504 οὑτω
841 3450 937 3505 καὶ
972 3450 1265 3520 ἀγέννητον
1295 3448 1531 3503 νοεῖσθαι
1566 3449 1659 3501 τὸν
1685 3449 1777 3502 ἐπὶ

185 3544 409 3599 πάντων
442 3543 600 3606 Θεὸν,
626 3542 695 3596 δι’
721 3543 967 3597 ἑκάστων
985 3541 1095 3596 τῶν
1118 3541 1396 3612 ὀνομάτων
1419 3541 1481 3594 τὸ
1512 3539 1779 3611 μηδαμῶς

180 3636 390 3708 προσὸν
415 3635 498 3707 τῷ
519 3636 640 3707 Θεῷ
661 3633 1018 3707 σημαίνεσθαι
1041 3634 1442 3707 συντιθέμενος,
1469 3634 1545 3705 μὴ
1594 3632 1776 3704 σῶμα,

178 3728 263 3801 μὴ
295 3726 500 3791 πάθος,
532 3727 607 3798 μὴ
638 3726 858 3798 χρῶμα,
898 3726 1054 3799 μὴτὸ
1088 3726 1147 3793 ἐξ
1179 3727 1355 3790 αἰτίας
1375 3724 1518 3797 ἔχειν
1537 3724 1598 3779 τὸ
1620 3721 1774 3778 εἶναι.

178 3821 246 3874 ει
272 3819 462 3874 ταῦτα
503 3817 680 3883 οὕτως
717 3819 861 3890 ἔχειν
888 3818 1176 3884 ὑπέλαϐεν,
1219 3819 1475 3889 οὐδεμίαν
1518 3817 1677 3887 ἔσχεν
1713 3816 1795 3871 ἂν·

172 3914 424 3985 δύναμιν
473 3915 502 3966 ό
544 3913 643 3983 τῆς
686 3911 1071 3985 ἀνομοιότητος
1101 3911 1258 3981 λόγος
1298 3911 1478 3964 αὑτῶν
1510 3926 1524 3941 ·
1572 3910 1631 3963 ὲν
1670 3911 1781 3973 τοῖς

176 4006 402 4068 λοιποῖς
437 4005 627 4070 πᾶσιν,
652 4005 754 4057 ὅσα
794 4004 924 4075 περὶ
956 4004 1048 4057 τὸν
1088 4004 1196 4058 τῶν
1232 4003 1370 4058 ὅλων
1395 4002 1527 4056 Θεὸν
1556 4002 1781 4073 θεωρεῖ-

177 4115 299 4161 ται.
338 4096 775 4169 συγχωρούντων
802 4098 896 4151 καὶ
927 4095 1036 4150 τῶν
1064 4096 1322 4174 ἐναντίων
1362 4095 1442 4168 τῷ
1489 4095 1785 4164 Μονογενεῖ

180 4192 329 4262 πρὸς
357 4191 460 4244 τὸν
492 4188 717 4261 Πατέρα
744 4188 805 4244 τδ
828 4189 1036 4260 ὅμοιον.

266 4282 416 4336 Ἀλλ’
446 4282 537 4336 ἵνα
573 4281 649 4353 μὴ
678 4280 837 4335 τοῦτο
870 4280 1118 4352 γένηται,
1160 4279 1380 4333 πάντων
1406 4278 1516 4333 τῶν
1541 4276 1669 4349 περὶ
1691 4276 1784 4330 τὸν

178 4374 321 4430 Θεδν
354 4372 673 4445 ὀνομάτων,
697 4371 805 4426 τῶν
835 4369 1186 4425 ὲνδεικτικῶν
1224 4369 1369 4439 λέγω
1398 4369 1499 4440 τῆς
1525 4370 1783 4440 ὑπερκει-

1879 3182 2123 3235 tudincm
2154 3180 2325 3236 ferme
2354 3183 2625 3245 omnium,
2655 3197 2777 3253 qua!
2807 3180 3054 3238 Ecclesia
3083 3182 3172 3236 Dei
3202 3193 3453 3252 usurpat,

1877 3272 2339 3343 quemadmodum
2377 3274 2674 3337 invisibile,
2712 3272 3048 3344 impassibile
3100 3280 3155 3327 et
3193 3271 3455 3343 incorpo-

1876 3381 2052 3429 reum,
2090 3365 2170 3420 sic
2203 3373 2256 3419 et
2296 3365 2594 3436 ingenitum
2636 3365 2742 3420 Deo
2782 3366 3161 3422 universorum
3205 3367 3454 3432 attribui,

1876 3457 2353 3525 concessissetque
2380 3456 2624 3527 quolibet
2675 3455 2870 3510 horum
2907 3457 3194 3511 nominum
3222 3451 3457 3529 'signiti-

1877 3547 1990 3602 cari
2026 3546 2077 3601 id
2120 3546 2268 3616 quod
2302 3544 2412 3601 Deo
2443 3562 2551 3600 non
2582 3546 2746 3611 inest,
2795 3546 2925 3617 quia
2961 3561 3062 3602 nec
3092 3562 3317 3617 corpus,
3351 3562 3454 3603 nec

1880 3641 2217 3711 passionem,
2246 3655 2350 3695 nec
2400 3640 2660 3703 colorem,
2703 3654 2805 3694 nec
2838 3636 3060 3694 aliunde
3085 3653 3309 3695 causam
3370 3655 3459 3696 es-

1879 3736 2034 3793 sendi
2063 3736 2226 3791 habet
2274 3754 2289 3790 :
2331 3734 2401 3801 si,
2442 3736 2691 3805 inquam,
2723 3750 2838 3789 rem
2860 3734 2949 3789 hic
2984 3735 3059 3788 ita
3095 3750 3216 3791 sese
3259 3735 3462 3793 habere

1880 3827 2275 3892 existimasset,
2311 3826 2460 3880 nulla
2491 3827 2539 3881 ei
2576 3825 2645 3881 ad
2681 3825 3072 3896 inmqualitatis
3133 3825 3335 3897 dogma
3370 3842 3460 3881 ar-

1881 3917 2287 3975 chitectandum
2340 3920 2561 3973 occasio
2610 3917 2822 3988 reliqua
2888 3916 3107 3980 fuisset,
3169 3932 3291 3972 cum
3354 3919 3459 3987 ipsi

1881 4012 2044 4065 etiam
2104 4010 2403 4065 adversarii
2457 4009 2758 4073 fateantur,
2816 4009 2874 4063 in
2924 4008 3150 4079 reliquis
3199 4009 3460 4065 omnibus

1884 4101 2237 4175 Unigenitum
2261 4100 2408 4156 Patri
2437 4101 2699 4173 aequalem
2727 4114 2872 4154 esse.

1955 4275 2227 4330 Caeterum
2254 4290 2324 4329 ne
2348 4275 2448 4329 hoc
2476 4273 2779 4341 contingat,
2810 4288 2875 4328 ex
2903 4274 3163 4331 omnibus
3220 4277 3463 4334 nomini-

1885 4368 2010 4432 bus,
2045 4382 2166 4437 qua:
2218 4367 2455 4421 divinam
2500 4374 2556 4421 et
2608 4364 2897 4421 sublimem
2944 4366 3094 4422 illam
3156 4371 3458 4439 potentiam

186 4468 366 4537 μένης
415 4465 710 4535 δυνάμεως
732 4505 750 4531 ,
805 4462 1092 4537 προτίθησι
1137 4461 1199 4517 τὸ
1238 4461 1337 4533 τῆς
1415 4461 1774 4530 armatae

1887 4462 2188 4524 declarant,
2220 4460 2381 4531 elegit
2421 4460 2526 4514 sibi
2552 4459 2990 4515 innascibilitatis
3022 4461 3370 4527 vocabulum,
3407 4472 3463 4518 et

180 4558 363 4630 ινομα
395 4574 412 4589 ’
461 4557 559 4611 καὶ
586 4555 745 4610 τοῦτο
771 4554 1065 4625 πεποίηται
1099 4552 1199 4622 τῆς
1232 4551 1373 4606 κατὰ
1402 4551 1497 4605 τοῦ
1517 4551 1784 4622 δόγματος

180 4649 349 4720 ἡμῶν
392 4646 755 4719 καταδρομῆς
788 4647 1160 4720 ὁρμητήριον,
1207 4644 1306 4715 τὴν
1348 4643 1442 4698 τοῦ
1488 4643 1786 4715 γεννητοῦ

184 4741 326 4809 πρὸς
350 4740 423 4793 τδ
487 4738 829 4808 ἀγέννητον
866 4735 1006 4789 κατὰ
1038 4735 1137 4806 τὴν
1170 4733 1449 4806 προφορὰν
1475 4732 1787 4788 ἐναντίωσιν

183 4834 282 4885 ἰπὶ
302 4833 378 4886 τά
424 4830 703 4902 πρόσωπα
738 4828 1061 4900 μεταφέρων
1092 4821 1174 4892 οἷς
1205 4826 1547 4897 ὲφήρμοσται
1572 4825 1640 4879 τά
1667 4825 1787 4879 ὀνό-

188 4941 375 4992 ματα’
417 4923 518 4975 καὶ
546 4919 636 4974 διά
666 4920 871 4974 τούτων
900 4920 999 4990 τὴν
1028 4917 1322 4989 ἑτερότητα
1346 4918 1454 4971 τῶν
1487 4917 1683 4972 οὐσιῶν
1709 4916 1790 4988 τῷ

186 5012 652 5086 παρηλλαγμένῳ
676 5011 785 5064 τῶν
812 5010 1092 5081 ὀνομάτων
1119 5008 1397 5078 σοφίζεται
1420 5025 1435 5039 ·
1468 5009 1570 5063 οὑκ
1603 5008 1791 5080 ἃπειδὴ

188 5106 531 5176 γεγέννηται
577 5102 855 5175 γεννητὸν,
902 5102 1010 5156 οὐδ’
1053 5103 1135 5157 ὅτι
1187 5098 1261 5172 μὴ
1313 5101 1590 5173 γεννηθείς
1620 5102 1788 5165 ἐστιν,

186 5198 503 5268 ἀγέννητον
525 5193 783 5264 λέγεσθαι
812 5194 1195 5266 συντιθέμενος
1226 5212 1242 5229 ·
1290 5195 1427 5251 ἀλλὰ
1455 5195 1547 5250 τὸν
1577 5194 1695 5266 μὲν,
1726 5193 1793 5247 ἐκ

188 5290 290 5362 τῆς
316 5294 646 5361 γεννήσεως
703 5286 1033 5345 οὐσιῶσθαι
1069 5286 1251 5357 λέγειν
1289 5305 1304 5320 ο
1346 5288 1447 5341 οὑκ
1483 5283 1601 5342 οἶδα
1632 5284 1793 5351 ποίας

188 5382 361 5437 αὐτᾶν
397 5380 602 5450 σοφίας
646 5377 738 5434 ἐπὶ
771 5377 873 5451 τὴν
905 5377 1158 5451 τοιαύτην
1186 5375 1398 5432 σὺνισιν
1426 5376 1795 5451 χειραγωγού-

192 5487 318 5542 eqs.
366 5474 439 5529 εἰ
491 5471 606 5544 γάρ
636 5488 720 5536 τις
760 5470 929 5535 αὑτὰς
971 5472 1057 5541 ἐφ’
1089 5470 1298 5525 ἑαυτῶν
1340 5469 1644 5541 καταμάθοι
1685 5469 1794 5523 τῶν

188 5564 493 5634 ὀνομάτων
515 5565 618 5628 τάς
642 5564 928 5636 ἐμφάσεις,
943 5563 1154 5636 ὑφελὼν
1175 5563 1251 5635 τῷ
1270 5562 1410 5636 λόγῳ
1440 5562 1507 5617 τά
1528 5563 1795 5635 πρόσωπα

186 5657 290 5724 ἐπ’
328 5651 415 5711 ὧν
456 5655 724 5727 τετάχθαι
754 5656 901 5712 δοκεῖ
934 5656 1002 5710 τὰ
1046 5656 1306 5727 ὀνόματα,
1348 5655 1568 5727 εὑρήσει
1597 5655 1659 5709 τδ
1692 5656 1791 5727 μά-

185 5761 353 5803 ταιον
382 5749 485 5820 τῆς
522 5747 764 5813 διανοίας
805 5748 912 5804 τῶν
938 5749 1070 5821 παρ’
1115 5746 1284 5804 αὑτοῦ
1323 5746 1648 5819 λεγομένων.
1701 5749 1795 5821 Μὴ

1888 4553 1992 4608 hoc
2027 4568 2127 4623 pro
2166 4568 2291 4607 arce
2318 4560 2372 4607 et
2400 4553 2814 4624 propugnaculo
2839 4593 2854 4617 ,
2902 4552 3045 4607 unde
3075 4554 3129 4608 in
3154 4552 3462 4608 doctrinam

1888 4660 2081 4700 sanam
2108 4645 2301 4711 irruat,
2324 4647 2631 4709 constituit,
2656 4646 2988 4700 contrariam
3021 4647 3313 4711 rationem,
3340 4660 3464 4715 quae

1888 4747 1974 4793 est
2008 4739 2063 4792 in
2097 4739 2322 4793 vocibus
2351 4738 2514 4809 geniti
2548 4747 2601 4793 et
2626 4740 2870 4808 ingeniti,
2902 4738 2969 4793 ad
3006 4739 3151 4809 ipsas
3175 4752 3462 4810 personas,

1889 4829 2093 4899 quibus
2123 4830 2342 4883 nomina
2368 4831 2724 4894 conveniunt,
2759 4831 3118 4896 transferens,
3149 4841 3202 4887 et
3234 4840 3464 4888 naturao-

1891 4936 2013 4976 rum
2055 4920 2428 4977 diversitatem
2459 4937 2524 4975 ex
2552 4923 2836 4977 nominum
2872 4921 3191 4981 diversitate
3226 4924 3463 4979 commi-

1893 5014 2132 5069 niscens.
2172 5011 2262 5065 Ait
2294 5011 2461 5076 enim,
2498 5025 2607 5066 non
2645 5011 2750 5067 dici
2785 5016 3047 5084 genitum,
3071 5015 3196 5084 quia
3245 5016 3465 5088 genitus

1893 5104 1984 5165 sit.
2016 5119 2115 5158 nec
2142 5103 2467 5170 ingenitum,
2507 5101 2633 5172 quia
2664 5103 2882 5172 genitus
2913 5120 3021 5158 non
3050 5106 3158 5160 sit:
3196 5106 3290 5160 sed
3326 5106 3464 5161 alte-

1892 5211 2013 5251 rum
2044 5211 2109 5251 ex
2134 5196 2480 5267 generatione
2500 5195 2839 5250 essentiatum
2862 5211 2987 5252 esse
3035 5196 3116 5269 (ut
3139 5199 3209 5253 ita
3234 5197 3463 5268 loquar),

1894 5287 2082 5341 nescio
2134 5301 2371 5356 quanam
2434 5286 2699 5355 sapientia
2762 5287 2827 5343 ad
2864 5286 3002 5342 hanc
3053 5287 3465 5361 intelligentiam

1896 5379 2172 5435 inductus.
2209 5377 2264 5433 Si
2290 5378 2435 5434 enim
2467 5378 2590 5448 quis
2615 5378 2869 5444 seorsim,
2907 5388 2961 5434 et
2992 5394 3088 5450 per
3118 5395 3179 5435 se
3225 5382 3470 5453 singulo-

1894 5488 2017 5527 rum
2050 5471 2328 5527 nominum
2358 5471 2785 5543 signiﬁcationes
2815 5472 3133 5544 perpendat.
3169 5472 3468 5531 subtractis

1894 5561 2129 5617 orationi
2155 5560 2425 5631 personis,
2451 5559 2518 5615 de
2539 5560 2739 5630 quibus
2768 5558 2960 5617 ordine
2985 5562 3259 5617 enuntiari
3288 5562 3472 5619 viden-

1894 5661 2005 5719 tur,
2041 5666 2163 5707 mox
2196 5650 2489 5705 vanitatem
2522 5665 2736 5717 eorum,
2771 5666 2892 5724 qua:
2919 5652 3024 5709 iste
3054 5652 3269 5721 asserit,
3305 5652 3470 5709 intel-

1897 5747 2025 5819 liget
2051 5764 2065 5800 :
2098 5759 2206 5801 non
2235 5742 2402 5809 enim,
2441 5743 2570 5816 quia
2600 5742 2780 5816 Pater,
2813 5751 2873 5800 ut
2904 5760 3043 5815 verae
3074 5743 3198 5801 tidei
3219 5744 3468 5800 doctrina
