4032 6208
577 292 673 350 λιόι

1783 287 1842 345 S.
1869 287 2197 346 GREGORII
2224 287 2520 347 NYSSENI

3721 292 3823 350 45‘2

579 409 769 475 tradit,
795 407 1232 482 praintelligitur
1262 406 1424 473 Filio,
1460 407 1743 464 nominum
1773 423 1994 479 quoque
2013 408 2163 463 ordi-

2279 409 2374 482 γὰρ
2406 411 2488 462 ὅτι
2537 408 2939 480 προεπινοεῖται
2969 405 3062 460 τοῦ
3111 405 3241 460 Υίού
3282 407 3311 460 ό
3343 407 3531 479 Πατὴρ
3578 408 3714 463 κατὰ
3740 409 3824 463 τὸν

581 518 704 558 nem
733 517 799 557 ex
841 501 1212 570 subjectarum
1246 513 1603 571 personarum
1649 498 1932 568 dignitate,
1973 505 2028 553 et
2065 513 2158 552 or-

583 597 710 650 dine
746 595 1121 660 instituemus,
1155 593 1248 650 sed
1274 593 1495 648 nomina
1524 608 1618 661 per
1640 608 1698 648 se
1721 591 2158 655 considerantur,

583 689 857 758 quodnam
898 687 1050 742 alteri
1085 702 1182 757 per
1238 687 1503 740 rationem
1537 693 1882 755 praeponatur
1925 685 2160 755 (iterum

583 782 708 836 dico
775 795 994 843 nomen,
1057 794 1164 832 non
1211 794 1323 832 rem
1372 779 1595 832 nomine
1658 778 2018 848 significatam
2044 783 2084 846 ),
2107 784 2162 832 et

585 875 858 945 quodnam
893 890 956 928 ex
985 871 1172 934 dictis,
1225 871 1466 926 notionis
1517 871 1746 940 alicujus
1793 872 2160 940 positionem:

586 976 639 1022 et
673 965 944 1034 quodnam
1015 962 1203 1033 positae
1259 961 1497 1016 notionis
1546 961 1872 1015 ablationem
1936 958 2162 1014 indicet.

590 1058 922 1126 Dispiciatur
945 1054 1178 1123 exempli
1214 1053 1387 1122 gratia
1415 1071 1431 1115 ς
1473 1053 1712 1107 arbitror
1741 1053 1885 1107 enim
1942 1051 2166 1105 consul-

588 1159 704 1203 tum
764 1148 898 1208 fore,
956 1154 1014 1200 ut
1066 1161 1154 1201 res
1208 1145 1467 1200 similium
1507 1145 1770 1214 exemplis
1837 1144 2164 1198 declaretur.

589 1241 832 1296 Scientia
872 1248 926 1294 et
978 1237 1219 1302 inscitia,
1283 1238 1469 1308 passio
1529 1243 1582 1290 et
1642 1233 2078 1305 impassibilitas,
2115 1242 2168 1287 et

592 1335 758 1404 hujus
795 1333 1010 1402 generis
1040 1331 1166 1392 alia,
1199 1330 1418 1383 nomina
1448 1327 1694 1398 quredam
1726 1336 1872 1382 sunt.
1907 1324 2164 1392 Quaenam

590 1427 743 1495 prius
773 1423 894 1476 aliis
947 1419 1448 1491 praeconcipiuntur
1477 1427 1532 1473 et
1584 1419 1981 1489 intelliguntur,
2036 1430 2166 1470 num

590 1518 703 1578 illa,
736 1530 857 1584 quae
897 1528 1008 1566 rem
1061 1512 1292 1582 positam
1357 1510 1575 1573 tollunt,
1631 1524 1700 1563 an
1758 1524 1878 1578 qua:
1913 1523 2026 1563 rem
2080 1521 2170 1576 po-

591 1605 769 1660 nunt?
822 1601 934 1672 Ego
980 1603 1052 1655 ita
1094 1601 1292 1665 sentio,
1356 1603 1512 1670 prius
1572 1599 1801 1669 intelligi
1859 1597 2166 1663 scientiam,

592 1699 751 1760 iram,
782 1704 834 1750 et
864 1695 1196 1766 passionem,
1224 1691 1568 1762 postmodum
1593 1708 1678 1756 ea,
1708 1707 1828 1762 quae
1853 1691 2172 1746 exstinctio-

593 1806 715 1845 nem
749 1797 802 1843 et
846 1785 1320 1855 interemptionem
1369 1783 1704 1853 significant.
1761 1782 1837 1836 Ita
1885 1783 2062 1852 cogita
2102 1783 2169 1838 de

593 1879 944 1950 generatione
972 1874 1496 1929 etinnascibilitatc.
1550 1872 1736 1943 Neque
1790 1873 1936 1928 ullus
1989 1873 2171 1928 studio

595 1969 828 2042 prppriae
858 1965 1138 2036 religionis
1174 1965 1434 2020 incensus
1472 1964 1858 2029 calumnietur,
1893 1964 2050 2034 quasi
2082 1962 2173 2018 Fi-

598 2065 727 2116 lium
765 2062 1041 2133 generanti
1073 2059 1536 2130 praeposuerimus
1569 2079 1581 2114 :
1617 2074 1726 2114 non
1771 2059 1915 2113 enim
1959 2059 2010 2112 id
2057 2074 2173 2114 mo-

597 2157 782 2218 limur,
823 2162 882 2208 ut
913 2153 1085 2208 Filius
1114 2153 1264 2206 Patri
1300 2161 1646 2222 prmponatur
1700 2159 1753 2206 et
1787 2151 2174 2220 praeconcipia-

597 2258 708 2312 tur,
743 2263 866 2302 cum
899 2247 964 2301 de
990 2247 1151 2316 geniti
1177 2253 1231 2298 ct
1255 2245 1480 2315 ingeniti
1523 2243 1924 2314 significatione
1946 2243 2172 2296 disseri-

601 2358 723 2395 mus
757 2347 938 2394 :certe
969 2336 1246 2407 generatio
1292 2336 1524 2403 alicujus
1557 2336 1632 2389 rei
1680 2335 1762 2389 vel
1804 2335 2046 2388 notionis
2078 2350 2176 2403 po-

600 2433 856 2488 sitionem
890 2431 1181 2500 significat,
1209 2439 1262 2483 at
1286 2445 1412 2483 vero
1436 2427 1823 2482 innascibilitas
1860 2428 1999 2496 ejus,
2031 2427 2174 2498 quod

600 2523 836 2595 positum
869 2531 974 2587 est,
1006 2521 1396 2581 sublationem,
1434 2527 1598 2589 prout
1640 2528 1798 2573 antea
1826 2519 2055 2581 dictum,
2117 2526 2177 2572 ut

603 2615 830 2688 proinde
859 2612 1230 2670 necessarium
1257 2612 1346 2677 sit,
1388 2612 1536 2666 omni
1567 2612 1731 2666 modo
1758 2612 1912 2682 prius
1949 2609 2175 2679 intelligi

603 2725 798 2764 nomen
832 2705 1220 2776 generationis,
1256 2719 1418 2774 quam
1475 2720 1674 2759 nomen
1723 2701 2183 2774 innascibilitatis.

603 2798 714 2852 Cur
746 2797 909 2866 igitur
970 2793 1218 2849 ordinem
1269 2793 1590 2854 secundum,
1625 2792 1715 2861 qui
1760 2792 1815 2846 in
1867 2793 2178 2848 nominibus

608 2889 825 2946 visitur,
862 2885 1008 2939 Patri
1043 2883 1308 2937 violenter
1353 2889 1538 2950 aptare
1570 2881 1926 2947 contendunt,
1958 2889 2178 2950 putant-

609 2997 716 3051 que
747 2978 1023 3033 notionem
1062 2976 1137 3028 rei
1165 2973 1400 3042 alicujus
1432 2973 1801 3042 privatricem,
1861 2989 2024 3042 posse
2079 2973 2177 3029 dc-

2261 501 2433 573 ἀληθῆ
2478 502 2634 570 λόγον
2683 500 2784 570 τῆς
2832 500 3101 564 πίστεως,
3147 499 3234 553 διὰ
3278 499 3434 553 τοῦτο
3475 501 3570 554 καὶ
3599 503 3697 574 τὴν
3725 504 3826 558 τῶν

2262 593 2542 664 ὀνομάτων
2587 591 2738 658 τάξιν
2789 589 3020 658 ἀξιούτω
3068 608 3151 654 τις
3200 593 3266 660 τῇ
3315 591 3424 645 τῶν
3463 592 3827 664 ὑποκειμένων

2263 686 2448 748 αὐτοῖς
2498 683 2803 756 προσώπων
2848 683 2973 754 ἀξίᾳ
3019 684 3111 736 καὶ
3176 683 3327 748 τάξει
3385 684 3826 741 συνδιατίθεσθαι.

2278 774 2438 829 Ἀλλὰ
2464 773 2636 836 ταῦτα
2667 775 2935 828 σκοπείτω
2963 774 3048 844 ἐφ’
3073 775 3279 828 ἑαυτῶν
3302 775 3370 828 τὰ
3403 776 3658 846 ὀνόματα,
3683 780 3829 831 ποῖον

2263 872 2358 926 τοῦ
2394 869 2579 939 ἐτέρου
2621 867 2699 938 τῷ
2727 868 2868 937 λόγῳ
2903 868 3001 935 τῆς
3038 866 3275 931 ἐπινοίας
3315 870 3675 938 προτέτακται
3708 887 3722 902 ·
3778 872 3832 922 τὸ

2265 959 2434 1029 ὄνομα
2460 958 2621 1012 πάλιν
2650 975 2720 1029 φη
2732 958 2876 1028 μὶ,ού
2908 957 2967 1010 τὸ
2996 959 3226 1028 πρᾶγμα
3253 957 3312 1011 τὸ
3347 959 3432 1012 διὰ
3456 957 3548 1012 τού
3578 959 3832 1030 ὀνόματος

2269 1052 2666 1124 σημαινόμενον
2697 1067 2710 1082 ·
2763 1053 2912 1103 ποῖον
2956 1049 3065 1102 τῶν
3109 1049 3446 1120 εἰρημένων,
3496 1051 3643 1104 θέσιν
3692 1052 3833 1111 τινος

2267 1147 2558 1216 νοήματος,
2588 1144 2681 1197 καὶ
2725 1145 2875 1196 ποῖον
2903 1143 3000 1213 τὴν
3033 1141 3126 1194 τοῦ
3160 1141 3408 1204 τεθέντος
3446 1143 3721 1212 ἀναίρεσιν
3755 1145 3831 1195 ὲν-

2267 1238 2560 1292 δείκνυται.
2587 1233 2711 1290 υἷον
2727 1253 2740 1266 ο
2768 1233 3062 1304 σαφηνείας
3078 1232 3184 1304 γὰρ
3200 1235 3383 1287 ἕνεκεν
3403 1233 3487 1287 διὰ
3513 1236 3616 1288 τῶν
3639 1235 3838 1305 ὁμοίων

2268 1325 2422 1399 οἶμαι
2455 1329 2650 1400 χρῆναι
2679 1326 3026 1398 παραστῆσαι
3055 1327 3147 1379 τὸν
3179 1326 3334 1395 λόγον
3356 1344 3371 1358 ·
3414 1328 3688 1391 παίδευσις
3747 1329 3840 1380 καὶ

2269 1420 2613 1482 ἀπαιδευσία,
2647 1419 2817 1482 πάθος
2875 1421 2970 1473 καὶ
2997 1419 3253 1482 ἀπάθεια,
3293 1418 3385 1472 καὶ
3413 1411 3510 1472 ὅσα
3544 1418 3637 1471 τοῦ
3669 1419 3840 1472 τοιούο

2268 1529 2362 1565 του
2393 1512 2565 1574 είδους
2593 1511 2730 1574 ἐστὶ,
2771 1513 2895 1564 ποῖα
2933 1511 3138 1564 τούτων
3177 1511 3235 1564 τὸ
3271 1509 3701 1582 προεπινοεῖσθαι
3733 1511 3844 1563 τῶν

2270 1603 2444 1658 ἄλλων
2474 1603 2620 1673 ἔχεις
2657 1603 2798 1656 Ὅσα
2829 1601 2928 1674 τὴν
2955 1602 3230 1673 ἀναίρεσιν
3254 1600 3351 1654 τοῦ
3389 1601 3652 1664 τεθέντος,
3678 1601 3709 1670 ἢ
3743 1601 3846 1654 ὅσα

2271 1696 2368 1768 τὴν
2407 1696 2556 1749 θέσιν
2600 1695 2694 1749 τοῦ
2734 1695 3092 1766 ὑποκειμένου
3137 1695 3496 1765 παρίστησιν;
3553 1693 3692 1762 Ἐγὼ
3743 1695 3848 1765 μὲν

2269 1790 2428 1844 τοῦτό
2458 1807 2619 1862 φημι.
2658 1789 2930 1861 Πρότερον
2972 1787 3080 1859 γὰρ
3113 1790 3313 1841 νοεῖται
3355 1790 3388 1858 ἡ
3420 1787 3698 1850 παίδευσις
3753 1788 3849 1839 καὶ

2269 1883 2303 1954 ἡ
2335 1882 2495 1954 ὀργὴ,
2541 1881 2724 1934 καὶτὸ
2762 1880 2953 1944 πάθος.
2995 1881 3087 1933 καὶ
3145 1879 3264 1934 τότε
3337 1881 3370 1950 ἡ
3404 1879 3511 1933 τῶν
3543 1878 3849 1949 νοηθέντιυν

2270 1975 2548 2045 ἀναίρεσις
2570 1989 2584 2002 ·
2633 1972 2776 2026 οὕτω
2805 1975 2898 2026 καὶ
2928 1975 2960 2042 ἡ
2993 1973 3263 2042 γέννησις,
3306 1973 3401 2025 καὶ
3430 1973 3464 2042 ἡ
3504 1971 3801 2040 ἀγεννησία
3835 1986 3850 2001 ·

2273 2061 2590 2136 καῖ’μηδεὶς
2627 2066 2715 2119 διὰ
2752 2065 2850 2134 τῆς
2893 2063 3343 2136 ὲθελοθρησκείας
3382 2063 3710 2118 διαϐαλλέτω
3753 2065 3849 2116 τζν

2271 2159 2446 2228 λόγον,
2485 2160 2560 2222 ὼς
2597 2159 2917 2231 προτιθέντα
2949 2159 3040 2212 τὸν
3071 2159 3196 2212 Υἱδν
3229 2158 3719 2230 τοῦγεννήσαντος.
3773 2161 3848 2212 Οὖ

2273 2250 2380 2321 γάρ
2414 2251 2503 2304 τὸν
2537 2251 2662 2304 Υίὸν
2701 2251 3061 2321 προτετάχθαι
3100 2251 3192 2304 τοῦ
3235 2252 3469 2322 Πατρὸς,
3499 2252 3590 2304 καὶ
3621 2269 3851 2321 προεπι-

2274 2343 2509 2396 νοεῖσθαι
2540 2343 3043 2414 κατασκευάζομεν,
3079 2345 3127 2396 εί
3159 2344 3284 2415 περὶ
3317 2345 3416 2414 τῆς
3445 2343 3537 2397 τοῦ
3563 2344 3823 2413 γεννητοῦ

2277 2436 2371 2490 καὶ
2399 2437 2688 2506 ἀγεννὴτου
2712 2437 2982 2507 σημασίας
3005 2435 3356 2506 διαλαμϐάνει
3377 2437 3406 2487 ὁ
3431 2437 3607 2504 λόγος.
3642 2437 3853 2490 Ούκοῦν

2277 2529 2309 2598 ἡ
2351 2526 2448 2597 μὲν
2491 2527 2742 2595 γέννησίς
2786 2544 2927 2591 τινος
2961 2527 3282 2598 πράγματος
3319 2527 3352 2596 ἢ
3394 2530 3660 2596 νοήματος
3704 2528 3856 2580 θέσιν

2279 2622 2645 2692 ἀποσημαίνει
2673 2637 2685 2650 ο
2731 2623 2763 2692 ὴ
2807 2621 2864 2674 δὲ
2929 2618 3258 2688 ἀγεννησία
3307 2621 3405 2691 τὴν
3451 2621 3543 2674 τοῦ
3586 2621 3856 2685 τεθέντος,

2280 2712 2461 2775 καθὼς
2493 2709 2667 2776 εἷπον,
2703 2713 2978 2783 ἀναίρεσιν
2999 2729 3012 2744 ο
3061 2712 3198 2766 ὥστε
3233 2714 3394 2766 παντὶ
3418 2714 3600 2784 τρόπῳ
3629 2731 3864 2784 προεπι-

2280 2805 2513 2858 νοεῖσθαι
2540 2805 2634 2858 τοῦ
2660 2808 2760 2876 τῆς
2819 2806 3184 2874 ἀγεννησίας
3215 2806 3496 2876 ὀνόματος,
3520 2806 3580 2859 τὸ
3604 2807 3702 2876 τῆς
3730 2824 3862 2875 γεν-

2280 2896 2486 2965 νήσεως
2508 2895 2697 2966 ὄνομα.
2727 2894 2791 2948 Τί
2817 2892 2909 2949 οὖν
2942 2897 2999 2948 ὲν
3019 2897 3227 2958 τούτοις
3256 2899 3453 2950 οἰκεῖον
3478 2896 3554 2968 τῷ
3578 2898 3770 2968 Πατρὶ.
3795 2898 3860 2950 «ca

2280 2989 2345 3058 τῇ
2374 2987 2523 3052 τάξει
2555 2987 2803 3059 δεύτερον
2838 2989 2895 3040 ὲν
2935 2991 3049 3052 τοῖς
3086 2989 3344 3059 ὀνόμασιν
3377 2989 3706 3060 ἐφαρμόζειν
3741 2990 3864 3058 βιά-

609 3081 914 3126 monstrare
947 3077 1000 3122 et
1028 3065 1318 3136 complecti
1347 3064 1584 3119 nominis
1614 3065 1910 3120 essentiam
1934 3065 1958 3118 ’ἱ
1984 3073 2039 3121 et
2095 3075 2177 3119 ta-

2282 3080 2488 3145 ζονται,
2513 3079 2606 3132 καὶ
2639 3081 2841 3132 οἴονται
2876 3078 2936 3134 τό
2972 3096 3116 3142 τινος
3153 3081 3501 3151 ἀφαιρετικδν
3537 3081 3714 3151 νόημα
3750 3082 3864 3135 δει-

606 3179 728 3218 men
763 3162 831 3216 iis
861 3160 953 3228 qui
983 3158 1287 3213 fatuitatem
1317 3165 1372 3210 et
1402 3155 1766 3210 insulsitatem
1803 3170 2016 3220 eorum,
2058 3172 2179 3226 quae.

608 3257 862 3308 asserunt
897 3248 1172 3313 refellunt,
1216 3246 1508 3302 admodum
1545 3253 1893 3310 succensent,
1924 3253 1977 3302 et
2007 3245 2062 3300 iit
2085 3260 2178 3302 eos

606 3345 975 3397 concitantur.

676 3431 812 3486 Vide
832 3432 974 3486 enim
1007 3443 1170 3499 quam
1209 3429 1448 3482 insaniat
1487 3426 1540 3480 in
1576 3427 1749 3490 illum,
1773 3426 1865 3496 qui
1901 3425 2178 3480 infirmita-

609 3528 714 3574 tem
744 3525 798 3570 et
829 3517 1135 3570 [utilitatem
1167 3524 1614 3585 argumentorum
1643 3515 1763 3584 ejus
1806 3514 2087 3584 patefacit,
2126 3522 2182 3569 et

607 3625 796 3680 quam,
832 3617 892 3662 ut
923 3614 1121 3678 potest,
1159 3607 1228 3662 ab
1276 3608 1368 3661 illo
1403 3607 1699 3662 vindictam
1752 3611 1933 3679 exigat
1963 3629 1975 3665 :
2005 3617 2184 3677 potest

608 3709 789 3755 autem
817 3700 948 3754 solis
973 3699 1238 3753 conviciis
1272 3699 1546 3768 illatisque
1571 3699 1824 3769 injuriis:
1863 3699 2024 3769 cujus
2063 3715 2185 3770 pru-

608 3793 758 3847 fccto
811 3806 957 3859 gaza:
1004 3791 1421 3860 c0piosissimus
1463 3791 1512 3846 ei
1533 3792 1680 3846 domi
1729 3801 2024 3861 proventus
2077 3804 2181 3849 est.

610 3881 1074 3949 Quemadmodum
1097 3882 1241 3936 enim
1261 3883 1386 3945 illis,
1403 3883 1494 3952 qui
1521 3883 1686 3938 libros
1708 3884 2000 3955 eleganter,
2021 3901 2183 3938 mun-

609 3975 676 4030 de
698 3986 750 4030 ct
785 3974 954 4028 nitide
985 3974 1325 4037 describunt,
1353 3991 1527 4030 nexus
1553 3975 1776 4043 quidam
1799 3985 1851 4031 et
1883 3978 2041 4047 quasi
2064 3979 2184 4032 vin-

613 4073 737 4126 cula
770 4079 917 4134 sunt,
986 4069 1188 4138 quibus
1239 4081 1411 4121 vacua
1470 4066 1647 4136 spatia
1684 4066 1928 4135 explent,
1958 4075 2034 4122 'et
2084 4068 2181 4122 toti

616 4161 897 4232 scriptioni
947 4167 1292 4214 venustatem
1357 4166 1409 4212 et
1457 4157 1786 4227 elegantiam
1843 4157 2179 4214 conciliant:

615 4256 684 4309 ita
747 4255 850 4309 iste
887 4253 1147 4322 pleraque
1195 4249 1461 4304 conviciis
1511 4257 1763 4311 exornat,
1807 4248 2182 4304 calumniandi

615 4345 815 4399 eximia
847 4344 1103 4397 facultate
1155 4341 1413 4410 praaclare
1464 4339 1777 4409 insignitus.
1811 4339 2008 4396 lterum
2037 4340 2182 4394 enim

2286 3170 2505 3234 κτικὺν,
2555 3170 2649 3224 καὶ
2689 3171 3080 3242 περιληπτικὸν
3119 3168 3259 3225 εἶναι
3308 3172 3405 3244 τῆς
3447 3171 3538 3226 τοῦ
3597 3173 3865 3243 ὀνόματος

2281 3259 2468 3322 οὐσίας
2501 3272 2517 3322 ;
2568 3261 2662 3312 xei.
2710 3260 2848 3330 πρὸς
2889 3261 3016 3323 τοὺς
3056 3259 3372 3331 ἐλέγχοντας
3406 3261 3507 3331 τὴν
3552 3262 3863 3335 σαθρὸτητα

2281 3351 2390 3403 τῶν
2417 3350 2590 3419 λόγων
2625 3351 2991 3420 ἀγανακτοῦσι
3047 3354 3138 3405 καὶ
3162 3352 3572 3422 παροξύνονται.

2369 3441 2497 3494 Ἰδοὺ
2528 3441 2636 3512 γὰρ
2675 3441 2791 3505 πῶς
2828 3445 3152 3512 μνησικακεί
3191 3443 3269 3512 τῷ
3312 3443 3372 3496 τὸ
3427 3443 3620 3514 σαθρὸν
3685 3447 3851 3501 αὐτοῦ

2284 3532 2378 3586 καλ⁸
2405 3531 2628 3594 ἀσθενὲς
2679 3533 2777 3602 τῆς
2840 3533 3171 3605 κακουργίας
3235 3534 3580 3604 φωράσαντι·
3646 3535 3740 3588 καὶ
3787 3519 3909 3601 ὡς.

2284 3623 2545 3694 ἀμύνεται
2580 3625 2762 3690 αὐτὸν,
2797 3625 2863 3677 δι’
2893 3619 2967 3678 ὧν
3002 3626 3252 3680 δύναται·
3289 3627 3507 3681 δύναται
3537 3628 3592 3681 δὲ
3635 3629 3723 3682 διὰ
3749 3631 3866 3682 λοι-

2283 3715 2464 3787 δορίας
2518 3716 2684 3787 μόνης
2759 3718 2853 3770 καὶ
2909 3717 3150 3789 ὕϐρεωςο
3204 3719 3297 3772 καὶ
3349 3720 3550 3791 σφόδρα
3597 3737 3660 3788 γε
3711 3723 3866 3793 αύτῷ

2287 3807 2591 3878 περιττεύει
2619 3809 2680 3860 τὸ
2717 3809 2898 3879 κτῆμα
2933 3811 3030 3880 τῆς
3067 3812 3320 3882 τοιαύτης
3350 3812 3647 3883 δυνάμεως.
3680 3815 3867 3869 Καθά-

2286 3917 2393 3971 περ
2436 3899 2543 3970 γάρ
2579 3900 2671 3953 ἐπὶ
2702 3902 2810 3954 τῶν
2849 3903 3356 3975 καλλιγραφούντων
3399 3905 3489 3958 τὸν
3529 3905 3702 3974 λόγον.
3741 3908 3867 3961 σύν-

2285 3991 2470 4062 δεσμοί
2509 4009 2652 4056 τινες
2701 3993 2794 4046 τοῦ
2844 3993 3047 4065 ῥυθμοῦ
3086 3995 3146 4048 τὸ
3192 3996 3367 4049 ἐνδέον
3408 3999 3865 4071 παραττληροῦσι⁹

2286 4082 2347 4136 τὸ
2382 4081 2575 4154 εύηχόν
2606 4101 2663 4137 τε
2699 4084 2792 4138 καὶ
2825 4086 3139 4155 ἐναρμόνιον
3166 4086 3234 4138 δι’
3259 4087 3438 4140 αὐτῶν
3470 4087 3767 4152 ὲντιθέντες
3796 4091 3866 4159 τῇ

2291 4173 2505 4241 συνάξει
2530 4175 2629 4244 τῆς
2647 4175 2871 4238 λέξεως·
2899 4174 3068 4240 οὔτως
3093 4177 3148 4228 ὲν
3171 4180 3282 4240 τοῖς
3309 4177 3577 4241 πλείστοις
3600 4172 3674 4232 ὧν
3693 4179 3868 4247 λέγει,

2289 4267 2347 4320 ὲν
2377 4269 2495 4329 ταῖς
2522 4266 2809 4338 λοιδορίαις
2838 4268 3240 4321 καταποικίλλει
3273 4269 3370 4339 τὴν
3400 4272 3741 4340 συγγραφὴν,
3769 4273 3869 4324 ὦσο

2291 4374 2395 4429 περ
2445 4357 2911 4428 καλλωπιζόμενος
2945 4361 3008 4430 τῇ
3052 4359 3337 4430 περιουσίᾳ
3370 4360 3467 4432 τῆς
3497 4361 3587 4414 τοῦ
3625 4361 3871 4432 ὑϐρίζειν

615 4447 718 4492 nos
769 4435 1052 4505 appellitat
1103 4449 1285 4496 ranos,
1347 4432 1501 4502 quia
1539 4433 1703 4486 rectis
1756 4433 2177 4503 cogitationibus

2290 4447 2587 4518 δυνάμεως.
2645 4448 2813 4502 Πάλιν
2857 4449 2965 4520 γὰρ
3024 4451 3181 4520 ἡμεῖς
3224 4451 3492 4521 μάταιον
3542 4451 3705 4505 πάλιν
3762 4454 3872 4508 τῶν

616 4530 957 4592 aberremus,
1002 4541 1180 4595 neque
1215 4524 1353 4579 satis
1392 4523 1594 4578 idoneo
1624 4536 1886 4594 apparatu
1920 4524 1988 4579 ad
2013 4537 2189 4580 certa-

617 4626 740 4674 men
769 4620 1188 4680 accesserimus,
1216 4631 1393 4684 neque
1421 4614 1584 4668 etiam
1607 4615 1713 4668 vim
1732 4623 1784 4670 et
1814 4623 2050 4670 mentem
2076 4617 2190 4672 dis-

624 4711 871 4782 putantis
931 4711 1152 4779 assequi
1185 4709 1487 4764 valeamus.
1550 4705 1676 4762 Haec
1705 4708 1850 4762 enim
1878 4710 2085 4776 omnia,
2137 4717 2192 4764 et

619 4805 776 4874 plura
803 4803 930 4857 talia
961 4818 991 4856 a
1025 4801 1274 4856 modesto
1309 4805 1437 4865 isto,
1481 4807 1536 4855 et
1567 4801 1706 4856 bene
1731 4803 2038 4872 composito
2093 4818 2190 4859 ore

621 4897 674 4947 in
706 4894 1026 4964 magistrum
1058 4899 1310 4946 nostrum
1345 4890 1650 4962 (Basilium)
1682 4891 2080 4961 conjiciuntur.
2127 4892 2192 4947 Et

621 4985 805 5039 forsan
838 4982 987 5053 justa
1026 4982 1120 5036 irae
1155 4997 1322 5037 causa
1361 4983 1631 5052 suppetit,
1671 4984 1976 5055 meritoque
2005 4985 2192 5040 decla-

621 5085 800 5129 mator
829 5073 1154 5130 effervescit.
1187 5073 1328 5139 Quid
1359 5073 1506 5129 enim
1531 5091 1755 5130 necesse
1775 5085 1911 5142 erat,
1933 5088 1992 5132 ut
2012 5078 2189 5148 ipsum

622 5165 998 5230 contristaret,
1047 5165 1478 5220 demonstrando
1513 5166 1945 5222 imbecillitatem
1977 5185 2188 5235 eorum,

622 5274 743 5329 qua:
769 5259 889 5327 ipse
912 5257 1195 5320 disseruit,
1222 5257 1624 5313 manifestando
1655 5259 1900 5330 insuper,
1923 5263 2193 5317 omnium-

622 5364 729 5418 que
781 5348 957 5403 oculis
1004 5346 1329 5417 exponendo
1369 5348 1765 5418 blasphemiam
1813 5353 2192 5407 verisimilitu-

622 5438 748 5492 dine
781 5439 1178 5508 sophismatum
1218 5439 1584 5494 tectam?Cur
1617 5457 1724 5494 non
1761 5443 1942 5512 potius
1973 5446 2191 5502 silentio

624 5527 970 5597 fragilitatem
1025 5529 1296 5598 dogmatis
1332 5529 1498 5598 hujus
1557 5532 1727 5600 tegit?
1763 5533 1874 5588 Cur
1923 5537 2186 5592 miserum

621 5621 822 5690 ubique
853 5621 1178 5682 traducit,et
1209 5621 1277 5676 ad
1310 5623 1589 5692 publicum
1618 5628 1775 5695 quasi
1807 5631 2186 5697 spectaculum

622 5709 861 5781 exponit,
899 5726 1022 5764 eum
1055 5710 1200 5779 illius
1249 5715 1422 5786 magis
1461 5718 1730 5783 misereri,
1777 5729 1828 5776 et
1865 5721 2177 5792 disputatio-

2290 4539 2465 4610 ὀρθῶν
2498 4538 2772 4609 λογισμῶν
2812 4541 3234 4611 ἁμαρτάνοντες,
3261 4543 3354 4596 καὶ
3385 4544 3444 4596 ού
3479 4545 3616 4614 μετά
3641 4546 3742 4615 τῆς
3773 4547 3871 4616 ἀρ-

2292 4630 2490 4700 κούσης
2519 4633 2582 4702 τῇ
2611 4630 2768 4702 χρείᾳ
2798 4635 3149 4704 παρασκευῆς
3175 4637 3288 4698 τοῖς
3321 4634 3500 4704 λόγοις
3530 4636 3873 4706 ἐπιχειρούν-

2291 4737 2400 4783 τες,
2443 4720 2533 4772 mi.
2575 4723 2676 4791 τῆς
2720 4721 2814 4774 τοῦ
2857 4721 3102 4790 λέγοντος
3144 4724 3378 4788 διανοίας
3423 4725 3872 4797 ἀπολειπόμενοι.

2291 4811 2474 4866 Ταῦτα
2512 4812 2619 4884 γὰρ
2657 4813 2852 4878 πάντα,
2902 4819 2995 4868 καὶ
3043 4815 3120 4868 ἔτι
3168 4816 3338 4869 πλείω
3368 4817 3569 4871 τούτων
3598 4820 3751 4890 παρὰ
3780 4820 3876 4873 τοῦ

2291 4902 2674 4966 εύσταθοῦντος
2705 4904 2967 4975 στόματος
3009 4907 3037 4959 ό
3081 4906 3397 4971 διδάσκαλος
3422 4909 3579 4979 ἡμῶν
3605 4909 3876 4980 ὀνομάζε-

2291 5012 2405 5049 ται·
2445 4996 2535 5048 καὶ
2569 4997 2697 5059 ἴσως
2729 4997 2828 5050 οὐκ
2860 4997 3050 5065 ἄλογος
3086 4999 3187 5069 τῆς
3223 4999 3392 5070 ὀργῆς
3435 5004 3466 5072 ή
3514 5003 3692 5067 αίτία,
3736 5003 3876 5056 ἀλλά

2290 5086 2510 5149 δικαίως
2534 5089 2562 5139 ό
2590 5085 2922 5158 λογογράεος
2953 5088 3324 5158 παρώξυνται·
3355 5091 3407 5143 τί
3431 5090 3538 5163 γὰρ
3569 5093 3732 5144 αὐτὸν
3767 5093 3878 5146 ἔδει

2291 5178 2478 5232 λυπεῖν
2521 5179 2868 5250 ἐξελέγχοντα
2898 5181 2996 5251 τὴν
3036 5183 3345 5252 ἀρρωστίαν
3377 5184 3468 5236 τοῦ
3502 5183 3661 5252 λόγου
3695 5184 3878 5246 τοῦδε,

2290 5269 2677 5339 παραγυμνοῦν
2706 5287 2765 5322 τε
2798 5271 2891 5322 καὶ
2931 5271 3161 5341 φανερὸν
3191 5273 3360 5324 ποιεῖν
3386 5275 3499 5336 τοῖς
3531 5273 3878 5344 εύκεραιοτέ-

2291 5376 2404 5429 ροις
2447 5359 2506 5412 τὸ
2549 5359 2885 5431 βλάσφημον,
2917 5363 2983 5432 τῇ
3022 5360 3333 5431 πιθανότητι
3372 5363 3480 5417 τῶν
3523 5364 3881 5433 σοφισμάτων

2291 5449 2832 5520 συγκαλυπτόμενον;
2878 5452 2967 5505 διὰ
3021 5454 3073 5506 τί
3123 5453 3179 5506 δὲ
3234 5457 3332 5508 οὐκ
3389 5456 3747 5510 ἐπικαλύπτει
3807 5459 3882 5527 τῇ

2293 5542 2465 5610 σιωπῇ
2497 5540 2563 5594 τά
2599 5542 2773 5614 σαθρά
2811 5543 2903 5597 τοῦ
2948 5544 3230 5616 δόγματος,
3275 5547 3408 5600 ἀλλὰ
3451 5547 3754 5619 στηλιτεύει
3787 5547 3882 5601 τὸν

2289 5633 2550 5687 δείλαιον·
2586 5635 2700 5688 δέον
2742 5638 2908 5689 ἐλεεῖν
2953 5641 3044 5691 καὶ
3093 5639 3478 5695 ὲπικαλύπτειν
3519 5640 3606 5695 διὰ
3643 5641 3887 5712 ἡσυχίας

2291 5728 2388 5799 τὴν
2425 5728 2807 5800 ἀσχημοσύνην
2845 5730 2936 5785 τοῦ
2964 5732 3156 5801 λόγου;
3201 5735 3256 5789 '0
3289 5733 3343 5788 δὲ
3375 5735 3585 5804 ἐλέγχει
3628 5735 3714 5789 καὶ
3750 5733 3891 5798 θει-
