4032 6208
204 286 297 343 ἐὸὄ

1366 272 1644 329 CONTRA
1683 267 2073 336 EUNOMIUM,
2105 266 2236 323 LIB.
2275 265 2317 320 ἰ.

3268 232 3273 236 ’
3364 261 3471 317 ιει

198 394 369 467 τρίζει
409 392 507 448 τδν
550 392 797 448 ὁπωσοῦν
838 391 989 463 παρά
1030 392 1145 455 τοῖς
1190 390 1339 455 ίδίοις
1379 391 1649 463 μαθηταῖς
1688 390 1781 443 ἐπὶ

1906 388 1970 442 iis
1998 383 2390 456 turpitudinem
2428 380 2594 438 tacite
2614 378 2836 451 operire
2881 377 3112 434 deceat?
3149 377 3221 431 At
3257 375 3360 432 iste
3385 389 3473 431 re-

199 485 360 555 οοφίᾳ
414 484 508 537 καὶ
533 484 786 556 ἀγχινοίᾳ
813 481 1143 554 τιμώμενον.
1192 476 1329 534 Εἷπέ
1370 497 1471 534 που
1514 480 1623 534 τῶν
1656 481 1785 534 ἐαυ·

197 576 284 630 τοῦ
312 576 488 644 λόγων
515 578 546 629 δ
571 576 838 647 Εὐνόμιος
857 590 872 604 ⁸
907 576 1192 628 "Excedat
1234 572 1315 638 τῷ
1358 571 1480 638 Θεῷ
1520 572 1587 627 τὸ
1612 571 1785 643 ἀγέν-

200 683 415 736 νητον·
446 666 656 736 ἐπέστη
692 667 771 739 τῷ
810 668 1015 740 ῥήματι
1046 667 1075 719 ὁ
1112 664 1425 729 διδάσκαλος
1451 665 1612 737 ἡμῶν
1653 680 1670 696 ο
1708 667 1786 721 ὅτι

199 761 255 813 τὸ
277 759 566 830 ἑπόμενον,
592 759 702 812 τῶν
729 758 924 824 ἔξωθεν
954 758 1436 830 ἐπιθεωρουμένων
1462 756 1607 811 ἐστίν
1629 772 1643 785 ·
1671 758 1704 826 ἡ
1730 758 1787 812 δὲ

198 850 348 905 οὐσία
388 851 453 904 ού
495 849 606 903 τῶν
652 850 851 918 ἔξωθέν
896 867 1060 914 τινος,
1105 849 1220 903 ἀλλ’
1267 849 1431 904 αὐτοῦ
1482 847 1576 903 τοῦ
1625 844 1786 916 εἶναι,

199 940 329 995 καθό
359 940 501 1005 ἐστι,
527 941 629 1011 τὴν
660 941 934 1013 σημασίαν
961 940 1313 995 ἐνδείκνυται.
1342 939 1439 994 Διά
1467 939 1622 994 τοῦτο
1650 940 1789 1008 ἀγα-

196 1035 386 1087 νακτεῖ
430 1035 463 1086 ό
500 1035 749 1103 ἐπιεικής
788 1050 846 1086 τε
896 1034 987 1087 καὶ
1027 1033 1264 1104 ἄμαχοςο
1303 1033 1396 1087 καὶ
1440 1032 1606 1097 πολύς
1643 1034 1790 1086 ἐστιν

196 1122 402 1193 εύροῶν
448 1125 566 1187 τοῖς
606 1122 867 1175 ὀνείδεσι·
914 1122 1047 1175 διότι
1089 1122 1329 1187 ἀκούσας
1372 1122 1466 1176 τοῦ
1514 1122 1788 1193 ῥηθέντος,

197 1216 289 1267 καὶ
319 1215 420 1285 τῆς
442 1213 683 1277 διανοίας
711 1212 995 1284 ὲπῄςθετο.
1037 1215 1102 1266 Τί
1150 1209 1244 1268 οὖν
1269 1214 1538 1285 ἥμαρτεν,
1579 1214 1627 1266 εἰ
1669 1215 1789 1266 ἐπι-

198 1305 469 1369 στατικῶς
498 1310 564 1377 τῇ
596 1304 805 1377 διανοίᾳ
849 1305 959 1358 τῶν
990 1305 1390 1377 γεγραμμένων
1416 1303 1792 1375 ἐπηκολούθη-

200 1410 319 1460 sev;
352 1395 417 1448 Εί
447 1395 550 1465 μὲν
577 1393 689 1466 γὰρ
714 1395 777 1448 οὑ
811 1393 954 1449 κατά
982 1392 1139 1463 λόγον
1174 1394 1284 1447 τῶν
1325 1393 1629 1467 εἰρημένων
1673 1392 1795 1447 ὲλά-

198 1485 340 1550 ὕετο,
367 1484 554 1548 καλῶς
580 1483 692 1554 ἔχει
735 1501 821 1538 σοι
862 1483 933 1538 τὰ
972 1485 1254 1557 εἰρημένα,
1285 1485 1379 1539 καὶ
1411 1487 1570 1556 ἡμεῖς
1597 1485 1796 1556 ἀγνοή-

202 1593 383 1647 σομεν.
412 1576 482 1628 Εἰ
523 1576 581 1629 δὲ
628 1575 887 1647 ἐρυθριᾷς
930 1575 1066 1647 πρὸς
1097 1575 1187 1628 τὸν
1232 1575 1471 1645 ἔλεγχον,
1501 1574 1554 1627 τί
1581 1575 1681 1628 οὐκ
1710 1574 1796 1642 ἐξ·

198 1667 441 1735 αλείφεις
490 1668 556 1719 ἐκ
581 1666 687 1719 τῶν
728 1665 1159 1737 γεγραμμένων,
1213 1665 1349 1719 ἀλλά
1402 1666 1657 1737 λοιδορεῖς
1701 1667 1794 1721 τὸν

1884 475 2027 531 futat
2081 482 2135 529 et
2157 474 2304 528 velut
2349 472 2404 527 in
2440 471 2716 526 theatrum
2758 471 2898 541 rapit
2949 470 3127 533 illum,
3160 467 3255 539 qtti
3291 482 3322 521 a
3353 470 3473 524 suis

1886 566 2174 635 discipulis
2199 571 2425 634 propter
2454 562 2737 632 sapientiae
2762 569 2817 616 et
2837 561 3108 616 acuminis
3133 560 3470 630 Opinionem,

1888 657 2057 711 nullis
2105 670 2217 709 non
2261 652 2566 709 honoribus
2604 651 2858 708 afﬁcitur.
2911 652 3134 706 Dixerat
3173 652 3374 706 alicubi
3413 650 3468 704 in

1890 748 2008 804 suis
2056 745 2544 801 dissertationibus
2613 743 2935 805 Eunomius,
2973 743 3273 815 Ingenitum
3320 743 3468 813 sequi

1890 840 2079 895 Deum.
2118 838 2334 908 Objecit
2369 837 2565 893 doctor
2611 845 2797 892 noster
2827 836 2974 891 dicto
3014 837 3144 891 huic
3172 836 3468 891 insistens:

1892 931 1946 986 id
1980 930 2124 1001 quod
2152 930 2423 1000 sequitur,
2455 944 2580 984 esse
2609 944 2674 985 ex
2705 944 2897 984 eorum
2941 944 3193 993 numero,
3226 943 3349 999 quae
3376 943 3474 983 ex-

1876 1023 2171 1077 .trinsecus
2207 1020 2528 1085 adveniunt,
2567 1030 2620 1074 at
2663 1021 2957 1075 essentiam
2990 1035 3099 1074 non
3123 1019 3472 1083 esseexillis,

1867 1130 2014 1186 .qua':
2047 1114 2392 1170 extrinsecus
2427 1114 2746 1176 adveniunt,
2774 1112 2871 1167 sed
2900 1113 3073 1182 ipsius
3104 1127 3254 1173 esse,
3278 1126 3477 1167 secunv

1893 1207 2023 1262 dum
2058 1197 2205 1276 quod
2241 1213 2346 1269 est,
2403 1206 2863 1276 significationem
2920 1203 3225 1258 continere.
3269 1202 3367 1258 llic
3393 1203 3474 1258 ira

1894 1297 2265 1353 inﬂammatur
2305 1297 2587 1352 modestus
2642 1296 2732 1350 ille
2788 1305 2842 1352 et
2876 1296 3135 1358 invictus,
3193 1302 3248 1349 et
3304 1294 3475 1348 multa

1895 1390 2092 1461 probra
2145 1396 2379 1452 eructat,
2411 1387 2539 1459 quia
2567 1386 2715 1439 dicto
2743 1392 3016 1454 percepto,
3047 1384 3223 1455 ipsum
3258 1399 3479 1455 quoque

1896 1494 2118 1537 sensum
2153 1480 2415 1552 percepit.
2448 1476 2590 1545 Quid
2617 1476 2787 1546 igitur
2816 1477 3083 1545 peccavit,
3128 1476 3175 1530 si
3211 1484 3481 1530 constam-

1895 1578 1981 1629 ter
2019 1571 2346 1627 sententiam
2401 1570 2693 1625 verborum
2746 1576 2972 1624 secutus
3006 1567 3140 1623 est?
3190 1567 3248 1621 Si
3278 1567 3422 1623 enim
3445 1580 3479 1621 a

1897 1664 2164 1720 sententia
2195 1664 2525 1727 aberrasset,
2553 1671 2699 1718 recte
2732 1675 2817 1727 ea,
2861 1675 2983 1730 quae
3007 1659 3316 1726 effutivisti,
3358 1674 3390 1714 a
3427 1667 3481 1716 te

198 1759 546 1831 προφέροντα
576 1773 590 1821 ;
621 1756 754 1820 Ναί,
786 1756 969 1826 φησὶν,
999 1756 1138 1811 ἀλλ’
1167 1757 1239 1810 οὐ
1267 1754 1502 1825 συνῆκε
1554 1757 1660 1811 τοῦ
1699 1758 1802 1811 λό-

1906 1756 2116 1827 prolata
2176 1771 2324 1820 esse,
2366 1770 2468 1810 nos
2523 1752 2742 1824 quoque
2799 1753 3203 1808 confiteremur.
3256 1751 3317 1807 Si
3351 1766 3481 1807 vero

199 1866 304 1917 του
348 1846 419 1900 τὸ
465 1846 773 1916 βούλημα.
810 1845 875 1898 Τί
925 1841 1019 1900 οὖν
1068 1846 1385 1917 ἀδικοῦμεν,
1424 1849 1473 1900 εί
1522 1846 1799 1919 ἀνθρωποι

198 1939 347 2002 δντες
380 1939 451 1990 ἐκ
484 1937 593 1990 τῶν
620 1937 924 2008 εἰρημένων
950 1937 1052 2007 τῆς
1083 1937 1321 2003 διανοίας
1359 1939 1799 2010 ἐστοχασάμεθα,

200 2029 303 2084 τῶν
358 2031 420 2083 ἐν
476 2027 705 2100 κρυπτῷ
760 2029 860 2100 τῆς
915 2028 1142 2100 καρδίας
1190 2029 1442 2100 οὐδεμίαν
1494 2030 1799 2100 κατάληψιν

200 2123 455 2192 ἑκοντεςς
489 2120 610 2192 Θεῷ
641 2122 739 2192 μὲν
767 2122 877 2191 γὰρ
918 2121 1153 2193 ὑπάρχει
1196 2122 1290 2177 καὶ
1330 2124 1399 2176 τά
1430 2121 1635 2177 ἀθέατα
1675 2123 1797 2194 βλέ-

203 2230 344 2278 πειν,
380 2214 483 2267 καὶ
508 2212 620 2265 τῶν
652 2212 840 2281 μηδενὶ
868 2214 1054 2283 τρόπῳ
1082 2212 1646 2284 καταλαμϐανομένων
1671 2215 1797 2278 τοὺς

202 2306 564 2377 χαρακτῆρας
610 2306 949 2371 ἐπισκοπεῖν,
1001 2305 1095 2359 καὶ
1142 2304 1240 2376 τὴν
1291 2297 1648 2376 ἀνομοιότητα
1688 2305 1796 2359 τῶν

203 2396 457 2468 ἀοράτων
518 2394 932 2464 ἐπιγινώσκειν⁸
993 2398 1157 2468 ἡμεῖς
1226 2395 1284 2450 δὲ
1353 2396 1549 2463 μόνον,
1607 2397 1677 2451 δι’
1723 2389 1797 2450 ὧν

205 2486 505 2559 ἀκούομεν,
535 2488 810 2560 κρίνομεν.

1902 1849 1970 1902 ad
1997 1848 2382 1904 refutationem
2431 1845 2737 1912 erubescis,
2767 1859 2867 1900 cur
2888 1858 2997 1899 non
3022 1845 3311 1915 expungis,
3358 1858 3484 1914 quae

1902 1941 2220 2011 scripsisti?
2253 1956 2354 1995 cur
2387 1955 2511 1995 eum
2542 1937 2896 1994 contumeliis
2956 1936 3225 1992 incessis?
3270 1935 3479 2007 Utique,

1912 2032 2117 2103 inquit,
2153 2032 2244 2086 sed
2271 2047 2375 2085 non
2405 2030 2689 2094 intellexit,
2717 2043 2969 2099 quorsum
3016 2026 3245 2081 tenderet
3282 2027 3477 2081 oratio.

1904 2122 2081 2189 Quam
2111 2122 2280 2195 igitur
2308 2121 2565 2191 iniuriam
2593 2120 2924 2189 irrogamus.
2949 2118 2996 2173 si
3016 2133 3148 2173 cum
3181 2119 3357 2173 simus
3382 2117 3481 2173 ho—

1901 2215 2107 2279 mines,
2144 2230 2211 2270 ex
2247 2216 2431 2270 verbis
2455 2214 2526 2270 de
2557 2222 2742 2269 mente
2787 2213 3167 2282 conjecturam
3222 2212 3479 2283 facimus,

1894 2321 2019 2361 cum
2050 2307 2261 2360 nullum
2294 2305 2443 2360 aliud
2473 2321 2687 2369 eorum,
2707 2319 2829 2374 quae
2852 2304 2906 2357 in
2944 2304 3108 2358 corde
3131 2302 3482 2382 delitescunt,

1895 2397 2157 2453 indicium
2192 2398 2498 2468 suppetat?
2551 2397 2661 2452 Deo
2695 2398 2841 2453 enim
2897 2411 3131 2466 pronum
3194 2403 3279 2450 est
3317 2394 3482 2449 etiam

1895 2490 2193 2545 invisibilia
2256 2490 2467 2557 videre,
2491 2498 2545 2545 et
2572 2505 2785 2554 eorum,
2812 2503 2935 2560 quae
2963 2488 3116 2543 nullo
3142 2486 3302 2541 modo
3329 2501 3484 2541 com-

204 2580 646 2651 prehenduntur,
700 2587 858 2635 notas
898 2578 1097 2635 intueri
1144 2586 1199 2635 et
1226 2580 1661 2651 inaequalitatem
1706 2579 2181 2653 inaspectabilium
2245 2599 2599 2658 cognoscere.
2680 2583 2792 2640 Nos
2856 2598 2987 2639 vero
3021 2598 3089 2639 ex
3138 2583 3342 2638 auditis
3396 2581 3487 2653 ju-

204 2673 480 2729 dicamus.
2005 2661 2013 2669 ’

273 2767 510 2838 Εἴρηται
534 2766 736 2829 τοίνυν,
775 2766 1149 2837 Παρέπεσθαι
1174 2767 1257 2834 τῷ
1278 2769 1398 2837 Θεῷ
1422 2774 1440 2795 ⁶
1461 2772 1800 2845 παρακολου-

206 2857 471 2923 θούντων,
498 2858 599 2929 τὴν
623 2858 996 2928 ἀγεννησίαν
1017 2860 1177 2915 αὐτὸν
1205 2859 1380 2930 λέγειν
1402 2864 1794 2935 ύπενοήσαμεν.

206 2951 379 3004 Πάλιν
413 2950 650 3021 εἴρηται,
676 2948 928 3004 Μᾶλλον
976 2950 1046 3005 δὲ
1086 2953 1235 3006 αὑτό
1282 2953 1455 3007 ἐστιν
1504 2956 1685 3009 οὐσία
1729 2955 1798 3011 τὸ

1906 2969 2027 3010 esse
2071 2970 2136 3011 ex
2174 2970 2366 3010 eorum
2419 2970 2671 3021 numero,
2732 2970 2855 3027 quae
2911 2955 3259 3012 extrinsecus
3316 2954 3487 3012 Deum

206 3041 567 3112 ἀγέννητον.
597 3041 791 3096 Οὐκέτι
827 3041 1020 3096 τούτου
1060 3046 1296 3099 συνεῖναι
1336 3046 1438 3118 τὴν
1481 3046 1797 3102 ἀκολουθίαν

1906 3049 2254 3102 comitantur.
2289 3046 2358 3101 At
2378 3061 2503 3101 cum
2533 3063 2729 3104 rursus
2760 3047 2899 3103 dixit
2937 3067 2949 3102 :
2982 3045 3156 3119 Magis
3198 3064 3319 3103 vero
3362 3047 3490 3102 sub-

1976 2768 2122 2825 Dixit
2171 2770 2339 2842 igitur
2374 2789 2388 2827 :
2421 2769 2719 2843 Ingenitum
2750 2771 2895 2842 sequi
2943 2769 3132 2826 Deum.
3179 2770 3279 2824 His
3304 2770 3489 2827 verbis

1904 2860 2122 2916 adducti
2148 2860 2479 2918 credidimus
2520 2877 2644 2917 eum
2697 2862 2985 2929 aﬂirmarc,
3019 2863 3487 2919 innascibilitatem

210 3135 539 3207 ἰσχύσαμεν,
572 3133 705 3188 πολὺ
748 3133 810 3187 τὸ
860 3134 1355 3205 ἀπεμφαινόμενον,
1408 3136 1501 3190 καὶ
1540 3137 1602 3190 τὸ
1642 3136 1800 3191 ἀλλό-

209 3241 369 3278 κοτον
403 3226 465 3277 ὲν
493 3226 605 3287 τοῖς
650 3224 1070 3295 σημαινομένοις
1114 3228 1568 3297 κατανοήσαντες.
1598 3229 1660 3281 Ei
1691 3228 1799 3300 γὰρ

214 3310 541 3382 παρέπεται
580 3311 661 3378 τῷ
688 3312 811 3379 Θεῷ
842 3313 909 3368 τὸ
942 3315 1295 3385 ἀγέννητον,
1327 3317 1389 3370 τὸ
1421 3316 1476 3370 δὲ
1508 3318 1803 3389 ἀγέννητον

208 3405 372 3457 casia
416 3405 561 3464 ἐστὶ,
609 3403 703 3458 δύο
750 3407 967 3470 πάντως
1019 3406 1217 3459 οὐσιῶν
1260 3406 1468 3462 ἔννοιαν
1518 3410 1577 3463 ἐν
1620 3408 1802 3480 ταύτῷ

211 3498 622 3560 κατασκευάζει
647 3500 677 3552 ό
710 3498 895 3568 λόγος·
935 3502 1011 3564 ὠς
1056 3496 1196 3554 εἶναι
1236 3500 1334 3571 μὲν
1374 3500 1467 3555 τὸν
1496 3501 1627 3555 Θεὸν
1663 3503 1804 3558 κατά

211 3586 429 3647 ταύτὸν,
464 3588 543 3651 ὡς
575 3583 712 3641 εἶναι
744 3590 896 3654 ποτὲ,
931 3592 1025 3644 καὶ⁵
1060 3586 1200 3645 εἶναι
1240 3592 1630 3646 πεπίστευται·
1657 3592 1806 3663 ἔχειν

204 3679 267 3734 δὲ
308 3680 705 3751 παρεπομένην
754 3680 902 3753 αύτῷ
942 3682 1129 3739 οὐσίαν
1160 3683 1346 3755 ἄλλην,
1376 3684 1443 3754 ἦν
1483 3684 1806 3756 ἀγεννησίαν

205 3771 737 3842 προσαγορεύουσιν,
765 3773 952 3845 ἕτερόν
979 3792 1030 3829 τι
1059 3771 1245 3840 οὖσαν,
1272 3776 1422 3848 παρά
1448 3776 1538 3830 τὸν
1565 3769 1627 3830 οὗ
1660 3776 1807 3830 ἐστιν

205 3862 664 3934 ἐπακολούθημα,
710 3864 892 3930 καθώς
935 3884 1100 3938 φησιν
1144 3870 1174 3922 ὁ
1216 3866 1564 3932 διδάσκαλοςο
1614 3869 1708 3923 καὶ
1758 3872 1809 3925 εί

203 3952 359 4007 οὕτω
388 3953 567 4007 ταῦτα
612 3954 826 4010 κελεύει
878 3960 1038 4022 νοεῖν,
1086 3958 1381 4029 συγγνώτω
1416 3962 1530 4025 τοῖς
1571 3961 1809 4026 ἰδιώταις

204 4044 369 4113 ἡμῖν,
401 4042 481 4114 μὴ
524 4042 843 4115 δυναμένοις
874 4047 943 4118 τῇ
993 4045 1282 4118 λεπτότητι
1331 4046 1502 4119 ταύτῃ
1540 4046 1650 4101 τῶν
1678 4047 1812 4101 θεω-

212 4131 488 4204 ρημάτων
521 4131 867 4201 ἐφίστασθαι.

281 4330 347 4383 ΕΙ
361 4329 427 4383 δὲ
448 4327 744 4383 ἀποϐάλλει
760 4328 946 4385 τοῦτον
961 4330 1052 4384 τὸν
1071 4329 1247 4400 λόγον,
1273 4328 1445 4383 καὶοῦ
1467 4330 1599 4402 φησι
1620 4328 1811 4401 διπλῆν

210 4419 404 4475 οὐσίαν
432 4420 567 4492 περὶ
584 4421 676 4474 τὸν
702 4419 833 4474 Θεὸν
861 4418 1061 4489 λέγειν,
1078 4421 1177 4493 τὴν
1202 4419 1299 4491 μὲν
1325 4420 1390 4474 ἐκ
1411 4420 1509 4490 τῆς
1537 4418 1811 4491 θεότητος,

210 4509 395 4580 τὴνᾶ
420 4511 491 4564 ἐκ
528 4509 631 4580 τῆς
659 4509 981 4579 ἀγεννησίας
1016 4508 1440 4582 γνωριζομένην,
1467 4508 1646 4580 ἑαυτῷ
1680 4525 1816 4581 συμ-

212 4601 574 4657 Mucium
613 4601 643 4653 ὁ
668 4601 807 4672 μήτε
832 4600 1108 4672 προπετὴς
1135 4600 1230 4653 καὶ
1253 4599 1547 4671 ἀπόνηρος,
1577 4599 1652 4671 μὴ
1679 4599 1813 4653 πολῦ

213 4696 408 4767 νέμειν
424 4696 552 4757 ταῖς
574 4691 881 4765 λοιδορίαις,
901 4694 960 4746 ἐν
982 4696 1093 4757 τοῖς
1112 4692 1251 4765 ὑπὲρ
1270 4693 1367 4763 τῆς
1383 4691 1639 4763 ἀληθείας
1671 4691 1818 4760 ἀγῶ-

218 4804 331 4840 σιν·
361 4785 506 4840 ἀλλὰ
525 4783 810 4852 διασαφεῖν
832 4785 940 4847 τοῖς
964 4781 1305 4846 ἀπαιδεύτοις
1327 4784 1477 4853 ἡμῖν,
1502 4781 1619 4847 πῶς
1640 4781 1700 4836 τὸ
1720 4785 1815 4835 ἐπ-

216 4874 577 4939 ακολουθοῦν,
627 4873 723 4928 καὶ
760 4873 824 4927 τὸ
866 4872 1273 4945 προηγούμενον
1325 4873 1426 4928 οὐκ
1462 4873 1591 4928 ἀλλο
1632 4891 1685 4927 τι
1724 4874 1818 4927 καί⁸

216 4967 347 5022 ἄλλο
378 4966 555 5028 ἐστὶν,
579 4964 693 5019 ἀλλ’
714 4963 774 5020 ἐν
811 4965 1097 5036 ἀμφότερα
1120 4965 1326 5034 γίνεται
1346 4980 1360 4995 ’
1386 4965 1479 5018 καὶ
1514 4963 1622 5034 γὰρ
1648 4964 1704 5016 ὲν
1735 4960 1818 5027 οἷς

221 5059 611 5132 ὕπἰρμάχεται
653 5057 750 5111 νῦν
802 5056 898 5111 τοῦ
925 5056 1106 5126 λόγου,
1156 5055 1306 5127 μένει
1340 5054 1735 5127 παραπλησίως
1757 5053 1819 5108 τὸ

218 5150 433 5205 ἄτοπον
459 5150 558 5203 καὶ
586 5149 762 5215 οὐδὲν,
790 5147 970 5212 καθὼς
1000 5149 1163 5213 αὐτός
1192 5164 1379 5220 φησιν,
1409 5148 1443 5219 η
1474 5146 1582 5203 τῶν
1629 5148 1815 5219 εὐαρι-

220 5241 454 5313 θμητων
505 5240 731 5295 ἐκείνων
780 5241 1065 5312 προσθήκη
1110 5239 1370 5312 ῥημάτων
1406 5237 1709 5311 διορθοῦται
1757 5238 1818 5292 τὸ

220 5333 331 5387 τῶν
360 5331 676 5405 εἰρημένων
696 5331 1042 5404 ἀσύμφωνον.
1069 5331 1200 5386 Τίνα
1227 5332 1338 5402 γὰρ
1362 5333 1419 5385 ἐν
1442 5330 1649 5396 τούτοις
1671 5331 1819 5385 ἐστιν

226 5425 413 5495 εὑρεῖν
450 5422 824 5490 διδασκαλίαν,
856 5422 1011 5478 ούπω
1058 5424 1296 5477 κατιδεῖν
1326 5423 1619 5496 ἠδυνήθην.
1657 5424 1821 5495 Εἰρή-

230 5531 385 5572 aut
423 5515 483 5570 δέ
520 5514 665 5570 αὐτὰ
703 5516 773 5571 τά
805 5516 1165 5588 γεγραμμένα
1214 5517 1344 5586 παρ’
1380 5514 1544 5570 αὐτοῦ
1599 5515 1692 5569 ἐπὶ
1731 5515 1820 5569 λέ-

230 5605 385 5672 ξιυς.
411 5608 701 5677 illam,
729 5607 884 5678 φησι,
905 5604 1154 5663 Μᾶλλον
1176 5605 1246 5661 δὲ
1280 5607 1430 5661 αὺτό
1458 5606 1631 5659 ἐστιν
1657 5604 1821 5676 ἀγένο

1902 3138 2105 3193 stantia
2153 3148 2232 3194 est
2278 3139 2568 3209 ingenitum
2600 3154 2619 3192 :
2649 3155 2759 3195 non
2801 3141 3041 3211 amplius
3092 3140 3488 3196 connexionem

1901 3230 2210 3301 intelligere
2245 3232 2546 3301 potuimus,
2569 3230 2776 3301 quippe
2819 3231 2873 3286 in
2904 3230 3235 3303 signiﬁcatis
3269 3230 3489 3286 diversa

1903 3319 2199 3375 admodum
2231 3328 2285 3375 et
2317 3320 2546 3376 adversa
2573 3321 2835 3375 varietate
2863 3320 3224 3390 deprehensa.
3248 3318 3306 3374 Si
3335 3319 3482 3374 enim

1899 3415 2180 3486 ingenitum
2254 3411 2492 3482 sequitur
2546 3409 2766 3465 Deum:
2817 3410 3117 3482 ingenitum
3174 3417 3355 3465 autem
3405 3417 3491 3465 est

1904 3504 2243 3564 substantia.
2296 3503 2528 3558 diversa:
2588 3503 2913 3559 substantia:
2952 3503 3007 3557 in
3053 3502 3241 3557 eodem
3281 3503 3489 3558 consti-

1905 3602 2130 3649 tuantur
2156 3603 2412 3666 oportet;
2472 3604 2531 3649 ut
2585 3594 2807 3666 quidem
2871 3594 3013 3650 Deus
3066 3595 3137 3649 sit
3189 3593 3488 3650 secundum

1906 3687 2071 3751 idem,
2100 3688 2244 3742 sicut
2283 3687 2413 3741 olim
2442 3697 2583 3753 erat,
2616 3698 2670 3742 et
2709 3702 2835 3742 esse
2863 3687 3111 3742 creditus
3136 3693 3238 3752 est,
3289 3686 3490 3741 habeat

1905 3792 2036 3834 vero
2088 3778 2512 3847 subsequentem
2564 3792 2624 3833 se
2676 3777 3041 3832 substantiam
3086 3776 3271 3841 aliam,
3324 3788 3489 3845 quam

1907 3867 2399 3924 innascibilitatem
2434 3867 2740 3934 nominant,
2784 3881 2906 3937 qua:
2943 3865 3088 3919 aliud
3126 3863 3387 3935 quiddam
3418 3865 3493 3920 sit

1909 3960 2124 4025 abillo,
2183 3960 2346 4029 cujus
2396 3961 2614 4030 sequela
2672 3967 2774 4023 est,
2828 3965 2989 4028 prout
3031 3957 3223 4012 doctor
3278 3957 3490 4026 objicit.

1908 4052 2064 4120 Quod
2096 4054 2141 4108 si
2176 4052 2321 4108 hunc
2374 4053 2427 4107 in
2465 4051 2686 4107 modum
2720 4052 2837 4105 haec
2861 4049 3089 4121 intelligi
3135 4051 3306 4119 cupit,
3339 4049 3493 4119 igno-

1916 4151 2037 4199 scat
2090 4144 2250 4199 nobis
2312 4143 2573 4208 indoctis,
2618 4142 2710 4212 qui
2768 4141 3125 4197 subtilitatem
3182 4140 3495 4212 bujusmodi

1911 4234 2350 4304 speculatiouum
2372 4246 2566 4302 capere
2599 4230 2911 4300 nequimus.

1981 4324 2248 4380 Caeterum
2279 4325 2325 4378 si
2354 4323 2458 4377 hoc
2483 4337 2649 4378 sensu
2680 4320 2971 4392 repudiato
3002 4330 3235 4390 asserat,
3284 4339 3345 4379 se
3376 4338 3487 4379 non

1913 4423 2157 4471 statuere
2193 4416 2246 4469 in
2279 4413 2390 4469 Deo
2415 4411 2693 4484 duplicem
2715 4413 3039 4478 essentiam,
3063 4414 3286 4469 alteram
3306 4412 3375 4470 de
3409 4413 3497 4469 di-

1919 4506 2167 4569 vinitate,
2206 4504 2430 4559 alteram
2461 4503 2530 4559 de
2566 4502 3017 4565 innascibilitate,
3084 4503 3330 4560 obtineat
3382 4519 3413 4558 a
3438 4520 3500 4561 se

1923 4596 2103 4660 homo,
2148 4611 2323 4668 neque
2348 4609 2612 4666 praeceps,
2661 4608 2841 4664 neque
2864 4594 3192 4657 malitiosus,
3222 4603 3282 4649 ut
3306 4595 3359 4650 in
3381 4610 3499 4651 cere

1921 4688 2221 4744 taminibus
2274 4700 2374 4759 pro
2400 4685 2654 4750 veritate,
2701 4684 2967 4740 conviciis
2995 4701 3103 4740 non
3147 4687 3378 4741 multum
3408 4687 3495 4743 in-

1922 4781 2177 4852 dulgeat;
2212 4779 2307 4835 sed
2333 4778 2571 4834 dilucide
2614 4784 2855 4850 exponat
2887 4777 3073 4844 nobis,
3112 4779 3388 4848 quomodo
3416 4778 3496 4846 id,

1924 4873 2067 4944 quod
2098 4872 2366 4943 sequitur,
2395 4880 2451 4925 et
2476 4870 2551 4936 id,
2581 4872 2728 4942 quod
2769 4870 3167 4940 antegreditur,
3188 4871 3299 4927 sint
3323 4887 3492 4929 unum

1920 4971 1972 5018 et
2001 4963 2164 5026 idem,
2196 4978 2303 5017 non
2336 4962 2482 5017 aliud
2510 4970 2675 5032 atque
2699 4962 2880 5027 aliud;
2928 4978 3053 5018 nam
3084 4978 3234 5018 nunc
3276 4964 3498 5035 quidem

1921 5055 2013 5121 iis,
2043 5070 2163 5125 quae
2192 5055 2276 5110 sui
2308 5052 2496 5109 tuendi
2527 5067 2695 5109 causa
2727 5053 2958 5123 profert,
3001 5054 3136 5109 nihil
3162 5054 3346 5121 elﬁcit,
3397 5054 3499 5111 ab-

1924 5145 2193 5202 surditate
2240 5162 2395 5217 aeque
2441 5159 2506 5200 ac
2538 5152 2700 5199 antea
2732 5153 3148 5216 perseverante,
3188 5159 3385 5217 neque,
3440 5153 3501 5200 ut

1926 5241 2160 5309 ipsemet
2192 5240 2288 5303 ait,
2322 5238 2593 5293 orationis
2637 5237 2790 5294 illius
2820 5248 2929 5293 tam
2980 5237 3266 5293 concinnae
3308 5245 3503 5293 rotun-

1925 5326 2070 5384 ditas
2101 5343 2166 5383 ac
2192 5335 2494 5383 concentus
2557 5328 2876 5381 inconsonte
2920 5326 3189 5382 doctrina:
3230 5326 3497 5383 medetur.

1927 5419 2101 5486 Quam
2136 5417 2280 5472 enim
2312 5417 2672 5473 eruditionem
2707 5416 2767 5471 in
2809 5418 2897 5471 his
2927 5417 3171 5488 reperire
3198 5417 3380 5485 liceat,
3397 5433 3503 5491 ego

1929 5511 2166 5567 necdum
2215 5509 2524 5581 perspicere
2576 5509 2752 5581 potui.
2802 5506 2911 5562 Sed
2940 5508 3208 5565 verbatitn
3258 5509 3349 5567 hic
3377 5511 3504 5568 red-

1928 5604 2126 5660 damus
2155 5617 2243 5669 ea,
2298 5615 2421 5672 quae.
2457 5602 2702 5672 scripsit.
2765 5599 3034 5666 Diximus,
3085 5601 3282 5673 inquit,
3332 5604 3504 5674 Magis

226 5714 423 5772 mror
441 5743 457 5769 ,
489 5702 607 5760 οὐκ
626 5701 714 5769 είς
753 5699 821 5757 τὸ
851 5694 1005 5757 εῖναι
1035 5698 1469 5770 συναιροῦντες
1494 5696 1560 5754 τὸ
1586 5698 1802 5767 ὄειχθὲι

1932 5698 2103 5769 ipsum
2158 5694 2444 5768 ingenitum
2483 5704 2558 5751 est
2600 5694 2921 5766 substantia,
2983 5710 3085 5750 non
3116 5695 3184 5750 ad
3248 5697 3506 5752 exsistan-
