4032 6208
570 280 680 338 453

1836 273 1895 328 S.
1941 270 2277 329 GREGORII
2321 269 2614 327 NYSSENI

3737 272 3841 328 456

571 401 700 452 tianz
731 395 1090 466 perduceutes,
1128 392 1264 464 quod
1295 393 1439 462 sequi
1466 391 1888 448 demonstratum
1924 401 2024 456 est,
2054 391 2142 446 sed

2248 390 2624 445 ἀκολουθεῖν.
2669 386 2857 442 Ἀλλὰ
2904 390 2971 441 τὸ
3015 387 3133 457 μὲν
3184 387 3506 443 ἀκολουθεῖ
3538 387 3613 457 τῇ
3661 404 3840 459 πρισ-

567 490 664 544 hoc
691 486 901 558 quidem
929 485 1168 554 sequitur
1195 484 1562 552 appellationi,
1613 485 1667 537 id
1703 501 1820 538 vero
1853 483 1990 552 quod
2046 490 2148 546 est,

565 580 810 636 essentia:
839 573 1471 640 aceammodantes.Quze
1523 574 1707 630 omnia
1772 573 1817 628 si
1873 574 1926 626 in
1981 586 2150 626 unum

569 671 821 740 colligas,
869 669 975 724 huc
1008 676 1122 722 tota
1153 667 1332 721 oratio
1376 667 1581 721 recidet
1611 683 1624 720 :
1660 665 1815 736 sequi
1847 665 2149 732 ingenitum

576 775 776 815 nomen
809 777 821 812 :
853 755 1294 828 quandoquidem
1327 755 1502 824 ipsum
1552 760 1636 808 est
1683 753 1799 822 ipse
1851 751 2147 822 ingenitus.

567 853 739 919 Quem
777 853 969 905 horum
1004 850 1296 904 verborum
1336 847 1688 916 interpretem
1724 841 2153 900 advocabimus?

571 945 695 998 Non
727 943 795 996 ad
827 943 1218 1005 exsisleuliam,
1251 939 1452 1010 inquit,
1496 938 1855 1007 perdueeutes,
1891 935 2030 1006 quod
2065 951 2148 988 se—

569 1037 663 1107 qui
724 1036 1143 1088 demonstratum
1206 1040 1304 1085 est.
1366 1029 1501 1083 Illud
1546 1025 1922 1098 συναιροῦντες
1951 1024 2151 1079 dixerit

568 1130 707 1184 forte
732 1129 930 1197 aliquis
971 1140 1299 1180 arcanorum
1355 1123 1657 1193 expositor,
1709 1137 1834 1176 eum
1879 1132 2150 1188 usurpare

568 1222 688 1274 loco
723 1219 972 1274 vocabuli
999 1217 1769 1282 συνάπτοντες,εοηηεειεηιεε.
1792 1211 2148 1282 Reliquorum

567 1321 771 1376 autem,
799 1327 906 1382 qua
939 1313 1160 1364 tandem
1214 1310 1427 1363 ratione
1463 1307 1665 1377 aliquis
1710 1305 2146 1373 intelligentiam,

565 1415 617 1458 et
651 1403 1048 1458 connexionem
1101 1400 1477 1470 assequatur?
1522 1399 1676 1464 Quod
1724 1405 1907 1454 ortum
1959 1403 2042 1451 est
2079 1411 2144 1449 ex

566 1497 810 1565 sequela,
851 1511 959 1549 non
991 1494 1058 1548 ad
1096 1493 1415 1555 essentiam,
1475 1493 1568 1547 sed
1600 1492 1667 1546 ad
1705 1490 2144 1560 appellationem,

569 1587 952 1656 cognationem
984 1593 1038 1639 et
1080 1583 1452 1638 habitudinem
1497 1583 1678 1637 habet.
1737 1581 1878 1648 Quid
1915 1596 2063 1645 vero,
2113 1594 2147 1634 ο

567 1679 993 1748 sapientissime,
1027 1674 1358 1746 appellatio?
1380 1673 1520 1729 Num
1559 1673 1808 1729 dissonat
1855 1673 1924 1726 ab
1958 1687 2146 1726 essen-

2257 482 2486 550 ηγορίᾳ,
2514 481 2580 534 τὸ
2612 479 2680 533 δὲ
2702 479 2857 543 ἐστὶ,
2897 478 2970 547 τῇ
3018 479 3197 547 οὐσίᾳ
3235 480 3728 550 συναρμόζοντες.
3745 480 3840 539 Ὧν

2260 571 2640 638 συντεθέντων,
2668 571 2877 641 γένοιτο
2925 571 2992 625 ἂν
3039 572 3146 634 πᾶς
3196 572 3224 624 ὁ
3269 571 3425 640 λόγος
3467 573 3733 638 τοιοῦτος’
3763 577 3840 632 ὅτι

2258 664 2543 719 ἀκολουθεῖ
2567 664 2630 718 τὸ
2655 664 2950 734 ἀγέννητον
2993 663 3199 735 ὄνομα·
3251 665 3479 737 ἐπείπερ
3517 667 3648 720 αὑτό
3699 669 3840 723 ἐστιν

2256 757 2571 829 ἀγέννητος.
2589 757 2721 810 Τίνα
2742 758 2922 811 τοίνυν
2949 757 3192 828 ἑρμηνέα
3212 756 3320 810 τῶν
3345 757 3650 828 εἰρημένων
3675 777 3841 831 παρα-

2259 847 2602 918 στησόμεθα;
2638 850 2759 901 Οὐκ
2793 850 2879 913 εἰς
2910 847 2976 900 τὸ
3018 843 3190 912 εῖναι,
3226 847 3378 917 φησι,
3417 850 3840 918 συναιροῦντες

2256 937 2323 992 τὸ
2342 938 2578 1007 δειχθέν
2595 939 2968 995 ἀκολουθεῖν.
2997 937 3158 991 Ἀλλά
3182 939 3244 991 τὸ
3273 938 3371 1009 μὲν
3394 941 3836 1009 συναιροῦντες,

2259 1029 2388 1093 ἴσως
2435 1031 2498 1084 ἄν
2544 1047 2688 1094 τινες
2728 1030 2836 1083 τῶν
2876 1031 3299 1100 αἰνιγματιστῶν
3350 1031 3550 1084 εἴποιεν
3589 1031 3706 1085 ἀντὶ
3750 1034 3838 1088 τοῦ

2255 1120 2690 1187 συνάπτοντες,
2726 1121 2874 1191 αὐτῷ
2907 1121 3210 1191 νενοῆσθαι.
3259 1120 3380 1176 Τῶν
3411 1121 3468 1174 δὲ
3501 1121 3702 1176 λοιπῶν
3727 1125 3838 1188 πῶς

2255 1211 2427 1276 ἆν,τις
2457 1213 2701 1284 ὲπιγνοίη
2734 1213 2795 1265 τὸ
2824 1213 3041 1266 συνετὸν
3087 1213 3181 1265 καὶ
3215 1212 3530 1280 ἀκόλουθον;
3555 1211 3629 1264 Τὸ
3655 1214 3838 1283 φανὲν,

2256 1303 2439 1374 φησὶν,
2473 1306 2537 1357 ὲκ
2566 1305 2663 1374 τῆς
2693 1303 3036 1368 ἀκολουθίας,
3065 1304 3126 1356 ού
3171 1303 3306 1372 πρὸς
3341 1304 3438 1374 τὴν
3466 1303 3674 1369 οὐσίαν,
3707 1306 3840 1360 ἀλλὰ

2255 1394 2390 1465 πρὸς
2419 1393 2516 1465 τὴν
2549 1394 2918 1465 προσηγορίαν
2951 1392 3167 1456 οἰκείως
3202 1393 3336 1463 ἔχει.
3379 1394 3442 1446 Ἡ
3474 1394 3528 1447 δὲ
3570 1411 3840 1465 προσηγο-

2255 1483 2366 1553 ρία,
2392 1478 2437 1537 ὧ
2468 1484 2765 1554 σοᾳώτατε.
2800 1484 2888 1548 τίς
2933 1485 3168 1554 Πότερον
3197 1484 3391 1556 ἀπᾴδει
3427 1485 3528 1554 τῆς
3569 1484 3781 1548 οὐσίας,
3810 1485 3839 1554 ἢ

2256 1575 2551 1647 σύνδρομός
2581 1579 2696 1630 ἐστι
2752 1576 2894 1630 κατά
2933 1577 3030 1647 τὴν
3065 1576 3299 1642 έννοιαν;
3325 1579 3374 1630 εί
3413 1579 3510 1648 μὲν
3546 1579 3654 1650 γὰρ
3691 1581 3842 1634 ἀνοι-

2253 1668 2418 1731 κείως
2455 1667 2569 1738 ἔχει
2615 1668 2750 1739 πρὸς
2786 1669 2886 1740 τὴν
2929 1668 3114 1721 οὐσίαν
3145 1669 3206 1721 τὸ
3241 1667 3429 1739 ὄνομα,
3464 1669 3581 1734 πῶς
3609 1671 3710 1723 ὑπὸ
3745 1673 3844 1742 τῆς

566 1771 662 1830 tia,
695 1786 761 1822 an
795 1769 842 1822 ei
871 1767 1171 1822 secundum
1211 1766 1490 1820 notionem
1524 1763 1834 1819 consonat?
1893 1761 1951 1816 Si
1999 1762 2142 1816 enim

2249 1761 2344 1814 τοῦ
2375 1762 2670 1832 ἀγεννήτου
2709 1761 3077 1832 προσηγορίας
3106 1763 3138 1832 ή
3166 1761 3321 1814 οὐσία
3352 1764 3838 1834 χαρακτηρίζεταις

564 1861 858 1932 appellatio
905 1874 1030 1913 cum
1087 1858 1330 1913 essentia
1369 1857 1574 1911 nullam
1630 1871 1858 1926 prorsus
1899 1869 2148 1909 commu-

565 1953 784 2006 nionem
814 1945 1061 2011 haberet,
1113 1949 1392 2019 quomodo
1425 1949 1495 2002 ab
1521 1948 1745 2018 iugeniti
1787 1947 2151 2017 appellatione

563 2042 806 2098 essentia
862 2042 1087 2110 proprio
1130 2053 1233 2093 suo
1281 2038 1603 2093 charactere
1661 2035 2054 2106 insigniretur?
2093 2032 2149 2087 Si

563 2133 756 2203 igitur,
816 2141 974 2201 prout
1016 2131 1134 2200 ipse
1191 2143 1383 2194 vocas,
1424 2135 1657 2198 cognate
1713 2135 1766 2182 et
1824 2128 2151 2181 naturaliter

562 2223 804 2280 essentia
833 2222 901 2275 ab
945 2219 1377 2274 innascibilitale
1435 2217 1770 2279 continetur,
1829 2231 1938 2285 quo
1989 2223 2148 2284 pacto

562 2316 652 2370 hic
692 2313 1049 2382 sejuugitur?
1097 2309 1308 2364 Nomen
1371 2310 1614 2363 essentia:
1671 2325 1762 2362 seu
1811 2308 2144 2372 substantite,

565 2406 765 2474 inquit,
794 2401 864 2456 ad
890 2400 1038 2454 aliud
1074 2402 1343 2472 sequitur;
1375 2407 1431 2455 et
1467 2414 1662 2454 rursus
1702 2416 1715 2451 :
1757 2399 1873 2465 ipsa
1907 2397 2142 2451 essentia

563 2497 632 2550 ad
667 2495 834 2548 aliud.
866 2494 997 2560 Quae
1038 2507 1168 2546 vero
1193 2491 1360 2546 totius
1397 2490 1559 2561 hujus
1575 2491 1842 2545 orationis
1867 2497 2146 2543 structura

562 2589 682 2644 est?
731 2587 1017 2657 Sequitur,
1070 2584 1269 2654 inquit,
1324 2581 1517 2646 Deum,
1571 2583 1872 2652 ingenitum
1923 2596 2143 2642 uulnen,

561 2680 1005 2752 quandoquidem
1041 2687 1124 2733 est
1150 2679 1266 2747 ipse
1301 2677 1601 2745 ingenitus.
1647 2674 1839 2740 Deum,
1872 2675 1964 2742 qui
1993 2672 2142 2726 aliud

562 2775 822 2846 quiddam
879 2782 984 2836 est,
1030 2787 1195 2842 quam
1255 2770 1587 2838 ingenitum,
1625 2767 1887 2836 subsequi
1927 2765 2003 2819 ait
2043 2765 2146 2822 hoc

562 2882 784 2921 nomen.
817 2863 1106 2929 Quomodo
1130 2861 1478 2915 divinitatem
1523 2859 1967 2914 innascibilitate
2015 2857 2146 2910 deli-

562 2957 681 3011 nit?
727 2958 795 3011 At
849 2956 1047 3009 iterum
1098 2951 1328 3022 oggerit,
1367 2949 1560 3012 Deum,
1610 2950 1702 3019 qui
1746 2948 1984 3016 ingenite
2038 2956 2142 3012 est,

562 3047 822 3115 subsequi
855 3045 1203 3115 ingenitum?
1232 3042 1370 3109 Quis
1407 3041 1570 3096 nobis
1599 3040 2009 3095 reconditorum
2046 3042 2144 3093 hu-

557 3135 802 3208 jusmodi
875 3136 1194 3203 degmatum
1257 3131 1434 3186 nodos
1484 3130 1786 3186 dissolvet?
1848 3129 1986 3183 Ecce.
2039 3129 2139 3183 tibi

477 3261 484 3290 ι
559 3228 853 3296 ingenitum
879 3225 1214 3288 antecedens,
1250 3233 1303 3277 et
1371 3223 1664 3292 ingenitum
1698 3219 2056 3292 subsequens;
2086 3227 2140 3274 et

561 3319 980 3390 appellationem
1007 3317 1350 3378 substantiae,
1389 3329 1538 3368 nunc
1567 3312 1786 3383 quidem
1817 3312 2141 3367 naturaliter

560 3418 981 3482 competentem,
1023 3425 1172 3462 nunc
1203 3423 1304 3462 ceu
1351 3407 1543 3461 alienae
1575 3407 1743 3461 sortis
1785 3405 2139 3474 subsequen-

558 3515 690 3559 tem.
729 3504 865 3570 Quis
897 3503 986 3556 hic
1028 3509 1214 3555 tantus
1249 3508 1333 3554 est
1385 3514 1514 3569 erga
1558 3497 1998 3552 innascibilitatis
2038 3512 2137 3551 no-

557 3611 681 3651 men
715 3609 886 3665 pavor
933 3603 988 3649 et
1024 3590 1456 3660 obstupefactio,
1500 3598 1558 3643 ut
1596 3589 1672 3643 illi
1714 3597 1880 3642 totam
1927 3588 2130 3642 divini-

557 3689 689 3744 tatis
725 3695 975 3742 naturam
1009 3684 1308 3746 adscribat,
1335 3681 1659 3746 dictitando,
1690 3681 1736 3736 si
1766 3682 1870 3736 hoc
1901 3682 2126 3737 nomine

559 3779 703 3833 heus
743 3778 1033 3838 adiciatur,
1078 3774 1262 3829 Omnia
1292 3774 1510 3844 pictatis
1537 3772 1663 3842 jura
1717 3772 1923 3841 integra
1982 3773 2132 3839 fore;

2252 1853 2316 1904 Εἰ
2353 1853 2410 1906 δὲ
2461 1854 2775 1924 προσφυῶς,
2827 1851 3011 1917 καθὼς
3061 1853 3220 1917 αὐτὸς
3267 1854 3573 1924 ὀνομάζεις,
3608 1857 3710 1909 ὑπὸ
3743 1859 3842 1926 τῆς

2250 1943 2578 2014 ἀγεννησίας
2621 1945 2654 2015 ἡ
2707 1943 2864 1998 οὐσία
2919 1944 3406 2016 περιλαμϐάνεται,
3446 1945 3562 2010 πῶς
3605 1947 3841 2002 ἐνταῦθα

2251 2034 2677 2106 καταμερίζεται
2701 2053 2714 2100 ;
2751 2035 2854 2090 Kal
2887 2035 3079 2104 τὸμὲν
3097 2036 3286 2106 ὄνομα
3305 2035 3411 2103 τῆς
3422 2038 3633 2104 οὐσίας
3657 2039 3842 2107 ἑτέρῳ

2249 2127 2584 2194 ἀκολουθεῖ,
2609 2127 2763 2196 αὐτὴ
2784 2128 2841 2181 δὲ
2873 2129 3036 2182 πάλιν
3057 2129 3096 2196 ἡ
3131 2130 3315 2183 οὐσία
3335 2127 3532 2199 ἑτέρῳ.
3580 2130 3678 2194 Τίς
3711 2132 3773 2185 δὲ
3809 2135 3838 2202 ἡ

2251 2219 2499 2284 σύνθεσις
2546 2221 2640 2272 τοῦ
2687 2220 2887 2284 παντὸς
2933 2221 3128 2290 λόγου;
3173 2221 3502 2287 Ἀκολουθεῖ,
3549 2223 3698 2293 φησὶ,
3763 2223 3840 2294 τῷ

2247 2308 2366 2380 6εῷ
2421 2309 2484 2362 τὸ
2542 2310 2838 2381 ἀγέννητον
2907 2311 3111 2382 ὄνομα,
3171 2314 3404 2385 ἐπείπερ
3466 2314 3627 2376 αὐτός
3685 2316 3838 2368 ἐστιν

2247 2400 2562 2470 ἀγέννητος.
2629 2401 2794 2454 Ἀλλο
2837 2420 2887 2456 τι
2937 2403 3050 2456 ὄντι
3090 2403 3167 2475 τῷ
3196 2405 3312 2477 Θεῷ
3343 2405 3493 2476 παρὰ
3527 2405 3586 2458 τὸ
3609 2406 3841 2478 ἀγέννηι

2246 2509 2336 2546 τον
2366 2492 2675 2546 ἀκολουθεῖν
2715 2492 2871 2546 τοῦτο
2907 2494 3053 2562 λέγει
3089 2495 3150 2547 τὸ
3188 2495 3391 2566 δνομα;
3425 2496 3534 2550 Καὶ
3576 2496 3692 2561 πῶς
3739 2499 3841 2567 τὴν

2247 2583 2476 2655 θεότητα
2523 2586 2582 2636 ἐν
2629 2588 2693 2656 τῇ
2743 2586 3038 2657 ἀγεννησίᾳ
3083 2587 3356 2658 ὀρίζεταις
3389 2588 3502 2641 ἀλλ’
3526 2589 3841 2658 ἀγεννήτως

2245 2675 2358 2729 δντι
2385 2677 2460 2747 τῷ
2495 2676 2614 2747 Θεῷ
2649 2677 2876 2730 ἔπεσθαι
2909 2677 3070 2732 πάλιν
3103 2679 3235 2749 φησὶ
3282 2679 3342 2732 τὺ
3369 2679 3694 2752 ἀγέννητον;
3729 2683 3844 2736 Καὶ

2246 2769 2327 2833 τίς
2353 2771 2484 2840 ἡμῖν
2506 2770 2614 2823 τῶν
2639 2771 2976 2842 αἰνιγμάτων
3006 2770 3208 2824 τούτων
3229 2771 3466 2827 διαλύσει
3490 2772 3581 2826 τὸν
3605 2773 3840 2844 γρίφονς

2259 2861 2606 2930 Ἀγέννητον
2655 2864 3107 2932 προηγούμενον
3127 2904 3140 2927 ,
3207 2866 3301 2918 καὶ
3355 2864 3686 2935 ἀγέννητον
3732 2866 3840 2935 ἐερ-

2244 2955 2563 3023 επόμενον,
2599 2955 2692 3008 καὶ
2727 2957 3100 3028 προσηγορίαν
3138 2957 3346 3021 οὐσίας,
3397 2959 3490 3012 νῦν
3523 2959 3620 3028 μὲν
3665 2976 3843 3030 προσ-

2247 3045 2396 3112 φυῶς
2441 3046 2886 3118 ὲφηρμοσμένην,
2941 3048 3102 3101 πάλιν
3146 3048 3204 3102 δὲ
3251 3049 3326 3113 ὡς
3369 3050 3653 3122 ἀλλοτρίαν
3696 3070 3844 3123 παρ-

2247 3136 2542 3207 επομένην.
2569 3137 2664 3200 Τίς
2695 3137 2752 3190 δὲ
2779 3137 2926 3208 αύτῷ
2990 3141 3082 3192 καὶ
3130 3141 3162 3210 ἡ
3209 3140 3438 3212 τοσαύτη
3473 3143 3600 3213 περὶ
3630 3143 3690 3196 τὸ
3740 3147 3843 3214 τῆς

2245 3226 2612 3295 ἀγεννησίας
2666 3228 2836 3298 ὄνομα
2890 3231 3149 3300 πτόησις’
3215 3230 3356 3284 ὥστε
3406 3232 3595 3302 ἐκείνῳ
3653 3235 3843 3286 πᾶσαν

2244 3316 2556 3372 ἀνατιθέναι
2596 3317 2694 3389 τὴν
2737 3319 2835 3388 τῆς
2875 3318 3125 3390 θεότητος
3174 3321 3363 3392 φύσινσ
3399 3324 3491 3376 καὶ
3523 3325 3571 3377 εί
3613 3325 3710 3394 μὲν
3746 3326 3842 3378 οὖ-

2242 3425 2350 3472 τως
2377 3409 2725 3480 ὀνομασθείη,
2763 3410 2928 3480 μηδὲν
2979 3412 3079 3480 τῆς
3122 3413 3400 3477 εὐσεϐείας
3441 3415 3640 3468 ἐνδεῖν
3683 3418 3736 3468 εἰ
3785 3417 3842 3468 δὲ

2246 3498 2341 3569 μὴ,
2373 3499 2464 3552 τὸν
2489 3500 2668 3552 πάντα
2690 3501 2790 3570 τῆς
2820 3501 3054 3567 πίστεως
3076 3504 3475 3559 κινδυνεύεσθαι
3506 3507 3698 3574 λόγον;
3724 3508 3842 3560 Καὶ

2239 3593 2288 3643 εί
2321 3591 2394 3662 μὴ
2431 3593 2680 3663 περιττόν
2723 3610 2805 3656 τις
2868 3595 2960 3646 καὶ
2999 3596 3266 3666 παρέλκον
3304 3599 3546 3668 οἰήσεται
3591 3599 3652 3651 τὸ
3702 3603 3844 3669 περὶ

2239 3683 2444 3738 τούτων
2472 3685 2676 3757 βραχέα
2705 3685 2996 3754 διαλαϐεῖν,
3030 3689 3228 3742 οὑτωσὶ⁵
3269 3690 3357 3743 τὸν
3391 3691 3544 3759 λόγον
3570 3690 3772 3761 διαλης
3785 3695 3842 3744 ό-

2247 3775 2409 3844 μεθα.

557 3873 602 3925 si
635 3871 841 3933 minus,
877 3875 1046 3922 totam
1094 3865 1216 3920 liilei
1267 3879 1539 3920 summam
1590 3865 1644 3918 in
1691 3863 1992 3932 periculum
2039 3865 2254 3920 vocari?
2287 3867 2354 3920 At
2392 3865 2498 3922 nisi
2569 3867 2698 3937 quis
2763 3867 3064 3924 arbitretur
3136 3885 3604 3942 supervacaneum
3670 3889 3842 3944 pror-

558 3981 654 4019 sus
687 3973 740 4018 et
788 3961 1193 4016 infructuosum
1252 3956 1390 4021 fore,
1439 3955 1507 4022 de
1539 3957 1623 4012 his
1674 3955 1908 4010 breviter
1950 3955 2224 4011 disserere
2248 4000 2262 4024 ,
2300 3960 2381 4014 sic
2407 3958 2836 4029 disputationem
2873 3961 3250 4017 instituemus.

627 4055 929 4111 lEteruitas
960 4054 1162 4108 divinat
1202 4051 1347 4116 vitae,
1401 4050 1446 4105 si
1478 4067 1598 4105 eam
1630 4051 1781 4105 velut
1823 4048 2140 4104 deﬁnitione

557 4151 791 4218 quadam
824 4147 1135 4201 describere
1169 4145 1324 4207 velis.
1354 4143 1621 4212 ejusmodi
1650 4149 1757 4204 est,
1793 4157 2010 4212 semper
2031 4149 2136 4209 est,

558 4256 660 4294 nec
695 4239 934 4292 admittit
974 4237 1270 4308 aliquando
1329 4251 1437 4290 non
1497 4234 1686 4301 fuisse,
1737 4243 1791 4290 et
1843 4232 2139 4304 aliquando

561 4349 669 4386 non
703 4332 970 4385 futurum.
1006 4329 1115 4385 Sed
1144 4328 1607 4400 quemadmodum
1645 4327 1737 4398 qui
1779 4342 1846 4382 ex
1883 4325 2136 4380 circulari

2316 4053 2390 4105 Τδ
2415 4054 2585 4108 ἀίδιον
2615 4057 2716 4126 τῆς
2745 4055 2893 4120 θείας
2939 4056 3104 4127 ζωῆς,
3142 4057 3216 4118 ὡς
3242 4057 3306 4111 ἄν
3336 4073 3418 4120 τις
3449 4058 3558 4126 ὅρῳ
3585 4057 3691 4110 τινὶ
3730 4077 3839 4112 πε-

2248 4145 2482 4216 ριλαϐὼν
2510 4147 2840 4218 ύπογράψειε
2861 4191 2874 4214 ,
2906 4148 3144 4202 τοιοῦτόν
3170 4150 3318 4204 ἐστιν
3338 4167 3351 4180 ·
3395 4151 3479 4203 ἀεὶ
3530 4151 3629 4220 μὲν
3654 4153 3716 4205 έν
3757 4152 3840 4223 τῷ

2245 4233 2384 4291 εἶναι
2424 4239 2935 4310 καταλαμϐάνεταιο
2992 4239 3084 4294 τοῦ
3116 4241 3171 4294 δὲ
3217 4240 3345 4294 ποτὲ
3389 4242 3462 4312 μὴ
3514 4237 3686 4306 εἶναι,
3739 4246 3839 4297 καὶ

2247 4329 2378 4382 ποτὲ
2431 4331 2505 4401 μὴ
2555 4330 2771 4384 ἔσεσθαι
2811 4331 2901 4385 τὸν
2954 4332 3110 4400 λόγον
3159 4334 3258 4386 οὐκ
3306 4333 3629 4404 ἐπιδέχεται.
3687 4336 3836 4388 Ἀλλ’

562 4427 734 4494 ligura
772 4425 990 4493 planum
1041 4396 1423 4486 dimetiuntur,
1460 4396 1744 4492 aequaliter
1777 4437 1806 4474 τι
1847 4427 2040 4475 centro
2075 4417 2142 4473 ad

2248 4396 2553 4493 mansp'éni
2578 4423 2672 4476 τοῦ
2705 4396 3064 4494 κυκλοτεροῦς
3097 4426 3392 4495 σχήματος,
3424 4396 3565 4479 οἷτά
3589 4427 3840 4482 ἐπίπεδα

561 4517 878 4570 distantiam
911 4517 1068 4570 linea:
1091 4515 1147 4568 in
1184 4531 1240 4570 se
1263 4514 1589 4575 convoluta,
1623 4511 1962 4567 indeﬁnitum
1989 4511 2141 4580 prin-

561 4608 763 4678 cipium
799 4607 985 4678 ﬁgura;
1031 4623 1155 4663 esse
1185 4608 1364 4667 aiunt,
1417 4606 1561 4659 linea
1594 4619 1772 4672 neque
1802 4603 1854 4656 in
1887 4609 2140 4672 apertum

563 4701 724 4756 linem
777 4701 1084 4761 desinente,
1141 4713 1320 4768 neque
1371 4698 1532 4752 etiam
1570 4710 1599 4748 a
1647 4694 1938 4750 manifesto
1985 4695 2141 4749 initio

561 4793 960 4864 progrediente,
1003 4792 1096 4847 sed
1130 4792 1491 4860 undequaque
1526 4787 1642 4858 pari
1681 4790 1858 4856 spatio
1885 4802 1915 4839 a
1948 4795 2140 4843 centro

561 4883 886 4952 sibimetipsi
918 4883 1195 4952 capulata,
1233 4890 1288 4934 et
1315 4879 1586 4950 principio
1609 4886 1662 4934 et
1697 4878 1802 4933 ﬁne
1836 4891 2029 4932 carere
2055 4877 2141 4930 vi-

559 4975 752 5031 detur:
816 4975 1007 5044 procul
1063 4973 1207 5027 absit
1253 4972 1640 5034 calumniator,
1697 4968 1843 5040 quod
1893 4969 2138 5024 circum-

561 5068 780 5138 scriptm
801 5065 1108 5122 etdelinita:
1143 5064 1347 5136 ﬁgurae,
1378 5064 1850 5134 circumscriptam
1883 5071 2136 5118 naturam

559 5160 1026 5230 comparaverim:
1063 5173 1168 5212 non
1195 5158 1339 5212 enim
1366 5158 1430 5211 ad
1458 5157 1648 5211 circuli
1676 5155 2142 5225 circumscriptio-

559 5267 704 5318 nem,
741 5250 834 5307 sed
870 5249 934 5304 ad
975 5247 1385 5305 similitudinem
1429 5247 1548 5316 ejus
1597 5248 1721 5302 vita:
1754 5263 1848 5302 seu
1905 5254 2135 5308 naturae,

559 5359 682 5411 qua:
736 5345 1101 5414 undequaque
1150 5340 1723 5412 incomprehensibilis
1772 5348 1874 5404 est,
1931 5338 2135 5401 intuiti,

561 5432 895 5486 allirmamus
926 5434 1067 5487 hanc
1093 5432 1417 5486 mtcrnitatis
1448 5433 1726 5485 notionem
1757 5445 1902 5485 esse.
1934 5432 1974 5481 A
2004 5444 2138 5498 prae-

563 5524 704 5576 smui
736 5525 878 5578 enim
913 5533 1209 5590 momento,
1263 5525 1408 5579 velut
1445 5539 1472 5577 a
1505 5533 1693 5578 centro
1730 5531 1782 5576 et
1811 5522 1968 5592 signo
1997 5537 2136 5590 quo-

563 5611 709 5675 dam,
745 5623 979 5668 mentem
1005 5617 1069 5669 ad
1100 5616 1420 5670 inﬁnitatem
1454 5615 1577 5669 vitae
1602 5614 1751 5669 illius
1780 5612 2139 5667 extendentes

562 5712 616 5760 et
643 5704 1100 5773 circumagentes,
1140 5709 1424 5765 aequaliter
1448 5718 1500 5763 et
1531 5706 1784 5762 similiter
1812 5704 1882 5760 ab
1909 5703 2136 5759 innuen-

2242 4515 2702 4586 γεωμετροῦντες,
2734 4517 2918 4588 ἐξίσης
2945 4518 3052 4571 ἀπὸ
3076 4519 3168 4571 τοῦ
3196 4519 3420 4591 κέντρου
3451 4519 3584 4590 πρὸς
3611 4519 3672 4573 τὸ
3711 4522 3838 4575 διά-

2245 4621 2424 4674 στημα
2470 4606 2568 4676 τῆς
2615 4607 2880 4678 γραμμῆς
2918 4608 3053 4680 πρὸς
3086 4610 3282 4680 ἑαυτὴν
3309 4611 3632 4681 έλιχθείσης,
3664 4612 3835 4683 ἀόρι-

2243 4713 2366 4749 στον
2394 4691 2650 4768 εἶναιτὴν
2672 4699 2846 4770 ἀρχὴν
2865 4699 2958 4753 τοῦ
2983 4701 3260 4771 σχήματος
3287 4700 3502 4769 λέγουσι
3528 4719 3540 4732 ·
3576 4705 3719 4773 μήτε
3749 4705 3838 4766 εἰς

2239 4789 2392 4852 τέλος
2420 4788 2876 4861 ὁμολογούμενον,
2927 4793 3064 4864 μήτε
3108 4795 3189 4855 εἰς
3223 4793 3398 4863 ἀρχὴν
3443 4793 3678 4865 φανερὰν
3724 4797 3840 4866 τῆς

2238 4881 2500 4953 γραμμῆς
2549 4883 2951 4954 διασπωμένης,
2994 4884 3108 4938 ἀλλ’
3155 4887 3219 4938 ὲκ
3264 4885 3372 4938 τῶν
3409 4886 3536 4938 ἴσων
3583 4886 3838 4955 διαστη-

2243 4972 2428 5041 μάτων
2462 4973 2798 5044 πανταχόθεν
2819 4975 2882 5026 ὲκ
2912 4975 3006 5028 τοῦ
3030 4975 3254 5046 κέντρου
3282 4974 3418 5046 πρὸς
3444 4975 3642 5045 ἑαυτὴν
3672 4977 3839 5044 ἠνω-

2243 5062 2431 5134 μένης,
2467 5065 2723 5133 ἐκφυγεῖν
2769 5066 2830 5120 τὸ
2863 5067 3036 5137 ἀρχήν
3069 5085 3189 5121 τινα
3266 5067 3357 5122 καὶ
3390 5067 3643 5138 τελευτὴν
3688 5070 3833 5123 Em.-

2238 5153 2512 5218 δείξασθαι
2533 5173 2546 5186 ·
2581 5155 2723 5209 οὕτω
2766 5156 2859 5210 καὶ
2891 5157 3077 5228 μηδεὶς
3110 5157 3516 5226 συκοφαντείτω
3543 5158 3634 5211 τὸν
3658 5157 3838 5226 λόγον

2238 5242 2314 5306 ὡς
2360 5245 2860 5315 περιγεγραμμένῳ
2910 5247 3147 5315 σχήματι
3203 5247 3301 5318 τήν
3355 5245 3606 5317 ἀόριστον
3653 5246 3836 5315 φύσιν

2239 5337 2710 5405 προσεικαζὼτων
2733 5353 2744 5366 ·
2776 5337 2837 5388 ού
2879 5336 2987 5407 γὰρ
3019 5337 3155 5408 πρὸς
3194 5337 3291 5409 τὴν
3340 5337 3686 5409 περιγραφὴν
3721 5337 3838 5391 τοῦ

2239 5425 2437 5478 κύκλου
2468 5425 2781 5495 βλέποντες,
2818 5425 2951 5478 ἀλλὰ
2993 5427 3128 5498 πρὸς
3160 5427 3220 5480 τὸ
3247 5429 3432 5499 ὅμοιον
3468 5427 3564 5481 τοῦ
3613 5445 3841 5481 παντα-

2239 5515 2393 5585 χόθεν
2442 5516 2682 5586 ἀλήπτου
2722 5518 2823 5587 τῆς
2871 5517 3018 5588 ζωῆς
3080 5519 3426 5590 ἀφορῶντες,
3487 5518 3667 5590 φαμὲν
3719 5519 3836 5572 τοῦ

2237 5607 2404 5660 ἀϊδίου
2442 5607 2540 5677 τὴν
2587 5608 2794 5661 ἔννοιαν
2839 5609 3042 5678 ταύτην
3085 5605 3243 5664 εἶναι.
3286 5610 3419 5664 Ἀπὸ
3451 5609 3561 5680 γὰρ
3590 5608 3680 5662 τοῦ
3717 5608 3838 5663 νῦν

2238 5697 2565 5764 ἐνεστῶτος,
2596 5698 2781 5753 ὥσπεο
2829 5700 2937 5755 ἀπὸ
2984 5701 3229 5774 κέντρου,
3271 5703 3365 5758 καὶ
3405 5703 3632 5775 σημείου
3665 5700 3841 5770 τινὸς
