4032 6208
256 376 357 438 ιιη

1373 377 1650 435 CONTRA
1690 379 2082 450 EUNOMIUM,
2140 385 2271 442 LIB.
2315 386 2356 445 Ι.

3413 403 3517 459 4ὸὸ

253 489 579 560 πανταχόθεν
607 491 709 561 τὴν
744 491 985 548 διάνοιαν
1028 494 1166 567 πρὸς
1201 496 1264 548 τὸ
1303 495 1528 567 ἀπειρον
1557 498 1655 568 τῆς
1685 498 1829 569 ζωῆς

1934 501 2095 558 sitate
2124 503 2214 558 illa
2242 505 2295 558 in
2320 505 2529 560 circulo
2552 507 3049 568 circumrotamur:
3089 512 3519 586 continuamque

252 580 651 644 luxuivowég
663 598 722 634 τε
742 583 837 635 καὶ
852 600 920 637 πε
927 582 1226 654 ριάγοντες,
1249 584 1379 649 ἴσως
1392 585 1485 638 καὶ
1504 586 1707 656 ὁμοίως
1729 588 1833 641 ὐπὸ

250 672 347 742 τῆς
368 671 752 743 ἀκαταληψίας
776 674 834 727 ὲν
852 672 1037 745 κύκλῳ
1062 676 1483 748 περιελκόμεθα,
1513 678 1709 748 συνεχῆ
1739 680 1834 733 καὶ

254 762 614 817 ἀδιάσπαστον
632 765 805 837 αὐτὴν
827 767 965 839 πρὸς
986 768 1184 841 ἑαυτὴν
1202 770 1301 842 τὴν
1329 770 1479 826 θείαν
1496 772 1640 845 ζωὴν
1666 773 1833 827 άπαν-

252 853 475 923 ταχόθεν
522 855 1068 929 καταλαμϐάνοντες·
1120 860 1214 915 καὶ
1273 862 1425 917 οὐδὲν
1482 866 1687 938 πέρας,
1736 863 1833 919 καὶ

251 943 396 995 αὒᾶν
448 944 615 1015 μέρος
666 947 967 1016 ἐπιγνῶναι
1014 949 1322 1021 δυνάμενοι.
1354 954 1548 1008 ’Τοῦτο
1600 954 1832 1025 λέγομεν

251 1035 497 1106 περὶτῆς
517 1037 821 1110 ἁῖδιότητος
841 1039 938 1093 τοῦ
965 1040 1123 1108 Θεοῦ,
1143 1042 1173 1096 ὃ
1203 1045 1355 1117 παρὰ
1376 1047 1474 1117 τῆς
1495 1046 1833 1119 προφητείας

250 1124 586 1196 ἠκούσαμεν,
633 1128 715 1182 ὅτι
756 1129 921 1196 Θεὸς,
963 1132 1061 1186 καὶ
1107 1134 1410 1203 ,ϐασιλεὺς
1445 1137 1827 1205 προαιώνιος’

249 1216 344 1270 καὶ
367 1217 690 1280 ,βασιλεύει
727 1220 836 1274 τὸν
864 1221 1067 1290 αἰῶνα,
1097 1228 1197 1279 καὶ
1227 1227 1320 1281 ἐπ’
1343 1229 1529 1283 αἰῶνα
1547 1270 1562 1295 ,
1595 1229 1693 1284 καὶ
1719 1229 1828 1283 ἔτι.

250 1309 358 1364 Καὶ
384 1310 475 1364 διά
511 1311 674 1365 τοῦτο
699 1312 971 1386 ἀνώτερον
1002 1317 1103 1386 μὲν
1140 1318 1323 1391 πάσης
1350 1313 1543 1392 ἀρχῆς,
1574 1323 1831 1392 περισσό-

245 1417 401 1472 τερον
429 1401 488 1456 δὲ
509 1405 710 1467 παντὸς
736 1405 922 1471 τέλους
942 1404 1081 1463 εἶναι
1101 1408 1466 1483 διοριζόμεθα.
1500 1412 1717 1484 Ταύτην
1739 1411 1832 1468 οὖν

243 1491 342 1563 τὴν
399 1493 612 1548 ἔννοιαν
654 1495 730 1563 ὠς
768 1498 1083 1569 πρέπουσαν
1115 1500 1235 1573 Θεῷ
1267 1504 1375 1558 τῶν
1413 1505 1550 1559 ὅλων
1583 1511 1710 1579 περὶ
1736 1509 1831 1560 αὐ-

248 1582 334 1637 τὸν
359 1583 614 1654 ἔχοντες,
657 1584 752 1639 δύο
783 1590 1177 1660 προσηγορίαις
1200 1592 1260 1646 τὸ
1289 1593 1480 1665 νοηθὲν
1508 1594 1828 1665 ἐξαγγέλλο-

246 1693 346 1746 μεν
368 1717 383 1740 ,
419 1668 512 1743 τῷ
540 1677 885 1746 ἀγεννήτῳ,
930 1682 1026 1735 καὶ
1059 1683 1139 1749 τῷ
1182 1685 1558 1756 ἀτελευτήτῳ
1584 1688 1645 1741 τὸ
1671 1690 1828 1744 ἀπει-

1932 602 1987 648 ct
2037 593 2362 651 indivulsam
2420 597 2594 667 ipsam
2644 601 2712 654 ad
2771 604 3011 673 seipsam
3047 605 3291 660 divinam
3344 607 3513 661 vitam

1934 682 2294 755 undequaque
2338 688 2777 758 complectimur,
2834 695 3017 750 omnis
3072 694 3197 752 ﬁnis
3232 697 3517 769 partisque

1931 784 2227 844 expertem.
2263 776 2379 834 Hoc
2420 779 2487 835 de
2522 784 2827 841 aeternitate
2856 784 2951 841 Dei
2982 787 3267 854 docemus,
3304 791 3451 861 quod
3485 807 3515 844 ιι

1932 865 2201 938 Propheta
2249 871 2635 941 cognovimus:
2679 873 2848 929 Deum
2884 893 2997 931 esse
3044 895 3214 949 regem
3243 890 3367 935 ante
3412 895 3518 935 sa:-

1933 957 2077 1024 cula,
2109 958 2199 1028 qui
2234 960 2366 1030 regit
2390 961 2455 1015 ab
2474 970 2669 1017 (eterna
2702 962 2758 1016 in
2792 970 3068 1029 wtermtm,
3089 974 3137 1019 et
3167 966 3312 1021 ultra
3332 967 3400 999 ⁸⁹⁶
3422 982 3516 1024 :ea

1932 1056 2172 1119 prepter,
2221 1052 2559 1121 superiorem
2600 1052 2749 1106 omni
2794 1053 3087 1125 principio,
3117 1064 3171 1110 et
3200 1055 3513 1113 ulteriorem

1930 1144 2080 1198 omni
2121 1143 2227 1201 line
2265 1147 2581 1204 statuimus.
2628 1146 2782 1204 Hanc
2828 1150 3291 1207 existimationem
3329 1191 3345 1217 ,
3400 1168 3512 1222 qua

1930 1235 2080 1289 velut
2114 1236 2494 1293 universorum
2530 1238 2640 1294 Deo
2664 1249 3033 1297 consentanea
3051 1241 3119 1298 de
3145 1242 3328 1298 divina
3351 1243 3516 1314 maje-

1932 1334 2071 1382 state
2101 1327 2293 1383 imbuti
2327 1317 2535 1394 sumus,
2572 1332 2789 1389 duobus
2829 1334 3147 1391 nominibus
3191 1335 3385 1391 eli'errc
3420 1352 3514 1392 so—

1933 1416 2126 1482 lemus,
2163 1418 2411 1488 ingenito,
2459 1431 2513 1476 et
2538 1422 2901 1487 interminato,
2935 1437 3170 1494 quorum
3206 1425 3301 1479 illo
3330 1424 3514 1481 inlini-

1933 1512 2097 1563 tatem
2131 1518 2184 1564 et
2218 1511 2664 1579 immensitatem,
2714 1514 2819 1569 hoc
2855 1518 3272 1587 perpetuitatem
3312 1516 3513 1573 divina!

1930 1600 2056 1655 vitae
2083 1600 2449 1661 declaramus.
2479 1605 2536 1660 Si
2568 1608 2713 1662 enim
2741 1607 2973 1663 alterum
3006 1609 3272 1665 duntaxat
3295 1624 3360 1664 ex
3382 1609 3514 1665 duo-

1931 1691 2034 1747 bus
2072 1693 2345 1763 prredictis
2370 1697 2655 1753 vocabulis
2685 1697 2752 1751 ad
2788 1713 2901 1753 rem
2950 1699 3095 1753 hanc
3132 1700 3511 1770 explicandam

244 1785 374 1839 ρον,
423 1768 523 1822 καὶ
568 1770 851 1841 διηνεκὲς,
894 1774 989 1827 καὶ
1040 1775 1211 1829 ἀΐδιον
1248 1777 1350 1848 τῆς
1389 1776 1534 1850 ζωῆς
1570 1780 1664 1835 τοῦ
1691 1782 1829 1836 Θεοῦ

1932 1792 2268 1848 assumatur,
2299 1787 2531 1842 alterum
2564 1789 2886 1855 reticeatur,
2927 1790 3293 1860 signiﬁcatum
3327 1790 3383 1844 iu
3422 1806 3510 1853 eo,

242 1861 641 1932 παριστῶντες.
673 1863 734 1916 Ei
756 1863 868 1936 γὰρ
894 1865 955 1918 τὸ
975 1865 1161 1935 ἕτερον
1186 1866 1392 1922 τούτων
1422 1869 1583 1940 μόνον
1621 1872 1701 1935 είς
1728 1872 1828 1944 τὴν

1934 1873 2078 1943 quod
2128 1874 2479 1944 relinquitur,
2520 1892 2774 1933 mancum
2828 1888 2882 1935 et
2924 1879 3177 1934 mutilum
3211 1879 3343 1934 erit:
3403 1894 3513 1934 non

238 1954 482 2008 διάνοιαν
510 1953 717 2026 ταύτην
748 1956 1158 2029 παραληφθείη,
1201 1961 1503 2033 σιωπηθείη
1533 1962 1591 2016 δὲ
1626 1962 1687 2017 τὺ
1719 1963 1829 2017 λει-

239 2048 480 2118 πόμενον
501 2086 517 2111 ,
567 2047 826 2117 χωλεύσει
857 2049 1075 2114 πάντως
1120 2050 1184 2104 τὸ
1228 2052 1630 2122 σημαινόμενον
1663 2055 1721 2107 ὲν
1751 2053 1829 2125 τῷ

238 2139 504 2194 λείποντι.
544 2138 684 2193 Οὔτε
720 2140 831 2211 γάρ
874 2142 991 2195 ἐστι
1019 2141 1244 2197 δυνατὸν
1291 2143 1411 2207 ἑνός
1450 2161 1596 2207 τινος
1622 2144 1829 2200 τούτων

237 2232 336 2302 τὴν
355 2233 415 2285 ὲν
450 2231 705 2304 ἑκατέρῳ
729 2233 1006 2303 σημασίαν
1047 2235 1215 2302 ὑγιῶς
1242 2237 1591 2307 παραστῆσαι
1611 2255 1624 2269 ·
1657 2238 1695 2291 ὅ
1722 2238 1830 2311 γὰρ

235 2323 603 2395 ἀτελεύτητον
633 2322 827 2387 εἰπὼν,
873 2325 973 2392 τὴν
1014 2326 1152 2397 πρὸς
1187 2326 1248 2380 τὸ
1273 2327 1428 2391 τέλος
1469 2328 1629 2399 μόνον
1676 2329 1831 2383 ἀλλο-

235 2414 467 2485 τρίωσιν
502 2414 735 2481 ἔδειξενο
778 2414 838 2468 οὐ
893 2416 999 2486 μήν
1023 2432 1078 2469 τι
1113 2415 1209 2469 καὶ⁸
1239 2417 1493 2488 περὶτῆς
1543 2418 1719 2489 ἀρχῆς
1753 2419 1830 2472 δι-

234 2507 435 2579 ελέχθη
458 2524 478 2539 ⁶
518 2508 614 2561 καὶ
654 2508 684 2561 ὁ
708 2507 797 2562 τὸν
835 2508 1068 2580 ἄναρχον
1114 2505 1417 2579 ὀνομάσας,
1451 2510 1513 2564 τὸ
1552 2511 1648 2582 μὲν
1676 2511 1831 2583 ,ὑπὲρ

234 2601 416 2672 ἀρχὴν
450 2595 595 2655 εἶναι
632 2600 692 2654 τὸ
719 2601 1118 2671 σημαινόμενον
1140 2601 1338 2669 ἔδειξε’
1369 2603 1460 2657 τὸν
1487 2603 1544 2657 δὲ
1576 2604 1706 2677 περὶ
1734 2605 1829 2659 τοῦ

232 2694 427 2757 τέλους
452 2693 615 2762 λόγον
644 2694 857 2764 ἀφῆκεν
885 2694 1205 2765 ἀμφίῦολον.

307 2785 538 2839 Τούτων
565 2781 688 2849 οὗν,
734 2789 811 2850 ὡς
853 2785 1023 2858 ἔφην,
1063 2786 1173 2839 τῶν
1209 2786 1488 2858 ὀνομάτων
1515 2775 1731 2861 ’ἐπίσης
1769 2791 1830 2844 τὸ

232 2876 411 2930 ὀϊδιον
453 2877 558 2946 τῆς
602 2876 754 2940 Θείας
782 2877 927 2946 ζωῆς
970 2878 1387 2950 παριπιῦντων,
1427 2882 1618 2954 καιρὸς
1648 2883 1714 2937 ἂν
1744 2884 1827 2955 εἴη

228 2966 643 3035 ωτεξετάσαι,
677 2968 793 3031 πῶς
831 2961 976 3022 οὗτοι
1005 2969 1383 3040 διατέμνοντες
1418 2970 1513 3024 τοῦ
1562 2972 1730 3027 ἀϊδίου
1769 2974 1830 3028 τδ

229 3058 652 3131 σημαινόμενον
670 3102 686 3123 ,
712 3059 774 3113 τὸ
805 3059 904 3131 μὲν
929 3063 1027 3130 τῆς
1053 3062 1229 3132 ἀρχῆς
1252 3063 1598 3134 ἀναιρετικὸν
1626 3066 1720 3138 νόη
1729 3085 1825 3139 μα,

221 3151 431 3206 οὐσίαν
452 3146 597 3205 εἷναί
628 3167 812 3219 φασιν,
842 3152 905 3205 οὐ
944 3152 1074 3224 περὶ
1104 3153 1162 3206 τὸ
1188 3153 1356 3209 ἀϊδιον
1386 3154 1706 3228 θεωρεῖσθαι
1728 3176 1742 3191 ·
1770 3159 1832 3213 τὸ

216 3245 281 3299 δὲ
312 3244 423 3298 τοῦ
461 3244 656 3307 τέλους
696 3244 1080 3310 ἀνεπίδεκτον,
1125 3249 1183 3301 ἐν
1220 3250 1333 3313 τοῖς
1370 3248 1475 3314 ἔξω
1510 3250 1612 3320 τῆς
1643 3252 1831 3317 οὐσίας

220 3338 574 3406 λογίζονται.
606 3338 720 3390 Οὐκ
740 3333 862 3390 οἴδα
878 3337 986 3390 τίνι
1012 3337 1218 3410 διανοίᾳ
1243 3338 1304 3393 τὸ
1323 3341 1564 3395 τοιοῦτον
1591 3342 1830 3414 ἀποκλη-

222 3428 468 3499 ροῦντες
489 3444 503 3458 ⁸
531 3427 673 3481 ὥστε
698 3427 759 3480 τὸ
785 3428 884 3500 μὲν
925 3429 1101 3500 ἀρχὴν
1131 3430 1205 3500 μὴ
1235 3430 1379 3501 ἔχειν
1416 3434 1473 3488 ἐν
1503 3433 1660 3505 οὐσίᾳ
1684 3434 1830 3488 τίθε-

229 3521 366 3574 σθαι
384 3537 400 3549 ο
439 3520 503 3573 τὺ
525 3519 581 3573 δὲ
604 3520 756 3583 τέλος
789 3520 864 3592 μὴ
893 3520 1058 3591 ἔχειν,
1087 3521 1162 3586 ὡς
1192 3524 1349 3587 ὲκτὸς
1371 3524 1469 3595 τῆς
1493 3525 1681 3591 οὐσίας
1703 3529 1832 3582 άποο

222 3615 538 3670 ποιεῖσθαι.
607 3614 810 3684 Ἐχρῆν
860 3614 969 3685 γὰρ
1020 3615 1208 3687 ἐπειδὴ
1249 3616 1317 3670 τά
1364 3616 1458 3670 δύο
1516 3620 1645 3690 περὶ
1700 3621 1831 3675 αὐτὸ

218 3709 551 3781 θεωρεῖται,
590 3708 624 3779 ἦ
647 3707 939 3779 ἀμφότερα
967 3710 1046 3772 είς
1068 3708 1160 3762 τὸν
1185 3709 1285 3781 τῆς
1309 3710 1496 3773 οὐσίας
1526 3713 1828 3784 παραδέξα-

218 3800 364 3853 σθαι
395 3800 557 3867 λόγον
580 3815 600 3833 ο
639 3801 688 3852 εί
709 3800 771 3853 τδ
797 3799 855 3852 ἒν
899 3800 1203 3871 ἀπόϐλητον
1229 3801 1469 3873 ἔκριναν,
1496 3806 1831 3860 συναποϐάλ-

210 3892 351 3944 ὶετν
389 3890 569 3962 τούτῳ
612 3891 708 3944 καὶ
736 3891 800 3944 τὸ
824 3890 1163 3962 λειπόμενον.
1192 3892 1256 3945 Εἰ
1277 3892 1334 3946 δὲ
1363 3893 1579 3958 πάντως
1606 3897 1830 3967 ἀρέσκει

208 3982 521 4044 διελόντας
546 3980 642 4034 τοῦ
671 3980 845 4034 ἀϊδίου
872 3981 971 4051 τὴν
1000 3981 1226 4046 ἔννοιαν,
1258 3983 1319 4037 τὸ
1351 3985 1451 4055 μέν
1471 4002 1521 4039 τι
1545 3987 1625 4049 εἰς
1644 3988 1830 4042 οὐσίαν

208 4075 334 4142 τῆς
359 4074 515 4134 θείας
548 4072 764 4141 φύσεως
798 4072 1155 4127 κατατάττειν
1179 4088 1192 4101 ·
1217 4072 1280 4127 τὸ
1298 4074 1354 4127 δὲ
1374 4075 1433 4127 ἐν
1455 4078 1566 4138 τοῖς
1602 4077 1677 4148 μὴ
1710 4073 1829 4131 οὖσι

206 4163 680 4232 συλλογίζεσθαι,
706 4163 893 4235 ἐπειδὴ
912 4167 1187 4228 ταπεινοῖς
1210 4166 1493 4236 λογισμοῖς
1519 4166 1585 4219 τὰ
1607 4167 1830 4223 τοιαῦτα

202 4257 445 4327 κρίνειν
488 4256 740 4308 ἐθέλουσι
761 4271 775 4285 ο
814 4256 950 4325 πρὸς
990 4254 1051 4307 τὸ
1087 4254 1219 4324 ὕψος
1257 4255 1366 4308 τῶν
1395 4256 1524 4330 περὶ
1549 4255 1682 4309 Θεοῦ
1709 4275 1832 4329 νοη-

200 4349 449 4416 εάτω).
474 4346 676 4418 ὥσπερ
716 4346 786 4399 τὰ
832 4347 1320 4419 πτερορῤυήσαντα
1349 4349 1458 4405 τῶν
1491 4352 1696 4422 ὀρνέων
1729 4352 1830 4405 οὐκ

192 4441 635 4509 ἀναπτάμενοι·
685 4437 1157 4511 συμῦουλεύσαιμι
1200 4440 1267 4495 ἂν
1297 4442 1481 4506 αὐτοῖς
1518 4443 1693 4512 ἔγωγε
1734 4460 1830 4514 με·

1929 1964 2073 2018 enim
2104 1963 2220 2020 ﬁeri
2255 1975 2455 2036 potest,
2504 1976 2565 2023 ut
2593 1984 2763 2023 unum
2796 1968 2991 2024 horum
3020 1985 3085 2025 ex
3123 1970 3210 2025 his
3238 1968 3511 2040 signiﬁca-

1931 2053 2156 2120 tionem,
2200 2071 2322 2127 quze
2370 2056 2425 2111 in
2463 2058 2729 2115 alterutro
2778 2067 2897 2125 est,
2953 2066 3103 2115 recte
3132 2066 3508 2131 repraesentet.

1928 2143 2063 2200 Nam
2095 2148 2186 2216 qui
2218 2147 2637 2205 interminatum
2674 2152 2946 2218 nominat,
2988 2151 3036 2207 is
3068 2151 3245 2208 solum
3277 2151 3512 2207 termino

1930 2248 2121 2293 carere
2157 2236 2389 2299 indicat,
2422 2247 2477 2293 at
2512 2238 2580 2296 de
2609 2239 2881 2311 principio
2912 2240 3046 2295 nihil
3081 2240 3306 2296 interim
3356 2254 3511 2296 asse-

1931 2327 2057 2382 ruit.
2096 2327 2162 2384 Et
2192 2330 2286 2401 qui
2313 2329 2569 2403 principii
2595 2343 2870 2403 expertem
2898 2332 3157 2403 appellat,
3180 2332 3227 2388 is
3258 2332 3334 2399 id,
3365 2332 3512 2403 quod

1931 2420 2287 2492 significatur,
2322 2438 2488 2495 supra
2518 2439 2680 2480 omne
2720 2424 3051 2496 principium
3091 2440 3217 2481 esse
3247 2425 3508 2490 ostendit,

1932 2522 1985 2566 at
2014 2513 2140 2570 ﬁnis
2171 2515 2441 2571 rationem
2476 2515 2736 2587 relinquit
2770 2516 3102 2587 ambiguam.

2002 2784 2139 2841 Cum
2166 2786 2334 2857 igitur
2357 2787 2474 2844 haec
2496 2789 2782 2854 vocabula,
2812 2796 2872 2843 ut
2897 2788 3032 2853 dixi,
3060 2789 3342 2860 aequaliter
3359 2796 3514 2847 aeter-

1931 2876 2157 2932 nitatem
2187 2877 2311 2934 vitae
2345 2878 2546 2934 divinae
2579 2879 2897 2946 exhibeant,
2928 2885 3143 2948 tempus
3175 2886 3279 2942 est,
3307 2886 3368 2933 ut
3396 2877 3512 2934 dis-

1932 2968 2237 3038 quiramus,
2264 2970 2540 3039 quomodo
2561 2971 2648 3025 isti
2676 2969 3002 3027 aeternitatis
3024 2969 3329 3040 signiﬁcato
3352 2972 3510 3042 quasi

1932 3060 2194 3124 dissecto,
2227 3060 2438 3128 dicant,
2489 3064 2768 3119 notionem
2804 3063 2977 3127 illam,
3014 3079 3137 3134 quae
3171 3078 3332 3118 omne
3364 3065 3515 3135 prin-

1935 3156 2137 3225 cipium
2169 3162 2410 3211 removet
2438 3155 2633 3227 (quam
2665 3155 3031 3213 substantiam
3075 3171 3200 3212 esse
3231 3156 3514 3235 aiunt),in

1932 3248 2239 3304 aeternitate
2272 3262 2381 3303 non
2410 3248 2678 3320 spectari;
2718 3255 2773 3304 et
2822 3247 3055 3304 termino
3080 3263 3290 3312 carere,
3332 3248 3386 3303 in
3423 3248 3512 3312 iis,

1931 3354 2053 3410 quae
2072 3347 2228 3394 extra
2245 3337 2545 3394 essentiam
2572 3344 2725 3401 sunt,
2744 3337 3052 3408 computari
3078 3336 3298 3393 debere.
3316 3336 3515 3393 Nescio

1931 3446 2095 3503 quam
2141 3429 2422 3487 notionem
2470 3438 2525 3485 et
2570 3429 3003 3500 speculationem
3053 3430 3226 3485 secuti
3272 3428 3513 3494 tradant,

1932 3522 2191 3595 principii
2231 3528 2511 3593 expertem
2541 3537 2689 3587 esse,
2723 3537 2847 3578 esse
2873 3521 3264 3584 substantiam,
3300 3530 3354 3577 at
3389 3521 3515 3577 ﬁnis

1931 3617 2302 3686 negationem,
2334 3615 2495 3685 quasi
2539 3624 2696 3670 extra
2734 3614 3102 3670 substantiam
3155 3616 3514 3685 ablegandam

1930 3723 2076 3764 esse.
2106 3706 2404 3777 Oportebat
2436 3706 2602 3773 enim,
2632 3721 2756 3761 cum
2789 3707 2899 3762 duo
2926 3706 3033 3762 ista
3071 3706 3125 3761 in
3164 3705 3355 3761 eodem
3383 3722 3516 3760 con-

1931 3799 2266 3863 siderentur,
2322 3806 2419 3854 aut
2468 3808 2766 3869 utrumque
2811 3799 2865 3852 in
2911 3797 3232 3854 substantia!
3279 3796 3514 3852 classem

1930 3893 2197 3963 recipere,
2228 3892 2315 3947 vel
2343 3891 2388 3947 εὶ
2423 3907 2593 3946 unum
2626 3888 2996 3961 abjicicndum
3027 3896 3385 3950 censuerunt,
3421 3886 3516 3941 ab-

1924 3984 2098 4055 jicere
2131 3980 2375 4039 simul'et
2404 3983 2662 4039 alterum.
2696 3980 2753 4036 Si
2782 3994 2913 4036 vero
2942 3979 3051 4035 illis
3084 3979 3309 4034 omnino
3343 3977 3512 4044 lubet,

1930 4075 2106 4132 divisa
2136 4056 2479 4131 vaiternitatis
2531 4074 2777 4136 notione,
2828 4072 3064 4127 alterum
3110 4070 3334 4142 quidem
3378 4069 3516 4126 sub-

1931 4167 2146 4223 stantize
2178 4168 2376 4222 divinae
2406 4176 2616 4221 natura:
2645 4164 2931 4235 deputare,
2978 4162 3211 4219 altermu
3249 4163 3337 4225 iis,
3394 4176 3518 4232 quae

1929 4275 2039 4315 non
2079 4259 2373 4319 exsistunt.
2430 4270 2726 4312 aceensere
2760 4254 3244 4327 (quandoquidem
3281 4252 3516 4325 abiectis

1929 4360 1983 4404 et
2014 4348 2213 4403 vilibus
2246 4345 2670 4417 cogitationibus
2714 4343 2835 4400 huic
2887 4343 3194 4413 dijudicare
3240 4344 3513 4411 nituntur,

1932 4453 2280 4511 nequaquam
2312 4438 2514 4504 idonei,
2541 4437 2634 4508 qui
2659 4451 2719 4494 se
2747 4436 2816 4492 ad
2847 4436 3105 4493 sublimia
3127 4436 3194 4491 de
3219 4433 3329 4494 Deo
3352 4450 3515 4492 sensa

184 4532 497 4586 ταὶ-αὗεῦ
537 4529 675 4602 πρὸς
722 4529 784 4583 τὸ
810 4532 1052 4585 ἐναντίον
1092 4534 1161 4587 τά
1207 4532 1485 4605 δόγματα’
1521 4535 1597 4599 ὼς
1625 4535 1685 4589 τὸ
1726 4536 1826 4606 μὲν

1932 4531 2204 4595 attollant,
2236 4529 2293 4585 in
2325 4530 2495 4585 altum
2526 4543 2638 4585 non
2670 4529 3048 4593 subvolantes,
3082 4542 3233 4583 more
3262 4527 3516 4582 videlicet

178 4624 647 4687 ἀτελεύτητον
736 4623 796 4675 ἐν
849 4623 1010 4696 οὐσίᾳ
1064 4625 1410 4693 λογίζεσθαι,
1468 4628 1730 4699 περιορᾷν
1772 4628 1830 4682 δὲ

178 4711 443 4782 μᾶλλον
471 4710 572 4764 τοῦ
614 4710 976 4784 ἀτελευτήτου
1020 4714 1082 4768 τὸ
1126 4716 1381 4786 ἄναρχον,
1429 4715 1507 4787 τῷ
1544 4717 1791 4788 μέλλοντι
1813 4759 1827 4779 .

172 4802 315 4858 καὶ.
370 4803 449 4872 τῷ
483 4806 608 4856 κατ’
659 4804 880 4867 ἐλπίδας
909 4805 1072 4859 πλέον
1093 4846 1108 4868 ,
1142 4807 1176 4877 ἢ
1219 4806 1300 4877 τῷ
1330 4809 1684 4880 παρῳχηκοτι
1736 4810 1831 4863 καὶ

171 4896 393 4965 till-qn
414 4895 486 4948 τά
510 4897 758 4965 πρωτεῖα
783 4896 1211 4968 προσνέμοντας.
1266 4899 1485 4971 Ἐπειδὴ
1516 4900 1626 4969 γάρ
1653 4900 1831 4972 (λέγω

164 4990 251 5044 ἆ
310 4986 521 5040 ταῦτα
560 4986 653 5041 διὰ
686 4989 813 5053 τοὺς
851 4993 1081 5062 μικροὺς
1137 4991 1209 5044 τά
1253 4990 1527 5064 ψυχάρια,
1567 4993 1829 5059 ἑκουσίως

166 5084 263 5151 τῇ
304 5078 449 5133 in
481 5079 699 5151 νηπίων
747 5082 1010 5153 ὑπολήψει
1057 5084 1418 5153 συγκατάγων
1469 5085 1561 5139 τὸν
1604 5086 1790 5156 λόγον)
1813 5102 1827 5117 ο

160 5170 431 5241 lanii;
448 5171 637 5226 τοίνυν
666 5172 730 5225 τὸ
753 5174 1023 5245 παρελθὸν
1048 5176 1146 5245 τῆς
1175 5175 1322 5246 ζωῆς
1343 5178 1460 5231 ἀντ’
1483 5177 1693 5241 οὐδενός
1713 5180 1829 5231 ἐστι

150 5268 273 5340 ᾧ
318 5267 616 5336 ζήσαντιο
660 5268 811 5321 πᾶσα
838 5267 897 5322 δὲ
936 5271 970 5339 ἡ
1021 5269 1226 5341 σπουδὴ
1274 5272 1388 5334 τοῖς
1418 5269 1553 5335 ζῶσι
1592 5272 1729 5343 πρὸς
1770 5273 1832 5326 τὸ

148 5363 439 5439 μέλλον
521 5362 619 5414 καὶ
648 5359 1097 5433 προσδοκώμενον
1125 5361 1365 5429 γίνεται,
1398 5364 1726 5436 τιμιώτερον
1764 5365 1831 5419 ἂν

142 5460 273 5528 ea
316 5450 457 5509 αὖ
500 5453 747 5523 ἀνάρχου
784 5453 848 5507 τὸ
894 5452 1289 5525 ἀτελεύτητον
1322 5456 1404 5510 ὅτι
1437 5455 1574 5528 πρὸς
1603 5457 1663 5511 τὸ
1705 5458 1832 5527 μέλ-

132 5554 275 5608 ὶσιυ
344 5546 481 5601 καὶ
504 5543 959 5617 προσδοκώμενον
988 5546 1052 5599 τὸ
1089 5545 1357 5600 ἀθάνατον
1386 5546 1630 5619 φέρεται.
1667 5549 1830 5601 Ὥστε

130 5649 181 5722 ς
230 5638 611 5707 mai,
650 5637 745 5689 καὶ
773 5636 955 5707 ini/qm
982 5637 1112 5707 napi
1138 5637 1238 5707 τῆς
1262 5636 1416 5701 θείας
1443 5637 1658 5708 φύσεως
1688 5638 1830 5692 ἔστω

122 5742 511 5814 σήματα.
539 5728 573 5799 ἢ
600 5729 763 5797 ειπερ
790 5727 1153 5799 ἀνθρωπίνοις
1179 5729 1462 5800 λογισμοῖς
1490 5730 1736 5802 κρίνουσι
1765 5731 1831 5785 τὰ

126 5830 463 5897 τοιαῦτα
490 5859 505 5881 .
544 5819 608 5871 τὸ
645 5818 837 5888 μέλλον
875 5819 1017 5873 ἔστω
1057 5819 1151 5874 τοῦ
1200 5822 1591 5895 παρῳχηκότος
1646 5823 1829 5890 αὐτοῖς

226 5924 299 5958 σο
336 5922 363 5937 ο
410 5908 586 5964 Psal.
624 5920 819 5973 uult,
846 5908 905 5962 Ξ.

492 5999 777 6059 Ρετιιοι..
813 5999 933 6060 Gn.
970 5998 1149 6063 XLV.

1932 4624 2138 4690 avium,
2182 4623 2381 4692 quibus
2414 4637 2604 4693 penna:
2655 4619 3080 4690 deﬂuxerunt):
3108 4619 3377 4675 suaserim
3411 4633 3515 4689 ego

1933 4716 2061 4783 illis,
2087 4723 2147 4771 ut
2173 4715 2479 4771 doctrinam
2513 4730 2670 4771 suam
2701 4715 2999 4775 invertant,
3032 4718 3087 4766 et
3114 4710 3515 4765 interminatam

1932 4806 1987 4862 in
2038 4807 2345 4862 substantia
2392 4815 2703 4869 numerent,
2758 4819 2862 4859 nec
2899 4803 3128 4857 multum
3173 4808 3389 4865 curent,
3443 4815 3511 4855 an

1933 4900 2343 4955 interminatam
2393 4898 2665 4970 principio
2709 4908 2916 4960 careat,
2955 4895 3251 4967 futuraque
3303 4895 3509 4966 potius,

1931 4999 1987 5045 et
2006 4990 2152 5061 quod
2179 5005 2276 5061 spe
2293 4989 2740 5061 apprehenditur,
2769 5003 2932 5058 quam
2961 4988 3259 5058 praeterito,
3287 4986 3511 5057 jamque

1932 5083 2187 5147 evanida,
2223 5085 2436 5154 priores
2463 5091 2649 5153 partes
2671 5081 2939 5138 deferant.
2972 5078 3098 5135 llaec
3127 5078 3362 5134 dixerim
3392 5092 3514 5149 pro-

1934 5186 2053 5246 pter
2110 5191 2227 5241 cos,
2285 5175 2379 5246 qui
2441 5174 2642 5245 pusillo
2701 5184 2757 5230 et
2805 5180 3041 5245 angusto
3091 5179 3222 5228 sunt
3270 5177 3510 5240 pectore,

1933 5268 2129 5339 Sponte
2167 5270 2421 5323 oratione
2450 5266 2518 5321 ad
2550 5266 2926 5344 insipientium
2956 5273 3179 5334 captum
3209 5271 3265 5319 et
3287 5277 3512 5319 sensum

1933 5360 2197 5417 demissa.
2234 5361 2424 5429 Itaque
2449 5373 2574 5413 cum
2605 5357 2796 5412 vivens
2826 5355 3085 5426 praeteriti
3108 5354 3312 5409 nullam
3346 5356 3514 5411 ratio-

1934 5470 2058 5510 nem
2088 5453 2274 5519 ducat,
2319 5434 2649 5521 omnemque
2679 5448 3007 5504 industriam
3037 5447 3103 5503 ad
3140 5448 3215 5513 id,
3244 5448 3391 5520 quod
3426 5447 3514 5505 fu-

1935 5554 2115 5599 turum
2138 5552 2223 5600 est
2255 5550 2310 5599 et
2340 5549 2711 5611 exspectatur,
2746 5538 3016 5606 conferat,
3058 5540 3377 5611 praaeiarius
3407 5543 3515 5597 uti-

1934 5653 2040 5708 que
2069 5636 2196 5703 erit,
2229 5632 2690 5690 interminabilem
2725 5647 2870 5697 esse,
2922 5648 3086 5703 quam
3118 5632 3391 5705 principio
3417 5650 3509 5691 εει

1935 5743 2089 5784 rere:
2126 5727 2253 5799 quia
2285 5725 2431 5797 quod
2463 5725 2772 5783 immortale
2799 5730 2906 5788 est,
2938 5723 3110 5780 fertur
3142 5723 3209 5779 ad
3245 5724 3509 5785 futurum.

1936 5829 1990 5880 ct
2026 5819 2095 5876 ad
2130 5821 2204 5893 id,
2231 5817 2376 5893 quod
2426 5824 2802 5889 exspectatur.
2835 5816 3022 5889 itaque
3058 5824 3151 5870 aut
3200 5815 3314 5872 Deo
3348 5815 3510 5884 digna

3116 5982 3187 6044 15
