  <div class='ocr_page' id='page_1' title='image "/cluster/home/n/w/nwhite01/storage/ocr_20150623/45/hvd.32044073501876/247.png"; bbox 0 0 4032 6208; ppageno 0'>
   <div class='ocr_carea' id='block_1_1' title="bbox 587 394 690 451">
    <p class='ocr_par' dir='ltr' id='par_1_1' title="bbox 587 394 690 451">
     <span class='ocr_line' id='line_1_1' title="bbox 587 394 690 451; baseline -0.01 0"><span class='ocrx_word' id='word_1_1' title='bbox 587 394 690 451; x_wconf 67' lang='grc' dir='ltr'><strong>ιεθ</strong></span> 
     </span>
    </p>
   </div>
   <div class='ocr_carea' id='block_1_2' title="bbox 1833 409 2588 499">
    <p class='ocr_par' dir='ltr' id='par_1_2' title="bbox 1833 409 2588 499">
     <span class='ocr_line' id='line_1_2' title="bbox 1833 409 2588 499; baseline -0.003 -33"><span class='ocrx_word' id='word_1_2' title='bbox 1833 411 1895 469; x_wconf 82' lang='lat' dir='ltr'><strong>S.</strong></span> <span class='ocrx_word' id='word_1_3' title='bbox 1923 410 2260 499; x_wconf 66' lang='lat' dir='ltr'><strong>&#39;GREGOBII</strong></span> <span class='ocrx_word' id='word_1_4' title='bbox 2296 409 2588 467; x_wconf 75' lang='lat' dir='ltr'><strong>NYSSEM</strong></span> 
     </span>
    </p>
   </div>
   <div class='ocr_carea' id='block_1_3' title="bbox 3714 414 3816 471">
    <p class='ocr_par' dir='ltr' id='par_1_3' title="bbox 3714 414 3816 471">
     <span class='ocr_line' id='line_1_3' title="bbox 3714 414 3816 471; baseline 0.02 -2"><span class='ocrx_word' id='word_1_5' title='bbox 3714 414 3816 471; x_wconf 77' lang='grc' dir='ltr'><strong>ιευ</strong></span> 
     </span>
    </p>
   </div>
   <div class='ocr_carea' id='block_1_4' title="bbox 584 513 2174 599">
    <p class='ocr_par' dir='ltr' id='par_1_4' title="bbox 584 513 2150 594">
     <span class='ocr_line' id='line_1_4' title="bbox 584 513 2150 594; baseline 0.008 -27"><span class='ocrx_word' id='word_1_6' title='bbox 584 528 639 570; x_wconf 77' lang='lat' dir='ltr'><strong>et</strong></span> <span class='ocrx_word' id='word_1_7' title='bbox 669 515 923 570; x_wconf 80' lang='lat' dir='ltr'><strong>sublimia</strong></span> <span class='ocrx_word' id='word_1_8' title='bbox 956 514 1021 570; x_wconf 90' lang='lat' dir='ltr'><strong>de</strong></span> <span class='ocrx_word' id='word_1_9' title='bbox 1053 513 1235 570; x_wconf 90' lang='lat' dir='ltr'><strong>divina</strong></span> <span class='ocrx_word' id='word_1_10' title='bbox 1263 524 1460 573; x_wconf 87' lang='lat' dir='ltr'><strong>natura</strong></span> <span class='ocrx_word' id='word_1_11' title='bbox 1489 534 1649 576; x_wconf 90' lang='lat' dir='ltr'><strong>sensa</strong></span> <span class='ocrx_word' id='word_1_12' title='bbox 1680 522 2012 594; x_wconf 89' lang='lat' dir='ltr'><strong>concipiant,</strong></span> <span class='ocrx_word' id='word_1_13' title='bbox 2057 534 2150 580; x_wconf 90' lang='lat' dir='ltr'><strong>aut</strong></span> 
     </span>
    </p>
   </div>
   <div class='ocr_carea' id='block_1_5' title="bbox 2276 513 3821 599">
    <p class='ocr_par' dir='ltr' id='par_1_5' title="bbox 2276 524 3821 599">
     <span class='ocr_line' id='line_1_5' title="bbox 2276 524 3821 599; baseline 0.003 -23"><span class='ocrx_word' id='word_1_14' title='bbox 2276 527 2600 597; x_wconf 75' lang='grc' dir='ltr'>τιμιώτερον·</span> <span class='ocrx_word' id='word_1_15' title='bbox 2652 529 2745 581; x_wconf 71' lang='grc' dir='ltr'>καὶ</span> <span class='ocrx_word' id='word_1_16' title='bbox 2794 528 2966 599; x_wconf 81' lang='grc' dir='ltr'>τούτῳ</span> <span class='ocrx_word' id='word_1_17' title='bbox 3010 528 3101 581; x_wconf 75' lang='grc' dir='ltr'>τοῦ</span> <span class='ocrx_word' id='word_1_18' title='bbox 3141 526 3276 581; x_wconf 76' lang='grc' dir='ltr'>Θεοῦ</span> <span class='ocrx_word' id='word_1_19' title='bbox 3321 527 3415 599; x_wconf 82' lang='grc' dir='ltr'>τὴν</span> <span class='ocrx_word' id='word_1_20' title='bbox 3442 524 3636 580; x_wconf 89' lang='grc' dir='ltr'>οὑσίαν</span> <span class='ocrx_word' id='word_1_21' title='bbox 3668 543 3821 599; x_wconf 81' lang='grc' dir='ltr'>περι-</span> 
     </span>
    </p>
   </div>
   <div class='ocr_carea' id='block_1_6' title="bbox 591 605 2155 685">
    <p class='ocr_par' dir='ltr' id='par_1_6' title="bbox 591 605 2155 685">
     <span class='ocr_line' id='line_1_6' title="bbox 591 605 2155 685; baseline 0.008 -28"><span class='ocrx_word' id='word_1_22' title='bbox 591 609 637 659; x_wconf 68' lang='lat' dir='ltr'><strong>si</strong></span> <span class='ocrx_word' id='word_1_23' title='bbox 675 609 913 667; x_wconf 84' lang='lat' dir='ltr'><strong>humano</strong></span> <span class='ocrx_word' id='word_1_24' title='bbox 942 605 1101 660; x_wconf 92' lang='lat' dir='ltr'><strong>modo</strong></span> <span class='ocrx_word' id='word_1_25' title='bbox 1129 606 1241 661; x_wconf 68' lang='lat' dir='ltr'><strong>haec</strong></span> <span class='ocrx_word' id='word_1_26' title='bbox 1274 608 1403 662; x_wconf 92' lang='lat' dir='ltr'><strong>talia</strong></span> <span class='ocrx_word' id='word_1_27' title='bbox 1436 611 1706 667; x_wconf 70' lang='lat' dir='ltr'><strong>aestimare</strong></span> <span class='ocrx_word' id='word_1_28' title='bbox 1730 614 1915 680; x_wconf 84' lang='lat' dir='ltr'><strong>velint,</strong></span> <span class='ocrx_word' id='word_1_29' title='bbox 1934 625 2155 685; x_wconf 62' lang='lat' dir='ltr'><strong>praeter—</strong></span> 
     </span>
    </p>
   </div>
   <div class='ocr_carea' id='block_1_7' title="bbox 590 695 2153 771">
    <p class='ocr_par' dir='ltr' id='par_1_7' title="bbox 590 695 2153 771">
     <span class='ocr_line' id='line_1_7' title="bbox 590 695 2153 771; baseline 0.007 -23"><span class='ocrx_word' id='word_1_30' title='bbox 590 696 670 749; x_wconf 86' lang='lat' dir='ltr'><strong>ito</strong></span> <span class='ocrx_word' id='word_1_31' title='bbox 709 695 1000 766; x_wconf 72' lang='lat' dir='ltr'><strong>praeferant</strong></span> <span class='ocrx_word' id='word_1_32' title='bbox 1050 696 1317 766; x_wconf 89' lang='lat' dir='ltr'><strong>futurum,</strong></span> <span class='ocrx_word' id='word_1_33' title='bbox 1366 715 1540 771; x_wconf 92' lang='lat' dir='ltr'><strong>eoque</strong></span> <span class='ocrx_word' id='word_1_34' title='bbox 1589 701 1824 757; x_wconf 78' lang='lat' dir='ltr'><strong>divinam</strong></span> <span class='ocrx_word' id='word_1_35' title='bbox 1857 706 2153 761; x_wconf 91' lang='lat' dir='ltr'><strong>essentiam</strong></span> 
     </span>
    </p>
   </div>
   <div class='ocr_carea' id='block_1_8' title="bbox 594 787 2157 868">
    <p class='ocr_par' dir='ltr' id='par_1_8' title="bbox 594 787 2157 868">
     <span class='ocr_line' id='line_1_8' title="bbox 594 787 2157 868; baseline 0.008 -28"><span class='ocrx_word' id='word_1_36' title='bbox 594 787 1082 849; x_wconf 79' lang='lat' dir='ltr'><strong>circumscribanl:</strong></span> <span class='ocrx_word' id='word_1_37' title='bbox 1130 792 1567 863; x_wconf 79' lang='lat' dir='ltr'><strong>quandoquidem</strong></span> <span class='ocrx_word' id='word_1_38' title='bbox 1596 795 1863 867; x_wconf 86' lang='lat' dir='ltr'><strong>quidquid</strong></span> <span class='ocrx_word' id='word_1_39' title='bbox 1896 801 2157 868; x_wconf 79' lang='lat' dir='ltr'><strong>temporis</strong></span> 
     </span>
    </p>
   </div>
   <div class='ocr_carea' id='block_1_9' title="bbox 595 880 2153 954">
    <p class='ocr_par' dir='ltr' id='par_1_9' title="bbox 595 880 2153 954">
     <span class='ocr_line' id='line_1_9' title="bbox 595 880 2153 954; baseline 0.004 -20"><span class='ocrx_word' id='word_1_40' title='bbox 595 880 876 951; x_wconf 67' lang='lat' dir='ltr'><strong>praeteriit,</strong></span> <span class='ocrx_word' id='word_1_41' title='bbox 935 882 1054 951; x_wconf 87' lang='lat' dir='ltr'><strong>ipso</strong></span> <span class='ocrx_word' id='word_1_42' title='bbox 1100 883 1333 938; x_wconf 91' lang='lat' dir='ltr'><strong>transitu</strong></span> <span class='ocrx_word' id='word_1_43' title='bbox 1363 889 1675 941; x_wconf 84' lang='lat' dir='ltr'><strong>evanescit:</strong></span> <span class='ocrx_word' id='word_1_44' title='bbox 1734 896 1789 941; x_wconf 88' lang='lat' dir='ltr'><strong>at</strong></span> <span class='ocrx_word' id='word_1_45' title='bbox 1822 904 1949 943; x_wconf 82' lang='lat' dir='ltr'><strong>vero</strong></span> <span class='ocrx_word' id='word_1_46' title='bbox 1999 889 2153 954; x_wconf 89' lang='lat' dir='ltr'><strong>illud,</strong></span> 
     </span>
    </p>
   </div>
   <div class='ocr_carea' id='block_1_10' title="bbox 595 974 1723 1045">
    <p class='ocr_par' dir='ltr' id='par_1_10' title="bbox 595 974 1723 1045">
     <span class='ocr_line' id='line_1_10' title="bbox 595 974 1723 1045; baseline 0.003 -17"><span class='ocrx_word' id='word_1_47' title='bbox 595 974 739 1043; x_wconf 89' lang='lat' dir='ltr'><strong>quod</strong></span> <span class='ocrx_word' id='word_1_48' title='bbox 769 983 1138 1045; x_wconf 81' lang='lat' dir='ltr'><strong>exspectatur,</strong></span> <span class='ocrx_word' id='word_1_49' title='bbox 1184 975 1299 1044; x_wconf 86' lang='lat' dir='ltr'><strong>ipsa</strong></span> <span class='ocrx_word' id='word_1_50' title='bbox 1332 991 1426 1045; x_wconf 85' lang='lat' dir='ltr'><strong>spe</strong></span> <span class='ocrx_word' id='word_1_51' title='bbox 1451 976 1723 1033; x_wconf 84' lang='lat' dir='ltr'><strong>subsistit.</strong></span> 
     </span>
    </p>
   </div>
   <div class='ocr_carea' id='block_1_11' title="bbox 665 1064 2161 1139">
    <p class='ocr_par' dir='ltr' id='par_1_11' title="bbox 665 1064 2161 1139">
     <span class='ocr_line' id='line_1_11' title="bbox 665 1064 2161 1139; baseline 0.002 -19"><span class='ocrx_word' id='word_1_52' title='bbox 665 1064 933 1120; x_wconf 67' lang='lat' dir='ltr'><strong>Caeterum</strong></span> <span class='ocrx_word' id='word_1_53' title='bbox 958 1065 1071 1121; x_wconf 68' lang='lat' dir='ltr'><strong>haec</strong></span> <span class='ocrx_word' id='word_1_54' title='bbox 1099 1077 1356 1137; x_wconf 91' lang='lat' dir='ltr'><strong>tanquam</strong></span> <span class='ocrx_word' id='word_1_55' title='bbox 1381 1067 1606 1122; x_wconf 78' lang='lat' dir='ltr'><strong>ridicula</strong></span> <span class='ocrx_word' id='word_1_56' title='bbox 1634 1070 1952 1139; x_wconf 89' lang='lat' dir='ltr'><strong>etpuerilia,</strong></span> <span class='ocrx_word' id='word_1_57' title='bbox 1979 1068 2161 1138; x_wconf 88' lang='lat' dir='ltr'><strong>pueris</strong></span> 
     </span>
    </p>
   </div>
   <div class='ocr_carea' id='block_1_12' title="bbox 597 1156 2160 1222">
    <p class='ocr_par' dir='ltr' id='par_1_12' title="bbox 597 1156 2160 1222">
     <span class='ocr_line' id='line_1_12' title="bbox 597 1156 2160 1222; baseline 0.002 -12"><span class='ocrx_word' id='word_1_58' title='bbox 597 1157 653 1211; x_wconf 91' lang='lat' dir='ltr'><strong>in</strong></span> <span class='ocrx_word' id='word_1_59' title='bbox 699 1156 818 1211; x_wconf 88' lang='lat' dir='ltr'><strong>foro</strong></span> <span class='ocrx_word' id='word_1_60' title='bbox 849 1157 1233 1215; x_wconf 83' lang='lat' dir='ltr'><strong>sessitantibus</strong></span> <span class='ocrx_word' id='word_1_61' title='bbox 1280 1168 1331 1213; x_wconf 94' lang='lat' dir='ltr'><strong>et</strong></span> <span class='ocrx_word' id='word_1_62' title='bbox 1371 1158 1724 1215; x_wconf 86' lang='lat' dir='ltr'><strong>lusitantibus</strong></span> <span class='ocrx_word' id='word_1_63' title='bbox 1762 1160 2160 1222; x_wconf 81' lang='lat' dir='ltr'><strong>convenientia,</strong></span> 
     </span>
    </p>
   </div>
   <div class='ocr_carea' id='block_1_13' title="bbox 596 1250 2162 1321">
    <p class='ocr_par' dir='ltr' id='par_1_13' title="bbox 596 1250 2162 1321">
     <span class='ocr_line' id='line_1_13' title="bbox 596 1250 2162 1321; baseline 0.001 -20"><span class='ocrx_word' id='word_1_64' title='bbox 596 1250 816 1318; x_wconf 86' lang='lat' dir='ltr'><strong>profero</strong></span> <span class='ocrx_word' id='word_1_65' title='bbox 850 1270 861 1305; x_wconf 90' lang='lat'><strong>:</strong></span> <span class='ocrx_word' id='word_1_66' title='bbox 896 1265 1072 1321; x_wconf 88' lang='lat' dir='ltr'><strong>neque</strong></span> <span class='ocrx_word' id='word_1_67' title='bbox 1098 1250 1242 1306; x_wconf 89' lang='lat' dir='ltr'><strong>enim</strong></span> <span class='ocrx_word' id='word_1_68' title='bbox 1268 1252 1484 1306; x_wconf 86' lang='lat' dir='ltr'><strong>evenire</strong></span> <span class='ocrx_word' id='word_1_69' title='bbox 1511 1259 1720 1321; x_wconf 77' lang='lat' dir='ltr'><strong>potest,</strong></span> <span class='ocrx_word' id='word_1_70' title='bbox 1765 1250 2059 1321; x_wconf 86' lang='lat' dir='ltr'><strong>quominus</strong></span> <span class='ocrx_word' id='word_1_71' title='bbox 2107 1250 2162 1303; x_wconf 91' lang='lat' dir='ltr'><strong>in</strong></span> 
     </span>
    </p>
   </div>
   <div class='ocr_carea' id='block_1_14' title="bbox 597 1338 2189 1419">
    <p class='ocr_par' dir='ltr' id='par_1_14' title="bbox 597 1338 2189 1419">
     <span class='ocr_line' id='line_1_14' title="bbox 597 1338 2189 1419; baseline 0.001 -26"><span class='ocrx_word' id='word_1_72' title='bbox 597 1341 775 1396; x_wconf 86' lang='lat' dir='ltr'><strong>lusum</strong></span> <span class='ocrx_word' id='word_1_73' title='bbox 833 1342 1156 1404; x_wconf 82' lang='lat' dir='ltr'><strong>resolvatur,</strong></span> <span class='ocrx_word' id='word_1_74' title='bbox 1213 1342 1464 1412; x_wconf 85' lang='lat' dir='ltr'><strong>quisquis</strong></span> <span class='ocrx_word' id='word_1_75' title='bbox 1514 1342 1738 1411; x_wconf 82' lang='lat' dir='ltr'><strong>prOpius</strong></span> <span class='ocrx_word' id='word_1_76' title='bbox 1790 1352 1952 1396; x_wconf 72' lang='lat' dir='ltr'><strong>secta:</strong></span> <span class='ocrx_word' id='word_1_77' title='bbox 1999 1338 2189 1419; x_wconf 80' lang='lat' dir='ltr'><strong>hujus</strong></span> 
     </span>
    </p>
   </div>
   <div class='ocr_carea' id='block_1_15' title="bbox 596 1426 2161 1505">
    <p class='ocr_par' dir='ltr' id='par_1_15' title="bbox 596 1426 2161 1505">
     <span class='ocr_line' id='line_1_15' title="bbox 596 1426 2161 1505; baseline -0.001 -18"><span class='ocrx_word' id='word_1_78' title='bbox 596 1426 882 1494; x_wconf 78' lang='lat' dir='ltr'><strong>vilitatem,</strong></span> <span class='ocrx_word' id='word_1_79' title='bbox 915 1441 969 1488; x_wconf 92' lang='lat' dir='ltr'><strong>et</strong></span> <span class='ocrx_word' id='word_1_80' title='bbox 996 1433 1063 1488; x_wconf 90' lang='lat' dir='ltr'><strong>ad</strong></span> <span class='ocrx_word' id='word_1_81' title='bbox 1100 1434 1323 1489; x_wconf 86' lang='lat' dir='ltr'><strong>humilia</strong></span> <span class='ocrx_word' id='word_1_82' title='bbox 1352 1434 1713 1502; x_wconf 88' lang='lat' dir='ltr'><strong>abjectionem</strong></span> <span class='ocrx_word' id='word_1_83' title='bbox 1754 1435 2161 1505; x_wconf 79' lang='lat' dir='ltr'><strong>introspexerit.</strong></span> 
     </span>
    </p>
   </div>
   <div class='ocr_carea' id='block_1_16' title="bbox 597 1523 2165 1592">
    <p class='ocr_par' dir='ltr' id='par_1_16' title="bbox 597 1523 2165 1592">
     <span class='ocr_line' id='line_1_16' title="bbox 597 1523 2165 1592; baseline 0.001 -16"><span class='ocrx_word' id='word_1_84' title='bbox 597 1523 732 1577; x_wconf 88' lang='lat' dir='ltr'><strong>Illud</strong></span> <span class='ocrx_word' id='word_1_85' title='bbox 773 1523 973 1579; x_wconf 86' lang='lat' dir='ltr'><strong>addere</strong></span> <span class='ocrx_word' id='word_1_86' title='bbox 1006 1540 1111 1579; x_wconf 92' lang='lat' dir='ltr'><strong>non</strong></span> <span class='ocrx_word' id='word_1_87' title='bbox 1150 1525 1247 1582; x_wconf 88' lang='lat' dir='ltr'><strong>abs</strong></span> <span class='ocrx_word' id='word_1_88' title='bbox 1277 1542 1336 1581; x_wconf 88' lang='lat' dir='ltr'><strong>re</strong></span> <span class='ocrx_word' id='word_1_89' title='bbox 1366 1526 1482 1582; x_wconf 88' lang='lat' dir='ltr'><strong>fore</strong></span> <span class='ocrx_word' id='word_1_90' title='bbox 1509 1529 1685 1584; x_wconf 89' lang='lat' dir='ltr'><strong>visum</strong></span> <span class='ocrx_word' id='word_1_91' title='bbox 1719 1535 1823 1592; x_wconf 90' lang='lat' dir='ltr'><strong>est,</strong></span> <span class='ocrx_word' id='word_1_92' title='bbox 1857 1542 1981 1580; x_wconf 92' lang='lat' dir='ltr'><strong>cum</strong></span> <span class='ocrx_word' id='word_1_93' title='bbox 2011 1533 2165 1579; x_wconf 64' lang='lat' dir='ltr'><strong>mter-</strong></span> 
     </span>
    </p>
   </div>
   <div class='ocr_carea' id='block_1_17' title="bbox 597 1612 2163 1688">
    <p class='ocr_par' dir='ltr' id='par_1_17' title="bbox 597 1612 2163 1688">
     <span class='ocr_line' id='line_1_17' title="bbox 597 1612 2163 1688; baseline 0.001 -20"><span class='ocrx_word' id='word_1_94' title='bbox 597 1612 788 1668; x_wconf 86' lang='lat' dir='ltr'><strong>nitatis</strong></span> <span class='ocrx_word' id='word_1_95' title='bbox 820 1615 969 1669; x_wconf 89' lang='lat' dir='ltr'><strong>notio</strong></span> <span class='ocrx_word' id='word_1_96' title='bbox 999 1616 1241 1686; x_wconf 90' lang='lat' dir='ltr'><strong>utrisque</strong></span> <span class='ocrx_word' id='word_1_97' title='bbox 1275 1633 1339 1673; x_wconf 87' lang='lat' dir='ltr'><strong>ex</strong></span> <span class='ocrx_word' id='word_1_98' title='bbox 1368 1619 1698 1688; x_wconf 85' lang='lat' dir='ltr'><strong>supradictis</strong></span> <span class='ocrx_word' id='word_1_99' title='bbox 1729 1617 2069 1681; x_wconf 86' lang='lat' dir='ltr'><strong>conficiatur,</strong></span> <span class='ocrx_word' id='word_1_100' title='bbox 2097 1632 2163 1671; x_wconf 86' lang='lat' dir='ltr'><strong>ex</strong></span> 
     </span>
    </p>
   </div>
   <div class='ocr_carea' id='block_1_18' title="bbox 599 1706 2161 1780">
    <p class='ocr_par' dir='ltr' id='par_1_18' title="bbox 599 1706 2161 1780">
     <span class='ocr_line' id='line_1_18' title="bbox 599 1706 2161 1780; baseline 0 -21"><span class='ocrx_word' id='word_1_101' title='bbox 599 1706 884 1776; x_wconf 75' lang='lat' dir='ltr'><strong>negatione</strong></span> <span class='ocrx_word' id='word_1_102' title='bbox 933 1707 1142 1763; x_wconf 87' lang='lat' dir='ltr'><strong>scilicet</strong></span> <span class='ocrx_word' id='word_1_103' title='bbox 1195 1709 1445 1780; x_wconf 77' lang='lat' dir='ltr'><strong>principii</strong></span> <span class='ocrx_word' id='word_1_104' title='bbox 1487 1719 1541 1765; x_wconf 90' lang='lat' dir='ltr'><strong>et</strong></span> <span class='ocrx_word' id='word_1_105' title='bbox 1572 1709 1733 1766; x_wconf 86' lang='lat' dir='ltr'><strong>finis:</strong></span> <span class='ocrx_word' id='word_1_106' title='bbox 1776 1709 1823 1764; x_wconf 90' lang='lat' dir='ltr'><strong>si</strong></span> <span class='ocrx_word' id='word_1_107' title='bbox 1869 1707 2161 1763; x_wconf 84' lang='lat' dir='ltr'><strong>essentiam</strong></span> 
     </span>
    </p>
   </div>
   <div class='ocr_carea' id='block_1_19' title="bbox 596 1793 2167 1868">
    <p class='ocr_par' dir='ltr' id='par_1_19' title="bbox 596 1793 2167 1868">
     <span class='ocr_line' id='line_1_19' title="bbox 596 1793 2167 1868; baseline 0.002 -22"><span class='ocrx_word' id='word_1_108' title='bbox 596 1793 692 1850; x_wconf 70' lang='lat' dir='ltr'><strong>llei</strong></span> <span class='ocrx_word' id='word_1_109' title='bbox 724 1810 831 1849; x_wconf 88' lang='lat' dir='ltr'><strong>uno</strong></span> <span class='ocrx_word' id='word_1_110' title='bbox 857 1796 1333 1864; x_wconf 77' lang='lat' dir='ltr'><strong>circumscribunt,</strong></span> <span class='ocrx_word' id='word_1_111' title='bbox 1368 1798 1747 1868; x_wconf 81' lang='lat' dir='ltr'><strong>semiperfecta</strong></span> <span class='ocrx_word' id='word_1_112' title='bbox 1778 1798 1882 1852; x_wconf 90' lang='lat' dir='ltr'><strong>erit</strong></span> <span class='ocrx_word' id='word_1_113' title='bbox 1915 1796 2167 1851; x_wconf 70' lang='lat' dir='ltr'><strong>essentia:</strong></span> 
     </span>
    </p>
   </div>
   <div class='ocr_carea' id='block_1_20' title="bbox 2257 617 3822 691">
    <p class='ocr_par' dir='ltr' id='par_1_20' title="bbox 2257 617 3822 691">
     <span class='ocr_line' id='line_1_20' title="bbox 2257 617 3822 691; baseline 0.001 -22"><span class='ocrx_word' id='word_1_114' title='bbox 2257 619 2635 687; x_wconf 81' lang='grc' dir='ltr'>γραφέτωσαν.</span> <span class='ocrx_word' id='word_1_115' title='bbox 2717 620 2933 691; x_wconf 80' lang='grc' dir='ltr'><strong>Ἐπειδὴ</strong></span> <span class='ocrx_word' id='word_1_116' title='bbox 2985 621 3094 673; x_wconf 77' lang='grc' dir='ltr'><strong>πᾶν</strong></span> <span class='ocrx_word' id='word_1_117' title='bbox 3142 619 3204 672; x_wconf 75' lang='grc' dir='ltr'>τὸ</span> <span class='ocrx_word' id='word_1_118' title='bbox 3255 618 3522 689; x_wconf 76' lang='grc' dir='ltr'>παρελθὸν</span> <span class='ocrx_word' id='word_1_119' title='bbox 3577 618 3679 688; x_wconf 63' lang='grc' dir='ltr'>ἥδη</span> <span class='ocrx_word' id='word_1_120' title='bbox 3730 617 3822 671; x_wconf 82' lang='grc' dir='ltr'>τοῦ</span> 
     </span>
    </p>
   </div>
   <div class='ocr_carea' id='block_1_21' title="bbox 2257 707 3827 782">
    <p class='ocr_par' dir='ltr' id='par_1_21' title="bbox 2257 707 3827 782">
     <span class='ocr_line' id='line_1_21' title="bbox 2257 707 3827 782; baseline 0.002 -22"><span class='ocrx_word' id='word_1_121' title='bbox 2257 708 2450 777; x_wconf 85' lang='grc' dir='ltr'>χρόνου</span> <span class='ocrx_word' id='word_1_122' title='bbox 2475 713 2541 780; x_wconf 81' lang='grc' dir='ltr'><strong>τῇ</strong></span> <span class='ocrx_word' id='word_1_123' title='bbox 2582 710 2801 782; x_wconf 79' lang='grc' dir='ltr'><strong>παρόδῳ</strong></span> <span class='ocrx_word' id='word_1_124' title='bbox 2839 710 3255 779; x_wconf 73' lang='grc' dir='ltr'>συναφανίζεται</span> <span class='ocrx_word' id='word_1_125' title='bbox 3280 724 3293 739; x_wconf 72' lang='grc'>⁸</span> <span class='ocrx_word' id='word_1_126' title='bbox 3332 710 3393 763; x_wconf 85' lang='grc' dir='ltr'><strong>τδ</strong></span> <span class='ocrx_word' id='word_1_127' title='bbox 3420 709 3477 763; x_wconf 70' lang='grc' dir='ltr'>δὲ</span> <span class='ocrx_word' id='word_1_128' title='bbox 3518 707 3827 781; x_wconf 74' lang='grc' dir='ltr'>προσδοκῶ·</span> 
     </span>
    </p>
   </div>
   <div class='ocr_carea' id='block_1_22' title="bbox 2262 799 3508 871">
    <p class='ocr_par' dir='ltr' id='par_1_22' title="bbox 2262 799 3508 871">
     <span class='ocr_line' id='line_1_22' title="bbox 2262 799 3508 871; baseline 0.001 -19"><span class='ocrx_word' id='word_1_129' title='bbox 2262 816 2420 867; x_wconf 84' lang='grc' dir='ltr'>μενον</span> <span class='ocrx_word' id='word_1_130' title='bbox 2443 800 2531 854; x_wconf 71' lang='grc' dir='ltr'><strong>διὰ</strong></span> <span class='ocrx_word' id='word_1_131' title='bbox 2558 802 2654 871; x_wconf 83' lang='grc' dir='ltr'>τῆς</span> <span class='ocrx_word' id='word_1_132' title='bbox 2677 802 2893 866; x_wconf 78' lang='grc' dir='ltr'><strong>ἐλπίδος</strong></span> <span class='ocrx_word' id='word_1_133' title='bbox 2923 802 3020 856; x_wconf 59' lang='grc' dir='ltr'>τὴν</span> <span class='ocrx_word' id='word_1_134' title='bbox 3052 802 3349 856; x_wconf 75' lang='grc' dir='ltr'><strong>ὑπόστασιν</strong></span> <span class='ocrx_word' id='word_1_135' title='bbox 3378 799 3508 870; x_wconf 71' lang='grc' dir='ltr'>ἔχει.</span> 
     </span>
    </p>
   </div>
   <div class='ocr_carea' id='block_1_23' title="bbox 2343 1061 3832 1133">
    <p class='ocr_par' dir='ltr' id='par_1_23' title="bbox 2343 1061 3832 1133">
     <span class='ocr_line' id='line_1_23' title="bbox 2343 1061 3832 1133; baseline 0.001 -20"><span class='ocrx_word' id='word_1_136' title='bbox 2343 1061 2502 1114; x_wconf 74' lang='grc' dir='ltr'>Ἀλλὰ</span> <span class='ocrx_word' id='word_1_137' title='bbox 2542 1061 2714 1115; x_wconf 82' lang='grc' dir='ltr'>ταῦτα</span> <span class='ocrx_word' id='word_1_138' title='bbox 2745 1063 2877 1133; x_wconf 82' lang='grc' dir='ltr'>μὲν,</span> <span class='ocrx_word' id='word_1_139' title='bbox 2910 1063 2985 1126; x_wconf 84' lang='grc' dir='ltr'>ὼς</span> <span class='ocrx_word' id='word_1_140' title='bbox 3028 1062 3262 1127; x_wconf 74' lang='grc' dir='ltr'><strong>παιδίοις</strong></span> <span class='ocrx_word' id='word_1_141' title='bbox 3294 1065 3405 1127; x_wconf 81' lang='grc' dir='ltr'>τοῖς</span> <span class='ocrx_word' id='word_1_142' title='bbox 3451 1064 3509 1116; x_wconf 76' lang='grc' dir='ltr'><strong>ἐν</strong></span> <span class='ocrx_word' id='word_1_143' title='bbox 3541 1064 3606 1133; x_wconf 80' lang='grc' dir='ltr'>τῇ</span> <span class='ocrx_word' id='word_1_144' title='bbox 3655 1062 3832 1132; x_wconf 70' lang='grc' dir='ltr'>ἀγορᾷ</span> 
     </span>
    </p>
   </div>
   <div class='ocr_carea' id='block_1_24' title="bbox 2262 1152 3828 1227">
    <p class='ocr_par' dir='ltr' id='par_1_24' title="bbox 2262 1152 3828 1227">
     <span class='ocr_line' id='line_1_24' title="bbox 2262 1152 3828 1227; baseline -0.001 -21"><span class='ocrx_word' id='word_1_145' title='bbox 2262 1152 2588 1224; x_wconf 72' lang='grc' dir='ltr'><strong>καθημένοις</strong></span> <span class='ocrx_word' id='word_1_146' title='bbox 2622 1153 2725 1227; x_wconf 61' lang='grc' dir='ltr'>καὶ</span> <span class='ocrx_word' id='word_1_147' title='bbox 2775 1153 3024 1217; x_wconf 75' lang='grc' dir='ltr'>παίζουσι</span> <span class='ocrx_word' id='word_1_148' title='bbox 3073 1153 3289 1222; x_wconf 80' lang='grc' dir='ltr'>γελοῖα,</span> <span class='ocrx_word' id='word_1_149' title='bbox 3341 1154 3436 1206; x_wconf 78' lang='grc' dir='ltr'>καὶ</span> <span class='ocrx_word' id='word_1_150' title='bbox 3494 1152 3828 1225; x_wconf 83' lang='grc' dir='ltr'>παιδαριώδη</span> 
     </span>
    </p>
   </div>
   <div class='ocr_carea' id='block_1_25' title="bbox 2262 1242 3834 1316">
    <p class='ocr_par' dir='ltr' id='par_1_25' title="bbox 2262 1242 3834 1316">
     <span class='ocr_line' id='line_1_25' title="bbox 2262 1242 3834 1316; baseline 0.001 -21"><span class='ocrx_word' id='word_1_151' title='bbox 2262 1244 2551 1314; x_wconf 78' lang='grc' dir='ltr'><strong>προφέρω·</strong></span> <span class='ocrx_word' id='word_1_152' title='bbox 2589 1242 2712 1296; x_wconf 84' lang='grc' dir='ltr'><strong>οὑδέ</strong></span> <span class='ocrx_word' id='word_1_153' title='bbox 2770 1243 2879 1316; x_wconf 85' lang='grc' dir='ltr'><strong>γὰρ</strong></span> <span class='ocrx_word' id='word_1_154' title='bbox 2921 1243 3037 1298; x_wconf 71' lang='grc' dir='ltr'>ἔστι</span> <span class='ocrx_word' id='word_1_155' title='bbox 3090 1244 3152 1297; x_wconf 82' lang='grc' dir='ltr'>τὸ</span> <span class='ocrx_word' id='word_1_156' title='bbox 3213 1245 3580 1316; x_wconf 69' lang='grc' dir='ltr'>χαμαιρριφές</span> <span class='ocrx_word' id='word_1_157' title='bbox 3629 1260 3690 1296; x_wconf 87' lang='grc' dir='ltr'><strong>τε</strong></span> <span class='ocrx_word' id='word_1_158' title='bbox 3737 1243 3834 1297; x_wconf 73' lang='grc' dir='ltr'>καὶ</span> 
     </span>
    </p>
   </div>
   <div class='ocr_carea' id='block_1_26' title="bbox 2261 1333 3831 1407">
    <p class='ocr_par' dir='ltr' id='par_1_26' title="bbox 2261 1333 3831 1407">
     <span class='ocr_line' id='line_1_26' title="bbox 2261 1333 3831 1407; baseline -0.001 -19"><span class='ocrx_word' id='word_1_159' title='bbox 2261 1338 2443 1406; x_wconf 82' lang='grc' dir='ltr'>γήϊνον</span> <span class='ocrx_word' id='word_1_160' title='bbox 2478 1333 2585 1388; x_wconf 85' lang='grc' dir='ltr'>τῶν</span> <span class='ocrx_word' id='word_1_161' title='bbox 2610 1336 2707 1406; x_wconf 83' lang='grc' dir='ltr'>τῆς</span> <span class='ocrx_word' id='word_1_162' title='bbox 2734 1335 2997 1407; x_wconf 81' lang='grc' dir='ltr'>αἱρέσεως</span> <span class='ocrx_word' id='word_1_163' title='bbox 3032 1335 3316 1405; x_wconf 75' lang='grc' dir='ltr'><strong>δογμάτων</strong></span> <span class='ocrx_word' id='word_1_164' title='bbox 3342 1334 3831 1406; x_wconf 69' lang='grc' dir='ltr'><strong>ἐπισκεπτόμενον,</strong></span> 
     </span>
    </p>
   </div>
   <div class='ocr_carea' id='block_1_27' title="bbox 2265 1425 3838 1498">
    <p class='ocr_par' dir='ltr' id='par_1_27' title="bbox 2265 1425 3838 1498">
     <span class='ocr_line' id='line_1_27' title="bbox 2265 1425 3838 1498; baseline 0.001 -20"><span class='ocrx_word' id='word_1_165' title='bbox 2265 1426 2340 1496; x_wconf 81' lang='grc' dir='ltr'>μὴ</span> <span class='ocrx_word' id='word_1_166' title='bbox 2377 1425 2497 1496; x_wconf 81' lang='grc' dir='ltr'>οὑχὶ</span> <span class='ocrx_word' id='word_1_167' title='bbox 2546 1427 2761 1490; x_wconf 82' lang='grc' dir='ltr'>πάντως</span> <span class='ocrx_word' id='word_1_168' title='bbox 2791 1428 2872 1490; x_wconf 89' lang='grc' dir='ltr'><strong>είς</strong></span> <span class='ocrx_word' id='word_1_169' title='bbox 2914 1425 3247 1498; x_wconf 80' lang='grc' dir='ltr'>μειρακιώδη</span> <span class='ocrx_word' id='word_1_170' title='bbox 3283 1426 3396 1481; x_wconf 76' lang='grc' dir='ltr'>τινὰ</span> <span class='ocrx_word' id='word_1_171' title='bbox 3433 1426 3649 1480; x_wconf 76' lang='grc' dir='ltr'>παιδιὰν</span> <span class='ocrx_word' id='word_1_172' title='bbox 3700 1426 3838 1479; x_wconf 82' lang='grc' dir='ltr'>ὑπο-</span> 
     </span>
    </p>
   </div>
   <div class='ocr_carea' id='block_1_28' title="bbox 2264 1516 3837 1591">
    <p class='ocr_par' dir='ltr' id='par_1_28' title="bbox 2264 1516 3837 1591">
     <span class='ocr_line' id='line_1_28' title="bbox 2264 1516 3837 1591; baseline 0.001 -22"><span class='ocrx_word' id='word_1_173' title='bbox 2264 1516 2544 1589; x_wconf 79' lang='grc' dir='ltr'>φέρεσθαι.</span> <span class='ocrx_word' id='word_1_174' title='bbox 2598 1519 2803 1573; x_wconf 82' lang='grc' dir='ltr'>Ἐκεῖνο</span> <span class='ocrx_word' id='word_1_175' title='bbox 2846 1518 2903 1571; x_wconf 80' lang='grc' dir='ltr'>δὲ</span> <span class='ocrx_word' id='word_1_176' title='bbox 2955 1517 3267 1591; x_wconf 84' lang='grc' dir='ltr'>προσθεῖναι</span> <span class='ocrx_word' id='word_1_177' title='bbox 3317 1517 3396 1588; x_wconf 83' lang='grc' dir='ltr'>τῷ</span> <span class='ocrx_word' id='word_1_178' title='bbox 3449 1516 3594 1588; x_wconf 80' lang='grc' dir='ltr'>λόγῳ</span> <span class='ocrx_word' id='word_1_179' title='bbox 3648 1517 3837 1581; x_wconf 78' lang='grc' dir='ltr'>καλῶς</span> 
     </span>
    </p>
   </div>
   <div class='ocr_carea' id='block_1_29' title="bbox 2263 1610 3841 1684">
    <p class='ocr_par' dir='ltr' id='par_1_29' title="bbox 2263 1610 3841 1684">
     <span class='ocr_line' id='line_1_29' title="bbox 2263 1610 3841 1684; baseline 0.001 -20"><span class='ocrx_word' id='word_1_180' title='bbox 2263 1610 2406 1682; x_wconf 82' lang='grc' dir='ltr'>ἔχειν</span> <span class='ocrx_word' id='word_1_181' title='bbox 2440 1611 2620 1683; x_wconf 81' lang='grc' dir='ltr'>φημί·</span> <span class='ocrx_word' id='word_1_182' title='bbox 2648 1613 2730 1666; x_wconf 83' lang='grc' dir='ltr'>ὅτι</span> <span class='ocrx_word' id='word_1_183' title='bbox 2771 1613 2871 1684; x_wconf 84' lang='grc' dir='ltr'>τῆς</span> <span class='ocrx_word' id='word_1_184' title='bbox 2917 1612 3010 1666; x_wconf 83' lang='grc' dir='ltr'><strong>τοῦ</strong></span> <span class='ocrx_word' id='word_1_185' title='bbox 3037 1612 3205 1667; x_wconf 77' lang='grc' dir='ltr'>ἀϊδίου</span> <span class='ocrx_word' id='word_1_186' title='bbox 3248 1613 3522 1684; x_wconf 75' lang='grc' dir='ltr'><strong>σημασίας</strong></span> <span class='ocrx_word' id='word_1_187' title='bbox 3555 1613 3622 1666; x_wconf 85' lang='grc' dir='ltr'><strong>δι’</strong></span> <span class='ocrx_word' id='word_1_188' title='bbox 3655 1614 3841 1683; x_wconf 82' lang='grc' dir='ltr'>ἀμφο-</span> 
     </span>
    </p>
   </div>
   <div class='ocr_carea' id='block_1_30' title="bbox 2264 1704 3839 1779">
    <p class='ocr_par' dir='ltr' id='par_1_30' title="bbox 2264 1704 3839 1779">
     <span class='ocr_line' id='line_1_30' title="bbox 2264 1704 3839 1779; baseline 0.002 -24"><span class='ocrx_word' id='word_1_189' title='bbox 2264 1704 2469 1779; x_wconf 75' lang='grc' dir='ltr'>τέρων,</span> <span class='ocrx_word' id='word_1_190' title='bbox 2509 1704 2651 1759; x_wconf 80' lang='grc' dir='ltr'><strong>κατά</strong></span> <span class='ocrx_word' id='word_1_191' title='bbox 2683 1704 2773 1758; x_wconf 82' lang='grc' dir='ltr'>τὸν</span> <span class='ocrx_word' id='word_1_192' title='bbox 2826 1704 3057 1775; x_wconf 81' lang='grc' dir='ltr'><strong>ῥηθέντα</strong></span> <span class='ocrx_word' id='word_1_193' title='bbox 3102 1704 3257 1774; x_wconf 90' lang='grc' dir='ltr'>λόγον</span> <span class='ocrx_word' id='word_1_194' title='bbox 3301 1704 3839 1777; x_wconf 79' lang='grc' dir='ltr'>συμπληρουμένης,</span> 
     </span>
    </p>
   </div>
   <div class='ocr_carea' id='block_1_31' title="bbox 2265 1795 3843 1870">
    <p class='ocr_par' dir='ltr' id='par_1_31' title="bbox 2265 1795 3843 1870">
     <span class='ocr_line' id='line_1_31' title="bbox 2265 1795 3843 1870; baseline 0.003 -23"><span class='ocrx_word' id='word_1_195' title='bbox 2265 1795 2329 1849; x_wconf 77' lang='grc' dir='ltr'><strong>ἐκ</strong></span> <span class='ocrx_word' id='word_1_196' title='bbox 2374 1813 2432 1848; x_wconf 87' lang='grc' dir='ltr'><strong>τε</strong></span> <span class='ocrx_word' id='word_1_197' title='bbox 2478 1796 2577 1866; x_wconf 83' lang='grc' dir='ltr'>τῆς</span> <span class='ocrx_word' id='word_1_198' title='bbox 2592 1797 2821 1868; x_wconf 78' lang='grc' dir='ltr'>-ἀρχῆς,</span> <span class='ocrx_word' id='word_1_199' title='bbox 2869 1799 2963 1852; x_wconf 69' lang='grc' dir='ltr'>καὶ</span> <span class='ocrx_word' id='word_1_200' title='bbox 3015 1800 3079 1851; x_wconf 88' lang='grc' dir='ltr'><strong>ἐκ</strong></span> <span class='ocrx_word' id='word_1_201' title='bbox 3117 1797 3219 1868; x_wconf 81' lang='grc' dir='ltr'>τῆς</span> <span class='ocrx_word' id='word_1_202' title='bbox 3244 1798 3339 1851; x_wconf 85' lang='grc' dir='ltr'><strong>τοῦ</strong></span> <span class='ocrx_word' id='word_1_203' title='bbox 3372 1798 3555 1861; x_wconf 81' lang='grc' dir='ltr'>τέλους</span> <span class='ocrx_word' id='word_1_204' title='bbox 3590 1798 3843 1870; x_wconf 73' lang='grc' dir='ltr'>ἀλλοτρι-</span> 
     </span>
    </p>
   </div>
   <div class='ocr_carea' id='block_1_32' title="bbox 592 1880 2174 1959">
    <p class='ocr_par' dir='ltr' id='par_1_32' title="bbox 592 1886 2164 1959">
     <span class='ocr_line' id='line_1_32' title="bbox 592 1886 2164 1959; baseline 0.001 -20"><span class='ocrx_word' id='word_1_205' title='bbox 592 1886 762 1950; x_wconf 71' lang='lat' dir='ltr'><strong>a&#39;atio,</strong></span> <span class='ocrx_word' id='word_1_206' title='bbox 798 1887 995 1957; x_wconf 88' lang='lat' dir='ltr'><strong>quippe</strong></span> <span class='ocrx_word' id='word_1_207' title='bbox 1017 1889 1069 1941; x_wconf 90' lang='lat' dir='ltr'><strong>in</strong></span> <span class='ocrx_word' id='word_1_208' title='bbox 1104 1887 1219 1942; x_wconf 88' lang='lat' dir='ltr'><strong>sola</strong></span> <span class='ocrx_word' id='word_1_209' title='bbox 1242 1888 1496 1959; x_wconf 85' lang='lat' dir='ltr'><strong>principii</strong></span> <span class='ocrx_word' id='word_1_210' title='bbox 1529 1890 1813 1959; x_wconf 81' lang='lat' dir='ltr'><strong>negatione</strong></span> <span class='ocrx_word' id='word_1_211' title='bbox 1837 1888 2164 1949; x_wconf 85' lang='lat' dir='ltr'><strong>consistens,</strong></span> 
     </span>
    </p>
   </div>
   <div class='ocr_carea' id='block_1_33' title="bbox 2276 1880 3845 1959">
    <p class='ocr_par' dir='ltr' id='par_1_33' title="bbox 2276 1883 3845 1958">
     <span class='ocr_line' id='line_1_33' title="bbox 2276 1883 3845 1958; baseline 0.003 -22"><span class='ocrx_word' id='word_1_212' title='bbox 2276 1883 2479 1948; x_wconf 69' lang='grc' dir='ltr'>ὤσεωςο</span> <span class='ocrx_word' id='word_1_213' title='bbox 2515 1887 2564 1938; x_wconf 84' lang='grc' dir='ltr'>εἰ</span> <span class='ocrx_word' id='word_1_214' title='bbox 2602 1886 2701 1955; x_wconf 81' lang='grc' dir='ltr'>μὲν</span> <span class='ocrx_word' id='word_1_215' title='bbox 2732 1889 2790 1941; x_wconf 83' lang='grc' dir='ltr'><strong>ἐν</strong></span> <span class='ocrx_word' id='word_1_216' title='bbox 2819 1886 2897 1957; x_wconf 85' lang='grc' dir='ltr'>τῷ</span> <span class='ocrx_word' id='word_1_217' title='bbox 2928 1886 3007 1940; x_wconf 72' lang='grc' dir='ltr'>ἐνὶ</span> <span class='ocrx_word' id='word_1_218' title='bbox 3038 1886 3135 1958; x_wconf 80' lang='grc' dir='ltr'>τὴν</span> <span class='ocrx_word' id='word_1_219' title='bbox 3166 1887 3352 1941; x_wconf 81' lang='grc' dir='ltr'>οὐσίαν</span> <span class='ocrx_word' id='word_1_220' title='bbox 3387 1886 3480 1941; x_wconf 75' lang='grc' dir='ltr'>τοῦ</span> <span class='ocrx_word' id='word_1_221' title='bbox 3511 1886 3646 1940; x_wconf 82' lang='grc' dir='ltr'>Θεοῦ</span> <span class='ocrx_word' id='word_1_222' title='bbox 3679 1903 3845 1958; x_wconf 83' lang='grc' dir='ltr'>περι-</span> 
     </span>
    </p>
   </div>
   <div class='ocr_carea' id='block_1_34' title="bbox 599 1976 2167 2035">
    <p class='ocr_par' dir='ltr' id='par_1_34' title="bbox 599 1976 2167 2035">
     <span class='ocr_line' id='line_1_34' title="bbox 599 1976 2167 2035; baseline -0.001 -4"><span class='ocrx_word' id='word_1_223' title='bbox 599 1979 823 2033; x_wconf 73' lang='lat' dir='ltr'><strong>excluso</strong></span> <span class='ocrx_word' id='word_1_224' title='bbox 851 1979 917 2032; x_wconf 89' lang='lat' dir='ltr'><strong>ab</strong></span> <span class='ocrx_word' id='word_1_225' title='bbox 936 1981 1174 2034; x_wconf 88' lang='lat' dir='ltr'><strong>essentia</strong></span> <span class='ocrx_word' id='word_1_226' title='bbox 1206 1980 1577 2035; x_wconf 89' lang='lat' dir='ltr'><strong>interminato.</strong></span> <span class='ocrx_word' id='word_1_227' title='bbox 1608 1978 1665 2033; x_wconf 90' lang='lat' dir='ltr'><strong>Si</strong></span> <span class='ocrx_word' id='word_1_228' title='bbox 1687 1989 1868 2033; x_wconf 86' lang='lat' dir='ltr'><strong>autem</strong></span> <span class='ocrx_word' id='word_1_229' title='bbox 1900 1976 2167 2031; x_wconf 89' lang='lat' dir='ltr'><strong>ambobus</strong></span> 
     </span>
    </p>
   </div>
   <div class='ocr_carea' id='block_1_35' title="bbox 600 2066 2165 2140">
    <p class='ocr_par' dir='ltr' id='par_1_35' title="bbox 600 2066 2165 2140">
     <span class='ocr_line' id='line_1_35' title="bbox 600 2066 2165 2140; baseline -0.002 -17"><span class='ocrx_word' id='word_1_230' title='bbox 600 2069 911 2140; x_wconf 89' lang='lat' dir='ltr'><strong>conjunctis</strong></span> <span class='ocrx_word' id='word_1_231' title='bbox 934 2070 1184 2126; x_wconf 75' lang='lat' dir='ltr'><strong>essentia:</strong></span> <span class='ocrx_word' id='word_1_232' title='bbox 1226 2071 1490 2126; x_wconf 85' lang='lat' dir='ltr'><strong>rationem</strong></span> <span class='ocrx_word' id='word_1_233' title='bbox 1522 2087 1588 2127; x_wconf 89' lang='lat' dir='ltr'><strong>ex</strong></span> <span class='ocrx_word' id='word_1_234' title='bbox 1630 2077 1862 2140; x_wconf 88' lang='lat' dir='ltr'><strong>utroque</strong></span> <span class='ocrx_word' id='word_1_235' title='bbox 1907 2066 2165 2131; x_wconf 85' lang='lat' dir='ltr'><strong>conllcnt,</strong></span> 
     </span>
    </p>
   </div>
   <div class='ocr_carea' id='block_1_36' title="bbox 599 2160 2169 2231">
    <p class='ocr_par' dir='ltr' id='par_1_36' title="bbox 599 2160 2169 2231">
     <span class='ocr_line' id='line_1_36' title="bbox 599 2160 2169 2231; baseline -0.003 -16"><span class='ocrx_word' id='word_1_236' title='bbox 599 2177 795 2216; x_wconf 83' lang='lat' dir='ltr'><strong>rursus</strong></span> <span class='ocrx_word' id='word_1_237' title='bbox 824 2161 1199 2231; x_wconf 81' lang='lat' dir='ltr'><strong>dispiciamus,</strong></span> <span class='ocrx_word' id='word_1_238' title='bbox 1220 2176 1468 2230; x_wconf 78' lang='lat' dir='ltr'><strong>quamam</strong></span> <span class='ocrx_word' id='word_1_239' title='bbox 1493 2161 1809 2216; x_wconf 90' lang='lat' dir='ltr'><strong>absurditas</strong></span> <span class='ocrx_word' id='word_1_240' title='bbox 1827 2160 1967 2214; x_wconf 86' lang='lat' dir='ltr'><strong>hanc</strong></span> <span class='ocrx_word' id='word_1_241' title='bbox 1991 2172 2169 2213; x_wconf 82' lang='lat' dir='ltr'><strong>asser-</strong></span> 
     </span>
    </p>
   </div>
   <div class='ocr_carea' id='block_1_37' title="bbox 601 2248 2167 2320">
    <p class='ocr_par' dir='ltr' id='par_1_37' title="bbox 601 2248 2167 2320">
     <span class='ocr_line' id='line_1_37' title="bbox 601 2248 2167 2320; baseline -0.004 -14"><span class='ocrx_word' id='word_1_242' title='bbox 601 2257 803 2307; x_wconf 84' lang='lat' dir='ltr'><strong>tionem</strong></span> <span class='ocrx_word' id='word_1_243' title='bbox 828 2259 1221 2320; x_wconf 86' lang='lat' dir='ltr'><strong>consequatur:</strong></span> <span class='ocrx_word' id='word_1_244' title='bbox 1258 2249 1558 2304; x_wconf 88' lang='lat' dir='ltr'><strong>videbimus</strong></span> <span class='ocrx_word' id='word_1_245' title='bbox 1579 2249 1723 2303; x_wconf 88' lang='lat' dir='ltr'><strong>enim</strong></span> <span class='ocrx_word' id='word_1_246' title='bbox 1754 2250 1897 2314; x_wconf 89' lang='lat' dir='ltr'><strong>illos,</strong></span> <span class='ocrx_word' id='word_1_247' title='bbox 1929 2248 2167 2317; x_wconf 84' lang='lat' dir='ltr'><strong>nonjani</strong></span> 
     </span>
    </p>
   </div>
   <div class='ocr_carea' id='block_1_38' title="bbox 590 2338 2169 2412">
    <p class='ocr_par' dir='ltr' id='par_1_38' title="bbox 590 2338 2169 2412">
     <span class='ocr_line' id='line_1_38' title="bbox 590 2338 2169 2412; baseline -0.003 -14"><span class='ocrx_word' id='word_1_248' title='bbox 590 2343 776 2399; x_wconf 75' lang='lat' dir='ltr'><strong>solum</strong></span> <span class='ocrx_word' id='word_1_249' title='bbox 790 2358 916 2396; x_wconf 85' lang='lat' dir='ltr'><strong>cuni</strong></span> <span class='ocrx_word' id='word_1_250' title='bbox 941 2340 1217 2412; x_wconf 88' lang='lat' dir='ltr'><strong>unigenito</strong></span> <span class='ocrx_word' id='word_1_251' title='bbox 1234 2338 1389 2403; x_wconf 80' lang='lat' dir='ltr'><strong>Filio,</strong></span> <span class='ocrx_word' id='word_1_252' title='bbox 1407 2338 1502 2394; x_wconf 90' lang='lat' dir='ltr'><strong>sed</strong></span> <span class='ocrx_word' id='word_1_253' title='bbox 1518 2340 1678 2395; x_wconf 85' lang='lat' dir='ltr'><strong>etiam</strong></span> <span class='ocrx_word' id='word_1_254' title='bbox 1698 2354 1882 2394; x_wconf 88' lang='lat' dir='ltr'><strong>secum</strong></span> <span class='ocrx_word' id='word_1_255' title='bbox 1910 2354 2169 2408; x_wconf 85' lang='lat' dir='ltr'><strong>pugnare,</strong></span> 
     </span>
    </p>
   </div>
   <div class='ocr_carea' id='block_1_39' title="bbox 600 2431 2169 2505">
    <p class='ocr_par' dir='ltr' id='par_1_39' title="bbox 600 2431 2169 2505">
     <span class='ocr_line' id='line_1_39' title="bbox 600 2431 2169 2505; baseline -0.003 -17"><span class='ocrx_word' id='word_1_256' title='bbox 600 2434 745 2505; x_wconf 87' lang='lat' dir='ltr'><strong>quod</strong></span> <span class='ocrx_word' id='word_1_257' title='bbox 807 2434 1029 2504; x_wconf 87' lang='lat' dir='ltr'><strong>planum</strong></span> <span class='ocrx_word' id='word_1_258' title='bbox 1073 2440 1429 2502; x_wconf 87' lang='lat' dir='ltr'><strong>apertumque</strong></span> <span class='ocrx_word' id='word_1_259' title='bbox 1466 2440 1570 2491; x_wconf 87' lang='lat' dir='ltr'><strong>est,</strong></span> <span class='ocrx_word' id='word_1_260' title='bbox 1627 2446 1800 2500; x_wconf 87' lang='lat' dir='ltr'><strong>neque</strong></span> <span class='ocrx_word' id='word_1_261' title='bbox 1837 2431 2009 2484; x_wconf 69' lang='lat' dir='ltr'><strong>inuita</strong></span> <span class='ocrx_word' id='word_1_262' title='bbox 2045 2446 2169 2501; x_wconf 86' lang='lat' dir='ltr'><strong>pro-</strong></span> 
     </span>
    </p>
   </div>
   <div class='ocr_carea' id='block_1_40' title="bbox 604 2522 2166 2595">
    <p class='ocr_par' dir='ltr' id='par_1_40' title="bbox 604 2522 2166 2595">
     <span class='ocr_line' id='line_1_40' title="bbox 604 2522 2166 2595; baseline -0.003 -15"><span class='ocrx_word' id='word_1_263' title='bbox 604 2527 819 2581; x_wconf 89' lang='lat' dir='ltr'><strong>batione</strong></span> <span class='ocrx_word' id='word_1_264' title='bbox 868 2540 1052 2595; x_wconf 85' lang='lat' dir='ltr'><strong>egens.</strong></span> <span class='ocrx_word' id='word_1_265' title='bbox 1102 2522 1233 2578; x_wconf 79' lang='lat' dir='ltr'><strong>Nam</strong></span> <span class='ocrx_word' id='word_1_266' title='bbox 1293 2524 1432 2579; x_wconf 90' lang='lat' dir='ltr'><strong>ratio</strong></span> <span class='ocrx_word' id='word_1_267' title='bbox 1477 2524 1731 2595; x_wconf 85' lang='lat' dir='ltr'><strong>piiucipii</strong></span> <span class='ocrx_word' id='word_1_268' title='bbox 1778 2531 1830 2578; x_wconf 90' lang='lat' dir='ltr'><strong>et</strong></span> <span class='ocrx_word' id='word_1_269' title='bbox 1887 2523 2009 2578; x_wconf 84' lang='lat' dir='ltr'><strong>linis</strong></span> <span class='ocrx_word' id='word_1_270' title='bbox 2061 2522 2166 2580; x_wconf 89' lang='lat' dir='ltr'><strong>sibi</strong></span> 
     </span>
    </p>
   </div>
   <div class='ocr_carea' id='block_1_41' title="bbox 602 2616 2170 2688">
    <p class='ocr_par' dir='ltr' id='par_1_41' title="bbox 602 2616 2170 2688">
     <span class='ocr_line' id='line_1_41' title="bbox 602 2616 2170 2688; baseline -0.001 -17"><span class='ocrx_word' id='word_1_271' title='bbox 602 2629 789 2673; x_wconf 89' lang='lat' dir='ltr'><strong>mutuo</strong></span> <span class='ocrx_word' id='word_1_272' title='bbox 814 2626 1185 2688; x_wconf 83' lang='lat' dir='ltr'><strong>opponuntur,</strong></span> <span class='ocrx_word' id='word_1_273' title='bbox 1214 2624 1265 2672; x_wconf 92' lang='lat' dir='ltr'><strong>et</strong></span> <span class='ocrx_word' id='word_1_274' title='bbox 1294 2616 1568 2672; x_wconf 84' lang='lat' dir='ltr'><strong>diversum</strong></span> <span class='ocrx_word' id='word_1_275' title='bbox 1589 2626 1673 2673; x_wconf 85' lang='lat' dir='ltr'><strong>cst</strong></span> <span class='ocrx_word' id='word_1_276' title='bbox 1698 2617 1985 2686; x_wconf 89' lang='lat' dir='ltr'><strong>utriusque</strong></span> <span class='ocrx_word' id='word_1_277' title='bbox 2007 2616 2170 2686; x_wconf 84' lang='lat' dir='ltr'><strong>signi-</strong></span> 
     </span>
    </p>
   </div>
   <div class='ocr_carea' id='block_1_42' title="bbox 604 2708 2170 2778">
    <p class='ocr_par' dir='ltr' id='par_1_42' title="bbox 604 2708 2170 2778">
     <span class='ocr_line' id='line_1_42' title="bbox 604 2708 2170 2778; baseline -0.003 -14"><span class='ocrx_word' id='word_1_278' title='bbox 604 2712 845 2775; x_wconf 87' lang='lat' dir='ltr'><strong>ticatum,</strong></span> <span class='ocrx_word' id='word_1_279' title='bbox 898 2708 1358 2777; x_wconf 83' lang='lat' dir='ltr'><strong>quemadmodum</strong></span> <span class='ocrx_word' id='word_1_280' title='bbox 1401 2709 1565 2763; x_wconf 90' lang='lat' dir='ltr'><strong>etiam</strong></span> <span class='ocrx_word' id='word_1_281' title='bbox 1612 2709 1664 2762; x_wconf 91' lang='lat' dir='ltr'><strong>in</strong></span> <span class='ocrx_word' id='word_1_282' title='bbox 1711 2711 1852 2772; x_wconf 87' lang='lat' dir='ltr'><strong>aliis,</strong></span> <span class='ocrx_word' id='word_1_283' title='bbox 1906 2723 2024 2778; x_wconf 74' lang='lat' dir='ltr'><strong>quae</strong></span> <span class='ocrx_word' id='word_1_284' title='bbox 2075 2722 2170 2778; x_wconf 88' lang='lat' dir='ltr'><strong>per</strong></span> 
     </span>
    </p>
   </div>
   <div class='ocr_carea' id='block_1_43' title="bbox 602 2800 2169 2870">
    <p class='ocr_par' dir='ltr' id='par_1_43' title="bbox 602 2800 2169 2870">
     <span class='ocr_line' id='line_1_43' title="bbox 602 2800 2169 2870; baseline -0.004 -12"><span class='ocrx_word' id='word_1_285' title='bbox 602 2804 926 2858; x_wconf 85' lang='lat' dir='ltr'><strong>diametrum</strong></span> <span class='ocrx_word' id='word_1_286' title='bbox 959 2802 1064 2855; x_wconf 87' lang='lat' dir='ltr'><strong>sibi</strong></span> <span class='ocrx_word' id='word_1_287' title='bbox 1097 2812 1420 2870; x_wconf 61' lang='lat' dir='ltr'><strong>repugnant,</strong></span> <span class='ocrx_word' id='word_1_288' title='bbox 1451 2801 1591 2854; x_wconf 90' lang='lat' dir='ltr'><strong>inter</strong></span> <span class='ocrx_word' id='word_1_289' title='bbox 1618 2815 1739 2870; x_wconf 74' lang='lat' dir='ltr'><strong>qua:</strong></span> <span class='ocrx_word' id='word_1_290' title='bbox 1766 2800 2002 2853; x_wconf 90' lang='lat' dir='ltr'><strong>medium</strong></span> <span class='ocrx_word' id='word_1_291' title='bbox 2050 2800 2169 2852; x_wconf 84' lang='lat' dir='ltr'><strong>nul-</strong></span> 
     </span>
    </p>
   </div>
   <div class='ocr_carea' id='block_1_44' title="bbox 603 2892 2171 2962">
    <p class='ocr_par' dir='ltr' id='par_1_44' title="bbox 603 2892 2171 2962">
     <span class='ocr_line' id='line_1_44' title="bbox 603 2892 2171 2962; baseline -0.002 -12"><span class='ocrx_word' id='word_1_292' title='bbox 603 2897 713 2951; x_wconf 89' lang='lat' dir='ltr'><strong>lnm</strong></span> <span class='ocrx_word' id='word_1_293' title='bbox 769 2895 1078 2950; x_wconf 83' lang='lat' dir='ltr'><strong>intercedit.</strong></span> <span class='ocrx_word' id='word_1_294' title='bbox 1113 2892 1161 2948; x_wconf 88' lang='lat' dir='ltr'><strong>Is</strong></span> <span class='ocrx_word' id='word_1_295' title='bbox 1207 2892 1352 2947; x_wconf 87' lang='lat' dir='ltr'><strong>enim</strong></span> <span class='ocrx_word' id='word_1_296' title='bbox 1402 2908 1431 2944; x_wconf 89' lang='lat' dir='ltr'><strong>a</strong></span> <span class='ocrx_word' id='word_1_297' title='bbox 1479 2907 1587 2961; x_wconf 86' lang='lat' dir='ltr'><strong>quo</strong></span> <span class='ocrx_word' id='word_1_298' title='bbox 1628 2892 1883 2962; x_wconf 86' lang='lat' dir='ltr'><strong>principii</strong></span> <span class='ocrx_word' id='word_1_299' title='bbox 1926 2892 2171 2947; x_wconf 78' lang='lat' dir='ltr'><strong>definitio</strong></span> 
     </span>
    </p>
   </div>
   <div class='ocr_carea' id='block_1_45' title="bbox 596 2984 2169 3059">
    <p class='ocr_par' dir='ltr' id='par_1_45' title="bbox 596 2984 2169 3059">
     <span class='ocr_line' id='line_1_45' title="bbox 596 2984 2169 3059; baseline -0.003 -17"><span class='ocrx_word' id='word_1_300' title='bbox 596 2988 859 3059; x_wconf 78' lang='lat' dir='ltr'><strong>exigitur,</strong></span> <span class='ocrx_word' id='word_1_301' title='bbox 897 2999 1005 3040; x_wconf 91' lang='lat' dir='ltr'><strong>non</strong></span> <span class='ocrx_word' id='word_1_302' title='bbox 1038 2985 1229 3055; x_wconf 86' lang='lat' dir='ltr'><strong>utique</strong></span> <span class='ocrx_word' id='word_1_303' title='bbox 1271 2984 1393 3038; x_wconf 91' lang='lat' dir='ltr'><strong>linis</strong></span> <span class='ocrx_word' id='word_1_304' title='bbox 1425 2984 1794 3039; x_wconf 88' lang='lat' dir='ltr'><strong>delinitioneui</strong></span> <span class='ocrx_word' id='word_1_305' title='bbox 1846 2985 2169 3054; x_wconf 87' lang='lat' dir='ltr'><strong>assignabit,</strong></span> 
     </span>
    </p>
   </div>
   <div class='ocr_carea' id='block_1_46' title="bbox 603 3076 2171 3149">
    <p class='ocr_par' dir='ltr' id='par_1_46' title="bbox 603 3076 2171 3149">
     <span class='ocr_line' id='line_1_46' title="bbox 603 3076 2171 3149; baseline -0.003 -13"><span class='ocrx_word' id='word_1_306' title='bbox 603 3081 698 3135; x_wconf 86' lang='lat' dir='ltr'><strong>sed</strong></span> <span class='ocrx_word' id='word_1_307' title='bbox 725 3078 1054 3149; x_wconf 77' lang='lat' dir='ltr'><strong>contrariam</strong></span> <span class='ocrx_word' id='word_1_308' title='bbox 1084 3076 1308 3131; x_wconf 89' lang='lat' dir='ltr'><strong>omnino</strong></span> <span class='ocrx_word' id='word_1_309' title='bbox 1349 3077 1611 3130; x_wconf 74' lang='lat' dir='ltr'><strong>rationein</strong></span> <span class='ocrx_word' id='word_1_310' title='bbox 1648 3076 1918 3146; x_wconf 89' lang='lat' dir='ltr'><strong>principio</strong></span> <span class='ocrx_word' id='word_1_311' title='bbox 1949 3091 2171 3147; x_wconf 82' lang='lat' dir='ltr'><strong>compe-</strong></span> 
     </span>
    </p>
   </div>
   <div class='ocr_carea' id='block_1_47' title="bbox 604 3164 2172 3238">
    <p class='ocr_par' dir='ltr' id='par_1_47' title="bbox 604 3164 2172 3238">
     <span class='ocr_line' id='line_1_47' title="bbox 604 3164 2172 3238; baseline -0.003 -12"><span class='ocrx_word' id='word_1_312' title='bbox 604 3181 832 3234; x_wconf 74' lang='lat' dir='ltr'><strong>tentem,</strong></span> <span class='ocrx_word' id='word_1_313' title='bbox 880 3177 933 3224; x_wconf 91' lang='lat' dir='ltr'><strong>et</strong></span> <span class='ocrx_word' id='word_1_314' title='bbox 977 3168 1067 3223; x_wconf 83' lang='lat' dir='ltr'><strong>liui</strong></span> <span class='ocrx_word' id='word_1_315' title='bbox 1117 3168 1418 3238; x_wconf 76' lang='lat' dir='ltr'><strong>appositam</strong></span> <span class='ocrx_word' id='word_1_316' title='bbox 1470 3165 1725 3237; x_wconf 86' lang='lat' dir='ltr'><strong>proferet.</strong></span> <span class='ocrx_word' id='word_1_317' title='bbox 1757 3164 1926 3237; x_wconf 84' lang='lat' dir='ltr'><strong>Igitur</strong></span> <span class='ocrx_word' id='word_1_318' title='bbox 1968 3177 2022 3221; x_wconf 87' lang='lat' dir='ltr'><strong>et</strong></span> <span class='ocrx_word' id='word_1_319' title='bbox 2052 3182 2172 3235; x_wconf 70' lang='lat' dir='ltr'><strong>quae</strong></span> 
     </span>
    </p>
   </div>
   <div class='ocr_carea' id='block_1_48' title="bbox 598 3262 2171 3334">
    <p class='ocr_par' dir='ltr' id='par_1_48' title="bbox 598 3262 2171 3334">
     <span class='ocr_line' id='line_1_48' title="bbox 598 3262 2171 3334; baseline -0.003 -14"><span class='ocrx_word' id='word_1_320' title='bbox 598 3267 827 3322; x_wconf 80' lang='lat' dir='ltr'><strong>cuilibet</strong></span> <span class='ocrx_word' id='word_1_321' title='bbox 862 3266 1056 3319; x_wconf 86' lang='lat' dir='ltr'><strong>horum</strong></span> <span class='ocrx_word' id='word_1_322' title='bbox 1091 3266 1344 3334; x_wconf 84' lang='lat' dir='ltr'><strong>opposita</strong></span> <span class='ocrx_word' id='word_1_323' title='bbox 1372 3269 1525 3327; x_wconf 90' lang='lat' dir='ltr'><strong>sunt,</strong></span> <span class='ocrx_word' id='word_1_324' title='bbox 1560 3276 1656 3330; x_wconf 88' lang='lat' dir='ltr'><strong>pro</strong></span> <span class='ocrx_word' id='word_1_325' title='bbox 1683 3262 1843 3315; x_wconf 86' lang='lat' dir='ltr'><strong>modo</strong></span> <span class='ocrx_word' id='word_1_326' title='bbox 1876 3262 2171 3331; x_wconf 82' lang='lat' dir='ltr'><strong>oppositio-</strong></span> 
     </span>
    </p>
   </div>
   <div class='ocr_carea' id='block_1_49' title="bbox 597 3354 2174 3425">
    <p class='ocr_par' dir='ltr' id='par_1_49' title="bbox 597 3354 2174 3425">
     <span class='ocr_line' id='line_1_49' title="bbox 597 3354 2174 3425; baseline -0.004 -11"><span class='ocrx_word' id='word_1_327' title='bbox 597 3362 692 3416; x_wconf 83' lang='lat' dir='ltr'><strong>nis</strong></span> <span class='ocrx_word' id='word_1_328' title='bbox 725 3375 757 3414; x_wconf 86' lang='lat' dir='ltr'><strong>a</strong></span> <span class='ocrx_word' id='word_1_329' title='bbox 786 3375 846 3415; x_wconf 90' lang='lat' dir='ltr'><strong>se</strong></span> <span class='ocrx_word' id='word_1_330' title='bbox 881 3358 1112 3413; x_wconf 81' lang='lat' dir='ltr'><strong>invicem</strong></span> <span class='ocrx_word' id='word_1_331' title='bbox 1151 3356 1469 3412; x_wconf 87' lang='lat' dir='ltr'><strong>distabunt:</strong></span> <span class='ocrx_word' id='word_1_332' title='bbox 1526 3363 1581 3409; x_wconf 89' lang='lat' dir='ltr'><strong>et</strong></span> <span class='ocrx_word' id='word_1_333' title='bbox 1611 3354 1758 3409; x_wconf 89' lang='lat' dir='ltr'><strong>aliud</strong></span> <span class='ocrx_word' id='word_1_334' title='bbox 1786 3356 1889 3410; x_wconf 91' lang='lat' dir='ltr'><strong>erit</strong></span> <span class='ocrx_word' id='word_1_335' title='bbox 1921 3354 2174 3425; x_wconf 83' lang='lat' dir='ltr'><strong>principii</strong></span> 
     </span>
    </p>
   </div>
   <div class='ocr_carea' id='block_1_50' title="bbox 605 3447 2175 3524">
    <p class='ocr_par' dir='ltr' id='par_1_50' title="bbox 605 3447 2175 3524">
     <span class='ocr_line' id='line_1_50' title="bbox 605 3447 2175 3524; baseline -0.003 -16"><span class='ocrx_word' id='word_1_336' title='bbox 605 3463 878 3524; x_wconf 83' lang='lat' dir='ltr'><strong>expertem</strong></span> <span class='ocrx_word' id='word_1_337' title='bbox 908 3466 1053 3515; x_wconf 90' lang='lat' dir='ltr'><strong>esse,</strong></span> <span class='ocrx_word' id='word_1_338' title='bbox 1082 3450 1391 3520; x_wconf 89' lang='lat' dir='ltr'><strong>oppositum</strong></span> <span class='ocrx_word' id='word_1_339' title='bbox 1424 3449 1524 3511; x_wconf 90' lang='lat' dir='ltr'><strong>illi,</strong></span> <span class='ocrx_word' id='word_1_340' title='bbox 1561 3447 1706 3519; x_wconf 91' lang='lat' dir='ltr'><strong>quod</strong></span> <span class='ocrx_word' id='word_1_341' title='bbox 1744 3447 2015 3518; x_wconf 89' lang='lat' dir='ltr'><strong>principio</strong></span> <span class='ocrx_word' id='word_1_342' title='bbox 2045 3449 2175 3504; x_wconf 90' lang='lat' dir='ltr'><strong>sub-</strong></span> 
     </span>
    </p>
   </div>
   <div class='ocr_carea' id='block_1_51' title="bbox 601 3540 2173 3612">
    <p class='ocr_par' dir='ltr' id='par_1_51' title="bbox 601 3540 2173 3612">
     <span class='ocr_line' id='line_1_51' title="bbox 601 3540 2173 3612; baseline -0.002 -15"><span class='ocrx_word' id='word_1_343' title='bbox 601 3544 786 3612; x_wconf 87' lang='lat' dir='ltr'><strong>jacet:</strong></span> <span class='ocrx_word' id='word_1_344' title='bbox 829 3540 976 3596; x_wconf 90' lang='lat' dir='ltr'><strong>aliud</strong></span> <span class='ocrx_word' id='word_1_345' title='bbox 1009 3556 1135 3595; x_wconf 87' lang='lat' dir='ltr'><strong>vero</strong></span> <span class='ocrx_word' id='word_1_346' title='bbox 1163 3540 1593 3603; x_wconf 89' lang='lat' dir='ltr'><strong>interminatum,</strong></span> <span class='ocrx_word' id='word_1_347' title='bbox 1634 3540 1778 3609; x_wconf 87' lang='lat' dir='ltr'><strong>quod</strong></span> <span class='ocrx_word' id='word_1_348' title='bbox 1829 3540 2173 3610; x_wconf 75' lang='lat' dir='ltr'><strong>negationem</strong></span> 
     </span>
    </p>
   </div>
   <div class='ocr_carea' id='block_1_52' title="bbox 604 3627 2177 3702">
    <p class='ocr_par' dir='ltr' id='par_1_52' title="bbox 604 3627 2177 3702">
     <span class='ocr_line' id='line_1_52' title="bbox 604 3627 2177 3702; baseline -0.003 -15"><span class='ocrx_word' id='word_1_349' title='bbox 604 3632 730 3687; x_wconf 78' lang='lat' dir='ltr'><strong>linis</strong></span> <span class='ocrx_word' id='word_1_350' title='bbox 773 3629 1060 3702; x_wconf 79' lang='lat' dir='ltr'><strong>significat.</strong></span> <span class='ocrx_word' id='word_1_351' title='bbox 1100 3627 1157 3683; x_wconf 87' lang='lat' dir='ltr'><strong>Si</strong></span> <span class='ocrx_word' id='word_1_352' title='bbox 1208 3629 1374 3700; x_wconf 90' lang='lat' dir='ltr'><strong>igitur</strong></span> <span class='ocrx_word' id='word_1_353' title='bbox 1411 3628 1525 3682; x_wconf 90' lang='lat' dir='ltr'><strong>duo</strong></span> <span class='ocrx_word' id='word_1_354' title='bbox 1569 3628 1695 3692; x_wconf 62' lang='lat' dir='ltr'><strong>ista,</strong></span> <span class='ocrx_word' id='word_1_355' title='bbox 1746 3628 2026 3699; x_wconf 87' lang='lat' dir='ltr'><strong>principii,</strong></span> <span class='ocrx_word' id='word_1_356' title='bbox 2094 3630 2177 3682; x_wconf 90' lang='lat' dir='ltr'><strong>in-</strong></span> 
     </span>
    </p>
   </div>
   <div class='ocr_carea' id='block_1_53' title="bbox 605 3716 2177 3796">
    <p class='ocr_par' dir='ltr' id='par_1_53' title="bbox 605 3716 2177 3796">
     <span class='ocr_line' id='line_1_53' title="bbox 605 3716 2177 3796; baseline -0.003 -20"><span class='ocrx_word' id='word_1_357' title='bbox 605 3736 792 3796; x_wconf 79' lang='lat' dir='ltr'><strong>quam,</strong></span> <span class='ocrx_word' id='word_1_358' title='bbox 835 3729 1109 3790; x_wconf 85' lang='lat' dir='ltr'><strong>expertem</strong></span> <span class='ocrx_word' id='word_1_359' title='bbox 1135 3733 1281 3780; x_wconf 90' lang='lat' dir='ltr'><strong>esse,</strong></span> <span class='ocrx_word' id='word_1_360' title='bbox 1311 3724 1367 3772; x_wconf 91' lang='lat' dir='ltr'><strong>et</strong></span> <span class='ocrx_word' id='word_1_361' title='bbox 1397 3717 1632 3772; x_wconf 90' lang='lat' dir='ltr'><strong>termino</strong></span> <span class='ocrx_word' id='word_1_362' title='bbox 1671 3731 1878 3783; x_wconf 88' lang='lat' dir='ltr'><strong>carere,</strong></span> <span class='ocrx_word' id='word_1_363' title='bbox 1925 3716 2177 3771; x_wconf 80' lang='lat' dir='ltr'><strong>essentia:</strong></span> 
     </span>
    </p>
   </div>
   <div class='ocr_carea' id='block_1_54' title="bbox 606 3807 2177 3878">
    <p class='ocr_par' dir='ltr' id='par_1_54' title="bbox 606 3807 2177 3878">
     <span class='ocr_line' id='line_1_54' title="bbox 606 3807 2177 3878; baseline -0.003 -9"><span class='ocrx_word' id='word_1_364' title='bbox 606 3814 804 3869; x_wconf 71' lang='lat' dir='ltr'><strong>divinae</strong></span> <span class='ocrx_word' id='word_1_365' title='bbox 839 3811 1175 3875; x_wconf 85' lang='lat' dir='ltr'><strong>adseribant,</strong></span> <span class='ocrx_word' id='word_1_366' title='bbox 1206 3808 1370 3864; x_wconf 88' lang='lat' dir='ltr'><strong>Deum</strong></span> <span class='ocrx_word' id='word_1_367' title='bbox 1403 3824 1470 3864; x_wconf 85' lang='lat' dir='ltr'><strong>ex</strong></span> <span class='ocrx_word' id='word_1_368' title='bbox 1496 3807 1711 3864; x_wconf 87' lang='lat' dir='ltr'><strong>duobus</strong></span> <span class='ocrx_word' id='word_1_369' title='bbox 1742 3809 2177 3878; x_wconf 74' lang='lat' dir='ltr'><strong>repugnantibus</strong></span> 
     </span>
    </p>
   </div>
   <div class='ocr_carea' id='block_1_55' title="bbox 606 3898 2178 3971">
    <p class='ocr_par' dir='ltr' id='par_1_55' title="bbox 606 3898 2178 3971">
     <span class='ocr_line' id='line_1_55' title="bbox 606 3898 2178 3971; baseline -0.004 -8"><span class='ocrx_word' id='word_1_370' title='bbox 606 3916 661 3963; x_wconf 87' lang='lat' dir='ltr'><strong>et</strong></span> <span class='ocrx_word' id='word_1_371' title='bbox 691 3906 794 3963; x_wconf 84' lang='lat' dir='ltr'><strong>sibi</strong></span> <span class='ocrx_word' id='word_1_372' title='bbox 841 3904 1085 3961; x_wconf 89' lang='lat' dir='ltr'><strong>dissonis</strong></span> <span class='ocrx_word' id='word_1_373' title='bbox 1130 3902 1295 3958; x_wconf 89' lang='lat' dir='ltr'><strong>rebus</strong></span> <span class='ocrx_word' id='word_1_374' title='bbox 1336 3901 1829 3971; x_wconf 89' lang='lat' dir='ltr'><strong>coagmentabunt:</strong></span> <span class='ocrx_word' id='word_1_375' title='bbox 1883 3914 2008 3954; x_wconf 87' lang='lat' dir='ltr'><strong>nam</strong></span> <span class='ocrx_word' id='word_1_376' title='bbox 2054 3898 2178 3956; x_wconf 82' lang='lat' dir='ltr'><strong>linis</strong></span> 
     </span>
    </p>
   </div>
   <div class='ocr_carea' id='block_1_56' title="bbox 607 3992 2177 4069">
    <p class='ocr_par' dir='ltr' id='par_1_56' title="bbox 607 3992 2177 4069">
     <span class='ocr_line' id='line_1_56' title="bbox 607 3992 2177 4069; baseline -0.004 -15"><span class='ocrx_word' id='word_1_377' title='bbox 607 4009 660 4055; x_wconf 92' lang='lat' dir='ltr'><strong>et</strong></span> <span class='ocrx_word' id='word_1_378' title='bbox 692 3997 949 4069; x_wconf 90' lang='lat' dir='ltr'><strong>principii</strong></span> <span class='ocrx_word' id='word_1_379' title='bbox 979 3994 1392 4066; x_wconf 76' lang='lat' dir='ltr'><strong>repugnantiam</strong></span> <span class='ocrx_word' id='word_1_380' title='bbox 1420 3993 1539 4063; x_wconf 88' lang='lat' dir='ltr'><strong>ipsa</strong></span> <span class='ocrx_word' id='word_1_381' title='bbox 1563 3993 1712 4048; x_wconf 92' lang='lat' dir='ltr'><strong>notio</strong></span> <span class='ocrx_word' id='word_1_382' title='bbox 1740 3993 1958 4062; x_wconf 91' lang='lat' dir='ltr'><strong>utrique</strong></span> <span class='ocrx_word' id='word_1_383' title='bbox 1984 3992 2177 4047; x_wconf 84' lang='lat' dir='ltr'><strong>borum</strong></span> 
     </span>
    </p>
   </div>
   <div class='ocr_carea' id='block_1_57' title="bbox 609 4082 2179 4159">
    <p class='ocr_par' dir='ltr' id='par_1_57' title="bbox 609 4082 2179 4159">
     <span class='ocr_line' id='line_1_57' title="bbox 609 4082 2179 4159; baseline -0.004 -16"><span class='ocrx_word' id='word_1_384' title='bbox 609 4090 774 4144; x_wconf 88' lang='lat' dir='ltr'><strong>insita</strong></span> <span class='ocrx_word' id='word_1_385' title='bbox 801 4103 895 4159; x_wconf 91' lang='lat' dir='ltr'><strong>per</strong></span> <span class='ocrx_word' id='word_1_386' title='bbox 927 4103 985 4142; x_wconf 88' lang='lat' dir='ltr'><strong>se</strong></span> <span class='ocrx_word' id='word_1_387' title='bbox 1014 4085 1361 4141; x_wconf 82' lang='lat' dir='ltr'><strong>manifestat:</strong></span> <span class='ocrx_word' id='word_1_388' title='bbox 1395 4098 1517 4154; x_wconf 76' lang='lat' dir='ltr'><strong>qua:</strong></span> <span class='ocrx_word' id='word_1_389' title='bbox 1543 4082 1690 4139; x_wconf 90' lang='lat' dir='ltr'><strong>enim</strong></span> <span class='ocrx_word' id='word_1_390' title='bbox 1720 4082 1986 4152; x_wconf 79' lang='lat' dir='ltr'><strong>oppositis</strong></span> <span class='ocrx_word' id='word_1_391' title='bbox 2010 4096 2179 4153; x_wconf 87' lang='lat' dir='ltr'><strong>oppo-</strong></span> 
     </span>
    </p>
   </div>
   <div class='ocr_carea' id='block_1_58' title="bbox 608 4171 2180 4246">
    <p class='ocr_par' dir='ltr' id='par_1_58' title="bbox 608 4171 2180 4246">
     <span class='ocr_line' id='line_1_58' title="bbox 608 4171 2180 4246; baseline -0.005 -10"><span class='ocrx_word' id='word_1_392' title='bbox 608 4182 715 4236; x_wconf 87' lang='lat' dir='ltr'><strong>sita</strong></span> <span class='ocrx_word' id='word_1_393' title='bbox 752 4187 901 4240; x_wconf 85' lang='lat' dir='ltr'><strong>sunt,</strong></span> <span class='ocrx_word' id='word_1_394' title='bbox 937 4180 1100 4233; x_wconf 90' lang='lat' dir='ltr'><strong>etiam</strong></span> <span class='ocrx_word' id='word_1_395' title='bbox 1138 4177 1279 4231; x_wconf 89' lang='lat' dir='ltr'><strong>inter</strong></span> <span class='ocrx_word' id='word_1_396' title='bbox 1306 4190 1367 4232; x_wconf 89' lang='lat' dir='ltr'><strong>se</strong></span> <span class='ocrx_word' id='word_1_397' title='bbox 1393 4177 1643 4246; x_wconf 89' lang='lat' dir='ltr'><strong>opposita</strong></span> <span class='ocrx_word' id='word_1_398' title='bbox 1683 4182 1831 4231; x_wconf 88' lang='lat' dir='ltr'><strong>sunt.</strong></span> <span class='ocrx_word' id='word_1_399' title='bbox 1866 4171 2066 4227; x_wconf 80' lang='lat' dir='ltr'><strong>Verum</strong></span> <span class='ocrx_word' id='word_1_400' title='bbox 2095 4180 2180 4228; x_wconf 86' lang='lat' dir='ltr'><strong>est</strong></span> 
     </span>
    </p>
   </div>
   <div class='ocr_carea' id='block_1_59' title="bbox 610 4263 2179 4338">
    <p class='ocr_par' dir='ltr' id='par_1_59' title="bbox 610 4263 2179 4338">
     <span class='ocr_line' id='line_1_59' title="bbox 610 4263 2179 4338; baseline -0.005 -13"><span class='ocrx_word' id='word_1_401' title='bbox 610 4279 789 4327; x_wconf 84' lang='lat' dir='ltr'><strong>autem</strong></span> <span class='ocrx_word' id='word_1_402' title='bbox 821 4270 988 4325; x_wconf 84' lang='lat' dir='ltr'><strong>illud:</strong></span> <span class='ocrx_word' id='word_1_403' title='bbox 1036 4270 1239 4332; x_wconf 88' lang='lat' dir='ltr'><strong>omnia,</strong></span> <span class='ocrx_word' id='word_1_404' title='bbox 1268 4282 1389 4338; x_wconf 77' lang='lat' dir='ltr'><strong>qua:</strong></span> <span class='ocrx_word' id='word_1_405' title='bbox 1424 4266 1725 4323; x_wconf 91' lang='lat' dir='ltr'><strong>secundum</strong></span> <span class='ocrx_word' id='word_1_406' title='bbox 1774 4273 2029 4319; x_wconf 90' lang='lat' dir='ltr'><strong>naturam</strong></span> <span class='ocrx_word' id='word_1_407' title='bbox 2074 4263 2179 4318; x_wconf 89' lang='lat' dir='ltr'><strong>sibi</strong></span> 
     </span>
    </p>
   </div>
   <div class='ocr_carea' id='block_1_60' title="bbox 611 4356 2179 4424">
    <p class='ocr_par' dir='ltr' id='par_1_60' title="bbox 611 4356 2179 4424">
     <span class='ocr_line' id='line_1_60' title="bbox 611 4356 2179 4424; baseline -0.003 -8"><span class='ocrx_word' id='word_1_408' title='bbox 611 4375 799 4418; x_wconf 89' lang='lat' dir='ltr'><strong>mutuo</strong></span> <span class='ocrx_word' id='word_1_409' title='bbox 842 4360 1258 4415; x_wconf 85' lang='lat' dir='ltr'><strong>adversantibus</strong></span> <span class='ocrx_word' id='word_1_410' title='bbox 1309 4359 1692 4424; x_wconf 78' lang='lat' dir='ltr'><strong>adversantur,</strong></span> <span class='ocrx_word' id='word_1_411' title='bbox 1755 4373 1819 4414; x_wconf 89' lang='lat' dir='ltr'><strong>ea</strong></span> <span class='ocrx_word' id='word_1_412' title='bbox 1864 4359 2028 4413; x_wconf 83' lang='lat' dir='ltr'><strong>etiam</strong></span> <span class='ocrx_word' id='word_1_413' title='bbox 2073 4356 2179 4412; x_wconf 91' lang='lat' dir='ltr'><strong>sibi</strong></span> 
     </span>
    </p>
   </div>
   <div class='ocr_carea' id='block_1_61' title="bbox 612 4450 2178 4522">
    <p class='ocr_par' dir='ltr' id='par_1_61' title="bbox 612 4450 2178 4522">
     <span class='ocr_line' id='line_1_61' title="bbox 612 4450 2178 4522; baseline -0.001 -16"><span class='ocrx_word' id='word_1_414' title='bbox 612 4464 801 4506; x_wconf 90' lang='lat' dir='ltr'><strong>mutuo</strong></span> <span class='ocrx_word' id='word_1_415' title='bbox 823 4451 1121 4513; x_wconf 81' lang='lat' dir='ltr'><strong>adversari,</strong></span> <span class='ocrx_word' id='word_1_416' title='bbox 1149 4460 1205 4503; x_wconf 94' lang='lat' dir='ltr'><strong>ut</strong></span> <span class='ocrx_word' id='word_1_417' title='bbox 1227 4450 1599 4520; x_wconf 87' lang='lat' dir='ltr'><strong>exemplorum</strong></span> <span class='ocrx_word' id='word_1_418' title='bbox 1628 4450 1967 4521; x_wconf 86' lang='lat' dir='ltr'><strong>inspectione</strong></span> <span class='ocrx_word' id='word_1_419' title='bbox 1989 4450 2178 4522; x_wconf 90' lang='lat' dir='ltr'><strong>liquet.</strong></span> 
     </span>
    </p>
   </div>
   <div class='ocr_carea' id='block_1_62' title="bbox 606 4539 2180 4614">
    <p class='ocr_par' dir='ltr' id='par_1_62' title="bbox 606 4539 2180 4614">
     <span class='ocr_line' id='line_1_62' title="bbox 606 4539 2180 4614; baseline -0.001 -18"><span class='ocrx_word' id='word_1_420' title='bbox 606 4544 727 4614; x_wconf 83' lang='lat' dir='ltr'><strong>lgni</strong></span> <span class='ocrx_word' id='word_1_421' title='bbox 762 4558 903 4614; x_wconf 89' lang='lat' dir='ltr'><strong>aqua</strong></span> <span class='ocrx_word' id='word_1_422' title='bbox 933 4543 1273 4599; x_wconf 89' lang='lat' dir='ltr'><strong>adversatur.</strong></span> <span class='ocrx_word' id='word_1_423' title='bbox 1319 4539 1490 4612; x_wconf 80' lang='lat' dir='ltr'><strong>Igitur</strong></span> <span class='ocrx_word' id='word_1_424' title='bbox 1521 4542 1686 4596; x_wconf 89' lang='lat' dir='ltr'><strong>etiam</strong></span> <span class='ocrx_word' id='word_1_425' title='bbox 1717 4542 2025 4608; x_wconf 82' lang='lat' dir='ltr'><strong>facultates,</strong></span> <span class='ocrx_word' id='word_1_426' title='bbox 2057 4542 2180 4612; x_wconf 90' lang='lat' dir='ltr'><strong>qui-</strong></span> 
     </span>
    </p>
   </div>
   <div class='ocr_carea' id='block_1_63' title="bbox 614 4634 2178 4696">
    <p class='ocr_par' dir='ltr' id='par_1_63' title="bbox 614 4634 2178 4696">
     <span class='ocr_line' id='line_1_63' title="bbox 614 4634 2178 4696; baseline 0 -6"><span class='ocrx_word' id='word_1_427' title='bbox 614 4636 715 4690; x_wconf 88' lang='lat' dir='ltr'><strong>bus</strong></span> <span class='ocrx_word' id='word_1_428' title='bbox 731 4650 790 4692; x_wconf 91' lang='lat' dir='ltr'><strong>se</strong></span> <span class='ocrx_word' id='word_1_429' title='bbox 806 4636 1038 4691; x_wconf 91' lang='lat' dir='ltr'><strong>invicem</strong></span> <span class='ocrx_word' id='word_1_430' title='bbox 1064 4634 1403 4696; x_wconf 90' lang='lat' dir='ltr'><strong>interimunt,</strong></span> <span class='ocrx_word' id='word_1_431' title='bbox 1435 4634 1721 4689; x_wconf 71' lang='lat' dir='ltr'><strong>contraria:</strong></span> <span class='ocrx_word' id='word_1_432' title='bbox 1747 4634 1889 4689; x_wconf 91' lang='lat' dir='ltr'><strong>inter</strong></span> <span class='ocrx_word' id='word_1_433' title='bbox 1904 4651 1963 4691; x_wconf 88' lang='lat' dir='ltr'><strong>se</strong></span> <span class='ocrx_word' id='word_1_434' title='bbox 1987 4644 2178 4690; x_wconf 90' lang='lat' dir='ltr'><strong>erunt:</strong></span> 
     </span>
    </p>
   </div>
   <div class='ocr_carea' id='block_1_64' title="bbox 607 4724 2183 4796">
    <p class='ocr_par' dir='ltr' id='par_1_64' title="bbox 607 4724 2183 4796">
     <span class='ocr_line' id='line_1_64' title="bbox 607 4724 2183 4796; baseline -0.001 -14"><span class='ocrx_word' id='word_1_435' title='bbox 607 4742 740 4782; x_wconf 84' lang='lat' dir='ltr'><strong>nam</strong></span> <span class='ocrx_word' id='word_1_436' title='bbox 772 4728 819 4783; x_wconf 91' lang='lat' dir='ltr'><strong>si</strong></span> <span class='ocrx_word' id='word_1_437' title='bbox 869 4728 1049 4796; x_wconf 81' lang='lat' dir='ltr'><strong>ignem</strong></span> <span class='ocrx_word' id='word_1_438' title='bbox 1097 4725 1395 4796; x_wconf 84' lang='lat' dir='ltr'><strong>exstinguit</strong></span> <span class='ocrx_word' id='word_1_439' title='bbox 1424 4724 1656 4793; x_wconf 26' lang='lat' dir='ltr'><strong>lliunior,</strong></span> <span class='ocrx_word' id='word_1_440' title='bbox 1684 4739 1882 4795; x_wconf 88' lang='lat' dir='ltr'><strong>aquam</strong></span> <span class='ocrx_word' id='word_1_441' title='bbox 1931 4734 2111 4780; x_wconf 91' lang='lat' dir='ltr'><strong>autem</strong></span> <span class='ocrx_word' id='word_1_442' title='bbox 2152 4741 2183 4781; x_wconf 91' lang='lat' dir='ltr'><strong>e</strong></span> 
     </span>
    </p>
   </div>
   <div class='ocr_carea' id='block_1_65' title="bbox 615 4814 2181 4886">
    <p class='ocr_par' dir='ltr' id='par_1_65' title="bbox 615 4814 2181 4886">
     <span class='ocr_line' id='line_1_65' title="bbox 615 4814 2181 4886; baseline -0.002 -13"><span class='ocrx_word' id='word_1_443' title='bbox 615 4819 795 4874; x_wconf 88' lang='lat' dir='ltr'><strong>medio</strong></span> <span class='ocrx_word' id='word_1_444' title='bbox 828 4818 964 4871; x_wconf 89' lang='lat' dir='ltr'><strong>tollit</strong></span> <span class='ocrx_word' id='word_1_445' title='bbox 997 4814 1243 4880; x_wconf 86' lang='lat' dir='ltr'><strong>siccitas,</strong></span> <span class='ocrx_word' id='word_1_446' title='bbox 1274 4815 1688 4886; x_wconf 85' lang='lat' dir='ltr'><strong>repugnantiam</strong></span> <span class='ocrx_word' id='word_1_447' title='bbox 1710 4830 1863 4884; x_wconf 72' lang='lat' dir='ltr'><strong>aqua:</strong></span> <span class='ocrx_word' id='word_1_448' title='bbox 1893 4817 2181 4886; x_wconf 89' lang='lat' dir='ltr'><strong>cumigne,</strong></span> 
     </span>
    </p>
   </div>
   <div class='ocr_carea' id='block_1_66' title="bbox 616 4908 2185 4982">
    <p class='ocr_par' dir='ltr' id='par_1_66' title="bbox 616 4908 2185 4982">
     <span class='ocr_line' id='line_1_66' title="bbox 616 4908 2185 4982; baseline 0 -16"><span class='ocrx_word' id='word_1_449' title='bbox 616 4914 797 4966; x_wconf 81' lang='lat' dir='ltr'><strong>insita:</strong></span> <span class='ocrx_word' id='word_1_450' title='bbox 823 4909 1013 4964; x_wconf 91' lang='lat' dir='ltr'><strong>itidem</strong></span> <span class='ocrx_word' id='word_1_451' title='bbox 1047 4908 1338 4978; x_wconf 88' lang='lat' dir='ltr'><strong>qualitates</strong></span> <span class='ocrx_word' id='word_1_452' title='bbox 1372 4910 1425 4962; x_wconf 92' lang='lat' dir='ltr'><strong>in</strong></span> <span class='ocrx_word' id='word_1_453' title='bbox 1468 4909 1667 4978; x_wconf 90' lang='lat' dir='ltr'><strong>seipsis</strong></span> <span class='ocrx_word' id='word_1_454' title='bbox 1698 4909 1957 4973; x_wconf 88' lang='lat' dir='ltr'><strong>retinent,</strong></span> <span class='ocrx_word' id='word_1_455' title='bbox 2000 4918 2060 4963; x_wconf 90' lang='lat' dir='ltr'><strong>ut</strong></span> <span class='ocrx_word' id='word_1_456' title='bbox 2091 4927 2185 4982; x_wconf 71' lang='lat' dir='ltr'><strong>ne-</strong></span> 
     </span>
    </p>
   </div>
   <div class='ocr_carea' id='block_1_67' title="bbox 617 5000 2180 5058">
    <p class='ocr_par' dir='ltr' id='par_1_67' title="bbox 617 5000 2180 5058">
     <span class='ocr_line' id='line_1_67' title="bbox 617 5000 2180 5058; baseline 0 0"><span class='ocrx_word' id='word_1_457' title='bbox 617 5016 772 5058; x_wconf 88' lang='lat' dir='ltr'><strong>cesse</strong></span> <span class='ocrx_word' id='word_1_458' title='bbox 806 5001 875 5056; x_wconf 91' lang='lat' dir='ltr'><strong>sit</strong></span> <span class='ocrx_word' id='word_1_459' title='bbox 907 5000 1157 5054; x_wconf 85' lang='lat' dir='ltr'><strong>confiteri</strong></span> <span class='ocrx_word' id='word_1_460' title='bbox 1186 5001 1416 5055; x_wconf 84' lang='lat' dir='ltr'><strong>siccitati</strong></span> <span class='ocrx_word' id='word_1_461' title='bbox 1454 5000 1835 5056; x_wconf 80' lang='lat' dir='ltr'><strong>liumiditatem</strong></span> <span class='ocrx_word' id='word_1_462' title='bbox 1875 5003 2180 5058; x_wconf 87' lang='lat' dir='ltr'><strong>adversari.</strong></span> 
     </span>
    </p>
   </div>
   <div class='ocr_carea' id='block_1_68' title="bbox 619 5093 2188 5166">
    <p class='ocr_par' dir='ltr' id='par_1_68' title="bbox 619 5093 2188 5166">
     <span class='ocr_line' id='line_1_68' title="bbox 619 5093 2188 5166; baseline 0.002 -19"><span class='ocrx_word' id='word_1_463' title='bbox 619 5095 694 5152; x_wconf 92' lang='lat' dir='ltr'><strong>lta</strong></span> <span class='ocrx_word' id='word_1_464' title='bbox 727 5109 856 5165; x_wconf 84' lang='lat' dir='ltr'><strong>ergo</strong></span> <span class='ocrx_word' id='word_1_465' title='bbox 887 5108 1011 5148; x_wconf 92' lang='lat' dir='ltr'><strong>cum</strong></span> <span class='ocrx_word' id='word_1_466' title='bbox 1038 5094 1364 5163; x_wconf 87' lang='lat' dir='ltr'><strong>principium</strong></span> <span class='ocrx_word' id='word_1_467' title='bbox 1403 5103 1458 5150; x_wconf 92' lang='lat' dir='ltr'><strong>et</strong></span> <span class='ocrx_word' id='word_1_468' title='bbox 1490 5093 1613 5149; x_wconf 86' lang='lat' dir='ltr'><strong>finis</strong></span> <span class='ocrx_word' id='word_1_469' title='bbox 1638 5104 2005 5165; x_wconf 89' lang='lat' dir='ltr'><strong>opponantur,</strong></span> <span class='ocrx_word' id='word_1_470' title='bbox 2024 5108 2188 5166; x_wconf 90' lang='lat' dir='ltr'><strong>opor-</strong></span> 
     </span>
    </p>
   </div>
   <div class='ocr_carea' id='block_1_69' title="bbox 618 5185 2186 5244">
    <p class='ocr_par' dir='ltr' id='par_1_69' title="bbox 618 5185 2186 5244">
     <span class='ocr_line' id='line_1_69' title="bbox 618 5185 2186 5244; baseline 0.001 -4"><span class='ocrx_word' id='word_1_471' title='bbox 618 5195 696 5241; x_wconf 89' lang='lat' dir='ltr'><strong>tet</strong></span> <span class='ocrx_word' id='word_1_472' title='bbox 740 5196 797 5241; x_wconf 93' lang='lat' dir='ltr'><strong>ut</strong></span> <span class='ocrx_word' id='word_1_473' title='bbox 827 5193 881 5242; x_wconf 88' lang='lat' dir='ltr'><strong>et</strong></span> <span class='ocrx_word' id='word_1_474' title='bbox 912 5185 1136 5241; x_wconf 88' lang='lat' dir='ltr'><strong>nomina</strong></span> <span class='ocrx_word' id='word_1_475' title='bbox 1166 5186 1463 5242; x_wconf 82' lang='lat' dir='ltr'><strong>secundum</strong></span> <span class='ocrx_word' id='word_1_476' title='bbox 1497 5201 1723 5241; x_wconf 85' lang='lat' dir='ltr'><strong>sensum</strong></span> <span class='ocrx_word' id='word_1_477' title='bbox 1753 5187 1856 5241; x_wconf 90' lang='lat' dir='ltr'><strong>sibi</strong></span> <span class='ocrx_word' id='word_1_478' title='bbox 1890 5192 2186 5244; x_wconf 82' lang='lat' dir='ltr'><strong>adversen-</strong></span> 
     </span>
    </p>
   </div>
   <div class='ocr_carea' id='block_1_70' title="bbox 620 5276 2189 5351">
    <p class='ocr_par' dir='ltr' id='par_1_70' title="bbox 620 5276 2189 5351">
     <span class='ocr_line' id='line_1_70' title="bbox 620 5276 2189 5351; baseline 0.003 -20"><span class='ocrx_word' id='word_1_479' title='bbox 620 5287 730 5343; x_wconf 89' lang='lat' dir='ltr'><strong>tur,</strong></span> <span class='ocrx_word' id='word_1_480' title='bbox 760 5279 1038 5349; x_wconf 90' lang='lat' dir='ltr'><strong>principii,</strong></span> <span class='ocrx_word' id='word_1_481' title='bbox 1068 5279 1313 5348; x_wconf 88' lang='lat' dir='ltr'><strong>iuquam,</strong></span> <span class='ocrx_word' id='word_1_482' title='bbox 1367 5285 1421 5332; x_wconf 92' lang='lat' dir='ltr'><strong>et</strong></span> <span class='ocrx_word' id='word_1_483' title='bbox 1467 5276 1591 5333; x_wconf 83' lang='lat' dir='ltr'><strong>ﬁnis</strong></span> <span class='ocrx_word' id='word_1_484' title='bbox 1623 5280 1859 5349; x_wconf 83' lang='lat' dir='ltr'><strong>negatio.</strong></span> <span class='ocrx_word' id='word_1_485' title='bbox 1907 5278 1965 5336; x_wconf 87' lang='lat' dir='ltr'><strong>Si</strong></span> <span class='ocrx_word' id='word_1_486' title='bbox 2022 5280 2189 5351; x_wconf 88' lang='lat' dir='ltr'><strong>igitur</strong></span> 
     </span>
    </p>
   </div>
   <div class='ocr_carea' id='block_1_71' title="bbox 624 5368 2190 5428">
    <p class='ocr_par' dir='ltr' id='par_1_71' title="bbox 624 5368 2190 5428">
     <span class='ocr_line' id='line_1_71' title="bbox 624 5368 2190 5428; baseline 0.003 -6"><span class='ocrx_word' id='word_1_487' title='bbox 624 5370 1103 5425; x_wconf 65' lang='lat' dir='ltr'><strong>alter-nimborum</strong></span> <span class='ocrx_word' id='word_1_488' title='bbox 1153 5368 1419 5423; x_wconf 73' lang='lat' dir='ltr'><strong>duntaxat</strong></span> <span class='ocrx_word' id='word_1_489' title='bbox 1469 5371 1764 5425; x_wconf 86' lang='lat' dir='ltr'><strong>essentiam</strong></span> <span class='ocrx_word' id='word_1_490' title='bbox 1812 5370 2190 5428; x_wconf 85' lang='lat' dir='ltr'><strong>demonstrare</strong></span> 
     </span>
    </p>
   </div>
   <div class='ocr_carea' id='block_1_72' title="bbox 624 5459 2189 5529">
    <p class='ocr_par' dir='ltr' id='par_1_72' title="bbox 624 5459 2189 5529">
     <span class='ocr_line' id='line_1_72' title="bbox 624 5459 2189 5529; baseline 0.003 -18"><span class='ocrx_word' id='word_1_491' title='bbox 624 5466 981 5525; x_wconf 81' lang='lat' dir='ltr'><strong>contendunt,</strong></span> <span class='ocrx_word' id='word_1_492' title='bbox 1020 5474 1292 5515; x_wconf 80' lang='lat' dir='ltr'><strong>resumam</strong></span> <span class='ocrx_word' id='word_1_493' title='bbox 1336 5460 1502 5525; x_wconf 89' lang='lat' dir='ltr'><strong>enim,</strong></span> <span class='ocrx_word' id='word_1_494' title='bbox 1561 5459 1705 5529; x_wconf 89' lang='lat' dir='ltr'><strong>quod</strong></span> <span class='ocrx_word' id='word_1_495' title='bbox 1766 5468 1927 5515; x_wconf 92' lang='lat' dir='ltr'><strong>antea</strong></span> <span class='ocrx_word' id='word_1_496' title='bbox 1983 5462 2189 5516; x_wconf 91' lang='lat' dir='ltr'><strong>dictum</strong></span> 
     </span>
    </p>
   </div>
   <div class='ocr_carea' id='block_1_73' title="bbox 625 5549 2189 5621">
    <p class='ocr_par' dir='ltr' id='par_1_73' title="bbox 625 5549 2189 5621">
     <span class='ocr_line' id='line_1_73' title="bbox 625 5549 2189 5621; baseline 0.003 -17"><span class='ocrx_word' id='word_1_497' title='bbox 625 5557 729 5612; x_wconf 85' lang='lat' dir='ltr'><strong>est,</strong></span> <span class='ocrx_word' id='word_1_498' title='bbox 761 5549 1105 5605; x_wconf 84' lang='lat' dir='ltr'><strong>dimidiatum</strong></span> <span class='ocrx_word' id='word_1_499' title='bbox 1134 5551 1407 5621; x_wconf 89' lang='lat' dir='ltr'><strong>quoddam</strong></span> <span class='ocrx_word' id='word_1_500' title='bbox 1430 5566 1554 5606; x_wconf 90' lang='lat' dir='ltr'><strong>esse</strong></span> <span class='ocrx_word' id='word_1_501' title='bbox 1583 5550 1692 5606; x_wconf 86' lang='lat' dir='ltr'><strong>Deo</strong></span> <span class='ocrx_word' id='word_1_502' title='bbox 1718 5552 2043 5611; x_wconf 88' lang='lat' dir='ltr'><strong>attribuent.</strong></span> <span class='ocrx_word' id='word_1_503' title='bbox 2069 5554 2189 5608; x_wconf 89' lang='lat' dir='ltr'><strong>sola</strong></span> 
     </span>
    </p>
   </div>
   <div class='ocr_carea' id='block_1_74' title="bbox 627 5637 2192 5712">
    <p class='ocr_par' dir='ltr' id='par_1_74' title="bbox 627 5637 2192 5712">
     <span class='ocr_line' id='line_1_74' title="bbox 627 5637 2192 5712; baseline 0.006 -21"><span class='ocrx_word' id='word_1_504' title='bbox 627 5637 880 5708; x_wconf 89' lang='lat' dir='ltr'><strong>principii</strong></span> <span class='ocrx_word' id='word_1_505' title='bbox 921 5640 1209 5709; x_wconf 78' lang='lat' dir='ltr'><strong>negatione</strong></span> <span class='ocrx_word' id='word_1_506' title='bbox 1241 5642 1539 5697; x_wconf 87' lang='lat' dir='ltr'><strong>essentiam</strong></span> <span class='ocrx_word' id='word_1_507' title='bbox 1578 5641 1699 5712; x_wconf 83' lang='lat' dir='ltr'><strong>ejus</strong></span> <span class='ocrx_word' id='word_1_508' title='bbox 1728 5643 2192 5699; x_wconf 85' lang='lat' dir='ltr'><strong>circumscriben-</strong></span> 
     </span>
    </p>
   </div>
   <div class='ocr_carea' id='block_1_75' title="bbox 626 5727 2194 5805">
    <p class='ocr_par' dir='ltr' id='par_1_75' title="bbox 626 5727 2194 5805">
     <span class='ocr_line' id='line_1_75' title="bbox 626 5727 2194 5805; baseline 0.006 -23"><span class='ocrx_word' id='word_1_509' title='bbox 626 5736 735 5793; x_wconf 84' lang='lat' dir='ltr'><strong>tes,</strong></span> <span class='ocrx_word' id='word_1_510' title='bbox 765 5734 832 5781; x_wconf 86' lang='lat' dir='ltr'><strong>ad</strong></span> <span class='ocrx_word' id='word_1_511' title='bbox 859 5727 983 5783; x_wconf 86' lang='lat' dir='ltr'><strong>linis</strong></span> <span class='ocrx_word' id='word_1_512' title='bbox 1008 5739 1189 5785; x_wconf 88' lang='lat' dir='ltr'><strong>autem</strong></span> <span class='ocrx_word' id='word_1_513' title='bbox 1244 5733 1588 5801; x_wconf 89' lang='lat' dir='ltr'><strong>negationem</strong></span> <span class='ocrx_word' id='word_1_514' title='bbox 1628 5749 1971 5805; x_wconf 87' lang='lat' dir='ltr'><strong>nequaquam</strong></span> <span class='ocrx_word' id='word_1_515' title='bbox 2002 5745 2194 5792; x_wconf 80' lang='lat' dir='ltr'><strong>exten-</strong></span> 
     </span>
    </p>
   </div>
   <div class='ocr_carea' id='block_1_76' title="bbox 623 5818 2190 5891">
    <p class='ocr_par' dir='ltr' id='par_1_76' title="bbox 623 5818 2190 5891">
     <span class='ocr_line' id='line_1_76' title="bbox 623 5818 2190 5891; baseline 0.006 -14"><span class='ocrx_word' id='word_1_516' title='bbox 623 5818 855 5887; x_wconf 81' lang='lat' dir='ltr'><strong>dentes;</strong></span> <span class='ocrx_word' id='word_1_517' title='bbox 888 5818 932 5875; x_wconf 88' lang='lat' dir='ltr'><strong>si</strong></span> <span class='ocrx_word' id='word_1_518' title='bbox 966 5832 1092 5873; x_wconf 76' lang='lat' dir='ltr'><strong>vero</strong></span> <span class='ocrx_word' id='word_1_519' title='bbox 1127 5829 1417 5891; x_wconf 84' lang='lat' dir='ltr'><strong>utrumque</strong></span> <span class='ocrx_word' id='word_1_520' title='bbox 1451 5823 1515 5877; x_wconf 90' lang='lat' dir='ltr'><strong>ad</strong></span> <span class='ocrx_word' id='word_1_521' title='bbox 1551 5823 1818 5879; x_wconf 86' lang='lat' dir='ltr'><strong>rationein</strong></span> <span class='ocrx_word' id='word_1_522' title='bbox 1864 5826 2062 5882; x_wconf 70' lang='lat' dir='ltr'><strong>divina:</strong></span> <span class='ocrx_word' id='word_1_523' title='bbox 2101 5844 2190 5886; x_wconf 81' lang='lat' dir='ltr'><strong>cs-</strong></span> 
     </span>
    </p>
   </div>
   <div class='ocr_carea' id='block_1_77' title="bbox 2267 1975 3845 2051">
    <p class='ocr_par' dir='ltr' id='par_1_77' title="bbox 2267 1975 3845 2051">
     <span class='ocr_line' id='line_1_77' title="bbox 2267 1975 3845 2051; baseline 0.004 -24"><span class='ocrx_word' id='word_1_524' title='bbox 2267 1975 2527 2045; x_wconf 82' lang='grc' dir='ltr'>γράφοιεν</span> <span class='ocrx_word' id='word_1_525' title='bbox 2545 2016 2560 2041; x_wconf 91' lang='grc'><strong>,</strong></span> <span class='ocrx_word' id='word_1_526' title='bbox 2593 1975 2854 2048; x_wconf 77' lang='grc' dir='ltr'>ἡμιτελὴς</span> <span class='ocrx_word' id='word_1_527' title='bbox 2882 1978 3068 2042; x_wconf 73' lang='grc' dir='ltr'>αὑτοῖς</span> <span class='ocrx_word' id='word_1_528' title='bbox 3086 2019 3101 2044; x_wconf 94' lang='grc'><strong>,</strong></span> <span class='ocrx_word' id='word_1_529' title='bbox 3136 1978 3232 2033; x_wconf 75' lang='grc' dir='ltr'>καὶ</span> <span class='ocrx_word' id='word_1_530' title='bbox 3267 1980 3534 2050; x_wconf 76' lang='grc' dir='ltr'>ἡμίτομος</span> <span class='ocrx_word' id='word_1_531' title='bbox 3555 1980 3584 2033; x_wconf 85' lang='grc' dir='ltr'><strong>ό</strong></span> <span class='ocrx_word' id='word_1_532' title='bbox 3613 1983 3714 2051; x_wconf 84' lang='grc' dir='ltr'>τῆς</span> <span class='ocrx_word' id='word_1_533' title='bbox 3743 1980 3845 2033; x_wconf 87' lang='grc' dir='ltr'>οὑ-</span> 
     </span>
    </p>
   </div>
   <div class='ocr_carea' id='block_1_78' title="bbox 2272 2065 3848 2143">
    <p class='ocr_par' dir='ltr' id='par_1_78' title="bbox 2272 2065 3848 2143">
     <span class='ocr_line' id='line_1_78' title="bbox 2272 2065 3848 2143; baseline 0.005 -25"><span class='ocrx_word' id='word_1_534' title='bbox 2272 2066 2391 2129; x_wconf 86' lang='grc' dir='ltr'>σίας</span> <span class='ocrx_word' id='word_1_535' title='bbox 2420 2065 2573 2136; x_wconf 83' lang='grc' dir='ltr'>λόγος</span> <span class='ocrx_word' id='word_1_536' title='bbox 2617 2068 3049 2139; x_wconf 82' lang='grc' dir='ltr'>ἀναφανήσεται,</span> <span class='ocrx_word' id='word_1_537' title='bbox 3079 2070 3136 2122; x_wconf 90' lang='grc' dir='ltr'><strong>ἐν</strong></span> <span class='ocrx_word' id='word_1_538' title='bbox 3167 2070 3312 2140; x_wconf 83' lang='grc' dir='ltr'>μόνῳ</span> <span class='ocrx_word' id='word_1_539' title='bbox 3336 2070 3416 2140; x_wconf 82' lang='grc' dir='ltr'>τῷ</span> <span class='ocrx_word' id='word_1_540' title='bbox 3441 2071 3661 2143; x_wconf 82' lang='grc' dir='ltr'>ἀνάρχῳ</span> <span class='ocrx_word' id='word_1_541' title='bbox 3687 2071 3848 2126; x_wconf 65' lang='lat' dir='ltr'><strong>vecti-</strong></span> 
     </span>
    </p>
   </div>
   <div class='ocr_carea' id='block_1_79' title="bbox 2272 2156 3844 2233">
    <p class='ocr_par' dir='ltr' id='par_1_79' title="bbox 2272 2156 3844 2233">
     <span class='ocr_line' id='line_1_79' title="bbox 2272 2156 3844 2233; baseline 0.004 -24"><span class='ocrx_word' id='word_1_542' title='bbox 2272 2173 2456 2225; x_wconf 69' lang='grc' dir='ltr'>μενος*</span> <span class='ocrx_word' id='word_1_543' title='bbox 2500 2156 2561 2210; x_wconf 82' lang='grc' dir='ltr'>τὸ</span> <span class='ocrx_word' id='word_1_544' title='bbox 2590 2156 2646 2211; x_wconf 88' lang='grc' dir='ltr'><strong>δέ</strong></span> <span class='ocrx_word' id='word_1_545' title='bbox 2695 2158 3047 2230; x_wconf 75' lang='grc' dir='ltr'><strong>ἀτελεύτητον</strong></span> <span class='ocrx_word' id='word_1_546' title='bbox 3077 2160 3136 2212; x_wconf 81' lang='grc' dir='ltr'><strong>ἐν</strong></span> <span class='ocrx_word' id='word_1_547' title='bbox 3168 2159 3345 2230; x_wconf 88' lang='grc' dir='ltr'>ἐαυτῷ</span> <span class='ocrx_word' id='word_1_548' title='bbox 3371 2162 3492 2214; x_wconf 78' lang='grc' dir='ltr'>κατ’</span> <span class='ocrx_word' id='word_1_549' title='bbox 3524 2162 3714 2215; x_wconf 83' lang='grc' dir='ltr'>οὐσίαν</span> <span class='ocrx_word' id='word_1_550' title='bbox 3770 2163 3844 2233; x_wconf 81' lang='grc' dir='ltr'>μὴ</span> 
     </span>
    </p>
   </div>
   <div class='ocr_carea' id='block_1_80' title="bbox 2275 2249 3844 2323">
    <p class='ocr_par' dir='ltr' id='par_1_80' title="bbox 2275 2249 3844 2323">
     <span class='ocr_line' id='line_1_80' title="bbox 2275 2249 3844 2323; baseline 0.003 -21"><span class='ocrx_word' id='word_1_551' title='bbox 2275 2249 2627 2321; x_wconf 84' lang='grc' dir='ltr'>κεκτημένος.</span> <span class='ocrx_word' id='word_1_552' title='bbox 2654 2251 2717 2304; x_wconf 86' lang='grc' dir='ltr'><strong>Εἰ</strong></span> <span class='ocrx_word' id='word_1_553' title='bbox 2741 2251 2797 2304; x_wconf 85' lang='grc' dir='ltr'><strong>δέ</strong></span> <span class='ocrx_word' id='word_1_554' title='bbox 2817 2252 3101 2323; x_wconf 70' lang='grc' dir='ltr'>ἀμφότερα</span> <span class='ocrx_word' id='word_1_555' title='bbox 3125 2250 3402 2316; x_wconf 82' lang='grc' dir='ltr'>συνθέντες</span> <span class='ocrx_word' id='word_1_556' title='bbox 3423 2253 3514 2306; x_wconf 85' lang='grc' dir='ltr'><strong>τδν</strong></span> <span class='ocrx_word' id='word_1_557' title='bbox 3531 2253 3633 2323; x_wconf 82' lang='grc' dir='ltr'>τῆς</span> <span class='ocrx_word' id='word_1_558' title='bbox 3651 2254 3844 2318; x_wconf 74' lang='grc' dir='ltr'>οὐσίας</span> 
     </span>
    </p>
   </div>
   <div class='ocr_carea' id='block_1_81' title="bbox 2269 2341 3847 2416">
    <p class='ocr_par' dir='ltr' id='par_1_81' title="bbox 2269 2341 3847 2416">
     <span class='ocr_line' id='line_1_81' title="bbox 2269 2341 3847 2416; baseline 0.002 -22"><span class='ocrx_word' id='word_1_559' title='bbox 2269 2341 2425 2410; x_wconf 88' lang='grc' dir='ltr'>λόγον</span> <span class='ocrx_word' id='word_1_560' title='bbox 2462 2342 2529 2395; x_wconf 80' lang='grc' dir='ltr'>δι’</span> <span class='ocrx_word' id='word_1_561' title='bbox 2578 2342 2852 2415; x_wconf 77' lang='grc' dir='ltr'>ἑκατέρων</span> <span class='ocrx_word' id='word_1_562' title='bbox 2898 2343 3389 2415; x_wconf 85' lang='grc' dir='ltr'>συναπαρτίσυυσι,</span> <span class='ocrx_word' id='word_1_563' title='bbox 3426 2345 3587 2399; x_wconf 82' lang='grc' dir='ltr'>πάλιν</span> <span class='ocrx_word' id='word_1_564' title='bbox 3634 2347 3847 2416; x_wconf 74' lang='grc' dir='ltr'>σκοπή-</span> 
     </span>
    </p>
   </div>
   <div class='ocr_carea' id='block_1_82' title="bbox 2273 2422 3842 2507">
    <p class='ocr_par' dir='ltr' id='par_1_82' title="bbox 2273 2422 3842 2507">
     <span class='ocr_line' id='line_1_82' title="bbox 2273 2422 3842 2507; baseline 0.004 -21"><span class='ocrx_word' id='word_1_565' title='bbox 2273 2450 2454 2505; x_wconf 89' lang='grc' dir='ltr'>σωμεν</span> <span class='ocrx_word' id='word_1_566' title='bbox 2497 2433 2596 2505; x_wconf 78' lang='grc' dir='ltr'>τὴν</span> <span class='ocrx_word' id='word_1_567' title='bbox 2649 2434 3204 2507; x_wconf 81' lang='grc' dir='ltr'>συναναδεικνυμένην</span> <span class='ocrx_word' id='word_1_568' title='bbox 3253 2422 3481 2490; x_wconf 80' lang='grc' dir='ltr'>ἀτοπίαν</span> <span class='ocrx_word' id='word_1_569' title='bbox 3532 2435 3611 2506; x_wconf 79' lang='grc' dir='ltr'><strong>τῷ</strong></span> <span class='ocrx_word' id='word_1_570' title='bbox 3660 2434 3842 2507; x_wconf 77' lang='grc' dir='ltr'>λόγῳ’</span> 
     </span>
    </p>
   </div>
   <div class='ocr_carea' id='block_1_83' title="bbox 2270 2524 3848 2599">
    <p class='ocr_par' dir='ltr' id='par_1_83' title="bbox 2270 2524 3848 2599">
     <span class='ocr_line' id='line_1_83' title="bbox 2270 2524 3848 2599; baseline 0.003 -21"><span class='ocrx_word' id='word_1_571' title='bbox 2270 2524 2623 2598; x_wconf 75' lang='grc' dir='ltr'>εὑρεθήσεται</span> <span class='ocrx_word' id='word_1_572' title='bbox 2668 2525 2777 2598; x_wconf 77' lang='grc' dir='ltr'>γὰρ</span> <span class='ocrx_word' id='word_1_573' title='bbox 2828 2529 3011 2591; x_wconf 80' lang='grc' dir='ltr'>αὑτοῖς</span> <span class='ocrx_word' id='word_1_574' title='bbox 3054 2527 3241 2581; x_wconf 86' lang='grc' dir='ltr'>οὑκέτι</span> <span class='ocrx_word' id='word_1_575' title='bbox 3268 2527 3403 2599; x_wconf 81' lang='grc' dir='ltr'>πρὸς</span> <span class='ocrx_word' id='word_1_576' title='bbox 3430 2527 3522 2581; x_wconf 86' lang='grc' dir='ltr'><strong>τδν</strong></span> <span class='ocrx_word' id='word_1_577' title='bbox 3560 2528 3848 2599; x_wconf 79' lang='grc' dir='ltr'>Μονογενῆ</span> 
     </span>
    </p>
   </div>
   <div class='ocr_carea' id='block_1_84' title="bbox 2274 2618 3851 2693">
    <p class='ocr_par' dir='ltr' id='par_1_84' title="bbox 2274 2618 3851 2693">
     <span class='ocr_line' id='line_1_84' title="bbox 2274 2618 3851 2693; baseline 0.001 -21"><span class='ocrx_word' id='word_1_578' title='bbox 2274 2618 2450 2688; x_wconf 86' lang='grc' dir='ltr'>μόνον,</span> <span class='ocrx_word' id='word_1_579' title='bbox 2484 2618 2620 2671; x_wconf 78' lang='grc' dir='ltr'>ἀλλὰ</span> <span class='ocrx_word' id='word_1_580' title='bbox 2652 2619 2904 2691; x_wconf 75' lang='grc' dir='ltr'>καὶπρὸς</span> <span class='ocrx_word' id='word_1_581' title='bbox 2937 2620 3127 2674; x_wconf 84' lang='grc' dir='ltr'>ἐαυτὸν</span> <span class='ocrx_word' id='word_1_582' title='bbox 3151 2619 3445 2692; x_wconf 84' lang='grc' dir='ltr'>ἀλλοτρίως</span> <span class='ocrx_word' id='word_1_583' title='bbox 3465 2619 3603 2691; x_wconf 80' lang='grc' dir='ltr'>ἔχων</span> <span class='ocrx_word' id='word_1_584' title='bbox 3622 2637 3636 2651; x_wconf 86' lang='grc'><strong>·</strong></span> <span class='ocrx_word' id='word_1_585' title='bbox 3668 2620 3851 2693; x_wconf 77' lang='grc' dir='ltr'>σαφὴς</span> 
     </span>
    </p>
   </div>
   <div class='ocr_carea' id='block_1_85' title="bbox 2270 2708 3849 2781">
    <p class='ocr_par' dir='ltr' id='par_1_85' title="bbox 2270 2708 3849 2781">
     <span class='ocr_line' id='line_1_85' title="bbox 2270 2708 3849 2781; baseline 0.001 -20"><span class='ocrx_word' id='word_1_586' title='bbox 2270 2708 2326 2762; x_wconf 91' lang='grc' dir='ltr'><strong>δέ</strong></span> <span class='ocrx_word' id='word_1_587' title='bbox 2358 2711 2386 2763; x_wconf 88' lang='grc' dir='ltr'><strong>ό</strong></span> <span class='ocrx_word' id='word_1_588' title='bbox 2405 2708 2576 2778; x_wconf 90' lang='grc' dir='ltr'>λόγος,</span> <span class='ocrx_word' id='word_1_589' title='bbox 2606 2710 2698 2763; x_wconf 60' lang='grc' dir='ltr'><strong>καὶ⁸</strong></span> <span class='ocrx_word' id='word_1_590' title='bbox 2728 2709 2847 2762; x_wconf 72' lang='grc' dir='ltr'>οὐδὲ</span> <span class='ocrx_word' id='word_1_591' title='bbox 2873 2708 3075 2777; x_wconf 84' lang='grc' dir='ltr'>πολλῆς</span> <span class='ocrx_word' id='word_1_592' title='bbox 3098 2709 3199 2779; x_wconf 84' lang='grc' dir='ltr'>τῆς</span> <span class='ocrx_word' id='word_1_593' title='bbox 3222 2710 3542 2773; x_wconf 68' lang='grc' dir='ltr'>ἐπιστασίας</span> <span class='ocrx_word' id='word_1_594' title='bbox 3566 2710 3849 2781; x_wconf 83' lang='grc' dir='ltr'>δεόμενος.</span> 
     </span>
    </p>
   </div>
   <div class='ocr_carea' id='block_1_86' title="bbox 2281 2800 3854 2873">
    <p class='ocr_par' dir='ltr' id='par_1_86' title="bbox 2281 2800 3854 2873">
     <span class='ocr_line' id='line_1_86' title="bbox 2281 2800 3854 2873; baseline 0.001 -17"><span class='ocrx_word' id='word_1_595' title='bbox 2281 2800 2342 2856; x_wconf 88' lang='lat'><strong>&#39;0</strong></span> <span class='ocrx_word' id='word_1_596' title='bbox 2370 2801 2478 2873; x_wconf 78' lang='grc' dir='ltr'>γὰρ</span> <span class='ocrx_word' id='word_1_597' title='bbox 2506 2803 2604 2873; x_wconf 77' lang='grc' dir='ltr'>τῆς</span> <span class='ocrx_word' id='word_1_598' title='bbox 2623 2801 2818 2873; x_wconf 80' lang='grc' dir='ltr'>ἀρχῆς,</span> <span class='ocrx_word' id='word_1_599' title='bbox 2850 2802 2945 2855; x_wconf 81' lang='grc' dir='ltr'>καὶ</span> <span class='ocrx_word' id='word_1_600' title='bbox 2966 2804 2996 2856; x_wconf 85' lang='grc' dir='ltr'><strong>ό</strong></span> <span class='ocrx_word' id='word_1_601' title='bbox 3015 2801 3108 2855; x_wconf 76' lang='grc' dir='ltr'>τοῦ</span> <span class='ocrx_word' id='word_1_602' title='bbox 3134 2802 3319 2867; x_wconf 85' lang='grc' dir='ltr'>τέλους</span> <span class='ocrx_word' id='word_1_603' title='bbox 3361 2802 3518 2872; x_wconf 89' lang='grc' dir='ltr'>λόγος</span> <span class='ocrx_word' id='word_1_604' title='bbox 3535 2843 3551 2869; x_wconf 92' lang='grc'><strong>,</strong></span> <span class='ocrx_word' id='word_1_605' title='bbox 3585 2804 3854 2867; x_wconf 84' lang='grc' dir='ltr'>ἐναντίως</span> 
     </span>
    </p>
   </div>
   <div class='ocr_carea' id='block_1_87' title="bbox 2272 2892 3849 2968">
    <p class='ocr_par' dir='ltr' id='par_1_87' title="bbox 2272 2892 3849 2968">
     <span class='ocr_line' id='line_1_87' title="bbox 2272 2892 3849 2968; baseline 0 -22"><span class='ocrx_word' id='word_1_606' title='bbox 2272 2892 2528 2963; x_wconf 84' lang='grc' dir='ltr'>ἐκάτερος</span> <span class='ocrx_word' id='word_1_607' title='bbox 2549 2893 2684 2964; x_wconf 81' lang='grc' dir='ltr'>πρὸς</span> <span class='ocrx_word' id='word_1_608' title='bbox 2714 2892 2804 2947; x_wconf 81' lang='grc' dir='ltr'>τὸν</span> <span class='ocrx_word' id='word_1_609' title='bbox 2828 2893 3012 2964; x_wconf 74' lang='grc' dir='ltr'>ἕτερον</span> <span class='ocrx_word' id='word_1_610' title='bbox 3042 2892 3184 2963; x_wconf 77' lang='grc' dir='ltr'>ἔχει·</span> <span class='ocrx_word' id='word_1_611' title='bbox 3216 2894 3311 2948; x_wconf 79' lang='grc' dir='ltr'>καὶ</span> <span class='ocrx_word' id='word_1_612' title='bbox 3339 2892 3594 2968; x_wconf 77' lang='grc' dir='ltr'>διάφορον</span> <span class='ocrx_word' id='word_1_613' title='bbox 3613 2892 3703 2946; x_wconf 80' lang='grc' dir='ltr'>ἐπ’</span> <span class='ocrx_word' id='word_1_614' title='bbox 3736 2895 3849 2965; x_wconf 78' lang='grc' dir='ltr'>ἀμ-</span> 
     </span>
    </p>
   </div>
   <div class='ocr_carea' id='block_1_88' title="bbox 2273 2983 3858 3056">
    <p class='ocr_par' dir='ltr' id='par_1_88' title="bbox 2273 2983 3858 3056">
     <span class='ocr_line' id='line_1_88' title="bbox 2273 2983 3858 3056; baseline 0.001 -19"><span class='ocrx_word' id='word_1_615' title='bbox 2273 2983 2512 3055; x_wconf 80' lang='grc' dir='ltr'>φοτέρων</span> <span class='ocrx_word' id='word_1_616' title='bbox 2543 2984 2605 3037; x_wconf 85' lang='grc' dir='ltr'>τὸ</span> <span class='ocrx_word' id='word_1_617' title='bbox 2636 2984 3060 3055; x_wconf 59' lang='grc' dir='ltr'>σημαινόμενον</span> <span class='ocrx_word' id='word_1_618' title='bbox 3102 2984 3291 3056; x_wconf 82' lang='grc' dir='ltr'>ὥσπερ</span> <span class='ocrx_word' id='word_1_619' title='bbox 3339 2985 3435 3039; x_wconf 74' lang='grc' dir='ltr'>καὶ</span> <span class='ocrx_word' id='word_1_620' title='bbox 3461 2985 3557 3039; x_wconf 78' lang='grc' dir='ltr'>ἐπὶ</span> <span class='ocrx_word' id='word_1_621' title='bbox 3588 2983 3702 3039; x_wconf 81' lang='grc' dir='ltr'><strong>τῶν</strong></span> <span class='ocrx_word' id='word_1_622' title='bbox 3743 2984 3858 3039; x_wconf 83' lang='grc' dir='ltr'>λοι-</span> 
     </span>
    </p>
   </div>
   <div class='ocr_carea' id='block_1_89' title="bbox 2274 3076 3853 3148">
    <p class='ocr_par' dir='ltr' id='par_1_89' title="bbox 2274 3076 3853 3148">
     <span class='ocr_line' id='line_1_89' title="bbox 2274 3076 3853 3148; baseline 0.001 -18"><span class='ocrx_word' id='word_1_623' title='bbox 2274 3077 2390 3130; x_wconf 84' lang='grc' dir='ltr'>πῶν</span> <span class='ocrx_word' id='word_1_624' title='bbox 2439 3076 2545 3131; x_wconf 84' lang='grc' dir='ltr'><strong>τῶν</strong></span> <span class='ocrx_word' id='word_1_625' title='bbox 2593 3077 2734 3132; x_wconf 87' lang='grc' dir='ltr'><strong>κατά</strong></span> <span class='ocrx_word' id='word_1_626' title='bbox 2781 3076 3069 3148; x_wconf 80' lang='grc' dir='ltr'>διάμετρον</span> <span class='ocrx_word' id='word_1_627' title='bbox 3118 3076 3366 3143; x_wconf 85' lang='grc' dir='ltr'>ἀλλήλοις</span> <span class='ocrx_word' id='word_1_628' title='bbox 3416 3078 3853 3148; x_wconf 62' lang='grc' dir='ltr'>ἀντικειμένων</span> 
     </span>
    </p>
   </div>
   <div class='ocr_carea' id='block_1_90' title="bbox 2272 3163 3859 3240">
    <p class='ocr_par' dir='ltr' id='par_1_90' title="bbox 2272 3163 3859 3240">
     <span class='ocr_line' id='line_1_90' title="bbox 2272 3163 3859 3240; baseline 0.001 -19"><span class='ocrx_word' id='word_1_629' title='bbox 2272 3163 2354 3232; x_wconf 75' lang='grc' dir='ltr'>οἷς</span> <span class='ocrx_word' id='word_1_630' title='bbox 2396 3168 2546 3223; x_wconf 84' lang='grc' dir='ltr'>οὑδέν</span> <span class='ocrx_word' id='word_1_631' title='bbox 2575 3168 2767 3223; x_wconf 78' lang='grc' dir='ltr'>ὕπεστι</span> <span class='ocrx_word' id='word_1_632' title='bbox 2808 3168 2991 3239; x_wconf 84' lang='grc' dir='ltr'>μέσον.</span> <span class='ocrx_word' id='word_1_633' title='bbox 3049 3166 3110 3223; x_wconf 84' lang='grc'><strong>’0</strong></span> <span class='ocrx_word' id='word_1_634' title='bbox 3139 3168 3249 3240; x_wconf 76' lang='grc' dir='ltr'><strong>γὰρ</strong></span> <span class='ocrx_word' id='word_1_635' title='bbox 3273 3167 3569 3240; x_wconf 72' lang='grc' dir='ltr'>ἐρωτηθεὶς</span> <span class='ocrx_word' id='word_1_636' title='bbox 3593 3168 3689 3222; x_wconf 83' lang='grc' dir='ltr'><strong>τδν</strong></span> <span class='ocrx_word' id='word_1_637' title='bbox 3720 3171 3859 3240; x_wconf 80' lang='grc' dir='ltr'>περὶ</span> 
     </span>
    </p>
   </div>
   <div class='ocr_carea' id='block_1_91' title="bbox 2272 3259 3859 3332">
    <p class='ocr_par' dir='ltr' id='par_1_91' title="bbox 2272 3259 3859 3332">
     <span class='ocr_line' id='line_1_91' title="bbox 2272 3259 3859 3332; baseline 0 -18"><span class='ocrx_word' id='word_1_638' title='bbox 2272 3262 2373 3331; x_wconf 74' lang='grc' dir='ltr'>τῆς</span> <span class='ocrx_word' id='word_1_639' title='bbox 2425 3262 2599 3332; x_wconf 77' lang='grc' dir='ltr'>ἀρχῆς</span> <span class='ocrx_word' id='word_1_640' title='bbox 2636 3260 2825 3330; x_wconf 89' lang='grc' dir='ltr'>λόγον,</span> <span class='ocrx_word' id='word_1_641' title='bbox 2865 3262 2929 3314; x_wconf 88' lang='grc' dir='ltr'><strong>οὑ</strong></span> <span class='ocrx_word' id='word_1_642' title='bbox 2969 3259 3060 3313; x_wconf 84' lang='grc' dir='ltr'>τὸν</span> <span class='ocrx_word' id='word_1_643' title='bbox 3093 3261 3254 3314; x_wconf 74' lang='grc' dir='ltr'>αὑτὸν</span> <span class='ocrx_word' id='word_1_644' title='bbox 3290 3260 3560 3314; x_wconf 85' lang='grc' dir='ltr'>ἀποδώσει</span> <span class='ocrx_word' id='word_1_645' title='bbox 3605 3259 3686 3332; x_wconf 80' lang='grc' dir='ltr'>τῷ</span> <span class='ocrx_word' id='word_1_646' title='bbox 3722 3262 3859 3332; x_wconf 76' lang='grc' dir='ltr'>περὶ</span> 
     </span>
    </p>
   </div>
   <div class='ocr_carea' id='block_1_92' title="bbox 2272 3348 3861 3422">
    <p class='ocr_par' dir='ltr' id='par_1_92' title="bbox 2272 3348 3861 3422">
     <span class='ocr_line' id='line_1_92' title="bbox 2272 3348 3861 3422; baseline -0.002 -17"><span class='ocrx_word' id='word_1_647' title='bbox 2272 3351 2367 3405; x_wconf 79' lang='grc' dir='ltr'>τοῦ</span> <span class='ocrx_word' id='word_1_648' title='bbox 2395 3351 2578 3413; x_wconf 85' lang='grc' dir='ltr'>τέλους</span> <span class='ocrx_word' id='word_1_649' title='bbox 2607 3351 2718 3422; x_wconf 83' lang='grc' dir='ltr'><strong>δρῳ</strong></span> <span class='ocrx_word' id='word_1_650' title='bbox 2739 3368 2753 3382; x_wconf 88' lang='grc'><strong>·</strong></span> <span class='ocrx_word' id='word_1_651' title='bbox 2783 3349 2896 3403; x_wconf 79' lang='grc' dir='ltr'>ἀλλ’</span> <span class='ocrx_word' id='word_1_652' title='bbox 2932 3349 3027 3403; x_wconf 67' lang='grc' dir='ltr'><strong>ἐπ)⁸</strong></span> <span class='ocrx_word' id='word_1_653' title='bbox 3051 3349 3113 3402; x_wconf 79' lang='grc' dir='ltr'>τὸ</span> <span class='ocrx_word' id='word_1_654' title='bbox 3139 3348 3378 3403; x_wconf 89' lang='grc' dir='ltr'>ἐναντίον</span> <span class='ocrx_word' id='word_1_655' title='bbox 3400 3350 3594 3419; x_wconf 80' lang='grc' dir='ltr'>ἐκείνῳ</span> <span class='ocrx_word' id='word_1_656' title='bbox 3621 3349 3861 3418; x_wconf 78' lang='grc' dir='ltr'>προάξει</span> 
     </span>
    </p>
   </div>
   <div class='ocr_carea' id='block_1_93' title="bbox 2272 3437 3864 3514">
    <p class='ocr_par' dir='ltr' id='par_1_93' title="bbox 2272 3437 3864 3514">
     <span class='ocr_line' id='line_1_93' title="bbox 2272 3437 3864 3514; baseline -0.002 -18"><span class='ocrx_word' id='word_1_657' title='bbox 2272 3443 2364 3496; x_wconf 78' lang='grc' dir='ltr'>τὸν</span> <span class='ocrx_word' id='word_1_658' title='bbox 2388 3440 2691 3514; x_wconf 78' lang='grc' dir='ltr'>ὡρισμένον</span> <span class='ocrx_word' id='word_1_659' title='bbox 2722 3441 2816 3511; x_wconf 80' lang='grc' dir='ltr'>τῆς</span> <span class='ocrx_word' id='word_1_660' title='bbox 2846 3440 3018 3513; x_wconf 85' lang='grc' dir='ltr'>ἀρχῆς</span> <span class='ocrx_word' id='word_1_661' title='bbox 3046 3440 3221 3509; x_wconf 90' lang='grc' dir='ltr'>λόγον.</span> <span class='ocrx_word' id='word_1_662' title='bbox 3257 3437 3463 3494; x_wconf 82' lang='grc' dir='ltr'>Οὐκοῦν</span> <span class='ocrx_word' id='word_1_663' title='bbox 3503 3438 3597 3492; x_wconf 81' lang='grc' dir='ltr'>καὶ</span> <span class='ocrx_word' id='word_1_664' title='bbox 3624 3439 3694 3492; x_wconf 86' lang='grc' dir='ltr'><strong>τά</strong></span> <span class='ocrx_word' id='word_1_665' title='bbox 3724 3439 3864 3493; x_wconf 84' lang='grc' dir='ltr'>ἐκα-</span> 
     </span>
    </p>
   </div>
   <div class='ocr_carea' id='block_1_94' title="bbox 2273 3526 3862 3607">
    <p class='ocr_par' dir='ltr' id='par_1_94' title="bbox 2273 3526 3862 3607">
     <span class='ocr_line' id='line_1_94' title="bbox 2273 3526 3862 3607; baseline -0.003 -19"><span class='ocrx_word' id='word_1_666' title='bbox 2273 3534 2418 3607; x_wconf 84' lang='grc' dir='ltr'>τέρῳ</span> <span class='ocrx_word' id='word_1_667' title='bbox 2448 3533 2650 3588; x_wconf 87' lang='grc' dir='ltr'>τούτων</span> <span class='ocrx_word' id='word_1_668' title='bbox 2687 3531 3066 3603; x_wconf 71' lang='grc' dir='ltr'>ἀντικείμενα,</span> <span class='ocrx_word' id='word_1_669' title='bbox 3099 3531 3240 3585; x_wconf 86' lang='grc' dir='ltr'><strong>κατά</strong></span> <span class='ocrx_word' id='word_1_670' title='bbox 3271 3530 3332 3584; x_wconf 82' lang='grc' dir='ltr'>τὸ</span> <span class='ocrx_word' id='word_1_671' title='bbox 3357 3526 3471 3585; x_wconf 78' lang='grc' dir='ltr'>ἶσον</span> <span class='ocrx_word' id='word_1_672' title='bbox 3515 3530 3717 3601; x_wconf 86' lang='grc' dir='ltr'>μέτρον</span> <span class='ocrx_word' id='word_1_673' title='bbox 3753 3529 3862 3600; x_wconf 76' lang='grc' dir='ltr'>τῆς</span> 
     </span>
    </p>
   </div>
   <div class='ocr_carea' id='block_1_95' title="bbox 2276 3623 3864 3695">
    <p class='ocr_par' dir='ltr' id='par_1_95' title="bbox 2276 3623 3864 3695">
     <span class='ocr_line' id='line_1_95' title="bbox 2276 3623 3864 3695; baseline -0.003 -14"><span class='ocrx_word' id='word_1_674' title='bbox 2276 3624 2628 3689; x_wconf 83' lang='grc' dir='ltr'>ἀντιθέσεως,</span> <span class='ocrx_word' id='word_1_675' title='bbox 2678 3625 2772 3679; x_wconf 75' lang='grc' dir='ltr'>καὶ</span> <span class='ocrx_word' id='word_1_676' title='bbox 2817 3624 2910 3678; x_wconf 81' lang='grc' dir='ltr'><strong>ἀπ’</strong></span> <span class='ocrx_word' id='word_1_677' title='bbox 2968 3624 3211 3695; x_wconf 81' lang='grc' dir='ltr'>ἀλλήλων</span> <span class='ocrx_word' id='word_1_678' title='bbox 3257 3623 3689 3695; x_wconf 78' lang='grc' dir='ltr'>διενεχθησεται·</span> <span class='ocrx_word' id='word_1_679' title='bbox 3762 3625 3864 3677; x_wconf 77' lang='grc' dir='ltr'>καὶ</span> 
     </span>
    </p>
   </div>
   <div class='ocr_carea' id='block_1_96' title="bbox 2275 3709 3863 3786">
    <p class='ocr_par' dir='ltr' id='par_1_96' title="bbox 2275 3709 3863 3786">
     <span class='ocr_line' id='line_1_96' title="bbox 2275 3709 3863 3786; baseline -0.002 -15"><span class='ocrx_word' id='word_1_680' title='bbox 2275 3716 2403 3771; x_wconf 81' lang='grc' dir='ltr'>ἄλλο</span> <span class='ocrx_word' id='word_1_681' title='bbox 2437 3732 2490 3768; x_wconf 88' lang='grc' dir='ltr'><strong>τι</strong></span> <span class='ocrx_word' id='word_1_682' title='bbox 2519 3714 2978 3786; x_wconf 83' lang='grc' dir='ltr'>όμολογηθήσεται</span> <span class='ocrx_word' id='word_1_683' title='bbox 3023 3709 3163 3767; x_wconf 73' lang='grc' dir='ltr'>εἶναι</span> <span class='ocrx_word' id='word_1_684' title='bbox 3202 3715 3261 3767; x_wconf 86' lang='grc' dir='ltr'><strong>τδ</strong></span> <span class='ocrx_word' id='word_1_685' title='bbox 3293 3713 3550 3785; x_wconf 73' lang='grc' dir='ltr'>ἄναρχον,</span> <span class='ocrx_word' id='word_1_686' title='bbox 3585 3714 3731 3784; x_wconf 85' lang='grc' dir='ltr'>ὅπερ</span> <span class='ocrx_word' id='word_1_687' title='bbox 3762 3716 3863 3768; x_wconf 83' lang='grc' dir='ltr'>ἀν-</span> 
     </span>
    </p>
   </div>
   <div class='ocr_carea' id='block_1_97' title="bbox 2276 3805 3863 3879">
    <p class='ocr_par' dir='ltr' id='par_1_97' title="bbox 2276 3805 3863 3879">
     <span class='ocr_line' id='line_1_97' title="bbox 2276 3805 3863 3879; baseline -0.003 -16"><span class='ocrx_word' id='word_1_688' title='bbox 2276 3809 2505 3863; x_wconf 91' lang='grc' dir='ltr'>τίκειται</span> <span class='ocrx_word' id='word_1_689' title='bbox 2530 3806 2607 3878; x_wconf 85' lang='grc' dir='ltr'>τῷ</span> <span class='ocrx_word' id='word_1_690' title='bbox 2640 3807 2744 3861; x_wconf 83' lang='grc' dir='ltr'>ὑπὸ</span> <span class='ocrx_word' id='word_1_691' title='bbox 2770 3807 2869 3877; x_wconf 84' lang='grc' dir='ltr'>τῆς</span> <span class='ocrx_word' id='word_1_692' title='bbox 2893 3807 3065 3879; x_wconf 81' lang='grc' dir='ltr'>ἀρχῆς</span> <span class='ocrx_word' id='word_1_693' title='bbox 3091 3806 3399 3877; x_wconf 82' lang='grc' dir='ltr'>δηλουμένῳ</span> <span class='ocrx_word' id='word_1_694' title='bbox 3423 3823 3438 3837; x_wconf 82' lang='lat'><strong>&#39;</strong></span> <span class='ocrx_word' id='word_1_695' title='bbox 3469 3805 3596 3859; x_wconf 74' lang='grc' dir='ltr'>ἄλλο</span> <span class='ocrx_word' id='word_1_696' title='bbox 3621 3805 3678 3858; x_wconf 90' lang='grc' dir='ltr'><strong>δέ</strong></span> <span class='ocrx_word' id='word_1_697' title='bbox 3710 3822 3769 3858; x_wconf 87' lang='grc' dir='ltr'><strong>τι</strong></span> <span class='ocrx_word' id='word_1_698' title='bbox 3798 3806 3863 3859; x_wconf 82' lang='grc' dir='ltr'>τὸ</span> 
     </span>
    </p>
   </div>
   <div class='ocr_carea' id='block_1_98' title="bbox 2277 3894 3864 3971">
    <p class='ocr_par' dir='ltr' id='par_1_98' title="bbox 2277 3894 3864 3971">
     <span class='ocr_line' id='line_1_98' title="bbox 2277 3894 3864 3971; baseline -0.006 -16"><span class='ocrx_word' id='word_1_699' title='bbox 2277 3898 2652 3971; x_wconf 82' lang='grc' dir='ltr'>ἀτελεύτητον,</span> <span class='ocrx_word' id='word_1_700' title='bbox 2679 3899 2817 3970; x_wconf 85' lang='grc' dir='ltr'>ὅπερ</span> <span class='ocrx_word' id='word_1_701' title='bbox 2854 3896 3195 3969; x_wconf 87' lang='grc' dir='ltr'>ἀναιρετικὸν</span> <span class='ocrx_word' id='word_1_702' title='bbox 3228 3896 3323 3949; x_wconf 81' lang='grc' dir='ltr'>τοῦ</span> <span class='ocrx_word' id='word_1_703' title='bbox 3353 3895 3538 3958; x_wconf 84' lang='grc' dir='ltr'>τέλους</span> <span class='ocrx_word' id='word_1_704' title='bbox 3569 3894 3746 3949; x_wconf 89' lang='grc' dir='ltr'>ἐστίν.</span> <span class='ocrx_word' id='word_1_705' title='bbox 3797 3894 3864 3947; x_wconf 67' lang='grc' dir='ltr'><strong>ει</strong></span> 
     </span>
    </p>
   </div>
   <div class='ocr_carea' id='block_1_99' title="bbox 2278 3983 3863 4059">
    <p class='ocr_par' dir='ltr' id='par_1_99' title="bbox 2278 3983 3863 4059">
     <span class='ocr_line' id='line_1_99' title="bbox 2278 3983 3863 4059; baseline -0.006 -15"><span class='ocrx_word' id='word_1_706' title='bbox 2278 3985 2370 4044; x_wconf 78' lang='grc' dir='ltr'>οὖν</span> <span class='ocrx_word' id='word_1_707' title='bbox 2397 3989 2567 4044; x_wconf 79' lang='grc' dir='ltr'>ταῦτα</span> <span class='ocrx_word' id='word_1_708' title='bbox 2599 3988 2668 4042; x_wconf 77' lang='grc' dir='ltr'><strong>τὰ</strong></span> <span class='ocrx_word' id='word_1_709' title='bbox 2698 3987 2791 4041; x_wconf 85' lang='grc' dir='ltr'><strong>δύο</strong></span> <span class='ocrx_word' id='word_1_710' title='bbox 2828 3989 2908 4049; x_wconf 87' lang='grc' dir='ltr'><strong>είς</strong></span> <span class='ocrx_word' id='word_1_711' title='bbox 2945 3986 3042 4059; x_wconf 83' lang='grc' dir='ltr'>τὴν</span> <span class='ocrx_word' id='word_1_712' title='bbox 3074 3986 3259 4040; x_wconf 88' lang='grc' dir='ltr'>οὑσίαν</span> <span class='ocrx_word' id='word_1_713' title='bbox 3290 3985 3382 4039; x_wconf 81' lang='grc' dir='ltr'>τοῦ</span> <span class='ocrx_word' id='word_1_714' title='bbox 3416 3983 3550 4039; x_wconf 84' lang='grc' dir='ltr'><strong>Θεοῦ</strong></span> <span class='ocrx_word' id='word_1_715' title='bbox 3591 3984 3863 4055; x_wconf 81' lang='grc' dir='ltr'>φέροντες</span> 
     </span>
    </p>
   </div>
   <div class='ocr_carea' id='block_1_100' title="bbox 2278 4076 3860 4153">
    <p class='ocr_par' dir='ltr' id='par_1_100' title="bbox 2278 4076 3860 4153">
     <span class='ocr_line' id='line_1_100' title="bbox 2278 4076 3860 4153; baseline -0.004 -18"><span class='ocrx_word' id='word_1_716' title='bbox 2278 4082 2640 4153; x_wconf 84' lang='grc' dir='ltr'>ἀναθήσουσι,</span> <span class='ocrx_word' id='word_1_717' title='bbox 2673 4080 2733 4133; x_wconf 79' lang='grc' dir='ltr'>τὸ</span> <span class='ocrx_word' id='word_1_718' title='bbox 2764 4079 3117 4149; x_wconf 86' lang='grc' dir='ltr'>ἀτελεύτητόν</span> <span class='ocrx_word' id='word_1_719' title='bbox 3170 4096 3310 4149; x_wconf 82' lang='grc' dir='ltr'>φημι</span> <span class='ocrx_word' id='word_1_720' title='bbox 3348 4078 3441 4131; x_wconf 74' lang='grc' dir='ltr'>καὶ</span> <span class='ocrx_word' id='word_1_721' title='bbox 3482 4076 3543 4130; x_wconf 86' lang='grc' dir='ltr'>τὸ</span> <span class='ocrx_word' id='word_1_722' title='bbox 3580 4076 3860 4147; x_wconf 81' lang='grc' dir='ltr'>ἄναρχον,</span> 
     </span>
    </p>
   </div>
   <div class='ocr_carea' id='block_1_101' title="bbox 2278 4169 3860 4242">
    <p class='ocr_par' dir='ltr' id='par_1_101' title="bbox 2278 4169 3860 4242">
     <span class='ocr_line' id='line_1_101' title="bbox 2278 4169 3860 4242; baseline -0.004 -15"><span class='ocrx_word' id='word_1_723' title='bbox 2278 4173 2371 4227; x_wconf 83' lang='grc' dir='ltr'><strong>δύο</strong></span> <span class='ocrx_word' id='word_1_724' title='bbox 2406 4173 2564 4227; x_wconf 84' lang='grc' dir='ltr'>τινῶν</span> <span class='ocrx_word' id='word_1_725' title='bbox 2611 4173 2870 4227; x_wconf 76' lang='grc' dir='ltr'>ἐναντίων</span> <span class='ocrx_word' id='word_1_726' title='bbox 2922 4171 3017 4224; x_wconf 78' lang='grc' dir='ltr'>καὶ</span> <span class='ocrx_word' id='word_1_727' title='bbox 3042 4170 3390 4242; x_wconf 75' lang='grc' dir='ltr'>ἀσυμφώνων</span> <span class='ocrx_word' id='word_1_728' title='bbox 3420 4169 3729 4241; x_wconf 76' lang='grc' dir='ltr'>συνδρομὴν</span> <span class='ocrx_word' id='word_1_729' title='bbox 3763 4170 3860 4221; x_wconf 81' lang='grc' dir='ltr'>τὸν</span> 
     </span>
    </p>
   </div>
   <div class='ocr_carea' id='block_1_102' title="bbox 2280 4263 3868 4336">
    <p class='ocr_par' dir='ltr' id='par_1_102' title="bbox 2280 4263 3868 4336">
     <span class='ocr_line' id='line_1_102' title="bbox 2280 4263 3868 4336; baseline -0.001 -16"><span class='ocrx_word' id='word_1_730' title='bbox 2280 4266 2411 4320; x_wconf 83' lang='grc' dir='ltr'>Θεὸν</span> <span class='ocrx_word' id='word_1_731' title='bbox 2440 4264 2643 4318; x_wconf 79' lang='grc' dir='ltr'>ἑαυτῶν</span> <span class='ocrx_word' id='word_1_732' title='bbox 2677 4263 3035 4330; x_wconf 76' lang='grc' dir='ltr'>ἀποδείξουσι.</span> <span class='ocrx_word' id='word_1_733' title='bbox 3082 4264 3191 4336; x_wconf 81' lang='grc' dir='ltr'><strong>Τὴν</strong></span> <span class='ocrx_word' id='word_1_734' title='bbox 3225 4264 3334 4334; x_wconf 73' lang='grc' dir='ltr'>γὰρ</span> <span class='ocrx_word' id='word_1_735' title='bbox 3363 4263 3456 4318; x_wconf 79' lang='grc' dir='ltr'>τοῦ</span> <span class='ocrx_word' id='word_1_736' title='bbox 3494 4264 3673 4327; x_wconf 85' lang='grc' dir='ltr'>τέλους</span> <span class='ocrx_word' id='word_1_737' title='bbox 3720 4266 3868 4336; x_wconf 74' lang='grc' dir='ltr'>πρὶς</span> 
     </span>
    </p>
   </div>
   <div class='ocr_carea' id='block_1_103' title="bbox 2279 4355 3865 4428">
    <p class='ocr_par' dir='ltr' id='par_1_103' title="bbox 2279 4355 3865 4428">
     <span class='ocr_line' id='line_1_103' title="bbox 2279 4355 3865 4428; baseline -0.001 -18"><span class='ocrx_word' id='word_1_738' title='bbox 2279 4358 2379 4428; x_wconf 77' lang='grc' dir='ltr'>τὴν</span> <span class='ocrx_word' id='word_1_739' title='bbox 2411 4357 2586 4428; x_wconf 77' lang='grc' dir='ltr'>ἀρχὴν</span> <span class='ocrx_word' id='word_1_740' title='bbox 2616 4356 2959 4420; x_wconf 85' lang='grc' dir='ltr'>ἐναντίωσιν,</span> <span class='ocrx_word' id='word_1_741' title='bbox 2998 4357 3032 4426; x_wconf 76' lang='grc' dir='ltr'>ἡ</span> <span class='ocrx_word' id='word_1_742' title='bbox 3081 4356 3327 4428; x_wconf 84' lang='grc' dir='ltr'>ἐκατέρῳ</span> <span class='ocrx_word' id='word_1_743' title='bbox 3368 4355 3575 4409; x_wconf 86' lang='grc' dir='ltr'>τούτων</span> <span class='ocrx_word' id='word_1_744' title='bbox 3613 4356 3865 4409; x_wconf 77' lang='grc' dir='ltr'>ἀντικειο</span> 
     </span>
    </p>
   </div>
   <div class='ocr_carea' id='block_1_104' title="bbox 2285 4447 3867 4523">
    <p class='ocr_par' dir='ltr' id='par_1_104' title="bbox 2285 4447 3867 4523">
     <span class='ocr_line' id='line_1_104' title="bbox 2285 4447 3867 4523; baseline -0.002 -18"><span class='ocrx_word' id='word_1_745' title='bbox 2285 4451 2419 4521; x_wconf 87' lang='grc' dir='ltr'>μένη</span> <span class='ocrx_word' id='word_1_746' title='bbox 2466 4450 2674 4504; x_wconf 85' lang='grc' dir='ltr'>διάνοια</span> <span class='ocrx_word' id='word_1_747' title='bbox 2709 4451 2804 4504; x_wconf 76' lang='grc' dir='ltr'>καὶ</span> <span class='ocrx_word' id='word_1_748' title='bbox 2847 4449 2932 4519; x_wconf 82' lang='grc' dir='ltr'>ἐφ’</span> <span class='ocrx_word' id='word_1_749' title='bbox 2967 4447 3166 4519; x_wconf 81' lang='grc' dir='ltr'>ἐαυτῆς</span> <span class='ocrx_word' id='word_1_750' title='bbox 3194 4448 3576 4502; x_wconf 85' lang='grc' dir='ltr'>ἐπιδείκνυται.</span> <span class='ocrx_word' id='word_1_751' title='bbox 3634 4449 3718 4501; x_wconf 80' lang='grc' dir='ltr'><strong>Τὰ</strong></span> <span class='ocrx_word' id='word_1_752' title='bbox 3748 4448 3867 4523; x_wconf 78' lang='grc' dir='ltr'>γὰρ</span> 
     </span>
    </p>
   </div>
   <div class='ocr_carea' id='block_1_105' title="bbox 2282 4541 3867 4614">
    <p class='ocr_par' dir='ltr' id='par_1_105' title="bbox 2282 4541 3867 4614">
     <span class='ocr_line' id='line_1_105' title="bbox 2282 4541 3867 4614; baseline -0.001 -19"><span class='ocrx_word' id='word_1_753' title='bbox 2282 4545 2392 4607; x_wconf 87' lang='grc' dir='ltr'>τοῖς</span> <span class='ocrx_word' id='word_1_754' title='bbox 2446 4543 2838 4614; x_wconf 86' lang='grc' dir='ltr'>ἀντικειμένοις</span> <span class='ocrx_word' id='word_1_755' title='bbox 2888 4542 3106 4596; x_wconf 79' lang='grc' dir='ltr'>ἐναντία</span> <span class='ocrx_word' id='word_1_756' title='bbox 3125 4582 3140 4609; x_wconf 91' lang='grc'><strong>,</strong></span> <span class='ocrx_word' id='word_1_757' title='bbox 3201 4544 3292 4596; x_wconf 78' lang='grc' dir='ltr'>καὶ</span> <span class='ocrx_word' id='word_1_758' title='bbox 3336 4541 3581 4612; x_wconf 79' lang='grc' dir='ltr'>ἀλλήλοις</span> <span class='ocrx_word' id='word_1_759' title='bbox 3638 4543 3867 4596; x_wconf 85' lang='grc' dir='ltr'>ἐναντία</span> 
     </span>
    </p>
   </div>
   <div class='ocr_carea' id='block_1_106' title="bbox 2286 4634 3871 4706">
    <p class='ocr_par' dir='ltr' id='par_1_106' title="bbox 2286 4634 3871 4706">
     <span class='ocr_line' id='line_1_106' title="bbox 2286 4634 3871 4706; baseline 0 -16"><span class='ocrx_word' id='word_1_760' title='bbox 2286 4636 2500 4699; x_wconf 83' lang='grc' dir='ltr'>πάντως</span> <span class='ocrx_word' id='word_1_761' title='bbox 2524 4636 2688 4689; x_wconf 78' lang='grc' dir='ltr'>ἐστίν.</span> <span class='ocrx_word' id='word_1_762' title='bbox 2708 4634 2935 4706; x_wconf 79' lang='grc' dir='ltr'>’Δληθὴς</span> <span class='ocrx_word' id='word_1_763' title='bbox 2965 4634 3022 4688; x_wconf 81' lang='grc' dir='ltr'>δὲ</span> <span class='ocrx_word' id='word_1_764' title='bbox 3045 4636 3073 4687; x_wconf 88' lang='grc' dir='ltr'><strong>ό</strong></span> <span class='ocrx_word' id='word_1_765' title='bbox 3094 4634 3269 4703; x_wconf 81' lang='grc' dir='ltr'>λόγος,</span> <span class='ocrx_word' id='word_1_766' title='bbox 3295 4636 3377 4689; x_wconf 81' lang='grc' dir='ltr'>ὅτι</span> <span class='ocrx_word' id='word_1_767' title='bbox 3400 4637 3595 4699; x_wconf 80' lang='grc' dir='ltr'>πάντα,</span> <span class='ocrx_word' id='word_1_768' title='bbox 3619 4637 3721 4688; x_wconf 84' lang='grc' dir='ltr'>ὅσα</span> <span class='ocrx_word' id='word_1_769' title='bbox 3743 4640 3871 4699; x_wconf 81' lang='grc' dir='ltr'>τοῖς</span> 
     </span>
    </p>
   </div>
   <div class='ocr_carea' id='block_1_107' title="bbox 2283 4726 3867 4799">
    <p class='ocr_par' dir='ltr' id='par_1_107' title="bbox 2283 4726 3867 4799">
     <span class='ocr_line' id='line_1_107' title="bbox 2283 4726 3867 4799; baseline 0.002 -19"><span class='ocrx_word' id='word_1_770' title='bbox 2283 4727 2538 4792; x_wconf 77' lang='grc' dir='ltr'>ἐναντίως</span> <span class='ocrx_word' id='word_1_771' title='bbox 2585 4727 2767 4797; x_wconf 84' lang='grc' dir='ltr'>ἐχουσι</span> <span class='ocrx_word' id='word_1_772' title='bbox 2821 4727 2962 4781; x_wconf 89' lang='grc' dir='ltr'><strong>κατά</strong></span> <span class='ocrx_word' id='word_1_773' title='bbox 3010 4726 3107 4799; x_wconf 77' lang='grc' dir='ltr'>τὴν</span> <span class='ocrx_word' id='word_1_774' title='bbox 3172 4727 3333 4796; x_wconf 80' lang='grc' dir='ltr'>φύσιν</span> <span class='ocrx_word' id='word_1_775' title='bbox 3377 4730 3867 4789; x_wconf 54' lang='grc' dir='ltr'>ἀντικαθίστατει,</span> 
     </span>
    </p>
   </div>
   <div class='ocr_carea' id='block_1_108' title="bbox 2284 4818 3870 4891">
    <p class='ocr_par' dir='ltr' id='par_1_108' title="bbox 2284 4818 3870 4891">
     <span class='ocr_line' id='line_1_108' title="bbox 2284 4818 3870 4891; baseline 0.001 -18"><span class='ocrx_word' id='word_1_776' title='bbox 2284 4819 2455 4874; x_wconf 81' lang='grc' dir='ltr'>ταῦτα</span> <span class='ocrx_word' id='word_1_777' title='bbox 2487 4822 2583 4875; x_wconf 81' lang='grc' dir='ltr'>καὶ</span> <span class='ocrx_word' id='word_1_778' title='bbox 2611 4820 2745 4891; x_wconf 84' lang='grc' dir='ltr'>πρὸς</span> <span class='ocrx_word' id='word_1_779' title='bbox 2772 4818 2975 4890; x_wconf 73' lang='grc' dir='ltr'>ἄλληλα</span> <span class='ocrx_word' id='word_1_780' title='bbox 3002 4820 3064 4873; x_wconf 85' lang='grc' dir='ltr'><strong>τδ</strong></span> <span class='ocrx_word' id='word_1_781' title='bbox 3087 4820 3327 4874; x_wconf 82' lang='grc' dir='ltr'>ἐναντίον</span> <span class='ocrx_word' id='word_1_782' title='bbox 3355 4821 3495 4891; x_wconf 76' lang='grc' dir='ltr'>ἔχει’</span> <span class='ocrx_word' id='word_1_783' title='bbox 3526 4822 3603 4885; x_wconf 82' lang='grc' dir='ltr'>ὡς</span> <span class='ocrx_word' id='word_1_784' title='bbox 3631 4823 3723 4874; x_wconf 73' lang='grc' dir='ltr'>ἐπὶ</span> <span class='ocrx_word' id='word_1_785' title='bbox 3747 4822 3870 4875; x_wconf 79' lang='grc' dir='ltr'>τῶν</span> 
     </span>
    </p>
   </div>
   <div class='ocr_carea' id='block_1_109' title="bbox 2286 4910 3874 4983">
    <p class='ocr_par' dir='ltr' id='par_1_109' title="bbox 2286 4910 3874 4983">
     <span class='ocr_line' id='line_1_109' title="bbox 2286 4910 3874 4983; baseline 0 -18"><span class='ocrx_word' id='word_1_786' title='bbox 2286 4911 2696 4983; x_wconf 81' lang='grc' dir='ltr'>ὑποδειγμάτων</span> <span class='ocrx_word' id='word_1_787' title='bbox 2749 4910 2895 4964; x_wconf 81' lang='grc' dir='ltr'>ἐστιν</span> <span class='ocrx_word' id='word_1_788' title='bbox 2943 4910 3090 4965; x_wconf 85' lang='grc' dir='ltr'>ίδεῖν.</span> <span class='ocrx_word' id='word_1_789' title='bbox 3136 4911 3226 4983; x_wconf 86' lang='grc' dir='ltr'>Τῷ</span> <span class='ocrx_word' id='word_1_790' title='bbox 3267 4913 3402 4983; x_wconf 66' lang='grc' dir='ltr'><strong>πυρὶ⁵</strong></span> <span class='ocrx_word' id='word_1_791' title='bbox 3431 4912 3492 4965; x_wconf 82' lang='grc' dir='ltr'>τὸ</span> <span class='ocrx_word' id='word_1_792' title='bbox 3518 4911 3663 4982; x_wconf 77' lang='grc' dir='ltr'>ὓδωρ</span> <span class='ocrx_word' id='word_1_793' title='bbox 3699 4914 3874 4966; x_wconf 79' lang='grc' dir='ltr'>ἀνθέ-</span> 
     </span>
    </p>
   </div>
   <div class='ocr_carea' id='block_1_110' title="bbox 2289 4999 3873 5072">
    <p class='ocr_par' dir='ltr' id='par_1_110' title="bbox 2289 4999 3873 5072">
     <span class='ocr_line' id='line_1_110' title="bbox 2289 4999 3873 5072; baseline 0.001 -18"><span class='ocrx_word' id='word_1_794' title='bbox 2289 5018 2505 5071; x_wconf 83' lang='grc' dir='ltr'>στηκεν.</span> <span class='ocrx_word' id='word_1_795' title='bbox 2535 4999 2740 5054; x_wconf 79' lang='grc' dir='ltr'>Οὐκοῦν</span> <span class='ocrx_word' id='word_1_796' title='bbox 2766 5001 2860 5053; x_wconf 81' lang='grc' dir='ltr'>καὶ</span> <span class='ocrx_word' id='word_1_797' title='bbox 2896 5001 2951 5053; x_wconf 84' lang='grc' dir='ltr'><strong>αί</strong></span> <span class='ocrx_word' id='word_1_798' title='bbox 2981 5000 3318 5071; x_wconf 80' lang='grc' dir='ltr'>ἀναιρετικαὶ</span> <span class='ocrx_word' id='word_1_799' title='bbox 3347 5000 3548 5054; x_wconf 85' lang='grc' dir='ltr'>τούτων</span> <span class='ocrx_word' id='word_1_800' title='bbox 3579 5002 3873 5072; x_wconf 74' lang='grc' dir='ltr'>δυνάμεις,</span> 
     </span>
    </p>
   </div>
   <div class='ocr_carea' id='block_1_111' title="bbox 2288 5090 3957 5171">
    <p class='ocr_par' dir='ltr' id='par_1_111' title="bbox 2288 5090 3957 5171">
     <span class='ocr_line' id='line_1_111' title="bbox 2288 5090 3957 5171; baseline -0.001 -24"><span class='ocrx_word' id='word_1_801' title='bbox 2288 5092 2543 5164; x_wconf 84' lang='grc' dir='ltr'>ἀλλήλαις</span> <span class='ocrx_word' id='word_1_802' title='bbox 2571 5090 2998 5146; x_wconf 84' lang='grc' dir='ltr'>ἐναντιώσονται.</span> <span class='ocrx_word' id='word_1_803' title='bbox 3042 5093 3107 5146; x_wconf 80' lang='lat' dir='ltr'><strong>El</strong></span> <span class='ocrx_word' id='word_1_804' title='bbox 3134 5092 3242 5165; x_wconf 74' lang='grc' dir='ltr'><strong>γὰρ</strong></span> <span class='ocrx_word' id='word_1_805' title='bbox 3276 5092 3533 5165; x_wconf 76' lang='grc' dir='ltr'>σϐεστικὴ</span> <span class='ocrx_word' id='word_1_806' title='bbox 3564 5092 3658 5146; x_wconf 79' lang='grc' dir='ltr'>τοῦ</span> <span class='ocrx_word' id='word_1_807' title='bbox 3688 5095 3879 5165; x_wconf 82' lang='grc' dir='ltr'>πυρός</span> <span class='ocrx_word' id='word_1_808' title='bbox 3956 5160 3957 5171; x_wconf 12' lang='grc' dir='ltr'>χ</span> 
     </span>
    </p>
   </div>
   <div class='ocr_carea' id='block_1_112' title="bbox 2289 5183 3880 5256">
    <p class='ocr_par' dir='ltr' id='par_1_112' title="bbox 2289 5183 3880 5256">
     <span class='ocr_line' id='line_1_112' title="bbox 2289 5183 3880 5256; baseline 0.002 -19"><span class='ocrx_word' id='word_1_809' title='bbox 2289 5186 2435 5237; x_wconf 83' lang='grc' dir='ltr'>ἐστιν</span> <span class='ocrx_word' id='word_1_810' title='bbox 2480 5185 2513 5253; x_wconf 82' lang='grc' dir='ltr'>ή</span> <span class='ocrx_word' id='word_1_811' title='bbox 2552 5183 2817 5254; x_wconf 81' lang='grc' dir='ltr'>ὑγρότης·</span> <span class='ocrx_word' id='word_1_812' title='bbox 2855 5183 3170 5255; x_wconf 83' lang='grc' dir='ltr'>ἀναιρετικὴ</span> <span class='ocrx_word' id='word_1_813' title='bbox 3199 5184 3273 5255; x_wconf 51' lang='grc' dir='ltr'><strong>δὲ,</strong></span> <span class='ocrx_word' id='word_1_814' title='bbox 3300 5184 3395 5238; x_wconf 78' lang='grc' dir='ltr'>τοῦ</span> <span class='ocrx_word' id='word_1_815' title='bbox 3430 5184 3620 5249; x_wconf 82' lang='grc' dir='ltr'>ὑδατός</span> <span class='ocrx_word' id='word_1_816' title='bbox 3652 5188 3811 5241; x_wconf 85' lang='grc' dir='ltr'>ἐστιν</span> <span class='ocrx_word' id='word_1_817' title='bbox 3841 5188 3880 5256; x_wconf 75' lang='grc' dir='ltr'><strong>ἡ</strong></span> 
     </span>
    </p>
   </div>
   <div class='ocr_carea' id='block_1_113' title="bbox 2292 5279 3881 5353">
    <p class='ocr_par' dir='ltr' id='par_1_113' title="bbox 2292 5279 3881 5353">
     <span class='ocr_line' id='line_1_113' title="bbox 2292 5279 3881 5353; baseline 0.001 -20"><span class='ocrx_word' id='word_1_818' title='bbox 2292 5280 2551 5353; x_wconf 78' lang='grc' dir='ltr'>ξηρότης,</span> <span class='ocrx_word' id='word_1_819' title='bbox 2580 5280 2679 5351; x_wconf 84' lang='grc' dir='ltr'>τὴν</span> <span class='ocrx_word' id='word_1_820' title='bbox 2707 5279 2802 5333; x_wconf 76' lang='grc' dir='ltr'><strong>τοῦ</strong></span> <span class='ocrx_word' id='word_1_821' title='bbox 2844 5279 3035 5344; x_wconf 81' lang='grc' dir='ltr'>ὓδατος</span> <span class='ocrx_word' id='word_1_822' title='bbox 3080 5279 3217 5352; x_wconf 79' lang='grc' dir='ltr'>πρὸς</span> <span class='ocrx_word' id='word_1_823' title='bbox 3263 5280 3326 5335; x_wconf 80' lang='grc' dir='ltr'>τὸ</span> <span class='ocrx_word' id='word_1_824' title='bbox 3366 5279 3480 5353; x_wconf 80' lang='grc' dir='ltr'>πῦρ</span> <span class='ocrx_word' id='word_1_825' title='bbox 3511 5280 3881 5346; x_wconf 82' lang='grc' dir='ltr'>ἐναντίωσιν,</span> 
     </span>
    </p>
   </div>
   <div class='ocr_carea' id='block_1_114' title="bbox 2291 5372 3953 5443">
    <p class='ocr_par' dir='ltr' id='par_1_114' title="bbox 2291 5372 3953 5443">
     <span class='ocr_line' id='line_1_114' title="bbox 2291 5372 3953 5443; baseline 0 -17"><span class='ocrx_word' id='word_1_826' title='bbox 2291 5373 2387 5426; x_wconf 82' lang='grc' dir='ltr'>καὶ</span> <span class='ocrx_word' id='word_1_827' title='bbox 2413 5373 2471 5425; x_wconf 83' lang='grc' dir='ltr'>αἱ</span> <span class='ocrx_word' id='word_1_828' title='bbox 2506 5372 2874 5443; x_wconf 85' lang='grc' dir='ltr'>ἀντικείμεναι</span> <span class='ocrx_word' id='word_1_829' title='bbox 2911 5373 3120 5436; x_wconf 79' lang='grc' dir='ltr'>τούτοις</span> <span class='ocrx_word' id='word_1_830' title='bbox 3162 5373 3475 5443; x_wconf 85' lang='grc' dir='ltr'>ποιότητες,</span> <span class='ocrx_word' id='word_1_831' title='bbox 3502 5374 3598 5427; x_wconf 78' lang='grc' dir='ltr'>καὶ</span> <span class='ocrx_word' id='word_1_832' title='bbox 3621 5375 3705 5441; x_wconf 77' lang='grc' dir='ltr'>ἐφ’</span> <span class='ocrx_word' id='word_1_833' title='bbox 3740 5374 3883 5426; x_wconf 66' lang='lat' dir='ltr'><strong>iuu-</strong></span> <span class='ocrx_word' id='word_1_834' title='bbox 3952 5384 3953 5401; x_wconf 82' lang='lat'>‘</span> 
     </span>
    </p>
   </div>
   <div class='ocr_carea' id='block_1_115' title="bbox 2289 5463 3951 5535">
    <p class='ocr_par' dir='ltr' id='par_1_115' title="bbox 2289 5463 3951 5535">
     <span class='ocr_line' id='line_1_115' title="bbox 2289 5463 3951 5535; baseline -0.001 -18"><span class='ocrx_word' id='word_1_835' title='bbox 2289 5463 2398 5517; x_wconf 83' lang='grc' dir='ltr'>τῶν</span> <span class='ocrx_word' id='word_1_836' title='bbox 2421 5463 2747 5517; x_wconf 79' lang='grc' dir='ltr'>διεσώσαντο</span> <span class='ocrx_word' id='word_1_837' title='bbox 2763 5504 2780 5527; x_wconf 93' lang='grc'><strong>,</strong></span> <span class='ocrx_word' id='word_1_838' title='bbox 2808 5463 2882 5527; x_wconf 82' lang='grc' dir='ltr'>ὡς</span> <span class='ocrx_word' id='word_1_839' title='bbox 2923 5465 3179 5529; x_wconf 85' lang='grc' dir='ltr'>ἐναντίως</span> <span class='ocrx_word' id='word_1_840' title='bbox 3210 5465 3352 5535; x_wconf 83' lang='grc' dir='ltr'>ἐχειν</span> <span class='ocrx_word' id='word_1_841' title='bbox 3382 5465 3769 5534; x_wconf 78' lang='grc' dir='ltr'>ὁμολογεῖσθαι</span> <span class='ocrx_word' id='word_1_842' title='bbox 3802 5465 3888 5534; x_wconf 73' lang='grc' dir='ltr'>τῷ</span> <span class='ocrx_word' id='word_1_843' title='bbox 3950 5504 3951 5515; x_wconf 52' lang='grc' dir='ltr'><strong>η</strong></span> 
     </span>
    </p>
   </div>
   <div class='ocr_carea' id='block_1_116' title="bbox 2293 5553 3949 5631">
    <p class='ocr_par' dir='ltr' id='par_1_116' title="bbox 2293 5553 3949 5631">
     <span class='ocr_line' id='line_1_116' title="bbox 2293 5553 3949 5631; baseline 0.021 -30"><span class='ocrx_word' id='word_1_844' title='bbox 2293 5556 2441 5628; x_wconf 76' lang='grc' dir='ltr'>ξηρῴ</span> <span class='ocrx_word' id='word_1_845' title='bbox 2477 5555 2574 5626; x_wconf 78' lang='grc' dir='ltr'>τὴν</span> <span class='ocrx_word' id='word_1_846' title='bbox 2607 5557 2900 5626; x_wconf 85' lang='grc' dir='ltr'>ὑγρότητα.</span> <span class='ocrx_word' id='word_1_847' title='bbox 2934 5557 3121 5621; x_wconf 79' lang='grc' dir='ltr'>Οὕτως</span> <span class='ocrx_word' id='word_1_848' title='bbox 3153 5553 3244 5612; x_wconf 81' lang='grc' dir='ltr'>οὖν</span> <span class='ocrx_word' id='word_1_849' title='bbox 3275 5559 3371 5613; x_wconf 81' lang='grc' dir='ltr'>καὶ</span> <span class='ocrx_word' id='word_1_850' title='bbox 3400 5559 3499 5630; x_wconf 83' lang='grc' dir='ltr'><strong>τῆς</strong></span> <span class='ocrx_word' id='word_1_851' title='bbox 3529 5558 3740 5631; x_wconf 74' lang='grc' dir='ltr'>ἀρχῆςν</span> <span class='ocrx_word' id='word_1_852' title='bbox 3781 5560 3888 5612; x_wconf 57' lang='grc' dir='ltr'><strong>καὶ</strong></span> <span class='ocrx_word' id='word_1_853' title='bbox 3948 5588 3949 5627; x_wconf 78' lang='lat'>1</span> 
     </span>
    </p>
   </div>
   <div class='ocr_carea' id='block_1_117' title="bbox 2291 5645 3947 5721">
    <p class='ocr_par' dir='ltr' id='par_1_117' title="bbox 2291 5645 3947 5721">
     <span class='ocr_line' id='line_1_117' title="bbox 2291 5645 3947 5721; baseline 0.004 -23"><span class='ocrx_word' id='word_1_854' title='bbox 2291 5645 2385 5699; x_wconf 77' lang='grc' dir='ltr'><strong>τοῦ</strong></span> <span class='ocrx_word' id='word_1_855' title='bbox 2416 5645 2599 5709; x_wconf 83' lang='grc' dir='ltr'>τέλους</span> <span class='ocrx_word' id='word_1_856' title='bbox 2640 5646 2973 5710; x_wconf 87' lang='grc' dir='ltr'>ὑπεναντίως</span> <span class='ocrx_word' id='word_1_857' title='bbox 3000 5646 3375 5718; x_wconf 82' lang='grc' dir='ltr'>διακειμένων,</span> <span class='ocrx_word' id='word_1_858' title='bbox 3413 5650 3482 5703; x_wconf 78' lang='grc' dir='ltr'>τὰ</span> <span class='ocrx_word' id='word_1_859' title='bbox 3514 5648 3893 5721; x_wconf 67' lang='grc' dir='ltr'>ἀντικείμετα</span> <span class='ocrx_word' id='word_1_860' title='bbox 3946 5674 3947 5721; x_wconf 13' lang='grc' dir='ltr'><strong>γ</strong></span> 
     </span>
    </p>
   </div>
   <div class='ocr_carea' id='block_1_118' title="bbox 2293 5714 3947 5810">
    <p class='ocr_par' dir='ltr' id='par_1_118' title="bbox 2293 5714 3947 5810">
     <span class='ocr_line' id='line_1_118' title="bbox 2293 5714 3947 5810; baseline 0.001 -20"><span class='ocrx_word' id='word_1_861' title='bbox 2293 5736 2499 5800; x_wconf 81' lang='grc' dir='ltr'>τούτοις</span> <span class='ocrx_word' id='word_1_862' title='bbox 2525 5736 2763 5807; x_wconf 85' lang='grc' dir='ltr'>ὀνόματα</span> <span class='ocrx_word' id='word_1_863' title='bbox 2790 5739 2880 5790; x_wconf 77' lang='grc' dir='ltr'>καὶ</span> <span class='ocrx_word' id='word_1_864' title='bbox 2912 5738 3161 5810; x_wconf 84' lang='grc' dir='ltr'>ἀλλήλοις</span> <span class='ocrx_word' id='word_1_865' title='bbox 3181 5714 3192 5718; x_wconf 41' lang='lat'><strong>-</strong></span> <span class='ocrx_word' id='word_1_866' title='bbox 3210 5739 3441 5810; x_wconf 80' lang='grc' dir='ltr'>μάχεται</span> <span class='ocrx_word' id='word_1_867' title='bbox 3472 5741 3613 5795; x_wconf 85' lang='grc' dir='ltr'><strong>κατά</strong></span> <span class='ocrx_word' id='word_1_868' title='bbox 3653 5714 3761 5809; x_wconf 56' lang='grc' dir='ltr'>τὴν</span> <span class='ocrx_word' id='word_1_869' title='bbox 3789 5741 3892 5794; x_wconf 76' lang='grc' dir='ltr'>ἐν-</span> <span class='ocrx_word' id='word_1_870' title='bbox 3942 5714 3947 5769; x_wconf 39' lang='lat' dir='ltr'><strong>t‘</strong></span> 
     </span>
    </p>
   </div>
   <div class='ocr_carea' id='block_1_119' title="bbox 2296 5826 3945 5902">
    <p class='ocr_par' dir='ltr' id='par_1_119' title="bbox 2296 5826 3945 5902">
     <span class='ocr_line' id='line_1_119' title="bbox 2296 5826 3945 5902; baseline 0.001 -21"><span class='ocrx_word' id='word_1_871' title='bbox 2296 5844 2474 5893; x_wconf 85' lang='grc' dir='ltr'>νοιαν,</span> <span class='ocrx_word' id='word_1_872' title='bbox 2522 5827 2583 5880; x_wconf 74' lang='grc' dir='ltr'>τὸ</span> <span class='ocrx_word' id='word_1_873' title='bbox 2639 5826 2870 5897; x_wconf 77' lang='grc' dir='ltr'>ἄναρχον</span> <span class='ocrx_word' id='word_1_874' title='bbox 2923 5826 3065 5896; x_wconf 86' lang='grc' dir='ltr'>λέγω</span> <span class='ocrx_word' id='word_1_875' title='bbox 3109 5827 3203 5881; x_wconf 73' lang='grc' dir='ltr'>καὶ</span> <span class='ocrx_word' id='word_1_876' title='bbox 3254 5829 3315 5883; x_wconf 75' lang='grc' dir='ltr'><strong>τὸ</strong></span> <span class='ocrx_word' id='word_1_877' title='bbox 3366 5829 3737 5902; x_wconf 73' lang='grc' dir='ltr'>ἀτελεύτητον.</span> <span class='ocrx_word' id='word_1_878' title='bbox 3817 5829 3891 5883; x_wconf 80' lang='grc' dir='ltr'><strong>Εἰ</strong></span> <span class='ocrx_word' id='word_1_879' title='bbox 3944 5850 3945 5859; x_wconf 52' lang='grc' dir='ltr'><strong>ι</strong></span> 
     </span>
    </p>
   </div>
  </div>
