4032 6208
372 310 457 369 (6|

1446 312 1723 371 CONTRA
1764 311 2156 379 EUNOMIUM,
2210 311 2337 368 LIB.
2375 313 2417 366 Ι.

3515 313 3621 369 4θῖ

382 432 546 529 τοίνυν
568 430 629 484 τὸ
652 429 838 501 ἕτερον
866 429 1070 485 τούτων
1100 432 1258 502 μόνον
1282 432 1382 504 τῆς
1402 433 1588 498 οὐσίας
1618 432 1946 488 ἐνδεικτικὸν
1978 481 1982 493 η

2087 431 2238 487 entia:
2268 429 2527 494 referam,
2563 430 2696 485 nihil
2730 429 2878 485 aliud
2912 428 3165 495 efﬁcient,
3217 435 3379 499 Quam
3411 438 3466 485 ut
3497 445 3617 501 eam

385 519 510 576 εἶναι
549 493 853 586 ὁρίζονταν
890 522 1054 577 πάλιν
1083 493 1192 592 γάρ
1218 524 1311 577 τὸν
1339 493 1504 578 αὐτὸν
1533 493 1946 595 ἐτταναλήψομαι

2087 540 2112 578 x
2158 522 2589 594 repugnantibus
2633 523 2798 577 modo
2832 537 2997 593 supra
3027 493 3274 592 exposito
3330 493 3612 581 coalitam,

382 608 521 679 λόγον
537 627 550 640 °
581 611 643 676 ἐξ
662 612 921 682 ἡμισείας
952 618 1533 684 προσμαρτυρησουσιν
1556 612 1700 679 οὕτω
1724 613 1800 685 τῷ
1828 614 1946 684 Θεῷ

2087 621 2102 666 t
2141 614 2212 669 ob
2242 615 2681 685 repugnantiam,
2704 630 2826 685 quae
2851 624 2935 671 est
2961 614 3101 669 inter
3134 613 3387 685 principii
3424 612 3616 668 etfiuis

381 698 433 752 τὸ
455 696 612 765 εἶναι,
635 702 695 753 ὲν
718 700 865 771 μόνῳ
895 700 971 771 τῷ
997 703 1217 773 ἀνάρχῳ
1242 702 1678 775 περιγράφεσθαι
1699 703 1946 772 λέγοντες

2051 709 2421 778 negationem,
2454 713 2576 780 ipso
2608 710 2960 766 interminato
2989 717 3043 763 et
3084 709 3335 779 principii
3370 716 3618 778 experte,
3698 766 3707 771 κ

378 790 533 845 αὑτοῦ
574 792 677 856 τὴν
709 792 899 845 οὐσίαν
928 830 944 855 ,
980 792 1115 861 πρὸς
1161 791 1218 844 δὲ
1257 792 1318 845 τὸ
1347 793 1701 864 ἀτελεύτητον
1765 793 1945 845 οὐκέτι

2087 799 2351 852 ecundum
2416 800 2801 863 substantiam,
2865 799 3152 854 discissam
3206 815 3351 863 esse,
3418 798 3626 870 patefa-

379 883 724 946 ἐκτείνοντες.
752 883 814 935 Εἰ
843 883 900 936 δὲ
925 882 1210 953 ἀμφότερα
1230 885 1310 947 εἰς
1339 883 1429 936 τὸν
1457 882 1556 953 τῆς
1580 885 1638 936 οὗ
1649 884 1767 947 σίας
1790 882 1946 946 λόγον

2087 887 2217 943 iant.
2243 889 2363 956 Quo
2392 891 2449 945 fit
2470 900 2527 946 ut
2556 891 2696 947 Deus
2736 892 2955 946 illorqu
2988 891 3059 944 sit
3087 906 3175 946 res
3202 889 3448 961 quaedam
3477 890 3624 945 varia

380 974 627 1044 φέροντες
674 974 1259 1045 καταθήσουσιν,οὖδὲν
1282 975 1469 1046 ἕτερον
1490 1013 1504 1037 ,
1539 975 1572 1045 ἦ
1598 975 1655 1042 ἐξ
1690 975 1946 1030 ἐναντίων

2087 989 2192 1034 Lex
2227 984 2597 1053 pugnantibus
2625 985 2789 1039 rebus
2825 982 3150 1053 composita.

379 1066 540 1135 αὐτὴν
565 1067 884 1134 συγκεῖσθαι
968 1066 1375 1136 ἀποφανοῦνται
1426 1069 1568 1122 κατά
1595 1068 1683 1121 τὸν
1716 1067 1947 1139 ρηθέντα
1983 1068 2211 1138 τρόπον,
2263 1079 2327 1146 τῇ
2373 1078 2513 1130 κατὰ
2546 1078 2607 1131 τὸ
2656 1077 2837 1140 τέλος,
2893 1075 3024 1148 πρὸς
3071 1074 3168 1144 τὴν
3234 1072 3408 1144 ἀρχὴν
3472 1074 3625 1125 ἐναν-

379 1159 555 1214 τιώσει
583 1161 661 1230 τῷ
698 1161 1057 1232 ἀτελευτήτῳ.
1085 1162 1179 1214 καὶ
1206 1162 1429 1234 ἀνάρχῳ
1458 1162 1578 1216 κατ’
1615 1163 1801 1215 οὐσίαν
1833 1162 2265 1238 διασχιζομένην.
2303 1166 2606 1236 Καὶοῦτως
2630 1172 2942 1243 εὑρίσκεται
2998 1168 3175 1223 αὐτῶν
3226 1170 3254 1221 ὁ
3316 1167 3446 1231 Θεὸς
3508 1184 3625 1220 ποι..

378 1258 519 1310 κίλον
541 1274 593 1309 τι
617 1257 805 1327 χρῆμα
834 1257 928 1309 καὶ
954 1255 1224 1319 σύνθετον,
1248 1256 1308 1321 ἐξ
1330 1259 1720 1328 ἀντικειμένων
1743 1258 1900 1310 τινῶν
1941 1267 2467 1336 συγκεκροτημένος.
3236 1248 3241 1251 ⁸

456 1349 592 1402 Ἀλλ’
622 1347 952 1411 οὖτεθέστιν,
992 1348 1114 1403 οὔτε
1144 1349 1217 1419 μὴ
1252 1350 1475 1419 γένηται
1507 1349 1680 1420 δόγμα
1711 1351 1949 1402 τοιοῦτον

377 1441 435 1493 ὲν
474 1439 769 1510 Ἐκκλησία
793 1439 927 1493 Θεοῦ
948 1458 961 1471 ’
989 1439 1122 1493 ὥστε
1174 1440 1267 1494 τὸν
1296 1441 1521 1506 ἁπλοῦν,
1547 1443 1641 1494 καὶ
1664 1426 1950 1493 ἀσύνθετον

381 1529 454 1600 μή
484 1531 642 1600 μόνον
680 1530 958 1601 πολυειδῆ,
991 1532 1084 1585 καὶ
1119 1533 1379 1595 ποικίλον,
1409 1532 1544 1586 ἀλλά
1582 1533 1676 1586 καὶ
1709 1532 1766 1599 ἐξ
1796 1533 1949 1584 ἐναν-

2121 1355 2189 1409 Αι
2238 1374 2413 1429 neque
2446 1368 2560 1424 est,
2604 1376 2780 1431 neque
2819 1358 3098 1413 exoriatur
3132 1358 3185 1411 in
3228 1354 3471 1411 Ecclesia
3534 1353 3626 1408 Dei

2055 1449 2178 1503 talis
2207 1450 2453 1504 doctrina
2475 1492 2488 1514 ,
2525 1460 2583 1505 ut
2611 1450 2890 1512 dicamus,
2928 1447 3232 1518 simplicem
3252 1486 3267 1508 ,
3297 1456 3351 1501 et
3382 1446 3450 1499 ab
3479 1445 3629 1505 omni

2054 1541 2455 1609 compositione
2503 1542 2828 1605 immunem,
2875 1555 2981 1593 non
3034 1539 3195 1594 modo
3240 1536 3628 1595 multiformem

375 1623 508 1675 τίων
531 1622 890 1692 συγκείμενον
917 1623 1332 1691 ἀποφαίνεσθαι.
1366 1624 1431 1676 Ἠ
1456 1623 1562 1694 γὰρ
1586 1623 1822 1694 ἁπλότης
1846 1622 1952 1676 τῶν

2089 1631 2383 1695 tvarium,
2422 1631 2515 1686 sed
2557 1633 2720 1687 etiam
2757 1646 2820 1684 cx
2868 1631 3032 1684 rebus
3080 1628 3455 1700 pugnantibus
3497 1640 3632 1682 con-

506 1713 763 1807 ἀληθείας
807 1713 1113 1783 δογμάτων.
1150 1715 1240 1768 τὸν
1290 1714 1423 1768 Θεὸν
1464 1716 1596 1787 ὅπερ
1638 1716 1784 1767 ἐστὶν
1819 1714 1951 1767 ὑπο-

2087 1723 2246 1775 latum
2272 1737 2394 1777 esse
2421 1741 2433 1777 :
2464 1737 2588 1776 nam
2618 1722 2814 1777 divina:
2844 1721 3087 1776 veritatis
3113 1719 3437 1790 simplicitas
3463 1716 3630 1771 Deum

375 1803 621 1857 τίθεται’
656 1802 780 1856 οὔτε
835 1806 1078 1874 ὀνόματι.
1123 1804 1245 1859 οὔτε
1292 1805 1633 1877 διανοήματι,
1682 1804 1805 1859 οὔτε
1852 1806 1959 1859 τινὶ

376 1893 513 1964 ἄλλῃ
537 1894 918 1965 καταληπτικῇ
958 1897 1170 1967 ἐπινοίᾳ
1195 1896 1597 1967 περιληφθῆναι
1626 1897 1924 1968 δυνάμενον
1946 1914 1956 1926 ·

377 1986 439 2039 οὗ
465 1988 628 2056 μόνον
654 1986 1025 2058 ἀνθρωπίνης,
1052 1986 1189 2040 ἀλλά
1209 1987 1302 2041 καὶ
1330 1988 1645 2059 ἀγγελικῆς.
1666 1989 1760 2042 καὶ
1784 1988 1963 2060 πάσης

378 2078 757 2150 ὐπερκοσμίου
783 2077 1139 2148 καταλήψεως
1161 2079 1492 2151 ὑψηλότερον
1516 2079 1763 2150 μένοντα,
1789 2079 1965 2150 ἄφρα-

380 2170 510 2224 στόν
538 2186 601 2222 τε
641 2169 739 2222 καὶ
766 2167 1166 2240 ἀνεκφὼνητον,
1196 2170 1291 2224 καὶ
1325 2173 1503 2241 πάσης
1548 2173 1646 2242 τῆς
1678 2172 1765 2226 διὰ
1792 2172 1964 2242 λόγων

381 2262 666 2333 σημασίας
710 2260 1001 2332 ἀνώτερον,
1034 2261 1092 2315 ἒν
1142 2261 1309 2333 ὄνομα
1346 2264 1645 2331 γνωστικδν
1686 2267 1784 2336 τῆς
1832 2265 1965 2330 ἰδίας

381 2355 579 2424 ἔχοντα
607 2351 844 2422 φύσεως,
864 2352 928 2406 τὸ
955 2352 1111 2423 μόνον
1137 2354 1203 2406 αὗ
1214 2353 1298 2407 τὸν
1325 2355 1464 2425 ὑπὲρ
1488 2356 1593 2407 πᾶν
1615 2350 1752 2407 εἶναι
1774 2353 1962 2425 ὅνομα”

382 2446 413 2498 ὃ
438 2445 504 2515 δὴ
534 2446 635 2498 καὶ
657 2444 736 2514 τῷ
766 2444 1062 2511 Μονογενεῖ
1094 2444 1433 2515 κεχάρισται,
1466 2445 1552 2498 διὰ
1581 2444 1640 2497 τὸ
1666 2446 1842 2498 πάντα
1870 2445 1968 2499 ὃσα

384 2536 501 2606 ἔχει
534 2539 565 2589 ὁ
599 2535 811 2606 Πατὴρ,
843 2535 936 2588 καὶ
964 2535 1058 2589 τοῦ
1087 2535 1217 2588 Υἱοῦ
1252 2532 1421 2590 εἶναι’
1456 2538 1554 2607 τῆς
1589 2538 1642 2591 δὲ
1675 2538 1970 2610 ἀῖδιότητος

386 2627 584 2687 αὐτοῦ,
621 2627 743 2696 οὐχὶ
780 2626 882 2693 τῆς
916 2627 1102 2691 οὐσίας
1140 2627 1468 2692 ὲνδεικτικάς
1496 2626 1633 2683 εἶναι
1662 2629 1759 2694 τὰς
1791 2629 1971 2700 φωνὰς

385 2720 593 2783 ταύτας
617 2718 871 2789 ὁμολογεῖ
890 2720 989 2788 τῆς
1008 2718 1287 2783 εὐσεϐείας
1307 2722 1335 2773 ὁ
1361 2720 1516 2789 λόγος
1536 2738 1548 2750 ⁸
1567 2722 1669 2792 ,τήν
1696 2738 1753 2773 τε
1794 2719 1973 2793 (ἀγέν-

386 2813 578 2879 νοητόν
621 2827 764 2881 φημι
806 2809 901 2864 δια)⁸
950 2810 1047 2881 τὴν
1102 2810 1516 2879 ἀτελεύτητον.
1585 2810 1677 2872 Ὠς
1726 2808 1819 2862 τοῦ
1874 2809 1973 2881 μὲν

388 2903 717 2973 ἀγεννήτου,
735 2901 796 2954 τὸ
820 2901 1088 2972 μηδεμίαν
1114 2900 1275 2955 αὑτοῦ
1301 2902 1651 2971 ὑπερκεῖσθαι
1675 2902 1975 2973 ἀρχὴν,καὶ

389 2992 577 3046 αἰτίαν
604 2991 1013 3063 ἐνδεικνυμένου
1033 3008 1048 3023 ο
1076 2991 1171 3044 τοῦ
1199 2991 1255 3044 δὲ
1277 2991 1636 3063 ἀτελευτήτου
1668 2992 1735 3046 τὰ
1759 2994 1839 3057 είς
1869 3011 1975 3065 μη-

2062 1814 2146 1880 id,
2181 1815 2328 1884 quod
2355 1822 2438 1870 est
2462 1853 2476 1880 ,
2510 1830 2632 1871 esse
2660 1814 2821 1869 docet
2851 1832 2864 1867 :
2894 1827 3019 1867 eum
3051 1810 3295 1871 scilicet,
3326 1807 3420 1879 qui
3458 1822 3632 1875 neque

2062 1905 2322 1972 nomine,
2379 1921 2556 1975 neque
2606 1903 2973 1975 cogitatione,
3036 1915 3214 1970 neque
3263 1898 3367 1960 alia
3423 1897 3634 1949 ratione

2063 1996 2451 2066 comprehendi
2496 1994 2713 2058 valeat,
2763 2007 2871 2047 non
2916 1992 3091 2047 solum
3144 1990 3412 2049 humana,
3451 1984 3546 2040 sed
3580 1993 3635 2037 ct

2065 2089 2308 2159 angelica
2328 2129 2342 2151 ,
2374 2094 2488 2142 tota
2538 2086 2631 2141 illa
2664 2098 2832 2156 supra
2863 2082 3124 2138 mundum
3156 2087 3342 2136 evecta
3377 2077 3633 2132 facultate

2065 2179 2512 2245 eminentiorem,
2562 2176 2925 2242 ineffabilem,
2970 2182 3025 2229 ct
3075 2170 3530 2233 inenarrabilem,
3579 2174 3635 2219 ct

2066 2273 2249 2337 omni,
2286 2286 2405 2340 quae
2452 2268 2631 2325 verbis
2678 2267 2956 2339 perficitur
3001 2263 3406 2338 significatione
3455 2259 3638 2315 excel-

2069 2365 2311 2420 siorem:
2359 2364 2452 2431 qui
2500 2376 2667 2416 unum
2716 2374 2950 2420 nomen.
3001 2372 3103 2412 ceu
3151 2354 3385 2425 propriae
3431 2358 3641 2406 naturae

2069 2467 2251 2510 notam
2284 2468 2348 2507 ae
2382 2452 2643 2507 iudicium
2676 2450 2872 2516 habet,
2903 2446 3051 2520 quod
3088 2448 3203 2515 ipse
3238 2442 3451 2500 scilicet
3487 2441 3641 2495 solus

2069 2547 2140 2602 sit
2188 2558 2350 2614 super
2406 2556 2567 2598 omne
2619 2554 2853 2605 nomen,
2916 2535 3061 2608 quod
3124 2535 3287 2589 etiam
3343 2529 3640 2601 Uuigenito

2070 2647 2392 2690 concessum
2433 2639 2551 2695 est,
2584 2629 2713 2700 quia
2760 2625 2941 2682 omnia
2983 2638 3104 2695 qua:
3134 2630 3261 2678 sunt
3298 2618 3477 2674 Patris
3510 2627 3642 2674 sunt

2071 2726 2234 2782 etiam
2270 2722 2391 2777 Filii
2420 2722 2509 2776 ‘°'.
2534 2719 2641 2775 llas
2676 2732 2840 2789 porro
2869 2729 3034 2769 voces
3064 2712 3352 2783 ingenitum
3385 2716 3439 2764 et
3466 2708 3638 2763 inter-

2074 2816 2331 2870 minatum
2364 2811 2718 2874 aeternitatis,
2751 2823 2861 2863 non
2906 2815 3084 2860 autem
3133 2800 3388 2858 essentia:
3434 2798 3644 2855 indices

2075 2922 2229 2971 esse,
2259 2920 2383 2959 vera
2419 2912 2471 2958 et
2503 2903 2590 2973 pia
2637 2901 2889 2956 doctrina
2938 2896 3149 2951 tradit:
3202 2895 3277 2948 ita
3326 2901 3386 2946 ut
3433 2889 3645 2961 ingeni-

2081 3008 2193 3051 tum
2230 2997 2437 3050 nullum
2484 2995 2604 3064 ipso
2646 2993 2890 3048 anterius
2924 2987 3286 3060 principium,
3335 2985 3646 3053 nullamque

388 3083 484 3137 δὲν
520 3082 700 3154 πέρας
730 3081 1024 3153 στήσεσθαι
1059 3081 1222 3136 αὑτοῦ
1255 3082 1354 3153 τὴν
1391 3081 1663 3153 βασιλείαν
1687 3085 1977 3156 σημαίνον-

2087 3089 2321 3160 priorem
2381 3100 2604 3141 causam
2657 3092 2875 3139 exstare
2928 3079 3173 3135 indicet:
3229 3076 3643 3132 iuterminatum

392 3190 507 3237 τος.
542 3173 630 3228 Σὺ
650 3174 778 3245 γὰρ,
802 3174 984 3242 φησὶν,
1017 3176 1050 3227 ὁ
1074 3172 1255 3238 αὐτὸς
1281 3173 1354 3239 εἴ,
1377 3173 1474 3226 καί
1501 3174 1571 3229 τὰ
1595 3174 1698 3241 ἔτη
1722 3191 1840 3230 σου
1871 3178 1983 3231 οὐκ

397 3266 781 3334 ἐκλείψουσι.
809 3266 909 3319 Διά
942 3264 1040 3336 μὲν
1066 3264 1161 3319 τοῦ
1195 3261 1335 3319 εἶναι
1359 3266 1419 3319 τὸ
1445 3266 1519 3337 μὴ
1552 3267 1611 3332 ἐξ
1632 3268 1811 3332 αἰτίας
1841 3268 1985 3332 τινὸς

401 3357 707 3427 ὑποστῆναι
756 3356 1068 3428 σημαίνων*
1109 3355 1197 3410 διὰ
1235 3356 1291 3410 δὲ
1335 3356 1428 3410 τοῦ
1471 3359 1666 3428 ἐφεξῆς
1695 3359 1790 3429 τὴν
1813 3359 1986 3413 ἀπαυο

407 3449 529 3503 στόν
560 3466 623 3503 τε
653 3449 749 3504 καὶ
794 3448 1153 3520 ἀτελεύτητον
1184 3449 1556 3521 μακαριότητα
1596 3450 1696 3520 τῆς
1730 3450 1872 3522 ζωῆς
1904 3452 1989 3505 ἐν·

406 3538 775 3611 δεικνύμενος.

492 3714 635 3767 Ἀλλ’
674 3715 807 3777 ἴσως
846 3715 963 3785 ὲρεῖ
991 3731 1073 3777 τις
1106 3715 1201 3768 καὶ
1250 3714 1361 3767 τῶν
1409 3714 1833 3787 εὖλαϐεστέρων,
1871 3716 1990 3783 ἐφι-

417 3803 543 3868 στὰς
582 3807 698 3867 τοῖς
743 3805 873 3874 περὶ
906 3803 1000 3857 τοῦ
1047 3803 1222 3857 ἀϊδίου
1270 3807 1400 3875 ημῖν
1444 3804 1859 3874 ὲξητασμένοις’
1910 3804 1992 3857 ὅτι

415 3895 651 3967 χαλεπόν
679 3896 795 3947 ἐστι
827 3895 917 3947 τὸν
940 3896 1068 3965 περὶ
1095 3894 1189 3947 τοῦ
1222 3893 1560 3962 Μονογενοῦς
1590 3894 1745 3962 λόγον
1777 3893 1865 3947 διὰ
1882 3893 1992 3947 τῶν

415 3988 721 4057 εἰρημένων
769 3984 1057 4056 παρελθεῖν
1106 3986 1488 4056 ἀπροσκόπως.
1523 3985 1776 4057 Δύονγὰρ
1810 3986 1991 4056 dmp-

417 4078 717 4146 φαινόντων
744 4076 1047 4147 δογμάτων,
1088 4077 1169 4129 ἐνὶ
1196 4076 1413 4139 πάντως
1447 4075 1893 4147 συνενεχθήσεται
1912 4093 1927 4106 ·
1955 4076 1988 4145 ἢ

416 4170 524 4238 γὰρ
554 4169 853 4238 ἀγέννητον
884 4164 1026 4223 εἶναι
1082 4168 1176 4222 καὶ
1206 4169 1298 4222 τὸν
1326 4168 1452 4221 Υἰὸν
1493 4168 1991 4238 κατασκευάσομεν,

416 4262 551 4331 ὅπερ
575 4260 802 4322 ἄτοπον,
835 4260 869 4328 ἢ
914 4260 1034 4313 οὐδὲ
1069 4260 1130 4313 τὸ
1154 4260 1322 4313 ἀΐδιον
1363 4260 1509 4331 αὐτῷ
1551 4262 1991 4331 συγχωρήσομεν,

414 4352 554 4423 ὅπερ
608 4350 743 4405 ωιον
790 4349 898 4404 τῶν
947 4351 1407 4421 βλασφημούντων
1453 4351 1620 4408 ἐστίν.
1661 4352 1721 4405 Ei
1760 4351 1869 4421 γὰρ
1916 4350 1995 4424 τῷ

417 4445 666 4515 ἀνάρχῳ,
724 4443 819 4497 καὶ
874 4443 1213 4514 ἀτελευτήτῳ
1257 4445 1292 4514 ἡ
1345 4443 1583 4513 ἀῖδιότης
1633 4442 1992 4514 γνωρίζεται,

419 4537 635 4605 ἀνάγκη
667 4534 840 4597 πᾶσα,
879 4532 912 4603 ἢ
946 4532 1164 4587 ἀσεϐεῖν
1192 4532 1269 4604 μὴ
1310 4532 1702 4602 ὁμολογοῦντας
1732 4533 1827 4586 τοῦ
1864 4532 1995 4586 Υἱοῦ

419 4626 479 4678 τὸ
512 4625 711 4688 ἀΐδιον,
739 4623 772 4695 ἢ
814 4623 949 4695 πρὸς
983 4623 1081 4695 τὴν
1125 4627 1226 4695 τῆς
1269 4624 1594 4695 ἀγεννησίας
1641 4624 1907 4695 ὑπόληψιν
1940 4627 1998 4678 ὲν

422 4716 536 4778 ταῖς
560 4715 695 4783 περὶ
720 4712 815 4767 τοῦ
840 4713 1175 4782 Μονογενοΰς
1205 4714 1481 4779 ὑπονοίαις
1507 4714 1786 4787 φέρεσθαι.
1819 4714 1885 4769 Τί
1905 4712 2000 4771 οὖν

424 4808 621 4878 ἡμεῖς
656 4807 717 4859 El
755 4805 855 4875 μὲν
875 4822 995 4860 τινα
1015 4806 1273 4877 χρονικὴν
1303 4805 1541 4877 ἔμφασιν
1569 4807 1877 4879 ὑπερετίθει
1900 4810 2000 4879 τῆς

420 4897 515 4953 τοῦ
548 4897 890 4965 Μονογενοῦς
918 4892 1265 4961 ὑποστάσεως
1331 4899 1360 4950 ὁ
1389 4899 1481 4952 τὸν
1503 4898 1719 4969 Πατέρα
1744 4899 1836 4952 τοῦ
1870 4900 2000 4954 Υίοῦ

425 4990 573 5062 μόνῳ
604 4988 708 5060 τῆς
735 4987 911 5049 αἰτίας
941 4988 1084 5078 λόγῳ
1113 4989 1462 5061 προθεωρῶν,
1504 4990 1727 5052 είκότως
1752 4990 1825 5045 ἀν
1847 4991 1877 5044 ό
1902 4991 2001 5062 τῆς

422 5083 730 5150 ἀϊδιότητος
768 5081 900 5150 ἡμῖν
938 5080 1068 5150 περὶ
1103 5078 1197 5133 τοῦ
1238 5078 1567 5144 Υίοῦ,⁶Υίοῦ
1596 5079 1749 5149 λόγος
1792 5080 2001 5136 ἐκινδυ-

420 5173 633 5228 wine.
661 5170 798 5226 Νυνὶ
817 5172 897 5238 δὲ,
923 5171 985 5225 τὸ
1019 5171 1147 5225 ποτὲ
1175 5170 1250 5242 μὴ
1272 5169 1488 5223 ἔσεσθαι
1519 5171 1611 5224 ἐπὶ
1638 5172 1739 5241 τῆς
1763 5189 2004 5244 προαιω-

423 5266 543 5319 vim
562 5263 785 5331 φύσεως
808 5262 960 5327 ἴσως,
986 5262 1078 5316 καὶ
1101 5261 1302 5331 ὁμοίως
1334 5260 1426 5314 ἐπί
1463 5278 1523 5315 τε
1546 5262 1645 5334 τῆς
1672 5263 1766 5317 τοῦ
1795 5265 2005 5338 Πατρὸς

425 5357 598 5428 ζωῆς,
630 5354 729 5408 καὶ
752 5354 852 5424 τῆς
863 5352 957 5407 τοῦ
972 5352 1273 5422 Μονογενοῦ
1282 5370 1326 5419 ς,
1356 5352 1490 5408 ἀλλὰ
1507 5354 1599 5408 καὶ
1623 5355 1720 5425 τῆς
1736 5354 1830 5409 τοῦ
1851 5358 2006 5426 ἀγίου

425 5448 753 5521 Πνεῦματος
790 5446 1076 5518 ὁμολογίας
1103 5445 1164 5499 οὐ
1203 5446 1434 5519 δέχεται.
1476 5448 1644 5502 Ἔνθα
1669 5450 1778 5521 γὰρ
1818 5452 2007 5522 χρόνος

426 5543 530 5597 οὐκ
556 5542 700 5605 ἔστι,
734 5540 826 5594 καὶ
852 5540 914 5593 τὸ
944 5540 1091 5595 ποτὲ
1119 5540 1499 5614 συνανῄρηται.
1540 5543 1600 5595 Ei
1642 5543 1698 5596 δὲ
1731 5545 1815 5599 ἀεὶ
1846 5548 1903 5600 ὲν
1931 5546 2013 5614 τῷ

506 5715 577 5746 ’θ’
617 5712 855 5785 Philipp.
892 5727 954 5775 ιι.
987 5712 1067 5767 ιδ.
1178 5712 1217 5742 ⁶¹
1260 5709 1402 5767 Psal.
1435 5727 1508 5775 Cl.
1550 5717 1598 5769 οι.

2026 4403 2073 4463 D

2086 3194 2237 3244 vero,
2285 3193 2511 3249 rcgnum
2540 3175 2660 3246 ejus
2688 3174 2837 3229 nullo
2872 3172 2976 3227 fine
3002 3172 3251 3227 clausum
3281 3168 3346 3223 iri
3375 3163 3650 3222 ostendat.

2092 3278 2164 3329 Tu
2195 3275 2362 3340 enim,
2391 3271 2599 3343 inquit,
2639 3269 2777 3331 idem
2808 3268 2915 3336 ipse
2943 3282 3031 3329 es,
3074 3273 3123 3317 et
3157 3261 3283 3315 anni
3314 3260 3391 3313 tui
3430 3273 3534 3311 non
3565 3255 3656 3309 de-

2088 3370 2266 3438 ﬁcient
2295 3367 2338 3397 “
2368 3384 2380 3419 :
2415 3380 2510 3436 per
2543 3376 2666 3419 esse
2696 3376 2820 3417 eum
2857 3374 2921 3414 ex
2955 3356 3110 3412 nullo
3142 3351 3411 3425 principio
3437 3348 3657 3421 prodire

2090 3461 2363 3520 innuens,
2398 3452 2757 3523 sequentibus
2791 3458 2972 3503 autem
3008 3444 3190 3500 verbis
3216 3485 3229 3503 .
3268 3441 3539 3496 infinitam
3588 3437 3657 3490 il-

2088 3544 2224 3610 lam,
2258 3552 2313 3598 et
2344 3541 2512 3597 nullis
2558 3538 2828 3593 limitibus
2872 3536 3294 3602 circumseptam
3341 3530 3464 3585 vitae
3511 3526 3660 3582 illius

2092 3633 2480 3690 beatitudinem
2506 3629 2808 3686 delineans.

2160 3726 2230 3781 At
2257 3724 2397 3779 forte
2421 3720 2645 3791 obiiciat
2668 3720 2792 3790 quis
2816 3716 2979 3772 etiam
3002 3730 3067 3769 ex
3090 3711 3491 3783 religiosiorum
3514 3714 3661 3763 cmtu

2092 3817 2383 3874 occasione
2411 3829 2598 3870 eorum
2616 3852 2632 3877 ,
2667 3825 2789 3882 qua:
2820 3809 2887 3865 de
2916 3807 3222 3864 aeternitate
3252 3801 3616 3858 disseruimus
3645 3818 3659 3853 :

2092 3909 2308 3965 diflicile
2331 3922 2454 3964 esse
2491 3904 2761 3975 unigeniti
2787 3900 2911 3956 Filii
2943 3900 3206 3954 honorem
3234 3894 3447 3950 salvum
3476 3900 3532 3947 et
3559 3891 3667 3944 illi-

2096 4001 2280 4055 hatum
2309 4003 2598 4068 praestare,
2623 3994 2670 4049 si
2695 4007 2816 4063 qua:
2840 3990 2986 4045 dicta
3013 3997 3143 4042 sunt
3167 3984 3470 4042 subsistant
3495 3998 3509 4035 :
3539 3994 3663 4035 cum

2094 4095 2238 4150 enim
2270 4092 2391 4147 dua:
2419 4091 2529 4146 sint
2552 4087 2865 4158 dogmatum
2894 4080 3161 4144 rationes,
3187 4076 3416 4131 alterum
3445 4071 3665 4126 illorum

2095 4185 2233 4240 Filio
2262 4180 2554 4238 convenire
2575 4183 2791 4246 oportet
2819 4191 2832 4227 :
2865 4173 2950 4228 vel
2972 4170 3117 4226 enim
3137 4169 3314 4239 ipsum
3333 4178 3551 4235 quoque
3577 4160 3636 4214 Fi
3653 4188 3668 4199 -

2096 4275 2225 4329 lium
2251 4270 2550 4342 ingenitum
2584 4280 2706 4321 esse
2733 4261 3086 4335 probabimus
3108 4298 3123 4322 ,
3156 4265 3210 4313 et
3238 4257 3340 4309 hoc
3367 4260 3450 4309 est
3476 4251 3669 4307 absuro

2098 4366 2226 4421 dum
2248 4406 2264 4431 ,
2288 4362 2370 4418 vel
2395 4360 2753 4416 aeternitatem
2775 4356 2823 4411 ei
2848 4352 3152 4409 adimemus
3174 4390 3189 4414 ,
3218 4345 3360 4418 quod
3392 4343 3671 4416 proprium

2103 4466 2187 4515 est
2220 4453 2733 4527 blasphemantium.
2768 4447 2828 4502 Si
2873 4446 3016 4503 enim
3065 4460 3130 4501 ex
3162 4439 3413 4512 principii
3461 4447 3514 4493 et
3550 4436 3673 4491 finis

2106 4549 2392 4622 negatione
2416 4544 2692 4602 :etcrnitas
2718 4537 3089 4612 cognoscitur,
3115 4534 3277 4605 plane
3300 4529 3553 4601 sequitur
3579 4536 3674 4582 aut

2106 4615 2208 4699 nos
2238 4638 2530 4711 iu'pietatis
2554 4635 2729 4690 labem
2756 4629 3083 4687 contrahere
3114 4667 3129 4692 ,
3163 4632 3351 4695 utpote
3372 4660 3387 4686 ,
3424 4620 3516 4691 qui
3550 4615 3673 4671 Filii

2107 4709 2466 4792 aeternitatem
2518 4743 2626 4783 non
2670 4722 3055 4784 confiteamur,
3106 4726 3202 4771 aut
3252 4709 3673 4782 intelligentiam

2109 4836 2353 4884 nostram
2372 4866 2386 4891 ,
2412 4820 2633 4894 quando
2657 4818 2725 4873 de
2750 4814 3045 4884 Unigenito
3071 4810 3399 4880 cogitamus,
3431 4803 3498 4859 ad
3526 4805 3680 4857 inna-

2110 4893 2458 4977 scibilitatem
2490 4926 2707 4985 quoque
2732 4908 3040 4964 deflectere.
3068 4899 3210 4970 Quid
3249 4898 3417 4970 igitur
3457 4893 3601 4950 nos?
3627 4894 3675 4949 si

2110 5009 2461 5082 temporalem
2521 5001 2809 5075 quamdam
2871 4992 3330 5064 intercapedinem
3396 4985 3679 5058 hypostasi

2109 5120 2207 5160 seu
2225 5075 2603 5158 subsistentia
2630 5092 2751 5148 Filii
2777 5096 3160 5159 anteponeret,
3187 5082 3280 5154 qui
3315 5079 3530 5134 Patrem
3563 5075 3680 5132 sola

2114 5188 2372 5263 principii
2402 5186 2614 5239 ratione
2644 5181 2796 5249 prius
2828 5176 2967 5231 Filio
2996 5171 3236 5241 concipit
3257 5208 3272 5230 .
3303 5168 3429 5237 jure
3463 5162 3681 5220 censeii

2114 5255 2311 5350 posset
2330 5273 2580 5334 doctrina
2608 5270 2677 5326 de
2704 5267 2824 5321 Filii
2852 5260 3230 5350 aeternitateiu
3253 5255 3555 5350 periculum
3585 5267 3682 5350 vo-

2112 5337 2253 5417 cata.
2303 5358 2458 5413 Nune
2485 5354 2602 5426 pari
2634 5366 2861 5424 prorsus
2893 5346 3055 5402 modo
3076 5384 3092 5408 ,
3125 5341 3420 5412 aliquando
3453 5354 3563 5393 non
3594 5337 3685 5392 l'u-

2114 5464 2298 5509 turum
2337 5464 2505 5512 .esse,
2557 5461 2587 5499 a
2631 5444 2790 5498 Patre
2824 5451 2879 5497 et
2910 5438 3081 5501 Filio,
3117 5435 3249 5507 quin
3295 5440 3350 5488 et
3396 5445 3426 5486 a
3472 5429 3683 5502 Spiritu

2114 5545 2356 5612 exsulat,
2398 5556 2522 5597 nam
2564 5537 2657 5595 ubi
2703 5535 2911 5591 nullum
2958 5540 3208 5602 tempus,
3251 5525 3325 5583 ibi
3362 5524 3525 5581 etiam
3574 5521 3684 5577 ali-
