4032 6208
402 331 507 386 ῖΰὸ

1670 322 1739 374 ‘S.
1782 311 2112 373 GREGOI‘JI
2174 306 2466 365 NYSSENI

3558 300 3668 363 εει

402 446 613 522 quando
641 445 918 504 sublatum
951 450 1057 498 est.
1099 439 1155 495 Si
1187 446 1368 494 autem
1406 435 1577 493 Filius
1610 451 1832 507 semper
1868 443 1993 490 tan-

2115 416 2232 475 ivat
2277 416 2752 489 καταλαμϐάνεται
2791 417 2819 468 ὁ
2861 414 2987 478 Υἱὸς
3029 415 3094 484 τῇ
3144 410 3273 483 περὶ
3315 408 3411 464 τοῦ
3461 410 3674 501 Πατρος

405 502 570 609 quam
601 539 875 593 exsistens
904 532 1238 602 concipitur,
1271 530 1325 585 in
1357 530 1477 601 ipsa
1531 528 1714 585 Patris
1762 528 1990 583 notione

2115 512 2271 584 ,ννοίᾳ
2298 507 2845 579 συναναφαινάμενος,
2876 506 2958 569 τίς
2989 506 3019 557 ὁ
3044 502 3207 573 φόϐος
3236 504 3678 576 προσμαρτυρεῖν

406 595 693 691 έοιιιοεηε,
729 640 851 697 qua:
886 623 1121 680 formido
1153 638 1256 678 nos
1287 623 1628 685 absterreat,
1688 619 1991 692 quominus

2115 603 2166 673 τῷ
2187 602 2481 671 Μονογενεῖ
2504 600 2565 653 τὸ
2587 598 2775 662 ἀΐδιον,
2797 595 2877 664 τῷ
2905 597 3041 669 μήτε
3061 595 3238 667 ἀρχὴν
3266 595 3508 665 ἡμερῶν,
3534 595 3678 665 μήτε

408 721 774 778 aeternitatem
828 716 968 772 Filio
1009 715 1426 780 adscribamus,
1469 715 1563 785 qui
1610 729 1792 785 neque
1831 713 1989 783 prin-

407 814 609 887 ('ipium
646 812 895 876 dierum,
934 825 1113 881 neque
1162 810 1325 864 linem
1371 808 1498 862 vitae
1546 808 1759 863 habet?
1784 806 1988 875 Quem-

409 906 701 961 admodum
732 907 877 961 enim
912 920 979 960 ex
1010 904 1216 961 lumine
1246 903 1426 960 lumen
1449 943 1465 970 ,
1498 903 1607 957 vita
1641 918 1712 958 ex
1740 903 1851 967 vita
1872 942 1887 968 ,
1924 920 1991 959 ex

411 1000 556 1054 bono
594 998 811 1064 bonus,
854 997 1115 1068 sapiens,
1158 994 1377 1065 justus,
1421 1003 1651 1065 potens,
1693 1001 1751 1049 et
1796 1002 1992 1049 caetera

411 1091 478 1145 ad
507 1090 757 1146 eumdem
788 1088 1009 1146 modum
1029 1129 1044 1153 ,
1069 1103 1245 1159 exque
1273 1087 1366 1142 tali
1402 1088 1549 1153 talis,
1571 1088 1653 1143 sic
1683 1102 1750 1143 οι
1785 1095 1993 1153 aeterno

412 1183 573 1252 plane
600 1189 839 1239 aeternus
870 1180 1163 1252 processit.
1311 1239 1318 1247 _

494 1274 599 1329 Sed
630 1273 905 1343 litigiosus
939 1270 1213 1342 quispiam
1250 1279 1437 1325 nostro
1465 1269 1624 1339 quasi
1655 1284 1722 1325 ex
1752 1283 1851 1323 ore
1880 1268 1996 1324 dis-

414 1369 752 1440 putationem
799 1363 1139 1435 subripiens,
1165 1368 1385 1435 oggeret
1404 1402 1419 1431 ,
1442 1376 1508 1416 ex
1537 1362 1700 1418 dictis
1724 1360 1996 1431 suspicio-

416 1478 540 1518 nem
558 1461 711 1526 oriri,
745 1458 903 1529 quasi
936 1457 1099 1511 etiam
1137 1455 1411 1526 ingenitus
1438 1470 1508 1510 ex
1542 1455 1786 1527 ingenito
1808 1454 1990 1510 fuerit.

420 1551 619 1608 Verum
646 1551 736 1622 qui
762 1550 865 1605 ista
889 1548 1100 1618 objicit,
1120 1547 1282 1602 corde
1306 1547 1526 1603 sobrius
1542 1546 1613 1602 sit
1631 1586 1648 1609 ,
1677 1554 1728 1602 et
1757 1546 1995 1616 propriis

366 1658 383 1673 κ
421 1644 646 1699 vocibus
701 1642 919 1698 insistat
952 1660 966 1695 :
1005 1656 1129 1694 nam
1166 1640 1259 1709 qui
1301 1638 1501 1694 Filium
1541 1655 1609 1695 ex
1654 1637 1821 1695 Patre
1856 1654 1996 1709 esse

420 1733 732 1798 confitetur,
765 1731 875 1801 jam
907 1746 973 1786 eo
1008 1730 1129 1801 ipso
1160 1729 1391 1800 ingeniti
1446 1731 1717 1786 rationem
1770 1745 1801 1785 a
1855 1729 1995 1787 Filio

423 1821 686 1887 removit,
714 1836 890 1891 neque
918 1820 1028 1875 ulla
1056 1835 1226 1874 causa
1256 1821 1530 1890 suppetit,
1559 1835 1658 1875 cur
1686 1832 1995 1875 metuamus

421 1912 617 1969 Filium
649 1920 912 1968 internum
932 1954 948 1981 ,
979 1920 1033 1968 et
1064 1920 1246 1967 tamen
1279 1928 1390 1967 non
1416 1913 1716 1982 ingenitum
1750 1927 1998 1983 pronun-

416 2008 595 2063 tiare:
626 2007 755 2076 quia
779 2006 924 2062 enim
958 2006 1067 2061 vita
1096 2004 1220 2060 Filii
1241 2006 1391 2060 nullo
1421 2006 1685 2077 temporis
1708 2004 1997 2060 intervallo

422 2099 700 2167 delinitur,
738 2099 833 2157 sed
868 2105 921 2155 et
953 2106 1080 2154 ante
1111 2098 1341 2162 saecula,
1375 2107 1430 2154 et
1464 2106 1590 2169 post
1636 2098 1858 2154 condita
1893 2112 1997 2153 sae-

419 2193 546 2248 cula
577 2192 919 2248 immensitas
952 2191 1074 2249 vitae
1106 2190 1225 2258 ejus
1260 2191 1622 2261 undequaque
1651 2189 1846 2249 diﬂ'usa
1879 2196 1964 2246 est
1978 2221 1998 2255 <,

427 2282 646 2352 proprie
699 2280 893 2336 aeterni
941 2280 1308 2350 appellatione
1362 2280 1640 2335 adicitur:
1695 2281 1824 2351 quia
1871 2297 2002 2338 vero

424 2372 598 2428 Filius
627 2379 682 2427 et
708 2378 792 2427 est
816 2379 872 2427 et
901 2372 1235 2437 nominatur,
1260 2369 1549 2443 Patrisque
1576 2374 1856 2429 notionem
1883 2375 2004 2445 jun-

425 2465 556 2521 ctim
587 2465 643 2519 in
676 2463 858 2535 seipso
886 2465 1362 2535 contemplandam
1393 2466 1552 2521 oll’ert
1574 2504 1588 2527 ,
1618 2465 1733 2521 fieri
1765 2483 1873 2537 non
1904 2483 2003 2539 po-

426 2563 568 2620 test,
601 2564 661 2610 ut
686 2556 812 2626 quis
839 2555 993 2610 illum
1037 2554 1280 2627 ingenite
1313 2557 1583 2612 exsistere
1607 2556 1830 2623 credat,
1855 2573 2002 2626 eum,

428 2651 686 2720 inquam,
721 2647 816 2719 qui
844 2663 1059 2719 semper
1089 2662 1212 2704 cum
1247 2646 1410 2703 Patre
1461 2657 1580 2715 est,
1631 2660 1682 2704 et
1733 2657 1791 2705 ut
1839 2651 2003 2707 etiam

426 2742 647 2797 divinus
674 2741 767 2797 ille
795 2741 987 2796 doctor
1021 2748 1211 2796 noster
1237 2740 1457 2807 docuit,
1486 2742 1579 2811 qui
1609 2743 1792 2813 genite
1823 2742 2005 2799 Patris

429 2832 840 2893 innascibilitali
867 2833 1070 2896 unitur,
1095 2833 1348 2902 idemque
1369 2834 1437 2887 de
1459 2844 1652 2889 sancto
1678 2834 1883 2904 Spiritu
1913 2834 2007 2890 do-

431 2943 620 2984 cemus
640 2966 655 2992 ,
681 2926 736 2980 in
764 2926 883 2979 solo
909 2925 1101 2979 ordine
1131 2922 1434 2979 diil'erentia
1461 2927 1779 2982 constituta.
1810 2927 2007 2994 Quem-

429 3018 718 3074 admodum
761 3017 907 3072 enim
958 3014 1104 3070 Patri
1164 3014 1338 3071 Filius
1390 3016 1765 3088 conjungitur,
1794 3029 1848 3074 et
1878 3035 2002 3074 cum
2070 3051 2074 3055 ~

2094 693 2239 765 ζωῆς
2265 694 2442 766 ἔχοντι
2469 691 2647 758 τέλοςς
2691 690 2778 754 Ὧς
2809 689 2916 762 γὰρ
2956 689 3019 741 ὲκ
3049 687 3227 759 φωτὸς
3258 685 3397 755 φῶς,
3437 687 3529 739 καὶ
3558 684 3677 757 ζωὴ

2092 786 2157 839 ὲκ
2181 784 2348 855 ζωῆς,
2374 784 2468 837 καὶ
2495 782 2555 847 ἐξ
2573 779 2777 850 ἀγαθοῦ
2804 779 3027 848 ἀγαθὸς.
3053 777 3215 849 σοφός
3242 793 3302 829 τε
3325 777 3419 831 καὶ
3444 776 3673 841 δίκαιος,

2093 878 2187 931 καὶ
2211 874 2456 941 δυνατὸς,
2491 873 2678 927 καὶτὰ
2715 871 2849 929 ἄλλα
2878 871 3055 924 πάντα
3087 867 3370 931 ὡσαύτως,
3406 869 3471 922 ἐκ
3495 866 3677 921 τοιού-

2092 986 2187 1021 του
2221 966 2480 1032 τοιοῦτος,
2512 965 2652 1020 οὕτω
2676 963 2771 1019 καὶ
2800 964 2858 1029 ὲξ
2884 960 3053 1016 ἀϊδίου
3085 961 3300 1023 πάντως
3319 959 3507 1022 ἀΐδιος.

2172 1226 2311 1280 Ἀλλ’
2342 1223 2652 1297 ὑφαρπάζει
2696 1222 2788 1278 τὸν
2832 1223 2991 1292 λόγον
3036 1224 3065 1276 ὁ
3110 1223 3446 1293 ἀντιλογικός
3484 1240 3542 1277 τε
3577 1225 3678 1279 καὶ

2094 1317 2324 1391 φίλερις,
2355 1317 2430 1379 ὡς
2468 1318 2565 1386 τῆς
2595 1314 2914 1377 ἀκολουθίας
2944 1314 3169 1384 ταύτης,
3216 1316 3308 1368 καὶ
3352 1315 3410 1381 ἐξ
3444 1316 3676 1386 ἀγεννή-

2094 1427 2186 1464 του
2221 1407 2511 1478 ἀγέννητον
2559 1405 2894 1460 ὑπονοεῖσθαι
2937 1405 3213 1477 ποιούσης.
3259 1404 3418 1459 Ἀλλὰ
3454 1406 3678 1477 νηψάτω

2094 1504 2160 1573 τῇ
2189 1500 2406 1573 καρδίᾳ,
2438 1500 2531 1552 καὶ
2559 1501 2678 1560 ταῖς
2711 1498 2868 1562 ἰδίαις
2908 1499 3179 1569 ὲπιστήτω
3213 1500 3416 1565 φωναῖς
3443 1498 3473 1548 ὁ
3503 1498 3679 1568 μαχό-

2099 1608 2290 1664 μενοςο
2346 1592 2427 1643 ὅτι
2468 1589 2528 1643 τὸ
2577 1591 2641 1642 ὲκ
2689 1588 2783 1641 τοῦ
2836 1589 3045 1662 Πατρδς
3095 1588 3394 1659 ὁμολογῶν,
3445 1588 3543 1659 τὴν
3581 1588 3679 1642 τοῦ

2095 1683 2385 1754 ἁγεννήτου
2418 1681 2668 1736 ὑπόνοιαν
2692 1681 2783 1733 ἐπὶ
2803 1679 2895 1733 τοῦ
2926 1680 3262 1750 Μονογενοῦς
3283 1680 3679 1750 ἀπεπέμψατοθ

2097 1776 2190 1831 καὶ
2230 1774 2405 1836 οὐδεὶς
2452 1772 2641 1827 ἔπεστι
2673 1772 2982 1840 φόὸος,κα“ι
3025 1773 3196 1826 ἀΐδιον
3237 1773 3424 1836 αὑτὸν,
3454 1776 3548 1826 καί
3577 1773 3682 1826 οὐκ

2097 1868 2387 1938 ἀγέννητον
2428 1866 2626 1936 λέγειν.
2667 1865 2791 1919 Ὅτι
2822 1865 2922 1937 μὲν
2954 1866 3060 1937 γὰρ
3093 1867 3151 1919 οὐ
3193 1866 3520 1937 διαστήματι
3553 1882 3685 1936 χρο-

2097 1960 2233 2032 νικῷ
2258 1959 2352 2013 τοῦ
2383 1958 2512 2012 Υἱοῦ
2553 1957 2614 2012 τὸ
2660 1956 2797 2011 εἶναι
2840 1958 3207 2031 περιορίζεται
3233 1974 3247 1988 ο
3277 1958 3411 2011 ἀλλὰ
3452 1960 3546 2013 καὶ
3573 1959 3684 2028 πρὸ

2098 2051 2207 2105 τῶν
2235 2049 2467 2115 αἰώνων,
2497 2049 2591 2103 καὶ
2630 2049 2767 2121 μετά
2794 2049 3016 2114 τούτους
3052 2049 3112 2101 τὸ
3147 2051 3370 2120 ἄπειρον
3399 2048 3560 2102 αὑτοῦ
3582 2051 3686 2120 τῆς

2101 2140 2247 2211 ζωῆς
2291 2139 2662 2211 ἁπανταχόθεν
2702 2139 3014 2209 ἐκκέχυται,
3043 2138 3246 2210 κυρίως
3287 2141 3352 2210 τῇ
3385 2138 3479 2195 τοῦ
3509 2139 3684 2193 ἀῖδίου

2101 2231 2442 2305 προσηγορίᾳ
2479 2231 2927 2303 κατονομάζεται.
2960 2232 3081 2286 ’Ότι
3126 2229 3182 2283 δὲ
3213 2230 3372 2284 πάλιν
3412 2231 3541 2293 Υἱὸς
3602 2231 3683 2283 ὢν

2102 2325 2197 2379 καὶ
2236 2324 2550 2395 λεγόμενος⁹
2569 2323 2931 2395 συνημμένως
2967 2321 3064 2395 τὴν
3110 2320 3203 2375 τοῦ
3230 2322 3444 2395 Πατρδς
3474 2321 3687 2375 ἔννοιαν

2103 2416 2283 2487 ἑαυτῷ
2315 2414 2732 2489 συνθεωρεῖσθαι
2762 2415 2965 2482 δίδωσι,
2992 2414 3055 2468 τὸ
3088 2414 3396 2486 άγεννήτως
3425 2408 3565 2466 εἶναι
3591 2412 3683 2466 δο-

2104 2511 2220 2563 κείν
2248 2508 2336 2563 διά
2364 2507 2554 2562 τούτου
2603 2506 2964 2577 ἐκπέφευγεν,
2992 2507 3079 2560 ἀεὶ
3128 2505 3303 2560 συνὼν
3331 2504 3409 2576 τῷ
3440 2505 3527 2559 ἀεὶ
3569 2504 3686 2557 ὄντι

2103 2600 2298 2671 Πατρὶ,
2340 2597 2518 2663 καθὼς
2549 2593 2671 2652 εἷπε
2702 2600 2797 2652 καὶ
2826 2598 2860 2670 ἡ
2888 2597 3243 2661 θεόπνευστος
3272 2597 3449 2668 ἐκείνη
3477 2595 3572 2649 τοῦ
3601 2596 3687 2649 δι-

2102 2689 2368 2744 δασκάλου
2398 2688 2555 2761 ἡμῶν
2582 2688 2751 2760 φωνὴ,
2777 2689 2856 2742 ὅτι
2884 2688 3154 2758 γεννητῶς
3179 2691 3243 2759 τῇ
3271 2688 3565 2759 ἁγεννησίᾳ
3592 2689 3687 2742 τοῦ

2103 2777 2318 2849 Πατρὸς
2356 2778 2758 2849 συναπτόμενος
2780 2794 2793 2807 '
2820 2778 2849 2829 ὁ
2874 2777 2930 2831 δὲ
2962 2778 3125 2842 αὐτὸς
3151 2780 3283 2850 ἡμῖν
3308 2779 3402 2833 καὶ
3435 2780 3565 2847 περὶ
3592 2779 3688 2833 τοῦ

2105 2869 2260 2936 ἁγίου
2292 2867 2609 2939 Πνεῦματος
2652 2867 2805 2937 λόγος
2834 2870 2891 2921 ὲν
2934 2870 3069 2943 μόνῃ
3102 2873 3167 2940 τῇ
3196 2870 3348 2936 τάξει
3376 2870 3474 2941 τὴν
3501 2870 3691 2940 διαφο-

2108 2960 2205 3032 ρὰν
2237 2958 2393 3031 ἔχων.
2436 2959 2523 3023 Ὠς
2547 2959 2653 3031 γὰρ
2683 2961 3010 3015 συνάπτεται
3051 2961 3130 3032 τῷ
3154 2963 3329 3032 Harp).
3356 2966 3384 3017 ὁ
3416 2963 3564 3026 Υίδς.
3594 2964 3691 3016 καὶ

2104 3048 2164 3101 τὸ
2196 3048 2255 3113 ἐξ
2277 3047 2440 3102 αὐτοῦ
2465 3044 2602 3103 εἶναι
2630 3048 2790 3121 ἔχων,
2815 3050 2912 3121 οὐχ
2937 3050 3208 3122 ὑστερίζει
3238 3052 3376 3105 κατὰ
3400 3051 3497 3124 τὴν
3525 3053 3691 3125 ῦπαρ-

429 3126 495 3164 ex
526 3110 618 3164 illo
645 3108 908 3178 originem
940 3108 1140 3174 ducat,
1176 3108 1455 3180 ltypostasi
1506 3119 1690 3168 tamen
1727 3117 2002 3183 posterior

2115 3137 2187 3202 Ξιν
2204 3149 2220 3165 ⁸
2238 3138 2380 3192 οὕτω
2401 3139 2563 3193 πάλιν
2584 3140 2677 3193 καὶ
2697 3140 2790 3192 τοῦ
2816 3141 3151 3210 Μονογενοῦς
3177 3140 3357 3212 ἔχεται
3384 3143 3444 3195 τὸ
3465 3142 3693 3213 Πνεῦμα
3718 3176 3731 3196 .

432 3216 540 3255 non
572 3208 691 3265 est,
728 3200 810 3255 sic
839 3200 1005 3256 etiam
1045 3200 1284 3271 Spiritus
1312 3212 1540 3259 sanctus
1582 3205 1650 3260 ad
1698 3205 1897 3262 Filium
1944 3226 2005 3266 se

2115 3200 2167 3285 τὸ
2187 3231 2360 3301 ἅγιον,
2386 3232 2599 3305 ἐπινοίᾳ
2630 3234 2767 3306 μόνῃ
2790 3232 2932 3287 κατὰ
2955 3200 3046 3287 τὸν
3062 3200 3160 3302 τῆξ
3185 3200 3358 3297 αἰτίας
3379 3234 3535 3302 λόγον
3559 3200 3687 3306 προ.

437 3295 626 3362 habet;
660 3308 787 3349 nam
823 3295 877 3350 iu
928 3294 1045 3349 sola
1076 3294 1332 3366 principii
1373 3296 1585 3352 ratione
1616 3297 1790 3355 Filius
1831 3301 2007 3370 prius-

430 3403 594 3459 quam
623 3386 860 3458 Spiritus
887 3390 1060 3443 sancli
1089 3389 1402 3459 bypostasis
1421 3432 1437 3456 ,
1465 3391 1777 3462 concipitur
1820 3411 1835 3449 :
1870 3402 2008 3451 tem-

432 3481 650 3552 porales
678 3487 860 3536 autem
894 3480 1263 3537 dimensiones
1307 3481 1362 3537 in
1398 3482 1490 3537 illa
1537 3498 1699 3541 omne
1741 3488 2003 3544 sarculum

2115 3506 2210 3558 οὐκ
2233 3505 2461 3576 ἔχουσιν.

2109 3321 2484 3395 θεωρουμένου
2515 3326 2614 3396 τῆς
2641 3325 2736 3380 τοῦ
2771 3324 3087 3397 Πνεύματος
3118 3326 3469 3390 ὑποστάσεως
3490 3343 3504 3357 ⁸
3537 3328 3596 3382 ai.
3635 3326 3693 3381 δὲ

2109 3417 2362 3486 χρονικαὶ
2394 3418 2728 3488 παρατάσεις
2752 3420 2843 3474 ὲπὶ
2866 3420 2964 3491 τῆς
2990 3419 3313 3493 προαιωνίου
3341 3418 3487 3489 ζωῆς
3510 3418 3693 3490 χώραν

2472 3507 2630 3561 Ὥστε
2648 3507 2741 3561 τοῦ
2762 3508 2919 3578 λόγου
2936 3510 3032 3581 τῆς
3054 3509 3229 3571 αἰτίας
3253 3508 3497 3581 ὑπεξῃρη
3505 3509 3688 3581 μένου,

438 3580 752 3643 antegressa
799 3574 909 3629 vita
959 3588 1070 3629 non
1117 3573 1507 3630 inveniuntur:
1552 3576 1626 3632 ita
1674 3586 1734 3633 ut
1782 3591 2006 3653 excepta

2115 3597 2173 3648 ὲν
2208 3573 2394 3666 μήδενὶ
2419 3597 2517 3667 τὴν
2542 3596 2703 3665 ἁγίαν
2730 3573 2935 3670 mea:
2964 3573 3098 3670 ττρὸς
3121 3600 3319 3669 ἑαυτὴν
3351 3573 3692 3671 ἁσυιιιρώνως

433 3667 687 3737 principii
725 3667 938 3722 ratione
968 3667 1319 3724 sanctissima
1358 3670 1600 3728 Trinitas
1648 3673 1701 3727 in
1751 3675 2006 3733 omnibus

2115 3685 2284 3756 ἔχειν’
2318 3680 2353 3760 ᾖ
2383 3687 2584 3759 πρέπει
2614 3691 2646 3760 ἠ
2691 3667 2837 3755 δόξα.

434 3757 604 3825 probe
654 3756 759 3813 sibi
813 3764 1120 3814 consonet:
1167 3772 1331 3828 quam
1378 3758 1536 3817 decet
1582 3761 1755 3833 gloria
1799 3769 1854 3818 et
1902 3763 2007 3817 im-

435 3862 666 3918 perium.

444 4065 3686 4111 .___________________________________________

1039 4216 1338 4312 ΚΑΤΑ
1407 4222 1995 4314 ΕΥΝΟΜΙΟΥ
2064 4224 2430 4318 ΛΟΓΟΣ
2510 4230 3095 4325 ΔΕΥΤΕΡΟΣ.

2013 4433 2087 4448 -ο

883 4573 1351 4669 CONTRA
1441 4573 2105 4666 EUNOMIUM
2186 4577 2538 4666 LIBER
2595 4577 3247 4705 SECUNDUS.

1152 4772 1366 4835 interpr.
1402 4770 1506 4821 Nic.
1534 4768 1744 4821 Gulonie
1764 4804 1779 4831 ,
1818 4767 1871 4818 in
1901 4766 2050 4820 Acad.
2077 4766 2187 4821 Par.
2218 4770 2370 4823 (ἔτερ.
2401 4771 2500 4823 litt.
2529 4774 2806 4841 professore
2829 4779 2990 4842 regio.

476 5037 743 5099 CAPITA
777 5033 917 5092 SEU
949 5031 1334 5093 SUHMARIA
1365 5030 1572 5088 LIBRI
1612 5027 1967 5088 SECUNDI.
2055 5031 2100 5086 D

2269 5034 2644 5137 KE'IDAAélA
2690 5039 2828 5092 ΤΟΥ
2850 5040 3230 5097 ΔΕΥΤΕΡΟΥ
3252 5044 3451 5098 ΛΟΙὊ
3464 5044 3523 5097 Υ.

454 5250 502 5302 l.
538 5249 811 5305 Secundus
867 5246 997 5301 liber
1047 5244 1211 5317 divini
1251 5242 1407 5317 Verbi
1449 5240 1875 5317 incarnationem
1899 5277 1914 5302 ,
1968 5252 2006 5290 ei

2132 5254 2201 5301 α’.
2245 5247 2307 5302 '0
2350 5246 2627 5317 δεύτερος
2677 5248 2861 5317 λόγος
2890 5248 3007 5316 τὴν
3052 5248 3361 5317 σάρκωσιν
3401 5248 3509 5303 τοῦ
3557 5245 3711 5303 Θεοῦ

523 5319 779 5373 traditam
818 5336 852 5373 a
885 5317 1110 5372 Domina
1140 5313 1416 5381 discipulis
1447 5312 1604 5382 ﬁdem
1635 5309 1921 5379 explanat;
1974 5316 2025 5360 et

523 5390 818 5455 hwreticos,
850 5390 939 5459 qui
964 5388 1099 5459 hanc
1136 5394 1390 5459 emrmnt,
1424 5393 1473 5437 et
1510 5383 1620 5459 alia
1645 5381 1897 5451 dogmata
1926 5394 2024 5432 cn-

521 5459 677 5526 dunt,
708 5476 771 5513 ea:
799 5453 948 5513 patre
976 5456 1189 5512 diabolo
1221 5472 1334 5511 esse
1365 5453 1615 5510 ostendit.

453 5690 511 5745 Ξ.
552 5687 746 5745 Deinde
773 5687 951 5742 Patris
979 5697 1028 5743 et
1057 5687 1210 5752 Filii,
1249 5696 1297 5741 et
1327 5684 1563 5755 Spiritus
1597 5683 1769 5738 sancti
1814 5679 2028 5735 wterni-

532 5769 692 5828 tatem
714 5758 957 5828 pluribus
980 5760 1228 5827 explicat.

459 5830 515 5887 3.
545 5824 738 5885 Postea
768 5824 1251 5911 ine/Tabile'nomen
1287 5824 1389 5882 SS.
1426 5824 1725 5899 Trinitatis,
1764 5832 1815 5878 et
1841 5836 2024 5890 perso-

2202 5319 2418 5389 Λόγον,
2446 5316 2540 5389 καὶ
2570 5317 2684 5384 τὴν
2695 5316 2978 5389 δοθεῖσαν
3005 5316 3165 5387 παρὰ
3194 5319 3416 5387 Κυρίου
3451 5319 3576 5386 τοῖς
3598 5335 3716 5389 μα-

2202 5386 2407 5454 θηταῖς
2430 5387 2639 5442 πίστιγ
2656 5386 3017 5452 ἐκδιδάσκει,
3046 5386 3140 5443 καὶ
3165 5386 3305 5454 τοὺς
3328 5390 3555 5455 ταύτην
3572 5386 3716 5444 dra-

2201 5458 2529 5535 τρέποντᾳς
2551 5458 2924 5535 uiperae-nim.
2959 5460 3059 5535 imi
3099 5460 3269 5535 ἔτερα
3309 5459 3719 5535 προᾳεπέιπρήο

2202 5529 2733 5652 οἷῑνταὲρνόματα,
2772 5528 2841 5582 ἐκ
2880 5529 2987 5584 τοῦ
3022 5530 3248 5598 πατρὸς
3275 5529 3383 5584 τοῦ
3423 5528 3719 5583 διαϐόλου

2202 5616 2230 5652 ε
2255 5616 2349 5652 ναι
2421 5616 2558 5652 ενει.

2200 5616 2349 5653 ειναι
2379 5616 2558 5653 λεγει.

2131 5651 2389 5741 suum
2420 5651 2756 5741 tipatam
2786 5668 3015 5741 Πατρός
3064 5669 3163 5723 και
3225 5667 3362 5741 Υίοῇ
3388 5668 3490 5741 και
3535 5668 3721 5738 ἀγιου

2200 5736 2543 5809 Πνεύματος
2552 5739 2649 5792 διὰ
2668 5741 2962 5793 πλειόνων
2977 5739 3293 5809 ἑρμηνείαν
3313 5736 3620 5809 διέξξισιφλ.

2132 5818 2203 5881 γ’.
2241 5805 2478 5866 Ἔπειτα
2521 5810 2637 5880 τὴν
2681 5809 2788 5865 τοῦ
2835 5805 3330 5881 ἀκατονομάστου
3381 5805 3494 5879 τῆς
3537 5807 3723 5879 ἁγίας
