4032 6208
441 367 541 429 ιει

1678 372 1733 427 8.
1760 371 2082 428 οιιεσοιιιι
2116 372 2400 429 NYSSENI

3554 382 3655 457 tos

440 481 678 536 nominis
710 481 1071 541 similitudine
1106 484 1285 542 factus
1309 494 1624 557 naturasque
1650 500 1850 546 nostra:
1873 506 1998 562 par-

2105 492 2190 546 καὶ
2224 493 2504 564 μετασχὼν
2548 491 2644 561 τῆς
2691 491 2901 560 φύσεως
2928 492 3082 563 ήμῶν
3129 492 3268 547 κατά
3322 496 3502 551 πάντα
3536 499 3654 553 καθ’

439 573 613 640 ticcps
647 587 744 642 per
774 575 958 629 omnia
990 577 1292 632 secundum
1334 578 1745 634 similitudinem
1790 582 1996 652 absque

442 671 687 731 peccato.
745 663 1055 721 Secundum
1109 676 1288 723 autem
1343 670 1803 737 similitudinem,
1864 677 1994 744 quia

439 769 564 809 cum
596 756 776 811 anima
804 764 858 811 et
888 773 1115 828 corpore
1142 767 1313 814 totum
1343 759 1614 817 hominem
1646 765 1944 834 assumpsit
1982 784 1994 818 :

439 846 517 900 ita
547 854 607 900 ut
640 862 737 918 per
766 857 1056 919 utrumque
1088 851 1245 907 nobis
1275 849 1456 908 factus
1491 852 1564 906 sit
1597 854 1771 909 salus.
1807 853 1907 908 Hie
1941 854 1994 908 in

440 937 604 993 terris
630 938 784 994 visus
815 948 933 1004 est,
963 949 1019 995 et
1067 956 1191 996 eum
1242 941 1552 999 hominibus
1602 952 1994 1010 conversatus,

442 1035 503 1080 ut
530 1042 638 1082 non
670 1028 906 1097 amplius
935 1028 1185 1086 homines
1212 1045 1312 1101 pro
1347 1032 1515 1087 animi
1554 1035 1636 1088 sui
1686 1035 1956 1089 sententia
1979 1073 1994 1099 ,

442 1120 512 1174 de
534 1134 600 1174 eo
629 1118 771 1189 quod
797 1127 879 1175 est
905 1160 920 1186 ,
950 1121 1263 1189 opinentur,
1287 1137 1382 1178 eas
1407 1124 1745 1192 suspiciones
1776 1124 1857 1178 vel
1882 1126 2000 1195 cpi-

443 1209 635 1264 uiones
667 1224 806 1280 quas
835 1225 900 1265 ex
934 1210 1142 1266 levibus
1171 1212 1502 1281 quibusdam
1536 1214 1875 1283 conjecturis
1908 1228 1997 1269 as-

442 1310 769 1372 sequuntur,
804 1318 904 1372 pro
935 1305 1077 1359 veris
1121 1311 1175 1359 et
1223 1303 1396 1358 ﬁrmis
1437 1303 1672 1361 decretis
1709 1305 1996 1360 habentes;

443 1391 549 1448 Sed
580 1394 830 1463 persuasi
876 1394 1019 1464 quod
1062 1410 1188 1449 vere
1228 1394 1368 1450 Deus
1407 1395 1461 1449 in
1501 1409 1667 1450 carne
1709 1395 1995 1465 apparuit,

440 1478 573 1532 illud
606 1479 782 1533 solum
816 1496 1001 1551 verum
1042 1482 1261 1551 pietatis
1302 1484 1619 1552 mysterium
1660 1498 1782 1539 esse
1808 1483 1999 1539 creda-

366 1570 371 1577 ’
442 1587 598 1636 mus,
631 1573 773 1642 quod
805 1587 900 1642 per
929 1572 1104 1643 ipsum
1146 1572 1381 1628 Verbum
1426 1581 1480 1628 et
1531 1572 1697 1629 Deum
1751 1583 1998 1629 nostrum

439 1664 703 1720 traditum
749 1674 865 1729 est,
913 1665 1003 1733 qui
1051 1680 1146 1735 per
1188 1666 1425 1735 seipsum
1479 1666 1743 1729 apostolis
1783 1667 2000 1723 locutus

440 1764 548 1811 est.
579 1755 709 1810 Eam
738 1771 867 1811 vero
896 1771 1017 1827 qua:
1047 1763 1159 1810 tum
1201 1770 1267 1810 ex
1304 1752 1482 1811 Veteri
1516 1755 1802 1826 Scriptura
1825 1796 1839 1821 ,
1882 1762 1997 1811 tum

2099 581 2387 651 ὁμοιότητα
2434 579 2599 650 χωρὶς
2650 579 2941 651 ἁμαρτίας.
2992 579 3124 633 Καθ’
3155 582 3446 653 ὁμοιότητα
3490 584 3545 637 δὲ
3581 587 3657 658 τῷ

2103 670 2237 741 μετά
2265 669 2441 740 ψυχῆς
2470 669 2564 722 καὶ
2592 667 2840 740 σώματος
2877 670 3159 725 ἀναλαϐεῖν
3187 672 3307 725 ὅλον
3333 673 3422 741 τὸν
3450 674 3656 745 ἀνθρω-

2100 774 2227 813 πον·
2263 759 2404 813 ὥστε
2435 759 2500 812 δι’
2526 760 2849 830 ἀμφοτέρων
2892 762 3022 831 ἡμῖν
3065 762 3314 830 γενέσθαι.
3356 763 3456 834 τὴν
3483 780 3659 836 σωτη-

2104 850 2243 921 ρίαν.
2293 844 2461 913 Οὗτος
2484 848 2575 903 ἐπὶ
2600 850 2696 920 τῆς
2743 850 2846 919 γῆς
2871 849 3050 922 ὤφθη,
3089 853 3182 904 καὶ
3217 854 3329 916 τοῖς
3356 853 3660 924 ἀνθρώποις

2103 940 2543 1010 συνανεστράφη·
2588 940 2674 992 ἵνα
2721 940 2915 1010 μηκέτι
2955 940 3004 993 οί
3057 941 3331 1012 ἄνθρωποι
3381 943 3521 997 κατά
3562 944 3661 1007 τὰς

2102 1028 2310 1082 ἑαυτῶν
2336 1027 2558 1099 γνώμας
2590 1032 2718 1101 περὶ
2758 1030 2851 1083 τοῦ
2879 1029 3029 1094 ὄντος
3068 1032 3325 1098 δοξάζωσι
3350 1051 3365 1066 ’
3395 1033 3492 1097 τὰς
3519 1050 3663 1102 γινο-

2107 1121 2271 1190 μένας
2303 1121 2482 1185 αὐτοῖς
2528 1121 2635 1174 ἀπὸ
2665 1124 2984 1192 στοχασμῶν
3010 1141 3169 1177 τινων
3197 1125 3448 1188 ὑπονοίας
3485 1126 3664 1197 δόγμα

2105 1210 2431 1281 ποιούμενοι.
2473 1211 2630 1264 Ἀλλά
2676 1213 2987 1276 πεισθέντες
3020 1214 3102 1266 ὅτι
3126 1214 3338 1284 ἀληθῶς
3368 1215 3496 1279 Θεὸς
3529 1219 3667 1284 ἐφα-

2103 1299 2311 1372 νερώθη
2356 1303 2413 1354 ὲν
2460 1301 2642 1372 σαρκὶ,
2673 1303 2846 1357 έκεῖνο
2883 1304 3040 1373 μόνον
3087 1304 3334 1373 ἀληθινὸν
3379 1308 3478 1375 τῆς
3505 1306 3664 1358 εὐσε-

2104 1390 2256 1456 ϐείας
2290 1394 2586 1464 μυστήριον
2609 1390 2745 1448 εἶναι
2766 1394 3160 1466 πιστεύσωμεν,
3189 1395 3217 1449 6
3240 1396 3307 1449 δι’
3334 1396 3497 1450 αὑτοῦ
3530 1398 3667 1469 ἡμῖν

2102 1481 2198 1538 τοῦ
2237 1484 2408 1551 Λόγου
2437 1485 2531 1537 καὶ
2579 1484 2712 1537 Θεοῦ
2747 1485 3038 1557 παρεδόθη,
3085 1484 3178 1538 τοῦ
3224 1486 3290 1538 δι’
3332 1484 3524 1538 ἑαυτοῦ
3548 1488 3667 1550 τοῖς

2104 1572 2415 1635 ἀποστόλοις
2458 1572 2802 1644 λαλήσαντος.
2834 1575 2946 1646 Τὴν
2995 1574 3051 1628 δὲ
3089 1576 3154 1628 ὲκ
3179 1575 3276 1644 τῆς
3305 1574 3667 1646 ἀρχαιοτέρας

2105 1661 2343 1733 Γραφῆς,
2390 1664 2451 1715 ὲκ
2485 1663 2648 1733 νόμου
2686 1681 2744 1717 τε
2777 1664 2871 1718 καί⁵
2916 1664 3265 1736 προφητείας,
3302 1665 3397 1717 καὶ
3433 1665 3531 1735 τῆς
3559 1682 3672 1717 πα-

2110 1753 2422 1825 ροιμιώδους
2454 1753 2794 1818 διδασκαλίας
2820 1754 3108 1825 γινομένην
3136 1754 3260 1826 περὶ
3292 1753 3391 1823 τῆς
3411 1754 3673 1825 ὑπερκει-

442 1861 509 1899 ex
540 1846 657 1917 lege
685 1855 739 1903 ct
764 1847 1064 1917 prophetiis
1092 1857 1145 1901 et
1175 1846 1503 1917 proverbiali
1534 1847 1825 1919 disciplina
1856 1846 1996 1902 facta

2105 1844 2267 1916 μένης
2318 1844 2531 1913 φύσεως
2556 1845 2919 1910 διδασκαλίαν,
2974 1845 3039 1899 δι’
3082 1845 3343 1914 ἐσόπτρου
3381 1845 3524 1908 τινδς
3568 1847 3672 1899 καὶ

393 1966 401 1970 ι
443 1945 528 1992 est
561 1937 628 1992 de
661 1938 1099 2008 supereminente
1136 1948 1331 1992 natura
1364 1937 1668 1992 doctrinam
1691 1976 1706 2000 ,
1743 1954 1841 2007 per
1875 1954 1999 2009 spe-

441 2028 624 2083 culum
653 2029 926 2098 quoddam
958 2036 1012 2083 et
1036 2028 1261 2098 aenigma
1285 2070 1299 2092 ,
1330 2038 1588 2097 tanquam
1617 2030 1869 2084 revelata?
1899 2044 1998 2085 no-

444 2118 528 2174 bis
576 2119 828 2173 veritatis
879 2120 1252 2174 testimonium
1294 2118 1703 2187 amplectamur,
1747 2118 1836 2187 pie
1877 2134 2000 2174 sen-

443 2207 669 2261 tentiam
706 2223 892 2262 eorum
926 2222 1045 2275 quae
1073 2207 1333 2260 dicuntur
1362 2206 1716 2276 accipientes.
1751 2207 1827 2261 ita
1858 2216 1918 2262 ut
1946 2209 1997 2262 in

446 2295 552 2349 ﬁde
578 2310 700 2364 quae
729 2310 758 2348 a
793 2293 1025 2348 Domino
1056 2296 1438 2350 universorum
1488 2296 1734 2365 exposita
1776 2306 1860 2351 est
1907 2312 2001 2351 ac-

445 2387 832 2454 quiescamus:
871 2400 1033 2456 quam
1069 2386 1123 2440 in
1155 2385 1397 2441 dictione
1426 2400 1617 2455 puram
1650 2387 2003 2441 intentatam-

443 2493 571 2546 que,
600 2476 744 2533 sicut
772 2476 1104 2546 accepimus,
1130 2476 1468 2533 custodimus
1497 2494 1510 2530 :
1535 2486 1701 2547 atque
1724 2478 1777 2532 in
1807 2478 2004 2546 exiguo

442 2569 734 2624 verborum
761 2568 1087 2624 traditarum
1113 2570 1513 2640 perversionem
1559 2577 1615 2624 et
1655 2570 2003 2639 depravatio-

443 2675 566 2713 nem
588 2698 602 2722 ,
632 2667 929 2714 extremam
951 2658 1267 2730 judicamus
1310 2660 1700 2731 blasphemiam
1735 2670 1787 2714 et
1814 2660 2003 2728 impie-

443 2759 633 2806 tatem.
663 2749 951 2805 Credimus
983 2750 1150 2821 igitur
1179 2750 1635 2820 quemadmodum
1677 2751 1791 2805 suis
1835 2750 2004 2805 disci—

444 2841 588 2909 pulis
621 2841 884 2896 Dominus
914 2839 1076 2894 ﬁdem
1105 2839 1359 2909 exposuit
1384 2839 1467 2896 sic
1501 2840 1715 2894 locutus
1745 2858 1758 2894 :
1808 2838 2002 2893 Euntes

441 2932 618 2986 docete
671 2946 846 2984 omnes
900 2940 1112 2997 gentes,
1168 2927 1490 2997 baptizantes
1546 2944 1634 2982 eos
1694 2928 1749 2981 in
1796 2931 2001 2982 nomine

445 3023 623 3075 Patris
648 3061 661 3083 ,
697 3033 744 3074 et
778 3019 909 3073 Filii
938 3029 987 3073 et
1018 3019 1247 3086 Spiritus
1297 3019 1487 3073 sancti.
1543 3018 1642 3074 llic
1689 3029 1774 3075 est
1822 3035 2003 3075 sermo

445 3109 690 3180 mysterii
711 3149 726 3171 ,
763 3109 817 3162 in
844 3123 954 3178 quo
985 3122 1080 3176 per
1109 3122 1399 3177 supernam
1440 3106 1848 3176 generationem
1896 3124 2000 3163 no-

2098 1935 2412 2005 αἰνίγματος
2439 1935 2514 1998 ὼς
2547 1937 2849 2008 μαρτυρίαν
2888 1937 2986 2007 τῆς
3030 1934 3499 2006 ἀποκαλυφθείσης
3534 1936 3673 2005 ἡμῖν

2097 2027 2352 2098 ἀληθείας
2398 2027 2699 2098 δεχώμεθα,
2734 2029 2968 2093 εὐσεϐῶς
3007 2029 3104 2099 τὴν
3147 2029 3383 2082 διάνοιαν
3423 2028 3530 2081 τῶν
3564 2030 3673 2099 ρη-

2097 2116 2206 2169 τῶν
2248 2116 2673 2186 ἐκλαμϐάνοντες
2695 2133 2710 2147 ο
2738 2116 2812 2180 ὡς
2834 2120 3137 2188 συμφωνεῖν
3164 2119 3230 2188 τῇ
3273 2117 3422 2187 παρὰ
3446 2116 3540 2169 τοῦ
3566 2119 3672 2169 Δε-

2101 2207 2297 2260 σπότου
2331 2206 2438 2259 τῶν
2487 2206 2623 2261 ὅλων
2670 2206 2950 2277 ὲκτεθείσῃ
2991 2205 3201 2258 πίστει·
3230 2209 3294 2277 ἢν
3337 2207 3429 2259 ἐπὶ
3469 2205 3674 2271 λέξεως

2100 2294 2347 2369 καθαρὰν
2369 2300 2462 2351 καὶ
2490 2297 2952 2371 ἀπαρεγχείρητον
2985 2297 3346 2367 φυλάσσομεν,
3386 2296 3462 2360 ὡς
3522 2314 3674 2367 παρ-

2103 2390 2389 2459 ελάϐομενσ
2408 2390 2498 2443 καὶ
2522 2389 2619 2460 τὴν
2649 2391 2704 2442 ὲν
2725 2389 2886 2459 ὀλίγῳ
2915 2389 3268 2460 παρατροπὴν
3287 2388 3394 2441 τῶν
3427 2388 3672 2458 παραδο-

2101 2480 2299 2534 θέντων
2351 2481 2607 2552 ῥημάτων
2649 2480 2881 2550 ἐσχάτην
2911 2479 3184 2549 κρίνοντες
3231 2479 3575 2549 βλασφημίαν
3610 2494 3676 2531 τε

2101 2571 2193 2624 καὶ
2217 2570 2488 2625 ἀσέϐειαν.
2516 2570 2847 2639 Πιστεύομεν
2871 2567 2962 2623 οὖν
2991 2569 3172 2633 καθὼς
3198 2569 3409 2633 ἐξέθετο
3426 2571 3538 2631 τοῖς
3572 2585 3678 2638 μα-

2101 2662 2286 2732 θηταῖς
2317 2661 2414 2732 tri-5v
2469 2660 2647 2714 πίστιν
2693 2661 2722 2713 6
2755 2660 2957 2731 Κύριος
3000 2661 3029 2713 6
3086 2659 3276 2724 εἰπὼν,
3322 2660 3402 2712 ὅτι
3446 2662 3676 2725 Πορευ-

2100 2754 2304 2819 θέντες
2348 2753 2761 2823 μαθητεύσατε
2802 2752 2996 2806 πάντα
3036 2752 3109 2805 τὰ
3152 2752 3324 2817 ἔθνη.
3352 2748 3679 2814 ,βαπτίζω-ο

2100 2861 2199 2911 τες
2219 2843 2436 2909 αὐτοὺς
2460 2845 2546 2910 είς
2565 2843 2630 2896 τὸ
2663 2843 2845 2912 ὄνομα
2877 2842 2981 2896 τοῦ
3014 2843 3238 2911 Πατρές
3267 2842 3361 2896 καί
3395 2840 3500 2894 τοῦ
3531 2841 3675 2911 Γλοῦ

2100 2933 2199 2988 καί
2226 2932 2330 2987 τοῦ
2359 2933 2530 3002 ἁγίου
2558 2933 2918 3001 Πνεύματος.
2955 2924 3122 2995 Οὗτός
3155 2934 3299 2984 ἐστιν
3330 2933 3358 2983 6
3387 2931 3541 2998 λόγος
3572 2929 3675 2983 τοῦ

2104 3024 2422 3095 μυστηρίου,
2473 3025 2531 3077 ὲν
2559 3016 2603 3092 ᾧ
2639 3023 2727 3101 διὰ
2766 3023 2864 3092 τῆς
2905 3022 3108 3077 ἄνωθεν
3156 3023 3458 3092 γεννήσεως
3510 3038 3681 3090 μετα-

2104 3115 2421 3179 σκευάζεται
2479 3114 2632 3184 ἡμῶν
2686 3114 2720 3183 ή
2754 3113 2912 3182 φύσις
2949 3112 3056 3165 ἀπὸ
3102 3110 3196 3165 τοῦ
3240 3110 3475 3183 φθαρτοῦ
3536 3111 3681 3180 πρὸς

442 3207 557 3255 stra
586 3204 779 3252 natura
811 3198 864 3252 in
905 3199 1099 3252 melius
1132 3197 1578 3262 transformatur,
1628 3197 1757 3253 dum
1803 3213 1834 3252 a
1875 3214 2001 3254 cor—

2105 3204 2164 3259 τὸ
2208 3203 2504 3272 ἄφθαρτονο
2563 3206 2627 3256 ὲκ
2675 3203 2767 3257 τοῦ
2822 3203 3046 3258 παλαιοῦ
3102 3202 3385 3273 ἀνθρώπου
3445 3203 3683 3255 ἀνακαι-

446 3290 688 3360 ruptibili
717 3289 783 3344 ad
812 3289 1246 3358 incorruptibile,
1275 3303 1341 3343 ex
1371 3296 1550 3344 vetere
1581 3288 1802 3344 homine
1834 3304 1999 3345 reno-

2105 3292 2371 3371 νιξομένη
2390 3294 2508 3347 κατ’
2537 3294 2716 3347 εἰκόνα
2737 3294 2828 3346 τοῦ
2854 3296 3131 3353 κτίσαντος
3164 3294 3220 3346 ἐν
3246 3295 3386 3363 ἀρχῇ
3420 3292 3480 3345 τὸ
3514 3291 3689 3345 θεοειο

446 3391 625 3443 vatur,
672 3380 971 3436 secundum
1021 3379 1311 3450 imaginem
1342 3379 1462 3448 ejus
1490 3380 1581 3448 qui
1622 3379 1674 3436 in
1724 3380 2000 3450 principio

2105 3384 2192 3446 δὲς
2224 3385 2490 3454 ὁμοίωμα.
2518 3383 2734 3454 Ταύτης
2782 3381 2874 3439 οὖν
2903 3385 3052 3456 παρά
3089 3382 3185 3438 τοῦ
3216 3384 3348 3436 Θεοῦ
3387 3386 3501 3445 τοῖς
3541 3383 3686 3436 ἀπο-

444 3472 685 3526 divinam
716 3468 1126 3526 similitudinem
1155 3467 1379 3522 creavit.
1424 3467 1596 3537 llujus
1624 3469 1803 3537 itaque
1831 3484 1860 3522 a
1894 3469 2002 3524 Deo

2107 3475 2310 3537 στόλοις
2342 3474 2737 3546 παραδοθείσης
2778 3476 2877 3546 τῆς
2911 3477 3164 3542 πίστεως,
3198 3474 3320 3528 οὔτε
3362 3474 3680 3545 ὑφαίρεσιν,

446 3557 704 3631 apostolis
750 3558 963 3614 tradita:
996 3558 1116 3613 ﬁdei
1150 3573 1329 3628 neque
1355 3559 1783 3615 subtractionem
1828 3576 2002 3629 neque

2106 3565 2229 3619 οὔτε
2257 3566 2626 3637 παραλλαγὴν,
2653 3567 2775 3621 οὔτε
2804 3567 3117 3639 προσθήκην
3134 3566 3459 3635 ποιούμεθαο
3487 3567 3685 3636 σαφῶς

446 3650 881 3705 immutationem
945 3649 1061 3703 sive
1117 3651 1560 3719 perversionem,
1613 3667 1792 3722 neque
1853 3652 2002 3707 addi-

2105 3658 2301 3721 εἰδότες
2331 3658 2410 3710 ὅτι
2435 3660 2463 3711 6
2488 3657 2700 3728 τολμῶν
2720 3660 2818 3728 τὴν
2847 3658 2994 3712 θείαν
3023 3658 3203 3727 φωνὴν
3226 3656 3314 3711 διὰ
3344 3659 3687 3727 κακουργίας

445 3743 649 3798 tionem
680 3741 949 3797 iacimus:
997 3748 1184 3812 aperte
1235 3741 1472 3801 scientes
1524 3757 1647 3796 eum
1695 3743 1786 3812 qui
1845 3744 2002 3798 audet

2105 3748 2422 3817 σοφιστικῆς
2463 3750 2854 3820 παρατρέπειν,
2907 3740 3061 3810 οὗτος
3091 3749 3154 3800 ὲκ
3195 3745 3288 3800 τοῦ
3338 3747 3542 3817 πατρὸς
3582 3749 3687 3802 τοῦ

446 3847 630 3889 vocem
660 3832 899 3886 divinam
942 3831 1213 3886 calumnia
1257 3830 1492 3901 quadam
1519 3838 1574 3887 et
1606 3832 1882 3888 malitiosa
1928 3833 2010 3887 in-

446 3924 835 3995 terpretatione
878 3932 1218 3994 pervertere,
1266 3937 1329 3976 ex
1379 3930 1532 3992 patre
1575 3922 1795 3978 diabolo
1846 3938 2007 3978 esse:

447 4021 637 4083 utpote
663 4013 755 4082 qui
787 4011 1010 4067 omissis
1036 4010 1282 4066 veritatis
1309 4009 1490 4065 verbis
1511 4051 1525 4076 ,
1554 4025 1618 4065 ex
1652 4011 1892 4082 propriis
1921 4013 2005 4068 lo-

443 4106 653 4175 quitur,
676 4113 827 4175 pater
852 4102 1120 4158 mendacii
1144 4100 1344 4158 factus.
1371 4100 1506 4156 Nam
1527 4102 1790 4172 quidquid
1812 4114 2008 4174 prater

2103 3838 2345 3891 διαϐόλου
2381 3839 2555 3893 ἐστίν·
2595 3840 2656 3903 ὃς
2687 3840 2845 3910 ἀφεὶς
2882 3839 2978 3909 τῆς
3025 3836 3279 3908 ἀληθείας
3329 3836 3400 3892 τά
3434 3838 3686 3908 ῥήματα,

2106 3933 2170 3985 ἐκ
2198 3931 2304 3985 τῶν
2344 3931 2485 3986 ἰδίων
2524 3932 2693 3995 λαλεῖ,
2730 3931 2908 4001 πατὴρ
2945 3928 3171 3998 ψεύδους
3214 3927 3513 3997 γινόμενος.
3562 3929 3690 3980 Πᾶν

2109 4019 2217 4090 γὰρ
2257 4020 2319 4073 τὸ
2361 4020 2514 4092 παρά
2539 4020 2638 4092 τὴν
2679 4019 2934 4092 ἀλήθειαν
2976 4017 3283 4089 λεγόμενον,
3317 4013 3508 4085 ψεῦδός
3559 4017 3690 4070 ἐστι

2113 4109 2330 4171 πάντως
2358 4111 2453 4164 καὶ
2480 4110 2579 4163 οὐκ
2612 4109 2828 4180 ἀληθές.

445 4202 726 4258 veritatem
791 4199 1012 4261 dicitur,
1079 4212 1288 4253 merum
1354 4205 1437 4253 est
1511 4213 1737 4267 prorsus
1781 4200 2159 4268 mendacium,
2192 4212 2245 4258 et
2275 4220 2383 4259 non
2419 4206 2641 4259 veritas.

516 4295 785 4362 Quoniam
826 4293 991 4363 igitur
1037 4292 1141 4346 hoc
1175 4293 1454 4348 decretum
1500 4292 1568 4347 ab
1606 4294 1721 4363 ipsa
1769 4295 2006 4351 Veritate

446 4386 740 4457 exponitur
766 4401 782 4438 :
813 4384 859 4439 si
888 4382 1018 4452 quid
1052 4396 1334 4450 perperam
1378 4382 1539 4450 hujus
1578 4382 1732 4438 vocis
1758 4393 2003 4440 contem-

2194 4300 2344 4352 Ἐπεὶ
2368 4294 2460 4352 οὖν
2490 4300 2551 4352 τὸ
2596 4299 2769 4369 δόγμα
2814 4296 2971 4350 τοῦτο
3016 4294 3144 4366 παρ’
3187 4295 3355 4365 αὐτῆς
3402 4290 3691 4348 ἐκτίθεται

2109 4392 2208 4462 τῆς
2239 4390 2525 4461 ἀληθείας·
2558 4388 2612 4442 εί
2637 4406 2688 4442 τι
2721 4385 3134 4460 παρεπινοοῦσιν
3165 4386 3256 4438 ἐπὶ
3293 4383 3545 4454 ἀθετήσει
3574 4385 3693 4456 τῆς

448 4488 542 4547 ptu
570 4474 1064 4531 comminiscuntur
1104 4472 1459 4542 maliguarum
1498 4473 1767 4529 hazresum
1816 4476 2002 4532 inven-

2110 4460 2256 4544 θείας
2282 4460 2485 4549 ταύτης
2509 4479 2689 4549 φωνῆς
2742 4479 2793 4531 οί
2817 4478 2921 4530 τῶν
2953 4474 3199 4547 πονηρῶν
3227 4474 3486 4546 αἱρέσεων
3509 4475 3686 4545 εὑρε-

451 4582 619 4635 tores,
647 4568 724 4623 ita
744 4575 805 4624 ut
832 4569 956 4623 loco
983 4566 1163 4620 Patris
1196 4571 1496 4620 creatorem
1522 4574 1574 4620 et
1598 4564 1845 4633 opilicem
1880 4562 2005 4618 Filii

451 4658 736 4714 nominent
762 4676 777 4712 :
809 4665 973 4726 atque
1010 4654 1128 4709 Filii
1161 4655 1282 4709 loco
1309 4652 1584 4723 Opiﬁcium
1617 4661 1671 4707 et
1701 4660 2008 4708 creaturam

449 4753 501 4797 et
527 4743 658 4814 quid
694 4742 963 4797 tactitium
997 4740 1206 4811 ﬁngant
1232 4757 1245 4793 :
1277 4754 1378 4810 pro
1403 4747 1597 4794 sancto
1629 4739 1832 4809 Spiritu
1861 4756 2013 4795 crea-

450 4842 631 4888 turam
667 4841 953 4895 creaturae,
980 4840 1036 4887 et
1065 4846 1203 4902 opus
1223 4831 1431 4902 operis,
1455 4838 1510 4885 et
1530 4845 1867 4900 quaecunque
1901 4829 2012 4885 Deo

452 4923 749 4980 rebellibus
788 4935 851 4975 ac
897 4918 1315 4975 contumacibus
1362 4918 1429 4975 de
1477 4920 1597 4989 ipso
1636 4919 1807 4989 placet
1846 4928 2011 4975 autu-

452 5028 641 5068 mare:
681 5011 798 5067 haec
838 5011 1023 5066 omnia
1076 5025 1197 5079 quas
1231 5020 1360 5066 sunt
1414 5010 1703 5080 ejusmodi,
1761 5012 2012 5065 revelata:

452 5104 614 5160 nobis
661 5103 715 5157 in
746 5102 850 5158 hoc
897 5100 1149 5172 dogmate
1169 5100 1477 5158 divinitatis
1505 5101 1914 5171 abnegatinnem
1957 5109 2011 5155 et

452 5194 952 5266 transgressionem
978 5192 1346 5249 nominamus.
1370 5191 1546 5249 Semel
1567 5191 1710 5246 enim
1732 5206 1761 5246 a
1781 5190 2009 5245 Domino

452 5284 767 5348 didicimus,
810 5284 878 5340 ad
906 5284 1051 5354 quod
1082 5298 1182 5339 uos
1218 5283 1544 5351 cogitatione
1585 5292 1639 5337 et
1677 5289 1857 5337 mente
1888 5295 2010 5350 per-

454 5375 667 5444 spicere
689 5383 942 5445 oportet:
982 5390 1077 5444 per
1107 5374 1251 5444 quod
1283 5390 1312 5428 a
1350 5373 1561 5430 mortali
1598 5374 1661 5427 ad
1703 5371 2008 5427 immortale

455 5473 659 5521 nostra:
684 5472 890 5519 natura:
909 5465 967 5519 ﬁt
1000 5464 1428 5528 trausformatio,
1458 5465 1561 5517 hoc
1592 5472 1769 5518 autem
1796 5470 1880 5516 est
1904 5460 2009 5514 Pa-

454 5564 555 5611 ter,
594 5550 787 5617 Filius,
832 5563 886 5606 ct
921 5554 1160 5622 Spiritus
1199 5562 1442 5609 sanctus.
1481 5553 1842 5617 Quamobrem
1879 5552 2006 5604 hor-

457 5644 614 5697 t‘ibile
644 5652 698 5697 et
728 5643 948 5698 exitiale
974 5658 1095 5698 esse
1131 5659 1515 5699 asseveramus
1544 5660 1665 5698 cum
1701 5644 1799 5696 has
1837 5656 2001 5696 voces

454 5731 666 5786 divinas
699 5730 929 5801 maligne
957 5740 1014 5788 ct
1047 5748 1329 5802 perperam
1356 5741 1687 5803 pervertere,
1727 5740 1838 5784 tum
1867 5730 2000 5785 alias

2114 4563 2202 4619 ταί
2225 4581 2239 4595 ο
2276 4562 2352 4625 ὠς
2374 4563 2494 4616 ἀντὶ
2524 4562 2622 4631 μὲν
2646 4560 2738 4615 τοῦ
2770 4562 2980 4631 Πατρὸς
3008 4562 3229 4633 κτίστην
3261 4562 3422 4616 αὐτὸν
3463 4564 3558 4616 καὶ
3584 4564 3689 4635 δη.

2117 4648 2371 4721 μιουργδν
2399 4647 2493 4701 τοῦ
2518 4647 2649 4701 Υίοῦ
2672 4647 2955 4717 ὀνομάζειν
2977 4665 2990 4678 ·
3015 4649 3135 4701 ἀντὶ
3150 4649 3205 4702 δὲ
3232 4648 3326 4702 τοῦ
3357 4650 3486 4702 Υίοῦ
3508 4651 3683 4723 ἔργαν

2112 4740 2207 4793 καὶ⁸
2236 4739 2440 4809 κτίσμα
2470 4738 2565 4792 καὶ
2597 4736 2838 4808 ποίημα’
2868 4738 2988 4792 ἀντὶ
3014 4738 3070 4791 δὲ
3091 4737 3184 4791 τοῦ
3215 4739 3371 4807 ἁγίου
3413 4740 3683 4811 Πνεύμα-

2111 4845 2221 4894 τος,
2250 4828 2451 4899 κτίσμα
2483 4827 2793 4896 κτίσματος,
2820 4827 2913 4879 καὶ
2944 4826 3105 4896 ἔργον
3134 4825 3295 4898 ἔργου
3320 4838 3335 4853 ⁸
3361 4829 3456 4882 καὶ
3489 4830 3686 4882 πάντα

2111 4918 2210 4970 ὅσα
2239 4918 2351 4981 τοῖς
2380 4916 2665 4987 θεομάχοις
2692 4914 2821 4986 περί⁷
2842 4914 3007 4968 αὐτοῦ
3030 4915 3358 4984 λέγεινδοκεῖ
3378 4917 3578 4972 ’πάντα
3601 4919 3687 4972 τὰ

2110 5007 2330 5062 τοιαῦτα
2383 5007 2607 5076 ἄρνησιν
2642 5006 2740 5077 τῆς
2791 5006 3259 5078 ἀποκαλυφθείσης
3313 5009 3441 5078 ἡμῖν
3490 5010 3547 5062 ἐν
3587 5010 3687 5080 τῷ

2109 5098 2337 5168 δόγματι
2367 5096 2538 5167 τούτῳ
2570 5095 2838 5163 θεότητος,
2864 5097 2955 5149 καὶ
2980 5096 3287 5167 παράϐασιν
3306 5098 3682 5167 ὀνομάζομεν.

2108 5188 2291 5253 ’Δπαξ
2326 5188 2433 5258 γὰρ
2470 5186 2863 5258 μεμαθήκαμεν
2889 5184 3036 5258 παρά
3076 5187 3167 5240 τοῦ
3186 5168 3430 5258 Ίίυρίου,
3475 5189 3614 5259 πρὸς
3651 5190 3691 5242 ὃ

2112 5278 2328 5348 βλέπειν
2366 5276 2471 5350 χρὴ
2508 5279 2575 5348 τῇ
2619 5276 2863 5348 διανοίᾳο
2907 5277 2975 5332 δι’
3018 5270 3079 5331 οὗ
3121 5277 3327 5344 γίνεται
3363 5279 3396 5348 ἡ
3438 5278 3543 5330 ἀπὸ
3569 5276 3684 5329 τοῦ

2111 5369 2305 5440 θνητοῦ
2352 5369 2489 5440 πρὸς
2530 5369 2592 5422 τὸ
2618 5369 2881 5425 ἀθάνατον
2909 5370 3015 5439 τῆς
3053 5369 3264 5437 φύσεως
3287 5371 3320 5440 ή
3331 5370 3447 5440 μῶν
3505 5386 3657 5440 μετα
3677 5402 3691 5409 -

2112 5461 2443 5532 στοιχείωσις
2463 5479 2476 5492 ·
2512 5461 2671 5515 τοῦτο
2697 5460 2754 5514 δέ
2777 5462 2922 5513 ἐστιν
2959 5463 2988 5514 6
3018 5460 3207 5529 Πατὴρ
3235 5459 3329 5512 καὶ
3359 5461 3386 5512 ὁ
3410 5458 3537 5517 Υἱὸς
3570 5458 3690 5510 καὶ

2107 5550 2169 5603 τὸ
2193 5551 2344 5618 ἂγιον
2374 5548 2597 5618 Πνεῦμα
2615 5566 2629 5579 ·
2664 5549 2894 5619 φοϐερὸν
2933 5544 3026 5602 οὖν
3055 5544 3194 5601 εἷναί
3224 5564 3401 5617 φαμεν
3428 5549 3523 5600 καὶ
3544 5543 3687 5599 ὀλέ-

2109 5640 2259 5711 θριον
2284 5638 2754 5708 παραλογίσασθαι
2784 5638 2881 5707 μὲν
2906 5638 3003 5701 τὰς
3034 5637 3188 5699 θείας
3217 5636 3418 5699 ταύτας
3445 5631 3635 5703 φωνάς
3662 5650 3681 5666 ·

2107 5730 2438 5783 ἀντεπινοεῖν
2475 5728 2528 5780 δὲ
2558 5729 2653 5789 τὰς
2677 5729 2768 5780 ἐπὶ
2794 5728 3045 5797 ἁθετήσει
3072 5728 3274 5782 τούτων
3303 5739 3685 5806 παρευρισκο-
