4032 6208
283 345 388 405 460

1433 322 1708 407 co'urnA
1748 354 2141 424 EUNOMlUM,
2179 357 2305 414 un.
2347 318 2413 412 ιιξ

3434 364 3546 418 κιτι)

289 464 460 534 μένας
486 481 499 494 ’
538 461 683 515 ὥσπτ
694 480 728 534 ρ
762 464 1241 536 ἐπιδιορθουμὲνας
1273 466 1364 520 τὸν
1404 468 1535 522 Θεὸν
1554 468 1745 538 Λόγον,
1766 472 1856 526 τὸν

1963 473 2070 528 illis
2097 477 2321 530 omnino
2344 476 2651 532 contrarias
2685 480 3029 551 excogitare,
3061 495 3183 550 qua:
3216 480 3283 536 ad
3318 497 3411 537 eas
3449 481 3536 535 in-

285 553 724 623 νομοθετήσαντα
769 555 970 618 ταύτας
995 554 1092 619 τὰς
1137 556 1320 625 φωνάς
1351 559 1481 628 ἡμῖν
1517 559 1610 611 ἐπὶ
1648 560 1745 629 τῆς
1773 560 1861 612 πί-

288 662 456 707 στεως
480 644 647 716 ἔχειν.
688 643 930 716 Ἐκάστη
968 647 1076 718 γὰρ
1117 647 1223 702 τῶν
1261 649 1505 720 κλήσεων
1533 650 1736 705 τούτων
1773 651 1860 705 διὰ

286 737 383 806 τῆς
418 736 730 808 προσφυοῦς
764 738 1041 809 σημασίας
1071 742 1355 811 νοουμένη,
1382 741 1562 795 κανὼν
1583 743 1857 813 ἀληθείας,

288 826 378 879 καὶ
401 826 567 897 νόμος
587 828 871 893 εὐσεὸείας
892 833 1004 893 τοῖς
1025 831 1365 904 Χριστιανοῖς
1390 834 1615 902 γίνεται.
1644 836 1860 891 Πολλῶν

286 917 392 989 γὰρ
417 916 590 971 δντων
623 919 719 972 καὶ
760 919 935 974 ἄλλων
966 921 1264 993 ὀνομάτων,
1299 920 1381 988 οἷς
1417 924 1477 979 τὸ
1493 926 1649 982 Θεῖον
1672 927 1861 999 διαση-

287 1010 561 1080 μαίνεται,
609 1011 669 1063 ὲν
715 1011 928 1084 ἱστορίᾳ
957 1030 1016 1065 τε
1051 1015 1144 1067 καὶ
1181 1014 1505 1095 προφητείᾳ,
1538 1015 1631 1067 καί
1676 1015 1856 1088 νόμῳ·

285 1103 463 1157 πάντα
497 1100 811 1156 καταλιπὼν
836 1104 864 1156 ό
894 1103 1168 1174 Δεσπότης
1198 1102 1450 1176 Χριστὸς,
1479 1107 1624 1176 ἡμᾶς
1654 1107 1861 1177 προσά.

284 1193 474 1264 γεσθαι
505 1194 804 1264 δυνάμενος
843 1196 911 1265 τῇ
942 1194 1069 1266 περὶ
1108 1194 1202 1248 τοῦ
1246 1195 1396 1259 ὄντος
1430 1197 1631 1262 πίστει,
1659 1197 1859 1262 ταύτας

282 1287 381 1349 τὰς
403 1286 590 1356 φωνᾶς
614 1285 974 1357 παρατίθεται
993 1304 1006 1316 ’
1037 1287 1225 1357 ἀρκεῖν
1255 1287 1667 1358 ἀποφηνάμενος
1693 1307 1863 1361 παρα-

285 1379 469 1449 μένειν
500 1379 647 1448 ἡμᾶς
667 1380 733 1449 τῇ
755 1377 847 1430 τοῦ
882 1378 1095 1448 Πατρός
1130 1393 1190 1430 τε
1223 1378 1315 1431 καὶ
1344 1378 1438 1430 τοῦ
1464 1378 1615 1443 Υἰοῦ,
1647 1380 1740 1432 καὶ
1766 1380 1857 1433 τοῦ

283 1470 438 1537 ἁγίου
472 1468 788 1540 Πνεύματος
826 1469 1036 1540 κλήσει,
1080 1470 1158 1533 είς
1201 1470 1526 1540 κατανόησιν
1562 1470 1654 1523 τοῦ
1693 1470 1860 1535 ὅντως

281 1560 466 1623 εντοςο
502 1560 641 1631 ὅπερ
675 1558 769 1612 καὶ
799 1558 858 1611 ἓν
911 1559 1028 1611 ἐστι
1062 1559 1155 1611 καὶ
1204 1558 1302 1628 οὐχ
1355 1557 1435 1613 ἓν.
1491 1557 1580 1628 Τῷ
1624 1558 1721 1628 μὲν
1755 1558 1860 1628 γάρ

242 1646 255 1697 ί
281 1652 422 1723 λόγῳ
453 1652 555 1721 τῆς
593 1649 779 1716 οὐσίας
814 1650 873 1704 ἓν
905 1651 1022 1703 ἐστι
1048 1666 1061 1681 ο
1092 1650 1172 1704 διὸ
1214 1651 1310 1704 καὶ
1340 1650 1420 1713 είς
1452 1648 1510 1702 ἓν
1542 1650 1713 1721 ὄνομα
1740 1648 1860 1721 eis.

280 1758 402 1795 πειν
434 1740 466 1792 ὁ
496 1739 775 1808 Δεσπότης
820 1737 1207 1809 ἐνομοθέτησεο
1244 1740 1356 1803 τοῖς
1384 1738 1442 1792 δὲ
1484 1741 1859 1809 γνωριστικοῖς

276 1833 386 1885 τῶν
412 1830 769 1884 ὑποστάσεων
811 1828 1110 1899 ίδιώμασιν,
1150 1830 1230 1892 είς
1258 1828 1470 1901 Πατρός
1499 1846 1559 1882 τε
1599 1830 1692 1883 καὶ
1722 1829 1851 1883 Υίοῦ
1885 1818 1933 1872 Β

276 1924 371 1977 ui.
390 1922 555 1990 ἁγίου
578 1919 888 1992 Πνεύματος
907 1920 1089 1973 πίστιν
1121 1920 1401 1992 διῄρηται·
1432 1920 1765 1984 ἀδιαστάτως
1798 1938 1856 1974 τε

276 2014 635 2086 μεριζόμενον
650 2014 745 2067 καὶ
755 2011 963 2083 ἀσυγχύ
970 2031 1072 2076 τως
1084 2012 1202 2066 ἐνού
1212 2030 1369 2084 μενον
1376 2014 1566 2076 ,Ὅταν
1579 2015 1649 2082 γά
1657 2031 1686 2085 ρ
1702 2013 1861 2067 ἀκού-

273 2124 462 2177 σωμεν
496 2104 739 2175 Πατέρα,
762 2103 965 2174 ταύτην
994 2103 1443 2176 ἀναλαμϐάνομεν
1472 2104 1571 2175 τὴν
1596 2104 1854 2167 διάνοιαν,

268 2200 351 2253 ὅτι
372 2198 438 2251 τὸ
456 2198 631 2267 ὄνομα
650 2195 830 2258 τοῦτο,
854 2196 948 2249 οὐκ
968 2197 1051 2265 ἐφ’
1075 2194 1267 2249 ἑαυτοῦ
1288 2198 1488 2249 νοεῖται
1521 2196 1697 2267 μόνον,
1720 2195 1857 2250 ἀλλὰ

269 2291 363 2344 καὶ
396 2290 503 2360 τὴν
526 2288 663 2361 πρὸς
681 2288 773 2341 τὸν
806 2288 934 2341 Υίὸν
964 2270 1147 2357 σὶέσιν
1177 2286 1264 2340 διὰ
1287 2287 1385 2358 τῆς
1407 2287 1541 2352 ίδίας
1568 2286 1856 2358 ἐμφάσεως

268 2372 666 2451 ἀποσημαίνει.
715 2380 791 2433 Οὐ
838 2378 946 2449 γάρ
976 2376 1042 2432 ἀν
1094 2377 1285 2448 Πατὴρ
1326 2377 1728 2449 κεχωρισμένος
1768 2377 1855 2447 ἐφ’

269 2471 471 2527 ἑαυτοῦ
522 2469 767 2544 νοηθείη,
807 2466 1060 2544 μὴλΥίοῦ
1102 2465 1445 2539 συνημμένου
1484 2466 1572 2520 διὰ
1612 2467 1712 2537 τῆς
1758 2467 1853 2520 τοῦ

270 2564 489 2636 Harpe;
518 2541 909 2635 ἐκιρωνήσεωςί
934 2559 1153 2631 Πατέρα
1181 2554 1274 2613 οὖν
1304 2557 1587 2630 μαθόντες,
1628 2561 1696 2632 τῇ
1717 2559 1852 2631 αὐτῇ

270 2658 424 2726 φωνῇ
461 2654 563 2708 καὶ
606 2654 706 2725 τὴν
734 2655 816 2717 είς
864 2653 954 2707 τὸν
988 2652 1114 2705 Υἱδν
1163 2650 1343 2704 πίστιν
1381 2648 1852 2721 συνεδιδάχθημεν.

279 2749 506 2821 Ἐπειδὴ
530 2747 713 2802 τοίνυν
732 2746 795 2800 τὸ
807 2749 959 2803 Θεῖον
974 2747 1039 2815 τῇ
1056 2744 1214 2813 φύσει
1233 2745 1369 2817 ὅπερ
1395 2743 1511 2818 ἐστι
1549 2743 1683 2797 καθό
1707 2745 1857 2797 ἐστιν

266 2842 354 2896 ἀεὶ
381 2839 655 2902 ὡσαύτως
692 2836 806 2907 ἔχει
833 2853 846 2867 ο
882 2833 1005 2889 οὔτε
1036 2836 1168 2890 ποτέ
1200 2854 1251 2890 τι
1297 2835 1371 2908 μὴ
1400 2836 1461 2890 ὃν
1491 2836 1519 2890 ὅ
1555 2836 1649 2891 νῦν
1682 2838 1850 2898 ἐστιν.

264 2930 391 2987 οὔτε
433 2931 571 2985 ποτέ
602 2949 657 2984 τι
700 2929 977 3001 ἐσόμενον,
1005 2927 1035 2981 ὃ
1074 2927 1168 2981 νῦν
1209 2928 1309 2982 οὐκ
1358 2927 1502 2981 ἐστι·
1559 2927 1752 3000 Πατὴρ
1798 2928 1855 2981 δὲ

264 3023 574 3094 ὠνομάσθη
605 3020 754 3093 παρά
786 3019 881 3074 τοῦ
912 3020 1084 3089 Λόγου
1106 3022 1133 3073 ὁ
1161 3018 1411 3091 ἀληθινὸς
1448 3019 1666 3092 Πατήρο
1697 3019 1775 3090 τῷ
1800 3018 1858 3073 δὲ

262 3114 449 3185 Πατρὶ
475 3112 573 3166 καί
597 3111 627 3163 ὁ
650 3111 777 3174 Υἱὸς
805 3110 1223 3181 συνεμφαίνεται
1243 3126 1254 3138 ·
1279 3110 1587 3178 ἀναγκαίως
1612 3110 1857 3163 πιστεύο-

267 3224 395 3276 μεν,
431 3206 517 3257 ὅτι
552 3204 579 3256 ὁ
609 3201 878 3275 μηδεμίαν
906 3201 1112 3274 τροπὴν
1143 3201 1176 3274 ἢ
1205 3200 1485 3255 ἀλλοίωσιν
1510 3203 1566 3253 ἐν
1592 3204 1657 3273 τῇ
1694 3200 1853 3269 φύσει

263 3296 735 3369 παραδεχόμενος.
769 3294 799 3348 ὃ
845 3294 940 3348 νῦν
973 3295 1110 3358 ἐστι,
1157 3294 1249 3347 καὶ
1295 3293 1380 3346 ἀεὶ
1413 3294 1629 3355 πάντως
1676 3288 1743 3363 ἦν
1767 3311 1780 3323 ·
1818 3293 1853 3364 ἢ

264 3386 320 3438 εἰ
337 3384 482 3438 ποτε
498 3400 557 3436 τι
577 3383 677 3437 οὑκ
708 3379 797 3455 ἦν,
838 3384 961 3440 οὐδὲ
998 3382 1093 3437 νῦν
1125 3383 1336 3448 πάντως
1371 3385 1535 3439 ἐστίν.
1583 3386 1733 3439 Ἐπεὶ
1761 3382 1867 3441 οὖν,

268 3473 469 3546 Πατὴρ
496 3473 604 3527 ὑπὸ
624 3475 717 3528 τοῦ
749 3473 1004 3545 ἀληθινοῦ
1030 3476 1203 3544 Λόγου
1242 3476 1688 3548 κατονομάζεται,
1719 3479 1855 3532 πάν-

266 3583 395 3619 τοτε
426 3566 651 3629 πάντως
678 3567 771 3619 καὶ
798 3561 867 3637 ἧν
912 3567 1101 3638 Πατὴρ
1142 3569 1235 3622 καὶ
1269 3568 1416 3634 ἔστι,
1446 3571 1540 3623 καὶ
1600 3570 1747 3624 ἔσται
1780 3571 1855 3635 ὡς

268 3651 360 3727 ἦν.
397 3656 477 3709 Οὐ
512 3654 623 3727 γὰρ
649 3655 712 3727 δὴ
751 3655 906 3727 θέμις
933 3657 1027 3711 ἐπὶ
1058 3660 1157 3729 τῆς
1195 3658 1345 3724 θείας
1374 3677 1433 3713 τε
1460 3662 1553 3714 καὶ
1577 3662 1853 3733 ἀκηράτου

272 3765 515 3815 φυτεως.
560 3746 635 3819 μὴ
671 3748 901 3802 πάντοτε
938 3748 999 3802 τὸ
1028 3749 1192 3803 καλὸν
1220 3751 1348 3823 περὶ
1386 3751 1557 3823 αὐτὴν
1587 3749 1728 3807 εἶναι
1762 3752 1853 3805 λέ.-

271 3854 432 3906 γεινο
462 3839 515 3891 εί
545 3838 653 3909 γάρ
678 3838 754 3910 μὴ
780 3839 868 3893 ἀεὶ
884 3835 951 3911 ἧν
1005 3838 1035 3893 ὃ
1065 3839 1160 3893 νῦν
1183 3840 1351 3907 ἐστιν,
1385 3841 1598 3913 ἐτράπη
1639 3841 1855 3905 πάντως

272 3930 311 4002 ἢ
339 3930 481 4002 πρὸς
504 3928 567 3983 τὺ
590 3933 771 4002 χεῖρον
795 3931 904 3985 ἀπὸ
920 3931 1013 3984 τοῦ
1040 3932 1365 4003 κρείττονος,
1389 3933 1422 4004 ἢ
1448 3933 1581 4005 πρὸς
1603 3933 1664 3987 τὸ
1684 3935 1857 4004 κρείτο

271 4037 368 4074 τον
395 4022 503 4074 ἀπὸ
535 4021 629 4074 τοῦ
661 4020 928 4092 χείρονος·
970 4022 1171 4076 τούτων
1198 4023 1255 4077 δὲ
1291 4019 1407 4077 ἶσόν
1444 4026 1559 4078 ἐστι
1602 4024 1663 4078 τὸ
1728 4026 1857 4079 ἀσε-

273 4107 369 4171 εὶς
403 4107 530 4161 καθ’
556 4108 847 4180 ἑκάτερον
882 4110 1139 4181 ὁπότερον
1174 4110 1240 4165 ἂν
1273 4112 1365 4165 ἐπὶ
1386 4111 1487 4182 τῆς
1519 4112 1668 4177 θείας
1695 4114 1857 4185 λέγη-

270 4215 362 4252 ται
400 4199 660 4269 ,φύσεως.
707 4199 866 4255 Ἀλλά
916 4200 1020 4272 μὴν
1072 4202 1420 4256 ἀνεπίδεκτόν
1451 4206 1568 4256 ἐστι
1617 4203 1679 4257 τὸ
1698 4207 1853 4260 Θείον

269 4289 483 4361 τροπῆς
515 4306 576 4344 τε
626 4291 719 4345 καὶ
756 4292 1109 4358 ἀλλοιώσεως.
1145 4295 1284 4366 ’Δρα
1331 4295 1439 4348 πᾶν
1503 4295 1692 4367 ὃτιπέρ
1739 4296 1857 4350 ἐστι

269 4383 442 4438 καλὸν
470 4384 565 4437 καὶ
592 4384 817 4453 ἀγαθὸν,
854 4386 941 4439 ἀεὶ
972 4385 1100 4458 περὶ
1132 4385 1229 4458 τὴν
1255 4384 1345 4439 τοῦ
1376 4386 1540 4440 καλοῦ
1570 4386 1853 4455 θεωρεῖται

1964 564 2258 621 lirmandas
2287 577 2342 623 et
2370 567 2669 624 eludendas
2708 571 3081 635 inveniuntur,
3115 587 3180 627 ac
3222 577 3268 628 si
3298 572 3536 628 Verbum

1962 656 2057 712 Dei
2088 659 2286 714 vellent
2315 660 2609 716 emendare
2639 672 2697 716 et
2717 664 3014 734 corrigere,
3039 666 3190 735 quod
3226 664 3387 719 nobis
3421 665 3543 734 lege

1960 745 2135 801 edixit
2160 746 2260 804 has
2304 764 2465 805 voces
2500 750 2554 804 in
2590 750 2695 807 ﬁde
2732 762 3051 809 constanter
3077 762 3283 809 tenere.
3334 753 3552 807 llarum-

1961 836 2231 906 siquidem
2265 840 2688 909 appellationum
2723 858 3064 913 unaquaque
3091 844 3220 898 dum
3259 843 3313 898 in
3350 845 3541 898 nativa

1968 931 2370 999 signiﬁcatione
2421 942 2604 991 mente
2640 935 2962 1006 percipitur,
3022 937 3211 1007 regula
3252 938 3535 1002 veritatis,

1960 1029 2126 1093 atque
2171 1024 2389 1093 pietatis
2435 1040 2625 1080 norma
2672 1034 2725 1081 et
2774 1027 2856 1082 lex
2903 1026 3235 1083 Christianis
3284 1028 3534 1083 ellicitur.

1959 1113 2096 1169 Nam
2144 1130 2268 1170 cum
2322 1117 2491 1171 multa
2539 1118 2652 1172 sint
2698 1118 2800 1173 alia
2862 1120 3086 1175 nomina
3139 1120 3341 1190 quibus
3393 1117 3536 1173 Deus

1962 1205 2324 1276 signiﬁcatur,
2358 1207 2413 1261 in
2442 1207 2668 1263 historia
2719 1218 2774 1265 et
2822 1212 3142 1282 prophetia,
3190 1221 3245 1268 et
3288 1213 3421 1281 lege,
3451 1213 3535 1267 his

1960 1298 2216 1353 omnibus
2247 1299 2575 1369 posthabitis
2605 1300 2924 1372 relictisque
2969 1302 3231 1359 Dominus
3277 1303 3534 1359 Christus

1962 1389 2026 1444 ad
2060 1389 2220 1445 ﬁdem
2249 1407 2369 1461 quae
2398 1399 2483 1447 est
2512 1391 2579 1446 de
2606 1407 2674 1448 eo
2698 1394 2842 1463 quod
2872 1401 2992 1457 est,
3015 1410 3117 1450 nos
3143 1395 3415 1452 adducere
3441 1409 3535 1465 po-

1963 1490 2105 1547 tens,
2136 1482 2234 1537 has
2265 1498 2425 1538 voces
2450 1485 2707 1554 apponit,
2737 1494 2893 1540 ratus
2923 1486 2967 1541 si
3000 1500 3105 1540 nos
3136 1485 3190 1540 in
3219 1483 3541 1555 Patrisque,

1960 1580 2013 1625 et
2043 1570 2201 1637 Filii,
2238 1577 2293 1628 et
2325 1572 2564 1643 Spiritus
2593 1575 2767 1630 sancti
2797 1573 3162 1644 appellatione
3191 1588 3538 1643 permanere.

1961 1678 2084 1718 mus
2103 1704 2118 1729 ,
2150 1660 2218 1717 ad
2251 1663 2370 1734 ejus
2400 1663 2547 1734 quod
2576 1680 2705 1721 vere
2735 1672 2820 1720 est
2852 1664 3224 1735 cognitionem
3255 1662 3553 1726 suﬂicere,.

1960 1752 2104 1820 quod
2128 1752 2346 1821 quidem
2372 1760 2426 1808 et
2450 1768 2616 1806 unum
2639 1764 2721 1809 est
2739 1792 2754 1817 ,
2778 1760 2832 1808 et
2856 1767 2962 1807 non
2985 1767 3174 1807 unum.
3200 1750 3331 1805 Nam
3353 1765 3551 1806 essen--

1958 1843 2048 1897 tia:
2075 1842 2292 1913 quidem
2321 1843 2536 1898 ratione
2569 1859 2734 1898 unum
2759 1850 2842 1898 est
2863 1882 2879 1906 ,
2908 1843 3168 1912 quocirca
3198 1848 3252 1896 et
3281 1840 3336 1894 in
3368 1854 3541 1893 unum

1959 1946 2155 1985 nomen
2207 1932 2479 2001 respicere
2529 1930 2794 1985 Dominus
2842 1930 3050 1986 edixit:
3094 1928 3191 1983 sed
3238 1925 3556 1984 secundum)

1957 2038 2052 2079 eas
2076 2023 2437 2093 proprietates
2465 2022 2667 2092 quibus
2698 2022 2896 2077 divina:
2926 2035 3173 2091 personae
3200 2019 3540 2089 dignoscttno

1959 2124 2068 2175 tur,
2099 2114 2153 2168 in
2185 2112 2397 2178 Patris,
2426 2123 2475 2169 et
2504 2112 2625 2167 Filii
2655 2155 2669 2178 ,
2703 2124 2758 2169 et
2790 2112 3029 2183 Spiritus
3056 2110 3230 2167 sancti
3269 2108 3425 2164 ﬁdem
3454 2108 3555 2162 (ti--

1958 2205 2218 2261 stinctum
2248 2215 2366 2269 est,
2404 2202 2843 2275 inseparabiliter
2875 2204 2928 2257 in
2968 2210 3155 2274 partes
3184 2200 3550 2256 distributum

1957 2305 2012 2353 et
2038 2297 2322 2353 inconfuse
2358 2298 2590 2352 unitmn.
2622 2296 2759 2352 Cum
2808 2296 2952 2351 enim
2981 2294 3237 2349 audimus
3267 2292 3481 2347 Patrem
3520 2331 3535 2352 ,

1959 2386 2101 2440 hanc
2137 2388 2413 2442 notionem
2446 2394 2501 2441 et
2531 2386 2948 2457 intelligentiam
2976 2383 3320 2454 concipimus
3341 2421 3355 2446 ,
3392 2383 3536 2452 quod

1961 2470 2065 2526 hoc
2098 2486 2297 2528 nomen
2333 2486 2443 2528 non
2469 2472 2665 2542 inipso
2690 2473 2866 2529 solum
2887 2472 3227 2542 intelligitur,
3244 2470 3339 2526 sed
3372 2471 3539 2526 etiam

1960 2577 2083 2617 cum
2110 2560 2247 2618 Filio
2268 2571 2512 2618 mutuam
2534 2564 2847 2619 relationem
2872 2564 3089 2634 propria
3116 2562 3351 2634 quadam
3376 2565 3424 2616 vi
3445 2562 3540 2618 de-

1961 2655 2173 2709 clarat:
2208 2668 2321 2709 non
2370 2654 2516 2711 enim
2556 2653 2718 2709 Pater
2746 2662 3037 2725 separatus
3066 2654 3123 2709 in
3153 2655 3337 2725 seipse
3361 2661 3541 2708 mente

1962 2744 2351 2815 comprehendi
2399 2754 2625 2817 posset,
2666 2762 2775 2801 non
2810 2747 2966 2801 unito
3010 2754 3066 2801 et
3112 2746 3354 2804 adunato
3405 2746 3542 2802 Filio

1961 2851 2057 2904 per
2090 2834 2233 2891 hanc
2264 2834 2444 2893 Patris
2494 2836 2944 2895 enuntiationem.
2999 2837 3115 2893 Hac
3173 2839 3361 2907 itaque
3380 2850 3544 2899 voce,

1960 2927 2171 2984 Patrem
2189 2944 2313 2985 cum
2340 2929 2655 2995 didicimus,
2681 2931 2837 2987 ﬁdem
2865 2947 3082 3003 quoque
3107 2931 3161 2987 in
3184 2928 3385 2986 Filium
3412 2930 3540 2984 edo-

1960 3020 2032 3076 cti
2062 3036 2276 3079 sumus.
2332 3021 2600 3089 Quoniam
2636 3023 2804 3094 igitur
2842 3022 2983 3079 Deus
3014 3030 3211 3077 natura
3236 3021 3383 3093 quod
3413 3030 3498 3078 est
3523 3059 3538 3082 ς

1962 3131 2065 3185 qua
2110 3121 2227 3179 est,
2270 3130 2488 3185 semper
2534 3122 2589 3169 ct
2626 3115 2817 3171 eodem
2861 3116 3023 3170 modo
3064 3130 3125 3171 se
3168 3115 3367 3177 habet,
3412 3130 3541 3168 cum

1961 3216 2237 3272 nunquam
2266 3201 2397 3272 quid
2427 3218 2536 3257 non
2593 3201 2757 3258 fuerit
2804 3204 2950 3275 quod
2997 3219 3146 3259 nunc
3194 3213 3321 3269 est,
3367 3220 3541 3273 neque

1957 3310 2195 3365 unquam
2228 3293 2357 3364 quid
2390 3294 2610 3353 futurus
2639 3297 2711 3353 sit
2746 3295 2890 3368 quod
2920 3310 3069 3350 nunc
3100 3310 3209 3349 non
3242 3305 3321 3351 est
3345 3339 3361 3366 ,
3383 3293 3540 3348 Pater

1956 3394 2134 3440 autem
2161 3399 2191 3438 ιι
2220 3383 2399 3441 νει·δο
2434 3386 2750 3443 nominatus
2792 3393 2880 3443 est
2928 3400 3091 3443 verus
3135 3384 3320 3450 Pater,
3373 3385 3564 3440 simul:

1955 3484 2135 3530 autem
2162 3490 2285 3531 cum
2313 3473 2477 3532 Patre
2500 3475 2673 3534 Filius
2700 3477 3048 3535 ostenditur:
3081 3477 3394 3534 necessario
3419 3491 3567 3531 ere--7

1955 3566 2135 3622 dimus
2154 3606 2169 3630 ,
2197 3566 2341 3636 quod
2374 3566 2420 3623 is
2449 3567 2542 3639 qui
2569 3568 2775 3624 nullam
2809 3568 3166 3626 mutationem
3193 3583 3372 3640 neque
3402 3567 3542 3622 alte-

1956 3658 2220 3715 rationem
2249 3659 2303 3714 in
2334 3668 2529 3714 natura
2553 3660 2826 3732 suscipit,
2855 3662 3001 3732 quod
3030 3676 3176 3716 nunc
3203 3660 3570 3730 est,omnino-

1957 3764 2173 3820 semper
2201 3758 2356 3817 erat,
2407 3759 2463 3806 et
2502 3751 2551 3809 si
2592 3752 2725 3823 quid
2769 3752 3065 3823 aliquando
3109 3766 3216 3806 non
3250 3759 3405 3813 erat,
3442 3767 3541 3805 nec

1956 3856 2105 3896 nunc
2142 3847 2245 3896 est.
2298 3839 2756 3912 Quandoquidem
2796 3856 2928 3912 ergo
2959 3858 2991 3895 ιι
3025 3855 3154 3895 vero
3196 3838 3391 3894 Verbo.
3418 3840 3538 3893 sive

1957 3931 2095 3987 Filio
2120 3930 2286 3989 Pater
2316 3934 2656 3999 nominatur,
2692 3947 2907 4002 semper
2939 3932 3165 3986 omnino
3192 3928 3535 3987 eteratPa-

1955 4030 2039 4076 ter
2091 4030 2145 4077 et
2192 4028 2311 4088 est,
2349 4021 2566 4092 eritque
2616 4023 2760 4077 sicut
2803 4019 2929 4075 fuit.
2965 4018 3155 4089 Neque
3186 4018 3332 4075 enim
3367 4015 3450 4071 fas
3485 4017 3541 4070 in

1956 4111 2142 4167 divina
2174 4120 2226 4167 et
2262 4110 2560 4166 immortali
2592 4117 2789 4164 natura
2810 4148 2826 4170 ,
2861 4108 3009 4179 quod
3039 4108 3246 4164 bonum
3276 4114 3393 4170 est,
3430 4121 3541 4160 non

1958 4205 2009 4259 id
2046 4206 2097 4259 in
2131 4204 2251 4275 ipsa
2286 4217 2503 4272 semper
2528 4216 2655 4257 esse
2679 4198 2884 4256 dicere.
2918 4199 2974 4255 Si
3005 4200 3151 4257 enim
3191 4213 3299 4254 non
3326 4212 3541 4268 semper

1958 4293 2093 4358 fuit,
2127 4294 2273 4365 quod
2311 4307 2456 4348 nunc
2489 4299 2609 4357 est,
2646 4291 2866 4362 penitus
2900 4291 3194 4348 immutata
3242 4300 3329 4347 est
3375 4290 3458 4346 vel
3509 4306 3539 4341 ιι

1958 4386 2181 4441 meliore
2235 4384 2290 4439 in
2339 4384 2617 4449 deterius,
2671 4384 2757 4439 vcl
2810 4384 2862 4438 in
2912 4386 3109 4441 melius
3164 4400 3193 4439 a
3246 4382 3540 4440 deteriore.

265 4477 487 4547 πηγήνο
521 4475 686 4530 καλὸν
714 4477 771 4531 δὲ
799 4477 894 4531 καὶ
923 4477 1090 4531 καλοῦ
1119 4476 1318 4542 παντὸς
1347 4478 1603 4531 ἐπέκεινα
1628 4480 1657 4532 ό
1684 4480 1855 4533 Μονο-

1964 4476 2216 4547 Ᾱὶίιιιιιιίε
2272 4484 2453 4531 autem
2502 4485 2583 4532 est
2633 4476 2689 4530 in
2743 4483 2979 4547 utroque
3034 4476 3321 4547 impietas,
3373 4473 3539 4530 alter-

264 4568 434 4637 γενής
460 4567 582 4620 ἐστι
619 4565 773 4630 Θεὸς,
818 4568 854 4621 ό
906 4565 990 4619 ὢν
1031 4566 1101 4619 ἐν
1138 4564 1261 4631 τοῖς
1298 4566 1549 4633 κόλποις
1591 4567 1695 4621 τοῦ
1729 4570 1849 4621 Πα-

264 4657 440 4722 τρός*
475 4655 508 4708 ὁ
544 4654 601 4708 δὲ
634 4655 709 4708 ὣν
741 4656 802 4708 ὲν
832 4657 942 4719 τοῖς
970 4655 1212 4719 κόλποις,
1239 4655 1359 4725 οὐχὶ
1389 4654 1780 4726 ὲγγενόμενοςς

1976 4576 2159 4623 utrum
2199 4568 2267 4624 de
2312 4575 2507 4622 natura
2534 4568 2717 4624 divina
2770 4568 3004 4624 dicatur.
3052 4567 3189 4623 Nam
3236 4568 3412 4624 deitas
3457 4574 3542 4621 est

1973 4673 2205 4728 prorsus
2256 4658 2529 4713 versionis
2577 4673 2804 4729 expers.
2861 4668 2914 4714 et
2968 4658 3286 4713 mutationis
3333 4656 3537 4713 nescia.

263 4744 640 4810 Quamobrem
668 4744 934 4816 quidquid
968 4745 1169 4800 bonum
1201 4753 1285 4800 est
1313 4754 1367 4800 et
1401 4746 1713 4811 honestum,
1749 4762 1966 4818 semper
1998 4748 2051 4802 in
2078 4748 2225 4804 finite
2254 4748 2468 4804 honesti
2498 4756 2552 4802 et
2587 4748 2712 4804 boni
2751 4748 3089 4820 intelligitur.
3120 4747 3327 4803 Bonum
3358 4754 3543 4800 autem

260 4848 315 4894 ct
354 4853 531 4909 supra
566 4838 769 4893 bonum
798 4852 958 4892 omne
992 4836 1314 4908 Unigenitus
1347 4845 1431 4894 est
1466 4836 1637 4903 Deus,
1666 4840 1859 4909 quiest
1887 4840 1942 4894 in
1975 4840 2179 4895 sinibus
2215 4840 2451 4896 Patris"
2477 4858 2493 4906 ;
2522 4840 2611 4910 qui
2651 4848 2833 4897 autem
2871 4849 2952 4895 est
2975 4841 3028 4895 in
3073 4840 3320 4901 sinibus,
3362 4853 3542 4893 nonne

258 4941 345 4988 est
381 4930 609 5001 genitus
630 4931 654 4984 ?

328 5023 550 5079 Οὐκοῦν
594 5021 969 5078 ἀποδέδεικται
1007 5024 1095 5080 διά
1124 5025 1326 5079 τούτων
1359 5026 1421 5079 τὸ
1455 5025 1516 5091 ἐξ
1567 5025 1736 5079 ἀϊδίου
1766 5027 1857 5080 τὸν

262 5116 393 5169 Tib-1
441 5112 833 5184 ἐνθεωρεῖσθαι
871 5113 953 5186 τῷ
1002 5118 1179 5189 Πατρὶ
1216 5116 1295 5187 τῷ
1334 5118 1391 5170 ὲν
1440 5110 1486 5185 ᾧ
1514 5119 1681 5180 ἐστιν,
1714 5116 1858 5189 ζωὴν

255 5210 392 5265 ὅντα
422 5209 526 5263 καὶ
555 5207 693 5277 φῶς,
733 5209 828 5262 καὶ
867 5208 1127 5281 ἀλήθειαν
1147 5225 1158 5238 ’
1187 5211 1280 5264 καὶ
1316 5212 1422 5264 πᾶν
1454 5209 1658 5279 ἀγαθὸν
1683 5210 1857 5281 ὄνομά

256 5318 315 5355 τε
346 5300 447 5354 καὶ
483 5299 670 5372 νόημα
692 5316 710 5333 ’
744 5292 820 5354 ὧν
839 5302 1010 5372 χωρὶς
1033 5301 1118 5371 ἐφ’
1141 5300 1335 5355 ἑαυτοῦ
1364 5299 1541 5371 λέγειν
1566 5297 1704 5355 εἷναί
1728 5318 1855 5354 ποτε

254 5396 349 5446 τὸν
370 5392 622 5463 Πατέρα,
650 5391 748 5462 τῆς
772 5391 1006 5462 ἐσχάτης
1030 5392 1285 5457 ἀσεόείας
1312 5392 1427 5463 ἅμα
1447 5394 1541 5446 καὶ
1561 5391 1852 5463 παραπλη-

256 5483 376 5548 ξίας
404 5482 583 5537 ἐστίν.
614 5482 677 5535 ει
706 5483 812 5553 γὰρ
843 5484 873 5535 ό
904 5483 1055 5547 Υἱὸς,
1087 5481 1267 5547 καθὼς
1292 5484 1325 5552 ἡ
1351 5482 1540 5553 Γραφὴ
1566 5481 1734 5552 λέγει,
1764 5482 1852 5535 δῦ-

257 5576 419 5648 νιμις
460 5575 581 5628 ἐστι
620 5573 777 5639 θεοῦ,
810 5578 903 5631 καὶ
947 5576 1127 5646 σοφία,
1170 5577 1262 5631 καὶ
1294 5576 1538 5649 ἀλήθεια,
1577 5579 1665 5632 καὶ
1712 5577 1846 5648 φῶς,

344 5752 396 5783 ⁸⁸
415 5748 584 5805 ιυειιι.
610 5765 646 5815 ι,
672 5751 754 5806 l8.

2035 5028 2199 5099 Igitur
2221 5044 2314 5097 per
2337 5029 2449 5082 haec
2476 5027 2909 5082 demonstratum
2932 5035 3011 5082 est
3032 5024 3224 5079 Filium
3245 5025 3312 5078 ab
3331 5033 3549 5079 aeterno.

1965 5120 2193 5190 intelligi
2226 5121 2277 5174 in
2312 5118 2472 5173 Patre
2505 5119 2557 5172 in
2587 5134 2698 5188 quo
2731 5125 2852 5178 est,
2884 5132 3009 5171 cum
3050 5117 3167 5188 ipse
3196 5116 3266 5171 sit
3300 5117 3409 5170 vita
3445 5116 3528 5171 vi-

1964 5227 2130 5277 vens,
2164 5211 2254 5264 lus
2287 5219 2341 5264 et
2375 5210 2573 5265 veritas
2594 5251 2608 5271 ,
2648 5221 2919 5277 omneque
2965 5208 3165 5261 bonum
3203 5215 3258 5260 et
3302 5222 3498 5262 nomen
3519 5249 3535 5271 ,

1960 5310 2015 5356 et
2047 5303 2235 5361 notio.
2274 5302 2393 5355 sine
2423 5300 2626 5371 quibus
2657 5297 2952 5368 aliquando
2995 5296 3209 5352 Patrem
3256 5299 3309 5353 in
3352 5299 3539 5370 seipse

1968 5407 2093 5447 esse
2121 5391 2391 5446 allirmare
2418 5399 2679 5445 extremae
2712 5397 2796 5444 est
2828 5388 3123 5457 impietatis
3150 5389 3313 5445 simul
3355 5400 3411 5447 et
3450 5391 3537 5445 iu-

1961 5481 2131 5536 sauiae
2164 5492 2325 5552 atque
2356 5479 2586 5549 stupida:
2610 5478 2882 5533 amentiae.
2914 5477 3048 5533 Nam
3078 5481 3121 5535 si
3152 5478 3359 5545 Filius,
3389 5481 3539 5537 sicut

1961 5572 2241 5643 Scriptura
2267 5572 2418 5640 divit,
2449 5571 2622 5626 virtus
2648 5577 2729 5625 est
2756 5567 2846 5624 Dei
2869 5610 2882 5635 ,
2908 5569 3198 5643 sapientia,
3227 5581 3281 5628 ct
3310 5577 3529 5636 veritas,
