4032 6208
489 294 595 355 HI

1749 308 1807 362 S.
1849 306 2181 365 GREGORII
2221 309 2518 366 NYSSENI

3643 306 3748 362 ’.τε

492 422 548 470 et
570 416 665 471 lux
684 455 699 478 .
727 425 781 473 ct
801 419 1189 483 sanctiﬁcatio,
1212 429 1267 476 et
1297 437 1400 492 pax
1429 461 1444 488 ,
1469 434 1524 481 et
1552 429 1658 480 vita
1680 468 1693 488 .
1724 437 1777 483 et
1800 444 1919 499 quae
1944 440 2073 487 sunt

2181 435 2271 487 καὶ
2289 432 2577 502 ἁγιασμὸς,
2602 431 2697 483 καὶ
2713 431 2926 502 εἰρήνη,
2950 428 3187 499 καὶζωὴ,
3207 428 3299 482 καὶ
3321 426 3635 489 τὰτοιαῦτα,
3656 428 3754 498 πρὸ

491 506 803 577 ejusmodi,
834 517 1129 580 antequam
1173 510 1346 570 Filius
1391 525 1570 582 esset,
1614 519 1759 574 sicut
1800 521 2077 579 haereticis

490 597 732 664 videtur,
762 599 915 656 nullo
941 618 1171 673 prorsus
1198 606 1360 661 modo
1383 608 1498 662 lucc
1521 619 1699 666 erant.
1723 610 1855 678 Quae
1888 614 1935 669 si
1966 630 2075 671 non

490 699 645 744 erant
673 730 688 754 ,
720 692 922 751 talibus
953 695 1115 753 bonis
1149 712 1381 752 vacuum
1408 737 1423 759 .
1455 709 1508 754 et
1544 700 1760 759 inanem
1793 703 1974 763 Patris
2002 708 2078 763 si-

488 797 623 837 num
660 784 990 857 intelligent.
1024 787 1105 845 Ne
1149 788 1320 861 igitur
1348 802 1403 847 et
1435 791 1596 849 Pater
1625 797 1745 854 suis
1771 798 1945 869 ipsius
1976 800 2073 855 bo-

489 874 582 930 nis
615 874 917 934 destitutus
944 879 1309 953 intelligatur,
1342 899 1479 941 neve
1507 886 1561 941 in
1597 888 1737 944 hanc
1768 890 2078 948 absurdita-

487 973 600 1019 lem
646 976 836 1024 nostra
874 971 1092 1027 labatur
1120 974 1348 1043 opinio:
1387 981 1737 1045 necessario,
1776 984 2075 1039 secundum

488 1071 680 1112 vocem
712 1060 961 1128 Domini,
991 1079 1118 1119 cum
1152 1064 1332 1124 Patris
1355 1072 1665 1129 atternitate
1689 1073 1758 1130 de
1779 1073 1920 1131 Filio
1946 1075 2078 1132 lides

490 1150 838 1207 considerata
873 1157 1224 1227 perspicitur.
1251 1159 1422 1230 Cujus
1449 1163 1624 1234 gratia
1653 1166 1909 1223 omnibus
1940 1183 2079 1239 prae-

490 1244 767 1301 termissis
799 1247 1117 1306 nominibus
1156 1266 1279 1322 qua:
1312 1253 1380 1310 ad
1419 1257 1945 1317 demonstrationem
1982 1278 2077 1318 su-

487 1335 889 1401 pereminentis
912 1348 1128 1397 natura:
1150 1344 1432 1414 dicuntur,
1456 1348 1637 1407 Patris
1661 1354 2075 1422 appellationem

490 1433 553 1479 ut
585 1430 876 1486 certiorem
900 1473 915 1498 ,
952 1443 1006 1489 et
1043 1436 1120 1491 ad'
1141 1437 1627 1498 demonstrandam
1664 1446 1949 1502 veritatem
1983 1465 2077 1518 ap-

404 1566 411 1571 .
489 1520 688 1575 tiorem
740 1530 795 1579 et
843 1527 1134 1586 clariorem
1176 1532 1337 1588 nobis
1380 1535 1435 1589 in
1483 1536 1588 1593 ﬁde
1630 1540 1909 1610 exprimit.
1947 1543 2078 1610 Quae

490 1609 712 1677 quidem
746 1612 926 1672 Patris
971 1620 1294 1690 appellatio,
1348 1624 1494 1680 sicut
1536 1626 1648 1697 jam
1700 1609 1910 1685 dictum
1955 1643 2070 1697 est,

491 1700 719 1758 relativa
764 1708 957 1763 notitia
988 1725 1175 1768 secum
1226 1712 1427 1771 Filium
1476 1719 1640 1773 etiam
1673 1723 2072 1793 complectitur,

2177 523 2272 579 τοῦ
2308 524 2398 578 τὸν
2428 524 2557 577 Υίδν
2585 520 2743 584 εἶναι,
2779 520 2957 585 καθὼς
2980 524 3090 584 τοῖς
3122 522 3413 592 αίρετικοῖς
3443 519 3605 582 δοκεῖ,
3640 518 3754 573 οὐδὲ

2178 614 2348 669 ταῦτα
2374 610 2442 685 ἦν
2471 614 2710 677 πάντως.
2735 609 2952 665 Τούτων
2971 610 3028 664 δὲ
3053 610 3127 682 μὴ
3152 610 3342 673 ὄντων,
3361 608 3514 662 κενὸν
3548 608 3756 672 πάντως

2177 708 2286 762 τῶν
2305 707 2559 762 τοιούτων
2578 704 2798 775 ἀγαθῶν
2815 704 2903 758 τὸν
2925 702 3176 775 πατρῷον
3193 704 3504 774 ὲννοήσουσι
3524 702 3722 754 κόλπον
3741 717 3751 729 '

2178 800 2255 862 ὠς
2274 799 2338 853 ἂν
2359 795 2452 853 οὖν
2472 792 2608 870 μήτε
2624 799 2652 851 ὁ
2672 795 2860 868 Πατὴρ
2881 795 3082 866 ἔρημός
3108 811 3166 847 τε
3186 793 3295 847 τῶν
3318 792 3511 847 ἑαυτοῦ
3542 792 3759 862 ἀγαθῶν

2178 890 2454 963 ἐννοηθείη
2473 908 2486 923 ·
2523 891 2597 962 μὴ
2628 888 2686 943 δὲ
2714 891 2810 951 είς.
2836 888 3039 959 ταύτην
3068 887 3166 959 τὴν
3191 886 3417 941 ἀτοπίαν
3449 885 3673 939 ἐκπέσοι
3704 885 3762 938 τὸ

2178 976 2374 1050 δόγμα,
2416 977 2726 1047 ἀναγκαίως
2751 977 2891 1031 κατά
2921 978 3020 1047 τὴν
3051 976 3234 1048 φωνὴν
3263 976 3354 1029 τοῦ
3374 976 3670 1036 Δεσπὸτου,
3697 977 3761 1046 τῇ

2180 1071 2444 1143 ἀῖδιότητι
2474 1071 2569 1124 τοῦ
2616 1069 2828 1142 Πατρὸς
2875 1071 2908 1140 ἡ
2961 1070 3086 1140 περὶ
3132 1068 3226 1122 τοῦ
3256 1067 3389 1122 Υίοῦ
3424 1068 3605 1132 πίστις
3644 1085 3763 1122 συν-

2180 1159 2487 1234 θεωρεῖται.
2518 1155 2595 1216 υῦ
2636 1161 2794 1233 χάριν
2838 1160 3014 1213 πάντα
3061 1158 3373 1212 καταλιπὼν
3410 1157 3481 1211 τὰ
3520 1157 3763 1228 ὀνόματα

2178 1256 2279 1308 ὅσα
2313 1253 2449 1325 πρὸς
2479 1252 2699 1319 ἔνδειξιν
2725 1252 2820 1322 τῆς
2848 1250 3246 1323 ὑπερκειμένης
3274 1248 3488 1319 φύσεως
3515 1248 3761 1317 λέγεται,

2178 1348 2278 1417 τὴν
2299 1347 2395 1401 τοῦ
2428 1345 2641 1416 Πατρός
2664 1344 2877 1415 κλῆσιν,
2908 1343 2983 1407 ὡς
3008 1342 3485 1413 ὲνδεικτικωτέραν
3510 1342 3608 1412 τῆς
3633 1340 3767 1411 ἀληο

2180 1439 2331 1503 θείας
2366 1437 2638 1491 ἐκτίθεται
2675 1440 2808 1508 ἡμῖν
2847 1434 2939 1488 ἐπὶ
2963 1435 3061 1505 τῆς
3100 1433 3358 1496 πίστεως,
3396 1433 3539 1504 ἥτις,
3579 1430 3768 1495 καθὼς

2179 1531 2416 1602 εἴρηται,
2448 1531 2518 1599 τῇ
2542 1531 2761 1599 σχετικῇ
2791 1527 2997 1599 διανοίᾳ
3023 1526 3117 1581 καὶ
3145 1525 3235 1579 τδν
3262 1525 3390 1578 Υἰδν
3416 1523 3535 1594 μεθ’
3559 1522 3766 1593 ἑαυτῆς

2182 1620 2646 1675 συνενδείκνυται’
2676 1619 2769 1673 τοῦ
2816 1619 2872 1673 δὲ
2905 1617 3035 1672 Υίοῦ
3070 1619 3127 1683 ὅς
3175 1618 3319 1670 ἐστιν
3352 1618 3408 1669 ὲν
3448 1615 3524 1687 τῷ
3563 1617 3765 1687 Πατρὶ,

2180 1715 2266 1768 ἀεὶ
2286 1715 2438 1779 ὄντος
2461 1714 2598 1782 ὅπερ
2620 1711 2786 1775 ἐστὶν,
2802 1710 2982 1775 καθὼς
3004 1711 3215 1783 είρηται
3239 1710 3331 1763 καὶ
3354 1710 3411 1761 ἐν
3433 1711 3544 1772 τοῖς
3565 1706 3772 1779 ἔμπρο-
3826 1741 3836 1749 .

491 1802 545 1884 et
575 1795 737 1850 simul
768 1796 1130 1857 demonstrat.
1162 1805 1297 1862 Cum
1335 1820 1515 1864 autem
1550 1810 1723 1868 Filius
1760 1790 1854 1884 qui
1897 1824 1982 1872 est
2015 1790 2069 1873 in

2181 1805 2304 1860 σθεν
2334 1805 2541 1873 λόγοις·
2571 1804 2738 1857 ὅτιτὸ
2781 1805 2934 1856 Θεῖον
2968 1804 3033 1874 τῇ
3076 1800 3233 1871 φύσει
3258 1802 3356 1872 τὴν
3385 1800 3521 1872 πρὸς
3555 1800 3620 1852 τὸ
3650 1800 3770 1869 μεῖ-

488 1879 689 1947 Patre,
723 1901 940 1958 semper
971 1892 1044 1945 sit
1072 1895 1218 1963 quod
1247 1904 1359 1962 est,
1396 1899 1539 1954 sicut
1579 1900 1690 1968 jam
1738 1879 1793 1957 in
1819 1907 2070 1975 superio-

489 1972 643 2029 ribus
671 1976 875 2032 dictum
925 1990 1010 2038 est
1055 1988 1446 2056 sermonibus;
1479 1992 1608 2063 quia
1657 1993 1799 2051 Deus
1840 1972 2070 2065 natura,

490 2066 892 2126 incrementum
946 2075 1011 2130 ad
1054 2078 1244 2147 ’majus
1297 2096 1410 2136 non
1460 2085 1727 2155 suscipit:
1775 2105 1883 2144 non
1927 2092 2073 2147 enim

493 2168 653 2214 cura
687 2164 927 2234 seipsum
960 2168 1107 2223 videt
1137 2171 1285 2227 aliud
1318 2174 1521 2229 bonum
1544 2216 1559 2240 ,
1597 2193 1695 2248 per
1736 2180 1899 2248 cujus
1947 2198 2074 2254 par-

487 2252 871 2321 ticipationem
932 2259 1140 2329 aliquid
1198 2266 1436 2334 amplius
1484 2269 1720 2340 accipiat
1758 2286 1772 2323 :
1813 2272 1908 2330 sed
1948 2252 2073 2330 cum

489 2343 682 2398 eodem
717 2345 879 2401 modo
909 2363 1129 2421 semper
1178 2368 1238 2408 se
1278 2353 1477 2411 habeat
1504 2399 1519 2421 ,
1565 2374 1745 2427 neque
1782 2362 1927 2430 quod
1976 2362 2077 2418 ha-

489 2435 616 2496 hct,
651 2435 905 2504 abdicat,
961 2455 1139 2512 neque
1180 2446 1327 2515 quod
1378 2464 1488 2503 non
1534 2449 1699 2507 habet
1728 2453 2077 2511 extrinsecus

489 2527 754 2582 assumit:
793 2546 966 2601 neque
1013 2534 1159 2590 enim
1207 2539 1339 2608 quid
1387 2556 1576 2596 eorum
1621 2560 1745 2615 qua:
1785 2547 2078 2618 repudian-

490 2622 602 2710 tur,
654 2617 865 2679 habet:
905 2630 960 2679 et
1006 2624 1052 2680 si
1095 2626 1227 2698 quid
1267 2638 1352 2686 est
1400 2631 1619 2688 beatum
1647 2642 1702 2691 et
1720 2617 2071 2710 incorrupti-

380 2766 393 2773 ,
487 2705 620 2773 bile,
670 2709 1002 2779 immortale,
1049 2724 1104 2772 et
1138 2730 1349 2785 verum,
1385 2730 1440 2778 et
1466 2723 1858 2789 bonum,circa
1897 2730 2076 2802 ipsum

488 2806 656 2869 atque
692 2803 749 2858 in
798 2804 920 2876 ipso
945 2810 1171 2866 omnino
1197 2820 1313 2868 est:
1336 2817 1651 2874 necessario
1681 2819 1928 2877 videmus
1968 2839 2080 2879 non

487 2890 672 2961 aliqua
688 2895 737 2949 vi
774 2897 1070 2955 adventitia
1097 2910 1152 2957 et
1172 2904 1409 2961 ascititia
1434 2907 1629 2965 adesse
1656 2910 1757 2982 ipsi
1780 2924 1833 2968 et
1851 2915 2078 2972 adnasci

492 2981 757 3051 Spiritum
800 2998 1078 3057 sanctum,
1110 2994 1201 3063 qui
1231 3002 1317 3051 est
1347 3009 1531 3055 rectus
1564 2981 1697 3066 dux,
1739 3012 1795 3058 et
1824 3005 2079 3076 princeps

2177 1896 2268 1962 ζον
2296 1895 2525 1968 αὔξησιν
2553 1896 2614 1950 ού
2651 1894 3041 1966 προσδέχεται·
3074 1893 3135 1946 ού
3163 1891 3271 1964 γὰρ
3297 1893 3398 1964 ὁρᾷ
3429 1908 3480 1943 τι
3504 1889 3611 1956 ἔξω
3642 1892 3765 1943 ἐαυ-

2174 1992 2270 2046 τοῦ
2300 1991 2429 2046 ἀλλο
2475 1989 2700 2059 ἀγαθὸν,
2733 1984 2793 2040 οῦ
2843 1985 2987 2041 κατά
3037 1984 3326 2057 μετουσίαν
3354 1981 3769 2053 προσλαμϐάνει

2177 2083 2238 2137 τὸ
2267 2083 2482 2137 πλεῖον*
2524 2081 2639 2135 ἀλλ’
2669 2081 2755 2133 ἀεὶ
2796 2076 3058 2139 ὡσαύτως
3091 2075 3328 2145 ἔχοντος,
3362 2073 3484 2127 οὔτε
3528 2072 3771 2128 ἀποϐάλ-

2178 2175 2361 2238 λοντος
2386 2174 2415 2228 6
2443 2173 2579 2244 ἔχει,
2605 2171 2729 2226 οῦτε
2757 2167 3265 2242 προσλαμϐάνοντος
3292 2165 3320 2218 6
3348 2165 3422 2236 μὴ
3460 2165 3612 2235 ἔχει’
3642 2163 3767 2217 οῦτε

2177 2268 2287 2340 γάρ
2331 2285 2383 2321 τι
2421 2265 2531 2319 τῶν
2561 2264 2880 2335 ἀποϐλὴτων
2924 2261 3059 2332 ἔχει,
3112 2259 3204 2313 καὶ
3229 2259 3282 2311 εί
3302 2275 3354 2311 τι
3382 2257 3658 2328 μακάριον
3681 2259 3772 2310 καὶ

2178 2361 2475 2431 ἀκήρατον,
2511 2356 2605 2410 καί
2634 2353 2906 2425 ἀληθινὸν,
2944 2351 3039 2405 καὶ
3085 2348 3288 2420 ἀγαθὸν
3324 2348 3452 2418 περὶ
3482 2347 3650 2400 αὐτὸν
3680 2345 3770 2398 καὶ

2178 2455 2237 2505 ὲν
2266 2449 2411 2522 αὐτῷ
2460 2450 2678 2513 πάντως
2717 2447 2891 2503 ἐστίν’
2933 2443 3244 2514 ἀναγκαίως
3275 2443 3512 2514 ὁρῶμεν,
3562 2441 3671 2495 ούκ
3713 2438 3772 2504 ἐξ

2178 2547 2520 2616 ἐπικτησεως
2548 2541 2695 2613 αὐτῷ
2732 2540 3155 2611 προσγινόμενον
3186 2537 3246 2591 τὸ
3282 2536 3504 2608 Πνεῦμα
3545 2535 3606 2589 τὸ
3636 2536 3774 2605 ἀγα-

2181 2637 2272 2692 θόν
2298 2653 2357 2690 τε
2392 2636 2486 2690 καὶ
2513 2634 2667 2704 ἆγιον
2686 2650 2700 2666 ’
2735 2633 2872 2704 ὅπερ
2900 2631 3047 2685 ἐστὶν
3081 2630 3237 2694 εύθὲς
3261 2628 3606 2700 ἡγεμονικὸν,
3636 2628 3773 2694 Cmo-

2182 2728 2355 2791 ποιὸν,
2391 2727 2453 2779 τὺ
2483 2725 2665 2795 πάσης
2695 2724 2794 2794 τῆς
2826 2719 3058 2785 κτίσεως
3098 2725 3559 2791 περικρατητικόν
3581 2736 3648 2772 τε
3681 2720 3775 2774 καὶ

2181 2819 2533 2889 ἁγιαστικόν’
2566 2817 2594 2870 6
2640 2815 2815 2870 πάντα
2842 2816 2900 2868 ὲν
2931 2816 3094 2869 πᾶσιν
3116 2815 3328 2885 ἐνεργεῖ
3367 2810 3548 2876 καθὼς
3583 2810 3776 2882 βούλι-

2180 2928 2272 2966 ται
2298 2926 2312 2940 ’
2338 2909 2414 2983 ᾡς
2433 2907 2600 2981 μηδέν
2620 2925 2674 2960 τι
2701 2905 2903 2977 μεταξὺ
2928 2906 3223 2976 διάλειμμα
3243 2903 3334 2958 τοῦ
3369 2903 3607 2977 Χριστοῦ
3635 2903 3775 2976 πρὸς

2182 3002 2243 3056 τὸ
2270 3001 2491 3073 Χρίσμα
2511 3001 2672 3062 νοεῖν,
2706 2998 2738 3069 ἦ
2764 2996 2858 3052 τοῦ
2892 2996 3153 3068 βασιλέως
3185 2996 3319 3068 πρὸς
3348 2996 3447 3068 τὴν
3469 2996 3772 3066 βασιλείαν·

486 3078 544 3126 et
572 3073 831 3143 director,
864 3079 1136 3151 viviﬁcus,
1164 3087 1452 3158 omnisque
1480 3099 1748 3148 creatura:
1767 3073 2078 3153 dominator

2183 3091 2335 3164 ἢτῆς
2367 3090 2560 3159 σοφίας
2585 3088 2721 3162 πρὸς
2743 3089 2803 3142 τὺ
2833 3087 3052 3160 πνεῦμα
3186 3090 3421 3182 σοφίας·
3516 3088 3617 3182 τῆς
3642 3088 3776 3161 ἀλη-

485 3166 544 3214 et
583 3165 972 3235 sanctiﬁcator,
1013 3176 1106 3244 qui
1142 3179 1327 3233 omnia
1367 3180 1424 3234 in
1464 3182 1722 3242 omnibus
1759 3197 1922 3257 prout
1964 3190 2078 3245 vult

487 3262 749 3323 operatur
760 3265 813 3313 et
831 3258 1013 3317 eﬂicit.
1028 3264 1102 3319 Ita
1115 3266 1390 3324 utnullum
1403 3269 1903 3329 aliudintcrvallum
1924 3277 2084 3336 intel—

487 3344 629 3415 ligas
663 3345 867 3402 Christi
890 3348 956 3403 ad
977 3351 1240 3420 chrisma,
1262 3357 1318 3412 id
1344 3367 1448 3424 est,
1473 3360 1541 3415 ad
1572 3365 2079 3440 unctionem,quam

487 3435 637 3505 regis
671 3437 740 3492 ad
771 3455 1022 3512 regnum,
1056 3461 1221 3516 quam
1261 3454 1546 3521 sapientia:
1590 3456 1659 3511 ad
1690 3435 1951 3529 spiritum
1988 3479 2082 3519 sa-

486 3525 725 3595 pientiae,
758 3544 922 3600 quam
942 3533 1190 3591 veritatis
1217 3537 1284 3592 ad
1325 3540 1580 3609 spiritum
1619 3525 1885 3614 veritatis,
1917 3566 2081 3621 quam

486 3617 710 3676 virtutis
763 3621 831 3677 ad
881 3623 1136 3694 spiritum
1191 3628 1447 3691 virtutis:
1501 3634 1596 3690 sed
1649 3636 1717 3692 ab
1770 3617 1978 3699 aeterno
2029 3644 2083 3698 in

486 3706 650 3766 Patre
688 3710 858 3769 Filius
889 3714 1229 3789 intelligitur,
1269 3722 1362 3792 qui
1391 3732 1475 3780 est
1508 3732 1564 3780 et
1606 3728 1876 3793 sapientia
1908 3741 1965 3789 et
1991 3750 2084 3789 ve-

485 3800 647 3866 ritas,
665 3804 957 3860 consilium
989 3815 1044 3863 ct
1064 3806 1348 3880 fortitudo,
1372 3814 1609 3886 cognitio
1625 3824 1678 3872 et
1701 3818 2082 3896 intelligentia.

486 3890 572 3945 Ab
603 3901 810 3948 aeterno
862 3910 971 3951 una
1025 3911 1151 3952 cum
1197 3899 1317 3971 ipso
1360 3903 1527 3958 etiam
1575 3904 1814 3977 Spiritus
1862 3890 2086 3971 sanctus

487 3984 865 4052 cognoscitur,
896 3988 991 4058 qui
1029 3991 1251 4061 quidem
1287 4002 1373 4050 est
1420 3993 1661 4065 Spiritus
1692 4001 1979 4071 sapientia:
2031 4014 2086 4061 et

486 4078 759 4146 veritatis,
809 4082 1032 4137 consilii
1084 4091 1139 4139 et
1190 4084 1584 4157 intelligentiae,
1627 4099 1933 4163 caeteraque
1979 4097 2083 4153 alia

486 4184 611 4240 quae
643 4169 815 4229 Filius
856 4183 912 4229 et
945 4185 1030 4231 est
1059 4186 1114 4231 et
1149 4178 1489 4234 nominatur.
1535 4179 1746 4240 Idcirco
1787 4187 2085 4246 asserimus

486 4263 844 4332 conjunctum
888 4266 1003 4321 sive
1032 4265 1358 4331 adunatum,
1385 4269 1549 4326 simul
1581 4272 1745 4328 etiam
1780 4274 2082 4335 discretum

486 4366 554 4408 ac
607 4353 954 4416 distinctum.
982 4356 1189 4413 sanctis
1247 4358 1535 4430 discipulis
1594 4365 1855 4420 traditum
1914 4368 2087 4427 fuisse

2184 3182 2336 3247 θείας
2362 3181 2496 3253 πρὸς
2520 3180 2580 3234 τὸ
2598 3179 2816 3252 πνεῦμα
2838 3181 2934 3252 τῆς
2961 3179 3218 3250 ἀληθείας
3235 3197 3251 3212 ο
3277 3179 3310 3250 ἢ
3341 3179 3443 3249 τῆς
3462 3180 3772 3251 δυνάμεως,

2182 3274 2321 3347 πρὸς
2368 3274 2428 3327 τὸ
2468 3272 2687 3345 πνεῦμα
2734 3273 2834 3344 τῆς
2875 3271 3155 3345 δυνάμεως
3180 3280 3197 3297 ⁸
3227 3272 3342 3327 ἀλλ’
3383 3273 3445 3338 ἐξ
3492 3274 3670 3328 ἀϊδίου
3696 3274 3775 3346 τῷ

2182 3367 2362 3437 Πατρὶ
2394 3364 2832 3436 ὲνθεωρουμένου
2861 3364 2954 3418 τοῦ
2982 3363 3112 3418 Υἱοῦ
3134 3380 3147 3395 ·
3181 3364 3241 3427 ὃς
3264 3367 3380 3418 ἐστι
3404 3364 3566 3434 σοφία
3592 3382 3660 3419 τε
3681 3367 3776 3420 καὶ

2183 3454 2428 3526 ἀλήθεια,
2460 3456 2554 3508 καὶ
2588 3453 2770 3526 βουλὴ,
2807 3455 2901 3509 καὶ
2937 3456 3114 3526 ἰσχῦς,
3144 3455 3240 3508 καὶ
3272 3454 3490 3524 γνῶσις,
3525 3456 3621 3509 καὶ
3644 3457 3775 3510 σύνο·

2185 3564 2326 3611 εσις·
2363 3547 2422 3611 ἐξ
2470 3546 2643 3600 ἀϊδίου
2682 3547 2777 3599 καὶ
2820 3546 2881 3599 τὸ
2910 3546 3136 3618 Πνεῦμα
3172 3545 3233 3599 τὸ
3283 3546 3436 3615 ἅγιον
3465 3545 3617 3618 αὐτῷ
3650 3564 3778 3603 συν-

2186 3638 2469 3707 θεωρεῖται
2496 3655 2508 3667 ο
2531 3638 2668 3708 ὅπερ
2692 3637 2807 3690 ἐστὶ
2832 3636 3054 3708 Πνεῦμα
3078 3636 3270 3705 σοφίας
3288 3654 3347 3691 τε
3375 3636 3469 3690 καὶ
3489 3637 3773 3708 ἀληθείας,

2187 3731 2282 3785 καὶ
2311 3729 2525 3801 βουλῆς,
2560 3729 2655 3783 καὶ
2700 3728 2998 3794 συνέσεως·
3037 3729 3130 3783 καὶ
3179 3730 3357 3784 πάντα
3389 3730 3458 3784 τὰ
3500 3730 3639 3785 ἄλλα
3673 3731 3776 3785 ὅσα

2184 3823 2215 3875 ό
2247 3821 2374 3885 Υἱός
2405 3822 2521 3874 ἐστι
2547 3821 2641 3874 καὶ
2669 3819 3016 3891 ὀνομάζεται.
3047 3820 3146 3875 Διά
3170 3821 3328 3874 τοῦτό
3355 3840 3533 3893 φαμεν
3563 3840 3777 3894 συνημ-

2191 3912 2347 3984 μένον
2368 3912 2483 3983 ἅμα
2504 3912 2597 3966 καὶ
2616 3911 3033 3984 διακεκριμένον
3052 3912 3444 3984 παραδεδόσθαι
3463 3914 3575 3976 τοῖς
3596 3914 3776 3981 ἁγίοις

2191 4004 2459 4077 μαθηταῖς
2496 4004 2559 4058 1:6
2598 4004 2696 4076 τῆς
2734 4003 3015 4068 εὐσεϐείας
3063 4005 3358 4077 μυστήριον
3380 4022 3394 4036 '
3437 4004 3497 4058 τὸ
3522 4004 3635 4059 δεῖν
3686 4024 3777 4058 πι-

2189 4096 2399 4149 στεύειν
2438 4096 2518 4159 είς
2548 4094 2609 4148 τὸ
2648 4094 2819 4165 ὄνομα
2846 4093 2938 4148 τοῦ
2972 4096 3203 4167 Πατρὸς,
3242 4096 3333 4148 καὶ
3364 4092 3457 4148 τοῦ
3489 4094 3644 4157 Υίοῦ,
3679 4096 3777 4146 καὶ

2185 4183 2280 4240 τοῦ
2312 4186 2464 4254 ἁγίου
2512 4184 2859 4254 Πνεύματοςο
2900 4184 2932 4254 ἡ
2968 4183 3067 4252 μὲν
3112 4184 3220 4254 γὰρ
3262 4183 3370 4236 τῶν
3416 4181 3811 4236 ὑποστάσεωνπ

2190 4275 2407 4346 ἰδιότης,
2438 4274 2643 4346 τρανήν
2676 4290 2734 4325 τε
2775 4273 2869 4326 καὶ
2900 4272 3206 4344 ἀσύγχυτον
3244 4275 3477 4327 ποιεῖται
3505 4273 3606 4344 τὴν
3638 4290 3776 4344 προ-

2189 4365 2384 4422 σώπων
2409 4364 2722 4434 διαστολήν·
2752 4364 2810 4418 ἓν
2838 4364 2896 4418 δὲ
2922 4364 3092 4435 δνομα
3119 4364 3474 4436 προκείμενον
3499 4364 3599 4435 τῆς
3631 4364 3775 4417 κιτά

487 4442 707 4513 pietatis
767 4445 1113 4516 mysterium,
1166 4462 1361 4517 nempe
1413 4459 1669 4521 oportere
1733 4457 1961 4515 credere
2020 4459 2073 4515 in

2182 4457 2278 4530 τὴν
2321 4455 2501 4509 πίστιν
2552 4455 2839 4519 ἐκθέσεως,
2877 4456 3065 4527 σαφῶς
3092 4457 3226 4527 ἡμῖν
3262 4456 3361 4527 τὴν
3409 4454 3642 4528 ἑνότητα
3673 4456 3791 4529 τῆςγ

485 4549 687 4591 nomen
720 4533 924 4603 Patris,
956 4547 1011 4592 et
1035 4536 1177 4604 Filii,
1210 4547 1264 4594 et
1302 4537 1539 4609 Spiritus
1564 4546 1760 4600 sancti.
1811 4546 1942 4603 Nam
1986 4550 2086 4622 hy-

485 4636 786 4698 postasemv
835 4630 1141 4700 proprietas
1185 4644 1367 4685 veram
1418 4639 1473 4687 et
1537 4635 1884 4693 inconfusam
1943 4641 2084 4697 hanc

483 4719 650 4775 efﬁcit
695 4735 1056 4791 personarum
1094 4722 1524 4780 diStinctiouem.
1559 4723 1738 4782 Unum
1770 4738 1953 4785 autem
1987 4748 2085 4787 no-

484 4827 612 4867 men
668 4814 1008 4883 propositum
1059 4816 1419 4885 expositionis
1464 4832 1586 4887 quae
1640 4825 1725 4874 est
1779 4821 2079 4876 secundum

486 4905 672 4970 ﬁdem,
709 4905 1000 4961 manifesto
1025 4909 1187 4965 nobis
1216 4912 1485 4988 unitatem
1517 4913 1774 4968 essentia:
1815 4929 2078 4984 persona-

484 5011 609 5050 rum
644 5011 765 5067 quae
795 5004 925 5052 sunt
958 4997 1014 5053 in
1057 4999 1160 5055 [ide
1183 5000 1595 5071 interpretatur,
1630 5001 1755 5057 dico
1786 5001 1988 5068 Patris,
2026 5016 2080 5061 et

484 5083 631 5151 Filii,
659 5096 714 5143 et
757 5087 995 5160 Spiritus
1026 5090 1225 5155 sancti,
1260 5090 1532 5162 siquidem
1567 5108 1664 5164 per
1705 5094 1805 5151 has
1839 5098 2080 5167 appella-

484 5181 666 5238 tiones
702 5197 812 5238 non
852 5192 1062 5238 naturae
1096 5183 1458 5240 diﬂ‘erentiam
1493 5185 1777 5255 docemur,
1807 5190 1901 5244 sed
1933 5191 2078 5246 solas

486 5271 864 5342 hyposlasewv
889 5276 1285 5348 γνωριστικὰς,
1332 5278 1385 5333 id
1420 5288 1504 5334 est
1535 5294 1896 5350 personarum
1935 5284 2079 5339 noti-

488 5364 622 5418 ticas
648 5368 1034 5436 proprietates.
1085 5369 1159 5424 Ita
1208 5379 1265 5424 ut
1315 5386 1416 5426 nos
1461 5385 1859 5443 cognoscamus
1900 5390 2076 5442 neque

2181 4550 2366 4611 οὐσίας
2395 4547 2501 4601 τῶν
2532 4548 2590 4600 ὲν
2616 4549 2682 4619 τῇ
2711 4549 2891 4603 πίστει
2920 4548 3229 4621 προσώπων
3257 4548 3627 4619 διερμηνεύει,
3661 4547 3777 4599 Πα-

2181 4640 2309 4713 τρός
2345 4656 2405 4692 τε
2451 4637 2596 4707 λέγω
2627 4640 2722 4692 καὶ
2769 4639 2901 4694 Υίοῦ
2946 4641 3040 4695 καὶ
3080 4639 3396 4710 Πνεύματος
3442 4639 3636 4708 ἁγίου·
3682 4638 3776 4693 διὰ

2181 4737 2291 4809 γὰρ
2327 4736 2435 4791 τῶν
2465 4735 2711 4806 κλήσεων
2744 4733 2968 4800 τούτων,
3002 4732 3064 4785 ού
3090 4731 3304 4801 φύσεως
3330 4731 3596 4803 διαφορὰν
3629 4731 3775 4784 διδα-

2183 4830 2445 4903 σκόμεθα,
2471 4828 2609 4883 ἀλλὰ
2635 4828 2802 4898 μόνας
2830 4826 2928 4889 τὰς
2954 4825 3063 4879 τῶν
3104 4825 3456 4879 ύποστὰσεων
3489 4841 3776 4897 γνωριστι-

2182 4923 2286 4986 κάς
2321 4922 2611 4992 ἰδιότητας.
2637 4920 2801 4974 Ὥστε
2839 4916 3132 4986 γινώσκειν
3154 4919 3323 4989 ἡμᾶς,
3357 4917 3494 4988 μήτε
3520 4917 3647 4970 Υίὸν
3677 4916 3772 4970 τὸν

2182 5013 2404 5086 Πατέρα
2433 5007 2594 5077 εἶναι,
2634 5011 2768 5082 μήτε
2812 5009 3035 5081 Πατέρα
3059 5007 3150 5062 τὸν
3191 5007 3321 5061 Υίόν
3344 5022 3358 5036 ’
3397 5007 3536 5079 μήτε
3571 5007 3700 5065 Υίὸν
3734 5006 3772 5076 ἢ

2181 5105 2272 5159 τὸν
2299 5103 2539 5176 Πατέρα,
2573 5101 2606 5175 ἢ
2636 5101 2697 5154 τὸ
2722 5099 2948 5172 Πνεῦμα
2984 5099 3046 5153 τὸ
3079 5099 3235 5169 ἆγιον
3255 5115 3269 5128 ⁸
3305 5099 3420 5154 ἀλλ’
3451 5100 3680 5152 ἕκαστον
3710 5100 3773 5152 ἐν

2182 5197 2259 5268 τῷ
2311 5197 2563 5262 ίδιάζοντι
2596 5195 2697 5266 τῆς
2728 5192 3078 5257 ὑποστάσεως
3099 5192 3405 5264 χαρακτῆρι
3441 5192 3732 5264 γνωρίζειν
3752 5206 3769 5220 ο

2182 5290 2240 5341 ὲν
2283 5289 2519 5360 ἀορίστῳ
2557 5286 2872 5357 τελειότητι,
2903 5285 2999 5339 καὶ
3030 5286 3114 5353 ἐφ’
3144 5284 3336 5338 ἑαυτοῦ
3369 5283 3766 5370 θεωρούμενον,

2182 5378 2275 5431 καὶ
2302 5376 2410 5430 ἀπὸ
2447 5375 2539 5430 τοῦ
2570 5375 2910 5446 συνημμένου
2940 5374 2999 5428 ού
3034 5374 3406 5447 διαιρούμενον

487 5454 687 5512 Filium
738 5459 952 5518 Patrem
1003 5479 1143 5530 esse,
1178 5481 1354 5536 neque
1398 5464 1610 5522 Patrem
1645 5465 1866 5533 Filium,
1903 5485 2082 5541 neque
2115 5470 2315 5525 Filium
2349 5471 2432 5526 vel
2460 5468 2675 5524 Patrem
2705 5484 2848 5535 esse,
2882 5470 2965 5525 vel
2999 5468 3261 5539 Spiritum
3304 5475 3557 5524 sanctum
3593 5486 3607 5521 :
3664 5467 3768 5522 sed

488 5569 934 5628 unumquemque
983 5560 1037 5613 in
1065 5561 1286 5632 proprio
1313 5571 1366 5617 et
1399 5563 1658 5632 peculiari
1691 5563 2060 5635 hypostasew;
2101 5567 2422 5621 charactere
2479 5574 2887 5635 permanentem
2933 5564 3303 5632 intelligamus
3378 5563 3434 5618 in
3481 5559 3768 5618 indeﬂnita

489 5646 827 5719 perfectione
867 5659 1034 5719 atque
1074 5652 1127 5704 in
1174 5654 1356 5723 seipso
1404 5657 1770 5722 considerari,
1805 5666 1859 5712 et
1893 5674 1923 5712 a
1955 5660 2258 5729 coniuncto
2293 5660 2409 5715 sive
2443 5659 2598 5714 unito
2631 5674 2739 5712 non
2769 5656 2963 5711 dividi.

561 5739 707 5809 Quid
751 5740 918 5812 igitur
957 5740 1089 5795 illud
1126 5743 1394 5829 signiﬁcat
1440 5749 1833 5806 iunomiua'bilc
1878 5766 2076 5808 nomen

2258 5752 2322 5807 Τί
2352 5746 2443 5806 οῦν
2476 5752 2728 5823 σημαίνει
2777 5748 2832 5802 τὸ
2873 5748 3304 5821 ἀκατονόμαστον
3338 5747 3507 5819 ὄνομα
3551 5742 3667 5817 περὶ
3693 5731 3766 5798 οὗ

1796 5842 1864 5853 ουκ-νη
