4032 6208
270 316 354 375 us
1419 312 1699 372 CONTRA
1740 312 2132 383 EUNOMIUM,
2173 314 2369 372 man.
3403 321 3505 379 ω

266 433 418 490 εἰπὼν
444 436 474 489 ὁ
499 432 733 506 Κύριος;
769 433 853 488 ὅτι
876 428 1235 505 βαπτίζοντες
1266 434 1463 499 αὐτοὺς
1493 438 1575 500 εἰς
1613 435 1676 489 τὸ
1707 433 1822 489 δνο-

1936 435 1989 491 le
2011 451 2120 507 quo
2147 436 2229 492 sic
2261 436 2523 492 Dominus
2555 434 2771 497 locutus
2801 441 2923 496 est?
2963 440 3119 508 Quod
3162 442 3510 515 baptizanles

266 543 352 595 μα,
375 526 432 581 οὐ
455 524 794 597 προσέθηκεν
812 525 984 597 αὐτὴν
1010 527 1110 597 τὴν
1139 527 1486 599 σημαντικὴν
1513 527 1696 598 φωνὴν
1718 526 1818 597 τὴν

265 619 357 673 ὑπὸ
379 619 465 673 τοῦ
497 620 766 691 ὀνόματος
806 620 1165 692 δηλουμένην.
1216 621 1432 693 Ταύτην
1469 621 1665 693 ἔχομεν
1691 622 1819 690 περὶ

260 711 402 767 αὐτοῦ
427 711 527 782 τὴν
556 712 797 767 διάνοιαν
820 728 835 745 ο
865 714 949 767 ὄτι
980 714 1156 767 πάντα
1185 713 1256 767 τὰ
1287 714 1345 767 ὲν
1371 717 1437 784 τῇ
1460 713 1632 766 κτίσει
1667 712 1814 779 ὄντα,

260 801 331 855 διὰ
361 802 453 873 τῆς
500 801 612 855 τῶν
659 802 941 875 ὀνομάτων
988 805 1267 876 σημασίας
1316 804 1816 876 περιλαμϐάνεταν

258 896 331 948 iss
359 894 462 965 γάρ
494 894 727 961 οὐρανὸν
757 894 949 960 εἰπὼν,
995 897 1088 950 ἐπὶ
1132 898 1194 952 τὸ
1239 897 1565 970 δηλούμενον
1590 896 1695 951 ὐπὸ
1724 894 1817 949 τοῦ

255 987 497 1057 ὀνόματος
524 986 731 1057 κτίσμα
759 988 860 1058 τὴν
892 988 1130 1042 διάνοιαν
1164 987 1256 1042 τοῦ
1289 988 1579 1052 ἀκούοντος
1608 989 1782 1060 ἤγαγε
1800 1002 1817 1019 ο

256 1078 337 1132 καὶ
356 1079 385 1131 ὁ
410 1077 724 1149 ἀνθρώπου,
755 1080 789 1151 ἦ
819 1097 965 1144 τινος
991 1081 1101 1133 τῶν
1128 1079 1282 1146 ζώων
1321 1080 1578 1152 μνησθεὶς
1605 1081 1690 1133 ἐπ’
1713 1080 1822 1135 ὀνό-

256 1187 427 1241 ματος,
473 1169 639 1233 εὐθὺς
682 1171 743 1224 τὸ
774 1167 915 1235 εἶδος
952 1170 1044 1223 τοῦ
1076 1172 1215 1236 ζὼου
1247 1173 1326 1244 τῷ
1356 1172 1611 1241 ἀκηκοότι
1640 1173 1822 1225 ἐνετυ-

254 1264 460 1319 subacto
483 1281 499 1294 ·
547 1266 644 1318 καὶ
677 1264 746 1318 τὰ
774 1263 910 1318 ἀλλα
943 1266 1122 1321 πάντα
1151 1266 1413 1330 ὡσαύτως
1440 1266 1527 1320 διὰ
1560 1265 1666 1319 τῶν
1702 1268 1821 1319 ἐπι-

252 1357 505 1427 κειμένων
548 1356 831 1426 ὀνομάτων
880 1357 1343 1430 ὲνζωογραφεῖται
1386 1359 1451 1429 τῇ
1498 1357 1693 1429 καρδίᾳ
1725 1355 1819 1411 τοῦ

248 1450 327 1505 διὰ
362 1451 463 1519 τῆς
493 1450 666 1520 ἀκοῆς
696 1450 1142 1522 παραδεξαμένου
1189 1450 1289 1522 τὴν
1327 1448 1694 1521 προσηγορίαν
1723 1449 1821 1520 τὴν

246 1540 596 1610 ἐπικειμένην
624 1539 703 1610 τῷ
735 1541 1043 1611 πράγματι.
1080 1540 1232 1610 Μόνη
1269 1539 1327 1592 δὲ
1360 1541 1393 1609 ἡ
1433 1538 1687 1602 άκτιστος
1724 1536 1823 1606 φύ-

244 1649 338 1696 σις,
370 1634 403 1703 η
452 1633 514 1685 ἐν
548 1631 629 1702 τῷ
664 1631 838 1706 Πατρί
879 1648 939 1684 τε
979 1632 1073 1685 καὶ
1102 1631 1215 1701 Υἱῷ
1245 1632 1338 1684 καὶ
1366 1629 1647 1701 Πνεύματι
1682 1629 1822 1701 ἁγίῳ

240 1723 623 1794 πιστευομένη,
657 1725 901 1792 κρεῖττον
942 1723 1122 1792 πάσης
1154 1722 1300 1776 ἐστὶν
1334 1721 1697 1792 ὀνομαστικῆς
1726 1738 1815 1792 ση-

1923 526 2074 597 ipsos
2117 530 2172 582 in
2204 543 2427 591 nomen,
2466 544 2576 583 non
2623 529 2832 617 addidit
2880 518 3508 606 ipsam‘signiﬁcativatn

1920 630 2114 671 vocem
2146 632 2268 685 qua:
2309 618 2415 672 sub
2454 617 2556 672 hoc
2606 617 2828 673 nomine
2871 619 3201 677 declaratur.
3250 624 3386 679 lllud
3427 623 3509 679 sic

1924 705 2298 778 intelligimus,
2323 707 2470 778 quod
2515 708 2697 763 omnia
2752 725 3086 781 quaecunque
3127 719 3312 767 creata
3354 722 3506 776 sunt.

1924 800 2206 853 nominum
2240 800 2643 871 signiﬁcatione
2667 805 3229 873 comprehenduntur.
3254 803 3391 859 Nam
3413 806 3506 876 qui

1924 891 2122 943 coelum
2149 888 2305 953 dixit,
2341 890 2409 943 ad
2434 905 2555 944 eam
2585 905 2706 960 quae
2733 889 2836 947 hoc
2883 893 3104 947 nomine
3144 891 3506 961 signiﬁcatur,

1925 989 2228 1035 creaturam
2275 980 2544 1036 audientis
2589 989 2825 1037 mentem
2875 982 3110 1046 induxit,
3169 994 3222 1038 et
3265 983 3359 1054 qui
3402 983 3506 1038 ho-

1925 1070 2090 1126 minis
2120 1071 2201 1126 vel
2231 1072 2464 1141 alicujus
2507 1072 2824 1127 animalium
2853 1076 2970 1144 ipso
3021 1075 3239 1129 nomine
3272 1076 3508 1132 utentio—

1926 1178 2051 1217 nem
2091 1162 2238 1227 fecit,
2274 1166 2457 1219 statim
2495 1166 2729 1235 speciem
2767 1165 3023 1220 animalis
3071 1168 3126 1221 in
3156 1169 3343 1222 animo
3389 1167 3509 1237 ejus

1926 1254 2018 1323 qui
2051 1254 2274 1317 audivit,
2306 1255 2603 1323 impressit.
2637 1254 2837 1309 Eodem
2868 1264 3035 1325 pacto
3066 1258 3173 1310 alia
3204 1258 3387 1312 omnia
3412 1271 3510 1328 per

1927 1343 2182 1415 imposita
2234 1346 2453 1399 nomina
2519 1346 2820 1416 pinguntur
2869 1346 2925 1400 in
2989 1340 3156 1403 corde
3201 1348 3363 1417 ejus,
3411 1346 3506 1419 qui

1927 1448 2024 1502 per
2059 1432 2301 1488 auditum
2344 1435 2552 1504 accepit
2582 1434 2996 1504 appellationem
3031 1436 3107 1490 rei
3151 1437 3504 1506 impositam:

1928 1524 2045 1579 sola
2077 1531 2256 1577 autem
2292 1523 2532 1578 increata
2575 1533 2790 1589 natura,
2829 1539 2948 1594 quae
2977 1525 3031 1579 in
3058 1523 3238 1588 Patre,
3268 1534 3322 1581 et
3345 1523 3506 1589 Filio,

1926 1622 1982 1669 et
2014 1613 2220 1684 Spiritu
2255 1622 2448 1669 sancto
2491 1614 2754 1678 creditur,
2787 1606 2935 1668 omni
2966 1617 3311 1685 praestantior
3348 1622 3433 1671 est
3457 1624 3511 1670 et

1926 1706 2119 1761 melior
2159 1705 2396 1759 nominis
2428 1705 2760 1775 signiﬁcatu.
2796 1705 3005 1763 Idcirco
3036 1705 3298 1772 Verbum,
3342 1707 3393 1762 id
3423 1714 3510 1763 est

239 1815 458 1886 μασίας.
498 1815 602 1868 Διά
627 1813 785 1867 τοῦτο
817 1814 986 1885 ὄνομα
1015 1813 1185 1868 είπὼν
1212 1815 1240 1868 ὁ
1266 1813 1438 1882 Λόγος
1468 1815 1525 1865 ἐν
1549 1816 1616 1885 τῇ
1649 1830 1824 1884 παρα-

1936 1795 2099 1852 Filius
2155 1796 2285 1883 ilei,
2349 1812 2473 1850 cum
2529 1797 2583 1849 in
2642 1796 2764 1850 ﬁdei
2830 1797 3122 1851 traditione
3178 1797 3405 1854 dixisset
3456 1799 3510 1853 in

233 1909 373 1961 ὤσει
400 1907 507 1977 τῆς
536 1906 793 1971 πίστεως,
823 1904 885 1958 τὸ
922 1904 981 1957 τί
1000 1904 1060 1956 οὐ
1096 1904 1401 1976 προσέθηκε
1421 1922 1434 1935 ·
1478 1904 1594 1968 πῶς
1622 1904 1729 1975 γὰρ
1757 1902 1823 1957 ἂν

233 1999 488 2070 εὖρεθείη
540 1998 716 2068 ὗνομα
764 1996 857 2050 ἐπὶ
898 1995 1223 2067 πράγματος
1263 1996 1292 2049 ὃ
1339 1995 1479 2066 ὑπὲρ
1528 1997 1635 2048 πᾶν
1679 1997 1825 2048 ἐστιν

230 2092 399 2161 δνομα
434 2108 452 2157 ;
502 2089 649 2143 Ἀλλ’
688 2087 934 2154 ἐξουσίαν
975 2088 1203 2154 ἔδωκεν,
1245 2088 1393 2151 ὅπως
1447 2087 1513 2141 ἂν
1541 2073 1824 2159 χοίρήσῐὶή

231 2178 441 2231 διάνοια
474 2175 638 2247 ἡμῶν
662 2175 900 2240 εὐσεϐῶς
918 2175 1209 2246 κινουμένη
1249 2176 1429 2248 εὑρεῖν
1454 2193 1507 2229 τι
1536 2176 1707 2247 ὄνομα
1727 2177 1826 2246 τῆς

233 2267 647 2339 ὑπερκειμένης
711 2266 925 2336 φύσεως
974 2267 1298 2320 ἐνδεικτικόν
1335 2284 1349 2297 ·
1411 2266 1569 2320 τοῦτο
1629 2266 1827 2336 ὁμοίως

233 2356 577 2428 ἐφαρμόζειν
608 2357 782 2428 Πατρί
829 2372 888 2411 τε
930 2358 1023 2411 καὶ
1068 2357 1180 2428 Υἱῷ
1211 2358 1307 2410 καὶ
1341 2356 1481 2428 ἁγίῳ
1511 2340 1785 2428 Ιίνεύμαὲι
1810 2399 1827 2426 ,

237 2444 347 2499 εἶτε
436 2446 501 2497 τὸ
552 2444 778 2514 ἀγαθῦν,
836 2445 949 2499 εἴτε
1010 2445 1071 2499 τὸ
1100 2445 1396 2517 ἄφθαρτον,
1445 2446 1582 2518 ὅπερ
1618 2447 1827 2516 νομίσει

240 2535 468 2598 ἔκαστος
487 2535 641 2599 ἀξιον
662 2532 802 2590 εἶναι
826 2535 961 2607 πρὸς
981 2535 1202 2605 ἔνδειξιν
1226 2538 1325 2607 τῆς
1353 2538 1630 2608 ἀκηράτου
1653 2555 1830 2611 παρα-

243 2624 621 2694 λαμϐάνεσθαι
649 2625 862 2697 φύσεως
884 2643 897 2656 ·
932 2629 1027 2681 καὶ
1055 2629 1212 2683 τοῦτο
1235 2629 1293 2682 δέ
1325 2645 1415 2699 μοι
1446 2629 1594 2683 δοκεῖ
1617 2630 1704 2684 διὰ
1732 2631 1831 2700 τῆς

254 2708 516 2776 ὲκθὲσεως
557 2714 761 2785 ταύτης
792 2715 1103 2784 νομοθετεῖν
1136 2713 1166 2765 ὁ
1191 2712 1364 2786 Λόγος
1390 2733 1403 2748 ·
1451 2718 1830 2775 τὸπεπεῖσθαι

261 2801 485 2874 ἄρρητον
529 2821 587 2858 τε
622 2806 716 2860 καὶ
761 2806 1141 2876 ἀκατάληπτον
1187 2806 1250 2859 τὸ
1302 2808 1404 2879 τῆς
1455 2808 1600 2874 θείας
1644 2812 1831 2877 οὐσίας

270 2892 416 2949 εἶναι.
462 2897 701 2969 Φανερὸν
735 2899 845 2969 γάρ
890 2900 971 2952 ὅτι
1005 2902 1038 2970 ἡ
1073 2898 1169 2953 τοῦ
1214 2898 1428 2971 Πατρὸς
1472 2903 1684 2972 κλῆσις,
1732 2905 1833 2959 οὐκ

277 2989 441 3051 οὐσίας
475 2991 589 3043 ἐστὶ
628 2991 1007 3062 παραστατική
1031 3006 1046 3021 ⁸
1098 2991 1233 3045 ἀλλὰ
1277 2992 1375 3063 τὴν
1410 2994 1547 3064 πρὸς
1579 2995 1671 3048 τὸν
1706 2995 1831 3049 Υίὺν

1925 1870 2285 1957 ηοιηση,ιίιιο(1
2308 1896 2456 1943 esset
2489 1888 2541 1941 id
2579 1903 2773 1942 nomen
2814 1905 2923 1943 non
2958 1888 3188 1943 addidit.
3224 1890 3511 1954 Quomodo

1924 1981 2069 2037 enim
2102 1980 2340 2034 inveniri
2391 1989 2578 2050 posset
2614 1995 2809 2035 nomen
2841 1980 2891 2034 ei
2929 1980 3005 2036 rei
3042 1991 3228 2051 aptum
3260 1997 3381 2050 qua:
3411 1996 3510 2035 no-

1926 2088 2049 2127 men
2084 2086 2244 2126 omne
2268 2072 2603 2140 exsuperat?
2635 2071 2728 2125 sed
2771 2079 3091 2140 potestatem
3135 2070 3284 2136 fecit,
3324 2079 3380 2125 ut
3406 2087 3506 2142 pro

1927 2173 2086 2235 captu
2118 2181 2220 2220 suo
2267 2165 2622 2236 intelligentia
2665 2174 2875 2227 nostra,
2911 2167 2997 2237 pie
3028 2175 3324 2232 commota,
3355 2167 3510 2223 inve-

1927 2260 2069 2313 niret
2109 2257 2328 2327 aliquod
2358 2274 2576 2323 nomen,
2620 2259 2766 2329 quod
2806 2262 3303 2330 superetnincntem
3351 2270 3514 2315 natu-

1927 2364 2046 2402 ram
2076 2346 2392 2403 ostenderet
2428 2363 2441 2400 :
2491 2348 2733 2417 illudque
2759 2349 3012 2406 similiter
3050 2353 3511 2417 accommodaret,

1927 2449 1982 2496 et
2017 2439 2184 2504 Patri,
2219 2448 2274 2494 et
2313 2437 2470 2507 Filio,
2510 2448 2563 2494 ct
2594 2440 2824 2511 Spiritui
2857 2451 3087 2509 sancto;
3143 2445 3257 2499 sive
3308 2444 3511 2499 bonum

1929 2534 2046 2589 sive
2078 2531 2492 2602 incorruptibile
2531 2531 2759 2598 diceret,
2808 2534 2892 2589 vel
2934 2534 3092 2609 quod
3132 2536 3515 2607 unusquisque

1929 2625 2322 2680 existimaverit
2369 2624 2593 2694 dignum
2635 2641 2761 2682 esse
2813 2640 3095 2681 assumere
3151 2627 3220 2682 ad
3283 2627 3514 2685 immor-

1930 2716 2057 2773 talis
2117 2727 2172 2772 et
2230 2723 2446 2771 aeterna:
2494 2723 2706 2770 natura:
2739 2715 3287 2771 demonstrationem.
3337 2717 3515 2788 Atque

1930 2807 2036 2863 hoc
2089 2806 2221 2862 mihi
2279 2805 2493 2863 videtur
2546 2806 2852 2861 secundum
2916 2804 3058 2859 hanc
3119 2805 3512 2874 expositionem

1935 2897 2171 2956 Verbum
2202 2898 2318 2970 lege
2361 2899 2632 2963 sanxisse;
2687 2911 2885 2968 nempe
2929 2907 2987 2952 ut
3033 2896 3389 2967 persuaderet
3434 2897 3518 2951 di-

1933 2988 2117 3043 vinam
2147 2991 2439 3051 essentiam
2484 2989 2612 3061 quid
2646 3005 2769 3045 esse
2812 2986 3109 3052 ineli‘ahile,
3144 3004 3254 3044 non
3293 3004 3519 3045 enarra-

283 3078 445 3147 σχίσιν
468 3081 861 3151 ἀποσημαίνει·
891 3079 1086 3135 οὐκοῦν
1111 3083 1161 3134 εί
1186 3083 1407 3138 δυνατὸν
1437 3081 1506 3156 ἦν
1533 3088 1598 3157 τῇ
1627 3084 1832 3152 ἀνθρω-

1936 3082 2044 3139 bile
2093 3091 2149 3138 et
2205 3082 2772 3153 incomprehensibile.
2807 3080 3167 3153 Perspicuum
3217 3090 3303 3136 cst
3344 3083 3516 3147 enim,

288 3170 399 3241 πίνῃ
440 3171 592 3240 φύσει
641 3172 831 3226 οὐσίαν
881 3171 1197 3243 διδαχθῆναι
1250 3172 1386 3227 Θεοῦ
1416 3190 1428 3204 ·
1500 3173 1535 3226 ὁ
1602 3175 1833 3245 πάντας

286 3259 454 3315 θέλων
490 3262 757 3333 σωθῆναι
789 3263 888 3316 καί
930 3267 1018 3331 εἰς
1052 3263 1381 3335 ἐπίγνωσιν
1417 3265 1700 3334 ἀληθείας
1733 3267 1833 3324 u-

286 3351 411 3413 θεῖν,
442 3354 537 3407 οὐκ
560 3354 628 3408 ἂν
652 3354 753 3426 τὴν
795 3356 924 3428 περὶ
960 3356 1150 3409 τούτου
1182 3356 1385 3425 γνῶσιν
1422 3359 1828 3431 ἀπεσιώπησεν.

287 3441 384 3497 Νῦν
408 3443 461 3497 δὲ
498 3444 576 3516 τῷ
601 3445 768 3516 μηδὲν
794 3446 921 3518 περὶ
953 3448 1053 3518 τῆς
1084 3450 1270 3512 οὐσίας
1299 3451 1491 3514 εἰπεῖν,
1527 3449 1726 3518 ἔδειξεν
1752 3452 1833 3505 ὅτι

287 3532 474 3606 ἐκείνης
499 3535 597 3607 μὲν
622 3538 657 3607 ἡ
689 3538 887 3605 γνῶσις
919 3540 1198 3611 ἀμήχανος
1217 3556 1233 3572 ⁸
1270 3541 1300 3594 δ
1330 3541 1387 3595 δὲ
1412 3541 1697 3615 χωροῦμεν
1732 3561 1834 3615 μα-

288 3623 467 3691 θόντες,
489 3628 640 3682 οὐδὲν
665 3628 758 3683 τοῦ
785 3631 1069 3701 ἀχωρήτου
1090 3632 1319 3703 δεόμεθα
1340 3649 1354 3664 °
1389 3632 1663 3705 ἀρκοῦσαν
1692 3636 1839 3706 ἔχον-

288 3728 367 3776 τες
398 3717 524 3787 πρὸς
554 3719 655 3790 τὴν
688 3722 964 3791 σωτηρίαν
1002 3721 1160 3792 ἡμῶν
1189 3723 1288 3793 τῆς
1323 3724 1719 3796 παραδοθείσης
1758 3725 1840 3780 διο

287 3803 555 3873 δασκαλίας
594 3811 697 3881 τὴν
747 3811 948 3865 πίστιν.
1001 3813 1074 3867 Τὸ
1107 3814 1217 3885 γάρ
1270 3815 1459 3885 μαθεῖν
1512 3818 1592 3870 ὅτι
1638 3820 1841 3885 ἐκεῖνός

286 3896 388 3950 ἔστι
412 3902 469 3953 τὸ
494 3902 663 3965 δντως
688 3902 751 3955 ὃν
780 3920 794 3934 ·
821 3896 868 3971 ᾧ
892 3902 979 3956 διὰ
1016 3904 1116 3975 τῆς
1152 3906 1406 3976 σχετικῆς
1439 3909 1646 3975 ἑννοίας
1684 3914 1717 3983 ἡ
1746 3912 1840 3966 τοῦ

289 3987 406 4040 Tim?
431 3993 777 4063 μεγαλειότης
814 3995 1284 4062 συναναφαίνεται.
1339 3997 1372 4068 ἠ
1420 3995 1727 4072 τελειοτάτη
1761 4002 1840 4056 δι-

286 4076 522 4136 δασκαλία
551 4083 653 4153 τῆς
692 4083 971 4148 εὐσεϐείας
1005 4086 1138 4149 ἐστὶ,
1171 4086 1266 4139 τοῦ
1299 4087 1453 4150 Υίοῦ,
1485 4084 1664 4154 καθὼς
1691 4092 1842 4165 εἴρη-

288 4184 384 4234 ται,
419 4173 770 4244 συνημμένως
816 4174 933 4244 μεθ’
968 4174 1160 4229 ἑαυτοῦ
1190 4177 1251 4230 τὸ
1283 4178 1505 4249 Πνεῦμα
1550 4179 1649 4250 τῆς
1695 4180 1840 4253 ζωῆς

282 4275 337 4312 τε
363 4264 447 4315 καὶ
475 4264 726 4335 ἀληθινὸν
750 4265 1251 4339 συνενδεικνυμένου
1274 4285 1289 4301 ο
1321 4270 1506 4341 ἐπειδὴ
1538 4273 1699 4337 αὐτός
1722 4275 1837 4329 ἐστι

282 4353 362 4404 καὶ
389 4354 499 4427 ζωὴ
523 4356 619 4410 καὶ
650 4357 898 4429 ἀλήθεια.

1938 3176 2082 3246 quod
2102 3175 2274 3230 Patris
2294 3175 2581 3246 appellatio
2629 3188 2737 3227 non
2753 3181 2837 3229 est
2867 3174 3116 3228 essentia:
3138 3172 3519 3244 signiﬁcatrix,

1940 3267 2037 3323 sed
2089 3266 2372 3322 relationis
2409 3267 2477 3320 ad
2518 3264 2714 3319 Filium
2754 3264 2943 3319 index.
2991 3263 3049 3318 Si
3092 3263 3258 3336 igitur
3312 3274 3522 3323 natura:

1938 3360 2191 3415 humanae
2219 3358 2299 3416 fas
2327 3367 2475 3417 esset
2518 3359 2612 3415 Dei
2653 3358 2951 3416 essentiam
2996 3356 3183 3413 doceri
3234 3365 3287 3415 et
3338 3361 3520 3430 perci-

1940 3465 2100 3521 pere;
2137 3450 2227 3505 ille
2271 3451 2364 3519 qui
2391 3449 2499 3504 vult
2520 3467 2697 3504 omnes
2731 3449 2907 3505 salvos
2937 3447 3075 3518 ﬁeri,
3110 3458 3160 3503 et
3192 3448 3261 3502 ad
3289 3451 3523 3507 ueritatis

1938 3542 2256 3613 agnitionem
2295 3544 2466 3596 veizire
2488 3541 2555 3608 ⁸³,
2610 3558 2718 3597 non
2750 3542 2817 3597 de
2847 3541 2951 3596 hoc
2987 3540 3363 3612 cognitionem
3393 3542 3524 3598 reti-

1940 3634 2175 3690 cuisset:
2201 3648 2350 3688 nunc
2387 3644 2566 3688 autem
2604 3649 2729 3689 cum
2766 3633 2904 3687 nihil
2932 3633 2999 3688 de
3032 3634 3272 3689 essentia
3298 3633 3521 3696 dixerit,

1941 3723 2181 3780 ostendit
2233 3723 2381 3794 quod
2437 3724 2531 3778 illa
2580 3723 2824 3795 cognitio
2877 3722 3066 3778 haberi
3105 3723 3255 3779 nulla
3305 3722 3525 3778 solertia

1940 3814 2139 3886 possit.
2161 3812 2318 3880 Quod
2342 3823 2521 3868 autem
2546 3813 2616 3867 ah
2644 3813 2738 3867 illo
2758 3810 2937 3867 edocti
2960 3820 3141 3866 mente
3168 3811 3522 3881 percipimus,

1942 3907 2283 3964 demonstrat
2342 3906 2488 3977 quod
2548 3921 2613 3962 eo
2662 3903 2809 3976 quod
2850 3903 3240 3974 comprehendi
3300 3903 3527 3958 minime

1944 4009 2123 4072 potest
2164 4015 2272 4055 non
2317 4014 2583 4069 egemus;
2618 3995 2975 4054 sullieientem
3025 3994 3092 4049 ad
3144 3995 3375 4050 salutem
3424 4010 3527 4048 no-

1944 4102 2113 4148 stram
2147 4092 2411 4147 habentes
2463 4089 2674 4144 traditae
2704 4086 2971 4141 doctrinae
3000 4085 3182 4140 ﬁdem.
3216 4084 3349 4138 Nam
3382 4086 3437 4139 in
3454 4100 3519 4140 eo

1944 4181 2089 4256 quod
2113 4183 2380 4238 discimus
2409 4179 2554 4249 quod
2604 4178 2695 4232 ille
2735 4185 2819 4232 est
2854 4178 2906 4231 id
2938 4177 3085 4248 quod
3112 4193 3240 4233 vere
3265 4189 3371 4240 est,
3418 4193 3530 4248 quo

1941 4277 2164 4333 nomine
2198 4275 2361 4330 etiam
2390 4272 2511 4326 Filii
2550 4270 2951 4341 magniﬁcentia
2989 4287 3084 4339 per
3107 4272 3389 4326 relativam
3429 4285 3532 4329 no-

1940 4370 2116 4426 titiam
2157 4364 2488 4428 ostenditur,
2538 4361 2939 4434 perfectissima
2984 4360 3283 4434 Religionis
3329 4372 3532 4419 nostin

272 4444 506 4505 doctrina
542 4459 655 4516 est,
684 4466 807 4506 cum
852 4452 995 4508 sicut
1023 4454 1135 4524 jam
1169 4469 1334 4525 supra
1399 4457 1608 4513 dictum
1650 4472 1757 4528 est,
1824 4463 1998 4524 Filius
2055 4461 2392 4534 conjunctim
2431 4466 2487 4514 et
2521 4472 2629 4512 una
2689 4472 2815 4512 cum
2858 4457 2978 4528 ipso
3025 4455 3263 4529 Spiritus
3310 4458 3432 4512 vitae
3476 4462 3533 4510 et

270 4544 504 4598 veritatis
539 4552 1004 4599 eommonstretur
1032 4563 1044 4598 :
1077 4547 1344 4615 siquidem
1398 4548 1513 4619 ipse
1539 4559 1624 4606 est
1656 4554 1763 4609 vita
1796 4566 1849 4612 et
1886 4560 2110 4615 veritas.

328 4639 548 4694 Τούτων
588 4638 733 4692 οὓτω
767 4640 1129 4712 διῃῃμένων,
1167 4644 1345 4696 πᾶσαν
1386 4647 1666 4720 αἱρετικὴν
1708 4651 1832 4705 ὐπο-

2012 4653 2111 4710 llis
2139 4652 2323 4721 itaque
2352 4648 2435 4704 sic
2474 4644 2753 4702 distinctis
2789 4658 3007 4699 omnem
3049 4641 3364 4698 hazreticam
3408 4641 3523 4710 opio

253 4730 419 4800 ληψιν
452 4734 512 4785 ὲν
553 4734 664 4794 τοῖς
700 4730 864 4795 θείοις
899 4732 1165 4802 δόγμασιν
1203 4733 1709 4805 ἀναθεματίζοντες,
1752 4759 1843 4797 πι-

248 4820 561 4890 στεύομεν,
579 4818 762 4882 καθὼς
804 4819 1159 4892 ἐδιδάχθημεν
1197 4822 1301 4876 ὐπὸ
1349 4824 1450 4894 τῆς
1495 4827 1586 4880 τοῦ
1638 4830 1842 4903 Κυρίου

242 4912 462 4981 φωνῆς,
511 4910 595 4973 είς
636 4909 699 4962 τὺ
738 4908 907 4981 ὄνομα
943 4910 1036 4964 τοῦ
1080 4912 1290 4985 Πατρὸς
1326 4914 1419 4967 καὶ
1460 4915 1552 4968 τοῦ
1592 4917 1721 4972 Υίοῦ
1750 4921 1845 4975 καὶ

234 5002 335 5056 τοῦ
379 5002 555 5070 ἁγίου
599 5001 913 5073 Πνεύματος
945 5020 958 5034 ·
1011 5004 1400 5075 ὁμολογοῦντες
1432 5008 1570 5078 μετά
1604 5010 1703 5082 τῆς
1754 5012 1846 5066 πί-

234 5108 432 5157 στεως
456 5091 685 5164 ταύτης.
711 5094 809 5147 καὶ
827 5095 927 5166 τὴν
948 5096 1248 5168 γενομένην
1280 5099 1429 5169 παρά
1453 5099 1548 5153 τοῦ
1576 5104 1844 5158 Δεσπότου

234 5188 339 5257 τῆς
384 5187 633 5249 κτίσεως
678 5185 817 5258 ὑπὲρ
852 5186 963 5240 τῶν
1002 5188 1305 5261 ἀνθρώπων
1337 5192 1645 5263 οἰκονομίαν
1678 5210 1691 5224 ⁸
1746 5197 1852 5261 Ὃς

234 5280 307 5332 ἓν
328 5275 562 5349 μορρῇ
594 5278 739 5331 Θεοῦ
770 5278 1072 5347 ὑπάρχων,
1100 5282 1213 5350 οὐχ
1247 5280 1556 5352 ἁρπαγμὸν
1584 5285 1853 5354 ἡγήσατο

234 5372 307 5422 τὸ
336 5366 514 5424 εἶναι
556 5363 663 5421 ἴσα
694 5366 815 5434 6εῷ
835 5413 847 5433 ,
881 5371 1016 5424 ἀλλ’
1062 5370 1281 5425 ἐαυτίν
1316 5373 1573 5427 ἑκένωσε
1613 5376 1855 5446 μορρὴν

232 5457 722 5515 δείελον-λωτῶν
744 5476 759 5491 ⁸
790 5461 883 5515 καὶ
913 5462 1217 5532 σαρκωθεὶς
1238 5463 1296 5515 ἐν
1324 5467 1388 5535 τῇ
1412 5465 1538 5537 ἁγίᾳ
1571 5467 1851 5539 Παρθένῳ,

234 5553 379 5606 ἐξω-ε
392 5552 620 5624 placato
649 5553 793 5622 ἡμᾶς
815 5555 877 5607 ὲκ
904 5554 996 5607 τοῦ
1028 5553 1261 5608 θανάτου
1282 5573 1294 5585 ο
1333 5557 1391 5608 ἐν
1422 5550 1466 5625 ᾧ
1498 5560 1858 5631 κατειχόμεθα

318 5737 387 5770 θ
432 5732 450 5787 1
487 5731 730 5786 τίιιιοιιι.
771 5749 829 5797 ιι,
867 5734 921 5788 ιι.
998 5736 1040 5766 ³⁸
1073 5734 1301 5796 Phiiipo.
1334 5755 1389 5799 tl,
1423 5740 1474 5792 ti.

1949 4746 2172 4802 nionem
2215 4742 2271 4796 in
2315 4739 2519 4796 divinis
2572 4736 2809 4793 decretis
2851 4735 3188 4791 detestantes
3230 4734 3531 4798 credimus,

1950 4836 2096 4891 sicut
2125 4848 2156 4887 a
2186 4830 2401 4888 Domini
2426 4843 2559 4884 voce
2577 4826 2723 4882 docti
2746 4824 2969 4892 luimus,
3004 4827 3057 4878 in
3102 4840 3301 4881 nomen
3327 4822 3532 4888 Patris.

1949 4930 2005 4977 et
2041 4918 2189 4986 Filii,
2231 4926 2286 4973 et
2329 4916 2569 4988 Spiritus
2608 4914 2828 4971 sancti:
2887 4915 3213 4970 conﬁtentes
3259 4928 3384 4969 cum
3433 4913 3535 4967 hae

1953 5013 2056 5068 ﬁde
2099 5010 2297 5066 iactam
2328 5024 2357 5063 a
2385 5008 2614 5063 Domino
2648 5013 2917 5061 creaturae
2952 5022 3051 5076 pro
3078 5005 3391 5062 hominibus
3421 5004 3536 5060 dis-

1956 5103 2360 5175 pensationem,
2394 5099 2500 5167 Qui
2547 5114 2666 5152 cum
2706 5097 2762 5151 in
2796 5097 2972 5167 [arma
3006 5097 3099 5151 Dei
3122 5106 3278 5164 esset,
3308 5113 3413 5151 non
3448 5113 3537 5150 ra-

1956 5198 2137 5265 pinam
2164 5194 2469 5248 .arbitratus
2497 5200 2575 5246 est
2613 5205 2802 5245 essese
2838 5188 3093 5259 a'qualem
3136 5187 3264 5251 Deo,
3314 5187 3405 5242 sed
3457 5203 3537 5243 se-

1960 5288 2243 5356 metipsum
2306 5284 2598 5339 exinaniri!
2626 5323 2641 5347 ,
2698 5282 2929 5351 formam
2981 5279 3117 5334 servi
3164 5279 3426 5347 accipiens
3467 5278 3535 5340 “.

1958 5378 2210 5447 atquein
2239 5385 2430 5431 sancta
2479 5374 2701 5445 Virgine
2739 5374 3054 5428 incarnatus
3098 5386 3162 5425 es
3216 5379 3391 5427 morte
3437 5385 3539 5427 nos

1960 5470 2211 5535 redemit,
2234 5469 2413 5539 inqua
2437 5466 2815 5522 detinebamur
2836 5464 2943 5519 sub
2964 5470 3190 5533 peccato
3221 5462 3536 5526 venundati.

1967 5562 2107 5619 dans
2154 5561 2607 5634 permutationem
2676 5556 2794 5612 sive
2852 5555 3087 5626 pretium
3146 5553 3538 5627 redemptionis
