4032 6208
510 305 620 363 475

1743 296 1799 350 S.
1832 291 2160 349 GREGORII
2184 291 2472 350 NYSSENI

3652 284 3753 341 £76

516 423 823 480 animarum
858 427 1167 478 nostrarum
1215 433 1374 474 suum
1411 416 1710 488 pretiosum
1738 415 2085 486 sanguinem,
2121 461 2125 473 ,

2224 415 2302 468 ηπδ
2353 414 2453 484 τῆς
2506 412 2781 484 ἁμαρτίας
2827 408 3202 482 πεπραμένον
3264 406 3384 471 δοὺς
3416 408 3761 480 ἀντάλλαγμα

517 530 678 585 quem
727 529 821 583 per
860 526 1078 566 crucem
1136 508 1346 576 eﬂudit,
1399 526 1465 564 ac
1510 524 1604 579 per
1648 524 1709 564 se
1754 507 1910 591 nobis
1951 505 2094 559 viam

516 604 711 660 stravit
735 603 801 657 ad
829 602 1312 658 resurrectionem.
1355 599 1548 655 Veniet
1568 598 1712 654 enim
1741 598 1859 653 suis
1891 606 2098 665 tempo-

519 694 673 749 ribus
712 695 768 747 ln
810 693 980 764 gloria
1019 691 1196 746 Patris
1236 706 1452 748 omnem
1498 690 1737 744 animam
1782 689 1841 743 in
1883 686 2099 756 justitia

513 785 910 857 indicaturus:
957 783 1177 856 quando
1231 798 1421 838 omnes
1472 781 1567 851 qni
1626 781 1680 835 in
1731 778 2099 834 monumentis

522 883 651 931 sunt
705 875 929 929 audient
975 888 1163 928 vocem
1211 872 1352 942 ejus,
1389 880 1444 927 et
1484 870 1777 942 prodibunt
1814 869 1907 939 qui
1959 867 2099 921 bona

520 966 729 1039 egerint
752 966 805 1020 in
831 965 1293 1021 resurrectionem
1340 968 1485 1027 vitae,
1518 961 1610 1033 qui
1662 976 1793 1016 vero
1839 960 2002 1022 mala,
2044 958 2099 1012 in

525 1058 986 1113 resurreCtionem
1043 1055 1235 1126 judicii
1289 1055 1357 1108 ".
1420 1055 1600 1121 Quare
1651 1068 1717 1107 ne
1768 1052 1822 1106 in
1866 1051 2101 1121 aliquem

520 1149 917 1219 simpliciorum
942 1147 1279 1216 inexplorate
1304 1145 1493 1214 illapsa
1518 1142 1772 1198 haeretica
1803 1140 2099 1204 discordia,

521 1255 641 1311 quae
703 1254 849 1294 nunc
906 1239 975 1294 ab
1031 1236 1298 1292 Eunomio
1347 1236 1778 1299 disseminatur,
1832 1233 2102 1287 sinceram

523 1333 682 1387 ﬁdem
713 1342 765 1385 et
796 1329 1102 1385 doctrinam
1139 1328 1300 1383 laadat
1337 1335 1390 1382 et
1426 1327 1709 1396 depravet,
1739 1328 2104 1394 proponeutes

521 1423 919 1494 expositionem
952 1436 1073 1491 qum
1110 1421 1179 1474 ab
1208 1419 1344 1489 ipsis
1389 1416 1797 1476 circumfertur,
1833 1411 2105 1483 dogmatis

523 1516 769 1586 ipsorum
807 1514 1130 1584 pravitatem
1159 1512 1488 1580 redarguere
1509 1507 1857 1562 conabimur.
1955 1508 1969 1519 '

602 1756 696 1810 Sic
728 1754 891 1823 igitur
924 1750 1126 1804 habent
1183 1747 1347 1801 verba
1394 1741 1705 1814 dogmatis:
1734 1737 2012 1794 Credimus
2050 1737 2106 1790 in
2141 1744 2181 1801 Β

541 1863 703 1901 mium
724 1855 770 1899 et
798 1844 967 1898 solum
998 1855 1171 1894 rerum
1208 1837 1371 1890 Deum
1394 1831 1676 1888 secundum
1704 1830 1868 1898 ipsius
1894 1828 2109 1881 Domini

526 1937 845 1999 doctrinam,
880 1950 985 1986 non
1012 1930 1231 1985 mentita
1265 1943 1385 1981 voce
1413 1927 1583 1993 ipsum
1609 1921 1830 1976 colentes
1856 1934 1947 1986 (es!
1970 1922 2109 1975 enim

528 2030 698 2084 omnis
724 2025 982 2080 mendacii
1010 2023 1241 2091 expers),
1273 2018 1361 2072 sed
1395 2033 1513 2071 eum
1545 2017 1767 2085 quivere
1796 2022 1873 2067 est
1914 2023 2108 2066 natura

526 2136 575 2179 el
596 2123 787 2192 gloria,
819 2119 952 2172 Dens
992 2132 1149 2179 nuru,
1185 2113 1379 2183 absque
1416 2109 1700 2180 principio,
1741 2117 1953 2167 a'lcrnc,
1997 2106 2113 2160 sine

531 2218 656 2286 ﬁne,
689 2213 852 2267 solus.
908 2209 1011 2275 Qui
1056 2206 1357 2262 secundum
1392 2203 1606 2257 Domini
1649 2202 1953 2255 doctrinam
1988 2215 2111 2253 cre-

528 2308 656 2362 dere
692 2301 964 2372 promisit,
999 2300 1363 2367 ne'pervertat
1399 2294 1597 2348 factam
1622 2292 1689 2345 ab
1727 2291 2110 2346 universorum

533 2395 764 2448 Domino
803 2391 926 2445 lidei
974 2388 1393 2459 expositionem,
1448 2383 1516 2438 ad
1563 2384 1613 2438 id
1668 2382 1812 2452 quod
1853 2382 1960 2438 sibi
2007 2382 2110 2452 ipsi

531 2487 766 2549 videtur,
809 2482 904 2537 sed
946 2480 1175 2535 vocibus
1213 2493 1243 2531 a
1274 2477 1502 2532 veritate
1549 2473 1810 2546 profectis
1840 2475 2113 2529 assentia-

530 2585 641 2632 tur.
675 2576 792 2630 lllic
830 2574 996 2643 igitur
1020 2586 1143 2625 cum
1174 2568 1394 2623 verbum
1428 2567 1550 2622 iidei
1574 2566 1970 2635 complectatur
2016 2581 2114 2618 no-

534 2685 654 2723 men
684 2667 885 2728 Patris,
917 2672 972 2720 et
993 2661 1141 2726 Filii,
1174 2670 1229 2717 et
1265 2659 1505 2730 Spiritus
1538 2660 1739 2724 sancti,
1773 2672 1937 2727 quam
1978 2672 2113 2711 con-

536 2760 843 2815 sonantiam
877 2757 1078 2810 habent
1102 2769 1167 2809 ca
1196 2768 1319 2823 qua:
1344 2768 1490 2807 nunc
1515 2763 1643 2807 sunt
1664 2752 1964 2821 composita
1989 2765 2113 2804 cum

537 2852 752 2907 Domini
791 2850 1044 2910 vr-eibus,
1076 2855 1136 2901 ut
1160 2846 1225 2899 ad
1258 2844 1475 2898 illorum
1509 2843 1815 2898 doctrinam
1853 2843 1961 2897 tale
1976 2842 2115 2913 dog-

537 2962 624 2999 ma
640 2943 811 3014 possit
834 2939 1026 2995 rel‘erri
1049 2935 1325 2992 “IUbinam
1350 2936 1488 2991 dixit
1516 2935 1779 2989 Dominus
1798 2934 1851 2988 in
1874 2932 2117 3004 Evange-

539 3036 629 3090 liis
650 3040 904 3105 Oportcre
926 3028 1149 3083 credere
1174 3028 1227 3082 in
1254 3042 1423 3082 unum
1447 3036 1496 3082 et
1517 3027 1691 3082 solum
1712 3040 1899 3081 verum
1916 3025 2119 3080 Deum?

538 3126 661 3179 Non
680 3099 903 3193 possent
933 3119 1342 3175 ostenderenisi
1380 3118 1737 3188 liabeantipsi
1777 3132 1976 3171 novum
2019 3117 2118 3171 ali-
2149 3099 2192 3157 (ἶ

539 3215 685 3285 quod
703 3211 1074 3283 Evangelium.
1093 3208 1222 3275 ριιιῑι
1239 3210 1383 3264 enim
1404 3209 1471 3262 ab
1490 3209 1731 3277 antiquis
1748 3221 1842 3276 per
1873 3206 2125 3260 traditio-

541 3322 664 3360 nem
699 3303 766 3358 ad
800 3304 914 3357 bmc
953 3318 1127 3372 usque
1179 3308 1428 3369 tempora
1477 3300 1531 3352 in
1560 3298 1819 3353 Ecclesiis
1848 3299 2125 3366 leguntur,

542 3399 686 3451 lianc
734 3409 921 3449 vocem
963 3410 1070 3447 non
1093 3392 1399 3454 continent,
1420 3405 1541 3459 qua!
1556 3390 1703 3445 dicat
1719 3398 1990 3460 oportere,
2009 3405 2129 3445 cre-

543 3489 674 3544 dere
706 3488 787 3541 vel
808 3486 1086 3556 baptizare
1121 3485 1175 3538 in
1210 3498 1377 3536 unum
1418 3489 1471 3536 et
1494 3483 1670 3536 solum
1705 3496 1893 3535 verum
1939 3481 2126 3545 Deum,

544 3579 1002 3652 quemadmodum
1021 3578 1106 3631 isti
1125 3583 1430 3637 autumant,
1448 3574 1542 3629 sed
1576 3574 1629 3628 in
1652 3589 1848 3628 nomen
1862 3573 2058 3639 Patris,
2076 3581 2130 3628 et

548 3670 695 3736 Filii,
726 3679 779 3725 et
812 3668 1051 3739 Spiritus
1081 3666 1280 3721 sancti.
1313 3663 1423 3719 Nos
1459 3672 1640 3718 autem
1676 3662 1822 3718 sicut
1873 3676 1902 3714 a
1948 3661 2131 3716 Domi-

552 3762 607 3817 ni
635 3776 769 3815 γουσι
811 3760 988 3814 ι·ιΙο‹-ιὶ
1022 3757 1257 3823 luimus,
1291 3757 1395 3811 ltoc
1433 3755 1731 3811 asscrimus
1781 3754 1924 3824 quod
1969 3770 2132 3807 unum

549 3870 658 3909 non
692 3853 905 3907 Patrem
949 3850 1220 3921 significat
1257 3850 1457 3914 solum,
1483 3846 1579 3902 sed
1607 3848 1771 3902 etiam
1809 3845 2009 3900 Filium
2053 3847 2133 3901 si-

551 3945 665 4000 mul
698 3960 821 3997 eum
861 3942 1019 3997 Patre
1059 3940 1422 4005 demonstrat,
1470 3954 1595 3993 cum
1645 3940 1725 3994 sic
1771 3938 1908 3992 dixit
1959 3938 2137 3992 Domi-

552 4051 681 4098 nus,
715 4033 826 4104 Ego
848 4043 898 4087 et
931 4032 1092 4085 Pater
1130 4048 1291 4085 unum
1350 4047 1533 4085 sumus
1586 4029 1654 4082 ⁸⁸.
1712 4030 2024 4095 Quinetiam
2081 4037 2136 4085 et

551 4125 771 4181 deitatis
812 4124 1103 4194 appellatio
1149 4122 1435 4193 mqualiter
1480 4121 1737 4191 imposita
1770 4131 1854 4175 est
1883 4132 1938 4175 et
1985 4121 2137 4191 prin~

551 4218 719 4286 cipio,
748 4218 799 4269 in
823 4232 932 4286 quo
964 4224 1081 4269 erat
1106 4213 1370 4278 Verbum,
1410 4225 1462 4269 et
1495 4214 1599 4284 ipsi
1638 4213 1816 4268 Verbo
1840 4213 1985 4281 quod
2020 4221 2139 4267 erat

553 4309 608 4362 in
641 4308 930 4378 principio.
974 4305 1115 4360 Dixit
1151 4306 1297 4360 enim
1332 4305 1479 4374 quod
1533 4305 1697 4360 etiam
1751 4303 1971 4358 Verbum
2020 4312 2137 4357 erat

560 4396 700 4465 apud
729 4396 896 4449 Deum
928 4396 971 4427 ”
1000 4436 1015 4461 ,
1047 4405 1101 4449 ct
1122 4395 1267 4465 quod
1294 4394 1432 4449 Deus
1451 4404 1566 4449 erat
1609 4394 1854 4449 Verbum.
1894 4393 1967 4447 Ita
1996 4402 2053 4447 nt
2081 4395 2133 4448 in

560 4458 786 4541 deitatis
816 4458 1155 4556 signiﬁcato,
1188 4484 1352 4540 simul
1385 4500 1510 4539 cum
1555 4483 1718 4539 Patre
1754 4483 1927 4539 Filius
1976 4484 2135 4537 intel-
2169 4458 2211 4513 υ

496 4586 503 4591 ’
558 4577 781 4648 ligatur.
821 4576 1093 4631 Praeterea
1120 4575 1173 4630 id
1198 4575 1343 4646 quod
1363 4575 1603 4630 essentia
1638 4590 1828 4629 verum
1854 4583 1959 4639 cst,
2001 4573 2138 4628 nihil

560 4670 710 4725 aliud
743 4680 941 4739 praeter
973 4668 1257 4722 veritatem
1286 4674 1466 4736 potest
1489 4666 1739 4736 intelligi.
1765 4665 1923 4732 Quod
1954 4673 2138 4719 autem

560 4761 825 4816 Dominus
863 4762 935 4816 sit
962 4759 1186 4823 veritas,
1221 4759 1406 4812 nullus
1444 4758 1785 4812 contradicet
1819 4759 2005 4828 plane,
2026 4757 2136 4813 nisi

560 4867 593 4907 a
624 4851 857 4906 veritate
917 4850 1110 4903 devius
1143 4863 1372 4919 prorsus
1402 4857 1457 4903 et
1502 4849 1736 4905 alienus.
1777 4850 1837 4906 Si
1868 4850 2036 4922 igitur
2078 4851 2136 4905 in

565 4959 677 4999 uno
703 4942 942 4997 Verbum
973 4947 1078 5001 est,
1116 4951 1171 4996 et
1208 4940 1347 4995 Deus
1374 4949 1458 4996 est
1490 4948 1545 4996 et
1592 4942 1817 5007 veritas,
1870 4943 2138 5013 quemad-

565 5035 790 5090 modum
844 5033 901 5088 in
932 5032 1240 5104 Evangeliis
1264 5032 1614 5104 praedicatur,
1648 5032 1716 5087 ad
1747 5049 1909 5105 quam
1960 5033 2142 5088 Domi-

564 5127 621 5182 ni
649 5126 955 5182 doctrinam
987 5122 1155 5179 refert
1195 5123 1326 5178 illnd
1364 5124 1583 5196 dogma,
1639 5126 1733 5196 qui
1779 5126 1866 5182 bis
1907 5124 2142 5182 distinc-

567 5217 697 5273 tivis
727 5215 956 5272 vocibus
992 5221 1077 5270 est
1128 5214 1298 5270 usus?
1343 5214 1475 5270 Nam
1507 5217 1782 5271 contraria
1830 5216 2144 5273 ditl‘erenlia

567 5310 742 5366 solius
773 5307 841 5362 ad
878 5321 987 5362 non
1017 5306 1217 5373 solum,
1254 5315 1338 5363 est
1376 5307 1539 5362 etiam
1567 5307 1658 5363 Dei
1695 5309 1761 5363 ad
1793 5324 1903 5363 non
1943 5309 2138 5376 Deum,

566 5410 625 5456 et
653 5401 767 5455 veri
805 5399 873 5452 ad
914 5415 1023 5454 non
1055 5415 1268 5455 verum.
1324 5399 1381 5454 Si
1424 5401 1585 5470 igitur
1622 5401 1688 5455 ad
1737 5401 1879 5456 idola
1927 5404 2144 5460 inmen-

570 5500 676 5554 tes,
707 5490 850 5544 hanc
893 5491 959 5544 ad
1001 5492 1090 5543 illa
1137 5492 1429 5546 verborum
1481 5492 1766 5547 adversam
1816 5493 2140 5551 divisionem

2199 504 2299 573 τῆς
2341 503 2659 575 λυτρώσεως
2688 503 2796 555 τῶν
2845 500 3238 571 ψυχιῖιν.ήμῶν,
3283 500 3344 552 τὸ
3388 500 3564 571 τίμιον
3602 501 3760 555 αὐτοῦ

2198 589 2356 665 αἷμα,
2385 594 2413 647 ὃ
2438 593 2616 664 ἐξέχεε
2646 593 2733 646 διὰ
2764 591 2858 645 τοῦ
2882 590 3113 661 σταυροῦ
3133 608 3146 620 ·
3179 590 3271 644 καὶ⁵
3297 591 3616 661 ὀδοποιήσας
3634 594 3761 661 ἡμῖν

2199 684 2267 737 δι’
2298 683 2493 737 ἑαυτοῦ
2519 684 2618 756 τὴν
2656 684 2720 735 ὲκ
2749 681 2955 754 νεκρῶν
2995 682 3291 736 ἀνάστασιν
3310 698 3325 712 ·
3357 681 3477 750 ἥξει
3506 682 3616 753 γάρ
3646 700 3763 736 και-

2202 777 2314 846 ροῖς
2345 774 2493 838 ἰδίοις
2515 776 2571 827 έν
2600 772 2811 845 τῇ
2831 772 2921 825 τοῦ
2954 770 3164 843 Πατρδς
3189 774 3370 842 κρῖναι
3399 773 3576 825 πᾶσαν
3593 772 3766 844 ψυχὴν

2201 867 2259 918 ὲν
2303 864 2615 936 δικαιοσύνῃ
2641 880 2655 892 ·
2706 865 2794 916 ὅτε
2856 863 3055 925 πάντες
3115 864 3163 916 οἱ
3214 864 3271 915 ἐν
3316 866 3429 925 τοῖς
3487 864 3767 934 μνημείοις

2201 954 2522 1009 ἀκούσονται
2566 954 2665 1024 τῆς
2704 954 2883 1025 φωνῆς
2911 952 3075 1007 αὑτοῦ
3112 970 3126 983 ·
3179 954 3272 1007 καὶ
3315 954 3676 1020 ἐξελεύσονται
3717 956 3767 1009 oi

2205 1048 2302 1119 μὲν
2330 1046 2398 1100 τά
2423 1046 2598 1116 ἀγαθά
2629 1047 2953 1117 ποιήσαντες
2985 1047 3065 1108 είς
3100 1046 3395 1100 ἀνάστασιν
3422 1046 3565 1118 ζωῆς
3587 1065 3600 1079 ·
3635 1049 3685 1101 oi
3712 1048 3768 1102 δὲ

2202 1137 2269 1190 τά
2296 1136 2475 1207 φαῦλα
2502 1137 2824 1209 πράξαντες,
2857 1138 2937 1200 είς
2979 1136 3273 1190 ἀνάστασιν
3299 1138 3550 1203 κρίσεως.
3594 1138 3680 1203 Ὠς
3706 1138 3773 1194 ἀν

2206 1229 2342 1300 μηδέ
2384 1247 2488 1283 τινι
2517 1228 2626 1282 τῶν
2673 1228 3052 1299 ἁπλουστέρων
3086 1228 3455 1294 ἀνεξετάστως
3486 1247 3774 1302 παρεμπε-

2207 1319 2373 1373 σοῢσα
2402 1321 2436 1391 ἡ
2465 1320 2713 1390 αἱρετικὴ
2739 1319 2985 1391 διαφορά,
3025 1320 3068 1399 ἡ,
3088 1320 3181 1373 νῦν
3208 1320 3359 1391 παρά
3384 1320 3476 1373 τοῦ
3511 1321 3775 1391 Εὐνομίδυ

2203 1411 2621 1482 διασπειρομένη
2647 1453 2662 1476 ,
2714 1412 2932 1483 βλάψειε
2974 1412 3073 1484 τὴν
3122 1414 3413 1485 ἀκέραιον,
3458 1414 3781 1482 ἀναγκαίως

2207 1504 2585 1573 προστιθέντες
2644 1504 2742 1576 τὴν
2795 1502 3230 1578 περιφερομένην
3283 1507 3413 1578 παρ’
3463 1508 3641 1561 αὐτῶν
3684 1507 3794 1561 ἐκ-

2207 1593 2375 1658 θεσιν,
2407 1595 2674 1664 διελέγξαι
2701 1596 2798 1668 τὴν
2825 1597 3022 1652 κακίαν
3048 1596 3141 1651 τοῦ
3168 1597 3433 1668 δόγματος
3459 1599 3637 1652 αὐτῶν
3670 1617 3794 1653 πει-

2213 1684 2511 1754 ρασόμεθα.

2289 1776 2442 1845 Ἔχει
2474 1777 2654 1829 τοίνυν
2680 1778 2713 1847 ἡ
2742 1774 2886 1841 λέξις
2908 1775 3000 1830 τοῦ
3027 1776 3312 1847 δόγματος,
3347 1776 3487 1831 οὕτω
3505 1795 3519 1809 ο
3538 1780 3795 1833 Πιοντεύ-

2219 1882 2367 1932 ομεν
2393 1867 2480 1931 εἰς
2501 1865 2605 1918 τὸν
2627 1865 2735 1919 ἕνα
2766 1866 2861 1919 καὶ
2894 1866 3089 1935 μόνον
3133 1866 3422 1935 ἀληθινόν
3461 1866 3608 1922 Θεὸν
3634 1869 3797 1923 κατὰ

2217 1954 2333 2021 τὴν
2359 1955 2546 2009 αὐτοῦ
2578 1956 2685 2010 τοῦ
2717 1958 2935 2025 Κυρίου
2981 1956 3383 2013 διδασκαλίαν
3402 1976 3417 1990 ’
3464 1962 3575 2014 οὐκ
3609 1962 3797 2029 ἐψευ-

2217 2046 2423 2115 σμένη
2442 2045 2610 2115 ρωνῇ
2637 2049 2915 2117 τιμῶντες
2938 2050 3125 2103 αὐτόν
3142 2064 3155 2078 ·
3189 2050 3321 2104 ἐστι
3345 2050 3456 2119 γὰρ
3480 2050 3756 2120 ἀψευδής
3772 2067 3792 2081 ⁸

2218 2138 2355 2192 ἀλλ’
2393 2138 2577 2205 ὅντως
2620 2140 2763 2193 ὄντα
2795 2141 2976 2208 φύσει
3010 2157 3075 2193 τε
3123 2140 3222 2194 καὶ
3262 2139 3413 2209 δόξῃ
3467 2141 3616 2194 Θεὸν
3657 2141 3794 2205 ἕνα,

2218 2228 2512 2299 ἀνάρχως,
2557 2230 2778 2297 ἁϊδίως,
2822 2230 3247 2298 ἀτελευτήτως,
3286 2232 3498 2300 μόνον.
3552 2232 3613 2286 '0
3653 2234 3799 2287 κατά

2218 2320 2317 2389 τὴν
2366 2319 2457 2373 τοῦ
2508 2319 2708 2392 Κυρίου
2756 2320 3100 2374 διδασκαλίαν
3150 2320 3425 2375 πιστεύειν
3463 2322 3799 2390 ἐπαγγειλά-

2223 2429 2402 2481 μενος,
2434 2411 2510 2482 μὴ
2537 2413 2933 2483 παρατρεπέτω
2954 2413 3053 2483 τὴν
3088 2413 3235 2484 παρά
3262 2412 3355 2466 τοῦ
3387 2414 3656 2468 Δεσπότου
3684 2414 3797 2468 τῶν

2219 2506 2355 2558 ὅλων
2382 2505 2678 2575 γενομένην
2706 2506 2805 2575 τῆς
2841 2505 3075 2568 πίστεως
3104 2505 3336 2569 ἔκθεσιν,
3364 2507 3500 2579 πρὸς
3533 2507 3594 2560 τδ
3614 2509 3801 2579 ἑαυτῷ

2220 2595 2410 2650 δοκοῦν
2434 2614 2469 2627 ’-
2499 2595 2612 2649 ἀλλ’
2654 2595 3011 2650 ἀκολουθείτω
3054 2598 3173 2660 ταῖς
3215 2598 3365 2668 παρὰ
3408 2600 3508 2668 τῆς
3536 2598 3801 2669 ἀληθείας

2223 2690 2446 2756 φωναῖς.
2494 2688 2642 2742 Ἐκεῖ
2682 2688 2859 2742 τοίνυν
2904 2688 2999 2741 τοῦ
3030 2688 3188 2757 λόγου
3225 2689 3326 2759 τῆς
3368 2690 3601 2753 πίστεως
3639 2707 3804 2760 περι-

2224 2780 2439 2851 έχοντος
2470 2780 2530 2833 τὸ
2557 2780 2729 2850 ὄνομα
2755 2779 2849 2834 τοῦ
2880 2780 3111 2851 Πατρδς,
3140 2781 3234 2834 καὶ
3266 2780 3361 2834 τοῦ
3392 2781 3543 2845 Υἰοῦ,
3574 2783 3669 2835 καί⁵
3701 2781 3800 2836 toﬁ

2224 2871 2383 2940 ἁγίου
2408 2869 2744 2941 Πνεύματος,
2773 2871 2895 2925 τίνα
2916 2871 3233 2940 συμιρωνίαν
3255 2871 3369 2942 ἔχει
3398 2871 3467 2925 τά
3489 2872 3582 2926 νῦν
3613 2889 3804 2926 συντε-

2223 2962 2447 3035 θειμένα
2468 2962 2604 3034 πρὸς
2626 2961 2724 3026 τὰς
2755 2961 2848 3016 τοῦ
2870 2962 3139 3015 Δεσπότου
3161 2963 3342 3033 φωνάς
3360 2980 3375 2993 ·
3409 2963 3547 3017 ὥστε
3598 2965 3680 3028 είς
3700 2964 3805 3034 τὴν

2223 3054 2447 3108 ἐκείνων
2496 3053 2844 3108 διδασκαλίαν
2867 3053 2928 3106 τδ
2968 3053 3207 3107 τοιοῦτον
3246 3055 3536 3125 ἀναφέρειν
3580 3054 3800 3126 δόγμα;

2226 3145 2335 3200 Ποῦ
2361 3145 2537 3199 τοίνυν
2563 3140 2683 3198 εἷπε
2707 3144 2817 3198 δεῖν
2844 3144 3119 3199 πιστεύειν
3156 3147 3236 3209 είς
3262 3144 3352 3198 τὸν
3387 3146 3485 3199 ἕνα
3510 3146 3606 3199 καὶ¹
3638 3148 3805 3216 μόνον

2225 3235 2475 3307 ἀληθινὸν
2505 3234 2635 3289 Θεὸν
2664 3236 2722 3289 ὲν
2750 3238 2861 3299 τοῖς
2892 3235 3241 3304 Εὑαγγελίοις
3278 3238 3308 3289 ὁ
3331 3235 3565 3307 Κύριος
3600 3237 3702 3290 οὐκ
3738 3237 3805 3289 ἂν

2227 3328 2399 3399 ἔχοιεν
2421 3326 2700 3393 ἐπιδεῖξαι,
2728 3329 2777 3380 εί
2807 3327 2880 3396 μή
2908 3344 2961 3381 τι
2989 3326 3107 3381 νέον
3127 3327 3243 3380 ἐστὶ
3271 3328 3401 3397 παρ’
3428 3327 3610 3390 αὐτοῖς
3630 3327 3805 3395 Εὐαγο

2230 3414 2411 3483 γέλιον
2430 3428 2443 3442 ⁸
2479 3412 2516 3467 ἀ
2541 3414 2648 3484 γάρ
2680 3412 2740 3478 ἐξ
2762 3414 3002 3486 ἀρχαίων
3032 3415 3194 3486 μέχρι
3215 3414 3309 3468 τοῦ
3334 3414 3431 3468 νῦν
3462 3415 3604 3470 κατά
3629 3415 3810 3469 διαδο-

2232 3501 2332 3573 χὴν
2364 3503 2421 3557 ὲν
2447 3503 2567 3564 ταῖς
2608 3502 2953 3572 Ἐκκλησίαις
2993 3503 3444 3572 ἀναγινώσκεται,
3474 3505 3676 3576 ταύτην
3704 3507 3811 3576 τὴν

2231 3592 2415 3661 φωνὴν
2441 3592 2502 3645 οὐ
2540 3590 2781 3663 περιέχει
2818 3593 2918 3665 τὴν
2953 3593 3217 3662 λέγουσαν
3247 3611 3262 3626 ·
3304 3595 3415 3649 δεῖν
3454 3595 3731 3651 πιστεύειν
3771 3597 3810 3669 ἢ

2234 3683 2509 3755 βαπτίζειν
2538 3686 2617 3747 είς
2644 3684 2734 3737 τὸν
2758 3683 2853 3738 ἕνα
2880 3686 2973 3738 καὶ
3001 3686 3162 3757 μόνον
3181 3685 3429 3757 ἀληθινὸν
3452 3688 3601 3753 Θεὸν,
3623 3689 3815 3753 καθὼς

2233 3767 2377 3829 οὗτοι
2408 3775 2656 3845 λέγουσιν
2680 3793 2693 3806 ⁸
2737 3775 2853 3830 ἀλλ’
2892 3778 2972 3840 είς
2999 3778 3060 3831 τὸ
3092 3778 3261 3849 ὄνομα
3303 3778 3399 3832 τοῦ
3449 3780 3681 3849 Πατρὸς,
3714 3783 3819 3834 καὶ

2234 3867 2329 3921 τοῦ
2368 3867 2531 3930 Υίοῦ,
2567 3867 2660 3921 καὶ
2700 3867 2794 3921 τοῦ
2834 3868 2989 3937 ἀγίου
3032 3869 3369 3939 Πνεύματος.
3425 3871 3512 3935 Ὧς
3550 3872 3610 3925 δὲ
3645 3874 3819 3943 ἡμεῖς

2237 3960 2388 4032 παρὰ
2428 3960 2526 4029 τῆς
2563 3959 2658 4012 τοῦ
2692 3960 2961 4014 Δεσπότου
3010 3962 3193 4033 φωνῆς
3231 3963 3603 4035 ἐδιδάχθημεν,
3646 3965 3823 4019 τοῦτο

2237 4050 2444 4122 φαμέν·
2490 4050 2658 4103 ὅτιτὸ
2692 4052 2801 4104 Ἓν
2842 4053 2902 4105 οὐ
2944 4052 3036 4106 τὸν
3078 4053 3294 4125 Πατέρα
3325 4056 3576 4125 σημαίνει
3623 4056 3818 4127 μόνον,

2237 4141 2373 4196 ἀλλὰ
2401 4142 2494 4194 καὶ
2522 4141 2613 4195 τὸν
2648 4143 2776 4196 Υίὺν
2806 4142 2883 4213 τῷ
2920 4144 3095 4215 Πατρὶ
3123 4145 3548 4200 συνενδείκνυται
3578 4166 3591 4179 ·
3634 4148 3823 4211 οὕτως

2238 4232 2484 4295 εἰπόντος
2522 4231 2616 4284 τοῦ
2661 4232 2901 4303 Κυρίου,
2963 4233 3045 4286 ὅτι
3094 4235 3242 4306 Ἐγὼ
3284 4236 3385 4291 καί
3420 4240 3454 4291 ό
3497 4237 3703 4308 Πατὴρ
3746 4239 3828 4292 ἐν

2238 4321 2452 4389 ἐσμέν.
2500 4320 2729 4392 Ὁμοίως
2750 4321 2871 4376 καὶ·
2891 4322 2951 4378 τὸ
2972 4322 3219 4396 θεότητος
3245 4325 3433 4397 ὄνομα,
3462 4325 3656 4396 ἐπίσης
3690 4328 3828 4380 ὲπι-

2241 4412 2522 4483 κέκληται,
2555 4413 2620 4483 τῇ
2659 4428 2717 4464 τε
2760 4410 2901 4482 ἀρχῇ
2940 4413 2998 4465 ὲν
3105 4416 3135 4468 δ
3171 4415 3376 4485 Λόγος,
3419 4416 3511 4470 καί
3540 4417 3620 4485 τῷ
3657 4419 3720 4470 ὲν
3748 4422 3830 4488 τῇ

2239 4504 2379 4574 ἀρχῇ
2409 4502 2523 4556 ὄντι
2552 4501 2710 4572 Λόγῳ
2728 4518 2740 4530 ·
2779 4498 2899 4555 εἷπε
2927 4502 3032 4576 γὰρ
3055 4506 3136 4558 ὅτι
3164 4506 3263 4560 καὶ
3289 4509 3323 4561 ό
3346 4508 3536 4577 Λόγος
3560 4508 3642 4577 ἦν
3664 4509 3835 4577 πρὸς

2234 4596 2341 4649 τὸν
2369 4593 2537 4659 Θεὸν,
2578 4593 2671 4646 καὶ
2705 4593 2848 4659 Θεὸς
2876 4589 2954 4665 ἦν
2981 4596 3014 4648 ὁ
3046 4596 3272 4663 Λόγοςέ
3321 4597 3461 4652 ὥστε
3501 4601 3596 4653 καὶ
3640 4600 3705 4653 ὲν
3743 4602 3836 4671 τῷ

2232 4685 2330 4756 τῆς
2365 4684 2624 4754 θεότητος
2657 4684 3036 4756 σημαινομένῳ
3061 4686 3263 4755 ὁμοίως
3289 4686 3364 4758 τῷ
3393 4690 3567 4760 [Ιαειῐρλ⁵
3599 4691 3698 4744 καὶ
3732 4692 3836 4745 τὸν

2234 4777 2362 4831 Υίδν
2396 4776 2841 4848 συνθεωρεῖσθαι.
2895 4776 3037 4848 Πρὸς
3077 4777 3286 4843 τούτοις
3329 4780 3388 4833 δὲ
3446 4782 3539 4834 καὶ
3574 4782 3636 4834 τὸ
3687 4782 3836 4851 dir,-

2236 4866 2399 4932 θινδν,
2424 4867 2552 4921 ἄλλο
2571 4884 2624 4921 τι
2646 4871 2794 4940 παρά
2815 4868 2914 4940 τὴν
2935 4869 3190 4941 ἀλήθειαν
3209 4870 3463 4942 νοηθῆναι
3483 4873 3542 4925 ού
3566 4873 3779 4927 δύνατο.
3789 4891 3831 4925 ι’

2236 4964 2318 5018 δτι
2350 4964 2404 5017 δὲ
2437 4964 2662 5037 ἀλήθεια
2687 4966 2716 5017 ὁ
2744 4964 2968 5034 Κύριος,
3002 4965 3177 5031 οὐδεὶς
3205 4966 3467 5033 ἀντιλέξει
3500 4967 3748 5032 πάντως,
3778 4972 3835 5022 εἰ

2241 5055 2315 5125 μή
2348 5071 2433 5117 τις
2462 5052 2545 5124 εἴη
2580 5055 2677 5125 τῆς
2707 5054 2962 5125 ἀληθείας
2991 5055 3286 5128 ἀλλότριος.
3341 5058 3403 5111 El
3427 5057 3609 5111 τοίνυν
3632 5061 3734 5112 καὶ
3770 5062 3841 5113 ὲν

2237 5143 2316 5213 τῷ
2345 5144 2424 5195 ἐνὶ
2490 5144 2518 5195 ὁ
2555 5144 2725 5213 Λόγος
2761 5145 2877 5199 ἐστί
2905 5163 2920 5177 ο
2968 5147 3062 5200 καὶ
3097 5147 3227 5212 Θεός
3269 5149 3404 5213 ἐστι,
3446 5150 3539 5203 καὶ
3567 5150 3837 5220 ἀλήθεια,

2241 5228 2422 5292 καθὼς
2447 5230 2505 5281 ὲν
2534 5233 2645 5293 τοῖς
2678 5232 3024 5302 Εὐαγγελίοις
3050 5235 3402 5309 κηρύσσεται,
3432 5238 3511 5301 εἰς
3540 5238 3706 5292 ποίαν
3728 5239 3839 5292 τοῦ

2247 5320 2453 5390 Κυρίου
2485 5319 2828 5376 διδασκαλίαν
2857 5326 3115 5397 ἀναφέρει
3146 5326 3208 5380 τὸ
3245 5328 3441 5398 δόγμα,
3484 5330 3513 5382 ὁ
3542 5332 3665 5394 ταῖς
3707 5331 3843 5385 δια.-

2249 5412 2560 5475 σταλτικαῖς
2585 5414 2806 5478 ταύταις
2833 5421 3034 5486 φωναῖς
3057 5420 3421 5490 κεχρημένος;
3462 5420 3525 5473 Ἡ
3548 5421 3660 5491 γὰρ
3683 5421 3851 5475 ἀντι-

2247 5504 2495 5576 διαστολὴ
2526 5506 2619 5559 τοῦ
2651 5509 2813 5578 μόνου
2844 5511 2978 5582 πρὸς
3010 5513 3099 5565 τὸν
3131 5514 3204 5585 μὴ
3236 5514 3415 5585 μόνον,
3446 5515 3562 5567 ἐστὶ
3600 5518 3702 5570 καὶ
3738 5514 3850 5570 τοῦ

570 5580 800 5643 faciunt.
825 5596 923 5635 nos
937 5581 1097 5637 ctiam
1122 5583 1473 5639 assentimur.
1509 5582 1789 5652 Siquidem
1830 5600 1926 5653 per
1959 5586 2125 5642 homo

2256 5592 2391 5645 θεοῦ
2425 5594 2557 5665 πρὸς
2590 5597 2680 5649 τὸν
2713 5598 2785 5671 μὴ
2815 5601 2943 5654 Θεόν
2974 5621 2983 5631 ·
3034 5604 3124 5657 καὶ
3161 5603 3251 5658 τοῦ
3293 5603 3541 5680 ἀληθινοῦ
3575 5606 3714 5681 πρὶς
3746 5608 3855 5661 τὸν

645 5692 689 5724 ⁸³
728 5687 883 5746 Joan.
913 5710 963 5759 ν,
987 5694 1075 5747 ‘29.
1140 5696 1184 5727 ⁶⁶
1218 5693 1373 5750 Joan.
1414 5712 1464 5761 χ,
1492 5695 1578 5751 50.
1661 5694 1861 5750 “"Jvatt.
1899 5712 1936 5765 ι,
1971 5697 2017 5751 l.
