4032 6208
205 370 308 428 ιπ

1336 371 1614 428 comas
1645 356 2048 441 suuouiuu,
2092 374 2222 431 LIB.
2263 373 2331 430 ιι.

3366 388 3468 441 478

201 483 276 555 μὴ
305 483 570 555 ἀληθινόν
598 501 610 514 ⁸
661 484 711 538 sl
750 484 851 556 μὲν
882 476 976 539 οῦν
1008 484 1145 556 πρὸς
1172 484 1239 538 τὰ
1274 485 1467 541 εἴδωλα
1504 487 1788 558 βλέποντες

1894 489 2136 560 nymiam
2201 490 2420 545 deitatis
2471 506 2668 547 nomen
2699 495 2939 565 gentium
2977 496 3139 553 idolis
3185 499 3469 554 tribuitur:

199 574 337 644 πρὸς
356 576 543 628 ἐκεῖνα
562 574 839 628 ποιοῦνται
859 573 955 646 τὴν
974 574 1083 627 τῶν
1105 576 1365 646 ῥημάτων
1386 577 1787 649 ἁντεδιαίρεσιν,

199 664 294 717 καὶ
315 665 484 734 ἡμεῖς
518 662 881 734 συντιθέμεθα
901 681 915 697 '
959 662 1080 717 καθ’
1112 664 1432 735 ὁμωνυμίαν
1460 666 1569 739 γὰρ
1599 668 1660 721 τὸ
1691 669 1789 736 τῆς

201 754 454 825 θεότητος
494 754 667 825 ὄνομα
699 757 812 818 τοῖς
840 754 1077 819 εἰδώλοις
1104 755 1212 808 τῶν
1237 756 1406 810 ὲθνῶν
1438 759 1744 826 ὲπιλέγεται
1770 776 1786 790 ο

203 846 440 912 Πάντες
461 847 574 915 τὰρ
587 849 642 900 al
657 846 778 901 θεοί
794 846 913 900 τῶν
936 846 1127 923 ἐθνῶν
1142 846 1416 918 δαιμόνια
1433 865 1448 879 ·
1485 850 1580 903 καὶ
1616 850 1787 914 ἄλλως

199 938 337 1009 πρὸς
361 938 424 991 τὸ
457 938 662 1008 πλῆθος
692 938 1010 1008 ἁντιδιαιρεί
1036 939 1128 992 τὸν
1168 941 1326 1010 μόνον
1348 958 1363 971 ο
1408 944 1500 995 καὶ
1544 942 1680 1016 πρὸς
1719 944 1789 998 τὰ

196 1029 375 1099 ψευδῆ
400 1029 497 1082 τὸν
521 1029 776 1099 ἀληθινόν
800 1046 815 1061 ’
864 1031 958 1083 καὶ
993 1032 1120 1095 τοὺς
1157 1031 1231 1103 μὴ
1266 1032 1427 1096 ὄντας
1461 1034 1618 1098 θεοὺς
1651 1035 1789 1106 πρὸς

198 1122 291 1173 τὸν
314 1121 451 1175 ὄντα
477 1120 631 1174 Θεόν.
659 1121 721 1175 Ei
747 1120 805 1174 δὲ
826 1121 962 1192 πρὸς
984 1122 1078 1175 τὸν
1109 1124 1386 1196 Μονογενῆ
1408 1124 1537 1178 Θεὸν
1582 1128 1615 1193 ἡ
1641 1128 1789 1181 ἀντι-

197 1210 469 1282 διαίρεσις
490 1211 720 1280 γίνεται,
760 1210 1082 1281 μαθέτωσαν
1116 1212 1167 1265 0i
1206 1213 1403 1282 σοφοί·
1448 1214 1526 1267 ὃτι
1566 1215 1789 1286 ἀλήθεια

201 1303 342 1374 πρὸς
383 1304 548 1374 μόνον
573 1302 636 1356 τὸ
662 1302 856 1372 ψεῦδος
901 1301 998 1373 τὴν
1042 1303 1448 1376 ἁντιδιαστολὴν
1492 1306 1603 1375 ἔχει
1632 1324 1646 1338 ·
1697 1309 1789 1361 καὶ

200 1398 335 1459 Θεὸς
366 1395 508 1466 πρὸς
541 1395 634 1448 τὸν
667 1394 741 1465 μὴ
767 1396 898 1449 ὄντα
920 1394 1083 1448 Θεόν*
1113 1394 1207 1449 τοῦ
1237 1396 1293 1449 δὲ
1328 1394 1527 1468 Κυρίου
1559 1399 1618 1461 ὃς
1642 1401 1789 1453 ἐστιν

201 1492 431 1563 ἀλήθεια
459 1491 598 1544 Θεοῦ
628 1492 799 1555 ὖντος,
840 1493 936 1545 καὶ
964 1494 1023 1545 ἐν
1050 1491 1128 1562 τῷ
1170 1493 1345 1563 Πατρὶ
1370 1493 1550 1556 δντοςυ
1594 1492 1689 1545 καὶ
1730 1492 1788 1545 ἓν

202 1583 339 1654 πὼς
367 1584 462 1636 τὸν
492 1583 712 1654 Πατέρα
736 1583 908 1647 ὄντος,
941 1585 1000 1637 αἱ
1032 1584 1402 1638 διασταλτικαὶ
1430 1579 1588 1638 αὗται
1614 1585 1788 1653 φωναὶ

198 1676 292 1727 ἐπὶ
318 1670 415 1727 τοῦ
445 1674 714 1744 δόγματος
743 1674 925 1745 χώραν
957 1676 1058 1728 οὑκ
1091 1674 1303 1747 ἔχουσιν
1328 1692 1342 1705 ⁸
1375 1677 1405 1728 6
1434 1676 1544 1747 γὰρ
1574 1675 1788 1746 ἀληθῶς

198 1768 279 1830 εἰς
306 1765 401 1820 τὸν
431 1766 529 1819 ἕνα
561 1767 832 1820 πιστεύων
863 1766 1049 1836 βλέπει
1081 1769 1138 1821 ὲν
1174 1768 1250 1839 τῷ
1280 1768 1381 1831 ἑνὶ,
1421 1768 1513 1821 τὸν
1545 1768 1632 1823 διὰ
1661 1769 1789 1823 πάν-

198 1874 307 1909 των
352 1856 507 1926 αὑτῷ
535 1858 834 1928 ἡνωμένον,
862 1860 919 1912 ὲν
951 1859 1179 1931 ἀληθείᾳ
1216 1876 1275 1911 τε
1308 1862 1403 1913 καὶ
1428 1859 1662 1929 θεότητι,
1693 1859 1788 1913 καὶ

199 1948 380 2019 οὐσίᾳ,
426 1950 521 2001 καὶ
550 1948 686 2019 ζωῇ,
728 1950 823 2002 καὶ
852 1949 1013 2021 σοφίᾳ
1043 1966 1056 1981 ·
1105 1949 1199 2002 καὶ
1237 1951 1400 2002 πᾶσιν
1429 1948 1782 2016 ἁπαξαπλῶς.

206 2040 275 2092 Ἦ
315 2042 367 2092 εί
405 2040 484 2109 μὴ
515 2039 701 2109 βλέπει
729 2042 788 2093 ἐν
814 2039 893 2110 τῷ
923 2041 1003 2093 ἑνὶ
1031 2040 1120 2098 τὸν
1151 2041 1323 2094 ταῦτα
1348 2042 1498 2105 ὄντα,
1532 2044 1610 2105 είς
1636 2042 1787 2094 οὐδὲν

211 2131 325 2199 ἔχει
364 2132 467 2199 τὴν
502 2130 709 2194 πίστιν,
744 2131 911 2200 χωρὶς
937 2130 1047 2203 γὰρ
1085 2131 1215 2183 Υἱοῦ
1254 2132 1439 2201 Πατὴρ
1469 2130 1592 2184 οὔτε
1646 2131 1788 2184 ἔστιν

202 2222 324 2274 οὔτε
354 2221 580 2289 λέγεται
601 2240 614 2253 ·
652 2221 777 2277 οὑτε
815 2223 920 2295 μὴν
954 2224 1121 2294 χωρὶς
1154 2224 1436 2293 δυνάμεως
1470 2227 1497 2277 6
1525 2223 1747 2287 δυνατός
1772 2238 1787 2255 ⁸

203 2312 325 2367 αὖτε
345 2314 519 2384 χωρὶς
542 2314 736 2383 σοφίας
757 2317 785 2368 6
812 2316 989 2384 σοφός·
1016 2315 1250 2385 Χριστὸς
1269 2314 1377 2388 γὰρ
1402 2314 1537 2368 Θεοῦ
1560 2316 1790 2386 δύναμις

202 2405 294 2458 καὶ
310 2405 478 2472 σοφία
508 2404 666 2458 Θεοῦ.
696 2406 859 2459 ’Ὥστε
876 2409 904 2460 6
919 2408 1015 2478 τῆς
1030 2406 1330 2476 δυνάμεως,
1348 2407 1380 2477 ἦ
1403 2407 1496 2476 τῆς
1512 2407 1787 2476 ἀληθείας,

204 2495 348 2564 ἢτῆς
375 2497 595 2564 σοφίας,
625 2497 660 2567 ἢ
686 2496 786 2566 τῆς
812 2496 976 2568 ζωῆς,
1002 2497 1148 2568 ἢτοῦ
1168 2497 1423 2568 ἀληθινοῦ
1441 2497 1615 2567 φωτὸς
1635 2498 1789 2561 ἐκτὸς

205 2586 424 2655 βλέπειν
473 2587 900 2659 φανταζόμενος,
942 2590 975 2661 ἢ
1017 2590 1168 2643 οὐδὲν
1202 2590 1408 2659 βλέπει,
1446 2590 1477 2659 ἢ
1519 2589 1581 2644 τὸ
1621 2590 1789 2643 κακὸν

204 2680 419 2743 πάντως
452 2680 669 2749 βλέπει·
702 2683 736 2751 ἠ
766 2682 875 2753 γὰρ
914 2682 1021 2735 τῶν
1051 2682 1270 2751 ἀγαθῶν
1300 2681 1667 2753 ὑπεξαίρεσις,
1695 2682 1788 2735 τοῦ

202 2771 371 2824 κακοῦ
408 2771 509 2826 καὶ
551 2772 720 2836 θέσις,
766 2774 860 2827 καὶ
890 2773 1121 2846 ὑπαρξις
1183 2775 1424 2843 γίνεται·
1450 2774 1570 2828 οὔκ
1605 2774 1786 2842 ἐψευ-

194 2863 396 2931 aptam
449 2862 647 2932 φωνῇ,
682 2856 837 2935 φησὶ,
885 2864 1167 2935 τιμῶντες
1219 2868 1406 2920 αὐτόν
1432 2883 1447 2897 ο
1494 2866 1628 2919 ἔστι
1674 2866 1784 2934 τὰρ

1901 577 2094 634 Omnes
2120 581 2260 634 enim
2300 580 2378 634 dii
2420 583 2651 651 gentium
2682 583 2946 639 da'monia
2975 588 3023 619 “
3057 605 3069 641 :
3102 598 3155 641 et
3207 589 3363 643 aliter
3396 589 3464 643 ad

1890 668 2297 724 multitudinem
2329 671 2556 740 opponit
2584 688 2707 731 cum
2739 675 2831 743 qui
2864 675 3017 731 solus
3038 686 3160 734 est:
3193 686 3246 733 et
3274 679 3338 733 ad
3366 678 3465 733 fal-

1891 777 1950 816 sa
1988 778 2113 817 eum
2157 762 2251 831 qui
2295 779 2459 819 verus
2490 772 2595 827 est,
2631 773 2685 818 et
2713 779 2809 819 eos
2847 766 2940 835 qui
2967 766 3041 821 dii
3080 782 3187 821 non
3218 776 3348 825 sunt
3394 768 3461 825 ad

1890 866 2014 906 cum
2046 852 2140 921 qui
2173 852 2317 908 Deus
2371 863 2479 909 est:
2509 853 2664 919 Quod
2701 854 2746 911 si
2796 855 2862 909 ad
2905 856 3244 927 unigenitum
3295 857 3464 914 Deum

1893 942 1949 997 iit
1977 944 2090 999 ha-c
2127 945 2362 1000 adversa
2401 946 2730 1012 dillerentia,
2761 947 2981 1002 discant
3020 949 3109 1003 isti
3164 952 3463 1020 sapientes,

1889 1035 2033 1105 quod
2071 1035 2275 1091 veritas
2305 1035 2371 1089 ad
2401 1036 2577 1091 solum
2613 1036 2954 1091 mendacium
2983 1040 3321 1093 contrariam
3369 1040 3467 1094 ba-

1891 1129 1976 1182 bet
2003 1126 2366 1182 diﬂ'erentiam
2397 1146 2408 1181 :
2435 1138 2489 1182 et
2514 1127 2657 1183 Deus
2682 1128 2748 1183 ad
2774 1145 2898 1183 eum
2934 1130 3027 1200 qui
3057 1147 3165 1183 non
3196 1141 3279 1186 est
3301 1132 3463 1188 Deus.

1890 1219 2027 1273 Cum
2064 1227 2243 1273 autem
2298 1220 2578 1284 Dominus,
2621 1221 2713 1289 qui
2761 1233 2845 1275 est
2876 1223 3100 1287 veritas,
3138 1222 3277 1278 Deus
3309 1226 3378 1279 sit
3411 1234 3466 1280 et

1891 1308 1948 1361 in
1992 1306 2172 1372 Patre,
2213 1318 2268 1363 et
2294 1325 2462 1363 unum
2495 1310 2722 1365 sitcum
2781 1310 2965 1378 Patre,
3021 1314 3104 1367 hae
3157 1313 3465 1373 discretivze

1891 1411 2051 1453 voces
2086 1398 2140 1451 in
2166 1398 2419 1468 dogmate
2449 1398 2626 1454 locum
2664 1415 2773 1455 non
2803 1402 3025 1458 habent.
3052 1403 3185 1458 Nam
3220 1408 3460 1476 quivere

1888 1488 1945 1542 in
1978 1504 2146 1543 unum
2191 1489 2389 1553 credit,
2424 1489 2573 1545 videt
2612 1490 2666 1545 in
2704 1508 2813 1546 uno
2851 1508 2974 1547 eum
3006 1493 3099 1563 qui
3144 1509 3239 1563 per
3281 1496 3465 1549 omnia

1890 1584 1992 1654 ipsi
2034 1587 2220 1640 unitus
2251 1595 2356 1650 est,
2393 1587 2446 1641 in
2480 1588 2734 1652 veritate,
2763 1598 2818 1643 et
2850 1588 3075 1652 deitatc,
3113 1599 3166 1644 et
3199 1593 3463 1656 essentia,

1887 1685 1944 1730 et
1976 1676 2108 1740 vita,
2149 1684 2203 1731 et
2235 1678 2522 1747 sapientia,
2549 1688 2604 1734 et
2634 1681 2687 1732 in
2718 1680 2975 1735 omnibus
3007 1696 3254 1750 prorsus.
3295 1680 3392 1737 Vel
3417 1684 3463 1737 si

1892 1765 1945 1820 in
1996 1781 2106 1819 uno
2140 1781 2248 1820 non
2282 1782 2406 1820 eum
2450 1766 2596 1822 videt
2629 1768 2722 1837 qui
2774 1778 2858 1821 est
2888 1768 3003 1823 haec
3053 1770 3192 1840 ipsa,
3239 1758 3293 1824 in
3328 1769 3465 1825 nihil

1892 1856 2050 1910 iidem
2081 1857 2265 1911 habet.
2297 1856 2432 1910 Nam
2463 1857 2671 1925 absque
2708 1857 2846 1912 Filio
2875 1858 3037 1914 Pater
3059 1874 3234 1929 neque
3256 1869 3341 1916 est
3365 1877 3463 1917 ne-

1821 1913 1859 1967 B
1885 1961 1992 2013 que
2013 1942 2250 2010 dicitur;
2288 1959 2464 2013 neque
2493 1913 2789 2013 quidquam
2824 1946 3033 2015 absque
3068 1913 3309 2015 poientia

1891 2044 2084 2106 potens
2112 2043 2218 2096 est,
2269 2049 2448 2102 neque
2495 2034 2704 2103 absque
2753 2035 3020 2104 sapientia
3071 2037 3165 2105 qui
3217 2038 3460 2107 sapiens.

1888 2127 2139 2181 Christus
2168 2127 2311 2180 enim
2345 2124 2436 2178 Dei
2470 2126 2708 2194 potentia
2737 2135 2791 2179 et
2821 2125 2912 2181 Dei
2943 2128 3230 2197 sapientia.
3275 2128 3458 2194 Quare

1890 2218 1984 2287 qui
2012 2225 2166 2270 extra
2192 2217 2513 2287 potentiam,
2544 2217 2627 2270 vel
2661 2218 2965 2283 veritatem,
2997 2219 3082 2273 vel
3116 2220 3462 2288 sapientiam.

1891 2307 1976 2362 vel
2016 2311 2201 2373 vitam,
2232 2307 2314 2362 vel
2346 2322 2534 2362 verum
2559 2307 2741 2363 lumen
2762 2310 3019 2378 respicit,
3051 2311 3185 2366 falsa
3216 2313 3316 2367 sibi
3347 2314 3465 2367 ani-

1892 2411 1982 2452 mo
2001 2396 2231 2466 ﬁngens,
2253 2396 2334 2451 vel
2353 2395 2488 2450 nihil
2516 2396 2683 2463 videt,
2717 2398 2801 2453 vel
2822 2400 3025 2453 malum
3054 2416 3279 2469 prorsus
3303 2403 3461 2459 videt.

1889 2486 2024 2541 Nam
2041 2488 2312 2543 bonorum
2367 2488 2689 2553 subtractio,
2744 2489 2871 2543 mali
2889 2490 3089 2559 positio
3110 2500 3165 2546 et
3195 2494 3467 2549 exsistun-

1893 2580 1969 2633 tia
1997 2577 2251 2634 eilicitur.
2313 2576 2439 2631 Non
2465 2579 2690 2633 mentita
2743 2596 2884 2645 voce,
2913 2581 3113 2651 inquit,
3156 2584 3328 2650 ipsum
3373 2602 3467 2639 cod

1896 2671 2059 2725 lentes
2090 2686 2108 2723 :
2145 2679 2225 2723 est
2261 2670 2402 2723 enim
2443 2686 2624 2723 rcrax.
2682 2668 2736 2724 In
2804 2671 2905 2725 hac
2952 2688 3087 2728 voce
3141 2675 3464 2731 Eunomium

1890 2778 2085 2834 precor
2101 2777 2420 2834 permanere
2440 2762 2652 2817 veritati
2672 2763 3045 2818 testimonium
3065 2767 3463 2834 perhibentem,

1886 2856 2034 2930 quod
2070 2872 2177 2911 non
2214 2858 2475 2912 mentitur
2502 2857 2662 2912 Deus.

186 2959 501 3029 ἀψευδής.
564 2960 747 3033 Ταύτῃ
791 2964 858 3033 τῇ
911 2964 1060 3034 φωνῇ
1117 2962 1345 3034 εὑχομαι
1393 2962 1487 3015 τὸν
1526 2961 1783 3032 Εὐνόμιον
1822 2954 2100 3026 ἐπιμένειν
2120 2950 2498 3023 μαρτυροῦντα
2516 2953 2579 3022 τῇ
2597 2951 2844 3023 ἀληθείᾳ,
2898 2953 2980 3006 ὅτι
3002 2954 3148 3007 ἐστὶν
3207 2955 3465 3027 ἀψευδής.

263 3054 466 3125 Είγὰρ
493 3053 641 3107 οὑτω
672 3055 893 3126 φρονοίη
929 3056 1010 3109 ὃτι
1039 3059 1146 3109 πᾶν
1181 3057 1242 3109 τὸ
1274 3056 1421 3127 παρὰ
1453 3055 1544 3110 τοῦ
1586 3055 1788 3126 Κυρίου

1965 3046 2023 3102 Si
2072 3048 2216 3102 enim
2266 3049 2339 3101 ita
2380 3045 2602 3109 sentiat,
2658 3047 2804 3116 quod
2851 3046 3118 3119 quidquid
3157 3064 3187 3103 a
3238 3050 3468 3106 Domino

191 3143 498 3217 λεγόμενον
530 3145 627 3199 τοῦ
648 3146 875 3216 ψεύδους
897 3148 1226 3219 κεχώρισται
1242 3168 1256 3181 ο
1280 3149 1631 3221 πεισθήσεται
1654 3149 1788 3201 πάν-

192 3251 303 3301 τως
332 3236 631 3307 ἀληθεύειν
668 3239 759 3291 τὸν
792 3240 1046 3293 είπόντα’
1074 3242 1156 3295 ὅτι
1200 3240 1341 3311 Ἐγὼ
1376 3242 1446 3295 ἐν
1491 3239 1571 3306 τῷ
1607 3239 1807 3308 Πατρί’

193 3325 297 3380 καί
327 3330 364 3381 ό
396 3327 611 3395 Πατὴρ
657 3329 727 3381 ἐν
757 3328 888 3399 ἐμοί
931 3331 1084 3395 ἐστι,
1132 3330 1329 3402 δηλαδὴ
1382 3330 1502 3413 ὅλος
1541 3331 1599 3382 ὲν
1644 3329 1785 3400 ὃλῳ’

194 3415 325 3468 οὔτε
353 3416 455 3471 τοῦ
483 3418 697 3487 Πατρὸς
726 3421 784 3472 ὲν
823 3421 899 3490 τῷ
926 3421 1038 3492 Υίῷ
1076 3423 1479 3492 περιττεύοντος
1500 3438 1513 3451 ·
1534 3420 1656 3475 οὗτε
1693 3420 1787 3474 τοῦ

228 3507 333 3561 Γὶοῦ
364 3510 429 3560 ὲν
458 3507 539 3578 τῷ
575 3511 748 3581 Πατρὶ
777 3511 1055 3574 λείποντος
1078 3530 1091 3544 ο
1120 3514 1214 3566 καὶ
1255 3514 1335 3565 ὅτι
1368 3513 1531 3566 Οὕτω
1560 3512 1675 3581 χρὴ
1708 3529 1789 3565 τι·

189 3599 429 3670 μᾶσθαι
468 3602 578 3655 τὸν
602 3603 735 3655 Υίὸι·
768 3602 962 3670 καθὼς
994 3603 1225 3673 τιμᾶται
1264 3608 1295 3658 ὁ
1323 3604 1554 3672 Πατιὶρο
1585 3607 1679 3658 καὶ
1706 3606 1788 3658 ὄτι

211 3692 277 3745 Ὀ
292 3693 575 3760 ἑωρακὼς
600 3692 724 3761 ἐμὲ,
758 3693 978 3760 ἑώρακε
1017 3694 1122 3746 τὸν
1152 3694 1383 3762 Πατέρα
1401 3711 1415 3726 ’
1444 3694 1536 3748 καὶ
1568 3696 1649 3747 ὄτι
1680 3697 1791 3747 Οὐ-

192 3778 330 3845 δεὶς
360 3778 487 3833 sit:
518 3779 624 3834 τὸν
655 3780 791 3834 Υίὸν
816 3784 868 3834 εί
888 3782 973 3851 μὴ
1007 3786 1041 3836 ό
1060 3782 1260 3852 Πατήρ
1284 3800 1296 3811 ·
1329 3784 1421 3837 καὶ
1447 3785 1528 3837 ὅτι
1553 3784 1661 3838 Καί
1684 3785 1790 3838 τὸν

192 3871 444 3939 Πατέρα
483 3871 687 3937 οὐδεὶς
731 3872 1126 3943 ἐπιγινώσκει,
1169 3878 1221 3929 εί
1233 3876 1318 3945 μὴ
1346 3880 1379 3930 ό
1405 3879 1552 3942 Υἱός.
1603 3880 1681 3930 Δι’
1713 3870 1789 3931 ὧν

194 3961 488 4023 ἁπάντων,
515 3960 641 4014 οὗτε
672 3962 847 4031 δόξης,
877 3962 1000 4016 οὑτε
1035 3963 1244 4028 οὐσίας,
1280 3965 1403 4017 οὕτε
1448 3966 1606 4019 ἄλλον
1645 3966 1789 4030 τινὸς

192 4049 540 4123 παραλλαγὴ
560 4052 865 4106 ὑπονοείται
895 4055 988 4106 ἐπὶ
1014 4054 1224 4124 [ἰατρὸς
1246 4056 1339 4108 καὶ
1372 4055 1501 4108 Υίοῦ
1528 4058 1641 4119 τοῖς
1659 4056 1790 4109 ταὺ-

192 4158 299 4206 ta;
350 4142 456 4206 τὰς
524 4142 707 4210 φωνὰς
758 4144 834 4207 ὡς
894 4144 1153 4214 ἀληθινὰς
1195 4145 1526 4216 δεξαμένοις.
1566 4149 1789 4213 Ὄντως

192 4235 371 4298 ὄντα,
404 4235 567 4305 φησὶ,
588 4236 769 4303 φύσει
799 4252 861 4288 τε
889 4236 984 4290 καὶ
1010 4235 1160 4305 δόξῃ
1188 4237 1334 4291 Θεὸν
1363 4237 1490 4291 ἕνα.
1520 4238 1594 4291 Τὸ
1620 4238 1789 4301 ὅντως

192 4322 264 4376 ὃν
309 4324 730 4394 ἀντιδιαιρείται
753 4325 888 4396 πρὸς
919 4326 978 4379 τὸ
1014 4327 1090 4399 μὴ
1116 4326 1283 4390 ὅντως
1315 4328 1392 4382 ὗν.
1427 4329 1582 4381 Ἔστι
1615 4328 1671 4381 δὲ
1698 4328 1787 4382 ὃν·

1894 3139 2099 3195 dieitur
2141 3153 2172 3192 a
2222 3138 2511 3194 mendacio
2548 3147 2859 3207 separatum
2899 3147 2985 3195 est
3028 3159 3042 3195 :
3087 3144 3274 3211 procul
3304 3144 3469 3199 dubio

1895 3232 2082 3287 credet
2115 3245 2239 3286 eum
2273 3246 2460 3286 verum
2501 3230 2673 3301 loqui,
2714 3230 2807 3299 qui
2837 3231 2975 3284 dixit
3007 3249 3021 3285 :
3060 3230 3167 3302 Ego
3196 3237 3248 3287 in
3285 3232 3466 3301 Patre,

1893 3333 1942 3378 et
1984 3323 2150 3378 Pater
2181 3324 2234 3376 in
2270 3339 2351 3376 me
2387 3332 2469 3377 est
2495 3324 2560 3387 ⁸⁸,
2581 3323 2840 3376 nimirum
2867 3332 3012 3379 totus
3049 3325 3102 3379 in
3127 3333 3260 3390 toto,
3295 3342 3469 3398 neque

1896 3413 2055 3469 Patre
2078 3415 2133 3469 in
2160 3413 2301 3468 Filio
2325 3421 2713 3482 exsuperante,
2742 3429 2918 3484 neque
2941 3413 3080 3469 Filio
3107 3416 3162 3470 in
3189 3415 3348 3473 Patre
3379 3420 3472 3473 dc-

1897 3506 2112 3560 liciente
2151 3523 2166 3559 :
2220 3502 2467 3560 et:Sicut
2510 3503 2673 3559 Pater
2696 3504 3103 3572 honoriﬁcalur,
3140 3508 3218 3561 sic
3250 3505 3453 3562 Filium

1892 3596 2354 3666 honoriﬁcandum
2401 3613 2512 3651 esse
2543 3597 2610 3661 ⁷⁸,
2644 3607 2697 3652 et
2734 3598 2877 3666 quod
2917 3597 3024 3663 Qui
3052 3600 3180 3652 vidit
3216 3617 3312 3664 me,
3340 3602 3468 3654 vidit

1901 3687 2114 3743 Patrem
2168 3690 2255 3750 ",
2316 3697 2372 3743 et
2434 3688 2580 3757 quod
2648 3688 2849 3744 Nullus
2898 3691 3040 3744 norit
3105 3689 3305 3744 Filium
3365 3694 3471 3746 nisi

1896 3776 2077 3842 Pater,
2126 3784 2181 3831 et
2229 3776 2377 3846 quod
2430 3774 2645 3831 Patrem
2702 3778 2880 3832 nullus
2921 3780 3209 3846 cognoscit,
3239 3781 3342 3832 nisi
3372 3778 3471 3834 Fi-

1893 3868 1996 3922 lius
2008 3869 2073 3920 ⁷³.
2091 3868 2303 3933 Quibus
2320 3868 2572 3921 omnibus
2590 3884 2767 3937 neque
2782 3870 2984 3938 gloriae,
3006 3884 3178 3937 neque
3195 3870 3466 3936 essentne,

1897 3976 2070 4029 neque
2102 3959 2266 4014 ullius
2300 3960 2441 4013 alius
2472 3960 2549 4015 rei
2582 3961 2639 4014 in
2683 3959 2843 4015 Patre
2886 3967 2940 4015 et
2987 3957 3129 4014 Filio
3160 3960 3467 4016 ditior-entia

1894 4054 2058 4107 abiis
2084 4053 2432 4123 intelligitur,
2472 4053 2565 4121 qui
2598 4052 2695 4106 has
2728 4067 2884 4106 veras
2913 4066 3076 4106 voces
3107 4051 3464 4109 admiserunt.

1896 4142 2001 4209 Qui
2019 4159 2131 4198 rere
2155 4154 2255 4207 est.
2280 4145 2478 4213 inquit,
2496 4152 2691 4196 natura
2714 4151 2763 4196 et
2781 4142 2953 4211 gloria
2972 4140 3112 4195 Deus
3135 4158 3291 4199 unus.
3310 4144 3466 4209 Quod

1893 4251 2021 4290 vere
2038 4246 2122 4291 est
2143 4251 2241 4290 eus
2258 4235 2554 4304 opponitur
2572 4233 2620 4288 ei
2641 4234 2783 4303 quod
2814 4247 2922 4286 non
2954 4241 3040 4287 est
3076 4250 3200 4289 vere
3224 4250 3342 4289 ens.
3372 4234 3468 4290 Est

1895 4334 2075 4380 autem
2103 4341 2228 4380 vere
2254 4341 2355 4380 ens
2374 4324 2799 4394 unumquodque
2814 4326 3021 4377 entium
3054 4340 3159 4394 qua
3184 4333 3298 4392 est;
3323 4329 3467 4395 qqu

190 4414 409 4478 τωςὸν,
444 4415 680 4467 ἕκαστον
705 4415 814 4469 τῶν
857 4416 1025 4470 ὄντων
1054 4417 1191 4471 καθό
1216 4420 1362 4472 ἐστιν
1396 4433 1409 4447 ·
1438 4419 1500 4472 τὸ
1525 4420 1583 4473 δὲ
1627 4420 1788 4492 μέχρι

1894 4428 2076 4473 autem
2133 4417 2446 4488 phantasia,
2476 4416 2529 4470 id
2558 4426 2664 4479 est,
2700 4416 2911 4470 visione
2944 4416 3179 4485 quadam
3213 4425 3268 4471 et
3295 4418 3469 4488 suspi-

196 4506 515 4573 ᾳαντασίας
536 4507 677 4569 τινὸς
698 4508 791 4561 καί
826 4508 1079 4573 ὑπονοίας
1109 4509 1299 4564 δοκοῦν
1326 4511 1424 4578 μὲν
1444 4507 1602 4576 εἶναι,
1632 4513 1705 4584 μὴ
1735 4512 1788 4566 ὃν

1891 4510 2049 4565 cione
2093 4508 2308 4563 videtur
2344 4506 2565 4577 quidem
2597 4520 2722 4561 esse
2767 4520 2893 4559 cum
2928 4521 3036 4559 non
3085 4506 3155 4559 sit
3206 4522 3326 4572 ens,
3366 4507 3471 4563 hoc

192 4600 283 4663 δὲ,
307 4598 474 4653 τοῦτο
507 4600 609 4653 οὑκ
655 4600 823 4663 ὅντως
868 4600 1015 4653 ἐστίν
1038 4617 1051 4631 ·
1083 4600 1159 4666 ὡς
1180 4602 1240 4655 τὸ
1274 4602 1544 4668 ἐνύπνιον,
1579 4603 1790 4675 φάσμα,

1890 4615 2000 4654 non
2027 4613 2153 4655 vere
2176 4606 2281 4663 est,
2311 4600 2457 4653 sicut
2477 4600 2773 4662 somnium,
2808 4612 3110 4669 spectrum,
3138 4603 3221 4656 vel
3252 4603 3304 4656 in
3334 4604 3471 4656 ima—

190 4691 231 4759 ἢ
260 4691 411 4744 bini
454 4692 554 4761 τῆς
607 4691 814 4755 εἰκόνος
867 4691 1171 4763 ἄνθρωπος.
1202 4693 1385 4748 Ταῦτα
1427 4693 1536 4765 γὰρ
1567 4696 1662 4748 καὶ
1724 4695 1788 4750 τὰ

1891 4692 2012 4761 gine
2043 4690 2229 4744 homo.
2274 4687 2398 4744 Haec
2446 4690 2614 4759 igitur
2659 4696 2715 4743 et
2751 4689 3022 4758 ejusmodi
3068 4692 3278 4748 visione
3308 4701 3470 4749 tenus

192 4782 433 4836 τοιαῦτα
478 4782 645 4853 μέχρι
703 4783 1005 4852 φαντασίας
1031 4784 1163 4837 ὄντα
1210 4783 1272 4836 τὸ
1302 4784 1471 4847 ὅντως
1503 4780 1644 4838 εἶναι
1687 4787 1789 4840 οὑκ

188 4874 335 4944 ἔχει.
376 4875 441 4927 Ei.
468 4874 571 4944 μὲν
599 4868 693 4927 οῦν
721 4874 861 4928 κατὰ
881 4873 979 4944 τὴν
1014 4873 1305 4945 Ἰουδαῖκὴν
1332 4874 1596 4944 ὑπόληψιν
1628 4893 1792 4929 κατα-

190 4965 540 5032 σκευάζουσι
586 4965 813 5019 καθόλου
856 4966 931 5037 μὴ
979 4961 1120 5019 εἶναι
1174 4966 1264 5019 τὸν
1297 4966 1575 5036 Μονογενῆ
1614 4967 1746 5020 Θεόν
1771 4982 1784 4995 ·

188 5057 393 5119 καλῶς
432 5057 518 5127 τῷ
551 5058 729 5129 Πατρὶ
774 5057 921 5128 μόνῳ
963 5057 1033 5110 τὸ
1055 5057 1223 5120 ὅντως
1263 5054 1402 5110 εἶναι
1435 5074 1790 5128 προσμαρτυ-

188 5151 416 5219 pri-36w.
446 5150 513 5202 Ei
540 5149 598 5202 δὲ
626 5150 725 5202 οὑκ
756 5147 1044 5220 ἀρνοῦνται
1076 5148 1169 5201 τὸν
1203 5148 1422 5202 πάντων
1454 5148 1682 5219 ποιητὴν
1706 5150 1788 5204 ὅτι

188 5240 375 5303 ἔστιν,
401 5237 786 5309 πεισθήτωσαν
819 5239 896 5309 μὴ
926 5238 1248 5309 ἀποστερεῖν
1287 5237 1379 5291 τὸν
1411 5238 1542 5291 ὄντα
1577 5237 1671 5291 τοῦ
1698 5238 1786 5292 ὅν-

180 5348 306 5395 τως
356 5328 504 5385 εἶναι
522 5347 536 5361 ·
560 5330 621 5394 ὃς
650 5331 840 5385 ἑαυτὸν
879 5332 936 5384 ἐν
966 5333 1033 5401 τῇ
1063 5328 1329 5400 γενομένῃ
1356 5330 1564 5399 Manlio?)
1594 5328 1791 5396 θεσφα-

180 5422 341 5493 ντείᾳ,
369 5422 507 5475 ὅντα
554 5421 857 5492 ὠνόμασεν.
902 5421 1071 5475 εἰπὼν
1117 5423 1201 5475 ὅτι
1242 5419 1382 5491 Ἐγώ
1424 5423 1545 5490 ειμι
1586 5424 1619 5475 ὁ
1655 5422 1740 5476 ὧν
1772 5436 1786 5451 ·

1889 4795 2014 4835 cum
2053 4780 2183 4844 sint,
2226 4795 2353 4835 vere
2385 4795 2510 4835 esse
2558 4794 2667 4834 non
2707 4778 2928 4837 habent.
2977 4782 3136 4847 Quod
3169 4784 3214 4839 si
3247 4783 3468 4853 judaica

1893 4871 2153 4942 opinione
2202 4870 2428 4925 omnino
2476 4885 2587 4924 non
2628 4885 2753 4925 esse
2792 4867 3144 4940 Uuigenitum
3190 4879 3468 4937 astruunt,

1896 4964 2159 5034 praeclare
2205 4963 2308 5019 soli
2348 4961 2498 5015 Patri
2533 4977 2657 5016 vere
2683 4976 2808 5017 esse
2837 4977 2940 5017 suo
2968 4965 3286 5019 testimonio
3315 4965 3472 5018 attri-

1896 5056 2091 5110 buunt.
2131 5054 2287 5121 Quod
2330 5053 2376 5109 si
2427 5069 2536 5107 non
2596 5062 2795 5123 negant
2827 5053 3077 5110 eumdem
3115 5055 3468 5126 Unigenitum

1896 5148 2140 5203 omnium
2194 5146 2481 5211 faetorem,
2526 5144 2654 5215 quia
2699 5155 2805 5209 est,
2855 5145 3286 5211 persuadeantur
3344 5163 3469 5202 eum

1894 5240 1990 5310 qui
2042 5247 2128 5295 est
2186 5254 2314 5294 vera
2361 5239 2603 5294 essentia
2663 5252 3007 5308 nequaquam
3068 5238 3306 5307 privare.
3364 5239 3469 5306 Qui

1896 5332 2137 5403 seipsum
2174 5331 2227 5386 in
2276 5346 2361 5393 ea,
2408 5347 2529 5400 qua:
2573 5328 2745 5399 Moysi
2797 5328 2942 5383 facta
2977 5339 3081 5394 est,
3119 5328 3210 5386 Dei
3248 5333 3471 5401 appari-

1895 5425 2066 5488 tione,
2115 5439 2240 5479 cum
2302 5422 2395 5493 qui
2451 5430 2557 5484 est,
2611 5412 2936 5485 nomiuaVit,
2975 5436 3100 5475 cum
3139 5423 3316 5479 dixit:
3357 5422 3469 5495 Ego

180 5512 387 5578 καθὼς
413 5514 444 5566 6
479 5513 741 5584 Εὑνόμιος
770 5515 828 5567 ὲν
858 5517 968 5579 τοῖς
1001 5514 1199 5584 ἐφεξῆς
1228 5514 1406 5582 λόγοις
1451 5512 1627 5585 τούτῳ
1675 5531 1788 5568 συν-

1899 5531 2015 5569 sum
2064 5514 2156 5585 qui
2180 5530 2295 5569 sum
2328 5513 2395 5570 ".
2432 5511 2905 5581 Quemadmodum
2937 5512 3244 5571 Eunomius
3277 5515 3332 5569 in
3382 5533 3472 5573 se-

254 5712 313 5739 "
386 5711 530 5763 Psal.
568 5728 689 5772 xcv.
738 5714 793 5769 5.

180 5783 221 5817 °
287 5782 459 5837 Exod
530 5797 611 5847 ιιι,
668 5784 750 5838 i-i.

873 5712 1102 5769 "Joan.
1164 5715 1352 5785 x,58;
1393 5732 1500 5779 xiv.
1575 5716 1654 5772 l0.
1735 5718 1778 5750 ⁷⁸
1829 5714 1986 5771 Juan.
2048 5736 2097 5787 v,
2145 5719 2235 5773 9.5.
2315 5721 2354 5750 τ’

2420 5717 2577 5774 Joan.
2632 5732 2738 5779 MV,
2783 5716 2835 5772 θ.
2916 5718 2957 5749 ⁷⁸
3012 5714 3199 5771 Matth.
3245 5732 3317 5777 vi.
3374 5716 3462 5770 27.
