4032 6208
584 298 688 353 479

1825 287 1881 343 S.
1919 286 2247 345 GREGORII
2281 286 2567 344 NYSSENI

3739 287 3849 344 ιω

583 416 885 492 quentibus
941 414 1325 479 sermonibus,
1384 410 1515 468 buic
1569 409 1872 467 assemitur
1932 411 2163 472 dicens,

2271 410 2473 464 τίθεται
2494 409 2658 463 αὑτὸν
2705 404 2846 462 εἶναι
2882 408 3076 477 λέγων,
3102 407 3195 462 τὸν
3226 407 3303 480 τῷ
3338 407 3540 480 Μωῦσῇ
3582 410 3846 477 φανέντα.

584 514 767 583 ipsum
833 525 955 565 esse
1027 507 1383 577 Unigenitum
1448 503 1545 575 qui
1630 502 1802 574 Moysi
1891 504 2163 573 apparuit.

585 602 788 658 Deinde
823 602 919 664 ait,
950 599 1016 654 Et
1056 611 1251 653 natura
1299 605 1348 652 et
1390 596 1564 673 gloria
1612 593 1782 648 Deum
1819 609 1932 648 esse
1978 610 2163 647 unum.

586 694 645 749 Si
678 694 845 765 igitur
868 691 1196 763 Uuigenitus
1210 698 1294 746 est
1326 689 1493 751 Deus,
1520 704 1620 742 nec
1645 686 1719 743 sit
1740 696 1941 741 natura
1975 685 2121 742 Deus
2149 703 2163 740 :

587 789 704 859 ipse
751 786 947 842 viderit
975 785 1069 855 qui
1116 785 1232 839 haec
1279 782 1433 836 dicit.
1465 779 1622 847 Quod
1657 780 1704 835 si
1756 794 1867 834 non
1913 786 1999 833 est
2027 778 2169 834 Deus

585 881 681 951 qui
730 895 839 933 non
881 877 954 931 sit
983 884 1184 930 natura
1220 873 1383 939 Deus,
1428 872 1647 926 discant
1679 885 1708 923 a
1744 884 1941 939 magno
1975 868 2167 934 Paulo,

585 972 734 1045 quod
780 972 876 1043 qui
930 970 1183 1027 serviunt
1234 969 1302 1023 iis
1346 968 1442 1036 qui
1491 982 1599 1020 non
1642 973 1773 1020 sunt
1819 972 2018 1019 natura
2069 962 2166 1027 dii,

584 1083 698 1125 non
727 1068 975 1123 serviunt
1003 1064 1112 1119 Deo
1141 1064 1210 1116 ⁷⁵.
1238 1061 1350 1116 Nos
1378 1068 1560 1115 autem
1594 1059 1705 1115 Deo
1733 1060 1935 1115 viventi
1959 1069 2013 1115 et
2043 1075 2171 1115 vero

587 1160 861 1215 servimus
908 1157 1058 1212 sicut
1107 1153 1406 1224 Apostolus
1434 1152 1572 1205 dicit
1611 1171 1624 1207 :
1659 1150 1759 1207 Cui
1789 1152 2043 1206 servimus
2080 1148 2172 1205 Je-

586 1268 677 1306 sus
701 1260 779 1304 est
804 1248 1050 1304 Christus
1077 1247 1145 1300 ⁷⁸.
1188 1245 1327 1301 Huic
1356 1244 1501 1299 enim
1535 1243 1651 1314 ipse
1679 1244 1841 1298 etiam
1890 1243 2172 1313 apostolus

587 1340 793 1396 Paulus
825 1339 1032 1395 servire
1065 1337 1353 1407 gloriatur,
1385 1335 1514 1389 dum
1537 1335 1671 1389 dicit
1710 1350 1724 1387 :
1757 1332 1963 1387 Paulus
1995 1350 2171 1389 serrus

587 1434 720 1488 Jesu
770 1432 969 1487 Christi
1013 1431 1083 1485 ".
1130 1430 1240 1483 Nos
1280 1429 1450 1499 igitur
1501 1427 1594 1497 qui
1636 1442 1742 1481 non
1787 1425 2025 1496 amplius
2059 1442 2174 1482 ser—

588 1526 771 1580 vimus
836 1524 907 1580 iis
966 1522 1060 1594 qui
1118 1538 1228 1576 non
1304 1529 1434 1577 sunt
1486 1528 1685 1574 natura
1746 1519 1855 1583 dii,
1894 1533 2017 1573 eum
2077 1518 2172 1588 qui

590 1627 676 1674 est
726 1625 923 1671 natura
974 1616 1117 1671 Deus
1154 1615 1537 1684 cognovimus,
1564 1611 1665 1666 Cui
1701 1628 1833 1682 genu
1880 1627 2032 1666 omne
2076 1611 2175 1681 ﬂe-

589 1710 753 1762 ctitur
799 1708 1108 1770 antestium,
1146 1704 1496 1769 terrestrium,
1526 1710 1576 1757 et
1624 1701 1914 1771 inferorum
1958 1700 2025 1754 ".
2054 1698 2171 1754 Non

2268 498 2404 556 Εἶτα
2429 503 2607 567 φύσει
2628 517 2694 554 τε
2724 501 2819 554 καί
2851 500 2999 568 δόξῃ
3018 502 3168 554 Θεόν
3196 516 3360 569 φησιν
3395 501 3527 555 ἕνα.
3545 501 3612 555 Et
3635 502 3739 571 μὲν
3750 499 3845 557 οὖν

2268 592 2416 644 ἐστιν
2440 592 2468 643 6
2490 591 2621 655 Θεὸς
2640 592 2807 663 χωρὶς
2824 591 2920 645 τοῦ
2949 587 3087 644 εἶναι
3108 590 3268 659 φύσει
3290 590 3443 656 Θεὸς,
3469 592 3629 656 αὐτὸς
3656 593 3724 647 ἃν
3762 597 3845 647 εί-

2266 684 2382 755 δείη
2406 685 2436 736 ὀ
2465 683 2636 737 ταῦτα
2663 683 2867 751 λέγων·
2892 685 2940 736 εί
2964 684 3019 737 δὲ
3046 683 3146 736 οὐκ
3186 682 3303 736 ἔστι
3352 683 3483 747 Θεὸς
3511 685 3540 737 6
3572 684 3648 756 μὴ
3679 683 3846 754 φύσει

2268 774 2401 838 Θεὸς
2451 773 2546 836 ὢν,
2586 774 2902 845 μαθέτωσαν
2951 774 3101 845 παρά
3150 772 3248 827 τοῦ
3314 776 3549 845 μεγάλου
3603 776 3842 842 Παύλου,

2268 865 2351 919 ὃτι
2377 867 2426 918 oi
2469 865 2807 929 δουλεύοντες
2835 866 2949 928 τοῖς
2985 864 3061 936 μὴ
3095 864 3254 935 φύσει
3282 867 3444 931 θεοῖς,
3472 867 3590 938 Θεῷ
3627 869 3689 922 οὑ
3720 869 3844 922 δου-

2269 956 2540 1010 λεύουσιν·
2574 958 2731 1028 ἡμεῖς
2763 960 2818 1011 δὲ
2848 958 3172 1028 δουλεύομεν
3196 959 3314 1028 Θεῷ
3335 958 3497 1023 ζῶντί
3513 978 3571 1014 τε
3591 962 3686 1015 καὶ
3712 962 3840 1031 ἀληι

2272 1048 2401 1119 θινῷ
2420 1066 2432 1077 ·
2453 1049 2632 1111 καθὼς
2662 1052 2691 1103 6
2726 1049 3049 1113 Ἀπόστολος
3073 1049 3241 1118 λέγει·
3266 1044 3340 1121 τε)
3369 1049 3438 1103 δὲ
3453 1050 3843 1121 δουλεύομεν,

2287 1140 2514 1206 Ἰησοῦς
2541 1142 2711 1195 ἐστιν
2767 1145 2799 1196 ό
2829 1143 3099 1209 Χριστός.
3141 1142 3327 1213 Τούτῳ
3366 1144 3477 1212 γὰρ
3522 1145 3614 1197 καὶ
3644 1146 3675 1196 6
3708 1144 3845 1197 ἀπό·

2274 1233 2457 1296 στολος
2492 1233 2700 1296 Παῦλος
2732 1234 3001 1289 δουλεύειν
3044 1237 3334 1305 καυχᾶται,
3365 1234 3570 1304 λέγων’
3600 1236 3847 1302 Παῦλος

2271 1324 2491 1391 δοῦλος
2548 1326 2740 1393 Ἰησοῦ
2785 1326 3066 1394 Χριστοῦ.
3114 1327 3307 1397 Ἡμεῖς
3360 1328 3538 1380 τοίνυν
3561 1330 3610 1381 oi
3647 1330 3851 1399 μηκέτι

2271 1415 2609 1481 δουλεύοντες
2632 1421 2741 1481 τοῖς
2771 1418 2932 1487 φύσει
2964 1418 3037 1489 μὴ
3059 1414 3179 1473 οὖσι
3207 1418 3373 1489 Θεοῖς,
3415 1420 3739 1489 ἐπέγνωμεν
3762 1422 3856 1473 τὸν

2274 1507 2433 1577 φύσει
2466 1508 2596 1563 ὅντα
2643 1510 2813 1574 Θεόν,
2858 1505 2934 1581 Ὦ
2976 1509 3099 1565 πᾶν
3125 1511 3271 1580 γόνυ
3314 1509 3559 1577 κάμπτει
3593 1510 3849 1580 ἐπουρςιο

2272 1604 2437 1665 νίων,
2483 1604 2577 1656 καί
2612 1604 2889 1673 ἐπιγείων
2926 1605 3022 1659 καὶ
3080 1604 3504 1673 καταχθονίων.
3540 1604 3654 1656 Ούκ
3704 1604 3775 1657 ἂν
3800 1606 3851 1658 δὲ

2274 1696 2685 1767 ἐδουλεύσαμεν,
2713 1700 2762 1751 εί
2786 1699 2863 1769 μὴ
2889 1696 3309 1767 ἐπιστεύσαμεν,
3349 1696 3430 1749 ὅτι
3461 1691 3615 1758 οὗτος
3649 1696 3805 1748 ἐστὶν
3833 1702 3859 1749 ο

589 1811 775 1855 autem
817 1799 1204 1861 servissemus,
1265 1796 1371 1850 nisi
1408 1794 1857 1858 credidissemus,
1896 1792 2044 1863 quod
2081 1792 2168 1846 hic

2272 1788 2380 1854 ζῶν
2408 1807 2468 1843 τε
2499 1789 2749 1861 ἀληθινὸς
2786 1790 2917 1854 Θεός
2940 1808 2955 1822 ·
2977 1784 3021 1859 ᾧ
3048 1792 3199 1843 πᾶσα
3243 1788 3463 1858 γλῶσσα
3509 1787 3841 1856 ἐξομολογεί

588 1901 675 1947 est
716 1892 875 1945 vivus
918 1898 973 1945 et
1009 1905 1170 1944 verus
1218 1886 1382 1951 Deus,
1436 1887 1527 1941 cui
1569 1886 1748 1941 omnis
1783 1886 1968 1955 lingua
1999 1884 2169 1938 conn-

588 1994 758 2048 tetur,
792 1984 932 2051 Quia
964 1982 1220 2036 Dominus
1247 1979 1408 2035 Iesus
1438 1979 1494 2033 in
1521 1979 1746 2050 gloriam
1783 1987 1862 2034 est
1895 1977 2078 2032 Patris
2101 1979 2166 2031 ⁷⁸.

667 2073 1486 2145 Deum,inquit.uuum,absque
1508 2072 1709 2141 origine
1742 2072 1847 2124 sire
1878 2070 2167 2139 principio:

588 2178 801 2232 ttterne,
857 2164 971 2219 sine
1002 2163 1107 2233 [ine
1169 2161 1363 2216 solum.
1415 2159 1616 2214 Rursus
1673 2159 1983 2228 intelligite,
2040 2173 2170 2226 par-

589 2262 718 2321 vuli,
743 2258 996 2312 astutiam
1015 2257 1061 2288 "
1093 2254 1294 2325 (inquit
1322 2253 1626 2319 Solomon),
1661 2268 1728 2305 ne
1755 2251 2048 2321 aliquando
2074 2250 2172 2305 de-

590 2353 732 2423 cepti
772 2351 823 2404 in
858 2348 1076 2405 deitatis
1111 2344 1386 2416 Unigeniti
1436 2345 1853 2414 abnegatiunem
1894 2342 2167 2396 incidatis.

590 2446 646 2501 Id
698 2444 819 2500 sine
862 2441 967 2495 line
994 2447 1100 2505 est,
1145 2438 1290 2509 quod
1319 2439 1513 2493 mortis
1556 2447 1611 2493 et
1644 2437 1902 2492 interitus
1943 2450 2053 2490 non
2085 2442 2170 2490 est

589 2548 784 2602 capax.
838 2529 1038 2585 Eodem
1090 2528 1254 2583 modo
1296 2528 1351 2583 id
1404 2535 1668 2583 internum
1719 2535 1803 2581 est
1856 2526 2001 2596 quod
2058 2539 2168 2579 non

589 2625 658 2677 ad
714 2631 931 2691 tempus
979 2619 1205 2673 dicitur.
1254 2618 1412 2685 Quod
1457 2619 1623 2689 igitur
1677 2632 1851 2689 neque
1905 2625 2168 2671 aeternum

588 2722 695 2775 est,
748 2726 924 2781 neque
964 2713 1071 2763 tiue
1113 2718 1301 2772 caret,
1346 2707 1450 2761 buc
1484 2722 1710 2777 prorsus
1739 2708 1794 2761 in
1826 2713 2021 2760 natura
2047 2719 2170 2759 cor-

589 2805 838 2874 ruptibili
870 2811 923 2858 et
979 2802 1268 2871 temporali
1324 2801 1590 2855 cernitur.
1633 2798 1778 2869 Ergo
1831 2799 1925 2868 qui
1978 2798 2073 2851 uni
2115 2804 2170 2851 et

590 2897 693 2951 Soli
733 2895 842 2950 Deo
888 2894 941 2948 id
1000 2893 1146 2962 quod
1192 2893 1298 2947 line
1334 2901 1389 2947 et
1423 2891 1572 2945 exitu
1612 2898 1762 2944 caret
1793 2904 1895 2945 suo
1923 2890 2171 2944 testimo-

590 2987 685 3042 nio
714 2986 996 3051 attribuit;
1034 3001 1142 3040 non
1171 2992 1352 3039 autem
1386 2983 1762 3053 complectens
1783 2981 1980 3035 Filium
2006 2989 2168 3037 aeter-

589 3079 648 3133 ni
711 3087 765 3132 et
813 3077 919 3131 (ine
987 3078 1227 3132 carentis
1280 3073 1702 3145 signiﬁcatione.
1755 3058 2166 3143 corruptibilem

2276 1900 2381 1945 ται,
2412 1884 2494 1936 ὅτι
2531 1885 2746 1953 Κύριος
2784 1884 3012 1952 Ἰησοῦς
3036 1886 3123 1950 είς
3150 1882 3339 1948 δόξαν
3360 1880 3509 1937 Θεοῦ
3534 1881 3797 1949 Πατρός.

2348 1976 2515 2039 Θεὸν.
2539 1978 2723 2048 φησιν,
2742 1977 2869 2039 ἕνα,
2898 1978 3190 2046 ἀνάρχως,
3207 1975 3407 2041 ἀϊδίως
3439 1973 3851 2041 ἀτελευτήτως

2270 2070 2464 2138 μόνον
2503 2068 2693 2122 Πάλιν
2707 2065 2985 2133 νοήσατε,
3001 2064 3231 2134 ἄκακοι,
3246 2068 3618 2136 πανουργίαν
3632 2109 3647 2131 ,
3685 2084 3765 2136 φη
3774 2066 3853 2117 σἰν

2275 2161 2304 2212 6
2326 2156 2574 2228 Σολομὼν
2596 2174 2608 2186 ·
2642 2159 2716 2229 μή
2753 2175 2883 2211 ποτε
2915 2159 2993 2221 εἰς
3028 2157 3251 2229 ἄρνησιν
3271 2157 3368 2227 τῆς
3387 2156 3479 2210 τοῦ
3510 2156 3851 2224 Μονογενοῦς

2277 2250 2528 2321 θεότητος
2573 2249 2942 2319 ἀπατηθέντες
2984 2249 3277 2320 ἐκπέσητε.
3318 2247 3703 2317 ’Δτελεύτητόν
3740 2249 3849 2299 ἐστι

2274 2343 2336 2397 τὸ
2386 2342 2617 2397 θανάτου
2664 2344 2757 2397 καὶ
2790 2343 2995 2414 φθορᾶς
3037 2343 3403 2399 ἀνεπίδεκτον.
3461 2343 3745 2407 Ὡσαύτως
3766 2339 3854 2395 καί

2275 2434 2441 2488 ἀῖδιον
2484 2435 2546 2488 τὸ
2582 2435 2655 2506 μὴ
2701 2436 3035 2507 πρόσκαιρον
3088 2436 3325 2504 λέγεται.
3369 2438 3435 2489 Ὃ
3483 2435 3661 2488 τοίνυν
3719 2435 3853 2504 μήτε

2275 2524 2442 2579 ἀίδιόν
2476 2526 2620 2591 ἐστι,
2651 2528 2789 2597 μήτε
2830 2527 3181 2598 ἀτελεύτητον
3200 2543 3214 2558 ’
3238 2526 3397 2581 τοῦτο
3433 2528 3650 2590 πάντως
3688 2526 3755 2579 ὲν
3791 2526 3857 2597 τῇ

2276 2616 2488 2688 φθαρτῇ
2523 2634 2582 2671 τε
2621 2620 2717 2672 καὶ⁵
2756 2620 3003 2691 ὲπικήρῳ
3035 2620 3316 2690 θεωρεῖται
3362 2619 3538 2689 φύσει.
3583 2618 3807 2672 Οὐκοῦν
3832 2620 3859 2670 ὁ

2274 2709 2334 2762 τὸ
2361 2711 2809 2783 ἀτελεύτητοντῷ
2835 2714 2916 2767 ἑνὶ
2944 2713 3039 2766 καὶ
3065 2713 3209 2783 μόνῳ
3239 2711 3682 2784 προσμαρτυρῶν
3713 2709 3856 2781 Θεῷ·

2278 2801 2353 2873 μὴ
2390 2803 2925 2876 συμπεριλαμϐάνων
2949 2805 3007 2859 δὲ
3036 2805 3126 2860 τὸν
3164 2804 3291 2860 Υίὸν
3319 2807 3385 2875 τῇ
3427 2803 3519 2857 τοῦ
3556 2804 3858 2873 ἀτελευτή·

2272 2911 2367 2948 του
2407 2896 2502 2950 καὶ⁵
2546 2896 2717 2950 ἀϊδίου
2770 2897 3050 2968 σημασίᾳ,
3086 2896 3325 2969 φθαρτὸν
3372 2895 3533 2950 αὐτὸν
3577 2889 3730 2949 εἶναι
3770 2895 3862 2947 καὶ

2273 2985 2606 3058 πρόσκαιρον
2624 2987 2713 3041 διά
2740 2986 2834 3043 τοῦ
2865 2989 3107 3041 τοιούτου
3136 2988 3294 3057 λόγου
3325 2986 3755 3049 κατασκευάζει,
3770 2987 3862 3039 τὸν

2273 3076 2351 3148 τῷ
2372 3078 2528 3149 ἀϊδίῳ
2554 3080 2648 3133 καὶ
2674 3080 3016 3152 ἀτελευτήτῳ
3049 3079 3625 3150 ἀντιδιαστελλόμενον.
3654 3079 3864 3149 Ἡμεῖς

591 3172 769 3240 ipsum
821 3186 945 3225 esse
990 3178 1046 3225 et
1095 3170 1453 3239 temporalem
1508 3182 1604 3237 per
1657 3167 1805 3221 hunc
1860 3181 2167 3221 sermonem

2273 3167 2329 3222 δὲ
2349 3167 2451 3222 κᾶν
2483 3169 2803 3241 ἀκούσωμεν
2842 3171 2925 3224 ὅτι
2958 3171 3120 3241 μόνος
3147 3172 3177 3223 6
3207 3171 3338 3235 Θεὸς
3365 3170 3478 3241 ἔχει
3507 3171 3607 3241 τὴν
3645 3168 3864 3224 ἀθανα-

589 3264 899 3324 conlirmat,
931 3263 1024 3332 qui
1064 3263 1134 3316 ab
1178 3269 1406 3325 aeterno,
1438 3268 1492 3315 et
1521 3259 1945 3329 incorruptibili,
1975 3266 2031 3313 et
2066 3259 2171 3314 line

588 3356 802 3409 carenti
840 3354 1043 3409 diﬂ‘ert.
1071 3352 1182 3407 Nos
1209 3362 1391 3407 autem
1413 3354 1667 3422 quamvis
1696 3350 1989 3405 audiamus
2023 3351 2170 3421 quod

589 3445 744 3500 solus
796 3442 939 3498 Deus
971 3441 1134 3497 liabet
1181 3441 1644 3495 immortalitatem
1676 3439 1724 3471 ⁸⁰
1770 3458 1783 3494 :
1819 3456 1915 3510 per
1945 3441 2169 3495 immor-

589 3538 856 3592 talitatem
903 3535 1069 3589 etiam
1106 3533 1304 3588 Filium
1348 3532 1724 3603 intelligimus.
1780 3532 2170 3589 lmmortalitas

585 3630 736 3687 enim
787 3636 869 3683 est
917 3627 1066 3692 vita;
1124 3624 1342 3680 tametsi
1375 3624 1518 3679 Deus
1568 3625 1782 3679 dicatur
1813 3624 2057 3679 habitare
2088 3626 2170 3679 Iu-

585 3736 707 3777 cem
762 3720 1103 3774 inaccessam
1133 3718 1178 3749 ⁸¹
1208 3735 1223 3771 :
1255 3717 1420 3771 etiam
1454 3731 1643 3769 verum
1674 3717 1877 3780 lumen,
1906 3716 2052 3786 quod
2084 3724 2169 3771 est

586 3812 876 3870 mendacio
921 3808 1325 3871 inaccessibile,
1381 3807 1730 3879 Unigenitum
1783 3808 2013 3879 intelligi
2056 3823 2167 3863 non

518 3964 521 3969 _
585 3903 941 3974 stubigimus,
1012 3901 1067 3955 in
1125 3915 1238 3970 quo
1295 3898 1464 3955 Deum
1507 3899 1723 3954 Patrem
1778 3914 1900 3955 esse
1944 3900 2015 3953 ab
2050 3899 2167 3969 ipsa

585 3999 820 4053 veritate
861 3995 1176 4049 didicimus.
1206 3992 1285 4048 Ex
1324 3994 1408 4048 liis
1444 3991 1665 4047 auditor
1701 3992 1849 4061 quod
1897 3992 2070 4062 magis
2094 3991 2168 4046 sit

586 4089 739 4159 pium
772 4087 996 4157 colligat
1022 4104 1037 4141 :
1064 4096 1247 4141 utrum
1296 4087 1379 4141 sic
1417 4086 1486 4141 de
1533 4086 1827 4155 Unigenito
1866 4085 2079 4155 opinari
2110 4094 2167 4141 et

587 4182 796 4237 sentire
841 4181 953 4235 Deo
992 4181 1194 4237 decore
1240 4189 1495 4251 oportet;
1534 4195 1604 4235 an
1646 4180 2083 4251 corruptibilem,
2113 4189 2167 4235 et

583 4273 655 4327 ad
701 4282 915 4342 tempus
940 4287 1064 4328 eum
1095 4288 1221 4327 esse
1250 4272 1456 4336 dicere,
1505 4272 1649 4328 sicut
1685 4281 1874 4328 censet
1918 4272 2162 4328 haeresis.

588 4358 715 4415 Non
760 4361 992 4415 essentia
1050 4360 1274 4431 (inquit)
1326 4360 1612 4414 secundum
1666 4378 1823 4431 quam
1871 4372 1948 4416 est
2006 4378 2161 4427 unus,

2274 3261 2414 3324 σίαν,
2447 3262 2539 3314 τὸν
2560 3261 2686 3315 Υἱὸν
2712 3262 2802 3316 διά
2815 3263 2917 3334 τῆς
2939 3263 3235 3328 ἀθανασίας
3263 3263 3511 3335 νοοῦμεν.
3548 3262 3859 3316 Ἀθανασία

2270 3355 2380 3424 γάρ
2412 3355 2559 3407 ἐστιν
2581 3357 2614 3425 ἡ
2644 3355 2756 3426 ζωή
2780 3373 2793 3385 ·
2824 3356 2929 3410 κᾶν
2950 3356 3174 3427 λέγηται
3198 3357 3312 3426 φῶς
3331 3360 3501 3409 οίκεῖν
3525 3356 3858 3427 ἀπρόσιτον.

2271 3446 2438 3500 Πάλιν
2469 3447 2529 3499 τὸ
2578 3446 2829 3517 ἀληθινὸν
2876 3448 3012 3517 φῶς,
3041 3449 3176 3520 ὅπερ
3213 3450 3328 3501 ἐστὶ
3352 3447 3430 3518 τῷ
3457 3447 3641 3517 ψεύδει
3677 3449 3862 3518 ἀπρό-

2272 3556 2437 3598 σιτον.
2473 3539 2565 3593 τὸν
2604 3540 2883 3611 Μονογενῆ
2915 3540 3148 3595 νοεῖσθαι
3180 3542 3281 3594 οὐκ
3330 3539 3779 3611 ἀμφιϐάλλομεν,
3803 3543 3863 3593 ἐν

2268 3625 2313 3700 ᾧ
2341 3633 2432 3685 τὸν
2461 3632 2680 3703 Πατέρα
2701 3625 2840 3685 εἶναι
2869 3633 2998 3703 παρ’
3031 3633 3198 3702 αὐτῆς
3221 3635 3321 3703 τῆς
3347 3631 3602 3702 ἀληθείας
3641 3633 3856 3702 ἐμάθο-

2273 3739 2393 3792 μεν.
2438 3723 2531 3776 Ἐκ
2557 3723 2761 3776 τούτων
2794 3722 2851 3777 δὲ
2870 3724 2899 3775 6
2920 3722 3191 3794 ἀκροατὴς
3244 3722 3581 3789 ἐπιλεξάσθω
3605 3723 3667 3775 τὸ
3700 3724 3859 3779 ειῒισε⁶

2268 3813 2423 3867 δέστε
2433 3831 2546 3885 ρον,
2564 3814 2672 3867 εἴτε
2695 3813 2837 3868 οὕτω
2861 3814 2966 3887 χρὴ
2997 3814 3238 3886 περὶτοῦ
3266 3813 3597 3883 Μονογενοῦς
3621 3814 3859 3887 θεοπρε-

2269 3904 2388 3969 πῶς
2420 3903 2665 3970 δοξάζειν
2685 3921 2700 3935 ·
2735 3906 2845 3960 εἴτε
2873 3906 3110 3977 φθαρτόν
3133 3923 3194 3959 τε
3222 3907 3315 3960 καὶ
3350 3906 3690 3977 πρόσκαιρον
3715 3903 3855 3960 εἶναι

2267 3998 2556 4067 λέγειν,ὡς
2584 4000 2922 4069 ὐφηγεῖταιή
2945 3998 3176 4068 αἵρεσις.
3199 4000 3280 4051 Οὐ
3301 3997 3416 4065 τὴν
3426 3998 3663 4061 οὐσίαν,
3687 3999 3853 4068 φησὶ,

2267 4094 2394 4147 καθ’
2423 4093 2504 4161 ἦν
2550 4093 2721 4146 ἐστιν
2766 4087 2872 4157 εἷς,
2918 4089 3307 4159 χωριζόμενον
3340 4092 3427 4156 είς
3481 4090 3741 4155 πλείους
3767 4106 3783 4121 ’
3818 4094 3855 4159 ἣ

2266 4183 2488 4238 ἄλλοτε
2500 4183 2696 4235 ἄλλον
2716 4179 3091 4251 γινόμενον,ἣ
3108 4177 3213 4231 τοῦ
3227 4175 3557 4231 εἶναιόέστι
3571 4178 3856 4246 μεθιστά-

2258 4292 2467 4347 ιιενον,
2492 4274 2634 4329 οὐδὲ
2659 4276 2727 4328 ἐκ
2742 4274 2883 4345 μιᾶς
2897 4276 3111 4345 οὐσίας
3127 4275 3213 4340 εἰς
3230 4273 3572 4326 ὑπόστασιν
3583 4270 3855 4338 τρισσήν

2265 4365 2788 4435 σχηματιζόμενον.
2825 4366 3025 4433 Πάντη
3062 4367 3171 4435 γὰρ
3217 4364 3314 4418 καὶ
3361 4362 3636 4427 καθάπαξ
3671 4362 3855 4417 ἐστιν

586 4452 642 4503 in
687 4450 863 4519 plures
895 4460 1220 4519 separatum,
1250 4450 1328 4504 vel
1375 4450 1514 4505 alias
1567 4452 1715 4505 aliud
1763 4454 1891 4522 quid
1936 4454 2159 4522 factum,

2271 4454 2374 4524 εἶς,
2408 4458 2557 4512 κατὰ
2601 4460 2673 4513 τὰ
2705 4458 2857 4513 αὐτά
2890 4477 2951 4512 τε
2979 4458 3075 4512 καὶ
3108 4459 3392 4524 ὡσαύτως
3423 4456 3724 4527 διαμένων
3749 4458 3853 4523 μό-

585 4544 666 4599 ῑιεί
710 4543 776 4597 ab
825 4560 886 4599 eo
937 4545 1074 4614 quod
1124 4552 1224 4605 est,
1273 4542 1676 4611 demigrantem,
1723 4560 1886 4615 neque
1939 4559 2007 4598 ea:
2056 4562 2163 4599 una

2271 4569 2393 4618 νος.
2437 4552 2532 4604 Ἐκ
2556 4551 2762 4604 τούτων
2788 4551 2843 4605 δὲ
2872 4551 2981 4604 τῶν
3012 4549 3424 4620 παρατεθέντων
3456 4548 3727 4618 προσήκει
3757 4546 3852 4597 τὸν

580 4639 814 4691 essentia
852 4636 909 4687 in
953 4635 1152 4687 trinam
1200 4634 1529 4703 lrypostasim
1576 4634 1883 4704 ﬁguratum.
1934 4634 2162 4690 Omnino

2271 4643 2486 4696 συνετὸν
2518 4644 2794 4713 ἀκροατὴν
2832 4634 3121 4713 διακρῖναι,
3155 4640 3369 4712 πρῶτον
3424 4639 3523 4710 μὲν
3564 4638 3632 4691 τὰ
3670 4637 3851 4708 χωρῖς

580 4731 721 4783 enim
762 4735 814 4782 et
860 4728 1065 4796 penitus
1107 4741 1245 4779 unus
1272 4726 1678 4780 est.secundum
1700 4726 1882 4781 eadem
1904 4736 1954 4782 et
1981 4728 2163 4782 eodem

2271 4733 2502 4798 διανοίας
2544 4733 2837 4804 ὲκριφέντα
2882 4733 2960 4803 τῷ
3004 4732 3148 4803 λόγῳ
3204 4730 3426 4784 διάκενα
3472 4728 3692 4799 ῥήματα
3740 4724 3853 4780 ἀπὸ

580 4818 740 4874 modo
774 4833 1085 4888 permanens
1119 4820 1285 4871 solus.
1338 4816 1416 4872 Ex
1448 4818 1533 4873 liis
1560 4820 1858 4889 propositis
1889 4818 2046 4875 decet
2080 4824 2163 4875 in-

2271 4825 2372 4878 τῶν
2395 4822 2693 4878 δοκούντων
2721 4822 2847 4876 νοῦν
2875 4823 3038 4893 ἔχειν.
3072 4821 3229 4877 Μετά
3261 4820 3433 4875 ταῦτα
3469 4819 3526 4872 δὲ
3566 4817 3667 4889 τὴν
3694 4818 3852 4887 εὑρι-

578 4912 912 4982 telligentem
933 4909 1238 4965 auditorem
1278 4909 1622 4976 discernere,
1653 4912 1887 4981 primum
1910 4913 2158 4981 quidem,

2271 4918 2540 4988 σκομένην
2573 4919 2640 4970 ὲν
2688 4917 2797 4979 τοῖς
2850 4915 3164 4978 ὑπολοίποις
3194 4913 3432 4968 διάνοιαν
3461 4911 3570 4964 τῶν
3623 4907 3854 4981 είρημέο

579 5019 706 5074 qua:
753 5003 875 5060 sine
918 5017 1084 5058 sensu
1134 5001 1376 5073 proiecta
1425 5011 1555 5057 sunt
1585 5003 1640 5057 in
1691 5004 1939 5058 oratione
1971 5006 2165 5059 inania

2271 5026 2367 5062 νων
2413 5009 2762 5071 ἐπισκοπεῖν,
2794 5008 2843 5059 εἰ
2885 5004 3172 5077 συμϐαίνει
3214 5006 3281 5076 τῇ
3323 5002 3452 5074 περὶ
3488 5002 3580 5055 τὸν
3604 4999 3852 5071 Χριστὸν

581 5098 769 5161 verba,
817 5095 887 5149 ab
919 5096 989 5151 iis
1023 5109 1147 5164 qua;
1174 5095 1631 5166 signiﬁcationem
1686 5095 1926 5164 aliquam
1956 5096 2159 5152 habere
2259 5097 2533 5169 εὐσεσείᾳ.
2587 5101 2595 5108 ’

580 5188 867 5255 videntur;
906 5187 1188 5243 deindein
1228 5186 1457 5257 reliquis
1486 5185 1650 5242 dictis
1712 5186 2038 5241 sententiam
2103 5202 2225 5258 quae
2262 5189 2542 5244 invenitur
2598 5188 2933 5259 perspicere,
2990 5195 3171 5241 utrum
3225 5184 3412 5255 pietati
3468 5197 3591 5254 qua:
3645 5190 3733 5236 est
3786 5180 3849 5235 in

578 5282 767 5340 Jesum
810 5282 1121 5337 conveniat.

650 5375 840 5431 Priora
884 5376 1051 5445 igitur
1093 5375 1257 5428 verba
1292 5387 1416 5443 qua:
1471 5371 1560 5426 hic
1598 5382 1729 5428 sunt
1785 5375 2031 5444 apposita
2101 5376 2153 5429 in

2322 5370 2403 5423 Τὰ
2425 5370 2521 5441 μὲν
2533 5365 2626 5423 οὖν
2642 5368 2833 5438 πρῶτα
2855 5367 2963 5420 τῶν
2981 5366 3394 5438 παρατεθέντων
3415 5369 3638 5422 καθόλου
3655 5366 3848 5440 πάσης

580 5468 921 5533 universum,
964 5482 1141 5538 neque
1181 5466 1402 5528 bonam,
1452 5480 1631 5536 neque
1671 5465 1865 5519 malum
1914 5467 2152 5536 a‘iquam

2271 5462 2356 5513 καὶ
2385 5459 2553 5528 καλῆς
2586 5460 2681 5511 καὶ
2715 5458 2892 5529 κακῆς
2917 5458 3154 5522 διαν)ίας
3188 5457 3536 5529 κεχώρισται.
3568 5459 3699 5512 Τίνα
3729 5460 3848 5532 γὰρ

648 5599 697 5632 ’⁸⁸
740 5598 895 5653 Rom.
942 5616 979 5660 ι,
1031 5600 1121 5655 2|.
1198 5602 1242 5632 ⁷³
1281 5599 1411 5655 ibid.
1447 5600 1499 5655 9.
1578 5601 1624 5632 ⁷⁸
1657 5601 1786 5656 ibid.
1834 5603 1878 5657 l.
1956 5604 2000 5634 ⁷⁷
2026 5601 2160 5655 Phili

582 5671 668 5727 16.
746 5669 791 5701 ⁸¹
859 5669 991 5723 ibid.

2296 5615 2354 5664 ιι,
2392 5600 2472 5653 ιο.
2530 5600 2573 5628 ⁷¹⁸
2600 5598 2726 5653 ibid.
2764 5600 2847 5654 ll.
2926 5600 2969 5631 ⁷⁵⁵
3001 5600 3158 5655 Prov.
3196 5617 3312 5666 vnt,
3336 5599 3387 5655 5.
3464 5601 3509 5634 ”
3537 5599 3554 5654 Ι
3580 5599 3719 5657 Tim.
3756 5614 3844 5670 Vt,
