4032 6208
185 287 270 344 881

1273 275 1556 333 CONTRA
1589 271 1977 338 EbNOMIUM,
2015 271 2144 328 LIB.
2187 271 2252 326 ll.

3291 267 3396 325 482

184 403 387 457 διάνοιαν
439 398 550 469 ἔχει
581 397 662 460 τὸ,
693 397 755 450 ού
787 397 884 467 τὴν
931 393 1118 449 ούσίαν
1162 395 1282 449 καθ’
1321 396 1389 465 ἥν
1423 396 1570 447 ἐστιν
1620 387 1722 456 εἷς,

1831 390 2152 446 sententiam
2208 390 2262 443 in
2310 403 2370 444 se
2415 386 2711 441 continent.
2767 385 2941 452 Quam
2980 384 3136 439 enim
3171 393 3396 441 senten-

183 493 513 565 χωριζόμενον
539 490 617 552 είς
653 488 890 551 πλείους,
921 487 955 557 ἤ
991 487 1180 540 ἄλλοτε
1218 486 1374 540 ἄλλον
1415 485 1719 556 γινόμενον,

179 585 306 655 ἢτοῦ
337 580 474 636 εἶναι
503 584 531 634 ὅ
569 584 715 635 ἐστιν
752 579 1178 650 μεθιστάμενονς
1211 576 1335 632 Ούτ⁴
1355 576 1419 631 ἂν
1448 575 1608 638 αὐτὸς
1644 573 1721 628 εί-

180 689 293 728 ποιο
337 674 453 726 οὔτε
507 672 631 726 τινὰ
682 671 792 726 τῶν
840 669 1269 741 συμμαχούντων
1321 667 1471 739 αύτῷ
1517 667 1721 738 νομίζω

176 764 398 819 δύνασθαι
440 762 508 816 ἂν
543 762 785 832 ἐξευρεῖν
815 762 972 814 σκιάν
1013 777 1133 812 τινα
1166 759 1402 821 διανοίας
1425 761 1483 811 ὲν
1507 760 1618 820 τοῖς
1647 758 1722 810 εί-

178 856 418 926 ρημένοις.
449 856 531 906 Οὐ
561 853 675 918 τὴν
698 852 920 905 οὐσίαν
947 851 1074 904 καθ’
1111 851 1192 918 ἦν
1217 851 1388 904 ἐστιν⁹
1410 845 1514 914 εἷς.
1541 850 1723 919 Χωρι-

175 948 370 1016 ζόμενον
416 945 579 998 αὑτὸν
627 944 776 1012 λέγει
805 943 903 1012 τῆς
948 942 1133 1004 ούσίας
1176 939 1457 1011 αύτού,μὴ
1495 937 1722 1009 χωρίζε-

171 1039 363 1108 σθαι,ῆ
395 1037 490 1108 τὴν
517 1036 704 1089 ούσίαν
745 1034 894 1102 λέγει
930 1035 1025 1087 ἀπ’
1065 1034 1228 1086 αὑτοῦ
1264 1033 1336 1104 μὴ
1383 1030 1716 1104 μερίζεσθαι.

169 1132 332 1199 Ψόφος
368 1131 452 1192 τίς
476 1130 610 1188 ἐστι,
643 1127 737 1180 κα)⁵
761 1122 893 1196 ἦχος
931 1127 1155 1195 μάταιος
1187 1124 1310 1192 είκῆ
1345 1122 1718 1192 συγκείμενος,

162 1225 190 1276 ό
213 1223 509 1292 ἀσήμαντος
542 1214 696 1281 οὗτος
720 1218 894 1285 λόγος.
929 1217 1038 1270 Καὶ
1067 1217 1119 1268 τί
1153 1215 1258 1285 χρὴ
1284 1214 1621 1285 παραμένειν
1653 1215 1718 1283 τῇ

161 1312 386 1377 ἐξετάσει
405 1311 515 1362 τῶν
549 1309 879 1378 ἀδιανοήτων
900 1306 1102 1360 τούτων
1145 1308 1209 1375 pr,
1221 1305 1433 1374 μάτωνς
1464 1304 1586 1364 Πῶς
1613 1303 1722 1371 γάρ

160 1415 234 1460 τις
266 1397 358 1465 τῆς
391 1395 588 1449 ἑαυτοῦ
624 1394 811 1457 οὐσίας
839 1393 1124 1465 χωρισθεὶς
1167 1394 1224 1444 ὲν
1251 1393 1329 1463 τῷ
1371 1389 1508 1446 εἶναι
1539 1391 1718 1461 μένει;

160 1491 222 1541 'H
246 1488 356 1549 iis;
389 1490 423 1556 ἡ
459 1487 615 1538 ούσία
635 1485 776 1548 τινος
803 1483 1138 1554 μερισθεῖσα,
1171 1482 1253 1551 ἐφ’
1287 1481 1487 1551 ἑαυτῆς
1513 1482 1722 1534 δείκνυ-

158 1596 263 1642 ται;
288 1579 354 1630 Ἥ
382 1577 502 1640 πῶς
519 1578 634 1629 ἐστι
656 1575 874 1628 δυνατὸν
903 1574 1010 1627 ἀπὸ
1028 1572 1121 1626 τοῦ
1153 1575 1209 1626 ὲν
1235 1566 1438 1639 ᾧὲστιν
1463 1571 1716 1634 ἐκϐάντα,

151 1670 298 1722 ἄλλον
328 1668 586 1736 γενέσθαι
611 1667 714 1731 ἔξω
745 1663 934 1718 ἑαυτοῦ
969 1663 1274 1734 γενόμενον;
1316 1659 1628 1714 Ἀλλόὑδὲ
1650 1659 1717 1712 ἐκ

1823 483 1951 535 tiam
2005 481 2170 535 habet
2227 479 2355 542 hoc,
2409 494 2517 533 non
2570 478 2806 534 essentia
2856 477 3155 532 secundum
3230 493 3395 544 quam

1821 574 1905 623 est
1946 583 2110 631 unus,
2147 574 2459 636 separatum
2493 566 2546 620 in
2574 561 2778 635 plures,
2799 567 2882 621 vel
2921 567 3057 621 alias
3089 567 3234 621 aliud
3263 567 3396 637 quid

1822 655 2048 720 factum,
2106 658 2190 711 vel
2248 657 2317 712 ab
2358 672 2478 712 esse
2506 658 2649 727 quod
2681 665 2786 722 est,
2823 656 3256 726 demigrantem?
3288 657 3398 713 Nec

1823 747 1938 818 ipse
1981 749 2216 813 dixerit;
2245 763 2422 818 neque
2466 761 2796 818 quemquam
2829 762 3016 800 eorum
3058 749 3149 816 qui
3177 748 3245 800 ab
3273 747 3396 814 ejus

1821 853 1988 893 causa
2054 847 2201 893 stant
2273 839 2326 894 in
2376 839 2462 893 his
2525 855 2646 909 quae
2712 839 2856 892 dicta
2923 846 3050 892 sunt
3113 840 3399 892 sententiae

1823 930 2068 982 umbram
2105 930 2340 999 aliquam
2370 930 2609 984 arbitror
2647 944 2807 998 posse
2837 929 3097 983 invenire.
3147 926 3271 981 Non
3312 943 3398 980 es-

1822 1021 1991 1073 sentia
2026 1021 2310 1075 secundum
2341 1039 2495 1092 quam
2529 1030 2607 1077 est
2648 1038 2802 1076 unus.
2846 1019 3164 1089 Separatum
3219 1019 3396 1088 ipsum

1821 1112 1954 1166 dicit
2007 1113 2075 1166 ab
2121 1115 2360 1168 essentia
2406 1115 2488 1168 sui
2531 1114 2734 1183 ipsius,
2802 1129 2911 1166 non
2969 1111 3248 1180 separari,
3313 1113 3399 1165 vel

1822 1203 2112 1257 essentiam
2161 1204 2281 1271 ejus
2325 1205 2460 1258 dicit
2509 1205 2577 1259 ab
2624 1206 2743 1273 ipso
2784 1219 2890 1257 non
2946 1202 3133 1257 dividi.
3192 1202 3400 1272 Strepi-

1824 1302 1913 1349 tus
1937 1295 2154 1363 quidam
2182 1303 2342 1349 estet
2386 1295 2599 1348 sonitus
2644 1293 2822 1347 inanis
2863 1301 3064 1347 temere
3108 1291 3396 1358 conﬂatus,

1822 1385 1937 1442 haec
1979 1387 2110 1440 nihil
2170 1377 2490 1456 signiﬁcans
2539 1386 2734 1440 oratio.
2799 1384 3003 1454 Ecquid
3051 1392 3134 1438 est
3173 1365 3398 1440 necesse

1822 1478 1875 1531 in
1922 1479 2212 1533 verborum
2254 1489 2432 1532 mente
2476 1483 2530 1531 et
2571 1492 2734 1530 sensu
2767 1477 3068 1530 carentium
3118 1478 3402 1530 examina-

1821 1569 1970 1624 tione
2002 1570 2208 1623 diutius
2253 1568 2547 1623 insistere?
2577 1569 2860 1634 Quomodo
2906 1569 3049 1622 enim
3084 1569 3206 1637 quis
3239 1585 3268 1622 a
3300 1585 3398 1623 sua

1823 1659 1997 1730 ipsius
2049 1661 2286 1715 essentia
2333 1660 2581 1716 divulsus
2621 1663 2674 1714 in
2731 1677 2832 1715 suo
2891 1677 3014 1716 esse
3063 1663 3286 1716 manet?
3316 1663 3398 1716 vel

147 1761 297 1830 μιᾶς,
307 1760 494 1829 φησιν,
513 1758 730 1822 οὐσίας
740 1760 826 1822 είς
843 1754 1196 1819 ὑποστάσεις
1214 1753 1367 1820 τρεῖς
1377 1766 1634 1820 σχηματι
1644 1751 1726 1817 ζό-

1831 1752 2102 1821 quomodo
2149 1754 2387 1807 essentia
2423 1753 2662 1820 alicujus
2707 1754 2758 1806 in
2809 1763 2990 1823 partes
3020 1755 3192 1809 divisa
3239 1756 3292 1808 in
3341 1770 3403 1810 se

145 1868 341 1919 μενον.
358 1849 545 1903 Παντὶ
577 1849 686 1916 τὰρ
704 1846 978 1910 καθάπαξ
999 1845 1170 1898 ἐστὶν
1187 1840 1292 1908 εἷς.
1313 1843 1463 1896 κατὰ
1491 1844 1562 1896 τὰ
1575 1842 1725 1896 αὑτά

143 1959 209 1998 τε
219 1941 316 1997 καὶ
331 1943 618 2005 ὡσαύτως
629 1940 920 2008 διαμένων
936 1939 1140 2007 μόνος.
1163 1936 1233 1988 Τὸ
1257 1935 1355 2006 μὲν
1373 1931 1465 1988 οὖν
1481 1933 1727 2004 ἀδιανόη-

146 2053 230 2088 τον
259 2037 321 2087 ἐν
374 2036 492 2096 τοῖς
525 2031 865 2102 είρημένοις,
903 2030 1064 2082 παντὶ
1107 2027 1264 2097 δῆλον
1300 2021 1440 2079 εἶναι
1477 2025 1569 2079 καὶ
1624 2023 1727 2096 πρὸ

145 2125 245 2178 τῶν
266 2125 560 2195 ἡμετέρων
586 2118 739 2191 οἶμαι
774 2120 946 2186 λόγων
967 2137 980 2150 ο
1020 2118 1230 2180 τούτοις
1255 2118 1310 2170 δὲ
1345 2116 1668 2184 ἁντιλεγέτω
1699 2118 1727 2169 ὁ

149 2217 376 2287 νομίζων
404 2213 548 2270 εἷναί
568 2231 688 2268 τινα
711 2216 769 2266 ὲν
792 2215 906 2274 τοῖς
926 2210 1241 2281 λεγομένοις
1263 2208 1385 2262 νοῦν
1408 2209 1440 2280 ἢ
1466 2209 1721 2262 διάνοιαν·

151 2309 294 2378 ὁγὰρ
320 2307 530 2378 κρίνειν
565 2303 972 2373 ὲπεσκεμμένος
1009 2301 1167 2369 λόγου
1213 2299 1462 2369 δύναμιν,
1489 2297 1728 2363 ἀπαξιώο

157 2416 227 2452 σει
246 2402 356 2461 τοῖς
386 2396 783 2456 ἁνυποστὰτοις
811 2391 1240 2463 συμπλέκεσθαι.
1277 2391 1410 2443 Τίνα
1439 2389 1548 2460 γὰρ
1575 2391 1727 2459 ἰσχὺν

158 2491 260 2560 εχει
288 2489 429 2542 κατὰ
445 2487 543 2540 τοῦ
574 2485 839 2557 ἡμετέρου
871 2485 1154 2554 δόγματος,
1190 2483 1248 2535 τὸ
1272 2482 1474 2550 λέγειν,
1500 2484 1581 2535 Οὐ
1616 2480 1728 2548 τὴν

160 2581 384 2642 ὠσίαν,
408 2580 539 2632 καθ’
570 2577 649 2644 ἣν
683 2577 853 2630 ἐστιν
876 2571 962 2640 εἷς
992 2572 1398 2644 χωριζόμενον,
1442 2572 1480 2639 ἢ
1501 2571 1726 2641 μεριζό-

160 2687 329 2737 μενον
353 2671 441 2734 εις
465 2666 737 2731 πλείους,
771 2665 809 2733 ἢ
839 2663 1058 2717 ἄλλοτε
1099 2661 1293 2716 ἄλλον
1317 2661 1658 2730 γινόμενον
1687 2659 1726 2728 ἢ

164 2762 259 2815 τοῦ
304 2757 456 2814 εἶναι
507 2759 540 2812 ὅ
589 2759 720 2812 ἐστι
761 2755 1202 2825 μεθιστάμενον
1237 2774 1250 2786 ·
1287 2756 1422 2808 οὔτε
1469 2756 1537 2808 ἐκ
1587 2753 1728 2824 μιᾶς

169 2855 365 2918 οὐσίας
394 2855 481 2917 εις
507 2849 877 2914 ὑποστάσεις
900 2847 1052 2916 τρεῖς
1080 2847 1624 2916 σχηματιζόμενον;
1659 2851 1726 2900 "A

181 2947 295 3013 μήτε
310 2944 522 3013 λέγεται
552 2941 702 3012 παρὰ
720 2939 828 2993 τῶν
849 2938 1208 3008 Χριστιανῶν,
1229 2941 1363 3010 μήτε
1392 2940 1724 2992 πιστεύεταιο

1827 1845 1942 1913 ipsa
1980 1846 2326 1899 ostenditur?
2358 1847 2441 1899 vel
2495 1846 2589 1914 qui
2648 1846 2761 1898 ﬁeri
2826 1856 3021 1914 potest,
3077 1856 3133 1899 ut
3184 1847 3275 1916 qui
3333 1849 3402 1901 ab

1825 1953 1890 1991 eo
1933 1937 1984 1990 in
2041 1952 2152 2006 quo
2202 1944 2287 1990 cst
2340 1937 2558 2002 exierit,
2602 1937 2740 1992 alius
2805 1937 2894 1990 ﬁat
2949 1947 3101 1991 extra
3159 1940 3399 2006 seipsum

1826 2025 2044 2079 factus?
2095 2024 2198 2080 Sed
2255 2041 2414 2094 neque
2461 2039 2525 2078 ea:
2576 2041 2702 2085 una,
2759 2025 2860 2087 ait,
2909 2026 3135 2079 essentia
3188 2027 3239 2078 in
3299 2035 3406 2080 tres

1827 2116 2137 2187 Iiypostases
2169 2117 2477 2186 ﬁguratum.
2520 2115 2746 2170 Prorsus
2777 2120 2913 2170 enim
2946 2126 2994 2170 et
3024 2119 3229 2185 penitus
3266 2135 3403 2172 unus

1825 2216 1922 2270 est,
1947 2207 2232 2261 secundum
2254 2208 2434 2261 eodeni
2456 2216 2504 2261 et
2531 2206 2708 2261 eodem
2732 2209 2884 2262 modo
2903 2225 3209 2277 permanens
3233 2211 3400 2264 solus.

1829 2297 1986 2364 Quod
2040 2300 2206 2368 igitur
2259 2310 2440 2353 mente
2483 2308 2634 2354 caret
2677 2309 2728 2352 ct
2771 2315 2934 2354 sensu
2967 2300 3019 2354 in
3059 2301 3124 2356 iis
3164 2319 3285 2370 qua:
3320 2318 3406 2357 re-

1827 2390 1996 2463 citata,
2023 2401 2150 2444 sunt
2177 2389 2426 2444 Eunomii
2455 2392 2654 2455 verbis,
2697 2391 2872 2446 cuivis
2908 2393 3258 2462 perspicuum
3282 2410 3408 2450 esse

1833 2482 1998 2536 etiam
2039 2491 2165 2536 ante
2214 2488 2430 2537 nostras
2483 2483 2722 2537 rationes
2770 2483 3005 2538 arbitror
3064 2504 3075 2537 :
3132 2485 3217 2538 bis
3269 2500 3407 2555 ergo

1827 2572 2188 2632 contradicat.
2243 2573 2335 2641 qui
2378 2579 2530 2642 putat
2573 2573 2637 2628 iis
2687 2573 2866 2627 verbis
2895 2575 3130 2645 aliquam
3166 2586 3401 2630 mentem

1828 2671 1882 2718 et
1912 2664 2322 2733 intelligentiam
2365 2664 2546 2718 inesse
2586 2685 2596 2718 ε
2629 2664 2724 2733 qui
2761 2666 2904 2719 enim
2933 2666 3206 2722 sermonis
3243 2667 3407 2722 istius

1831 2754 1936 2807 vim
1955 2755 2423 2820 'consideraveiit,
2459 2757 2718 2811 absurdis
2743 2764 2796 2810 ct
2824 2758 3030 2811 nullum
3082 2759 3404 2814 fundamen-

1830 2854 1943 2898 tum
2000 2847 2325 2901 habentibus
2358 2847 2626 2917 implicari
2660 2855 2714 2902 et
2761 2849 2967 2904 haerere
2998 2851 3400 2922 dedignabitur.

1828 2935 1968 3002 Quid
2015 2939 2160 2992 enim
2203 2939 2419 2993 roboris
2481 2947 2536 2992 ct
2596 2943 2855 2997 momenti
2918 2951 3107 2996 contra
3156 2952 3405 2999 nostrum

183 3037 301 3104 μήτε
323 3037 382 3087 ἐκ
410 3033 500 3086 τοῦ
523 3031 812 3086 ἀκολούθου
847 3030 934 3084 διὰ
971 3030 1078 3083 τῶν
1109 3031 1236 3098 παρ’
1262 3032 1394 3100 ἡμῖν
1443 3031 1726 3100 ὁμολογου-

1831 3028 2024 3098 dogma
2067 3029 2252 3091 habet,
2289 3030 2392 3084 hoc
2453 3032 2760 3097 enuntiare,
2810 3051 2913 3088 non
2957 3036 3185 3088 essentia
3223 3052 3407 3089 secun-

186 3125 337 3190 μένων
358 3127 582 3178 νοεῖται.
619 3123 715 3185 Τίς
741 3122 850 3190 γὰρ
884 3118 1002 3174 εἷπε
1032 3121 1187 3174 τοῦτό
1221 3138 1371 3181 ποτε,
1412 3120 1443 3190 ἦ
1484 3120 1731 3188 λέγοντος

180 3223 383 3286 ἦκα-»σειν
418 3219 474 3269 ὲν
503 3219 568 3285 τῇ
594 3213 687 3268 τοῦ
713 3212 848 3266 Θεοῦ
898 3213 1210 3284 Ἐκκλησίαις
1247 3214 1325 3265 ὅτι
1365 3215 1392 3266 ό
1425 3213 1610 3282 Πατὴρ
1635 3213 1734 3282 τὴν

172 3311 344 3361 οὶσξαν
373 3311 404 3377 ἢ
431 3307 722 3378 χωρίζεται
754 3306 786 3376 ἢ
828 3305 1138 3376 μερίζεται,
1173 3305 1206 3375 ἢ
1237 3305 1421 3359 ἄλλοτε
1464 3305 1620 3367 ἄλλος
1653 3305 1728 3372 γί-

175 3416 328 3461 νεται,
357 3402 456 3467 ἔξω
488 3397 682 3453 ἑαυτοῦ
715 3398 1016 3467 γινόμενος,
1049 3397 1082 3466 ἢ
1115 3398 1195 3458 είς
1235 3397 1559 3459 ὑποστάσεις
1588 3399 1736 3466 τρεῖς

177 3491 582 3558 τχημιτὶζεταις
621 3486 830 3556 Ἑαυτῷ
884 3485 1057 3538 ταῦτα
1088 3485 1242 3538 λαλεῖ
1273 3487 1300 3537 ὁ
1346 3484 1636 3554 Εύνόμιος’
1666 3486 1725 3537 ού

175 3578 297 3647 πρὸς
327 3581 470 3648 ἡμᾶς
507 3578 832 3648 μαχόμενος,
867 3575 979 3628 ἀλλ’
1019 3574 1152 3637 ιδίας
1187 3573 1495 3644 φληνάφους
1533 3575 1722 3644 είρων·

173 3670 353 3740 πολλὴν
401 3669 707 3739 καταμίξας
753 3670 819 3738 τῇ
863 3665 1085 3735 ἀσεϐείᾳ
1132 3664 1237 3716 τῶν
1285 3664 1594 3734 λεγομένων
1627 3664 1726 3736 τὴν

172 3760 360 3813 ἄνοιαν.
407 3761 596 3830 Ἡμεῖς
623 3758 729 3828 γὰρ
759 3757 952 3826 ὲτιίσης
990 3755 1186 3817 ἀσεϐές
1217 3772 1276 3808 τε
1316 3757 1410 3808 καὶ¹
1447 3755 1606 3810 ἄθεον
1636 3756 1725 3810 λέ-

170 3867 342 3921 γομεν,
367 3853 460 3906 καὶ
481 3851 545 3904 τὸ
593 3849 810 3904 κτιστὺν
847 3849 1024 3917 λέγειν
1056 3847 1146 3900 τὸν
1171 3849 1444 3919 Δεσπότην
1489 3848 1588 3918 τῆς
1616 3851 1728 3902 κτί-

171 3958 294 4006 σεως
317 3961 331 3973 ο
359 3945 452 3996 καὶ
483 3944 544 3996 τὸ
574 3941 781 3996 οἴεσθαι
811 3941 902 3994 τὸν
938 3939 1156 4010 Πατέρα
1183 3939 1317 3992 καθό
1349 3942 1484 4004 ἐστι,
1515 3941 1736 4012 χωρίζε-

167 4035 347 4106 ὠαιῆ
396 4032 770 4104 τέμνεσθαι,ῆ
821 4030 1014 4085 ἑαυτοῦ
1066 4029 1449 4100 ἐξίστασθαι,ἢ
1499 4034 1577 4094 είς
1604 4033 1732 4084 ὑπο-

159 4125 370 4188 στάσεις
419 4126 568 4195 τρεῖς
607 4121 1036 4194 σχηματίζεσθαι
1057 4135 1071 4149 ⁶
1106 4120 1296 4190 ὥσπερ
1323 4124 1444 4174 τινὰ
1483 4123 1668 4191 πηλὸν,
1699 4122 1730 4193 ἢ

152 4216 333 4285 ngf)”,
375 4216 440 4268 ὲν
481 4214 717 4282 μορφαῖς
751 4210 1028 4282 διαφόροις
1061 4209 1535 4279 διαπλασσόμενον.

1830 3118 1956 3170 dum
2018 3135 2178 3188 quam
2236 3129 2315 3173 est
2367 3136 2502 3175 unus
2571 3133 2871 3190 separatum
2905 3164 2920 3189 ,
2987 3123 3063 3177 uel
3115 3123 3168 3177 in
3227 3124 3406 3193 plures

1839 3210 2126 3278 partitione
2157 3211 2302 3280 facta
2332 3213 2595 3267 divulsum
2619 3254 2633 3277 ,
2670 3224 2761 3267 aut
2801 3216 2889 3284 qui
2921 3216 3058 3269 alias
3105 3216 3242 3270 (μίας
3281 3216 3405 3284 είβο

1828 3302 1984 3364 citur,
2019 3301 2094 3356 vel
2135 3303 2226 3372 qui
2261 3305 2324 3356 ab
2368 3319 2426 3356 eo
2455 3304 2591 3374 quod
2633 3315 2743 3368 est,
2777 3323 2890 3360 esse
2939 3307 3158 3361 discedit
3198 3325 3216 3362 :
3245 3325 3408 3378 neque

1833 3408 1897 3446 ea:
1981 3409 2088 3446 una
2145 3396 2374 3449 essentia
2435 3397 2488 3450 in
2545 3405 2645 3452 tres
2700 3399 3066 3452 subsistentias
3136 3400 3399 3465 transfor-

1834 3487 2052 3540 matur?
2089 3484 2218 3550 Quae
2259 3503 2435 3556 neque
2471 3503 2500 3541 a
2543 3488 2872 3545 Christianis
2907 3490 3183 3552 dicuntur,
3230 3506 3406 3560 neque

1834 3579 2186 3633 creduntur:
2257 3596 2433 3650 neque
2487 3597 2552 3636 ex
2615 3591 2987 3652 consequente
3038 3599 3132 3654 per
3167 3598 3230 3638 ea
3283 3599 3405 3653 qua:

1836 3667 1978 3736 apud
2034 3684 2133 3724 nos
2183 3679 2332 3724 certa
2381 3680 2508 3727 sunt
2557 3680 2612 3728 et
2671 3689 2955 3737 concessa,
3006 3675 3400 3745 intelliguntur.

1836 3759 1969 3825 Quis
2015 3760 2162 3814 enim
2207 3762 2320 3815 lnec
2373 3779 2613 3832 unquam
2654 3764 2814 3829 dixit,
2879 3765 2962 3819 vel
3008 3780 3070 3819 ex
3105 3765 3319 3820 dicente
3348 3765 3404 3819 in

1836 3850 1931 3906 Dei
1976 3851 2217 3908 Ecclesia
2276 3854 2523 3920 audivit,
2573 3858 2715 3927 quod
2764 3856 2921 3911 Pater
2980 3857 3278 3912 secundum
3315 3871 3408 3912 es-

1839 3943 2070 3996 sentiam
2127 3944 2212 3998 vel
2256 3955 2544 4014 separatur
2595 3948 2677 4002 vel
2729 3948 3094 4011 distribuitur,
3149 3948 3231 4002 vel
3271 3948 3408 4003 alias

1838 4033 1982 4086 alius
2029 4035 2301 4104 gignitur,
2351 4046 2506 4092 extra
2558 4039 2798 4107 seipsum
2851 4037 3046 4100 factus,
3085 4048 3137 4092 et
3167 4040 3308 4108 quod
3351 4040 3407 4092 in

1840 4130 1954 4176 tres
2001 4123 2328 4194 bypostases
2353 4125 2652 4196 ﬁguratur?
2677 4125 2788 4180 Sibi
2817 4127 2918 4196 ipsi
2949 4128 3192 4197 loquitur
3222 4127 3408 4183 Euno-

1839 4213 2008 4280 mius,
2041 4231 2146 4269 non
2170 4231 2269 4271 nos
2299 4231 2639 4287 oppugnans,
2658 4217 2754 4272 sed
2793 4233 2922 4273 suas
2955 4235 3128 4290 nugas
3160 4228 3408 4286 nectens,

148 4313 446 4372 plurimam
497 4308 766 4376 impietati
818 4323 930 4362 sua:
975 4307 1304 4362 dementiam
1341 4322 1406 4361 ex
1447 4307 1530 4361 his
1569 4305 1730 4362 dictis
1769 4309 2082 4364 admiscuit.
2124 4310 2238 4367 Nos
2276 4313 2421 4366 enim
2455 4327 2522 4368 ex
2554 4327 2710 4382 equo
2739 4322 2792 4370 et
2822 4314 3070 4386 impium,
3137 4325 3192 4372 et
3263 4319 3425 4388 quod.

145 4408 310 4463 Deum
355 4407 508 4462 tollit
537 4405 1087 4467 dicimus,creaturae
1138 4403 1432 4458 Dominum
1497 4402 1625 4472 quid
1687 4415 1931 4459 creatum
1979 4421 2105 4476 esse
2164 4406 2369 4477 profari

2422 4427 2436 4463 :
2489 4417 2544 4464 et
2605 4419 2800 4480 putare
2852 4410 3088 4476 Patrem,
3141 4429 3247 4483 qua
3301 4421 3410 4480 est,

139 4503 399 4572 separari
454 4500 544 4555 vel
576 4499 839 4554 dissecari
879 4499 963 4553 vel
1001 4514 1068 4554 ex
1109 4499 1290 4567 seipso
1327 4498 1616 4568 emigrare,
1656 4499 1740 4554 vel
1779 4501 1833 4554 in
1881 4511 1991 4556 tres
2036 4501 2422 4560 subsistentias
2485 4505 2600 4560 sive
2637 4519 2897 4574 personas
2945 4505 3189 4570 formari,
3259 4508 3410 4563 velut

140 4596 319 4648 lutum
378 4591 684 4659 quoddam,
717 4592 800 4645 vel
830 4606 1034 4656 ceram,
1068 4606 1190 4645 cum
1238 4590 1429 4645 formis
1475 4591 1851 4648 diﬂ'erentibus
1899 4593 2197 4664 ellingitur.

221 4687 401 4738 Ἀλλὰ.
425 4686 556 4746 τοὺς
589 4685 788 4754 ἐφεξῆς
821 4685 1010 4754 λόγους
1037 4687 1383 4758 σκεψώμεθα.
1405 4686 1603 4755 Πάντη
1626 4688 1726 4757 γὰρ

1910 4685 2014 4744 Sed
2057 4705 2180 4760 quae
2223 4697 2533 4760 sequuntur
2570 4691 2734 4746 verba
2779 4691 3211 4748 consideremus.
3251 4693 3412 4749 Omni

139 4777 240 4830 καὶ
295 4775 591 4840 καθάπαξ
639 4776 810 4829 ἐστίν
859 4771 945 4842 εἷς
984 4793 998 4807 ·
1028 4779 1176 4832 κατὰ
1227 4779 1300 4832 τὰ
1330 4777 1482 4830 αὐτὰ
1524 4795 1588 4830 τε
1632 4778 1730 4831 καί

139 4869 444 4934 dicativo-iit;
472 4867 768 4938 διαμένων
785 4870 992 4938 μόνος.
1013 4871 1075 4923 Et
1109 4889 1174 4923 πε
1185 4871 1237 4941 pl.
1273 4869 1367 4924 τοῦ
1414 4870 1625 4941 Πατρδς
1644 4871 1728 4924 λέ-

139 4975 245 5023 γει,
293 4957 468 5010 τοῦτο
524 4957 619 5010 καὶ
667 4959 828 5028 ἡμεῖς
885 4958 1259 5030 συντιθέμεθα.
1309 4955 1403 5022 Εἷς
1441 4959 1550 5032 γάρ
1587 4963 1734 5013 ἐστιν

139 5049 212 5110 ὡς
243 5047 482 5118 ἀληθῶς
511 5050 539 5101 ὁ
563 5049 770 5120 Πατὴρ,
796 5050 954 5119 μόνος
981 5051 1073 5103 καὶ
1107 5052 1279 5120 πάντη
1316 5050 1567 5117 καθάπαξ
1594 5051 1735 5105 κατὰ

139 5143 208 5190 τὲ
231 5138 392 5191 αὗτά
410 5155 471 5191 τε
525 5139 620 5191 καὶ
655 5140 915 5204 ὡσαύτως
954 5141 1110 5211 ἔχων.
1143 5143 1253 5197 Καὶ
1287 5142 1408 5196 οὐδέ
1441 5159 1570 5195 ποτε
1602 5143 1736 5212 ὅπερ

136 5231 310 5291 ἐστὶν,
341 5230 478 5282 οὔτε
513 5232 587 5300 μὴ
619 5230 716 5294 ὢν,
738 5231 858 5286 οὕτε
896 5232 970 5303 μὴ
996 5233 1268 5304 ἐσόμενος.
1303 5235 1365 5286 El
1392 5233 1570 5287 τοίνυν
1600 5232 1737 5304 πρὸς

135 5321 228 5370 τόν
259 5322 498 5392 Πατέρα
534 5321 719 5391 βλέπει
749 5325 782 5393 ἡ
813 5323 1035 5394 τοιαύτη
1060 5325 1232 5396 φωνὴ,
1263 5325 1336 5395 μὴ
1376 5324 1629 5395 μαχέσθω
1658 5325 1737 5394 τῷ

131 5408 385 5477 δόγματι
437 5411 539 5480 τῆς
596 5411 894 5476 εὐσεϐείας,
958 5413 1260 5482 συμφωνῶν
1311 5417 1375 5485 τῇ
1441 5415 1734 5485 Ἐκκλησία

133 5503 286 5552 κατὰ
321 5503 491 5555 τοῦτο
529 5502 594 5555 τὸ
637 5503 832 5574 μέρος’
867 5506 896 5557 ό
941 5504 1049 5575 γὰρ
1087 5505 1362 5575 ὁμολογῶν
1387 5507 1479 5559 τὸν
1521 5507 1736 5576 Πατέρα

127 5593 391 5647 πάντοτε
421 5595 518 5647 καὶ
544 5595 805 5660 ὡσαύτως
837 5595 995 5666 ἔχειν,
1031 5597 1126 5650 ἕνα
1154 5599 1245 5650 καὶ
1285 5597 1442 5667 μόνον
1464 5599 1611 5659 ὄντα.
1645 5599 1736 5651 τὸν

124 5683 241 5751 τῆς
279 5685 580 5750 εὐσεϐείας
615 5686 872 5756 κρατύνει
903 5687 1086 5758 λόγον’
1118 5687 1330 5759 βλέπων
1374 5689 1431 5742 ὲν
1457 5688 1534 5759 τῷ
1562 5690 1736 5760 Πατρὶ

1837 4793 1902 4832 ex
1945 4791 2097 4848 parte
2141 4789 2190 4834 et
2231 4780 2468 4834 absolute
2513 4797 2649 4835 unus
2695 4791 2773 4836 est
2822 4798 2842 4836 :
2891 4785 3176 4838 secundum
3229 4790 3411 4839 eadem

1838 4877 1888 4922 et
1927 4869 2105 4922 eodem
2137 4869 2290 4922 modo
2345 4885 2656 4939 permanens
2690 4871 2855 4924 solus.
2889 4870 2946 4925 Si
2971 4871 3038 4926 de
3067 4871 3227 4927 Patre
3253 4873 3408 4936 dicit.

1843 4959 1947 5014 hoc
1986 4961 2148 5015 etiam
2181 4976 2284 5017 nos
2315 4961 2756 5031 comprobamus.
2801 4961 2956 5018 Unus
2983 4964 3128 5018 enim
3172 4973 3257 5020 est
3285 4981 3414 5022 vere

1841 5049 2025 5114 Pater,
2067 5054 2217 5110 solus
2263 5055 2426 5110 etiam
2458 5056 2662 5126 ubique
2705 5063 2760 5110 et
2797 5071 3024 5124 prorsus
3058 5060 3410 5130 omninoque,

1841 5154 1894 5197 et
1940 5145 2242 5200 secundum
2285 5146 2473 5202 eadem
2518 5147 2821 5218 eodemque
2857 5151 3018 5204 modo
3067 5166 3125 5206 se
3181 5152 3409 5209 habens.

1838 5231 2024 5304 Neque
2069 5251 2307 5306 unquam
2347 5237 2493 5308 quod
2543 5246 2647 5302 est,
2700 5255 2874 5308 neque
2924 5255 3034 5293 non
3085 5255 3204 5306 ens,
3237 5259 3414 5312 neque

1839 5340 1948 5379 non
2001 5324 2238 5380 futurus.
2295 5326 2352 5381 Si
2393 5342 2525 5398 ergo
2576 5329 2690 5382 haec
2741 5345 2841 5383 vox
2893 5327 3107 5384 Patrem
3169 5332 3412 5401 respicit,

1839 5416 2062 5484 pietatis
2107 5417 2332 5471 decreto
2371 5432 2479 5470 non
2515 5419 2762 5486 pertinax
2818 5419 3158 5481 adversetur,
3202 5421 3295 5475 sed
3358 5421 3412 5476 in

1843 5507 1945 5560 hac
1991 5513 2144 5576 parte
2194 5505 2448 5563 Ecclesiae
2500 5509 2827 5563 consentiat.
2863 5509 2964 5575 Qui
3008 5512 3150 5564 enim
3200 5510 3411 5568 Patrem

1844 5613 2058 5667 semper
2085 5605 2139 5654 et
2159 5599 2349 5654 eodem
2385 5599 2546 5654 modo
2573 5615 2631 5654 se
2653 5599 2855 5656 habere
2881 5603 3191 5668 conﬁtetur,
3223 5620 3416 5660 unum-

1843 5705 1948 5761 que
1977 5696 2031 5747 et
2068 5691 2245 5748 solum
2285 5706 2409 5750 esse
2453 5692 2761 5762 conﬁrmat,
2809 5695 3028 5766 pictatis
3073 5697 3273 5754 retinet
3310 5697 3414 5754 do-
