4032 6208
667 296 773 350 ιες

1875 295 1932 349 S.
1968 291 2294 351 GREGORII
2318 292 2611 354 NYSSENI

3798 315 3881 370 ιδι

667 410 925 468 ctrinam,
959 406 1179 460 intuens
1221 404 1276 460 in
1314 404 1474 461 Patre
1503 402 1699 460 Filium
1731 425 1744 461 :
1782 406 1902 463 sine
1937 423 2047 478 quo
2073 408 2208 463 Pate‘

2334 412 2423 465 τὸν
2445 413 2588 468 Υίόν·
2615 410 2676 471 οὗ
2721 419 2888 489 χωρὶς
2913 419 3102 491 Πατὴρ
3126 420 3250 475 οὔτε
3302 420 3442 477 ἔστιν
3460 461 3478 489 ,
3502 424 3626 478 οὔτε
3667 423 3877 495 λέγεται.

668 516 847 571 neque
892 510 973 554 est
1021 513 1196 567 neque
1233 497 1453 552 dicitur.
1500 497 1655 564 Quod
1696 499 1741 553 si
1789 499 2021 568 aliquem
2069 501 2233 554 alium

669 594 837 647 Deum
880 598 1076 661 praeter
1111 588 1325 644 Patrem
1368 590 1540 658 lingit,
1573 604 1697 644 cum
1730 588 1933 646 ludatis
1969 592 2232 661 disputet,

665 685 753 741 vel
794 700 918 739 cum
974 683 1063 738 his
1084 682 1176 753 qui
1203 681 1533 753 llypsistiani
1562 683 1954 738 nominantur:
2001 699 2231 754 quarunt

664 788 750 835 est
785 778 899 832 haec
926 791 1050 831 cum
1082 775 1407 830 Christianis
1438 775 1733 842 discordia,
1767 773 1910 844 quod
1942 774 2041 845 ipsi
2063 773 2232 829 Deum

664 869 882 937 quidem
917 867 1242 921 conlitentur
1269 880 1392 920 esse
1418 865 1706 935 quemdam
1765 864 2007 935 ὕψιστον.
2044 865 2096 919 id
2125 872 2229 931 est,

662 960 1012 1022 altissimum,
1055 959 1138 1013 vel
1190 959 1623 1028 παντοκράτορα,
1671 957 1723 1012 id
1751 965 1856 1022 est,
1885 958 2232 1027 omnipoten-

664 1062 772 1107 tem
815 1070 827 1106 :
864 1051 1075 1105 Patrem
1128 1057 1308 1102 autem
1350 1049 1527 1118 ipsum
1576 1063 1697 1103 esse
1750 1064 1856 1102 non
1911 1049 2224 1102 admittunt.

659 1143 1009 1197 Christianus
1034 1155 1180 1204 vero,
1205 1141 1309 1196 nisi
1336 1139 1444 1195 Deo
1471 1138 1618 1193 Patri
1652 1140 1859 1204 credat,
1881 1139 2228 1196 Christianus

659 1252 766 1289 non
815 1243 919 1289 cst.

726 1326 858 1396 Qum
904 1325 989 1381 his
1036 1324 1292 1394 deinceps
1318 1323 1506 1393 adjicit
1531 1324 1646 1378 ha-c
1673 1332 1801 1378 sunt
1824 1322 1971 1375 :Non
2006 1322 2223 1387 habens,

657 1418 851 1487 inquit,
896 1417 1111 1471 deitatis
1159 1433 1270 1470 sua:
1296 1418 1602 1486 participem
1630 1418 1852 1479 socium,
1884 1431 1986 1469 non
2016 1416 2224 1483 partia-

655 1510 792 1562 riam
833 1509 1036 1579 glorire,
1088 1525 1191 1561 non
1250 1518 1542 1562 consortem
1586 1516 1885 1577 potestatis,
1927 1523 2029 1559 non
2081 1507 2225 1575 regni

654 1616 1056 1656 consessorem:
1101 1618 1235 1655 unus
1288 1604 1425 1654 enim
1478 1612 1553 1655 est
1604 1611 1653 1654 et
1689 1601 1833 1654 solus
1879 1599 2017 1653 Deus
2060 1600 2225 1652 omni-

2336 506 2399 559 El
2425 505 2481 559 δὲ
2510 506 2667 562 ἄλλον
2698 509 2820 563 τινὰ
2845 512 2992 583 παρὰ
3021 512 3113 567 τὸν
3142 514 3359 584 Πατέρα
3388 514 3519 569 Θεὸν
3549 516 3880 584 ἀναπλάσσει,

2349 598 2621 661 Ἰουδαίοις
2662 599 3009 669 διαλεγέσθω,
3040 605 3073 675 ἢ
3117 608 3230 670 τοῖς
3276 606 3584 678 λεγομένοις
3622 609 3877 679 ’Υψιστια-

2332 690 2445 752 νοτς
2460 707 2471 720 ·
2489 682 2563 742 ὧν
2584 689 2721 762 αὕτη
2743 694 2890 746 ἐστὶν
2910 695 2941 764 ή
2964 695 3095 766 πρὸς
3117 698 3240 761 τοὺς
3255 699 3607 769 Χριστιανοὺς
3636 700 3876 773 διαφοράν

2331 780 2394 833 τὸ
2422 781 2553 835 Θεὸν
2588 783 2684 853 μὲν
2720 786 2914 849 αὑτοὺς
2943 788 3225 857 ὁμολογεῖν
3267 786 3406 844 εἶναί
3442 808 3584 855 τινα,
3612 794 3673 845 ὃν
3704 795 3876 865 ὀνομά-

2332 871 2513 937 ζουσιν
2540 874 2819 943 ’Υψιστον,
2854 877 2886 947 ἢ
2921 878 3339 953 Παντοκράτορα
3362 900 3378 914 ·
3401 884 3618 954 Πατέρα
3641 885 3699 938 δὲ
3735 886 3876 940 αὐτὸν

2331 959 2470 1018 εἶναι
2516 965 2591 1037 μὴ
2627 968 3044 1038 παραδέχεσθαι.
3086 971 3143 1023 '0
3172 972 3228 1024 δὲ
3262 973 3601 1044 Χριστιανὸς,
3639 978 3686 1029 εἰ
3728 976 3873 1048 μὴτῷ

2331 1055 2504 1125 Πατρὶ
2535 1057 2795 1122 πιστεύοι,
2833 1061 3151 1130 Χριστιανὸς
3184 1063 3282 1115 οὐκ
3309 1064 3471 1119 ἔστιν.

2402 1321 2465 1372 "A
2503 1320 2557 1373 δὲ
2609 1322 2817 1386 τούτοις
2864 1323 3061 1393 ἑφεξῆς
3107 1325 3467 1396 προστίθησι,
3501 1325 3676 1380 ταῦτα
3723 1328 3868 1383 ἐστίν.

2320 1414 2402 1467 Οὐ
2423 1415 2711 1468 κοινωνὸν
2730 1415 2904 1483 ἔχων,
2924 1417 3078 1486 φησὶ,
3107 1416 3217 1485 τῆς
3245 1419 3627 1485 θεότητος-,οὺ
3644 1420 3875 1487 μερίτην

2324 1503 2434 1573 τῆς
2459 1504 2663 1572 δόξης,
2693 1509 2765 1560 οὐ
2796 1509 3143 1575 miruqu
3176 1508 3283 1576 τῆς
3318 1509 3619 1575 ἐξουσίας,
3651 1512 3727 1565 οὐ
3751 1512 3876 1563 σύν-

2323 1600 2539 1663 θρονον
2580 1597 2692 1667 τῆς
2732 1599 3074 1666 βασιλείας.
3109 1596 3212 1667 Εἷς
3252 1601 3360 1671 γάρ
3408 1603 3539 1656 ἐστι
3567 1604 3663 1656 καί
3708 1603 3876 1670 μόνος

654 1702 859 1760 potens,
913 1693 1048 1745 Deus
1083 1691 1322 1757 deorum,
1365 1691 1473 1745 Rea:
1518 1692 1851 1762 regnantium
1879 1730 1893 1754 ,
1965 1690 2208 1744 Dominus

2327 1688 2467 1755 Θεὸς
2481 1692 2513 1743 ό
2526 1690 2963 1759 παντοκράτωρ,
2987 1692 3130 1758 Θεὸς
3148 1692 3316 1756 θεῶν,
3329 1694 3630 1760 βασιλεὺς
3647 1694 3768 1746 τῶν
3781 1695 3875 1757 ,Βα-

652 1785 1059 1837 dominantium.
1101 1782 1294 1839 Nescio
1335 1785 1391 1837 in
1437 1799 1596 1854 quem
1637 1785 1857 1839 intuens
1897 1783 2208 1849 Eunomius,

2322 1784 2694 1837 σιλευόντων
2714 1825 2729 1848 ,
2765 1785 2982 1851 Κύριος
3007 1784 3126 1837 τῶν
3159 1787 3567 1853 κιιοιευόντων.
3621 1787 3744 1839 Οὐκ
3778 1783 3875 1837 ait}:

651 1894 760 1934 non
787 1880 888 1949 ipsi
919 1879 1256 1933 divinitatem
1286 1882 1693 1934 communicare
1715 1879 1928 1933 Patrem
1952 1887 2220 1934 contesta-

650 1979 757 2023 tur.
804 1970 1083 2040 Siquidem
1119 1971 1183 2023 ad
1223 1971 1517 2025 simulacra
1558 1984 1693 2024 vana
1728 1978 1781 2025 et
1828 1970 1894 2024 ad
1929 1971 2214 2025 conﬁctam

650 2062 1178 2118 simulacricolarum
1197 2062 1506 2132 opinionem
1541 2062 1668 2115 talia
1686 2060 1837 2125 dicit,
1864 2063 2212 2132 quemadmo-

648 2153 779 2207 dum
815 2154 1019 2206 Paulus
1046 2152 1278 2218 clamat,
1328 2150 1473 2222 quod
1523 2169 1625 2206 non
1653 2162 1729 2206 est
1781 2138 2077 2215 consensio,
2112 2154 2218 2207 sire

648 2243 919 2297 contentio
961 2230 1172 2297 Christo
1210 2257 1327 2293 cum
1369 2238 1573 2303 Beliar,
1616 2257 1779 2311 neque
1814 2244 2215 2297 communicatio

649 2333 838 2401 templo
872 2333 965 2385 Dei
985 2348 1101 2386 cum
1134 2333 1341 2402 templis
1375 2330 1635 2385 idolorum
1664 2332 1731 2395 “,
1757 2335 1919 2387 etiam
1948 2349 2049 2387 nos
2080 2348 2213 2387 con-

646 2426 948 2480 ﬁrmamus.
985 2422 1139 2488 Quod
1182 2423 1225 2475 si
1259 2422 1597 2490 unigenitum
1655 2421 1821 2476 Deum
1863 2438 1958 2493 per
2004 2438 2067 2479 ea
2096 2439 2215 2494 quae

644 2516 926 2579 dicuntur,
951 2528 981 2567 a
1008 2512 1185 2583 patria
1207 2511 1409 2569 deitatc
1438 2528 1585 2583 sepa‘
1604 2522 1682 2574 at.
1730 2513 1928 2573 discat.
1961 2514 2214 2570 dilemma

645 2608 941 2679 impietatis
984 2606 1107 2675 ejus
1154 2606 1208 2659 in
1258 2605 1499 2676 seipsum
1552 2606 2049 2661 recriminationem
2081 2620 2214 2661 con-

644 2709 901 2767 struere;
951 2698 1032 2753 vel
1078 2699 1223 2751 enim
1269 2699 1514 2753 aluolute
1541 2696 1633 2753 Dei
1667 2698 2009 2769 Unigenitum
2051 2707 2213 2769 negat

641 2809 764 2849 esse
813 2791 1002 2853 Deum,
1041 2797 1100 2843 ut
1145 2789 1287 2843 Patri
1327 2798 1612 2844 conservet
1657 2804 1720 2843 ac
1758 2789 2018 2855 vindicet,
2066 2788 2210 2858 quod

639 2893 725 2939 est
763 2898 887 2937 cum
932 2881 1067 2934 Filio
1095 2882 1149 2934 in
1196 2881 1397 2935 deitate
1428 2881 1963 2942 incomtnunicabile.
2014 2896 2077 2935 ac
2117 2896 2212 2950 per

641 2975 746 3029 hoc
774 2982 1149 3044 transgressor
1179 2987 1244 3027 ac
1281 2974 1668 3041 praevaricator
1691 2973 2062 3043 redarguitur,
2100 2971 2210 3027 Deo

2320 1874 2454 1945 πρὸς
2469 1874 2588 1927 τινα
2623 1874 2836 1945 βλέπων
2866 1876 2895 1927 6
2922 1875 3200 1945 Εὑνόμιος,
3220 1876 3284 1930 τὸ
3316 1877 3388 1947 μὴ
3417 1880 3691 1930 κοινωνεῖν
3715 1876 3876 1945 ἐαυτῷ

2317 1966 2415 2035 τῆς
2472 1965 2720 2036 θεότητος
2770 1967 2860 2020 τὸν
2898 1967 3120 2038 Πατέρα
3176 1968 3619 2038 διαμαρτύρεται.
3667 1970 3734 2021 Ei
3789 1969 3875 2038 μὲν

2317 2060 2426 2127 γὰρ
2451 2058 2587 2130 πρὸς
2616 2060 2683 2112 τὰ
2716 2058 2905 2112 εἴδωλα
2932 2059 2999 2112 τὰ
3036 2060 3259 2129 μάταια,
3283 2060 3377 2113 καὶ
3410 2060 3506 2131 τὴν
3533 2060 3876 2130 πεπλανημέ.

2316 2166 2415 2219 νην
2442 2148 2549 2201 τῶν
2587 2148 3111 2220 εἰδωλολατρούντων
3146 2151 3409 2222 ὑπόληψιν
3448 2153 3515 2205 τὰ
3546 2152 3776 2206 τοιαῦτα
3799 2153 3874 2205 λέ-

2302 2252 2410 2315 γει,
2431 2235 2611 2300 καθὼς
2649 2239 2744 2292 καὶ
2778 2240 2807 2291 6
2829 2238 3040 2303 Παῦλος
3066 2239 3164 2310 βοᾷ
3182 2256 3196 2270 υ
3221 2240 3305 2293 δτι
3337 2240 3449 2293 οὐκ
3478 2240 3609 2293 ἔστι
3632 2242 3870 2308 συμφὼο

2300 2343 2479 2394 mare
2514 2327 2745 2397 Χριστῷ
2785 2329 2931 2399 πρὸς
2966 2330 3217 2399 Βε.ιιάρ’
3257 2330 3399 2385 οὐδὲ
3440 2333 3730 2385 κοινωνία
3765 2331 3873 2397 ναῷ

2303 2419 2450 2473 Θεοῦ
2460 2420 2611 2489 μετὰ
2624 2419 2905 2485 εἰδώλων,
2923 2422 3017 2476 καὶ
3037 2425 3202 2494 ἡμεῖς
3225 2423 3604 2495 συντιθέμεθα.
3631 2424 3699 2477 Εἰ
3713 2425 3776 2477 δὲ
3794 2427 3873 2477 τὸν

2303 2510 2568 2582 μονογενῆ
2590 2511 2724 2566 Θεὸν
2751 2513 2840 2567 διὰ
2857 2513 2967 2567 τῶν
2991 2515 3299 2586 λεγομένων
3323 2516 3423 2587 τῆς
3447 2516 3732 2588 πατρικῆς
3752 2518 3873 2585 atpo-

2301 2602 2441 2673 ρίζει
2470 2602 2743 2673 θεότητος,
2775 2605 2992 2675 μαθέτω
3015 2608 3096 2660 ὅτι
3113 2608 3358 2679 δίλημμα
3382 2608 3480 2679 τὴν
3498 2610 3596 2679 τῆς
3615 2610 3870 2671 ἀσεϐείας

2313 2691 2479 2747 αὐτοῦ
2513 2693 2843 2764 κατηγορίαν
2888 2692 2972 2761 ἐφ’
3006 2691 3180 2763 ἑαυτῷ
3236 2693 3626 2757 κατασκευάζει
3658 2710 3674 2725 ·
3704 2696 3742 2765 ἢ
3782 2697 3877 2765 γὰρ

2312 2785 2551 2854 ἀρνεῖται
2583 2784 2811 2838 καθόλου
2847 2783 2979 2837 Θεὸν
3019 2778 3155 2837 εἶναι
3191 2783 3280 2837 τὸν
3300 2784 3573 2854 Μονογενῆ
3603 2784 3779 2839 Θεοῦ·
3803 2786 3880 2840 ἵνα

2312 2877 2518 2948 φυλάξῃ
2549 2877 2626 2946 τῷ
2670 2876 2845 2948 Πατρὶ
2884 2876 2945 2930 τὸ
2989 2877 3048 2929 ὲν
3093 2879 3155 2947 τῇ
3195 2876 3405 2946 θεότητι
3445 2877 3578 2947 πρὸς
3615 2877 3714 2930 τὸν
3763 2878 3880 2930 Υἱδν

2311 2966 2670 3037 ἀκοινώνητον
2702 2982 2717 2998 ⁸
2753 2966 2845 3020 καὶ
2873 2964 2961 3020 διὰ
2994 2965 3186 3019 τούτου
3228 2967 3547 3038 παραϐάτης
3573 2968 3875 3038 ιλέγχεται,

639 3066 1077 3121 Christianorum
1112 3063 1408 3133 abuegato;
1447 3063 1529 3119 vel
1568 3064 1614 3118 si
1653 3065 2011 3126 concesserit,
2043 3064 2197 3117 illum

2309 3057 2402 3111 τὸν
2441 3057 2571 3110 Θεὸν
2609 3057 2720 3109 τῶν
2760 3055 3100 3127 Χριστιανῶν
3133 3057 3545 3127 ἀρνησάμενος·
3578 3056 3611 3127 ἢ
3656 3061 3711 3112 εἰ
3772 3059 3879 3126 δοίη

638 3169 763 3209 esse
795 3154 960 3209 Deum
1006 3153 1308 3208 secundum
1342 3161 1594 3209 naturam
1634 3169 1756 3207 cum
1800 3152 1908 3208 Deo
1943 3169 2070 3209 vero
2101 3170 2206 3209 non

2309 3150 2558 3204 κάκεῖνον
2580 3146 2718 3203 εἶναι
2748 3149 2880 3202 Θεὸν
2908 3149 3045 3202 κατὰ
3077 3148 3174 3218 τὴν
3201 3148 3361 3217 φύσιν
3387 3147 3463 3218 τῷ
3488 3147 3738 3221 ἀληθινῷ
3768 3150 3881 3218 Θεῷ

638 3246 1078 3311 convenientem,
1104 3246 1324 3299 omnino
1350 3247 1723 3300 necessarium
1754 3254 1837 3299 est
1866 3246 2042 3314 ipsum
2077 3261 2209 3300 eon-

640 3337 803 3399 ﬁteri,
856 3353 914 3391 se
960 3352 1120 3392 orare
1164 3337 1296 3391 deos
1346 3345 1663 3391 naturarum
1718 3336 2019 3392 differentia
2070 3353 2100 3391 a
2149 3353 2207 3392 se

638 3429 846 3484 divisos
891 3443 955 3482 ac
1006 3427 1327 3497 diremptos.
1359 3426 1563 3481 llorum
1613 3435 1796 3481 utrum
1826 3428 2080 3491 voluerit,
2110 3428 2208 3481 cli-

637 3524 748 3586 gat,
768 3515 851 3569 vel
886 3530 1084 3585 negare
1110 3514 1230 3569 Filii
1254 3515 1534 3582 deitatem,
1563 3517 1645 3572 vel
1667 3515 1799 3572 deos
1822 3532 1923 3572 suo
1954 3517 2207 3587 dogmate

638 3608 896 3662 inducere
933 3625 947 3662 :
985 3616 1169 3660 utrum
1195 3607 1338 3659 enim
1369 3608 1564 3660 horum
1586 3608 1831 3679 elegerit,
1858 3609 1989 3662 nihil
2019 3607 2203 3675 refert,

636 3698 705 3755 ad
751 3698 1079 3768 impietatem
1117 3713 1215 3768 par
1254 3699 1438 3753 scelus
1470 3708 1573 3754 est.
1624 3698 1733 3754 Nos
1779 3698 1921 3753 enim
1959 3699 2199 3768 inspira-

636 3791 710 3845 tis
753 3805 783 3843 a
812 3788 920 3844 Deo
961 3788 1260 3858 Scriptura;
1287 3791 1470 3846 verbis
1504 3791 1736 3846 instituti
1776 3800 1830 3847 et
1874 3793 2051 3848 edocti
2095 3807 2203 3847 non

635 3881 691 3935 in
727 3879 886 3934 Patre
916 3889 970 3935 et
997 3877 1134 3933 Filio
1166 3881 1385 3935 deitatis
1416 3883 1851 3938 communionem
1901 3885 2201 3946 cernimus,

637 3970 732 4026 sed
761 3971 1050 4033 unitatem,
1082 3970 1184 4024 hoc
1211 3972 1453 4041 prepriis
1477 3972 1658 4028 verbis
1689 3972 1919 4027 Domino
1952 3973 2202 4039 docente,

642 4061 848 4129 quibus
898 4061 992 4121 ait.
1042 4060 1205 4114 Pater
1235 4069 1285 4115 et
1313 4077 1406 4131 ego
1454 4078 1617 4115 unum
1657 4079 1838 4117 sumus
1883 4063 1951 4126 ⁸³,
1983 4070 2057 4128 et,
2101 4063 2206 4130 Qui

635 4152 763 4206 vidit
815 4168 915 4215 me,
936 4152 1064 4204 vidit
1108 4151 1323 4206 Patrem
1365 4153 1433 4205 “.
1465 4152 1597 4206 Nam
1641 4155 1685 4209 si
1730 4169 1838 4207 non
1874 4165 2019 4209 esset
2052 4155 2205 4225 ejus-

633 4242 756 4296 dem
801 4250 1033 4305 naturae,
1087 4242 1361 4312 quomodo
1410 4244 1495 4298 vel
1544 4244 1766 4299 haberet
1815 4244 1868 4297 in
1906 4245 2203 4315 semetipso

632 4332 779 4403 quod
827 4333 1096 4398 alienum;
1137 4335 1221 4389 vel
1266 4334 1543 4404 quomodo
1585 4339 1638 4389 in
1670 4336 1852 4405 seipso
1885 4336 2200 4391 ostenderet

2312 3239 2385 3311 μὴ
2439 3239 2832 3309 συμϐαίνοντα,
2861 3238 3076 3308 ἀνάγκη
3110 3240 3255 3291 πᾶσα
3307 3237 3466 3291 αὖτὸν
3502 3238 3669 3301 Θεοὺς
3712 3256 3882 3310 πρεσο

2308 3332 2505 3393 δεύειν,
2540 3332 2840 3402 ὁμολογεῖν,
2870 3335 2934 3401 τῇ
2964 3332 3195 3401 διαφορᾷ
3240 3329 3347 3383 τῶν
3395 3330 3609 3396 φύσεων
3661 3332 3765 3385 ἀπ’
3799 3333 3876 3385 ἀλ.

2306 3424 2480 3496 λήλων
2506 3424 2928 3496 διεσχισμένους.
2963 3424 3196 3477 Ἐλέσθω
3231 3424 3434 3477 τούτων
3476 3424 3504 3476 ὃ
3545 3423 3820 3493 βούλεται,
3850 3425 3880 3492 ἢ

2306 3517 2585 3589 ἀρνεῖσθαι
2631 3516 2725 3569 τοῦ
2777 3516 2908 3570 Υίοῦ
2963 3516 3228 3585 θεότητα,
3258 3517 3291 3584 ἢ
3339 3515 3505 3577 Θεοὺς
3562 3517 3883 3584 ἐπεισάγειν

2305 3608 2383 3679 τῷ
2412 3608 2640 3678 δόγματι
2663 3624 2677 3638 ο
2700 3608 2835 3678 ὅπερ
2866 3607 2977 3678 γὰρ
3008 3607 3072 3660 ἂν
3099 3606 3288 3675 ἕληται
3329 3606 3552 3670 τούτων,
3579 3602 3701 3659 ἶσόν
3739 3610 3883 3661 ἐστιν

2306 3700 2387 3763 είς
2407 3698 2678 3753 ἀσέϐειαν.
2714 3698 2905 3769 Ἡμεῖς
2937 3699 3045 3769 γὰρ
3067 3698 3216 3769 παρὰ
3236 3698 3344 3750 τῶν
3373 3698 3752 3752 θεοπνεύστων
3782 3699 3882 3768 τῆς

2307 3791 2529 3862 Γραφῆς
2583 3789 2755 3858 λόγων
2823 3788 3340 3860 μυσταγωγούμενοι
3359 3829 3373 3856 ,
3425 3790 3543 3860 οὐχὶ
3590 3792 3881 3845 κοινωνίαν

2307 3880 2555 3950 θεότητος
2581 3880 2795 3952 ὁρῶμεν
2824 3880 2881 3931 ὲν
2915 3880 3090 3950 Πατρὶ
3138 3878 3233 3932 καὶ
3282 3879 3414 3950 Υίῷ.
3441 3880 3555 3932 ἀλλ’
3603 3882 3841 3952 ἑνότητα
3863 3896 3877 3908 ⁸

2304 3972 2462 4026 τοῦτο
2489 3971 2583 4026 τοῦ
2613 3971 2882 4025 Δεσπότου
2904 3970 2991 4024 διὰ
3014 3970 3122 4023 τῶν
3154 3970 3299 4024 ἰδίων
3328 3969 3502 4040 λόγων
3541 3970 3879 4038 διδάξαντος,

2304 4065 2364 4117 ὲν
2390 4056 2471 4127 οἷς
2498 4080 2641 4134 φησν
2659 4103 2673 4128 ,
2716 4062 2857 4132 Ἐγὼ
2894 4064 2991 4115 καὶ
3030 4066 3064 4117 ό
3087 4062 3289 4130 Πατὴρ
3310 4062 3380 4115 ἓν
3402 4064 3589 4131 ἐσμέν
3618 4080 3632 4094 ο
3663 4064 3766 4117 καὶ⁹
3803 4064 3881 4116 ὃτι

2316 4155 2379 4209 '0
2415 4154 2683 4221 ἑωρακὼς
2720 4154 2825 4223 ἐμὲ
2868 4153 3086 4221 ἑώρακε
3129 4154 3237 4207 τὸν
3264 4155 3511 4223 Πατέρα.
3551 4155 3613 4207 El
3643 4156 3765 4228 γὰρ
3810 4154 3881 4227 μὴ

2303 4248 2401 4319 τῆς
2431 4246 2602 4316 αὐτῆς
2628 4242 2695 4317 ἦν
2717 4246 2949 4314 φύσεως,
2995 4245 3110 4309 πῶς
3145 4245 3212 4300 ἂν
3242 4246 3274 4317 ἢ
3312 4246 3466 4316 ἔσχεν
3496 4247 3551 4298 ὲν
3590 4246 3783 4318 ἑαυτῷ
3822 4245 3882 4299 τὸ

2304 4339 2601 4408 ἀλλότριον,
2633 4337 2665 4407 ἢ
2698 4337 2815 4400 πῶς
2843 4336 2907 4390 ἂν
2937 4336 3135 4403 ἔδειξεν
3155 4338 3240 4405 ἐφ’
3268 4336 3459 4389 ἑαυτοῦ
3493 4336 3553 4389 τὸ
3580 4337 3843 4409 ἀνόμοιον
3862 4377 3878 4400 ,

635 4422 780 4491 quod
822 4433 907 4478 est
944 4422 1252 4489 dissimile;
1296 4432 1519 4479 externa
1552 4434 1606 4480 et
1646 4426 1824 4482 aliena
1865 4441 2059 4498 natura
2087 4443 2195 4482 non

2313 4428 2386 4499 μὴ
2426 4427 2718 4498 δεχομένης
2748 4428 2845 4497 τῆς
2885 4427 3040 4497 ξένης
3077 4444 3134 4480 τε
3190 4428 3284 4480 καὶ
3333 4426 3614 4498 ἀλλοτρίας
3659 4429 3882 4497 φύσεως

632 4513 940 4582 excipiente
984 4514 1187 4569 diversi
1245 4514 1462 4583 generis
1499 4516 1872 4572 characterem
1917 4518 2032 4574 sive
2086 4516 2199 4571 l'or-

633 4604 817 4657 Iuam?
864 4603 1004 4657 Dicit
1053 4612 1234 4658 autem
1274 4603 1419 4672 quod
1457 4605 1642 4674 gloria
1712 4608 2034 4675 partiarium
2083 4608 2198 4662 sive

631 4693 843 4748 socium
883 4708 986 4748 non
1046 4692 1197 4746 habet
1234 4703 1252 4742 :
1287 4691 1391 4746 hoc
1438 4701 1618 4746 autem
1665 4702 1725 4747 ut
1760 4708 1820 4748 se
1846 4693 2009 4748 habet
2037 4695 2193 4759 dicit,

629 4781 848 4837 tametsi
895 4781 1103 4835 nesciat
1142 4779 1272 4849 quid
1305 4779 1453 4833 dir-at
1487 4796 1500 4833 :
1532 4795 1640 4834 non
1669 4782 1814 4835 enim
1858 4779 2029 4839 Filius
2068 4799 2193 4838 cum

627 4872 789 4927 Patre
823 4870 1052 4943 gloriam
1086 4872 1338 4941 partitur.
1379 4871 1475 4926 sed
1524 4880 1693 4926 totam
1719 4887 1845 4927 cum
1880 4872 2040 4929 Patre
2072 4876 2189 4944 glo-

625 4968 762 5021 riam
812 4965 1002 5027 habet,
1037 4964 1181 5018 sicut
1223 4964 1388 5018 etiam
1441 4963 1600 5018 Pater
1628 4978 1842 5018 omnem
1887 4980 2011 5019 cum
2046 4964 2184 5021 Filio

625 5059 790 5113 habet
835 5057 1086 5129 gloriam.
1143 5054 1235 5110 Sic
1278 5057 1421 5111 enim
1457 5056 1596 5111 dixit
1638 5056 1706 5110 ad
1755 5056 1993 5121 Patrem,
2042 5058 2187 5128 quod

625 5149 822 5204 Omnia
881 5162 997 5202 mea
1032 5157 1126 5200 tua
1163 5157 1306 5210 sunt,
1336 5156 1386 5200 et
1422 5157 1513 5200 tua
1569 5164 1685 5202 utea
1728 5148 1796 5204 ⁸⁸.
1843 5146 2078 5219 ideoque
2132 5153 2185 5204 in

624 5248 866 5310 tempore
887 5238 1081 5309 judicii
1113 5239 1353 5309 seipsum
1403 5240 1780 5308 appariturum
1823 5255 1946 5296 esse
1976 5241 2033 5295 in
2067 5242 2187 5311 glow

623 5332 703 5384 ria
743 5330 921 5385 Patris
968 5331 1204 5385 afﬁrmat
1232 5331 1297 5396 ⁸⁸⁸,
1346 5346 1471 5385 cum
1501 5331 1816 5386 redditurus
1867 5340 1954 5388 est
1983 5334 2187 5404 cuique

622 5423 923 5478 secundum
973 5439 1137 5494 opera
1178 5439 1316 5491 sua;
1371 5424 1472 5478 hac
1523 5433 1701 5479 autem
1749 5440 1882 5481 voce
1929 5425 2185 5480 unionem

622 5521 832 5575 natura:
862 5515 1221 5571 demonstrat.
1253 5516 1718 5582 Quemadmodum
1757 5519 1899 5573 enim
1931 5517 2037 5573 alia
2067 5518 2185 5590 glo-

690 5690 736 5723 ⁸¹
783 5688 823 5744 ll
869 5692 992 5744 (Lor.
1041 5708 1113 5755 vr,
1168 5690 1250 5757 Η,
1306 5692 1389 5748 l5.

2298 4519 2388 4572 τὸν
2423 4519 2517 4573 τοῦ
2546 4518 2894 4591 ὲτερογενοῦς
2923 4518 3245 4591 χαρακτῆρα
3277 4534 3292 4583 ;
3323 4518 3483 4586 Λέγει
3515 4517 3570 4570 δὲ
3604 4518 3695 4571 ὅτι
3741 4518 3884 4587 οὺρὲ

2292 4598 2541 4679 μερίτην
2565 4609 2689 4679 ἔχει
2719 4609 2829 4677 τῆς
2856 4609 3062 4676 δόξης.
3104 4608 3275 4662 Τοῦτο
3299 4609 3356 4661 δὲ
3379 4608 3456 4671 ὡς
3485 4606 3595 4677 ἔχει
3620 4606 3805 4677 λέγει,
3833 4608 3882 4661 εί

2296 4702 2390 4755 καὶ
2418 4700 2493 4771 μὴ
2523 4697 2660 4753 οἶδεν
2686 4700 2715 4753 δ
2742 4700 2921 4768 λέγει·
2960 4700 3023 4753 οὐ
3054 4699 3162 4771 γὰρ
3206 4700 3485 4770 μερίζεται
3508 4700 3537 4751 6
3566 4698 3703 4762 Υἱὸς
3742 4700 3880 4769 πρὸς

2294 4792 2385 4845 τὸν
2420 4792 2635 4863 Πατέρα
2677 4790 2775 4862 τὴν
2824 4788 3010 4855 δόξαν,
3051 4789 3163 4844 ἀλλ’
3213 4790 3342 4861 ὃλην
3373 4790 3485 4860 ἔχει
3522 4787 3615 4843 τοῦ
3655 4789 3882 4860 Πατρὸς

2292 4882 2388 4954 τὴν
2415 4883 2591 4946 δόξαν,
2622 4883 2697 4946 ὡς
2725 4883 2818 4936 καὶ
2837 4884 2865 4935 ό
2896 4882 3083 4952 Πατὴρ
3121 4883 3300 4935 πᾶσαν
3338 4880 3451 4950 ἔχει
3483 4879 3576 4933 τοῦ
3605 4879 3745 4933 Υἱοῦ
3778 4881 3882 4949 τὴν

2291 4974 2468 5039 δόξαν.
2510 4973 2695 5037 Οὕτως
2720 4974 2828 5045 γὰρ
2856 4969 2974 5025 εἷπε
3008 4972 3143 5043 πρὸς
3170 4971 3262 5024 τὸν
3298 4971 3633 5041 Πατέρα,ὄτι
3664 4970 3884 5025 Πάντα

2290 5062 2367 5118 τὰ
2391 5062 2502 5133 ἐμὰ
2544 5062 2628 5117 σά
2657 5063 2846 5126 ἐστιν,
2874 5060 2973 5115 καὶ
3015 5060 3087 5114 τὰ
3134 5057 3216 5113 σὰ
3256 5057 3385 5127 ἐμά.
3426 5057 3517 5112 Διὸ
3555 5057 3651 5110 καὶ
3701 5060 3767 5111 ὲν
3800 5058 3884 5121 τῷ

2291 5155 2469 5228 καιρῷ
2484 5155 2585 5224 τῆς
2603 5154 2837 5225 κρίσεως
2857 5151 3287 5223 ἑπιφανήσεσθαι
3312 5149 3503 5203 ἑαυτόν
3531 5165 3700 5220 φησιν
3716 5151 3781 5203 ὲν
3810 5152 3882 5219 τῇ

2289 5247 2418 5317 δόξῃ
2441 5244 2534 5298 τοῦ
2563 5244 2774 5314 Πατρός
2792 5261 2806 5274 ο
2834 5244 2921 5297 ὅτε
2952 5241 3133 5313 μέλλει
3165 5241 3467 5295 ἀποδιδόναι
3486 5242 3707 5311 ἑκάστῳ
3731 5243 3887 5294 κατὰ

2293 5336 2362 5390 τὰ
2393 5336 2528 5406 ἔργα
2557 5334 2742 5387 αὐτοῦ.
2769 5334 3015 5386 Δείκνυσι
3048 5334 3104 5386 δὲ
3134 5332 3220 5386 διὰ
3254 5334 3352 5402 τῆς
3376 5333 3560 5402 φωνῆς
3577 5329 3797 5400 ταύτης
3820 5330 3886 5383 τὸ

2290 5426 2568 5497 ἡνωμένον
2599 5425 2697 5495 τῆς
2716 5425 2950 5493 φύσεως.
2991 5424 3080 5486 Ὠς
3123 5422 3232 5492 γὰρ
3258 5421 3392 5491 ἄλλη
3418 5421 3545 5488 δόξα
3582 5419 3886 5491 ﬁliumin!

2291 5516 2423 5588 ἄλλη
2454 5515 2577 5581 δόξα
2597 5515 2820 5587 σελήνης
2836 5532 2850 5546 ·
2871 5514 2957 5569 διὰ
2985 5514 3046 5568 τὸ
3069 5514 3142 5584 μὴ
3167 5513 3477 5584 συμϐαίνειν
3504 5512 3636 5585 πρὸς
3654 5512 3885 5584 ἄλληλα

1467 5694 1511 5725 ⁸³
1557 5692 1715 5749 Joau.
1773 5712 1825 5763 κ,
1885 5695 1972 5752 30.
2047 5694 2093 5728 “
2139 5694 2296 5751 Joau.
2348 5711 2460 5758 xiv.
2513 5696 2567 5750 9.
2642 5694 2688 5726 ⁸³
2719 5691 2874 5750 Joan.
2907 5707 3037 5759 xvn,
3094 5693 3175 5747 l0.
3252 5693 3297 5725 "
3350 5692 3535 5746 Matth.
3591 5705 3725 5754 xxv,
3781 5693 3881 5749 δι.
