4032 6208
275 309 360 364 is:
1354 248 1632 347 CONTRA
1668 288 2057 358 amomum,
2102 292 2228 347 LIB.
2269 292 2334 348 ιι.

3353 301 3452 357 486

270 426 363 478 τῶν
388 418 624 492 στοιχείων
652 416 741 485 τὴν
766 415 923 484 φύσιν
958 431 970 445 ·
1004 414 1079 479 ὡς
1115 416 1163 470 εἴ
1194 430 1253 481 γε
1286 412 1318 483 ἡ
1351 410 1488 482 αὐτὴ
1523 410 1649 476 δόξα
1686 411 1772 464 ἐπ’

1895 409 1955 463 'ia
2003 410 2119 464 sive
2172 410 2396 465 claritas
2448 409 2603 475 solis,
2641 411 2742 464 alia
2796 412 2938 466 luna:
2979 411 3046 477 ⁸⁷,
3087 414 3216 484 quia
3256 416 3450 473 borum

271 516 545 589 ἀμφοτέρων
565 507 645 583 ἦν,
662 512 756 564 οὐκ
794 511 859 564 ἂν
889 527 973 572 τις
997 506 1226 580 διαφηρὰ
1248 506 1345 575 τῆς
1368 505 1581 575 φύσεως
1602 504 1779 557 αὐτῶν

269 604 515 677 ἑνομίσθηυ
543 600 700 664 οὕτως
726 602 755 653 6
807 598 998 653 ἑαυτὸν
1048 598 1104 650 ὲν
1146 597 1213 667 τῇ
1252 594 1345 650 τοῦ
1394 593 1606 666 Πατρδς

271 691 554 764 φανήσεσθαι
584 687 875 760 προειπὼν,
905 686 1074 752 ἔδειξε
1102 686 1189 739 διὰ
1224 684 1323 754 τῆς
1344 683 1483 737 κατὰ
1507 682 1605 754 τὴν
1624 682 1781 748 δόξαν

268 784 569 853 ταυτότητος,
602 781 696 852 τὴν
730 780 1014 834 κοινωνίαν
1046 778 1145 848 τῆς
1182 776 1423 846 φύσεως-

320 1038 384 1090 Τδ
422 1036 487 1107 μὴ
523 1035 804 1107 σύνθρονον
838 1036 937 1106 τῆς
987 1034 1261 1105 βασιλείας
1293 1034 1472 1104 λέγειν
1517 1030 1655 1088 εἶναι
1704 1034 1782 1104 τῷ

265 1130 407 1199 “arpi
437 1128 519 1180 τὸν
552 1127 696 1190 Υίὸν,
735 1126 936 1197 πολλὴν
979 1130 1247 1198 μαρτυρεῖ
1277 1126 1353 1197 τῷ
1398 1127 1645 1196 Εὐνομίῳ
1685 1124 1782 1196 τὴν

261 1218 350 1270 τῶν
365 1217 504 1271 θείων
529 1216 718 1285 λογίων
746 1203 994 1287 μελέτην,
1022 1217 1081 1281 6;
1111 1218 1175 1270 ἐκ
1199 1220 1298 1288 τῆς
1341 1217 1478 1284 ἄγαν
1511 1217 1779 1288 προσοχῆς

261 1308 347 1361 τῶν
379 1306 725 1361 θεοπνεύστων
778 1306 1028 1379 Γραφῶν,
1068 1306 1221 1362 οὔπω
1265 1309 1517 1379 ἤκουσεν,
1559 1309 1640 1361 ὅτι
1707 1305 1783 1361 Τὰ

257 1401 358 1453 ἅνω
374 1398 640 1468 φρονεῖτε,
669 1395 742 1454 οὗ
776 1401 809 1453 ό
842 1402 1096 1467 Χριστός
1139 1400 1308 1454 ἐστιν
1349 1400 1418 1453 ἐν
1460 1398 1629 1466 δεξιᾷ
1675 1399 1781 1452 τοῦ

260 1488 451 1555 Πατρός
491 1487 850 1557 καθήμενος,
907 1490 1003 1543 καὶ
1049 1491 1126 1543 ὅτι
1178 1493 1236 1544 ὲν
1273 1489 1422 1561 δεξιᾷ
1459 1489 1553 1543 τοῦ
1592 1490 1780 1563 θρόνου

256 1575 331 1628 τοῦ
355 1577 472 1629 Θεοῦ
494 1577 804 1633 κεκάθικεν·
834 1580 926 1631 καὶ
964 1579 1096 1633 ἄλλα
1122 1580 1347 1634 τοιαῦτα
1368 1580 1559 1641 πολλὰ.
1586 1573 1660 1634 ὧν
1684 1581 1784 1634 οὐκ

259 1667 311 1719 ἂν
336 1668 507 1737 ῥᾳδίως
536 1681 616 1727 τις
636 1664 705 1718 τὸ
724 1666 925 1738 πλῆθος
954 1668 1389 1751 ὲξαριθμήσειεν·
1417 1671 1562 1743 ειπερ
1617 1671 1784 1742 μήπω

1880 499 2269 553 elementorum
2320 507 2513 551 natura
2559 497 2664 551 sibi
2715 497 2946 554 invicem
2980 514 3087 554 non
3123 503 3450 559 conveniat:

1881 587 2028 658 quod
2074 587 2120 641 si
2178 587 2463 641 amborum
2504 587 2692 642 eadem
2728 598 2874 645 esset
2904 591 3099 661 gloria,
3132 594 3278 647 nulla
3308 594 3456 665 ipso-

1882 691 2001 730 rum
2037 686 2247 729 natura:
2280 684 2572 746 putaretur
2600 676 2934 738 diﬁ‘erentia:
2968 680 3048 736 sic
3094 685 3184 753 qui
3212 684 3452 755 seipsum

1883 767 1936 820 in
1987 765 2166 820 Patris
2198 766 2371 837 gloria
2411 767 2664 838 praedixit
2730 771 3131 840 appariturum,
3184 790 3281 845 per
3313 776 3453 832 hanc

1881 858 2123 913 eamdem
2177 858 2407 928 gloriam
2474 868 2686 915 naturae
2726 865 3166 919 communionem
3215 866 3455 922 demon-

1883 948 2098 1001 stravit.

1955 1036 2146 1091 Diccre
2181 1046 2360 1092 autem
2391 1037 2585 1095 Filium
2638 1058 2747 1096 non
2783 1057 2907 1099 esse
2950 1046 3101 1115 regni
3138 1062 3260 1102 cum
3294 1048 3457 1108 Patre

1883 1142 2281 1195 consessorem,
2327 1130 2429 1185 hoc
2476 1133 2666 1202 probat
2716 1148 2881 1203 quam
2923 1136 2994 1191 sit
3042 1137 3349 1196 Eunomius
3402 1143 3455 1198 in
3497 1154 3517 1167 ·

1884 1217 2089 1274 divinis
2130 1220 2368 1289 eloquiis
2418 1223 2772 1290 exercitatus,
2826 1227 2921 1295 qui
2974 1244 3040 1283 ex
3098 1232 3263 1285 nimia
3319 1235 3458 1287 divi-

1884 1309 2034 1364 nitus
2085 1310 2474 1380 inspiratarum
2521 1315 2928 1384 Scripturarum
2969 1323 3269 1377 attentione
3310 1341 3453 1379 non-

1884 1399 2012 1454 dum
2062 1401 2310 1455 audivit:
2363 1402 2495 1468 Qua:
2533 1420 2743 1458 sursum
2790 1417 2912 1460 sunt
2942 1412 3128 1479 sapite,
3163 1413 3249 1466 ubi
3299 1414 3454 1471 Chri-

1884 1499 1996 1543 stus
2041 1499 2116 1542 est
2158 1489 2226 1543 ad
2266 1491 2536 1545 dexteram
2577 1491 2756 1547 Patris
2795 1495 2977 1551 sedens
3005 1499 3074 1565 ⁸⁸,
3109 1512 3162 1556 et
3208 1506 3350 1573 quod
3387 1507 3455 1562 ad

1885 1578 2160 1634 dexteram
2205 1582 2389 1636 throni
2429 1581 2520 1638 Dei
2566 1586 2850 1653 consedit,
2887 1592 3166 1662 multaque
3199 1596 3302 1649 alia
3338 1613 3459 1668 qua:

1886 1677 2015 1724 sunt
2050 1670 2340 1739 ejusmodi,
2392 1689 2623 1742 quorum
2680 1676 3088 1735 multitudinem
3135 1700 3242 1739 non
3299 1687 3460 1745 facile

254 1755 410 1819 ualidi)
447 1754 474 1807 6
517 1754 783 1825 Εὗνόμιος
828 1757 1158 1828 ἀπαγορεύει
1201 1759 1483 1830 σύνθρονον
1524 1759 1661 1814 εἶναι
1707 1761 1784 1833 τῷ

1895 1761 2009 1828 quis
2064 1766 2441 1819 recensuerit:
2502 1780 2623 1834 quae
2678 1780 2801 1821 cum
2858 1773 3100 1825 nondum
3156 1774 3457 1836 Eunomius

256 1843 401 1912 ﬂatp't
427 1843 509 1895 τὸν
534 1844 687 1898 Υίόν.
720 1845 794 1898 Τὸ
824 1846 880 1898 δὲ
912 1848 1214 1918 σῦγκληρον
1233 1850 1331 1920 τῆς
1361 1851 1625 1917 ἐξουσίας,
1653 1854 1787 1924 μᾶλ-

257 1932 328 1985 λον
355 1935 420 1998 ὡς
449 1936 672 2005 ἀνόητον
711 1937 1087 2009 παραδραμεῖν
1117 1941 1243 2012 χρὴ,
1286 1943 1319 2012 ἢ
1346 1943 1421 2007 ὡς
1452 1944 1644 2009 ἀσεϐὲς
1678 1946 1787 1999 διες

255 2025 424 2093 λέγξαι.
447 2028 571 2081 Τίνα
593 2028 712 2101 γὰρ
729 2030 965 2084 διάνοιαν
988 2031 1243 2103 ἔχειὴτοῦ
1261 2034 1783 2105 συγκλήρουλέξις,

255 2118 308 2169 ἐκ
332 2119 418 2188 τῆς
455 2121 632 2192 κοινῆς
685 2120 781 2175 τοῦ
822 2122 982 2191 λόγου
1034 2127 1451 2194 καταχρήσεως,
1498 2124 1596 2177 οὐκ
1643 2125 1788 2179 ἔστιν

254 2208 418 2277 εὑρεῖν.
456 2210 581 2264 ἐπὶ
609 2211 729 2265 τὸν
755 2214 1071 2283 ἱματισμὸν
1097 2214 1208 2268 τοῦ
1238 2214 1452 2282 It'vpt'ov
1481 2213 1790 2277 βάλλουσι

256 2298 465 2367 κλῆρον,
498 2300 690 2367 καθὼς
734 2305 767 2373 ὴ
797 2304 988 2376 Γραφὴ
1019 2306 1209 2373 λέγει,
1263 2308 1310 2358 οἱ
1353 2304 1427 2375 μὴ
1479 2303 1789 2375 βουλόμενοι

253 2390 484 2462 διασχίσαι
523 2395 612 2451 τὸν
664 2397 981 2451 δεσποτικὸν
1029 2400 1231 2468 χιτῶνα
1251 2444 1263 2458 .
1314 2399 1425 2451 ἀλλ’
1461 2399 1578 2461 ἑνὸς
1609 2398 1790 2454 αὐτῶν

258 2481 442 2551 ποιῆσαι
481 2487 706 2557 κτῆμα,
736 2480 781 2554 ᾧ
805 2487 870 2541 ἂν
913 2489 942 2541 6
971 2488 1169 2560 κλῆρος
1191 2489 1499 2561 χαρίσηται.
1526 2489 1587 2540 Οἱ
1617 2487 1791 2541 τοίνυν

252 2574 365 2643 πρὸς
402 2575 664 2646 ἀλλήλους
713 2564 854 2649 ὑπὲρ
903 2578 998 2633 τοῦ
1053 2581 1274 2650 χιτῶνος
1317 2576 1790 2647 διακληρούμενθιν

253 2661 469 2718 δύνανται
502 2665 634 2730 ἴσως
681 2665 1303 2738 σύγκληροιλέγεσθαι.⁶
1327 2666 1589 2720 Ἐνταῦθα
1611 2666 1668 2720 δὲ
1700 2665 1794 2719 ἐπὶ

254 2750 329 2804 τοῦ
354 2753 546 2824 Πατρδς
585 2755 690 2809 καὶ
721 2754 814 2808 τοῦ
851 2755 982 2809 Υἱοῦ
1016 2757 1109 2809 καὶ
1144 2756 1237 2809 τοῦ
1267 2752 1790 2823 ἁγίουῐῐνεύματος,

256 2844 302 2894 ὲν
322 2846 380 2913 τῇ
406 2846 556 2912 φύσει
593 2844 770 2916 οὔσης
795 2846 894 2917 τῆς
933 2844 1197 2911 ἐξουσίας.
1232 2843 1304 2897 Τό
1330 2860 1387 2896 τε
1417 2843 1525 2911 γὰρ
1557 2842 1795 2910 Πνεῦμα

255 2933 309 2987 r6
349 2935 504 3006 ἅγιον
547 2937 710 2992 ὅπου
766 2938 922 2992 θέλει
968 2937 1139 2990 πνεῖο
1191 2936 1283 2988 καὶ
1317 2937 1493 2989 πάντα
1537 2938 1594 2988 ἐν
1633 2936 1795 2988 πᾶσιν

250 3025 437 3097 ἐνεργεῖ
464 3028 650 3092 καθὼς
691 3027 970 3099 βούλεται,
1018 3028 1111 3080 καὶ
1138 3030 1166 3081 6
1195 3026 1319 3090 Υίος
1344 3025 1409 3080 δι’
1441 3019 1503 3079 οὗ
1529 3028 1595 3079 τὰ
1619 3026 1795 3080 πάντα

1885 1851 2166 1915 didicerit,
2218 1864 2377 1924 negat
2417 1853 2613 1910 Filium
2655 1857 2822 1913 simul
2871 1876 2993 1915 cum
3040 1862 3204 1921 Patre
3246 1874 3455 1928 sedere.

1886 1938 2000 1995 lloe
2042 1950 2246 2011 autem,
2299 1947 2583 2015 potestatis
2635 1961 2966 2020 consortem,
3011 1957 3182 2026 magis
3229 1970 3285 2014 ut
3326 1963 3459 2032 quid

1886 2030 2171 2088 dementiae
2241 2050 2307 2089 ac
2359 2035 2561 2093 furoris
2616 2040 2796 2096 simile
2852 2058 3171 2112 percurrere
3220 2030 3458 2121 oportet,

1887 2138 2049 2192 quam
2091 2135 2148 2178 ut
2183 2124 2407 2196 impium
2448 2139 2501 2182 et
2533 2132 2857 2203 sacrilegum
2896 2138 3245 2210 redarguere.
3283 2144 3455 2211 Quam

1886 2215 2030 2269 enim
2079 2219 2402 2273 sententiam
2428 2220 2591 2276 habet
2622 2225 2950 2299 συγκλήρου,
2988 2237 3265 2301 consortis,
3288 2238 3457 2294 dictio

1887 2320 1956 2360 ex
2016 2309 2295 2364 communi
2356 2312 3122 2389 orationis'nuneupatione,
3172 2341 3279 2380 non
3331 2330 3458 2384 licet

1888 2396 2156 2453 invenire.
2200 2395 2369 2457 Super
2398 2398 2758 2455 vestimentum
2804 2402 3019 2459 Domini
3062 2406 3316 2463 miserunt
3342 2427 3465 2465 σοι’⁴

1895 2493 2021 2547 tem,
2072 2483 2217 2538 sicut
2269 2482 2555 2552 Scriptura
2607 2487 2850 2557 loquitur
2884 2489 2950 2551 ⁸⁸.
3017 2493 3110 2561 qui
3168 2496 3463 2552 noluerunt

1892 2571 2130 2625 tunicam
2176 2571 2392 2626 Domini
2448 2573 2782 2642 discindere,
2841 2579 2938 2634 sed
2995 2581 3159 2638 unius
3213 2585 3458 2654 ipsormn

1893 2674 2004 2713 rem
2053 2662 2330 2732 propriam
2386 2661 2587 2731 facere,
2632 2668 2720 2721 cui
2781 2684 2903 2724 sors
2943 2674 3180 2740 gratuito
3229 2675 3463 2734 dederit.

1892 2752 1973 2805 Illi
2008 2753 2179 2823 igitur
2223 2755 2316 2825 qui
2354 2771 2450 2826 pro
2488 2758 2676 2812 tunica
2726 2760 2866 2814 inter
2919 2778 2979 2818 se
3027 2772 3229 2821 sortem
3284 2769 3464 2825 mitte-

1892 2843 2044 2911 bant,
2095 2845 2205 2900 dici
2257 2856 2488 2917 possunt
2542 2848 2859 2921 σύγκληροι,
2899 2867 3202 2912 consortes.
3241 2858 3336 2914 llic
3368 2878 3468 2916 au-

1894 2941 2002 2990 tem
2057 2936 2281 2991 minime
2319 2937 2425 2993 dici
2473 2949 2649 3010 potest
2698 2941 2750 2995 in
2784 2942 2944 2999 Patre
2989 2956 3040 3000 et
3069 2946 3210 3003 Filio
3263 2957 3318 3006 et
3345 2950 3468 3023 Spi-

1894 3026 2002 3080 ritu
2052 3035 2266 3092 saneto,
2320 3045 2444 3083 eum
2495 3033 2756 3101 aequalem
2800 3034 2853 3087 in
2907 3037 3071 3094 rebus
3116 3042 3316 3098 creatis
3366 3044 3467 3097 lia-

256 3088 442 3183 ὶγένετο
480 3088 658 3190 όρατᾶ
691 3088 770 3172 ’τε
814 3121 909 3173 καὶ
941 3088 1144 3190 ἀόρατα
1192 3110 1250 3173 ἓν
1281 3088 1392 3181 τοῖς
1421 3120 1669 3189 οὐρανοῖς
1705 3119 1796 3171 καὶ

1896 3115 2058 3170 beant
2106 3126 2449 3187 potestatem.
2496 3088 2629 3174 Nam
2680 3120 2907 3192 Spiritus
2960 3139 3175 3183 sam-tus
3214 3133 3302 3186 ubi
3355 3135 3468 3189 vult

255 3206 332 3257 ἰπὶ
358 3207 444 3277 τῆς
475 3208 577 3279 γῆς
596 3247 613 3272 ,
647 3210 831 3264 πάντα
860 3212 959 3264 ὅσα
991 3210 1254 3281 ἠθέλησεν
1287 3210 1507 3280 ἐποίησε
1530 3227 1543 3240 ·
1577 3209 1671 3263 καὶ
1708 3208 1799 3273 οὓς

254 3296 377 3351 θέλει
404 3296 656 3363 ζωοποιεῖ
676 3318 689 3332 ·
737 3301 831 3353 καὶ
886 3304 919 3355 ό
948 3300 1165 3369 Πατὴρ
1199 3300 1269 3353 ἐν
1295 3299 1371 3368 τῇ
1406 3300 1525 3367 ιδίᾳ
1548 3299 1802 3368 ἐξουσίᾳ

256 3389 374 3456 τοὺς
390 3394 646 3459 χρόνους
675 3390 844 3445 ἐθετο
861 3430 875 3454 ,
905 3390 1013 3444 ἀπὸ
1040 3391 1147 3446 τῶν
1172 3392 1374 3463 χρόνων
1396 3391 1473 3451 δὲ.
1502 3393 1597 3446 καὶ
1625 3391 1801 3445 πάντα

255 3477 314 3530 τὰ
339 3481 392 3534 ἐν
425 3480 500 3549 τῷ
524 3481 711 3552 χρόνῳ
751 3480 1089 3551 γεγενημένα
1108 3518 1122 3543 ,
1157 3480 1382 3552 νοοῦμεν
1424 3478 1559 3534 εἶναι
1587 3481 1663 3552 τῷ
1690 3484 1802 3535 Πα-

255 3568 330 3639 τρὶ
358 3570 668 3638 ὐπεξούσια.
708 3570 770 3624 Ei
807 3567 901 3626 οὖν
942 3573 1000 3627 ὲν
1021 3571 1238 3643 ἐξουσίᾳ
1273 3572 1368 3626 τοῦ
1411 3576 1580 3626 ποιεῖν
1609 3573 1646 3627 ἃ
1677 3573 1802 3644 βού-

257 3658 409 3715 λονται
432 3665 460 3716 6
501 3662 696 3734 Πατὴρ
727 3663 822 3717 καὶ
859 3665 888 3718 6
914 3663 1059 3727 Υἱὸς.
1092 3663 1268 3717 καὶτὸ
1296 3662 1448 3732 ἅγιον
1478 3662 1701 3733 Πνεῦμα
1728 3659 1805 3725 ὡς

257 3746 454 3820 εἴπομεν
484 3753 899 3807 ἀποδέδεικται¹
950 3753 1072 3807 τίνα
1117 3754 1242 3807 νοῦν
1275 3755 1310 3826 ή
1350 3752 1445 3807 τοῦ
1498 3751 1802 3822 συγκλήρου

254 3837 343 3907 τῆς
379 3842 625 3909 ἔξουσίας
674 3845 817 3911 λέξις
846 3845 989 3916 ἐχει;
1025 3844 1274 3898 Κατιδεῖν
1305 3846 1405 3898 οὑκ
1433 3844 1605 3897 ἐστιν’
1640 3845 1669 3896 6
1697 3844 1805 3915 γὰρ

258 3928 446 3984 πάντων
465 3933 837 4005 κληρονόμος,
864 3937 893 3988 ό
917 3934 1022 3988 τῶν
1052 3933 1262 3988 αἰώνων
1299 3933 1645 4003 δημιουργὸς,
1677 3935 1705 3986 6
1737 3934 1805 4005 τῇ

255 4017 363 4090 δόξῃ
403 4023 493 4077 τοῦ
521 4024 742 4096 Ila-:96;
781 4024 1206 4095 συνεκλάμπων.
1255 4024 1350 4078 καὶ
1389 4022 1805 4095 χαρακτηρίζων

255 4106 307 4159 ἐν
326 4108 490 4180 ἑαυτῷ
536 4112 640 4166 τοῦ
689 4112 902 4182 Πατρδς
927 4111 1024 4185 τὴν
1067 4112 1392 4175 ὑπόστασιν,
1425 4113 1605 4166 πάντα
1651 4113 1750 4165 ὅσα
1777 4112 1806 4164 6

256 4195 422 4271 Πατὴρ
440 4203 602 4267 αὐτὸς
637 4202 770 4273 ἔχει,
798 4204 892 4257 καὶ
916 4205 1096 4274 πάσης
1127 4203 1373 4269 ἐξουσίας
1395 4202 1598 4274 Κύριός
1622 4204 1770 4255 ἐστιν
1788 4216 1803 4230 ·

256 4284 309 4337 οὐ
331 4288 725 4362 μεθισταμένης
762 4292 870 4346 ἀπὸ
909 4291 1003 4346 τοῦ
1051 4293 1260 4364 [ἰατρὸς
1294 4293 1375 4356 εἰς
1415 4292 1507 4345 τὸν
1545 4291 1671 4345 Υἱὸν
1706 4291 1808 4362 τῆς

1897 3207 2065 3276 spirat
2113 3208 2200 3272 ’°,
2268 3218 2321 3264 et
2379 3212 2560 3265 omnia
2598 3213 2657 3287 in
2700 3216 2957 3272 omnibus
3008 3230 3267 3290 operatur
3305 3234 3470 3295 prout

1898 3298 2043 3359 vult;
2091 3309 2147 3355 et
2194 3298 2364 3356 Filius
2401 3317 2498 3372 per
2531 3320 2690 3373 quem
2735 3308 2917 3361 omnia
2961 3307 3101 3363 facta
3138 3322 3287 3380 sunt,
3338 3318 3470 3372 visi-

1899 3384 2141 3456 biliaque
2180 3395 2234 3442 et
2273 3388 2567 3445 invisibilia
2599 3392 2653 3445 in
2694 3395 2849 3450 rmlis
2895 3404 2948 3450 et
2990 3396 3043 3451 in
3076 3405 3252 3467 terra,
3285 3407 3467 3460 omnia

1900 3493 2021 3549 qua:
2059 3481 2228 3534 voluit
2267 3481 2414 3546 fecit,
2466 3491 2521 3537 et
2557 3500 2695 3553 quos
2742 3486 2850 3539 vult
2898 3487 3166 3555 viviﬁcat;
3211 3498 3264 3545 et
3306 3490 3466 3547 Pater

1907 3572 1965 3627 in
2014 3587 2113 3627 sua
2162 3583 2420 3643 potestate
2471 3585 2707 3644 tempora
2740 3576 2915 3645 posuit
2948 3578 3016 3643 ’⁸,
3062 3592 3093 3631 a
3124 3580 3468 3650 temporibus

1903 3667 2085 3713 autem
2136 3674 2319 3714 omnia
2373 3677 2495 3731 qua:
2541 3674 2670 3720 sunt
2711 3664 2768 3719 in
2824 3673 3065 3737 tempore
3125 3669 3265 3726 facta
3322 3671 3470 3727 Patri

1902 3751 2149 3820 subjecta
2191 3767 2316 3808 esse
2363 3754 2733 3827 intelligimus.
2772 3755 2830 3813 Si
2881 3758 3045 3830 igitur
3077 3764 3336 3833 aequalem
3375 3765 3475 3819 ba-

1903 3843 2033 3898 bere
2090 3851 2416 3914 potestatem
2485 3846 2721 3905 faciendi
2780 3867 3119 3923 quaecunque
3178 3854 3367 3910 volunt
3418 3866 3474 3914 et

1904 3932 2116 3988 Patrem
2146 3942 2202 3990 et
2232 3933 2427 3990 Filium
2459 3946 2513 3992 et
2545 3938 2805 4010 Spiritum
2839 3951 3113 4009 sanetum,
3154 3944 3295 3999 sicut
3330 3945 3476 4000 dixi-

1905 4039 2049 4089 mus,
2094 4025 2533 4084 demonstratum
2580 4040 2663 4087 est
2698 4071 2712 4096 ,
2769 4047 2930 4103 quam
2990 4034 3156 4105 igitur
3198 4036 3472 4092 notionem

1906 4116 2067 4172 habet
2111 4119 2226 4175 haec
2277 4119 2444 4175 dictio
2477 4124 2752 4178 consortis
2789 4127 3114 4193 potestatis?
3145 4126 3476 4198 Conspicere

1906 4223 2016 4264 non
2064 4210 2189 4265 licet
2226 4229 2241 4266 :
2287 4212 2377 4281 qui
2413 4212 2559 4266 enim
2605 4224 2688 4269 est
2729 4216 3110 4273 universorum
3148 4220 3341 4285 haeres,
3380 4222 3476 4293 qui

1908 4300 2233 4356 seculorum
2275 4302 2545 4367 conditor,
2574 4306 2664 4375 qui
2700 4321 2822 4361 cum
2857 4308 3029 4379 gloria
3061 4310 3237 4367 Patris
3273 4313 3475 4377 elucet,

256 4373 419 4440 ἀξίας·
447 4380 588 4434 ἀλλά
624 4381 718 4434 καὶ
748 4383 877 4453 παρ’
910 4381 1060 4453 αὑτῷ
1090 4381 1358 4453 μενούσης
1394 4382 1488 4436 καὶ
1523 4382 1582 4435 ὲν
1611 4380 1796 4475 iureva

1907 4394 2000 4461 qui
2050 4392 2103 4445 in
2173 4392 2358 4463 seipso
2409 4373 2607 4450 Patris‘
2637 4373 2958 4469 hypostavsin
3015 4400 3234 4473 ﬁgurat,
3285 4413 3340 4459 et
3383 4373 3476 4475 qui

446 4471 514 4524 '0
538 4489 602 4525 τε
629 4471 740 4543 γὰρ
768 4438 928 4543 ἐν’τῷ
942 4438 1117 4543 Πατρλ
1144 4470 1219 4525 ὢν
1244 4438 1381 4542 μετὰ
1409 4471 1588 4541 πάσης
1605 4438 1796 4541 δηλαδῆ

1910 4438 2000 4461 .,---
2173 4438 2356 4463 --.νη
2411 4438 2587 4450 --....,
2637 4438 2958 4469 ..ιγνυημηη
3015 4438 3234 4473 “om”,
3285 4438 3340 4459 τι
3383 4438 3476 4475 ιιιιι

1909 4482 2069 4537 habet
2100 4483 2283 4537 omnia
2320 4499 2660 4555 quiscunque
2687 4487 2848 4543 Pater
2874 4490 3060 4555 habet,
3096 4494 3275 4550 omnis
3314 4499 3476 4550 etiam

256 4555 339 4626 τῆς
359 4562 549 4616 ἑαυτοῦ
579 4562 862 4634 δυνάμεώς
895 4566 1042 4617 ἐστιν
1072 4566 1129 4617 ὲν
1166 4562 1245 4636 τῷ
1296 4563 1498 4636 Πατρί’
1541 4563 1635 4617 καὶ
1679 4563 1707 4615 6
1746 4563 1796 4618 ὲν

1906 4575 2193 4643 potestatis
2241 4574 2503 4632 Dominus
2560 4585 2700 4633 est:
2754 4597 2864 4636 non
2922 4584 3072 4655 quod
3125 4599 3156 4638 a
3211 4586 3370 4641 Patre
3421 4588 3475 4640 in

258 4648 413 4723 ἰαυτῷ
438 4656 532 4709 τὸν
565 4657 785 4728 Πατέρα
812 4656 972 4727 ἔχων,
1007 4658 1185 4712 πᾶσαν
1208 4657 1449 4728 περιέχει
1474 4657 1573 4727 τὴν
1608 4673 1796 4727 πατρι-

1904 4663 2103 4720 Filium
2129 4668 2484 4739 transmigret
2505 4666 2766 4740 dignitas,
2798 4673 2893 4728 sed
2927 4648 3091 4729 etiam
3122 4676 3263 4747 apud
3301 4678 3478 4748 ipsum

259 4740 343 4811 adp:
370 4744 621 4809 ἐξουσίαν
655 4748 748 4801 καὶ
777 4746 1024 4817 δύναμιν.
1061 4748 1222 4802 Ὄλον
1255 4748 1365 4819 γὰρ
1394 4747 1504 4819 ἔχει
1538 4750 1596 4801 ὲν
1629 4748 1796 4818 ἑαυτῷ

1908 4764 2128 4811 maneat
2170 4766 2335 4828 atque
2382 4761 2435 4814 in
2468 4760 2563 4815 illo
2610 4763 2700 4816 sit.
2738 4762 2839 4829 Qui
2892 4767 3037 4821 enim
3092 4740 3338 4823 in-Patre
3368 4778 3477 4835 est,

258 4829 336 4883 sitv
359 4834 608 4907 Πατέραο
638 4839 732 4892 καὶ
762 4838 883 4908 οὐχὶ
913 4839 1075 4909 μέρος
1100 4838 1284 4892 αὐτοῦ.
1328 4841 1386 4892 ὐ
1412 4838 1468 4892 δὲ
1505 4838 1624 4892 ὅλον
1668 4838 1796 4910 ἔχων

1906 4862 2032 4904 cum
2078 4849 2226 4904 omni
2276 4852 2533 4909 nimirum
2583 4870 2683 4911 sua
2733 4857 2974 4927 potentia
3022 4867 3108 4914 est
3164 4859 3220 4914 in
3281 4858 3477 4915 Patre:

255 4923 336 4975 καὶ
374 4926 472 4997 τὴν
516 4927 767 4994 ἐξουσίαν
805 4928 969 4984 αὑτοῦ
1013 4930 1230 4995 πάντως
1277 4930 1409 5001 ἔχει.
1459 4932 1524 4985 Τί
1556 4926 1649 4985 οὖν
1672 4930 1807 4985 νοιῖιν

258 5011 501 5085 Εὐνόμιος
542 5020 920 5089 ἀποφαίνεται,
943 5021 1017 5093 μὴ
1044 5021 1190 5092 ἔχειν
1215 5022 1305 5077 τὸν
1333 5022 1549 5094 Πατέρα
1569 5022 1809 5094 σύγκλη-

258 5119 335 5172 P9”
359 5107 457 5177 τῆς
492 5110 772 5179 ἔξουσίας
814 5113 1030 5167 Εῐποιεν
1057 5112 1125 5168 ἂν
1148 5114 1277 5178 ἴσως
1306 5116 1354 5168 οι
1380 5115 1478 5185 τῆς
1523 5116 1812 5187 ματαιότη-

257 5207 335 5257 τος
359 5199 528 5252 αὑτοῦ
574 5202 808 5276 μαθηταί
829 5219 844 5235 ’
875 5205 906 5257 6
928 5204 1039 5277 γὰρ
1079 5203 1233 5270 εἰδὼς
1268 5206 1479 5260 ἐπαΐειν
1506 5206 1707 5275 λόγων,
1741 5207 1810 5261 τὰ

256 5279 363 5354 δέκα
387 5287 627 5357 διανοίας
649 5294 936 5367 λεγόμενα,
981 5296 1232 5367 ὁμολογεί
1258 5300 1493 5351 συνεῖναι
1544 5298 1619 5369 μὴ
1652 5298 1817 5352 δύναέ

261 5373 390 5434 σθαι.
416 5381 537 5434 οὐκ
560 5382 680 5454 εχει,
717 5388 869 5459 φησι,
905 5386 1211 5459 σύγκληρον
1237 5388 1332 5459 τῆς
1359 5388 1607 5453 ἐξουσίας
1637 5392 1665 5443 6
1700 5390 1812 5444 Πα-

260 5466 367 5536 “lP-
402 5468 501 5536 Τίς
534 5475 636 5548 γάρ
663 5479 811 5533 ἐστιν
854 5480 884 5533 6
907 5478 1093 5549 λέγων’
1122 5481 1187 5533 ὲκ
1219 5478 1635 5551 διακληρώσεως
1672 5482 1814 5553 ὑπὲρ

1909 4948 1963 4995 et
2015 4941 2108 5011 qui
2152 4942 2208 4996 in
2260 4944 2440 5016 seipse
2484 4947 2698 5004 Patrem
2748 4950 2933 5016 habet,
2993 4966 3207 5007 omnem
3248 4951 3479 5022 patriam

1910 5041 2230 5103 potestatem
2270 5043 2325 5090 et
2362 5037 2467 5092 vim
2516 5041 2922 5111 complectitur.
2972 5042 3169 5098 Totum
3224 5044 3367 5100 enim
3425 5044 3481 5099 in

1912 5124 2096 5194 seipso
2147 5124 2314 5181 habet
2354 5127 2571 5185 Patrem
2612 5150 2626 5186 :
2666 5148 2843 5203 neque
2882 5149 3012 5204 pars
3052 5136 3174 5204 ejus
3216 5143 3322 5190 est.
3378 5136 3484 5201 Qui

1914 5224 2095 5269 autem
2164 5223 2339 5271 totmn
2393 5220 2576 5285 habet,
2627 5224 2791 5278 etiam
2832 5234 3152 5295 potestatem
3186 5227 3329 5297 cejus
3374 5241 3487 5282 om-

1915 5307 2048 5361 nino
2096 5307 2278 5364 habet.
2314 5310 2453 5377 Quid
2485 5312 2650 5385 igitur
2677 5314 2978 5373 Eunomius
3014 5318 3321 5390 intelligens
3354 5334 3484 5390 pro-

1917 5397 2133 5451 nuntiat
2168 5397 2378 5455 Patrem
2417 5418 2526 5457 non
2582 5403 2786 5461 habere
2814 5410 3099 5477 potestatis
3141 5410 3487 5467 consortem?

1921 5482 2166 5540 Dixerint
2197 5486 2429 5546 fortasse
2458 5492 2715 5550 vanitatis
2744 5496 2864 5565 ejus
2890 5498 3283 5571 astipulatores
3318 5505 3479 5564 disci-

330 5650 431 5706 ⁸⁷1
483 5652 608 5712 Cor.
668 5674 757 5725 xv,
822 5661 903 5714 ιι.
982 5661 1025 5691 ³⁸
1078 5660 1286 5718 Coloss.
1340 5676 1420 5731 tu,
1454 5662 1503 5718 1.
1582 5663 1626 5696 θ’
1664 5660 1820 5717 Joan.
1862 5677 1989 5732 xu;
2033 5665 2175 5722 Psal.
2225 5684 2336 5737 xxi,
2371 5670 2456 5726 i9.
2534 5673 2580 5706 "
2653 5673 2812 5732 Joan.
2850 5694 2930 5748 III,
2966 5680 3018 5736 8.
3096 5683 3138 5717 ’⁸
3188 5685 3308 5741 Act.
3362 5687 3483 5753 t,7.
