4032 6208
505 270 618 325 487

1762 270 1819 326 S.
1848 257 2173 326 GREGORII
2196 267 2489 325 NYSSENI

3656 264 3768 321 $88

507 383 660 454 puli;
713 394 840 436 nam
900 380 996 452 qui
1052 394 1338 440 sermones
1384 381 1576 439 audire
1625 384 1797 448 novit,
1849 399 1915 440 ea
1964 400 2086 456 qua:

2215 386 2287 455 ἧς
2338 383 2586 449 ἐξουσίας
2626 382 2760 454 πρὸς
2808 381 3070 454 ἀλλήλους
3113 382 3207 435 τὸν
3257 382 3477 455 Πατέρα
3531 382 3630 435 καὶ
3678 382 3772 437 τὸν

508 476 632 531 sine
684 480 868 529 mente
922 482 975 529 et
1036 473 1308 529 sententia
1357 473 1724 542 funditantur,
1767 492 1828 532 se
1868 490 1976 531 non
2005 478 2086 530 in-

510 566 758 635 telligere
797 563 1024 620 fatetur.
1064 563 1184 623 Non
1219 564 1400 630 habet,
1436 567 1635 638 inquit,
1662 567 1822 622 Pater
1850 577 2087 638 potesta-

511 658 584 711 tis
622 667 959 712 consortem.
1012 656 1148 724 Quis
1190 658 1334 713 enim
1387 656 1602 713 Patrem
1655 667 1710 714 et
1762 656 1958 713 Filium
2019 660 2088 714 de

2195 475 2323 529 Υίδν
2365 472 2762 545 διαμάχεσθαι;
2807 467 2903 535 Οἷς
2934 472 3229 542 μεσιτεύων
3267 475 3295 525 6
3330 472 3473 543 ἱερὸς
3504 472 3772 543 Εὖνόμιος

2197 569 2285 622 διὰ
2319 567 2536 638 φιλικῆς
2570 566 2913 636 συμϐάσεως,
2946 563 3072 617 ἄνευ
3093 564 3295 637 κλήρου
3321 565 3473 637 νέμει
3494 564 3575 637 τῷ
3596 566 3774 636 [Ictth

2197 659 2343 730 μόνῳ
2379 656 2447 710 τὰ
2472 655 2736 728 πρεσϐεῖα
2757 655 2855 726 τῆς
2879 654 3144 720 ἐξουσίας.

510 754 784 817 potestate
824 746 966 801 inter
998 762 1058 803 se
1088 762 1154 802 ex
1199 748 1488 804 sortitione
1527 747 1674 805 dicat
1718 750 2089 805 contendere?
2125 750 2339 816 Quibus
2375 748 2641 802 mediator
2668 747 3037 802 interveniens
3063 761 3220 802 sacer
3276 745 3578 802 Eunomius
3637 746 3779 801 ami-

510 841 674 898 cabili
719 841 1132 906 convenientia,
1161 841 1282 896 sine
1313 848 1463 897 sorte
1497 844 1599 897 soli
1628 842 1772 897 Patri
1800 845 2091 913 potestatis
2129 844 2321 898 tribuit
2358 842 2481 912 jura
2537 841 2810 912 prmcipua
2861 852 2913 895 et
2952 841 3266 895 honoraria.

584 935 775 991 Videte
808 936 1093 991 ridiculam
1124 944 1178 991 et
1211 938 1497 1007 puerilem,
1528 939 1687 994 vilem
1730 949 1784 994 et
1818 939 2086 1009 abiectam

511 1030 710 1084 horum
759 1029 1214 1084 documentorum
1249 1030 1674 1105 expositionem.
1711 1030 1793 1085 An
1852 1032 1940 1086 ille
1996 1030 2089 1101 qui

516 1122 772 1176 universa
802 1121 906 1176 fert
932 1122 1100 1175 verbo
1133 1136 1246 1176 suae
1295 1123 1551 1192 potentia:
1568 1124 1633 1187 ",
1666 1125 1758 1192 qui
1807 1122 1941 1177 dicit
1973 1138 2094 1193 quae

517 1211 633 1266 ﬁeri
663 1211 797 1274 vult,
832 1220 880 1265 et
916 1210 1006 1280 qui
1043 1210 1170 1265 facit
1206 1212 1261 1265 in
1308 1212 1519 1284 imperii
1553 1214 1753 1269 virtute
1785 1229 1905 1283 quae
1955 1215 2091 1279 vult,

517 1303 604 1357 cui
631 1304 911 1357 concurrit
937 1318 1059 1358 cum
1091 1304 1370 1359 voluntate
1413 1308 1675 1375 polentia,
1706 1307 1865 1375 cujus
1904 1315 2095 1376 poten-

517 1395 607 1449 tiae
628 1409 883 1449 mensura
915 1395 1035 1464 ejus
1064 1406 1147 1451 est
1175 1397 1426 1453 voluntas
1463 1412 1476 1450 :
1517 1396 1639 1467 Ipse
1675 1399 1842 1473 enim,
1893 1399 2092 1470 inquit,

518 1481 679 1546 dixit,
704 1492 752 1536 et
779 1482 925 1553 facta
945 1495 1089 1549 sunt,
1115 1486 1225 1555 ipse
1256 1486 1531 1541 mandavit
1560 1497 1609 1541 et
1656 1498 1834 1542 creata
1860 1498 1983 1542 sunt
2012 1489 2093 1555 9';

519 1577 611 1646 qui
639 1577 820 1631 omnia
847 1593 942 1647 per
970 1595 1029 1633 se
1063 1579 1207 1643 fecit,
1246 1592 1300 1634 et
1332 1584 1383 1635 in
1419 1582 1598 1651 seipso
1625 1583 1941 1648 constituit;
1988 1597 2098 1654 quo

520 1668 639 1722 sine
664 1670 798 1722 nihil
827 1686 1014 1723 eorum
1042 1687 1163 1740 quae
1191 1682 1340 1737 sunt,
1374 1674 1573 1727 factum
1602 1685 1685 1730 est
1713 1675 1779 1738 ",
1814 1691 1990 1746 neque
2043 1675 2097 1729 in

2279 940 2472 1011 Ὀρᾶτε
2500 937 2563 991 τὸ
2603 935 3004 1002 καταγέλαστον
3044 936 3138 989 καὶ
3167 933 3522 1005 παιδαριῶδες
3551 934 3652 1004 τῆς
3676 950 3781 1003 χα-

2201 1028 2465 1101 μαιζήλου
2492 1029 2696 1098 ταύτης
2713 1028 2820 1082 τῶν
2840 1028 3125 1097 δογμάτων
3157 1027 3441 1088 ἐκθέσεως.
3467 1022 3613 1095 Ἀρα
3647 1028 3677 1078 6
3712 1026 3782 1079 τὰ

2201 1122 2491 1193 σύμπαντα
2523 1120 2703 1192 φέρων
2744 1119 2821 1190 τῷ
2871 1121 3076 1190 ῥήματι
3122 1119 3222 1187 τῆς
3251 1117 3532 1186 δυνάμεως
3577 1116 3781 1180 αὐτοῦ,

2197 1213 2371 1281 λέγων
2400 1212 2436 1266 ἃ.
2458 1211 2708 1282 γενέσθαι
2738 1210 2880 1263 θέλει
2900 1250 2913 1271 ,
2944 1211 3038 1263 καὶ
3068 1209 3234 1262 ποιῶν
3273 1210 3331 1260 ὲν
3380 1211 3444 1279 τῇ
3476 1205 3570 1260 τοῦ
3606 1223 3785 1279 προσο

2203 1307 2483 1376 τάγματος
2509 1302 2791 1374 δυνάμειᾶ
2816 1303 3098 1374 βούλεται,
3135 1293 3195 1355 οὗ
3231 1300 3524 1372 σύνδρομός
3564 1302 3684 1353 ἐστι
3715 1301 3785 1370 τῇ

2206 1398 2457 1470 βουλήσει
2481 1399 2515 1468 ή
2545 1396 2794 1466 δύναμις,
2822 1396 2916 1449 καὶ
2953 1398 3149 1466 μέτρον
3178 1397 3277 1465 τῆς
3302 1394 3582 1464 δυνάμεως
3611 1392 3788 1445 αὐτοῦ

2202 1492 2265 1544 τὸ
2313 1491 2526 1561 θέλημα
2570 1490 2819 1559 γίνεται·
2866 1486 3057 1553 Αὐτὸς
3104 1487 3245 1558 γὰρ,
3301 1489 3485 1558 φησιν,
3517 1483 3647 1541 εἷπε
3683 1484 3791 1539 καὶ

2204 1582 2614 1653 ἐγενήθησαν,
2658 1580 2840 1646 αὐτὸς
2870 1579 3206 1633 ἐνετείλατο
3240 1579 3334 1632 καὶ
3367 1579 3742 1645 ἐκτίσθησαν
3765 1591 3785 1607 ·

2206 1679 2235 1732 6
2277 1677 2453 1731 πάντα
2501 1676 2566 1729 δι’
2601 1674 2792 1755 ἑαυτοῦ
2828 1675 3087 1745 ποιήσας,
3136 1673 3229 1726 καὶ
3268 1675 3326 1725 ὲν
3357 1670 3533 1741 ἑαυτῷ
3576 1670 3790 1739 συστή-

523 1767 717 1812 natura
744 1770 945 1825 manet,
982 1761 1085 1816 iste
1113 1772 1393 1831 exspectat
1426 1780 1491 1819 ex
1527 1771 1759 1836 quadam
1816 1767 2101 1841 sortitione

2215 1788 2327 1837 mc,
2360 1763 2421 1824 οὗ
2449 1768 2619 1840 χωρὶς
2662 1767 2766 1820 τῶν
2797 1766 2964 1821 ὄντων
2995 1766 3149 1821 οὐδὲν
3182 1765 3306 1820 οὔτε
3358 1765 3604 1833 ἐγένετο,
3653 1763 3790 1818 οὔτε

523 1865 643 1904 eam
676 1859 997 1919 potestatem
1061 1853 1336 1909 obtinere?
1387 1853 1659 1920 Judicate,
1698 1856 1994 1920 auditores,
2030 1872 2099 1912 an

524 1943 618 2011 qui
652 1943 766 1996 haec
818 1944 1016 1999 asserit
1050 1946 1121 2000 sit
1158 1947 1361 2001 mentis
1405 1962 1649 2018 compos.
1684 1948 1829 2003 Unus
1878 1959 1977 2016 est,
2013 1950 2101 2004 in-

526 2035 665 2104 quit,
697 2044 747 2089 et
776 2036 923 2092 solus
959 2037 1098 2092 Deus
1127 2040 1473 2110 omnipotens.
1528 2042 1586 2098 Si
1636 2043 1853 2115 quidem
1885 2044 2102 2101 Patrem

528 2127 921 2195 otnnipotentis
963 2131 1327 2199 appellatione
1374 2114 1663 2201 ostendit,
1693 2114 1962 2202 nostrum,
1995 2153 2104 2192 non

529 2215 766 2270 alienum
823 2234 1127 2275 sermonem
1163 2225 1519 2292 pronuntiat:
1556 2226 1641 2281 sin
1698 2239 1880 2282 autem
1936 2229 2103 2282 alitun

530 2308 764 2378 aliquem
816 2322 1013 2380 praeter
1063 2312 1277 2370 Patrem
1339 2316 1592 2388 intelligit
1651 2321 2104 2392 oumipotenlcm,

530 2404 693 2456 etiam
729 2404 1203 2462 circumcisionem
1236 2408 1282 2464 si
1314 2409 1362 2465 ei
1399 2410 1649 2466 videatur
1702 2412 1980 2483 praedicet,
2014 2416 2107 2487 qui

532 2494 883 2550 Judaieorum
930 2497 1274 2554 decretorum
1302 2514 1382 2557 est
1420 2518 1648 2573 praeses,
1670 2504 2107 2564 Christianorum

534 2586 804 2656 siquidem
833 2587 967 2644 ﬁdes
999 2590 1053 2645 in
1089 2591 1306 2646 Patrem
1336 2594 1599 2649 intuetur.
1631 2596 1823 2652 Omnia
1857 2601 2001 2654 enim
2028 2609 2113 2656 est

534 2678 715 2749 Pater,
780 2682 1129 2746 Allissimus,
1190 2687 1561 2755 omnipotens,
1604 2705 1697 2743 rex
1753 2695 2110 2762 regnantium,

535 2773 792 2828 Dominus
826 2774 1215 2831 dominantium
1241 2779 1309 2845 ”,
1357 2788 1412 2834 et
1459 2797 1797 2852 quaecunque
1838 2784 2110 2839 excelsam

537 2864 737 2919 habent
793 2873 847 2919 ct
899 2867 1151 2920 cxitniam
1213 2870 1697 2939 signiﬁcationem,
1751 2872 1934 2928 Patris
1985 2880 2114 2928 sunt

538 2958 849 3027 prOpria,et
877 2974 997 3027 quae
1030 2967 1157 3012 sunt
1183 2957 1381 3022 Patris,
1406 2962 1567 3016 etiam
1603 2960 1723 3016 Filii
1752 2974 1882 3017 sunt
1909 2965 2111 3019 omnia.

537 3046 694 3112 Quod
724 3048 767 3102 si
798 3048 870 3101 ita
903 3057 1007 3115 cst,
1054 3049 1168 3105 lucc
1218 3052 1379 3105 etiam
1412 3052 1774 3110 admittimus.
1836 3052 1892 3109 Si
1931 3063 2111 3110 autem

536 3139 698 3195 Patre
726 3142 932 3196 omisso
956 3144 1121 3198 alium
1147 3146 1571 3215 omnipotentem
1601 3159 1867 3209 autumat.
1895 3150 2113 3204 decreta

536 3230 846 3286 Iudaeorum
883 3234 1110 3302 profert,
1157 3235 1241 3290 vel
1289 3234 1534 3292 Platonis
1581 3238 1886 3293 doctrinam
1926 3238 2113 3308 sequi-

539 3325 740 3395 tur(a).
768 3324 900 3379 Nam
926 3335 978 3380 et
1002 3327 1151 3383 illum
1177 3328 1559 3400 philosophum
1587 3330 1739 3384 aiunt
1760 3331 1961 3392 dicere,
1991 3346 2115 3389 esse

539 3413 829 3483 quemdam
857 3429 1175 3483 supremum
1205 3426 1510 3470 creatorem
1560 3426 1614 3472 et
1656 3417 1917 3471 factorem
1975 3431 2117 3486 quo-

542 3505 790 3559 rumda-n
824 3506 1056 3559 aliorum
1095 3507 1321 3560 deorttm
1365 3507 1714 3563 inferiorum.
1749 3508 2111 3575 Quemadmov

541 3597 670 3652 dum
703 3597 869 3666 igitur
917 3598 969 3652 in
1000 3594 1247 3653 Judaicis
1303 3606 1357 3653 et
1423 3596 1724 3655 Platonicis
1756 3601 1992 3656 decretis
2023 3600 2116 3670 qui

541 3687 758 3743 Patrem
794 3705 900 3743 non
933 3689 1171 3744 admittit
1196 3690 1549 3746 Christianus
1583 3706 1689 3746 non
1740 3700 1843 3757 est,
1902 3692 2119 3748 tametsi

543 3780 969 3848 omnipotentem
1001 3778 1293 3849 quemdam
1326 3780 1472 3834 colat
1502 3780 1554 3834 in
1582 3795 1682 3835 suo
1712 3781 1964 3852 dogmate
1991 3797 2005 3835 :
2038 3782 2121 3836 sic

540 3871 707 3927 etiam
735 3871 1036 3926 Eunomius
1064 3879 1254 3926 contra
1284 3887 1480 3925 nomen
1514 3872 1795 3938 mentitur,
1821 3871 2120 3931 Judaizans

544 3975 656 4030 pne
682 3961 937 4030 superbia
966 3968 1019 4013 et
1052 3960 1250 4016 mentis
1287 3959 1511 4024 ferocia,
1540 3962 1622 4015 vel
1656 3962 1974 4017 Graecorum
2018 3979 2120 4018 nu-

545 4052 691 4105 mina
727 4050 1043 4120 praeferens,
1074 4050 1509 4106 Christianorum
1536 4052 1959 4123 appellationem
1991 4053 2123 4108 sub-

545 4142 802 4197 induens.
839 4142 981 4208 Quin
1017 4142 1181 4196 etiam
1221 4147 1288 4197 de
1316 4141 1401 4195 his
1431 4158 1553 4211 qme
1582 4143 1905 4212 sequuntur,
1930 4143 2121 4199 eadem

2207 1865 2267 1916 ὲν
2302 1861 2379 1932 τῷ
2406 1855 2544 1915 εἶναι
2578 1847 2729 1931 μένει
2750 1878 2761 1888 ο
2794 1855 2948 1924 οὗτος
2987 1858 3244 1929 ἀναμένει
3273 1860 3337 1911 ὲκ
3366 1854 3792 1928 διακληρὼσεὼς

2202 1971 2344 2017 τινος
2377 1956 2522 2022 σχεῖν
2560 1953 2657 2023 τὴν
2689 1948 2958 2016 ὲξουσίανς
3002 1950 3261 2020 Κρίνατε,
3294 1950 3345 2000 οἱ
3377 1947 3701 2012 ἀκούοντες,
3734 1948 3788 2001 ει

2204 2050 2232 2102 ὁ
2261 2046 2434 2103 ταῦτα
2461 2046 2634 2114 λέγων
2666 2045 2723 2097 ἐν
2748 2042 2825 2113 τῷ
2853 2042 3212 2113 καθεστηκότι
3236 2043 3336 2112 τὴν
3375 2041 3611 2094 διάνοιαν
3642 2039 3785 2110 ἔχει.

2201 2137 2305 2207 Εἷς
2334 2139 2441 2212 γάρ
2466 2139 2616 2200 ἐστι,
2648 2137 2802 2207 φησὶ,
2828 2134 2927 2188 καί
2947 2134 3133 2204 μόνος
3163 2134 3311 2198 Θεὸς
3332 2131 3788 2201 παντοκράτωρ.

2208 2229 2272 2284 Ei
2308 2229 2406 2300 μὲν
2450 2224 2544 2281 οὖν
2584 2227 2676 2279 τὸν
2709 2224 2929 2295 Πατέρα
2968 2224 3055 2277 διὰ
3082 2223 3181 2293 τῆς
3210 2222 3306 2277 τοῦ
3347 2223 3793 2294 παντοκράτορος

2208 2318 2578 2393 προσηγορίας
2602 2316 2969 2375 ἐνδείκνυται.
2994 2314 3262 2386 ἡμέτερον
3304 2313 3450 2382 λέγει
3494 2314 3585 2367 τὸν
3628 2314 3793 2380 λόγον

2207 2415 2302 2468 καὶ
2352 2413 2452 2466 οὐκ
2485 2410 2793 2482 ἀλλότριον·
2839 2409 2888 2461 εί
2913 2406 2969 2459 δὲ
3013 2406 3168 2461 ἄλλον
3206 2406 3328 2461 τινὰ
3358 2406 3508 2477 παρὰ
3545 2405 3635 2458 τὸν
3677 2409 3798 2461 Πα-

2208 2506 2341 2578 τέρα
2372 2508 2484 2559 νοεῖ
2511 2503 2945 2573 παντοκράτορα,
2979 2499 3074 2552 καὶ
3106 2497 3205 2571 τὴν
3237 2496 3538 2570 περιτομὴν
3562 2497 3610 2550 εί
3641 2496 3801 2550 δοκεῖ

2211 2596 2564 2668 κηρυσσέτω,
2600 2596 2629 2647 ό
2672 2592 2784 2646 τῶν
2815 2589 3103 2660 δογμάτων
3128 2588 3234 2642 τῶν
3283 2586 3587 2642 Ἰουδαϊκῶν
3651 2601 3802 2656 προ-

2211 2680 2555 2760 στάτης,Τῶν
2566 2685 2674 2757 γὰρ
2690 2683 3032 2757 Χριστιανῶν
3053 2683 3086 2752 ἡ
3103 2681 3282 2744 πίστις
3312 2679 3549 2750 πρδ;’τδν
3572 2675 3802 2747 Πατέρα.

2215 2780 2420 2851 βλέπει.
2468 2778 2653 2832 Πάντα
2684 2777 2742 2830 δέ
2781 2779 2930 2830 ἐστιν
2953 2775 2982 2826 ὁ
3021 2773 3209 2843 Πατὴρ
3229 2812 3245 2833 ,
3279 2772 3603 2839 ’Ὑψιστοςκ
3636 2783 3803 2821 παν-

2213 2870 2512 2939 τοκράτωρ
2532 2915 2545 2934 ,
2576 2867 2875 2934 ,βασιλεὺς
2915 2865 3035 2920 τῶν
3065 2865 3541 2929 βασιλευόντων,
3577 2862 3805 2928 Κύριος

2214 2961 2335 3016 τῶν
2371 2961 2790 3029 κυριευόντων,
2822 2958 2916 3010 καὶ
2951 2956 3128 3010 πάντα
3164 2958 3263 3009 ὅσα
3291 2952 3393 3023 τῆς
3434 2951 3645 3021 ὑψηλῆς
3674 2950 3806 3020 ἒχε-

2217 3069 2305 3105 ται
2344 3049 2652 3121 σημασίας,
2696 3046 2789 3100 τοῦ
2838 3044 3052 3115 Πατρός
3104 3044 3252 3096 ἐστιν
3303 3041 3428 3094 ίδια.
3462 3039 3541 3092 Τὰ
3592 3038 3651 3090 δὲ
3696 3035 3802 3089 τοῦ

2217 3142 2461 3213 Πατρδς,
2493 3138 2586 3193 τοῦ
2633 3136 2763 3191 Υἱοῦ
2808 3137 2923 3189 ἐστι
2966 3134 3163 3188 πάντα.
3198 3134 3359 3186 Ὥστε
3405 3129 3591 3183 τούτου
3641 3128 3803 3190 ὖντος

2219 3236 2448 3289 κάκεῖνα
2480 3230 2764 3301 δεχόμεθα.
2800 3231 2864 3283 Εἰ
2910 3228 2968 3281 δὲ
3013 3226 3172 3295 ἀφεὶς
3215 3223 3304 3278 τὸν
3353 3223 3601 3294 Πατέρα,
3637 3221 3805 3276 ἄλλον

2218 3324 2634 3394 παντοκράτορα
2658 3321 2829 3389 λέγει,
2856 3319 2923 3373 τὰ
2959 3318 3067 3372 τῶν
3112 3316 3381 3371 Ἰουδαίων
3412 3314 3594 3381 λέγει,
3627 3313 3662 3384 ἢ
3699 3310 3801 3366 καὶ

2217 3413 2329 3475 τοῖς
2353 3411 2638 3471 Πλάτωνος
2663 3408 2855 3461 ἕπεται
2883 3407 3079 3475 λόγοις.
3111 3405 3222 3458 Καὶ⁸
3250 3403 3358 3475 γὰρ
3387 3402 3633 3457 κάκεῖνόν
3663 3418 3802 3469 φασι

2218 3500 2307 3554 τδν
2348 3499 2632 3569 φιλόσοφον
2672 3497 2887 3566 λέγειν,
2924 3491 3063 3549 εἷναί
3103 3513 3226 3549 τινα
3267 3493 3616 3565 ὑπεράνωοεν
3669 3491 3790 3544 κτίο

2221 3608 2352 3661 στην
2381 3590 2476 3644 καλ⁵
2502 3588 2727 3660 ποιητὴν
2752 3588 3171 3658 ὑποϐεϐηκότων
3200 3586 3361 3641 τινῶν
3400 3584 3559 3640 θεῶν.
3585 3578 3803 3653 Ὠσπερ

2219 3679 2312 3737 οὖν
2352 3685 2409 3737 ἐν
2438 3685 2549 3745 τοῖς
2604 3681 2911 3741 Ἰουδαϊκοῖς
2957 3679 3048 3732 καὶ
3082 3678 3448 3739 Πλατωνικοῖς
3479 3675 3741 3744 δόγμασιν
3771 3674 3805 3726 6

2219 3775 2310 3829 τὸν
2362 3773 2580 3845 Πατέρα
2653 3772 2726 3844 μὴ
2785 3770 3254 3844 παραδεχόμενος,
3300 3767 3622 3840 Χριστιανὸς
3699 3767 3806 3819 οὐκ

2221 3865 2402 3932 εστιν,
2446 3865 2549 3920 κᾶν
2600 3864 3018 3936 παντοκράτορά
3060 3880 3183 3916 τινα
3231 3861 3522 3933 πρεσϐεύει
3571 3860 3666 3913 ἐπὶ
3705 3858 3805 3912 τοῦ

2221 3955 2518 4026 δόγματος,
2557 3955 2730 4020 οὕτως
2778 3957 2869 4009 καὶ
2900 3957 2928 4008 6
2958 3954 3220 4024 Εὐνόμιος
3268 3951 3659 4022 καταψεύδεται
3708 3950 3807 4003 τοῦ

2221 4046 2505 4117 ὀνόματος,
2547 4045 2845 4109 Ἰουδαῖζων
2882 4043 2976 4097 ἐπὶ
3011 4043 3090 4113 τῷ
3124 4043 3467 4114 φρονήματι·
3514 4041 3547 4111 ἢ
3588 4039 3659 4092 τὰ
3684 4039 3800 4092 τῶν

2234 4137 2503 4209 Ἐλλήνων
2537 4137 2874 4209 πρεσϐεύων,
2899 4135 2998 4203 τήν
3026 4135 3084 4188 δὲ
3115 4133 3224 4187 τῶν
3256 4130 3600 4205 Χριστιανῶν
3635 4146 3811 4201 προσ-

544 4236 650 4290 erit
688 4235 884 4288 oratio.
936 4232 1078 4288 Dicit
1129 4235 1273 4289 enim
1318 4236 1465 4305 quod
1519 4233 1658 4289 Deus
1710 4234 1947 4291 deorum.
2014 4233 2109 4291 No:

2224 4233 2454 4304 ηγορίαν
2496 4230 2879 4299 ὑποδυόμενος.
2936 4227 3096 4281 ’Δλλὰ
3134 4226 3228 4280 καὶ
3267 4226 3396 4295 περὶ
3426 4225 3533 4278 τῶν
3562 4222 3705 4278 κατὰ
3745 4222 3809 4276 τὸ

546 4326 760 4395 adjecto
812 4325 988 4380 Patris
1037 4326 1257 4381 nomine
1307 4341 1493 4382 vocem
1545 4327 1870 4383 familiarem
1903 4338 1958 4383 et
1993 4343 2109 4398 pros

2227 4321 2516 4379 ἀκόλουθον
2547 4319 2940 4390 ὲκτεθειμένων
2960 4363 2974 4384 ,
3001 4320 3029 4371 6
3051 4317 3212 4383 αὐτὸς
3241 4316 3395 4369 ἔσται
3422 4315 3595 4383 λόγος.
3640 4313 3809 4381 Λέγει

546 4415 721 4485 priam
753 4413 1005 4479 facimus,
1035 4414 1271 4470 scientes
1303 4416 1450 4486 quod
1497 4414 1659 4472 Pater
1694 4416 1841 4471 Deus
1868 4416 2109 4472 deorum.

2229 4414 2359 4486 γὰρ,
2390 4414 2472 4467 ὅτι
2503 4411 2648 4478 Θεὸς
2677 4409 2847 4465 θεῶν.
2912 4409 3242 4483 Προσθιέντες
3280 4411 3442 4479 ἡμεῖς
3469 4406 3531 4459 τὸ
3559 4405 3654 4459 τοῦ
3695 4406 3811 4458 [la-

547 4506 681 4574 Qua:
713 4522 841 4562 vero
865 4518 993 4562 sunt
1025 4507 1204 4564 Patris
1253 4508 1436 4563 omnia
1460 4550 1475 4575 ,
1518 4508 1745 4563 omnino
1778 4492 1941 4563 etiam
1995 4520 2109 4565 sunt

2228 4483 2356 4577 τρδς
2392 4503 2594 4572 ὄνομα,
2629 4502 2730 4571 τὴν
2765 4500 2948 4572 φωνὴν
2993 4500 3373 4570 οἰκειούμεθα,
3422 4499 3619 4561 εἰδότες
3660 4498 3746 4551 ὅτι
3780 4499 3812 4550 6

548 4594 746 4655 Filii".
774 4593 836 4649 Et
856 4595 1112 4650 Dominus
1130 4596 1513 4650 dominantium
1527 4596 1745 4651 :eadem
1772 4595 1839 4651 de
1866 4596 1969 4652 hoc
1996 4611 2106 4668 quo

2228 4596 2419 4667 Πατὴρ
2438 4594 2569 4657 Θεός
2596 4597 2712 4649 ἐστι
2731 4593 2839 4648 τῶν
2869 4593 3027 4647 θεῶν.
3064 4594 3106 4646 Τ
3109 4593 3145 4646 ὰ
3168 4592 3224 4645 δὲ
3247 4591 3340 4646 τοῦ
3364 4593 3577 4663 Πατρὸς
3605 4593 3809 4656 πάντα,

548 4704 657 4759 que
696 4696 782 4743 est
831 4689 1048 4755 oratio;
1104 4696 1269 4759 atque
1313 4688 1629 4741 Altissimus
1677 4702 1844 4759 supra
1906 4703 2109 4743 omnen:

2226 4686 2319 4743 τοῦ
2344 4685 2475 4740 Υἱοῦ
2496 4687 2613 4739 ἐστι
2630 4684 2865 4750 πάντως.
2884 4686 2991 4739 Καὶ
3015 4685 3227 4753 Κύριος
3243 4682 3358 4738 τῶν
3378 4685 3780 4752 κυριευόντων
3793 4701 3808 4716 ·

549 4785 775 4832 terram.
810 4775 945 4831 Nam
975 4778 1273 4848 quemlibet
1314 4784 1492 4833 mente
1521 4777 1865 4846 conceperis,
1917 4778 2127 4835 altissi-

548 4885 673 4925 mus
697 4877 780 4926 est
810 4885 976 4940 super
1003 4884 1219 4924 omnem
1250 4877 1469 4924 terram.
1501 4866 1765 4923 Similiter
1803 4874 2038 4940 superne
2069 4872 2123 4927 in

550 4959 904 5016 terrestribus
948 4957 1091 5013 facta
1143 4957 1517 5029 speculatione
1560 4973 1590 5012 a
1643 4956 1830 5024 Patre,
1890 4956 2024 5012 Filio
2069 4967 2126 5015 et

552 5051 763 5124 Spiritu
795 5061 1005 5108 sancto.
1038 5048 1240 5104 Verum
1281 5049 1443 5104 etiam
1475 5065 1599 5119 qua:
1647 5050 1907 5120 deinceps
1959 5048 2127 5106 dictis

550 5145 909 5217 adjiciuntur,
939 5143 1246 5199 Altissimus
1275 5143 1329 5196 in
1359 5143 1673 5205 coelestibus,
1725 5143 2021 5198 altissimus
2066 5144 2123 5198 in

552 5218 1290 5308 altissimisfsupercwlestis,
1322 5251 1471 5289 verus
1535 5235 1588 5290 in
1619 5235 1868 5300 essentia,
1899 5235 1990 5305 qui
2046 5242 2127 5290 est

551 5338 600 5383 et
626 5339 914 5396 permanet,
940 5346 1090 5385 verus
1116 5329 1172 5383 in
1202 5327 1550 5391 sermonibus,
1580 5344 1727 5382 verus
1759 5328 1813 5382 in
1859 5326 2124 5397 operibus:

560 5421 677 5476 haec
716 5422 861 5476 enim
893 5422 1075 5477 omnia
1130 5436 1196 5476 ex
1233 5435 1390 5491 aequo
1427 5419 1648 5491 inspicit
1680 5418 2122 5475 Christianorum

557 5511 747 5567 oculus
775 5512 828 5565 in
860 5510 1018 5568 Patre
1044 5521 1098 5591 et
1124 5510 1260 5567 Filio
1293 5520 1345 5567 et
1374 5511 1579 5582 Spiritu
1623 5518 1835 5566 sancto.
1867 5508 2025 5576 Quod
2077 5510 2124 5566 si

2226 4782 2256 4834 6
2288 4778 2450 4842 αὐτὸς
2498 4779 2593 4833 καὶ
2642 4776 2773 4848 περὶ
2816 4777 3005 4831 τούτου
3055 4776 3240 4846 λόγος·
3292 4777 3386 4829 καὶ
3418 4777 3680 4846 Ὕψιστος
3714 4777 3812 4830 ἐπὶ

2229 4877 2408 4930 πᾶσαν
2439 4872 2538 4946 τήν
2578 4874 2703 4944 γῆν.
2731 4874 2828 4926 Ὃν
2856 4873 2965 4944 γὰρ
2998 4872 3064 4927 ἂν
3093 4875 3159 4943 τῇ
3196 4871 3405 4942 διανοίᾳ
3442 4871 3632 4944 λάϐῃς,
3665 4873 3815 4924 ἐκεῖ·

2233 4984 2323 5030 νος
2366 4965 2589 5035 ὕψιστος
2632 4965 2724 5018 ἐπὶ
2773 4965 2951 5018 πᾶσαν
2999 4963 3099 5034 τὴν
3136 4964 3258 5033 γῆν.
3325 4963 3555 5034 Ὁμοίως
3601 4963 3814 5017 ἄνωθεν

2233 5060 2344 5121 τοῖς
2370 5056 2632 5125 ἐπιγείοις
2658 5056 2757 5126 τῆς
2787 5054 3090 5123 ἐπισκοπῆς
3122 5054 3412 5125 γινομένης
3442 5054 3592 5126 παρά
3626 5071 3685 5107 τε
3711 5053 3813 5107 τοῦ

2235 5147 2449 5220 Πατρὸς
2474 5146 2680 5201 καὶτοῦ
2705 5145 2834 5200 Υἱοῦ
2861 5148 2956 5199 καὶ
2980 5144 3072 5197 τοῦ
3099 5145 3255 5213 ἁγίου
3282 5144 3620 5215 Πνεύματος.
3650 5142 3815 5196 Ἀλλὰ

2235 5237 2328 5290 καὶ
2371 5237 2439 5289 τὰ
2471 5236 2666 5308 ἐφεξῆς
2693 5238 2806 5298 τοῖς
2843 5235 3155 5307 εἰρημένοις
3193 5233 3603 5305 προσκείμεναο
3646 5233 3814 5301 Ὑψι-

2235 5347 2382 5395 στος
2403 5330 2471 5383 ἐν
2496 5328 2796 5398 οὐρανοῖς,
2821 5329 3084 5398 ὕψιστος
3108 5329 3178 5382 ἐν
3208 5327 3517 5396 ὑψίστοις,
3552 5324 3812 5394 ἐπουρά-

2233 5439 2362 5488 νιος
2380 5462 2394 5486 ,
2417 5419 2702 5492 ἀληθινὸς
2726 5420 2796 5474 ἐν
2818 5420 2897 5487 τῷ
2923 5416 3078 5474 εἶναι
3120 5418 3154 5473 ὅ
3184 5418 3338 5481 ἐστι,
3369 5418 3469 5473 καὶ
3492 5418 3812 5489 διαμένων·

2233 5511 2522 5582 ἀληθινὸς
2546 5513 2616 5566 ἐν
2656 5512 2879 5581 λόγοις,
2930 5511 3220 5581 ἀληθινὸς
3255 5510 3326 5564 ἐν
3363 5509 3587 5581 ἔργοις*
3642 5509 3812 5569 ταῦτα

624 5614 890 5695 “ilrbr.
932 5637 972 5684 ι.
1014 5625 1067 5679 5.
1144 5624 1189 5658 ”
1228 5622 1374 5682 Psal.
1416 5639 1638 5694 chvut,
1674 5626 1727 5682 5.
1804 5625 1851 5659 ⁰⁶
1882 5623 2038 5682 Juan.
2092 5641 2106 5681 ι

2215 5664 2223 5680 .
2267 5624 2352 5680 ⁵⁵1
2385 5626 2529 5683 Tim.
2556 5642 2632 5692 γι,
2680 5626 2766 5682 15.
2845 5627 2890 5660 ⁸⁸
2927 5625 3085 5682 Joan.
3121 5640 3256 5695 xvn,
3299 5625 3385 5682 10.

626 5693 777 5767 (a)ln
797 5691 1016 5747 Timwo.
