4032 6208
476 354 572 409 491

1718 368 1775 424 S.
1820 368 2147 425 GREGORll
2196 370 2480 426 NYSSENI

3609 366 3715 422 6’32

475 472 633 546 inops
675 483 727 529 et
778 493 990 545 vecors,
1034 487 1094 534 ut
1125 480 1272 539 hunc
1313 499 1618 542 sermonem
1663 498 1835 553 serat,
1876 507 2029 562 quem

2141 493 2411 559 γεννῶντα
2447 510 2506 555 τε
2551 494 2645 547 καὶ
2670 493 3033 564 γεννῶμενον;
3069 494 3163 558 Τίς
3195 492 3362 555 οὕτως
3392 490 3712 562 παράφορος

475 564 693 621 videtur
711 565 1015 626 Eunomius
1043 572 1409 645 impugnare?
1439 577 1684 635 Ecclesia
1704 583 1926 651 quidem
1954 601 2042 641 ve-

473 671 594 710 rum
630 656 842 713 Patrem
877 662 1052 717 credit
1109 681 1233 721 vere
1258 683 1380 724 esse
1428 672 1631 741 proprii
1656 671 1772 727 Filii
1804 671 2038 741 Patrem,

473 748 618 802 sicut
640 750 718 803 ait
743 750 1063 821 Apostolus,
1095 773 1202 813 non
1229 760 1394 815 alieni
1415 780 1429 815 :
1453 762 1531 816 sic
1549 764 1693 818 enim
1724 765 1776 818 in
1804 766 2039 835 quadam

472 835 836 907 Epistolarum
867 841 1062 898 effatus
1090 854 1208 901 est:
1239 848 1343 913 Qui
1382 852 1591 919 proprio
1626 851 1770 906 Filio
1798 870 1894 908 suo
1938 872 2041 909 non

471 929 695 991 Peperci!
725 929 1045 1002 ":pt‘opril
1105 936 1403 1006 adjectioni
1466 956 1748 1012 opponens
1803 959 1899 1000 eos
1947 948 2039 1023 qui

473 1019 644 1083 gratia
680 1035 786 1073 non
820 1030 1017 1077 natura
1050 1025 1348 1096 adoptione
1386 1030 1535 1100 digni
1556 1042 1892 1088 vccnsentur.
1941 1019 2039 1091 llic

471 1117 651 1162 autem
688 1121 932 1166 nostram
966 1114 1110 1170 hanc
1151 1118 1466 1187 opinionem
1502 1125 1872 1190 calumnians,
1906 1128 2037 1197 quid

470 1198 643 1254 dicit?
691 1201 813 1257 Non
888 1206 943 1258 in
1005 1209 1299 1277 generando
1347 1228 1498 1266 suam
1547 1214 1712 1282 ipsius
1761 1220 2038 1272 essentiam

469 1293 726 1360 partiens,
761 1312 930 1367 neque
970 1298 1107 1352 idem
1132 1302 1222 1370 qui
1253 1313 1488 1372 generat.
1535 1317 1583 1361 rt
1624 1309 1714 1376 qui
1738 1320 2036 1378 generatur,

471 1381 547 1434 re!
587 1382 722 1437 idem
761 1386 921 1441 Pater
942 1392 1031 1459 qui
1073 1392 1305 1461 gignitur
1336 1407 1386 1447 et
1422 1393 1594 1449 Filius
1631 1417 1645 1451 :
1675 1408 1750 1452 est
1794 1401 1928 1453 enim
1965 1401 2038 1456 in-

471 1475 846 1543 rarruptibilis.
896 1478 1178 1548 Quispiam
1232 1484 1482 1549 audiens,
1533 1486 1597 1541 In
1628 1489 1889 1558 principio
1925 1504 2038 1546 erat

484 1560 723 1629 Verbum,
771 1576 818 1621 et
850 1567 988 1623 Deus
1018 1582 1133 1625 erat
1168 1571 1391 1628 Verbum
1416 1578 1431 1607 ¹
1452 1584 1558 1643 .et,
1589 1577 1810 1635 Verbum
1839 1597 1905 1636 ea:
1931 1582 2038 1637 Deo

474 1651 633 1708 Patre
656 1656 856 1716 exivit:
905 1660 1113 1718 siccine
1150 1667 1424 1721 sincerum
1477 1678 1531 1723 et
1571 1685 1769 1739 purum
1818 1673 2035 1744 dogma,

471 1751 578 1797 tam
631 1744 791 1801 fmdis
834 1758 890 1805 et
930 1753 1082 1808 tetris
1122 1769 1188 1810 ac
1231 1759 1678 1826 graveolentibus
1721 1764 2038 1821 notionibus

2144 580 2241 652 τὴν
2272 581 2506 634 διάνοιαν
2530 621 2545 645 ,
2574 581 2649 645 ὡς
2682 581 2869 635 τοῦτον
2899 583 3072 634 είπεῖν
3121 581 3213 634 τὸν
3248 580 3402 648 λόγον
3424 620 3438 643 ,
3483 578 3619 646 πρὸς
3652 578 3714 632 ὃν

2147 672 2409 742 μάχεσθαι
2440 673 2586 726 δοκεῖ
2612 676 2639 727 6
2676 674 2966 744 Εὐνόμιο;;
3020 674 3083 743 Ἥ
3122 672 3218 743 μὲν
3262 672 3372 743 γὰρ
3416 669 3712 741 Ἐκκλησία

2145 763 2387 817 πιστεύει
2421 765 2512 817 τὸν
2560 764 2811 835 ἀληθινὸν
2859 764 3076 834 Πατέρα
3126 763 3341 834 ἀληθῶς
3391 757 3531 815 εἶναι
3576 760 3709 814 Υἱοῦ

2143 854 2359 927 Πατέρα
2388 855 2539 919 ἰδίου,
2589 853 2768 919 καθώς
2800 871 2930 926 φησι
2960 857 2989 907 6
3037 853 3354 918 Ἀπόστολος
3378 893 3392 916 ,
3419 853 3518 906 οὐκ
3550 853 3710 907 ἀλλο-

2140 941 2296 1012 τέρου
2322 959 2336 973 ο
2366 941 2509 996 οὕτω
2526 942 2634 1012 γὰρ
2662 941 2717 995 εν
2748 959 2854 996 τινι
2879 942 2986 996 τῶν
3015 940 3342 996 Ἐπιστολῶν
3370 942 3707 1011 ἀπεφήνατο.

2141 1035 2243 1099 Ὃς
2266 1031 2367 1087 τοῦ
2388 1032 2538 1090 ἰδίου
2562 1034 2698 1091 me
2724 1036 2835 1091 οὐκ
2847 1036 3146 1106 ἐφείσατοο
3165 1033 3609 1088 ἀντιδιαστέλλων
3639 1037 3707 1104 τῇ

2138 1124 2232 1178 τοῦ
2286 1125 2415 1178 ίδίου
2458 1125 2741 1197 προσθήκῃ
2791 1128 2917 1190 τοὺς
2960 1125 3141 1197 χάριτι
3177 1126 3271 1179 καὶ
3310 1125 3371 1179 οὐ
3418 1124 3578 1195 φύσει
3606 1125 3709 1195 τῆς

2141 1215 2406 1278 υἱοθεσίας
2429 1214 2779 1286 ἠξιωμένους.
2821 1216 2881 1267 ’0
2901 1215 2958 1269 δὲ
2983 1214 3186 1286 ταύτην
3216 1213 3373 1285 ήμῶν
3401 1213 3708 1268 διαόἀλλων

2138 1305 2235 1377 τὴν
2272 1306 2539 1377 ὑπόληψιν
2563 1345 2578 1370 ,
2629 1307 2682 1359 τί
2720 1306 2897 1375 λέγει;
2934 1309 3056 1361 Οὐκ
3104 1306 3173 1360 ἐν
3217 1300 3298 1369 τῷ
3345 1302 3564 1375 τεννᾷν
3588 1304 3711 1373 τὴν

2137 1398 2355 1452 οὐσίαν
2384 1396 2599 1452 ἑαυτοῦ
2644 1397 2893 1468 μερίζων
2913 1440 2928 1464 ,
2961 1398 3103 1453 οὐδὲ
3138 1398 3323 1466 αὐτὸς
3353 1397 3578 1469 γεννῶν
3603 1398 3707 1452 και

2138 1489 2503 1559 γεννώμενος
2526 1506 2542 1522 ⁸
2601 1489 2639 1558 ἢ
2691 1492 2725 1545 ὁ
2771 1490 2954 1557 αὐτὸς
3003 1490 3205 1558 Πατὴρ
3259 1492 3567 1562 γινόμενος
3604 1488 3708 1543 και

2147 1581 2277 1646 Υἱός
2299 1597 2314 1611 ο
2344 1583 2475 1635 ἐστι
2515 1580 2624 1651 τὰρ
2650 1580 2968 1651 ἄφθαρτος.
3011 1582 3249 1635 Ἀκούων
3292 1599 3375 1647 τις
3402 1583 3594 1648 Λόγον
3631 1582 3708 1636 ἐν

2136 1671 2295 1741 ἀρχῇ
2334 1672 2513 1726 ὄντα⁸
2538 1673 2649 1741 καὶ,
2673 1673 2821 1727 Θεὸν
2852 1674 2996 1727 ὄντα
3032 1673 3138 1727 τὸν
3167 1674 3363 1742 Λόγον
3385 1712 3399 1735 ,
3433 1673 3544 1736 καὶ,
3586 1674 3710 1728 Λό-

2140 1778 2249 1832 γον
2271 1761 2339 1815 ἐκ
2361 1761 2467 1816 τοῦ
2497 1761 2725 1831 Πατρός
2793 1763 3091 1830 ἐξελθόντα·
3153 1763 3297 1817 οὕτω
3326 1764 3709 1834 καταρρυπαί-

471 1835 717 1906 inquinat
752 1848 805 1895 et
831 1847 1196 1914 conspurcat?
1234 1848 1363 1904 dum
1396 1850 1530 1905 dicit
1568 1870 1581 1907 :
1650 1856 1765 1910 Non
1797 1858 1853 1912 in
1884 1874 2029 1929 gene-

2139 1867 2218 1904 νει
2262 1850 2323 1903 τὸ
2353 1851 2627 1923 ἀκήρατον
2658 1851 2834 1922 δόγμα
2860 1890 2875 1914 ,
2913 1852 3025 1914 τοῖς
3057 1852 3300 1923 αἰσχροῖς
3350 1851 3558 1915 τούτοις
3606 1854 3707 1907 καὶ

469 1930 633 1982 rando
664 1944 813 1983 suam
848 1934 1119 1987 essentiam
1151 1937 1400 2004 partitur.
1498 1937 1544 1996 0
1580 1944 1946 2001 exsecrandas
1977 1955 2035 2002 et

470 2015 888 2085 abominandas,
942 2022 1185 2093 impuras
1233 2035 1287 2082 et
1342 2029 1591 2086 sordidas
1640 2032 2031 2103 cegitationes!

468 2106 750 2173 Quomodo
775 2112 866 2180 qui
895 2113 1021 2168 talis
1054 2115 1264 2186 profert
1291 2133 1397 2174 non
1428 2122 1721 2195 intelligit,
1744 2127 1891 2196 quod
1940 2144 2034 2185 ne-

469 2216 574 2269 que
609 2217 706 2271 per
736 2218 982 2271 carnem,
1023 2206 1166 2265 Deus
1206 2212 1298 2281 qui
1335 2213 1744 2282 manifestatur,
1787 2219 2034 2278 humana:

469 2303 678 2349 natura:
706 2297 1014 2365 passionem
1034 2299 1100 2355 ad
1130 2302 1216 2355 sui
1237 2307 1489 2375 corporis
1507 2312 2029 2379 coagmentationem

468 2385 699 2454 accepit,
736 2387 832 2441 sed
864 2403 998 2458 puer
1029 2400 1195 2449 natus
1216 2404 1303 2449 est
1328 2395 1488 2453 nobis
1516 2414 1580 2454 ex
1616 2399 1820 2473 Spiritu
1842 2414 2032 2462 sancto

467 2481 519 2528 et
542 2476 744 2534 virtute
766 2477 1034 2536 Altissimi
1074 2485 1094 2515 ²
1116 2523 1131 2547 ,
1170 2500 1347 2556 neque
1374 2487 1540 2559 Virgo
1572 2491 1689 2562 ipsa
1728 2496 2029 2566 quidquam

470 2581 728 2637 perpessa
778 2579 883 2633 est,
920 2587 1096 2642 neque
1114 2576 1353 2646 Spiritus
1382 2578 1685 2639 diminutus
1714 2595 1818 2648 est.
1856 2604 2032 2660 neque

466 2658 640 2715 virtus
661 2661 926 2717 Altissimi
954 2664 1005 2718 in
1036 2675 1217 2735 partes
1242 2670 1477 2728 dissecta
1509 2674 1651 2731 fuit?
1679 2676 1889 2734 Etenim
1909 2658 2032 2752 S'pi-

466 2749 605 2806 ritus
630 2758 779 2807 totus
810 2763 914 2820 est,
935 2763 988 2809 et
1015 2757 1282 2815 Altissimi
1314 2763 1491 2819 virtus
1523 2765 1734 2837 integra
1760 2770 1882 2825 sine
1919 2749 2041 2827 ulla.

465 2842 845 2899 imminutione
890 2848 1109 2902 mansit.
1143 2847 1208 2902 Et
1238 2865 1375 2921 puer
1406 2864 1567 2911 natus
1605 2867 1689 2913 est
1722 2868 1891 2923 totus,
1934 2878 2031 2918 ne-

373 2999 376 3002 .
463 2950 570 3004 que
613 2936 806 2992 matris
837 2937 1209 3009 integritatem
1251 2943 1620 3003 labefactavit.
1669 2950 1872 3009 Deinde
1901 2971 2031 3013 caro

463 3039 530 3079 ex
578 3039 743 3093 carne
786 3027 1004 3096 quidem
1044 3045 1327 3100 procreata
1372 3044 1478 3099 est,
1522 3040 1618 3094 sed
1661 3040 1870 3111 absque
1905 3060 2031 3115 per-

466 3116 914 3182 pessiouezbunc
938 3131 1119 3176 autem
1156 3124 1343 3194 gloria:
1373 3129 1726 3199 splendorem
1769 3150 1879 3189 non
1912 3138 2028 3191 vult

2140 1940 2357 1995 ὀδωδόσι
2386 1945 2653 2012 νοήμασι;
2683 1940 2856 2010 λέγων
2881 1958 2894 1972 ·
2931 1943 3052 1995 Οὐκ
3084 1942 3155 1994 ἐν
3203 1941 3283 2007 τῷ
3346 1941 3560 2011 γεννᾷν
3588 1940 3712 2009 τὴν

2140 2031 2358 2086 οὐσίαν
2386 2031 2619 2101 μερίζει.
2653 2033 2718 2085 Ὢ
2742 2032 2843 2101 τῆς
2877 2031 3155 2103 βδελυρίας
3179 2032 3286 2085 τῶν
3315 2033 3552 2104 αἰσχρῶν
3579 2032 3713 2086 τοὺ-

2138 2139 2245 2177 των
2276 2122 2370 2176 καὶ
2392 2122 2651 2195 ῥυπαρῶν
2678 2122 2963 2194 νοημάτων
2992 2124 3005 2176 ι
3038 2122 3161 2187 Πῶς
3195 2125 3257 2177 οὐ
3287 2124 3529 2196 συνίησιν
3563 2124 3593 2177 6
3630 2123 3711 2177 τὰ

2139 2214 2358 2268 τοιαῦτα
2410 2214 2611 2283 λέγων,
2654 2215 2735 2268 ὅτι
2779 2213 2901 2268 οὔτε
2940 2214 3028 2268 διὰ
3059 2213 3260 2285 σαρκὸς
3291 2216 3317 2267 6
3362 2213 3493 2276 Θεὸς
3534 2231 3707 2285 φανε-

2141 2306 2398 2377 ρούμενος
2435 2305 2497 2359 τὸ
2544 2305 2644 2376 τῆς
2693 2304 3038 2377 ἀνθρωπίνης
3080 2305 3293 2375 φύσεως
3350 2306 3521 2370 πάθος
3564 2305 3708 2377 πρὸς

2136 2395 2236 2468 τὴν
2276 2395 2368 2449 τοῦ
2415 2394 2543 2449 ἰδίου
2597 2393 2845 2466 σώματος
2883 2394 3139 2449 σύστασιν
3171 2395 3526 2467 παρεδέξατο,
3566 2395 3706 2449 ἀλλά

2138 2485 2231 2538 καὶ
2262 2484 2485 2538 παιδίον.
2514 2483 2774 2554 ἐγεννήθη
2822 2484 2952 2553 ἡμῖν
2982 2484 3045 2535 ἐκ
3071 2480 3385 2552 Πνεῦματος
3423 2482 3574 2549 ἀγίου
3605 2481 3707 2535 καὶ

2082 2584 2095 2595 ⁵
2136 2576 2415 2648 δυνάμεως
2457 2575 2712 2646 Ὑψίστου
2735 2595 2746 2607 ·
2784 2575 2876 2629 καὶ
2915 2572 3039 2628 οὔτε
3074 2575 3107 2644 ή
3156 2574 3433 2647 Παρθένος
3480 2574 3704 2639 ἔπαθεν,

2137 2666 2260 2722 οὕτε
2284 2668 2345 2721 τὸ
2372 2668 2595 2739 Πνεῦμα
2640 2665 2875 2737 ἐμειὼθη
2895 2705 2910 2727 ,
2940 2665 3063 2719 οὔτε
3094 2666 3127 2737 ὴ
3160 2665 3387 2737 δύναμις
3416 2665 3508 2718 τοῦ
3543 2664 3705 2734 Ὑψί-

2138 2777 2264 2815 στου
2290 2760 2391 2813 ἀπε
2402 2758 2664 2831 μερίσθης
2686 2759 2793 2811 Καὶ
2817 2757 2926 2830 γάρ
2950 2759 3012 2811 τὸ
3036 2757 3256 2829 Πνεῦμα
3281 2757 3400 2810 ὅλον
3428 2757 3566 2818 ἐστὶ,
3604 2756 3707 2809 καὶ

2136 2854 2170 2923 ή
2208 2852 2301 2906 τοῦ
2347 2852 2600 2922 Ὑψίστου
2649 2850 2876 2922 δύναμις
2925 2849 3191 2921 ἀμείωτος
3230 2849 3429 2920 ἔμεινε.
3482 2850 3588 2903 Καὶ
3638 2851 3706 2904 τδ

2136 2943 2345 2997 παιδίον
2372 2941 2631 3014 ἐγεννήθη
2661 2942 2804 3005 ὅλον,
2830 2943 2921 2995 καὶ
2945 2941 3044 3013 τὴν
3069 2942 3167 3013 τῆς
3194 2941 3402 3014 μητρδς
3433 2941 3706 3013 ἀφθορίαν

2135 3037 2234 3091 οὐκ
2260 3035 2582 3107 ἐλυμήνατο.
2610 3029 2743 3089 Εἶτα
2769 3032 2905 3104 σὰρξ
2929 3034 3027 3104 μέν
3050 3035 3156 3088 ἀπὸ
3183 3034 3383 3104 σαρκὸς
3414 3033 3701 3105 ἐγεννήθη,

2134 3127 2256 3199 δίχα
2280 3126 2517 3191 πάθουςο
2545 3126 2607 3179 τὸ
2642 3125 2699 3178 δὲ
2735 3124 2835 3196 τῆς
2866 3125 3025 3195 δόξης
3054 3124 3392 3195 ἀπαύγασμα
3423 3126 3484 3178 οὐ
3518 3124 3708 3195 βούλε-

465 3206 764 3263 Eunomius
785 3209 853 3266 ab
878 3210 994 3282 ipsa
1027 3229 1150 3270 esse
1181 3217 1377 3287 gloria.
1420 3222 1681 3291 quoniam
1706 3226 1879 3296 gloria
1908 3245 2029 3299 quae

2132 3236 2222 3273 ται
2253 3219 2347 3273 ἀπ’
2380 3217 2546 3288 αὐτῆς
2599 3212 2740 3270 εἶναι
2788 3218 2816 3270 6
2860 3214 3121 3287 Εὐνόμιος
3159 3217 3257 3287 τῆς
3288 3214 3445 3285 δόξης
3468 3232 3482 3247 ·
3511 3213 3708 3288 ἐττειδή

466 3294 640 3350 lucem
702 3310 925 3368 generat
954 3319 1131 3374 neque
1182 3308 1468 3376 minuitur,
1500 3328 1677 3383 neque
1714 3294 1782 3370 in
1844 3294 2031 3388 partes

464 3386 760 3444 divellitur.
782 3390 846 3445 Et
875 3393 1093 3462 quidem
1120 3397 1344 3454 verbum
1371 3386 2031 3477 ltominisimpartibiliter

466 3494 532 3532 ex
574 3488 752 3536 mente
781 3493 1095 3553 generatur.
1123 3485 1191 3540 At
1240 3487 1384 3545 Deus
1416 3491 1674 3560 Verbum,
1707 3497 1811 3552 nisi
1850 3497 2030 3556 Patris

464 3574 700 3625 essentia
734 3572 785 3626 in
824 3581 1007 3643 partes
1038 3574 1198 3630 fuerit
1225 3588 1398 3645 secta,
1424 3597 1530 3637 non
1568 3592 1746 3654 potest
1778 3602 1840 3641 ex
1872 3587 2030 3645 Patre

462 3663 641 3731 gigni!
678 3663 812 3731 Quis
868 3665 943 3721 ita
976 3682 1169 3725 vecors
1219 3680 1275 3725 et
1326 3673 1603 3744 stupidus.
1636 3677 1729 3747 qui
1760 3677 2030 3750 dogmatis

463 3753 626 3822 hujus
672 3756 1077 3814 absurdidatem
1118 3767 1172 3814 et
1219 3763 1509 3817 amentiam
1560 3781 1667 3821 non
1723 3768 2032 3841 intelligat?

464 3847 579 3902 Non
609 3849 664 3901 in
695 3850 1006 3917 generando,
1049 3848 1252 3919 inquit,
1314 3852 1577 3919 propriam
1608 3858 1878 3912 essentiam
1910 3873 2031 3927 par-

462 3936 609 3988 tiens.
646 3933 817 4003 Cujus
838 3938 1053 4007 propria
1071 3940 1310 3995 essentia
1327 3941 1380 3994 in
1401 3944 1715 4010 generando
1760 3945 1814 3999 in
1843 3955 2026 4016 partes

459 4023 848 4080 distribuitur?
890 4026 1139 4085 Essentia
1171 4032 1315 4086 enim
1352 4032 1405 4086 in
1445 4032 1767 4091 hominibus
1802 4045 1888 4091 est
1922 4039 2025 4092 Ιιιι-

460 4128 618 4167 mana
647 4115 861 4171 natura.
882 4118 939 4172 ln
967 4120 1198 4175 rationis
1218 4123 1532 4193 expertibus
1555 4128 1880 4195 generaliter
1906 4131 2019 4200 qui-

457 4207 577 4259 dem
628 4216 819 4263 natura
880 4212 1111 4267 rationis
1155 4229 1374 4285 expers,
1430 4217 1743 4287 specialiter
1788 4235 1918 4275 vero
1970 4223 2023 4275 in

460 4297 634 4354 bobus
673 4307 726 4356 et
756 4302 808 4355 in
839 4303 1058 4369 ovibus,
1084 4312 1137 4359 et
1164 4306 1217 4360 in
1249 4308 1510 4363 omnibus
1550 4308 1749 4365 belluis
1784 4326 1907 4381 qua:
1935 4327 2025 4368 se-

457 4391 696 4445 cundum
729 4396 1121 4464 proprietatum
1145 4397 1484 4454 dili’erentias
1508 4409 1787 4469 spectatur
1807 4410 2022 4459 natura.

456 4478 596 4545 Quid
634 4481 802 4551 igitur
853 4485 1047 4539 horum
1090 4502 1185 4555 per
1225 4478 1443 4557 partum
1484 4492 1599 4546 sive
1642 4490 1812 4548 fetum
1868 4511 2021 4551 suam

454 4574 751 4628 essentiam
772 4576 1044 4645 partitur?
1064 4575 1255 4633 Nonne
1279 4594 1375 4648 per
1402 4584 1811 4639 successionem
1832 4599 2021 4640 eorum

453 4678 575 4733 quae
620 4674 957 4721 enascuntur
996 4668 1048 4721 in
1083 4683 1412 4739 unoquoque
1449 4672 1761 4726 animalium
1810 4688 2026 4746 semper

454 4754 663 4825 integra
692 4766 874 4810 manet
898 4758 1131 4811 natura?
1163 4757 1431 4814 Prteterea
1481 4760 1644 4816 homo
1681 4763 1808 4816 dum
1850 4778 1917 4819 ex
1963 4780 2023 4821 se

450 4846 724 4901 hominem
750 4848 940 4919 gignit,
976 4865 1083 4902 non
1119 4864 1273 4903 suam
1314 4858 1564 4905 naturam
1598 4850 1897 4917 distribuit.
1926 4856 2019 4911 sed

448 4947 503 4993 et
534 4939 586 4993 in
612 4954 678 4994 eo
716 4941 807 5009 qui
844 4942 1028 5011 genuit
1075 4950 1237 5011 atque
1264 4942 1315 4996 in
1356 4942 1538 5013 genito
1572 4951 1684 4998 tota
1718 4953 1821 5010 est,
1848 4961 2021 5016 neque

448 5046 514 5084 ex
543 5030 647 5087 hoc
678 5030 925 5085 adillum
953 5032 1235 5095 dividitur,
1270 5049 1445 5104 neque
1471 5034 1722 5099 discedit,
1757 5051 1932 5106 neque
1964 5038 2018 5091 in

447 5134 513 5173 eo
552 5122 864 5184 mutilatur,
900 5136 1023 5175 cum
1055 5121 1108 5175 in
1142 5123 1236 5177 illo
1272 5123 1514 5195 perfecta
1536 5125 1624 5190 sit,
1648 5134 1813 5197 atque
1838 5127 2019 5181 omnis

449 5212 503 5264 in
526 5227 591 5266 eo
624 5213 912 5275 consistat,
945 5221 999 5268 et
1032 5215 1211 5269 omnis
1248 5217 1300 5269 in
1339 5216 1432 5270 illo
1465 5216 1799 5271 inveniatur.
1831 5219 2013 5288 Siqui-

448 5302 570 5355 dem
630 5304 949 5374 priusquam
1007 5320 1072 5359 ex
1132 5321 1191 5360 se
1225 5308 1496 5361 hominem
1543 5316 1849 5377 generaret,
1898 5317 2017 5362 erat

449 5392 646 5446 animal
675 5395 905 5450 rationis
939 5399 1229 5467 particeps.
1273 5399 1519 5461 mortale,
1555 5400 1925 5469 intelligentia:
1964 5411 2014 5455 et

448 5480 693 5535 scientia:
724 5499 917 5553 capax.
964 5486 1109 5540 Idem
1141 5496 1428 5557 postquam
1460 5504 1525 5543 ex
1555 5504 1614 5544 se
1639 5490 1799 5543 talem
1828 5490 2015 5559 genuit

451 5568 767 5622 hominem:
805 5574 877 5624 ita
928 5580 985 5624 ut
1030 5588 1220 5629 omnes
1269 5585 1475 5631 naturae
1526 5578 1886 5647 proprietates
1960 5594 2012 5631 ιιι

541 5741 563 5773 ⁹
616 5744 773 5799 Rom.
829 5760 947 5807 vm,
983 5746 1071 5800 3'2.
1140 5748 1348 5804 ‘Joan.
1396 5768 1443 5812 ι,
1501 5752 1545 5803 l.

2130 3307 2252 3363 οὔτε
2282 3309 2525 3381 μειοῦται
2550 3306 2794 3377 γεννῶσα
2817 3307 2876 3361 τὸ
2916 3306 3031 3376 φῶς
3060 3309 3093 3378 ή
3126 3307 3249 3373 δόξα
3268 3349 3284 3369 ,
3315 3306 3438 3361 οὔτε
3480 3304 3704 3378 μερίζε-

2130 3414 2241 3451 ται.
2273 3396 2384 3452 Καὶ
2412 3398 2440 3449 6
2472 3396 2570 3467 μὲν
2603 3393 2940 3467 ἀνθρώπινος
2965 3394 3122 3463 λόγος
3149 3394 3457 3466 ἀμερίστως
3494 3396 3558 3447 ἐκ
3601 3394 3702 3448 τοῦ

2129 3487 2219 3542 νοῦ
2246 3490 2520 3557 γεννᾶται.
2567 3487 2624 3540 Ὀ
2644 3487 2702 3541 δὲ
2730 3485 2861 3550 θεὸς
2881 3486 3049 3555 Λόγος
3066 3527 3080 3547 ,
3116 3486 3210 3538 ἐάν
3235 3486 3309 3557 μὴ
3346 3486 3571 3556 μερισθῇ
3602 3485 3705 3539 τοῦ

2131 3580 2397 3652 Πατρδςή
2426 3580 2600 3646 οὐσία,
2629 3583 2692 3635 ἐκ
2730 3580 2822 3635 τοῦ
2853 3580 3065 3651 Πατρδς
3093 3579 3416 3649 γεννηθῆναι
3445 3579 3505 3632 οὗ
3540 3578 3703 3631 δύνα-

2127 3691 2237 3727 ται.
2265 3674 2407 3744 ’Δρα
2454 3674 2543 3737 τίς
2584 3672 2755 3738 οὓτως
2793 3673 2939 3727 ἐστὶν
2969 3672 3205 3744 ἠλίθιος,
3233 3672 3309 3734 ὠς
3353 3671 3427 3743 μή
3462 3675 3702 3725 συνεῖναι

2126 3765 2224 3834 τὴν
2279 3764 2501 3833 ἀλογίαν
2553 3763 2645 3818 τοῦ
2696 3763 2999 3835 δόγματοςς
3057 3765 3178 3817 Οὐκ
3230 3763 3301 3817 ἐν
3328 3761 3407 3827 τῷ
3452 3761 3702 3833 γεννᾷν,

2129 3857 2280 3926 φησι,
2309 3854 2424 3923 τὴν
2449 3855 2608 3927 ἰδίαν
2636 3856 2859 3909 οὐσίαν
2890 3852 3155 3924 μερίζων.
3185 3853 3339 3918 Τίνος
3372 3854 3477 3927 γὰρ
3525 3856 3581 3906 ἐν
3618 3854 3705 3924 τῷ

2126 3948 2320 4017 γεννᾷν
2347 3948 2381 4016 ή
2416 3946 2521 4000 ίδία
2563 3946 2720 4000 οὐσία
2770 3946 3082 4017 μερίζεταις
3119 3943 3287 3998 Οὑσία
3315 3946 3422 4015 γὰρ
3459 3946 3550 3997 ἐπὶ
3597 3945 3705 4016 μὲν

2126 4037 2234 4091 τῶν
2285 4036 2620 4107 ἀνθρώπων,
2675 4037 2709 4107 ἠ
2746 4036 3057 4107 ἀνθρωπίνη
3104 4035 3283 4105 φύσις.
3327 4036 3447 4088 Ἐπὶ
3483 4034 3541 4087 δὲ
3584 4034 3703 4088 τῶν

2126 4128 2333 4196 ἀλόγων
2357 4166 2372 4190 ,
2404 4127 2637 4196 γενικῶς
2670 4127 2769 4197 μὲν
2800 4127 2834 4197 ή
2865 4126 3057 4196 ἄλογος
3078 4143 3089 4155 ·
3124 4126 3307 4191 ἰδικῶς
3356 4126 3411 4179 δὲ
3463 4125 3556 4177 ἐπὶ
3585 4124 3704 4177 τῶν

2128 4219 2264 4290 βοῶν
2292 4219 2384 4272 καὶ
2415 4220 2507 4272 ἐπὶ
2552 4218 2659 4272 τῶν
2687 4218 2973 4289 προϐάτων
2994 4260 3009 4283 ,
3066 4219 3160 4271 καὶ
3200 4218 3292 4271 ἐπὶ
3326 4216 3539 4270 πάντων
3583 4214 3703 4267 τῶν

2126 4306 2357 4372 ἀλόγων,
2392 4305 2533 4358 κατά
2564 4306 2663 4368 τὰς
2696 4306 2800 4358 τῶν
2835 4306 3138 4377 ἰδιωμάτων
3169 4304 3429 4373 διαφορὰς
3460 4304 3705 4373 θεωρουο

2130 4400 2286 4469 μένη.
2323 4398 2388 4449 Τί
2415 4397 2594 4451 τοίνυν
2631 4400 2695 4451 ἐκ
2723 4398 2927 4452 τούτων
2960 4398 3166 4470 μερίζει
3209 4398 3308 4467 τὴν
3337 4397 3471 4451 ίδίαν
3505 4398 3707 4451 οὐσίαν

2127 4488 2215 4541 διὰ
2242 4486 2334 4540 τοῦ
2367 4487 2558 4549 τόκους
2607 4487 2721 4540 υῦκ
2753 4487 2840 4539 ἀεὶ
2876 4486 3026 4556 μένει
3068 4486 3154 4539 διὰ
3183 4486 3284 4556 τῆς
3313 4486 3558 4555 διαδοχῆς
3583 4486 3706 4540 τῶν

2128 4574 2521 4645 ἐπιγινομένων
2553 4575 2636 4644 ἐφ’
2669 4575 2898 4629 ἑκάστου
2923 4574 3030 4628 τῶν
3059 4573 3211 4640 ζώων
3252 4575 3482 4645 ἀκεραία
3509 4577 3541 4644 ή
3588 4574 3704 4643 φύ-

2129 4683 2239 4731 σις;
2268 4661 2404 4719 Εἶτα
2427 4666 2708 4737 ἄνθρωπος
2737 4665 2836 4737 μὲν
2859 4665 2917 4730 ἐξ
2939 4665 3131 4719 ἐαυτοῦ
3162 4665 3358 4719 τίκτων
3387 4664 3705 4736 ἄνθρωπον,

2125 4758 2185 4811 οὑ
2215 4755 2424 4826 μερίζει
2456 4756 2554 4827 τὴν
2586 4754 2768 4825 φύσιν,
2796 4755 3037 4809 ἀλλὰκαὶ
3067 4756 3125 4809 ἐν
3148 4755 3225 4827 τῷ
3252 4756 3578 4828 γεννήσαντι
3602 4754 3711 4808 καὶ

2125 4850 2184 4901 ἐν
2231 4848 2310 4918 τῷ
2364 4846 2674 4919 γεννηθέντι
2708 4847 2801 4916 ὅλη
2838 4846 3013 4899 ἐστίν·
3045 4846 3146 4899 οὑκ
3197 4847 3261 4899 ἐκ
3308 4845 3496 4898 τούτου
3554 4846 3712 4915 πρὸς

2125 4942 2331 4993 ἐκεῖνον
2370 4936 2771 5008 ἀποσχιζομένη
2803 4940 2897 4991 καὶ⁵
2928 4936 3313 5008 μεθισταμένη,
3343 4936 3462 4989 οὐδὲ
3486 4936 3543 4987 ἐν
3572 4937 3715 4989 τού-

2127 5047 2204 5098 τῳ
2240 5028 2636 5099 κολοδουμένη,
2686 5029 2813 5081 ὅταν
2843 5030 2901 5082 ἐν
2951 5028 3143 5099 ἐκείνῳ
3191 5027 3374 5079 τελεία
3420 5026 3655 5094 γένηται
3685 5044 3701 5054 ·

2126 5124 2260 5178 ἀλλὰ
2289 5123 2383 5176 καὶ
2419 5123 2562 5175 πᾶσα
2595 5122 2651 5175 ἐν
2683 5121 2856 5191 τούτῳ
2898 5116 3030 5174 οὖσα
3058 5161 3073 5185 ,
3107 5120 3198 5175 καὶ
3230 5121 3379 5173 πᾶσα
3413 5121 3469 5171 ἐν
3498 5117 3715 5187 ἐκείνῳ

2122 5216 2504 5285 εὑρισκομένη.
2539 5215 2645 5266 Καὶ
2674 5214 2782 5285 γὰρ
2823 5214 2914 5267 καὶ
2949 5214 3076 5284 πρὶν
3110 5211 3370 5281 γεννῆσαι
3394 5210 3486 5263 τὸν
3515 5208 3575 5275 ἐξ
3603 5209 3717 5261 αὓ-

2121 5306 2214 5359 τοῦ
2241 5308 2270 5358 6
2300 5306 2581 5377 ἄνθρωπος
2607 5348 2621 5371 ,
2647 5304 2786 5370 ζῶον
2818 5303 2884 5376 ἦν
2917 5306 3132 5375 λογικὸν
3157 5344 3171 5369 ,
3204 5303 3398 5375 θνητὸν
3424 5345 3437 5367 ,
3470 5302 3565 5356 νοῦ
3602 5302 3714 5355 κατ.

2124 5398 2433 5467 ἐπιστήμης
2469 5397 2729 5451 δεκτικόν.
2764 5398 2871 5450 Καὶ
2892 5397 3019 5450 ὅταν
3048 5398 3303 5466 ἐγέννησε
3329 5394 3419 5447 τὸν
3448 5391 3715 5445 τοιοῦτον

2122 5488 2425 5558 ἄνθρωπον,
2455 5487 2594 5541 ὥστε
2622 5491 2678 5541 ἐν
2718 5488 3205 5558 ἐκείνῳδειχθῆναι
3250 5486 3424 5539 πάντα
3452 5485 3522 5537 τὰ
3552 5481 3718 5536 ἰδιώ-

2126 5594 2270 5647 ματα
2292 5579 2389 5649 τῆς
2428 5578 2642 5646 φύσεως
2664 5595 2676 5608 ο
2718 5580 2792 5644 ὡς
2818 5581 2915 5631 οὐκ
2952 5578 3198 5631 ἀπώλεσε
3227 5576 3301 5629 se
3317 5572 3454 5631 εἶναι
3483 5574 3716 5644 ἀνθρω-

1645 5752 1664 5781 ²
1729 5750 1911 5806 Matth.
1941 5766 1980 5816 ι,
2050 5753 2151 5819 £8;
2202 5750 2330 5807 Luc.
2379 5770 2419 5807 ι.
2474 5755 2564 5809 Q7.
