4032 6208
350 388 458 447 693

1494 385 1768 444 CONTRA
1802 381 2191 449 EUNOMIUM,
2231 382 2359 440 ιω.
2398 383 2463 439 ll.

3502 382 3605 442 496

351 524 451 571 τως
478 504 539 569 ἐξ
583 503 780 557 ἑαυτοῦ
826 503 1090 574 γεννήσας
1136 501 1228 557 τὸν
1260 500 1547 575 ἄνθρωπον
1571 517 1586 531 ·
1636 501 1753 558 ἀλλ’
1796 501 1826 554 ὃ
1855 492 1917 562 ἦν

2029 502 2122 555 illo
2146 502 2593 557 demonstrentur
2615 518 2631 566 ;
2663 515 2840 567 neque
2860 498 3025 555 homo
3043 498 3139 569 qui
3160 514 3227 555 ex
3249 512 3310 556 se
3328 498 3604 557 hominem

350 598 459 671 πρὸ
484 596 699 657 τούτου,
730 596 824 649 καὶ
860 596 997 667 μετὰ
1020 594 1178 648 τοῦτο
1202 594 1469 666 διέμεινεν
1492 633 1508 656 ,
1533 594 1684 647 οὐδὲν
1707 594 1794 647 διὰ
1831 592 1925 646 τοῦ

344 684 600 754 γενέσθαι
646 685 738 738 τὸν
770 685 830 752 ἐξ
863 684 1031 738 αὐτοῦ
1060 684 1345 755 ἄνθρωπον
1380 682 1482 752 τῆς
1530 683 1588 750 ἐξ
1632 683 1795 736 αὐτοῦ
1830 683 1931 752 φύε

346 794 488 842 aut;
533 776 864 840 ἔλαττώσας.
902 776 1011 828 Καὶ⁵
1063 775 1347 846 ἄνθρωπος
1397 775 1496 845 μὲν
1530 775 1588 842 ἐξ
1642 774 1927 846 ἀνθρώπου

341 870 628 937 γεννᾶται,
658 868 753 922 καὶ
777 869 813 937 ἡ
841 864 933 919 τοῦ
962 865 1258 934 γεννῶντος
1284 866 1345 918 οὐ
1377 865 1656 936 μερίζεται
1692 865 1871 934 φύσις.

413 1072 524 1125 Τὸν
548 1073 607 1126 δὲ
647 1071 909 1143 μονογενῆ
936 1069 1068 1124 Θεὸν
1099 1068 1191 1123 τὸν
1211 1069 1342 1123 ὅντα
1362 1071 1421 1122 ὲν
1448 1071 1559 1131 τοῖς
1589 1069 1808 1132 κόλποις
1831 1068 1926 1121 τοῦ

342 1164 563 1236 lia-.96;
606 1165 667 1217 οὐ
722 1164 937 1232 δέχεται
966 1163 996 1215 ό
1032 1158 1298 1233 Εὑνόμιος
1334 1159 1549 1231 ἀληθῶς
1586 1162 1651 1214 ὲκ
1680 1160 1775 1213 τοῦ
1811 1161 1926 1213 Πα-

340 1256 471 1330 τρὸς
504 1252 681 1310 εἶναι·
713 1251 963 1316 δεδοικὼς
1009 1252 1084 1325 μὴ
1114 1252 1505 1322 ἀκρωτηριάση
1530 1250 1626 1323 τὴν
1652 1251 1925 1321 ἀκήρατον

341 1350 436 1404 τοῦ
464 1349 684 1421 Πατρὸς
714 1344 875 1417 φύσιν
906 1344 994 1399 διὰ
1028 1347 1127 1416 τῆς
1174 1342 1268 1397 τοῦ
1315 1341 1651 1411 Μονογενοῦς
1691 1341 1926 1396 ὑποστά-

342 1459 503 1505 σεως.
553 1440 693 1494 Ἀλλ’
735 1439 904 1491 εἰπὼν
936 1439 1017 1491 ὅτι
1065 1438 1138 1491 οὐ
1168 1435 1284 1504 τὴν
1312 1435 1531 1489 οὐσίαν
1561 1434 1632 1489 ἐν
1672 1432 1753 1501 τῷ
1795 1451 1925 1504 τεν-

341 1534 460 1604 νᾷν
494 1532 746 1605 μερίζων
769 1573 783 1591 .
825 1530 1195 1602 προσέθηκεν·
1242 1526 1280 1597 ἢ
1334 1525 1524 1580 αὐτὸν
1563 1522 1792 1595 γεννῶν
1823 1524 1922 1578 καὶ

341 1627 717 1699 γεννώμενος
738 1666 750 1681 .
781 1622 818 1691 ἢ
847 1620 1030 1687 αὐτὸς
1065 1620 1265 1687 Πατὴρ
1289 1619 1599 1688 γενόμενος
1623 1618 1719 1671 καί
1756 1617 1921 1682 Υἱός·

343 1718 437 1772 καὶ
467 1718 645 1771 οἴεται
675 1715 761 1767 διὰ
801 1712 910 1766 τῶν
956 1712 1342 1781 ἀσυναρτήτων
1377 1709 1636 1781 ῥημάτων
1662 1747 1677 1772 ,
1723 1709 1920 1779 σαθρο-

2027 595 2233 665 genuit,
2266 593 2321 648 id
2342 594 2487 664 quod
2516 594 2634 662 ipse
2664 599 2747 648 est
2769 594 2975 655 amisit,
3025 593 3118 649 sed
3137 593 3283 664 quod
3309 602 3428 649 erat
3453 604 3600 657 ante,

2027 695 2081 740 et
2110 694 2232 755 post
2265 685 2602 756 permansit;
2644 699 2824 754 neque
2856 684 3159 755 quidquam
3214 696 3441 756 propter
3476 701 3601 741 eum

2027 793 2187 846 quem
2208 792 2281 832 ex
2307 777 2488 847 seipso
2510 776 2701 848 genuit
2729 775 3032 839 hominem,
3065 778 3133 831 de
3156 792 3256 831 sua
3289 785 3486 833 natura
3512 778 3600 832 di-

2030 869 2245 923 minuit.
2273 868 2449 923 Homo
2476 869 2692 939 quidem
2724 884 2791 925 ex
2828 868 3052 923 homine
3081 878 3393 939 generatur,
3424 886 3602 941 neque

2026 961 2145 1029 ejus
2175 962 2268 1030 qui
2298 970 2523 1031 generat
2551 962 2605 1016 in
2650 969 2833 1032 partes
2862 959 3188 1016 diffunditur
3214 969 3432 1016 natura.

2094 1075 2313 1130 Atvero
2345 1074 2643 1130 Eunomius
2683 1075 3021 1145 unigenitum
3070 1073 3260 1140 Deum,
3301 1075 3395 1146 qui
3440 1077 3599 1132 estin

2025 1164 2203 1221 Patris
2227 1167 2440 1222 sinibus
2460 1183 2568 1222 non
2608 1168 2847 1223 admittit
2886 1183 3014 1223 vere
3037 1183 3102 1222 ev
3130 1166 3290 1224 Patre
3317 1183 3440 1224 esse
3465 1189 3478 1224 :
3505 1186 3600 1225 vc-

2027 1257 2164 1311 ritns
2211 1273 2278 1313 ne
2321 1258 2587 1328 integram
2621 1256 2800 1314 Patris
2834 1266 2889 1314 et
2933 1259 3305 1329 incorruptam
3346 1270 3599 1315 naturam

2025 1346 2238 1400 mutilet
2268 1354 2323 1401 et
2363 1349 2654 1402 obtruncet
2710 1362 2804 1417 per
2834 1345 3109 1418 Unigeniti
3155 1347 3594 1407 subsistentiam.

2025 1434 2132 1491 Sed
2167 1452 2291 1492 cum
2319 1438 2570 1503 dixisset,
2612 1457 2714 1494 non
2752 1441 3032 1495 essentiam
3066 1440 3119 1493 in
3140 1439 3435 1510 generando
3472 1458 3599 1511 par-

2025 1529 2175 1594 tiens,
2206 1528 2428 1599 adjecit,
2455 1531 2535 1585 vel
2565 1530 2701 1585 idem
2725 1532 2814 1601 qui
2836 1540 3049 1600 generat
3078 1541 3128 1585 et
3172 1532 3263 1601 qui
3289 1542 3598 1603 generatur,

2023 1620 2101 1674 vel
2130 1620 2265 1674 idem
2292 1621 2455 1675 Pater
2484 1624 2574 1693 qui
2592 1623 2825 1693 gignitur
2844 1632 2895 1676 et
2916 1621 3111 1678 Filius.
3144 1625 3322 1693 Atque
3365 1639 3461 1695 per
3483 1624 3599 1680 [nec

2023 1714 2206 1782 inepta
2258 1730 2434 1784 neque
2489 1715 2818 1770 cohaerentia
2869 1717 3056 1780 verba,
3104 1725 3259 1787 putat
3304 1732 3364 1772 se
3411 1732 3595 1772 veram

339 1810 518 1862 ποιεῖν
552 1806 646 1858 τὸν
674 1802 850 1873 ἀληθῆ
888 1801 988 1873 τῆς
1021 1799 1300 1864 εὐσεϐείας
1326 1799 1480 1868 λόγον
1497 1813 1510 1828 ⁸
1540 1799 1575 1870 ἢ
1599 1799 1773 1894 ’ἰσχύν
1799 1817 1917 1853 τινα

2025 1805 2243 1874 pietatis
2281 1806 2585 1861 doctrinam
2633 1805 2976 1877 putrefacere
3020 1814 3076 1863 et
3103 1823 3477 1878 corrumpere,
3512 1808 3598 1864 vel

339 1899 592 1971 πορίζειν
630 1898 698 1967 τῇ
738 1892 961 1965 ἀσεϐείᾳ
988 1908 1001 1923 °
1035 1893 1134 1946 οὐκ
1159 1889 1313 1954 εἰδὼς
1351 1892 1436 1945 ὅτι
1479 1888 1547 1944 δι’
1591 1882 1666 1943 ὧν
1718 1893 1918 1945 ἐπινοεῖ

339 1988 775 2052 κατασκευάζειν
821 1985 883 2040 τὸ
930 1986 1132 2041 ἄτοπον
1156 2024 1171 2048 ,
1202 1983 1288 2037 διὰ
1319 1982 1523 2037 τούτων
1559 1984 1784 2054 συνετὴς
1818 1983 1919 2053 τῆς

337 2082 600 2152 ἀληθείας
649 2078 979 2148 εὑρίσκεται.
1027 2077 1212 2146 Φαμὲν
1244 2075 1352 2147 γὰρ
1403 2077 1495 2129 καὶ
1529 2075 1726 2146 ἡμεῖς,
1778 2074 1859 2128 ὅτι
1889 2076 1918 2128 6

339 2176 520 2229 πάντα
551 2171 621 2225 τὰ
653 2169 746 2223 τοῦ
784 2167 914 2222 ἰδίου
955 2167 1167 2240 Πατρδς
1198 2166 1370 2238 ἔχων,
1400 2166 1518 2221 ὅλον
1548 2166 1725 2221 ἐκεῖνό
1759 2168 1873 2220 ἐστι
1900 2206 1916 2233 ,

340 2266 481 2335 πλὴν
532 2260 630 2316 τοῦ
683 2261 871 2332 Πατὴρ
900 2255 1059 2315 εἶναι.
1099 2258 1206 2313 Καὶ
1243 2262 1272 2312 6
1318 2259 1494 2313 πάντα
1522 2258 1597 2311 τὰ
1642 2258 1735 2311 τοῦ
1785 2256 1916 2311 Υἱοῦ

338 2359 499 2430 ἔχων,
526 2355 650 2410 ὅλον
671 2354 763 2407 τὸν
786 2353 914 2407 Υἱὸν
936 2354 994 2405 ὲν
1020 2350 1197 2422 ἑαυτῷ
1223 2350 1485 2415 δείκνυσι,
1514 2350 1652 2421 πλὴν
1677 2350 1771 2404 τοῦ
1798 2349 1918 2412 Υἱὸς

337 2447 619 2519 γενέσθαι.
645 2446 808 2499 Ὥστε
839 2446 872 2514 ἡ
906 2443 1000 2497 τοῦ
1034 2443 1235 2498 ἀτόπου
1270 2443 1616 2515 κατασκευὴ,
1650 2442 1717 2514 ἣν
1751 2459 1918 2496 κατα-

340 2540 597 2606 σκευάζει
640 2537 736 2592 νῦν
769 2540 797 2592 6
838 2537 1138 2607 Εὐνόμιος,
1178 2535 1468 2607 συμμαχία
1514 2535 1612 2605 τῆς
1661 2534 1918 2603 ἀληθείας

338 2632 574 2702 γίνεται,
599 2629 735 2702 πρὸς
761 2629 823 2683 τὸ
852 2627 1183 2699 σαφέστερον
1210 2626 1589 2691 διασταλέντος
1611 2628 1740 2698 παρ’
1759 2625 1917 2698 ἡμῶν

338 2722 433 2778 τοῦ
460 2722 733 2792 νοήματος
753 2760 765 2781 .
795 2719 937 2773 κατὰ
962 2719 1059 2790 τὴν
1085 2717 1179 2772 τοῦ
1212 2719 1563 2788 εὐαγγελικοῦ
1594 2719 1753 2788 λόγου
1784 2721 1918 2792 ὑφή·

334 2831 522 2886 γηοιν.
544 2813 611 2867 Εἰ
636 2812 746 2883 γὰρ
775 2812 803 2862 6
836 2810 1097 2882 ἑωρακὼς
1127 2810 1218 2863 τὸν
1246 2810 1375 2865 Υίὸν
1418 2801 1519 2882 ὁρᾷ
1543 2810 1633 2865 τὸν
1664 2810 1912 2881 Πατέραο

335 2905 501 2962 ἀλλον
549 2904 742 2958 ἑαυτὸν
775 2903 1061 2972 ἐγέννησεν
1094 2903 1122 2954 6
1160 2902 1379 2975 Πατὴρ,
1414 2902 1536 2957 οὔτε
1581 2904 1773 2958 ἑαυτοῦ
1808 2888 1917 2969 ἔξι-

337 2998 609 3069 στάμινος
631 3035 648 3057 ,
678 2996 773 3049 καὶ
820 2995 877 3045 ἐν
923 2992 1116 3063 ἐκείνῳ
1161 2993 1281 3057 ὅλος
1328 2993 1667 3064 φαινόμενος.
1711 2995 1799 3058 Ὠς
1828 2993 1917 3048 διὰ

330 3088 548 3142 τούτων
574 3088 635 3141 τὺ
664 3086 853 3139 δοκοῦν
887 3085 1027 3140 κατὰ
1048 3086 1146 3156 τῆς
1179 3085 1457 3149 εὐσεϐείας
1480 3087 1748 3157 εἰρῆσθαι,
1777 3103 1915 3156 συμ-

334 3180 547 3251 μαχξαν
568 3177 952 3248 ἀποδειχθῆναι
983 3176 1078 3230 τοῦ
1100 3177 1433 3245 ὑγιαίνοντος
1461 3177 1750 3247 δόγματος.

423 3377 578 3432 Ἀλλ’
624 3376 762 3430 οὔτε
812 3375 928 3445 τὴν
981 3375 1138 3429 ἰδίαν
1213 3377 1678 3448 οὐσίαν,φησ“ιν,
1723 3379 1791 3431 ἐν
1836 3377 1914 3444 τῷ

332 3468 567 3543 γεννᾶν
586 3469 856 3540 μερίζων,
882 3469 980 3523 καί
1009 3470 1190 3537 αὐτὸς
1221 3470 1451 3541 γεννῶν
1489 3471 1589 3524 καὶ
1625 3471 1913 3540 γεννὼμε-
1952 3465 1956 3473 ’

330 3579 480 3627 νος,
521 3560 562 3629 ἦ
598 3561 782 3625 αὐτὸς
807 3558 1012 3628 Πατὴρ
1038 3562 1349 3629 γινόμενος
1392 3560 1491 3615 καί
1541 3562 1695 3626 Υἱός.
1740 3560 1914 3616 Ἔστι

332 3654 455 3723 γὰρ
491 3651 808 3722 ἄφθαρτος.
847 3653 914 3705 Ὠ
942 3655 1041 3723 τῆς
1082 3653 1327 3723 ἀνάγκης
1369 3652 1462 3706 τοῦ
1510 3654 1911 3725 συμπεράσμα-

331 3761 467 3808 τος
503 3745 759 3812 τίλέγεις
782 3784 797 3807 ,
851 3738 897 3798 ὧ
927 3744 1243 3813 σοφώτατε;
1285 3743 1429 3797 Διότι
1463 3744 1735 3816 ἄφθαρτός
1768 3748 1915 3799 ἐστιν

331 3837 403 3890 οὗ
448 3835 657 3906 μερίζει
691 3836 789 3906 τὴν
835 3835 969 3890 ἰδίαν
1006 3836 1192 3889 οὐσίαν
1227 3836 1430 3903 γεννῶν
1473 3835 1563 3889 τὸν
1595 3836 1721 3889 Υἱόν
1742 3853 1756 3868 °
1791 3837 1914 3890 οὐδὲ

334 3928 536 3982 ἑαυτὸν
566 3929 749 3999 γεννᾷ,
776 3929 870 3981 καὶ
893 3929 1020 3999 παρ’
1052 3928 1244 3982 ἑαυτοῦ
1276 3930 1551 3996 γεννᾶται.
1574 3928 1698 3983 οὔτε
1725 3929 1915 4001 Πατὴρ

330 4019 464 4089 ἅμα
488 4018 694 4085 γίνεται
716 4017 908 4071 ἑαυτοῦ
942 4020 1037 4073 καὶ
1075 4018 1203 4082 Υίός
1232 4033 1245 4047 ⁶
1278 4018 1464 4090 ἐπειδὴ
1504 4021 1651 4074 ἐστιν
1703 4020 1913 4091 ἄφθαρο

325 4125 456 4172 τος.
483 4107 690 4161 υὺκοῦν
718 4107 772 4161 εί
790 4108 870 4170 τίς
896 4110 1009 4162 ἐστι
1034 4108 1280 4181 φθαρτῆς
1316 4109 1531 4178 φύσεως
1553 4149 1566 4174 ,
1594 4112 1782 4180 τέμνει
1810 4110 1910 4181 τὴν

324 4199 531 4253 οὐσίαν
557 4198 614 4250 ὲν
647 4198 725 4270 τῷ
753 4201 946 4271 γεννᾷν
969 4215 982 4229 ·
1025 4201 1119 4255 καὶ
1152 4200 1241 4268 ὑφ’
1274 4200 1466 4254 ἑαυτοῦ
1495 4204 1787 4268 γεννᾶται,
1822 4203 1915 4254 καὶ

322 4287 534 4343 ἑαυτὸν
560 4289 751 4359 γεννᾷ,
793 4290 885 4342 καὶ
915 4290 1097 4360 πατὴρ
1127 4291 1220 4343 καὶ
1250 4291 1365 4355 υίὸς
1405 4290 1566 4354 αὐτὸς
1606 4291 1801 4344 ἑαυτοῦ
1831 4292 1916 4361 γί-

322 4397 493 4435 νεται
521 4396 535 4409 ⁸
579 4381 715 4435 διότι
742 4381 1014 4452 ἄφθαρτος
1041 4382 1140 4435 οὐκ
1164 4382 1331 4435 ἐστιν.
1356 4381 1419 4436 Ei
1460 4383 1517 4436 δὲ
1547 4383 1719 4437 ταῦτα
1744 4384 1914 4449 οὕτως

2022 1899 2287 1968 itnpietali
2317 1899 2462 1955 vires
2506 1900 2717 1968 aliquas
2761 1899 3036 1963 sufﬁcere,
3073 1901 3291 1956 nescius
3326 1900 3471 1970 quod
3500 1917 3599 1972 per

2018 2005 2080 2044 ea
2124 1992 2326 2060 quibus
2374 1992 2671 2047 absurdum
2715 2001 3038 2048 construere
3081 1993 3303 2063 cegitat,
3349 1994 3596 2050 veritatis

2021 2087 2281 2148 patronus
2327 2096 2392 2135 ac
2441 2080 2698 2137 defensor
2740 2082 3189 2152 deprehenditur.
3228 2080 3363 2138 Nam
3393 2091 3449 2138 et
3492 2099 3595 2139 nos

2018 2170 2252 2226 dicimus
2293 2171 2439 2242 quod
2484 2174 2577 2243 qui
2628 2172 2813 2227 omnia
2851 2173 2935 2229 sui
2971 2172 3149 2228 Patris
3190 2174 3374 2237 habet,
3420 2182 3595 2230 totum

2020 2264 2150 2319 illud
2181 2273 2286 2329 est,
2311 2280 2377 2321 eo
2399 2266 2616 2336 dempto
2638 2266 2785 2337 quod
2823 2268 2895 2322 sit
2939 2264 3120 2323 Pater.
3156 2263 3221 2320 Et
3262 2266 3355 2337 qui
3408 2267 3593 2322 omnia

2018 2372 2138 2426 qua:
2176 2365 2305 2411 sunt
2334 2355 2453 2412 Filii
2501 2357 2684 2421 habet,
2711 2365 2885 2413 totum
2922 2356 3116 2412 Filium
3164 2357 3219 2413 in
3262 2357 3444 2428 seipse
3496 2357 3595 2414 de-

2020 2456 2305 2513 monstrat,
2334 2456 2696 2518 praeterquam
2724 2447 2872 2519 quod
2899 2446 3181 2504 sitFilius.
3214 2447 3397 2515 Quare
3427 2448 3592 2518 hujus

2017 2538 2238 2593 absurdi
2274 2540 2613 2595 constructio
2645 2555 2809 2609 quam
2840 2556 2987 2595 nunc
3016 2540 3240 2595 molitur
3270 2539 3593 2605 Eunomius,

2017 2628 2264 2684 veritatis
2292 2628 2538 2685 defensio
2582 2629 2877 2694 invenitur,
2909 2642 3033 2683 cum
3069 2637 3247 2683 tamen
3291 2636 3478 2683 nostra
3521 2630 3594 2683 sit

2016 2721 2220 2776 clarior
2284 2729 2340 2777 et
2403 2721 2750 2778 manifestior
2822 2720 3222 2790 intelligentia,
3287 2718 3591 2775 secundum

2016 2813 2165 2869 verbi
2216 2814 2518 2884 evangelici
2569 2812 2977 2869 deductionem.
3027 2811 3083 2867 Si
3123 2812 3271 2867 enim
3319 2811 3412 2883 qui
3457 2810 3594 2865 vidit

2015 2902 2235 2970 Filium,
2270 2905 2415 2961 videt
2443 2904 2678 2971 Patrem,
2710 2905 2875 2961 alium
2914 2905 3155 2974 seipsnm
3190 2904 3375 2973 genuit
3408 2901 3591 2968 Pater,

2018 3014 2192 3069 neque
2237 3014 2302 3053 ex
2337 2998 2520 3068 seipse
2552 2998 2852 3068 emigrans,
2897 3003 2953 3051 et
2997 2997 3053 3051 in
3108 2996 3203 3050 illo
3239 3002 3387 3052 totus
3426 3004 3595 3065 appa—

2018 3103 2165 3142 rens.
2204 3086 2295 3142 Sic
2329 3103 2422 3158 per
2469 3087 2605 3152 haec,
2639 3085 2788 3157 quod
2829 3085 3120 3141 videbatur
3162 3092 3356 3139 contra
3394 3085 3596 3140 verita-

1938 3171 1981 3229 C
2014 3186 2121 3232 tem
2180 3191 2302 3233 esse
2362 3178 2592 3240 dictum,
2641 3178 2760 3233 sani
2806 3176 3120 3232 documenti
3163 3175 3426 3230 auxilium
3472 3190 3596 3231 esse

2015 3268 2448 3323 demonstratur.

2086 3378 2209 3443 Sed,
2237 3380 2431 3451 inquit,
2466 3397 2569 3436 non
2592 3382 2861 3451 propriam
2903 3380 3184 3436 essentiam
3216 3380 3272 3434 in
3297 3379 3593 3451 generando

2014 3471 2270 3538 partiens,
2301 3484 2350 3525 et
2390 3469 2527 3525 idem
2567 3472 2655 3541 qui
2699 3481 2913 3541 generat
2953 3480 3002 3525 et
3052 3471 3140 3541 qui
3177 3483 3477 3543 generatur,
3517 3471 3592 3526 vel

2015 3561 2151 3615 idem
2192 3561 2353 3616 Pater
2389 3565 2478 3633 qui
2510 3564 2742 3634 gignitur
2763 3573 2813 3619 et
2843 3560 3023 3619 Filius
3062 3578 3081 3616 :
3122 3573 3199 3618 est
3236 3567 3373 3618 enim
3421 3565 3597 3620 incor-

2016 3654 2300 3721 ruptibilis.
2349 3651 2393 3708 Ο
2426 3655 2809 3711 necessitatem
2844 3655 3256 3710 conclusionis!
3308 3656 3449 3722 Quid
3490 3657 3594 3719 ais.

2016 3746 2453 3815 sapientissime?
2493 3748 2622 3817 quia
2664 3747 3108 3816 ineorruptihilis
3147 3754 3255 3809 est,
3298 3762 3452 3802 suam
3483 3764 3595 3804 non

2015 3836 2335 3906 dispertitur
2389 3838 2685 3893 essentiam
2748 3836 3061 3908 generando
3110 3834 3353 3891 Filium:
3419 3853 3597 3909 neque

2017 3927 2252 3996 seipsum
2288 3934 2527 3997 generat,
2552 3935 2608 3981 et
2640 3943 2669 3981 a
2697 3928 2880 3996 seipso
2900 3934 3216 3997 generatur,
3240 3942 3415 3996 neque
3434 3928 3596 3982 Pater

2017 4019 2177 4073 simul
2209 4020 2448 4090 gignitur
2482 4020 2564 4075 sui
2602 4020 2775 4090 ipsius
2796 4020 2959 4073 etiam
2981 4016 3188 4073 Filius:
3229 4019 3486 4088 quoniam
3511 4028 3597 4076 cst

2016 4111 2466 4180 incorruptibilis.
2504 4109 2559 4165 Si
2591 4113 2717 4181 quis
2747 4110 2915 4179 igitur
2961 4117 3046 4164 est
3088 4118 3296 4164 natura:
3325 4113 3598 4181 corruptio

2020 4202 2164 4262 bilis,
2201 4217 2356 4256 suam
2396 4202 2690 4257 essentiam
2732 4199 3046 4269 generando
3089 4198 3399 4255 discindit:
3441 4209 3497 4256 et
3529 4216 3596 4255 ex

2018 4290 2201 4357 seipse
2234 4298 2546 4360 generatur,
2579 4296 2632 4344 et
2663 4288 2903 4358 seipsum
2943 4296 3169 4359 generat
3203 4307 3217 4343 :
3248 4296 3302 4345 et
3349 4297 3503 4359 pater
3542 4298 3597 4344 ct

2020 4380 2160 4435 filius
2181 4382 2294 4451 ipsc
2320 4381 2401 4435 sui
2427 4381 2598 4451 ipsius
2625 4379 2882 4444 efﬁcitur,
2918 4381 3046 4451 quia
3074 4397 3181 4437 non
3227 4390 3312 4437 est
3345 4380 3598 4435 incorru-

320 4473 478 4542 εχει,
506 4470 607 4525 οὐκ
627 4472 880 4542 ἐγέννησε
910 4473 995 4526 διὰ
1043 4473 1102 4526 τὸ
1146 4473 1384 4544 φθαρτὸς
1426 4470 1565 4527 εἶναι
1593 4477 1621 4528 6
1665 4474 1916 4545 ’Δϐραὰμ

2024 4471 2249 4541 ptibilis.
2291 4470 2443 4539 Quod
2477 4472 2523 4527 si
2552 4471 2668 4527 haec
2695 4473 2770 4526 ita
2802 4481 2951 4535 sunt,
2976 4472 3251 4528 Abraham
3276 4487 3383 4526 non
3408 4472 3597 4543 genuit

322 4561 436 4613 τὸν
479 4559 706 4631 Ἰσμαήλ
738 4577 795 4613 τε
838 4562 932 4614 καὶ¹
976 4562 1158 4615 Ἰσαὰκ
1184 4600 1199 4619 .
1233 4563 1350 4616 ἀλλ’
1392 4564 1581 4617 ἑαυτὸν
1608 4564 1694 4618 διά
1724 4582 1782 4618 τε
1816 4565 1917 4635 τῆς

326 4651 637 4721 παιδίσκης
673 4653 763 4704 καὶ
795 4652 1027 4723 νομίμου
1056 4654 1304 4724 γαμετῆς
1330 4654 1741 4727 summe:an
1774 4660 1916 4712 κατά

316 4745 437 4813 τὴν
469 4741 668 4811 ἑτέραν
697 4744 978 4815 τερθρείαν
1018 4744 1112 4797 τοῦ
1153 4745 1344 4814 λόγου,
1386 4748 1638 4818 ἐμέρισεν
1675 4750 1755 4812 εἰς
1791 4749 1918 4812 τοὺς

316 4834 698 4905 γεννηθέντας
753 4835 944 4889 ἑαυτοῦ
997 4838 1095 4908 τὴν
1153 4838 1357 4892 οὐσίαν.
1401 4839 1510 4892 Καὶ
1549 4839 1765 4910 πρῶτον
1816 4841 1916 4912 μὲν

314 4926 431 4978 ἐπὶ
455 4924 554 4977 τοῦ
585 4925 671 4978 διὰ
700 4927 798 4997 τῆς
832 4928 1011 4998 Ἀγαρ
1031 4927 1188 4982 τόκου
1213 4968 1228 4992 ,
1260 4931 1341 4991 είς
1371 4928 1464 4983 δύο
1487 4931 1751 5001 τμήματα
1780 4931 1916 4986 διαι-

312 5018 523 5091 ρεϐεὶς
550 5057 566 5078 .
599 5020 656 5072 ὲν
685 5018 762 5089 τῷ
805 5020 886 5073 ἑνὶ
911 5019 1020 5073 τῶν
1066 5020 1351 5090 ἠμιτόμων
1394 5021 1603 5090 γίνεται
1641 5024 1864 5096 Ἰσμαήλ
1900 5042 1913 5057 ·

311 5111 429 5162 καὶ
480 5110 543 5160 ὲν
591 5109 671 5179 τῷ
717 5110 887 5182 ἑτέρῳ
922 5111 1165 5182 διαμένει
1193 5112 1393 5183 ἥμισυς
1434 5113 1704 5185 Ἀϐραάμ.
1756 5117 1912 5171 Μετὰ

307 5200 518 5255 ταῦτα
542 5200 598 5254 δὲ
625 5201 686 5254 τὸ
715 5189 1032 5274 λειπόμενον
1057 5204 1156 5270 τῆς
1183 5203 1277 5257 τοῦ
1318 5205 1567 5277 Ἀϐραὰμ
1593 5206 1800 5272 οὐσίας,
1833 5210 1914 5272 είς

308 5293 425 5346 τὸν
483 5290 702 5344 διπλοῦν
752 5293 910 5347 τόκον
956 5293 1051 5349 τοῦ
1095 5295 1293 5349 Ἰσαὰκ.
1317 5296 1581 5369 ἐμερίσθη
1604 5314 1619 5329 ⁸
1674 5297 1813 5353 ὥστε
1855 5301 1917 5355 τὸ

308 5383 532 5452 ὃγδοον
557 5383 639 5445 ,ἐν
669 5384 908 5457 ἑκατέρῳ
956 5385 1067 5439 τῶν
1101 5387 1338 5455 ἐγγόνων
1389 5390 1661 5457 γενέσθαι.
1699 5392 1820 5456 Πῶς
1850 5395 1915 5448 ἄν

304 5492 410 5538 τις
474 5475 534 5526 ὲν
583 5476 693 5537 τοῖς
737 5475 941 5531 δώδεκα
991 5479 1357 5549 πατριάρχαις
1404 5483 1785 5553 κερματίσειεν
1834 5486 1916 5548 εἰς

310 5563 496 5635 μέρη
524 5561 886 5617 διαλεπτύνων
929 5566 990 5619 τὺ
1020 5566 1205 5634 ὃγδοον
1228 5584 1243 5599 ·
1279 5568 1312 5640 ἦ
1365 5569 1424 5622 ὲν
1471 5574 1588 5634 ταῖς
1636 5573 1796 5626 πέντε
1823 5574 1917 5628 καὶ⁵

306 5649 719 5722 εὗδομήκοντα
756 5652 953 5724 ψυχαῖς
999 5657 1056 5709 ὲν
1085 5651 1173 5720 αῖς
1219 5659 1248 5710 6
1292 5659 1484 5713 Ἰακὼϐ
1530 5662 1792 5735 κατῆλθεν
1837 5666 1917 5727 τίς

2023 4563 2302 4619 lsmaelem
2331 4571 2384 4618 et
2414 4562 2680 4627 lsaacum,
2729 4564 2855 4634 quia
2886 4563 3256 4633 corruptibilis
3292 4572 3447 4629 erat;
3499 4563 3595 4617 sed

2024 4656 2265 4726 seipsum
2296 4670 2392 4725 per
2419 4655 2674 4710 ancillam
2721 4662 2776 4708 et
2817 4654 3111 4724 legitimam
3143 4654 3427 4723 coniugem
3470 4668 3596 4715 pro-

2023 4748 2248 4811 creavit,
2289 4748 2371 4802 vel
2408 4748 2512 4802 alia
2537 4748 2770 4818 quadam
2801 4754 3114 4817 portentosa
3162 4745 3380 4799 ratione
3425 4742 3473 4798 in
3503 4758 3594 4813 ge-

2022 4839 2166 4893 nitos
2210 4853 2365 4893 suam
2397 4838 2689 4894 essentiam
2738 4834 3022 4907 partiendo
3059 4832 3293 4889 diiIudit.
3355 4830 3593 4888 Primum

2020 4928 2239 5000 quidem
2276 4930 2329 4984 in
2385 4936 2541 4999 partu
2587 4944 2684 4999 per
2736 4928 2991 4983 ancillam
3031 4927 3196 4998 Agar,
3239 4927 3292 4980 in
3347 4924 3456 4981 duo
3510 4937 3596 4977 se-

2017 5031 2233 5094 gmenta
2285 5022 2534 5086 divisus,
2603 5021 2657 5075 in
2716 5036 2827 5074 uno
2882 5021 3293 5075 semisectorum
3360 5014 3596 5087 gignitur

2018 5113 2242 5168 lsmael:
2305 5113 2361 5167 in
2409 5114 2582 5167 altero
2637 5111 2899 5166 dimidius
2959 5118 3239 5181 permanet
3296 5106 3591 5163 Abraham.

2017 5204 2212 5261 Postea
2259 5220 2388 5260 vero
2428 5206 2700 5275 reliquum
2757 5202 3010 5258 essentia.-
3066 5200 3336 5255 Abraham
3394 5199 3447 5253 in
3489 5198 3594 5252 dn-

2020 5297 2214 5367 plicem
2263 5306 2478 5366 partum
2536 5296 2714 5365 ipsius
2762 5293 2915 5348 Isaac
2958 5291 3304 5361 dispertitum
3348 5288 3470 5357 fuit,
3520 5289 3593 5347 ita

2023 5396 2083 5442 ut
2110 5387 2163 5442 in
2203 5394 2435 5456 utroque
2482 5393 2770 5457 gnatorum
2806 5397 2933 5453 pars
2967 5388 3158 5437 octava
3212 5378 3397 5435 fuerit.
3448 5379 3594 5446 Quo-

2024 5478 2184 5532 modo
2213 5477 2335 5547 quis
2371 5478 2422 5529 in
2458 5475 2741 5531 duodecim
2781 5474 3121 5544 patriarchas
3152 5472 3501 5535 dissecuerit,
3538 5473 3591 5524 in

2023 5568 2319 5640 particulas
2364 5578 2611 5623 octavam
2665 5571 2875 5635 partem
2928 5563 3335 5628 comminuens,
3389 5563 3476 5618 vel
3535 5563 3590 5614 in

2023 5662 2265 5732 quinque
2293 5666 2346 5716 et
2377 5659 2719 5729 septuaginta
2749 5655 2982 5721 animas,
3017 5669 3142 5710 cum
3180 5654 3381 5724 quibus
3420 5649 3590 5707 Iacob
