4032 6208
418 238 494 296 ίθτ
1520 249 1804 305 CONTRA
1841 243 2240 312 EUNOMIUM,
2278 246 2405 300 LIB.
2450 246 2515 300 ll.

3568 253 3671 307 ἇβὲ

419 352 581 420 Αὐτὸς
631 350 763 409 εἶπε
804 356 901 410 καὶ
945 357 1359 428 ἐγενήθησαν,
1405 364 1588 428 αὐτὸς
1629 365 1963 418 ἐνετείλατο

2080 375 2097 413 ι
2128 360 2327 430 pietate
2362 375 2469 414 non
2520 360 2888 425 excludimus,
2919 362 3012 431 qui
3043 360 3338 420 didicimus
3368 368 3513 434 quod
3556 366 3672 427 ἔνιοι

420 445 495 501 καί
514 446 901 514 ἐκτίσθησαν,
931 449 1153 522 οἴδαμεν
1179 454 1260 506 ὅτι
1290 457 1518 526 ποιητής
1563 458 1680 509 ἐστι
1710 457 1809 525 τῆς
1835 454 1966 524 ὕλης

417 538 438 588 ὁ
461 535 632 604 Λόγος,
655 538 818 603 εὐθὺς
855 544 1399 615 συναπεργαζόμενος
1424 547 1561 617 μετὰ
1582 547 1679 617 τῆς
1707 546 1840 616 ὕλης
1872 544 1966 598 καὶ

414 628 492 691 τὰς
518 628 830 700 ποιότητας.
873 633 963 696 Ὠς
1008 630 1150 689 εἶναι
1200 637 1352 709 αὐτῷ
1378 636 1449 690 τὰ
1489 637 1687 700 πάντα,
1719 638 1814 690 καὶ
1845 637 1966 689 ἀντὶ

410 717 604 772 πάντων
663 720 762 793 τὴν
822 722 999 794 ὁρμὴν
1028 725 1121 778 τοῦ
1183 728 1593 799 παντοδυνάμου
1641 726 1963 798 θελήματος,

409 810 541 882 ὓλην,
575 812 824 885 δργανον,
859 816 1043 885 τόπον,
1075 819 1285 889 χρόνον,
1310 822 1516 887 οὐσίαν,
1550 821 1829 891 ποιότητα,
1862 819 1968 873 πᾶν

404 904 429 953 ὅ
468 904 517 956 τί
535 905 637 977 πέρ
668 908 888 967 ἐστινέν
922 910 987 979 τῇ
1018 909 1192 963 κτίσει
1221 911 1528 981 νοούμενον.
1569 911 1735 982 Ὀμοῦ
1770 929 1828 964 τε
1860 911 1968 981 γάρ

406 994 618 1065 ἠθέλησε
651 996 712 1050 τὸ
740 997 856 1054 δέον
888 1000 1160 1069 γενέσθαι,
1190 1003 1284 1056 καὶ⁸
1314 1003 1647 1076 συνέδραμεν
1675 1004 1708 1072 ἡ
1738 1002 1968 1074 ἐξεργα-

404 1088 549 1158 auxi;
579 1088 688 1143 τῶν
707 1088 878 1145 ὄντων
906 1091 1136 1164 δύναμις
1162 1093 1239 1165 τῷ
1262 1096 1518 1166 νοήματι,
1552 1095 1710 1167 ἔργον
1743 1095 1968 1149 ποιοῦσα

402 1178 452 1229 τὸ
477 1178 702 1249 θέλημα.
727 1182 883 1237 Οὕτω
907 1184 1016 1256 γὰρ
1040 1186 1322 1256 φιλοσοφεί
1350 1187 1477 1258 περὶ
1501 1187 1599 1258 τῆς
1630 1187 1781 1251 θείας
1812 1187 1969 1241 δυνά-

400 1290 535 1341 μεως
566 1275 591 1327 6
615 1273 782 1338 πολὺς
811 1276 1051 1347 Μωῦσῆς
1072 1279 1129 1331 ὲν
1148 1281 1215 1349 τῇ
1240 1280 1620 1350 κοσμογενείᾳ,
1644 1296 1970 1352 προστακτι-

400 1366 510 1429 xui;
564 1370 770 1436 φωναῖς
823 1371 1098 1437 ἀνατιθεὶς
1146 1373 1375 1431 ἑκάστου
1421 1372 1530 1427 τῶν
1574 1376 1631 1429 έν
1682 1377 1747 1447 τῇ
1794 1375 1969 1428 κτίσει

395 1459 727 1528 φαινομένων
748 1460 846 1532 τὴν
866 1463 1102 1535 ποίησιν.
1155 1461 1303 1520 Εῖπε
1342 1465 1472 1538 γὰρ,
1511 1468 1697 1537 φησιν,
1729 1470 1762 1522 ό
1802 1467 1967 1533 Θεὸς,

391 1549 476 1602 ὅτι
521 1551 847 1620 Γενηθήτω
868 1552 1015 1624 φῶς,
1040 1555 1137 1609 καὶ
1152 1557 1388 1626 ἐγένετο
1411 1556 1558 1628 φῶς,
1589 1558 1685 1613 καὶ
1711 1559 1839 1629 περὶ
1862 1557 1969 1611 τῶν

388 1638 562 1694 ἄλλων
584 1640 869 1710 ὡσαύτως,
904 1644 1030 1699 οὔτε
1070 1646 1203 1718 ὕλης
1220 1649 1486 1720 ἐμνήσθη,
1521 1649 1647 1704 οὔτε
1671 1649 1969 1721 ὀργανικῆς

385 1730 713 1801 ὑπουργίας.
744 1734 954 1791 ούκοῦν
987 1737 1088 1791 οὐκ
1107 1738 1411 1810 ἀπόϐλητος
1438 1742 1495 1793 ὲν
1516 1739 1594 1810 τῷ
1613 1739 1769 1811 μέρει
1796 1739 1971 1809 τούτῳ

381 1820 474 1872 τοῦ
514 1821 784 1894 Εύνομίου
817 1827 846 1879 6
895 1826 1069 1896 λόγος.
1124 1829 1183 1882 Ὀ
1211 1829 1319 1901 γὰρ
1364 1830 1493 1894 Θεῦς
1524 1831 1722 1895 κτίζων
1759 1832 1857 1883 ὅσα
1886 1829 1973 1881 διὰ

378 1910 617 1975 κτίσεως
673 1913 800 1985 ἔσχε
848 1917 947 1987 τὴν
999 1918 1231 1986 γένεσιν,
1277 1918 1402 1972 οὔτε
1437 1920 1580 1984 τινὸς
1606 1919 1971 1990 ὑποκειμένης

374 1997 536 2071 ὕλης,
592 1999 720 2055 οὔτε
788 2004 1036 2075 ὀργάνων
1072 2008 1154 2071 είς
1196 2008 1296 2077 τὴν
1359 2009 1703 2080 κατασκευὴν
1755 2008 1969 2079 ἐδεήθη.

382 2088 746 2196 ’Δπροσδεὴς
770 2093 878 2165 γάρ
902 2094 1204 2195 ’ἀλλοτρίας
1234 2098 1483 2196 βοηθείας
1532 2100 1565 2170 ἡ
1596 2100 1691 2153 τοῦ
1719 2099 1855 2154 Θεοῦ
1883 2100 1973 2152 δύ-

370 2177 547 2244 ναμίς
569 2196 629 2232 τε
658 2184 755 2237 καὶ
791 2183 970 2252 σοφία.
1006 2187 1239 2257 Χριστὸς
1264 2188 1323 2242 δέ
1355 2177 1503 2242 ἐστίν
1532 2192 1565 2260 ἡ
1585 2189 1679 2243 τοῦ
1724 2189 1860 2244 Θεοῦ
1888 2190 1975 2243 δύ-

372 2290 550 2340 ναμις
579 2275 675 2327 καὶ
729 2276 908 2345 σοφία,
941 2277 1007 2330 δι’
1034 2274 1095 2332 ού
1126 2279 1199 2332 τέι
1249 2278 1447 2334 πάντα
1482 2279 1741 2350 ἐγένετο,
1765 2279 1863 2336 καὶ
1898 2277 1971 2337 οὖ

374 2366 566 2433 χωρίς
615 2365 737 2420 τῶν
784 2369 973 2423 ὄντων
1013 2370 1184 2424 ἐστίν
1220 2371 1436 2426 οὐδέν’
1487 2372 1670 2437 καθὼς
1724 2374 1975 2446 Ἰωάννης

382 2458 753 2530 μαρτύρεται.
796 2461 859 2514 Ei
899 2457 992 2515 οὖν
1023 2462 1200 2516 πάντα
1247 2464 1313 2517 δι’
1340 2465 1505 2518 αὐτοῦ
1536 2465 1773 2535 ἐγένετο,
1802 2468 1975 2538 δρατά

390 2562 449 2598 τε
473 2551 562 2600 καὶ
585 2550 813 2620 ἀόρατα,
850 2552 1075 2624 ἐξαρκεῖ
1101 2554 1158 2606 δὲ
1195 2554 1331 2625 πρὸς
1364 2555 1463 2627 τὴν
1494 2556 1602 2611 τῶν
1649 2557 1818 2611 ὄντων
1844 2559 1975 2612 ύπό-

392 2651 579 2690 στασιν
608 2642 641 2709 ἡ
675 2640 927 2713 βούλησις
980 2645 1118 2714 μόνη
1141 2663 1153 2675 ·
1185 2645 1416 2717 δύναμις
1446 2648 1555 2720 γάρ
1609 2649 1757 2703 ἐστιν
1783 2652 1816 2719 ἡ
1853 2649 1976 2719 βού-

395 2728 547 2798 λησις
571 2746 584 2758 “
615 2732 707 2786 τὸν
732 2734 999 2807 ἡμέτερον
1018 2734 1140 2790 εἷπε
1169 2736 1326 2807 λόγον
1359 2740 1681 2814 ὲνατονσύση
1722 2745 1789 2813 τῇ
1832 2742 1974 2808 λέξει

399 2819 673 2893 Εὐνόμιος.
740 2827 799 2879 Ὁ
854 2828 963 2898 γὰρ
1018 2830 1086 2881 τὰ
1114 2828 1406 2900 σύμπαντα
1444 2833 1624 2906 φέρων
1654 2832 1732 2904 τῷ
1770 2835 1975 2906 ῥήματι

401 2913 499 2983 τῆς
546 2915 823 2988 δυνάμεως
854 2919 1041 2986 αὑτοῦ,
1088 2920 1233 2985 τίνος
1288 2922 1355 2975 ἂν
1400 2923 1633 2994 ὀργάνου
1678 2924 1771 2978 καὶ
1820 2926 1974 2988 ποίας

2067 453 2225 515 dixit,
2263 463 2311 505 et
2344 452 2491 521 facta
2521 461 2663 518 sunt,
2710 453 2815 521 ipse
2846 453 3116 509 mandavit
3172 466 3220 511 et
3266 469 3443 512 creata
3473 469 3593 511 sunt
3630 461 3671 519 ⁵,

2069 544 2274 599 scimus
2301 544 2446 614 quod
2473 544 2714 599 materia:
2745 542 2919 599 factor
2944 555 3028 603 est
3059 545 3325 614 Verbum,
3352 550 3516 604 simul
3546 565 3670 603 cum

2069 639 2185 706 ipsa
2232 638 2460 691 materia
2489 637 2753 691 continuo
2786 637 2947 691 etiam
2996 638 3291 708 qualitates
3336 641 3624 711 periit-iens
3656 659 3668 694 ;

2070 730 2144 783 ita
2177 739 2236 784 ut
2267 729 2314 784 ei
2343 729 2456 784 sint
2486 728 2671 784 omnia
2707 738 2761 781 et
2790 744 2891 800 pro
2919 731 3178 786 omnibus
3211 733 3451 802 Impetus
3492 734 3672 789 omni-

2070 821 2309 890 potentis
2353 821 2673 884 voluntatis,
2708 820 2958 882 materia,
2994 820 3443 886 instrumentum,
3489 825 3669 889 locus,

2069 920 2305 981 tempus,
2349 912 2613 975 essentia,
2646 911 2903 982 qualitas,
2936 918 2992 966 et
3025 911 3293 981 quidquid
3328 913 3381 967 in
3418 922 3670 967 creatura

2069 1001 2410 1071 intelligitur.
2458 1002 2634 1056 Simul
2678 1003 2826 1057 enim
2870 1012 3036 1071 atque
3083 1002 3254 1055 voluit
3308 1003 3453 1073 quod
3504 1018 3669 1074 opor-

2072 1101 2210 1148 teret
2244 1093 2385 1159 fieri,
2417 1094 2691 1164 operatrix
2720 1108 2909 1149 eorum
2945 1108 3066 1162 quae
3113 1102 3245 1147 sunt
3273 1094 3511 1165 potentia
3543 1110 3667 1148 eum

2073 1185 2295 1239 notione
2345 1184 2650 1250 concurrit,
2705 1197 2845 1253 Opus
2901 1184 3108 1239 faciens
3156 1185 3536 1241 voluntatem:
3590 1186 3669 1240 sic

2071 1276 2216 1329 uiiim
2280 1273 2349 1331 de
2389 1275 2575 1330 divina
2630 1274 2868 1342 potentia
2929 1275 3668 1347 pbilosoplnaturcopiosus

2072 1367 2253 1423 Moses
2278 1367 2334 1422 in
2368 1366 2556 1422 mundi
2600 1368 2900 1431 creatione,
2940 1368 3279 1438 imperativis
3314 1368 3543 1423 vocibus
3570 1384 3665 1424 co-

2072 1476 2192 1515 rum
2223 1460 2496 1531 cujusque
2517 1475 2639 1530 quae
2674 1460 2729 1513 in
2763 1466 3018 1515 creatura
3040 1467 3305 1531 apparent
3332 1461 3665 1515 creationem

2072 1552 2376 1607 ascribcns.
2420 1549 2563 1604 Dixit
2593 1552 2737 1606 enim
2770 1552 2887 1624 (ait)
2920 1553 3055 1610 Deus
3082 1570 3095 1606 :
3130 1548 3257 1606 Fiat
3288 1553 3399 1616 lux,
3433 1562 3482 1607 et
3524 1552 3667 1621 facta

2070 1651 2145 1695 est
2171 1642 2264 1694 tua:
2295 1641 2336 1704 ⁸,
2367 1648 2420 1696 et
2455 1642 2523 1695 de
2580 1640 2703 1696 aliis
2741 1641 2932 1696 eodem
2979 1641 3162 1706 modo,
3208 1658 3386 1713 neque
3426 1643 3667 1698 materia:

2077 1732 2357 1795 meminit,
2426 1745 2604 1800 neque
2660 1731 3096 1785 instrumentalis
3161 1732 3476 1789 ministerii.
3546 1731 3664 1789 Non

2075 1824 2242 1894 igitur
2299 1824 2402 1877 hac
2451 1823 2506 1875 in
2562 1829 2717 1892 parte
2763 1820 3014 1875 Eunomii
3074 1824 3411 1892 repudianda
3466 1825 3663 1880 oratio.

2077 1915 2219 1970 Deus
2247 1915 2393 1970 enim
2433 1928 2647 1973 creans
2673 1926 3014 1984 quaecunque
3048 1930 3144 1986 per
3192 1918 3526 1973 creationem
3563 1918 3661 1972 ba-

2075 2010 2204 2064 bent
2240 2016 2444 2069 ortum,
2479 2023 2654 2079 neque
2680 2009 2784 2063 alia
2815 2008 3062 2079 subjecta
3097 2010 3343 2078 materia,
3378 2025 3555 2082 neque
3580 2011 3663 2065 in-

2075 2100 2394 2156 strumentis
2441 2100 2509 2154 ad
2558 2101 3021 2156 constructionem
3075 2101 3329 2172 indiguit.
3392 2100 3525 2156 Nam
3570 2101 3663 2158 Dei

2074 2194 2250 2249 virtus
2275 2202 2329 2249 et
2351 2193 2620 2264 sapientia
2667 2193 2689 2224 ⁷
2713 2193 2918 2249 nullius
2943 2193 3106 2249 alieni
3134 2194 3320 2246 auxilii
3350 2200 3432 2249 est
3456 2194 3660 2266 indiga.

2076 2287 2141 2338 At
2170 2282 2425 2339 Christus
2456 2280 2546 2338 Dei
2583 2294 2667 2337 est
2695 2284 2870 2338 virtus
2920 2290 2975 2337 et
3028 2284 3317 2352 sapientia,
3355 2300 3448 2354 per
3497 2300 3661 2355 quem

2088 2376 2269 2430 omnia
2308 2374 2455 2443 facta
2489 2382 2638 2433 sunt,
2686 2373 2798 2426 sine
2843 2389 2943 2443 quo
2982 2373 3114 2426 nihil
3156 2390 3336 2429 eorum
3374 2393 3491 2445 qua:
3517 2382 3660 2434 sunt.

2085 2474 2163 2519 est
2209 2463 2252 2531 ⁸,
2299 2461 2761 2534 quemadmodum
2802 2469 3036 2517 testatur
3083 2460 3345 2518 Joannes.
3386 2464 3441 2519 Si
3498 2463 3667 2532 igitur

2075 2556 2260 2611 omnia
2292 2569 2388 2625 per
2416 2554 2595 2624 ipsum
2636 2551 2779 2608 facta
2810 2558 2960 2618 sunt,
2991 2550 3230 2607 visibilia
3257 2558 3310 2605 et
3346 2550 3666 2612 invisibilia,

2078 2647 2145 2702 ad
2194 2663 2387 2702 eorum
2432 2653 2616 2701 autem
2654 2659 2777 2715 quae
2814 2652 2943 2700 sunt
2981 2642 3392 2699 subsistentiam
3428 2641 3543 2696 sola
3574 2639 3668 2695 Dei

2077 2739 2332 2794 voluntas
2378 2736 2576 2792 sullicit
2619 2737 2815 2806 (virtus
2878 2734 3024 2790 enim
3078 2734 3193 2790 sive
3232 2733 3471 2803 potentia
3533 2731 3653 2801 ipsa

2078 2837 2161 2884 est
2188 2825 2483 2893 voluntas),
2516 2831 2764 2882 nostrum
2808 2839 3117 2881 sermonem
3158 2824 3405 2879 oratione
3441 2823 3669 2878 remissa

2079 2922 2308 2991 protulit
2346 2919 2669 2974 Eunomius.
2700 2916 2801 2985 Qui
2855 2918 3000 2972 enim
3048 2917 3212 2971 verbo
3252 2930 3365 2972 sua:
3410 2913 3665 2986 potentia:

402 3002 534 3077 ὕλης
556 3007 768 3080 δεηθείη
794 3012 853 3064 ὲν
884 3010 963 3081 τῷ
986 3011 1171 3084 φέρειν
1198 3014 1287 3068 διὰ
1316 3014 1409 3068 τοῦ
1430 3016 1840 3088 παντοδυνάμου
1876 3020 1975 3088 ρή-

2083 3014 2185 3068 l‘ert
2224 3012 2501 3077 universa,
2533 3027 2642 3081 quo
2678 3010 3043 3066 instrumento
3085 3016 3141 3062 et
3179 3021 3286 3077 qua
3317 3006 3549 3063 materia
3585 3005 3671 3059 in-

406 3114 568 3165 ματος
589 3100 684 3171 τὴν
718 3100 821 3157 τῶν
851 3103 1019 3157 ὄντων
1058 3105 1389 3173 ὑπόστασινς
1433 3108 1493 3160 Εἰ
1519 3107 1574 3161 δὲ
1603 3109 1739 3178 ὅπερ
1771 3109 1862 3162 ἐπὶ
1883 3110 1979 3179 τῆς

405 3186 626 3254 κτίσεως
654 3192 782 3263 περὶ
818 3192 910 3246 τοῦ
943 3195 1281 3265 Μονογενοῦς
1320 3198 1785 3270 πεπιστεύκαμεν,
1823 3199 1981 3252 τοῦτο

406 3279 503 3334 ἐπὶ
539 3281 629 3336 τοῦ
676 3284 806 3337 Υίοῦ
862 3288 1290 3352 κατασκευάζεν
1319 3289 1394 3354 ὡς
1424 3291 1795 3363 ὁμοιοτρόπως
1817 3293 1979 3346 αὑτὸν

409 3372 505 3424 τοῦ
552 3375 756 3448 Πατρδς
804 3377 1110 3447 κτίσαντος,
1144 3381 1398 3454 καθάπερ
1447 3383 1596 3454 παρά
1640 3384 1733 3437 τοῦ
1782 3384 1913 3438 Υἱοῦ
1944 3389 1977 3455 ἡ

412 3467 582 3530 κτίσις
610 3470 824 3537 ἐγένετο
849 3485 862 3498 ·
897 3470 988 3524 τὸν
1014 3474 1071 3525 ὲν
1104 3475 1217 3537 τοῖς
1244 3473 1553 3544 ἔμπροσθεν
1582 3475 1812 3546 ρηθέντα
1827 3475 1981 3544 λόγον

415 3560 509 3610 καὶ
530 3559 616 3613 νύν
645 3562 803 3615 πάλιν
837 3563 1318 3636 ἀναλαμϐάνομεν,
1353 3567 1493 3637 ὃτιή
1528 3567 1751 3638 τοιαύτη
1791 3569 1983 3641 ὑπόλη-

413 3648 504 3716 ψις
524 3652 739 3725 ἄρνησις
769 3656 867 3725 τῆς
890 3656 985 3710 τοῦ
1008 3658 1343 3727 Μονογενοῦς
1373 3660 1488 3712 ἐστι
1505 3658 1775 3730 θεότητος.
1793 3662 1983 3732 Ἡμεῖς

416 3743 523 3812 γὰρ
554 3745 676 3799 ἴδιον
703 3742 841 3801 εἶναι
871 3749 980 3804 τῶν
1019 3751 1546 3823 είδωλολατρούντων
1569 3753 1719 3823 παρά
1753 3753 1852 3823 τῆς
1885 3772 1981 3824 με-

414 3834 579 3906 γάλης
602 3838 693 3891 τοῦ
727 3839 943 3894 Παύλου
974 3842 1156 3914 φωνῆς
1191 3844 1610 3915 μεμαθήκαμεν,
1639 3843 1701 3896 τὸ
1731 3844 1982 3898 σέϐεσθαι

415 3927 511 3978 καὶ
538 3926 811 4001 λατρεύειν
842 3934 909 4003 τῇ
946 3932 1119 3985 κτίσει
1152 3933 1301 4005 παρὰ
1331 3934 1421 3987 τὸν
1444 3935 1706 3987 κτίσαντα
1728 3952 1740 3964 ·
1777 3937 1981 3989 καὶτοῦ

416 4015 572 4070 Δαϐὶδ
585 4020 929 4086 είπόντος,ὃτι
946 4024 1066 4076 Οὐκ
1081 4022 1251 4077 ἔσται
1265 4024 1441 4078 ervo!
1456 4025 1600 4090 Θεὸς
1614 4025 1981 4093 πρόσφατος,

416 4109 551 4163 οὐδὲ
562 4114 1134 4182 προσκυνήσεις-Θεῲ
1150 4116 1469 4186 ἀλλοτρίῳ.
1489 4116 1690 4171 Κανόνι
1705 4117 1880 4188 τούτῳ
1892 4120 1985 4171 καὶ

414 4199 637 4273 γνώμονι
676 4206 937 4279 χρώμεθα
966 4207 1103 4279 πρὸς
1122 4210 1223 4279 τὴν
1238 4209 1330 4262 τοῦ
1363 4208 1838 4279 προσκυνουμένου
1866 4209 1987 4261 ἐπί-

417 4308 605 4360 γνωσιν
670 4299 810 4352 ὥστε
843 4299 1134 4354 πεπεῖσθαι
1166 4300 1323 4354 τοῦτο
1355 4300 1555 4372 ἀληθὲς
1594 4297 1734 4354 εἶναι
1777 4301 1931 4363 Θεὸν,
1958 4302 1985 4353 ὃ

2081 3106 2311 3177 digeret,
2344 3105 2473 3160 dum
2503 3120 2691 3159 eorum
2724 3117 2848 3174 quae
2886 3110 3013 3158 sunt
3059 3099 3475 3156 subsistentiam
3504 3099 3671 3154 verbo

2083 3214 2184 3254 suo
2254 3198 2615 3269 oumipotenti
2666 3197 2899 3252 sustinet
2947 3196 3023 3248 '?
3108 3194 3264 3261 Quod
3325 3194 3371 3248 si
3419 3191 3567 3262 quod
3616 3192 3671 3244 in

2080 3299 2334 3347 creatura
2388 3290 2455 3345 de
2508 3288 2801 3360 Unigenito
2852 3287 3210 3350 credidimus,
3270 3286 3374 3339 hoc
3428 3286 3481 3339 in
3538 3281 3672 3338 Filio

2082 3383 2303 3446 astruit,
2347 3382 2492 3436 velut
2539 3380 2708 3434 simili
2772 3379 2934 3433 modo
2988 3380 3164 3449 ipsum
3219 3377 3380 3432 Patre
3440 3385 3665 3431 creante

2083 3472 2542 3546 quemadmodum
2573 3488 2602 3526 a
2633 3470 2772 3526 Filio
2822 3478 3074 3526 creatura
3110 3468 3250 3523 facta
3298 3479 3383 3522 est
3417 3486 3430 3521 :
3473 3466 3675 3519 dictum

2084 3574 2245 3622 antea
2277 3578 2583 3621 sermonem
2609 3577 2755 3618 nunc
2772 3561 2935 3617 etiam
2967 3575 3161 3614 rursus
3183 3557 3502 3626 repetimus.
3532 3554 3674 3622 quod

2083 3656 2351 3728 ejusmodi
2384 3654 2571 3725 opinio
2599 3653 2815 3725 negatio
2848 3660 2932 3707 est
2980 3650 3202 3705 deitatis
3243 3647 3534 3718 l‘nigenili.
3569 3643 3676 3696 Νιις

2084 3752 2230 3806 enim
2275 3749 2692 3804 idololatrarum
2731 3745 3012 3815 proprium
3037 3757 3159 3797 esse
3178 3756 3245 3795 ex
3280 3752 3474 3807 magna
3525 3734 3677 3789 Pauli

2086 3857 2220 3898 voce
2243 3840 2559 3900 didicimus,
2595 3838 2775 3892 colere
2821 3846 2875 3889 et
2918 3832 3128 3889 servire
3169 3840 3455 3889 creaturae,
3485 3835 3679 3897 praeter

2089 3949 2214 3988 eum
2243 3931 2334 4004 qui
2359 3931 2566 3986 creavit
2605 3928 2682 3993 ¹⁹;
2719 3936 2771 3982 et
2802 3940 2867 3980 ex
2897 3937 3034 3978 voce
3053 3921 3224 3974 David
3260 3916 3677 3982 dicentis,quod

2090 4026 2213 4079 Non
2240 4024 2339 4078 erit
2370 4024 2424 4077 in
2459 4032 2506 4075 te
2561 4020 2697 4074 Deus
2747 4033 2948 4077 recens,
2996 4029 3159 4083 neque
3206 4010 3460 4065 adorabis
3515 4007 3677 4060 Deum

2089 4118 2321 4172 alienum
2364 4116 2427 4168 ¹¹.
2481 4111 2595 4166 Hac
2654 4110 2862 4180 regula,
2922 4108 3026 4161 hoc
3073 4120 3344 4176 gnomone
3395 4110 3448 4156 et
3503 4099 3679 4153 indice

2090 4210 2294 4263 utimur
2329 4205 2394 4260 ad
2442 4205 2563 4273 ejus
2603 4202 2698 4272 qui
2728 4200 2990 4255 adoratur
3043 4197 3447 4268 cognitionem:
3501 4193 3575 4245 ita
3626 4200 3681 4245 ut

2090 4301 2243 4355 nobis
2270 4299 2343 4355 sit
2374 4308 2697 4369 persuasum
2740 4293 2845 4347 lioc
2887 4305 3077 4347 verum
3121 4304 3244 4344 esse
3290 4288 3479 4350 Deum,
3534 4284 3678 4354 quod

421 4388 550 4455 μήτε
576 4392 883 4463 πρόσφατόν
909 4394 1046 4457 ἐστι,
1078 4395 1214 4465 μήτε
1244 4392 1541 4463 ἀλλότριον.
1569 4392 1786 4463 Ἐπειδὴ
1805 4393 1976 4445 τοίνυν

2092 4404 2266 4459 neque
2297 4402 2485 4442 recens
2509 4394 2616 4449 est,
2638 4399 2814 4453 neque
2844 4381 3081 4435 aliemuu
3106 4380 3166 4431 ".
3211 4377 3480 4442 Quoniam
3519 4372 3685 4445 igitur

415 4477 543 4530 θεὸν
569 4481 836 4535 πιστεύειν
858 4477 999 4535 εἶναι
1026 4482 1117 4536 τὸν
1147 4485 1409 4554 μονογενῆ
1446 4483 1576 4536 Θεὸν
1605 4481 1979 4553 ἐδιδάχθημεν·

415 4567 479 4621 τὸ
507 4572 632 4643 μήτε
654 4576 968 4646 πρόσρατον
995 4574 1155 4630 αὐτὸν
1188 4571 1348 4639 εἶναι,
1389 4576 1525 4647 μήτε
1549 4574 1824 4645 ἀλλότριον
1859 4592 1983 4628 συν-

412 4659 767 4735 αμολογοῦμεν
793 4663 879 4719 διὰ
904 4661 998 4717 τοῦ
1032 4663 1328 4729 πιστεύειν,
1360 4666 1442 4719 ὅτι
1464 4664 1579 4717 ἐστὶ
1611 4665 1741 4729 Θεός
1770 4683 1782 4695 ·
1820 4665 1866 4716 εί
1892 4660 1984 4718 οὖν

414 4746 540 4816 Θεός
567 4754 701 4819 ἐστι,
735 4754 1047 4826 πρόσφατος
1068 4756 1166 4809 οὐκ
1189 4755 1335 4810 ἔστιν
1357 4773 1370 4787 ·
1403 4758 1431 4809 6
1458 4755 1513 4809 δὲ
1547 4757 1621 4827 μὴ
1646 4757 1981 4828 πρόσφατος.

400 4843 570 4910 ἀΐδιος
607 4847 821 4912 πάντως
871 4849 1055 4903 ἐστίν⁹
1111 4848 1237 4903 οὔτε
1293 4842 1384 4904 οὖν
1426 4849 1738 4921 πρόσφατός
1786 4851 1933 4903 ἐστιν
1960 4853 1988 4902 6

396 4936 590 5003 ἀῖδιος,
620 4938 744 4993 οὔτε
771 4940 1053 5011 ἀλλότριος
1079 4942 1177 5011 τῆς
1210 4941 1468 5012 ἀληθινῆς
1500 4940 1773 5011 θεότητος,
1802 4943 1865 4994 ἐκ
1893 4942 1986 4995 τοῦ

386 5025 615 5096 Πατρδς
643 5026 740 5094 ὣν,
775 5030 871 5082 καὶ
928 5028 996 5083 ἐν
1036 5029 1153 5096 τοῖς
1194 5034 1444 5097 κόλποις
1475 5032 1564 5083 ὢν
1595 5031 1700 5085 τοῦ
1738 5032 1984 5098 Πατρός,

382 5119 487 5172 καὶ
533 5120 596 5171 εν
628 5120 807 5190 ἑαυτῷ
835 5121 926 5174 τὶν
959 5122 1176 5192 Πατέρα
1220 5121 1376 5192 ἔχων.
1410 5122 1569 5174 Ὥστε
1618 5122 1647 5173 6
1679 5120 1989 5190 ἀποσχίζων

372 5210 490 5281 τῆς
523 5210 627 5263 τοῦ
657 5213 870 5283 Πατρὸς
895 5212 1110 5283 φύσεως
1150 5214 1240 5267 τὸν
1290 5214 1433 5276 Υίὺν,
1470 5214 1500 5284 ἢ
1548 5212 1776 5266 καθόλου
1812 5214 1993 5266 ἀθετεῖ

370 5305 484 5376 τὴν
522 5306 924 5378 προσκύνησιν,
965 5308 1050 5361 ἶνα
1082 5306 1155 5378 μὴ
1181 5306 1442 5377 ἀλλοτρίῳ
1470 5307 1588 5377 Θεῷ
1612 5305 1983 5377 προσκυνήσῃ.

487 5548 516 5579 ⁸
558 5545 707 5602 Psai.
740 5561 964 5613 cstvut,
998 5547 1053 5602 5.
1129 5549 1147 5577 ‘
1177 5546 1371 5600 Cenes.
1413 5564 1449 5602 ι.
1484 5546 1536 5598 '5.
1615 5548 1630 5574 ⁷
1676 5545 1690 5597 Ι
1754 5544 1877 5596 Cur.
1936 5560 1970 5598 ι.

376 5620 429 5653 ⁸⁸
475 5617 635 5675 Psai.
667 5631 830 5680 Lux,
876 5618 928 5672 9.
1010 5619 1050 5647 ”
1091 5618 1258 5671 Exod.
1296 5633 1385 5678 xx,
1422 5618 1485 5681 3;

2193 5540 2210 5567 ⁸
2274 5537 2417 5589 Junii.
2492 5551 2531 5593 1,

1535 5632 1715 5677 sutv,
1786 5615 1872 5671 li:
1921 5614 2070 5665 Deut.
2126 5626 2175 5673 ι’,
2226 5609 2273 5662 7.
2354 5606 2394 5637 ⁸³
2448 5605 2601 5661 Joun.
2644 5621 2682 5665 t.
2736 5603 2820 5657 13.

2095 4481 2445 4554 Unigeuitum
2512 4477 2678 4532 Deum
2735 4490 2865 4537 ,essc
2925 4473 3150 4527 credere
3213 4466 3389 4521 edocti
3477 4479 3685 4524 sumus,

2094 4572 2305 4627 idcirco
2339 4584 2517 4639 neque
2554 4569 2731 4638 ipsum
2769 4573 3042 4617 recentem
3079 4577 3203 4616 esse
3236 4573 3412 4625 neque
3440 4556 3679 4609 alienum

2092 4658 2437 4716 conﬁtemur.
2465 4656 2593 4726 quia
2623 4653 2901 4709 credimus
2936 4650 3080 4720 quod
3110 4658 3192 4703 est
3223 4648 3398 4701 Deus:
3442 4643 3489 4696 si
3519 4643 3681 4712 igitur

2091 4762 2174 4808 est
2218 4751 2380 4817 Deus,
2432 4764 2625 4804 recens
2666 4762 2774 4801 non
2813 4753 2930 4811 est;
2963 4743 3052 4814 qui
3099 4749 3278 4795 autem
3322 4752 3433 4793 non
3473 4743 3558 4790 est
3599 4749 3683 4787 re-

2092 4863 2244 4910 cens,
2276 4844 2501 4899 omnino
2533 4850 2617 4898 est
2647 4849 2883 4896 aeternus
2916 4857 2929 4892 :
2971 4851 3147 4904 neque
3183 4835 3350 4903 igitur
3382 4842 3576 4885 recens
3600 4837 3681 4881 est

2091 4943 2183 4997 nui
2223 4949 2480 5002 aeternus,
2516 4950 2693 5005 neque
2723 4948 2752 4986 a
2793 4946 2919 4987 vera
2966 4928 3169 4985 deitate
3215 4926 3428 4979 alienus
3477 4921 3568 4990 qui
3617 4935 3679 4971 ex

2095 5031 2252 5087 Patre
2277 5039 2384 5094 est,
2419 5036 2473 5084 et
2537 5028 2622 5100 qui
2648 5027 2699 5079 in
2723 5024 2912 5078 sim'bus
2940 5021 3117 5076 Patris
3137 5028 3209 5073 est
3256 5018 3320 5079 ",
3349 5016 3471 5071 etin
3503 5013 3682 5082 seipsn

2096 5127 2309 5178 Patrem
2356 5122 2540 5176 habet.
2584 5115 2764 5183 Quare
2807 5114 2898 5183 qui
2943 5109 3141 5166 Filium
3182 5124 3208 5161 a
3255 5106 3435 5161 Patris
3486 5112 3681 5157 natura

2093 5211 2379 5273 discindit.
2413 5210 2497 5264 vel
2544 5209 2597 5262 in
2626 5206 2942 5260 universum
2977 5199 3353 5255 adorationum
3393 5205 3446 5252 et
3472 5195 3678 5249 cultum

2098 5305 2296 5365 abolet,
2324 5317 2391 5356 ne
2423 5299 2592 5353 Deum
2626 5298 2862 5352 alienum
2895 5294 3107 5355 adoret,
3152 5292 3234 5346 vel
3276 5290 3477 5344 idolum
3527 5286 3677 5342 coiit.

2735 5534 2754 5564 ³
2803 5531 2962 5585 Hebr.
3020 5529 3141 5595 1,5.
3224 5528 3264 5557 ¹⁰
3305 5526 3506 5584 “Mihi
3581 5529 3666 5579 ‘N.
