4032 6208
432 268 536 324 899

1667 280 1724 336 S.
1765 279 2093 339 GBEGORH
2137 284 2421 341 NYSSENI

3578 277 3675 333 500

431 392 738 443 creaturam
765 396 819 446 et
840 406 949 447 non
982 389 1149 447 Deum
1167 407 1281 448 suae
1302 394 1606 453 adorationi
1637 400 2004 469 praestituens,

2110 403 2149 474 ἢ
2168 403 2383 458 εἴδωλον
2402 405 2639 470 σέϐεται,
2668 407 2873 476 κτίσμα
2895 407 2989 459 καὶ
3010 406 3071 460 οὐ
3098 406 3231 459 Θεὸν
3246 407 3344 480 τῆς
3373 407 3685 479 προσκυνή-

432 486 487 531 et
505 473 709 535 Christi
734 498 930 538 nomen
957 484 1101 541 idolo
1127 502 1358 556 ponens.

507 656 665 726 Quod
694 670 877 718 autem
910 663 962 718 in
1010 680 1074 719 ea
1105 666 1515 725 existimatione
1536 685 1700 740 quam
1748 670 1911 728 habet
1940 672 2009 729 de

437 750 761 825 Unigenito.
793 755 859 809 ad
896 756 1037 812 hanc
1070 761 1297 829 respicit
1336 762 1782 833 intelligentiam,
1830 766 2006 820 mani-

440 841 634 899 festius
667 845 756 900 ﬁet
791 862 858 900 ex
895 847 981 902 his
1004 864 1127 920 quae
1156 850 1223 906 de
1244 851 1364 921 ipso
1385 851 1677 922 Unigenito
1712 858 2005 926 percurrit,

434 951 557 1006 quae
589 936 656 991 ad
682 938 828 995 hunc
876 956 938 995 se
968 942 1166 997 habent
1196 944 1420 999 modum
1464 965 1478 1003 :
1524 944 1802 1003 Credimus
1846 950 2009 1004 etiam

434 1029 489 1082 in
543 1028 640 1084 Dei
676 1029 907 1098 Filium,
961 1035 1285 1105 unigenitum
1351 1036 1545 1103 Deum,
1604 1040 2005 1111 primogenitum

434 1121 604 1176 omnis
661 1133 955 1189 creatum,
1016 1125 1223 1182 Filium
1281 1146 1458 1184 verum
1516 1147 1618 1185 non
1688 1132 2006 1202 ingenitum,

432 1230 551 1269 vere
609 1216 840 1287 genitum
886 1228 1008 1273 ante
1057 1222 1256 1276 saecula
1318 1239 1337 1277 :
1393 1242 1497 1280 non
1547 1225 1742 1297 absque
1788 1245 2010 1299 genera-

436 1307 575 1361 tione
639 1318 917 1380 antequam
969 1322 1138 1381 esset,
1204 1317 1536 1371 nominatum
1590 1318 1829 1385 Filium,
1886 1333 2009 1378 ante

434 1413 638 1453 omnem
684 1412 990 1458 creaturam
1020 1407 1277 1477 genitum,
1331 1425 1437 1463 non
1484 1410 1798 1467 increatum.
1844 1414 2007 1468 Arbi-

434 1496 552 1544 tror
594 1491 767 1545 solam
828 1493 1122 1551 verborum
1173 1496 1469 1554 citatorum
1533 1500 1824 1556 lectionem
1870 1504 2005 1560 satis

431 1580 599 1636 etiam
630 1583 839 1654 absque
868 1595 1058 1641 nostra
1091 1591 1500 1646 examinatione
1539 1591 1705 1661 hujus
1735 1593 2005 1662 dogmatis

435 1670 767 1743 impietatem
827 1677 1139 1735 declarare:
1203 1695 1327 1734 nam
1391 1681 1815 1753 primogenitum
1875 1701 1997 1740 cum

2110 511 2248 559 σεως
2269 495 2432 549 αὑτοῦ
2485 496 2951 569 προστησάμενος,
2994 498 3088 551 καὶ
3134 499 3369 570 Χριστοῦ
3403 501 3573 570 ὄνομα
3606 500 3685 571 τῷ

2108 584 2312 656 εἰδώλῳ
2343 586 2585 658 θέμενος.
2998 610 3013 615 σ

2180 678 2302 730 Ὀτι
2323 677 2379 731 δὲ
2409 677 2546 748 πρὸς
2570 678 2772 750 ταύτην
2802 678 2989 749 βλέπει
3011 678 3108 750 τὴν
3130 677 3366 733 διάνοιαν
3387 681 3444 734 ἐν
3467 683 3531 752 τῇ
3557 682 3683 753 περὶ

2108 767 2201 822 τοῦ
2219 767 2555 837 Μονογενοῦς
2586 769 2873 840 ὑπολήψει,
2893 768 3268 842 φανερώτερον
3299 770 3364 825 ἂν
3386 771 3592 839 γένοιτο
3616 772 3683 827 δι’

2106 853 2183 914 ὧν
2209 858 2279 912 τά
2307 861 2436 933 περὶ
2452 860 2615 914 αὐτοῦ
2641 860 2733 915 τοῦ
2756 861 3092 932 Μονογενοῦς
3110 862 3442 934 διεξέρχεται
3458 904 3471 924 ,
3496 864 3684 919 τοῦτον

2107 948 2300 1019 ἔχοντα
2319 948 2411 1003 τὸν
2435 949 2633 1021 τρόπον
2653 966 2668 982 ⁸
2682 952 3050 1021 Πιστεύομεν
3074 950 3173 1005 καὶ
3186 954 3274 1016 είς
3290 951 3398 1005 τὸν
3412 951 3519 1006 τοῦ
3536 953 3683 1007 Θεοῦ

2119 1041 2276 1108 Υὶὸν,
2306 1040 2414 1095 τόν
2429 1039 2728 1114 μονογενῆ
2752 1043 2923 1109 Θεὸν,
2945 1044 3323 1112 πρωτότοκον
3343 1043 3543 1110 πάσης
3561 1043 3684 1097 κτί-

2109 1147 2284 1199 σεως,
2313 1133 2453 1187 Υιὸν
2466 1134 2776 1203 ἀληθινὸν,
2798 1136 2910 1189 οὐκ
2931 1134 3283 1204 ἀγέννητον,
3300 1133 3536 1201 ἀληθῶς
3554 1151 3683 1204 γεν-

2107 1227 2366 1296 νηθέντα
2390 1228 2505 1297 πρὸ
2540 1231 2772 1285 αἰώνων
2788 1269 2804 1294 ,
2826 1231 2936 1284 οὐκ
2957 1228 3104 1283 ἄνευ
3125 1227 3236 1298 τῆς
3262 1228 3376 1297 πρὸ
3399 1227 3504 1282 τοῦ
3530 1227 3679 1281 εἶναι

2108 1319 2447 1391 γεννήσεως
2466 1318 2903 1390 ὀνομαζόμενον
2912 1320 3068 1385 Υἱὸν,
3083 1320 3196 1389 πρὸ
3212 1320 3414 1389 πάσης
3432 1323 3683 1388 κτίσεως

2108 1412 2450 1484 γενόμενον,
2467 1413 2579 1467 οὐκ
2594 1411 2901 1467 ἆκτιστον.
2918 1414 3130 1483 Ἀρκεῖν
3144 1412 3278 1484 ἡγοῦ
3285 1429 3380 1483 μαι
3403 1413 3569 1483 μόνην
3583 1412 3683 1485 τήν

2108 1503 2414 1572 ἀνάγνωσιν
2441 1502 2553 1556 τῶν
2581 1502 2931 1568 ἐκτεθέντων,
2954 1504 3049 1559 καὶ
3099 1503 3222 1574 δίχα
3247 1504 3349 1574 τῆς
3376 1505 3507 1576 παρ’
3526 1504 3682 1575 ήμῶν
3733 1559 3737 1562 ,

2106 1591 2406 1657 ἐξετάσεως
2448 1590 2762 1663 φανερῶσαι
2804 1590 2900 1645 τοῦ
2929 1592 3195 1664 δόγματος
3240 1595 3338 1664 τὴν
3385 1593 3679 1649 ἀσέϐειαν·

2107 1684 2446 1755 πρωτότοκον
2470 1683 2578 1756 γάρ
2593 1684 2763 1738 εἰπὼν
2798 1685 2982 1751 αὑτὸν,
3015 1685 3102 1739 ἵνα
3131 1687 3205 1757 μή
3236 1702 3359 1740 τινα
3387 1688 3502 1749 τοῖς
3525 1686 3682 1740 ἀκού-

433 1761 572 1817 dixit
605 1764 806 1833 ipsum,
842 1783 911 1821 ne
940 1769 1180 1838 aliquam
1210 1771 1560 1828 audientibus
1594 1774 2002 1845 ambiguitatem

2108 1793 2255 1830 ουσιν
2284 1774 2610 1846 ἀμφιϐολίαν
2652 1777 2929 1848 ἐμποιήσῃ
2965 1775 3060 1829 τοῦ
3093 1777 3166 1849 μὴ
3200 1773 3353 1831 εἶναι’
3372 1776 3535 1832 αὑτὸν
3561 1794 3677 1831 κτι-

440 1852 818 1923 ingeneraret.
865 1856 1044 1926 ipsum
1077 1874 1187 1912 non
1223 1873 1348 1913 esse
1392 1868 1637 1915 creatum
1677 1862 2006 1931 ;subjnnxit

432 1946 699 2001 continuo
760 1962 860 2002 non
882 1948 1190 2013 increatum,
1238 1966 1308 2006 ne
1338 1950 1634 2021 aliquando
1664 1950 1786 2008 Filii
1834 1953 2007 2025 signi-

433 2037 710 2103 ﬁcatione.
731 2050 793 2097 ut
821 2043 980 2106 solet,
1012 2054 1193 2099 mente
1214 2052 1498 2116 percepta,
1533 2047 1621 2117 pia
1649 2047 1833 2118 aliqua
1854 2048 2006 2103 notio

432 2130 489 2185 in
520 2131 861 2189 audientium
887 2134 1088 2190 animis
1120 2135 1496 2192 insereretur:
1560 2137 1666 2194 hac
1717 2140 1785 2195 de
1835 2155 2004 2194 causa

432 2239 558 2279 cum
601 2225 658 2279 in
701 2225 896 2298 primis
933 2226 1026 2282 Dei
1071 2227 1293 2294 Filium,
1333 2237 1390 2286 et
1440 2231 1777 2301 unigenitum
1833 2230 2002 2287 Deum

432 2315 725 2373 confessus
769 2327 939 2383 esset,
978 2319 1244 2375 continuo
1288 2336 1388 2390 per
1422 2335 1486 2377 ea
1536 2338 1660 2393 quae
1696 2322 2006 2378 inferuntur

430 2416 670 2462 mentem
703 2408 1013 2464 auditorum
1057 2426 1087 2464 a
1142 2412 1230 2480 pia
1276 2412 1536 2483 opinione
1580 2412 1648 2468 ad
1692 2413 2002 2469 hwreticam

430 2496 852 2568 intelligentiam
883 2515 1169 2573 perperam
1215 2504 1429 2559 avertit.
1474 2503 1577 2570 Qui
1607 2505 1753 2559 enim
1800 2506 2005 2562 audivit

430 2587 633 2645 Filium
665 2589 762 2646 Dei
789 2600 845 2647 et
878 2593 1222 2665 unigenitum
1256 2594 1448 2660 Deum,
1488 2597 1804 2653 necessario
1827 2598 1894 2654 ad
1927 2600 2006 2653 al—

430 2680 600 2737 tiores
625 2682 1032 2754 speculationes
1062 2686 1312 2757 erigitur.
1337 2702 1435 2757 per
1462 2688 1659 2743 harum
1686 2703 1879 2743 vocum
1900 2689 2007 2759 sig-

428 2775 800 2832 niﬁcationem
834 2779 996 2847 quasi
1035 2795 1199 2834 manu
1238 2780 1469 2844 ductus,
1521 2781 1669 2851 quod
1708 2782 1857 2836 nulla
1904 2797 2006 2836 na-

430 2878 568 2923 tura!
591 2869 901 2925 dill'erentia
932 2871 1003 2927 ab
1030 2871 1135 2926 hac
1173 2886 1325 2936 voce,
1360 2870 1525 2941 Deus,
1568 2881 1623 2929 et
1652 2873 1720 2927 ab
1750 2874 1853 2929 hac
1882 2873 2003 2929 Filii

429 2959 835 3030 signiﬁcatione
880 2961 1321 3018 subinsinuetur.
1355 2962 1640 3030 Quomodo
1686 2964 1831 3020 enim
1872 2966 2001 3035 quid

2109 1865 2252 1929 στὸν,
2293 1865 2567 1935 ἐπήγαγεν
2588 1863 2750 1927 εὐθὺς
2775 1864 2836 1918 τὸ
2864 1866 2973 1919 οὐκ
2993 1863 3299 1930 ἅκτιστον,
3330 1864 3417 1918 ἵνα
3446 1865 3520 1937 μή
3548 1882 3674 1919 ποτε

2105 1958 2204 2028 τῆς
2229 1955 2324 2010 τοῦ
2356 1955 2487 2010 Υἱοῦ
2518 1956 2792 2028 σημασίας
2829 1956 2904 2020 ὡς
2937 1956 3145 2027 πέφυκε
3189 1956 3493 2029 νοηθείσης,
3523 1958 3676 2011 εὐσε-

2107 2049 2199 2113 ϐές
2239 2066 2292 2102 τι
2343 2049 2472 2121 περὶ
2494 2047 2658 2103 αὑτοῦ
2683 2049 2861 2120 νόημα
2887 2051 2999 2114 τοῖς
3030 2048 3323 2121 ἀκηκοόσιν
3352 2049 3674 2121 ἐγγένηται·

2103 2142 2294 2196 τούτου
2321 2142 2479 2215 χάριν
2509 2142 2850 2214 ὁμολογήσας
2881 2143 2939 2196 ἐν
2984 2139 3220 2214 πρώτοις
3246 2142 3375 2198 Υίὸν
3401 2142 3560 2206 Θεοῦ,
3590 2143 3679 2196 καὶ

2108 2233 2368 2302 μονογενῆ
2416 2232 2567 2297 Θεὸν,
2604 2231 2766 2297 εὐθὺς
2789 2228 2884 2286 διά’
2915 2233 3022 2285 τῶν
3063 2232 3471 2304 ἐπιφερομένων
3500 2249 3675 2305 παρα-

2102 2323 2293 2395 τρέπει
2308 2323 2416 2377 τῶν
2434 2324 2738 2378 ἀκουόντων
2761 2323 2860 2394 τὴν
2879 2322 3104 2395 γνώμην
3117 2324 3253 2396 πρὸς
3276 2324 3375 2396 τήν
3396 2324 3675 2397 αίρετικὴν

2104 2415 2344 2471 διάνοιαν
2369 2415 2476 2469 ἀπὸ
2506 2415 2606 2485 τῆς
2635 2412 2893 2479 εὐσεϐοῦς
2924 2414 3263 2485 ὑπολήψεως.
3296 2414 3358 2468 '0
3385 2414 3494 2486 γὰρ
3527 2414 3679 2469 ἁκού-

2107 2524 2206 2570 σας
2234 2507 2363 2560 Υίὸν
2391 2506 2552 2572 Θεοῦ,
2591 2506 2687 2560 καὶ
2711 2506 2971 2578 μονογενῆ
3003 2505 3157 2567 Θεὸν.
3198 2506 3511 2575 ἀναγκαίως
3546 2507 3678 2577 πρὸς

2105 2599 2203 2663 τὰς
2234 2598 2569 2670 ὑψηλοτέρας
2597 2598 2865 2669 ἐμφάσεις
2900 2598 3181 2667 ἀνάγεται,
3205 2596 3294 2650 διά
3326 2598 3424 2667 τῆς
3442 2596 3549 2649 τῶν
3575 2614 3676 2666 φω-

2105 2690 2213 2744 νῶν
2236 2690 2440 2744 τούτων
2462 2690 2733 2761 σημασίας
2753 2688 3279 2761 χειραγωγούμενος,
3310 2687 3389 2759 τῷ
3414 2688 3678 2759 μηδεμίαν

2107 2782 2320 2852 φύσεως
2342 2780 2605 2852 διαφορὰν
2651 2780 2756 2834 ὑπὸ
2791 2781 2889 2851 τῆς
2926 2779 3060 2844 Θεὸς
3087 2780 3289 2850 φωνῆς,
3317 2779 3411 2833 καὶ
3441 2779 3547 2832 ὑπὸ
3582 2778 3679 2848 τῆς

2108 2875 2381 2946 σημασίας
2403 2873 2497 2927 τοῦ
2536 2873 2668 2926 Υίοῦ
2708 2872 3159 2943 παρεισάγεσθαι.
3190 2871 3315 2936 Πῶς
3356 2871 3464 2941 γὰρ
3494 2870 3561 2924 ἂν
3589 2870 3680 2925 άλ-

2103 2966 2166 3021 λο
2194 2984 2247 3020 τι
2283 2964 2435 3037 παρά
2463 2964 2561 3036 τὴν
2588 2963 2681 3019 τοῦ
2717 2965 2927 3035 Πατρὸς
2966 2963 3185 3035 νοηθείη
3223 2964 3381 3032 φύσιν
3415 2963 3444 3015 ό
3467 2961 3681 3033 ἀληθῶς

430 3051 580 3106 aliud
611 3060 811 3121 praeter
830 3050 1009 3109 Patris
1032 3061 1289 3108 naturam
1325 3054 1741 3125 intelligeretur.
1772 3056 1865 3126 qui
1907 3072 2001 3111 ve-

2108 3058 2240 3112 Θεοῦ
2296 3057 2425 3122 Υἱὸς
2484 3055 2582 3122 ὢν,
2641 3056 2734 3110 καὶ
2792 3056 2954 3120 αὐτὸς
2992 3054 3126 3117 Θεὸς
3158 3053 3270 3117 ῶν;
3316 3051 3454 3117 Ἀλλῗ
3489 3054 3575 3105 ἵνα
3605 3053 3681 3123 μὴ

427 3160 492 3202 re
520 3145 614 3200 Dei
643 3146 816 3202 Filius
837 3156 943 3210 est.
962 3155 1019 3203 et
1047 3147 1140 3218 qui
1167 3147 1283 3218 ipse
1314 3147 1458 3203 Deus
1486 3148 1609 3204 est?
1631 3146 1736 3204 Sed
1759 3163 1827 3203 ne
1848 3149 2003 3219 prius

431 3237 487 3292 in
540 3237 852 3292 auditorum
897 3239 1160 3295 cordibus
1208 3254 1306 3309 per
1351 3239 1466 3294 haec
1505 3239 1730 3293 nomina
1781 3240 2004 3310 pietatis

430 3329 683 3384 notiones
713 3330 1120 3400 imprimantur,
1154 3331 1340 3386 statim
1376 3331 1508 3385 dicit
1532 3338 1796 3386 creatura:
1824 3334 2004 3402 ipsum

431 3419 891 3489 primogenitum;
933 3436 1040 3475 non
1065 3421 1273 3491 absque
1315 3423 1670 3490 generatione
1711 3432 2003 3493 antequam

429 3519 598 3574 esset.
640 3512 983 3567 nominatum
1015 3511 1213 3567 Filium
1234 3551 1250 3575 ,
1285 3520 1415 3566 ante
1443 3527 1661 3568 omnem
1694 3523 2004 3570 creaturam

431 3605 698 3675 genitum,
737 3618 847 3660 non
875 3604 1200 3658 increatum.
1235 3602 1310 3657 Ut
1338 3602 1506 3673 igitur
1528 3604 1878 3661 manifestum
1912 3606 2007 3660 ﬁat

431 3697 738 3769 improbum
768 3697 935 3752 istum
973 3705 1028 3753 et
1056 3705 1360 3762 versutum,
1384 3696 1485 3752 has
1509 3711 1673 3752 voces
1688 3697 1893 3768 primas
1909 3711 2008 3769 pro

431 3790 690 3847 illecebra
717 3789 1037 3844 hominibus
1071 3789 1416 3859 protendere,
1448 3795 1510 3842 ut
1547 3804 1813 3844 venenum
1858 3804 2007 3843 mor-

434 3883 655 3938 tiferum
699 3881 866 3937 veluti
891 3880 1129 3950 quodam
1172 3880 1332 3936 melle
1358 3865 1796 3951 religiosior-ibus
1833 3880 2008 3935 nomi-

432 3976 597 4031 nibus
627 3975 937 4030 eduleatum
969 3974 1276 4042 accipiatur
1301 3989 1316 4037 ;
1353 3972 1636 4041 paululum
1672 3972 1726 4026 in
1756 3972 1859 4025 hoc
1885 3988 2007 4026 ser—

435 4082 601 4123 mone
656 4081 1079 4121 commoremur.
1124 4064 1258 4131 Quis
1316 4080 1425 4120 non
1492 4065 1638 4120 videt
1691 4074 1893 4136 quanta
1936 4066 2007 4120 sit

432 4157 694 4229 unigeniti
741 4158 807 4213 ad
844 4158 1270 4226 primogenitum
1304 4156 1608 4212 secundum
1645 4156 1698 4210 id
1729 4155 1872 4226 quod
1906 4157 2008 4227 sig-

436 4248 710 4314 nificatur,
740 4247 1048 4303 tliﬂerentia
1066 4248 1093 4301 *ἓν
1122 4246 1311 4318 Neque
1346 4249 1491 4302 enim
1526 4247 1839 4318 unigenitus
1882 4262 2006 4301 cum

433 4330 701 4398 fratribus
745 4341 1091 4413 intelligitur,
1132 4357 1309 4409 neque
1338 4340 1459 4397 sine
1497 4340 1761 4397 fratribus
1802 4340 2008 4411 primo-

2106 3151 2285 3221 φθάσῃ
2311 3152 2431 3213 ταῖς
2457 3147 2702 3220 καρδίαις
2724 3146 2831 3201 τῶν
2857 3147 3169 3218 ἀκηκοότων
3199 3143 3571 3214 ἐντυπωθῆναι
3593 3144 3687 3197 διὰ

2102 3243 2213 3296 τῶν
2235 3242 2514 3313 ὀνομάτων
2529 3240 2732 3295 τούτων
2757 3238 2827 3293 τὰ
2856 3239 2955 3310 τῆς
2985 3237 3266 3300 εὐσεϐείας
3290 3237 3557 3307 νοήματα,
3590 3236 3655 3287 εὖ
3672 3262 3691 3273 ο

2105 3334 2201 3399 θὺς
2226 3333 2374 3402 λέγει
2424 3332 2655 3395 κτίσεως
2694 3330 2857 3384 αὐτὸν
2882 3327 3224 3400 πρωτότοκον
3245 3344 3259 3357 ·
3286 3326 3387 3380 οὐκ
3428 3325 3556 3379 ἄνευ
3582 3325 3691 3394 τῆς

2106 3425 2212 3497 πρὸ
2233 3425 2325 3479 τοῦ
2348 3420 2486 3479 εἶναι
2518 3424 2825 3495 γεννήσεως
2851 3420 3248 3492 ὀνομαζόμενον
3280 3419 3429 3481 Υίὸν,
3462 3417 3568 3491 πρὸ
3589 3418 3694 3471 πά-

2107 3535 2207 3589 σης
2261 3518 2490 3581 κτίσεως
2540 3517 2844 3586 γινόμενον,
2887 3514 2989 3567 οὐκ
3042 3512 3314 3566 ἀκτιστον.
3358 3510 3447 3571 Ὠς
3478 3508 3545 3562 ἂν
3590 3503 3693 3561 οὖν

2105 3610 2300 3682 φανείη
2332 3608 2425 3664 καί⁸
2466 3608 2564 3672 τὰς
2587 3605 2809 3678 πρώτας
2849 3604 3031 3675 φωνὰς
3057 3604 3087 3655 ὁ
3120 3602 3430 3674 κακοῦργος
3448 3601 3566 3654 ἀντῖ⁵
3591 3599 3692 3652 δε·-

2105 3701 2408 3772 λεὰσματος
2434 3702 2546 3763 τοῖς
2587 3697 2895 3769 ἀνθρώποις
2942 3696 3262 3767 προτείνων,
3302 3694 3443 3747 ὥστε
3500 3709 3689 3762 παρα-

2105 3793 2357 3865 δεχθῆναι
2391 3793 2453 3846 τὸ
2475 3786 2821 3863 δηλητήριον,
2858 3782 2970 3843 οἷόν
2995 3805 3100 3842 τινι
3133 3787 3309 3858 μέλιτι
3333 3789 3445 3848 τοῖς
3466 3784 3695 3838 εὐσεϐε-

2109 3885 2321 3956 στέροις
2371 3883 2598 3954 ὀνόμασι
2672 3880 3133 3951 γλυκαινόμενον·
3188 3876 3382 3949 μικρὸν
3420 3875 3499 3947 τῷ
3544 3874 3699 3945 λόγῳ

2109 3975 2638 4048 προσδιατρίψωμεν.
2677 3974 2774 4037 Τίς
2806 3974 2906 4027 οὐκ
2932 3967 3071 4026 οἶδεν
3097 3972 3195 4042 ὅση
3225 3969 3320 4022 τοῦ
3370 3967 3701 4038 μονογενοῦς

2109 4067 2244 4138 πρὸς
2274 4065 2365 4118 τὸν
2419 4064 2762 4135 πρωτότοκον
2791 4066 2823 4134 ή
2873 4062 3015 4116 κατά
3040 4061 3103 4113 τὸ
3144 4058 3543 4130 σημαινόμενον
3570 4059 3700 4112 ἐστι

2106 4158 2371 4229 διαφοράς
2403 4154 2540 4209 Οὔτε
2572 4155 2681 4225 γὰρ
2704 4151 2996 4225 μονογενὴς
3023 4150 3165 4222 μετά
3198 4148 3442 4218 ἀδελφῶν
3464 4150 3699 4211 νοεῖται,

2107 4248 2230 4302 οὔτε
2259 4249 2429 4317 χωρὶς
2454 4246 2696 4314 ἀδελφῶν
2728 4247 2756 4299 ὁ
2792 4243 3138 4316 πρωτότοκος
3159 4259 3171 4272 ·
3223 4241 3335 4295 ἀλλ’
3358 4243 3385 4294 ό
3410 4239 3509 4310 μὲν
3541 4254 3703 4310 πρωο

2109 4341 2345 4405 τότοκος,
2379 4337 2672 4408 μονογενὴς
2723 4338 2824 4389 οὐκ
2880 4334 3061 4389 ἔστιν·
3113 4332 3358 4402 ἀδελφῶν
3413 4331 3522 4401 γάρ
3573 4332 3705 4383 ἐστι

431 4435 686 4506 genitus;
741 4433 837 4489 sed
889 4433 1292 4503 primogenitus
1357 4433 1675 4501 unigenitus
1735 4447 1843 4487 non
1899 4439 2004 4494 est,

2111 4432 2328 4495 πάντως
2346 4430 2706 4501 πρωτότοκος·
2725 4430 2755 4482 ὁ
2772 4427 2829 4482 δὲ
2859 4426 3151 4498 μονογενὴς
3174 4424 3397 4493 ἀδελφὸν
3420 4424 3524 4477 οὐκ
3546 4422 3670 4493 ἔχει
3687 4441 3702 4456 ·

434 4526 665 4584 fratrum
690 4525 837 4580 enim
875 4532 959 4580 est
979 4537 1209 4595 prorsus
1231 4523 1661 4592 primogenitus:
1694 4523 2008 4592 unigenitus

431 4636 564 4677 vero
623 4619 848 4674 fratrem
883 4632 994 4671 non
1058 4616 1263 4669 habet:
1326 4629 1435 4668 non
1493 4615 1641 4669 enim
1692 4613 2009 4683 unigenitus

432 4719 604 4774 esset,
662 4710 708 4766 si
761 4724 884 4764 cum
942 4706 1213 4761 fratribus
1266 4714 1673 4759 muneraretur.
1712 4703 2005 4770 Praeterea,

429 4804 592 4873 cujus
615 4801 874 4857 essentiaa
905 4798 1105 4854 fuerint
1130 4798 1331 4853 fratres
1364 4796 1731 4867 primogeniti,
1759 4795 2003 4865 ejusdem

430 4894 657 4949 omnino
687 4892 793 4949 erit
826 4892 989 4946 etiam
1015 4889 1433 4960 primogenitus.
1480 4887 1670 4958 Neque
1702 4888 1804 4942 hoc
1827 4888 2004 4942 solum

431 4988 535 5042 hac
563 5001 700 5042 voce
720 4983 1085 5055 significatur,
1111 4981 1206 5038 sed
1228 4979 1555 5052 etiamquod
1583 4979 1651 5033 ah
1677 4980 1865 5035 eodem
1886 4993 2010 5035 esse

432 5080 617 5145 habet,
668 5079 895 5150 ipseque
940 5076 1358 5148 primogenitus,
1376 5084 1430 5129 et
1460 5076 1552 5145 qui
1577 5084 1698 5146 post
1730 5075 1884 5129 illum
1919 5089 2012 5143 ge-

432 5173 535 5228 niti
569 5181 718 5237 sunt,
755 5171 890 5226 nihil
912 5170 1273 5240 primogenito
1304 5168 1368 5224 ad
1387 5168 1790 5238 generationem
1820 5181 2010 5222 eorum

435 5266 527 5335 qui
567 5265 824 5332 deinceps
848 5270 1150 5318 nascuntur
1181 5262 1502 5317 conferente
1533 5277 1546 5313 :
1582 5262 1655 5315 ita
1689 5268 1746 5315 ut
1780 5275 1874 5329 per
1899 5260 2011 5312 haec

436 5370 543 5409 vox
586 5355 816 5410 Joannis
855 5355 990 5409 l‘alsa
1022 5370 1147 5409 esse
1206 5362 1578 5417 astrueretur,
1618 5369 1740 5422 quae
1782 5357 2014 5408 testatur

438 5446 583 5517 quod
627 5448 809 5500 omnia
842 5463 937 5516 per
962 5448 1139 5516 ipsum
1180 5445 1322 5500 facta
1346 5447 1459 5501 sint
1486 5447 1532 5479 “
1574 5447 1659 5501 :si
1710 5445 1854 5499 enim
1902 5442 2014 5512 pri-

2112 4523 2301 4594 οὐγὰρ
2336 4522 2401 4577 ἂν
2429 4522 2513 4593 εἴη
2575 4520 2867 4592 μονογενὴς
2904 4521 2961 4572 ἐν
2986 4518 3235 4586 ἀδελφοῖς
3272 4517 3703 4588 ἀριθμούμενος.

2113 4611 2223 4664 Καὶ
2252 4610 2331 4661 ἔτι
2362 4607 2497 4679 πρὸς
2523 4598 2953 4676 τούτοις,ἦσπερ
2982 4603 3049 4658 ἂν
3077 4603 3263 4667 οὐσίας
3295 4598 3430 4656 ὦσιν
3456 4603 3507 4655 οἱ
3542 4601 3710 4655 ἁδελ-

2114 4703 2204 4772 φοὶ
2234 4700 2325 4754 τοῦ
2359 4699 2726 4771 πρωτοτόκου,
2773 4698 2872 4768 τῆς
2920 4696 3088 4766 αὐτῆς
3141 4695 3293 4749 ἔσται
3345 4697 3558 4757 πάντως
3607 4697 3712 4748 καὶ

2111 4796 2140 4850 ὁ
2170 4793 2532 4867 πρωτότοκος.
2564 4792 2674 4845 Καὶ
2696 4791 2756 4845 οὐ
2770 4789 2927 4844 τοῦτο
2948 4789 3108 4860 μόνον
3129 4788 3233 4843 ὑπὸ
3249 4789 3345 4859 τῆς
3363 4789 3543 4858 φωνῆς
3563 4789 3711 4843 tati-

2111 4903 2211 4958 της
2239 4883 2582 4956 σημαίνεται,
2617 4882 2729 4937 ἀλλ’
2758 4883 2839 4936 ὃτι
2869 4883 2963 4935 καὶ
2992 4879 3149 4953 παρὰ
3167 4880 3261 4934 τοῦ
3286 4878 3451 4933 αὐτοῦ
3471 4878 3533 4932 τὸ
3554 4876 3713 4933 εἶναι

2112 4979 2247 5049 ἔχει,
2282 4976 2441 5039 αὐτός
2467 4993 2527 5029 τε
2557 4977 2585 5028 ὁ
2613 4975 2975 5046 πρωτότοκος.
3007 4973 3101 5026 καὶ
3141 4973 3190 5026 oi
3226 4970 3339 5042 μετ’
3367 4971 3576 5023 ἐκεῖνον
3602 4987 3707 5039 γε·

2111 5069 2361 5139 νόμενοι·
2410 5068 2560 5122 οὐδὲν
2619 5065 2712 5119 τοῦ
2754 5063 3100 5136 πρωτοτόκου
3145 5063 3281 5133 πρὸς
3321 5060 3417 5132 τὴν
3441 5061 3712 5132 γέννησιν

2114 5160 2221 5214 τῶν
2248 5159 2444 5228 ἐφεξῆς
2464 5156 2923 5226 συνεισφέροντος.
2959 5155 3045 5217 Ὠς
3065 5153 3153 5207 διὰ
3177 5152 3379 5205 τούτων
3408 5150 3581 5221 ψευδῆ
3601 5150 3712 5203 τοῦ

2127 5253 2373 5308 Ἰωάννου
2393 5251 2493 5323 τὴν
2516 5249 2698 5319 φωνὴν
2721 5245 2858 5301 εἶναι
2883 5244 3404 5309 κατασκευάζεσθαι,
3427 5245 3527 5315 τὴν
3551 5261 3709 5315 μαρ-

2117 5344 2386 5415 τυροῦσαν
2411 5345 2493 5397 ὅτι
2520 5344 2695 5396 πάντα
2710 5341 2775 5394 δι’
2805 5339 2970 5394 αὑτοῦ
2999 5339 3232 5408 ἐγένετο.
3262 5338 3323 5390 Ei
3345 5336 3454 5408 γὰρ
3483 5335 3713 5408 πρωτό-

2117 5436 2271 5501 τοκός
2304 5437 2472 5495 ἐστιν,
2510 5434 2691 5504 μόνοις
2721 5434 2832 5495 τοῖς
2860 5431 3001 5486 κατὰ
3040 5431 3132 5483 τὸν
3162 5429 3351 5501 χρόνον
3386 5427 3713 5497 πρεσϐείαις

438 5516 753 5610 tnogenitus
783 5547 889 5600 est,
948 5539 1064 5594 sola
1099 5540 1366 5610 temporis
1416 5537 1772 5611 praerogativa
1811 5535 1881 5591 ab
1927 5535 2006 5590 his

2116 5527 2229 5601 τῶν
2261 5528 2376 5599 μετ’
2410 5524 2571 5580 αὑτὸν
2607 5525 2906 5593 γεγονότων
2949 5521 3193 5592 διαφέρει
3245 5520 3461 5583 πάντως
3486 5533 3501 5549 ’
3534 5516 3712 5573 άλλου

550 5714 596 5752 ίδ
652 5713 809 5771 Joan.
871 5728 911 5783 ι,
964 5715 1018 5769 ὃ.
