4032 6208
406 225 494 278 θοι
1540 222 1816 278 CONTRA
1851 222 2242 287 EUNOMIUM,
2278 223 2401 279 LIB.
2435 221 2497 279 ll.

3546 219 3650 275 502

408 336 549 399 δντος
587 333 655 388 δι’
700 326 763 389 οὗ
807 336 904 389 καὶ
952 337 1129 405 τούτῳ
1170 336 1265 389 καί
1308 337 1416 398 τοῖς
1459 335 1664 399 λοιποῖς
1693 338 1727 406 ὴ
1764 335 1900 405 πρὸς
1919 333 1981 388 τὸ

2107 335 2177 404 [υἱ
2198 343 2388 404 postea
2422 345 2550 389 sunt
2581 331 2752 403 geniti
2785 333 2942 401 plane
2980 329 3187 395 diil‘ert,
3214 346 3339 385 cum
3370 328 3441 384 sit
3473 331 3649 389 alius.

411 423 539 481 εἶναι
564 426 752 495 γέγονε
770 426 1021 498 δύναμις.
1063 428 1202 481 Ἀλλ’
1238 427 1314 491 ὡς
1351 426 1417 480 ἂν
1447 428 1520 498 μή
1545 444 1651 479 τινι
1676 424 1785 479 τῶν
1814 443 1977 479 συκο-

414 517 741 587 φαντούντων
781 518 1038 573 ὑπόνοιαν
1066 518 1307 589 δοίημεν,
1339 518 1412 581 ὼς
1450 518 1524 589 μὴ
1550 517 1978 588 παραδεχόμενοι

410 610 500 676 τὰς
532 609 932 674 θεοπνεύστοος
953 613 1137 679 φωνὰς
1159 610 1227 664 δι’
1247 603 1321 665 ὧν
1344 609 1693 680 ὲνιστάμεθα,
1716 608 1981 680 πρότερον

408 700 498 772 τὴν
518 700 793 772 ἡμετέραν
824 700 1060 754 διάνοιαν
1091 700 1160 771 ἢν
1196 700 1394 771 ἔχομεν
1420 700 1548 771 περὶ
1570 699 1675 753 τῶν
1704 700 1983 770 ὀνομάτων

408 791 606 845 τούτων
631 789 1062 862 παῳθησόμεθα
1083 806 1097 822 ⁸
1125 785 1224 845 εἶθ’
1246 789 1389 845 οὕτω
1429 791 1528 862 τὴν
1580 789 1678 844 τοῦ
1715 789 1984 861 βελτίονος

376 855 388 960 ί
409 882 585 955 κρίσιν
603 855 1108 952 τοϊς-ἀκροωμένοις
1132 855 1529 953 προσθήσομεν.
1548 882 1605 936 '0
1637 855 1811 951 μέγας
1840 878 1986 934 Παῦ-

409 973 494 1038 λος
526 972 681 1037 εἰδὼς
706 974 789 1026 ὅτι
822 972 1021 1035 παντὸς
1066 970 1274 1041 ἀγαθοῦ
1332 971 1575 1043 ἀρχηγός
1592 988 1653 1024 τε
1687 971 1783 1025 καὶ
1815 972 1985 1033 αἴτιος

409 1066 438 1119 ό
463 1065 758 1136 μονογενής
797 1065 914 1117 ἐστι
956 1063 1111 1127 Θεὸς,
1144 1064 1173 1117 ό
1198 1065 1257 1116 ὲν
1296 1064 1430 1117 πᾶσι
1463 1062 1782 1133 πρωτεύων,
1816 1078 1986 1132 προσ-

414 1157 678 1227 μαρτυρεῖ
724 1154 875 1226 αὐτῷ
925 1155 987 1208 τὸ
1023 1155 1097 1226 μὴ
1138 1154 1299 1225 μόνον
1335 1154 1435 1224 τὴν
1470 1153 1579 1208 τῶν
1610 1153 1780 1207 ὄντων
1810 1153 1988 1205 κτίσιν

408 1247 473 1302 δι’
508 1248 721 1302 ἐκείνου
762 1246 1040 1316 γενέσθαι,
1075 1247 1190 1301 ἀλλ’
1235 1247 1319 1301 ὅτι
1365 1246 1466 1316 τῆς
1495 1245 1729 1317 ἀρχαίας
1757 1244 1867 1298 τῶν
1896 1244 1990 1298 ἀν-

411 1340 645 1415 θρώπων
674 1342 903 1407 κτίσεως
936 1342 1344 1414 παλαιωθείσης
1362 1358 1422 1396 τε
1450 1342 1544 1397 καὶ
1582 1340 1989 1410 ἀφανισθείσης,

411 1432 594 1497 καθὼς
639 1433 805 1496 αὐτὸς
854 1433 1134 1505 ὀνομάζει,
1165 1433 1333 1505 ἄλλης
1364 1434 1419 1489 δὲ
1448 1433 1641 1503 καινῆς
1677 1434 1908 1495 κτίσεως
1935 1433 1993 1484 ὲν

407 1524 631 1596 Χριστῷ
683 1527 1003 1597 γενομένης,
1042 1526 1165 1580 οὐδὲ
1192 1526 1400 1598 ταύτης
1436 1525 1595 1591 ἄλλος
1636 1543 1721 1588 τις
1749 1523 1992 1597 καθηγή-

409 1632 539 1669 σατο
569 1633 583 1647 ·
624 1616 761 1671 ἀλλά
786 1618 964 1689 πάσης
1003 1618 1102 1688 τῆς
1127 1616 1215 1670 διὰ
1255 1616 1349 1670 τοῦ
1391 1615 1723 1686 Εὐαγγελίου
1766 1616 1875 1670 τῶν
1902 1616 1996 1671 ἀνι·

2085 441 2182 496 per
2201 441 2362 495 quem
2389 433 2444 480 et
2488 424 2615 478 huic
2646 432 2701 478 et
2727 423 2957 493 reliquis
2983 422 3105 485 fuit,
3143 430 3201 475 ut
3235 429 3446 484 essent,
3496 431 3653 492 pote—

2083 526 2217 571 stas.
2257 514 2363 569 Sed
2411 531 2476 569 ne
2503 514 2593 569 cui
2633 529 2821 567 eorum
2855 514 2949 584 qui
2989 513 3316 567 calumniari
3348 513 3526 568 solent
3563 528 3657 569 su-

2096 606 2345 677 spicandi
2406 605 2754 660 occasionem
2812 604 3040 665 demus,
3112 603 3258 673 quod
3316 618 3347 657 a
3417 604 3526 659 Deo
3574 604 3658 658 in.

2097 698 2333 767 spiratas
2359 712 2521 751 voces
2551 710 2661 749 non
2693 695 3053 759 admittimus,
3082 710 3221 765 quas
3249 701 3441 749 contra
3476 695 3656 750 insur—

2088 788 2291 857 gimus.
2339 787 2491 855 prius
2543 792 2785 840 nostram
2821 784 3170 849 sententiam,
3222 797 3387 853 quam
3455 784 3521 838 de
3576 783 3660 839 his

2090 878 2409 934 nominibus
2435 878 2723 942 habemus,
2754 890 3119 946 apponemus,
3148 874 3346 929 deinde
3366 875 3446 929 sic
3467 875 3662 929 melio—

2089 972 2166 1024 ris
2200 970 2470 1040 judicium
2511 967 2861 1023 audientibus
2885 964 3227 1034 adjiciemns.
3260 965 3487 1037 Magnus
3521 965 3665 1020 Pau-

2091 1064 2197 1126 lus,
2243 1063 2425 1118 sciens
2453 1062 2595 1131 quod
2628 1060 2808 1115 omnis
2868 1060 2997 1113 boni
3043 1058 3298 1127 princeps
3356 1067 3410 1111 et
3473 1064 3666 1111 auctor

2094 1134 2418 1223 ﬁnigenitus
2442 1160 2522 1206 est
2544 1149 2707 1213 Deus,
2737 1150 2830 1219 qui
2848 1150 2904 1204 in
2923 1151 3174 1204 omnibus
3197 1149 3402 1218 primas
3425 1156 3569 1203 tenet
3597 1148 3662 1207 “.

2094 1249 2422 1303 attestatur,
2481 1254 2589 1293 non
2643 1239 2818 1294 solum
2876 1252 3064 1292 eorum
3133 1253 3256 1307 quae
3310 1244 3467 1301 sunt,
3526 1253 3668 1291 crea-

2100 1334 2304 1389 tionem
2339 1348 2437 1403 per
2486 1318 2640 1386 illum
2694 1330 2892 1385 iactam
2927 1345 3069 1393 esse,
3124 1329 3218 1384 sed
3250 1329 3396 1400 quod
3442 1329 3667 1399 antiqua

2095 1425 2377 1479 hominum
2434 1421 2715 1478 creatione
2760 1428 3142 1477 veterascente
3166 1428 3221 1475 et
3278 1406 3666 1481 evanesrentc,
3770 1479 3780 1489 ,

2097 1518 2240 1573 sicut
2263 1517 2381 1586 ipse
2416 1515 2684 1579 nominat,
2712 1513 2816 1567 alia
2852 1526 2992 1567 nova
3033 1513 3095 1579 in
3120 1510 3344 1567 Christo
3388 1511 3672 1567 creatione

2099 1608 2264 1674 facta,
2324 1605 2511 1661 nullus
2551 1604 2693 1660 alius
2732 1604 2897 1673 hujus
2949 1603 3050 1659 fuit
3085 1604 3194 1659 dux
3236 1612 3292 1659 et
3330 1612 3541 1670 auctor,
3579 1602 3673 1659 sed

404 1703 648 1778 θρώπων
668 1706 967 1777 γενομένης
1008 1706 1258 1772 κτίσεως,
1292 1706 1455 1770 αὑτός
1485 1707 1632 1758 ἐστιν
1662 1707 1690 1759 ὁ
1720 1703 1996 1776 πρωτότο-

2107 1700 2301 1767 omnis,
2344 1714 2468 1770 qua:
2508 1713 2604 1767 per
2648 1696 3005 1768 Evangelium
3049 1696 3193 1751 facta
3224 1707 3331 1760 est,
3380 1697 3713 1752 creationis-

402 1813 524 1863 κος.
555 1799 670 1856 Καὶ
725 1800 801 1862 ὼς
843 1797 908 1853 ἂν
945 1799 1277 1871 σαφέστερον
1309 1800 1520 1868 γένοιτο
1549 1799 1613 1854 τδ
1642 1800 1771 1871 περὶ
1807 1797 1994 1851 τούτου

398 1890 610 1962 νόημα,
633 1890 834 1944 οὑτωσὶ
871 1891 962 1945 τὸν
988 1891 1144 1960 λόγον
1171 1891 1569 1963 διαληψόμεθα.
1599 1891 1867 1962 ’τετράκις
1900 1890 1997 1959 τῆς

400 1977 595 2048 φωνῆς
614 1976 821 2050 ταύτης
853 1978 1124 2050 μέμνηται
1143 1980 1174 2033 ό
1190 1979 1330 2045 θεῖος
1345 1980 1666 2045 ’Δπόστολος
1684 1997 1698 2011 ο
1731 1979 1877 2044 ἅπαξ
1900 1980 1998 2051 μὲν

394 2068 587 2136 οὕτως
611 2069 785 2125 εἰπών
802 2089 815 2101 ’
843 2072 927 2125 ὃτι
955 2073 1335 2142 Πρωτότοκος
1361 2072 1564 2140 πάσης
1583 2074 1833 2139 κτίσεως
1850 2090 1863 2104 ·
1889 2073 1994 2127 πά-

398 2162 491 2216 λιν
513 2162 574 2217 δέ
593 2164 680 2218 δτι
699 2164 1076 2234 Πρωτότοκος
1089 2166 1161 2219 ἐν
1179 2166 1433 2232 πολλοῖς
1449 2166 1733 2236 ἀδελφοῖς
1748 2183 1760 2195 ·
1793 2168 1857 2220 ὲκ
1881 2166 1998 2236 τρί-

399 2269 504 2305 του
530 2252 613 2315 δὲ,
647 2254 730 2307 ὅτι
754 2254 1131 2322 Πρωτότοκος
1149 2255 1217 2308 ἐκ
1242 2254 1361 2308 τῶν
1373 2253 1627 2323 νεκρῶν
1662 2254 1799 2324 μετά
1830 2252 2003 2308 ταῦτα

403 2343 468 2397 δὲ
489 2343 764 2398 ἀπόλυτόν
791 2362 850 2399 τε
882 2347 977 2401 καὶ
1007 2343 1254 2416 ἀσυζυγῆ
1276 2346 1376 2417 τὴν
1404 2346 1587 2416 φωνὴν
1618 2346 1997 2416 παρατίθεται,

414 2436 585 2488 εἰπών
606 2452 622 2467 ο
664 2436 840 2490 Ὅταν
866 2436 935 2491 δὲ
956 2435 1145 2491 πάλιν
1175 2437 1465 2507 εἰσαγάγῃ
1488 2437 1594 2491 τὸν
1625 2438 2003 2507 πρωτότοκον

418 2530 508 2593 αις
533 2527 649 2596 τὴν
675 2528 1033 2598 οἰκουμένην
1049 2529 1236 2599 λέγει’
1266 2531 1371 2584 Καὶ
1399 2528 2005 2598 προσκυνησάτωσαν

422 2616 581 2684 αὐτῷ
605 2618 829 2685 πάντες
854 2618 1092 2689 ἄγγελοι
1133 2620 1303 2674 Θεοῦ.
1346 2618 1557 2675 Οὐκοῦν
1584 2619 1762 2691 ἥνπερ
1797 2619 1865 2674 ἂν
1888 2619 2003 2673 διά-

427 2728 571 2765 νοιαν
599 2712 692 2764 ἐπὶ
723 2710 831 2764 τῶν
860 2710 1033 2767 ἀλλων
1092 2711 1364 2780 ουξυγιῶν
1388 2710 1482 2764 τοῦ
1519 2712 1781 2784 ὀνόματος
1814 2710 2001 2764 τούτου

432 2804 868 2874 κατανοήσωμεν,
913 2801 1222 2867 ἀκολούθως
1255 2802 1354 2874 τὴν
1394 2803 1562 2874 αὐτὴν
1602 2804 1696 2856 καὶ
1736 2801 1814 2873 τῷ
1852 2820 2002 2874 πρω-

433 2894 630 2965 τοτόκῳ
654 2897 756 2966 τῆς
780 2894 1009 2959 κτίσεως
1028 2896 1432 2968 ἐφαρμόσομεν.
1463 2896 1608 2958 Md;
1644 2894 1751 2967 γὰρ
1783 2894 1875 2948 καὶ
1903 2897 2002 2965 τῆς

438 2983 602 3055 αὐτῆς
614 2983 780 3055 οὔσης
809 2987 1012 3056 φωνῆς,
1043 2986 1254 3058 ἀνάγκη
1292 2988 1440 3041 πᾶσα
1471 2987 1598 3057 μίαν
1627 2982 1766 3040 εἶναι
1797 2988 1892 3040 καὶ
1905 2986 2005 3057 τὴν

441 3074 839 3147 σημαινομένην
877 3075 1134 3129 διάνοιαν.
1170 3075 1294 3140 Πῶς
1325 3077 1535 3146 γίνεται
1579 3077 1757 3131 τοίνυν
1792 3076 2007 3147 πρωτό-

441 3181 587 3229 τοκος
622 3169 679 3219 ὲν
695 3165 909 3231 πολλοῖς
955 3166 1224 3235 ἀδελφοῖς,
1255 3167 1372 3231 πῶς
1398 3168 1455 3221 δὲ
1493 3169 1699 3240 νεκρῶν
1727 3167 2006 3239 πρωτότο-

442 3272 554 3320 κος,
581 3253 616 3328 ἦ
642 3256 801 3311 τοῦτο
831 3258 1046 3322 πάντως
1071 3260 1189 3312 ἐστὶ
1217 3258 1539 3328 δῆλονςὌπ
1567 3260 1656 3314 διὰ
1681 3260 1741 3314 τὸ
1758 3260 2007 3329 γενέσθαι

443 3350 582 3416 ἡμᾶς
607 3344 743 3420 αἷμα
779 3351 882 3403 καὶ
917 3350 1115 3422 σάρκα,
1160 3350 1342 3415 καθώς
1385 3370 1548 3423 φησιν
1578 3355 1612 3423 ἡ
1648 3353 1857 3424 Γραφὴ,
1885 3355 1913 3406 ὁ
1939 3352 2009 3406 δι’

448 3439 584 3508 ἡμᾶς
611 3441 899 3510 γενόμενος
928 3441 1051 3495 καθ’
1083 3444 1254 3513 ἡμᾶς,
1282 3443 1375 3498 καὶ
1406 3445 1608 3515 σαρκὸς
1653 3445 1746 3498 καὶ
1780 3446 2010 3515 αἵματος

450 3533 788 3604 κοινωνήσας,
827 3532 1034 3604 μέλλων
1058 3535 1209 3605 ἡμᾶς
1231 3539 1542 3605 μεταποιεῖν
1559 3539 1621 3589 ὲκ
1647 3537 1742 3590 τοῦ
1770 3535 2013 3606 φθαρτοῦ

454 3626 578 3695 πρὸς
621 3626 682 3679 τὸ
722 3626 1022 3695 ἄφθαρτον,
1059 3627 1146 3680 διὰ
1177 3628 1273 3697 τῆς
1304 3628 1508 3681 ἄνωθεν
1549 3631 1868 3699 γεννήσεως,
1913 3629 2012 3700 τῆς

451 3712 515 3766 δι’
534 3714 714 3779 ὓδατος
742 3717 837 3769 καὶ
878 3715 1215 3786 Πνεύματος,
1248 3717 1405 3781 αὐτὸς
1434 3717 1529 3771 τοῦ
1570 3717 1810 3771 τοιούτου
1846 3718 2010 3771 τόκου

455 3809 827 3883 καθηγήσατο,
872 3811 958 3865 διὰ
1005 3811 1099 3873 τοῦ
1155 3811 1283 3864 ἰδίου
1339 3810 1709 3881 βαπτίσματος
1755 3809 1816 3862 τδ
1861 3809 2014 3877 ἅγιον

456 3900 664 3973 Πνεῦμα
701 3904 794 3956 ἐπὶ
824 3902 885 3955 τὸ
912 3901 1055 3973 ὕδωρ
1105 3901 1550 3971 ἐπισπασάμενος
1577 3916 1590 3929 °
1622 3900 1762 3955 ὥστε
1797 3900 2015 3955 πάντων

454 3991 555 4046 τῶν
583 3992 965 4065 πνευματικῶς
998 3993 1456 4063 ἀναγεννωμένων
1485 3991 1827 4063 πρωτότοκον
1853 3990 2015 4044 αὑτὸν

458 4082 712 4150 γενέσθαι,
739 4084 835 4138 καὶ
876 4084 1139 4153 ἀδελφοὺς
1184 4082 1448 4154 ὀνομάσαι
1492 4083 1619 4146 τοὺς
1669 4082 1771 4152 τῆς
1826 4081 2017 4153 ὁμοίας

459 4173 607 4228 αὖτοῦ
624 4174 710 4230 διὰ
732 4174 824 4228 τοῦ
838 4174 1027 4238 ὕδατος
1054 4175 1150 4229 καὶ
1173 4174 1267 4228 τοῦ
1284 4173 1422 4229 Πνεύ
1432 4191 1599 4245 ματος
1617 4173 2018 4245 μετεσχηκότας

460 4268 765 4338 γεννήσεως.
808 4266 960 4320 Ἐπεὶ
1006 4266 1063 4321 δὲ
1104 4267 1199 4320 καὶ
1224 4267 1323 4336 τῆς
1350 4268 1416 4320 ὲκ
1442 4266 1652 4338 νεκρῶν
1672 4266 2019 4328 ἀναστάσεως

463 4355 730 4411 ἔδειαὺτὸν
758 4357 1116 4412 ὲναποθέσθαι
1143 4360 1209 4429 τῇ
1236 4358 1395 4427 φύσει
1431 4359 1530 4429 τὴν
1566 4357 1815 4427 δύναμιν,
1856 4357 2018 4410 πάλιν

461 4447 654 4514 γίνεται
680 4449 905 4520 ἀπαρχὴ
944 4450 1053 4502 τῶν
1074 4448 1508 4520 κεκοιμημένων,
1543 4449 1637 4502 καὶ
1675 4449 2017 4520 πρωτότοκος

462 4539 521 4593 ὲκ
543 4540 646 4596 τῶν
673 4540 903 4613 νεκρῶν,
938 4542 968 4594 ὁ
1000 4541 1215 4611 πρῶτος
1241 4540 1306 4593 δι’
1333 4539 1527 4594 ἑαυτοῦ
1570 4542 1739 4605 λύσας
1760 4539 1859 4602 τὰς
1892 4539 2018 4592 ὼδί-

461 4648 546 4698 νας
587 4634 679 4687 τοῦ
723 4633 957 4688 θανάτου
980 4650 993 4662 ·
1016 4633 1156 4687 ὥστε
1192 4635 1286 4687 καὶ
1335 4636 1465 4705 ἡμῖν
1501 4631 1880 4703 ὁδοποιηοῆναι
1920 4631 2019 4702 τὴν

460 4726 518 4778 ἐκ
541 4725 633 4780 τοῦ
663 4727 895 4782 θανάτου
945 4727 1385 4797 παλιγγενεσίαν,
1433 4727 1519 4779 διὰ
1546 4727 1644 4796 τῆς
1676 4726 1771 4778 τοῦ
1817 4725 2020 4794 Κυρίου

454 4819 792 4882 ἀναστάσεως
818 4821 920 4889 τῆς
969 4818 1156 4882 ὠδῖνος
1185 4818 1277 4872 τοῦ
1326 4819 1556 4872 θανάτου
1591 4817 1862 4887 λυθείσης,
1887 4819 1945 4868 ὲν
1977 4810 2022 4885 ᾧ

449 4910 843 4981 κατειχόμεθα.·
863 4911 1075 4982 Ὥσπερ
1112 4906 1206 4964 οὖν
1248 4908 1533 4981 μετασχὼν
1556 4907 1655 4979 τῆς
1686 4908 1773 4962 διά
1797 4907 2023 4978 λουτροῦ

444 5001 875 5072 ἀναγεννήσιως,
907 5000 1149 5070 ἀδελφῶν
1173 5002 1515 5071 πρωτότοκος
1543 5000 1749 5067 γίνεται
1772 5014 1785 5027 ·
1815 4999 1907 5051 καὶ
1924 4999 2026 5052 πά-

438 5088 530 5143 λιν
567 5091 822 5163 ἀπαρχὴν
850 5094 949 5162 τῆς
994 5092 1342 5154 ἀναστάσεως
1382 5090 1542 5144 αὑτὸν
1589 5091 1842 5158 ποιήσας,
1879 5105 2027 5159 πρω-

2100 1796 2218 1865 ipse
2240 1802 2323 1848 est
2374 1791 2791 1862 primogenitus.
2833 1790 3012 1860 Atque
3040 1800 3099 1845 ut
3141 1790 3435 1845 dilucidior
3474 1800 3529 1848 et
3565 1792 3676 1846 cla-

2105 1886 2217 1940 rior
2234 1891 2423 1939 nostra
2450 1882 2519 1937 de
2548 1882 2653 1936 hoc
2691 1882 2969 1937 elucescat
3012 1881 3296 1951 cogitatio,
3349 1884 3430 1940 sic
3469 1899 3677 1939 sermo-

2103 1992 2225 2034 nem
2271 1976 2646 2046 dispesccmus
2676 1973 3002 2044 (a):Quater
3041 1973 3203 2043 hujus
3235 1974 3386 2029 vocis
3430 1976 3679 2029 meminit

2103 2072 2322 2127 divinus
2396 2069 2732 2140 Apostolus;
2820 2067 2986 2123 semel
3050 2067 3130 2120 sic
3198 2067 3453 2133 locutus,
3534 2068 3677 2138 quod

2101 2162 2478 2235 primogenita:
2558 2161 2726 2216 cumis
2784 2168 3043 2214 creatum
3099 2159 3143 2191 “
3192 2158 3474 2225 :iternm,
3532 2161 3676 2229 quod

2102 2255 2482 2328 primogenita:
2532 2254 2588 2309 in
2636 2253 2821 2307 multis
2875 2249 3135 2321 fratribus
3175 2252 3259 2305 ’τε
3324 2252 3509 2315 tertio,
3538 2254 3679 2323 quod

2112 2349 2491 2420 primogenita:
2544 2363 2610 2403 ex
2659 2347 2885 2403 mortuis
2931 2346 3010 2403 “z
3062 2357 3323 2418 przeterea
3373 2348 3681 2403 absolutam

2106 2457 2214 2498 non
2243 2443 2554 2514 copulatam
2594 2456 2776 2511 neque
2807 2439 2875 2494 ad
2921 2439 3070 2493 aliud
3096 2438 3324 2495 relatam
3359 2453 3546 2495 vocem
3591 2454 3681 2508 ap-

2106 2536 2280 2606 ponit,
2301 2549 2424 2590 cum
2458 2532 2630 2589 dixit:
2668 2530 2803 2589 Cum
2839 2542 3015 2588 autem
3044 2532 3247 2587 inducit
3283 2532 3683 2603 primogenitum

2103 2630 2157 2682 in
2184 2628 2357 2682 orbem
2384 2636 2647 2681 terrarum
2692 2625 2863 2680 dicit:
2922 2623 2989 2679 Et
3024 2623 3244 2680 adorent
3291 2625 3462 2693 ipsum
3509 2638 3684 2675 omnes

2119 2721 2297 2791 angeli
2326 2719 2423 2775 Dei
2451 2720 2531 2772 ¹⁹.
2573 2717 2718 2790 Ergo
2770 2732 2934 2788 quam
2981 2716 3398 2788 intelligentiam
3447 2715 3503 2768 in
3566 2714 3684 2768 aliis

2109 2812 2584 2884 conjugationihns
2598 2809 2842 2865 nominis
2865 2807 3028 2878 hujus
3053 2806 3236 2862 animo
3252 2805 3686 2876 conceperimus.

2107 2901 2758 2975 consequenter-eamdem
2779 2900 3140 2973 primogenito
3160 2898 3452 2955 creationis
3472 2912 3686 2953 accom-

2106 2994 2451 3049 modabimns
2472 3012 2485 3048 :
2506 3008 2631 3047 cum
2646 2992 2793 3050 enim
2808 2993 2878 3048 sit
2892 3006 2996 3047 una
3012 2990 3311 3060 eademque
3328 3005 3450 3055 vox,
3470 3003 3689 3044 necesse

2107 3097 2192 3143 est
2226 3101 2410 3149 unam,
2446 3101 2566 3154 qu.e
2592 3100 2687 3154 per
2712 3099 2832 3140 eam
2856 3083 3223 3154 signiﬁcatur,
3239 3098 3362 3137 esse
3391 3081 3690 3151 intelligen-

2108 3179 2260 3232 tiam.
2280 3175 2564 3244 Quomodo
2586 3175 3419 3247 igiturnasciturprimogenitus
3437 3172 3491 3227 in
3512 3171 3692 3226 multis

2111 3268 2406 3331 fratribus,
2463 3267 2744 3337 quomodo
2784 3276 3125 3321 mortuorum
3174 3264 3584 3336 primogenitus,
3625 3277 3692 3316 an

2111 3361 2215 3416 hoc
2254 3375 2479 3431 prorsus
2518 3369 2602 3415 est
2640 3358 3027 3429 perspicuum?
3057 3357 3349 3427 Pr0pterea
3394 3356 3539 3423 quod
3597 3371 3695 3410 nos

2110 3454 2429 3509 natisumus
2461 3452 2685 3522 sanguis
2702 3460 2756 3506 et
2785 3465 2936 3516 caro,
2962 3451 3106 3507 sicut
3137 3449 3271 3504 dicit
3299 3448 3580 3519 Scriptura
3599 3448 3645 3479 ’°
3679 3466 3693 3513 ;

2111 3542 2205 3613 qui
2244 3550 2424 3598 autem
2460 3550 2680 3612 propter
2719 3557 2853 3607 nos,
2912 3541 3210 3598 secundmn
3254 3557 3356 3596 nos
3397 3549 3558 3594 natus
3591 3546 3695 3601 est,

2112 3632 2297 3686 carnis
2331 3640 2387 3686 ct
2432 3632 2715 3702 sanguinis
2767 3633 3060 3703 particeps,
3104 3646 3204 3685 nos
3259 3646 3325 3685 ex
3358 3629 3696 3699 corruptibili

2114 3724 2180 3778 ad
2210 3726 2622 3795 incorruptibile
2642 3725 3021 3779 vindicaturus
3043 3738 3137 3793 per
3158 3736 3447 3791 supernam
3481 3735 3699 3790 genera-

2116 3820 2338 3882 tionem,
2368 3834 2489 3888 qua:
2514 3828 2597 3871 est
2642 3833 2737 3887 per
2784 3830 2981 3886 aquam
3009 3823 3061 3868 et
3088 3814 3373 3883 Spiritum,
3414 3812 3530 3880 ipse
3577 3810 3697 3864 talis

2117 3919 2305 3982 partus
2344 3909 2452 3964 dux
2492 3910 2733 3972 exstitit,
2770 3924 2865 3979 per
2900 3921 3060 3962 suum
3105 3904 3405 3973 baptisma,
3448 3913 3694 3957 sanctum
3786 3946 3787 3949 η

2119 4001 2379 4072 Spiritum
2412 4002 2466 4056 in
2497 4017 2691 4072 aquam
2724 3998 3005 4053 attrahens
3028 3999 3068 4028 ¹¹
3098 4016 3109 4050 :
3142 3997 3214 4049 ita
3252 4005 3308 4049 ut
3337 3998 3577 4048 oumium
3604 3993 3695 4062 qui

2119 4093 2475 4163 spiritualiter
2533 4098 2927 4163 regenerautur
2983 4090 3102 4157 ipse
3162 4090 3234 4143 sit
3285 4086 3694 4158 primogenitus,

2122 4185 2429 4254 fratresque
2465 4185 2706 4238 nominet
2750 4196 2846 4237 eos
2891 4182 2985 4250 qui
3041 4181 3239 4235 similis
3265 4197 3388 4234 cum
3439 4180 3558 4249 ipso
3605 4194 3700 4248 per

2122 4293 2317 4347 aquam
2364 4283 2419 4331 et
2463 4273 2724 4342 Spiritum
2761 4273 3130 4344 generationis
3179 4273 3305 4327 facti
3363 4280 3489 4326 sunt
3532 4273 3701 4342 parti-

2052 4369 2293 4460 Dcipes.
2346 4364 2615 4430 Quoniam
2660 4380 2790 4419 vero
2840 4364 3002 4418 ctiam
3051 4380 3145 4433 per
3188 4378 3343 4416 suam
3386 4378 3414 4413 ιι
3469 4360 3700 4415 mortuis

2124 4455 2580 4512 resurrectionem
2606 4456 2782 4525 ipsum
2827 4455 3012 4511 indere
3038 4457 3140 4509 vim
3196 4462 3407 4509 natura:
3452 4455 3702 4508 humana:

2126 4546 2191 4600 ad
2216 4544 2608 4616 resurgendum
2639 4547 2944 4616 oportebat.
2998 4562 3187 4601 rursus
3225 4546 3283 4601 lit
3315 4547 3700 4601 dormientium

2127 4638 2398 4709 primitia',
2433 4646 2487 4693 et
2515 4639 2915 4708 primogenitus
2940 4654 3006 4692 ex
3062 4638 3313 4700 mortuis,
3357 4637 3448 4707 qui
3496 4636 3703 4705 primus

2128 4747 2223 4802 per
2245 4731 2484 4800 seipsum
2521 4731 2713 4784 mortis
2743 4730 2963 4785 dolores
2994 4731 3217 4785 resolvit
3248 4748 3260 4784 :
3292 4731 3365 4784 ita
3399 4740 3457 4783 ut
3483 4729 3640 4782 nobis
3676 4747 3702 4778 ιι

2128 4830 2301 4877 morte
2358 4822 2431 4875 sit
2485 4820 2754 4891 patefacta
2818 4822 2902 4874 via
2954 4823 3017 4875 ad
3067 4822 3556 4891 regenerationem,
3613 4836 3706 4887 per

2129 4913 2339 4969 Domini
2380 4912 2838 4968 resurrectionem
2882 4914 3077 4968 inertis
3115 4914 3397 4968 doloribus
3427 4912 3701 4965 resolutis.

2126 5005 2182 5059 in
2210 5022 2313 5074 qua
2337 5005 2728 5060 detinebantur.
2756 5004 3219 5070 Quemadmodum
3244 5004 3410 5073 igitur
3435 5002 3706 5071 particeps

2129 5096 2303 5151 factus
2348 5097 2465 5165 ejus
2509 5114 2631 5169 qua:
2678 5099 2735 5150 lit
2788 5113 2882 5166 per
2922 5097 3197 5149 lavacrum
3250 5092 3701 5163 rcgcnerationis,

438 5183 668 5245 τότοκος
705 5186 769 5237 ὲκ
796 5182 905 5237 τῶν
948 5183 1156 5253 νεκρῶν
1196 5182 1539 5252 ὀνομάζεται,
1584 5181 1754 5243 οὕτως
1795 5182 1853 5233 ἐν
1894 5182 2003 5234 πᾶσ

2131 5186 2360 5239 fratrum
2407 5187 2803 5257 primogenitus
2852 5185 3120 5251 edicitur;
3173 5200 3364 5239 rursus
3405 5182 3566 5237 etiam
3612 5184 3704 5253 qui

436 5274 762 5346 πρωτεύων.
829 5275 983 5328 Μετὰ
1027 5276 1086 5327 τὸ
1129 5275 1415 5345 παρελθεῖν
1460 5274 1527 5327 τὰ
1579 5276 1779 5345 ἀρχαῖα
1815 5274 2022 5335 πάντα.

2135 5279 2375 5345 scipsum
2411 5280 2827 5332 resurrectionis
2880 5278 3144 5347 primitias
3203 5275 3350 5341 fecit,
3385 5289 3452 5329 ex
3480 5276 3704 5328 mortuis

518 5430 567 5501 ξ’
611 5428 901 5501 Colossi,
958 5429 1044 5483 18.
1081 5431 1166 5501 ﬂ"
1204 5429 1333 5501 ibid.
1372 5430 1501 5501 l5._
1537 5429 1577 5458 ¹⁷
1640 5426 1793 5481 Rulli.
1833 5444 1949 5492 rut,
1995 5432 2003 5481 ἵ

2167 5433 2207 5463 ¹⁸
2257 5430 2273 5483 l
2326 5430 2450 5485 Cor.
2501 5446 2589 5495 xv,
2622 5429 2726 5498 20;
2792 5431 3017 5501 Apocal.
3058 5446 3095 5496 ι,
3141 5401 3228 5484 5(
3288 5430 3331 5464 ¹⁹
3362 5428 3525 5485 llebr.
3574 5442 3617 5497 ι,
3649 5426 3704 5484 ὃ·

440 5495 675 5554 "Joan.
714 5516 752 5562 I,
798 5500 876 5554 1⁸5.
967 5502 1009 5531 ’³
1077 5499 1265 5552 Matth.
1304 5516 1386 5565 ιιι,
1448 5499 1507 5551 13
1559 5516 1679 5567 sqq.

518 5638 597 5711 (α)
623 5638 753 5694 Vide
778 5680 791 5704 ,
825 5650 954 5694 lout.
995 5656 1169 5710 semp,
1210 5647 1346 5693 ornt.
1392 5639 1460 5690 De
1498 5638 1729 5706 perferto
1769 5636 1970 5691 Christi
1996 5636 2186 5691 forma.
2240 5714 2245 5715 γ
