4032 6208
409 184 517 240 503
1645 187 1704 244 ὃ.
1745 189 2070 244 GREGORII
2115 194 2404 244 NYSSENI
3569 187 3669 244 ξ’)οδ

410 302 808 370 primogenitae
853 306 1190 369 nominatur,
1251 306 1331 359 sic
1374 307 1516 361 inter
1559 323 1752 363 omnes
1781 311 1987 379 princi-

2097 317 2272 380 καθὼς
2314 335 2474 386 φησιν
2515 318 2542 367 ό
2587 316 2931 378 Ἀπόστολος,
2970 316 3065 383 τῆς
3112 315 3301 380 καινῆς
3347 312 3406 362 ἐν
3455 310 3669 381 Χριστῷ

410 403 528 459 pem
553 390 731 447 locum
756 394 1028 449 obtinens.
1063 394 1363 465 Postquam
1401 405 1582 453 vetera
1627 400 1810 454 omnia
1848 417 1984 470 pra:-

2097 409 2321 471 κτίσεως
2358 409 2464 460 τῶν
2503 407 2803 479 ἀνθρώπων
2844 406 3183 476 πρωτότοκος
3212 403 3438 471 γίνεται,
3458 400 3546 455 διὰ
3574 402 3670 465 τῆς

409 482 710 550 terierunt,
746 486 890 541 sicut
925 485 1003 539 ait
1041 486 1337 556 Apostolus
1377 489 1444 552 “,
1477 503 1631 544 novae
1680 490 1735 545 in
1767 490 1993 549 Christo

2097 498 2285 567 διπλῆς
2300 500 2736 569 παλιγγενεσίας,
2753 498 2854 568 τῆς
2876 514 2936 549 τε
2953 497 3094 550 κατά
3114 496 3178 548 τὸ
3194 496 3347 562 ἆγιον
3366 493 3668 563 βάπτισμα,

407 576 703 630 creationis
767 576 1050 631 hominum
1108 579 1519 648 promogcnitus
1576 580 1831 647 eﬂicitur,
1900 599 1994 652 per

2097 590 2188 642 καὶ
2198 591 2296 661 τῆς
2317 592 2381 644 ἐκ
2399 590 2606 662 νεκρῶν
2623 588 2991 651 ἀναστάσεως,
3011 588 3249 659 ἀρχηγὸς
3266 584 3365 655 τῆς
3386 583 3530 654 ζωῆς
3550 584 3670 637 καθ’

407 665 676 733 duplicem
702 670 1188 735 regenerationem,
1208 678 1263 723 et
1289 686 1383 737 per
1417 676 1667 725 sanctum
1700 672 1990 741 baptisma,

2097 682 2352 751 ἑκάτερον
2379 684 2512 752 ἡμῖν
2528 682 2832 752 γενόμενος,
2851 681 2944 734 καὶ
2956 679 3178 750 ἀπαρχὴ
3195 678 3287 730 καὶ
3307 677 3667 748 πρωτότοκος.

408 764 461 810 et
502 771 599 826 per
633 760 1091 815 resurrectionem
1133 777 1165 816 a
1198 762 1452 826 mortuis,
1487 763 1598 816 dux
1644 772 1700 817 et
1737 765 1993 834 princeps

2097 768 2261 835 Οὗτος
2273 769 2368 826 οὖν
2383 776 2411 826 ό
2426 772 2765 843 πρωτότοκος
2780 772 2873 825 καὶ
2894 770 3153 839 ἀδελφοὺς
3173 768 3305 838 ἔχει,
3328 784 3395 820 πε
3404 767 3457 838 pi.
3472 760 3546 819 ὧν
3569 782 3671 837 φη-

410 850 534 904 vita:
580 864 677 920 per
717 862 1006 922 utramque
1058 852 1217 907 nobis
1266 852 1465 916 factus,
1518 860 1574 906 et
1622 852 1895 922 primitiae,
1941 864 1995 907 et

2097 884 2147 919 σι
2168 865 2301 937 πρὸς
2320 866 2418 937 τὴν
2430 866 2667 937 Μαρίαν,
2682 866 2763 918 ὅτι
2816 864 3141 932 Πορεύομαι
3160 861 3309 929 πρὸς
3322 862 3429 914 τὸν
3444 862 3672 927 Πατέρα

413 940 825 1011 primogenitus.
854 940 952 995 llic
976 941 1141 1010 igitur
1161 940 1557 1010 primogenitus
1585 940 1784 995 fratres
1811 939 1991 1005 habet,

2097 974 2208 1026 μου
2226 958 2323 1011 καί
2346 958 2573 1026 Πατέρα
2587 956 2873 1026 optimam!
2893 957 3043 1011 Θεόν
3061 972 3180 1024 μου
3199 953 3295 1006 καί
3318 953 3467 1006 Θεὸν
3486 950 3671 1019 ὑμῶν.

410 1031 479 1085 de
509 1032 710 1102 quibus
758 1035 835 1087 ait
872 1032 938 1086 ad
972 1032 1197 1086 Mariam
1232 1050 1245 1085 :
1278 1029 1465 1102 Perge,
1526 1043 1577 1086 et
1616 1032 1702 1086 die
1736 1031 1993 1113 {ratrihus

2097 1048 2258 1102 Ὀλον
2291 1049 2400 1121 γὰρ
2427 1050 2526 1119 τῆς
2554 1050 2695 1103 κατὰ
2738 1049 3025 1119 ἄνθρωπον
3052 1045 3361 1116 οἰκονομίας
3404 1045 3673 1111 ἀνακεφα-

412 1123 581 1175 meis:
628 1122 770 1176 Vada
811 1123 882 1176 ad
914 1122 1130 1177 Patrem
1171 1138 1341 1177 meum
1385 1131 1435 1177 et
1490 1121 1703 1176 Patrem
1744 1132 1991 1184 vestrum,

2097 1138 2338 1193 λαιοῦται
2367 1140 2456 1193 τὸν
2478 1140 2677 1194 σκοπὸν
2704 1138 2795 1192 διὰ
2815 1138 2924 1193 τῶν
2944 1140 3064 1209 είρη
3074 1137 3271 1209 μένων.
3312 1134 3673 1196 ’Δποστάντες

1645 187 1704 247 S.
1745 189 2070 246 GREGORII
2115 194 2404 250 NYSSENI

415 1209 579 1264 Deum
610 1227 777 1264 meum
806 1222 855 1264 et
877 1209 1046 1264 Deum
1082 1220 1312 1265 vestrum
1352 1212 1420 1264 ³³.
1466 1209 1563 1266 llis
1604 1211 1770 1268 dictis
1815 1220 1991 1266 totum

409 1302 710 1358 secundum
761 1302 1037 1356 hominem
1087 1301 1521 1371 dispensationis
1576 1318 1805 1373 scopum
1843 1318 1994 1359 sum-

411 1390 598 1443 matim
649 1390 1058 1460 complectitur.
1114 1389 1377 1447 Homines
1419 1392 1565 1447 enim
1611 1408 1641 1447 a
1691 1392 1798 1447 Deo
1839 1409 1990 1449 receo

417 1480 600 1538 lentes
641 1483 954 1539 servierunt
990 1483 1059 1539 iis
1106 1484 1201 1553 qui
1244 1500 1353 1540 non
1389 1494 1519 1544 sunt
1565 1496 1761 1540 natura
1812 1488 1910 1550 dii,
1943 1497 1996 1542 et

411 1586 534 1628 cum
582 1580 770 1633 essent
828 1572 922 1629 Dei
979 1574 1099 1639 ﬁlii,
1154 1573 1405 1644 improbo
1461 1584 1516 1631 et
1575 1575 1696 1631 falsi
1754 1577 1992 1632 nominis

362 1712 370 1721 ,
409 1665 552 1732 patri
594 1663 965 1723 adhaeserunt.
1010 1663 1308 1730 Quocirca,
1344 1665 1614 1720 mediator
1658 1665 1752 1721 Dei
1794 1675 1849 1721 et
1892 1665 1992 1722 ho-
2026 1664 2066 1717 B

409 1754 614 1808 minum
664 1753 711 1785 “
751 1754 932 1812 omnis
982 1754 1234 1813 humanae
1286 1764 1498 1811 natura:
1542 1756 1813 1826 primitias
1869 1771 1992 1810 cum

407 1846 726 1917 assumpsit,
761 1863 871 1903 non
904 1863 973 1902 ex
1002 1847 1184 1903 divina
1213 1863 1445 1918 persona
1478 1849 1575 1905 sed
1606 1865 1673 1905 ex
1706 1857 1892 1905 nostra
1927 1850 1994 1904 ad

407 1935 607 1994 fratres
637 1939 805 2001 mittit
845 1939 962 1994 haec
997 1954 1097 1997 sua
1125 1940 1351 2005 indicia,
1381 1939 1575 1997 dicens
1606 1960 1620 1995 :
1659 1939 1866 1997 Vadam
1899 1957 1996 2012 per

407 2032 675 2103 meipsum
777 2032 1027 2089 facturus
1071 2041 1318 2087 vestrum
1358 2031 1602 2100 Patrem,
1657 2049 1846 2089 verum
1888 2033 1995 2088 Pa-

408 2134 546 2182 trem
612 2141 643 2180 a
683 2141 792 2199 quo
822 2127 1060 2196 separati
1099 2126 1274 2182 estis:
1317 2133 1375 2182 et
1420 2126 1672 2182 facturus
1717 2142 1816 2197 per
1860 2126 1995 2182 mei-

411 2234 565 2289 psum
597 2217 763 2273 Deum
798 2230 1037 2273 vestrum
1069 2232 1257 2272 verum
1300 2215 1466 2271 Betim
1487 2234 1518 2271 a
1544 2234 1654 2287 quo
1687 2217 1989 2285 defecistis;

411 2323 536 2364 nam
562 2317 783 2378 propter
806 2308 1079 2379 primitias
1100 2323 1239 2378 quas
1259 2310 1533 2379 assumpsi
1559 2324 1776 2364 omnem
1801 2310 1994 2364 huma-

413 2416 536 2457 nam
563 2409 811 2460 naturam
845 2402 913 2455 ad
941 2400 1110 2454 Deum
1134 2399 1351 2458 Patrem
1385 2401 1439 2455 in
1466 2401 1675 2472 meipso
1703 2402 1992 2458 adducam.

492 2491 628 2549 Cum
682 2492 848 2562 igitur
900 2489 1153 2561 primitia:
1181 2490 1349 2547 Deum
1403 2507 1568 2549 suum
1612 2489 1991 2548 feceriuteum

409 2584 503 2656 qui
557 2581 699 2638 Deus
720 2590 838 2648 est,
876 2591 932 2639 et
960 2582 1177 2640 Patrem
1209 2598 1334 2639 eum
1363 2583 1456 2654 qui
1493 2584 1674 2640 bonus
1702 2584 1859 2642 Pater
1886 2594 1992 2652 est,

408 2675 561 2731 omni
617 2684 827 2731 naturae
884 2674 1092 2735 bonum
1167 2685 1379 2731 rectum
1448 2676 1748 2740 efﬁcitur;
1818 2687 1874 2732 et
1940 2677 1996 2733 ﬁt

412 2765 690 2821 hominum
726 2771 948 2836 propter
1002 2765 1299 2834 primitias,
1329 2765 1492 2821 Pater
1534 2776 1590 2822 et
1624 2767 1786 2823 Deus.
1837 2768 1994 2835 Quod

412 2858 458 2911 si
484 2857 738 2927 primitiae
780 2864 1004 2918 sanctae.
1057 2856 1255 2925 inquit,
1302 2864 1356 2910 et
1406 2860 1728 2928 conspersio
1777 2874 1991 2925 massm,

412 2948 500 3004 ubi
545 2962 675 3003 vero
725 2948 975 3017 primitiae
1024 2948 1301 3013 (lhristus,
1350 2949 1605 3005 Christus
1653 2961 1833 3006 autem
1884 2953 1996 3021 pri-

407 3036 596 3100 mitim,
630 3038 740 3093 illic
771 3045 825 3090 ct
869 3036 962 3107 qui
1008 3045 1136 3092 sunt
1162 3036 1390 3104 Christi,
1423 3041 1881 3111 quemadmodum
1922 3045 1998 3096 ait

407 3130 703 3199 Apostolus
729 3129 795 3182 ”.
844 3128 899 3182 lu
946 3129 1149 3199 quibus
1198 3130 1364 3200 igitur
1407 3147 1505 3201 per
1552 3132 1995 3203 coujugalionem

408 3219 658 3275 meminit
703 3221 1086 3291 pritnogcniti,
1145 3231 1487 3276 mortuorum
1537 3234 1591 3278 et
1636 3233 1903 3279 creaturae
1945 3235 1999 3281 et

411 3311 641 3367 fratrum
667 3314 947 3368 mentione
977 3313 1141 3376 facta,
1181 3315 1294 3369 hare
1321 3323 1375 3370 et
1405 3332 1526 3385 qua:
1554 3323 1685 3370 sunt
1716 3317 1987 3387 ejusmodi

409 3403 715 3473 intelligere
743 3404 1026 3476 praecipit;
1059 3405 1150 3458 ubi
1178 3421 1310 3459 vero
1328 3407 1538 3476 absque
1566 3408 1659 3463 tali
1694 3408 1999 3475 adjt-ctioue

409 3492 717 3557 dicit,Cum
743 3510 938 3556 rursus
972 3494 1246 3553 induxerit
1276 3498 1699 3567 primogenitum
1725 3499 1775 3552 ἰιι
1808 3499 1995 3554 orbem

409 3593 680 3646 terrarum
723 3587 791 3653 “,
843 3587 1078 3657 adiectio
1126 3588 1292 3655 hujus
1351 3590 1502 3645 vocis
1549 3607 1738 3644 rursus
1782 3590 1999 3661 appari-

411 3675 614 3730 tioucm
652 3674 863 3735 Domini
914 3678 1297 3733 universorum
1339 3694 1461 3747 quae
1502 3679 1591 3733 ﬁet
1624 3679 1676 3733 iu
1710 3679 1835 3739 ﬁne.
1865 3696 2000 3749 pra:-

410 3768 565 3826 dicit.
624 3767 779 3829 Sicut
808 3769 953 3825 enim
989 3767 1054 3825 In
1106 3770 1314 3824 nomine
1344 3768 1475 3823 Iesu
1517 3788 1647 3840 genu
1695 3789 1843 3825 omne
1879 3789 2001 3826 cur-

411 3869 588 3927 ratur,
630 3860 941 3926 calestium,
984 3862 1310 3915 terrestrium
1342 3870 1390 3915 et
1434 3862 1891 3918 subterraneorum
1917 3866 1991 3932 ’7;

410 3951 712 4022 quinetiam
740 3948 915 4013 Filius
946 3952 1248 4007 humanum
1286 3969 1484 4007 nomen
1515 3970 1624 4008 non
1650 3954 1833 4015 habet,
1870 3954 1996 4022 quia

2093 1229 2203 1300 γὰρ
2239 1230 2332 1284 τοῦ
2369 1231 2502 1285 Θεοῦ
2549 1232 2599 1284 οί
2647 1230 2942 1302 ἄνθρωποι,
2991 1228 3307 1282 ὲδούλευσαν
3347 1230 3462 1290 τοῖς
3514 1226 3673 1295 φύσει

2097 1320 2172 1392 μὴ
2193 1316 2311 1375 οὖσι
2334 1319 2476 1383 θεοῖς
2494 1335 2507 1351 '
2531 1321 2645 1385 καὶ,
2675 1319 2827 1383 ὅντες
2844 1318 3011 1372 τέκνα
3047 1317 3205 1382 Θεοῦ,
3253 1316 3331 1388 τῷ
3363 1314 3583 1385 πονηρῷ
3612 1332 3674 1367 τε

2094 1410 2189 1464 καὶ
2210 1409 2543 1480 ψευδωνύμῳ
2591 1408 2758 1479 πατρῖ⁵
2801 1408 3316 1481 πῳσῳκειὼθησαν.
3342 1407 3441 1461 Διά
3467 1405 3623 1459 τοῦτο
3645 1408 3677 1451 ό

2098 1500 2324 1570 μεσίτης
2360 1499 2495 1553 Θεοῦ
2528 1500 2620 1552 καὶ
2659 1497 2964 1568 ἀνθρώπων
2996 1499 3177 1568 πάσης
3210 1498 3306 1567 τῆς
3331 1496 3677 1566 ἀνθρωπίνης

2095 1587 2309 1657 φύσεως
2350 1587 2451 1660 τὴν
2501 1588 2755 1658 ἀπαρχὴν
2805 1586 3110 1649 ἀναλαϐὼν,
3156 1587 3257 1639 οὐκ
3287 1588 3351 1639 ὲκ
3392 1585 3487 1639 τοῦ
3530 1585 3676 1638 θείου

2097 1676 2408 1747 προσώπου,
2437 1676 2549 1730 ἀλλ’
2579 1679 2645 1728 ἐκ
2699 1675 2793 1729 τοῦ
2824 1676 3093 1747 ἡμετέρου
3134 1674 3340 1746 πέμπει
3370 1679 3480 1739 τοῖς
3522 1674 3679 1728 ἀδελ-

2095 1770 2215 1837 φοίς
2243 1767 2435 1822 ἑαυτοῦ
2463 1768 2530 1821 τά
2554 1765 2847 1837 δηλώματα
2874 1767 3048 1835 λέγων
3066 1806 3082 1832 ,
3106 1767 3187 1820 ὅτι
3227 1764 3570 1836 Πορεὺσομαι
3608 1764 3675 1817 δι’

2095 1857 2332 1932 ἐμαυτοῦ
2353 1858 2572 1927 ποιῆσαι
2607 1840 2758 1927 ὑμῶν
2794 1857 3013 1928 Πατέρα
3028 1896 3043 1921 ,
3069 1856 3162 1910 τὸν
3182 1856 3433 1926 ἀληθινὸν
3457 1855 3673 1927 Πατέρα

2094 1945 2156 2006 οὗ
2186 1949 2518 2022 ὲχωρίσθητε
2538 1964 2552 1978 ·
2583 1950 2675 2002 καὶ
2712 1949 2939 2019 ποιῆσαι
2970 1948 3036 2002 δι’
3069 1948 3305 2020 ἐμαυτοῦ
3330 1946 3462 2001 Θεὸν
3493 1946 3669 2017 ὑμῶν,

2096 2038 2185 2092 τὸν
2222 2036 2474 2109 ἀληθινὸν
2507 2036 2638 2090 Θεὸν
2682 2032 2743 2091 οῦ
2781 2037 3055 2107 ἀπέστητε
3075 2055 3091 2071 ο
3119 2036 3207 2090 διὰ
3232 2036 3340 2107 γὰρ
3366 2035 3468 2106 τῆς
3496 2036 3675 2106 ἀπαρα-

2095 2131 2199 2202 χῆς
2226 2130 2295 2202 ἢν
2340 2128 2600 2184 ἀνέλαϐον
2632 2131 2894 2202 προσάγω
2943 2130 3087 2184 ἆπαν
3122 2128 3201 2200 τῷ
3231 2128 3351 2198 Θεῷ
3381 2130 3475 2183 καί⁵
3504 2128 3675 2201 Πατρὶ

2095 2224 2155 2277 ὲν
2182 2219 2404 2294 ἐμαυτῷ
2435 2221 2497 2276 τὸ
2525 2220 2883 2293 ἀνθρώπινον.
2944 2288 2969 2317 1

2167 2489 2277 2560 Τῆς
2297 2482 2390 2542 οὖν
2421 2488 2677 2558 ἁπαρχῆς
2741 2485 2872 2540 Θεὸν
2927 2487 3126 2558 ἑαυτῆς
3175 2485 3554 2559 ποιησαμένης
3584 2486 3675 2541 τὸν

2095 2578 2224 2631 ὄντα
2275 2575 2429 2641 Θεὸν,
2476 2577 2571 2631 καὶ
2625 2575 2846 2647 Πατέρα
2903 2575 2993 2630 τὸν
3022 2575 3222 2643 ἀγαθὸν
3257 2575 3498 2649 Πατέρα,
3528 2575 3675 2648 πάσῃ

2097 2667 2451 2740 κατορθοῦται
2478 2671 2545 2739 τῇ
2571 2668 2729 2737 φύσει
2752 2668 2812 2721 τὸ
2842 2665 3045 2737 ἀγαθὸν
3062 2706 3078 2731 ,
3106 2668 3201 2722 καὶ
3230 2669 3446 2722 πάντων
3475 2666 3679 2739 ἀνθρώ-

2098 2778 2213 2815 πων
2242 2760 2451 2829 γίνεται
2476 2759 2566 2814 διὰ
2588 2761 2687 2831 τῆς
2717 2759 2970 2830 ἀπαρχῆς
3008 2759 3196 2831 Πατὴρ
3232 2760 3325 2812 καὶ
3347 2759 3498 2822 Θεός.
3529 2759 3594 2813 Εί
3623 2758 3678 2813 δὲ

2096 2853 2131 2923 ἡ
2157 2849 2381 2927 ἀπαρχὴ
2414 2850 2563 2919 ἁγία,
2595 2852 2748 2920 φησι,
2793 2852 2887 2904 καὶ
2937 2850 2998 2903 τὸ
3044 2850 3306 2922 φύραμασ
3364 2851 3502 2905 ὅπου
3543 2849 3604 2905 δὲ
3642 2850 3678 2921 ὴ

2096 2942 2317 3014 ἀπαρχὴ
2333 2941 2587 3015 Χριστὸς,
2601 2941 2831 3012 Χριστὸς
2852 2941 2906 2994 δὲ
2925 2944 2956 3012 ἡ
2981 2942 3228 3013 ἀπαρχὴ,
3244 2943 3359 2994 ἐκεῖ
3399 2942 3493 2995 καὶ
3510 2941 3563 2994 οἱ
3583 2939 3679 2996 τοῦ

2098 3030 2354 3103 Χριστοῦ,
2383 3030 2563 3095 καθώς
2596 3047 2757 3101 φησιν
2785 3034 2812 3084 ό
2851 3030 3190 3094 Ἀπόστολος.
3235 3031 3323 3084 Ἐν
3356 3026 3438 3094 οἷς
3468 3026 3560 3085 οὖν
3592 3029 3679 3084 διὰ

2101 3124 2359 3193 συζυγίας
2404 3124 2502 3195 τὴν
2546 3124 2764 3194 μνήμην
2805 3121 2898 3175 τοῦ
2946 3124 3293 3195 πρωτοτόκου
3350 3123 3678 3194 πεποίηται,

2097 3217 2305 3288 νεκρῶν
2341 3234 2401 3269 τε
2453 3217 2546 3270 καὶ
2593 3217 2824 3280 κτίσεως
2866 3217 2960 3269 καὶ
2993 3216 3237 3285 ἀδελφῶν
3278 3215 3677 3286 μνημονεύσας,

2097 3308 2269 3363 ταῦτα
2296 3310 2386 3362 καὶ
2410 3312 2479 3363 τά
2500 3310 2724 3363 τοιαῦτα
2754 3312 2891 3363 νοεῖν
2917 3309 3259 3363 ὑποτίθεται.
3279 3310 3453 3362 Ὅπου
3478 3310 3533 3362 δὲ
3560 3310 3680 3382 δίχα

2098 3400 2199 3471 τῆς
2249 3402 2525 3471 τοιαύτης
2549 3402 2862 3473 προσθήκης
2897 3404 3079 3474 φησὶν,
3107 3403 3275 3457 Ὅταν
3295 3401 3351 3454 δὲ
3382 3402 3542 3455 πάλιν
3565 3405 3676 3456 είσ-

2100 3492 2282 3566 αγάγῃ
2308 3494 2397 3546 τὸν
2432 3494 2778 3564 πρωτότοκον
2815 3496 2894 3558 είς
2941 3494 3038 3565 τὴν
3066 3495 3411 3565 οἰκουμένην,
3456 3494 3623 3562 λέγει,
3647 3497 3681 3565 ἡ

2098 3584 2191 3638 τοῦ
2218 3584 2403 3639 πάλιν
2433 3585 2712 3657 προσθήκη
2741 3586 2837 3655 τὴν
2881 3588 2973 3639 ἐπὶ
3002 3586 3146 3639 τέλει
3185 3587 3556 3658 γενησομένην
3588 3587 3680 3640 τοῦ

2099 3678 2366 3749 Δεσπότου
2396 3678 2502 3730 τῶν
2528 3679 2662 3732 ὅλων
2688 3678 2985 3748 ἐμφάνειαν
3032 3676 3404 3750 προαγορεύει.
3458 3679 3546 3740 Ὠς
3574 3678 3684 3749 γὰρ

2113 3769 2214 3824 Ἐν
2238 3768 2318 3834 τῷ
2347 3770 2588 3838 ὀνόματι
2633 3769 2834 3837 Ἰησοῦ
2874 3768 2997 3824 πᾶν
3026 3771 3173 3840 γόνυ
3203 3768 3474 3839 κάμπτει,
3503 3768 3687 3823 ἐπου-

2092 3862 2337 3931 paritur,
2368 3862 2659 3931 ἐπιγείων,
2695 3862 2794 3915 καὶ
2831 3861 3267 3930 καταχθονίων
3294 3861 3470 3913 καίτοι
3497 3862 3527 3914 ό
3556 3859 3703 3923 Υἱὸς

2099 3953 2160 4005 τὸ
2217 3952 2552 4023 ἀνθρώπινον
2601 3955 2770 4023 ὄνομα
2809 3954 2909 4006 οὐκ
2952 3951 3087 4023 ἔχει,
3119 3952 3198 4022 τῷ
3232 3953 3372 4024 ὑπὲρ
3402 3954 3509 4006 πᾶν
3542 3948 3684 4005 εἶναι

413 4046 486 4102 sit
512 4061 677 4115 super
700 4061 863 4099 oume
894 4062 1129 4107 nomen:
1165 4046 1245 4102 sic
1280 4045 1350 4099 ab
1371 4046 1518 4099 onmi
1552 4045 1995 4115 supermundaua

2098 4047 2288 4115 ὄνομα,
2320 4046 2491 4110 οὕτως
2527 4045 2677 4117 παρά
2703 4046 2884 4115 πάσης
2912 4046 3011 4114 τῆς
3055 4045 3427 4114 ὑπερκοσμίου
3456 4045 3684 4106 κτίσεως

413 4145 666 4195 creatura
718 4138 850 4200 dicit
896 4138 1317 4208 primogenitum
1364 4137 1606 4202 adorari,
1650 4137 1742 4206 qui
1781 4144 1995 4206 propter

2101 4139 2526 4209 προσκυνεῖσθαι
2586 4138 2673 4190 τὸν
2721 4138 3064 4206 πρωτότοκον
3114 4135 3286 4203 λέγει,
3321 4136 3412 4188 τὸν
3439 4135 3507 4188 δι’
3533 4137 3682 4205 ἡμᾶς

415 4245 515 4291 nos
543 4231 624 4291 sic
655 4229 967 4285 nominatus
1009 4236 1130 4293 est;
1166 4245 1360 4284 rursus
1405 4228 1460 4283 in
1497 4230 1684 4283 orbem
1730 4236 1995 4284 terrarum

2101 4230 2270 4292 οὕτως
2281 4228 2682 4300 ὠνομασμένον·
2714 4229 2874 4282 πάλιν
2891 4230 2968 4290 είς
2980 4228 3074 4298 τὴν
3087 4227 3410 4298 οἰκουμένην
3424 4228 3681 4284 εἰσιόνταη

415 4321 829 4391 ingredientem,
857 4336 981 4380 cum
1002 4319 1271 4389 iudicabit
1292 4322 1479 4374 orbem
1507 4331 1665 4374 terra:
1690 4321 1742 4374 in
1762 4320 1995 4388 justitia,

2105 4324 2230 4379 ὅταν
2265 4321 2424 4392 κρίνῃ
2452 4321 2549 4391 τὴν
2577 4320 2903 4391 οἰκουμένην
2934 4322 2990 4371 ὲν
3025 4317 3336 4390 δικαιοσύνῃ
3386 4319 3479 4372 xa‘t
3522 4319 3680 4380 λαοὺς

412 4422 469 4469 et
498 4412 727 4483 populos
770 4411 826 4471 in
867 4410 1198 4467 rectitudine
1232 4412 1299 4464 ’⁸.
1333 4410 1423 4464 Sic
1458 4427 1524 4465 ex
1567 4410 1731 4465 verbo
1784 4412 1995 4481 pietatis

2104 4415 2162 4465 ὲν
2188 4412 2459 4482 εὐθύτητι.
2489 4411 2675 4474 υῦτως
2716 4412 3048 4482 διακρίνεται
3092 4409 3241 4479 παρά
3272 4408 3365 4462 τοῦ
3396 4410 3551 4476 λόγου
3583 4409 3678 4477 τῆς

414 4503 751 4561 discernitur
779 4518 844 4562 ac
886 4503 1220 4572 dijudicatnr
1247 4502 1390 4572 quod
1421 4500 1764 4571 primogeniti
1792 4512 1845 4555 et
1879 4504 1995 4559 uni-

2103 4502 2405 4564 εὐσεϐείας,
2428 4503 2487 4554 τό
2517 4520 2575 4554 τε
2607 4502 2700 4555 τοῦ
2746 4503 3092 4571 πρωτοτόκου
3116 4502 3208 4553 καὶ
3236 4500 3298 4553 τὸ
3317 4499 3411 4553 τοῦ
3459 4516 3677 4568 μονογε-

412 4596 582 4667 geniti
612 4595 833 4655 nomine
860 4595 1222 4664 signiﬁcatur,
1269 4591 1551 4660 utriusque
1592 4594 1829 4649 nominis
1858 4594 1998 4648 inter

415 4704 478 4747 se
518 4697 737 4745 servata
784 4686 1214 4756 signiﬁcatione.
1270 4684 1372 4753 Qui
1424 4693 1603 4738 autem
1654 4685 1997 4755 primogeniti

415 4791 613 4834 nomen
659 4776 727 4836 ad
779 4791 897 4833 eam
929 4775 1305 4836 exsisteutiam
1348 4789 1469 4843 qua:
1510 4781 1595 4829 est
1636 4781 1763 4827 ante
1798 4776 1994 4830 szecula

413 4868 648 4932 reducit,
700 4866 977 4937 quomodo
1017 4864 1284 4934 uuigeniti
1328 4864 1604 4918 notionem
1644 4865 1828 4919 animo
1868 4881 1996 4936 pcr-

412 4967 623 5030 ceptam
670 4956 997 5013 conservat?
1041 4956 1273 5011 Auditor
1332 4956 1647 5028 intelligens
1690 4957 1998 5014 consideret

414 5059 483 5099 an
500 5046 614 5101 haec
640 5047 777 5100 inter
803 5061 863 5100 se
888 5054 1214 5113 congruant,
1244 5059 1366 5098 cum
1397 5059 1576 5115 neque
1605 5044 1997 5114 primugenitus

415 5138 535 5195 sine
584 5138 843 5193 fratribus
881 5137 1248 5206 intelligatur,
1299 5152 1475 5205 neque
1528 5137 1842 5207 unigenitus
1872 5154 1995 5191 cum

415 5231 698 5287 fratribus.
752 5230 888 5284 Cum
962 5229 1107 5283 enim
1180 5226 1358 5293 dixit,
1432 5227 1496 5281 In
1558 5230 1811 5297 principio
1884 5242 1997 5283 erat

427 5318 651 5375 Verbum
675 5324 741 5383 ’³,
774 5336 869 5392 per
896 5321 1000 5375 hoc
1032 5318 1385 5390 Unigenitum
1428 5320 1814 5375 intelleximus.
1855 5322 1989 5375 Cum

416 5427 548 5470 vero
578 5414 857 5484 subjtmgit
886 5428 900 5466 :
945 5412 1013 5468 Et
1056 5412 1273 5468 Verbum
1313 5429 1437 5466 caro
1476 5413 1677 5482 factum
1708 5422 1783 5467 est
1805 5414 1871 5479 ³ο,
1900 5430 1994 5482 por

489 5525 538 5595 εξ
565 5523 606 5576 ll
657 5528 783 5580 Cor.
820 5541 873 5589 ν,
922 5526 1008 5581 ΓΙ.
1084 5526 1129 5559 ’³
1164 5525 1323 5579 Joan.
1364 5544 1454 5591 xx,
1483 5527 1567 5579 17.
1647 5528 1691 5559 ⁸⁸
1726 5526 1740 5579 Ι
1787 5529 1922 5583 'l‘im.
1963 5546 2018 5595 ll,

424 5590 471 5631 ⁸⁸
512 5594 655 5656 Psal.
713 5611 785 5660 Ix,
821 5595 905 5650 ll.
981 5598 1023 5628 ἐ’
1063 5594 1219 5655 ,ἰοιιιιι⁵
1255 5613 1292 5661 ι,
1348 5598 1392 5649 1.
1444 5590 1515 5627 ⁷³³
1559 5599 1663 5655 ibid
1736 5602 1814 5655 li.

2102 4594 2225 4657 νοῦς
2252 4593 2665 4664 σημαινόμενον,
2687 4592 2930 4665 ἑκατέρῳ
2946 4593 3052 4645 τῶν
3072 4592 3349 4661 ὀνομάτων
3364 4591 3463 4659 τῆς
3484 4589 3682 4643 καταλ-

2102 4685 2261 4755 λήλου
2318 4685 2590 4754 σημασίας
2631 4684 3056 4754 φυλαττομένης.
3102 4683 3160 4735 '0
3190 4684 3244 4735 δὲ
3282 4684 3361 4744 είς
3405 4681 3504 4751 τὴν
3545 4697 3677 4750 προο

2101 4775 2319 4830 αιώνιον
2366 4774 2596 4846 ὕπαρξιν
2643 4777 2858 4843 ἀνάγων
2889 4775 2981 4827 τοῦ
3014 4774 3358 4845 πρωτοτόκου
3387 4772 3447 4825 τὸ
3485 4771 3676 4840 ὄνομα.

2102 4867 2220 4931 πῶς
2245 4866 2492 4931 διασώζει
2520 4867 2617 4938 τὴν
2637 4868 2729 4920 τοῦ
2764 4867 3081 4938 μονογενοῦς
3110 4867 3340 4931 ἔννοιανς
3375 4866 3431 4917 ’0
3462 4864 3678 4923 συνετὸς

2102 4959 2370 5030 ἀκροατὴς
2404 4958 2806 5027 ὲπισκεψάσοω,
2831 4961 2877 5011 εἰ
2908 4957 3193 5029 συμϐαίνει
3216 4956 3387 5011 ταῦτα
3426 4956 3553 5025 πρὸς
3584 4954 3671 5006 ἆ).-

2100 5051 2235 5121 ληλα
2263 5095 2276 5116 ,
2317 5054 2450 5122 μήτε
2480 5051 2573 5105 τοῦ
2601 5051 2944 5122 πρωτοτόκου
2985 5051 3152 5122 χωρὶς
3182 5048 3420 5118 ἀδελφῶν
3457 5045 3671 5113 νοουμέε

2103 5163 2215 5208 νου,
2248 5146 2383 5215 μήτε
2414 5144 2506 5197 τοῦ
2542 5143 2861 5214 μονογενοῦς
2902 5142 3038 5212 μετὰ
3068 5142 3334 5210 ἀδελφῶν.
3382 5142 3550 5193 Ὅταν
3584 5139 3677 5207 μὲν

2104 5235 2212 5304 γὰρ
2229 5236 2357 5305 εἴπῃ
2384 5236 2464 5288 ὅτι
2481 5237 2576 5288 Ἐν
2591 5233 2746 5303 ἀρχῇ
2769 5231 2846 5302 ἦν
2869 5237 2900 5287 ό
2923 5235 3128 5302 Λόγος,
3147 5233 3234 5285 διὰ
3254 5232 3442 5284 τούτου
3459 5231 3551 5283 τὸν
3567 5230 3672 5284 Mo-

2100 5328 2289 5396 νογενῆ
2321 5328 2641 5395 ἐνοήσαμεν.
2663 5324 2829 5379 Ὅταν
2857 5326 2911 5376 δὲ
2936 5325 3117 5397 ἐπάγῃ
3145 5324 3292 5377 ὃτιὈ
3317 5323 3505 5391 Λόγος
3526 5318 3676 5387 σὰρξ

2098 5418 2354 5489 ἐγένετο,
2383 5416 2470 5468 διὰ
2502 5419 2692 5470 τούτου
2718 5417 2807 5471 τὸν
2834 5417 3179 5487 Πρωτότοκον
3208 5418 3276 5486 τῇ
3301 5414 3507 5486 διανοέᾳ
3537 5427 3672 5480 παρ-

2068 5534 2097 5585 i.
2176 5532 2222 5564 “
2268 5530 2423 5585 llum.
2462 5546 2536 5596 tu,
2577 5530 2654 5585 l6.
2736 5531 2779 5559 ²⁶
2812 5528 2941 5583 Hel).
2979 5546 3014 5594 ι,
3046 5529 3096 5583 6.
3175 5530 3218 5561 "
3262 5527 3456 5598 Philip.
3495 5544 3553 5590 tt,
3592 5524 3672 5584 l0.
