4032 6208
327 217 413 270 565
1465 213 1742 270 CONTRA
1774 211 1901 265 EUb

2004 211 2158 272 tim,
2194 210 2320 264 Lm.
2350 212 2413 264 ιι.
2453 279 2456 287 η

3461 200 3562 252 506

326 337 627 409 ἐδεξάμεθα.
661 337 771 392 Καὶ
795 336 967 399 οὑτως
989 335 1293 405 ἀσὺγχυτος
1320 332 1577 404 μένειτῆς
1608 328 1887 390 εὐσεϐείας

2004 344 2094 380 uoe
2118 327 2525 395 l’t‘itnogonituul
2550 334 2724 377 meme
2740 334 2785 377 et
2810 321 3168 392 intelligentia
3191 326 3557 391 concepimus.

323 433 349 482 ὁ
375 428 547 497 λὺγος,
576 427 862 495 φυλάσσων
885 424 1130 495 ἐκατέρῳ
1150 424 1256 475 τῶν
1282 421 1560 492 ὀνομάτων
1588 418 1685 481 τὰς
1711 433 1875 488 προσ-

323 520 470 591 φυεῖς
491 517 785 589 σημασίας,
822 517 895 579 ὡς
931 517 986 566 ὲν
1028 514 1126 583 μὲν
1152 511 1228 581 τῷ
1274 513 1552 582 μονογενεί
1582 509 1795 579 βλέπειν
1820 506 1879 559 τὸ

327 610 661 684 πρωιώνιον,
698 608 787 661 διὰ
813 607 869 660 δὲ
882 604 976 659 τοῦ
1007 603 1350 677 πρωτοτόκου
1379 604 1476 674 τῆς
1504 601 1752 663 κτίσεως,
1782 599 1880 669 τὴν

324 702 399 756 διὰ
427 700 628 772 σαρκὸς
662 698 756 752 τοῦ
796 697 1119 767 προαιωνίου
1151 695 1472 765 φανέρωσιν.

383 875 552 930 Πάλιν
592 875 649 928 δὲ
676 872 769 927 τοῦ
812 874 1073 944 Εὐνομίαν
1119 874 1208 927 τὸν
1249 872 1405 941 λόγον
1442 870 1728 937 ὲπιλέξεως
1756 870 1885 922 ἀνα-

317 967 585 1036 λάϐωμεν.
619 966 986 1034 Πιστεὺομεν
1008 964 1104 1018 καὶ
1140 966 1224 1029 εἰς
1272 962 1379 1019 τὸν
1410 961 1556 1016 Θεοῦ
1596 961 1751 1023 Υίόν,
1789 959 1889 1012 τὸν

309 1057 609 1129 μονογενῆ
663 1056 811 1111 Θεὸν
838 1097 852 1118 ,
912 1054 1019 1109 τὸν
1077 1055 1449 1123 πρωτότοκον
1503 1051 1704 1119 πάσης
1748 1050 1882 1103 xtl-

314 1167 489 1217 σεως,
539 1149 677 1204 Υὶὸν
728 1147 1037 1215 ἀληθινὸν,
1096 1148 1207 1200 οὐκ
1252 1145 1615 1214 ἀγέννητον,
1653 1141 1889 1210 ἀληθῶς

314 1239 681 1311 γεννηθέντα
717 1239 831 1308 πρὸ
856 1239 1105 1293 αἰώνων.
1137 1238 1258 1291 Ὅτι
1289 1236 1390 1308 μὲν
1420 1232 1512 1289 οὖν
1544 1235 1767 1306 μετάγει
1795 1233 1890 1303 τὴν

312 1335 409 1405 τῆς
437 1333 739 1405 γεννήσεως
772 1331 1008 1401 ἔμφασιν
1047 1332 1126 1393 εἰς
1156 1329 1218 1382 τὸ
1242 1329 1339 1399 τῆς
1377 1329 1602 1388 κτίσεως
1630 1324 1889 1395 σημαινό-

316 1442 499 1494 μενον,
538 1422 697 1493 δῆλόν
738 1423 905 1485 ἐστιν,
948 1422 1005 1487 ἐξ
1046 1413 1120 1475 ὧν
1164 1419 1457 1491 διαρρήδην
1489 1416 1705 1471 κτιστὸν
1736 1412 1893 1468 αὑτὸν

314 1514 746 1586 προσηγόρευσε,
773 1511 1059 1582 γενόμενον
1090 1509 1256 1563 είπὼν
1285 1509 1445 1564 αὑτὸν
1486 1508 1579 1561 καὶ¹
1616 1508 1714 1560 οὐκ
1739 1506 1892 1559 ἀκτι-

315 1623 461 1659 στον.
499 1606 691 1675 Ἡμεῖς
712 1604 791 1666 δὲ,
825 1603 900 1666 ὡς
931 1602 996 1655 ἂν
1038 1602 1271 1672 μάλιστα
1294 1600 1355 1653 τὸ
1380 1598 1772 1653 ἀνεπίσκεπτον
1804 1597 1899 1649 αὑ-

316 1698 410 1751 τοῦ
452 1698 546 1751 καὶ
594 1695 914 1749 ἀπαίδευτον
962 1696 1020 1747 ὲν
1065 1697 1176 1758 τοῖς
1231 1694 1463 1763 δόγμασι
1521 1691 1890 1762 φανερωθείη,

324 1788 551 1858 ἀφέντες
575 1786 636 1839 τὺ
667 1786 998 1856 σχετλιάζειν
1028 1787 1119 1839 ἐπὶ
1154 1785 1229 1856 τῷ
1254 1783 1503 1855 προδήλῳ
1523 1785 1620 1854 τῆς
1653 1782 1894 1853 βλασφη-

330 1880 466 1950 μίας,
512 1881 733 1949 τεχνικῇ
773 1895 879 1932 τινι
923 1876 1183 1948 διαιρέσει
1214 1875 1305 1929 τὸν
1342 1876 1469 1946 περὶ
1507 1874 1695 1928 τούτου
1740 1874 1896 1943 λόγον

329 1970 721 2044 διαληψώμεθα.
766 1973 922 2024 Δοκεῖ
950 1971 1057 2041 γάρ
1100 1987 1190 2040 μοι
1231 1967 1411 2031 καλῶς
1455 1967 1616 2038 ἔχειν,
1667 1967 1797 2020 αὐτὸ
1836 1965 1898 2019 τὸ

332 2063 423 2132 τῆς
463 2062 768 2131 γεννήσεως
816 2059 1209 2129 σημαινόμενον
1255 2057 1322 2111 δι’
1363 2056 1784 2126 ἐπιμελεστέρας
1809 2055 1898 2120 ὲξ-

335 2156 556 2216 ετάσεως
604 2150 970 2221 διασκοπῆσαι
1007 2152 1086 2222 τῷ
1120 2151 1280 2222 λόγῳ.
1316 2152 1437 2204 Ὅτι
1484 2149 1581 2221 μὲν
1620 2144 1710 2202 οὖν
1745 2148 1803 2201 τὸ
1841 2147 1898 2213 ἐξ

338 2246 501 2310 αἰτίας
537 2241 676 2299 εἷναί
704 2262 849 2308 τινος
888 2244 950 2297 τὸ
985 2244 1156 2314 ὄνομα
1195 2242 1352 2296 τοῦτο
1390 2242 1706 2314 παρίστησι,
1740 2239 1900 2292 παντὶ

339 2337 479 2408 δῆλόν
510 2339 646 2399 ἐστι,
682 2337 776 2389 καὶ
804 2335 956 2389 οὐδὲν
987 2331 1140 2406 οἶμαι
1175 2336 1301 2407 περὶ
1343 2320 1532 2387 τούτου
1560 2334 1752 2404 χρῆναι
1782 2331 1899 2384 δια-

343 2429 682 2492 γωνίζεσθαι·
729 2426 844 2480 ἀλλ’
901 2427 1085 2496 ἐπειδὴ
1135 2425 1389 2497 διάφορος
1442 2425 1551 2485 τῶν
1613 2424 1671 2488 ἐξ
1724 2423 1899 2486 αἰτίας

348 2519 651 2588 ὑφεστώτων
697 2520 725 2570 ὁ
752 2517 912 2587 λόγος
957 2518 1091 2581 ἐστὶ,
1141 2517 1283 2570 τοῦτ’
1308 2512 1457 2587 οἶμαι
1492 2516 1787 2586 προσήκειν
1814 2513 1902 2566 διά

346 2628 472 2674 τινος
513 2612 767 2681 τεχνικῆς
814 2609 1126 2681 διαιρέσεως
1174 2609 1567 2680 σαφηνισθῆναι
1612 2606 1688 2677 τῷ
1736 2607 1898 2676 λόγῳ.

349 2703 456 2756 Τῶν
482 2703 658 2757 τοίνυν
682 2703 746 2755 ἐκ
772 2718 917 2766 τινος
955 2703 1133 2765 αξτίας
1158 2700 1537 2771 γεγενημένων
1569 2699 1769 2761 ταύτας
1805 2698 1901 2760 τὰς

351 2793 585 2864 διαφορὰς
626 2792 1061 2862 κατειλήφαμενο
1103 2792 1314 2862 Τά.μὲν
1361 2792 1467 2861 γὰρ
1517 2775 1575 2856 ἐξ
1618 2790 1747 2860 ὑλης
1790 2789 1904 2842 ἐστὶ

354 2884 437 2936 ni.
466 2884 669 2953 τέχνης.
700 2884 777 2947 ὡς
818 2885 874 2937 αί
910 2883 1017 2945 τῶν
1058 2882 1507 2954 οἰκοδομημάτων
1537 2884 1630 2935 καὶ
1656 2881 1763 2934 τῶν
1796 2881 1904 2933 λοι-

1980 415 2045 469 Ει
2090 419 2171 470 sic
2226 414 2545 468 inconfusus
2593 425 2773 468 manet
2824 415 3044 483 pietatis
3088 428 3292 479 sermo,
3348 415 3565 485 utrique

1982 504 2188 557 nomini
2220 503 2450 557 adnatas
2492 513 2545 556 et
2576 502 2916 556 adhaerentes
2954 501 3383 571 significationes
3430 518 3564 555 eon-

1984 610 2230 659 servans,
2253 594 2442 662 sicque
2466 594 2520 645 in
2551 593 2829 661 unigenito
2858 592 2910 645 id
2932 594 3075 661 quod
3099 607 3182 646 est
3199 602 3322 646 ante
3340 594 3562 651 saecula.

1985 702 2082 756 per
2102 684 2521 755 primogenitum
2573 698 2701 737 vero
2722 685 3036 743 errationis.
3075 700 3169 753 per
3199 699 3418 738 carnem
3444 683 3564 752 ejus

1984 778 2076 848 qui
2110 786 2192 832 est
2233 785 2358 829 ante
2396 776 2592 830 saecula
2637 775 3127 830 manifestationem
3161 777 3455 828 intuemur.

2062 866 2166 924 Sed
2226 868 2475 921 Ennouiii
2515 866 2579 920 ad
2613 866 2832 919 verbum
2859 868 3159 919 orationem
3206 877 3564 935 repetamus:

1991 960 2287 1022 Credimus,
2329 961 2524 1030 inquit.
2569 962 2620 1013 in
2648 959 2742 1012 Dei
2769 957 2991 1022 Filium,
3026 958 3346 1025 unigenitum
3375 955 3566 1019 Deum,

1989 1054 2389 1123 primogenitum
2446 1055 2614 1107 omnis
2659 1064 2936 1114 creaturw,
2978 1050 3175 1103 Filium
3240 1066 3411 1103 verum
3463 1066 3566 1101 non

1992 1146 2302 1215 ingenitum,
2335 1161 2449 1198 vere
2495 1155 2614 1198 ante
2654 1144 2851 1197 sa’cula
2888 1144 3143 1212 genitum.
3206 1141 3359 1206 Quod
3406 1141 3569 1210 igitur

1992 1238 2362 1309 generationis
2394 1237 2845 1306 significationem
2892 1236 2958 1289 ad
3008 1234 3311 1290 ereatinnis
3354 1233 3566 1302 signifi-

1996 1338 2177 1383 catum
2231 1328 2489 1391 adducat,
2548 1330 2899 1398 perspicuum
2949 1336 3034 1382 est
3085 1343 3149 1381 ex
3209 1327 3315 1389 his,
3365 1327 3563 1396 quibus

1997 1430 2182 1492 aperte
2222 1431 2275 1476 et
2317 1419 2608 1475 manifesto
2647 1421 2822 1490 ipsum
2862 1428 3102 1473 creatum
3142 1419 3454 1487 appellavit,
3490 1418 3562 1470 fa-

1998 1524 2145 1568 ctum
2172 1514 2347 1584 ipsum
2375 1530 2497 1568 cum
2523 1513 2680 1578 dixit,
2703 1521 2755 1566 et
2778 1528 2885 1565 non
2911 1512 3230 1566 increatum.
3255 1509 3363 1566 Nos
3386 1519 3563 1565 autem

2002 1615 2059 1661 ut
2093 1608 2383 1662 temeraria
2413 1614 2468 1660 et
2491 1605 2896 1659 inconsiderata
2930 1603 3101 1672 ipsius
3144 1603 3359 1657 inscitia
3400 1608 3563 1671 atque

1997 1699 2299 1770 ignorantia
2337 1700 2389 1751 in
2425 1698 2540 1753 suis
2576 1697 2761 1767 pravis
2793 1696 3149 1766 opinionibus
3188 1695 3571 1750 manifestetur

1997 1789 2191 1858 magis,
2217 1789 2439 1844 omissis
2463 1788 2930 1864 deplorationibus
2962 1795 3124 1855 atque
3152 1786 3369 1841 dolendi
3400 1788 3567 1841 ratio-

2002 1880 2188 1943 nibus,
2218 1887 2440 1948 propter
2474 1879 2821 1934 manifestam
2847 1887 2899 1931 et
2925 1879 3180 1931 omnibus
3212 1888 3394 1931 notam
3423 1879 3565 1932 blas-

1998 1973 2270 2043 phemiam
2323 1972 2440 2025 sive
2478 1971 2800 2040 sacrilegam
2849 1971 3217 2038 impietatem,
3269 1968 3567 2023 artificiosa

1997 2065 2232 2134 quadam
2282 2064 2638 2118 distinctione
2677 2064 2744 2116 de
2784 2077 2849 2116 eo
2890 2063 3193 2115 orationem
3239 2060 3564 2116 dividamus.

2000 2157 2107 2212 Res
2159 2157 2305 2211 enim
2355 2155 2488 2209 mihi
2536 2155 2752 2209 videtur
2797 2155 3057 2224 pra~rlare
3104 2154 3324 2218 habere,
3360 2155 3405 2208 si
3452 2154 3571 2207 dili-

2000 2248 2245 2317 gentiore
2267 2248 2518 2302 examine
2541 2246 2909 2316 generationis
2936 2245 3298 2315 significatum
3322 2245 3568 2298 oratione

2002 2339 2420 2408 perspiciamus.
2474 2337 2629 2403 Quod
2675 2337 2839 2408 igitur
2871 2353 2933 2390 ex
2979 2351 3144 2391 causa
3203 2352 3327 2390 esse
3368 2338 3569 2405 aliqua,

2002 2428 2106 2483 hoc
2140 2432 2316 2499 ipsum
2354 2443 2550 2494 agmen
2582 2427 2851 2497 designat.
2883 2428 3056 2481 cuivis
3087 2429 3433 2497 perspicuum
3465 2437 3569 2491 est,

2004 2532 2179 2585 neque
2229 2525 2361 2586 puto
2392 2517 2457 2570 de
2499 2532 2564 2571 eo
2592 2515 2976 2571 decertandum
3010 2534 3151 2573 esse.
3176 2518 3279 2572 Sed
3316 2522 3569 2587 quoniam

2003 2624 2188 2662 eorum
2225 2622 2345 2676 qua:
2391 2623 2454 2661 ex
2488 2622 2655 2659 causa
2685 2607 2996 2663 subsistunt
3027 2607 3241 2661 diversa
3281 2616 3365 2661 est
3412 2609 3571 2671 ratio,

2006 2700 2109 2753 hoe
2157 2699 2394 2752 arbitror
2446 2699 2738 2753 artificiosa
2781 2700 3013 2768 quadam
3062 2699 3330 2754 divisione
3373 2716 3570 2755 conve-

2005 2794 2123 2845 nire
2164 2791 2477 2845 dilucidari.
2535 2791 2730 2844 Eorum
2767 2792 2933 2859 igitur
2963 2806 3085 2860 qua:
3120 2806 3183 2845 ex
3238 2808 3402 2844 causa
3444 2802 3569 2845 sunt

2006 2882 2186 2950 aliqua
2217 2890 2425 2944 exorta,
2460 2881 2558 2934 has
2582 2879 2921 2935 diﬂ'erentias
2954 2883 3296 2949 accepimus:
3320 2882 3573 2947 Qumdam

357 2974 458 3026 πῶν
496 2973 663 3044 ἔργων
702 2974 1060 3032 κατασκευαὶ,
1096 2972 1182 3026 διὰ
1230 2974 1327 3043 τῆς
1374 2974 1493 3025 κατ’
1523 2958 1744 3041 ἀλλήλοὺ
1775 2971 1901 3040 ὑλης

2008 2988 2072 3026 ex
2131 2973 2358 3026 materia
2415 2982 2464 3026 et
2518 2983 2635 3026 arte
2683 2981 2957 3037 constant,
3015 2986 3069 3026 ut
3114 2974 3465 3028 aedificiorum
3521 2984 3575 3027 et

358 3064 643 3135 γινόμεναι,
674 3059 750 3119 ὧν
791 3064 1109 3135 καθηγεῖταί
1150 3081 1233 3128 τις
1265 3064 1423 3135 τέχνη
1460 3064 1595 3133 πρὸς
1640 3064 1730 3114 τὸν
1774 3062 1902 3115 ῖδιον

361 3156 535 3209 σκοπδν
558 3157 614 3209 τὺ
641 3154 902 3228 προτεθὲν
949 3154 1421 3226 συμπεραίνουσα·
1458 3152 1525 3205 τὰ
1564 3153 1639 3212 δὲ,
1673 3151 1730 3217 ἐξ
1773 3150 1905 3218 ὕλης

362 3244 442 3297 καὶ
481 3243 700 3313 φύσεως.
754 3242 867 3305 Τάς
918 3243 1026 3312 γὰρ
1071 3241 1129 3306 ἐξ
1184 3241 1426 3311 ἀλλήλων
1472 3242 1749 3310 γεννήσεις
1798 3239 1905 3291 τῶν

363 3333 494 3397 ζώων
540 3337 574 3405 ἡ
616 3334 777 3403 φύσις
813 3333 1102 3402 οἰκοδομεῖ,
1148 3331 1236 3384 διὰ
1270 3330 1369 3399 τῆς
1404 3333 1459 3381 ἐν
1501 3334 1612 3392 τοῖς
1662 3328 1905 3399 σώμασιν

364 3424 524 3495 ὑλικῆς
550 3425 894 3486 ὑποστάσεως
938 3424 999 3475 τὸ
1042 3423 1240 3492 ἑαυτῆς
1282 3421 1595 3492 ὲνεργοῦσα.
1641 3421 1720 3473 Τὰ
1765 3420 1820 3474 δὲ
1848 3419 1905 3485 ἐξ

364 3513 527 3583 ὑλικῆς
552 3514 865 3587 ἀπορροίας,
892 3514 976 3581 ἐφ’
1005 3506 1077 3565 ὧν
1103 3514 1196 3566 καὶ
1233 3513 1294 3565 τὸ
1322 3512 1726 3583 προηγούμενον
1759 3511 1905 3580 μένει

362 3599 456 3659 οἶόν
474 3609 639 3673 ἐστιν,
673 3608 766 3660 καὶ
817 3608 878 3658 το
915 3606 1009 3658 ἀπ’
1053 3605 1260 3658 ἐκείνου
1298 3606 1415 3676 ῥέον
1448 3606 1532 3672 ἐφ’
1558 3602 1749 3657 ἑαυτοῦ
1777 3601 1907 3654 καθ-

365 3699 548 3768 ορᾶται,
575 3699 648 3764 ὡς
676 3698 772 3751 ἐπὶ
803 3695 894 3751 τοῦ
927 3697 1078 3768 ἡλίου
1111 3697 1204 3750 καὶ
1234 3696 1333 3765 τῆς
1358 3696 1594 3760 ἀκτῖνος,
1629 3695 1661 3764 ἧ
1693 3695 1784 3747 ἐπὶ
1810 3693 1908 3763 τῆς

365 3785 610 3856 λαμπάδος
651 3788 748 3841 καὶ
795 3786 896 3856 τῆς
941 3786 1152 3855 αὐγῆς,
1204 3786 1295 3837 ἐπὶ
1348 3784 1455 3837 τῶν
1498 3784 1802 3853 ἀρωμάτων
1850 3798 1907 3834 τε

367 3876 564 3929 καὶτῶν
599 3874 808 3947 μύρων,
841 3875 933 3927 καὶ
983 3874 1083 3943 τῆς
1131 3873 1336 3926 ἐκεῖθεν
1370 3872 1714 3941 ὲκδιδομένης
1763 3870 1910 3922 ποιό-

367 3979 519 4033 τητος.
568 3965 748 4019 Ταῦτα
805 3966 914 4034 γὰρ
967 3964 1054 4032 ἐφ’
1099 3963 1305 4016 ἑαυτῶν
1358 3963 1600 4033 ἁμείωτα
1659 3961 1906 4031 μένοντα,

370 4056 502 4120 εὐθὺς
536 4057 641 4128 ἔχει
672 4054 1243 4126 ωμπαρομαρτοῦσαν
1287 4055 1523 4122 ἑκάστην
1555 4053 1652 4124 τὴν
1688 4054 1784 4105 ἀπ’
1814 4053 1910 4104 αὑ-

369 4146 460 4199 τῶν
479 4147 812 4218 ἐκδιδομένην
840 4145 1070 4215 φυσικὴν
1120 4145 1382 4213 ἰδιότητα·
1418 4139 1529 4197 οἷον
1561 4146 1589 4196 δ
1633 4144 1728 4214 μὲν
1761 4143 1909 4212 ἥλιος

371 4234 452 4306 τὴν
472 4239 672 4302 ἀκτῖνα,
704 4239 739 4307 ἠ
777 4236 834 4290 δὲ
855 4234 1074 4307 λαμπὰς
1106 4235 1203 4306 τὴν
1229 4236 1424 4306 αὐγὴν,
1455 4235 1522 4287 τά
1559 4236 1612 4288 δὲ
1643 4234 1909 4304 ἀρώματα

2006 3063 2342 3132 reliquorum
2371 3078 2591 3131 operum
2633 3063 3049 3125 exstructiones,
3088 3078 3208 3134 quze
3239 3080 3303 3118 ex
3351 3066 3573 3119 materia

2005 3154 2149 3207 inter
2191 3169 2251 3209 se
2293 3153 2592 3222 conjuncta
2639 3151 2793 3216 fiunt,
2837 3153 3040 3221 quibus
3095 3169 3185 3208 ars
3233 3156 3411 3223 aliqua
3464 3170 3577 3208 ma-

2005 3246 2169 3316 gistra
2214 3255 2428 3314 praeest,
2468 3244 2534 3296 ad
2584 3245 2864 3313 pr0prium
2905 3260 3129 3313 scopum
3180 3244 3233 3297 id
3269 3244 3410 3314 quod
3452 3259 3577 3313 pro-

2007 3336 2237 3405 positum
2287 3346 2370 3389 est
2422 3335 2740 3388 terminans.
2789 3335 2906 3387 Alia
2957 3350 3083 3387 vero
3136 3351 3198 3387 cx
3256 3335 3481 3389 materia
3520 3343 3574 3389 et

2007 3436 2222 3481 natura.
2273 3426 2664 3481 Gcnerationes
2703 3430 2845 3481 enim
2878 3427 3193 3479 animalium
3225 3442 3289 3480 ex
3334 3442 3393 3481 se
3440 3427 3577 3480 invi-

1966 3532 1969 3537 ‘
2005 3533 2121 3572 cem
2156 3526 2351 3570 natura
2408 3518 2665 3578 exstruit,
2699 3532 2795 3586 per
2845 3517 3177 3571 materialem
3237 3532 3357 3587 qua:
3390 3527 3474 3571 est
3521 3518 3574 3570 in

2006 3607 2326 3677 corporibus
2380 3608 2790 3663 eubsistentiam
2849 3624 3006 3661 suum
3058 3624 3196 3677 opus
3251 3609 3573 3664 conficiens.

2006 3699 2126 3752 Alia
2164 3700 2327 3756 etiam
2363 3715 2425 3752 ex
2470 3699 2738 3752 tnateriali
2787 3698 3024 3761 deﬂuxu,
3084 3700 3137 3752 in
3195 3699 3395 3768 quibus
3431 3701 3576 3769 quod

2006 3790 2276 3845 antecedit
2316 3799 2496 3843 numet
2529 3790 2687 3860 quale
2718 3798 2821 3852 est,
2865 3798 2917 3843 et
2941 3790 3083 3858 quod
3120 3805 3182 3843 ex
3232 3791 3323 3843 illo
3355 3790 3472 3843 fluit
3520 3789 3571 3841 in

2008 3897 2067 3937 se
2111 3882 2228 3950 ipso
2265 3882 2643 3948 conspicitur:
2700 3889 2759 3934 ut
2788 3881 2841 3934 in
2874 3881 2988 3935 sole
3011 3890 3064 3935 et
3095 3880 3268 3943 radio,
3295 3888 3385 3933 aut
3417 3881 3470 3933 in
3497 3882 3577 3933 lu-

2009 3985 2172 4024 cerna
2196 3977 2250 4022 et
2279 3970 2332 4023 in
2357 3969 2754 4038 splenilore,rel
2780 3970 2832 4023 in
2859 3968 3229 4022 odoramentis
3253 3977 3306 4021 et
3328 3985 3574 4038 unguen-

2009 4062 2078 4116 tis
2100 4068 2153 4115 et
2176 4061 2229 4116 in
2250 4078 2315 4116 ea
2339 4078 2459 4132 qure
2481 4061 2605 4118 inde
2622 4062 2862 4132 dimauat
2885 4061 3163 4129 qualitate.
3202 4061 3323 4114 llaec
3344 4065 3486 4115 enim
3523 4065 3573 4116 in

2009 4168 2069 4208 se
2092 4153 2225 4223 ipsis
2262 4168 2368 4207 non
2414 4153 2701 4206 imminuta
2746 4152 3050 4216 manentia,
3086 4156 3347 4207 continuo
3378 4156 3575 4208 habent

2012 4245 2225 4314 singula
2273 4244 2730 4298 concomitantem
2765 4243 2833 4297 ab
2876 4242 3010 4313 ipsis
3042 4256 3384 4301 emanantem
3418 4257 3578 4301 natu-

375 4325 452 4395 τὴν
468 4328 536 4396 τῷ
554 4329 672 4399 ἀέρι
688 4326 1070 4397 ὲντικτομένην
1095 4325 1153 4392 ἐξ
1176 4326 1353 4378 αὑτῶν
1377 4325 1620 4378 εὐωδίαν.
1639 4324 1789 4377 Ἔστι
1814 4326 1901 4378 καὶ

2012 4337 2177 4390 ralem
2208 4336 2589 4406 pr0prietatem
2617 4354 2629 4389 :
2657 4346 2711 4388 ut
2743 4335 2824 4391 sol
2851 4337 3068 4405 quidem
3095 4337 3328 4401 radium,
3360 4339 3579 4393 lucerna

378 4416 530 4485 ἕτερον
552 4415 683 4482 εἶδος
709 4420 860 4490 παρὰ
896 4416 1067 4470 ταῦτα
1095 4418 1425 4487 γεννήσεωςο
1461 4410 1519 4469 οὗ
1551 4417 1582 4486 ἡ
1634 4415 1731 4485 μὲν
1765 4416 1910 4470 αἰτία

384 4505 509 4570 dide;
535 4510 642 4563 ἐστι
679 4509 774 4563 καὶ
812 4507 1120 4578 ἀσώματος,
1154 4509 1186 4578 ὴ
1216 4507 1272 4561 δὲ
1314 4508 1562 4576 γέννησις
1598 4508 1825 4578 αἰσθητή
1852 4524 1911 4560 τε

386 4599 457 4650 καὶ
478 4599 552 4654 διὰ
579 4602 870 4671 σωμάτων·
906 4599 1049 4668 λέγω
1075 4599 1132 4651 δὲ
1160 4599 1249 4651 τὸν
1292 4600 1355 4651 ὲκ
1396 4598 1490 4651 τοὺ
1526 4598 1616 4651 νοὺ
1638 4599 1911 4669 γεννώμε-

386 4705 454 4740 ⁴ιον
485 4690 646 4758 λόγον.
688 4690 1002 4761 Ἀσὼματος
1044 4690 1151 4761 γὰρ
1200 4689 1273 4743 ὢν
1321 4688 1438 4742 καθ’
1475 4690 1664 4742 ἑαυτὸν
1704 4691 1733 4741 ὁ
1792 4689 1913 4752 νοῦς

383 4778 449 4833 διὰ
475 4781 570 4835 τῶν
596 4781 866 4853 αἰσθητῶν
911 4780 1156 4852 ὀργάνων
1204 4780 1374 4833 τίκτει
1421 4782 1512 4832 τὸν
1562 4781 1733 4847 λόγον.
1784 4782 1916 4833 Τοσ-

376 4872 517 4937 ain;
548 4874 846 4943 γεννήσεων
871 4872 1133 4942 διαφοράς
1156 4868 1264 4924 οἷον
1308 4875 1363 4925 ἐν
1392 4876 1619 4943 γεννητῇ
1648 4891 1752 4926 τινι
1783 4874 1914 4926 Θεω-

366 4965 446 5037 ρία
474 4969 895 5039 κατενοήσαμεν.

2016 4426 2325 4497 fulgorem:
2372 4425 2725 4481 odoramenta
2752 4442 2881 4481 vero
2930 4444 3151 4482 suavem
3195 4444 3258 4483 ex
3300 4430 3494 4498 seipsis
3526 4430 3578 4482 in

2017 4534 2141 4574 aere
2183 4518 2440 4572 diffusum
2495 4518 2693 4573 habent
2749 4519 2993 4573 odorem.
3036 4519 3235 4574 Prmter
3281 4520 3379 4575 has
3417 4522 3578 4574 etiam

2019 4610 2126 4663 alia
2170 4619 2256 4665 est
2289 4610 2656 4679 generationis
2684 4610 2915 4678 species,
2953 4610 3113 4679 cujus
3166 4611 3382 4680 quidem
3415 4626 3579 4664 causa

2021 4702 2262 4756 materiae
2300 4711 2463 4771 atque
2493 4701 2742 4771 corporis
2772 4710 2856 4756 est
2899 4717 3114 4771 expers,
3151 4704 3423 4771 generatio
3455 4718 3583 4756 vero

2022 4794 2242 4848 sensilis
2300 4802 2352 4847 ct
2414 4808 2510 4862 per
2584 4808 2850 4862 corpora,
2896 4794 3020 4849 diro
3056 4804 3236 4849 autem
3286 4809 3350 4848 ex
3404 4801 3584 4848 mente

2021 4882 2347 4953 productum
2393 4900 2725 4938 sermonem.
2777 4883 2911 4937 Cum
2962 4884 3106 4938 enim
3146 4901 3299 4939 mens
3343 4885 3454 4953 ipsa
3489 4901 3584 4952 per

2024 4988 2082 5027 se
2115 4974 2186 5027 sit
2218 4974 2536 5042 incorporea
2563 4992 2655 5040 per
2681 4976 3042 5030 instrumenta
3070 4993 3288 5032 sensum
3312 4978 3582 5029 moventia

355 5060 515 5127 gignit
554 5073 883 5113 sermonem.
952 5054 1200 5109 Totidem
1284 5055 1698 5125 generationum
1775 5058 2111 5120 differentias
2159 5067 2325 5121 insita
2381 5068 2616 5137 quadam
2665 5077 2828 5138 atque
2890 5070 3128 5140 ingenita
3182 5069 3586 5139 contemplandi

350 5154 556 5208 ratione
597 5151 996 5221 perspeximus.

408 5249 629 5301 Τούτων
657 5247 835 5298 τοίνυν
866 5245 974 5296 τῶν
1008 5243 1106 5312 τῆς
1135 5244 1434 5312 γεννήσεως
1485 5244 1701 5312 τρόπων
1749 5242 1919 5307 οὑτως

338 5342 466 5410 ἡμῖν
489 5335 859 5405 διῃρημένων,
893 5332 1079 5402 καιρὸς
1108 5332 1173 5384 ἂν
1214 5331 1297 5400 εἴη
1329 5333 1561 5384 κατιδεῖν
1598 5332 1711 5395 πῶς
1743 5334 1775 5402 ἡ
1803 5334 1919 5400 φιλ-

334 5429 629 5499 ἅνθρωπος
672 5424 766 5478 τοῦ
809 5424 964 5492 ἁγίου
1005 5422 1316 5491 Πνεῦμα-τος
1360 5424 1654 5492 οἰκονομία,
1694 5424 1918 5495 παραδι-

333 5515 505 5573 ἇιῦσα
533 5519 603 5570 τά
636 5518 751 5569 θεῖα
785 5518 1056 5587 μυστήρια
1080 5513 1167 5565 διὰ
1193 5512 1300 5566 τῶν
1346 5514 1475 5583 ἡμῖν
1517 5515 1778 5585 χωρητῶν
1824 5515 1921 5584 τὴν

330 5608 683 5667 διόυκαὶίαν
733 5610 958 5659 ποιεῖται
998 5604 1091 5676 τὴν
1122 5604 1258 5676 ὑπὲρ
1286 5602 1456 5672 λόγον.
1504 5606 1683 5658 Πάντα
1712 5607 1816 5675 γὰρ
1856 5607 1921 5657 τὰ

2098 5247 2193 5304 llis
2234 5250 2400 5319 igitur
2422 5251 2791 5319 generationis
2825 5254 2999 5308 modis
3034 5257 3113 5307 sic
3145 5271 3175 5309 a
3211 5257 3367 5313 nobis
3392 5259 3587 5316 distin-

2025 5341 2128 5394 ctis
2161 5381 2175 5402 ,
2248 5350 2459 5411 tempus
2505 5342 2615 5410 jam
2665 5341 2825 5395 fuerit
2879 5345 3273 5412 eonSpit-ii-ndi,
3313 5356 3587 5416 quonmdo

2028 5434 2286 5487 benevola
2318 5434 2369 5485 in
2406 5434 2680 5486 hominum
2709 5450 2881 5503 genus
2914 5434 3149 5504 Spiritus
3171 5444 3344 5494 sancti
3367 5432 3586 5513 dispen.

2027 5523 2166 5574 satio
2208 5520 2364 5574 nobis
2401 5538 2494 5589 per
2546 5537 2606 5575 ea
2647 5538 2765 5590 qua:
2811 5538 3005 5592 capere
3065 5538 3355 5592 possumus
3404 5528 3585 5587 divina

2029 5612 2247 5666 lt'dtiL‘ll:
2274 5612 2549 5682 mysteria,
2576 5613 2715 5668 dettl
2734 5614 2876 5668 inam
2902 5615 3047 5670 mnni
3078 5632 3319 5675 scrimne
3342 5622 3583 5689 superio~
