4032 6208
441 227 549 287 501

1678 225 1736 279 S.
1764 220 2092 281 GREGORII
2113 222 2406 281 NYSSENl

3579 220 3693 276 508

438 357 553 397 rem
577 342 802 414 praebet.
827 340 1034 397 Omnes
1058 341 1203 397 enim
1231 341 1598 412 generationis
1626 343 1855 411 species,
1882 357 2017 410 quas

2132 345 2217 414 τῆς
2243 345 2549 414 γεννήσεως
2583 342 2718 412 εἴδη,
2750 341 2849 395 ὅσα
2874 342 2907 411 ἡ
2938 338 3249 412 ἀνθρωπίνη
3291 337 3543 408 γινώσκει
3574 339 3694 393 διά-

437 435 676 488 humana
713 433 1001 503 cognoscit
1042 432 1421 501 intelligentia,
1456 430 1722 485 divinitus
1754 430 2017 498 inspirata

438 532 690 585 doctrina
731 528 798 582 ad
829 526 1123 583 ineﬁ‘abilis
1158 528 1411 598 potentia!
1467 525 2015 587 demonstrationem,

438 619 722 691 corporeis
756 617 1039 673 nominum
1065 617 1558 688 signiﬁcationibus
1590 617 1828 677 omissis.
1861 631 2019 671 assu-

441 708 560 764 mit.
595 708 730 763 Cum
762 709 909 763 enim
943 706 1009 761 de
1039 707 1278 776 potentia
1313 704 1615 759 conditrice
1644 713 1699 757 et
1756 703 2018 761 creatrice

440 802 704 872 loquitur,
751 800 1154 870 generationem
1204 807 1350 853 certe
1392 799 1637 853 nominat
1688 797 1795 851 vim
1850 798 2013 850 talem

438 891 729 953 eﬁiciendi,
766 892 893 960 quia
930 897 1178 958 oporteat
1218 903 1524 943 sermonem
1557 887 1624 941 ad
1669 885 1925 940 humilem
1965 893 2020 940 et

442 980 779 1036 imbecillum
814 985 1033 1047 captum
1085 985 1283 1033 nostra:
1314 976 1590 1032 facultatis
1623 987 1677 1031 et
1706 976 2018 1046 intelligen-

442 1072 533 1125 tia:
567 1070 920 1125 descendere.
972 1066 1088 1122 Non
1120 1067 1340 1137 quidem
1389 1066 1572 1121 omnia
1598 1080 1720 1136 quae
1746 1064 1889 1136 apud
1919 1079 2019 1117 nos

442 1177 566 1216 cum
587 1161 938 1231 generatione
968 1159 1252 1229 quidpiam
1278 1164 1557 1212 astruente
1579 1156 2013 1227 conspiciuntur,

411 1318 419 1328 ι
451 1258 872 1316 commonstrat,
898 1265 1006 1304 non
1030 1250 1232 1315 locum,
1255 1262 1364 1303 non
1389 1256 1623 1319 tempus,
1646 1264 1755 1303 non
1777 1248 2021 1303 materia:

442 1342 916 1413 pmparationem,
949 1356 1055 1395 non
1094 1341 1583 1396 instrumentorum
1614 1340 2015 1410 cognationem,

442 1449 553 1489 non
585 1447 810 1503 scapum
843 1433 897 1486 in
944 1447 1110 1501 quem
1146 1445 1269 1501 quat
1291 1438 1598 1486 nascuntur
1628 1431 1857 1486 tendunt
1884 1449 1897 1485 :
1925 1430 2018 1485 sed

441 1524 559 1580 haec
588 1524 748 1579 nobis
780 1522 1071 1593 cogitanda
1103 1522 1440 1592 relinquens,
1472 1522 1757 1593 magniﬁce
1779 1532 1833 1577 et
1857 1521 2022 1576 subli-

441 1616 603 1671 miter
623 1629 810 1670 eorum
844 1630 966 1684 qua:
1005 1622 1135 1669 sunt
1163 1614 1568 1684 generationem
1602 1612 1712 1669 Deo
1743 1614 2016 1679 attribuit,

444 1705 502 1760 in
547 1705 750 1776 quibus
795 1706 1014 1770 asserit,
1068 1703 1190 1773 Ipse
1242 1704 1398 1769 dixit,
1434 1714 1481 1757 et
1524 1704 1667 1772 facta
1707 1713 1852 1766 sunt,
1905 1704 2017 1772 ipse

444 1795 719 1850 "laudavit
753 1805 803 1851 et
833 1805 1013 1849 creata
1044 1803 1167 1848 sunt
1194 1794 1260 1847 ³⁸.
1301 1792 1514 1849 Rursus
1555 1807 1679 1847 cum
1722 1793 2019 1861 inexplica-

444 1885 606 1942 bilem
646 1897 810 1957 atque
861 1902 970 1941 non
1025 1884 1387 1940 enarrabilem
1434 1882 1705 1955 Unigeniti
1751 1898 1818 1938 ex
1857 1882 2021 1938 Patre

444 1979 819 2035 exsistentiam
845 2019 860 2044 ,
895 1993 1016 2048 quae
1057 1992 1275 2032 onmem
1318 1976 1582 2032 rationem
1624 1984 1679 2032 et
1720 1976 2019 2031 orationem

446 2068 742 2125 humanam
771 2076 1085 2139 exsuperat,
1109 2067 1355 2137 exponit,
1385 2068 1512 2135 quia
1543 2066 1782 2121 humana
1815 2066 2024 2122 mendi-

447 2161 587 2217 citas
638 2171 694 2215 ct
737 2171 952 2231 egestas
997 2159 1450 2215 documentorum
1499 2173 1622 2229 qua:
1665 2174 1919 2214 sermone
1971 2168 2026 2215 et

449 2252 808 2323 intelligentia
849 2252 1087 2306 humana
1142 2251 1297 2321 longe
1336 2258 1464 2305 sunt
1508 2250 1825 2306 sublimiora
1855 2257 1910 2306 et
1945 2250 2026 2304 al-

449 2343 613 2407 tiora,
660 2358 831 2413 capax
874 2358 985 2396 non
1025 2348 1131 2409 est,
1172 2342 1287 2396 illic
1333 2342 1539 2398 nostris
1573 2340 1752 2396 verbis
1784 2355 1884 2396 usa
1919 2348 2023 2405 est,

448 2444 619 2501 seque
649 2440 849 2486 nostrae
877 2429 1166 2500 capacitati
1194 2427 1676 2495 accommodat,,et
1701 2427 1897 2482 Filium
1927 2442 2029 2482 no-

450 2523 646 2588 minat,
697 2523 839 2592 quod
877 2521 1021 2592 apud
1061 2536 1164 2576 nos
1187 2520 1529 2576 consuetudo
1564 2536 1764 2575 nomen
1793 2527 2021 2590 usurpat

449 2618 520 2673 de
554 2632 614 2672 re
642 2630 704 2672 ea
732 2629 854 2685 quae
894 2629 960 2669 ex
992 2614 1222 2668 materia
1254 2612 1578 2667 naturaliter
1615 2613 1875 2682 gignitur.
1918 2609 2027 2666 Sed

456 2706 918 2781 quemadmodum
936 2705 1344 2776 generationem
1368 2720 1465 2774 per
1478 2704 1810 2759 creationem
1832 2701 2029 2756 factam

450 2817 576 2858 cum
623 2798 761 2854 dixit
792 2811 971 2852 sermo
1009 2796 1252 2858 divinus,
1297 2796 1447 2861 quod
1496 2811 1561 2850 ex
1593 2794 1827 2865 quadam
1860 2801 2030 2847 mate-

451 2894 533 2949 ria
557 2893 673 2962 ipsa
709 2889 850 2943 facta
874 2895 979 2950 est,
1016 2902 1125 2941 non
1156 2887 1411 2956 apposuit
1432 2885 1672 2940 materia:
1702 2884 1994 2939 essentiam
2013 2923 2029 2948 ,

2117 454 2256 497 νοια,
2291 438 2323 506 ἡ
2358 436 2713 497 θεόπνευστος
2740 432 3053 486 διδασκαλία
3100 430 3237 501 πρὸς
3279 430 3377 501 τὴν
3411 430 3697 501 παράσταο

2119 545 2203 580 σιν
2243 528 2344 595 τῆς
2388 527 2624 598 ἀρρήτου
2664 524 2943 594 δυνάμεως
2988 520 3423 593 παραλαμϐάνει,
3456 520 3519 572 οὑ
3552 536 3694 590 συμ-

2120 617 2534 689 παραδεχομένη
2579 615 2678 680 τάς
2718 614 3033 685 σωματικάς
3075 612 3183 667 τῶν
3220 611 3497 681 ὀνομάτων
3525 610 3698 681 ἐμφά-

2120 726 2250 772 σεις.
2286 710 2450 762 Ὀταν
2499 707 2598 778 μὲν
2627 706 2736 778 γάρ
2780 705 3035 777 περὶτῆς
3075 701 3580 770 κατασκευαστικῆς
3607 700 3697 754 λὲο

2118 819 2204 870 γει
2236 800 2537 872 δυνάμεως,
2583 800 2832 869 γέννησιν
2880 799 2975 867 μὲν
3019 795 3272 867 ὀνομάζει
3309 795 3407 865 τὴν
3442 793 3697 864 τοιαύτην

2120 894 2415 964 ἐνέργειαν,
2438 891 2526 945 διὰ
2551 891 2613 944 τὸ
2636 890 2743 943 δεῖν
2774 890 2908 960 πρὸς
2931 889 2991 943 τὸ
3018 887 3270 942 ταπεινὸν
3294 887 3392 957 τῆς
3422 885 3698 956 ἡμετέρας

2118 985 2399 1056 δυνάμεως
2422 982 2720 1053 καταϐῆναι
2742 981 2828 1034 τὸν
2847 980 3021 1049 λόγον.
3042 980 3116 1035 Οὐ
3144 980 3248 1051 μὴν
3265 978 3696 1033 συνενδείκνυται

2117 1078 2185 1133 τά
2222 1079 2322 1132 ὅσα
2352 1077 2482 1145 παρ’
2506 1077 2638 1146 ἡμῖν
2672 1077 2738 1146 τῇ
2780 1071 3251 1141 κατασκευαστικῇ
3283 1070 3529 1139 γεννήσει
3571 1083 3699 1119 συνο

2118 1171 2423 1241 θεωρεῖται,
2443 1169 2503 1221 οὑ
2522 1167 2706 1232 τόπον,
2729 1166 2787 1218 οὑ
2813 1163 3022 1236 χρόνον,
3044 1163 3141 1232 οὑχ
3163 1161 3293 1230 ὕλης
3322 1157 3699 1229 παρασκευὴν.

2118 1261 2218 1314 οὑκ
2246 1260 2491 1331 ὀργάνων
2526 1258 2864 1328 συγγένειαν,
2898 1254 2959 1308 οὑ
3005 1252 3096 1306 τὸν
3137 1253 3230 1306 ἐπὶ
3259 1253 3372 1314 τοῖς
3396 1249 3701 1320 γινομένοις

2121 1350 2321 1403 σκοπόν
2340 1368 2353 1381 ·
2388 1347 2525 1403 ἀλλά
2556 1346 2728 1401 ταῦτα
2757 1348 2889 1418 ἡμῖν
2921 1343 3311 1404 καταλιποῦσα,
3348 1340 3703 1411 μεῃλοφυῶς

2119 1454 2179 1491 τε
2205 1438 2298 1492 καὶ
2328 1437 2546 1508 ὑψηλῶς
2570 1434 2649 1507 τῷ
2675 1434 2793 1505 Θεῷ
2821 1432 3234 1506 προσμαρτυρεῖ
3260 1429 3366 1484 τῶν
3406 1429 3571 1482 ὄντων
3599 1429 3704 1498 τὴν

2120 1528 2350 1598 γένεσιν,
2385 1530 2441 1581 ὲν
2469 1521 2549 1591 οἷς
2577 1544 2739 1598 φησιν
2766 1526 2848 1579 ὃτι
2875 1523 3067 1588 Αὐτὸς
3102 1519 3231 1577 εἷπε
3273 1521 3373 1575 καὶ
3415 1520 3702 1591 ἐγενήθη-

2122 1637 2264 1685 σαν,
2322 1621 2503 1684 αὐτὸς
2552 1617 2887 1672 ἐνετείλατο
2942 1616 3041 1670 καὶ
3090 1615 3480 1682 ἐκτίσθησαν.
3523 1612 3705 1667 Πάλιν

2122 1712 2247 1765 ὅταν
2280 1712 2377 1782 τὴν
2407 1709 2717 1782 ἀπόρρητόν
2755 1726 2814 1763 τε
2844 1709 2936 1762 καὶ
2971 1708 3108 1778 ὑπὲρ
3149 1706 3306 1775 λόγον
3332 1703 3424 1757 τοῦ
3457 1704 3707 1770 Movere-

2119 1803 2242 1866 νοῦς
2272 1804 2336 1856 ὲκ
2362 1803 2455 1855 τοῦ
2489 1801 2700 1871 Πατρδς
2738 1799 2968 1871 ὕπαρξιν
3005 1796 3301 1870 ἐρμηνεὺῃ,
3340 1795 3426 1850 διὰ
3457 1794 3515 1847 τδ
3548 1791 3704 1862 ἀχώ-

2126 1910 2289 1966 ρητον
2318 1888 2455 1945 εἶναι
2484 1891 2580 1963 τὴν
2623 1890 2967 1961 ἀνθρωπίνην
3007 1887 3276 1959 πτωχείαν
3313 1884 3421 1938 τῶν
3450 1885 3588 1953 ὑπὲρ
3620 1884 3712 1938 λό-

2121 2001 2217 2053 γον
2244 2002 2305 2037 τε
2327 1982 2419 2036 καὶ
2454 1982 2656 2037 ἔννοιαν
2684 1980 3048 2052 διδαγμάτων,
3076 1981 3235 2033 κάκεῖ
3261 1979 3372 2041 τοῖς
3413 1975 3708 2048 ἡμετέροις

2126 2077 2514 2149 συγκέχρηται,
2562 2076 2655 2131 καὶ
2695 2075 2820 2129 Υίδν
2873 2070 3160 2143 ὀνομάζει,
3200 2071 3337 2141 ὅπερ
3385 2069 3512 2139 παρ’
3570 2070 3708 2139 ἡμῖν

2127 2168 2382 2240 συνήθεια
2415 2170 2525 2231 τοῖς
2559 2166 2667 2220 ἀπὸ
2705 2165 2836 2236 ὕλης
2872 2165 2968 2218 κα)⁸
3011 2163 3223 2233 φὺσεως
3263 2160 3713 2230 ἀποτικτομένοις

2125 2259 2294 2330 ὄνομα
2317 2257 2543 2315 τίθεται.
2583 2254 2719 2309 Ἀλλ’
2748 2254 2934 2323 ὥσπερ
2960 2253 3057 2323 τὴν
3089 2251 3178 2306 διὰ
3203 2252 3300 2321 τῆς
3324 2248 3552 2312 κτίσεως
3580 2248 3711 2315 γέν-

2127 2367 2281 2421 νησιν
2318 2348 2487 2403 εἰπὼν
2534 2349 2563 2401 δ
2609 2346 2764 2415 λόγος
2813 2342 2902 2398 ἐπὶ
2942 2343 3098 2409 Θεοῦ,
3144 2342 3223 2413 τῷ
3260 2342 3348 2397 διά
3385 2357 3525 2403 τινος
3571 2338 3711 2410 ὕλης

2127 2439 2376 2510 γενέσθαι
2398 2436 2586 2509 αὑτὴν,
2610 2437 2671 2489 οὑ
2703 2434 3040 2507 προσέθηκεν
3058 2433 3244 2486 οὑσίαν
3270 2431 3401 2502 ὕλης
3425 2430 3517 2483 καὶ
3543 2431 3716 2482 τόπον

2130 2532 2223 2584 κα)⁵
2254 2530 2461 2602 χρόνον,
2498 2529 2589 2583 καὶ
2619 2528 2794 2582 πάντα
2831 2527 2902 2581 τά
2938 2525 3177 2587 τοιαῦτα,
3203 2525 3301 2595 τὴν
3336 2521 3429 2577 τοῦ
3455 2520 3586 2575 Θεοῦ
3620 2521 3718 2573 θε-

2130 2624 2368 2695 λήματος
2413 2618 2552 2675 εἶναι
2601 2621 2828 2692 δύναμιν
2880 2618 3325 2689 ἀποφηνάμενος·
3383 2615 3553 2678 οὕτως
3613 2614 3719 2667 καὶ

2131 2715 2363 2769 ἐνταῦθα
2402 2714 2530 2768 Υἱὸν
2571 2712 2756 2779 εἰπὼν,
2787 2712 2966 2782 ἀφῆκε
3009 2711 3184 2764 πάντα
3226 2708 3295 2764 τά
3334 2724 3393 2762 τε
3433 2707 3571 2763 ἄλλα
3609 2708 3724 2761 ὅσα.

2136 2808 2264 2879 περὶ
2306 2808 2404 2878 τὴν
2446 2807 2597 2861 κάτω
2638 2807 2888 2876 γέννησιν
2932 2806 2966 2874 ἡ
3015 2802 3326 2873 ἀνθρωπίνη
3372 2800 3532 2871 φὺσις
3573 2804 3719 2871 όρᾷ,

2139 2898 2284 2969 πάθη
2327 2915 2385 2951 τε
2430 2897 2689 2967 λέγωκαὶ
2723 2895 3008 2957 διαθέσεις,
3046 2893 3140 2946 καὶ
3174 2892 3273 2964 τὴν
3302 2893 3366 2945 ἐκ
3396 2889 3488 2944 τοῦ
3519 2891 3722 2961 χρόνου

452 2982 634 3040 locum
699 2986 754 3035 et
795 2989 1010 3048 tempus
1052 2983 1107 3033 et
1139 2984 1331 3031 czetera
1387 2991 1509 3046 qua:
1562 2987 1692 3030 sunt
1739 2975 2028 3043 ejusmodi,

2139 2990 2476 3061 συνέργειαν,
2506 2988 2598 3041 καὶ
2622 2988 2722 3058 τὴν
2748 2986 2841 3039 τοῦ
2864 2984 3028 3038 τόπου
3057 2983 3263 3054 χρείαν,
3310 2982 3406 3037 καὶ
3448 2982 3552 3053 πρὸ
3580 2982 3726 3035 πάν-

454 3072 762 3130 voluntatis
811 3068 905 3125 Dei
951 3084 1075 3125 esse
1120 3070 1375 3123 virtutem
1423 3067 1755 3124 declarando
1802 3084 1816 3122 :
1854 3067 1935 3121 sic
1979 3075 2029 3120 et

2135 3098 2242 3135 των
2270 3080 2367 3152 τὴν
2396 3080 2547 3151 ὕλην,
2576 3074 2649 3133 ὧν
2674 3079 2801 3131 ἄνευ
2837 3077 3051 3130 πάντων
3098 3076 3131 3145 ή
3174 3074 3325 3128 κάτω
3366 3072 3618 3144 γέννησις
3652 3073 3725 3127 ὲκ

454 3170 548 3227 hic
594 3167 788 3222 Filium
834 3181 958 3221 cum
1007 3164 1167 3223 dixit.
1214 3162 1400 3219 omisit
1446 3161 1629 3216 omnia
1667 3160 1770 3213 alia
1807 3174 1927 3229 qua:
1979 3157 2029 3210 in

2134 3173 2233 3243 τῆς
2259 3171 2472 3242 φύσεως
2519 3171 2579 3224 οὑ
2614 3169 2943 3223 συνίσταται.
2986 3168 3171 3236 Πάσης
3213 3164 3270 3218 δὲ
3313 3165 3413 3236 τῆς
3459 3164 3726 3234 τοιαύτης

459 3258 809 3331 generatione
844 3257 1030 3311 inﬁma
1055 3256 1296 3310 humana
1330 3260 1523 3308 natura
1553 3251 1759 3307 cernit:
1794 3248 2034 3303 aﬁ‘cctio-

458 3369 559 3410 nes
596 3352 720 3407 dico
763 3360 818 3407 et
859 3349 1279 3419 dispositiones,
1310 3354 1471 3417 atque
1502 3361 1567 3399 ex
1615 3354 1859 3412 tempore
1905 3356 2035 3395 con-

452 3451 769 3505 currentem
810 3439 1204 3512 operationem,
1273 3437 1487 3505 locique
1555 3447 1737 3493 usum.
1798 3440 1850 3486 et
1908 3439 2034 3484 ante

456 3536 639 3590 omnia
665 3534 969 3594 materiam,
1009 3530 1128 3585 sine
1160 3527 1361 3598 quibus
1391 3524 1646 3579 omnibus
1685 3522 1911 3578 inferior
1940 3536 2036 3591 ge-

456 3626 672 3684 neratio
714 3622 978 3679 naturalis
1022 3620 1247 3675 minime
1289 3617 1639 3673 consisteret.
1681 3615 1839 3669 Omni
1872 3614 2037 3685 igitur

458 3716 733 3773 materiali
785 3723 839 3770 et
892 3711 1056 3767 locali
1088 3707 1327 3765 essentia
1381 3708 1434 3762 in
1467 3705 1591 3759 Filii
1636 3705 2037 3775 signiﬁcatione

461 3826 573 3866 non
601 3806 1014 3877 comprehensa,
1046 3801 1162 3857 sola
1195 3799 1491 3855 subrelicta
1525 3806 1608 3853 est
1645 3807 1863 3853 natura.
1885 3797 2037 3852 Ideo-

460 3917 571 3973 que
599 3900 721 3955 Filii
764 3914 926 3963 voce,
968 3893 1111 3965 quod
1159 3891 1437 3963 proprium
1488 3897 1572 3945 est
1620 3898 1674 3945 et
1716 3904 2034 3960 germanum

461 3989 917 4048 demonstrationi
946 4000 1070 4057 qua:
1110 3999 1177 4037 ex
1209 3981 1369 4036 Patre
1398 3988 1481 4035 est
1517 3980 1571 4033 in
1612 3978 2039 4049 Unigenito,cx-

461 4083 732 4156 plicetur;
768 4094 833 4134 ac
852 4079 1109 4149 quoniam
1131 4072 1400 4144 ejusmodi
1424 4070 1793 4142 generationis
1826 4070 2039 4141 species

461 4188 576 4232 non
623 4172 759 4228 satis
793 4171 952 4242 plene
980 4174 1194 4237 poterat
1224 4165 1383 4220 nobis
1428 4161 1788 4219 sufﬁcientem
1820 4161 2041 4217 inenar-

464 4261 655 4318 rabilis
669 4257 1285 4331 Unigenitiexsistentiaa
1296 4254 1673 4325 cogitationem
1689 4251 2036 4322 ingenerare:

2137 3263 2326 3333 ὑλικῆς
2357 3280 2417 3315 τε
2453 3262 2547 3315 καὶ
2573 3259 3006 3332 διαστηματικῆς
3031 3258 3104 3329 μὴ
3139 3255 3723 3328 συμπαραλειφθείσης

2137 3357 2193 3409 έν
2234 3356 2298 3425 τῇ
2339 3353 2431 3407 τοῦ
2465 3351 2597 3406 Υἱοῦ
2634 3352 2878 3423 σημασίᾳ
2919 3351 3105 3415 οὑσίας
3129 3367 3144 3380 ·
3179 3350 3311 3419 μόνη
3350 3347 3647 3418 ὑπελείφθη
3688 3351 3725 3419 η

2138 3447 2317 3516 φύσις.
2363 3446 2470 3499 Καὶ
2506 3445 2595 3499 διὰ
2634 3444 2789 3497 τοῦτο
2833 3446 2898 3515 τῇ
2943 3442 3037 3498 τοῦ
3071 3442 3196 3495 Υἱοῦ
3239 3443 3390 3511 φωνῇ
3430 3439 3490 3493 τὸ
3519 3440 3729 3492 οἰκεῖον

2138 3535 2231 3587 καὶ
2258 3534 2478 3605 γνήσιον
2514 3533 2611 3603 τῆς
2664 3536 2727 3586 ἐκ
2769 3531 2862 3586 τοῦ
2898 3529 3107 3604 Πατρδς
3140 3529 3457 3595 ἀναδείξεως
3487 3530 3577 3582 ἐπὶ
3619 3528 3727 3581 τοῦ

2137 3624 2471 3693 Μονογενοῦς
2509 3623 2889 3696 ἑρμηνεύεται.
2942 3624 3052 3677 Καὶ
3096 3621 3281 3693 ἐπειδὴ
3312 3622 3408 3691 οὑχ
3442 3620 3622 3674 ἱκανὸν
3650 3615 3730 3689 ἦν

2137 3715 2195 3767 τὸ
2225 3714 2464 3767 τοιοῦτον
2501 3714 2601 3782 τῆς
2634 3714 2935 3784 γεννήσεως
2967 3708 3104 3774 εἶδος
3150 3709 3425 3780 ἀρκοῦσαν
3458 3710 3590 3778 ἡμῖν
3620 3709 3731 3777 ἑμ-

2139 3810 2359 3881 ποιῆσαι
2394 3808 2493 3878 τῆς
2518 3808 2757 3880 ἀρρήτου
2798 3807 2890 3860 τοῦ
2940 3804 3277 3874 Μονογενοῦς
3310 3801 3595 3874 ὑπάρξεως
3619 3801 3731 3873 τὴν

2140 3898 2458 3970 φαντασίαν,
2494 3898 2997 3970 συμπεριλαμϐάνει
3038 3898 3129 3950 καὶ
3169 3896 3231 3949 τὸ
3258 3895 3443 3966 ἓτερον
3476 3894 3576 3962 τῆς
3599 3910 3730 3960 γενο

2137 3992 2347 4061 νήσεως
2371 3985 2507 4054 εἶδος
2552 3988 2686 4060 πρὸς
2718 3988 2989 4059 σημασίαν
3019 3990 3117 4059 τῆς
3136 3986 3227 4041 τοῦ
3261 3985 3386 4039 Υῖοῦ
3419 3983 3728 4051 θεολογίας.

2139 4080 2201 4133 τδ
2250 4083 2314 4133 ἐκ
2347 4080 2443 4151 τῆς
2478 4080 2664 4149 ὑλικῆς
2693 4078 3010 4153 ἀπορροίας,
3048 4077 3140 4130 καί
3182 4093 3343 4147 φησιν
3359 4073 3731 4143 ’Λπαὺγασμα

2139 4166 2314 4238 δόξης,
2348 4167 2442 4221 καὶ
2466 4167 2668 4237 Ὀσμὴν
2701 4167 2893 4237 μύρου,
2929 4171 3018 4219 καὶ
3057 4165 3278 4236 Ἀτμίδα
3307 4162 3461 4229 Θεοῦ,
3488 4163 3631 4233 ἅπερ
3671 4163 3734 4214 ἐν

2141 4260 2207 4329 τῇ
2259 4257 2541 4338 ἑκτεθείσῃ
2586 4257 2716 4328 παρ’
2762 4257 2915 4327 ἡμῶν
2972 4256 3285 4329 τεχνολογίᾳ
3328 4258 3363 4326 ἡ
3410 4255 3531 4308 καθ’
3574 4256 3732 4325 ἡμᾶς

464 4353 691 4406 alteram
755 4346 1127 4419 generationis
1175 4346 1414 4414 speciem
1469 4344 1536 4397 ad
1575 4342 1696 4397 Filii
1731 4344 2016 4413 signiﬁcan

2146 4347 2401 4417 συνήθεια
2428 4348 2617 4419 ὑλικὴν
2643 4349 2939 4419 ἀπόρροιαν
2968 4347 3240 4419 ὀνομάζει.
3380 4400 3386 4405 .

464 4446 596 4497 tiam
645 4442 879 4498 assumit
918 4438 1214 4506 theologia,
1258 4436 1380 4505 ejus
1446 4451 1642 4506 nempe
1699 4452 1821 4507 quae
1907 4456 1973 4495 ex
2058 4440 2326 4496 materiali
2373 4442 2716 4495 emanatiune
2770 4449 3007 4508 constat;
3066 4449 3119 4493 ct
3177 4439 3309 4494 dicit
3369 4436 3737 4507 Splendorem

464 4536 685 4604 Βιονίειθ,
733 4532 967 4590 θεείοΐὲῐῦ
1018 4530 1302 4602 unguenti.
1371 4537 1426 4583 οι
1468 4528 1735 4599 Vaporem
1789 4530 1918 4599 Dei,
1966 4551 2085 4604 qua:
2157 4535 2375 4605 quidem
2425 4538 2478 4589 in
2541 4535 2789 4606 exposita
2847 4551 2877 4590 a
2928 4537 3088 4591 nobis
3148 4534 3443 4588 artiﬁciosa
3496 4546 3739 4603 genera-

464 4629 633 4685 tionis
669 4626 1025 4682 distinctione
1072 4625 1418 4677 consuetudo
1475 4629 1659 4675 nostra
1700 4624 2034 4677 matcrialem
2076 4627 2476 4680 emanatiouem
2530 4625 2798 4679 nominat.

540 4721 645 4778 Sed
674 4717 1131 4792 quemadmodum
1166 4716 1218 4770 in
1248 4714 1537 4785 praedictis,
1573 4731 1747 4785 neque
1776 4725 2045 4773 creatum

467 4813 769 4886 generatio,
801 4826 978 4880 neque
1023 4808 1144 4863 Filii
1182 4806 1528 4877 signiﬁcatio,
1560 4808 1643 4861 vel
1668 4816 1905 4878 tempus,
1962 4813 2045 4863 νρι

468 4900 774 4965 materiam,
807 4898 890 4953 vel
913 4900 1112 4958 locum,
1143 4896 1226 4950 vel
1256 4893 1597 4950 aﬁectionem
1628 4906 2044 4965 commonstrat,

470 4993 552 5045 sic
578 4998 633 5045 et
660 4990 751 5043 hic
800 4989 946 5042 omni
982 4986 1250 5041 materiali
1282 4986 1500 5040 notione
1537 4987 1929 5055 praetermissa,
1959 5004 2048 5042 so-

473 5081 579 5134 lam
635 5080 943 5149 splendoris
1001 5086 1054 5133 et
1103 5078 1438 5147 reliquorum
1503 5088 2047 5134 commemoratorum

473 5170 950 5242 signiﬁcationem,
971 5169 1113 5239 quod
1142 5168 1247 5223 Deo
1270 5171 1525 5222 decorum
1551 5176 1635 5224 est
1662 5177 1715 5224 et
1747 5170 1841 5225 tali
1871 5171 2053 5240 specie

473 5261 846 5331 generationis
875 5259 1123 5329 dignum,
1164 5274 1335 5314 sacrae
1358 5257 1652 5329 Scriptura‘
1688 5275 1870 5315 sermo
1898 5276 2053 5317 assu-

474 5365 631 5405 mens
664 5349 940 5407 ostendit:
973 5351 1117 5420 quod
1161 5359 1402 5421 oporteat
1453 5366 1519 5405 ex
1547 5352 1664 5421 ipso
1697 5360 1751 5406 et
1776 5367 1898 5406 cum
1933 5352 2052 5421 ipso

476 5441 665 5497 eodem
730 5443 893 5498 modo
919 5458 1013 5513 per
1049 5443 1185 5497 hanc
1216 5443 1470 5497 dictionis
1503 5443 1666 5513 hujus
1699 5442 2052 5514 signiﬁcatio-

560 5622 598 5653 ⁸¹
651 5619 790 5673 l‘sal.
820 5633 1042 5682 csum,
1078 5621 1135 5674 3.

2237 4720 2376 4774 Ἀλλ’
2427 4720 2618 4793 ὥσπερ
2649 4725 2707 4777 ὲν
2744 4725 2859 4786 τοῖς
2899 4723 3355 4796 προειρημένοις,
3392 4718 3514 4774 οὕτε
3548 4721 3580 4791 ἠ
3626 4720 3743 4790 τῆς

2153 4806 2384 4870 κτίσεως
2413 4806 2686 4877 γέννησις,
2722 4807 2845 4861 οὕτε
2875 4811 2908 4878 ἡ
2941 4808 3034 4862 τοῦ
3065 4809 3195 4863 Υίοῦ
3232 4809 3498 4881 σημασία,
3531 4809 3564 4879 ἢ
3599 4810 3743 4879 χρό-

2155 4915 2263 4959 νον,
2296 4898 2328 4969 ἢ
2361 4897 2569 4971 ὕλην,ἦ
2602 4900 2783 4963 τόπον,
2814 4900 2846 4971 ἦ
2874 4900 3044 4965 πάθος
3069 4900 3533 4972 συμπαρεδέξατο,
3555 4897 3747 4965 οὕτως

2155 4990 2248 5041 καὶ
2277 4989 2509 5043 ἐνταῦθα
2534 4992 2712 5063 πάσης
2732 4992 2831 5062 τῆς
2856 4992 3043 5064 ὑλικῆς
3072 4994 3279 5057 ἐννοίας
3306 4994 3403 5064 τὴν
3434 4992 3527 5046 τοῦ
3549 4992 3747 5046 ἀπαυ-

2157 5080 2464 5151 γάσματος,
2502 5083 2724 5137 καὶτῶν
2755 5084 2958 5138 λοιπῶν
2994 5083 3103 5137 τῶν
3132 5083 3606 5155 μνημονευθέντων
3636 5100 3748 5155 ση-

2162 5172 2361 5242 μασίαν
2401 5174 2590 5243 μόνην,
2620 5175 2678 5228 τὺ
2712 5174 3013 5244 θεοπρεπὲς
3036 5175 3128 5228 τοῦ
3154 5174 3392 5228 τοιούτου
3416 5175 3514 5246 τῆς
3538 5178 3755 5245 γεννή-

2161 5279 2297 5326 σεως
2324 5265 2494 5329 εἴδους
2523 5268 2551 5319 ό
2576 5265 2731 5334 λόγος
2759 5266 3091 5336 παραλαϐὼν
3132 5266 3464 5320 ἐνδείκνυται
3485 5284 3497 5296 ·
3534 5267 3593 5318 τὸ
3616 5267 3756 5325 δεῖν

2159 5354 2218 5419 ἐξ
2243 5355 2410 5409 αὑτοῦ
2457 5374 2515 5410 τε
2556 5358 2646 5410 καὶ
2678 5359 2793 5428 μετ’
2836 5358 2999 5413 αὑτοῦ
3043 5358 3182 5412 κατὰ
3218 5359 3417 5413 ταυτὸν
3452 5358 3702 5414 νοεῖσθαι
3733 5403 3752 5427 ,

2158 5445 2243 5498 διὰ
2272 5447 2369 5517 τῆς
2401 5447 2541 5502 κατά
2565 5449 2663 5521 τὴν
2696 5448 2840 5514 λέξιν
2880 5450 3078 5521 ταύτην
3107 5451 3413 5520 ἐμφάσεως.
3450 5449 3586 5504 Οὕτε
3619 5454 3757 5524 γὰρ
