4032 6208
362 216 466 277 509

1502 218 1783 276 CONTRA
1820 217 2209 288 EUNOMIUM,
2250 220 2378 277 LIB.
2411 220 2483 277 ll.

3517 221 3620 280 510

359 334 396 404 ἡ
436 333 608 403 ἀτμὶς
636 330 735 404 τήν
771 332 855 398 είς
884 332 1022 405 ἀέρα
1053 333 1299 406 διάχυσιν
1328 335 1394 388 ἐκ
1438 335 1539 406 τῆς
1572 337 1934 408 ὑποκειμένης

2040 353 2163 394 nem
2194 340 2446 410 intelligi.
2499 338 2683 411 Neque
2746 340 2889 395 enim
2919 353 3083 410 vapor
3136 338 3484 398 dtﬂusionem
3526 357 3623 413 per

360 423 500 494 ὕλης
521 424 842 495 παρίστησιν
869 438 879 449 ’
905 423 1027 478 οὔτε
1060 427 1093 496 ή
1128 425 1271 496 ὀσμὴ
1298 425 1394 499 τὴν
1424 427 1487 480 ὲκ
1515 427 1614 498 τῆς
1649 428 1929 500 ποιότητος

360 517 461 573 τοῦ
492 518 662 589 μόρου
686 516 981 588 γινομένην
1004 517 1139 588 πρὸς
1162 517 1253 571 τὸν
1275 519 1413 591 ἀέρα
1440 520 1789 590 μετάστασινσ
1813 519 1938 575 οὔτε

359 609 426 664 τὸ
465 608 807 678 ἀπαύγασμα
843 607 942 680 τὴν
984 608 1079 663 τοῦ
1128 609 1351 679 ἡλιακοῦ
1405 610 1656 681 σώματος
1698 613 1786 667 διὰ
1830 614 1939 668 τῶν

359 701 596 758 ἀκτίνων
624 701 923 773 γενομένην
950 701 1268 771 ἀπόρροιαν.
1314 703 1473 758 Ἀλλά
1499 704 1657 759 τοῦτο
1682 706 1839 777 μόνον
1874 710 1938 761 ἐκ

361 794 605 856 πάντων,
626 790 813 855 καθὼς
837 792 1171 864 εῖρηται,διά
1199 793 1293 847 τοῦ
1337 795 1580 849 τοιούτου
1618 797 1720 865 τῆς
1751 800 1939 871 γεννή-

360 899 503 945 σεως
549 882 755 953 τρόπου
796 880 1084 951 δηλοῦται,
1119 882 1180 935 τὸ
1225 882 1287 947 ἐξ
1325 883 1534 938 ἐκείνου
1579 903 1637 939 τε
1676 882 1938 942 εἶναικαὶ

362 973 485 1042 μετ’
523 972 734 1025 ἐκείνου
776 971 1016 1029 νοεῖσθαι
1066 972 1296 1044 μηδενὸς
1329 973 1696 1047 διαστήματος
1733 979 1935 1048 μεταξὺ

264 1054 269 1058 ’
356 1062 454 1116 τοῦ
489 1063 724 1135 Πατρὸς,
754 1064 851 1116 καὶ
876 1062 971 1117 τοῦ
998 1063 1054 1129 ἐξ
1077 1063 1240 1119 αὑτοῦ
1275 1065 1674 1137 μεσιτεύοντος.
1720 1069 1936 1141 Ἐπειδὴ

355 1151 447 1204 διὰ
479 1152 705 1205 πλείονα
751 1151 1182 1226 φιλανθρωπίαν,
1217 1156 1251 1226 ἡ
1292 1153 1385 1210 τοῦ
1435 1157 1590 1226 ἁγίου
1624 1158 1938 1231 Πνεύματος

358 1244 519 1315 χάρις
545 1242 877 1314 πολλαχόθεν
905 1244 1036 1314 ήμῖν
1062 1246 1380 1315 ἐγγενέσθαι
1400 1249 1497 1313 τὰς
1526 1249 1672 1312 θείας
1696 1251 1825 1321 περὶ
1840 1250 1935 1304 τοῦ

358 1336 704 1405 Μονογενοῦς
732 1336 1028 1408 ὑπολήψεις
1054 1336 1449 1409 ᾠκονομήσατο
1468 1356 1482 1371 ο
1511 1341 1820 1412 προσέθηκε
1844 1342 1936 1395 καὶ

355 1428 417 1481 τὸ
447 1427 773 1498 λειπόμενον
803 1428 912 1483 τῶν
937 1429 996 1482 ὲν
1027 1432 1092 1500 τῇ
1139 1430 1352 1498 γενέσει
1385 1430 1772 1503 θεωρουμένων
1798 1430 1935 1499 εἶδος

354 1520 418 1573 τδ
445 1520 512 1572 ὲκ
540 1518 638 1573 τοῦ
663 1519 756 1573 νοῦ
786 1520 881 1573 καὶ
905 1519 996 1573 τοῦ
1026 1519 1185 1588 λόγου
1211 1538 1226 1552 ·
1262 1521 1377 1575 ἀλλ’
1404 1523 1469 1575 ἐκ
1491 1523 1696 1577 τούτων
1729 1523 1935 1580 πλείονι

357 1611 560 1683 χρῆται
591 1614 658 1683 τῇ
701 1612 1012 1684 προμηθείᾳ
1050 1615 1078 1667 ό
1109 1613 1313 1684 ὑψηλὸς
1358 1613 1637 1686 Ἰωάννης·
1678 1617 1818 1670 ὥστε
1861 1618 1935 1691 μὴ

2045 442 2227 481 aerem
2269 442 2336 482 ex
2401 428 2647 499 subjecta
2700 430 2929 485 materia
2974 438 3328 501 repraesentat
3378 451 3393 487 :
3448 448 3623 503 neque

2045 518 2183 574 odor
2208 535 2272 574 ex
2304 520 2567 589 qualitate
2594 522 2853 590 unguenti
2897 537 2990 589 per
3015 536 3195 577 aerem
3240 521 3355 578 ﬁeri
3380 523 3620 593 emigra—

2045 610 2244 664 tionem
2272 609 2530 675 ostendit,
2565 625 2738 679 neque
2762 609 3017 682 sp‘endqr
3042 612 3158 667 sive
3198 612 3506 684 eil‘ulgentia
3534 633 3622 670 so-

2045 698 2175 754 laris
2224 700 2472 769 corporis
2502 715 2595 769 per
2619 700 2802 754 radios
2837 701 3031 755 factam
3081 706 3479 757 emanationem
3530 705 3622 759 tle-

2044 798 2332 845 monstrat.
2375 789 2479 846 Sed
2504 792 2605 845 hoc
2627 792 2802 847 solum
2835 809 2901 846 ex
2928 793 3204 859 omnibus,
3239 795 3381 848 sicut
3412 795 3617 849 dictum

2043 890 2148 945 est,
2165 898 2261 952 per
2282 884 2442 938 talem
2462 884 2830 953 generationis
2847 882 3067 938 modum
3087 884 3420 947 declaratur,
3435 900 3501 939 ex
3526 884 3621 940 illo

2044 984 2098 1029 et
2129 990 2251 1029 cum
2287 976 2376 1028 illo
2402 975 2627 1046 intelligi
2657 976 2804 1029 nullo
2836 975 3122 1030 intervallo
3150 976 3438 1046 interjecto
3470 977 3613 1032 inter

2041 1064 2259 1122 Patrem
2292 1076 2345 1121 et
2367 1084 2512 1133 eum,
2546 1068 2636 1138 qui
2663 1083 2724 1121 ex
2750 1068 2869 1138 ipso
2894 1075 2998 1132 est,
3019 1068 3449 1123 conciliatorem.
3471 1068 3620 1135 Quo-

2045 1157 2191 1211 niam
2212 1174 2344 1213 vero
2365 1169 2585 1229 propter
2607 1158 2864 1227 majorem
2895 1160 2948 1211 in
2973 1159 3219 1214 homines
3232 1174 3473 1214 amorem
3491 1159 3619 1214 san-

2051 1248 2122 1302 cti
2148 1247 2385 1318 Spiritus
2406 1251 2575 1320 gratia
2601 1249 2788 1304 multis
2808 1262 2873 1303 ex
2905 1248 3038 1302 locis
3058 1236 3215 1303 nobis
3234 1250 3368 1305 tales
3385 1250 3451 1305 de
3476 1249 3616 1307 Uni-

2041 1341 2224 1411 genito
2253 1341 2467 1395 divinas
2514 1343 2764 1395 notiones
2800 1341 3085 1395 informari
3119 1342 3431 1410 procuravit
3466 1357 3479 1393 :
3521 1342 3618 1396 ad-

2037 1431 2244 1500 jecitet
2268 1431 2531 1500 reliquam
2563 1446 2754 1485 eorum
2802 1446 2923 1500 quas
2963 1431 3016 1484 in
3053 1431 3402 1501 generatione
3428 1431 3613 1485 consi-

2042 1527 2321 1587 derantur,
2382 1523 2619 1592 speciem
2657 1538 2719 1577 ex
2754 1530 2935 1579 mente
2982 1532 3035 1578 et
3055 1522 3256 1579 verbo:
3303 1520 3399 1578 sed
3434 1538 3501 1577 ex
3530 1522 3616 1580 his

2042 1614 2249 1684 majore
2287 1615 2634 1684 providentia
2667 1614 2921 1672 sublimis
2981 1615 3071 1669 ille
3132 1613 3371 1669 Joannes
3425 1615 3613 1680 utitur,

358 1704 464 1757 ὑπὸ
509 1703 730 1766 ἀτονίας
784 1720 845 1755 τε
897 1705 993 1757 καὶ
1044 1703 1407 1775 μικροψυχίας
1459 1710 1792 1760 καταπεσεῖν
1843 1708 1934 1761 τὸν

2038 1704 2111 1759 ita
2142 1713 2200 1760 ut
2225 1720 2403 1775 neque
2434 1705 2649 1759 auditor
2682 1721 2797 1775 prae
2849 1706 3110 1774 languore
3140 1713 3193 1760 et
3220 1704 3402 1775 pusilli
3447 1705 3614 1759 animi

354 1790 627 1844 ἀκούοντα
668 1791 807 1863 πρὸς
846 1790 944 1864 τὴν
986 1792 1170 1864 κοινὴν
1216 1792 1429 1847 ἔννοιαν
1479 1793 1574 1848 τοῦ
1625 1797 1780 1865 λόγου
1806 1838 1821 1861 ,
1860 1798 1936 1862 ὡς

357 1879 604 1949 φθόγγον
630 1878 725 1934 τοῦ
751 1881 965 1953 Πατρὸς
992 1881 1081 1935 τὸν
1118 1882 1246 1937 Υίὸν
1278 1884 1632 1956 νομισθῆναι·
1667 1887 1755 1941 διὰ
1778 1888 1938 1942 τοῦτο

352 1975 772 2045 προσμαρτυρεῖ
788 1974 867 2045 τῷ
894 1974 1053 2045 Λόγῳ
1092 1974 1153 2029 τὸ
1170 1976 1290 2029 κατ’
1315 1977 1499 2031 οὐσίαν
1543 1973 1682 2033 εἶναι
1707 1981 1765 2033 ὲν
1796 1982 1933 2053 αὐτῇ

351 2066 419 2135 τῇ
451 2062 650 2137 πρώτῃ
684 2064 778 2117 καὶ
824 2064 1069 2136 μακαρίᾳ
1109 2067 1289 2135 φύσει.
1326 2066 1499 2132 οὕτως
1542 2069 1845 2141 ἀναϐοήσας
1876 2072 1936 2125 τὸ

352 2158 624 2228 κήρυγμα
642 2173 657 2189 ’
686 2158 769 2212 ὅτι
807 2157 912 2211 Ἐν
940 2156 1099 2228 ἀρχῇ
1122 2153 1201 2229 ἦν
1225 2162 1259 2213 ό
1297 2160 1487 2230 Λόγος
1524 2161 1622 2215 καὶ
1651 2164 1801 2231 πρὸς
1831 2165 1937 2218 τὸν

354 2252 651 2306 Θεόιυκαὶ
665 2250 798 2316 Θεὸς
835 2250 974 2321 φῶς,
1003 2252 1098 2304 καὶ
1128 2251 1240 2324 ζωὴ
1266 2253 1359 2305 καὶ
1387 2252 1564 2307 πάντα
1593 2254 1693 2308 ὅσα
1723 2256 1870 2309 ἐστὶν
1901 2258 1934 2327 ή

350 2342 502 2414 ἀρχὴ
530 2344 626 2397 καί
655 2343 816 2407 αὐτὸς
852 2338 943 2412 ἦν.
973 2342 1173 2397 Τυῦτον
1192 2344 1371 2397 τοίνυν
1398 2343 1488 2399 τὸν
1510 2344 1612 2416 τῆς
1631 2349 1935 2419 γεννήσεως

349 2437 561 2504 τρόπον
594 2436 715 2508 ήτοι
758 2434 867 2489 τῶν
906 2436 966 2503 ἐξ
998 2437 1176 2500 αίτίας
1200 2435 1524 2505 ὑφεστώτων
1543 2437 1599 2490 ἐν
1625 2455 1685 2492 τε
1724 2431 1790 2510 τῇ
1814 2439 1934 2494 καθ’

348 2529 505 2599 ἡμᾶς
550 2528 810 2601 συνηθείᾳ
842 2529 1281 2601 γινωσκομένων,
1311 2529 1714 2599 διαληφθέντων
1747 2531 1803 2585 δὲ
1841 2531 1936 2585 καὶ

346 2620 511 2691 παρά
534 2620 634 2692 τῆς
661 2622 822 2691 ἁγίας
849 2621 887 2674 Γ
892 2621 1074 2692 ραφῆς
1108 2620 1244 2693 πρὸς
1263 2621 1361 2693 τὴν
1392 2621 1499 2675 τῶν
1522 2622 1936 2694 ὑπερκειμένων

344 2713 723 2779 διδασκαλίαν,
754 2714 954 2781 οὑτως,
989 2715 1065 2779 ώς
1099 2715 1248 2778 εἰκός
1279 2717 1395 2768 ἐστι
1429 2716 1563 2784 πρὸς
1586 2716 1935 2787 παράστασιν

346 2806 468 2860 τῶν
494 2805 657 2860 θείων
686 2805 1007 2878 ὑπολήψεων
1025 2806 1255 2860 ἕκαστον
1278 2805 1483 2860 τούτων
1506 2806 1745 2871 εὐσεϐῶς
1770 2824 1930 2878 μετα-

346 2896 647 2969 ληφθῆναι.

424 2987 635 3059 Καιρὸς
670 2986 738 3042 ἂν
768 2986 854 3059 εῖη
886 2987 1219 3059 κατανοῆσαι
1263 2988 1356 3042 καὶ
1396 2986 1493 3041 τοῦ
1533 2988 1798 3059 Εὑνομίου
1842 2988 1933 3043 τὸν

343 3082 519 3150 λόγον
550 3081 644 3134 ἐπὶ
671 3081 827 3134 ποίου
866 3080 1081 3151 δέχεται
1125 3080 1528 3152 σημαινομένου
1553 3081 1652 3152 τὴν
1682 3081 1780 3151 τῆς
1806 3097 1931 3148 γεν-

346 3174 572 3245 νήσεως
595 3172 854 3243 ἔμφασιν.
885 3173 1041 3238 Υιὸν,
1065 3174 1231 3244 φησιν
1254 3212 1268 3233 ,
1298 3172 1591 3239 ἀληθινὸν
1632 3173 1744 3226 οὐκ
1768 3171 1937 3241 ἀγέν-

346 3281 548 3334 νητον
564 3265 660 3319 καί
696 3263 933 3332 ἀληθῶς
970 3265 1335 3336 γεννηθέντα
1384 3262 1496 3331 πρὸ
1536 3262 1784 3317 αἰώνων.
1821 3262 1933 3336 Τὴν

354 3357 466 3427 μὲν
518 3351 615 3410 οὖν
666 3357 722 3408 ἐν
767 3358 832 3426 τῇ
879 3354 1126 3426 διαστολῇ
1178 3355 1653 3426 κακουργηθεῖσαν
1709 3354 1937 3407 ἀκολου-

347 3446 482 3501 θίαν
522 3446 600 3510 ὡς
639 3446 807 3500 παντὶ
836 3445 1112 3517 γνώριμον
1139 3440 1305 3499 οὖσαν
1331 3444 1727 3516 παραδραμεῖν,
1757 3439 1933 3511 οἶμαι,

349 3536 651 3608 προσήκει.
680 3535 779 3599 Τίς
810 3534 919 3607 γὰρ
949 3535 1049 3589 οὐκ
1076 3528 1217 3587 οἶδεν
1245 3534 1327 3586 ὅτι
1356 3532 1435 3604 τῷ
1478 3532 1575 3604 μὲν
1609 3532 1722 3604 Υίῴ
1743 3573 1759 3598 ,
1801 3533 1936 3606 πρὸς

347 3628 457 3681 τὸν
482 3625 698 3697 Πατέρα
726 3666 742 3692 ,
775 3626 853 3697 τῷ
880 3626 940 3680 δὲ
958 3625 1199 3697 γεννητῷ
1229 3626 1364 3697 πρὸς
1402 3626 1494 3678 τὸν
1523 3625 1819 3701 ἀγέννητον
1843 3626 1935 3679 οὔ·

358 3735 472 3787 σης
520 3717 619 3788 τῆς
664 3718 1106 3789 ἀντιδιαστολῆς,
1146 3710 1303 3781 οὗτος
1352 3716 1446 3771 τὸν
1484 3717 1705 3788 Πατέρα
1741 3717 1937 3789 παρεὶς

348 3809 785 3867 ἁντιδιαστὲλλει
840 3810 916 3881 τῷ
956 3810 1070 3881 Υίῷ
1104 3811 1193 3865 τὸν
1233 3810 1551 3880 ἁγέννητονς
1584 3811 1731 3873 Δέον,
1779 3812 1936 3883 εἰπερ

348 3900 618 3974 ἀληθείας
646 3904 882 3956 ἐποιεῖτο
906 3903 1183 3975 φροντίδα,
1218 3903 1291 3974 μή
1318 3902 1665 3973 παρατρέψαι
1693 3901 1790 3973 τῆς
1814 3919 1938 3972 σχε-

347 3994 519 4065 τικῆς
540 3992 858 4057 ἀκολουθίας
909 3997 1001 4049 τὸν
1028 3994 1185 4062 λόγον
1205 4009 1219 4024 ·
1250 3992 1366 4047 ἀλλ’
1386 3995 1562 4046 εἰπεῖν
1584 3993 1665 4046 ὅτι
1691 3993 1782 4047 τὸν
1808 3993 1936 4047 Υίὸν

346 4084 613 4156 ἀληθινὸν
636 4085 698 4138 οὐ
723 4085 961 4158 Πατέρα.
1015 4084 1172 4140 οὕτω
1199 4085 1254 4139 δὲ
1276 4084 1341 4139 ἂν
1367 4084 1691 4153 συνδιεσώθη
1724 4087 1788 4156 τῇ
1809 4087 1938 4138 ἀκο-

350 4177 553 4250 λουθίᾳ
594 4176 691 4231 τοῦ
721 4177 881 4247 λόγου
912 4177 1007 4232 καὶ
1044 4179 1078 4249 ἡ
1111 4177 1382 4242 εὐσέϐεια,
1427 4180 1494 4248 τῇ
1525 4177 1794 4248 διακρίσει
1827 4176 1935 4232 τῶν

346 4270 669 4343 ⁴ιεροσιῖνιτιυν
714 4271 788 4342 μὴ
814 4268 1317 4340 συνδιασχισθείσης
1362 4268 1465 4338 τῆς
1499 4267 1731 4337 φύσεως.
1774 4267 1936 4321 Ἀλλά

2037 1794 2413 1849 imbecillitate
2438 1795 2492 1848 in
2520 1810 2866 1859 communem
2898 1797 3167 1851 sermonis
3199 1798 3444 1851 notitiam
3469 1797 3617 1852 deci-

2036 1886 2150 1948 dat,
2168 1888 2247 1943 sic
2270 1896 2329 1942 ut
2347 1887 2516 1944 Filius
2536 1889 2878 1944 existimetur
2910 1905 3078 1943 sonus
3094 1889 3306 1945 Patris:
3334 1899 3613 1961 propterea

2036 1979 2288 2039 attribuit
2321 1978 2519 2045 Verbo,
2556 1989 2615 2034 ut
2655 1996 2751 2051 per
2776 1984 3073 2036 essentiam
3102 1984 3154 2036 in
3195 1983 3310 2051 ipsa
3358 1983 3529 2052 prima
3559 1990 3614 2037 et

2036 2070 2191 2125 beata
2232 2075 2301 2126 sit
2321 2079 2538 2137 natura,
2574 2075 2655 2127 sic
2674 2073 3003 2142 praeconium
3038 2075 3145 2126 alta
3167 2089 3295 2129 voce
3328 2075 3610 2143 praefatus:

2038 2157 2107 2215 In
2149 2162 2413 2230 principio
2454 2172 2573 2229 erat
2618 2160 2874 2227 Verbum,
2922 2173 2971 2217 et
3021 2163 3242 2219 Verbum
3309 2174 3421 2217 erat
3473 2163 3614 2233 apud

2037 2249 2204 2305 Deum
2229 2252 2279 2282 "
2318 2271 2333 2307 :
2362 2259 2417 2307 et
2446 2251 2592 2308 Deus
2641 2262 2696 2307 et
2721 2253 2811 2308 lux
2847 2261 2901 2309 et
2931 2259 3035 2309 vita
3066 2263 3119 2309 et
3151 2271 3487 2325 qttaecunque
3529 2266 3615 2311 est

2037 2344 2365 2414 principium
2387 2352 2441 2399 et
2467 2345 2643 2416 ipsmn
2680 2345 2914 2403 Verbum
2951 2358 3088 2402 erat.
3120 2347 3215 2403 llis
3260 2348 3424 2418 igitur
3451 2364 3616 2418 gene-

2036 2434 2264 2491 rationis
2299 2445 2352 2491 ct
2388 2450 2577 2491 eorum
2609 2452 2730 2508 quae
2763 2453 2829 2493 ex
2856 2452 3019 2492 causa
3074 2438 3400 2505 subsistunt,
3437 2439 3612 2498 modis

2035 2542 2100 2582 ex
2127 2536 2316 2583 nostro
2341 2544 2492 2584 more
2516 2531 2770 2602 cognitis,
2805 2539 2859 2586 et
2887 2546 2917 2584 a
2953 2546 3107 2586 sacra
3136 2530 3421 2601 Scriptura
3452 2548 3615 2593 usur—

2036 2620 2178 2690 patis
2205 2628 2258 2676 et
2285 2622 2586 2693 assumptis
2612 2623 2677 2676 ad
2717 2620 3035 2677 tradendam
3089 2638 3271 2676 rerum
3327 2638 3614 2693 suprema-

2036 2727 2157 2765 rmn
2180 2711 2510 2780 doctrinam,
2535 2714 2617 2769 sic
2649 2729 2837 2769 eorum
2861 2728 3303 2784 unumquemque
3325 2718 3407 2784 (ut
3436 2716 3611 2787 decet)

2036 2804 2103 2858 ad
2130 2803 2344 2860 divinas
2389 2804 2811 2861 informationes
2868 2806 2921 2859 in
2978 2805 3162 2871 animo
3208 2807 3613 2878 consignandas

2036 2912 2255 2954 sumere
2284 2897 2571 2953 debemus.
3047 2909 3050 2911 ‘

2109 2987 2214 3045 Sed
2240 2989 2350 3057 jam
2382 2996 2598 3061 tempus
2627 2991 2798 3061 exigit
2859 2998 2918 3045 ut
2956 2989 3204 3045 Eunomii
3239 3006 3421 3045 sermo
3454 2992 3611 3047 intel-

2037 3082 2239 3152 ligatur
2273 3083 2326 3137 in
2349 3098 2459 3152 quo
2480 3082 2783 3153 signiﬁcatu
2807 3082 3173 3154 generationis
3195 3083 3611 3152 appellationem

2035 3173 2285 3242 accipiat.
2346 3171 2579 3236 Filium,
2628 3173 2836 3242 inquit,
2883 3189 3059 3227 verum
3098 3189 3201 3226 non
3237 3173 3519 3242 ingenitum
3562 3183 3613 3228 et

2035 3279 2149 3317 vere
2177 3263 2409 3333 genitum
2438 3274 2559 3317 ante
2586 3262 2805 3317 swcula.
2859 3261 2991 3328 Quae
3024 3263 3077 3316 in
3122 3263 3473 3319 distinctione
3495 3277 3614 3316 ma-

2034 3354 2181 3425 ligne
2225 3355 2370 3410 facta
2426 3363 2530 3417 est,
2578 3354 3045 3417 consecutionem.
3091 3363 3146 3407 ut
3202 3353 3378 3409 cuivis
3424 3362 3609 3410 notam

2038 3447 2339 3516 praeterire,
2365 3447 2581 3517 Opinor,
2613 3447 2884 3502 convenit.
2919 3445 3054 3511 Quis
3074 3445 3216 3501 enim
3253 3446 3467 3515 ignorat
3485 3459 3611 3500 cum

2036 3534 2207 3590 Filius
2237 3534 2407 3600 Patri,
2448 3545 2501 3590 et
2531 3536 2748 3606 genitus
2801 3535 3043 3605 ingenito
3089 3541 3415 3604 opponatur,
3446 3534 3615 3603 hunc,

2037 3624 2195 3679 Patre
2220 3625 2449 3689 omisso,
2474 3626 2773 3696 ingenitum
2802 3624 2940 3680 Filio
2968 3625 3285 3696 opponere?
3321 3623 3615 3694 Oportebat

2038 3723 2216 3770 autem
2248 3715 2297 3771 si
2332 3716 2499 3770 ullam
2532 3717 2781 3771 veritatis
2814 3731 3000 3770 curam
3033 3717 3336 3778 habuisset,
3378 3716 3616 3771 relative:

2038 3805 2445 3874 consequentiae
2475 3806 2742 3862 rationem
2768 3821 3111 3876 nequaquam
3164 3815 3493 3876 pervertere,
3516 3807 3611 3861 sed

2037 3896 2221 3953 dicere
2248 3894 2442 3951 Filium
2471 3912 2656 3951 verum
2689 3912 2798 3952 non
2824 3897 3037 3952 Patrem
3075 3915 3089 3951 :
3121 3898 3225 3953 hoc
3252 3897 3413 3950 modo
3437 3897 3613 3967 pietas

2037 4003 2161 4044 cum
2192 3989 2422 4044 rationis
2465 3988 2854 4059 consequentia
2904 3985 3117 4042 servata
3173 3986 3385 4053 fuisset,
3407 3997 3460 4044 et
3484 4004 3609 4043 cum

2036 4094 2395 4150 personarum
2450 4079 2785 4135 discretione
2836 4078 3059 4132 minime
3126 4078 3359 4133 discissa
3419 4080 3611 4135 fuisset

2037 4180 2253 4227 natura.
2276 4171 2377 4227 Sed
2403 4172 2528 4236 iste,
2552 4186 2738 4227 verum
2767 4178 2821 4225 et
2850 4172 2905 4224 in
2923 4168 3221 4241 Scripturis
3248 4172 3423 4227 sacris
3449 4188 3612 4228 usur-

2037 4273 2225 4334 patum
2262 4261 2444 4317 Patris
2477 4278 2660 4326 usum,
2691 4271 2745 4316 et
2772 4260 2841 4316 ab
2870 4260 2987 4332 ipso
3019 4259 3198 4317 Verbo
3259 4263 3315 4317 in
3347 4261 3468 4318 ﬁdei
3497 4278 3614 4318 ser-

346 4361 459 4433 τὴν
484 4361 661 4433 ἀληθῆ
704 4378 762 4415 τε
797 4362 891 4415 καὶ
920 4360 1196 4432 ἔγγραφον
1236 4359 1330 4413 τοῦ
1374 4359 1583 4430 [ἰατρὸς
1611 4360 1806 4431 χρῆσιν
1834 4359 1933 4431 τὴν

2038 4369 2199 4410 mone
2226 4355 2505 4413 traditum.
2526 4361 2862 4425 permutans,
2889 4354 3008 4408 loco
3033 4352 3213 4409 Patris
3239 4354 3376 4408 dixit
3408 4355 3616 4425 ingeni-

348 4454 488 4522 παρ’
516 4451 684 4506 αὑτοῦ
721 4450 818 4505 τοῦ
848 4452 1020 4521 Λόγου
1044 4450 1437 4521 παραδοθεῖσαν
1474 4451 1532 4502 ἐν
1558 4450 1636 4520 τῷ
1667 4451 1809 4520 λόγῳ
1834 4452 1933 4522 τῆς

347 4542 598 4606 πίστεως
626 4540 962 4613 ὑπαμείψας,
1013 4542 1309 4612 ἀγέννητον
1332 4540 1451 4594 ἀντὶ
1480 4541 1572 4595 τοῦ
1598 4542 1807 4612 Πατρὸς
1830 4559 1932 4595 κα-

346 4634 673 4705 τωνόμασεν
697 4651 712 4665 ο
760 4634 845 4688 τνα
876 4633 1119 4706 χωρίσας
1150 4633 1314 4687 αὑτὸν
1345 4634 1447 4704 τῆς
1473 4633 1706 4704 φυσικῆς
1735 4633 1933 4687 ὲνθεω-

351 4723 634 4795 ρωμινης
672 4723 740 4793 τῇ
775 4719 873 4774 τοῦ
932 4721 1144 4793 Πατρὸς
1169 4720 1362 4792 κλήσει
1399 4721 1499 4791 τῆς
1525 4722 1661 4793 πρὸς
1687 4721 1778 4774 τὸν
1805 4721 1932 4774 Υἱὸν

344 4813 712 4885 οικειότητος,
763 4813 1112 4883 κοινοποιήση
1149 4813 1286 4883 πρὸς
1315 4813 1491 4868 πάντα
1526 4813 1597 4867 τὰ
1625 4815 1681 4867 ὲν
1711 4816 1777 4883 τῇ
1811 4814 1898 4866 κτί
1918 4844 1930 4854 ο

347 4921 439 4958 σει
468 4905 792 4975 φαινόμενα,
820 4899 900 4967 οἷς
929 4902 1072 4956 κατά
1098 4903 1160 4955 τὸ
1184 4897 1356 4974 ίσονή
1387 4902 1759 4973 ἀντιδιαστολή
1811 4903 1930 4955 ἐστι

346 4998 493 5068 πρὸς
538 4997 599 5050 τὸ
648 4997 964 5068 ἀγέννητον.
1026 4995 1288 5063 Ἀληθῶς
1308 5036 1323 5061 ,
1366 4997 1500 5066 φησὶ
1524 5035 1538 5060 ,
1571 4995 1933 5065 γεννηθέντα

344 5090 469 5158 πρὸ
498 5088 748 5143 αίώνων.
776 5089 937 5159 Παρά
974 5089 1119 5153 τίνος
1145 5087 1355 5142 εἰπάτω
1378 5104 1392 5118 ο
1422 5088 1571 5159 παρά
1600 5085 1693 5140 τοῦ
1722 5086 1933 5158 Πατρὸς

344 5185 471 5254 ἀρεῖ
500 5182 738 5244 πάντως,
780 5181 938 5249 εἴπερ
974 5180 1050 5250 μὴ
1082 5178 1465 5251 ἀναισχυντοίη
1496 5178 1632 5250 πρὸς
1665 5177 1763 5249 τὴν
1793 5177 1929 5246 ἀλή-

344 5272 530 5328 θειαν.
578 5271 714 5326 Ἀλλ’
745 5271 935 5341 ἐπειδὴ
965 5270 1061 5325 τοῦ
1089 5269 1263 5325 ἀϊδίου
1292 5270 1505 5343 Πατρὸς
1543 5271 1643 5324 οὐκ
1685 5268 1799 5323 ἔστι
1833 5268 1931 5341 τὴν

342 5363 635 5435 ἀιδιότητα
694 5362 786 5416 τοῦ
845 5362 976 5417 Υἱοῦ
1034 5362 1324 5434 διαστῆσαι
1350 5405 1365 5428 ,
1420 5360 1930 5432 συνενδεικνυμένης

346 5455 579 5516 πάντως
604 5453 700 5506 καὶ
722 5453 812 5505 τὸν
837 5452 966 5505 Υἱδν
996 5451 1096 5523 τῆς
1127 5451 1221 5505 τοῦ
1254 5453 1466 5524 Πατρδς
1497 5451 1800 5524 σημασίας·
1844 5450 1933 5503 διὰ

424 5629 475 5661 "
521 5623 675 5681 Joan.
714 5642 750 5691 ι.
798 5627 841 5681 l.

2042 4452 2178 4510 tum,
2202 4453 2259 4499 ut
2285 4445 2374 4499 ubi
2401 4445 2577 4515 ipsum
2613 4460 2642 4498 a
2666 4444 2898 4499 naturali
2927 4460 3048 4515 quae
3073 4460 3196 4499 cum
3218 4443 3396 4501 Patris
3429 4446 3614 4515 appel-

2038 4535 2241 4591 latione
2255 4535 2656 4603 consideratur,
2670 4551 2793 4590 cmn
2811 4535 2947 4590 Filio
2963 4536 3327 4592 familiaritate
3349 4545 3402 4592 et
3420 4552 3617 4591 conve—

2036 4625 2243 4682 nientia
2297 4635 2623 4697 separasset,
2683 4626 2934 4682 eumdem
2985 4643 3110 4682 cum
3162 4628 3418 4683 omnibus
3452 4629 3615 4681 rebus

2037 4718 2236 4773 creatis
2267 4733 2610 4773 communem
2660 4717 2861 4773 faceret
2890 4735 2907 4785 ;
2936 4719 3135 4788 quibus
3174 4735 3236 4775 ex
3289 4734 3447 4789 aequo
3481 4733 3615 4772 cou-

2039 4813 2203 4865 traria
2242 4810 2547 4866 diﬂ‘ercntia
2587 4824 2711 4864 cum
2738 4810 2977 4881 ingenito
3008 4809 3278 4863 convenit.
3322 4806 3450 4863 Vere
3489 4809 3613 4877 qui-

2035 4899 2155 4955 dem
2196 4900 2392 4955 asserit
2453 4899 2682 4970 geuitum
2710 4911 2831 4954 ante
2857 4898 3068 4961 saecula,
3146 4897 3240 4952 sed
3264 4898 3410 4951 dicat
3441 4913 3470 4950 a
3507 4915 3615 4965 quo

2034 4991 2317 5063 genitum?
2352 4993 2389 5044 Α
2430 4990 2591 5046 Patre
2624 4990 2768 5045 dicet
2795 5005 3054 5060 prorsus,
3099 4989 3371 5060 siquidem
3405 5006 3512 5043 non
3546 4990 3612 5044 ad

2035 5082 2320 5137 veritatem
2344 5081 2709 5137 erubesceret.
2741 5079 2846 5136 Sed
2869 5084 3123 5152 quoniam
3145 5083 3213 5136 ab
3232 5093 3437 5136 a-teruo
3455 5080 3612 5137 Patre

2038 5173 2159 5230 Filii
2188 5176 2539 5230 azternitatem
2576 5190 2684 5228 non
2709 5174 2835 5227 licet
2862 5173 3138 5237 divellere,
3163 5175 3289 5243 quia
3322 5173 3503 5229 Patris
3534 5174 3611 5229 si-

2039 5266 2350 5338 gniﬁcantia
2399 5264 2590 5319 Filium
2619 5279 2836 5334 quoque
2871 5279 2975 5317 una
3032 5273 3441 5319 conunoustrat:
3478 5280 3602 5334 pro-

2041 5366 2224 5427 pterea
2249 5355 2429 5411 Patris
2457 5355 2816 5425 appellatione
2844 5354 3127 5424 repudiata
3151 5395 3166 5419 ,
3198 5356 3455 5411 transfert
3492 5373 3610 5411 ver-

2040 5450 2167 5504 bum
2201 5446 2268 5502 ad
2301 5447 2623 5517 ingenitum,
2648 5446 2902 5517 quoniam
2940 5446 3103 5517 hujus
3150 5448 3384 5504 nominis
3414 5447 3613 5522 signiﬁv
