4032 6208
534 241 634 297 5H

1779 243 1834 298 S.
1870 241 2188 298 CREGOlill
2223 244 2512 299 AYSSENI

3665 244 3777 298 διε

530 366 712 409 catum
739 353 941 409 nullam
966 370 1087 409 cum
1116 352 1253 411 Filio
1275 357 1517 411 relation.
1542 366 1659 413 met
1681 360 2086 414 communionem

2218 362 2373 416 τοῦτο
2402 363 2494 416 τοῦ
2523 364 2736 435 Πατρὸς
2758 362 3165 432 ἀποδοκιμάσας
3193 362 3290 432 τὴν
3328 361 3516 432 κλῆσιν
3554 360 3779 431 μετάγει

532 446 749 509 habeat,
782 456 943 514 atque
997 447 1070 499 ita
1100 446 1444 502 auditoribus
1482 449 1732 504 abductis
1774 464 1803 503 a
1859 451 2110 506 conside-

529 538 703 591 rando
729 535 866 590 Filio
900 537 1060 591 simul
1088 554 1212 593 cum
1248 538 1425 603 Patre,
1464 541 1839 597 immutatione
1870 543 2109 599 nominis

529 627 700 690 facta,
730 628 873 681 viam
916 629 1184 684 maleﬁcio
1216 631 1386 694 dedit,
1415 647 1510 701 per
1557 632 1779 703 ingeniti
1812 633 2108 704 interposi-

526 720 730 772 tionem
791 719 855 773 ad
910 720 1239 789 impietatem
1293 723 1432 775 viam
1475 732 1749 778 sternens.
1797 725 1899 790 Qui
1947 726 2095 780 enim

525 809 834 864 secundum
885 810 1098 865 Domini
1138 822 1470 882 przeceptum
1517 814 1569 867 in
1606 814 1818 870 Patrem
1856 817 2104 881 credunt,

524 902 692 955 simul
752 910 915 971 atque
968 901 1180 957 Patrem
1217 904 1513 970 audierint,
1573 916 1753 962 mente
1790 910 2107 982 concipiunt

524 989 689 1043 etiam
718 989 910 1044 Filium
945 992 1094 1045 nullo
1120 992 1406 1061 interjecto
1441 995 1750 1059 intervallo,
1780 998 2107 1067 cogitatione

525 1084 714 1155 statim
767 1097 797 1136 a
857 1082 996 1136 Fiiio
1056 1085 1122 1137 ad
1181 1085 1398 1140 Patrem
1449 1095 1787 1142 transeunte.
1840 1088 1943 1153 Qui
1977 1105 2104 1143 vero

526 1174 706 1229 l’atris
770 1174 893 1228 loco
964 1174 1031 1228 ad
1092 1176 1319 1244 ingeniti
1370 1178 1788 1247 appellationem
1842 1180 2102 1243 traducti,

522 1275 743 1320 tenuem
782 1267 945 1336 hujus
989 1269 1227 1322 nominis
1284 1272 1527 1323 notitiam
1579 1272 1869 1341 recipiunt,
1925 1273 2099 1325 solum

519 1361 667 1428 quod
698 1362 815 1431 ipse
851 1377 960 1414 non
1026 1362 1098 1416 sit
1122 1361 1340 1431 genitus
1370 1360 1673 1426 discentes,
1719 1377 1823 1415 non
1857 1364 1998 1431 quod
2030 1363 2101 1416 sit

522 1454 706 1506 Pater.
770 1451 844 1505 Ex
902 1452 1004 1506 hoc
1059 1462 1242 1506 autem
1309 1454 1668 1508 nihilominus
1729 1454 2098 1523 intelligenter

521 1542 872 1598 audientibus
914 1542 1201 1597 inconfnsa
1229 1542 1363 1598 ﬁdes
1408 1552 1612 1607 manet,
1635 1544 1796 1598 etiam
1825 1560 1921 1614 per
1959 1544 2098 1599 hanc

516 1632 820 1695 notionem,
847 1629 979 1684 Nam
1013 1639 1066 1684 ct
1103 1632 1345 1701 genitum
1378 1647 1485 1685 non
1517 1647 1639 1686 esse
1664 1632 1914 1687 similiter
1941 1640 1993 1688 et
2028 1633 2097 1687 de

2212 454 2299 508 τὸν
2343 453 2499 522 λόγον
2542 453 2678 525 πρὸς
2745 453 2803 507 τὸ
2849 454 3164 522 ἀγέννητον·
3220 452 3401 522 ἐπειδὴ
3448 452 3638 505 τούτου
3680 450 3777 504 τοῦ

2209 546 2471 615 ὀνόματος
2502 544 2728 614 ἄσχετόν
2761 561 2819 597 τε
2860 544 2959 596 καὶ
2990 542 3351 611 ἀκοινώνητόν
3381 544 3496 595 ἔστι
3527 542 3661 613 πρὸς
3682 542 3776 594 τδν

2211 635 2338 687 Υἱὸν
2375 634 2435 686 τὸ
2480 634 2896 705 σημαινόμενον.
2937 635 3043 686 Καὶ
3077 633 3250 697 οὓτως
3276 632 3609 704 παραγαγὼν
3647 636 3775 697 τοὺς

2208 722 2506 786 ἀκούοντας
2555 723 2691 794 πρὸς
2743 723 2803 776 τὸ
2848 723 2922 793 μὴ
2972 721 3298 793 συνθεωρεῖν
3337 721 3414 791 τῷ
3461 720 3638 791 Πατρὶ
3683 720 3778 773 τὸν

2210 812 2365 867 Υἱόν·
2414 815 2501 867 διὰ
2536 813 2634 883 τῆς
2680 814 2996 883 ὑπαλλαγῆς
3037 813 3131 866 τοῦ
3161 813 3423 883 ὀνόματος
3457 813 3573 865 ὁδὸν
3605 814 3778 866 ἔδωκε

2205 908 2271 976 τῇ
2304 905 2608 977 κακουργίᾳ.
2640 950 2651 968 ,
2703 906 2791 959 διὰ
2817 907 2914 976 τῆς
2942 905 3035 959 τοῦ
3079 906 3375 975 ἀγεννήτου
3426 899 3777 970 παρενθήκης

2205 997 2463 1051 ὁδοποιῶν
2501 998 2598 1068 τὴν
2630 997 2904 1051 ἀσέϐειαν.
2939 999 3001 1050 Οἱ
3039 996 3146 1068 γὰρ
3174 995 3315 1048 κατὰ
3347 993 3406 1047 τὸ
3446 992 3777 1062 πρόσταγμα

2203 1088 2296 1140 τοῦ
2348 1089 2616 1140 Δεσπότου
2667 1090 2746 1150 εἰς
2792 1087 2883 1139 τὸν
2915 1087 3137 1155 Πατέρα
3170 1085 3271 1155 τὴν
3309 1082 3490 1135 πίστιν
3522 1080 3740 1149 ἔχοντες
3761 1118 3777 1138 ,

2203 1181 2337 1251 ὁμοῦ
2364 1181 2439 1251 τῷ
2466 1181 2694 1235 ἀκοῦσαι
2716 1182 2805 1234 τδν
2823 1181 3043 1250 Πατέρα
3072 1180 3164 1232 καὶ
3196 1178 3287 1230 τὸν
3315 1176 3441 1229 Υἱὸν
3468 1177 3532 1245 τῇ
3563 1171 3777 1241 διανοίᾳ

2205 1273 2711 1344 συμπαρεδέξαντο·
2739 1272 2913 1325 οὐδενὶ
2959 1270 3036 1341 τῷ
3073 1269 3275 1340 μεταξὺ
3308 1267 3634 1335 διαστήματι
3666 1264 3774 1331 τῆς

2199 1364 2434 1427 διανοίας
2456 1365 2562 1418 ἀπὸ
2581 1364 2672 1418 τοῦ
2706 1363 2834 1417 Υίοῦ
2864 1363 2999 1434 πρὸς
3024 1363 3115 1416 τὸν
3158 1360 3376 1431 Πατέρα
3408 1354 3776 1425 κενεμϐατούο

2200 1473 2318 1525 σης.
2354 1458 2416 1509 Ol
2446 1457 2500 1511 δὲ
2529 1458 2649 1510 ἀντὶ
2678 1457 2772 1509 τοῦ
2811 1456 3023 1526 Πατρὸς
3051 1452 3470 1525 παρενεχθέντες
3507 1449 3642 1519 πρὸς
3668 1445 3776 1515 τὴν

2197 1545 2290 1598 τοῦ
2342 1547 2637 1617 ἁγεννήτου
2685 1547 2898 1617 κλῆσιν,
2945 1545 3105 1617 ψιλὴν
3154 1545 3247 1600 τοῦ
3276 1544 3536 1614 ὀνόματος
3574 1539 3776 1592 τούτου

2200 1638 2666 1709 ἀναλαμϐάνουσιν
2690 1637 2896 1692 ἔννοιαν
2912 1657 2926 1670 ·
2958 1639 3115 1709 μόνον
3141 1640 3201 1691 τὸ
3229 1636 3303 1707 μὴ
3326 1632 3575 1705 γενέσθαι
3602 1629 3779 1685 αὐτὸν

517 1732 713 1777 natura
745 1726 985 1778 increata
1014 1723 1235 1777 dicitur.
1291 1724 1594 1779 lncreatum
1620 1736 1797 1779 autem
1851 1742 1913 1779 ex
1940 1743 2086 1795 aeque

2202 1707 2572 1800 διδασιιόμενοι
2591 1771 2606 1794 ,
2633 1728 2694 1782 οὐ
2724 1729 2831 1800 μὴν
2865 1707 2969 1782 xuii
2986 1730 3047 1782 τὸ
3073 1730 3290 1798 Πατέρα
3312 1722 3467 1780 εἶναι.
3516 1723 3610 1777 Ἐκ
3636 1720 3776 1775 τού-

516 1813 675 1869 l'ater
712 1825 764 1869 et
794 1813 962 1867 Filius
990 1823 1043 1867 et
1069 1813 1306 1883 Spiritus
1337 1822 1584 1870 sanctus.
1612 1816 1881 1881 Quoniam
1912 1819 2092 1874 ontnis

512 1911 765 1958 creatura
794 1912 846 1956 et
886 1902 1164 1957 sensibilis
1211 1911 1263 1956 et
1317 1905 1756 1972 supermuudana
1809 1906 1947 1972 (sive
1998 1922 2096 1959 au-

513 1992 706 2062 gelica)
730 2008 796 2047 ex
830 1991 987 2046 Patre
1015 2000 1068 2046 et
1092 1990 1227 2045 Filio
1250 1999 1303 2046 et
1335 1991 1541 2062 Spiritu
1576 2003 1769 2048 sancto
1791 1995 2094 2050 subsistere

512 2100 581 2138 ιιι
612 2083 698 2137 his
724 2099 844 2152 quae
866 2084 1065 2138 divinis
1099 2084 1325 2139 vocibus
1356 2093 1724 2140 consentanea
1757 2094 1885 2139 sunt
1923 2089 2096 2141 credi—

515 2184 627 2227 tum
656 2185 761 2228 est.
794 2175 925 2227 Nam
966 2176 1058 2243 qui
1092 2174 1322 2238 audivit,
1357 2173 1536 2230 Verbo
1563 2174 1655 2230 Dei
1695 2178 1870 2231 coalos
1908 2177 2094 2231 ﬁrma-

510 2273 597 2321 tos
618 2281 760 2329 esse,
787 2275 839 2319 et
867 2265 1076 2334 Spiritu
1098 2266 1210 2319 oris
1229 2268 1349 2335 ejus
1374 2281 1585 2321 omnem
1610 2267 1860 2321 virtutem
1879 2284 2089 2332 eorum,

511 2371 620 2409 non
650 2371 745 2425 per
775 2354 1008 2409 Verbum
1028 2354 1324 2411 dictionem
1344 2357 1583 2427 aliquam
1614 2367 1796 2413 mente
1819 2364 2088 2429 concep't,

509 2462 685 2516 neque
718 2462 811 2515 per
848 2445 1136 2516 Spiritum,
1162 2447 1389 2501 halitum
1426 2448 1751 2518 quemdam;
1788 2450 1881 2503 sed
1923 2448 2091 2504 Deum

512 2534 752 2593 Verbum
819 2547 873 2592 et
912 2538 1005 2592 Dei
1055 2537 1343 2608 Spiritum,
1383 2554 1481 2609 per
1515 2555 1577 2594 ea
1623 2555 1746 2610 quae
1790 2549 1918 2595 sunt
1946 2541 2089 2595 dicta

507 2632 692 2687 animo
740 2630 1034 2700 impressit.
1075 2629 1193 2683 Non
1225 2631 1371 2685 enim
1430 2632 1572 2687 idem
1605 2638 1782 2703 potest
1815 2648 2005 2689 creare
2033 2643 2089 2688 et

505 2724 702 2779 creari.
751 2724 855 2777 Sed
880 2738 1004 2778 cum
1044 2737 1105 2776 ea
1129 2739 1247 2792 quae
1275 2733 1402 2776 sunt
1430 2723 1683 2793 bipartita
1730 2726 1859 2790 sint,
1897 2742 2089 2795 nempe

507 2812 562 2867 in
595 2817 646 2870 id
678 2814 821 2885 quod
861 2814 991 2867 facit
1017 2821 1070 2867 et
1097 2815 1150 2866 in
1182 2815 1233 2867 id
1260 2815 1403 2883 quod
1442 2815 1513 2881 ﬁt,
1568 2823 1862 2885 utrumque.
1895 2826 2087 2870 natura

502 2902 784 2960 diversum
857 2906 1084 2957 alterum
1147 2904 1215 2957 ab
1254 2905 1446 2968 altero,
1491 2906 1562 2958 ita
1598 2917 1657 2959 ut
1693 2908 1835 2975 quod
1873 2909 1949 2969 lit,
1978 2924 2084 2962 non

504 2998 581 3053 sit
638 2999 963 3064 increatum,
998 3014 1174 3069 neque
1201 3007 1444 3053 creatum
1476 3000 1527 3053 id
1558 3001 1705 3069 quod
1751 3017 1942 3055 eorum
1964 3017 2084 3071 quae

506 3090 642 3143 ﬁunt
669 3101 921 3144 naturain
947 3091 1138 3157 eﬁicit;
1170 3092 1219 3145 hi
1255 3107 1386 3161 ergo
1432 3092 1523 3161 qui
1557 3095 1856 3147 secundum
1902 3094 2078 3147 domi-

502 3182 681 3236 nicam
720 3181 836 3235 ﬁdei
869 3183 1266 3236 institutionem
1309 3183 1365 3236 in
1403 3184 1622 3238 nomine
1659 3184 1834 3238 Patris
1866 3194 1918 3238 et
1951 3184 2075 3237 Filii

502 3282 557 3328 et
586 3274 822 3343 Spiritus
853 3274 1027 3329 sancti
1043 3274 1416 3339 crediderunt,
1441 3275 1634 3329 horum
1662 3276 1794 3329 nihil
1836 3277 2079 3345 genitum

503 3381 645 3427 esse,
686 3382 752 3420 ex
789 3381 947 3435 aequo
993 3365 1252 3433 fatentur,
1288 3367 1611 3436 nullumque
1660 3368 1882 3435 ingeniti
1910 3368 2080 3436 signi-

503 3456 722 3508 ﬁcatum
752 3471 941 3511 sanam
972 3456 1128 3510 (idem
1153 3472 1431 3525 perperam
1463 3457 1625 3512 laedit.
1658 3457 2078 3527 Crassipeliilms

502 3558 681 3601 autem
705 3553 759 3601 et
782 3546 1071 3602 hebetibus
1104 3564 1206 3602 nec
1245 3549 1383 3603 bene
1413 3550 1712 3618 compaCtis
1741 3557 1794 3602 et
1823 3549 1926 3601 sibi
1988 3566 2079 3599 m-

501 3641 835 3697 luerentibus
856 3643 959 3696 hoc
992 3658 1187 3697 nomen
1210 3658 1239 3695 a
1271 3659 1406 3697 sano
1433 3658 1683 3697 sermone
1715 3642 2077 3711 perversionis

501 3734 562 3788 ﬁt
604 3734 979 3804 primordium.
1018 3734 1135 3789 Non
1190 3735 1333 3789 enim
1391 3750 1580 3790 verum
1635 3734 1799 3803 hujus
1843 3713 2078 3788 nominis

501 3841 724 3882 sensum
755 3826 1139 3897 intelligentes,
1178 3841 1371 3895 nempe
1402 3825 1545 3894 quod
1575 3826 1688 3880 haec
1716 3841 1817 3880 vox
1872 3824 2081 3895 ingeni-

499 3927 615 3971 tum
664 3918 934 3988 signiﬁcat
979 3920 1154 3985 solum
1191 3933 1297 3971 non
1343 3934 1464 3973 esse
1521 3919 1800 3989 genitum,
1834 3927 1888 3972 et
1934 3919 2078 3986 quod

500 4025 610 4064 non
640 4012 881 4080 genitum
914 4027 1036 4067 esse
1108 4026 1397 4065 commune
1450 4019 1535 4064 est
1576 4012 1628 4063 in
1670 4016 1782 4062 tota
1816 4023 2079 4078 superve-

498 4102 684 4156 niente
713 4108 943 4166 natura,
983 4102 1186 4158 omissa
1215 4101 1319 4158 [ide
1353 4104 1408 4157 in
1466 4101 1701 4164 Patrem,
1740 4116 1937 4154 nomen
1991 4101 2099 4154 in—'

494 4191 739 4263 genitum
770 4207 866 4263 pro
898 4191 1059 4249 Patre
1087 4195 1494 4263 praestituerunt
1520 4212 1533 4249 :
1560 4208 1681 4247 cum
1709 4201 1911 4256 autem,
1936 4193 2080 4247 sicut

497 4283 700 4338 dictum
736 4293 981 4350 cst,cum
1007 4286 1108 4340 hoc
1136 4286 1359 4357 ingeniti
1390 4287 1627 4348 nomine,
1653 4283 1926 4355 Unigeniti
1951 4285 2081 4340 sub‘

2198 1840 2289 1875 του
2324 1823 2378 1875 δὲ
2406 1826 2517 1886 τοῖς
2554 1821 2652 1893 μὲν
2692 1822 2927 1886 συνετῶς
2954 1823 3233 1875 ἐπαΐουσιν
3271 1819 3573 1888 ἀσὺγχυτος
3614 1814 3777 1886 μένει

2197 1912 2292 1965 καὶ
2336 1913 2425 1965 διὰ
2452 1914 2654 1983 ταύτης
2688 1914 2786 1984 τῆς
2831 1912 3067 1976 διανοίας
3116 1914 3149 1983 ἡ
3198 1912 3398 1972 πίστις.
3435 1908 3509 1960 Τὸ
3549 1908 3657 1977 γὰρ
3686 1906 3773 1976 μὴ

2196 2002 2445 2070 γενέσθαι
2473 2002 2731 2067 ὡσαύτως
2760 2002 2853 2056 ἐπὶ
2884 2003 2983 2072 τῆς
3021 2002 3272 2055 ἀκτίστου
3291 1999 3506 2067 λέγεται
3529 1996 3771 2064 φύσεως.

2201 2095 2486 2147 ’Λκτιστον
2512 2094 2568 2173 δὲ
2602 2094 2741 2147 κατὰ
2767 2094 2827 2147 τὸ
2857 2089 2974 2146 ἴσον
3002 2094 3030 2145 ό
3056 2092 3244 2163 Πατήρ
3270 2108 3330 2144 τε
3371 2090 3465 2143 καὶ
3486 2088 3633 2150 Υἱὸς,
3666 2087 3772 2139 καὶ

2191 2185 2254 2238 τὸ
2283 2183 2505 2256 Πνεῦμα
2526 2186 2587 2239 τὸ
2618 2187 2790 2255 ἅγιον.
2819 2185 2963 2238 Διότι
2998 2185 3199 2254 πᾶσαὴ
3230 2183 3406 2245 κτίσις
3436 2180 3664 2250 αίσθητή
3697 2196 3765 2229 τε

2194 2278 2288 2331 καὶ
2320 2278 2685 2348 ὑπερκόσμιος
2705 2318 2720 2342 ,
2753 2280 2816 2331 ὲκ
2852 2275 3069 2349 Πατρός
3095 2292 3153 2328 τε
3180 2274 3273 2328 καὶ
3302 2271 3431 2326 Υἱοῦ
3472 2271 3567 2324 καὶ
3595 2268 3764 2323 Ilvati-

2196 2386 2363 2439 ματος
2399 2369 2556 2437 ἁγίου
2588 2369 2685 2439 τὴν
2715 2369 3008 2422 ὑπόστασιν
3037 2367 3181 2436 ἔχειν
3212 2364 3362 2434 παρὰ
3400 2362 3509 2415 τῶν
3536 2360 3766 2413 ἀκολου-

2193 2460 2428 2514 θούντων
2477 2463 2593 2524 ταῖς
2631 2459 2804 2523 θείαις
2847 2462 3052 2528 φωναῖς
3096 2456 3472 2510 πεπίστευται.
3537 2454 3596 2505 '0
3648 2451 3771 2522 γὰρ

2191 2552 2433 2615 ἀκούσας
2465 2553 2544 2605 ὅτι
2577 2550 2653 2621 τῷ
2685 2552 2843 2621 Λόγῳ
2876 2550 3083 2620 Κυρίου
3107 2549 3155 2601 οἱ
3184 2546 3399 2618 οὐρανοὶ
3423 2542 3768 2615 ἐστερεώθη-

2192 2662 2318 2709 σαν,
2352 2646 2444 2697 καὶ
2481 2643 2558 2714 τῷ
2589 2644 2865 2712 Πνεύματι
2896 2641 2993 2695 τοῦ
3032 2641 3302 2710 στόματος
3340 2635 3505 2691 αὐτοῦ
3535 2637 3685 2688 πᾶσα
3724 2635 3764 2696 ἡ

2189 2735 2417 2805 δύναμις
2445 2733 2625 2787 αὐτῶν
2657 2750 2670 2764 ·
2701 2732 2823 2787 οὔτε
2856 2732 3003 2802 ῥῆμα
3047 2731 3136 2783 τὸν
3169 2730 3339 2797 Λόγον
3366 2728 3605 2797 ἐνόησεν,
3634 2724 3766 2778 οὔτε

2188 2822 2370 2896 ἆσθμα
2407 2826 2466 2879 τὸ
2503 2826 2754 2897 Πνεῦμα·
2796 2824 2925 2877 ἀλλὰ
2971 2824 3062 2876 τὸν
3104 2822 3235 2874 Θεὸν
3273 2821 3462 2888 Λόγον,
3513 2818 3607 2871 καὶ
3661 2816 3766 2870 τοῦ

2187 2917 2319 2970 Θεοῦ
2368 2917 2427 2969 τὺ
2487 2916 2746 2986 Πνεῦμα,
2807 2916 2890 2969 διὰ
2948 2916 3053 2967 τῶν
3120 2915 3421 2985 εἰρημένων
3476 2912 3765 2965 ἀνετνπώο

2190 3026 2338 3063 σατο.
2378 3010 2451 3062 Οὐ
2506 3008 2726 3060 δύναται
2783 3008 2838 3060 δὲ
2870 3007 2930 3060 τὸ
2963 3007 3093 3059 αὐτὸ
3127 3008 3217 3059 καὶ
3265 3004 3466 3068 κτίζειν
3514 3003 3610 3055 καὶ
3642 3002 3767 3055 κτί-

2187 3099 2395 3163 ζεσθαι.
2442 3099 2601 3153 Ἀλλὰ
2639 3100 2760 3169 διχῆ
2793 3099 3211 3169 μεμερισμένων
3241 3096 3346 3149 τῶν
3384 3095 3549 3147 ὄντων
3587 3096 3670 3155 εἰς
3699 3091 3766 3145 τὸ

2182 3191 2368 3244 ποιοῦν
2414 3208 2471 3243 τε
2499 3191 2591 3244 καὶ
2616 3192 2673 3245 τὸ
2716 3192 2995 3260 γινόμενον
3023 3210 3034 3220 ·
3065 3190 3179 3243 ἀλλ’
3225 3191 3307 3241 ὅτι
3340 3186 3597 3257 ἑκάτερόν
3640 3187 3762 3237 ἐστι

2180 3285 2244 3352 τῇ
2272 3284 2427 3351 ιρύσει
2461 3282 2609 3352 παρὰ
2648 3284 2708 3335 τὸ
2738 3282 2944 3352 ἕτερον,
2972 3282 3046 3345 ὡς
3079 3283 3213 3352 μήτε
3252 3280 3311 3333 τὸ
3343 3280 3628 3347 γινόμενον
3656 3278 3764 3330 ἄκ-

2179 3391 2357 3426 τισῖον
2382 3370 2517 3428 εἶναι
2537 3415 2549 3437 ,
2585 3375 2719 3445 μήτε
2747 3373 2982 3438 κτιστδν,
3011 3374 3038 3426 ὃ
3070 3373 3168 3441 τὴν
3193 3372 3301 3424 τῶν
3334 3369 3632 3440 γινομένων
3657 3386 3761 3421 κα-

2179 3464 2500 3536 τεργάζεται
2526 3463 2684 3533 φύσιν
2710 3482 2723 3495 ·
2758 3467 2865 3527 τοῖς
2897 3464 2993 3534 μὲν
3014 3459 3108 3517 οὖν
3136 3463 3277 3515 κατὰ
3302 3462 3398 3532 τὴν
3431 3460 3759 3529 δεσποτικὴν

2178 3558 2276 3627 τῆς
2326 3558 2555 3620 πίστεως
2607 3556 2820 3610 ἔκθεσιν
2863 3558 2941 3619 είς
2985 3557 3045 3609 τὸ
3085 3556 3254 3624 ὄνομα
3291 3555 3384 3607 τοῦ
3412 3553 3623 3622 Πατρδς
3663 3552 3760 3605 καὶ

2179 3648 2271 3701 τοῦ
2304 3647 2430 3701 λ’ἰοί
2454 3649 2545 3700 καὶ
2567 3646 2659 3699 τοῦ
2684 3646 2840 3714 ἁγίου
2867 3646 3004 3698 Πνεύ
3016 3662 3181 3714 ματος
3206 3642 3547 3704 πιστεύσασι,
3579 3641 3645 3693 τὸ
3678 3640 3755 3709 μὴ

2180 3740 2431 3809 γενέσθαι
2476 3757 2526 3791 τι
2567 3738 2770 3791 τούτων
2810 3737 3002 3808 ἐπίσης
3045 3735 3417 3807 ὁμολογεῖται·
3459 3735 3553 3787 καὶ
3599 3732 3756 3785 οὐδὲν

2178 3830 2272 3883 τοῦ
2321 3831 2615 3900 ἀγεννήτου
2653 3828 2713 3881 τὸ
2771 3829 3165 3898 σημαινόμενον
3230 3824 3610 3897 παραὸλάπτει
3655 3822 3756 3893 τὴν

2180 3919 2527 3988 ὑγιαίνουσαν
2555 3919 2754 3972 πίστιν.
2799 3916 2922 3981 Τοῖς
2952 3917 3008 3970 δὲ
3034 3916 3403 3987 παχυδέρμοις
3442 3914 3535 3967 καὶ⁵
3564 3914 3755 3984 ἀδιαρ-

2180 4009 2405 4080 θρώτοις
2438 4009 2578 4081 ἀρχὴ
2619 4011 2717 4079 τῆς
2744 4009 2851 4063 ἀπὸ
2878 4008 2972 4062 τοῦ
3005 4008 3335 4076 ὑγιαίνοντος
3377 4006 3537 4073 λόγου
3569 4022 3751 4076 παρα-

2178 4103 2383 4172 τροπῆς
2420 4100 2576 4154 τοῦτο
2606 4101 2667 4154 τὸ
2711 4100 2879 4170 ὄνομα
2910 4100 3139 4169 γίνεται.
3196 4099 3286 4170 Μὴ
3332 4099 3603 4161 συνιέντες
3643 4100 3751 4169 γὰρ

2179 4193 2276 4262 τὴν
2312 4191 2486 4261 ἁληθῆ
2517 4191 2610 4244 τοῦ
2656 4190 2914 4260 ὀνόματος
2946 4191 3202 4261 ἔμφασιν,
3247 4191 3328 4242 ὅτι
3364 4191 3523 4260 μόνον
3562 4190 3626 4242 τὸ
3676 4191 3751 4260 μὴ

2181 4280 2504 4350 γεγενῆσθαι
2546 4280 2797 4349 σημαίνει
2826 4280 2858 4349 ἡ
2887 4278 2979 4331 τοῦ
3010 4280 3305 4349 ἀγεννήτου
3333 4278 3479 4348 φωνὴ
3499 4320 3514 4341 ,
3546 4278 3641 4331 καὶ
3669 4279 3750 4331 ὅτι

496 4375 773 4437 sistentia,
810 4376 926 4432 sive
974 4392 1230 4447 persona,
1264 4394 1371 4432 non
1404 4379 1568 4434 simul
1593 4387 1851 4449 appareat
1886 4387 2077 4432 :certo

2189 4376 2237 4426 τὸ
2280 4374 2354 4445 μὴ
2384 4372 2636 4441 γενέσθαι
2672 4371 2848 4424 κοινόν
2875 4372 3021 4424 ἐστιν
3056 4373 3148 4423 ἐπὶ
3179 4371 3381 4433 παντὸς
3409 4370 3502 4422 τοῦ
3536 4371 3750 4423 ὑποκει-

493 4466 730 4537 quodam
762 4466 1126 4525 determinato
1169 4472 1443 4540 principio
1474 4470 1591 4524 Filii
1645 4482 1893 4525 naturam
1937 4469 2069 4524 deﬁ-

493 4559 677 4621 niunt,
738 4560 1005 4624 dicentes,
1059 4562 1202 4629 quod
1260 4561 1423 4615 modo
1473 4562 1576 4615 iste
1627 4562 1788 4615 dictis
1847 4559 2066 4629 adjecit,

491 4647 696 4703 Filium
756 4653 1080 4705 nominatum
1128 4669 1229 4705 non
1279 4652 1471 4723 absque
1542 4652 1914 4723 generatione,
1955 4668 2072 4722 qua:

490 4758 601 4795 esse
621 4743 900 4799 antecedit.

2182 4467 2342 4536 μένου
2365 4463 2464 4533 τῆς
2489 4463 2750 4526 κτίσεως·
2783 4462 3009 4532 ἀφέντες
3047 4464 3144 4533 την
3175 4465 3253 4525 είς
3286 4465 3375 4517 τὸν
3407 4465 3628 4536 Πατέρα
3658 4466 3746 4517 πί-

2179 4558 2393 4620 στιν,τὸ
2443 4556 2742 4633 ’ἀγέννητον
2788 4556 2958 4625 ὄνομα
3010 4556 3129 4608 ἀντὶ
3169 4556 3263 4609 τοῦ
3329 4557 3540 4627 Πατρὸς
3587 4575 3746 4627 προε-

2181 4651 2477 4719 στήσαντο·
2518 4648 2591 4720 μὴ
2631 4648 3123 4718 συνεκφαινομένης
3151 4648 3239 4710 δὲ,
3284 4648 3465 4712 καθὼς
3499 4649 3747 4720 εἴρηται,

2177 4738 2254 4807 τῷ
2276 4737 2497 4807 ὀνόματι
2528 4737 2701 4807 τούτῳ
2727 4736 2823 4807 τῆς
2865 4736 2955 4790 τοῦ
2992 4737 3327 4805 Μονογενοῦς
3360 4740 3711 4803 ὑποστάσεως
3730 4798 3749 4824 ν

490 4834 599 4887 ἀπό
654 4852 799 4899 τινος
839 4837 1150 4908 ὡρισμένης
1196 4838 1369 4909 ἀρχῆς
1412 4834 1651 4908 ὁρίζουσι
1693 4834 1787 4889 τοῦ
1836 4835 1964 4889 Υίοῦ
2006 4836 2067 4888 τὸ
2104 4831 2277 4894 εἶναι.
2306 4833 2575 4900 λέγοντες,
2605 4834 2739 4904 ὅπερ
2770 4832 2863 4885 νῦν
2889 4827 3042 4895 οὗτος
3078 4835 3189 4896 τοῖς
3222 4833 3536 4904 εἰρημένοις
3579 4853 3745 4907 προσ-

489 4923 676 4993 έθηκε·
700 4926 778 4990 τὸ,
797 4929 915 4980 Οὐκ
940 4927 1086 4981 ἄνευ
1108 4928 1216 4995 τῆς
1235 4930 1346 4996 πρὸ
1373 4927 1474 4981 τοῦ
1508 4923 1659 4980 εἶναι
1680 4926 2013 4996 γεννήσεως
2060 4924 2308 4996 ὀνομαξὲ
2306 4941 2498 4993 μενον
2537 4926 2692 4978 Υἱόν.

560 5019 817 5086 Qnannnn
880 5021 991 5074 haec
1027 5035 1217 5075 rursus
1266 5019 1576 5090 prodigiosa
1610 5018 1942 5073 aﬁirmatio?
1978 5019 2061 5072 An

488 5113 667 5163 nescit
689 5124 745 5163 se
771 5108 836 5164 de
859 5107 967 5164 Deo
988 5110 1151 5165 verba
1177 5109 1395 5165 facere?
1415 5107 1507 5180 qui
1540 5118 1624 5164 est
1641 5110 1694 5163 in
1713 5110 1985 5179 principio
2011 5118 2064 5162 et

492 5206 546 5259 in
579 5203 742 5261 Patre
787 5205 911 5262 est?
951 5223 1052 5262 nec
1079 5215 1160 5261 est
1204 5203 1585 5275 omninoquod
1619 5211 1749 5258 tunc
1779 5220 1887 5257 non
1918 5202 2067 5258 erat?

489 5300 869 5370 ignoratqnod
901 5300 1051 5355 dicit.
1090 5299 1234 5353 Nihil
1264 5298 1331 5353 de
1374 5298 1557 5368 aliquo
1592 5296 1933 5358 allirmzitur;
1968 5294 2063 5346 sed

488 5398 745 5460 tanquam
766 5393 1042 5446 hominum
1062 5391 1294 5461 alicujus
1315 5390 1683 5462 genealogiam
1708 5388 2062 5447 describeret,

488 5492 611 5548 qua:
671 5481 887 5549 proprie
941 5481 1199 5536 dicuntur
1244 5480 1310 5535 de
1361 5488 1553 5534 natura
1611 5476 1889 5539 inferiore,
1954 5478 2064 5528 hzec

487 5568 670 5624 omnis
693 5579 958 5625 creatura:
985 5571 1211 5625 Domino
1247 5574 1502 5642 adoptare
1533 5580 1583 5625 et
1616 5570 1869 5638 allingvre
1898 5584 2067 5621 cona-

493 5673 598 5718 tur.
634 5658 871 5731 Exempii
896 5664 1094 5730 gratia,
1129 5664 1321 5719 lsmacl
1353 5680 1459 5717 non
1490 5668 1605 5718 erat
1658 5672 1778 5716 ante
1831 5677 2060 5731 genera-

2244 5016 2339 5079 Ti;
2365 5015 2505 5084 αὕτη
2536 5016 2696 5069 πάλιν
2728 5018 2762 5086 ἡ
2794 5016 2924 5087 κενὴ
2956 5018 3245 5088 τερατεία;
3281 5014 3422 5088 Ἀρα
3455 5017 3743 5069 ἐπίσταται

2171 5111 2252 5163 ὅτι
2281 5112 2407 5180 περὶ
2434 5109 2569 5162 Θεοῦ
2599 5111 2834 5162 ποιεῖται
2859 5110 2948 5162 τὸν
2971 5110 3162 5179 λόγως
3199 5109 3305 5162 Τοὖ
3340 5112 3398 5162 ὲν
3427 5111 3568 5180 ἀρχῇ
3597 5110 3746 5169 ὄντος

2172 5203 2268 5255 καὶ
2295 5203 2352 5254 ἐν
2374 5200 2451 5272 τῷ
2485 5201 2654 5271 Πειτρὶ
2685 5200 2835 5263 ὄντος
2856 5217 2869 5261 ;
2902 5201 3007 5254 Καὶ
3029 5202 3129 5254 οὐκ
3153 5201 3297 5253 ἔστιν
3326 5202 3414 5254 ὅτε
3437 5202 3537 5253 οὐκ
3559 5201 3740 5262 ὄντος

2173 5295 2286 5346 υὺκ
2326 5290 2464 5346 οἶδεν
2501 5293 2527 5346 ὃ
2556 5294 2724 5360 λέγει.
2762 5294 2925 5347 Οὐδὲν
2969 5295 3094 5365 περί
3130 5312 3272 5357 τινος
3313 5296 3703 5365 διῖσχυρίξεται
3730 5334 3743 5350 .

2175 5383 2286 5436 ἀλλ’
2318 5384 2391 5446 ὥς
2414 5402 2532 5437 τινα
2566 5384 2673 5437 τῶν
2721 5384 3027 5455 ἀνθρώπων
3054 5387 3410 5455 γενεαλογῶν,
3444 5387 3513 5441 τὰ
3544 5387 3746 5458 κυρίως

2175 5480 2267 5530 ἐπὶ
2298 5480 2392 5547 τῆς
2427 5478 2578 5530 κάτω
2612 5477 2880 5549 λεγόμενα
2912 5479 3160 5546 φύσεως,
3202 5480 3374 5533 ταῦτα
3413 5481 3747 5552 ἐφαρμόζειν

2174 5572 2427 5638 πειρᾶται
2473 5569 2547 5638 τῷ
2594 5570 2835 5641 Δεσπότῃ
2881 5571 3057 5639 πάσης
3109 5572 3207 5640 τῆς
3264 5572 3511 5640 φύσεως·
3558 5576 3585 5625 ὁ
3640 5575 3749 5642 γὰρ

2183 5662 2391 5732 ἰσμαὴῖι
2412 5706 2422 5729 ,
2442 5664 2565 5733 φέρε
2594 5666 2784 5727 εἰπεῖν,
2800 5663 2895 5717 οὐκ
2916 5659 2981 5733 ἦν
3004 5662 3107 5733 πρὸ
3125 5664 3219 5733 τῆς
3238 5666 3308 5728 εἰς
3330 5664 3384 5717 τὸ
3403 5657 3539 5718 εἶναι
3558 5666 3749 5735 γεννή-
