4032 6208
522 297 626 352 M5

1816 290 1878 350 S.
1908 290 2234 347 GREGORII
2272 291 2558 347 NYSSENI

3656 292 3765 349 5l6

522 416 726 473 vinitus
758 414 1021 484 inspirata
1058 410 1228 465 voce?
1259 409 1394 477 Quis
1431 410 1734 481 apostolus,
1774 412 1901 482 quis
1924 427 2083 468 evan.

2196 415 2228 485 ἢ
2261 416 2625 488 πατριάρχης,
2658 413 2690 485 ἦ
2724 413 2881 478 ἄλλος
2908 429 2992 477 τις
3020 412 3126 467 τῶν
3154 411 3261 466 ὐπὸ
3292 411 3384 465 τοῦ
3409 410 3571 481 ἁγίου
3595 410 3776 468 [Imi-

522 510 713 579 gelista
749 507 909 560 talem
937 504 1122 560 emisit
1166 502 1391 557 vocem?
1419 502 1553 568 Quis
1583 503 1869 574 propheta,
1900 505 1984 559 vel
2022 505 2091 559 le-

529 600 781 670 gislator,
816 597 897 651 vel
929 595 1263 666 patriarcha,
1300 595 1382 649 vel
1417 596 1541 663 quis
1563 596 1704 649 alius
1745 597 2040 666 eorumqui
2067 612 2101 650 α

523 690 728 760 Spiritu
761 697 953 743 saneto
987 685 1148 741 albati
1192 694 1247 740 et
1279 686 1528 741 instructi
1580 686 1819 749 inerunt,
1864 702 2097 758 quorum

520 796 684 835 voces
750 779 946 834 litteris
984 794 1091 832 non
1136 787 1264 833 sunt
1318 793 1590 847 expressae.
1615 778 1640 831 ?
1670 780 1794 849 quis
1849 780 1975 834 talis
2009 781 2098 834 di-

518 871 714 927 ctionis
739 877 928 924 auctor
953 868 1199 923 exstitit?
1221 868 1428 921 Patrem
1454 877 1508 923 et
1532 866 1727 922 Filium
1752 877 1805 922 et
1836 867 2095 939 Spiritum

519 971 768 1018 sanctum
796 963 851 1015 in
884 961 1007 1016 lidei
1030 959 1325 1015 traditione
1356 974 1385 1012 a
1416 961 1644 1016 veritate
1670 962 1987 1026 didicimus,
2026 977 2094 1015 an

518 1056 647 1124 quid
690 1062 939 1110 creatum
993 1053 1171 1123 ipsum
1221 1068 1347 1108 esse
1408 1068 1509 1108 nos
1543 1053 1769 1108 credere
1815 1054 2099 1125 oportuit?

517 1145 804 1212 Quomodo
845 1145 1049 1199 veritas
1108 1143 1269 1197 nobis
1298 1143 1620 1213 mysterium
1656 1143 1899 1207 tradens,
1935 1144 2092 1198 (idem

519 1237 573 1287 in
594 1231 782 1288 Filium
831 1241 884 1287 et
913 1248 1020 1286 non
1063 1235 1114 1286 in
1157 1240 1465 1286 creaturam
1505 1232 1781 1286 sancivit?
1809 1232 2095 1300 Quomodo

516 1326 673 1380 divus
699 1325 991 1393 Apostolus
1012 1325 1289 1379 Christum
1314 1325 1573 1381 adorans.
1593 1341 1688 1380 eos
1710 1327 1800 1395 qui
1829 1335 2095 1381 creatum

516 1420 756 1473 serviunt
791 1424 984 1487 praeter
999 1421 1324 1477 creatorem,
1353 1416 1673 1471 idololatras
1694 1433 1820 1472 esse
1834 1433 2093 1488 expresse

514 1492 647 1566 dicit
665 1510 749 1563 “?
775 1510 858 1564 vel
880 1523 987 1563 non
1025 1508 1308 1589 adorasset
1342 1509 1390 1563 si
1420 1518 1640 1563 creatus
1673 1518 1840 1575 esset,
1878 1511 1960 1565 vel
1993 1528 2092 1567 eos

513 1603 604 1673 qui
643 1609 927 1657 creaturas
952 1582 1138 1655 colunt
1185 1582 1455 1654 idolorum
1491 1600 1797 1655 cultoribus
1849 1617 1958 1657 non
1991 1618 2090 1657 an-

514 1701 855 1751 numerasset
897 1712 909 1747 :
942 1708 1011 1748 ne
1046 1693 1238 1763 etipse
1272 1692 1432 1747 idolis
1483 1693 1693 1748 servire
1738 1693 1889 1748 visus
1918 1703 2084 1759 esset,

2201 524 2367 576 ματος
2389 505 2854 577 θεοφορουμένων,
2877 496 2954 558 ὧν
2973 502 3314 575 ἀνάγραπτοι
3336 504 3474 556 εἰσιν
3488 502 3548 555 αἱ
3569 503 3773 571 φωναὶ,

2196 598 2295 668 τῆς
2331 597 2585 669 τοιαύτης
2615 598 2826 669 ρήσεως
2856 594 3233 666 καθηγήσατος
3281 592 3498 663 Πατέρα
3523 591 3617 646 καὶ
3637 589 3773 645 Υίὸν

2198 689 2291 742 καί¹
2323 689 2543 759 Πνεῦμα
2567 688 2718 757 ἀγιον
2742 690 2801 740 ὲν
2822 689 2889 759 τῇ
2916 686 3209 757 παραδόσει
3236 683 3337 754 τῆς
3359 682 3593 746 πίστεως
3612 683 3774 753 παρὰ

2197 780 2297 849 τῆς
2343 780 2600 853 ἀληθείας
2634 779 2931 850 ἐμάθομεν.
2984 775 3259 850 ῆκτιστὸν
3296 773 3458 828 αὐτὸν
3499 770 3635 828 εἶναι
3670 790 3771 827 πι-

2198 869 2407 923 στεύειν
2435 870 2599 940 ὲχρῆν
2623 887 2637 935 ;
2669 868 2795 933 Πῶς
2828 865 3195 939 παραδιδοῦσα
3217 865 3350 935 ἡμῖν
3374 863 3433 917 τὸ
3470 862 3771 934 μυστήριον

2195 960 2228 1028 ἡ
2259 957 2504 1029 ἀλήθεια,
2532 959 2631 1025 τὴν
2675 958 2755 1021 είς
2798 957 2887 1011 τὸν
2931 957 3058 1010 Υἱὸν
3092 955 3272 1009 πίστιν
3315 951 3407 1006 καὶ
3448 953 3548 1006 οὐκ
3597 954 3674 1015 είς
3701 952 3774 1006 τὸ

2196 1051 2402 1123 κτίσμα
2428 1047 2782 1123 ἐνομοθέτησε
2804 1063 2819 1112 ;
2848 1047 2973 1110 Πῶς
2996 1046 3052 1099 δὲ
3078 1042 3396 1117 προσκυνῶν
3418 1042 3509 1096 τὸν
3532 1042 3773 1114 Χριστὸν

2194 1144 2224 1195 6
2245 1144 2385 1207 θεῖος
2407 1142 2745 1205 Ἀπόστολος,
2766 1143 2892 1204 τοὺς
2916 1143 2984 1212 τῇ
3011 1139 3189 1192 κτίσει
3239 1136 3591 1207 λατρεύοντας
3611 1136 3773 1206 παρὰ

2193 1234 2285 1288 τὸν
2321 1234 2602 1298 κτίσαντα,
2638 1232 3041 1302 εἰδωλολατρεῖν
3084 1228 3416 1300 διορίζεταις
3472 1227 3638 1298 ἡγὰρ
3661 1227 3773 1280 οὐκ

2195 1327 2261 1380 ἀν
2286 1326 2691 1397 προσεκύνησεν
2725 1326 2772 1377 εί
2807 1322 3024 1386 κτιστὸς
3060 1317 3149 1392 ἦν,
3197 1321 3225 1391 ἥ
3261 1320 3360 1373 οὐκ
3389 1320 3454 1374 ἂν
3482 1322 3590 1384 τοῖς
3611 1319 3775 1374 εἰδω-

2192 1415 2477 1488 λολάτραις
2504 1416 2758 1482 συνέταξε
2783 1414 2908 1478 τούς
2935 1415 3001 1484 τῇ
3028 1411 3200 1465 κτίσει
3223 1403 3579 1481 λατρεύοντας
3621 1428 3637 1444 ⁸
3677 1414 3775 1467 ἱνα

2195 1507 2270 1580 μὴ
2299 1509 2390 1561 καὶ
2424 1507 2585 1570 αὐτὸς
2612 1506 3017 1577 είδωλολατρεῖν
3040 1503 3189 1575 δόξῃ,
3219 1502 3510 1573 προσάγων
3537 1500 3615 1571 τῷ
3642 1518 3779 1554 κτι-

2193 1597 2302 1667 στῷ
2344 1596 2441 1669 τὴν
2481 1596 2869 1668 προσκύνησιν.
2915 1595 3053 1649 Ἀλλ’
3084 1593 3224 1649 οἶδεν
3271 1597 3351 1649 ὅτι
3383 1598 3411 1649 6
3445 1596 3570 1668 παρ’
3598 1593 3773 1647 αὐτοῦ

2192 1689 2656 1761 προσκυνούμενος
2680 1689 2773 1741 ἐπὶ
2808 1688 3023 1741 πάντων
3050 1687 3165 1740 ἐστὶ
3192 1686 3324 1750 Θεός
3345 1702 3361 1715 ⁸
3400 1684 3542 1739 οὕτω
3562 1685 3673 1755 γάρ
3707 1686 3775 1738 ἐν

513 1795 697 1841 creato
728 1783 1099 1838 adorationem
1140 1782 1431 1848 exhibens,
1491 1783 1585 1839 sed
1618 1784 1786 1851 novit,
1815 1785 1961 1855 quod
1992 1787 2083 1856 qui

2190 1780 2268 1851 τῷ
2298 1781 2432 1852 πρὸς
2473 1781 2778 1852 Ῥωμαίους
2800 1780 2943 1851 λόγῳ
2973 1778 3063 1832 τὸν
3093 1779 3220 1833 Υίὸν
3246 1778 3519 1850 ὀνομάζει.
3569 1778 3634 1831 Οἱ
3666 1778 3774 1846 τῆς

513 1876 661 1930 abeo
689 1872 946 1927 adoratur
969 1871 1022 1925 in
1041 1868 1295 1924 omnibus
1319 1870 1460 1927 Deus
1475 1880 1589 1927 est:
1621 1873 1857 1929 sicenim
1883 1874 1938 1928 in
1967 1890 2085 1931 ser-

513 1979 672 2020 mone
703 1963 768 2017 ad
823 1960 1103 2017 Romanos
1129 1961 1324 2016 Filium
1374 1963 1639 2017 nominat.
1682 1962 1787 2030 Qui
1850 1964 2019 2035 igitur
2052 1982 2083 2021 τι

511 2057 689 2112 Patris
717 2055 954 2111 essentia
970 2053 1158 2107 Filium
1180 2050 1431 2117 alienant,
1453 2052 1627 2122 ipsum
1651 2056 1813 2110 etiam
1838 2065 2082 2111 creatum

510 2149 778 2212 dicentes,
810 2162 908 2201 cur
940 2158 1036 2214 per
1078 2142 1376 2197 ludibrium
1402 2151 1456 2197 et
1485 2158 1706 2199 sannam
1724 2146 1828 2217 ipsi
1858 2146 2084 2203 falsino-

510 2242 714 2296 minem
744 2238 1162 2307 appellationem
1191 2233 1588 2303 gratilicantur,
1628 2251 1659 2290 a
1702 2252 1828 2292 vera
1882 2238 2084 2294 deitate

510 2332 690 2385 alieno
734 2331 825 2384 Dei
874 2340 1067 2380 nomen
1104 2339 1387 2394 perperam
1421 2328 1791 2397 assignantes,
1824 2336 2080 2400 tanquam

513 2419 625 2480 Bel.
659 2421 743 2473 vel
791 2418 992 2488 Dagon,
1043 2415 1129 2469 vel
1169 2415 1625 2484 draconi?Qnare
1648 2420 1733 2476 vel
1777 2436 1885 2475 non
1915 2420 2080 2477 Deum

510 2510 891 2572 conﬁteantur,
936 2507 1028 2577 qui
1057 2508 1233 2576 ipsum
1268 2519 1510 2563 creatum
1542 2525 1667 2566 esse
1703 2521 1889 2581 aperte
1923 2521 2083 2567 autu-

512 2600 1062 2665 mant,utJudai1.are
1085 2600 1369 2655 videantur
1395 2620 1408 2655 :
1437 2602 1515 2656 vel
1543 2602 1587 2656 si
1603 2617 1726 2656 eum
1750 2602 1841 2672 qui
1864 2612 2083 2658 creatus

512 2696 633 2757 fuit,
669 2692 833 2748 Deum
859 2707 981 2748 esse
1020 2692 1403 2755 conllteantnr,
1444 2709 1503 2747 se
1545 2693 1705 2748 idolis
1731 2696 1939 2750 servire
1970 2711 2078 2749 non

508 2786 841 2842 inﬁcientur.
896 2784 1001 2839 Sed
1033 2799 1220 2839 vocem
1256 2784 1647 2853 proverbialem
1681 2786 1838 2854 plane
1890 2786 2078 2855 profe-

2194 1872 2381 1935 οὐσίας
2403 1872 2584 1925 τοίνυν
2610 1872 2709 1925 τοῦ
2738 1872 2946 1943 Πατρὸς
2982 1872 3073 1925 τὸν
3101 1872 3246 1934 Υίὸν,
3297 1872 3392 1925 καὶ
3421 1870 3637 1925 κτιστὸν
3663 1871 3770 1923 αὐο

2192 1963 2282 2017 τὸν
2312 1962 2579 2032 λέγοντες,
2618 1965 2671 2017 τί
2712 1963 3080 2035 χλευαστικῶς
3119 1964 3268 2035 αὐτῷ
3290 1964 3390 2035 τὴν
3418 1961 3769 2034 ψευδώνυμον

2193 2055 2382 2126 κλῆσιν
2414 2056 2722 2128 χαρίζονται
2747 2099 2762 2123 ,
2809 2056 2887 2127 τῷ
2915 2055 3176 2128 ἀλλοτρίῳ
3213 2057 3312 2128 τῆς
3341 2056 3602 2128 ἀληθινῆς
3626 2056 3771 2110 θειό-

2191 2162 2351 2214 τητος
2374 2145 2473 2216 τὴν
2500 2144 2644 2213 Θεὸς
2676 2145 2859 2218 φωνὴν
2886 2146 3062 2217 μάτην
3093 2146 3534 2218 ἐπιφημίζοντες.
3576 2147 3768 2218 ὥσπερ

2190 2236 2268 2308 τῷ
2293 2235 2428 2308 Βὴλ,
2480 2239 2514 2308 ἢ
2546 2238 2624 2309 τῷ
2654 2237 2929 2310 Δαγὼν,ἢ
2977 2239 3056 2310 τῷ
3085 2241 3373 2311 δράκοντι;
3417 2241 3581 2293 ’Ὥστε
3625 2242 3660 2313 ἢ
3690 2241 3765 2312 μὴ

2190 2327 2323 2379 Θεὸν
2352 2327 2784 2398 ὀμολογείτωσαν
2824 2329 2987 2384 αὐτὸν
3028 2329 3077 2385 οἱ
3108 2328 3325 2384 κτιστὸν
3368 2325 3505 2385 εἶναι
3532 2329 3765 2401 διοριξό⁴

2194 2437 2363 2489 μενοι,
2392 2420 2477 2474 ἵνα
2502 2421 2740 2489 φανῶσιν
2770 2421 3176 2487 ’ἰουδαΐζοντεςο
3203 2424 3237 2494 ἦ
3265 2423 3423 2496 εἴπερ
3441 2422 3763 2494 ὁμολογοῦσι

2188 2512 2280 2565 τὸν
2314 2512 2602 2568 κτισθέντα
2649 2510 2788 2568 εἶναι
2822 2514 2976 2580 Θεὸν,
3026 2515 3429 2586 είδωλολατρεῖν
3465 2515 3542 2588 μὴ
3583 2516 3765 2587 ἀρνεί-

2190 2604 2421 2659 σθωσαν.
2466 2606 2626 2660 ’Λλλά
2662 2607 2762 2679 τὴν
2794 2607 3139 2679 παροιμιώδη
3173 2607 3358 2679 φωνὴν
3394 2608 3611 2671 πάντως
3633 2624 3764 2678 προ-

2186 2697 2505 2768 φέρουσιν,ῆ
2529 2715 2710 2768 φησιν,
2732 2700 2813 2753 ὅτι
2837 2700 3051 2769 Κύριος
3069 2699 3273 2754 ἐκτισέ
3290 2716 3367 2769 με
3386 2698 3585 2769 ἀρχὴν
3609 2697 3765 2753 ὁδῶν

2182 2788 2390 2853 αὐτοῦ,
2427 2792 2513 2856 εὶς
2541 2790 2683 2859 ἔργα
2708 2791 2914 2846 αὐτοῦ.

510 2892 659 2945 runt,
696 2897 815 2951 qua?
859 2880 1012 2943 dicit,
1072 2879 1327 2933 Dominus
1380 2881 1575 2933 creavit
1616 2895 1698 2934 me
1754 2882 2070 2950 principium
2104 2884 2309 2937 viarum
2343 2902 2583 2950 suarum,
2616 2887 2683 2939 ad
2713 2902 2871 2955 opera
2900 2904 2997 2942 sua
3027 2889 3091 2944 ³⁷.

576 2977 655 3045 (a)
676 2974 785 3029 Hoc
805 2973 1046 3046 pluribus
1069 2971 1242 3029 verbis
1263 2974 1533 3044 quomodo
1552 2988 1609 3029 se
1637 2976 1796 3032 habet
1812 2978 2006 3033 clarius
2024 2984 2077 3031 et

2251 2980 2420 3033 Τοῦτο
2479 2980 2536 3034 δὲ
2609 2981 2697 3034 διὰ
2750 2982 3009 3036 πλειόνων
3081 2982 3179 3053 μὲν
3236 2966 3353 3037 ἔστι
3423 2986 3761 3056 παραθέσθαι

509 3064 849 3120 manifestius
897 3063 1276 3133 exponendum
1339 3072 1424 3119 est
1495 3081 1512 3120 :
1564 3075 1939 3123 verumtamen
1974 3069 2076 3125 hoc

509 3153 671 3208 etiam
716 3152 797 3207 fas
828 3160 973 3208 esset
1010 3153 1140 3208 viris
1169 3151 1416 3208 candidis
1443 3162 1495 3207 et
1528 3155 1700 3224 aequis
1740 3156 1871 3226 quid
1902 3158 2076 3228 signi-

511 3245 632 3298 licet
655 3244 845 3314 paucis
873 3242 1128 3297 tradere:
1155 3244 1372 3308 quidam
1405 3246 1549 3298 enim
1607 3246 1660 3299 in
1696 3245 1898 3300 divinis
1929 3246 2078 3303 Scri-

509 3336 686 3406 ptnris
717 3344 972 3388 accurate
1025 3344 1078 3388 et
1131 3334 1419 3404 diligenter
1468 3336 1703 3389 instituti
1760 3346 1815 3391 et
1874 3338 2074 3393 versati

508 3427 721 3487 dicunt,
764 3424 908 3494 apud
934 3422 1189 3479 Hebrteos
1222 3440 1331 3478 non
1366 3427 1633 3497 scriptum
1667 3443 1810 3492 esse,
1840 3430 2077 3483 creat-it:

508 3531 609 3571 nos
635 3517 796 3570 etiam
824 3515 878 3568 in
910 3514 1303 3571 vetustioribus
1341 3516 1494 3572 libris
1539 3517 1809 3588 scriptum
1851 3520 2078 3590 legimus

507 3609 774 3679 ἐκτήσατο
803 3611 1042 3677 possedit,
1073 3622 1172 3677 pro
1187 3606 1367 3661 ἕκτισέ
1393 3625 1458 3678 με
1472 3609 1704 3663 condidit
1725 3627 1822 3665 me.
1850 3611 2076 3667 Servum

507 3716 738 3773 prorsus
769 3708 952 3769 aperte
985 3699 1190 3752 indicat
1216 3699 1421 3754 creatio
1445 3716 1541 3770 per
1566 3704 1927 3771 proverbialia
1954 3707 2080 3760 aani-

508 3801 711 3864 gmata,
747 3808 870 3846 eum
913 3791 1003 3859 qui
1042 3799 1263 3861 propter
1287 3807 1389 3845 nos
1422 3793 1564 3847 servi
1594 3792 1825 3848 formam
1859 3812 2078 3851 assunt-

508 3884 636 3954 psit.
679 3880 833 3948 Quod
867 3882 910 3935 si
935 3880 1058 3950 quis
1082 3880 1134 3934 in
1160 3881 1414 3938 Ecclesiis
1449 3885 1828 3951 praevalent'ein
1888 3887 2077 3941 lectio-

507 3988 629 4027 nem
681 3973 732 4025 in
791 3972 890 4025 hac
920 3980 1070 4040 parte
1095 3970 1339 4039 objiciat,
1383 3987 1558 4043 nequc
1585 3990 1684 4029 nos
1717 3975 1818 4028 hoc
1856 3977 2075 4031 verbum

508 4066 707 4126 ἔκτισε,
732 4067 946 4130 creavit,
978 4064 1278 4133 rejicimus.
1308 4064 1483 4134 Atque
1527 4066 1629 4119 hoc
1649 4075 1796 4121 certe
1832 4069 1898 4121 ad
1933 4070 2075 4124 servi

507 4157 957 4228 sugnilicationem
993 4171 1087 4225 per
1128 4156 1356 4226 aenigma
1406 4155 1720 4211 intuendam
1765 4159 2076 4228 :siquidcm

508 4248 678 4300 omnis
722 4256 969 4299 creatura
1012 4245 1189 4311 servit,
1233 4246 1686 4315 quemadmodum
1733 4250 1809 4301 ait
1846 4250 2077 4319 Aposto-

506 4338 596 4392 lus
631 4336 698 4391 ³⁸.
733 4337 1104 4401 Quamobrem
1137 4337 1241 4390 hoc
1269 4336 1495 4391 verbum
1542 4339 1734 4392 creavit
1773 4339 1858 4408 pie
1900 4340 2074 4410 accipi
2113 4320 2152 4370 "

507 4443 669 4497 posse
687 4428 1001 4482 asserimus.
1027 4426 1254 4481 Creatus
1280 4438 1361 4481 est
1386 4428 1528 4481 enim
1579 4445 1706 4484 vere
1753 4432 1805 4483 in
1843 4431 2076 4486 novissi-

507 4516 612 4570 mis
626 4516 820 4570 diebus
835 4517 921 4569 ille
940 4517 1029 4584 qui
1046 4524 1266 4585 propter
1283 4533 1382 4571 nos
1402 4518 1781 4588 secundum(b)
1796 4536 1895 4574 nos
1913 4530 2074 4576 natus

505 4619 586 4662 eat
611 4607 676 4659 ".
708 4607 809 4672 Qui
844 4608 897 4661 in
940 4607 1208 4677 principio
1234 4606 1471 4661 Verbum
1496 4624 1618 4662 eum
1643 4618 1788 4664 esset
1816 4619 1870 4664 et
1908 4610 2072 4675 Deus,

510 4707 697 4768 postea
733 4713 863 4753 caro
889 4709 941 4753 et
990 4699 1150 4753 homo
1182 4698 1357 4753 lactus
1381 4708 1485 4753 est.
1506 4698 1701 4754 Carnis
1755 4710 1936 4757 autem
1970 4718 2072 4758 na-

510 4799 631 4843 tura
668 4799 848 4844 creata
878 4797 962 4845 est
1005 4808 1017 4844 :
1073 4790 1231 4859 cujus
1256 4806 1351 4860 per
1386 4792 1566 4844 omnia
1599 4791 1775 4846 factus
1803 4795 2076 4866 particeps

508 4881 806 4938 secundum
868 4881 1272 4936 similitudinem
1308 4889 1534 4951 excepto
1585 4894 1825 4951 peccato,
1858 4896 2075 4943 creatus

505 4973 725 5044 quidem
758 4974 1049 5027 secundum
1088 4972 1252 5029 Deum
1287 4990 1395 5027 non
1439 4977 1739 5029 secundum
1771 4978 2072 5047 hominem,

508 5063 650 5120 sicut
682 5062 759 5115 ait
806 5060 1119 5131 Apestolns,
1162 5079 1302 5117 novo
1357 5065 1593 5133 quodam
1644 5068 1942 5132 tnodo,non
1975 5068 2076 5122 hu-

507 5171 669 5210 mano
721 5170 889 5209 more.
951 5154 1248 5211 Didicimus
1321 5156 1487 5218 enim,
1546 5158 1693 5227 quod
1746 5175 1810 5214 ex
1868 5159 2071 5230 Spiritu

508 5257 696 5300 sancto
726 5256 781 5300 et
810 5248 1009 5302 virtute
1039 5246 1323 5307 Altissimi,
1358 5257 1730 5305 verumtamen
1768 5251 1856 5306 hic
1899 5267 2071 5309 novus

508 5335 667 5390 homo
697 5349 911 5392 creatus
927 5349 1030 5402 ρει,
1058 5353 1219 5409 quem
1268 5339 1359 5393 ille
1383 5355 1495 5394 non
1546 5342 1931 5399 enarraliilium
1959 5361 2075 5417 my-

2185 3070 2514 3140 σαφέστερον
2570 3073 2717 3137 ὅπως
2758 3072 2898 3143 ἔχει’
2961 3074 3100 3147 πλὴν
3151 3075 3371 3130 δυνατὸν
3403 3076 3469 3131 ἂν
3527 3077 3614 3150 εἴη
3667 3080 3760 3133 καὶ

2181 3160 2246 3214 δι’
2292 3162 2488 3230 ὀλίγων
2548 3166 2658 3228 τοῖς
2692 3164 2996 3235 εὐγνώμοσι
3057 3167 3388 3238 παραδοῦναι
3438 3168 3501 3221 τὸ
3549 3169 3755 3241 νόημα·

2181 3250 2394 3319 λέγουσι
2424 3252 2532 3324 γὰρ
2560 3253 2655 3307 καὶ
2675 3254 2830 3309 τοῦτό
2858 3273 3000 3319 τινες
3027 3256 3132 3310 τῶν
3152 3257 3220 3311 δι’
3238 3259 3522 3331 ἀκριϐείας
3548 3260 3618 3313 τὰ
3644 3261 3761 3315 θιῖα

2181 3344 2658 3416 πεπαιδευμένων,
2711 3349 2791 3401 ὃτι
2844 3348 2903 3401 οὐ
2951 3350 3258 3420 γέγραπται
3309 3351 3437 3423 παρ’
3477 3352 3760 3425 Ἑϐραίους

2181 3435 2241 3488 τὸ
2284 3437 2484 3490 ἔκτισε
2518 3453 2529 3466 ⁸
2573 3439 2667 3492 καὶ
2704 3440 2863 3510 ἡμεῖς
2918 3442 2975 3494 ὲν
3021 3443 3399 3516 ἀρχαιοτέραις
3433 3444 3634 3515 βίϐλοις
3666 3447 3761 3500 ἀν-

2181 3528 2424 3600 έγνωμεν
2448 3570 2463 3593 ,
2542 3530 2866 3599 Ἐκτήσατο
2889 3572 2904 3597 ,
2976 3538 3352 3608 γεγραμμένον
3380 3580 3397 3603 ,
3474 3540 3595 3593 ἀντὶ
3663 3542 3759 3595 τοῦ

2180 3620 2381 3674 ἐκτισέ
2421 3638 2519 3690 με.
2621 3623 2904 3694 Ἐμφαίνει
2964 3626 3020 3679 δὲ
3071 3629 3287 3694 πάντως
3346 3630 3436 3684 τὸν
3500 3631 3686 3686 δοῦλον
3724 3634 3760 3705 ἠ

2180 3712 2355 3776 κτίσις
2406 3712 2495 3765 διὰ
2537 3714 2646 3767 τῶν
2692 3717 3073 3788 παροιμιακῦω
3113 3722 3207 3774 καὶ
3250 3723 3613 3794 αἰνιγμάτων,
3667 3728 3761 3780 τὸν

2179 3804 2244 3856 δι’
2298 3805 2445 3875 ἡμᾶς
2491 3806 2826 3862 ἀναλαϐόντα
2879 3809 2975 3881 τὴν
3018 3809 3110 3863 τοῦ
3159 3812 3344 3867 δούλου
3394 3817 3627 3887 μορφήν.
3696 3818 3759 3872 Ei

2178 3894 2234 3947 δέ
2286 3912 2367 3958 τις
2407 3896 2502 3949 καὶ
2565 3896 2662 3968 τὴν
2706 3900 3102 3971 ἐπικρατοῦσαν
3144 3904 3200 3957 ὲν
3249 3909 3368 3969 ταῖς
3411 3907 3761 3978 Ἑκκλησίαις

2179 3985 2483 4054 ἀνάγνωσιν
2540 3988 2597 4041 ἐν
2646 3989 2722 4058 τῷ
2779 3991 2934 4062 μέρει
2988 3994 3161 4066 τούτῳ
3214 3998 3531 4068 προϐάλοιτο
3556 4039 3572 4064 ,
3634 4001 3759 4054 οὐδὲ

2178 4076 2297 4147 τὴν,
2330 4080 2632 4145 Ἐκτισεν,
2662 4082 2844 4154 φωνὴν
2885 4084 3281 4158 ἀποϐάλλομεν.
3332 4091 3439 4143 Καὶ
3460 4090 3618 4144 τοῦτο
3647 4093 3757 4164 γὰρ

2183 4170 2319 4241 πρὸς
2344 4172 2441 4241 τὴν
2463 4171 2648 4227 δούλου
2677 4175 2949 4244 σημασίαν
2972 4176 3057 4230 διὰ
3084 4177 3177 4231 τοῦ
3198 4180 3511 4250 αἰνίγματος
3541 4182 3756 4252 βλέπειο

2180 4260 2365 4331 ἐπειδὴ
2411 4261 2586 4317 Πᾶσα
2628 4264 2667 4331 ἠ
2706 4266 2903 4333 κτίσις
2946 4267 3241 4335 δουλεύει,
3298 4271 3479 4335 καθώς
3531 4290 3699 4345 φησιν
3729 4279 3760 4330 6

2195 4349 2533 4415 Ἀπόστολος.
2579 4355 2679 4408 Διά
2717 4355 2874 4410 τοῦτο
2919 4359 3012 4411 καὶ
3047 4359 3252 4432 ταύτην
3297 4362 3478 4433 φωνὴν
3514 4366 3759 4431 εὐσεϐῶς

2182 4440 2323 4511 ἔχειν
2346 4443 2544 4514 φαμέν.
2596 4446 2849 4519 Ἐκτίσθη
2880 4450 2986 4521 γὰρ
3016 4451 3230 4522 ἀληθῶς
3263 4456 3349 4508 ἐπ’
3377 4456 3605 4526 ἐσχάτου
3645 4460 3756 4514 τῶν

2183 4533 2404 4604 ἡμερῶν
2432 4537 2460 4588 6
2488 4535 2553 4588 δι’
2584 4538 2730 4607 ἡμᾶς
2755 4538 2876 4591 καθ’
2903 4542 3048 4611 ἡμᾶς
3076 4544 3364 4612 γενόμενος
3382 4561 3395 4574 ⁸
3425 4549 3454 4600 6
3476 4549 3534 4601 ὲν
3560 4550 3659 4619 μὲν
3685 4555 3752 4623 τῇ

2180 4626 2319 4695 ἀρχῇ
2353 4625 2521 4693 Λόγος
2553 4626 2628 4680 ὢν
2665 4630 2757 4682 καὶ
2788 4629 2938 4693 Θεὸς,
2981 4635 3118 4701 μετά
3141 4635 3313 4691 ταῦτα
3338 4638 3393 4691 δὲ
3438 4638 3577 4711 σὰρξ
3602 4644 3754 4711 γενύ·

2186 4728 2343 4783 μενος
2368 4714 2459 4766 καὶ
2486 4714 2788 4787 ἅνθρωπος.
2836 4721 3040 4792 Κτιστὴ
3064 4722 3120 4776 δὲ
3150 4724 3251 4795 τῆς
3280 4727 3480 4796 σαρκὸς
3506 4731 3539 4800 ή
3568 4731 3747 4800 φύσις,

2180 4801 2249 4877 ἦς
2309 4807 2592 4877 μετασχὼν
2649 4809 2789 4862 κατά
2845 4814 3022 4865 πάντα
3069 4815 3190 4869 καθ’
3244 4819 3537 4891 ὁμοιότητα
3587 4824 3752 4894 χωρὶς

2182 4894 2472 4965 ἁμαρτίας.
2531 4897 2785 4970 Ἐκτίσθη
2838 4899 2894 4952 δὲ
2926 4902 3065 4956 κατὰ
3088 4904 3240 4968 Θεὸν,
3282 4907 3341 4959 οὐ
3373 4909 3513 4962 κατὰ
3540 4910 3746 4981 ἀνθρω-

2187 5005 2306 5052 πον,
2352 4986 2534 5053 καθώς
2563 5008 2725 5061 φησιν
2763 4993 3099 5059 ’Λπόστολος,
3141 4998 3322 5051 καινόν
3368 5016 3487 5054 τινα
3527 5004 3743 5072 τρόπον,

2182 5082 2275 5134 καὶ
2302 5080 2363 5133 οὐ
2392 5081 2533 5135 κατά
2574 5083 2672 5155 τὴν
2700 5085 3045 5156 ἀνθρωπίνην
3084 5088 3391 5158 συνήθειαν.
3444 5093 3745 5166 Ἐμάθομεν

2182 5168 2290 5237 γὰρ
2311 5170 2393 5222 ὅτι
2430 5173 2493 5223 ἐκ
2529 5172 2841 5243 Πνεύματος
2880 5176 3056 5245 ἁγίου,
3089 5179 3179 5231 καὶ
3216 5179 3314 5249 τῆς
3354 5180 3449 5233 τοῦ
3494 5183 3743 5253 Ὑψίστου

2181 5258 2481 5331 δυνάμεως,
2521 5263 2660 5334 πλὴν
2690 5265 2804 5318 ἀλλ’
2836 5267 3057 5339 ἐκτίσθη
3085 5271 3113 5322 6
3149 5273 3331 5335 καινὸς
3362 5269 3515 5336 οὗτος
3538 5276 3744 5348 ἄνθρω-

2182 5369 2302 5416 πος,
2334 5354 2392 5406 ὂν
2417 5354 2624 5408 κελεύει
2650 5356 2678 5408 6
2704 5357 2812 5409 τῶν
2836 5359 3090 5430 ἀρρήτων
3124 5364 3438 5435 μυστηρίων
3465 5367 3748 5438 ὐφηγητὴς

576 5447 621 5478 ³⁸
658 5447 815 5504 Rom.
842 5467 880 5518 ι,
925 5450 1015 5506 25.
1093 5453 1137 5484 ³⁷
1171 5451 1331 5509 Prov.
1363 5470 1479 5521 vm,
1523 5455 1615 5510 29.
1692 5457 1737 5489 "
1779 5457 1934 5514 Rom.
1969 5476 2083 5529 vin,

2187 5473 2209 5516 ν.
2286 5463 2454 5519 "lsn.
2489 5481 2612 5532 xcv,
2636 5468 2690 5522 4.

579 5563 654 5643 (α)
683 5561 739 5643 lu
769 5564 957 5622 ϐιττρο
980 5585 1083 5643 non
1110 5570 1163 5643 in
1189 5571 1426 5643 editione
1453 5573 1680 5643 vulgari.
1711 5575 1865 5629 Hunc
1892 5577 2071 5631 locum

855 5648 905 5691 ct
946 5641 1321 5708 i-Opiivsissime
1352 5634 1631 5697 tractatvl).
1666 5644 1769 5701 ll.l.
1815 5663 1853 5711 ι,
1889 5646 1972 5712 l2,
2007 5649 2072 5701 dc

2254 5580 2327 5649 (ὁ)
2360 5579 2420 5635 D.
2446 5581 2634 5648 Basil.,
2671 5585 2766 5644 lib.
2806 5602 2857 5639 tv
2885 5596 3073 5641 contra
3106 5587 3362 5653 Eunom.,
3396 5556 3574 5646 locum
3605 5555 3753 5647 hunc;

2182 5647 2339 5773 ἓνὲν.
2388 5668 2503 5716 vin,
2531 5647 2627 5719 ἐξ,
2651 5672 2758 5709 non
2788 5657 3039 5729 intelligit
3063 5659 3128 5713 de
3158 5647 3393 5716 humana
3416 5662 3621 5717 Christi
3647 5675 3750 5715 na-
