4032 6208
268 334 350 391 517

1325 326 1600 381 comes
1641 326 2034 396 EUNOMIUM,
2079 329 2199 381 un.
2240 329 2279 382 ιι

3339 324 3438 381 518

267 446 446 505 Παῦλος
466 439 753 495 ἐνδύσασθαι
776 441 942 511 ἡμᾶς,
968 439 1130 510 διχῶς
1152 440 1429 511 ὀνομάζων
1450 442 1509 494 τὸ
1540 440 1740 512 ἔνδυμα
1754 459 1766 471 ·

1895 444 2162 497 storiarum
2197 444 2464 511 interpres
2504 441 2702 495 Paulus
2743 454 2843 495 nos
2881 437 3106 494 induere
3129 436 3306 508 jubet,
3341 438 3446 491 dn-

266 536 347 589 νῦν
374 535 458 605 μὲν
480 532 654 599 λέγων,
695 530 1060 585 Ἐνδύσασθε
1088 531 1194 585 τὸν
1218 534 1432 586 καινὸν
1461 534 1774 602 ἄνθρωπον

265 626 356 679 τὸν
374 620 503 676 κατὰ
521 622 659 677 Θεὸν
685 622 1020 687 κτισθέντα,
1073 625 1233 678 πάλιν
1270 624 1346 687 δὲ,
1377 625 1458 677 ὅτι
1491 624 1775 678 Ἐνδύσα-

264 715 354 767 σθε
376 710 467 763 τὸν
489 711 696 778 Κύριον
725 710 958 777 Ἰησοῦν
982 714 1257 780 Χριστόν.
1292 713 1473 776 Οὕτως
1508 713 1616 783 γὰρ
1646 717 1775 785 ἡμῖν

264 801 353 863 τοῖς
376 797 725 868 ἐνδυσαμένοις
758 800 918 853 αὑτὸν
946 800 1155 868 γίνεται
1200 802 1341 873 ἀρχὴ
1378 802 1485 854 τῶν
1516 802 1650 856 ὁδῶν
1678 804 1777 874 τῆς

265 890 491 961 σωτηρίας
519 891 545 942 6
573 890 736 943 εἰπών
762 908 775 921 ·
822 891 962 961 Ἐγώ
982 895 1098 960 εἰμι
1137 894 1174 961 ἠ
1204 892 1365 958 ὁδὸς,
1401 894 1486 946 ἵνα
1512 893 1648 965 ἔργα
1671 895 1777 946 τῶν

262 980 420 1035 ἑαυτοῦ
444 981 626 1052 χειρῶν
655 983 855 1053 ποιήσῃ
882 985 1049 1053 ἡμᾶς,
1101 984 1208 1037 ἀπὸ
1244 983 1339 1037 τοῦ
1377 985 1614 1056 πονηροῦ
1648 986 1781 1041 πλά-

260 1088 427 1142 σματος
468 1072 560 1141 τῆς
599 1073 869 1143 ἁμαρτίας
897 1074 1033 1143 πρὸς
1082 1073 1180 1145 τὴν
1222 1074 1356 1127 ἰδίαν
1395 1075 1579 1129 εἰκόνα
1620 1077 1780 1130 πάλιν

262 1162 680 1231 μετεργασάμενος
701 1178 715 1191 ·
761 1162 789 1213 6
808 1161 864 1215 δὲ
892 1163 1052 1226 αὐτὸς
1088 1166 1181 1217 καὶ
1213 1163 1458 1235 θεμέλιος
1496 1167 1626 1236 ἡμῖν
1648 1167 1779 1235 γίνεο

256 1268 328 1305 ται
352 1252 442 1320 πρὸ
461 1251 547 1303 τοῦ
577 1253 868 1323 μέλλοντος
899 1253 1112 1318 αίῶνος,
1152 1256 1290 1309 κατὰ
1318 1257 1417 1327 τὴν
1453 1256 1544 1310 τοῦ
1571 1258 1780 1311 Παύλου

258 1343 422 1412 φωνὴν,
448 1343 500 1406 ὃς
528 1361 713 1414 φησιν,
739 1346 821 1397 ὅτι
844 1344 1133 1413 Θεμέλιον
1162 1347 1362 1412 οὐδεὶς
1395 1347 1642 1401 δύναται
1667 1348 1782 1403 θεῖ-

256 1450 331 1487 ναι
352 1434 491 1502 παρὰ
517 1436 616 1487 τὸν
668 1436 974 1505 κείμενον
1022 1436 1119 1489 καὶ
1148 1436 1261 1505 πρὸ
1313 1437 1419 1491 τοῦ
1459 1441 1658 1493 ἐλθεῖν
1679 1438 1785 1506 τὰς

253 1525 416 1593 πηγὰς
440 1524 549 1578 τῶν
576 1525 840 1593 ὑδάτων,
858 1526 953 1581 καί
986 1527 1101 1595 πρὸ
1137 1528 1243 1581 τοῦ
1265 1527 1371 1596 ὅρη
1401 1528 1784 1596 ἑδρασθῆναι,

252 1615 329 1668 καί
351 1615 450 1683 πρὸ
472 1616 570 1670 τοῦ
587 1616 699 1683 τὰς
726 1616 1035 1682 ἀϐύσσους
1063 1617 1333 1685 ποιῆσαι,
1367 1620 1463 1671 καὶ
1494 1619 1788 1687 πρὸ-πάν·

252 1721 346 1758 των
364 1706 588 1771 ,βουνῶν
624 1710 811 1780 γεννᾷ
838 1727 945 1779 με’
995 1710 1216 1763 δυνατὸν
1262 1712 1369 1782 γὰρ
1401 1712 1625 1766 ἕκαστον
1668 1712 1792 1766 τούς

1877 534 1999 603 plici
2053 533 2273 586 nomine
2332 532 2613 601 appellans
2650 530 2781 584 illud
2819 530 3194 584 indumentum
3250 528 3453 584 :modo

1874 623 2091 693 quidem
2111 624 2179 676 ιιὶι
2199 639 2317 685 ens,
2338 622 2551 676 Induite
2572 638 2756 675 novum
2777 621 3033 676 hominem
3054 622 3144 690 qui
3166 616 3477 673 secundum’

1876 714 2044 768 Deum
2095 723 2299 767 creatus
2331 722 2407 767 est
2436 713 2478 743 ‘°
2516 729 2528 764 :
2581 712 2736 765 modo
2758 727 2906 774 vero,
2935 710 3145 765 Induite
3169 711 3455 765 Dominum

1880 804 2066 859 Iesum
2097 803 2364 858 Christum
2398 804 2464 859 “.
2498 804 2588 857 Sic
2617 804 2756 858 enim
2798 803 2957 858 nobis
3009 804 3186 872 ipsum
3220 802 3450 858 induen-

1880 894 2026 948 libus
2062 894 2386 964 principium
2422 896 2476 945 tit
2506 893 2715 946 viarum
2745 893 2939 947 salutis
2986 893 3077 961 qni
3128 891 3266 946 dixit
3295 909 3309 945 :
3343 890 3453 961 Ego

1878 1003 1992 1040 sum
2023 988 2107 1040 via
2141 987 2212 1049 δ’,
2256 997 2313 1038 ιιι
2344 1002 2505 1055 opera
2540 1002 2796 1039 manuum
2825 1001 3043 1040 suarum
3095 1000 3198 1040 nos
3235 984 3458 1051 eﬂiciat,

1881 1092 1911 1129 a
1944 1077 2181 1147 maligno
2211 1078 2464 1147 ﬁgmento
2488 1077 2692 1147 peccati
2725 1076 2792 1131 ad
2825 1092 2978 1130 suam
3005 1076 3294 1146 imaginem
3325 1090 3449 1130 cum

1883 1183 2071 1223 rursus
2104 1168 2587 1223 reﬁnxeritzidem
2643 1168 2758 1237 ipse
2785 1167 2944 1222 nobis
2990 1176 3073 1222 est
3127 1166 3452 1223 fundamen-

1883 1271 1993 1314 tum
2023 1269 2149 1315 ante
2196 1260 2437 1316 futurum
2490 1261 2774 1321 szecnlum.
2828 1248 3133 1315 secundum
3177 1258 3329 1313 Pauli
3359 1274 3457 1315 vo-

1884 1367 1998 1406 cem
2029 1352 2119 1421 qni
2146 1352 2298 1415 dicit,
2336 1351 2478 1421 quod
2514 1352 2694 1405 nullus
2748 1360 2914 1420 potest
2945 1351 3093 1404 aliud
3135 1350 3453 1418 fundamen-

1886 1450 1995 1494 tum
2013 1439 2191 1511 jacere
2213 1451 2405 1509 prwter
2425 1440 2557 1493 illud
2569 1440 2704 1510 quod
2717 1440 2941 1508 positum
2963 1453 3039 1494 est
3057 1440 3102 1470 "
3124 1457 3139 1506 ;
3165 1447 3218 1493 et
3238 1460 3249 1490 :
3269 1438 3459 1493 Prius-

1887 1548 2045 1601 quam
2066 1541 2265 1586 moutes
2295 1533 2708 1601 ﬁrmatiesseut,
2732 1541 2779 1585 et
2808 1531 3110 1600 priusquam
3136 1531 3354 1601 abyssos
3381 1530 3458 1599 {e-

1889 1624 2062 1688 cisset,
2095 1633 2144 1677 et
2176 1632 2295 1676 ante
2326 1624 2508 1685 colles,
2544 1634 2790 1693 genuerat
2824 1640 2902 1677 me
2931 1624 3006 1689 “;
3042 1623 3155 1678 ﬁeri
3184 1623 3327 1676 cnim
3370 1636 3459 1692 po-

1890 1722 2017 1779 test,
2053 1723 2111 1768 ut
2141 1715 2333 1768 horum
2380 1730 2550 1769 unum
2593 1715 2849 1783 quodque
2871 1713 3196 1783 proverbiali
3225 1726 3460 1767 consue-

251 1813 334 1849 των
372 1800 498 1852 κατὰ
539 1799 641 1871 τὴν
690 1799 1029 1871 παροιμιώδη
1082 1800 1367 1872 συνήθειαν
1424 1803 1780 1873 μεταληφθὲν,

1895 1806 2079 1860 tudine
2103 1805 2169 1858 ad
2198 1805 2461 1874 tropicam
2475 1805 2986 1874 contemplationem
3004 1812 3460 1873 transsumptum,

252 1891 314 1953 είς
353 1892 597 1961 τροπικὴν
661 1891 893 1963 θεωρίαν
947 1894 1356 1965 ὲφαρμοσθῆναι
1388 1894 1466 1965 τῷ
1506 1894 1668 1965 λόγῳ.
1720 1895 1782 1951 Ὀ

252 1977 336 2051 γὶρ
374 1981 529 2049 μέγας
554 1983 726 2036 Δαὸὶδ
752 1983 1096 2055 δικαιοσύνην
1142 1984 1397 2054 ὀνομάζει
1444 1984 1512 2037 τὰ
1562 1984 1661 2056 ὅρη
1689 1983 1783 2037 τοῦ

249 2070 373 2130 Θεοῦ.
400 2072 663 2135 ἀϐύσσους
702 2074 757 2127 δὲ
802 2074 870 2127 τὰ
898 2075 1159 2145 κρίματα,
1194 2076 1371 2145 πηγὰς
1403 2075 1459 2128 δὲ
1493 2081 1620 2139 τοὺς
1653 2076 1789 2129 διδα-

252 2161 439 2225 σκάλους
462 2167 514 2215 ὲν
541 2165 1103 2236 Ἐκκλησίαις,λέγων
1119 2184 1132 2197 ⁸
1167 2167 1481 2237 Εὑλογεῖτε
1507 2168 1612 2221 τὸν
1640 2170 1789 2223 Θεὸν

251 2254 425 2319 Κύριον
450 2255 514 2307 ἐκ
535 2255 754 2324 πηγῶν
790 2255 1033 2326 Ἰσραήλ
1053 2274 1067 2286 ο
1096 2256 1313 2327 βουνοὺς
1345 2257 1401 2310 δὲ
1426 2258 1523 2327 τὴν
1550 2257 1784 2311 ἀκακίαν

251 2341 301 2409 ῆν
322 2342 396 2394 διὰ
419 2343 505 2397 τοῦ
542 2346 920 2416 σκιρτήματος
949 2347 1058 2400 τῶν
1087 2347 1287 2418 ἀρνίων
1322 2346 1637 2411 ἐνεδείξατο.
1672 2348 1784 2417 Πρὸ

248 2429 414 2486 ταξιτων
438 2430 525 2488 οὖν
554 2437 617 2489 ὲν
658 2438 791 2506 ἡμῖν
818 2423 1071 2504 γεννᾶται
1099 2438 1128 2490 6
1152 2437 1217 2491 δι’
1248 2439 1395 2509 ἡμᾶς
1433 2439 1669 2501 κτισθεὶς
1695 2439 1787 2492 ἄν·

250 2519 446 2590 θριιιτιος,
471 2525 556 2579 ἵνα
588 2526 693 2579 καὶ
720 2528 753 2597 ἡ
782 2525 891 2580 τῶν
930 2526 1187 2580 τοιούτων
1212 2529 1405 2591 κτίσις,
1440 2531 1495 2580 ἐν
1522 2530 1650 2598 ἡμῖν
1675 2528 1784 2598 χώ-

248 2630 329 2685 ραν
348 2614 488 2687 εὕρῃ.
540 2618 712 2673 Ἀλλὰ
742 2620 1118 2691 παραδραμεῖν
1149 2616 1301 2690 οἶμαι
1331 2620 1523 2690 χρῆναι
1548 2620 1636 2672 τὸν
1661 2622 1787 2691 περὶ

247 2701 415 2756 τούτων
440 2705 620 2775 λόγον,
657 2709 855 2771 ἱκανῶς
880 2710 993 2771 τοῖς
1025 2707 1358 2778 εὐγνώμοσιν
1382 2708 1787 2780 ὑποδειχθείσης

244 2792 301 2846 δι’
322 2796 497 2864 ὀλίγων
527 2800 633 2868 τῆς
667 2799 941 2869 ἀληθείας.
1463 2794 1468 2800 ’
1592 2795 1597 2800 ⁸

310 2893 416 2947 ἐπὶ
438 2896 492 2948 δὲ
521 2897 602 2950 τὰ
640 2893 836 2965 ἐφεξῆς
877 2894 984 2947 τῶν
1017 2892 1111 2947 τοῦ
1150 2894 1416 2965 Εὑνομίου
1453 2893 1626 2962 λόγων
1664 2911 1793 2964 μετ-

244 2981 471 3054 έλθωμεν.
530 2988 639 3039 Ἕν
674 2984 864 3054 ἀρχῇ,
900 2985 1097 3055 φησιν,
1135 2986 1312 3049 ὄντα,
1355 2988 1466 3039 οὐκ
1499 2985 1792 3054 ἄναρχον·

244 3068 281 3121 ὣ
309 3075 409 3137 πῶς
430 3078 543 3128 νοεῖ
570 3074 671 3137 τὰς
710 3074 857 3138 θείας
880 3074 1082 3142 φωνὰς,
1106 3076 1135 3128 6
1158 3075 1247 3127 ἐπὶ
1274 3075 1483 3127 συνέσει
1508 3075 1647 3145 ὑπὲρ
1672 3075 1798 3138 τοὺς

1886 1895 2051 1949 γει·ὺο
2079 1896 2150 1948 sit
2206 1893 2699 1948 accommodatum.
2732 1892 2863 1945 Nam
2913 1907 3144 1961 magnus
3176 1890 3342 1944 David
3364 1889 3459 1957 ju-

1888 1985 2096 2039 stitiam
2132 1984 2227 2039 Dei
2252 1991 2468 2039 montes
2530 1983 2793 2041 nominat.
2826 1982 3053 2054 abyssos
3077 1997 3206 2037 vero
3227 1979 3462 2050 judicia,

1891 2075 2067 2132 fontes
2091 2085 2270 2130 autem
2302 2076 2553 2130 doetores
2582 2078 2633 2130 in
2684 2076 2942 2129 Ecclesiis
2965 2093 2979 2142 ;
3006 2075 3195 2130 dicens
3228 2093 3242 2128 :
3295 2072 3462 2126 Bene-

1896 2166 2056 2221 dicitc
2086 2166 2189 2221 Deo
2222 2165 2450 2220 Domino
2479 2182 2542 2219 ex
2570 2165 2803 2235 [antibus
2826 2165 2999 2219 Israel
3027 2166 3091 2219 δ’.
3114 2164 3294 2218 Colles
3332 2176 3463 2215 vero

1897 2259 2296 2321 innocentiam,
2354 2272 2516 2325 quam
2562 2272 2657 2325 per
2706 2272 2966 2327 agnorum
3032 2254 3464 2311 exsultationem

1888 2349 2303 2423 demonstravit.
2361 2349 2502 2404 Ante
2533 2349 2645 2403 haec
2669 2348 2832 2415 igitur
2878 2348 2932 2401 in
2964 2347 3124 2402 nobis
3171 2355 3463 2417 generatur

1889 2438 1980 2493 ille
2008 2437 2103 2507 qui
2141 2447 2359 2507 propter
2384 2452 2483 2492 nos
2519 2445 2736 2492 creatus
2768 2445 2853 2490 est
2881 2436 3060 2498 homo,
3097 2443 3155 2488 ut
3182 2443 3237 2489 et
3271 2434 3464 2487 talium

1887 2534 2138 2582 creatura
2162 2527 2217 2580 in
2257 2526 2416 2580 nobis
2446 2527 2625 2579 locum
2659 2526 2920 2580 inveniat.
2966 2523 3074 2580 Sed
3107 2525 3174 2579 de
3209 2524 3297 2580 bis
3346 2526 3465 2579 dis-

1890 2617 2227 2687 putationem
2254 2614 2688 2686 praetereundam
2718 2632 2842 2671 esse
2868 2616 3102 2670 arbitror
3120 2657 3146 2686 ,,
3171 2626 3294 2671 cttm
3329 2618 3467 2672 satis

1886 2704 2100 2761 abunde
2141 2707 2445 2776 praesertim
2496 2707 2667 2778 requis
2711 2714 2766 2761 et
2830 2707 3080 2764 candidis
3119 2709 3466 2763 auditoribus

1884 2798 1955 2853 sit
1995 2798 2184 2869 paucis
2216 2798 2588 2853 demonstrata
2621 2798 2841 2854 veritas.

1960 2892 2142 2958 Quare
2200 2893 2268 2947 ad
2329 2893 2585 2947 Eunomii
2655 2907 2777 2962 qua:
2836 2892 3094 2963 deinceps
3166 2905 3468 2963 sequuntur

1890 2982 2053 3036 verba
2097 2996 2406 3050 pergamus.
2501 2978 2568 3035 In
2608 2981 2887 3050 principio,
2938 2981 3135 3051 inquit,
3194 2982 3277 3050 qui
3330 2991 3468 3044 erat.

1894 3090 1995 3126 non
2023 3081 2198 3125 tamen
2224 3073 2485 3141 principio
2521 3081 2687 3125 caret.
2744 3070 3029 3137 Quomodo
3062 3072 3149 3125 hic
3190 3071 3284 3126 Dei
3307 3087 3470 3127 voces

243 3159 410 3226 ἄλλους
437 3163 656 3235 φρονῶν
680 3181 696 3230 ;
727 3164 832 3216 Τὸν
862 3164 919 3216 ὲν
942 3164 1081 3234 ἀρχῇ
1114 3163 1263 3226 ὄντα,
1289 3164 1460 3234 ἀρχὴν
1491 3161 1681 3233 ἔχοντα
1708 3164 1794 3234 ἐρ-

1899 3161 2179 3233 intelligit,
2211 3162 2303 3231 qui
2325 3161 2680 3230 intelligentia
2705 3160 2843 3215 alios
2857 3176 3118 3231 superare
3133 3163 3248 3217 vult
3267 3162 3474 3218 videri?

249 3251 471 3321 μῃνεύειο
527 3254 627 3307 καὶ
660 3254 761 3307 οὐκ
790 3250 928 3306 οἶδεν
964 3253 1043 3305 ὅτι
1072 3254 1119 3305 εί
1152 3251 1325 3324 ἀρχὴν
1348 3251 1459 3322 ἔχει
1493 3254 1521 3305 6
1568 3253 1623 3304 ὲν
1652 3253 1794 3324 ἀρχῇ

246 3340 330 3405 ὢν,
352 3345 438 3396 καὶ
466 3346 497 3416 ἡ
533 3343 681 3415 ἀρχὴ
712 3344 935 3406 πάντως
964 3342 1076 3413 ἔχει
1103 3342 1266 3413 ἄλλην
1291 3344 1483 3414 ἀρχὴν.
1518 3345 1582 3396 '0
1604 3342 1712 3414 γὰρ
1731 3341 1795 3395 ἂν

248 3432 324 3484 ἐπὶ
349 3436 438 3502 τῆς
464 3435 647 3507 ἀρχῆς
675 3434 823 3505 εἴπῃ,
848 3432 1005 3487 τοῦτο
1026 3433 1143 3487 κατ’
1164 3434 1409 3503 ἀνάγκην
1437 3434 1530 3486 καὶ
1555 3433 1681 3504 περὶ
1704 3431 1796 3485 τοῦ

252 3522 298 3571 ὲν
323 3525 382 3592 τῇ
414 3526 559 3596 ἀρχῇ
591 3524 744 3586 ὄντος
787 3522 1108 3593 ὁμολογήσει
1135 3524 1370 3587 πάντως.
1422 3523 1546 3586 Πῶς
1590 3522 1699 3594 γὰρ
1739 3523 1799 3577 τὸ

248 3611 295 3661 ὲν
319 3616 380 3682 τῇ
407 3616 550 3685 ἀρχῇ
583 3612 666 3677 ὂν,
697 3613 795 3683 τῆς
822 3612 996 3684 ἀρχῆς
1022 3612 1452 3684 χωρισθήσεται;
1486 3612 1608 3675 Πῶς
1634 3613 1689 3665 δέ
1715 3629 1799 3675 τις

248 3701 299 3753 τὸ
326 3706 425 3757 οὐκ
450 3702 552 3775 ἦν,
585 3704 969 3774 προεπινοήσει
999 3702 1094 3755 τοῦ
1134 3698 1245 3772 air;
1308 3704 1455 3766 ὅπως
1484 3703 1592 3774 γὰρ
1624 3704 1687 3756 ἄν
1719 3719 1800 3766 τις

250 3793 515 3864 ἀναγαγὼν
550 3793 746 3849 ἑαυτοῦ
794 3793 891 3863 τὴν
916 3794 1152 3847 διάνοιαν
1178 3794 1314 3866 πρὸς
1346 3795 1445 3865 τὴν
1477 3794 1800 3863 κατανόησιν

248 3885 333 3953 τῆς
377 3888 544 3959 ἀρχῆς
594 3886 907 3957 ὑπερτείνῃ,
959 3887 1315 3954 συγκατανοεί
1358 3886 1574 3947 πάντως
1618 3884 1709 3937 τὸν
1743 3885 1801 3935 ὲν

248 3978 367 4048 αὐτῇ
394 3979 521 4033 ὄντα
554 3980 730 4046 Λόγον
761 3977 1093 4049 χωρισθῆναι
1122 3976 1220 4047 τῆς
1260 3978 1316 4029 ἐν
1440 3979 1586 4030 ἐστιν
1626 3975 1802 4047 ἀρχῆς

254 4070 317 4140 μὴ
339 4069 645 4140 δυνάμενον,
671 4069 927 4123 οὐδέποτε
953 4068 1047 4123 τοῦ
1078 4072 1134 4123 ὲν
1155 4070 1289 4139 αὐτῇ
1324 4066 1459 4123 εἶναι
1489 4069 1611 4122 οὗτε
1636 4070 1799 4140 ἀρχό-

252 4176 413 4229 μενον,
436 4161 558 4216 οὔτε
584 4161 911 4232 παυόμενον.
944 4160 1150 4232 Μηδεὶς
1181 4160 1236 4213 δὲ
1268 4161 1351 4214 διὰ
1373 4162 1577 4214 τούτων
1605 4161 1685 4224 εἰς
1710 4161 1802 4214 δύο

251 4250 405 4321 ἀρχὰς
431 4254 753 4324 διαηιζέτω
785 4254 844 4306 τὸ
887 4253 1081 4323 δόγμα.
1122 4253 1235 4306 Μία
1272 4254 1379 4323 γάρ
1408 4255 1553 4306 ἐστιν
1574 4252 1648 4316 ὡς
1674 4253 1805 4323 ἀλη-

253 4343 400 4419 θῶςή
429 4340 643 4421 ἀρχὴ,ᾖ
671 4345 988 4417 ἁχωρίστως
1020 4344 1362 4418 ἐνθεωρεῖται
1390 4345 1419 4397 6
1446 4343 1639 4412 Λόγος,
1668 4344 1696 4396 ὁ
1718 4344 1805 4397 διὰ

257 4436 457 4491 πάντων
492 4439 624 4510 πρὸς
652 4438 743 4490 τὸν
768 4436 988 4507 Πατέρα
1026 4435 1319 4506 ἡνωμένος.
1374 4433 1560 4487 Ταῦτα
1593 4433 1805 4504 φρονῶν

1902 3250 2036 3305 Eum
2074 3253 2166 3322 qui
2202 3259 2321 3306 erat
2361 3251 2414 3304 in
2455 3252 2746 3321 principio,
2799 3252 3128 3323 principium
3181 3252 3477 3310 habentem

1901 3345 2319 3413 interpretatur.
2354 3342 2540 3398 Nescit
2568 3343 2711 3413 quod
2743 3345 2787 3398 si
2815 3344 2908 3414 qui
2942 3352 3061 3398 erat
3088 3346 3140 3398 in
3177 3346 3476 3417 principio,

1900 3434 2062 3491 habet
2119 3435 2476 3505 principium,
2528 3436 2720 3505 procul
2754 3435 2920 3491 dubio
2946 3437 3110 3490 etiam
3144 3438 3471 3506 principium

1898 3526 2044 3581 aliud
2075 3527 2293 3581 habebit
2331 3524 2683 3596 principium.
2718 3526 2872 3593 Quod
2913 3528 3056 3581 enim
3097 3526 3165 3582 de
3204 3528 3480 3597 principio

1900 3618 2118 3683 dixerit,
2146 3619 2249 3674 hoc
2271 3620 2434 3674 etiam
2463 3617 2528 3672 de
2557 3633 2621 3673 eo
2645 3622 2737 3688 qui
2765 3626 2882 3673 erat
2905 3619 2958 3671 in
2985 3618 3255 3688 principio
3282 3633 3478 3673 neces-

1900 3710 2048 3763 sario
2076 3725 2302 3780 prorsus
2328 3711 2684 3766 concesserit.
2706 3708 2989 3775 Quomodo
3017 3708 3163 3763 enim
3198 3709 3292 3778 qui
3315 3717 3399 3764 est
3420 3710 3479 3763 in

1901 3802 2199 3872 principio,
2229 3817 2259 3855 a
2291 3802 2561 3872 principio
2589 3799 2973 3870 scparabitnr?
3021 3798 3304 3864 Quomodo
3350 3801 3481 3868 quis

1902 3893 2005 3946 hoc
2067 3908 2278 3962 nempe,
2327 3909 2429 3945 non
2460 3902 2613 3955 erat,
2658 3891 2810 3960 prius
2847 3889 3129 3958 intelliget,
3172 3904 3336 3958 quam
3373 3889 3477 3943 hoc

1903 3983 2132 4047 scilicet,
2165 3992 2277 4037 erat
2297 3986 2322 4039 ?
2342 3983 2463 4050 Quo
2492 3984 2635 4039 enim
2662 3980 2827 4036 modo
2850 3983 2974 4049 quis
3001 3980 3288 4037 adductam
3320 3994 3481 4034 suam

1904 4076 2316 4147 intelligentiam
2349 4076 2413 4131 ad
2450 4074 2705 4146 principii
2727 4072 3096 4142 cognitionem
3125 4082 3477 4141 superexten-

1904 4167 2004 4233 dit,
2054 4167 2218 4221 simul
2252 4182 2481 4237 prorsus
2525 4172 2708 4218 mente
2748 4164 3001 4234 concrpit
3039 4162 3275 4218 Verbum
3329 4165 3475 4234 quod

1904 4265 1986 4315 est
2006 4257 2057 4311 in
2073 4272 2157 4318 co,
2172 4257 2240 4309 ab
2252 4272 2316 4310 eo
2335 4255 2602 4326 principio
2617 4254 2672 4308 in
2690 4270 2798 4324 quo
2813 4262 3019 4309 estnon
3038 4269 3198 4325 posse
3212 4258 3475 4325 separari,

1907 4363 2082 4417 neque
2108 4363 2346 4417 unquam
2383 4348 2438 4401 in
2469 4347 2589 4417 ipso
2605 4361 2728 4401 esse
2753 4346 2995 4416 incipere
3013 4363 3191 4418 neque
3208 4345 3474 4404 desinere.

1907 4437 2099 4492 Nuilus
2130 4445 2310 4491 autem
2348 4453 2444 4509 per
2483 4437 2598 4498 haec
2627 4438 2681 4491 in
2710 4437 2820 4493 duo
2851 4439 3116 4511 principia
3152 4440 3345 4510 dogma
3394 4440 3478 4495 di-

256 4525 488 4597 οὐεεμίαν
514 4528 674 4582 δώσει
707 4529 773 4599 τῇ
807 4527 1016 4598 αἱρέσει
1046 4525 1296 4597 πάροδον,
1319 4525 1405 4579 διὰ
1434 4524 1531 4595 τῆς
1562 4542 1794 4577 καινοτο-

1907 4528 2121 4583 scindat
2148 4548 2160 4583 :
2191 4544 2356 4582 unum
2381 4528 2523 4583 enim
2543 4537 2624 4584 est
2650 4545 2776 4584 vere
2792 4529 3116 4600 principium
3133 4531 3185 4584 in
3206 4547 3314 4600 quo
3334 4532 3479 4586 inse-

258 4618 372 4683 μίας
402 4618 493 4672 τοῦ
531 4621 828 4687 ἀγεννήτου
862 4618 1123 4688 ὀνόματος
1160 4620 1227 4688 τῇ
1266 4615 1517 4687 εὐσεϐείᾳ
1545 4616 1804 4686 λυμαίνε-

257 4703 385 4760 σθαι.
445 4710 527 4762 Ἐν
554 4710 611 4763 6‘:
653 4710 769 4770 τοῖς
807 4708 1002 4776 ἐφεξῆς
1047 4706 1341 4760 ἐκτεθεῖσιν
1385 4704 1533 4777 ἄρτῳ
1569 4705 1740 4758 ἔοικεν
1778 4707 1807 4759 6

253 4794 395 4862 λόγος
424 4800 575 4853 αὑτοῦ
609 4800 812 4871 πολλὴν
841 4799 1014 4870 ἔχοντι
1036 4798 1132 4869 τὴν
1163 4795 1442 4867 ἐπιμιξίαν
1468 4799 1566 4868 τῆς
1594 4797 1801 4868 ἄμμου.

254 4879 369 4949 τοίς
409 4888 509 4960 γὰρ
553 4891 722 4959 ὑγιῶς
769 4889 1079 4960 λεγομένοις
1124 4887 1190 4941 τὰ
1222 4887 1470 4959 αἱρετικὰ
1532 4887 1806 4959 συμμίξας

254 4977 501 5046 νοήματα,
516 4983 757 5055 ἇῦρωτον
782 4981 870 5035 διὰ
894 4981 987 5034 τοῦ
1013 4979 1461 5050 συμμεμιγμένον
1490 4978 1638 5031 λίθου
1667 4983 1810 5031 ποιεῖ

258 5067 345 5118 καὶ
383 5070 438 5122 τὸ
484 5075 760 5145 τρόφιμον.
828 5072 989 5140 Λέγει
1019 5072 1130 5142 γὰρ
1218 5069 1440 5139 σοφίαν
1471 5066 1667 5129 ζῶσαν
1700 5069 1809 5123 τὸν

256 5158 478 5225 Κύρων,
521 5166 617 5220 καί
649 5166 944 5234 ἀλήθειαν
980 5162 1367 5233 ἐνεργοῦσαν.
1410 5161 1507 5215 καὶ
1552 5160 1808 5231 δύναμιν

259 5250 617 5319 [μεστὰ-αν,
670 5257 768 5309 καὶ
806 5254 978 5321 ζωήν.
1030 5254 1175 5315 Ἕως
1210 5251 1398 5305 τούτου
1433 5251 1493 5303 τὸ
1520 5252 1804 5322 τρόφιμον.

254 5335 475 5412 ἐκτίθησι
513 5346 567 5400 δὲ
612 5350 726 5410 τοῖς
769 5347 1077 5417 εἰρημένοις
1123 5343 1215 5396 τὸν
1260 5343 1335 5395 ἱὸν
1385 5343 1484 5411 τῆς
1522 5341 1802 5413 αἱρέσεως.

258 5424 505 5506 Γεννητὴν
545 5436 655 5507 γὰρ
682 5438 779 5507 τὴν
824 5437 966 5508 ζωὴν
990 5435 1283 5505 ὀνομάσας,
1318 5433 1446 5488 ἄλλο
1491 5451 1542 5486 τι
1576 5435 1640 5505 τῇ
1670 5435 1806 5505 πρὸς

260 5518 350 5587 τὴν
382 5522 652 5598 ἀγέννητον
691 5526 831 5597 ζωὴν
866 5526 1242 5595 ἁντιδιαστολῇ
1275 5527 1400 5588 νοεῖ,
1442 5524 1534 5577 καὶ
1561 5524 1682 5593 οὐχὶ
1710 5524 1806 5593 τὴν

1906 4618 2227 4687 parabililer
2260 4617 2500 4672 Verbum
2541 4634 2663 4675 esse
2691 4619 3038 4689 intelligitur,
3068 4621 3209 4690 quod
3242 4636 3336 4690 per
3360 4635 3476 4673 om-

1909 4709 1999 4763 nia
2056 4709 2110 4762 in
2154 4707 2315 4763 Patre
2349 4710 2562 4763 unitum
2602 4718 2704 4765 est.
2740 4709 2842 4776 Qui
2888 4711 3005 4764 haec
3058 4713 3224 4766 sentit
3268 4711 3479 4765 nulium

1907 4798 2169 4869 praebebit
2203 4799 2393 4855 haeresi
2419 4800 2651 4863 aditum.
2686 4810 2745 4853 ut
2781 4802 3024 4855 novilate
3056 4803 3295 4857 nominis
3326 4803 3480 4872 iuge-

1913 4887 2012 4942 niti
2062 4888 2311 4957 pietatem
2370 4889 2724 4943 contaminet.
2786 4887 2847 4943 In
2899 4892 3255 4960 sequentibus
3297 4903 3479 4945 autem

1910 4976 2091 5030 verbis
2122 4977 2306 5039 editis,
2339 4978 2462 5046 pani
2507 4979 2728 5031 multam
2756 4994 2933 5033 arente
2967 4981 3345 5034 admistionem
3382 4982 3479 5034 ha-

1905 5066 2055 5122 benti
2091 5068 2211 5136 ejus
2230 5069 2427 5123 similis
2476 5070 2690 5124 vidvtur
2741 5072 2935 5124 oratio.
2975 5070 3111 5124 Cum
3167 5071 3310 5125 enim
3349 5085 3483 5125 sane

1906 5158 2073 5214 dictis
2132 5159 2419 5215 lueret-cas
2473 5162 2820 5216 cmnmiscuit
2879 5163 3152 5225 notiones,
3206 5161 3481 5231 lapidibus

1908 5249 2223 5319 commistis
2286 5250 2465 5303 cibum
2521 5250 2695 5305 reddit
2759 5266 2867 5304 non
2921 5251 3037 5304 esui
3094 5257 3302 5319 aptum.
3341 5250 3482 5303 Dicit

1909 5340 2053 5396 enim
2106 5341 2423 5409 sapientiam
2474 5343 2723 5396 virentem
2777 5340 3050 5395 Dominum
3106 5350 3157 5396 et
3214 5344 3481 5396 reritntem

1913 5443 2236 5500 operantem.
2282 5444 2328 5486 et
2349 5435 2636 5501 potentiam
2657 5432 3046 5495 subsistentem,
3079 5443 3127 5487 et
3161 5436 3343 5491 vitam.
3371 5435 3483 5491 llnc

1914 5539 2091 5593 usque
2123 5522 2267 5591 quod
2293 5531 2469 5592 potest
2498 5524 2674 5588 alere;
2709 5523 2806 5579 sed
2847 5524 3011 5579 dictis
3043 5541 3307 5580 venenum
3341 5530 3486 5581 insc-

336 5718 385 5792 ⁸Ϊ
415 5721 598 5792 Ephrs.
640 5741 714 5787 tv,
740 5725 834 5781 26.
908 5727 948 5757 ’⁸⁸
980 5724 1137 5778 Ron.
1173 5739 1289 5787 xnt,
1330 5721 1409 5774 H.
1489 5721 1534 5752 δ’
1573 5721 1730 5777 Joan.
1781 5737 1794 5776 ι

1941 5721 1995 5775 6.
2037 5722 2128 5776 ‘25.
2189 5718 2277 5772 "l
2325 5719 2450 5774 Cor.
2505 5737 2589 5786 ιιι,
2636 5720 2721 5776 ιι.
2776 5723 2822 5754 ⁸⁸
2854 5724 3010 5779 Prov.
3061 5740 3173 5787 vm,
3216 5720 3285 5775 ει
3331 5733 3482 5787 Seqq.

271 5784 311 5813 ³³
360 5784 488 5847 Psai.
531 5784 809 5855 uvn,27.
