4032 6208
271 298 337 358 521
1324 295 1601 353 CONTRA
1642 296 1780 354 EUN

1893 278 2037 359 tua,
2081 296 2209 351 ue.
2257 296 2316 351 ιι.

2257 152 2293 169 ﬁ

3356 274 3461 353 εδει

318 418 367 472 Τί
398 432 453 487 με
480 415 580 487 χρὴ
622 413 750 483 περὶ
781 412 984 466 τούτων
1015 410 1181 465 πλείω
1214 410 1464 476 διεξιέναι
1491 430 1504 479 ;
1538 410 1650 483 Τῆς
1676 412 1772 465 αὖ·

1946 412 2154 483 Ecquid
2177 420 2260 467 est
2284 426 2508 466 necesse
2534 427 2617 466 me
2647 410 2713 467 de
2739 410 2825 465 his
2851 411 3106 482 pluribus
3128 412 3311 470 verbis
3341 413 3464 467 dis--

265 511 344 581 τῆς
366 509 454 579 γὰρ
477 508 653 577 ἔχεται
686 504 1034 576 βλασφημίας
1055 544 1068 567 ,
1109 505 1203 558 καὶ
1241 504 1307 558 τὰ
1335 505 1440 576 πρὸ
1468 502 1671 558 τούτων
1705 507 1779 557 εἱ-

268 601 445 674 ρημένα·
467 601 756 664 Λαϐόντα,
785 597 970 667 φησιν,
1000 596 1159 665 παρὰ
1181 595 1286 650 τοῦ
1318 597 1546 664 Πατρός
1570 595 1778 660 δόξαν,

265 696 321 747 οὐ
346 690 432 759 τῆς
464 691 699 743 ἐκείνου
737 689 1148 759 μεταλαϐόντα
1175 687 1358 755 δόξης
1377 705 1389 718 ’
1423 687 1784 757 ἀμετάδοτος

265 785 347 855 113p
370 787 399 852 ἡ
423 783 565 847 δόξα
600 782 705 835 τοῦ
747 781 1225 851 παντοκράτορος
1275 782 1443 837 Θεοῦ.
1497 780 1637 847 Ἐγὼ
1675 780 1783 851 γὲρ

264 877 303 929 εί
333 876 406 929 καὶ
438 876 563 945 περὶ
609 874 885 937 Μωῢσέως
931 874 960 926 6
1004 873 1160 942 λόγος
1197 869 1266 944 ἦν
1308 872 1402 926 τοῦ
1438 872 1784 937 δοξασθέντος

262 969 308 1022 ὲν
328 970 377 1038 τῇ
399 966 632 1037 διακονίᾳ
659 966 753 1019 τοῦ
787 966 949 1037 νόμου
966 1005 980 1028 ,
1013 965 1123 1019 οὐδ’
1149 964 1322 1028 οὕτως
1351 965 1558 1035 ἤνεγκα
1594 963 1659 1016 ἂν
1694 964 1784 1016 τὸν

258 1060 449 1113 τοιοῦτον
473 1061 646 1127 λόγον.
682 1060 776 1121 Ὃς
803 1060 851 1111 εί
878 1057 970 1111 καὶ
1001 1058 1083 1111 ὅτι
1114 1056 1381 1128 μηδεμίαν
1407 1055 1546 1125 ἔχων
1575 1054 1784 1108 οἴκοθεν

254 1150 379 1216 δόξαν
412 1151 631 1213 ἐκεῖνος,
674 1148 763 1202 διὰ
801 1149 900 1219 τῆς
929 1147 1229 1219 γενομένης
1275 1146 1424 1217 αὐτῷ
1467 1144 1648 1198 θεόθεν
1680 1145 1781 1198 δω-

254 1244 381 1313 ρεᾶς,
405 1240 605 1305 ἔνδοξος
633 1240 841 1313 ἀθρόως
868 1244 979 1304 τοῖς
1019 1238 1379 1311 Ἰσραηλίταις
1411 1238 1603 1308 ἐφάνη.
1639 1234 1784 1303 Αὐτὴ

250 1334 388 1404 γὰρὴ
424 1332 688 1403 γενομένη
726 1330 805 1403 τῷ
837 1332 1102 1405 νομοθέτῃ
1141 1329 1265 1395 δόξα
1309 1331 1409 1384 οὐκ
1452 1329 1610 1383 ἄλλου
1642 1327 1785 1390 τινος

246 1423 318 1498 ἦν,
341 1426 461 1480 ἀλλά
486 1425 650 1479 αὑτοῦ
694 1425 787 1479 τοῦ
818 1423 977 1490 Θεοῦ,
1020 1424 1088 1496 ἣν
1115 1425 1323 1486 πάντας
1359 1423 1571 1476 κελεύει
1605 1421 1785 1489 ζητεῖν

242 1519 291 1571 ὲν
317 1518 384 1588 τῷ
407 1515 716 1586 Εὐαγγελίῳ
744 1517 773 1569 6
810 1508 1014 1587 Κύριος
1037 1555 1051 1577 ,
1081 1513 1147 1567 δι’
1177 1506 1251 1568 ὧν
1274 1512 1511 1566 αἰτιᾶται
1537 1511 1660 1571 τοὺς
1699 1507 1786 1577 τὴν

240 1609 555 1681 ἀνθρωπίνην
590 1608 747 1675 δόξαν
787 1609 914 1679 ’περὶ⁸
954 1605 1151 1660 πολλοῦ
1198 1604 1571 1674 ποιουμένους,
1603 1599 1700 1671 τὴν
1729 1599 1785 1652 δὲ

239 1701 365 1772 παρὰ
406 1701 565 1772 μόνου
606 1698 702 1753 τοῦ
747 1697 881 1752 Θεοῦ
930 1697 1085 1763 δόξαν
1126 1698 1201 1768 μὴ
1238 1694 1551 1768 ζητοῦντας.
1590 1694 1664 1745 Δι’
1712 1684 1786 1743 ὧν

236 1795 325 1865 γὰρ
358 1794 534 1864 ζητεῖν
566 1789 950 1845 ἐνεκελεύσατο
983 1790 1081 1860 τὴν
1120 1788 1269 1859 παρὰ
1306 1787 1400 1840 τοῦ
1435 1786 1595 1857 μόνου
1646 1783 1780 1837 Θεοῦ

232 1885 385 1950 δόξαν,
424 1885 482 1937 τὺ
514 1884 738 1937 δυνατὸν
770 1878 909 1936 εἶναι
949 1884 1131 1952 τυχεῖν
1164 1880 1255 1933 τοῦ
1290 1878 1620 1950 ζητουμένου
1656 1894 1782 1930 κατ-

232 1978 584 2048 επηγγείλατο.
614 1975 736 2039 I150;
759 1971 853 2029 οὖν
882 1973 1212 2046 ἅμετάδοτος
1243 1974 1275 2043 ἡ
1306 1972 1431 2038 δόξα
1459 1970 1553 2023 τοῦ
1571 1970 1780 2023 Παντο-

233 2068 490 2138 κρᾶτορος,
532 2066 584 2119 ετ
628 2083 692 2135 γε
735 2065 830 2118 καὶ
860 2064 964 2136 χρὴ
1004 2063 1100 2135 τὴν
1132 2063 1283 2134 παρὰ
1318 2061 1409 2114 τοῦ
1447 2062 1608 2133 μόνου
1645 2060 1780 2114 Θεοῦ

234 2161 365 2225 “inv
388 2161 573 2222 αἰτεῖν,
602 2158 698 2211 καὶ
727 2157 833 2220 πᾶς
858 2159 886 2208 ὁ
912 2154 1078 2210 αίτῶν
1100 2153 1365 2224 λαμϐάνει
1394 2151 1535 2205 κατὰ
1564 2150 1660 2221 τὴν
1689 2148 1780 2203 τοῦ

237 2252 412 2324 κυρίου
450 2250 667 2321 (Paw-qv;
720 2242 780 2303 Ὀ
825 2247 882 2300 δὲ
926 2248 1053 2316 περ)⁸
1088 2244 1183 2299 τοῦ
1219 2244 1650 2315 ἀπαυγάσματος
1681 2242 1782 2312 τῆς

235 2344 365 2413 δόξης
398 2343 588 2411 λέγων,
621 2343 703 2396 ὅτι
730 2338 909 2395 λαϐὼν
943 2338 1054 2409 ἔχει
1081 2338 1180 2407 τὴν
1210 2336 1389 2404 δόξαν,
1420 2336 1571 2388 οὐδὲν
1597 2335 1682 2387 ’έτε
1693 2350 1782 2404 ρον

232 2435 377 2503 λέγει,
409 2434 441 2505 ἢ
478 2436 560 2489 ὅτι
595 2433 779 2500 ἄδοξον
828 2431 947 2485 καθ’
984 2429 1145 2483 ἑαυτὸ
1173 2430 1233 2483 τὸ
1265 2429 1364 2499 τῆς
1405 2426 1564 2497 δόξης
1603 2424 1783 2479 ἀπαύ-

224 2542 397 2598 γασμα
415 2546 428 2557 ·
451 2525 647 2599 χρῄζει
667 2525 724 2578 δὲ
748 2523 935 2578 λαϐεῖν
962 2522 1090 2594 παρ’
1115 2512 1302 2593 ὲὲέρου
1329 2520 1506 2586 δόξαν,
1526 2519 1614 2572 ἵνα
1641 2516 1784 2571 οὕτω

219 2618 336 2671 ποτὲ
363 2618 456 2672 καὶ
475 2617 639 2680 αὐτὸς
667 2615 891 2685 γένηται
923 2613 1122 2686 Κύριός
1147 2629 1291 2675 τινος
1315 2611 1473 2683 δόξης
1492 2627 1506 2641 ο
1541 2609 1643 2664 ποῦ
1670 2610 1783 2665 τοί-

212 2726 300 2761 νυν
326 2708 562 2780 θήσομεν
587 2710 687 2771 τὰς
714 2706 815 2777 τῆς
838 2704 1091 2776 ἀληθείας
1125 2702 1328 2771 φωνὰς,
1363 2704 1461 2773 τήν
1502 2719 1561 2780 τε
1590 2701 1782 2772 λέγου-

210 2802 711 2871 σαν,ὁ;θήοέσθαι
737 2796 1006 2852 αὑτὸν-ἐν
1032 2792 1266 2864 τῇδόξῃ
1285 2794 1390 2849 τοῦ
1414 2796 1661 2863 Πατρόςο
1687 2793 1783 2850 καὶ

205 2891 397 2956 πάλιν,
424 2892 504 2946 δτι
547 2890 750 2945 Πάντα
777 2887 815 2941 ἆ
840 2886 965 2956 ἔχει
996 2888 1028 2940 ό
1058 2885 1262 2954 Πατὴρ
1295 2883 1408 2954 ἐμά
1437 2886 1607 2939 ἐστιν
1637 2886 1781 2949 ;τίνι

202 2984 303 3055 χρὴ
333 2984 623 3056 προσέχειν
658 2981 752 3035 τὸν
785 2978 1091 3044 ἀκούοντα;
1123 2976 1202 3049 τῷ
1232 2976 1441 3046 λέγοντι
1467 2978 1548 3031 ὅτι
1581 2977 1782 3047 ἀμέτο-

201 3076 293 3146 χός
324 3076 449 3129 ἔστι
477 3077 577 3146 τῆς
610 3073 702 3128 τοῦ
723 3071 935 3144 [ἰατρὸς
963 3070 1122 3142 δόξης
1148 3072 1183 3124 ὁ
1203 3069 1447 3125 πάντων
1470 3070 1589 3124 τῶν
1603 3071 1673 3122 ἐν
1702 3067 1780 3134 τῷ

199 3168 389 3237 Harp!
424 3169 819 3236 κληρονόμος,
836 3163 1017 3227 καθώς
1035 3179 1197 3234 φησιν
1221 3164 1249 3216 6
1284 3161 1606 3224 ’Δπόοτολος
1621 3177 1634 3192 ο
1654 3160 1687 3231 ἢ
1706 3159 1783 3231 τῷ

198 3259 551 3328 ὁμολογοῦντι
578 3260 659 3312 ὅτι
695 3256 897 3311 Πάντα
921 3254 1039 3310 ὅσα
1057 3255 1182 3325 ἔχει
1210 3256 1244 3309 ό
1272 3254 1475 3323 Πατὴρ
1502 3252 1596 3307 καὶ
1627 3252 1786 3315 αὐτὸς

202 3352 347 3421 Elei;
390 3353 483 3405 Ἕν
512 3352 567 3405 δὲ
591 3352 703 3414 τοῖς
726 3349 859 3404 πᾶσι
887 3348 981 3403 καὶ
1002 3349 1035 3419 ἡ
1056 3346 1181 3411 δόξα
1206 3346 1420 3411 πάντως
1440 3345 1607 3399 ἐστίν.
1645 3345 1783 3398 Ἀλλ’

202 3443 536 3511 ἀμετάδοτον
564 3438 704 3495 εἷναί
736 3457 869 3511 φησι
892 3438 990 3510 τὴν
1018 3438 1176 3505 δόξαν
1203 3437 1295 3491 τοῦ
1314 3438 1779 3509 Παντοκράτορος·

199 3530 365 3584 τοῦτο
393 3532 513 3585 οὔτε
534 3532 563 3584 6
604 3530 756 3602 Ἰωὴλ
788 3530 909 3585 οὒτε
940 3530 969 3582 6
1003 3528 1173 3599 μέγας
1199 3527 1403 3599 Πέτρος
1428 3526 1783 3601 μαρτύρεται,

201 3623 233 3674 6
272 3624 371 3677 τὸν
406 3624 739 3695 προφητικὸν
783 3623 937 3692 λόγον
971 3625 1029 3676 ὲν
1074 3625 1139 3693 τῇ
1178 3621 1490 3693 δημηγορίᾳ
1530 3623 1596 3693 τῇ
1651 3620 1787 3691 πρὸς

202 3714 332 3777 τοὺς
379 3715 666 3778 Ἰουδαίους
702 3711 1138 3785 οἰκειωσάμενος,
1188 3700 1326 3782 Φησὶ
1368 3711 1474 3786 γὰρ
1515 3712 1576 3766 ὲκ
1620 3727 1787 3782 προσ-

202 3803 362 3857 ώπου
386 3805 479 3859 τοῦ
507 3805 664 3867 Θεοῦ,
687 3807 715 3859 ὃ
740 3822 796 3857 τε
839 3804 1140 3875 προφήτης,
1166 3803 1259 3858 καὶ
1278 3806 1306 3858 6
1349 3803 1641 3870 ἀπόστολος
1662 3842 1677 3866 ,
1707 3802 1787 3856 ὄτι

218 3894 448 3966 ἐκχεῶ
499 3897 617 3954 ἀπὸ
678 3895 786 3950 τοῦ
859 3898 1198 3967 πνεύματός
1251 3912 1371 3965 μου
1430 3893 1529 3947 ἐπὶ
1582 3893 1789 3949 πᾶσαν

205 3988 431 4058 σάρκα.
472 3991 530 4046 Ὀ
557 3991 739 4045 τοίνυν
763 3988 856 4043 τοῦ
888 3988 1017 4043 ἰδίου
1048 3987 1354 4058 πνεύματος
1380 3985 1480 4056 τῆς
1509 3984 1788 4048 κοινωνίας

211 4081 365 4154 πάσῃ
397 4084 557 4154 σαρκὶ
580 4083 654 4156 μὴ
682 4081 951 4151 φθονήσας
970 4118 984 4141 ,
1007 4080 1123 4143 πῶς
1154 4079 1232 4150 τῷ
1261 4077 1551 4146 Μονογενεῖ
1576 4075 1687 4146 Υἰῷ
1711 4076 1788 4146 τῷ

212 4170 325 4227 ωτι
358 4177 418 4230 ἐν
460 4181 572 4243 τοῖς
609 4177 828 4240 κόλποις
861 4174 950 4228 τοῦ
1001 4173 1231 4243 Πατρὸς,
1269 4171 1347 4242 τῷ
1391 4170 1567 4225 πάντα
1613 4169 1788 4239 ἔχοντι

217 4265 314 4319 ὅσα
344 4270 376 4321 6
404 4269 594 4341 Πατὴρ
637 4268 773 4340 ἔχει,
818 4267 917 4339 τῆς
962 4265 1164 4328 οἰκείας
1197 4263 1353 4333 δόξης
1385 4263 1445 4316 οὺ
1498 4260 1790 4332 μεταδίδω-

223 4371 339 4422 etv;
386 4360 453 4413 Ἣ
492 4360 635 4430 τάλα
672 4359 817 4413 εἴποι
854 4374 937 4421 τις
970 4357 1035 4411 ἂν
1080 4355 1363 4426 ἀληθεύειν
1394 4354 1484 4407 τὸν
1528 4351 1790 4422 Εὐνόμιον

1881 506 2102 561 serere?
2143 504 2396 560 Eamdem
2444 506 2590 559 enim
2642 504 2847 560 habent
2893 504 3291 575 blasphemiam
3341 521 3466 576 quae

1883 596 2191 665 przecednnt
2219 594 2678 665 dictazadeptum.
2700 596 2898 665 inquit,
2935 614 2967 650 a
2996 596 3157 651 Patre
3205 598 3460 669 gloriam,

1882 704 1983 740 non
2004 687 2150 741 illius
2174 695 2469 742 consortem
2490 688 2594 742 sive
2613 688 2927 759 participem
2955 690 3143 759 gloria:
3160 706 3177 743 :
3197 705 3300 744 non
3327 692 3462 745 enim

1881 787 1957 832 est
1976 778 2428 832 communicabilis
2454 777 2547 833 Dei
2564 780 2940 849 omnipotentis
2961 780 3156 851 gloria.
3184 780 3297 851 Ego
3315 782 3463 836 enim

1886 871 2100 926 tametsi
2132 872 2201 927 de
2235 873 2354 927 solo
2383 871 2531 928 Mose
2560 887 2743 927 sermo
2777 871 2969 927 luisset
3007 874 3061 926 in
3115 872 3254 944 legis
3299 873 3465 928 mini-

1885 963 2053 1017 sterio
2084 962 2403 1033 gloriﬁcato,
2430 980 2711 1035 nunquam
2734 973 2918 1020 tamen
2960 965 3123 1020 talem
3153 965 3464 1021 orationem

1886 1055 2265 1124 protulissem:
2306 1060 2401 1128 qui
2428 1059 2556 1114 licet
2580 1059 2730 1114 nulla
2753 1075 2818 1115 ex
2847 1059 3031 1130 seipso
3049 1059 3224 1131 gloria
3248 1061 3464 1127 clarus,

1886 1156 2068 1201 tamen
2103 1163 2199 1218 per
2231 1148 2287 1204 id
2318 1149 2522 1205 donum
2555 1150 2702 1222 quod
2738 1151 2789 1206 ei
2824 1151 3091 1208 divinitus
3123 1153 3352 1217 accidit,
3396 1155 3466 1209 il-

1888 1239 2079 1294 lustris
2119 1248 2173 1296 et
2209 1242 2489 1310 gloriosus
2526 1243 2791 1300 lsraelitis
2821 1254 2970 1301 totus
3022 1254 3247 1316 repente
3295 1261 3465 1318 appa-

1886 1334 1999 1387 ruit
2042 1332 2107 1386 ⁸⁸.
2160 1336 2284 1405 Ipsa
2333 1335 2478 1390 enim
2516 1352 2638 1407 qua:
2680 1337 2735 1391 in
2784 1351 2850 1392 eo
2892 1337 3211 1405 legislatore
3258 1336 3469 1392 eﬂ‘ulsit

1887 1425 2133 1489 claritas,
2185 1441 2292 1480 non
2340 1427 2484 1483 alius
2531 1428 2859 1498 cujusquam
2894 1435 3034 1493 erat,
3082 1444 3247 1499 quam
3290 1429 3467 1499 ipsius

1888 1517 2005 1582 Dei,
2040 1534 2203 1588 quam
2232 1533 2427 1574 omnes
2463 1534 2712 1590 quaerere
2747 1519 2905 1589 jubet
2941 1518 2996 1573 in
3029 1517 3331 1589 Evangelia
3357 1518 3469 1571 Do-

1890 1610 2074 1664 minus
2098 1610 2178 1674 δ’,
2215 1626 2312 1679 per
2353 1626 2416 1666 ea
2460 1611 2625 1666 verba
2685 1612 2888 1681 quibus
2947 1626 3043 1665 eos
3094 1621 3323 1665 accusat
3371 1611 3465 1680 qui

1890 1701 2183 1755 humanam
2224 1702 2453 1772 gloriam
2488 1702 2965 1772 magnifacicntes,
2994 1716 3116 1772 quae
3149 1717 3179 1756 a
3222 1702 3341 1756 solo
3383 1711 3469 1757 est

1816 1765 1855 1818 Β
1887 1788 1997 1845 Deo
2019 1765 2253 1861 gloriam
2267 1806 2376 1845 non
2402 1765 2677 1861 quarm-nt.
2706 1790 2808 1845 Per
2829 1805 2951 1861 quae
2975 1765 3122 1845 enim
3149 1806 3273 1860 quae
3290 1805 3319 1842 a
3345 1790 3466 1846 solo

1885 1882 1996 1938 Deo
2032 1891 2119 1936 est
2147 1882 2377 1953 gloriam
2408 1897 2656 1952 qumrere
2694 1882 2897 1952 jussit;
2928 1881 2982 1936 id
3021 1881 3169 1952 quod
3202 1882 3467 1952 quaeritur

1886 1974 2073 2028 haberi
2118 1988 2280 2043 posse
2318 1981 2468 2029 certe
2518 1974 2791 2044 promisit.
2837 1972 3125 2039 Quomodo
3165 1973 3334 2045 igitur
3370 1972 3465 2028 Dei

1884 2066 2278 2137 omnipotentis
2328 2066 2501 2136 gloria
2538 2064 2948 2120 communicari
2992 2080 3103 2120 non
3160 2071 3366 2134 potest,
3417 2063 3464 2118 si

1883 2167 2101 2230 oportet
2131 2175 2252 2214 eam
2284 2173 2407 2229 quae
2433 2174 2462 2212 a
2496 2158 2615 2214 solo
2658 2156 2765 2212 Deo
2797 2164 2879 2214 est
2906 2156 3134 2228 gloriam
3163 2146 3463 2227 postulare,

1883 2259 1938 2307 et
1980 2253 2159 2307 omnis
2203 2253 2295 2322 qui
2328 2252 2466 2323 petit
2499 2252 2719 2322 accipit,
2762 2251 3063 2308 secundum
3113 2248 3328 2304 Domini
3372 2264 3469 2303 vo-

1884 2358 1999 2398 cem
2033 2344 2117 2397 "?
2146 2343 2248 2411 Qui
2282 2353 2462 2400 autem
2495 2344 2562 2400 de
2585 2344 2882 2416 splendore
2904 2344 3094 2416 gloria:
3125 2343 3284 2405 dicit,
3318 2342 3465 2413 quod

1883 2449 2004 2491 eam
2041 2435 2206 2490 habet
2240 2436 2472 2507 gloriam
2504 2452 2671 2507 quam
2701 2437 2935 2507 accepit,
2967 2436 3106 2491 nihil
3133 2433 3283 2490 aliud
3311 2433 3467 2497 dicit,

1884 2541 2047 2595 quam
2085 2525 2272 2597 gloriae
2300 2526 2651 2595 splendorem
2674 2543 2771 2599 per
2794 2528 3034 2597 seipsum
3060 2524 3249 2596 gloriae
3275 2538 3471 2593 exper-

1884 2625 1993 2672 tem
2024 2632 2179 2684 esse;
2220 2617 2287 2672 ab
2307 2617 2479 2673 altero
2503 2617 2649 2674 enim
2676 2616 2909 2689 gloriam
2944 2616 3156 2688 indiget
3190 2614 3467 2684 accipere,

1883 2716 1943 2765 ut
1978 2709 2058 2764 sic
2097 2708 2393 2779 aliquando
2444 2709 2536 2763 llat
2587 2709 2853 2765 Dominus
2895 2707 3115 2781 gloriae:
3153 2705 3247 2761 ubi
3294 2706 3463 2776 igitur

1883 2800 2128 2857 veritatis
2158 2816 2321 2858 voces
2354 2816 2640 2873 ponemus,
2677 2811 2729 2856 et
2761 2815 2879 2857 eam
2912 2815 3035 2870 quae
3074 2798 3246 2862 dicit,
3284 2796 3465 2868 ipsum

1885 2894 2170 2948 videndum
2196 2910 2308 2948 esse
2350 2897 2405 2948 in
2452 2894 2624 2964 gloria
2656 2893 2751 2948 Dei
2785 2892 2962 2947 Patris
2993 2892 3038 2924 “
3072 2910 3083 2945 :
3137 2898 3194 2946 et
3244 2890 3471 2956 iterum,

1886 2986 2077 3041 Omnia
2111 3002 2230 3056 qua:
2256 2985 2407 3040 habet
2460 2985 2661 3047 Pater,
2706 3001 2823 3040 mea
2878 2994 3001 3039 sunt
3045 2984 3136 3040 "‘1
3176 2983 3268 3037 cui
3311 2981 3472 3036 ﬁdem

1808 3097 1856 3160 ο
1886 3078 2145 3133 adhibere
2194 3088 2410 3148 oportet
2449 3078 2797 3132 auditorem?
2847 3092 2915 3130 an
2969 3077 3018 3131 ei
3078 3074 3174 3145 qui
3222 3079 3475 3129 autumat

1886 3168 2038 3223 illum
2062 3184 2169 3223 non
2193 3185 2317 3225 esse
2343 3167 2522 3223 Patris
2545 3168 2732 3239 gloriae
2750 3167 3098 3238 participem,
3120 3165 3211 3235 qui
3235 3164 3473 3219 omnium

1886 3267 1961 3312 est
1996 3259 2048 3311 in
2083 3254 2245 3312 Patre
2296 3258 2497 3318 Iurres,
2541 3259 2685 3313 sicut
2710 3257 2788 3310 ait
2824 3254 3122 3328 Apostolus
3163 3246 3210 3287 ⁸³
3257 3273 3270 3308 :
3309 3269 3379 3310 an
3409 3252 3460 3307 ei

1885 3349 1979 3421 qui
2013 3344 2307 3406 confitetur
2336 3364 2396 3405 se
2442 3349 2647 3405 habere
2684 3348 2865 3405 omnia
2900 3363 3020 3418 qua:
3070 3343 3236 3401 Pater
3274 3343 3476 3400 habet?

1887 3456 2011 3494 nam
2059 3441 2113 3495 in
2163 3442 2419 3496 munibus
2478 3441 2595 3509 ipsa
2644 3439 2819 3512 gloria
2869 3439 3090 3510 penitus
3132 3437 3471 3493 continetur.

1889 3533 1990 3589 llic
2043 3541 2227 3588 autent
2269 3533 2549 3588 inliciatur
2581 3529 2996 3605 Omnipotentis
3036 3529 3268 3602 gloriam
3311 3542 3476 3599 posse

1887 3626 2280 3684 communicari
2310 3644 2322 3679 :
2366 3624 2461 3680 sed
2497 3624 2603 3679 hoc
2630 3638 2809 3696 neque
2835 3620 2975 3687 Joel,
3029 3636 3206 3691 neque
3242 3633 3476 3690 magnus

1889 3716 2084 3772 Petrus
2116 3723 2388 3778 testatur,
2450 3714 2543 3785 qui
2604 3713 2982 3784 prbpheticum
3017 3726 3328 3767 sermonem
3356 3710 3474 3765 “in

1889 3809 2154 3866 concione
2189 3807 2257 3861 ad
2301 3805 2528 3868 Iudaeos
2562 3806 2665 3861 sibi
2710 3803 2992 3875 proprium
3030 3800 3178 3857 fecit.
3224 3800 3358 3855 Nam
3404 3816 3471 3855 ex

1889 3915 2124 3971 persona
2165 3896 2343 3969 ipsius
2374 3897 2468 3952 Dei
2519 3897 2699 3969 inquit
2734 3894 3025 3967 propheta,
3062 3901 3116 3948 et
3165 3892 3471 3963 apostolus,

1891 3991 2180 4063 Effundam
2205 3984 2267 4046 de
2298 3991 2491 4062 spiritu
2524 4006 2635 4044 meo
2678 3989 2731 4043 in
2774 4002 2978 4042 onmem
3016 3999 3227 4039 carnem
3273 3983 3340 4037 ⁸⁵.
3370 3980 3476 4049 Qui

1890 4087 2057 4156 igitur
2114 4083 2199 4140 sui
2250 4083 2479 4155 spiritus
2522 4078 3081 4136 communicationem
3134 4075 3282 4130 omni
3323 4074 3476 4129 carni

1891 4193 1999 4233 non
2056 4178 2278 4243 invidit,
2324 4172 2602 4246 quomodo
2628 4169 2921 4242 Unigenito
2970 4167 3109 4223 Filio
3142 4168 3237 4238 qui
3280 4174 3368 4223 est
3421 4166 3475 4220 in

1891 4268 2104 4326 sinibus
2134 4267 2311 4324 Patris
2327 4268 2393 4331 ³⁸,
2429 4266 2521 4339 qui
2548 4264 2711 4319 habet
2734 4276 3081 4343 quacunque
3098 4259 3264 4315 Pater
3288 4258 3477 4323 habet.

1891 4377 2046 4418 suam
2077 4361 2310 4433 gloriam
2343 4374 2453 4414 non
2486 4355 2775 4429 impertit?
2814 4356 2897 4408 An
2930 4369 3041 4410 non
3084 4352 3321 4410 fortasse
3355 4351 3478 4422 quis

228 4447 471 4522 ἑντοὺτῳ
504 4453 598 4505 καὶ
632 4450 709 4522 μὴ
742 4448 1100 4520 βουλόμενονς
1149 4447 1271 4500 Ἐπὶ
1308 4446 1406 4517 μὲν
1440 4446 1547 4517 γὰρ
1587 4443 1680 4497 τοῦ
1718 4442 1785 4515 μὴ

1897 4455 2098 4511 dixerit
2149 4454 2206 4509 in
2246 4467 2312 4509 eo
2359 4468 2551 4508 verum
2595 4449 2779 4506 dicere
2829 4447 3180 4511 Eunomium,
3212 4444 3376 4500 etiam
3430 4444 3476 4499 si

227 4537 427 4607 εἰοιιτος
451 4543 665 4597 οἴκοθεν
694 4542 793 4613 τὴν
823 4541 1001 4609 δόξαν,
1033 4540 1235 4607 κυρίως
1260 4540 1294 4611 ἠ
1333 4538 1616 4609 μετάδοσις
1648 4536 1795 4605 λέγε-

229 4646 327 4698 ται,
364 4622 410 4702 ᾧ
439 4635 504 4691 τὸ
521 4635 665 4707 ἔχειν
696 4633 959 4704 ἑτέρωθεν
981 4632 1331 4704 προσγίνεται
1350 4631 1450 4684 οὐκ
1470 4632 1533 4684 ἐκ
1554 4628 1791 4700 φύσεωςθ

227 4721 349 4778 δπου
383 4728 438 4782 δὲ
479 4729 579 4799 μία
609 4726 703 4780 καὶ
750 4727 785 4796 ἡ
825 4720 962 4796 αὑτὴ
992 4721 1467 4794 καταλαμβάνεται
1510 4720 1689 4791 φύσις,
1728 4721 1790 4774 οὐ

224 4818 400 4890 χρῄζει
428 4820 523 4875 τοῦ
552 4817 676 4875 καθ’
709 4817 940 4872 ἕκαστον
975 4815 1340 4887 μεταδιδόντος
1378 4817 1407 4869 6
1448 4817 1622 4870 ἐκεῖνο
1654 4813 1791 4869 κατά

219 4910 307 4981 τὴν
334 4914 501 4981 φύσιν
525 4912 622 4977 ὢν,
643 4913 783 4981 ὅπερ
807 4910 836 4962 6
867 4908 1051 4980 Πατὴρ
1086 4903 1225 4961 εἶναι
1252 4905 1625 4960 mnia-rantur
1658 4905 1794 4974 μᾶ).-

215 5000 297 5055 ὶῡν
321 5005 379 5060 δὲ
410 5001 763 5076 τρανιὶιτερόν
808 5018 866 5055 τε
908 5004 999 5055 καὶ
1029 4999 1406 5073 φανερώτερον
1421 5002 1618 5062 εἰπεῖν,
1635 4999 1793 5066 Ἔχει

210 5096 380 5160 καλῶς
440 5096 512 5149 Τί
547 5095 738 5167 χρῄζει
769 5093 867 5164 τῆς
895 5092 993 5147 τοῦ
1029 5090 1237 5161 Πατρὺς
1266 5088 1422 5159 δόξης
1449 5088 1478 5139 ὁ
1507 5087 1626 5141 ὅλον
1656 5086 1794 5157 ἔχων

203 5187 473 5258 tata-4:1?)
508 5187 601 5240 τὸν
650 5184 911 5256 Πατέρα,
968 5181 1181 5244 οὐδε-ιδς
1231 5180 1339 5233 τῶν
1386 5181 1445 5231 ὲν
1498 5176 1576 5249 τῷ
1620 5178 1794 5249 Πατρὶ

200 5278 601 5352 θεωρουμένων
635 5277 1024 5350 ὑφῃρημένους
1060 5274 1144 5338 τίς
1182 5272 1239 5327 δὲ
1274 5272 1365 5326 καὶ
1399 5275 1430 5341 ὴ
1465 5269 1559 5325 τοῦ
1589 5266 1790 5324 Παντο-

196 5374 477 5444 ιρὰτορος
522 5370 671 5435 ἀξία,
727 5366 792 5441 ἧς
841 5369 1106 5440 ἀμέτοχον
1155 5368 1183 5418 6
1231 5363 1490 5435 Εὑνόμιος
1540 5364 1628 5416 τὸν
1666 5363 1792 5416 Υίὸν

187 5462 609 5535 inquiunt;
650 5461 959 5529 λεγέτωσαν
995 5461 1091 5530 μὲν
1120 5454 1208 5511 οὖν
1239 5458 1286 5509 οἱ
1319 5456 1468 5525 σοξοὶ
1513 5457 1637 5527 παρ’
1668 5457 1792 5509 ἐαυ-

264 5675 549 5731 “ond.
627 5690 810 5735 xxuv,
882 5675 971 5729 '55.
1066 5673 1111 5706 δ’
1157 5673 1314 5728 Joan.
1396 5689 1447 5732 ν.
1489 5670 1577 5726 Η.

1675 5670 1722 5703 ’θ
1761 5669 1950 5726 Matth.
1991 5686 2085 5735 vn,
2143 5669 2195 5724 8.

1899 4545 2081 4603 nolit?
2129 4544 2265 4600 Nam
2300 4543 2523 4615 proprie
2560 4538 2986 4598 communicatio
3024 4537 3141 4594 sive
3178 4535 3479 4607 impertitio

1897 4636 2101 4693 dicitur
2127 4635 2196 4692 de
2241 4651 2306 4693 eo
2337 4635 2429 4707 qui
2456 4649 2487 4689 e
2533 4632 2698 4689 domo
2726 4629 2956 4701 gloriam
2998 4643 3107 4683 non
3146 4627 3341 4682 habet:
3389 4624 3478 4679 cui

1897 4729 2116 4786 aliunde
2152 4728 2352 4784 habere
2399 4740 2504 4781 non
2543 4740 2610 4780 ex
2646 4732 2839 4778 natura
2870 4719 3210 4775 adnoscitur.
3242 4713 3348 4773 Sed
3385 4714 3478 4768 ubi

1897 4836 2006 4876 una
2028 4818 2329 4889 eademque
2352 4827 2546 4873 natura
2574 4812 3080 4885 comprehenditur,
3106 4824 3215 4865 non
3250 4806 3475 4877 indiget,

1895 4919 1955 4967 ut
1988 4910 2093 4968 sibi
2132 4909 2411 4982 sigillatim
2455 4905 2843 4972 communicet,
2875 4902 2965 4973 qui
3001 4900 3132 4956 illud
3160 4908 3245 4956 est
3278 4913 3477 4955 secun-

1894 5003 2022 5057 dum
2073 5010 2346 5063 naturam,
2391 4997 2539 5068 quod
2586 4996 2806 5068 quidem
2858 4994 3019 5050 Pater
3053 5009 3177 5049 esse
3210 4990 3472 5047 creditur.

1895 5094 2007 5147 lmo
2057 5106 2185 5146 vero
2232 5091 2439 5147 certius
2484 5099 2538 5143 et
2586 5086 2933 5142 manifestius
2976 5080 3477 5140 dicere:Pr:eolare

1894 5186 2075 5239 liabet.
2105 5181 2247 5250 Quid
2280 5181 2456 5236 Patris
2492 5181 2662 5250 gloria
2704 5178 2929 5250 indiget,
2966 5177 3058 5248 qui
3099 5176 3154 5230 in
3181 5176 3361 5245 seipse
3389 5179 3477 5227 to-

1899 5287 2010 5331 tum
2060 5274 2274 5331 Patrem
2323 5273 2522 5327 habet:
2573 5288 2696 5326 cum
2731 5285 2762 5326 a
2811 5269 2984 5324 nihilo
3031 5264 3219 5322 eorum
3260 5279 3381 5338 quae
3419 5264 3474 5319 in

1900 5354 2061 5420 Patre
2091 5364 2466 5435 intelliguntur
2494 5364 2564 5417 sit
2610 5362 2831 5416 avulsus
2880 5368 2934 5413 et
2959 5356 3280 5429 separatus?
3319 5346 3477 5423 Qua:-

1901 5472 2023 5512 nam
2057 5454 2464 5527 Omnipotcntis
2508 5454 2762 5524 dignitas,
2813 5451 2972 5522 cujus
3023 5457 3295 5506 exsortem
3352 5464 3476 5504 esse

2292 5669 2335 5700 "
2390 5664 2688 5738 Philippm,
2724 5661 2805 5718 ιι.
2907 5663 2952 5693 ⁸³
2990 5658 3148 5717 Joan.
3191 5674 3325 5725 xvn,
3383 5656 3474 5711 to.

184 5748 242 5781 ⁸⁸
276 5746 474 5803 ﬂebr.
524 5761 565 5808 ι.
603 5744 695 5798 25.
770 5747 818 5776 “
853 5748 973 5799 Aet.
1021 5759 1083 5803 tt.
1128 5745 1214 5797 Π.
1290 5744 1336 5776 ⁸⁵
1374 5741 1508 5800 ιοοι.
1554 5757 1615 5810 ιι,
1659 5743 1751 5800 28.

1912 5739 2070 5798 Joan.
2109 5758 2153 5815 ι,
2185 5737 2272 5795 18.

562 5835 828 5895 Parnm"
865 5834 982 5896 Gn.
1016 5835 1207 5898 XLV.

3058 5820 3136 5884 17
