4032 6208
718 252 822 303 59.3
1970 246 2023 301 S.
2060 241 2310 299 (RREGOI

2207 240 2383 299 uenit
2419 240 2713 298 NYSSENI
3190 194 3193 196 6
3756 232 3799 287 se

715 358 913 414 Filium
946 358 1247 416 Eunomins
1276 362 1546 418 aﬂirmat?
1575 364 1678 431 Qui
1711 366 1874 436 igitur
1895 369 2037 436 apud
2064 365 2276 435 seipsos

2207 381 2276 419 .os
2308 365 2352 421 Α
2379 366 2521 425 τοῖς,
2571 363 2665 417 καὶ
2718 360 2946 414 ἐνώπιον
3000 360 3173 416 αὐτῶν
3227 359 3583 426 ἐπιστήμονες,
3629 351 3680 404 τὰ
3718 352 3799 421 vi}

718 458 847 505 sunt
885 454 1180 522 sapientes,
1213 463 1265 508 et
1294 470 1476 510 coram
1519 459 1714 527 seipsis
1741 437 1996 521 scientes.
2029 455 2310 513 terrestria

2208 455 2314 512 tria
2377 436 2626 526 ’δόγματα
2646 474 2659 485 ·
2699 455 2770 519 oi,
2808 452 2990 518 καθώς
3023 468 3186 524 φησιν
3215 452 3243 503 6
3277 450 3561 521 Προφήτης.
3587 447 3636 497 ἐκ
3654 443 3734 512 γῆς
3764 461 3799 509 φ(

725 544 1001 612 proferant
1050 545 1343 616 dogmata:
1399 550 1512 619 qui.
1562 553 1704 606 sicut
1753 551 1830 605 ait
1883 552 2171 622 propheta,
2222 568 2285 605 ex

2222 568 2285 605 ex
2387 549 2621 609 νοῦντες.
2664 547 2815 599 Ὅσοι
2859 544 2914 597 δὲ
2949 543 3356 614 προσκυνοῦμεν
3389 534 3645 604 τδνΛύγον,
3675 534 3749 586 καὶ
3778 552 3798 585 τ

725 646 866 688 terra
910 651 1096 691 vocem
1129 638 1317 693 edunt.
1367 639 1476 695 Nos
1521 658 1648 696 vero
1689 645 1782 713 qui
1809 639 2061 697 Verbum‘
2095 644 2260 696 adora

2207 657 2260 694 ra
2390 638 2644 709 ἀληθείας
2687 637 2850 708 ἐσμὲν
2880 637 3148 708 μαθηταὶ,
3188 633 3383 705 μᾶλλον
3416 631 3466 683 δὲ
3496 625 3605 681 εἶναι
3629 623 3799 695 εύχόμεε

728 742 869 782 tntis.
905 735 958 781 et
992 731 1239 788 veritatis
1281 748 1473 788 sumus
1510 733 1787 801 discipuli,
1847 734 1955 787 imo
2007 749 2133 787 vero
2166 747 2288 786 esse

2205 747 2288 786 sse
2397 731 2530 802 μηδὲ
2571 729 2773 800 ταύτην
2809 729 3254 800 παραδράμωμεν
3285 723 3385 794 τὴν
3417 720 3571 791 φωνὴν
3601 717 3797 787 ἀθεώρητ

727 818 1059 887 gloriamur;
1103 838 1276 892 neque
1324 823 1465 877 hanc
1524 838 1707 878 vocem
1744 838 1850 878 non
1889 820 2183 894 perfectam
2240 827 2295 874 et

2240 827 2295 874 et
2395 801 2614 889 οἰδαμεν
2634 818 2741 889 γὰρ
2765 819 2845 870 ὅτι
2861 817 3074 870 πάντων
3096 814 3202 867 τῶν
3228 812 3515 882 ὀνομάτων,
3534 809 3588 862 δι’
3606 801 3666 860 ὧν
3684 806 3731 858 τί)
3749 806 3799 857 Θε

727 911 1118 980 inexploratam
1173 924 1556 984 prmlereamus
1608 936 1621 967 :
1678 915 1883 971 scimus
1943 914 2085 969 enim
2149 909 2294 982 quod

2207 909 2294 965 tod
2397 910 2809 980 διασημαίνεται
2828 949 2842 971 ,
2876 908 2996 961 τινὰ
3031 906 3131 975 μὲν
3160 901 3455 983 ἐνδεικτικᾶ
3480 900 3564 969 τῆς
3586 898 3708 959 Θείας
3738 913 3799 965 με

728 1002 972 1056 omnium
1030 1006 1311 1059 nominum
1380 1007 1580 1076 quibus
1636 1006 1843 1061 Numen
1913 1002 2293 1075 signiﬁcatur.

2174 1011 2252 1055 Lttr
2279 1041 2293 1065 ,
2399 999 2645 1069 λωσύνης
2692 1000 2857 1061 ἐστὶν,
2894 996 3032 1050 αὐτὰ
3072 996 3158 1064 ἐφ’
3189 992 3399 1046 ἑαυτῶν
3446 988 3673 1059 λεγόμενά
3720 1004 3766 1038 τε

730 1093 976 1162 quaedam
1046 1104 1192 1149 certe
1261 1104 1387 1149 sunt
1463 1096 1658 1150 divina:
1711 1093 2011 1163 maiestatis
2075 1090 2299 1145 demon-

2190 1107 2299 1143 IOII-
2402 1090 2691 1161 νοούμενα’
2726 1089 2845 1141 τινὰ
2875 1089 2925 1141 δὲ
2953 1090 3069 1150 ταῖς
3100 1086 3238 1156 ὑπὲρ
3272 1085 3417 1155 ἡμᾶς
3447 1099 3499 1133 τε
3529 1080 3605 1132 καὶ
3636 1080 3782 1131 πᾶσαν

733 1186 999 1249 strativa,
1060 1202 1180 1258 qua:
1241 1188 1354 1257 ipsa
1431 1186 1484 1240 in
1558 1186 1866 1257 semetipsis
1935 1184 2192 1238 dicuntur
2250 1191 2301 1234 et

2250 1191 2301 1234 et
2405 1181 2580 1234 κτίσιν
2619 1180 2917 1250 ἐνεργείαις
2955 1175 3366 1246 ἐπονομάζεται.
3412 1173 3562 1225 Ὅταν
3599 1169 3682 1239 μὲν
3707 1167 3799 1236 γᾶρ

733 1275 1151 1344 intelliguntur:
1206 1277 1450 1345 quaedam
1504 1292 1634 1331 vero
1669 1292 1731 1330 ex
1767 1277 1849 1329 his
1896 1272 2303 1345 operationibus

2207 1273 2303 1327 bus
2405 1292 2492 1345 γει
2541 1275 2569 1325 ὁ
2617 1271 2755 1334 Θείος
2798 1269 3149 1332 Ἀπόστολος,
3200 1265 3489 1336 ἀφθάρτῳ,
3530 1259 3730 1329 ἀοράτῳ,
3781 1274 3799 1325 μ

734 1382 859 1436 quae
891 1374 1112 1438 propter
1153 1384 1251 1423 nos
1279 1376 1333 1423 et
1361 1384 1574 1423 omnem
1601 1377 1905 1421 creaturam
1940 1366 2098 1429 liunt,
2136 1364 2304 1417 deno-

2184 1379 2304 1417 eno-
2409 1362 2557 1434 σοφῷ
2601 1360 2739 1432 Θεῷ,
2790 1360 2883 1413 καὶ
2925 1360 2993 1412 τὰ
3040 1354 3285 1420 τοιαῦτα,
3336 1353 3404 1408 τὰ
3447 1346 3776 1421 παραστατικὸ.

737 1461 1036 1514 minantur.
1061 1459 1195 1514 Cum
1224 1461 1371 1515 enim
1406 1459 1538 1515 dicit
1590 1459 1814 1514 divinus
1870 1456 2186 1527 Apostolus,
2222 1454 2307 1507 in-

2222 1454 2307 1507 in-
2410 1452 2807 1525 ὑπερκειμένης
2842 1450 3123 1521 δυνάμεως
3152 1448 3396 1518 νοήματα
3428 1442 3510 1496 διὰ
3545 1440 3638 1494 τῶν
3671 1439 3799 1507 ὀνομς

739 1550 1103 1619 corruptibili,
1136 1550 1421 1616 invisibili,
1452 1551 1551 1605 soli
1593 1548 1824 1620 sapienti
1858 1547 1968 1601 Deo
1995 1546 2063 1607 δ’,
2097 1552 2150 1600 et
2189 1558 2309 1612 qua:

2189 1558 2309 1612 qua:
2412 1548 2612 1602 τούτων
2671 1544 3021 1598 ἐνδείκνυται.
3074 1542 3241 1594 Ὅταν
3309 1539 3364 1590 δὲ
3413 1535 3608 1603 λέγεται
3652 1531 3780 1599 παρὰ

740 1640 1046 1710 ejusmodi:
1108 1657 1204 1711 per
1232 1642 1344 1697 haec
1379 1641 1601 1696 nomina
1658 1639 1909 1694 notiones
1946 1652 2069 1708 quae
2129 1649 2307 1704 super

2181 1649 2307 1704 tpet“
2346 1698 2383 1711 _
2414 1637 2665 1709 Γραφῶν,
2699 1633 2999 1706 οἰκτίρμων
3056 1630 3149 1683 καὶ
3191 1628 3454 1698 ἐλεήμων,
3493 1622 3773 1711 πολυέλεος,

742 1730 1066 1786 eminentem
1104 1731 1401 1801 potentiam
1456 1738 1873 1802 repraesentant,
1928 1725 2308 1784 ostenduntur.

2206 1698 2308 1780 tur.
2346 1698 2385 1752 Β
2416 1698 2579 1792 οίνδέ,
2609 1698 2860 1798 Χριστὸς,
2884 1698 3115 1792 ⁷Κύριος,
3156 1717 3359 1790 ἰατρὸς,
3384 1713 3590 1785 ποιμὴν,
3621 1710 3744 1772 666;.
3766 1707 3798 1760 ᾶ

741 1822 877 1876 Cum
937 1832 1117 1878 autem
1181 1824 1234 1878 in
1289 1823 1589 1895 Scripturis
1631 1823 1964 1886 misericors,
2006 1822 2314 1883 miserator,

2202 1827 2314 1883 101°,
2416 1822 2588 1893 πηγὴ,
2616 1817 2886 1890 βασιλεὺς,
2912 1813 3155 1882 κτίστης,
3186 1806 3525 1883 δημιουργὸς,
3548 1805 3794 1895 ὑπερασπι

746 1918 976 1971 multum
1008 1918 1347 1982 misericors,
1376 1932 1560 1980 verax,
1593 1915 1870 1980 Christus,
1905 1913 2186 1975 Dominus,
2214 1925 2321 1965 me-

2214 1925 2321 1965 me-
2417 1916 2446 1968 6
2472 1915 2564 1968 ἐπὶ
2592 1912 2808 1966 πάντων
2836 1907 2932 1961 καὶ
2969 1905 3056 1959 διὰ
3088 1904 3322 1965 πάντων,
3355 1901 3384 1952 6
3421 1900 3475 1952 ἐν
3502 1899 3621 1951 πᾶσι
3651 1894 3711 1948 τὰ
3749 1909 3799 1944 πε

745 2007 921 2069 dicus,
951 2015 1160 2078 pastor,
1196 2008 1300 2066 via,
1332 2007 1509 2076 panis,
1558 2005 1702 2069 fons,
1763 2021 1879 2068 rex,
1920 2009 2155 2066 creator,
2189 2015 2320 2056 con-

2207 2015 2320 2056 300-
2419 2006 2590 2060 ταῦτα
2628 2004 2722 2058 καὶ
2758 2002 2826 2056 τὰ
2868 1997 3088 2054 τοιαῦτα
3131 1993 3239 2049 τῶν
3280 1994 3337 2045 ἐν
3382 1992 3448 2062 τῇ
3486 1987 3647 2042 κτίσει
3687 1982 3799 2055 παρέ

747 2100 911 2163 diter,
940 2077 1242 2171 protector,
1278 2107 1675 2169 propugnator,
1708 2096 1799 2168 qui
1832 2104 1915 2152 est
1960 2095 2013 2149 in
2042 2093 2318 2155 omnibus,

2207 2098 2318 2155 illis.
2422 2097 2567 2162 Θείας
2602 2091 3009 2166 φιλανθρωπίας
3048 2084 3453 2159 ἐνεργουμένων
3485 2078 3710 2151 περιέχει
3735 2077 3799 2171 τὴ

748 2201 801 2246 et
855 2170 955 2260 per
980 2191 1185 2249 omnia,
1222 2190 1313 2259 qui
1343 2190 1396 2243 in
1430 2189 1684 2245 omnibus
1715 2187 1918 2253 omnia,
1960 2187 2074 2242 hzec
2098 2192 2152 2240 et
2179 2186 2322 2253 ejus-

2192 2186 2322 2253 Bitls'
2424 2208 2606 2260 φασιν.
2626 2188 2700 2241 T6
2726 2187 2903 2241 τοίνυν
2933 2182 3025 2236 τοῦ
3053 2176 3483 2247 παντοκράτορος
3506 2173 3664 2242 ὄνομα
3682 2170 3784 2230 τοῖς

750 2282 895 2337 modi
924 2296 1112 2336 eorum
1148 2297 1269 2351 qua:
1293 2280 1348 2334 in
1375 2290 1625 2335 creatura
1653 2295 1682 2333 a
1714 2279 1899 2333 divina
1931 2278 1985 2332 in
2020 2293 2193 2348 genus
2221 2278 2322 2331 hu-

2221 2278 2322 2331 ίιιι·
2425 2284 2533 2347 ϐὡς
2562 2282 2900 2348 ἐξετάζουσιν
2928 2277 3269 2349 εὑρίσκεται,
3294 2274 3367 2346 μὴ
3400 2270 3523 2325 ἄλλο
3547 2285 3594 2321 τι
3617 2265 3799 2336 σημαῖν

753 2389 975 2427 manum
1004 2373 1383 2429 benevolentia
1420 2372 1758 2435 eﬂieiuntur,
1816 2371 2086 2424 illustrem
2145 2369 2325 2425 conti-

2207 2369 2325 2423 ἠιῖ·
2425 2380 2523 2448 τῆς
2541 2376 2688 2438 Θείας
2705 2372 3004 2443 δυνάμεως,
3023 2368 3130 2440 ἢτὸ
3152 2367 3288 2439 πρός
3309 2365 3360 2419 τί
3384 2381 3496 2426 πως
3514 2361 3648 2431 ἔχειν
3668 2357 3757 2428 τὴν
3774 2373 3799 2407 κ

755 2477 887 2520 nent
936 2463 1412 2535 significationem.
1463 2461 1644 2527 Quare
1697 2460 2083 2515 omnitenentis
2129 2473 2325 2513 nomen

2203 2474 2325 2513 me"
2426 2467 2585 2537 τικὴν
2612 2463 2716 2519 τῶν
2751 2464 2806 2515 ἐν
2831 2463 2895 2532 τῇ
2927 2459 3101 2513 κτίσει
3123 2455 3508 2527 θεωρουμένων
3528 2449 3791 2520 ἐνέργειαν

756 2556 974 2626 penitus
1012 2566 1065 2611 et
1097 2564 1290 2611 exacte
1314 2555 1729 2625 exquirentibus
1761 2569 1867 2608 non
1902 2551 2045 2606 aliud
2089 2551 2219 2622 quid
2273 2551 2328 2604 in

2206 2551 2219 2605 Ι
2273 2551 2328 2604 in
2432 2536 2865 2627 παντοκράτορος
2919 2549 3157 2621 ἔμφασις
3212 2542 3615 2599 ὑποδείκνυσιν·
3655 2536 3798 2589 ὦστιε

756 2648 940 2703 divina
987 2648 1228 2718 potentia
1276 2646 1587 2717 signiﬁcare
1633 2647 1940 2704 invenitur.
1992 2659 2152 2714 quam
2187 2641 2330 2713 quod

2207 2641 2330 2713 l"0d
2430 2651 2531 2705 οὐκ
2560 2647 2624 2703 ἂν
2654 2645 2835 2716 ἰατρὸς
2864 2639 2931 2714 ἦν
2970 2643 3019 2694 εἰ
3069 2640 3143 2711 μὴ
3191 2637 3300 2691 τῶν
3336 2633 3624 2689 νοσούντων
3667 2630 3799 2699 χάριε

760 2741 851 2794 illa
882 2740 964 2795 vis
987 2746 1042 2794 et
1070 2739 1336 2809 operatio,
1360 2753 1481 2808 quze
1512 2737 1764 2792 universa
1802 2753 1924 2807 quae
1956 2736 2008 2789 in
2059 2735 2333 2789 creatione

2211 2735 2333 2789 ίοιιθ
2434 2743 2499 2797 ἂν
2525 2741 2770 2812 ἐλεήμων
2790 2753 2847 2790 τε
2874 2734 2966 2788 καὶ
2985 2731 3283 2802 οἰκτίρμων
3311 2727 3404 2781 καὶ
3426 2723 3493 2778 τὰ
3513 2720 3731 2776 τοιαῦτα
3758 2737 3799 2771 κς

759 2829 1179 2886 considerantur
1225 2830 1504 2891 continet,
1568 2825 1968 2896 quodammodo
2022 2825 2088 2879 ad
2129 2823 2330 2893 aliquid

2206 2823 2330 2893 (Ιυίί1
2440 2836 2658 2906 μάζετο,
2702 2832 2750 2883 εἰ
2783 2827 2857 2900 μὴ
2890 2826 2976 2880 διὰ
3001 2824 3089 2878 τὸν
3124 2817 3406 2892 οἰκτιρμοῦ
3436 2834 3494 2869 τε
3526 2815 3619 2869 καὶ
3651 2812 3794 2866 ἐλέου

763 2921 1013 2979 refertur.
1052 2919 1167 2975 Hoc
1194 2917 1582 2975 omnitenentis
1617 2918 1858 2975 ostendit
1886 2916 2118 2971 illustris
2152 2916 2333 2989 appel-

2207 2916 2333 2985 Ψθί·
2438 2905 2556 2979 νον·
2589 2923 2758 2985 οὕτως
2784 2919 2901 2973 οὐδὲ
2944 2914 3335 2987 παντοκράτωρ
3357 2952 3370 2974 ,
3402 2910 3451 2962 εἰ
3484 2907 3558 2979 μὴ
3591 2908 3739 2959 πᾶσα
3765 2905 3799 2973 ἡ

764 3016 892 3070 latio
912 3004 933 3078 ’;
961 3010 1418 3085 quemadmodum
1450 3011 1594 3065 enim
1625 3009 1870 3065 medicus
1906 3023 2013 3063 non
2046 3016 2194 3063 esset
2225 3009 2331 3063 nisi

2185 3022 2194 3061 ι
2225 3009 2331 3063 11ίεὶ
2365 3032 2405 3086 c
2437 3016 2530 3070 τοῦ
2565 3009 3022 3085 περικρατοῦντος
3052 3005 3218 3075 αὐτὴν
3241 3045 3254 3067 ,
3286 3003 3379 3056 καὶ
3425 3003 3480 3055 ἐν
3522 2997 3602 3069 τῷ
3639 2992 3777 3050 εἶναι

762 3105 1143 3176 :egrotantium
1176 3118 1384 3170 causa;
1419 3117 1593 3173 neque
1624 3102 1933 3165 miserator,
1975 3114 2152 3169 neque
2180 3100 2344 3155 misc-

2207 3100 2344 3155 nise-
2448 3106 2665 3181 ροῦντος
2701 3103 2897 3158 ἐδέετο.
2956 3098 3164 3154 Οὐκοῦν
3211 3096 3398 3167 ὥσπερ
3446 3090 3628 3163 ἰατρὸς
3670 3087 3799 3159 «qn;

768 3198 941 3249 rieors
970 3204 1024 3250 et
1044 3209 1165 3266 quae
1194 3201 1326 3249 sunt
1351 3192 1645 3265 ejusmodi,
1681 3192 2188 3261 cognominaretur,
2240 3194 2344 3249 nisi

2240 3194 2344 3249 nisi
2444 3178 2543 3269 τῆς
2580 3193 2873 3267 Θεραπείας
2914 3191 3143 3261 γίνεται,
3186 3184 3454 3241 οῦτωκαὶ
3504 3178 3799 3249 παντοκρὰε

768 3296 987 3359 propter
1017 3302 1144 3342 eum
1170 3287 1267 3359 qui
1296 3286 1648 3343 miseratione
1697 3293 1750 3339 ct
1785 3284 2160 3340 misericordia
2198 3286 2344 3342 indi-

2207 3287 2344 3342 indi—
2447 3290 2697 3363 χρῄζοντι
2720 3285 2814 3340 τοῦ
2837 3280 3187 3357 κρατεῖσθαι·
3225 3280 3319 3332 καὶ
3351 3276 3540 3346 ὥσπερ
3569 3273 3631 3327 οὔ
3663 3270 3799 3342 χρείε

769 3390 899 3451 get:
944 3379 1025 3434 sic
1051 3394 1232 3449 neque
1270 3379 1614 3449 omnipotens
1641 3377 1756 3431 sive
1788 3377 2194 3442 cunctitenens,
2242 3376 2347 3432 nisi

2242 3376 2347 3432 nisi
2569 3380 2618 3432 oi
2660 3375 2932 3447 ἰσχύοντες
2967 3368 3172 3442 ἰατροῦ,
3204 3367 3314 3420 ἀλλ’
3351 3366 3399 3418 οἱ
3433 3362 3623 3424 κακῶς
3660 3361 3799 3430 ἒχονε

770 3478 1022 3526 creatura
1074 3469 1256 3525 omnis
1306 3468 1574 3539 indigeret
1622 3483 1688 3522 eo
1724 3467 1815 3538 qui
1868 3467 2040 3537 ipsam
2100 3474 2351 3538 potenter

2202 3476 2351 3523 enter
2445 3489 2553 3536 τως
2580 3473 2644 3525 ἐκ
2669 3467 2764 3522 τοῦ
2795 3461 3085 3520 ἀκολούθου
3112 3457 3288 3521 καλῶς
3310 3452 3456 3509 ἔστιν
3483 3455 3682 3511 εἰπεῖν,
3718 3467 3794 3520 μη

771 3561 1166 3632 complectatur
1195 3568 1249 3616 et
1277 3561 1331 3614 in
1364 3568 1557 3614 natura
1605 3575 1704 3616 sua
1737 3570 2045 3616 conservet.
2079 3559 2349 3626 Quetnad~

2207 3560 2349 3615 inad.
2449 3560 2771 3637 κρατοῦντος
2798 3552 3019 3630 χρῄζειν
3048 3551 3283 3616 ἐκεῖνον,
3316 3550 3372 3601 ἐν
3398 3540 3443 3615 ᾧ
3471 3545 3535 3597 τὸ
3566 3540 3799 3602 ἀπλανὲς

778 3653 998 3709 modum
1024 3653 1192 3724 igitur
1224 3651 1470 3709 medicus
1513 3652 1573 3707 lit
1596 3653 1647 3707 ei
1678 3653 1772 3723 qui
1812 3652 2096 3708 curatione
2125 3652 2351 3724 indiget,

2203 3652 2351 3724 liget,
2450 3632 2840 3726 ἀμετάπτωτον
2869 3648 2903 3717 ὴ
2941 3643 3101 3716 φύσις
3130 3641 3263 3712 ἔχει.
3294 3635 3503 3693 Οὐκοῦν
3531 3636 3667 3689 ὅταν
3696 3632 3795 3701 τῆς

776 3751 855 3802 sic
887 3747 1234 3818 omnipotens
1268 3745 1383 3800 sive
1430 3744 1816 3802 cunctitenens
1847 3745 1895 3800 ei
1926 3745 2019 3816 qui
2078 3745 2351 3801 contineri

2207 3745 2351 3800 ineri
2451 3724 2680 3814 κράτωρ
2714 3739 2895 3811 φωνῆς
2922 3735 3261 3804 ἀκούσωμεν,
3296 3728 3454 3783 τοῦτο
3485 3724 3799 3818 νοοῦμενηι

776 3847 940 3910 eget;
981 3808 1519 3908 ehquemadmodum
1560 3838 1674 3907 qui
1710 3836 1847 3893 bene
1909 3808 2095 3893 valent
2140 3836 2352 3892 medico

2200 3836 2352 3892 edico
2450 3836 2540 3890 τὸν
2563 3834 2693 3887 Θεὸν
2726 3833 2783 3883 ὲν
2815 3828 2892 3899 τῷ
2931 3821 3068 3878 εἶναι
3099 3820 3360 3890 συνέχειν,
3387 3817 3489 3869 ὅσα
3516 3831 3580 3866 τε
3612 3808 3792 3881 νοτ,τᾶ

778 3904 887 3988 non
917 3904 1054 4004 opus
1078 3904 1327 3995 habent,
1360 3929 1456 3985 sed
1514 3904 1606 4000 qui
1647 3930 1788 3985 male
1834 3929 2039 3984 habent
2065 3930 2133 3982 '3:
2174 3930 2255 3985 sic
2284 3944 2353 3983 ex

2206 3930 2255 3984 ic
2284 3944 2353 3983 ex
2452 3931 2550 4000 τῆς
2583 3925 2771 3994 ὑλικῆς
2807 3924 2922 3975 ἐστι
2960 3916 3192 3987 φύσεως.
3232 3909 3331 3964 Διὰ
3359 3907 3522 3962 τοῦτο
3562 3904 3681 3976 γὰρ
3718 3920 3794 4004 κα

778 4023 1136 4094 consequenti
1169 4022 1430 4094 prmelare
1460 4021 1588 4075 licet
1629 4019 1832 4075 inferre
1877 4035 1984 4075 non
2017 4019 2254 4091 amplius
2288 4019 2356 4073 il-

2207 4036 2254 4073 ts
2288 4019 2356 4073 il-
2454 3995 2618 4090 γῦρον
2656 4017 2754 4085 τῆς
2778 4013 2898 4083 γῆς,
2926 4009 3012 4064 διὰ
3040 4006 3195 4061 τοῦτο
3217 4002 3329 4094 ἔχει
3357 4002 3415 4054 ἐν
3438 4001 3508 4094 τῇ
3538 3996 3696 4094 χειρὶ⁵
3727 3995 3799 4094 τῇ

784 4122 893 4173 lum
921 4116 1237 4173 continente
1266 4115 1381 4171 sive
1428 4122 1792 4170 conservante
1841 4112 2085 4182 indigere
2149 4112 2203 4166 in
2247 4126 2356 4181 quo

2247 4126 2356 4181 quo
2457 4087 2687 4183 πέρατα,
2718 4107 2806 4159 διὰ
2834 4103 2989 4157 τοῦτο
3023 4093 3419 4171 περιλαμϐάνει
3451 4092 3547 4144 τὸν
3580 4087 3797 4160 ούρανό

783 4216 977 4265 natura
1002 4214 1089 4264 est
1125 4207 1349 4262 omnino
1390 4208 1597 4263 erroris
1639 4206 1829 4261 nescia
1860 4214 1913 4261 et
1960 4220 2122 4261 casus
2154 4205 2358 4260 omnis—

2207 4179 2358 4260 nnis—
2457 4179 2626 4273 Οαμῇ,
2664 4199 2749 4253 διὰ
2786 4194 2943 4250 τοῦτο
2973 4188 3295 4262 περιμετρεῖ
3330 4187 3399 4256 τῇ
3446 4182 3604 4253 χειρὶ
3651 4179 3799 4273 «cur.

783 4317 889 4370 que
931 4300 1251 4356 mutationis
1283 4314 1501 4369 expers.
1566 4297 1703 4353 Cum
1755 4298 1920 4368 igitur
1972 4298 2357 4353 cunctitenens

2172 4306 2357 4353 tenens
2458 4295 2616 4348 τοῦτο
2656 4291 2753 4362 τὴν
2789 4286 2983 4357 νοητὴν
3021 4285 3200 4335 πᾶσαν
3240 4277 3416 4332 κτίσιν
3448 4278 3510 4328 ἐν
3561 4270 3764 4341 ἑαυτῷ

788 4391 1180 4461 παντοκράτωρ
1213 4405 1410 4445 nomen
1465 4389 1738 4455 audimus,
1780 4390 1883 4445 hoc
1935 4399 2118 4446 mente
2166 4390 2357 4445 conci-

2207 4390 2357 4445 onci-
2392 4373 2434 4427 Ῑ)
2464 4388 2551 4440 ἴνα
2590 4384 2768 4438 πάντα
2794 4382 2851 4434 ἐν
2887 4377 2966 4448 τῷ
3001 4372 3139 4429 εἶναι
3180 4371 3317 4444 μένῃ
3354 4371 3423 4439 τῇ
3460 4365 3799 4437 περιεκτικῖ

789 4484 1022 4553 piamus,
1055 4497 1249 4549 nempe
1281 4480 1448 4537 Deum
1501 4481 1682 4535 omnia
1713 4483 1765 4536 in
1813 4495 1914 4536 suo
1970 4496 2093 4537 esse
2127 4479 2244 4536 sive
2302 4481 2357 4534 in

1365 4496 1448 4535 um
1501 4481 1682 4535 omnia
1713 4483 1765 4536 in
1813 4495 1914 4536 suo
1970 4496 2093 4537 esse
2127 4479 2244 4536 sive
2302 4481 2357 4534 in
2466 4471 2957 4550 περικρατούμενα.

730 4612 737 4613 γ
790 4589 889 4629 sua
915 4585 1108 4629 natura
1131 4582 1186 4627 et
1220 4572 1456 4628 essentia
1484 4572 1788 4637 continere,
1819 4582 1873 4627 et
1900 4588 2020 4643 qua:
2048 4573 2406 4644 intelligentia
2466 4571 2693 4641 solaque
2717 4571 2901 4622 mente
2930 4566 3253 4625 cernuntur,
3322 4562 3379 4612 et
3439 4567 3578 4625 qua:
3652 4558 3800 4604 mali

790 4678 912 4723 tura
944 4675 1218 4723 constant.
1244 4664 1479 4735 Ideoque
1525 4673 1687 4720 terra:
1738 4680 1927 4736 gyrum
1995 4664 2109 4720 sive
2164 4669 2352 4722 orbem
2385 4665 2651 4727 continet,
2686 4669 2908 4731 propter
2947 4657 3052 4711 hoc
3090 4655 3146 4708 in
3214 4664 3380 4706 manu
3432 4646 3620 4702 habet
3699 4651 3799 4697 ter

792 4772 1010 4835 propter
1040 4762 1281 4816 eamdem
1313 4776 1534 4815 causam
1582 4760 1778 4815 emtum
1821 4760 1998 4831 palmo
2037 4761 2421 4830 complectitur
2445 4763 2516 4825 ",
2545 4766 2766 4831 propter
2804 4759 2907 4810 hoc
2941 4752 3122 4823 ipsum
3192 4760 3393 4818 aquam
3466 4756 3663 4797 manu
3739 4751 3800 4792 Ct

794 4833 1134 4927 reg—propter
1173 4852 1405 4923 idipsum
1437 4868 1673 4935 omnem
1730 4856 2108 4923 iueorpoream
2148 4863 2204 4909 et
2249 4856 2352 4911 sub
2390 4852 2809 4926 intelligentiam
2840 4846 3123 4904 cadentem
3160 4849 3477 4898 creaturam
3550 4836 3617 4890 in
3708 4833 3800 4888 sei

796 4925 1099 5015 prehendit,
1135 4949 1191 4996 ut
1213 4942 1395 4996 omnia
1422 4930 1475 4996 in
1511 4959 1610 4996 suo
1637 4959 1757 4998 esse
1790 4944 1903 4998 sive
1933 4960 1982 4997 ιιι
2016 4959 2115 4998 sua
2153 4951 2349 4999 natura
2391 4925 2648 5000 maneant
2689 4939 2931 5013 potentia
3003 4930 3488 5004 comprehensi“.
3568 4925 3707 4980 Sive
3761 4937 3796 4976 (ἲ

796 5032 1191 5103 comprehensa
1223 5040 1276 5087 et
1313 5043 1589 5088 contenta.

867 5126 1001 5193 Quis
1025 5125 1189 5197 igitur
1215 5125 1260 5180 is
1285 5126 1355 5181 sit
1377 5127 1471 5196 qui
1494 5128 1677 5180 omnia
1715 5128 1766 5180 in
1800 5129 2057 5184 omnibus
2082 5136 2366 5198 operatur,

2207 5136 2366 5192 'atur,
2544 5126 2640 5189 Τίς
2681 5118 2773 5178 οῦν
2812 5124 2840 5176 6
2871 5121 3047 5176 πάντα
3080 5118 3136 5171 ἐν
3178 5116 3345 5169 πᾶσιν
3384 5106 3687 5179 ἐνεργῶν,
3740 5104 3799 5169 ἐξ

798 5217 1161 5290 inquit-amns.
1212 5217 1347 5284 Quis
1394 5229 1477 5275 est
1522 5219 1615 5290 qui
1672 5221 1854 5274 omnia
1894 5221 2041 5287 fecit,
2097 5220 2217 5275 sine
2262 5234 2372 5290 quo

2207 5237 2217 5274 ι
2262 5234 2372 5290 quo
2478 5218 2573 5282 Τίς
2617 5217 2646 5269 6
2674 5214 2852 5269 πάντα
2884 5213 3134 5283 ποιήσας,
3164 5202 3224 5262 οὗ
3261 5203 3431 5277 χωρὶς
3460 5199 3591 5255 τῶν
3622 5198 3799 5290 νῦντω

802 5289 936 5368 nihil
988 5327 1179 5369 eorum
1228 5327 1348 5382 qum
1407 5320 1538 5368 sunt
1568 5316 1822 5369 constat?
1879 5312 2015 5379 Quis
2049 5320 2135 5369 est
2177 5314 2232 5367 in
2264 5289 2375 5382 quo

2207 5328 2232 5366 rt
2264 5289 2375 5382 quo
2422 5372 2429 5379 _
2477 5309 2607 5376 δέν;
2643 5306 2737 5370 Τίς
2765 5308 2909 5360 ἐστιν
2946 5305 3003 5358 ἐν
3036 5294 3080 5370 ᾧ
3108 5299 3177 5354 τὰ
3211 5298 3385 5352 πάντα
3424 5289 3721 5359 ἐκτίσθη,
3779 5306 3799 5342 >

804 5411 932 5458 sunt
962 5404 1145 5459 omnia
1175 5403 1415 5468 condita,
1438 5412 1493 5459 et
1521 5405 1573 5458 in
1601 5418 1709 5475 quo
1738 5420 1858 5475 quae
1883 5412 2012 5460 sunt
2043 5417 2372 5473 permanen-

2173 5417 2372 5458 aanen-
2481 5401 2607 5455 ὄντα
2633 5400 2730 5471 τὴν
2766 5397 3021 5470 διαμονὴν
3050 5394 3191 5465 ἔχεις
3245 5391 3334 5445 Ἐν
3373 5386 3488 5441 τίνι
3537 5383 3765 5454 ζῶμεν

807 5495 939 5548 tiam
971 5494 1218 5551 habent?
1260 5494 1316 5547 ln
1352 5510 1459 5563 quo
1516 5495 1770 5561 vivimus,
1822 5510 2122 5558 movemur,
2180 5501 2233 5548 et
2290 5507 2380 5547 su-

2193 5501 2233 5547 at
2290 5507 2380 5547 su-
2489 5490 2627 5562 μεϐα
2663 5492 2756 5544 καὶ
2787 5489 2979 5562 ἐσμέν;
3002 5488 3095 5551 Τίς
3136 5488 3163 5541 ὀ
3187 5484 3254 5538 τὰ
3290 5481 3469 5536 πάντα
3504 5478 3679 5549 ἔχων
3714 5477 3785 5529 ἐν

872 5671 923 5703 ³⁷
963 5672 987 5728 ι
1022 5672 1262 5735 Timoth.
1291 5691 1337 5746 ι,
1374 5675 1459 5732 17.
1532 5675 1581 5709 ⁸⁸
1616 5673 1810 5731 Matth.
1847 5687 1924 5740 ιχ,
1964 5670 2046 5729 12.
2122 5671 2170 5705 ⁸⁸
2206 5672 2309 5730 lsa.
2345 5668 2525 5738 xt,i‘2.
