4032 6208
268 431 292 482 6
316 422 610 494 Harijpéxzt;
636 414 740 488 ἆρα
762 417 1065 486 ἀγνοοῦμεν
1096 417 1174 471 ἔτι
1203 417 1289 471 διὰ
1312 417 1419 471 τῶν
1445 416 1764 489 εἰρημένων,
1800 417 1837 471 Α

268 522 343 575 τὸν
365 518 439 572 ἐπὶ
464 516 648 570 πάντων
667 512 796 566 Θεὸν
827 513 914 566 τὸν
943 513 1049 566 ὑπὸ
1086 514 1176 567 τοῦ
1206 514 1417 568 Παύλου
1450 514 1621 576 οὕτως
1650 515 1765 566 ὀνο-

268 609 536 681 μαζόμενον,
559 604 639 657 τὸν
671 603 873 674 Κύριον
907 603 1062 675 ἡμῶν
1114 605 1323 674 Ἰησοῦν
1361 604 1452 657 τὸν
1491 603 1763 674 Χριστόν;

269 702 345 760 Ὃς
372 697 518 750 πάντα
545 696 598 748 ὲν
635 696 698 765 τῇ
731 694 879 766 χειρὶ
916 694 983 748 τά
1021 693 1114 748 τοῦ
1148 694 1362 766 Πατρδς
1393 693 1550 765 ἔχων,
1585 692 1768 755 καθὼς

265 789 390 851 αὐτός
420 803 559 856 φησι,
588 785 998 857 περιδέδρακται
1033 786 1244 849 πάντως
1277 784 1364 838 διὰ
1394 786 1492 855 τῆς
1525 783 1765 854 πολνχών

264 898 337 951 ρον
378 877 517 931 αὑτοῦ
553 877 801 947 παλάμῃς
853 876 962 931 τῶν
1000 878 1214 932 πάντων
1236 915 1251 940 ,
1291 877 1385 930 καὶ
1423 879 1616 947 κρατεῖ
1664 873 1767 927 τῶν

263 968 733 1040 περιδεδραγμένων,
782 967 874 1021 καὶ
923 967 1094 1031 οὐδεὶς
1143 965 1286 1038 αἴρει
1336 968 1401 1020 ἐκ
1448 969 1545 1036 τῆς
1588 964 1767 1035 χειρὸς

260 1060 501 1115 αὐτοῦτοῦ
541 1060 863 1132 κρατοῦντος
914 1062 979 1130 τῇ
1048 1060 1192 1130 χειρὶ
1242 1059 1353 1112 τῶν
1413 1058 1660 1122 πάντων;
1707 1055 1768 1109 Εἰ

259 1148 331 1204 οὖν
368 1154 512 1205 πάντα
543 1152 674 1222 ἔχει,
728 1152 822 1205 καὶ
870 1153 1067 1221 κρατεί
1110 1143 1186 1204 ὧν
1228 1150 1362 1220 ἔχει,
1397 1149 1450 1201 τί
1499 1148 1626 1203 ἄλλο
1675 1147 1770 1200 καὶ

255 1242 349 1310 οὐχὶ
394 1240 792 1310 παντοκράτωρ
845 1242 1065 1304 πάντως
1119 1242 1287 1304 ἐστὶν,
1332 1241 1360 1293 6
1398 1239 1616 1310 κρατῶν
1660 1240 1769 1291 τῶν

256 1332 451 1394 πάντωνς
497 1332 554 1382 Εἰ
592 1329 653 1383 δὲ
701 1330 850 1400 λέγοι
889 1332 922 1401 ἡ
966 1330 1176 1401 αἵρεσις
1224 1331 1308 1382 ὅτι
1349 1328 1444 1382 καὶ
1501 1327 1598 1381 τοῦ
1639 1326 1769 1380 Υίοῦ

254 1422 326 1475 καὶ
356 1421 432 1475 τοῦ
460 1420 767 1492 Πνεύματος
798 1423 992 1493 κρατεῖ
1029 1425 1058 1483 6
1111 1421 1335 1491 Πατὴρ,
1376 1417 1593 1489 πρῶτον
1632 1419 1767 1471 ἀπο-

251 1512 520 1577 δειξὰτωσαν
553 1515 637 1567 ὅτι
679 1514 918 1584 τρεπτῆς
951 1516 1066 1566 ὲστι
1103 1513 1317 1581 φύσεως
1345 1514 1374 1564 6
1408 1511 1535 1574 Υἱὸς
1584 1509 1678 1564 καὶ
1709 1510 1771 1563 τὸ

251 1605 430 1674 Πνεῦμα
466 1604 522 1658 τὸ
554 1605 733 1674 ἅγιον,
780 1606 875 1658 καὶ
920 1604 1041 1659 τότε
1078 1604 1174 1657 τὸν
1207 1603 1512 1674 κρατοῦντα
1542 1600 1619 1672 τῷ
1645 1618 1771 1671 τρε-

250 1695 426 1765 ’πταμένῳ
455 1696 899 1767 ὲπιστησάτωσαν
918 1709 931 1723 ·
979 1694 1067 1748 ἵνα
1094 1694 1161 1764 τῇ
1204 1690 1409 1747 ἄνωθεν
1442 1691 1771 1764 ὲγγινομένῃ

249 1751 442 1857 panaria,
472 1787 599 1859 μένῃ
624 1751 692 1839 τὸ
722 1784 1111 1857 κρατούμενον,
1134 1751 1271 1853 πρὸς
1301 1783 1361 1836 τὸ
1380 1751 1549 1836 κακον
1567 1751 1772 1854 ὀιμετάἶ
1809 1751 1847 1805 Β

249 1891 431 1929 πτωτον.
476 1877 534 1930 Ei
583 1878 651 1931 δὲ
704 1877 1053 1938 ἀνεπίδεκτος
1096 1875 1294 1938 κακίας
1335 1877 1368 1945 ἡ
1420 1874 1537 1928 θεία
1575 1874 1771 1944 φύσις,

245 1967 465 2039 ἀτρεπτός
500 1986 554 2023 τε
579 1969 684 2022 καὶ
708 1969 1082 2033 ἀναλλοίωτος,
1117 1969 1210 2021 καὶ
1229 1969 1316 2021 ἀεὶ
1342 1967 1600 2030 ὡσαύτως
1622 1967 1734 2037 ἕχει
1757 1981 1771 1995 ·

244 2061 302 2120 εἰς
326 2060 370 2113 τί
387 2060 470 2114 τοῦ
492 2059 826 2134 κρατοῦντος
847 2059 1188 2131 ὲπιδεὴσεται
1210 2078 1225 2125 ;
1260 2060 1326 2112 Ἡ
1358 2059 1423 2112 δι’
1450 2059 1649 2128 ἑαυτῆς
1671 2059 1778 2112 πᾶ·

246 2165 319 2201 σαν
340 2150 691 2223 ἐπικρατοῦσα
716 2151 812 2222 τὴν
844 2152 1039 2214 κτίσιν,
1068 2150 1205 2221 αὑτὴ
1234 2150 1291 2203 δὲ
1318 2149 1412 2203 τοῦ
1453 2149 1777 2221 κρατοῦντος

245 2241 301 2311 μὴ
319 2242 516 2315 δεομένη
536 2242 630 2297 διὰ
658 2243 719 2296 τὸ
740 2242 1023 2311 ἄτρεπτον.
1053 2240 1150 2294 Διὰ
1175 2240 1330 2294 τοῦτο
1357 2242 1416 2294 ἐν
1451 2240 1529 2311 τῷ
1551 2241 1776 2312 ὀνόματι

242 2331 314 2385 τοῦ
355 2334 568 2405 Χριστοῦ
614 2335 730 2387 πᾶν
786 2333 915 2401 γόνυ
973 2333 1246 2402 κάμπτει,
1300 2333 1639 2402 ἐπουρανίων
1685 2334 1779 2386 καὶ

241 2422 452 2491 ἐπιγείων
481 2424 571 2477 καὶ
620 2420 1018 2491 καταχθονίων.
1062 2421 1137 2474 Οὐ
1179 2421 1287 2493 γάρ
1317 2421 1383 2475 ἂν
1428 2421 1693 2492 ἔκαμψεν,
1730 2423 1779 2474 εί

245 2512 302 2583 μὴ
323 2514 401 2567 τὸν
424 2516 510 2570 ἐπὶ
531 2513 786 2585 σωτηρίᾳ
812 2512 1115 2583 κρατοῦντα
1142 2512 1358 2576 πάντως
1387 2512 1677 2580 ἐγίνωσκε.
1707 2514 1780 2566 Τὸ

237 2602 281 2656 6i
310 2602 462 2673 λέγειν
495 2608 560 2677 τῇ
592 2603 900 2674 ἀγαθότητι
937 2601 1029 2655 τοῦ
1073 2601 1287 2673 Πατρὸς
1326 2602 1418 2656 τὸν
1460 2601 1589 2656 Υἱὸν
1606 2618 1783 2672 γεγεν-

240 2700 429 2765 νῆσθαι,
455 2700 608 2755 οὐδὲν
660 2695 788 2750 ἄλλο
834 2694 984 2749 ἐστὶν
1024 2695 1058 2766 ἣ
1099 2695 1179 2758 είς
1215 2694 1277 2747 τὸ
1323 2693 1582 2764 ὁμότιμον
1620 2691 1781 2745 αὐτὸν

239 2783 527 2854 καταστῆσαι
552 2787 677 2849 τοῖς
720 2786 968 2856 ἐσχάτοις
996 2785 1095 2857 τῆς
1133 2786 1382 2848 κτίσεως·
1415 2784 1481 2837 Τῖ
1523 2783 1629 2853 γὰρ
1664 2783 1782 2853 οὐχὶ

237 2872 566 2947 τῇὰγαθότητι
590 2876 694 2932 τοῦ
721 2876 1079 2947 πεποιηκότος
1105 2872 1268 2947 ἦλθεν
1298 2877 1378 2939 είς
1398 2873 1640 2944 γένεσιν;
1666 2874 1783 2927 Τίνι

237 2958 468 3033 λογίζεται
494 2970 526 3040 ἠ
552 2970 665 3040 τῆς
691 2968 1039 3040 ἀνθρωπίνης
1075 2968 1292 3038 φύσεως
1321 2967 1653 3038 κατασκευὴ,
1694 2985 1785 3021 πο·

238 3056 389 3145 mpii},
426 3059 458 3128 ἢ
488 3059 790 3129 ἁγαθότητι
828 3057 922 3113 τοῦ
967 3060 1325 3130 ποιήσαντος;
1369 3059 1487 3113 Τίνι
1523 3060 1579 3113 δὲ
1606 3062 1640 3130 ἡ
1675 3058 1782 3112 τῶν
1810 3090 1852 3145 c

238 3144 376 3218 ζώων
405 3150 615 3219 γένεσις
636 3191 653 3217 ,
675 3152 719 3221 ’ἡ
746 3150 854 3203 τῶν
910 3151 1093 3219 φυτῶν
1139 3169 1197 3206 τε
1243 3153 1337 3205 καὶ
1387 3151 1784 3223 βλαστημὰτων

238 3237 400 3311 9601;;
421 3245 567 3298 οὐδέν
599 3247 753 3298 ἐστιν
777 3245 807 3298 ὃ
842 3245 917 3317 μὴ
945 3246 1011 3315 τῇ
1043 3244 1336 3313 ἀγαθότητι
1372 3245 1467 3298 τοῦ
1499 3244 1789 3315 πεποιηκό-

239 3345 309 3393 τος
328 3331 438 3404 ἔσχε
470 3336 567 3408 τὴν
599 3337 837 3405 γένεσιν.
872 3338 1049 3409 Ὅπερ
1080 3331 1173 3389 οῦν
1205 3336 1297 3389 ἐπὶ
1327 3337 1544 3390 πάντων
1570 3340 1598 3390 6
1629 3337 1785 3405 λόγος

236 3421 335 3491 ὁρᾷ,
365 3423 513 3478 τοῦτο
550 3430 582 3480 6
634 3426 899 3497 Εύνόμιος
940 3426 1020 3497 τῷ
1070 3423 1184 3495 Υίῷ
1228 3425 1335 3479 ἀπὸ
1382 3425 1787 3496 φιλανθρωπίας

240 3508 479 3579 χαρίζεται
503 3531 518 3545 ο
558 3514 630 3568 τὸ
658 3515 715 3568 δὲ
757 3516 831 3585 μὴ
880 3514 1209 3586 μερίσασθαι
1253 3513 1389 3584 πρὸς
1430 3514 1522 3567 τὸν
1569 3515 1787 3585 Πατέρα

236 3600 316 3668 τὴν
337 3602 509 3657 οὐσίαν
537 3607 572 3679 ἢ
601 3605 706 3677 τὴν
746 3605 902 3671 ἀξίαν
924 3646 937 3670 ,
967 3605 1000 3677 ἢ
1036 3605 1134 3658 ὅσα
1160 3604 1381 3659 τοιαῦτα
1414 3604 1671 3676 φλυαρῶν
1709 3606 1788 3659 διο

237 3687 498 3762 ιξέρχεται,
526 3697 632 3768 ἥδη
675 3700 734 3750 ἐν
760 3698 872 3760 τοῖς
899 3697 1025 3769 περὶ
1053 3696 1144 3750 τοῦ
1181 3696 1391 3768 Πατρὸς
1432 3697 1610 3765 λόγοις
1653 3715 1786 3769 προ-

234 3776 584 3852 εξιλήλεχται·
638 3785 713 3850 ὡς
760 3786 937 3856 μάτην
978 3785 1144 3840 αὐτοῦ
1187 3785 1359 3841 ταῦτα
1400 3787 1494 3841 καὶ
1524 3787 1644 3858 δίχα
1681 3789 1789 3841 διαο

235 3868 361 3934 νοίας
402 3876 824 3949 προσρίψαντος.
867 3877 1001 3931 Ούδὲ
1048 3879 1156 3949 γὰρ
1195 3879 1326 3948 ἡμῖν
1370 3881 1484 3938 τοῖς
1516 3879 1574 3945 ἐξ
1626 3879 1787 3950 ἀλλή⁶

232 3953 324 4013 λων
348 3968 704 4039 τατομένοις,
738 3968 925 4031 οὐσίας
959 3968 1219 4039 διαίρεσις
1258 3969 1466 4037 γίνεται
1486 3985 1500 3998 υ
1530 3969 1650 4032 ὅλος
1680 3970 1788 4042 γὰρ

233 4049 283 4101 ἐν
308 4053 509 4130 ἑκάστῳ
547 4059 703 4131 μένει
731 4063 829 4132 τῆς
856 4060 1042 4123 οὐσίας
1077 4062 1106 4113 6
1135 4060 1310 4129 λόγος,
1339 4060 1395 4112 ὲν
1420 4060 1499 4131 τῷ
1531 4077 1789 4134 γεγεννη-

236 4142 362 4217 μένῳ
384 4151 473 4203 καὶ
501 4151 584 4222 τῷ
607 4151 953 4222 γεννήσαντι,
987 4149 1111 4223 οὔτε
1147 4153 1204 4205 ὲν
1229 4150 1307 4221 τῷ
1341 4153 1597 4221 γεννῶντι
1627 4153 1789 4223 μείω-

237 4249 323 4299 σιν,
352 4238 470 4293 οὔτε
497 4244 556 4295 ὲν
586 4242 666 4314 τῷ
709 4242 1086 4313 γεγεννημένῳ
1115 4241 1340 4313 αὔξησιν
1372 4242 1466 4295 τοῦ
1506 4242 1664 4311 λόγου
1693 4243 1789 4315 τῆς

235 4328 396 4398 σῦσίας
415 4333 810 4407 Μμδὰνοντος.
844 4337 902 4390 Ὀ
924 4335 981 4389 δὲ
1012 4335 1112 4405 τῆς
1141 4335 1295 4400 ἀξίας
1319 4336 1352 4407 ἦ
1380 4335 1480 4405 τῆς
1512 4335 1788 4405 βασιλείας

1310 297 1587 354 CONTRA
1631 293 2028 362 EUNOMIUM,
2066 292 2193 350 LIB.
2236 295 2299 350 ll.

3334 290 3438 345 ΒΜ

1869 429 1991 469 mus
2014 414 2085 467 “‘3
2111 413 2246 478 Quis
2269 423 2353 468 est
2380 411 2469 465 ille
2497 410 2588 481 qni
2621 411 2676 467 in
2704 410 2884 482 seipso
2914 409 3079 466 habet
3106 410 3291 465 omnia
3318 423 3440 478 qua:

1863 503 2023 559 Pater
2050 505 2251 560 habet?
2277 504 2356 558 An
2381 504 2713 574 ignoramus,
2746 519 2810 558 ex
2847 502 2932 559 his
2961 514 3081 571 quae
3112 500 3259 557 dicta
3288 506 3439 562 sunt,

1864 614 1986 652 eum
2019 613 2140 653 esse
2174 596 2266 667 qui
2316 611 2482 666 super
2536 597 2717 649 omnia
2747 595 2889 650 Deus
2942 604 3028 650 est
3084 609 3114 646 a
3155 591 3324 671 Paulo
3359 591 3441 645 sic

1868 687 2200 751 nominatus,
2229 684 2495 740 Dominus
2533 693 2720 741 noster
2748 683 2908 741 Jesus
2966 683 3220 742 Christus
3238 683 3310 745 ⁸³,
3345 680 3442 750 qui

1865 783 2049 835 ctunia
2084 783 2136 834 in
2180 797 2343 836 manu
2375 796 2495 851 qua:
2528 791 2656 837 sunt
2685 780 2865 835 Patris
2891 781 3075 839 habet,
3131 779 3275 835 sicut
3328 778 3445 846 ipse

1868 870 2040 925 dicit:
2083 870 2269 925 omnia
2298 871 2516 940 quidem
2547 870 2885 940 amplissima
2933 883 3031 924 sua
3068 867 3245 935 palma
3296 880 3447 919 com-

1869 960 2060 1028 plexus
2087 966 2191 1024 est,
2226 968 2281 1015 et
2308 961 2703 1031 comprehensa
2734 960 2978 1015 continet
3039 960 3331 1026 imperans,
3394 965 3449 1009 et

1868 1050 2050 1105 nullus
2082 1049 2149 1105 de
2178 1066 2340 1105 manu
2374 1052 2557 1105 omnia
2584 1050 2918 1106 continentis
2968 1042 3140 1105 tollit?
3164 1049 3219 1103 Si
3273 1048 3442 1120 igitur

1870 1141 2054 1196 omnia
2110 1141 2293 1206 habet,
2332 1142 2377 1197 si
2408 1144 2647 1198 continet
2682 1150 2735 1197 et
2786 1142 3053 1213 gubernat
3086 1158 3207 1211 quae
3262 1141 3445 1207 habet,

1869 1232 1999 1303 quid
2033 1232 2179 1287 aliud
2205 1248 2432 1302 prorsus
2460 1233 2576 1302 ipse
2597 1241 2679 1288 est
2699 1248 2863 1302 quam
2888 1235 3277 1306 παντοκράτωρ
3311 1249 3448 1289 cun-

1870 1325 2140 1380 ctitenens
2178 1326 2424 1379 omnium
2458 1324 2753 1390 Dominus,
2794 1327 2886 1396 qui
2928 1334 3074 1382 tenet
3111 1329 3294 1382 omnia
3348 1342 3449 1398 po-

1872 1423 2047 1470 tenter
2087 1423 2140 1469 et
2192 1416 2276 1471 his
2338 1415 2696 1471 dominatur?
2752 1413 2905 1481 Quod
2945 1418 2990 1471 si
3031 1417 3252 1473 hzeresis
3302 1417 3451 1471 dicat

1871 1508 2015 1578 quod
2048 1506 2210 1560 Pater
2244 1507 2441 1562 Filium
2486 1518 2540 1563 et
2579 1508 2841 1577 Spiritum
2891 1511 3154 1573 continet,
3212 1509 3448 1579 primum

1872 1600 2247 1654 demonstrent
2280 1597 2477 1653 Filium
2509 1608 2562 1654 et
2595 1601 2855 1670 Spiritum
2887 1609 3136 1655 sanctum
3181 1616 3302 1657 esse
3329 1617 3451 1655 mu-

1872 1689 2057 1744 tabilis
2087 1697 2317 1755 naturm,
2351 1706 2415 1744 ac
2445 1700 2573 1744 tunc
2605 1692 2653 1745 ei
2683 1693 2775 1761 qui
2831 1692 3063 1746 vertitur
3096 1707 3160 1747 ac
3209 1699 3453 1747 mutatur

1876 1785 2025 1839 illum
2056 1783 2150 1852 qui
2186 1783 2465 1838 contineat
2519 1784 2838 1853 praeﬁciam,
2896 1793 2954 1838 ut
3019 1800 3254 1854 superne
3294 1785 3454 1839 inna-

1875 1880 2062 1926 scente
2091 1872 2295 1925 auxilio
2324 1884 2541 1926 maneat
2576 1873 2629 1926 id
2673 1874 2816 1943 quod
2874 1875 3189 1929 continetur
3240 1874 3308 1928 ad
3339 1892 3453 1929 ma-

1876 1963 1987 2017 lum
2017 1963 2481 2019 incommutabile.
2508 1964 2664 2031 Quod
2689 1967 2735 2021 si
2763 1966 2882 2020 vitii
2905 1973 2989 2022 est
3012 1966 3239 2036 incapax
3266 1966 3453 2022 divina

1876 2063 2093 2118 natura,
2127 2054 2470 2121 invertibilis,
2521 2055 2899 2121 immutabilis,
2933 2070 3033 2112 nec
3088 2055 3347 2111 deficiens
3396 2055 3452 2109 in

1876 2145 2368 2201 consummationis
2395 2148 2566 2208 exitu,
2614 2162 2937 2219 semperque
2960 2147 3150 2204 eodem
3201 2147 3362 2203 modo
3392 2163 3453 2203 se

1878 2237 2063 2301 habet,
2092 2237 2161 2291 ad
2194 2237 2324 2308 quid
2352 2252 2418 2293 eo
2441 2238 2533 2309 qui
2562 2240 2836 2295 contineat
2861 2239 3166 2311 indigebit?
3194 2239 3323 2306 Quae
3357 2255 3456 2310 per

1879 2329 2111 2398 seipsam
2138 2343 2353 2384 onmem
2381 2330 2622 2385 continet
2646 2339 2975 2396 creaturam,
3003 2332 3317 2387 continente
3348 2331 3463 2386 alio

1878 2435 1987 2474 non
2024 2420 2251 2491 indiget,
2287 2422 2416 2492 quia
2446 2421 2519 2477 sit
2554 2422 2870 2478 mutationis
2904 2433 2958 2477 et
2984 2422 3312 2479 inversionis
3362 2438 3457 2477 ex-

1880 2529 2027 2584 pers.
2071 2513 2367 2583 Propterea
2402 2515 2457 2568 in
2491 2514 2711 2569 nomine
2736 2512 2864 2569 Jesu
2894 2529 3055 2570 omne
3098 2531 3238 2586 genu
3268 2530 3326 2570 se
3357 2513 3456 2569 lle-

1879 2606 1978 2659 ctit
2017 2605 2522 2675 supercoelestium,
2556 2606 2897 2661 terrestrium
2949 2615 3003 2661 et
3070 2606 3458 2662 subterraneo-

1880 2712 2002 2753 rum
2022 2698 2092 2751 δ’.
2134 2694 2253 2750 Non
2282 2704 2463 2753 autem
2499 2713 2558 2753 se
2588 2696 2849 2762 ﬂecteret,
2899 2698 3002 2753 nisi
3058 2698 3458 2769 praedominan-

1884 2793 1990 2839 tem
2014 2794 2068 2841 et
2098 2788 2469 2843 continentem
2502 2804 2601 2859 pro
2623 2804 2810 2844 eorum
2836 2790 3014 2846 salute
3044 2791 3261 2861 penitus
3287 2805 3458 2862 agno-

1883 2884 2080 2932 sceret.
2112 2883 2182 2930 At
2213 2894 2342 2933 vero
2373 2878 2554 2933 dicere
2581 2870 2761 2934 Patris
2792 2879 3033 2934 bonitate
3060 2879 3257 2936 Filium
3294 2898 3459 2952 gene-

1883 2976 2061 3023 ratum
2085 2985 2229 3032 esse,
2253 2971 2390 3026 nihil
2422 2972 2569 3026 aliud
2592 2980 2699 3035 est,
2728 2987 2890 3041 quam
2918 2972 3094 3045 ipsum
3127 2975 3460 3031 constituere

1884 3070 1938 3117 et
1976 3062 2222 3132 redigere
2264 3062 2330 3117 ad
2363 3064 2702 3119 consimilem
2762 3066 3021 3122 honorem
3077 3082 3202 3122 cum
3256 3066 3460 3123 inlimis

1885 3153 2175 3209 creaturis.
2204 3154 2344 3221 Quid
2378 3156 2525 3210 enim
2558 3173 2667 3211 non
2691 3157 2811 3226 ejus
2834 3159 2924 3228 qui
2962 3157 3086 3213 fecit
3117 3158 3360 3214 bonitate
3392 3159 3458 3214 ad

1885 3246 2290 3315 generationem
2358 3249 2647 3317 pervenit?
2697 3250 2786 3304 cui
2853 3250 3153 3321 imputatur
3210 3251 3462 3308 humanae

1887 3347 2096 3391 natura:
2145 3338 2510 3401 constructio,
2569 3338 2903 3410 improbitati
2942 3355 3012 3396 an
3053 3341 3283 3397 bonitati
3341 3343 3462 3413 ejus

1887 3428 1980 3498 qui
2012 3428 2181 3484 fecit?
2209 3432 2297 3484 cui
2335 3431 2649 3485 animalium
2679 3434 3005 3503 generatio?
3063 3434 3369 3505 plantarum
3407 3444 3463 3490 et

1888 3519 2193 3588 germinum
2257 3521 2499 3573 natura?
2555 3518 2698 3574 Nihil
2748 3528 2833 3575 est
2891 3520 3036 3590 quod
3099 3536 3208 3576 non
3265 3521 3464 3577 habeat

1888 3626 2049 3666 suum
2078 3619 2258 3665 ortum
2284 3626 2349 3664 ex
2387 3610 2627 3667 bonitate
2656 3610 2775 3680 ejus
2797 3613 2886 3681 qui
2927 3611 3074 3666 fecit.
3115 3612 3269 3679 Quod
3298 3614 3464 3684 igitur

1890 3698 1942 3751 in
1970 3696 2225 3754 omnibus
2256 3698 2397 3753 ratio
2424 3698 2709 3769 perspicit,
2747 3699 2799 3753 id
2830 3699 3130 3755 Eunomius
3179 3716 3247 3755 ex
3301 3702 3463 3757 bene-

1886 3787 2122 3843 volentia
2157 3785 2299 3842 Filio
2336 3788 2702 3858 gratificatur.
2732 3788 2890 3853 Quod
2921 3798 3103 3844 autem
3140 3788 3314 3844 Filius
3348 3805 3455 3843 non

1888 3894 2011 3933 cum
2044 3876 2205 3934 Patre
2227 3880 2522 3935 essentiam
2551 3881 2633 3936 vel
2675 3880 3012 3949 majestatem
3048 3881 3353 3950 participet,
3409 3889 3465 3935 et

1889 3986 2232 4043 quaecunque
2264 3972 2392 4025 talia
2434 3972 2690 4041 nugando
2723 3980 2776 4027 et
2809 3972 3129 4027 blaterando
3186 3975 3466 4043 persequi-

1891 4070 1979 4115 tur
2009 4060 2332 4122 Eunomius,
2358 4062 2472 4131 jam
2504 4061 2559 4115 in
2598 4061 2947 4117 sermonibus
2972 4062 3038 4116 de
3092 4058 3249 4116 Patre
3278 4076 3464 4130 repre-

1890 4154 2059 4209 hensa
2097 4162 2226 4209 sunt
2256 4163 2309 4209 et
2334 4152 2586 4215 refutata,
2623 4160 2681 4206 ut
2714 4153 2806 4222 qui
2847 4152 2962 4208 haec
2992 4152 3195 4209 frustra
3240 4165 3296 4209 et
3338 4153 3466 4210 abs-

1889 4261 1994 4313 que
2024 4246 2136 4299 ulla
2168 4244 2524 4313 intelligentia
2560 4242 2870 4313 projecerit.
2902 4243 3089 4316 Neque
3117 4245 3262 4300 enim
3307 4245 3465 4301 nobis

1889 4336 2014 4392 licet
2046 4352 2114 4392 ex
2143 4343 2333 4390 mutuo
2368 4344 2487 4390 satu
2525 4336 2882 4393 nascentibus
2918 4338 3170 4393 essentia:
3220 4338 3276 4392 lit
3328 4338 3471 4393 divi—

239 4427 478 4497 μερισμὸς
508 4432 605 4485 ἐπὶ
639 4429 736 4484 τοῦ
775 4431 953 4485 πάντα
981 4430 1193 4501 ἔχοντος
1219 4430 1287 4485 τὰ
1308 4430 1403 4485 τοῦ
1435 4433 1666 4502 Πατρός,
1698 4433 1787 4486 ού-

1892 4428 1975 4483 sio
1997 4471 2011 4491 ,
2045 4434 2157 4483 tota
2182 4428 2326 4482 enim
2362 4428 2416 4481 in
2447 4441 2778 4498 unoquoque
2809 4428 3063 4485 essentia:
3089 4439 3271 4485 manet
3303 4430 3467 4496 ratio,

238 4507 424 4582 δεμίαν⁶
443 4519 709 4585 διάνοιαν,
727 4517 865 4589 πλὴν
883 4516 979 4573 τοῦ
994 4519 1214 4590 ἔλεγχον
1236 4514 1373 4572 εἶναι
1392 4518 1491 4588 τῆς
1512 4519 1782 4583 ἀσεϐείας.

236 4602 416 4659 ὓᾶκοῦν
454 4608 711 4680 περιττὸν
746 4608 813 4663 ἂν
845 4608 931 4680 εἴη
967 4610 1080 4673 τοῖς
1114 4609 1375 4672 τοιούτοις
1409 4611 1786 4683 συμπλεκόμε-

237 4708 311 4745 νον
330 4697 404 4762 είς
428 4699 702 4772 ἀμετρίαν
726 4700 1028 4755 ἀποτείνειν
1050 4701 1140 4755 τὸν
1162 4701 1340 4771 λόγον.

1893 4527 1947 4573 et
1978 4518 2034 4573 in
2067 4519 2251 4589 genito
2278 4524 2333 4574 et
2360 4520 2636 4590 gignente,
2666 4535 2843 4590 neque
2882 4520 2935 4575 in
2963 4529 3258 4592 generante
3288 4521 3469 4575 immi-

1894 4610 2201 4672 notionem,
2252 4625 2428 4680 neque
2457 4609 2510 4663 in
2546 4611 2730 4682 genito
2764 4614 3159 4666 incrementum
3216 4609 3472 4666 essentia:

1897 4701 2037 4755 ratio
2092 4700 2303 4770 recipit.
2344 4699 2637 4772 Dignitatis
2679 4709 2859 4758 autem
2895 4704 2979 4758 vel
3033 4702 3185 4773 regni
3246 4700 3472 4771 partitio

234 4786 365 4846 ilco
387 4796 482 4864 qui
511 4796 699 4850 omnia
736 4811 858 4866 qua:
882 4806 1007 4851 sunt
1036 4794 1219 4851 Patris
1248 4797 1411 4853 habet
1455 4799 1661 4852 nullam
1694 4796 2115 4867 intelligentiam
2190 4796 2372 4858 habet,
2443 4795 2539 4852 sed
2609 4797 2903 4868 impietatis
2944 4807 3129 4853 notam
3193 4805 3247 4852 et
3306 4810 3472 4867 argu-

237 4889 478 4938 mentum.
513 4885 857 4955 Superlluum
890 4886 1054 4956 igitur
1092 4887 1257 4943 fuerit
1280 4888 1483 4944 talibus
1540 4888 1927 4957 complicatum
1962 4888 2016 4941 in
2060 4887 2385 4941 immensum
2420 4887 2741 4957 protrahere
2778 4902 3111 4943 sermonem.

292 4972 429 5042 Πρὺς
461 4975 523 5029 δὲ
562 4976 629 5029 τὰ
666 4978 863 5048 ἐφεξῆς
899 4978 1108 5042 τούτοις
1143 4978 1509 5050 μετέλθωμεν.
1542 4978 1781 5043 Δεδοξα-

236 5060 444 5126 σμένον
469 5104 485 5126 ,
529 5068 659 5136 φησὶ
685 5109 700 5128 ,
741 5068 902 5136 παρὰ
950 5067 1057 5122 τοῦ
1093 5071 1321 5137 Πατρός
1369 5070 1482 5137 πρὸ
1538 5070 1784 5125 αἰώνων.

243 5148 627 5211 ’Δνιείδεικται
663 5159 763 5229 τῆς
806 5158 1064 5230 ἀληθείας
1101 5163 1129 5214 ὁ
1166 5162 1323 5229 λόγος
1342 5199 1357 5224 ν
1406 5163 1470 5232 τῇ
1515 5161 1790 5234 μαρτυρίᾳ

237 5238 328 5291 τῶν
352 5243 569 5316 ἐλθρῶν
595 5249 1009 5319 κρατυνόμενος.
1041 5250 1210 5304 Τοῦτο
1243 5251 1352 5323 γὰρ
1390 5251 1493 5323 τῆς
1518 5251 1790 5323 ἡμετέρας

235 5331 456 5398 πίστεώς
482 5337 599 5391 ἐστι
627 5340 688 5393 τὸ
716 5340 1028 5408 κεφάλαιον,
1059 5342 1140 5395 ὃτι
1175 5343 1323 5413 παρά
1347 5342 1440 5396 τοῦ
1470 5343 1686 5414 Πατρὸς
1734 5342 1793 5407 ἐξ

236 5421 391 5479 tam
412 5426 697 5493 δοξάζεται
728 5434 756 5486 6
788 5432 935 5497 Υἱός.
964 5433 1037 5486 Τὸ
1058 5434 1166 5505 γὰρ
1197 5433 1301 5505 πρὸ
1327 5433 1420 5487 τοῦ
1445 5434 1638 5497 αἰῶνος
1664 5434 1792 5487 ταῦο

235 5510 287 5565 τό
328 5516 449 5571 ἐστι
483 5519 564 5589 τῷ
601 5523 752 5595 ἀϊδίῳ
780 5524 920 5579 κατᾶ
954 5526 1053 5597 τὴν
1079 5524 1282 5579 ἔννοιαν
1305 5566 1319 5591 ,
1356 5525 1498 5580 οὓτω
1526 5527 1625 5597 τῆς
1660 5516 1791 5599 προ-

308 5692 351 5724 “
384 5691 516 5746 Art.
562 5711 685 5760 ml,
724 5699 813 5756 28.
890 5701 931 5734 ⁸⁸
969 5699 1200 5771 Philipp.
1231 5716 1290 5765 ll,
1335 5701 1414 5759 li.
1493 5704 1536 5735 ⁶¹
1567 5702 1697 5758 ibid.
1749 5701 1826 5754 I0.

1964 4979 2047 5033 Ad
2095 4993 2157 5033 ea
2209 4995 2331 5049 qua:
2375 4989 2681 5047 sequuntur
2713 4994 3026 5050 pergamus.
3065 4979 3467 5049 Cleri/iratum,

1895 5068 2116 5140 inquit,
2155 5087 2188 5123 a
2236 5068 2398 5124 Patre
2432 5084 2553 5124 ante
2604 5071 2819 5125 siccata.
2859 5069 3120 5128 Veritatis
3160 5087 3469 5128 sermonem

1892 5162 2245 5216 inimicorum
2302 5162 2613 5216 testimonio
2668 5160 2984 5216 conﬁrmari
3037 5162 3470 5218 demonstratum

1895 5264 1999 5311 est.
2034 5253 2152 5308 [loc
2185 5254 2331 5311 enim
2369 5253 2491 5310 fidei
2526 5263 2727 5309 nostra:
2756 5263 3046 5329 caputest,
3077 5254 3222 5323 quod
3247 5267 3279 5306 a
3314 5252 3473 5308 Patre

1895 5362 1964 5403 ex
1991 5345 2145 5400 omni
2166 5346 2467 5401 mternitate
2490 5343 2660 5400 Filius
2688 5345 3044 5415 gloriﬁcatur.
3074 5343 3208 5399 Nam
3225 5352 3351 5400 ante
3370 5359 3473 5401 sm-

1900 5438 2110 5503 culum,
2146 5438 2289 5493 idem
2321 5445 2406 5493 est
2437 5436 2581 5508 quod
2615 5436 2685 5492 ab
2723 5444 2930 5493 aeterno
2971 5436 3271 5493 secundum
3325 5438 3475 5493 noti-

1904 5529 2068 5595 tiam,
2098 5530 2179 5587 sic
2218 5529 2501 5601 prophetia
2550 5527 2708 5584 nobis
2742 5527 3135 5600 interpretante
3179 5532 3324 5601 quod
3377 5526 3476 5585 Dei
