4032 6208
726 218 833 277 3.97

1952 237 2009 292 S.
2044 236 2365 292 GllEGORIi
2392 237 2685 293 NYSSENI
3751 232 3796 288 iii

731 356 993 404 aeternum
1030 360 1133 412 est,
1165 351 1216 404 in
1258 348 1456 419 quibus
1489 351 1563 407 ait
1594 368 1605 404 :
1637 353 1740 418 Qui
1782 365 1855 408 cst
1908 366 2028 411 ante
2075 357 2294 411 sa‘cnla.

2174 357 2294 410 rnla.
2329 362 2368 419 Α
2400 357 2624 425 φητείας
2654 353 3058 427 ἑρμηνευούσης
3102 356 3234 426 ἡμῖν
3264 352 3356 408 τοῦ
3402 350 3514 406 Θεοῦ
3537 351 3585 405 τὸ
3617 349 3766 417 ἀΐδιον,

733 438 901 510 Igitur
932 442 977 496 si
1012 457 1135 499 esse
1166 449 1292 497 ante
1323 444 1525 498 saecula
1564 452 1717 498 extra
1757 460 1918 501 omne
1973 446 2299 518 principium

731 541 860 589 est:
915 532 1006 587 ille
1042 534 1133 602 qui
1186 541 1313 590 ante
1366 536 1565 591 sarcula
1616 535 1754 592 Filio
1798 537 1987 593 tribuit
2037 539 2297 608 gloriam,

733 625 904 680 multo
926 624 1077 695 prius
1107 626 1207 694 ipsi
1236 627 1623 697 sempiternam
1649 644 1749 684 suo
1775 630 2084 685 testimonio
2105 632 2301 687 asserit

729 717 1148 785 cxsistentiam;
1199 733 1305 773 non
1332 720 1475 775 enim
1511 720 1564 775 id
1603 721 1746 791 quod
1795 738 1899 777 non
1945 730 2067 786 est,
2117 722 2212 779 sed
2247 722 2302 778 id

733 811 879 881 quod
916 820 999 867 cst
1036 827 1266 882 prorsus
1311 813 1671 882 gloriﬁcatur.
1723 813 1920 870 Postea
1967 832 2097 870 vero
2149 816 2302 872 blas-

733 904 961 972 phemize
990 912 1182 958 contra
1216 904 1481 974 Spiritum
1515 913 1765 961 sanctum
1798 907 1902 961 sibi
1949 907 2049 977 ipsi
2092 907 2299 962 semina

734 994 974 1064 spargit;
1009 1011 1116 1049 non
1151 1003 1210 1048 ut
1251 993 1445 1049 Filium
1478 996 1780 1066 gloriﬁcet,
1817 996 1912 1051 sed
1951 1011 2009 1051 ut
2040 998 2094 1052 in
2126 995 2303 1076 Spiri-z

730 1094 846 1140 tum
881 1095 1134 1141 sanetum
1182 1088 1512 1144 temulentus
1559 1088 1946 1144 debacchetur.
1993 1087 2127 1142 Nam
2170 1090 2299 1143 dum

733 1179 847 1230 vult
878 1175 1141 1247 Spiritum
1185 1187 1434 1233 sanctum
1464 1188 1669 1248 partem
1700 1193 1823 1234 esse
1852 1179 2109 1249 angelicae
2149 1189 2300 1248 pote-

736 1270 919 1333 statis,
954 1269 1058 1323 hoc
1096 1270 1337 1339 profudit
1372 1289 1384 1323 :
1418 1286 1540 1325 cum
1581 1270 1737 1336 dixit,
1765 1269 2111 1340 Gloriﬁcatur
2140 1287 2171 1323 a
2194 1271 2301 1338 spi-

730 1364 840 1416 ritu
866 1378 957 1431 per
982 1362 1232 1417 sa'culum
1276 1372 1326 1417 et
1355 1363 1420 1416 ab
1458 1363 1600 1416 omni
1640 1362 1893 1416 rationali
1926 1372 1976 1416 et
2013 1361 2300 1431 generabili

728 1454 976 1506 essentia.
1009 1452 1087 1506 Ac
1121 1452 1167 1506 si
1214 1453 1360 1507 nulla
1396 1453 1619 1507 omnino
1655 1461 1798 1506 esset
1849 1452 1990 1505 inter
2032 1450 2295 1520 Spiritum

727 1551 1001 1609 sanctum,
1033 1551 1087 1598 et
1110 1543 1370 1614 quidquid
1396 1544 1636 1615 gignitur
1666 1541 1994 1608 differentia,
2027 1542 2293 1612 siquidem

2401 441 2481 510 οἷς
2510 464 2671 518 φησιν
2689 490 2702 511 ,
2756 446 2817 500 '0
2842 446 3123 514 ὑπάρχων
3146 444 3258 512 πρὸ
3279 444 3396 498 τῶν
3415 442 3609 496 αὶὼκων.
3634 442 3682 494 Εἰ
3707 437 3779 494 οὖν

2403 535 2666 607 ὑπάρχειν
2701 535 2807 607 πρὸ
2840 534 2946 588 τῶν
2977 535 3205 601 αίώνων,
3239 534 3418 603 πάσης
3442 532 3581 604 ἀρχῆς
3613 534 3727 584 ἐστιν
3749 530 3796 597 ἐξ

2399 643 2588 697 τερον·
2632 628 2660 680 ὁ
2705 625 2801 697 τὴν
2836 626 3156 697 προαιώνιον
3188 623 3265 694 τῷ
3317 622 3429 693 Υίῷ
3469 621 3681 684 ἀνατιθεὶς
3714 621 3796 685 δόξι

2402 715 2535 769 πολὺ
2571 716 2830 787 πρότερον
2868 714 3017 786 αύτῷ
3037 715 3137 785 τὴν
3164 713 3221 779 ἐξ
3246 713 3414 767 ἀϊδίου
3443 712 3796 783 προσεμαρτύρηε

2403 806 2655 879 ὓπαρξιν.
2693 809 2765 861 Ού
2795 808 2903 880 γὰρ
2934 808 2995 860 τὸ
3025 806 3101 877 μὴ
3130 805 3189 859 δν
3206 848 3222 872 ,
3247 805 3382 859 ἀλλά
3403 806 3457 857 τὸ
3480 804 3527 857 δν
3548 804 3796 867 πάντωςδοξ

2400 898 2571 963 ζεται.
2600 900 2754 953 Μετά
2783 898 2956 953 ταῦτα
2983 897 3039 951 δὲ
3057 936 3073 961 ,
3105 898 3204 967 τῆς
3243 896 3386 951 κατὰ
3414 895 3493 948 τοῦ
3517 896 3642 964 ἁγίου
3664 895 3796 965 lived;

2399 1008 2490 1053 τος
2544 990 2889 1061 βλασφημίας
2932 990 3107 1062 ἐαυτῷ
3155 990 3225 1043 τὰ
3267 989 3534 1061 σπέρματα
3575 988 3795 1042 καταϐἀλλ

2399 1082 2497 1151 οὐχ
2528 1082 2617 1135 ἴνα
2648 1080 2736 1134 τὸν
2767 1081 2891 1134 Υὶὺν
2921 1081 3119 1153 δοξάσῃ
3143 1120 3159 1144 ,
3212 1079 3327 1134 ἀλλ’
3357 1081 3441 1134 ἴνα
3467 1079 3532 1150 τῷ
3556 1078 3783 1149 Πνεύματι

2401 1176 2541 1245 ἁγίῳ
2570 1175 2966 1247 ὲμπαροινήσῃ.
3002 1174 3331 1244 Βουλόμενος
3360 1172 3462 1243 γὰρ
3507 1173 3645 1242 μέρος
3670 1171 3752 1241 τῆς
3791 1196 3796 1221 ι

2398 1266 2620 1335 γελικῆς
2674 1264 2955 1335 δυνάμεως
3005 1264 3286 1329 ἀποδεῖξαι
3316 1265 3377 1316 τὸ
3410 1263 3601 1333 Πνεῦμα
3640 1263 3690 1316 τὸ
3732 1264 3792 1331 ἀγ

2398 1357 2557 1411 τοῦτο
2584 1357 2948 1429 προσέρριψεν
2974 1397 2988 1421 ,
3022 1356 3225 1420 εἰπὼν,
3265 1358 3347 1410 ὅτι
3398 1357 3744 1425 Δοξαςᾌμενον
3786 1377 3796 1410 ι

2398 1448 2503 1503 τοῦ
2544 1448 2883 1516 πνεύματος
2925 1447 2998 1501 δι’
3035 1446 3249 1514 αἰῶνος
3272 1487 3288 1511 ,
3323 1453 3419 1502 καὶ
3471 1445 3644 1512 πάσης
3674 1450 3796 1515 λογιλ

2399 1537 2496 1592 καὶ
2528 1533 2823 1607 γεννητῆς
2859 1537 3069 1600 οὐσίας
3092 1552 3104 1565 °
3153 1536 3227 1600 ώς
3268 1536 3524 1607 μηδεμίαν
3574 1530 3692 1589 εἶναι
3727 1536 3796 1589 δια

731 1634 811 1687 sic
852 1632 1139 1688 Dominum
1178 1632 1416 1704 Spiritus
1460 1643 1685 1689 sanctus
1721 1633 2020 1703 gloriﬁcat,
2053 1635 2198 1688 sicut
2243 1642 2295 1689 et

2243 1642 2295 1689 et
2328 1692 2365 1704 ﬁ
2399 1628 2499 1700 ρὰν
2526 1627 2603 1699 τῷ
2626 1627 2904 1698 Πνεύματι
2931 1625 3009 1696 τῷ
3039 1627 3179 1696 ἁγίῳ
3221 1626 3350 1697 πρὸς
3399 1628 3496 1685 πᾶν
3539 1627 3592 1679 τὸ
3633 1627 3797 1695 γινόμε

730 1724 837 1777 alia
874 1725 1055 1779 omnia
1091 1725 1158 1780 de
1190 1726 1391 1795 quibus
1417 1724 1686 1795 Propheta
1716 1733 1975 1789 enarrat,
2018 1725 2194 1794 angeli
2242 1733 2295 1791 et

728 1822 1050 1885 potestates,
1083 1824 1136 1870 et
1160 1815 1421 1870 crelorum
1450 1814 1573 1869 cmli
1604 1822 1659 1868 et
1689 1830 1807 1885 quae
1836 1830 1999 1884 supra
2033 1814 2295 1869 mundum

728 1911 812 1960 est
850 1920 1016 1975 aqua,
1064 1914 1118 1959 et
1157 1921 1278 1977 quae
1316 1914 1444 1960 sunt
1478 1921 1543 1960 ex
1570 1913 1714 1961 terra
1744 1906 1924 1960 omnia
1949 1946 1963 1969 ,
1994 1904 2292 1974 dracones,

729 1996 946 2067 abyssi,
994 1996 1134 2069 ignis
1154 2037 1169 2057 .
1214 1996 1426 2067 grando
1447 2039 1461 2061 ,
1492 1998 1584 2051 nix
1606 2038 1618 2058 .
1650 1998 1876 2068 glacies,
1910 1998 2137 2067 spiritus
2162 2014 2294 2068 pro-

729 2085 901 2151 cellae,
938 2092 1152 2140 montes
1180 2093 1232 2139 ct
1270 2100 1458 2141 omnes
1490 2086 1692 2147 eollcs,
1731 2087 1873 2156 ligna
1914 2086 2195 2141 fructifera
2240 2095 2296 2143 et

729 2190 919 2231 omnes
949 2174 1119 2242 cedri,
1151 2176 1359 2239 bestim,
1390 2175 1667 2247 jumenta,
1698 2178 1907 2247 reptilia
1955 2186 2009 2233 et
2052 2178 2294 2233 volucria

730 2277 962 2337 pennata
991 2267 1056 2320 ⁸³.
1090 2265 1145 2321 Si
1172 2267 1337 2335 igitur
1363 2284 1486 2322 cum
1533 2268 1618 2323 his
1648 2269 1781 2323 dicit
1819 2268 1981 2323 etiam
2028 2265 2292 2338 Spiritum

730 2366 978 2412 sanctum
1002 2356 1299 2428 gloriﬁcare
1322 2355 1541 2420 Filium,
1568 2374 1735 2411 unum
1771 2357 1963 2411 horum
1990 2372 2113 2412 csse
2132 2372 2293 2426 pror-

732 2464 827 2504 sus
854 2458 909 2503 et
953 2449 1093 2504 idem
1129 2449 1292 2520 impia
1327 2448 1435 2504 Deo
1475 2450 1691 2505 rebellis
1722 2450 1905 2521 lingua
1951 2450 2290 2520 pronuntiat.

798 2711 932 2779 Quae.
984 2722 1288 2783 sequuntur
1347 2714 1605 2784 deinceps
1658 2717 1800 2771 male
1851 2716 2180 2772 cohzereulia
2238 2728 2295 2777 et.

727 2811 986 2858 contexta
1014 2803 1138 2858 dico
1166 2804 1423 2873 prmelare
1457 2820 1515 2859 se
1540 2804 1744 2860 habere
1779 2805 1825 2861 si
1875 2811 2293 2876 praetermittan-

730 2902 838 2946 tur.
872 2891 990 2947 Non
1021 2893 1165 2961 quod
1196 2894 1307 2948 sint
1351 2893 1552 2948 invicta
1605 2903 1768 2964 atque.
1816 2896 2251 2969 inexpugnabilia
2272 2943 2289 2969 ,

2396 1720 2552 1791 εἴπερ
2585 1718 2725 1772 οὕτω
2747 1718 2956 1785 δοξάζει
2986 1718 3076 1771 τὸν
3108 1719 3310 1790 Κύριον
3337 1718 3397 1771 τὸ
3427 1716 3629 1788 Πνεῦμα
3657 1717 3711 1770 τὸ
3746 1718 3798 1786 5.1

2413 1813 2492 1875 ὡς
2521 1810 2702 1865 καὶτὰ
2730 1810 2866 1865 ἄλλα
2892 1808 3066 1863 πάντα
3088 1810 3216 1879 περὶ
3240 1802 3314 1865 ὧν
3337 1808 3647 1879 summa;
3665 1808 3798 1871 διέξει

2393 1905 2444 1956 οἱ
2472 1903 2689 1972 ἄγγελοι
2720 1902 2811 1955 καὶ
2841 1903 2895 1955 αἱ
2915 1902 3190 1972 δυνάμεις,
3217 1901 3436 1956 καὶτῶν
3460 1900 3680 1972 οὐρανῶν
3702 1902 3746 1952 οἱ
3764 1917 3798 1952 οη

2394 1996 2497 2061 volt,
2527 1996 2617 2049 καί
2643 1995 2704 2047 τὸ
2731 1994 3095 2065 ὑπερκόσμιον
3122 1993 3265 2065 ὕδωρ
3282 2037 3298 2061 ,
3328 1993 3509 2048 καὶτὰ
3534 1996 3591 2046 ἐκ
3611 1992 3707 2061 γῆς
3733 1992 3798 2045 πά

2382 2086 2702 2157 δράκοντες,
2738 2086 2984 2150 ἄϐυσσοι,
3022 2085 3154 2157 πῦρ,
3189 2078 3798 2153 χά).αζα,χιὼν,κρύστα]

2394 2178 2613 2249 πνεῦμα
2662 2177 3005 2245 καταιγίδος,
3038 2174 3106 2229 τά
3156 2174 3256 2245 ὅρη
3314 2174 3407 2228 καὶ
3444 2172 3629 2237 πάντες
3657 2174 3702 2225 οἱ
3738 2171 3797 2241 βο

2395 2268 2526 2334 ξύλα
2558 2268 2883 2340 καρποφόρα
2945 2269 3040 2322 καὶ
3069 2267 3241 2320 πᾶσαι
3272 2263 3450 2336 κέδροι
3475 2306 3489 2329 ,
3529 2264 3594 2317 τὰ
3620 2263 3775 2333 θηρία

2395 2361 2573 2415 πάντα
2604 2360 2674 2414 τά
2714 2364 2884 2433 κτήνη
2907 2401 2922 2424 ,
2958 2360 3161 2431 ὲρπετά
3191 2361 3287 2413 καὶ
3338 2357 3551 2412 πετεινὰ
3588 2374 3793 2428 πτερωτ

2392 2446 2485 2507 οὖν
2517 2452 2653 2522 μετὰ
2682 2446 2884 2506 τούτων
2929 2451 3074 2519 λέγει
3107 2449 3350 2516 δοξάζειν
3401 2449 3492 2501 τὸν
3538 2447 3731 2518 Κύριον
3759 2463 3797 2499 κη

2392 2542 2617 2614 Πνεῦμα
2640 2541 2701 2603 τὸ
2728 2542 2880 2610 ἅγιον
2902 2581 2918 2605 ,
2946 2543 3006 2596 ἓν
3047 2541 3250 2595 τούτων
3275 2536 3413 2595 εἶναι
3442 2540 3650 2603 πάντως
3678 2540 3768 2592 καὶ
3794 2564 3798 2585 α

2393 2635 2426 2703 ἡ
2458 2632 2721 2703 Θεομάχος
2753 2633 3108 2701 ἀποφαίνεται
3138 2632 3380 2701 γλῶσσα.

2465 2725 2545 2778 Τὰ
2591 2724 2646 2776 δὲ
2701 2724 2893 2794 ἐφεξῆς
2925 2724 3133 2787 τούτοις
3178 2723 3558 2795 ἀσυναρτήτως
3589 2738 3794 2793 προσκε

2392 2812 2693 2885 ὑπερϐῆναί
2726 2831 2867 2882 φημι
2889 2813 2998 2866 δεῖν
3032 2812 3209 2876 καλῶς
3251 2811 3426 2882 ἔχειν,
3468 2812 3564 2880 ούχ
3587 2812 3660 2874 ὡς
3703 2810 3798 2878 ἀλή

2392 2903 2600 2975 ἔχοντα,
2631 2904 2747 2956 ἀλλ’
2767 2903 2841 2967 ὼς
2863 2903 3134 2974 δυνάμενα
3165 2902 3259 2957 καὶ
3290 2901 3439 2973 παρὰ
3464 2902 3570 2955 τῶν
3595 2901 3798 2953 εὑσεεοι

728 2983 821 3037 sed
851 2982 993 3052 quod
1020 2996 1049 3035 a
1087 2982 1172 3052 pie
1202 2984 1564 3039 sentientibus
1592 2985 1699 3039 dici
1739 2987 1985 3055 possint,
2021 2990 2287 3058 siquidem
2319 3046 2320 3049 η

2205 3007 2287 3045 em
2319 3015 2362 3073 ρ
2392 2993 2638 3064 λέγεσθαι
2661 3034 2674 3055 ,
2706 2994 2859 3065 εἰπερ
2882 2993 3223 3063 διαζευχθείη
3261 2993 3359 3062 τῆς
3398 2991 3743 3061 κακοτρόπου
3785 2992 3797 3042 ἔ

727 3080 913 3126 essent
955 3086 986 3125 a
1034 3073 1266 3144 maligna
1311 3075 1683 3131 enuntiatione
1730 3077 2022 3147 disiuncta.
2075 3079 2206 3134 Nam
2244 3084 2290 3138 si

726 3160 857 3232 quid
889 3161 960 3217 ab
1011 3162 1130 3234 ipso
1179 3180 1369 3219 curtum
1419 3182 1540 3237 qua:
1592 3168 1660 3222 ad
1713 3168 1967 3238 pietatem
2021 3173 2292 3240 pertinent

728 3252 1069 3321 proponitur,
1103 3253 1156 3308 id
1188 3256 1293 3311 tale
1333 3271 1432 3326 pro
1464 3272 1590 3313 esca
1624 3267 1679 3313 et
1709 3260 1961 3314 illecebra
1994 3262 2291 3332 simplicio-

726 3342 882 3398 ribus
902 3345 1218 3416 porrigitur,
1239 3355 1297 3401 ut
1324 3348 1487 3402 simul
1516 3364 1638 3402 eum
1667 3349 1751 3405 his
1781 3350 2074 3418 impietatis
2098 3353 2291 3410 hamus

725 3432 1104 3492 absorbeatur.
1154 3436 1291 3492 Cum
1354 3438 1498 3491 enim
1559 3439 1787 3495 dixisset
1843 3442 2129 3511 quaedam,
2170 3460 2291 3516 qua:

724 3525 891 3579 etiam
933 3525 1139 3581 diceret
1186 3528 1631 3596 ecclesiasticus,
1666 3530 1882 3601 adjicit,
1925 3532 2168 3611 obediens
2220 3535 2291 3590 ad

725 3631 904 3669 eorum
933 3632 1049 3686 qure
1076 3627 1198 3672 sunt
1228 3620 1494 3688 opiﬁcium
1524 3630 1574 3676 et
1603 3625 2018 3693 generationem,
2047 3626 2287 3683 obediens

726 3708 795 3759 ad
842 3724 1044 3762 onmem
1088 3708 1561 3778 dispensationem,
1614 3731 1714 3768 non
1752 3732 1817 3769 ea:
1859 3717 2150 3773 obedientia
2195 3720 2290 3776 hoc

726 3798 946 3868 adeptus
966 3795 1034 3853 'ul
1072 3812 1207 3855 esset
1242 3802 1379 3856 Deus
1406 3803 1582 3858 Filius
1610 3846 1624 3869 ,
1653 3807 1743 3860 sed
1773 3810 1897 3878 quia
1924 3811 1991 3863 sit
2022 3808 2195 3867 Filius
2241 3823 2287 3867 et

724 3893 931 3960 genitus
975 3889 1287 3963 Unigenitus
1313 3891 1477 3956 Deus,
1504 3896 1679 3963 factus
1721 3897 1962 3953 obediens
1996 3901 2052 3953 in
2096 3902 2285 3968 verbis,

724 3981 966 4037 obediens
996 3985 1050 4037 in
1082 3986 1341 4052 operibus.
1376 3988 1539 4059 Atqui
1578 3990 1702 4059 quis
1730 4005 1918 4044 eorum
1961 3992 2054 4060 qui
2102 3993 2156 4047 in
2208 3994 2292 4047 di-

726 4069 868 4123 vinis
899 4070 1125 4126 vocibus
1170 4074 1371 4128 versati
1426 4083 1480 4129 et
1523 4077 1804 4132 exercitati
1856 4089 1983 4135 sunt
2034 4082 2285 4147 nesciat,

725 4160 945 4230 quando
986 4176 1018 4215 a
1065 4177 1260 4233 magno
1301 4163 1471 4221 Paulo
1502 4166 1707 4223 dictum
1734 4180 1850 4235 est,
1884 4178 1937 4225 et
1974 4172 2076 4227 hoc
2123 4174 2289 4230 semel

727 4260 936 4308 tantum
980 4254 1049 4310 de
1099 4255 1251 4325 ipso,
1284 4258 1428 4327 quod
1455 4260 1718 4317 obedieus
1749 4260 1926 4319 factus
1955 4272 2039 4318 est
2053 4262 2134 4317 ⁸⁸⁸1
2161 4280 2285 4318 eum

724 4342 892 4407 enim,
927 4350 987 4397 ut
1025 4359 1121 4414 per
1143 4359 1361 4401 crucem
1394 4348 1713 4421 adimpleret
1746 4353 2084 4423 mysterium,
2117 4354 2262 4409 venit

723 4448 848 4487 eum
874 4434 1424 4503 seipsumexinanivit
1439 4438 1493 4493 in
1514 4439 1686 4495 forma
1705 4445 1872 4505 servi,
1894 4460 2018 4499 cum
2051 4445 2290 4515 seipsmn

725 4523 985 4581 humilem
1016 4535 1070 4582 et
1107 4528 1379 4597 ahjeetum
1412 4532 1643 4600 praebuit
1716 4533 1770 4587 in
1817 4533 2052 4590 hominis
2096 4536 2292 4592 simili-

722 4611 912 4670 tudine
936 4623 990 4670 et
1021 4615 1212 4687 ﬁgura,
1249 4617 1501 4674 inventus
1533 4629 1589 4673 ut
1615 4621 1777 4675 homo
1808 4622 1861 4677 in
1893 4623 2082 4678 humili
2116 4623 2292 4679 homi-

723 4722 852 4761 num
901 4717 1134 4772 natura,
1188 4716 1322 4765 tunc
1376 4710 1635 4767 obediens
1676 4712 1905 4769 eﬁicitur
1941 4714 2034 4785 qui
2072 4727 2289 4773 nostras

722 4798 1023 4868 assumpsit
1057 4799 1399 4856 inﬁrmitates
1433 4809 1488 4857 et
1535 4802 1756 4859 morbos
1790 4805 2022 4874 gestavit
2045 4847 2058 4867 ,
2098 4806 2287 4863 inobe-

720 4887 1002 4955 dientiam,
1030 4890 1144 4946 sive
1171 4894 1568 4949 contumaciam
1600 4893 1876 4950 hominum
1908 4913 2005 4953 sua
2031 4899 2288 4957 obedien-

721 4979 799 5035 tia
829 4981 1069 5052 perfecte
1101 4997 1325 5049 sanans,
1359 4995 1419 5039 ut
1446 4986 1565 5056 ejus
1600 4987 1797 5051 vibice,
1841 4990 1955 5046 sive
1982 4992 2153 5047 livore
2189 5010 2288 5049 no-

721 5081 898 5129 strum
927 5082 1215 5130 sanaretur
1240 5076 1459 5140 vulnus.
1491 5086 1544 5132 et
1576 5080 1792 5149 pr0pria
1822 5092 2014 5148 morte,
2042 5099 2282 5140 comma.

720 5178 846 5221 nem
873 5164 1155 5221 hominum
1197 5177 1425 5224 mortem
1460 5169 1735 5235 aboleret,
1771 5181 1900 5227 tunc
1927 5184 2147 5245 propter
2185 5192 2286 5232 nos

722 5252 899 5312 factus
924 5264 1008 5312 est
1034 5256 1323 5324 obediens,
1370 5258 1513 5313 sicut
1545 5270 1600 5314 et
1637 5270 1917 5330 peccatum
1965 5271 2019 5318 et
2061 5265 2286 5321 maledi-

719 5344 867 5411 ctio,
912 5345 1030 5402 sive
1081 5348 1386 5405 exsecratio
1422 5357 1647 5419 propter
1684 5351 2151 5421 dispensationem
2186 5370 2286 5426 pro

723 5434 886 5493 nobis
920 5447 1229 5510 susceptam
1270 5440 1445 5496 factus
1489 5449 1593 5507 est,
1633 5456 1757 5496 eum
1798 5450 1993 5498 natura
2026 5444 2131 5501 hoc
2176 5461 2287 5503 non

792 5613 841 5647 ⁴³
876 5614 1019 5671 Psal.
1067 5632 1285 5685 chvm,
1316 5618 1349 5673 8
1380 5633 1531 5691 seqq.
1606 5619 1657 5684 ξι
1700 5618 1935 5691 Philipp.
1964 5636 2024 5687 ll,
2070 5620 2125 5676 8.

2272 4394 2287 4421 ’
2324 4399 2366 4453 υ

2394 3100 2550 3147 σεως.
2588 3084 2649 3136 Ei
2683 3084 2790 3154 γάρ
2819 3100 2871 3135 τι
2898 3084 2991 3137 καὶ
3031 3084 3349 3153 πρόσκειται
3382 3081 3517 3152 παρ’
3548 3080 3712 3137 αὐτοῦ
3746 3080 3800 3132 τὲ

2392 3173 2668 3227 εὐσέϐειαν
2700 3174 3076 3227 συντεινόντων
3097 3214 3112 3237 ,
3152 3172 3275 3227 ἀντὶ
3305 3172 3673 3242 δελεάσματος
3707 3170 3770 3224 τδ

2388 3280 2479 3317 τον
2503 3266 2617 3327 τοῖς
2644 3264 3045 3336 ἀκεραιοτέροις
3072 3262 3432 3333 προτείνεται,
3455 3263 3543 3316 ἵνα
3578 3278 3799 3328 συγκατ

2389 3353 2599 3417 τούτοις
2634 3354 2726 3406 καὶ
2766 3354 2825 3407 τὸ
2856 3353 2955 3423 τῆς
2984 3353 3234 3418 ἀσεϐείας
3264 3354 3588 3423 ἄγκιστρον.
3633 3351 3800 3404 Εἱπὼε

2390 3459 2512 3496 τινα
2540 3443 2683 3514 ἅπερ
2721 3442 2785 3497 ἂν
2815 3444 2909 3498 καὶ
2941 3444 2969 3496 ὁ
3030 3442 3485 3513 ὲκκλησιαστικὺς
3522 3439 3709 3501 εἴποι,
3752 3458 3795 3491 π

2392 3529 2569 3601 θησιν,
2603 3532 2887 3597 Ὑπήκοος
2910 3530 3060 3601 πρὸς
3084 3530 3199 3599 τὴν
3221 3530 3337 3585 τῶν
3363 3531 3561 3584 όντων
3585 3529 3799 3598 δημιοι

2389 3623 2488 3675 καὶ
2507 3621 2767 3692 γένεσιν,
2798 3622 3065 3688 ὑπήκοος
3091 3622 3239 3690 πρὸς
3269 3622 3479 3677 πᾶσαν
3506 3621 3800 3687 διοίκησιι

2385 3709 2457 3765 ἐκ
2484 3710 2593 3779 τῆς
2621 3711 2893 3780 ὑπακοῆς
2938 3712 3296 3781 προσλαϐὼν
3324 3712 3389 3765 τὸ
3422 3708 3587 3767 εἶναι
3638 3711 3782 3776 Υἱός

2389 3802 2527 3856 ἀλλ’
2558 3802 2625 3855 ἐκ
2645 3802 2751 3856 τοῦ
2787 3802 2917 3869 ΥΙὸς
2937 3799 3087 3858 εἶναι
3113 3804 3209 3857 καὶ
3235 3801 3605 3872 γεννηθῆναι
3629 3804 3800 3856 More

2392 3891 2573 3957 Θεὸς,
2604 3894 2921 3965 γενόμενος
2972 3893 3239 3961 ὑπήκοος
3284 3894 3354 3947 ἐν
3397 3895 3658 3963 λόγοις,
3720 3895 3800 3947 ὑπ

2388 3983 2687 4054 ἐνὲργοις.
2721 3987 2909 4040 Καίτοι
2941 3986 3023 4049 τίς
3051 3986 3151 4039 ούκ
3181 3982 3286 4039 οἶδε
3325 3985 3436 4038 τῶν
3474 3987 3608 4049 ταῖς
3643 3985 3800 4039 θείαι

2388 4076 2741 4149 ωμιληκότων
2782 4070 2984 4149 φωναῖς
3007 4117 3022 4142 ,
3079 4077 3207 4131 πότε
3235 4077 3450 4149 εἴρηται
3482 4076 3651 4150 παρά
3691 4077 3795 4129 τοῦ

2388 4170 2480 4224 λου
2511 4170 2723 4224 Παύλου
2822 4170 3103 4225 καὶτοῦτο
3152 4172 3236 4241 ἐφ’
3266 4171 3415 4237 ἅπαξ
3464 4171 3611 4242 περὶ
3661 4172 3800 4226 αὖτε

2390 4262 2627 4332 ὑπήκοος
2659 4262 2873 4331 ἐγένετο
2898 4281 2913 4329 ;
2953 4264 3081 4316 ’Ὀτε
3105 4263 3212 4335 γὰρ
3237 4264 3330 4319 ἐπὶ
3360 4262 3441 4334 τῷ
3476 4262 3800 4335 πληρῶσαι

2392 4352 2485 4407 τοῦ
2522 4354 2752 4425 σταυροῦ
2783 4355 3074 4426 μυστήριον
3101 4350 3282 4426 ἦλθεν,
3310 4357 3339 4409 ὁ
3376 4355 3647 4419 κενώσας
3720 4361 3799 4413 ὲαη

2395 4447 2459 4516 τῇ
2496 4443 2588 4499 τοῦ
2638 4444 2824 4498 δούλου
2876 4447 3090 4517 μορφῇ,
3126 4446 3219 4500 καὶ
3267 4444 3641 4508 ταπεινώσας
3685 4446 3799 4497 ὲαυ

2392 4536 2485 4590 τοῦ
2519 4536 2804 4610 ἀνθρώπου
2833 4539 3135 4610 ὁμοιώματι
3175 4557 3232 4593 τε
3268 4540 3360 4593 καὶ
3400 4539 3677 4610 σχήματι
3704 4578 3721 4600 ,
3771 4555 3799 4590 ε

2391 4627 2466 4690 ώς
2492 4626 2774 4699 ἄνθρωπος
2823 4631 2881 4681 ἐν
2923 4631 2988 4700 τῇ
3032 4632 3260 4700 ταπεινῇ
3292 4628 3400 4682 τῶν
3439 4626 3800 4700 ἀνθρώπων

2389 4718 2510 4772 τότε
2549 4719 2785 4790 ὑπήκοος
2820 4718 3048 4789 γίνεται,
3076 4720 3105 4773 ό
3131 4719 3229 4783 τὰς
3254 4717 3556 4782 ἀσθενείας
3590 4715 3780 4788 ἡμῶν

2390 4807 2530 4874 ϐὼν,
2567 4811 2787 4875 καὶτὰς
2833 4811 3017 4875 νόσους
3052 4810 3351 4882 βαστάσας,
3377 4809 3482 4880 τὴν
3546 4824 3800 4879 napum

2390 4897 2690 4972 ἀνθρώπων
2715 4901 2801 4957 διὰ
2838 4902 2934 4974 τῆς
2977 4902 3110 4965 ίδίας
3135 4902 3379 4972 ὑπακοῆς
3407 4898 3764 4970 ἐξιώμενος
3783 4935 3800 4961 ,

2392 4989 2616 5063 μώλωπι
2644 4992 2805 5047 αὐτοῦ
2836 4994 2895 5046 τὸ
2932 4994 3198 5066 ἡμέτερον
3231 4994 3450 5062 ἰάσηται
3481 4990 3785 5063 τραῦμα,

2386 5083 2479 5137 τοῦ
2513 5084 2639 5138 ἰδίου
2670 5084 2898 5140 Θανάτου
2922 5084 3014 5138 τὸν
3043 5083 3219 5138 κοινὸν
3259 5082 3499 5137 Θάνατον
3536 5079 3675 5133 τῶν
3712 5080 3793 5132 ἀν

2386 5172 2683 5248 ὲξαςανίσῃ
2710 5218 2724 5238 ,
2754 5176 2874 5229 τότε
2934 5175 2999 5229 δι’
3028 5178 3175 5246 ἡμᾶς
3214 5177 3456 5246 ὑπήκοος
3486 5173 3753 5241 γίνεται
3786 5210 3800 5232 ς

2387 5265 2627 5336 ἁμαρτία
2654 5266 2746 5319 καὶ
2772 5266 2983 5337 κατάρα
3018 5265 3106 5319 διὰ
3143 5265 3242 5337 τὴν
3278 5264 3420 5335 ὑπὲρ
3464 5260 3662 5333 ἡμῶν
3710 5262 3800 5312 οἱ)

2386 5356 2618 5425 ἐγένετο,
2642 5357 2703 5412 ού
2740 5357 2898 5427 φύσει
2929 5357 3084 5412 τοῦτο
3106 5356 3202 5424 ὢν,
3224 5355 3361 5410 ἀλλά
3383 5353 3554 5415 κατὰ
3585 5351 3799 5421 φιλοιν

2384 5448 2690 5521 γενόμενος.
2733 5451 2837 5506 Τὸν
2896 5450 2953 5505 δὲ
3005 5449 3273 5505 τοσούτων
3326 5444 3625 5505 itmeth
3704 5459 3799 5497 xor
