4032 6208
243 399 330 457 529
1287 389 1564 448 CONTRA
1608 389 1998 455 EUNOMIUM,
2042 388 2167 443 LIB.
2213 388 2274 442 ll.

3307 394 3413 448 3:50

240 510 365 578 παρὰ
406 503 532 565 ποίας
559 501 794 571 ἐδιδάχθη
821 502 1076 572 Γραφῆςς
1109 504 1179 555 Τὸ
1210 504 1445 557 ἐναντίον
1486 503 1584 573 μὲν
1635 500 1726 556 οὖν

1841 505 1922 567 sit,
1959 503 2052 558 sed
2079 511 2303 571 propter
2335 515 2573 553 amorem
2606 510 2658 554 et
2684 501 3120 557 benevolentiam
3158 503 3210 558 in
3242 505 3411 562 homi-

240 603 360 654 πᾶσα
383 598 688 656 θεόπνευστος
717 594 908 665 Γραφὴ
968 595 1066 665 τὴν
1098 595 1419 665 αὑθεντικὴν
1462 595 1611 665 αὑτῷ
1637 597 1732 649 καὶ

235 685 625 758 αὐτοκρατορικὴν
673 688 1084 756 προσμαρτυρεῖ
1135 686 1383 750 ἐξουσίαν
1409 728 1424 753 ,
1479 688 1725 754 λέγουσα,

235 780 386 844 Αὐτὸς
409 779 536 842 εἶπε,
583 777 678 830 καὶ
709 776 1084 846 ἐγενήθησαν
1109 818 1123 843 ,
1156 777 1338 842 αὐτὸς
1370 779 1729 843 ἐνετείλατο,

234 870 305 922 καὶ
325 869 674 934 ἐκτίσθησαν.
705 867 874 937 Δῆλον
900 866 1007 938 γάρ
1031 868 1112 920 ὅτι
1141 866 1313 921 ταῦτά
1344 885 1506 938 φησιν
1532 869 1560 919 ὁ
1586 870 1728 939 Προ-

234 961 370 1030 φήτης
434 959 543 1029 περὶ
577 957 666 1010 τοῦ
706 955 774 1010 τά
808 957 1095 1026 σύμπαντα
1133 959 1384 1028 φέροντος
1423 958 1499 1029 τῷ
1530 961 1731 1030 ῥήματι

227 1051 302 1118 τῆς
318 1050 561 1118 δυνάμεως
592 1047 779 1112 αὑτοῦ,
807 1040 867 1101 οὗ
897 1049 929 1118 ἡ
959 1048 1196 1113 ἐξουσία,
1232 1052 1410 1104 πᾶσαν
1429 1050 1614 1104 οὑσίαν
1639 1051 1734 1103 καὶ

228 1139 353 1206 φύσιν
373 1179 385 1199 ,
417 1139 497 1191 καὶ
542 1138 718 1192 πάντα
745 1138 813 1192 τά
844 1139 900 1191 ἐν
943 1141 1008 1208 τῇ
1039 1139 1215 1192 κτίσει
1259 1139 1520 1210 νοούμενα
1551 1158 1609 1192 τε
1641 1142 1733 1194 καὶ

223 1229 444 1299 ὁρώμενα,
467 1231 519 1281 ἐν
551 1229 687 1300 μόνῃ
729 1232 796 1299 τῇ
836 1228 928 1281 τοῦ
956 1228 1256 1300 θελήματος
1294 1232 1435 1300 ὁρμῇ
1477 1233 1734 1301 συνεστή-

226 1336 340 1372 σατο.
372 1318 519 1371 Πόθεν
537 1320 718 1372 τοίνυν
747 1317 1058 1388 κινούμενος
1089 1321 1117 1373 ό
1141 1319 1423 1390 Εὑνόμιος,
1457 1322 1734 1392 μυριοτρό-

223 1426 312 1472 πως
340 1409 640 1480 ἐπιφημιξει
670 1407 748 1480 τῷ
775 1408 984 1478 βασιλεῖ
1003 1409 1102 1478 τῆς
1131 1407 1359 1473 κτίσεως
1382 1410 1441 1462 τὸ
1472 1411 1731 1480 ὑπήκοον,

225 1500 462 1570 Ὑπήκοος,
476 1502 669 1570 λέγων,
692 1501 820 1571 πρὸς
838 1499 1017 1552 πᾶσαν
1038 1501 1394 1572 δημιουργίαν
1414 1542 1428 1564 ,
1478 1504 1569 1556 καὶ
1597 1502 1733 1572 πρὸς

219 1592 356 1643 πᾶσαν
377 1591 628 1661 διοίκησιν
666 1593 903 1660 ὑπήκοος
928 1631 942 1656 ,
967 1593 1206 1662 ὑπήκοος
1237 1593 1294 1646 ἐν
1317 1593 1495 1661 λόγοις
1523 1594 1618 1647 καὶ
1642 1594 1732 1663 ἕρ-

215 1683 512 1749 γοιςςΚαίτοι
538 1685 706 1738 παντὶ
737 1685 892 1753 δῆλον
924 1685 984 1738 τὺ
1010 1684 1249 1739 τοιοῦτόν
1307 1688 1474 1751 ἐστιν,
1511 1687 1592 1740 ὅτι
1637 1687 1732 1757 μό-

214 1793 280 1838 νος
297 1778 346 1828 ἐν
373 1776 534 1844 λόγοις
565 1794 630 1830 τε
667 1778 760 1830 καὶ
801 1776 979 1848 ἔργοις
1010 1778 1182 1849 ἑτέρῳ
1213 1797 1292 1842 τις
1326 1780 1561 1849 ὑπήκοος
1589 1780 1733 1847 γίνε-

1836 610 1961 649 nmn
1991 610 2162 665 genus
2194 597 2368 649 factus
2401 602 2499 646 est.
2533 591 2734 646 f’larum
2779 609 2908 648 vero
2957 604 3230 649 tantarum
3277 599 3409 652 obe-

1834 688 2160 742 dientiarum
2183 686 2511 756 catalogum,
2535 700 2600 739 ex
2622 699 2858 754 quanam
2883 684 3164 755 Scriptura
3187 690 3412 745 edoctus

1834 779 1950 834 est?
1985 777 2191 832 Contra
2217 776 2435 848 quidem
2465 777 2644 830 omnis
2679 774 2944 830 divinitus
2973 777 3235 847 inspirata
3263 778 3410 834 Scri-

1836 879 1993 939 ptura
2048 870 2097 923 ei
2132 884 2400 923 summam
2431 867 2770 934 majestatem
2806 877 2858 922 et
2889 867 3214 935 primariam
3261 883 3411 941 pote-

1835 968 2030 1015 statem
2055 975 2117 1014 ac
2145 975 2355 1014 merum
2394 959 2680 1028 imperium
2723 957 2984 1026 assignat,
3025 974 3148 1013 cum
3179 961 3416 1029 ait,lpse

1834 1051 1994 1116 dixit,
2028 1059 2075 1104 et
2106 1051 2251 1119 facta
2272 1059 2424 1111 sunt,
2458 1050 2568 1118 ipse
2600 1047 2892 1113 mandavit,
2920 1059 2966 1102 et
2992 1061 3170 1104 creata
3198 1063 3318 1103 sunt
3345 1053 3410 1105 ".

1835 1143 2187 1213 Perspicuum
2228 1151 2311 1197 est
2342 1141 2484 1196 enim
2515 1141 2655 1210 quod
2684 1142 2795 1196 lucc
2826 1143 2897 1194 ait
2936 1141 3204 1211 PrOpheta
3245 1144 3311 1196 de
3346 1161 3411 1197 eo

1834 1236 1925 1306 qui
1966 1250 2078 1290 suae
2113 1233 2364 1304 potentiae
2393 1233 2560 1287 verbo
2590 1233 2691 1286 fert
2721 1234 2973 1289 universa
3005 1236 3049 1266 ⁸⁸
3079 1254 3090 1288 :
3127 1237 3285 1306 cujus
3319 1253 3411 1305 p0-

1835 1334 2003 1382 testas
2025 1342 2238 1380 onmem
2271 1326 2560 1380 essentiam
2588 1334 2639 1379 et
2669 1333 2941 1388 naturam,
2978 1335 3031 1380 et
3072 1329 3252 1380 omnia
3288 1345 3411 1398 quia:

1837 1420 1889 1472 in
1914 1426 2164 1472 creatura
2194 1417 2574 1487 intelliguntur
2616 1425 2670 1470 et
2705 1428 3030 1483 cernuntur,
3069 1421 3186 1473 solo
3220 1422 3412 1474 volun-

1837 1510 1965 1564 tatis
2006 1509 2208 1578 impetu
2251 1517 2303 1562 et
2350 1518 2482 1561 nutu
2521 1507 2787 1561 condidit.
2829 1507 2981 1562 Unde
3023 1509 3187 1578 igitur
3233 1509 3414 1563 Euno-

1834 1602 1980 1656 mius
2023 1609 2367 1662 commotus,
2417 1599 2592 1653 modis
2633 1600 2861 1654 infinitis
2901 1601 2953 1653 in
2993 1615 3117 1670 rege
3147 1608 3411 1655 creaturae

1837 1691 2205 1746 obedientiam
2239 1690 2521 1746 celebrat?
2550 1707 2673 1744 cum
2713 1691 2808 1752 ait,
2833 1690 3106 1746 (lbediens
3151 1693 3214 1745 ad
3249 1709 3409 1746 omne

1836 1783 2108 1850 Opificium
2133 1791 2186 1837 et
2217 1779 2502 1845 fabricam,
2536 1782 2604 1834 ad
2635 1797 2850 1836 omnem
2881 1783 3407 1838 administrationem

212 1886 292 1927 ται,
315 1868 338 1918 ὀ
365 1869 512 1938 μήπω
535 1870 642 1936 τὴν
664 1870 904 1934 ἐξουσίαν
927 1869 1018 1922 τοῦ
1042 1873 1212 1922 ποιεῖν
1238 1869 1479 1940 ἀκριϐῶς
1499 1871 1531 1940 ἢ
1553 1871 1734 1938 λέγειν

1841 1874 2136 1936 obedieus,
2191 1873 2452 1926 obediens
2502 1873 2552 1925 in
2613 1873 2965 1927 sermonibus
3020 1881 3075 1927 et
3129 1874 3411 1942 operibus.

211 1959 416 2028 ἀλήπτως
453 1961 508 2012 ἐν
555 1959 741 2030 ἑαυτῷ
773 1959 1126 2030 κατορθώσας
1147 1977 1158 1989 ·
1197 1961 1329 2014 ἀλλὰ
1363 1961 1498 2030 πρὸς
1531 1961 1621 2013 τὸν
1656 1961 1731 2012 δι-

207 2048 420 2102 δάσκαλον
447 2050 648 2103 ἑαυτοῦ
683 2052 774 2102 καὶ
802 2051 1152 2120 καθηγεμόνα
1183 2051 1395 2122 βλέπων
1418 2095 1431 2117 ,
1460 2054 1580 2114 ταῖς
1604 2052 1727 2103 ὑπο-

209 2144 361 2211 θήκαις
386 2143 582 2196 ἐκείνου
611 2143 676 2196 τὸ
700 2145 755 2195 ἐν
784 2146 894 2204 τοῖς
921 2143 1099 2210 λόγοις
1127 2159 1183 2194 τε
1214 2144 1304 2195 καὶ
1339 2144 1395 2195 ἐν
1420 2144 1529 2205 τοῖς
1553 2142 1732 2213 ἔργοις

205 2235 384 2302 ἀκριϐὲς
416 2235 820 2289 ὲκπαιδεὺεται.
858 2235 930 2287 Τὸ
973 2234 1028 2288 δὲ
1081 2235 1178 2306 τὴν
1211 2235 1410 2304 Σοφίαν
1444 2234 1732 2286 ἐπιστάτου

207 2324 380 2392 χρῄζειν
409 2326 614 2378 οίεσθαι
662 2327 758 2379 καὶ
787 2325 1104 2379 διδασκάλου
1131 2366 1145 2390 ,
1174 2324 1266 2377 τοῦ
1299 2325 1394 2394 τὴν
1416 2323 1734 2378 ἀκολουθίαν

199 2413 224 2480 ἠ
252 2413 328 2483 τὴν
355 2416 702 2488 δικαιοσύνην
728 2417 862 2488 πρὸς
899 2417 958 2469 τὸ
982 2416 1098 2469 δέον
1131 2417 1266 2485 αὑτῇ
1292 2415 1733 2482 κατευθύνοντος,

203 2504 336 2574 μάνης
357 2507 444 2576 τῆς
481 2507 756 2577 Εὑνομίου
788 2507 1085 2576 φαντασίας
1120 2507 1287 2559 ἐστίν.
1320 2505 1427 2558 Καὶ
1470 2505 1599 2575 περὶ
1641 2503 1733 2556 τοῦ

198 2597 368 2668 Πατρός
399 2616 579 2669 φησιν,
611 2601 700 2652 ὅτι
734 2599 928 2662 Πιστὸς
965 2600 1020 2650 ἐν
1057 2599 1237 2667 λόγοις
1264 2638 1277 2658 ,
1308 2598 1403 2651 καὶ
1448 2596 1636 2658 πιστὸς
1679 2597 1735 2647 ὲν

197 2686 366 2755 ἔργοις·
395 2690 468 2760 τῷ
492 2691 548 2743 δὲ
578 2690 704 2761 Υἱῷ
731 2691 790 2744 τὸ
835 2692 1023 2744 πιστὸν
1074 2692 1130 2743 ἐν
1183 2693 1294 2753 τοῖς
1323 2689 1633 2760 γενομένοις
1677 2704 1736 2739 τε

195 2781 264 2831 καὶ
287 2780 576 2849 λεγομένοις
601 2784 708 2838 οὑκ
743 2783 1140 2854 ἐμαρτύρησεν.
1161 2782 1278 2836 ἀλλ’
1306 2771 1543 2852 ὑπήκοον
1577 2778 1736 2833 αὑτὸν

195 2873 238 2923 ὲν
272 2873 429 2942 λόγοις
473 2874 617 2931 εἶναι
648 2917 661 2940 ,
689 2878 782 2930 καὶ
814 2877 872 2930 οὑ
915 2876 1102 2929 πιστὸν
1147 2878 1480 2945 ἀπεφήνατο.
1522 2872 1608 2934 Ὡς
1653 2870 1740 2924 διά

196 2964 374 3019 πάντων
396 2961 468 3020 ὧν
492 2968 651 3038 λέγει
686 2968 782 3037 τὴν
815 2966 934 3020 κατ’
962 2967 1124 3020 αὑτοῦ
1164 2965 1507 3037 βλασφημίαν
1537 2963 1596 3016 τὸ
1623 2960 1740 3015 ἴσον

194 3053 308 3124 ἔχειν
330 3073 341 3084 ·
372 3058 430 3110 τὸ
470 3059 528 3111 δὲ
564 3041 780 3130 ’μωρόν
832 3075 890 3111 τε
937 3059 1029 3112 καὶ
1060 3056 1372 3127 ἀδιανόητον
1410 3056 1504 3126 τῆς
1538 3053 1739 3125 μεταξὺ

192 3147 361 3200 τούτων
390 3149 822 3220 παρεντεθείσης
858 3151 1065 3221 ρήσεως
1088 3189 1102 3211 ,
1151 3149 1348 3219 πρέπει
1378 3149 1515 3219 τάχα
1563 3150 1738 3218 σιωπῇ

194 3241 440 3306 παρελθεῖν
465 3283 479 3306 ,
513 3245 589 3313 μή
628 3257 711 3304 τις
738 3240 844 3293 τῶν
892 3242 1310 3311 ἀπερισκέπτων
1353 3239 1650 3310 ὲπιγελάσῃ
1675 3241 1740 3309 τῇ

191 3335 475 3406 ματαιότητι
505 3377 518 3397 ,
548 3333 814 3405 δακρύειν
840 3334 957 3386 δέον
987 3333 1078 3385 ἐπὶ
1105 3335 1169 3403 τῇ
1205 3331 1311 3384 τῶν
1343 3331 1526 3402 ψυχῶν
1565 3331 1743 3385 αὑτῶν

190 3424 396 3496 ἀπωλείᾳ
422 3469 436 3491 ,
486 3428 518 3497 ἦ
552 3427 726 3496 γελᾷν
765 3425 856 3478 ἐπὶ
888 3427 951 3494 τῇ
1003 3424 1180 3494 μωρίᾳ
1228 3423 1334 3476 τῶν
1377 3423 1570 3491 λόγων.
1607 3424 1744 3492 Φησὶ

192 3516 320 3586 γὰρὸ
348 3521 501 3588 σοφὸς
531 3515 698 3581 οὗτος
730 3518 824 3570 καὶ
864 3516 1325 3588 περιεσκεμμένος
1355 3516 1739 3585 δογματιστὴς,

188 3608 267 3658 οὐκ
293 3610 350 3661 ἐκ
370 3611 464 3681 τῆς
487 3610 745 3680 ὑπακοῆς
793 3609 952 3662 αὑτὸν
981 3607 1303 3679 προσλαϐεῖν
1336 3608 1396 3659 τὸ
1429 3603 1565 3660 εἶναι
1594 3607 1733 3659 Υἰόν.

192 3697 245 3748 Ὦ
261 3699 344 3768 τῆς
373 3702 658 3772 ἀγχινοίας
681 3716 695 3729 ³
733 3700 808 3760 ὡς
838 3697 1149 3764 ἀναγκαίως
1197 3699 1323 3768 περὶ
1377 3695 1578 3748 τούτων
1611 3698 1742 3765 ἡμῖν

183 3788 446 3860 διορῑζεται
480 3797 492 3847 !
519 3797 652 3848 Ὀτι
683 3794 745 3845 οὑ
778 3792 1042 3864 πρότερον
1090 3790 1327 3860 ὑπήκοος
1361 3789 1576 3856 ἐγένετο
1599 3831 1612 3854 ,
1653 3789 1744 3841 καὶ

184 3881 284 3932 τότε
307 3882 426 3947 Υἱὸς
449 3927 464 3950 ,
494 3885 624 3938 οὑδὲ
651 3882 1026 3956 πρεσὸυτέραν
1062 3881 1165 3951 χρὴ
1201 3882 1339 3932 νοεῖν
1367 3880 1463 3948 τὴν
1497 3880 1744 3948 ὑπακοὴν

182 3973 320 4026 αὑτοῦ
343 3978 438 4046 τῆς
460 3979 797 4047 γεννήσεως.
824 3976 883 4027 Ei
913 3974 968 4027 δὲ
1001 3973 1074 4043 μὴ
1099 3973 1528 4043 προσδιωρίσατο
1551 3969 1741 4033 ταῦτα,

182 4063 249 4124 τίς
274 4064 407 4118 οὕτω
435 4069 628 4140 μωρὸς
655 4069 749 4119 κει)⁸
778 4064 981 4134 quem;
1023 4059 1091 4133 ἦν
1111 4104 1126 4127 ,
1171 4063 1246 4125 ὡς
1281 4061 1468 4132 μισθὸν
1501 4060 1744 4128 ὑπακοῆς

180 4156 404 4226 ιίηθῆναι
431 4160 588 4230 παρᾶ
618 4157 713 4211 τοῦ
741 4155 949 4227 [ἰατρὸς
989 4153 1136 4224 αὑτῴ
1156 4153 1396 4206 δεδόσθαι
1421 4153 1519 4222 τὴν
1551 4152 1744 4221 γέννη-

187 4261 271 4308 ςιν,
300 4250 374 4318 τῷ
404 4251 512 4322 πρὸ
544 4252 646 4320 τῆς
670 4249 975 4318 γεννήσεως
997 4245 1388 4316 ἐπιδειξαμὲνῳ
1416 4245 1476 4298 τὸ
1497 4243 1746 4306 εὐπειθὲς

184 4342 257 4390 ul.
291 4339 574 4412 ὑπήκοονς
617 4340 756 4394 Ἀλλ’
793 4341 878 4393 ἵνα
932 4339 1004 4410 μὴ
1055 4338 1359 4408 προχείρως
1405 4353 1488 4399 τις
1538 4337 1602 4387 ὲκ
1645 4333 1746 4404 τῆς

185 4430 340 4496 ἀνοίας
386 4435 501 4488 τῶν
555 4435 865 4505 λεγομένων
904 4434 1186 4502 κατασυρῇ
1217 4431 1352 4501 πρὸς
1390 4428 1481 4482 τὸν
1513 4428 1742 4497 γέλωτα,

1835 1965 2144 2030 Quinetiam
2187 1964 2290 2018 hoc
2317 1963 2544 2018 cuilibet
2578 1970 2661 2017 est
2693 1964 3042 2033 perspicuum
3081 1973 3132 2019 et
3179 1966 3409 2027 clarum,

1835 2059 1975 2128 quod
2016 2057 2167 2112 solus
2210 2057 2264 2110 in
2296 2057 2644 2112 sermonibus
2682 2068 2735 2110 et
2768 2057 3026 2126 eperibus
3059 2058 3213 2111 alteri
3256 2057 3411 2127 quis—

1837 2150 1978 2218 piam
2027 2148 2083 2201 fit
2117 2149 2401 2209 obediens,
2428 2148 2521 2218 qui
2558 2148 2799 2202 nondum
2829 2160 3020 2204 exacte
3057 2149 3288 2205 faciendi
3317 2150 3412 2202 ha-

1836 2241 2006 2295 bitum
2046 2240 2130 2295 vel
2161 2239 2381 2294 dicendi
2416 2239 2625 2308 absque
2659 2254 2848 2294 errore
2888 2251 2941 2294 et
2991 2239 3415 2309 reprehensione

1837 2333 1890 2385 in
1927 2331 2105 2400 seipse
2136 2330 2383 2401 pet-fecit,
2413 2332 2509 2386 sed
2543 2332 2598 2385 in
2629 2347 2788 2387 suum
2833 2332 3150 2402 magistrum
3191 2341 3243 2387 et
3279 2348 3414 2403 prae—

1836 2431 2110 2494 ceptorem
2163 2425 2384 2478 intuens
2431 2424 2718 2493 praeceptis
2765 2424 2912 2479 illius
2943 2423 3087 2494 quod
3120 2425 3172 2477 in
3209 2439 3416 2479 sermo-

1838 2517 2000 2571 nibus
2034 2529 2086 2571 et
2114 2517 2371 2586 operibus
2412 2527 2730 2571 accuratum
2782 2525 2866 2572 est
2917 2527 2972 2572 et
3028 2516 3273 2570 limatum
3333 2519 3399 2569 iu-

1839 2607 2068 2662 struitur
2094 2615 2148 2661 et
2172 2605 2440 2661 eruditur.
2472 2605 2671 2660 Putare
2707 2613 2890 2660 autem
2931 2606 3268 2675 Sapientiam
3300 2622 3415 2658 ma-

1840 2697 2012 2768 gistro
2036 2704 2090 2750 et
2122 2696 2345 2750 doctore
2366 2694 2608 2764 indigere
2628 2709 2693 2749 eo
2714 2695 2806 2764 qui
2827 2695 2912 2749 vel
2936 2695 3412 2756 consecutionem,

1840 2787 1921 2840 vel
1949 2785 2218 2855 justitiam
2255 2783 2322 2838 ad
2364 2784 2415 2838 id
2447 2785 2590 2854 quod
2627 2784 2676 2839 ei
2703 2801 2840 2854 opus
2869 2792 2953 2840 est
2985 2784 3208 2855 dirigat,
3244 2785 3418 2840 solius

1841 2875 2093 2929 Ennomii
2152 2875 2380 2928 visionis
2428 2881 2533 2928 est.
2583 2875 2662 2926 Ac
2699 2873 2766 2927 de
2804 2871 2964 2928 Patre
3012 2873 3224 2942 inquit,
3269 2875 3414 2943 quod

1844 2967 2016 3021 fidelis
2055 2966 2108 3020 in
2150 2966 2500 3021 sermonibus
2552 2975 2604 3020 et
2655 2964 2831 3019 ﬁdelis
2888 2965 2943 3018 in
3003 2965 3219 3031 verbis;
3279 2965 3418 3019 Filio

1843 3067 2020 3111 autem
2055 3056 2196 3126 quod
2235 3055 2390 3112 fidele
2417 3064 2502 3111 est
2537 3056 2590 3109 in
2615 3055 2776 3111 dictis
2819 3065 2872 3110 et
2905 3056 3064 3110 factis
3111 3071 3217 3108 non
3257 3056 3417 3109 attri-

1843 3152 1980 3212 buit,
2020 3149 2114 3204 sed
2148 3149 2324 3218 ipsum
2361 3148 2729 3212 obedientem,
2772 3163 2880 3202 non
2915 3145 3148 3212 fidelem,
3190 3149 3243 3200 in
3298 3161 3416 3202 ser-

1845 3240 2095 3295 monibus
2127 3247 2179 3294 et
2209 3239 2468 3308 operibus
2501 3239 2895 3309 pronuntiavit.
2917 3237 2990 3291 fta
3026 3247 3081 3292 ut
3116 3254 3210 3308 per
3237 3237 3417 3290 omnia

1842 3348 1962 3402 quae
2000 3333 2114 3402 ipse
2151 3332 2349 3386 asserit
2373 3372 2388 3396 ,
2429 3332 2682 3401 impietas
2741 3341 2796 3386 et
2847 3331 3189 3401 blasphemia
3227 3342 3419 3389 contra

1843 3425 2023 3494 ipsum
2058 3423 2285 3494 perinde
2327 3431 2381 3478 et
2414 3422 2699 3492 aequaliter
2746 3438 2804 3478 se
2853 3423 3086 3494 habeat;
3136 3429 3420 3483 stultitiam

1842 3525 2020 3568 autem
2039 3521 2093 3568 et
2115 3515 2408 3568 amentiam
2429 3514 2717 3568 verborum
2747 3513 3161 3587 iuterjectorum
3197 3529 3421 3590 przestat

1844 3604 2080 3660 fortasse
2113 3605 2333 3660 silentio
2365 3606 2665 3661 involutam
2698 3611 3000 3678 prieterire,
3047 3625 3115 3666 ne
3165 3611 3289 3681 quis
3337 3613 3422 3666 in-

1842 3697 2220 3752 consultorum
2271 3708 2327 3753 et
2376 3699 2844 3768 improvidorum,
2889 3701 3082 3756 horum
3130 3704 3422 3758 vanitatem

1842 3786 2108 3853 derideat,
2144 3804 2270 3841 cum
2297 3788 2483 3858 potius
2514 3789 2750 3845 ﬂendum
2777 3798 2922 3845 esset
2951 3801 3174 3861 propter
3210 3793 3388 3845 anima
3409 3825 3424 3835 ι

1843 3895 1962 3932 rtnn
2002 3880 2247 3949 ipsorum
2290 3881 2605 3948 interitum,
2659 3898 2822 3951 quam
2871 3882 3157 3937 ridendum
3205 3894 3426 3953 propter

1845 3987 2161 4026 sermonum
2195 3973 2484 4027 stultitiam
2524 3983 2577 4027 et
2629 3974 2958 4031 fatuitatem.
3009 3974 3099 4027 Ait
3140 3975 3282 4028 cnim
3325 3977 3425 4029 iste

1845 4063 2064 4130 Sapiens
2117 4070 2171 4117 et
2221 4061 2605 4117 consideratus
2649 4063 3010 4130 dogmatista,
3059 4078 3164 4116 non
3193 4079 3257 4116 ex
3296 4064 3426 4116 obe-

1848 4154 2050 4208 dientia
2076 4156 2251 4224 ipsum
2279 4154 2584 4222 accepisse,
2615 4161 2676 4206 ut
2705 4155 2776 4206 sit
2805 4152 2994 4207 Filius.
3027 4156 3067 4206 Ο
3102 4155 3376 4209 solertiam
3410 4158 3422 4208 !

1847 4259 2008 4312 quam
2063 4244 2376 4298 necessario
2411 4243 2478 4298 de
2513 4243 2598 4296 his
2653 4242 2811 4298 nobis
2844 4244 3096 4298 disserit!
3132 4245 3286 4310 Quod
3318 4261 3424 4299 non

1845 4337 1997 4403 prius
2031 4334 2290 4390 obedieus
2327 4333 2503 4388 factus
2555 4342 2678 4398 est,
2715 4343 2768 4389 et
2811 4344 2940 4389 tunc
2990 4334 3201 4397 Filius,
3251 4351 3427 4406 neque

1847 4436 2060 4498 oportet
2115 4427 2422 4498 intelligere
2472 4427 2839 4482 obedientiam
2894 4427 3015 4497 ejus
3077 4431 3429 4498 generatione

183 4525 402 4582 tonitru
435 4529 524 4581 ὅτι
559 4528 674 4598 ἔχει
725 4543 778 4579 τι
829 4526 924 4578 καὶ
970 4526 1002 4595 ἠ
1053 4523 1232 4594 μωρία
1278 4522 1386 4574 τῶν
1436 4521 1739 4592 λεγομένων

1849 4519 2236 4587 antiquiorem.
2265 4517 2420 4583 Quod
2450 4519 2493 4573 si
2522 4519 2636 4575 lucc
2668 4519 2890 4575 minimc
2918 4520 3278 4585 distinxisset,
3303 4521 3430 4589 quis

180 4612 402 4684 ὕιιρύων
444 4618 626 4682 ἄξιον.
662 4620 728 4670 Ὀ
774 4616 882 4687 γάρ
933 4614 1178 4685 βούλεται
1215 4613 1622 4666 κατασκευάσαι
1657 4611 1744 4664 διὰ

181 4705 379 4773 τούτων,
417 4710 669 4763 τοιοῦτόν
697 4710 864 4770 ἐστιν,
898 4708 980 4760 ὅτι
1018 4707 1176 4776 φύσις
1222 4706 1369 4776 αὐτῷ
1397 4706 1600 4775 ἐστινὴ
1643 4704 1743 4756 ὑπ’

180 4799 318 4865 σκοή.
367 4800 463 4862 Ὠς
511 4800 649 4870 μηδὲ
679 4798 1020 4869 βουλουμένῳ
1047 4795 1268 4851 δυνατὸν
1302 4795 1554 4864 γενέσθαι
1581 4795 1642 4848 τδ
1667 4795 1742 4864 μὴ

181 4884 396 4957 ἐπήκοον
426 4885 598 4944 εἶναι.

1851 4611 1922 4664 ita
1956 4609 2135 4664 fatuus
2169 4618 2223 4663 et
2263 4610 2518 4674 stolidus,
2552 4620 2608 4664 ut
2645 4611 2949 4665 mercedem
2978 4611 3302 4666 obedientia:
3328 4627 3428 4680 pu-

1857 4709 1928 4756 tet
1954 4718 1980 4754 a
2024 4699 2188 4757 Patre
2222 4703 2322 4772 ipsi
2357 4703 2540 4756 datam
2573 4719 2694 4756 esse
2734 4703 3172 4771 generationem,
3208 4701 3298 4771 qui
3333 4717 3431 4755 an-

1851 4807 2070 4866 tequam
2103 4804 2258 4852 ortus
2289 4804 2436 4851 esset
2461 4812 2615 4850 suam
2646 4796 2700 4849 in
2740 4796 2980 4865 parendo
3013 4796 3328 4850 facilitatem
3377 4801 3432 4847 et

1852 4888 1907 4942 in
1934 4888 2237 4943 obediendo
2259 4889 2596 4943 alacritatem
2630 4887 3002 4943 ostendisset?
3031 4888 3123 4943 sed
3149 4903 3214 4941 ue
3231 4886 3352 4956 quis
3375 4885 3430 4938 iu

177 4994 407 5051 promptu
440 5001 517 5038 ex
546 4982 815 5036 dictorum
847 4981 1082 5034 amentia
1112 4987 1165 5033 et
1199 4976 1449 5033 vecordia
1484 4975 1594 5030 risu
1649 4977 1944 5044 quatiatur,
1996 4977 2260 5048 intelligat
2315 4975 2460 5046 quod
2495 4975 2609 5030 haec
2642 4975 2865 5030 fatuitas
2917 4985 2972 5029 et
2996 4973 3429 5043 stultiloquentia

181 5071 361 5142 aliquid
403 5076 676 5141 lacryuiis
739 5073 963 5142 dignum
989 5101 992 5104 -
1015 5069 1228 5124 habeat.

1304 5067 1459 5135 Quod
1505 5069 1650 5123 enim
1694 5068 1810 5121 vult
1851 5084 1944 5137 per
1970 5069 2083 5122 haec
2111 5070 2400 5130 conficere.
2431 5069 2538 5122 tale
2567 5075 2670 5134 est,
2708 5068 2852 5138 quod
2885 5077 3076 5122 natura
3109 5067 3156 5123 ei
3189 5074 3272 5123 est
3301 5067 3432 5122 obe-

173 5165 382 5218 dienlia.
433 5169 525 5219 lia
573 5176 628 5220 ut
673 5167 838 5221 etiam
909 5164 953 5219 si
1007 5164 1137 5217 velit
1188 5162 1303 5215 fieri
1379 5177 1487 5215 non
1554 5160 1760 5230 possit,
1809 5168 1866 5213 ut
1907 5161 2173 5217 obcdicns
2206 5177 2311 5216 non
2341 5161 2427 5216 sit.

236 5252 493 5309 τοιοῦτον
561 5257 662 5328 γὰρ
730 5257 890 5310 αὑτὸν
949 5253 1383 5308 κατεσκευάσθαι
1422 5253 1610 5322 λέγει,
1673 5261 1752 5317 ὡς

171 5353 303 5417 ,τρῖς
359 5353 655 5419 ὑπακοὴν
696 5354 892 5421 μόνην
927 5350 1038 5416 τὴν
1096 5350 1286 5418 φύσιν
1321 5349 1507 5402 αὑτοῦ
1545 5348 1745 5412 ἐπιτη-

173 5438 325 5507 δείως
364 5445 573 5510 ἔχειν.
601 5443 857 5512 Καθάπερ
906 5441 1013 5494 τῶν
1060 5440 1304 5511 ὀργάνων
1338 5441 1397 5493 τὸ
1440 5441 1572 5510 πρός
1628 5455 1748 5490 τινα

165 5531 325 5584 sirm
353 5534 872 5603 ἐσχηματισμένον,
906 5534 1078 5584 ἐκεῖνο
1121 5531 1179 5583 τὸ
1214 5526 1349 5594 εἶδος
1384 5533 1601 5586 ἐντυποῖ
1630 5529 1745 5582 κατ’

165 5623 414 5694 ἁάγκτρ)
452 5625 545 5694 τῷ
580 5627 955 5697 ὑποκειμένῳ,
1002 5626 1135 5693 ὅπερ
1174 5626 1200 5676 ὁ
1235 5623 1509 5692 χαλκεύων
1544 5625 1605 5694 τῇ
1655 5621 1746 5675 τοῦ

230 5803 275 5831 ⁸³
328 5807 490 5857 I‘sat.
545 5820 756 5874 οδω-ιιι,
791 5810 840 5860 5.
919 5808 960 5837 ""
1006 5803 1162 5859 llcbr.
1212 5806 1332 5872 1,5.

1927 5343 2056 5396 Tale
2112 5342 2368 5409 quiddam
2423 5341 2662 5409 seipsntn
2729 5341 3110 5394 coiistriiaissc
3169 5338 3432 5404 affirmat,

1855 5435 1993 5504 qum!
2020 5434 2087 5486 ad
2117 5435 2466 5488 obedientiam
2497 5434 2664 5486 solum
2699 5445 2893 5484 natura
2926 5432 3039 5500 ejus
3073 5434 3436 5486 convenienter

1856 5545 1910 5580 se
1939 5526 2148 5588 habent,
2175 5525 2631 5595 quemadmodum
2663 5525 3090 5578 instrumentum
3128 5523 3259 5577 illud
3290 5523 3434 5594 quod

1857 5620 1920 5675 ad
1965 5621 2198 5693 aliquem
2237 5627 2421 5690 typum
2454 5618 2567 5672 sive
2608 5616 2835 5670 formam
2875 5617 3276 5671 conformatum
3321 5626 3440 5680 est,
