4032 6208
790 384 887 441 551
1990 376 2047 429 S.
2080 369 2405 430 GREGORH
2446 370 2733 428 NYSSEN!

793 498 1107 556 necessario
1125 511 1242 551 eam
1265 495 1500 568 speciem
1522 493 1781 564 imprimit
1814 494 2052 548 materiae
2082 492 2361 560 subjecta,

2131 492 2361 560 tbjcctaz,
2392 493 2434 549 A
2463 489 2691 564 ὀργάνου
2721 489 3030 557 κατασκευῇ
3066 483 3332 540 ἐναπέθετο
3350 524 3360 548 ,
3431 480 3505 534 οὒκ
3534 477 3619 531 ἐστι
3644 475 3723 529 δύνε

795 605 958 661 quam
976 587 1196 660 quidem
1224 567 1574 643 instrumenti
1602 584 1946 640 fabricatioui
1975 584 2167 638 indidit
2194 582 2361 637 fabri-

2131 584 2167 637 it
2194 582 2361 637 [ποτε-
2463 581 2496 652 ἢ
2528 580 2654 634 εὐθὺ
2688 580 2906 649 ποιῆσαι
2935 578 3011 648 τῷ
3057 575 3390 645 ὑποδεχομένῳ
3419 572 3464 624 τὸ
3489 569 3624 640 ἴχνος,
3656 567 3690 618 εἱ
3717 582 3723 597 ·

797 689 995 747 cator,
1046 681 1134 737 cui
1189 681 1551 736 instrumento
1600 693 1708 733 non
1747 684 1833 732 est
1888 675 2122 731 facultas
2161 683 2365 729 rectam

2161 683 2365 729 rectam
2467 672 2636 742 φερὴς
2661 670 2742 741 εἴη
2772 673 2809 741 ἡ
2840 668 3088 742 ἐργασία,
3114 668 3146 738 ἢ
3172 666 3344 720 κύκλον
3366 663 3493 727 δεῖξαι
3516 660 3582 713 διὰ
3599 656 3668 711 τοῦ
3692 674 3723 708 τι

799 773 1000 827 lineam
1036 770 1269 827 faciendi
1326 770 1381 823 in
1426 767 1672 837 subjecto
1727 766 1871 836 quod
1917 765 2038 835 ejus
2080 763 2367 833 vestigium

2131 763 2367 833 :stigium
2468 765 2517 816 εί
2565 765 2681 817 κατ’
2715 763 2926 816 εὐθεῖαν
2981 758 3403 831 ἐσχηματισμένον
3428 754 3544 823 τύχοι
3578 751 3624 804 τὸ
3658 749 3723 818 ὅρη

800 859 1035 930 excepit,
1069 859 1115 914 si
1144 858 1396 912 machina
1428 856 1591 912 fuerit
1618 856 1904 910 rircularis
1925 894 1939 918 ,
1974 856 2058 910 vel
2103 853 2367 907 circulum

2138 853 2367 907 irculum
2470 856 2634 908 Ὅσον
2673 854 2729 908 δὲ
2762 854 2859 924 τῆς
2901 851 3151 921 τοιαύτης
3183 848 3384 911 διανοίας
3415 845 3504 898 ἔστι
3524 844 3570 895 τὸ
3597 840 3723 911 βλασς

802 951 1124 1007 ostendendi
1157 966 1251 1021 per
1277 958 1486 1022 typum,
1527 949 1574 1005 si
1604 948 1669 1002 ad
1703 959 1905 1002 rectam
1943 947 2138 1001 lineam
2172 946 2371 1016 ﬁgura-

2131 946 2371 1016 iiigura-
2470 946 2522 999 τί
2574 944 2679 1016 χρὴ
2736 944 2823 997 διὰ
2872 944 2982 998 τῶν
3041 940 3312 1012 ἡμετέρων
3353 930 3723 991 ἐπικαλύπτεσθαιῖ

739 1116 743 1120 ρ
805 1051 919 1097 tum
962 1042 1507 1098 sitinstrumentum.
1550 1040 1767 1106 Quanta
1798 1040 1870 1094 sit
1902 1048 2085 1093 autem
2125 1037 2250 1090 talis
2278 1049 2331 1087 cc

2131 1037 2250 1090 talis
2278 1049 2374 1087 (το-
2474 1038 2641 1106 αῦτῆς
2663 1039 2760 1108 τῆς
2785 1036 3061 1106 αἱρετικῆς
3094 1032 3273 1102 φωνῆς
3305 1029 3382 1100 τὴν
3402 1025 3580 1080 ἀτοπίαν
3607 1021 3723 1093 βοώσ

808 1136 1084 1203 gitationiJ
1117 1144 1169 1190 et
1214 1127 1582 1204 intellig'entize
1617 1131 1951 1202 blasphemia
1982 1138 2036 1184 et
2066 1125 2376 1184 exsecrabi-

2138 1125 2376 1183 Sccrabi-
2475 1130 2582 1200 γὰρ
2606 1127 2691 1181 διὰ
2721 1126 2879 1179 τοῦτο
2905 1126 3140 1196 ὑπήκοος
3161 1162 3176 1186 ,
3205 1122 3325 1176 διότι
3360 1117 3549 1179 τοιοῦτος
3575 1113 3718 1182 ὲγένετ

810 1228 879 1283 lis
944 1227 1231 1296 impietas,
1286 1227 1415 1297 quid
1472 1240 1696 1281 necesse
1759 1233 1845 1280 est
1896 1233 2083 1278 nostra
2134 1219 2380 1274 oratione

2134 1219 2380 1274 oratione
2478 1221 2613 1293 πρὸς
2640 1219 2984 1291 ἀνθρωπίνην
3014 1216 3173 1286 φύσιν
3203 1215 3387 1274 πάντως
3410 1210 3460 1263 τὸ
3494 1204 3588 1260 ἶσον
3621 1206 3723 1274 ἔχει.

811 1320 1075 1384 revelare,
1108 1335 1231 1373 cum
1260 1334 1358 1374 vox
1398 1320 1515 1389 ipsa
1552 1317 1806 1373 haeretica
1837 1314 2231 1371 absurditatem
2271 1311 2381 1362 cla-

2130 1320 2231 1367 tem
2271 1311 2381 1362 Cla-
2480 1314 2609 1382 ἡμῖν
2654 1312 2751 1382 μὲν
2784 1308 3128 1376 αὖτεξούσιός
3158 1307 3296 1358 ἐστιν
3333 1305 3360 1373 ἠ
3394 1298 3514 1370 ψυχὴ
3539 1297 3614 1351 καὶ
3642 1294 3717 1348 ὀιδέ

813 1411 1007 1465 mitet?
1038 1411 1092 1464 Si
1134 1412 1277 1466 enim
1314 1386 1536 1481 propter
1578 1409 1682 1463 hoc
1726 1407 1985 1463 obediens
2014 1446 2028 1469 ,
2079 1404 2206 1474 quia
2256 1400 2382 1454 talis

2131 1404 2206 1458 aia
2256 1400 2382 1454 talis
2481 1400 2951 1474 αὐτοκρατορικῶς
2982 1399 3273 1469 αἱρουμένη
3301 1393 3399 1448 κατ’
3426 1389 3626 1455 ἐξουσίαν
3646 1386 3723 1438 τοι

818 1511 980 1557 natus
1028 1510 1111 1557 est
1140 1544 1154 1567 ,
1211 1518 1391 1573 neque
1441 1517 1565 1557 cum
1628 1502 1869 1556 humana
1917 1506 2112 1553 natura
2161 1506 2385 1565 prorsus

2101 1514 2112 1550 ι
2161 1506 2385 1565 prorsus
2488 1512 2606 1565 μιον
2628 1511 2640 1523 ⁸
2675 1495 2704 1546 ὁ
2735 1492 2793 1546 δὲ
2847 1490 3056 1560 ἀνάγκῃ
3086 1487 3293 1558 φύσεως
3332 1478 3693 1551 ὑπεζευγμένος,

817 1594 1031 1665 aequale
1068 1593 1251 1649 habet.
1277 1567 1558 1663 Siquidem
1588 1592 1745 1648 nobis
1775 1591 1957 1645 anima
1979 1596 2063 1643 est
2087 1586 2276 1649 libera,
2301 1584 2386 1637 sui

2131 1587 2276 1649 hera,
2301 1584 2386 1637 sui
2485 1584 2573 1638 διὰ
2623 1583 2821 1646 παντὸς
2845 1623 2859 1646 ,
2897 1581 3094 1652 μᾶλλον
3134 1578 3191 1632 δὲ
3238 1576 3408 1645 πάσχει
3446 1572 3527 1643 τὴν
3557 1567 3723 1623 omni

816 1688 959 1758 juris
998 1702 1258 1756 compos,
1297 1685 1504 1740 nullius
1535 1683 1780 1738 dominio
1815 1681 2152 1748 mancipata,
2199 1684 2390 1746 sponte

2111 1696 2152 1742 ι,
2199 1684 2390 1746 sponte
2488 1678 2537 1729 εἰ
2573 1674 2646 1746 μὴ
2698 1673 2937 1744 βούλοιτο
2986 1670 3142 1724 τοῦτο
3190 1669 3346 1721 ποιεῖν
3380 1660 3703 1734 συγχωρούσης

822 1750 921 1836 sua
954 1750 1290 1848 arbitrioque
1317 1793 1418 1834 suo
1455 1775 1600 1847 quod
1640 1776 1744 1830 sibi
1778 1774 1957 1842 placet
1981 1779 2034 1826 et
2063 1776 2277 1842 gratum
2308 1774 2392 1821 est

2131 1776 2277 1823 atum
2308 1774 2392 1821 est
2422 1831 2463 1848 n
2495 1786 2649 1831 σεως.
2689 1767 2782 1819 Ἐκ
2822 1764 2929 1835 γὰρ
2955 1762 3049 1817 τοῦ
3081 1760 3205 1823 Υἱὸς
3234 1754 3355 1812 εἶναι
3374 1756 3456 1810 καὶ
3478 1750 3723 1822 γεγενῆσθο

821 1872 1050 1942 eligens.
1081 1868 1186 1935 Qui
1225 1877 1405 1924 autem
1456 1831 1671 1922 naturae
1718 1862 2028 1919 necessitati
2065 1831 2393 1929 subjtigatus

2131 1860 2393 1929 ibjugatus
2422 1831 2464 1885 Β
2494 1859 2730 1929 ὑπήκοος
2770 1854 2988 1923 γέγονεν
3017 1855 3073 1905 ὲν
3103 1849 3296 1917 λόγοις,
3332 1845 3413 1900 καὶ
3441 1843 3644 1912 ὑπήκοος
3684 1841 3723 1890 ὲκι

823 1970 929 2028 est,
955 1969 1214 2031 operatur
1235 1974 1472 2028 semper.
1497 1959 1608 2012 imo
1642 1971 1770 2010 vero
1795 1955 2095 2026 perpetitur
2136 1953 2396 2008 obedien-

2136 1953 2396 2008 obedien-
2499 1953 2563 2004 Ὦ
2603 1951 2700 2020 τῆς
2742 1945 3092 2015 ἀναισθησίας
3123 1942 3216 1997 τοῦ
3261 1935 3708 2031 δόγματοςιΛόγοὲς

826 2051 957 2103 tiam
992 2064 1005 2100 :
1040 2058 1203 2119 atque
1232 2047 1397 2102 etiam
1440 2045 1486 2101 si
1528 2045 1683 2108 nolit,
1720 2045 1822 2099 hoc
1855 2042 2039 2097 facere
2057 2042 2179 2112 ejus
2202 2050 2394 2097 natura

2131 2050 2394 2098 isnatura
2494 2041 2584 2094 τὸν
2630 2040 2800 2106 Λόγον
2824 2037 2990 2098 ποιεῖς
3016 2072 3030 2098 ,
3077 2033 3169 2086 καὶ
3204 2028 3509 2099 προεπινοεῖς
3532 2022 3615 2076 τοῦ
3658 2020 3723 2073 όνπ

829 2155 937 2194 non
970 2112 1268 2208 indulgeat.
1305 2135 1379 2189 Ex
1421 2150 1485 2188 eo
1521 2134 1664 2187 enim
1713 2132 1857 2202 quod
1912 2132 1983 2186 sit
2037 2132 2180 2186 [ilius
2220 2139 2274 2187 et
2317 2133 2397 2186 sic

2131 2147 2180 2186 ις
2220 2139 2274 2187 et
2317 2133 2397 2186 sic
2492 2126 2697 2196 Λόγους
2720 2123 2958 2197 ἑτέρους·
2994 2125 3087 2177 καὶ
3114 2119 3371 2194 μεσιτεύει
3407 2114 3492 2170 τοῦ
3519 2115 3569 2166 ὲν
3598 2115 3657 2183 τῇ
3695 2112 3723 2163 ἁ

829 2240 991 2286 natus
1013 2270 1029 2294 ,
1077 2203 1335 2283 obediens
1379 2225 1557 2280 factus
1590 2232 1676 2279 est
1716 2224 1770 2278 in
1806 2222 1971 2277 dictis
1995 2263 2009 2287 ,
2048 2231 2103 2277 et
2139 2222 2397 2278 obedicns

2139 2222 2397 2278 obedicns
2494 2222 2668 2289 Λόγου
2723 2217 2908 2287 ἕτερος
2953 2214 3123 2281 Λόγος
3166 2212 3264 2282 τῆς
3315 2208 3473 2279 ἀρχῆς
3519 2203 3640 2294 προς
3690 2219 3722 2294 α

831 2319 886 2371 in
925 2317 1107 2374 factis.
1141 2317 1185 2372 Ο
1214 2326 1492 2386 stuporem
1518 2322 1572 2370 et
1597 2313 1907 2369 vecordiam
1941 2305 2252 2382 dogmatis!
2279 2325 2399 2366 ver-

2127 2312 2213 2366 itis
2239 2305 2252 2358 ἔ
2279 2325 2399 2366 ver—
2498 2285 2828 2382 πορθμεύων
2851 2308 2912 2360 τὸ
2965 2304 3240 2375 βούλημα.
3296 2301 3397 2355 Καὶ
3421 2298 3514 2368 οὺχ
3553 2291 3626 2358 εἷς
3667 2285 3719 2345 οῦ

828 2410 914 2467 bis
939 2409 1201 2465 obediens
1230 2383 1471 2464 Verbum
1518 2404 1675 2470 facis,
1705 2412 1760 2459 et
1792 2411 1972 2458 mente
2012 2400 2264 2472 concipis
2290 2400 2398 2454 alia

2088 2400 2264 2472 ncipis
2290 2400 2398 2454 alia
2498 2403 2594 2456 καὶ
2639 2397 2882 2461 πλείονές
2929 2395 3033 2449 εἰσί
3088 2409 3232 2455 τινες
3270 2389 3458 2459 Λόγοι,
3507 2387 3554 2440 οἱ
3599 2383 3680 2437 διὰ

833 2498 1007 2553 Verba
1025 2508 1151 2552 ante
1169 2496 1406 2554 Verbum
1455 2496 1599 2568 quod
1630 2506 1713 2552 est
1743 2511 1837 2566 per
1865 2493 2159 2551 essentiam
2188 2510 2199 2544 :
2229 2501 2284 2548 et
2316 2492 2399 2546 iu-

2131 2508 2159 2547 ιι
2188 2510 2199 2544 :
2229 2501 2284 2548 et
2316 2492 2399 2546 iu-
2499 2490 2672 2563 ἀρχῆς
2738 2488 2833 2541 καὶ
2861 2485 2954 2540 τοῦ
2979 2484 3154 2552 Λόγου
3210 2479 3353 2551 παρὰ
3376 2476 3464 2531 τοῦ
3498 2473 3723 2544 Εὐνομὶοη

832 2596 916 2643 ter
951 2586 1191 2643 Verbum
1234 2585 1379 2657 quod
1413 2593 1533 2641 erat
1581 2585 1635 2639 in
1688 2583 1982 2655 principio,
2028 2582 2237 2638 scilicet
2281 2595 2397 2634 me-

2132 2582 2237 2636 icet
2281 2595 2397 2634 me-
2503 2583 2755 2656 ρόμενοι,
2794 2577 2889 2631 καί
2941 2575 3074 2646 πρὸς
3125 2573 3187 2626 τὸ
3238 2569 3421 2625 δοκοῦν
3470 2569 3643 2628 αὐτοῖς
3699 2582 3723 2617 τ

831 2681 981 2738 dium
1012 2687 1096 2735 est
1116 2690 1170 2734 et
1199 2678 1543 2748 interjectum
1580 2675 1727 2731 aliud
1763 2673 2020 2737 Verbum,
2051 2670 2300 2744 principii
2332 2670 2400 2723 ad

2095 2670 2300 2741 rincipii
2332 2670 2400 2723 ad
2501 2670 2664 2728 αὐτοῦ
2693 2665 3126 2739 καταχρώμενοι.
3172 2662 3329 2716 Ἀλλὰ
3373 2660 3423 2714 τί
3472 2658 3574 2730 χρὴ
3621 2661 3687 2728 τῇ

834 2774 1011 2847 ipsum
1041 2771 1420 2825 transmittens
1452 2768 1808 2823 voluntatem.
1844 2765 1954 2822 Nec
1975 2764 2106 2819 illud
2135 2777 2302 2818 unum
2319 2769 2404 2817 est

2135 2777 2302 2818 unum
2319 2769 2404 2817 est
2500 2765 2607 2819 τῶν
2633 2761 2939 2832 λεγομένων
2966 2755 3353 2827 ὲνδιατρίϐειν;
3384 2751 3549 2805 Παντὶ
3576 2749 3681 2820 γὰρ
3708 2749 3723 2801 ί

840 2843 1075 2918 Ῠονιιιιιιι
1105 2900 1121 2927 ,
1155 2860 1250 2917 sed
1289 2860 1447 2930 plura
1490 2865 1620 2914 sunt
1656 2855 1904 2927 quaedam
1927 2850 2123 2921 Verba,
2150 2867 2272 2923 quae
2309 2865 2405 2922 per

2150 2867 2272 2923 qua:
2309 2865 2405 2922 per
2502 2858 2583 2912 ὅτι
2616 2855 2709 2909 καὶ
2756 2855 2844 2907 ὅτε
2884 2854 2913 2904 ὁ
2959 2850 3168 2912 Παῦλος
3204 2843 3355 2901 εἶπεν
3402 2843 3557 2897 αὐτὸν
3588 2858 3723 2911 γεγε

839 2954 1078 3013 medium
1109 2950 1363 3024 principii
1430 2956 1484 3004 et
1518 2946 1679 3003 Verbi
1720 2947 1787 3001 ab
1816 2944 2078 3000 Euaomio
2113 2944 2407 2998 transtibu-

2131 2944 2407 2998 ranslibu-
2506 2950 2688 3020 ήκοον,
2717 2941 2835 2999 εἷπε
2869 2944 2927 2997 δὲ
2972 2942 3143 3003 οὕτως
3181 2938 3341 2992 αὑτὸν
3370 2932 3691 3005 γεγενῆσθαι
3718 2972 3723 2991 η

836 3049 1037 3111 lantur,
1074 3023 1126 3099 et
1158 3059 1277 3114 quae
1308 3050 1367 3096 ut
1400 3041 1534 3112 Ipsis
1559 3039 1707 3095 lubet
1740 3037 1905 3108 hujus
1937 3036 2247 3092 obedientia
2278 3035 2408 3091 abu-

2135 3036 2247 3090 ntia
2278 3035 2408 3091 abu-
2505 3037 2709 3101 δοῦλον,
2743 3034 2838 3088 καὶ
2863 3032 3106 3102 κατάραν
3140 3027 3235 3082 καὶ
3267 3024 3542 3097 ἁμαρτίαν
3569 3023 3633 3075 δι’
3674 3024 3723 3090 in

737 3203 741 3207 _
837 3144 1047 3193 tuntur.
1079 3134 1184 3190 Sed
1211 3133 1341 3206 quid
1360 3134 1415 3189 in
1432 3133 1626 3187 horum
1653 3131 1926 3186 dictorum
1946 3129 2180 3183 vanitate
2200 3128 2329 3183 diuti

2131 3137 2180 3183 te
2200 3127 2406 3183 diutius
2434 3152 2482 3214 ο
2509 3147 2627 3195 νον,
2667 3127 2787 3182 οὐδὲ
2817 3125 2937 3179 τότε
2988 3126 3017 3178 ὁ
3051 3121 3251 3193 Κύριος
3283 3119 3382 3188 τῆς
3415 3116 3666 3214 δόξηςῦ)
3696 3131 3723 3165 τ

839 3228 1116 3286 immorari
1162 3242 1385 3283 necesse
1436 3225 1558 3283 est?
1595 3225 1779 3279 Cuivis
1831 3225 1976 3280 enim
2029 3223 2408 3293 perspicuum,

2131 3223 2408 3292 Spicuum,
2440 3203 2482 3214 ”’
2511 3217 2923 3289 καταφρονήσας
2944 3255 2957 3277 ,
2990 3213 3084 3266 καὶ
3127 3214 3193 3283 τῇ
3229 3209 3397 3280 σαρκὶ
3445 3207 3505 3260 τὸ
3556 3203 3723 3266 πάθος

839 3319 983 3392 quod
1015 3318 1231 3389 quando
1257 3317 1456 3373 Paulus
1483 3316 1619 3372 dixit
1652 3320 1827 3386 ipsum
1864 3314 2064 3369 factum
2097 3315 2264 3370 fuisse
2285 3315 2412 3370 obe-

2102 3315 2264 3370 luisse
2285 3315 2412 3370 ohe-
2512 3327 2629 3374 νος,
2662 3309 2760 3379 τῆς
2817 3303 3135 3372 αύθεντικῆς
3187 3297 3441 3366 ἐξουσίας
3500 3294 3694 3349 ἑαυτὸν

808 3385 1114 3475 “dientem,
1166 3409 1247 3464 sic
1279 3409 1417 3464 dixit
1465 3385 1927 3479 quemadmodum
1966 3406 2100 3461 dicit
2149 3414 2204 3461 et
2234 3406 2400 3476 ipsum

2149 3414 2204 3461 et
2234 3406 2411 3476 ipsum
2511 3400 2684 3469 λέγων
2706 3439 2721 3463 ,
2754 3397 2990 3452 Λύσατε
3021 3392 3128 3446 τὸν
3163 3388 3317 3444 ναὸν
3357 3385 3585 3440 τοῦτον
3605 3424 3621 3449 ,
3666 3401 3723 3436 κι

842 3505 1046 3561 factum
1072 3501 1238 3557 fuisse
1261 3515 1478 3555 carnem
1504 3507 1559 3554 et
1585 3504 1886 3562 servum,et
1906 3474 2337 3552 exsecrationem
2362 3503 2416 3550 et

2138 3474 2337 3551 tionem
2362 3503 2416 3550 et
2514 3492 2757 3562 ἡμέραις
2788 3483 2966 3556 ἐγερῶ
2990 3483 3191 3537 αὐτόν.
3218 3480 3333 3534 Καὶ
3366 3477 3562 3542 πάλιν,
3588 3474 3723 3528 Οὐδ]

845 3604 1124 3673 peccatum
1155 3600 1376 3664 propter
1402 3606 1523 3654 nos,
1549 3606 1726 3661 neque
1756 3598 1885 3643 tunc
1919 3588 2180 3642 Dominus
2205 3586 2412 3657 gloriae,

2131 3602 2180 3642 is
2205 3586 2412 3657 gloria},
2514 3581 2724 3653 ψυχήν
2740 3596 2857 3648 μου
2883 3576 2984 3654 cirri
3006 3572 3179 3643 ἐμοῦ’
3199 3569 3506 3634 ἐξουσίαν
3533 3568 3660 3636 ἔχω
3691 3569 3723 3618 0

846 3650 1083 3743 dedecus
1124 3689 1469 3753 aspernatus,
1496 3690 1549 3736 et
1580 3681 1635 3734 in
1664 3695 1831 3735 carne
1875 3679 2183 3752 passionem
2240 3675 2418 3734 susci-

2136 3695 2183 3731 m
2208 3650 2418 3734 vsusci-
2516 3650 2940 3736 κάίίὲξουσίαν
2967 3650 3084 3733 ἔχει)
3125 3661 3314 3715 πάλιν
3348 3657 3576 3712 λαϐεῖν
3620 3658 3723 3709 αὐτ

846 3781 1022 3847 piens,
1050 3783 1315 3849 potestate
1346 3788 1558 3830 summa
1588 3780 1642 3826 ct
1672 3770 1844 3826 libera
1875 3746 2129 3840 seipsum
2164 3767 2415 3838 privavit,

2164 3767 2415 3838 privavit,
2517 3763 2889 3835 προσήγγισαν
2928 3753 3075 3824 αὐτῷ
3102 3753 3243 3806 κατὰ
3272 3751 3379 3820 τὴν
3423 3748 3541 3819 πρὸ
3566 3746 3671 3800 τοῦ
3701 3765 3723 3798 σ

847 3838 1037 3927 dicens
1052 3838 1126 3930 λ’,
1165 3865 1358 3921 Solvite
1418 3864 1665 3931 templum
1700 3861 1818 3923 hoc,
1861 3868 1909 3914 et
1948 3838 2002 3914 si;
2040 3856 2205 3912 tribus
2234 3855 2416 3911 diebus

2128 3874 2205 3912 vus
2234 3855 2416 3911 diebus
2518 3857 2568 3909 oi
2595 3853 2670 3925 τῷ
2697 3851 2896 3924 σιδήρῳ
2920 3847 3013 3902 καὶ¹
3044 3847 3154 3906 τοῖς
3182 3842 3368 3910 ξύλοις
3406 3838 3720 3894 καθωπλισ

849 3968 1020 4034 ipsum
1075 3958 1336 4015 excitabo.
1391 3955 1456 4011 Et
1498 3930 1717 4015 iterum,
1753 3951 1951 4006 Nullus
2003 3951 2140 4005 tollit
2177 3951 2411 4003 animam

2127 3961 2140 4003 ι
2177 3951 2411 4003 animam
2519 3948 2713 4010 αὐτοὺς
2742 3945 2820 4007 εἰς
2847 3941 2908 3994 τὸ
2940 3937 3171 3993 κατόπιν
3213 3932 3504 4003 ἀνέτρεψε
3551 3930 3651 3983 διὰ
3686 3948 3719 3982 τ

850 4020 1020 4109 meam
1055 4069 1088 4106 a
1130 4067 1244 4114 me;
1298 4055 1605 4119 potestatem
1651 4044 1814 4098 habeo
1870 4043 2094 4111 ponendi
2135 4043 2328 4111 ipsam,
2371 4049 2421 4094 et

2135 4043 2328 4111 ipsam,
2371 4049 2421 4094 et
2521 4038 2669 4108 Ἐγώ
2705 4037 2819 4104 ειμι
2847 4044 2865 4062 ⁶
2890 4031 2982 4085 καὶ
3012 4027 3169 4081 πάλιν
3222 4023 3324 4077 τοῦ
3379 4020 3607 4094 λῃστοῦ
3667 4021 3723 4073 tu

848 4154 1154 4217 potestatem
1183 4143 1346 4203 habeo
1376 4138 1674 4195 resumendi
1706 4138 1895 4206 ipsam.
1942 4135 2007 4188 Et
2053 4150 2177 4187 cum
2225 4132 2291 4187 ad
2340 4133 2423 4203 ip.

2131 4150 2177 4187 ut
2225 4132 2291 4187 ad
2340 4133 2423 4203 ip-
2527 4132 2712 4205 μνήμῃ
2744 4126 2874 4196 παρ’
2904 4118 3066 4217 αὑτοῦ
3094 4117 3356 4188 γενέσθαι
3386 4153 3405 4179 ,
3444 4114 3639 4177 ἔδειξε
3676 4112 3723 4163 τέ

852 4254 974 4296 sum
1024 4235 1247 4308 propius
1294 4239 1648 4287 accesserunt
1686 4245 1747 4284 ea
1778 4235 1939 4281 nocte
1978 4242 2100 4297 quae
2143 4225 2261 4293 ejus
2296 4239 2424 4294 pas-

2143 4225 2261 4293 ejus
2296 4239 2424 4294 pas-
2524 4220 2807 4289 ἐξουσίαν.
2838 4216 2893 4267 ὲν
2934 4206 3014 4274 οἷς
3056 4205 3553 4308 φησι,.Σήμειο‹Ξν
3590 4219 3715 4272 μετ

854 4331 1063 4387 sionem
1086 4324 1389 4399 praecssit,
1420 4322 1510 4392 qui
1565 4321 1712 4376 ferro
1742 4327 1795 4375 et
1817 4318 1979 4389 lignis
2020 4317 2213 4371 armati
2243 4324 2423 4379 erant,

2087 4317 2213 4371 mati
2243 4324 2423 4379 erant,
2525 4312 2604 4379 τῷ
2658 4304 3015 4376 παραδείσῳ.
3048 4301 3111 4353 Εἰ
3157 4297 3347 4351 τοίνυν
3396 4295 3538 4348 οὐδὲ
3610 4296 3676 4346 ὲν

851 4436 1047 4479 omnes
1074 4426 1375 4475 retrorsum
1405 4413 1623 4476 evertit,
1662 4427 1785 4466 cum
1819 4412 1920 4465 hoc
1954 4409 2111 4476 dixit,
2146 4407 2255 4479 Ego
2286 4424 2422 4462 sum.

2146 4407 2255 4479 Ego
2286 4424 2422 4462 sum.
2530 4405 2729 4465 πάθους
2759 4399 2857 4469 τῆς
2894 4391 3138 4460 ἐξουσίας
3186 4387 3529 4460 χωρίζεται
3551 4427 3571 4450 ,
3612 4384 3723 4479 ⁸στοί

854 4514 923 4573 Et
954 4525 1148 4567 rursus
1176 4510 1388 4564 latrone
1437 4503 1781 4574 supplicante
1808 4512 1867 4555 ut
1898 4501 1983 4557 sui
2022 4515 2228 4554 memor
2258 4509 2422 4564 esset,

2131 4476 2228 4553 no'r
2258 4509 2422 4564 esset,
2458 4481 2500 4535 θ
2528 4499 2735 4568 αἵρεσις
2775 4488 2869 4543 τοῦ
2902 4481 3296 4574 βασιλέως
3339 4479 3533 4548 δόξης
3573 4476 3647 4574 τί)
3690 4478 3723 4529 ὑ

857 4620 1012 4662 suam
1052 4604 1107 4658 in
1151 4598 1407 4657 omnibus
1435 4602 1759 4667 potestatem
1803 4592 2065 4654 ostendit.
2105 4608 2229 4645 cum
2264 4591 2426 4655 dixit,

2129 4608 2229 4645 :um
2264 4591 2426 4655 dixit,
2527 4591 2582 4645 δὲ
2607 4586 2700 4640 καὶ
2743 4585 2776 4653 ἢ
2812 4577 3147 4648 πολύτροπος
3174 4571 3326 4640 αῦτη
3368 4568 3674 4641 μεσιτεία
3704 4608 3721 4631 ,

846 4697 1020 4753 Hodie
1052 4709 1255 4749 mecum
1315 4690 1419 4743 eris
1480 4688 1532 4741 in
1592 4685 1863 4756 paradiso.
1919 4684 1976 4738 Si
2022 4684 2190 4754 igitur
2250 4700 2428 4755 neque

2129 4699 2190 4738 ur
2250 4700 2428 4755 neque
2529 4678 2605 4750 τῷ
2629 4672 2749 4744 Θεῷ
2771 4714 2785 4738 ,
2818 4668 3041 4741 μεσίτην
3072 4663 3245 4731 λέγων
3277 4662 3347 4714 ὲν
3385 4659 3681 4730 δόγμασι
3710 4697 3721 4720 ,

857 4797 1107 4856 tempore
1148 4780 1428 4853 passionis
1458 4794 1487 4833 a
1529 4787 1800 4848 potestate
1846 4784 2168 4846 separatur:
2207 4749 2426 4829 ubinam

2094 4791 2168 4829 lr:
2207 4749 2426 4829 ubinam
2535 4786 2649 4841 μῳ;
2698 4764 2772 4819 Οὐ
2829 4757 3002 4813 ταῦτα
3056 4752 3206 4826 παρὰ
3246 4750 3365 4821 τῆς
3419 4749 3686 4820 ὑψηλῆς

860 4845 1077 4931 tandem
1107 4845 1333 4927 haeresis
1382 4845 1779 4939 subiectionem
1808 4845 1973 4937 Regis
2003 4866 2189 4936 gloriae
2218 4866 2431 4932 conspi-

2131 4867 2189 4919 ia:
2218 4866 2431 4932 conspi-
2532 4862 2712 4932 φωνῆς
2759 4852 3190 4922 ὲπαιδεύθημεν’
3227 4850 3291 4911 ὃς
3334 4863 3549 4923 φησιν
3585 4884 3604 4908 ,
3650 4845 3723 4897 ὅτ

859 4966 981 5022 cit?
1040 4963 1300 5030 Quaenam
1359 4935 1499 5016 haec-
1534 4959 1700 5013 etiam
1768 4935 2087 5011 multimoda
2151 4956 2432 5010 meditatio

2151 4956 2432 5010 meditatio
2534 4950 2760 5011 ἐντολῶν
2800 4946 3153 5017 καταργήσας
3201 4941 3326 5002 τοῖς
3372 4935 3628 4991 ἑαυτοῦ
3706 4935 3723 4987 ἑ

860 5072 1024 5128 quam
1052 5055 1106 5112 in
1132 5052 1240 5108 Deo
1263 5052 1452 5122 jactat,
1477 5049 1670 5105 dicens
1701 5047 2055 5103 mediatorem
2091 5048 2142 5101 iu
2173 5048 2430 5113 decretis,

2131 5066 2142 5101 ι
2173 5048 2430 5113 decretis,
2537 5049 2682 5100 ἐστιν
2706 5043 2734 5094 ό
2767 5036 2988 5109 μεσίτης
3004 5028 3149 5128 θεοῦ
3193 5027 3295 5080 καὶ
3367 5023 3498 5078 ἀνθ
3513 5023 3723 5128 ρτώπω

866 5111 1220 5204 mediatorem
1251 5144 1307 5198 in
1346 5138 1627 5213 lege?Non
1658 5141 1773 5194 haec
1797 5140 1862 5194 ab
1886 5140 1995 5193 alta
2023 5154 2156 5194 voce
2188 5111 2431 5209 Apostoli

2131 5154 2156 5194 e
2188 5111 2431 5209 Apostoli
2536 5139 2596 5194 τὸ
2631 5135 2779 5209 ῥῆμα
2802 5170 2817 5193 ,
2846 5130 2925 5184 ὅτι
2960 5118 3053 5213 Ei;
3078 5117 3432 5213 Θεὸς,--καὶ
3481 5111 3723 5213 ἐἷς’-μ

863 5253 1056 5298 sumus
1101 5236 1305 5301 edocti,
1338 5235 1432 5306 qui
1485 5234 1582 5300 ait,
1635 5232 1781 5303 quod
1835 5233 2007 5303 legem
2053 5204 2433 5286 mandatorum

2129 5204 2433 5286 indaloruiu
2538 5204 2875 5295 ἀνθρώπων,
2918 5209 3199 5306 ἄνθρωπος
3217 5204 3558 5306 ’Χριστὸς
3608 5205 3721 5306 ⁵1η

862 5346 1136 5388 evacuans
1167 5330 1284 5385 suis
1318 5328 1687 5393 documentis,
1726 5328 1814 5382 hic
1844 5334 1928 5382 est
1969 5326 2237 5381 mediator
2260 5323 2354 5376 Dei
2377 5330 2433 5376 et

2122 5338 2237 5379 ator
2260 5323 2354 5376 Dei
2377 5330 2433 5376 et
2541 5310 2771 5370 ἐνταῦθα
2792 5307 2883 5361 τὸν
2929 5299 3128 5354 σκοπὸν
3154 5295 3249 5350 τοῦ
3295 5295 3714 5367 μυστηρίου

864 5424 1170 5487 hominum,
1234 5437 1357 5476 cum
1407 5420 1545 5476 dixit
1600 5420 1704 5475 hoc
1756 5421 1931 5489 ipsum
1988 5419 2237 5480 verbum,
2291 5418 2433 5486 quod

2131 5433 2237 5480 um,
2291 5418 2433 5486 quod
2542 5406 2686 5460 σίτου
2737 5398 2934 5462 λέξεως
2972 5387 3239 5444 διαλαϐὼν
3271 5430 3287 5451 ,
3339 5384 3723 5452 ἀπεκάλ-ωξ

863 5511 1020 5567 Unus
1043 5506 1186 5563 Deus
1237 5520 1343 5575 est,
1389 5527 1532 5566 unus
1578 5512 1847 5567 mediator
1895 5510 1989 5565 Dei
2033 5518 2086 5564 et
2124 5507 2432 5571 hominum,

2068 5518 2086 5562 ι
2124 5507 2432 5571 hominum,
2540 5490 2691 5557 οὗτός
2724 5493 2902 5543 ἐστιν·
2935 5480 3150 5549 ἀπέστη.
3189 5477 3284 5531 διὰ
3339 5478 3485 5548 τῆς
3523 5475 3656 5530 τοῦ

875 5598 1044 5656 homo
1066 5601 1330 5672 .Christus
1374 5601 1552 5659 Jesus.
1597 5602 1791 5658 Totum
1847 5603 2002 5659 nobis
2052 5602 2138 5656 hic
2191 5597 2432 5671 mysterii

2131 5618 2138 5655 ι
2191 5568 2432 5671 mysterii
2543 5589 2664 5650 κξας
2699 5579 2827 5637 ποτε
2864 5576 2924 5631 τὸ
2956 5569 3335 5643 ἀνθρώπινον,
3383 5568 3523 5624 καὶ
3556 5570 3654 5640 τῇ
3697 5568 3723 5623 ό

945 5779 989 5815 ⁸⁷
1038 5776 1194 5834 Joau.
1239 5794 1301 5848 II,
1352 5778 1437 5834 19.
