4032 6208
261 363 350 421 δῶ

1327 356 1599 416 CONTRA
1640 356 2031 422 EUNOMIUM,
2070 357 2196 411 LIB.
2234 355 2297 410 Il.
3354 355 3469 409 5531'

253 476 335 531 ιαιὶ
356 473 442 544 τῆς
477 471 631 534 ὅντως
658 472 991 546 ἡλλοτριώθη
1024 476 1188 547 ζωῆς.
1238 479 1608 533 Ἀνακαλεῖται
1639 475 1771 547 μετὰ

1880 488 2106 543 scepum
2166 467 2483 525 mediatoris
2524 468 2741 523 nomine
2793 468 3112 538 complexus
3148 467 3451 522 revelavit:

254 567 403 620 ταῦτα
434 564 485 617 τὸ
513 563 701 617 ἑαυτοῦ
749 565 972 637 πλάσμα
1002 569 1029 621 6
1059 569 1151 621 τοῦ
1195 570 1507 641 πλάσματος
1551 570 1772 643 Κύριος,

253 656 333 711 καὶ
365 654 548 724 γίνεται
591 655 873 727 ἄνθρωπος
907 658 1044 730 μετὰ
1067 660 1160 714 τοῦ
1195 657 1331 716 εἶναι
1361 662 1491 727 Θεός
1513 680 1526 692 ·
1556 664 1777 716 κάκεῖνο

249 747 348 800 ὅλον
366 744 449 809 ὣν,
485 745 578 797 καὶ
602 745 760 799 τοῦτο
784 746 903 800 ὅλον
932 749 1223 820 γενόμενος
1244 767 1259 781 ·
1306 751 1400 804 καὶ
1432 750 1604 814 οὕτως
1652 768 1775 804 συν-

248 832 480 903 ανεκράθη
504 832 626 903 Θεῷ
647 834 708 887 τὸ
730 834 1085 906 ἀνθρώπινον,
1112 837 1206 891 τοῦ
1232 838 1374 892 κατὰ
1402 837 1632 910 Χριστὸν
1678 841 1743 893 ἀν
1759 869 1772 879 -

247 921 428 994 θρώπου
475 924 576 992 τὴν
637 925 914 995 μεσιτείαν
961 927 1356 999 ἐργασαμένου.
1413 923 1483 1001 ᾯ
1535 930 1623 984 διὰ
1676 932 1774 1002 τῆς

244 1014 605 1082 ἀναληφθείσης
643 1016 775 1085 ἡμῖν
810 1017 983 1087 ἀρχῆς
1004 1059 1018 1082 ,
1057 1019 1177 1072 ὅλον
1231 1022 1296 1091 τῇ
1330 1019 1552 1092 δυνάμει
1581 1038 1774 1077 συναν-

241 1100 417 1172 εκράθη
455 1102 512 1154 τὸ
561 1102 806 1173 φύραμα.
851 1105 1003 1159 Ἐπεὶ
1051 1102 1139 1160 οὖν
1190 1109 1216 1161 6
1263 1110 1486 1181 μεσίτης
1519 1114 1635 1177 ἐνὸς
1675 1116 1775 1167 οὐκ

240 1192 382 1258 ἔστιν,
404 1194 429 1245 ὁ
455 1193 507 1246 δὲ
537 1194 674 1257 Θεὸς
705 1189 787 1258 εἷς
814 1197 978 1263 ἐστιν,
1006 1197 1160 1251 οὐδὲν
1189 1202 1300 1264 τοῖς
1332 1201 1638 1272 προσώποις
1664 1208 1775 1269 τοῖς

238 1286 286 1337 ἐν
433 1285 611 1337 πίστει
647 1285 1100 1357 παραδεδομένοις
1149 1292 1576 1363 ἐμμεριζόμενος
1605 1336 1619 1359 ,
1677 1297 1773 1365 μία

238 1373 380 1445 γὰρὴ
413 1375 606 1447 θεότης
632 1378 690 1429 ἐν
724 1379 893 1447 Πατρί
926 1396 984 1432 τε
1030 1381 1125 1434 καὶ¹
1156 1382 1268 1451 Υίῷ
1294 1424 1308 1446 ,
1359 1384 1450 1437 καὶ
1496 1386 1773 1457 Πνεύματι

236 1466 349 1536 ἁγίῳ
375 1481 390 1498 ο
436 1466 525 1519 διὰ
577 1466 734 1520 τοῦτο
765 1468 969 1532 γίνεται
1018 1472 1243 1544 μεσίτης
1295 1473 1442 1539 ἅπαξ
1474 1477 1501 1529 6
1537 1476 1769 1549 Κύριος,

235 1557 343 1611 θεοῦ
378 1560 459 1611 καὶ
510 1559 818 1629 ἀνθρώπων
843 1600 858 1624 ,
901 1562 1184 1617 συνάπτων
1232 1563 1324 1616 τὸν
1369 1564 1652 1635 ἄνθρωπον
1706 1566 1771 1619 δι’

233 1644 393 1697 ἑαυτοῦ
428 1648 492 1716 τῇ
537 1647 774 1716 θεότητι.
818 1648 977 1703 Ἀλλὰ
1010 1651 1102 1704 καὶ
1136 1650 1224 1705 διὰ
1253 1652 1347 1706 τοῦ
1383 1654 1522 1708 κατὰ
1562 1655 1653 1708 τὸν
1686 1674 1774 1726 με-

233 1735 357 1807 σίτην
383 1739 656 1809 νοήματος
676 1739 974 1805 τὸεὺσεὸἐς
1002 1742 1101 1812 τῆς
1132 1742 1364 1809 πίστεως
1397 1744 1768 1816 ἐδιδάχθημεν

229 1826 370 1899 ὁγὰρ
415 1831 650 1901 μεσίτης
692 1830 825 1885 Θεοῦ
872 1833 967 1886 καὶ
1005 1833 1305 1905 ἀνθρώπων
1334 1836 1522 1908 ὥσπερ
1551 1839 1647 1908 τῆς
1681 1841 1772 1891 άν-

230 1916 471 1990 θρωπίνης
502 1920 723 1991 φύσεως
758 1922 856 1993 τὴν
903 1925 1184 1978 κοινωνίαν
1238 1925 1486 1991 ἐδέξατο,
1520 1929 1580 1981 οὐ
1623 1917 1772 2000 νομι-

229 2008 348 2074 cesi;
370 2012 661 2085 ἄνθρωπος
680 2054 694 2079 ,
714 2014 852 2067 ἀλλὰ
881 2014 1114 2084 γεγονὼς
1154 2016 1295 2070 κατὰ
1325 2018 1600 2089 ἀλήθειαν,
1629 2021 1771 2074 οὕτω

227 2102 301 2154 καὶ
329 2103 575 2173 ἀληθινὸς
607 2106 739 2169 Θεὸς
762 2104 838 2159 ὢν
860 2147 874 2172 ,
925 2107 1025 2161 οὐκ
1078 2108 1366 2181 ἐπωνυμίᾳ
1409 2115 1768 2186 τετιμημένος

225 2191 347 2245 ἐστὶν
387 2194 554 2265 ψιλῆς
575 2196 674 2267 τῆς
706 2196 957 2269 θεότητος
975 2240 990 2263 ,
1020 2197 1095 2264 ὡς
1123 2200 1151 2253 6
1172 2200 1434 2272 Εὑνόμιος
1464 2204 1727 2274 βούλεται.

1877 567 1966 620 hic
1996 572 2176 618 autem
2213 576 2417 631 scapus
2453 566 2536 614 est
2563 578 2575 612 :
2607 559 2903 615 adversarii
2932 558 3137 612 malitia
3178 558 3452 628 quondam

1876 658 2172 713 humanum
2208 668 2378 725 genus
2414 667 2443 705 a
2471 649 2580 705 Deo
2629 650 2923 713 defecerat,
2954 656 3008 704 ct
3052 657 3281 719 peccato
3335 664 3453 703 ser-

1876 752 2071 816 vierat,
2118 758 2172 804 ct
2228 763 2256 801 a
2306 760 2434 802 vera
2491 745 2602 798 vita
2657 743 2953 798 alienatum
3015 750 3154 796 erat.
3215 739 3457 796 Revocat

1878 851 2064 914 postea
2098 856 2257 897 suum
2288 840 2628 911 ﬁgmentum,
2657 838 2750 906 qui
2785 834 3026 903 ﬁgmenti
3053 832 3317 888 Dominus
3347 841 3450 896 est,

1874 943 1927 990 et
1974 934 2031 988 lit
2073 926 2238 987 homo
2287 946 2409 986 cunt
2454 944 2518 984 eo
2565 927 2658 999 qui
2700 933 2786 982 est
2822 923 2984 987 Deus,
3019 929 3072 977 et
3099 921 3231 975 illud
3279 929 3452 976 totum

1875 1041 2000 1082 cum
2028 1031 2195 1089 esset,
2223 1033 2277 1079 et
2306 1023 2409 1077 hoc
2441 1028 2612 1076 totum
2662 1016 2877 1072 factus:
2922 1023 2976 1070 et
3027 1013 3107 1068 sic
3158 1012 3305 1083 quod
3355 1013 3458 1068 hn-

1876 1134 2094 1174 manum
2118 1124 2222 1180 εει,
2253 1129 2375 1170 cum
2422 1112 2532 1168 Deo
2571 1116 2931 1180 temperatura
2975 1113 3079 1170 est,
3115 1105 3334 1161 homine
3363 1107 3454 1176 qui

1874 1209 2178 1267 secundum
2222 1206 2502 1261 Christum
2552 1210 2660 1263 est,
2719 1199 3105 1255 mediationem
3171 1208 3452 1267 operante.

1874 1305 1974 1359 Cui
2020 1318 2119 1374 per
2159 1308 2473 1369 assumptas
2501 1313 2530 1351 a
2566 1295 2724 1352 nobis
2777 1294 3046 1365 primitias
3095 1299 3208 1346 tota
3252 1290 3456 1345 virtute

1874 1401 2281 1464 contemperata
2309 1398 2393 1447 est
2424 1404 2627 1446 massa.
2661 1387 2929 1454 Quoniam
2977 1384 3145 1454 igitur
3183 1383 3451 1437 mediator

1873 1488 2039 1543 unius
2065 1501 2173 1541 non
2206 1491 2312 1546 est,
2345 1480 2488 1537 Deus
2527 1488 2706 1536 autem
2743 1493 2886 1532 unus
2908 1486 3011 1539 est,
3043 1490 3221 1544 neque
3248 1473 3303 1527 in
3334 1487 3457 1543 per-

1874 1577 2026 1634 sonis
2054 1577 2109 1630 in
2153 1574 2256 1629 ﬁde
2294 1572 2513 1627 traditis
2560 1571 2615 1625 itt
2671 1578 2851 1639 partes
2896 1565 3228 1620 distributus
3277 1578 3291 1613 :
3345 1578 3452 1614 una

1871 1671 2017 1727 enim
2083 1664 2255 1725 deitas
2307 1665 2361 1720 id
2418 1664 2598 1731 Patre,
2647 1660 2805 1725 Filio,
2858 1669 2913 1715 et
2966 1657 3174 1728 Spiritu
3224 1661 3455 1711 sancto:

1874 1768 2159 1835 propterea
2190 1756 2249 1811 ﬁt
2290 1755 2559 1811 mediator
2601 1752 2771 1807 semel
2808 1750 3092 1812 Dominus,
3124 1746 3218 1802 Dei
3264 1753 3319 1799 et
3357 1744 3452 1797 ho-

1873 1855 2102 1914 minum,
2128 1847 2390 1917 copulans
2429 1844 2701 1899 hominem
2729 1858 2825 1913 per
2853 1840 3206 1910 semetipsum
3243 1836 3454 1891 deitati.

1873 1943 2014 2011 Quin
2045 1941 2209 1996 etiam
2243 1938 2465 1991 notione
2501 1948 2595 2004 per
2628 1932 2984 1986 mediatorem
3018 1933 3283 1997 concepta
3334 1925 3462 1979 ﬁdei

1871 2035 2127 2106 pietatem
2145 2027 2470 2083 didicimus:
2503 2023 2772 2079 mediator
2789 2023 2931 2078 enim
2954 2022 3044 2077 Dei
3070 2028 3121 2075 et
3147 2019 3453 2078 hominum,

1872 2119 2329 2197 quemadmodum
2402 2117 2659 2171 humanae
2730 2122 2941 2170 natura:
3016 2110 3456 2167 con'tmunionem

1877 2212 2102 2282 accepit,
2150 2223 2260 2263 non
2304 2213 2531 2277 putatus
2571 2205 2763 2269 homo,
2812 2202 2908 2259 sed
2945 2210 3108 2258 natus
3155 2198 3455 2256 secundum

225 2283 505 2349 veritatem,
531 2288 611 2342 sic
638 2288 801 2342 etiam
828 2303 991 2345 verus
1019 2289 1161 2348 Deus
1188 2301 1272 2347 est
1301 2309 1409 2348 non
1441 2310 1803 2369 cognomento
1842 2313 2054 2360 tantum
2107 2301 2417 2355 honoratus
2461 2298 2621 2352 nudae
2672 2295 2914 2363 deitatis,
2972 2301 3031 2351 ut
3090 2293 3208 2349 vult
3264 2289 3453 2344 Euno-

277 2473 401 2527 Ὅσα
446 2474 505 2528 δὲ
553 2479 667 2540 τοῖς
720 2479 1022 2550 εἰρημένοις
1066 2482 1424 2554 προστίθησι,
1461 2487 1562 2558 τῆς
1603 2490 1771 2560 αὐτῆς

221 2566 376 2633 ἀνοίας
398 2570 609 2640 ἔχεται,
646 2571 843 2642 μᾶλλον
874 2572 929 2626 δὲ
958 2574 1275 2638 κακονοίας·
1314 2576 1443 2630 Υίδν
1471 2579 1578 2651 γάρ
1609 2582 1770 2635 αὑτὸν

221 2659 381 2725 εἰπὼν,
409 2660 478 2713 ὄν
506 2664 563 2714 ἐν
594 2664 706 2726 τοῖς
738 2663 919 2735 μικρῷ
940 2664 1171 2735 πρόσθεν
1198 2668 1526 2738 εἰρημένοις,
1555 2672 1770 2725 κτιστδν

222 2744 337 2803 εἶναι
363 2753 551 2822 σαφῶς
576 2753 985 2826 διωρίσατο,καὶ
1009 2758 1295 2830 Μονογενῆ
1312 2759 1444 2814 Θεὸν
1475 2762 1767 2833 ὀνομάσας,

220 2836 267 2891 ὃν
293 2841 426 2908 μετὰ
454 2841 563 2895 τῶν
590 2844 791 2897 λοιπῶν
823 2845 930 2899 τῶν
953 2846 1041 2900 διὰ
1073 2848 1170 2918 τῆς
1209 2850 1438 2915 κτίσεως
1469 2854 1769 2921 γεγονότων

222 2929 506 3001 ἠρίθμησεν
547 2972 569 3015 ,ι
618 2933 827 3003 ὅμοιον
875 2932 997 2989 εἷπε
1058 2936 1137 3002 τῷ
1186 2938 1583 3007 γεννήσαντι,
1640 2945 1766 2997 κατ’

220 3017 509 3088 ἐξαίρετον
535 3024 853 3091 ὁμοιότητα
868 3024 1083 3093 μόνον,
1116 3027 1264 3081 κατὰ
1286 3027 1402 3097 τὴν
1427 3028 1767 3091 ἰδιάζουσαν

222 3107 463 3165 ἔννοιαν.
495 3112 614 3185 Χρὴ
643 3112 821 3168 τοίνυν
845 3114 1194 3187 διασταλῆναι
1218 3119 1429 3190 πρῶτον
1462 3120 1554 3173 τοῦ
1580 3123 1766 3192 ὁμοίου

221 3199 272 3252 τὸ
310 3204 698 3274 σημαινόμενον
722 3246 737 3269 ,
792 3207 1038 3277 ποσαχῶς
1087 3208 1146 3262 ἐν
1187 3212 1251 3281 τῇ
1307 3214 1641 3284 καταχρήσει
1671 3215 1768 3285 τῆς

1942 2484 2074 2552 Quae
2122 2488 2303 2536 autem
2351 2478 2437 2534 his
2485 2478 2647 2533 divtis
2679 2476 2867 2545 adjicit
2905 2476 3152 2532 eamdem
3185 2477 3458 2547 resipiant
3502 2474 3508 2481 '

1871 2574 2187 2637 amentiam,
2214 2571 2299 2625 vel
2331 2570 2512 2641 potius
2552 2567 2988 2623 malevolentiam
3017 2581 3032 2620 :
3063 2565 3277 2621 Filinm-
3297 2569 3463 2622 enim

1873 2666 2048 2736 ipsum
2083 2678 2208 2717 cum
2249 2659 2505 2722 dixisset,
2538 2673 2697 2728 quem
2747 2658 2799 2711 in
2837 2656 2925 2712 his
2967 2672 3088 2726 quae
3129 2658 3291 2726 paulo
3333 2665 3481 2711 antes

1816 2746 1821 2751 ’
1872 2757 2017 2811 dicta
2058 2753 2296 2817 fuerunt,
2340 2751 2469 2821 quid
2505 2757 2750 2803 creatum
2784 2763 2907 2804 esse
2951 2758 3138 2818 aperte
3172 2761 3223 2802 et
3250 2749 3459 2803 diserte

1873 2843 2257 2901 determinavit
2298 2857 2311 2893 :
2360 2851 2415 2895 et
2459 2838 2811 2910 Unigenitum
2870 2837 3042 2894 Deum
3097 2838 3457 2900 nominasset;

1872 2953 2034 3009 quem
2075 2951 2199 2989 cum
2243 2932 2473 3002 reliquis
2502 2930 2770 2986 creaturis
2816 2929 3270 2987 connumeravit,
3309 2931 3460 2984 aimi-

1873 3027 1972 3080 lcm
2001 3025 2138 3081 dixit
2166 3022 2389 3093 genitori
2425 3031 2629 3075 tantum
2668 3019 2991 3088 prwrellenti
3019 3027 3067 3073 et
3095 3019 3287 3073 eximia
3328 3035 3459 3088 qua-

1873 3118 1997 3170 dam
2020 3114 2399 3180 similitudine,
2447 3113 2731 3167 secundum
2769 3113 3042 3182 propriam
3070 3122 3119 3165 et
3142 3111 3459 3180 peculiarem

1875 3208 2136 3263 notitiam.
2172 3205 2414 3260 Primum
2455 3204 2621 3276 igitur
2660 3204 2858 3259 similis
2892 3203 3223 3275 signiﬁcatio
3258 3202 3458 3257 distin-

224 3292 492 3362 συνηθείας
518 3293 754 3363 λέγεται.
779 3292 893 3349 Εἴθ’
932 3296 1104 3362 οὕτως
1144 3299 1236 3351 ἐπὶ
1259 3299 1356 3371 τὴν
1392 3302 1635 3368 ἐξέτασιν
1664 3305 1771 3358 τῶν

1875 3300 2089 3373 gucnda
2118 3308 2223 3367 εει,
2264 3308 2399 3371 quot
2425 3298 2609 3354 modis
2638 3298 2693 3353 in
2725 3297 2900 3353 ahusu
2931 3295 3347 3352 consuetudinis
3376 3294 3458 3349 di-

226 3384 579 3454 προιιειμὲνων
615 3386 811 3441 ἐλθεῖν.
840 3388 1062 3459 Πρῶτον
1094 3389 1192 3460 μέν
1224 3390 1332 3461 γὰρ
1362 3392 1463 3446 ὅσα
1493 3393 1771 3463 παραψεύ-

225 3470 352 3527 δεται
387 3475 485 3539 τὰς
520 3476 802 3549 αἰσθήσεις
830 3478 1008 3549 ήμῶν,
1035 3481 1095 3533 οὐ
1133 3480 1201 3534 τὰ
1225 3482 1362 3536 αὐτᾶ
1399 3483 1496 3554 μὲν
1525 3484 1770 3555 ἀλλήλοις

226 3559 356 3628 ὂντα,
389 3566 527 3620 κατὰ
550 3566 652 3637 τὴν
679 3566 861 3635 φύσιν,
894 3568 1042 3640 παρὰ
1090 3569 1148 3622 δέ
1192 3586 1336 3634 τινος
1380 3571 1489 3625 τῶν
1532 3590 1773 3645 παρεπο-

229 3653 387 3722 μένων
426 3659 532 3721 τοῖς
570 3659 982 3729 ὑποκειμένοις,
1024 3661 1297 3731 σχήματος
1328 3661 1469 3731 λέγω
1500 3665 1593 3717 καὶ
1625 3663 1770 3735 χρώο

228 3762 379 3811 ματος
420 3750 509 3802 καὶ
556 3751 690 3821 ἧχου
714 3791 729 3814 ,
779 3753 873 3806 καὶ
905 3752 1013 3805 τῶν
1042 3753 1142 3806 ὅσα
1171 3752 1258 3805 διὰ
1290 3754 1529 3821 γεύσεως
1567 3773 1627 3808 τε
1680 3757 1773 3809 καὶ

225 3836 520 3910 ὀσφρήσεως
576 3842 671 3897 καὶ
729 3844 871 3915 ἁφῆς
924 3845 1016 3898 τὸν
1071 3847 1477 3918 παραλογισμὺν
1537 3850 1769 3913 ἐμποιεῖ.

230 3929 382 3985 Ἀλλα
419 3935 511 4003 μὲν
532 3935 633 4006 τὴν
652 3934 834 4004 φύσιν,
868 3937 1028 4007 ἕτερα
1056 3938 1113 3992 δὲ
1143 3939 1271 4010 παρ’
1302 3939 1338 3994 ἃ
1362 3939 1603 4007 πέφυκεν
1636 3936 1773 4007 εἶναι

225 4020 624 4096 ὑποκρινόμενοι,
647 4026 817 4081 ταῦτα
845 4030 1042 4099 ὁμοίως
1065 4029 1207 4101 ἔχειν
1236 4033 1268 4103 ἡ
1308 4030 1562 4103 συνήθεια
1588 4032 1733 4100 λέγει
1754 4049 1770 4065 ⁸

227 4107 327 4164 οἷον
373 4115 490 4169 ὅταν
547 4119 581 4187 ὴ
619 4116 822 4188 ἄψυχος
864 4118 963 4191 ὕλη
1016 4124 1276 4195 μορφωθῇ
1315 4122 1401 4175 διὰ
1444 4126 1544 4193 τῆς
1578 4125 1773 4194 τέχνης

227 4205 353 4273 ⁴ερός
373 4224 482 4261 τινα
516 4208 657 4275 ζώου
695 4209 925 4282 μίμησιν
946 4250 961 4274 ,
988 4211 1075 4265 διὰ
1110 4212 1317 4283 γλυφῆς
1358 4214 1391 4284 ἢ
1435 4214 1771 4286 ζωγραφίας,

230 4294 262 4365 ἢ
290 4296 618 4371 πλάσματος,
653 4302 837 4371 ὅμοιον
877 4301 1094 4370 λέγεται
1139 4303 1218 4373 τῷ
1253 4303 1544 4375 ἀρχετύπῳ
1572 4303 1631 4357 τὸ
1683 4303 1775 4373 μί-

234 4405 390 4458 μημα.
422 4392 685 4446 Ἐνταῦθα
731 4393 840 4465 γὰρ
865 4392 996 4465 άλλη
1032 4394 1131 4463 μὲν
1176 4394 1270 4447 τοῦ
1322 4394 1459 4459 ζὼου
1508 4396 1541 4465 ἡ
1579 4394 1771 4464 φύσις,

236 4478 376 4549 ἑτέρα
394 4481 445 4535 δὲ
472 4483 571 4553 τῆς
599 4483 1083 4555 παραψευδομένης
1104 4484 1201 4556 τὴν
1228 4485 1349 4555 ὄψιν
1377 4484 1464 4539 διὰ
1488 4485 1773 4556 χρώματος

238 4567 378 4634 μόνον
402 4573 489 4625 καὶ
521 4573 819 4643 σχήματος.
853 4572 959 4625 Τοῦ
998 4573 1054 4625 δὲ
1093 4572 1259 4627 αὐτοῦ
1299 4574 1473 4638 εἴδους
1511 4577 1627 4628 ἐστὶ
1674 4577 1774 4645 τῆς

1871 3393 2034 3448 citur.
2074 3391 2277 3447 Deinde
2323 3389 2405 3444 sic
2457 3388 2523 3443 ad
2580 3387 2984 3459 propositorum
3035 3386 3457 3458 exquisitionesn

1872 3485 2219 3542 veniendum.
2269 3483 2512 3537 Primum
2562 3480 2782 3552 quidem
2836 3495 3182 3551 quaecunque
3241 3488 3460 3536 nostros

1873 3595 2071 3635 sensus
2102 3578 2315 3641 fallunt,
2350 3591 2477 3631 cum
2504 3585 2700 3630 natura
2724 3588 2834 3629 non
2858 3573 2971 3628 sint
2996 3574 3141 3628 inter
3164 3587 3223 3627 se
3245 3571 3457 3635 eadem,

1872 3672 1967 3728 sed
1998 3670 2067 3725 ab
2096 3670 2280 3738 aliquo
2306 3683 2496 3724 eorum
2527 3681 2651 3737 qua:
2672 3665 2916 3735 subjecta
2936 3671 3347 3731 consequuntur
3371 3676 3462 3715 ac»

1872 3761 2106 3823 cidente,
2142 3760 2315 3830 ﬁgura
2356 3758 2482 3813 dico
2525 3766 2582 3813 ct
2612 3757 2817 3821 colore,
2845 3765 2897 3812 et
2928 3770 3087 3818 sono,
3126 3762 3180 3809 et
3216 3769 3337 3823 quae
3366 3770 3465 3822 per

1873 3867 2091 3928 gustum
2128 3863 2184 3909 ει
2226 3852 2515 3909 odoratum
2546 3860 2601 3907 et
2639 3859 2842 3907 tactum
2873 3864 3135 3905 sensuum
3183 3847 3457 3917 deceptio-

1873 3963 1994 4003 nem
2027 3948 2388 4018 ingenerant:
2441 3960 2565 4000 cum
2610 3943 2716 3997 alia
2760 3940 2977 4013 quidem
3006 3942 3116 3996 sint
3153 3937 3454 3994 secundum

1875 4038 2151 4110 propriam
2213 4044 2501 4096 naturam,
2561 4035 2666 4088 alia
2712 4048 2843 4088 vero
2893 4044 3057 4101 quam
3108 4044 3229 4100 quae
3269 4042 3457 4084 revera

1874 4137 2002 4185 sunt
2031 4144 2154 4184 esse
2183 4127 2513 4183 simulentur
2533 4124 2676 4178 :htec
2707 4123 2962 4179 similiter
2989 4137 3051 4178 se
3091 4121 3294 4177 habere
3326 4136 3465 4175 con-

1874 4219 2110 4277 suetudo
2138 4218 2273 4273 dicit
2312 4236 2325 4272 :
2366 4215 2514 4271 velut
2548 4227 2673 4267 cum
2708 4212 2948 4267 inanima
2991 4211 3219 4266 materia
3262 4210 3328 4266 ad
3363 4211 3460 4264 ali-

1873 4312 2035 4382 cujus
2068 4309 2322 4365 animalis
2364 4306 2658 4377 imaginem
2701 4311 2819 4360 arte
2858 4304 3039 4375 aliqua
3068 4305 3342 4378 elIingitur
3372 4302 3454 4354 vel

1875 4402 2180 4472 sculptura.
2213 4401 2299 4454 vel
2349 4399 2585 4470 pictura,
2620 4397 2705 4453 vel
2751 4395 3002 4463 ﬁctrice;
3034 4396 3181 4468 quod
3213 4395 3453 4450 efﬁctam

1873 4503 1959 4551 est
1994 4502 2050 4550 et
2084 4493 2378 4556 imitatum,
2426 4491 2745 4565 archetypo,
2798 4488 2852 4544 id
2893 4498 2977 4545 est
3014 4488 3309 4559 exemplari
3343 4490 3456 4558 pri-

1876 4585 2134 4655 migenio,
2162 4582 2339 4640 simile
2368 4582 2586 4639 dicitur.
2623 4581 2724 4637 llic
2758 4581 2904 4638 enim
2936 4582 3043 4636 alia
3077 4581 3295 4651 quidem
3332 4582 3451 4633 ani-

236 4656 514 4732 ὁμοιότητος
532 4705 547 4727 ,
585 4664 681 4715 καὶ
711 4664 743 4732 ἡ
784 4665 842 4715 ἐν
874 4662 1162 4735 κατόπτρῳ
1189 4663 1351 4717 εἰκὼν
1374 4706 1389 4731 ,
1423 4667 1518 4735 τῆς
1542 4666 1771 4736 ἀρχετύ-

1877 4678 2035 4733 malis
2068 4684 2285 4742 natura,
2319 4676 2424 4729 alia
2448 4690 2579 4731 vero
2606 4676 2847 4731 materiae
2889 4673 3067 4729 visum
3103 4673 3453 4729 etnentientis

243 4762 331 4838 tm
355 4753 552 4824 μορφῆς
574 4755 822 4822 ἐναργεῖς
846 4754 1085 4825 φέρουσα
1112 4754 1209 4818 τὰς
1233 4754 1497 4825 ἐμφάσεις
1521 4794 1536 4818 ,
1580 4758 1640 4810 οὺ
1672 4755 1771 4828 μὴν

1874 4778 1924 4823 et
1956 4768 2198 4823 fallentis
2242 4768 2363 4823 solo
2407 4768 2593 4823 colore
2638 4776 2691 4824 ει
2747 4766 2937 4838 ﬁgura.
2977 4765 3229 4835 Ejusdem
3271 4772 3451 4819 autem

242 4836 390 4937 ἐκέῖνο
417 4845 554 4897 κατὰ
580 4845 680 4915 τὴν
711 4843 873 4913 φύσιν
893 4838 1046 4911 οὖσα,
1068 4845 1204 4916 ὅπερ
1229 4845 1346 4898 ἐστὶ
1366 4845 1426 4899 τὸ
1450 4846 1771 4919 ἀρχέτυπον.

1874 4859 2072 4929 speciei
2107 4858 2639 4937 similitudinis.est,
2688 4834 2811 4927 quae
2858 4857 2914 4912 in
2965 4834 3191 4928 speculo
3232 4863 3455 4925 apparot

252 4927 485 4997 Ὡσαύτως
515 4935 609 4987 καὶ
642 4932 742 5005 τὴν
785 4935 953 5009 ἀκοὴν
992 4933 1107 4988 ἐστι
1135 4934 1196 4988 τὸ
1236 4933 1352 4991 ῐσον
1394 4936 1584 4990 παθεῖν
1604 4978 1620 5002 ,
1648 4937 1776 4990 ὅταν

241 5033 315 5080 τη
336 5022 417 5095 τὴν
442 5026 621 5097 φωνὴν
647 5026 749 5096 τῆς
774 5026 994 5097 ἀηδόνος
1022 5027 1101 5097 τῷ
1124 5028 1310 5098 οἰκείῳ
1336 5028 1554 5098 φθόγγῳ
1581 5028 1777 5099 μιμούο

247 5124 405 5179 μενος,
453 5117 643 5190 ὀρνέου
673 5118 850 5172 δοκεῖν
899 5120 1273 5191 ἐπακροᾶσθαι
1309 5120 1407 5191 τὴν
1454 5121 1622 5192 ἀκοὴν
1648 5121 1777 5173 ἀνα-

245 5202 394 5278 πείσῃ.
429 5210 632 5279 Πάσχει
679 5210 734 5263 δὲ
779 5211 872 5263 τὸν
928 5210 1166 5265 τοιοῦτον
1222 5211 1629 5283 παραλογισμδν
1682 5211 1776 5266 καὶ

239 5289 270 5358 ἢ
297 5298 489 5365 γεῦσις,
518 5302 647 5355 ὅταν
676 5300 705 5352 6
732 5300 827 5355 τοῦ
862 5301 1075 5374 καρποῦ
1103 5301 1210 5356 τῶν
1242 5304 1420 5357 σύκων
1440 5303 1647 5374 χυμὸς..
1677 5304 1777 5373 τὴν

236 5385 314 5438 τ’νῦ
348 5392 551 5460 μέλιτος
584 5393 775 5465 ἡδονὴν
803 5394 1160 5465 ὑποκρίνηται
1184 5411 1198 5426 ο
1240 5378 1490 5467 ἔχει’γάρ
1520 5413 1570 5449 τι
1601 5396 1776 5459 ἐοικὸς

244 5475 350 5543 πρός
373 5481 468 5551 τὴν
511 5482 824 5556 γλυκύτητα
858 5484 950 5539 τοῦ
998 5486 1211 5554 μέλιτος
1238 5488 1265 5539 6
1291 5486 1460 5558 χυμὸς
1502 5486 1603 5556 τῆς
1630 5486 1775 5541 61rd)-

246 5575 321 5628 Ρτς
343 5586 355 5598 ’
380 5571 514 5625 οὕτω
538 5573 604 5627 δι’
632 5575 943 5646 ὁμοιότητος
980 5574 1090 5631 ἐστι
1131 5577 1594 5649 παραλογισθῆναί
1643 5595 1773 5631 ποτε

246 5657 319 5741 Ital.
354 5660 444 5732 τὴν
487 5664 779 5737 δσφρησιν,
836 5668 961 5721 ὅταν
994 5669 1022 5720 6
1069 5667 1238 5738 ἀτμὸς
1288 5669 1384 5739 τῆς
1424 5670 1768 5741 χαμαιμὴλου

247 5739 442 5823 βοτὶνης
466 5795 480 5820 ,
510 5756 639 5810 αὐτὸ
661 5756 718 5809 τὸ
748 5757 941 5823 εὐῶδες
967 5758 1131 5831 μῆλον
1158 5762 1217 5829 τῇ
1248 5758 1468 5831 simois:
1497 5760 1765 5833 μιμούμε-

1871 4948 2073 5018 imago,
2104 4949 2436 5018 exemplaris
2474 4946 2662 5002 formm
2692 4947 2970 5002 evidentes
3008 4946 3255 5002 referens
3288 4960 3456 5015 appa-

1875 5040 2122 5101 ritiones,
2153 5046 2487 5093 cumtamen
2522 5052 2628 5093 non
2663 5038 2736 5092 sit
2773 5037 2904 5092 illud
2947 5037 3252 5093 secundum
3294 5045 3454 5090 natu-

1874 5146 2013 5191 ram,
2071 5130 2216 5200 quod
2279 5129 2499 5201 quidem
2560 5136 2647 5184 est
2711 5128 3094 5198 primigenium
3153 5126 3452 5197 exemplar.

1875 5219 2077 5275 Eodem
2136 5218 2297 5274 modo
2354 5219 2518 5274 etiam
2579 5217 2806 5273 auditus
2834 5216 3098 5281 afﬁcitur.
3147 5224 3202 5271 et
3246 5217 3463 5287 aequale

1873 5310 2132 5380 quiddam
2160 5310 2485 5380 perpetitur,
2513 5324 2638 5363 cum
2676 5308 2800 5378 quis
2827 5308 3048 5379 proprio
3081 5322 3221 5362 sono
3261 5323 3451 5363 vocem

1873 5400 2123 5457 luscinia:
2170 5401 2398 5456 imitans
2449 5414 2604 5455 avem
2662 5398 2856 5455 audire
2894 5398 2995 5453 sibi
3046 5398 3214 5455 videri
3264 5401 3452 5454 auditu

1881 5489 2235 5561 persuaserit.
2294 5487 2427 5543 Tale
2480 5488 2736 5557 quiddam
2792 5485 2955 5541 fallax
3025 5494 3077 5542 et
3144 5487 3451 5559 captiosum

1880 5589 2073 5651 gustus
2116 5580 2365 5651 percipit,
2423 5594 2547 5633 cum
2591 5578 2804 5633 fructus
2847 5577 3045 5634 ﬁcnum
3076 5594 3239 5649 sapor
3277 5579 3453 5634 mellis

1879 5670 2208 5741 voluptatem
2233 5670 2491 5725 simulat:
2523 5685 2689 5740 sapor
2712 5670 2859 5724 enim
2896 5669 3045 5726 illius
3074 5669 3290 5725 fructus
3321 5670 3451 5741 quid

1875 5761 2054 5820 simile
2080 5761 2242 5818 habet
2270 5776 2392 5817 cum
2434 5761 2608 5819 mellis
2637 5759 2921 5816 dulcedine
2957 5779 2972 5819 :
3014 5761 3095 5818 sic
3122 5760 3285 5817 etiam
3319 5771 3455 5829 qua-
