4032 6208
761 257 868 313 2355

2011 269 2070 325 s.
2101 269 2437 347 enecomt
2469 271 2770 328 NYSSENI

761 377 889 433 dam
959 381 1318 440 similitudine
1383 384 1646 442 odoratus
1705 388 2003 461 aliquando
2060 391 2353 465 decipitur1

2071 391 2331 464 iecipitur
2350 439 2367 467 ,
2397 398 2444 458 Α
2471 412 2559 460 νος
2583 435 2598 461 ,
2629 394 2886 467 ἀπατήσῃ
2930 391 3028 464 τὴν
3066 388 3323 462 αἴσθησιν.
3355 389 3433 442 Τὸν
3466 387 3586 443 αὐτὸν
3623 386 3663 450 δὲ

762 485 889 525 cum
922 487 1096 544 vapor
1142 474 1478 539 chamzcmeli
1523 479 1706 536 herba:
1763 482 1945 554 ipsum
1997 484 2201 539 malum
2236 485 2353 542 sive

761 579 984 632 pomum
1030 566 1277 624 suaviter
1326 570 1493 627 olens‘
1538 571 1687 631 dulci
1735 575 2067 646 aspiratione
2123 577 2350 634 imitans

762 666 987 707 sensum
1035 653 1331 727 deceperit.
1380 659 1526 716 Idem
1573 663 1740 718 tactui
1780 665 1997 729 accidit,
2047 667 2351 743 similitudo

760 742 909 796 enim
936 746 1090 800 vario
1114 748 1277 804 modo
1301 750 1591 815 veritatem
1625 754 1909 813 mentitur.
1944 742 2227 827 Siquidem
2265 772 2354 810 ar-

762 842 996 904 genteus
1048 854 1307 919 nummus
1358 842 1441 898 vel
1489 859 1687 910 aereus.
1729 847 1967 917 aequalis
2013 863 2137 903 cum
2185 863 2375 909 aureo.

2454 486 2548 540 καὶ
2582 489 2639 540 ὲν
2672 488 2736 558 τῇ
2764 486 2876 556 ὁ.φῇ
2918 482 3175 547 ποικίλως
3218 484 3250 554 ἠ
3278 482 3475 553 ὁμοιότης
3493 479 3700 549 διαψεύδετ

2455 576 2733 653 ᾁλήθειαν.
2773 575 2994 647 Ἐπειδὴ
3039 572 3303 646 ἀργυροῦν
3328 572 3353 643 ἢ
3378 570 3552 643 χάλκεον
3572 568 3700 639 νομιεῖ

2459 667 2686 739 μέγεθες
2725 666 2802 740 τῷ
2829 665 3016 740 χρυσῷ
3039 706 3055 729 ,
3097 665 3191 720 καὶ
3232 664 3353 719 κατὰ
3375 663 3447 716 τὸν
3473 658 3654 731 σταθμδν
3675 699 3687 723 ,

2457 759 2597 830 ἔχων
2644 760 2764 814 ἀντὶ
2800 759 2894 813 τοῦ
2949 757 3152 830 χρυσοῦ
3208 755 3438 828 νομισθῇ,
3474 752 3533 826 μὴ
3565 754 3699 839 νὲπικρ

2457 855 2552 925 τῆς
2586 853 2763 923 ὅψεως
2795 853 2893 925 τὴν
2924 851 3204 924 ἀλήθειαν.

763 927 1160 997 magnitudinis
1192 937 1246 985 et
1276 931 1525 1000 ejusdem
1559 933 1839 1005 ponderis,
1873 936 2053 1001 simile
2082 937 2343 1008 quiddam
2384 955 2510 1003 cum
2564 959 2733 1000 aureo
2767 945 2972 1001 habere
3002 943 3402 1007 existimabitur,
3433 942 3526 996 visu
3581 956 3664 995 non

760 1026 928 1074 nente
962 1021 1271 1081 veritatem.

835 1108 960 1168 Haec
1014 1115 1207 1184 paucis
1244 1120 1573 1188 generaliter
1617 1121 1763 1197 dicta
1810 1130 1942 1178 sunt
2000 1123 2067 1178 de
2116 1124 2185 1180 iis
2227 1140 2348 1194 quae

761 1216 988 1276 propter
1014 1206 1432 1266 similitudinem
1485 1212 1781 1283 quamdam
1830 1230 2094 1273 sensuum
2140 1216 2349 1276 instrn-

760 1308 945 1354 menta
981 1299 1251 1358 fallaciter
1306 1303 1614 1378 decipiunt,
1669 1307 1800 1362 dum
1851 1308 1999 1364 aliud
2044 1308 2177 1379 quid
2225 1324 2348 1363 esse

760 1406 926 1458 quam
967 1403 1097 1449 sunt
1158 1404 1443 1473 putantur.
1507 1397 1723 1455 Liceret
1777 1400 1957 1475 adhuc
2001 1401 2350 1465 accuratiore

760 1481 1147 1555 disquisitione
1195 1503 1507 1544 sermonem
1541 1490 1775 1563 dilatare
1827 1507 1923 1561 per
1968 1507 2029 1546 ea
2069 1507 2197 1567 quae
2221 1507 2345 1547 cum

761 1576 872 1631 sint
906 1575 1104 1653 diversi
1128 1582 1347 1651 generis
1375 1582 1519 1637 inter
1550 1598 1629 1651 se,
1680 1600 1747 1639 ex
1793 1585 1979 1657 aliquo
2016 1595 2199 1643 tamen
2251 1601 2347 1641 eo-

760 1682 883 1722 rum
921 1670 1292 1727 accidentium
1327 1689 1448 1743 quae
1489 1690 1607 1730 rem
1646 1685 2084 1747 consequuntur,
2115 1678 2347 1743 alterum

2525 1122 2710 1177 Ταῦτα
2728 1120 2961 1191 γενικῶς
2984 1120 3195 1193 εἴρηται
3224 1118 3287 1172 δι’
3315 1118 3493 1187 ὀλίγων,
3515 1119 3595 1171 ὅσα
3616 1118 3670 1170 δι’
3696 1138 3700 1163 ι

2452 1215 2541 1280 τὸς
2579 1232 2724 1277 τινος
2768 1213 2860 1268 τὸν
2908 1210 3312 1284 ωραλογισμὸν
3344 1211 3523 1280 ἐμποιεῖ
3553 1212 3643 1271 τοῖς
3690 1228 3700 1264 ι

2457 1308 2610 1379 ρίοις,
2644 1306 2771 1359 ἄλλο
2803 1323 2857 1359 τι
2885 1306 3014 1375 παρ’
3044 1305 3072 1358 ὃ
3110 1304 3227 1357 ἐστι
3254 1301 3549 1385 νομιζόμενα.
3575 1301 3700 1367 Ἔξει

2454 1398 2891 1472 φιλοπονωτέρας
2945 1397 3047 1467 τῆς
3094 1394 3395 1461 ἐξετάσεως,
3442 1392 3667 1447 πλατῦναι

2456 1491 2795 1564 πραγμάτων
2850 1490 2942 1543 τὸν
3003 1489 3183 1558 λόγον,
3243 1489 3334 1542 ὅσα
3383 1484 3660 1558 ὲτερογενῶς

2456 1584 2806 1656 προσάλληλα
2828 1600 2843 1614 ·
2878 1581 2969 1637 διὰ
3000 1581 3057 1634 δέ
3085 1597 3231 1645 τινος
3252 1579 3351 1646 τῶν
3370 1577 3700 1650 παρεπομένωι

2458 1679 2584 1733 σθαι
2604 1676 2659 1730 τί
2689 1675 2876 1747 ἓτερον
2891 1673 2970 1745 τῷ
2990 1673 3160 1743 ἑτέρῳ
3172 1671 3427 1742 νομίζεται
3441 1684 3453 1699 ο
3481 1664 3574 1740 ἄρα
3589 1669 3651 1739 μή
3670 1687 3696 1722 τ

760 1760 921 1816 alteri
951 1761 1133 1821 simile
1167 1779 1290 1820 esse
1320 1765 1695 1822 existimatur.
1742 1767 2004 1838 Nunquid
2049 1767 2350 1845 Eunomius

2107 1741 2350 1845 inomius
2386 1741 2428 1796 Β
2451 1741 2952 1838 ὁμοιότητος-εἶδος
2991 1741 3300 1835 ambiguus:
3342 1761 3410 1833 τῷ
3443 1760 3576 1832 Υἱῷ;
3613 1759 3699 1815 ’Δλῖ

759 1851 925 1906 talem
956 1855 1251 1923 quamdam
1306 1856 1689 1915 similitudinis
1737 1859 1978 1929 speciem
2030 1860 2252 1933 iactitat
2295 1860 2349 1913 in

760 1939 944 1995 Filio?
978 1940 1085 1999 Sed
1124 1959 1230 1999 non
1270 1959 1334 2000 eo
1357 1948 1613 2003 amentiae
1648 1960 1703 2004 et
1737 1950 1966 2006 insaniae
2000 1951 2235 2023 venerit,
2275 1959 2334 2013 ut

761 2032 1015 2093 fallacem
1042 2044 1095 2089 et
1129 2035 1530 2109 fraudulentam
1573 2041 1996 2109 similitudinem
2037 2044 2092 2099 in
2120 2045 2351 2100 veritate

759 2127 1190 2198 contempletur.
1241 2128 1458 2202 Rursus
1507 2132 1671 2187 aliam
1706 2134 2120 2192 similitudinem
2170 2137 2349 2207 inrdi-

759 2218 1267 2291 vinitusinspirata
1303 2222 1591 2295 Scriptura
1626 2224 1921 2282 didicimus
1950 2227 2019 2282 ab
2051 2244 2116 2282 eo
2138 2228 2233 2298 qui
2262 2229 2352 2283 di-

759 2308 842 2361 xit
873 2327 887 2363 :
921 2307 1211 2366 Faciamus
1239 2312 1501 2368 hominem
1527 2313 1596 2368 ad
1622 2316 1904 2386 imaginem
1929 2328 2170 2373 nostram
2199 2329 2249 2373 et
2274 2322 2348 2373 si-

759 2401 1113 2459 militudinem
1136 2406 1201 2459 °".
1239 2405 1349 2473 Sed,
1375 2423 1489 2465 non
1524 2409 1726 2480 opinor
1756 2411 2091 2468 Eunomium
2125 2414 2176 2469 in
2208 2414 2349 2471 Filio

758 2502 815 2547 et
846 2495 1012 2565 Patre,
1037 2498 1191 2566 hanc,
1223 2500 1608 2559 similitudinis
1661 2505 1903 2573 speciem
1966 2506 2345 2572 considerare.

761 2593 821 2640 ut
843 2588 1094 2642 eumdem
1154 2606 1278 2645 cum
1314 2590 1536 2649 homine
1591 2594 1947 2665 Unigenitum
1998 2598 2164 2653 Deum
2219 2614 2346 2654 esse

761 2677 1101 2744 pronuntiet.
1134 2679 1354 2747 Scimus
1391 2683 1559 2743 etiam
1606 2683 1767 2738 aliam
1801 2686 2183 2744 similitudinis
2225 2703 2348 2759 spe-

765 2768 930 2831 ciem,
982 2785 1147 2840 quam
1207 2773 1261 2825 in
1323 2773 1511 2828 niundi
1557 2777 1838 2835 creatione
1894 2777 1963 2833 de
1999 2778 2129 2834 Seth
2167 2795 2347 2835 sermo

757 2858 991 2915 allirmat
1019 2881 1031 2918 :
1070 2863 1260 2917 Genui!
1291 2864 1465 2920 Adam
1509 2865 1633 2927 Seth
1662 2870 1731 2923 ad
1759 2870 2042 2940 imaginem
2070 2883 2119 2927 et
2157 2873 2348 2927 simili-

759 2951 995 3008 tudinem
1027 2971 1182 3008 suam
1210 2958 1278 3019 °’,
1310 2973 1476 3027 quam
1506 2959 1725 3028 quidem
1756 2961 1802 3017 si
1855 2965 1990 3018 dicit
2020 2964 2343 3033 Eunomius,

760 3059 870 3099 non
915 3045 1038 3115 ejus
1069 3050 1378 3109 orationem
1428 3051 1826 3121 repudiandam
1857 3070 1980 3111 esse
2027 3072 2340 3113 censemus.

764 3136 864 3192 llic
888 3138 1033 3201 enim
1069 3155 1251 3210 neque
1293 3154 1489 3198 natura
1523 3159 1714 3201 eorum
1757 3162 1880 3217 qua}
1919 3148 2060 3203 inter
2084 3165 2146 3205 se
2173 3150 2334 3205 simi-

760 3226 990 3284 litudine
1014 3232 1353 3286 conveniunt
1381 3233 1586 3299 differt,
1629 3244 1683 3291 et
1714 3236 2008 3293 character
2033 3247 2088 3293 et
2128 3241 2345 3310 species

756 3322 1197 3378 communionem
1230 3324 1453 3381 habent.
1510 3326 1635 3382 [iam
1665 3337 1719 3383 et
1754 3330 1882 3383 talia
1916 3339 2069 3397 sunt,
2100 3349 2223 3403 quae
2274 3335 2342 3390 de

758 3412 1020 3467 similium
1050 3413 1359 3471 differentia
1387 3427 1440 3473 et
1469 3418 1792 3477 discrimine
1813 3438 1913 3478 nos
1933 3422 2340 3490 intelleximus;

758 3498 1042 3556 videamus
1090 3502 1271 3573 igitur.
1335 3506 1400 3561 ad
1468 3509 1597 3577 quid
1666 3511 1967 3581 respiciens
2019 3514 2342 3581 Eunomius,

757 3591 1012 3645 eximiam
1046 3593 1191 3647 illam
1234 3596 1649 3661 similitudinem
1692 3617 1817 3657 eum
1882 3604 2041 3662 Patre
2095 3612 2344 3665 attribuit

758 3679 920 3745 Filio,
957 3682 1161 3747 ‘dicens
1201 3726 1215 3749 ,
1251 3690 1478 3745 similem
1533 3708 1646 3748 esse
1688 3695 1736 3748 ei
1774 3698 1865 3762 qui
1916 3701 2094 3768 genuit
2146 3704 2345 3758 eximia

757 3771 989 3840 quadam
1023 3777 1366 3841 similitudine
1388 3791 1438 3836 et
1471 3786 1693 3854 propria
1728 3789 1961 3854 notione,
2007 3807 2107 3846 non
2134 3801 2192 3846 ut
2236 3793 2345 3849 Pa-

760 3866 832 3919 tri
860 3864 1105 3935 Patrem,
1142 3890 1244 3929 non
1296 3876 1434 3932 enim
1476 3888 1598 3932 sunt
1639 3878 1745 3933 duo
1785 3881 1996 3939 Patres.
2053 3882 2203 3939 lianc
2251 3900 2346 3955 per

757 3961 1137 4016 excellentiam
1169 3964 1584 4025 similitudinem
1633 3967 1750 4023 Filii
1784 3985 1911 4027 cum
1957 3972 2118 4029 Patre
2149 3984 2340 4031 osten-

756 4052 887 4111 dere
913 4055 1211 4124 pollicitus,
1246 4061 1522 4129 quomodo
1554 4078 1662 4118 non
1705 4065 1967 4121 convenit
2023 4067 2334 4137 intelligere

759 4145 939 4215 ipsum
972 4148 1230 4217 similem,
1263 4167 1517 4209 sermone
1537 4156 1780 4222 astruit;
1841 4173 1964 4212 cum
2019 4160 2164 4213 enim
2200 4160 2342 4216 dixit

761 4239 907 4308 quod
934 4256 1050 4295 non
1087 4250 1145 4297 ut
1168 4241 1329 4321 Pater
1348 4243 1501 4301 Patri
1528 4248 1727 4305 similis
1758 4258 1863 4317 est,
1894 4253 2132 4308 astruxit
2152 4254 2342 4319 verbo,

760 4332 907 4401 quod
945 4349 1054 4388 non
1079 4334 1152 4389 sit
1184 4334 1405 4391 similis.
1446 4339 1513 4397 Et
1548 4354 1744 4397 rursus
1788 4357 1913 4397 cum
1948 4344 2155 4413 adjecit
2197 4348 2345 4417 quod

2452 1860 2534 1924 είς
2565 1858 2725 1912 τοῦτο
2773 1854 3161 1929 παραπληξίας
3215 1855 3367 1916 ἔλθοι,
3418 1854 3542 1909 ὥστε
3582 1852 3700 1924 τὴν.

2450 1951 2744 2023 ὁμοιότητα
2798 1950 2891 2005 ἐπὶ
2953 1948 3054 2019 τῆς
3097 1946 3356 2019 ἀληθείας,
3383 1946 3595 2017 βλέπειν.
3633 1947 3700 2000 Ilci

2450 2043 2741 2116 ὁμοιότητα
2771 2045 2827 2097 ὲν
2848 2044 2914 2114 τῇ
2937 2040 3276 2111 Θεοπνεύστῳ
3298 2039 3469 2111 Γραφῇ
3486 2036 3700 2107 ἐδιδάχϐτ

2450 2134 2546 2189 τοῦ
2581 2134 2849 2201 εἰπόντος,
2873 2133 2955 2187 ὃτι
2977 2130 3324 2200 Ποιήσωμεν
3347 2130 3700 2197 ἇνθρωπονκε

2451 2223 2745 2296 ἡμετέραν
2764 2224 2861 2278 καί
2885 2222 3013 2279 καθ’
3042 2223 3339 2293 ὁμοίωσιν.
3382 2220 3508 2273 Ἀλλ’
3531 2218 3623 2272 οὐκ
3650 2219 3700 2273 au.

2451 2319 2711 2389 Εὐνόμιον
2742 2318 2834 2370 ἐπὶ
2863 2315 2957 2370 τοῦ
2992 2314 3125 2369 Υίοῦ
3153 2315 3246 2368 καὶ
3275 2313 3364 2367 τοῦ
3395 2312 3592 2385 Πατρὸς
3613 2311 3699 2364 τοῦ

2447 2412 2511 2466 τὸ
2546 2408 2683 2475 εἶδος
2717 2412 2815 2480 τῆς
2838 2407 3176 2480 ὁμοιότητος.
3212 2406 3286 2469 ὡς
3313 2405 3498 2460 ταύτὸν
3525 2402 3598 2474 τῷ
3629 2404 3700 2456 ἀνί

2465 2504 2748 2573 Μονογενῆ
2782 2501 2915 2557 Θεὸν
2943 2499 3343 2571 ἀποφήνασθαι.
3400 2497 3624 2566 Οἴδαμεν
3681 2514 3700 2550 ι

2448 2595 2764 2668 ὁμοιότητος
2799 2590 2958 2656 εἶδος,
2986 2594 3123 2663 ὅπερ
3168 2593 3225 2644 ὲν
3270 2593 3333 2661 τῇ
3362 2587 3700 2660 κοσμογενείᾳ

2447 2688 2543 2742 τοῦ
2575 2687 2680 2759 Σὴθ
2730 2687 2758 2738 6
2810 2685 2964 2754 λόγος
2987 2702 3001 2716 ·
3035 2686 3115 2737 ὅτι
3157 2680 3474 2753 Ἑγέινησε
3504 2680 3617 2739 τὸν
3639 2679 3700 2734 Si

2448 2779 2599 2834 κατὰ
2625 2778 2690 2831 τὸ
2715 2773 2875 2842 εἶδος
2895 2776 3082 2829 αὑτοῦ
3103 2773 3199 2828 καὶ
3224 2773 3372 2828 κατὰ
3399 2772 3511 2841 τὴν
3539 2774 3700 2841 όμοιό

2448 2871 2495 2922 εί
2534 2869 2679 2937 λέγοι
2703 2870 2731 2922 6
2768 2865 3169 2936 Εὐνόμιος,οὐκ
3200 2863 3525 2933 ἀπόϐλητονς
3541 2864 3633 2917 τὸν
3669 2862 3700 2915 λ

2450 2962 2610 3033 μεθα.
2674 2959 2942 3014 Ἐνταῦθα
2990 2958 3122 3028 γὰρ,
3180 2955 3305 3010 οὔτε
3346 2959 3378 3027 ἡ
3420 2957 3581 3024 φύσις
3624 2956 3700 3006 τῶ

2445 3053 2816 3126 ὁμοιουμένων
2848 3052 3122 3123 διάφορος,
3172 3050 3265 3104 καὶ
3301 3050 3330 3101 ὁ
3359 3049 3653 3122 χαρακτὴρ
3685 3066 3700 3101 ι

2445 3146 2543 3219 τὴν
2569 3146 2853 3201 κοινωνίαν
2886 3145 2998 3215 ἔχει
3024 3161 3038 3177 ’
3068 3142 3240 3197 ταῦτα
3267 3144 3360 3197 καὶ
3392 3143 3464 3197 τὰ
3490 3141 3700 3196 τοιαῦτό

2450 3238 2576 3310 περ)⁵
2605 3238 2701 3309 τῆς
2732 3236 2826 3290 τοῦ
2857 3236 3046 3306 ὁμοίου
3077 3235 3340 3306 διαφορᾶς
3371 3236 3539 3305 ἡμεῖς
3570 3234 3699 3303 ὲνοή

2450 3347 2549 3399 μεν
2578 3329 2756 3382 τοίνυν
2795 3328 2931 3402 πρὸς
2954 3328 3006 3382 τί
3041 3326 3254 3398 βλέπων
3274 3328 3302 3379 6
3325 3326 3626 3395 Εὐνόμιος,
3651 3323 3700 3376 τί

2446 3420 2661 3493 ἐκείνην
2689 3420 2981 3490 ὁμοιότητα
3001 3419 3137 3490 πρὸς
3164 3418 3255 3473 τὸν
3281 3418 3515 3489 Πατέρα
3534 3434 3700 3487 μαρτ·

2445 3511 2637 3581 λέγων,
2657 3512 2860 3583 ὅμοιον
2877 3510 3033 3565 εἶναι
3054 3510 3131 3576 τῷ
3157 3509 3534 3580 γεννήσαντι
3550 3509 3700 3577 μόν(

2439 3621 2620 3674 petor
2635 3604 2951 3673 ὁμοιότητα
2975 3600 3123 3655 κατὰ
3139 3599 3257 3669 τὴν
3277 3597 3649 3660 ἰδιάζουσαν
3675 3598 3700 3649 ἓ

2445 3697 2525 3762 ὡς
2555 3695 2733 3763 "arpi
2756 3690 3004 3761 Πατέρα.
3015 3695 3096 3748 Οὐ
3114 3691 3223 3761 γάρ
3237 3694 3365 3745 εισι
3380 3689 3502 3746 δύο
3518 3685 3700 3754 ﬂare;

2446 3788 2628 3856 εξαίρε
2639 3804 2722 3840 τον
2744 3784 3038 3855 ὁμοιότητα
3048 3781 3138 3836 τοῦ
3156 3780 3284 3834 Υἱοῦ
3300 3779 3449 3852 πρὸς
3458 3778 3561 3831 τὸν
3575 3779 3700 3831 Har:

2447 3879 2936 3948 ἐπαγγειλάμενος,
2951 3877 3097 3937 ὅπως
3121 3872 3195 3944 μὴ
3232 3877 3526 3944 προσήκει
3558 3872 3700 3921 νοεῖν

2446 3970 2847 4035 κατασκευάζει
2877 3967 2954 4039 τῷ
2974 3968 3136 4038 λόγῳ.
3173 3963 3365 4019 Εἰπὼν
3405 3962 3530 4033 γὰρ
3558 3963 3653 4015 ὅτι
3684 3977 3700 4013 ‹

2447 4066 2637 4137 Πατὴρ
2666 4064 2860 4128 ἔοικεν,
2897 4059 3266 4116 κατεσκεύασε
3305 4057 3395 4127 τῷ
3442 4056 3643 4127 λόγῳ,
3684 4054 3700 4107 Ε

2446 4159 2558 4214 Καὶ
2582 4157 2744 4211 πάλιν
2768 4154 3045 4227 προσθεὶς,
3068 4154 3149 4206 ὅτι
3168 4149 3298 4205 οὔτε
3320 4150 3408 4212 ὡς
3430 4149 3700 4218 ἁγεννὴτ

2446 4251 2540 4304 καὶ
2593 4249 2681 4302 διὰ
2731 4247 2889 4301 τοῦτο
2944 4247 3143 4299 ἀπεῖπε
3168 4245 3312 4296 νοεῖν
3352 4242 3464 4296 ἐπὶ
3501 4239 3615 4293 τοῦ
3668 4239 3700 4290 Ἰ

2448 4342 2669 4414 Πατέρα
2699 4339 2796 4411 τὴν
2836 4337 3159 4409 ὁμοιότητα*
3198 4332 3325 4388 εἶτα
3359 4330 3700 4400 ὲπαγαγὼκ

760 4440 938 4492 neque
973 4425 1118 4482 sicut
1159 4428 1402 4498 ingenito
1450 4431 1750 4501 ingenitus,
1799 4446 2088 4504 propterea
2127 4442 2347 4508 negavit

2127 4442 2347 4508 negavit
2380 4450 2425 4509 ι)
2453 4434 2602 4498 Υἱὸς,
2625 4432 2806 4504 τρίτον
2834 4430 3080 4499 ἐπήγαγε
3106 4427 3310 4496 νόημα,
3344 4425 3424 4509 δι’
3453 4420 3527 4478 οὗ
3557 4440 3699 4475 παν·

758 4516 813 4569 in
847 4513 985 4572 Filio
1015 4535 1139 4574 cum
1175 4518 1339 4577 Patre
1380 4522 1838 4590 similitudinem;
1875 4527 2080 4585 deinde
2109 4533 2343 4602 sulijnn-

756 4624 895 4677 gens
929 4610 1073 4680 quod
1106 4628 1286 4681 neque
1322 4621 1380 4668 ut
1423 4611 1565 4669 Filio
1595 4613 1793 4681 Filius,
1843 4620 2067 4676 tertium
2122 4624 2336 4680 induxit

757 4703 1126 4772 intellectum,
1173 4723 1285 4777 quo
1312 4722 1541 4777 prorsus
1572 4708 1843 4766 rationem
1874 4713 2074 4770 similis
2123 4731 2345 4786 perver—

756 4795 846 4850 tit.
894 4795 993 4852 Hic
1028 4798 1194 4868 igitur
1226 4800 1481 4870 proprias
1511 4801 1763 4881 rationes
1792 4806 2065 4876 sequitur,
2111 4807 2344 4863 demon-

759 4887 1083 4943 strationem
1138 4887 1335 4943 similis
1378 4902 1475 4958 per
1521 4892 1998 4947 constructionem
2040 4893 2335 4949 dissimilis

688 5034 697 5042 ,
757 4976 1131 5049 faciens.Ejus
1162 4990 1342 5035 autem
1375 4981 1594 5050 sapiens
1623 4990 1677 5037 et
1708 4983 1941 5053 simplex
1968 4984 2176 5040 dictum
2208 5002 2343 5041 exa-

754 5071 1055 5135 minemus,
1135 5071 1283 5140 quod
1361 5072 1919 5131 determinationihus
1984 5076 2345 5132 demonstrat.

756 5158 955 5216 Filium
989 5161 1137 5217 enim
1173 5160 1320 5216 Patri
1369 5162 1609 5218 similem
1647 5179 1771 5218 esse
1807 5180 1931 5219 cum
1965 5163 2123 5229 dixit,
2163 5174 2347 5219 tutum

758 5252 939 5308 reddit
969 5254 1239 5319 auditum,
1303 5270 1413 5310 non
1446 5267 1703 5325 Oportere
1751 5256 1896 5310 sicut
1937 5255 2152 5313 Patrem
2200 5257 2347 5314 Patri

757 5340 960 5400 Filium
988 5346 1226 5402 similem
1259 5362 1382 5402 esse
1417 5348 1741 5419 intelligere.
1763 5345 1898 5415 Quis
1925 5361 2107 5405 autem
2151 5351 2229 5405 sic
2257 5351 2340 5405 in-

757 5442 843 5490 ter
866 5434 1119 5493 homines
1141 5438 1393 5506 stupidus
1411 5448 1465 5493 et
1498 5440 1875 5510 intelligentiae
1913 5456 2131 5511 expers,
2158 5451 2218 5497 ut
2253 5442 2337 5496 Fl-

758 5523 891 5581 lium
920 5525 1068 5581 Patri
1105 5528 1343 5584 similem
1387 5547 1509 5588 esse
1539 5548 1663 5587 cum
1715 5531 1988 5601 didicerit,
2051 5534 2116 5589 ad
2166 5533 2344 5591 Patris

835 5704 880 5736 ⁵⁸
932 5703 1068 5762 Gen.
1126 5722 1186 5775 ιι,
1242 5706 1331 5763 26.
1410 5710 1451 5740 δ’
1489 5708 1621 5762 Gcn.
1660 5725 1709 5777 ν,
1763 5712 1816 5766 5,

2456 4526 2640 4598 ὁμοίου
2670 4520 3047 4593 παραφέρεται
3080 4517 3257 4586 λόγον.
3297 4508 3502 4578 Οὗτος
3535 4514 3656 4584 μὲν

2456 4616 2646 4669 ἕπεται
2674 4611 2985 4679 λόγοις,τὴν
3014 4607 3106 4661 τοῦ
3129 4604 3323 4677 ὁμοίου
3354 4602 3696 4667 ἀπόδειξιν

2457 4704 2654 4775 σκευῆς
2688 4701 2782 4756 τοῦ
2807 4700 3060 4772 ἀνομοίου
3107 4696 3491 4768 ποιούμενος.
3548 4694 3699 4755 Ἑξε

2458 4795 2618 4864 σοφὸν
2648 4794 2812 4848 αὑτοῦ
2848 4793 2943 4847 καὶ
2975 4790 3198 4852 ἁπλοῦν,
3227 4789 3256 4843 ὃ
3278 4792 3415 4851 τοῖς
3453 4787 3700 4859 διορισι

2454 4905 2562 4943 ται.
2599 4887 2729 4940 Υίὺν
2754 4885 2863 4957 γὰρ
2889 4883 3059 4954 Πατρὶ
3083 4884 3271 4953 ὅμοιον
3309 4875 3487 4932 εἶναι
3525 4876 3700 4931 εἰπὼ

2454 4984 2555 5052 τὴν
2584 4980 2773 5052 ἀκοὴν,
2813 4977 2888 5049 μὴ
2921 4977 3029 5033 δεῖν
3058 4976 3133 5038 ὡς
3181 4974 3435 5046 Πατέρα
3485 4971 3700 5041 ΠοιτρἼ

2456 5075 2609 5129 κέναι
2641 5076 2804 5128 νοεῖν.
2827 5073 2922 5135 Τίς
2949 5070 3005 5124 δὲ
3030 5067 3201 5130 οὕτως
3222 5069 3284 5120 ὲν
3308 5064 3700 5135 ἀνθρώποις

2457 5166 2586 5220 Υἱδν
2619 5165 2802 5235 ὅμοιον
2830 5160 2908 5233 τῷ
2948 5159 3123 5229 Ηατρὶ
3173 5154 3388 5228 μαθὼν
3443 5150 3661 5217 εἶναι,

2458 5260 2595 5331 πρὸς
2627 5258 2720 5312 τὸν
2746 5256 2963 5327 Πατέρα
2980 5252 3277 5324 ὁμοιότητα
3302 5252 3452 5312 τοῖς
3483 5247 3699 5331 λογισ

2450 5349 2584 5404 Οὐδὲ
2606 5348 2682 5411 ὠς
2717 5345 2850 5416 Υίῷ,
2882 5345 3034 5415 φησὶ,
3068 5341 3195 5395 Υἱόν
3220 5357 3233 5372 ·
3279 5339 3497 5393 πάλιν
3545 5336 3640 5427 ’τὸ
3686 5330 3700 5384 Ἰ

2447 5437 2659 5512 ὁρισμῷ
2690 5439 2723 5508 ἠ
2758 5437 3026 5507 δριμύτης
3055 5430 3419 5505 ἔχει.Πατρὶ
3462 5428 3643 5482 Υῑὸν

2456 5532 2594 5599 πὼν,
2630 5532 2691 5586 τὸ
2733 5531 2807 5603 μὴ
2835 5531 2944 5585 δεῖν
2994 5530 3070 5593 ὡς
3099 5528 3234 5600 πρὸς
3300 5525 3476 5579 Υἰὸν
3552 5521 3700 5577 ἄλλα
