4032 6208
295 362 386 421 537

1389 355 1667 414 CONTRA
1699 356 2090 425 EUNOMIUM,
2132 360 2261 421 LIB.
2305 364 2370 417 ll.

3397 377 3501 436 558

293 470 709 551 προσδιορίζεται.
753 471 940 526 Ταῦτα
993 472 1104 527 τῶν
1165 471 1379 543 σεμνῶν
1423 472 1516 526 τοῦ
1565 474 1806 545 Εὐνομίοι

1934 489 2059 530 cum
2091 475 2256 533 Patre
2289 478 2705 538 similitudinem
2733 485 3088 542 adducatur?
3133 487 3321 562 Neque
3358 495 3504 553 sicut

285 567 527 639 δογμάτων
559 565 677 618 ἐστὶ
729 564 799 619 τὰ
847 567 1145 636 μυστήρια,
1184 565 1250 619 δι’
1279 558 1354 621 ὧν
1400 564 1697 639 σοφώτεροι
1721 567 1830 621 τῶν

1938 565 2078 620 Filio
2111 565 2333 634 Filium,
2365 571 2563 641 inquit.
2591 572 2805 631 Rursus
2830 580 3075 636 eamdem
3100 581 3209 637 vim
3248 584 3413 642 habet
3446 588 3504 645 in

286 661 432 714 ἄλλων
455 660 498 711 οί
529 657 768 729 μαθηταὶ
802 658 969 712 αὑτοῦ
999 659 1239 727 γίνονται
1264 696 1280 719 ,
1312 659 1577 729 μαθόντες
1603 658 1685 712 ὅτι
1716 659 1806 713 Παλ

1931 658 2035 713 hoc
2064 661 2301 716 termino
2325 662 2446 732 ejus
2487 665 2783 725 subtilitas.
2839 669 2987 726 Patri
3021 670 3216 730 Filium
3265 678 3502 735 similem

283 752 354 820 τρὶ
387 749 496 812 Υἱὸς
526 748 743 813 ἐοικὼς,
766 750 864 820 οὐχ
896 750 1011 821 Υἱῷ
1046 750 1241 807 ἔοικεν.
1279 750 1356 807 Οὐ
1395 753 1504 825 γάρ
1549 754 1668 807 ἐστι
1704 752 1830 817 Υἱὸς

279 842 467 913 Πατήρ·
495 841 617 894 οὐδὲ
667 841 743 914 ὡς
771 842 1049 913 άγεννήτῳ
1081 843 1396 914 ἁγέννητος.
1424 841 1504 899 Οὐ
1528 844 1636 913 γάρ
1670 844 1830 913 ἀγέν-

276 912 419 1005 V1276:
434 935 579 986 ἐστιν
609 935 639 988 ὀ
660 912 810 999 Ϋίός.
845 935 918 989 To
948 934 1004 989 δὲ
1024 912 1150 990 καθ’
1174 912 1320 1006 ήμάς
1357 912 1669 1007 μυστήριον,
1694 936 1823 990 ὅταν

275 1025 460 1096 Πατέρα
479 1026 635 1099 εἴπῃ,
666 1025 797 1080 Υίοῦ
823 1027 1042 1098 Πατέρα
1074 1026 1293 1091 πάντως
1318 1025 1710 1087 διακελεύεται,
1727 1026 1823 1080 καὶ

270 1118 380 1171 ὅταν
403 1117 519 1171 Υίὸν
546 1117 816 1191 ὀνομάσῃ,
859 1119 1071 1190 Πατρὸς
1098 1119 1226 1172 Υίὺν
1258 1118 1498 1172 διδάσκει
1532 1121 1689 1171 νοεῖν.
1711 1118 1822 1172 Kal

268 1208 400 1263 οὐδὲν
437 1209 530 1280 τῆς
587 1212 850 1279 περιττῆς
903 1209 1107 1282 ταύτης
1164 1209 1357 1279 σοφίας
1407 1209 1568 1280 μέχρι
1602 1208 1695 1261 καὶ
1724 1209 1819 1264 νῦν

264 1299 557 1371 ἐδεήθημεν.
594 1301 757 1354 Ὥστε
785 1300 873 1357 διὰ
919 1301 1135 1374 Πατρὺς
1160 1302 1256 1355 καὶ
1293 1299 1421 1354 Υίοῦ
1455 1299 1549 1353 δύο
1570 1297 1819 1369 Πατέρας

262 1390 289 1460 ἡ
312 1390 392 1444 δύο
414 1391 572 1456 Υίοὺς
593 1392 963 1460 ὑποτίθεσθαι,
997 1393 1072 1457 ὡς
1102 1394 1410 1462 ἀγεννήτων
1434 1390 1623 1445 δυάδα.

1932 763 2054 805 esse
2082 764 2207 804 cum
2239 751 2400 822 dixit,
2436 771 2545 810 non
2574 768 2828 829 oportere
2862 762 3006 818 sicut
3048 780 3173 820 cum
3203 765 3344 824 Filio
3392 770 3504 826 alio

1928 841 2187 930 similiter
2214 859 2275 900 se
2302 845 2505 903 habere
2543 849 2891 907 determinat.
2924 854 3049 910 llaac
3085 866 3215 913 sunt
3251 862 3501 930 gravium

1928 927 2184 986 Eunomii
2226 933 2573 992 decretorum
2615 944 2898 1011 mysteria,
2951 945 3153 1014 quibus
3194 927 3315 1017 ejus
3364 950 3505 1007 ﬁunt

1928 1021 2189 1114 discipuli
2224 1028 2347 1084 aliis
2395 1032 2790 1102 sapientiores,
2830 1051 2955 1092 cum
2988 1035 3302 1095 didicerunt
3351 1042 3501 1114 quod

1927 1113 2077 1170 Patri
2108 1116 2281 1175 Filius
2312 1121 2530 1192 similis,
2566 1123 2704 1179 Filio
2731 1128 2930 1185 similis
2971 1145 3080 1185 non
3121 1141 3226 1187 est.
3259 1113 3380 1188 Non
3414 1144 3502 1191 est

1927 1208 2073 1261 enim
2105 1208 2274 1267 Filius
2305 1212 2509 1282 Pater;
2536 1231 2712 1288 neque
2747 1220 2887 1275 sicut
2924 1221 3165 1292 ingenito
3197 1223 3494 1296 ingenitus,

1926 1312 2037 1352 non
2069 1301 2215 1356 enim
2269 1313 2355 1359 est
2385 1304 2557 1363 Filius
2597 1310 2895 1377 ingenitus.
2952 1312 3270 1385 Mysterium
3313 1323 3498 1374 autem

1925 1389 2074 1459 quod
2098 1403 2183 1448 est
2205 1397 2508 1453 secundum
2546 1416 2670 1463 nos,
2716 1417 2842 1457 cum
2874 1404 3090 1461 Patrem
3125 1407 3341 1473 dixerit,
3372 1408 3498 1465 Filii

258 1482 442 1541 Patrem
477 1487 713 1543 onmino
739 1485 896 1556 jubet
938 1487 1266 1557 intelligere.
1299 1484 1487 1556 Neque
1510 1481 1809 1538 adhucbac
1842 1496 2252 1553 supervacanea
2286 1494 2554 1562 sapientia
2582 1496 2938 1569 indiguimus.
2990 1499 3069 1557 lta
3098 1509 3160 1557 ut
3230 1520 3328 1575 per
3389 1503 3492 1560 Pa—

258 1588 370 1633 trem
399 1589 449 1634 et
481 1579 711 1645 Filium,
757 1581 896 1637 duos
920 1580 1109 1638 Patres
1143 1590 1197 1636 et
1220 1582 1361 1637 duos
1407 1579 1574 1635 Filios
1606 1583 1903 1649 supponat,
1925 1587 2182 1650 tanquam
2211 1586 2582 1658 ingenitorum
2616 1592 2959 1651 dualitatem.

312 1671 370 1723 Τί
405 1670 457 1723 δὲ
497 1670 752 1741 βούλεται
801 1675 834 1743 ὴ
884 1672 1052 1743 πολλὴ
1094 1674 1220 1744 περὶ
1273 1673 1335 1726 τὸ
1383 1673 1675 1742 ἀγέννητον
1713 1667 1804 1724 τοῦ

1982 1670 2125 1737 Quid
2165 1684 2347 1732 autem
2384 1681 2511 1735 velit
2551 1681 2698 1738 circa
2721 1684 3022 1755 ingenitum
3060 1696 3270 1744 tantum
3301 1687 3485 1745 Euno-

254 1762 488 1831 Εύνομίου
531 1763 756 1833 σπουδὴ.
804 1763 1059 1827 πολλάκις
1091 1766 1188 1834 μὲν
1220 1765 1321 1836 ἤδη
1358 1764 1648 1835 δεδήλωται
1671 1780 1685 1794 °
1714 1763 1811 1816 καὶ

248 1854 326 1908 νῦν
349 1855 400 1909 δὲ
434 1857 607 1910 πάλιν
634 1856 700 1909 δι’
720 1857 916 1925 ὀλίγων
930 1859 1245 1928 εἰρήσεται.
1289 1857 1403 1927 Τῆς
1431 1855 1541 1928 γάρ
1572 1855 1666 1910 τοῦ
1701 1857 1812 1909 Πα-

246 1946 350 2016 τρδς
374 1949 654 2019 σημασίας
694 1948 963 2019 μηδεμίαν
984 1949 1117 2021 πρὸς
1135 1949 1224 2002 τὸν
1241 1948 1369 2001 Υἱὺν
1389 1947 1653 2019 διαφοράν
1670 1946 1812 2001 κατὰ

244 2038 327 2109 τήν
348 2039 507 2108 φύσιν
545 2039 980 2110 ἐνδεικνυμένης,
1025 2041 1074 2092 εἰ
1106 2039 1266 2110 μέχρι
1295 2037 1500 2093 τούτων
1538 2038 1629 2091 τὸν
1655 2038 1812 2107 λόγον

245 2129 463 2201 ἔστησεν,
496 2126 603 2186 ούκ
630 2134 696 2188 ἂν
728 2134 884 2204 ἔσχεν
910 2133 1063 2203 ἰσχὺν
1092 2134 1125 2203 ἡ
1161 2132 1403 2197 ἀσέϐεια,
1428 2130 1531 2201 τῆς
1575 2130 1813 2200 φυσικῆς

240 2222 333 2277 τῶν
353 2224 640 2294 ὀνομάτων
672 2226 879 2288 ἑννοίας
908 2228 968 2278 ού
1015 2224 1458 2297 παραδεχομὲνης
1484 2223 1544 2279 τὸ
1570 2226 1687 2279 κατ’
1723 2225 1814 2278 ού-

242 2314 343 2368 σίαν
356 2314 662 2386 ἀλλότριον.
679 2316 796 2370 Νῦν
814 2317 869 2370 δὲ
898 2318 1192 2388 ἀγέννητον
1224 2318 1317 2370 καὶ
1332 2316 1589 2389 γεννητὸν
1613 2315 1808 2384 λέγων,

237 2405 403 2477 ἐπειδὴ
438 2407 649 2478 ἇμεσός
677 2410 792 2460 ἐστι
832 2407 968 2479 πρὸς
1001 2407 1203 2478 ἄλληλα
1242 2408 1353 2463 τῶν
1385 2407 1667 2478 ὀνομάτων
1688 2407 1812 2461 τού-

237 2510 328 2546 των
353 2498 385 2567 ἡ
413 2498 762 2560 ἐναντίωσις,
811 2498 887 2562 ὡς
919 2498 1113 2568 θνητοῦ
1147 2499 1242 2551 καὶ¹
1285 2497 1579 2562 ἀθανάτου,
1606 2498 1700 2551 καὶ
1723 2499 1813 2551 λο-

237 2585 406 2651 γικῶν,
463 2588 560 2640 καὶ
611 2588 842 2657 ἀλόγων,
904 2589 998 2642 καὶ
1041 2589 1260 2643 πάντων
1299 2588 1409 2641 τῶν
1441 2588 1812 2659 ὁμοιοτρόπως

234 2678 652 2749 ἓκφωνουμένων
694 2719 709 2741 ,
758 2680 857 2734 ὅσα
900 2681 988 2733 διὰ
1016 2681 1125 2734 τῶν
1172 2680 1316 2734 κατά
1355 2681 1414 2734 τὸ
1445 2681 1686 2735 ἐναντίον
1715 2699 1814 2752 ση-

235 2771 566 2842 μαινομένων
580 2772 829 2842 άλλήλοις
858 2772 1346 2843 ἁντικαθέστηκεν,
1371 2772 1571 2827 ἔδωκεν
1600 2773 1715 2826 ὁδὸν
1744 2776 1812 2845 τῇ

234 2858 434 2932 βλασφη
445 2862 542 2933 μία
560 2863 651 2915 διὰ
671 2862 782 2915 τῶν
829 2861 1110 2933 ὀνομάτων
1139 2862 1348 2917 τούτων
1375 2879 1388 2893 ·
1422 2863 1563 2916 ὥστε
1589 2863 1687 2934 τὴν
1717 2862 1811 2915 τοῦ

232 2950 413 3023 θνητοῦ
471 2954 605 3026 πρὸς
651 2954 713 3008 τὸ
755 2954 1022 3009 ἀθάνατον
1063 2955 1329 3025 διαφορὰν
1361 2957 1419 3009 ἐν
1448 2955 1527 3026 τῷ
1566 2954 1812 3026 γεννητῷ

230 3044 355 3115 πρὸς
388 3046 458 3099 τὸ
488 3046 781 3116 ἀγέννητον
800 3045 1159 3118 ἑνθεωρῆσαι.
1198 3047 1307 3100 Καὶ
1333 3048 1521 3119 ὥσπερ
1551 3048 1684 3120 άλλη
1711 3049 1806 3103 τοῦ

231 3138 414 3212 θνητοῦ
447 3143 537 3196 καὶ
564 3142 697 3215 ἄλλη
726 3143 821 3196 τοῦ
842 3143 1110 3197 ἀθανάτου
1135 3147 1166 3215 ἡ
1204 3144 1386 3215 φύσις,
1415 3145 1509 3199 καὶ
1550 3145 1643 3200 τοῦ
1669 3147 1808 3216 λογι-

228 3233 317 3286 κοῦ
344 3237 444 3289 καὶ
470 3235 563 3289 τοῦ
597 3235 795 3305 ἀλόγου
829 3236 1122 3307 ἁσύμϐατα
1156 3238 1295 3291 κατά
1341 3239 1441 3311 τὴν
1469 3239 1657 3293 οὐσίαν
1689 3241 1806 3293 ἐστὶ

230 3324 293 3378 τά
317 3326 598 3397 ἰδιώματα,
631 3329 776 3383 οὕτω
803 3328 1049 3399 βούλεται
1068 3327 1236 3400 ἄλλην
1262 3329 1360 3400 μὲν
1387 3330 1479 3383 τοῦ
1510 3331 1804 3403 άγεννήτου

230 3422 626 3475 κατασκευάσαι
657 3424 756 3491 τὴν
789 3422 969 3490 φύσιν.
998 3422 1165 3494 ἄλλην
1198 3423 1252 3476 δὲ
1284 3423 1381 3494 τὴν
1402 3423 1496 3477 τοῦ
1517 3422 1802 3494 γεννητοῦ.

232 3509 342 3563 ἰνα
400 3512 587 3584 ὥσπερ
654 3515 967 3585 ὑποχείριος
1009 3514 1087 3585 τῷ
1120 3514 1384 3586 λογικῷή
1418 3516 1610 3583 ἄλογος
1645 3516 1805 3586 φύσις

229 3598 711 3676 δεδημιούργηται,
772 3604 946 3668 οὕτως
998 3605 1085 3658 διὰ
1128 3605 1365 3676 φυσικῆς
1408 3607 1656 3675 ἀνάγκης
1703 3606 1804 3658 ὑπ-

233 3695 541 3766 εζευγμένον
588 3699 666 3770 τῷ
712 3699 991 3770 ἀγεννὴτῳ
1032 3699 1092 3752 τὸ
1120 3700 1376 3770 γεννητὸν
1409 3697 1668 3772 ἐπιδείξῃ.
1713 3698 1804 3751 Διὸ

232 3789 479 3842 συνάπτει
502 3789 579 3860 τῷ
610 3790 892 3862 άγεννήτῳ
919 3790 981 3842 τὸ
1004 3788 1097 3843 τοῦ
1128 3788 1577 3861 Παντοκράτορος
1608 3788 1798 3859 ὄνομα,

231 3877 259 3930 θ
287 3880 383 3934 οὒκ
410 3884 484 3946 είς
516 3881 881 3955 προνοητικὴν
911 3882 1207 3953 ἐνέργειαν,
1238 3882 1313 3946 ὡς
1347 3879 1636 3952 προλασὼν
1663 3882 1690 3933 ὀ
1716 3881 1803 3934 λό-

233 3987 324 4038 τος
351 3973 636 4039 ὑπέδειξεν,
661 3974 776 4028 ἀλλ’
797 3976 876 4037 είς
904 3973 1229 4045 τυραννικὴν
1250 3973 1497 4038 ἐξουσίαν
1522 3973 1800 4045 μεταλαμ-

231 4064 377 4118 εάνει
400 4067 490 4139 τὴν
529 4067 830 4139 ἑρμηνείαν
869 4068 963 4121 τοῦ
1006 4067 1469 4138 Παντοκράτορος.
1511 4066 1598 4130 Ὠς
1636 4066 1799 4139 μέρος

234 4155 327 4226 τῆς
345 4161 640 4231 ἀρχομένης
660 4176 719 4212 τε
751 4160 845 4213 καὶ
874 4159 1187 4231 ὑποχειρίου
1206 4159 1420 4228 φύσεως
1447 4158 1647 4211 καὶτὸν
1672 4159 1797 4212 Υίὺν

234 4251 458 4319 ποιῆσαι.
490 4252 629 4324 μετά
661 4253 878 4306 πάντων
908 4251 1229 4305 δουλεύοντα
1257 4250 1333 4320 τῷ
1353 4250 1438 4303 διὰ
1464 4251 1564 4320 τῆς
1600 4266 1800 4321 τυραν-

1912 1763 2006 1816 mii
2033 1766 2298 1834 studium,
2337 1785 2479 1839 stcpe
2510 1773 2729 1842 quidem
2750 1775 2862 1844 jam
2902 1777 3240 1832 declaratum
3287 1788 3406 1849 est;
3442 1788 3498 1837 et

1913 1871 2058 1909 nunc
2082 1857 2282 1912 iterum
2320 1862 2514 1930 paucis
2546 1864 2783 1921 dicetur.
2830 1866 2967 1921 Cum
3016 1870 3162 1923 enim
3202 1869 3381 1929 Patris
3419 1875 3496 1930 si-

1911 1950 2193 2021 gniﬁcatio
2225 1954 2430 2008 nullam
2465 1971 2588 2009 cum
2623 1955 2762 2012 Filio
2800 1958 3161 2016 diﬁ‘erentiam
3191 1964 3495 2021 secundum

1914 2052 2167 2098 naturam
2206 2045 2567 2113 demonstret,
2625 2051 2668 2105 si
2711 2051 2777 2105 ad
2809 2051 2925 2107 haec
2957 2069 3132 2123 usque
3179 2070 3493 2112 sermonem

1913 2134 2272 2204 inhibuisset,
2317 2141 2522 2195 nullam
2556 2143 2663 2196 vim
2706 2143 2988 2200 habuisset
3037 2145 3318 2216 impietas;
3366 2148 3497 2218 quia

1914 2230 2187 2285 naturalis
2240 2230 2436 2286 horum
2492 2234 2777 2289 nominum
2833 2237 3030 2290 notitia
3084 2254 3194 2291 non
3253 2237 3496 2293 admittit

1916 2321 2061 2390 quod
2090 2329 2173 2377 est
2189 2323 2489 2378 secundum
2514 2329 2809 2381 essentiam
2847 2327 3107 2383 alienum.
3129 2327 3284 2385 Nunc
3307 2339 3492 2386 autem

1918 2413 2222 2483 ingenitum
2252 2423 2305 2469 et
2347 2418 2589 2487 genitum
2614 2418 2822 2484 dicens,
2850 2420 3121 2491 siquidem
3159 2421 3351 2477 horum
3394 2436 3494 2479 no-

1923 2507 2136 2561 minum
2184 2509 2327 2563 inter
2360 2524 2419 2564 se
2460 2511 2773 2567 inunediata
2805 2520 2889 2567 est
2932 2517 3315 2579 contrarietas,
3348 2516 3494 2573 sicut

1913 2600 2164 2654 mortalis
2192 2610 2246 2655 et
2294 2602 2643 2666 immortalis,
2694 2611 2747 2658 et
2787 2604 3137 2659 rationalium
3172 2615 3225 2661 et
3273 2607 3494 2663 irratio-

1913 2690 2145 2757 nalium,
2186 2699 2240 2747 et
2266 2694 2510 2748 omnium
2548 2710 2670 2765 quae
2700 2695 2867 2751 simili
2912 2698 3072 2753 modo
3110 2699 3490 2766 enuntiantur,

1913 2796 2258 2852 quzecunque
2294 2798 2389 2854 per
2420 2784 2725 2853 signiﬁcata
2755 2788 3034 2841 contraria
3072 2788 3215 2843 inter
3231 2803 3290 2843 se
3320 2803 3494 2859 oppo-

1915 2870 2227 2938 suerimus;
2283 2887 2380 2941 per
2412 2871 2528 2928 haec
2587 2875 2809 2927 nomina
2849 2874 2990 2929 viam
3041 2876 3396 2946 blasphemia:
3437 2885 3493 2933 et

1917 2958 2097 3029 impia:
2122 2961 2321 3031 linguae
2354 2961 2649 3030 patefecit;
2703 2962 2774 3015 ita
2807 2971 2865 3015 ut
2894 2978 3015 3016 eam
3043 2980 3164 3032 qua:
3185 2972 3269 3018 est
3294 2973 3493 3018 tnorta~

1915 3051 1982 3107 lis
2016 3051 2083 3105 ad
2116 3051 2425 3109 immortale
2464 3052 2833 3109 diﬁ‘erentiam
2867 3056 2920 3108 in
2952 3057 3137 3126 genito
3177 3056 3244 3111 ad
3275 3056 3489 3128 ingeni-

1915 3150 2031 3196 tum
2055 3145 2507 3213 contemplemur.
2541 3144 2602 3197 Et
2620 3145 3077 3215 quemadmodum
3105 3147 3209 3200 alia
3238 3155 3320 3201 est
3342 3162 3491 3200 mor-

1914 3235 2060 3301 talis,
2112 3236 2218 3290 alia
2279 3236 2606 3293 immortalis
2657 3248 2873 3304 natura,
2908 3247 2963 3292 ct
2999 3238 3279 3293 rationalis
3324 3246 3490 3308 atque

1913 3327 2252 3382 irrationalis
2282 3330 2640 3399 proprietates
2671 3329 2974 3384 secundum
3023 3331 3319 3385 essentiam
3351 3346 3491 3387 con-

1911 3436 2109 3491 gruere
2145 3421 2293 3474 nullo
2330 3420 2491 3474 modo
2510 3430 2759 3490 possunt,
2790 3421 2882 3476 sed
2912 3422 3146 3476 maxime
3181 3422 3484 3477 dissident:

1912 3514 1992 3569 sic
2025 3515 2140 3569 vult
2179 3512 2484 3569 Eunomius
2520 3516 2680 3568 aliam
2732 3514 2949 3585 quidem
2999 3515 3226 3585 ingeniti
3276 3515 3488 3569 consti—

1911 3612 2066 3659 tuere
2094 3612 2372 3670 naturam,
2424 3605 2586 3669 aliam
2623 3620 2753 3660 vero
2783 3605 2973 3674 geniti.
3010 3603 3078 3658 Ut
3118 3605 3507 3675 quemadmo-.

1910 3694 2039 3749 dum
2094 3696 2349 3749 rationali
2395 3695 2615 3751 subdita
2672 3695 3092 3766 mancipataque
3147 3697 3482 3753 irrationalis
3566 3718 3589 3725 η

1909 3794 2108 3842 natura
2142 3795 2326 3843 creata
2356 3795 2473 3842 cst:
2511 3788 2593 3843 sic
2619 3789 2855 3842 naturali
2879 3788 3209 3845 necessitate
3234 3789 3480 3857 ingenito

1908 3881 2151 3951 genitum
2183 3879 2535 3948 subjttgatum
2570 3889 2623 3934 et
2657 3880 2931 3935 addictum
2946 3879 3300 3934 demonstret.
3324 3879 3475 3946 Quo-

1907 3971 2053 4025 circa
2084 3970 2326 4041 ingenito
2376 3986 2571 4025 nomen
2603 3969 3002 4040 Omnipotentis
3055 3970 3294 4038 copulat,
3333 3970 3480 4040 quod

1907 4079 2017 4118 non
2065 4064 2133 4119 ad
2192 4061 2511 4134 providendi
2571 4063 2964 4132 operationem,
3020 4061 3166 4116 sicut
3216 4072 3481 4132 przecepta

1907 4155 2199 4210 occasione
2236 4155 2414 4208 oratio
2463 4151 2891 4219 demonstravit,
2941 4152 3035 4207 sed
3075 4151 3480 4224 Omnipotentis

1905 4247 2412 4318 interpretationem
2451 4244 2507 4298 in
2558 4244 2896 4315 tyrannicatn
2935 4252 3257 4315 potestatem
3300 4252 3481 4299 trans-

237 4342 379 4411 ναῆς
402 4345 643 4412 ἐξουσίας
683 4343 973 4415 κρατοῦντι
1013 4342 1152 4397 κατά
1177 4343 1236 4396 τὸ
1258 4338 1375 4396 ἴσον
1404 4341 1511 4395 τῶν
1537 4342 1754 4395 πάντων
1779 4358 1793 4371 ”

1912 4336 2029 4391 fert.
2074 4336 2150 4390 Ita
2189 4342 2247 4389 ut
2276 4342 2488 4405 partem
2520 4346 2731 4387 natura:
2764 4332 3026 4401 subjectae
3054 4342 3108 4389 et
3157 4323 3480 4405 mancipata:

236 4434 327 4485 καὶ
354 4436 423 4489 ὅτι
456 4438 588 4509 πρὸς
612 4436 770 4490 τοῦτο
794 4435 1004 4506 βλέπων
1030 4438 1151 4499 ταῖς
1182 4434 1459 4498 τοιαύταις
1481 4435 1676 4506 χρῆται
1702 4434 1797 4489 τοῦ

240 4521 383 4590 λόγου
410 4525 730 4590 διαπολαῖς,
766 4528 829 4579 ἐκ
856 4525 964 4579 τῶν
994 4526 1368 4596 ὑποκειμένων
1402 4523 1800 4595 σαφηνισθήσε-

238 4629 343 4667 ται.
364 4617 531 4673 Εἰπὼν
549 4619 660 4689 γὰρ
684 4621 867 4672 ἐκεῖνα
882 4617 950 4671 τά
971 4618 1110 4687 σοφά
1128 4635 1187 4671 τε
1209 4619 1302 4671 καὶ
1327 4634 1391 4670 πε
1404 4635 1583 4689 ριεσκε
1593 4618 1794 4689 μμένα,

239 4705 319 4757 ὅτι
347 4707 451 4763 οὔτε
482 4711 553 4776 ὡς
600 4711 779 4781 Πατρὶ
820 4709 963 4762 ἔοικε
1007 4709 1216 4780 Πατὴρ,
1248 4709 1365 4763 οὐδὲ
1390 4709 1467 4773 ὼς
1492 4709 1605 4780 Υἱῷ
1632 4709 1759 4773 Υίός
1779 4725 1793 4740 ⁸

242 4798 400 4853 καίτοι
447 4819 508 4870 γε
540 4803 770 4872 οὐδεμία
830 4803 976 4856 ἐστὶν
1026 4802 1238 4874 ἀνάγκη
1291 4802 1527 4856 ἐοικέναι
1576 4803 1795 4865 πάντως

246 4883 400 4957 Πατρὶ
446 4891 682 4963 Πατέρα,
712 4892 804 4945 καὶ
842 4890 954 4962 Υίῷ
984 4891 1144 4944 Υίόν·
1201 4893 1381 4965 πατὴρ
1414 4892 1521 4964 γάρ
1546 4894 1628 4958 τίς
1647 4895 1794 4948 ἐστιν

246 4973 307 5024 ὲν
330 4979 535 5051 Αἰθίοψι,
569 4982 754 5053 πατὴρ
787 4982 880 5036 καὶ
904 4982 962 5035 ὲν
990 4981 1248 5045 Σκύθαις,
1274 4984 1367 5036 καὶ
1393 4984 1505 5047 υίὸς
1530 4985 1792 5054 ἑκατέρου

246 5065 439 5133 τῡὺτων,
476 5074 640 5142 μέλας
670 5074 768 5144 μὲν
792 5076 821 5126 ὁ
851 5072 945 5125 τοῦ
966 5071 1239 5134 Αἰθίοπος,
1265 5072 1590 5145 λευκόχρους
1620 5076 1675 5130 δὲ
1699 5076 1793 5130 καὶ

247 5153 590 5232 ὖποχρυσίςων
628 5163 771 5217 κατά
828 5164 927 5233 τὴν
967 5162 1143 5234 κόμην
1177 5164 1207 5215 ὁ
1236 5164 1467 5237 Σκύθης.
1502 5167 1612 5220 Kal
1642 5168 1791 5222 οὐδὲν

245 5247 422 5310 μᾶλλον
439 5256 526 5309 διὰ
556 5256 619 5309 τὸ
649 5254 863 5325 πατέρα
883 5249 1022 5307 εἶναι
1046 5255 1323 5326 ἑκάτερον,
1348 5256 1471 5310 οὕτε
1490 5258 1577 5313 διὰ
1593 5260 1683 5313 τὸν
1698 5261 1792 5314 Ai-

238 5333 382 5396 θῖοπα
404 5349 431 5399 ὁ
458 5346 670 5417 Σκύθης
697 5345 1026 5417 μελαίνεται,
1056 5344 1177 5400 οὔτε
1206 5347 1292 5401 διὰ
1324 5347 1415 5403 τὸν
1448 5350 1662 5424 Σκύθην
1705 5354 1792 5408 ἀλ-

239 5423 539 5493 isto-311mb
586 5439 745 5511 σῶμα
780 5438 918 5510 πρὸς
942 5438 1001 5493 τδ
1025 5439 1217 5494 λευκὸν
1253 5439 1347 5495 τοῦ
1385 5423 1657 5508 Αἰθίοπος.

1902 4427 2069 4484 etiam
2098 4424 2293 4481 Filium
2330 4424 2496 4479 faciat
2520 4440 2643 4479 cum
2662 4424 2916 4481 omnibus
2939 4425 3207 4481 creaturis
3234 4426 3481 4482 servien-

1902 4528 2010 4576 tem
2051 4519 2101 4575 ei
2131 4518 2226 4590 qui
2259 4517 2547 4590 tyrannica
2581 4525 2851 4588 potestate
2887 4519 3175 4588 aequaliter
3219 4521 3478 4575 omnibus

1901 4608 2154 4678 imperat.
2181 4606 2336 4674 Quod
2368 4615 2547 4662 autem
2581 4608 2648 4663 ad
2682 4608 2785 4662 hoc
2811 4608 3111 4678 respiciens
3137 4610 3340 4664 talibus
3373 4611 3480 4664 uti-

1902 4706 1992 4756 tur
2021 4700 2312 4756 verborum
2345 4700 2819 4766 distinctionibus,
2874 4718 2940 4758 ex
2986 4702 3251 4773 subjectis
3290 4711 3479 4773 postea

1903 4792 2367 4850 manifestabitur.
2400 4794 2536 4848 Cum
2563 4794 2709 4848 enim
2746 4794 2835 4849 illa
2867 4794 3030 4848 docta
3047 4805 3101 4849 et
3131 4795 3478 4851 considerata

1903 4887 2153 4956 protulit,
2212 4886 2358 4958 quod
2396 4902 2573 4956 neque
2632 4887 2777 4940 sicut
2825 4884 2975 4940 Patri
3026 4887 3221 4943 similis
3268 4887 3480 4942 videtur

1903 4978 2101 5046 Pater;
2140 4996 2317 5052 neque
2354 4980 2496 5037 sicut
2536 4978 2679 5035 Filio
2725 4978 2896 5036 Filius
2928 4980 3270 5050 (quanquam
3328 4980 3478 5034 nulla

1900 5073 2201 5127 necessitas
2235 5072 2380 5141 cogit
2416 5071 2599 5125 dicere
2625 5085 2854 5140 prorsus
2882 5069 3029 5124 Patri
3071 5068 3287 5124 Patrem
3326 5068 3479 5123 simi-

1902 5165 2007 5220 lem
2040 5165 2233 5232 videri,
2263 5175 2315 5220 et
2344 5163 2483 5219 Filio
2513 5162 2733 5219 Filium.
2778 5163 2940 5220 Pater
2965 5166 3110 5219 enim
3157 5165 3357 5235 aliquis
3392 5174 3479 5222 est

1896 5258 2041 5312 inter
2082 5256 2372 5327 Aﬂthiopes
2396 5266 2579 5333 ;pater
2604 5258 2766 5312 etiam
2794 5258 2937 5311 inter
2981 5255 3246 5326 Scythas;
3282 5262 3477 5313 horum

1896 5352 2185 5421 utriusque
2210 5351 2375 5415 ﬁlius,
2400 5351 2554 5420 niger
2578 5348 2796 5420 quidem
2826 5349 2969 5403 ﬁlius
3000 5347 3296 5419 Ethiopis,
3338 5348 3479 5404 albi-

1902 5445 2053 5502 color
2088 5456 2217 5496 vero
2254 5448 2308 5496 et
2354 5454 2567 5495 comam
2618 5438 2944 5495 subauream
2989 5438 3199 5494 habens
3248 5438 3473 5511 Scytha.

250 5517 483 5588 l'ltuihilo
533 5537 707 5605 magis
759 5536 889 5605 quia
952 5545 1101 5606 pater
1143 5535 1215 5590 sit
1276 5545 1528 5608 uterque,
1596 5558 1774 5613 neque
1812 5552 2040 5617 propter
2102 5540 2451 5610 Ethiopem,
2492 5536 2696 5610 Scytha
2739 5538 3026 5607 nigrescit,
3096 5552 3275 5607 neque
3344 5552 3476 5610 pro-

250 5626 350 5679 νιετ
373 5621 622 5695 Scytham
656 5643 855 5697 corpus
890 5626 1169 5698 Ethiopis
1212 5629 1487 5710 albescit),

322 5712 447 5767 Ἀλλ’
476 5719 619 5789 ὅμως
650 5718 817 5773 εἰπὼν
853 5721 1025 5774 ταῦτα
1072 5721 1212 5774 κατά
1248 5722 1307 5775 τὸ
1331 5723 1563 5794 ἀρέσκον
1584 5726 1735 5800 αὐτῷ
1761 5730 1790 5782 ὁ

252 5793 511 5874 Σὺνόμιος,
541 5811 833 5880 ἐπήγαγεν,
867 5812 946 5865 ὅτι
988 5812 1219 5882 Ὅμοιύς
1242 5815 1410 5869 ἐστιν
1438 5818 1517 5884 ὡς
1559 5820 1690 5888 Υἱὸς
1715 5820 1792 5887 τῷ

1971 5725 2358 5784 Verrunt-amen
2391 5738 2513 5779 cum
2544 5723 2659 5779 haec
2695 5721 2927 5779 dixisset
2968 5721 3292 5785 Eunomius,
3329 5722 3473 5777 sicut

1900 5819 1947 5876 ci
1987 5821 2215 5891 placuit,
2248 5818 2552 5890 subjunxit,
2582 5815 2726 5887 quod
2764 5816 2961 5872 similis
2991 5823 3071 5871 cst
3116 5816 3258 5870 sicut
3299 5812 3473 5864 l‘ilius
