4032 6208
731 304 836 359 539

1979 296 2037 352 S.
2076 295 2399 353 GREGOBII
2436 297 2726 355 NYSSENI

733 415 903 472 Patri.
939 414 1043 471 Sed
1073 430 1199 471 cum
1235 411 1509 486 ejusmodi
1539 411 1680 467 ratio
1703 412 2108 479 similitudinis,
2162 412 2307 483 quod

2162 412 2307 483 quod
2339 418 2382 472 A
2410 417 2614 484 Πατρί.
2634 415 2741 469 Τοῦ
2773 416 2830 469 δέ
2867 412 3107 468 τοιοῦτον
3149 413 3291 480 λόγου
3312 415 3356 467 τδ
3381 413 3482 468 κατὰ
3511 418 3576 484 τὴν
3598 414 3712 483 φύσιν

733 508 1033 567 secundum
1063 515 1313 562 naturam
1342 514 1427 563 est
1456 506 1737 577 proprium
1760 506 2126 573 demonstret,
2166 503 2313 559 sicut

735 601 788 655 in
821 599 950 654 Seth
972 606 1026 653 et
1054 599 1107 652 in
1129 597 1339 653 Adamo
1369 597 1630 653 divinitus
1653 596 1920 666 inspirata
1956 604 2192 652 testatur
2216 595 2316 650 do-

734 689 940 755 ctrina;
974 689 1126 758 parvi
1154 688 1363 744 faciens
1394 697 1447 742 et
1477 703 1576 758 pro
1615 689 1788 744 nihilo
1835 689 2043 744 habens
2093 688 2316 759 dogma-

735 781 862 835 tista
893 778 1255 849 intelligentes
1292 778 1598 841 auditores,
1630 780 1848 833 inanem
1889 778 2184 847 subiunxit
2220 792 2316 847 ap-

737 871 1051 941 pellationis
1086 869 1207 924 Filii
1240 870 1773 940 interpretationem,
1814 869 1990 938 ipsum
2019 869 2312 938 imaginem

737 971 791 1016 et
836 962 1075 1031 sigillum
1147 958 1552 1030 Omnipotentis
1602 961 1938 1031 operationis
1977 959 2312 1014 deﬁniendo.

741 1050 914 1106 Filius
946 1052 1082 1106 enim
1116 1060 1215 1113 est,
1240 1050 1438 1120 inquit,
1457 1051 1632 1120 imago
1657 1059 1707 1103 et
1733 1050 1970 1120 sigillum
1991 1050 2313 1117 operationis

740 1146 847 1198 sire
892 1144 1135 1214 eﬂiracia:
1167 1142 1573 1211 Omnipotentis.
1608 1140 1719 1195 lloc
1753 1141 1928 1210 ipsum
1971 1140 2204 1209 primum
2221 1139 2314 1208 qui

740 1250 901 1290 aures
955 1234 1240 1289 audientes
1284 1233 1450 1287 habet
1499 1231 1836 1287 consideret.
1890 1231 2177 1296 Quodnam
2226 1238 2313 1285 est

740 1326 872 1381 illud
931 1326 1271 1397 Operatiouis
1311 1325 1592 1396 sigillum?
1637 1322 1830 1379 Omnis
1871 1322 2018 1379 enim
2065 1323 2315 1392 operatio

740 1419 794 1472 in
827 1435 892 1473 eo
943 1419 1037 1488 qui
1091 1419 1356 1483 elaborat,
1403 1416 1457 1471 id
1499 1416 1644 1487 quod
1691 1417 2027 1480 elaboratur,
2077 1423 2311 1486 spectat.

739 1509 875 1562 (lum
915 1514 1096 1562 autem
1131 1507 1276 1577 quod
1324 1507 1624 1577 peragitur,
1663 1505 1960 1576 perfectum
1997 1514 2090 1559 aut
2125 1513 2314 1562 trans-

741 1607 922 1652 actum
969 1596 1154 1663 fuerit,
1191 1612 1287 1668 per
1322 1612 1381 1653 se
1431 1612 1536 1651 non
1577 1595 1798 1650 substat
1846 1597 2076 1665 ipsamet
2119 1611 2316 1666 opera-

740 1689 814 1741 tio
851 1707 863 1741 :
901 1688 1050 1742 velut
1104 1703 1305 1743 cursus
1365 1687 1613 1757 operatio
1653 1700 1774 1755 qua:
1830 1685 1886 1739 fit
1932 1686 2184 1756 pedibus,
2230 1697 2316 1743 est

742 1783 946 1835 motio:
989 1786 1243 1833 cessante
1289 1779 1531 1833 motione
1582 1792 1692 1831 non
1746 1779 1983 1848 amplius
2029 1780 2084 1832 in
2135 1779 2315 1849 seipsa

743 1869 996 1924 subsistit
1021 1869 1290 1938 operatio.
1326 1868 1471 1924 ldem
1498 1869 1605 1923 dici
1633 1876 1811 1938 potest
1845 1870 1900 1923 in
1941 1870 2089 1924 onmi
2124 1886 2180 1926 re
2195 1886 2317 1941 qua:

745 1961 1045 2031 suscipitur
1067 1962 1300 2033 agenda,
1334 1962 1421 2016 vel
1472 1960 1780 2026 tractanda,
1841 1962 2097 2017 videlicet
2137 1963 2313 2018 aetio-
2359 1997 2372 2010 -

742 2070 864 2109 nem
901 2056 1072 2124 ipsam
1101 2069 1321 2110 cessare
1356 2056 1517 2109 simul
1550 2068 1674 2108 cum
1695 2069 1862 2125 opera
1896 2064 1948 2110 et
1981 2055 2163 2111 studio
2197 2057 2318 2126 ejus

743 2149 835 2217 qui
897 2147 1042 2201 circa
1085 2162 1206 2202 eam
1257 2148 1496 2213 laborat;
1543 2148 1815 2202 actionem
1869 2162 1996 2201 vero
2036 2148 2211 2217 ipsam
2261 2148 2316 2201 in

743 2241 922 2309 seipsa
958 2254 1064 2293 non
1097 2239 1420 2302 subsistere,
1469 2240 1514 2295 si
1552 2254 1729 2310 neque
1765 2239 1836 2294 sit
1877 2239 2023 2294 ullus
2054 2239 2146 2310 qui
2189 2253 2321 2309 ope-

744 2338 894 2382 retur
924 2328 979 2380 in
1039 2328 1325 2397 proposito
1370 2328 1473 2382 sibi
1517 2342 1683 2397 opere
1715 2336 1771 2382 et
1802 2327 2010 2389 studio,
2050 2329 2133 2382 vel
2170 2328 2217 2384 si
2269 2328 2318 2383 is

744 2418 837 2490 qui
864 2418 1108 2474 elaborat
1146 2418 1213 2472 ab
1247 2432 1412 2488 opere
1452 2418 1774 2474 cessaverit.
1815 2417 1958 2483 Quid
1990 2417 2157 2489 igitur
2186 2418 2319 2473 dicit

744 2526 868 2566 esse
898 2526 993 2580 per
1026 2511 1261 2579 seipsam
1295 2511 1698 2580 operationem,
1741 2524 1866 2579 qua:
1895 2525 2072 2580 neque
2116 2516 2202 2565 est
2226 2525 2317 2565 es-

746 2602 947 2665 sentia,
972 2616 1149 2673 neque
1183 2600 1473 2656 character
1491 2599 1607 2655 sive
1636 2599 1828 2671 ﬁgura,
1858 2615 2034 2670 neque
2066 2600 2320 2655 substan-

745 2693 856 2748 tia?
886 2692 1051 2762 lgitur
1078 2691 1200 2761 ejus
1228 2691 1373 2761 quod
1421 2707 1530 2745 non
1565 2691 1820 2746 subsistit
1863 2692 2046 2761 ipsum
2077 2690 2154 2743 ait
2195 2705 2320 2745 esse

748 2784 1136 2848 sinmlacrum;
1172 2783 1274 2836 hoc
1303 2790 1486 2836 autem
1520 2782 1664 2849 quod
1690 2797 1801 2836 non
1822 2782 2109 2836 exsistenti
2139 2781 2320 2836 simile

748 2887 852 2940 est,
880 2889 1057 2945 neque
1116 2874 1292 2942 ipsum
1348 2871 1571 2927 omnino
1623 2878 1708 2928 est
1739 2890 1753 2925 :
1786 2872 1903 2927 hazc
1949 2873 2199 2927 inanium
2237 2882 2321 2927 est

749 2968 1095 3023 decretorum
1127 2974 1444 3035 portentosa
1479 2963 1716 3030 vanitas,
1748 2963 1976 3018 credere
2004 2963 2057 3017 in
2090 2963 2141 3017 id
2175 2962 2320 3033 quod

751 3075 859 3113 non
891 3066 998 3114 est.
1033 3056 1189 3123 Quod
1225 3056 1368 3110 enim
1400 3072 1508 3110 non
1553 3056 1667 3111 enti
1715 3056 1895 3111 simile
1929 3064 2033 3119 est,
2086 3070 2194 3110 non
2238 3063 2323 3110 est

753 3140 861 3203 ullo
891 3163 1116 3217 prorsus
1147 3148 1328 3202 modo.
1384 3147 1428 3202 Ο
1471 3146 1658 3214 Paule,
1714 3163 1747 3202 o
1787 3146 2050 3211 Joannes,
2085 3165 2117 3202 ο
2156 3162 2322 3202 evan-
2348 3121 2390 3178 δ

752 3242 1067 3313 gelistarum
1089 3251 1142 3295 et
1173 3241 1546 3311 apostolorum
1584 3240 1782 3310 reliqui
1822 3251 2000 3296 caatus
2029 3243 2042 3295 l
2084 3241 2322 3306 Quinam

750 3332 1052 3387 virulentas
1083 3346 1211 3385 suas
1240 3333 1455 3399 linguas
1485 3337 1677 3384 contra
1698 3338 1934 3385 vestram
1958 3346 2147 3386 vocem
2194 3347 2325 3386 exa-

752 3420 957 3475 cuunt?
1014 3420 1245 3485 Quinam
1278 3420 1598 3476 cmlestibus
1639 3420 1836 3476 vestris
1882 3422 2178 3475 tonitribus
2233 3436 2324 3475 ra—

754 3525 915 3564 uosas
945 3523 1074 3564 suas
1091 3509 1494 3579 voceseStygia
1532 3510 1948 3580 paludeexcitas
1978 3512 2326 3566 obtrudunt?

754 3596 894 3664 Quid
920 3597 1088 3666 igitur
1117 3598 1249 3652 dicit
1288 3598 1513 3652 tonitrui
1555 3599 1736 3653 tilius?
1807 3600 1874 3652 In
1904 3602 2169 3672 principio
2203 3612 2322 3657 erat

766 3688 1009 3754 Verbum,
1036 3698 1085 3743 et
1118 3688 1340 3743 Verbum
1372 3698 1485 3743 erat
1538 3695 1675 3758 apud
1712 3690 1872 3744 Deum
1894 3731 1908 3754 ,
1959 3700 2007 3745 et
2039 3691 2176 3746 Deus
2214 3681 2326 3747 erat

771 3777 988 3835 Verbum
1014 3782 1083 3834 7°.
1114 3779 1255 3846 Quid
1287 3780 1374 3836 ille
1392 3783 1483 3851 qui
1508 3789 1630 3851 post
1659 3782 1830 3848 illum,
1855 3784 1934 3835 vel
1965 3784 2212 3839 aliusille
2234 3786 2328 3854 qui

758 3871 901 3924 intra
935 3871 1177 3925 coelestia
1206 3871 1366 3940 adyta
1391 3879 1444 3926 et
1471 3871 1715 3926 sacraria
1761 3880 1951 3938 raptus
1981 3870 2105 3935 fuit,
2150 3875 2243 3941 qui
2272 3874 2325 3927 in

758 3958 1346 4030 paradisoinitiatus“,
1367 3973 1473 4013 non
1505 3959 1560 4013 in
1591 3960 1788 4028 vulgus
1816 3958 2083 4014 ell‘ereuda
2113 3960 2336 4018 didicit?

760 4049 853 4103 Sic
925 4048 1124 4117 inquit,
1160 4047 1264 4112 Qui
1291 4063 1408 4100 cam
1449 4048 1517 4101 sit
1549 4048 1795 4115 splendor
1842 4047 2027 4118 gloria:
2054 4057 2103 4100 et
2154 4049 2327 4118 figura

760 4140 866 4193 sive
918 4155 1165 4206 expressa
1215 4139 1387 4209 imago
1426 4139 1539 4207 ejus
1591 4139 1904 4193 substantia:
1922 4138 1991 4191 ".
2027 4139 2166 4204 Quid
2203 4149 2328 4210 post

760 4229 860 4283 hos
888 4229 1023 4283 dicit
1045 4228 1426 4298 ventriloquus
1456 4229 1603 4284 iste?
1636 4229 1911 4300 Sigillum,
1957 4230 2158 4300 inquit,
2194 4246 2327 4301 ope—

760 4319 991 4373 rationis
1025 4317 1456 4388 Omnipotentis:
1479 4320 1699 4373 tertium
1734 4320 1912 4389 ipsum
1957 4329 2081 4390 post
2113 4320 2326 4374 Patrem

762 4408 914 4472 facit,
956 4423 985 4461 a
1012 4423 1119 4462 non
1150 4408 1456 4462 exsistente
1510 4408 1601 4460 illa
1633 4408 1955 4478 operatione
2004 4410 2324 4477 medintum,

2412 509 2559 559 κεῖον
2588 505 2936 576 δεικνυμένου
2956 519 2968 532 ·
2998 504 3074 567 ὡς
3106 505 3199 558 ἐπὶ
3229 505 3302 559 τοῦ
3335 504 3413 576 Σὴο
3436 506 3505 558 καὶ
3522 504 3592 559 τοῦ
3621 506 3726 576 ’Δδᾶι

2413 594 2768 657 (θεόπνευστος
2803 596 3068 665 μαρτυρεῖ
3113 593 3407 648 διδασκαλία’
3435 595 3562 665 μικρὰ
3585 596 3721 666 φροντί

2411 688 2440 739 6
2470 685 2834 756 δογματιστὴς
2867 683 2973 738 τῶν
3016 684 3251 747 συνετῶς
3278 681 3568 755 ἀκροωμένων,
3590 685 3663 755 τὴν
3683 701 3726 737 κε

2412 777 2693 845 ἐπήγαγεν
2740 775 3034 847 ἑρμηνείαν
3066 775 3164 845 τῆς
3205 774 3287 827 τοῦ
3313 774 3412 828 Υίοῦ
3438 775 3726 846 προσηγορίας,

2413 868 2543 921 κύνα
2566 868 2656 919 καὶ
2686 867 2955 938 σφραγῖδα
2981 867 3078 936 τῆς
3109 866 3203 919 τοῦ
3235 865 3580 936 Παντοκρᾶτορος
3606 867 3726 935 ὲνεργ

2411 956 2574 1009 αὐτὸν
2611 957 2954 1027 ὁρισάμενος.
2976 956 3104 1022 Υἱὸς
3148 954 3254 1025 γάρ
3276 955 3556 1026 ἐστι,φησὶν,
3593 954 3726 1008 εἰκὼν

2412 1049 2670 1117 σφραγὶς
2694 1048 2803 1117 τῆς
2831 1049 2934 1102 τοῦ
2972 1047 3408 1116 Παντοκράτορος
3437 1047 3683 1117 ἐνεργείας.
3722 1090 3726 1098 λ

2417 1157 2505 1211 μοι
2531 1138 2687 1193 τοῦτο
2719 1139 2932 1214 πρῶτον
2955 1143 2984 1193 ὁ
3012 1139 3150 1210 ἔχων
3191 1133 3293 1192 ῶτα
3316 1140 3489 1193 ἀκούειν
3517 1139 3726 1207 ἐπισκεψὰ

2414 1234 2509 1295 Τίς
2537 1235 2681 1286 ἐστιν
2705 1235 2738 1303 ἡ
2768 1232 2868 1301 τῆς
2898 1231 3174 1303 ἐνεργείας
3214 1231 3435 1301 σφραγίς;
3458 1233 3582 1284 Πᾶσα
3603 1234 3690 1301 γὰρ
3724 1254 3725 1267 ξ

2413 1340 2537 1393 γεια
2585 1324 2642 1375 ἐν
2673 1321 2772 1393 μὲν
2801 1321 2878 1393 τῷ
2908 1320 3224 1376 ἐκπονοῦντι
3268 1322 3317 1375 τὸ
3351 1322 3701 1393 σπουδαζόμενον

2416 1418 2610 1487 ρεῖται.
2673 1413 3077 1485 Περαιωθέντος
3120 1414 3177 1467 δὲ
3232 1412 3312 1466 τοῦ
3350 1413 3726 1484 σπουδαζομένου,

2414 1508 2611 1579 ἑαυτὴν
2640 1508 2737 1578 οὐχ
2770 1507 3073 1577 ὑφέστηκεν
3107 1522 3122 1537 ’
3157 1501 3263 1560 οἷον
3285 1504 3493 1578 ἐνέργεια
3527 1505 3605 1559 τοῦ
3631 1506 3726 1577 ὅροι

2415 1601 2505 1656 διὰ
2533 1601 2641 1655 τῶν
2684 1599 2861 1655 ποδῶν
2890 1601 3005 1653 ἐστι
3039 1601 3249 1672 κίνησις
3270 1617 3282 1631 ·
3311 1600 3606 1670 παυσαμένης
3632 1599 3678 1652 δὲ
3700 1618 3720 1651 τ

2415 1692 2642 1762 νήσεως,
2692 1691 2876 1743 οὐκέτι
2926 1690 3072 1743 ἐστὶν
3094 1690 3179 1759 ἐφ’
3213 1689 3389 1759 ἐαυτῆς
3413 1690 3442 1760 ἡ
3462 1688 3690 1758 ἐνέργεια.
3722 1700 3726 1733 ι

2417 1784 2511 1836 καὶ
2555 1783 2642 1834 ἐπὶ
2675 1781 2873 1844 παντὸς
2916 1780 3063 1834 ἐστιν
3104 1779 3495 1850 ἐπιτηδεύματος
3528 1779 3580 1833 τὸ
3604 1775 3726 1831 iam:

2417 1874 2483 1943 τῇ
2516 1871 2715 1942 σπουδῇ
2741 1869 2835 1924 τοῦ
2872 1870 2997 1940 περί
3048 1887 3099 1923 τι
3134 1869 3400 1932 πονοῦντος
3441 1870 3726 1940 συναπολήγε

2417 1962 2513 2035 τὴν
2543 1963 2821 2033 ἐνέργειαν
2848 1977 2859 1990 ·
2912 1961 2996 2030 ἐφ’
3040 1964 3238 2033 ἐαυτῆς
3265 1961 3315 2014 δὲ
3355 1962 3444 2014 οὐκ
3464 1958 3609 2016 οὖσαν
3630 1960 3726 2014 οὔτε

2418 2053 2640 2121 γοῦντός
2671 2069 2812 2115 τινος
2842 2051 2940 2123 τὴν
2974 2050 3332 2123 προκειμένην
3352 2050 3509 2121 ἐαυτῷ
3542 2052 3725 2121 nam,

2418 2147 2467 2198 εἰ
2493 2144 2589 2215 τῆς
2613 2142 2845 2213 σπουδῆς
2866 2142 3173 2213 ἀπολήξειε.
3200 2143 3261 2195 Τί
3283 2138 3366 2195 οῦν
3388 2139 3660 2211 λέγειεῖναι
3679 2161 3726 2196 κε

2418 2237 2514 2306 τὴν
2547 2235 2644 2306 τὴν
2676 2233 2974 2306 ἐνέργειαν,
3001 2233 3253 2305 τὴνοῦτε
3289 2236 3461 2289 ούσίαν
3495 2232 3664 2301 οὖσαν,
3692 2236 3726 2288 oi

2423 2326 2689 2399 ρακτῆρα,
2723 2323 2848 2377 οὔτε
2896 2324 3224 2391 ὑπόστασιν;
3250 2324 3444 2378 Οὐκοῦν
3486 2324 3573 2379 τοῦ
3596 2326 3726 2379 ἁνυπ

2418 2417 2581 2473 αὐτὸν
2611 2413 2763 2470 εἶπεν
2808 2416 3061 2488 ὁμοίωμα
3081 2432 3097 2449 ο
3144 2416 3205 2470 τὸ
3232 2417 3284 2470 δὲ
3319 2416 3393 2488 τῷ
3421 2418 3726 2489 ἀνυπάρκτῳ

2419 2511 2539 2565 οὐδὲ
2559 2510 2689 2563 αὐτὸ
2721 2510 2937 2572 πάντως
2967 2509 3115 2561 ἐστίν
3138 2525 3151 2538 ·
3186 2508 3322 2578 αὕτη
3366 2509 3468 2563 τῶν
3494 2509 3655 2564 κενῶν
3683 2510 3726 2563 δι

2418 2604 2452 2672 ἡ
2482 2600 2765 2672 τερατεία,
2808 2600 2869 2653 τὸ
2902 2598 3178 2653 πιστεύειν
3227 2602 3304 2663 εἰς
3351 2600 3410 2654 τὸ
3441 2601 3512 2672 μὴ
3532 2600 3608 2654 δν.
3642 2599 3715 2653 Τὸ

2419 2692 2496 2764 τῷ
2545 2692 2656 2745 ὄντι
2702 2692 2908 2760 ὅμοιον,
2966 2690 3067 2744 οὐκ
3119 2689 3236 2746 ἐστι
3282 2693 3512 2756 πάντως.
3545 2688 3614 2744 Ὠ
3649 2693 3726 2745 Ila

2433 2782 2673 2853 Ἰωάννη.
2702 2783 2797 2835 καὶ
2831 2783 2858 2834 6
2885 2781 3068 2844 λοιπὸς
3101 2781 3208 2837 τῶν
3241 2781 3636 2851 εὐαγγελιστῶν
3660 2800 3717 2835 τε

2422 2875 2734 2928 ἀποστόλων
2773 2874 2931 2945 χορός
2954 2889 2967 2902 ⁸
3003 2874 3146 2937 τίνες
3174 2875 3240 2943 τῇ
3276 2872 3515 2945 ὑμετέρᾳ
3555 2875 3706 2943 φωνῇ

2422 2965 2545 3029 leo;
2565 2964 2813 3035 γλώσσας
2844 2964 3050 3018 ἑαυτῶν
3077 2963 3457 3028 ἀνθοπλίζουσι
3478 2981 3493 3029 ;
3516 2965 3671 3026 Τίνες
3698 2981 3725 3016 τ

2423 3058 2564 3122 νίαις
2598 3056 2749 3128 ὑμῶν
2783 3056 3030 3127 βρονταῖς
3058 3056 3157 3120 τὰς
3189 3054 3556 3128 βατραχώδεις
3586 3056 3726 3109 ἐαυτι

2426 3147 2793 3217 ἅντεγείρουσι
2819 3162 2833 3210 ;
2864 3141 3038 3199 Tia-3v
3070 3145 3218 3214 λέγει
3253 3149 3281 3200 ὁ
3306 3147 3424 3211 υἱὸς
3463 3146 3565 3216 τῆς
3608 3146 3726 3216 βρο·.

2424 3239 2582 3308 ἀρχῇ
2610 3234 2731 3307 ἦνό
2755 3238 2962 3307 Λόγος,
3011 3237 3104 3303 καί
3129 3241 3162 3292 ό
3194 3239 3388 3307 Λόγος
3415 3235 3494 3309 ἦν
3541 3239 3695 3307 πρὸς
3720 3259 3726 3287 τ

2426 3328 2521 3382 καὶ
2548 3328 2692 3392 Θεὸς
2720 3324 2797 3397 ἦν
2848 3330 2880 3381 ό
2919 3328 3130 3397 Λόγος.
3164 3327 3227 3379 Τί
3261 3328 3321 3381 δὲ
3365 3330 3395 3380 ὁ
3446 3330 3568 3399 μετ’
3607 3333 3726 3383 ἐκεῖ

2428 3422 2653 3482 ἐκεῖνος,
2678 3418 2706 3471 6
2739 3419 2888 3482 ἐντὸς
2921 3420 3027 3473 τῶν
3073 3420 3345 3492 οὐρανίων
3388 3420 3609 3477 ἀδύτων
3661 3440 3726 3488 γε

2425 3512 2482 3563 ἐν
2516 3510 2592 3579 τῷ
2620 3510 2928 3582 παραδείσῳ
2966 3510 3191 3581 μυηθεὶς
3219 3511 3290 3565 τὰ
3318 3512 3630 3585 ἀπόρρητα
3651 3516 3726 3577 ft

2429 3603 2795 3673 ἀπαύγασμα
2822 3601 2931 3670 τῆς
2963 3602 3166 3671 δόξης,
3184 3604 3281 3657 καὶ
3303 3602 3635 3673 χαρακτὴρ
3649 3602 3726 3672 τῆ

2427 3708 2576 3759 σεως
2600 3691 2805 3746 αὐτοῦ.
2825 3691 2890 3744 Τί
2915 3692 3051 3761 μετὰ
3082 3692 3307 3756 τούτους
3332 3693 3495 3761 λέγει
3523 3692 3555 3744 ὁ
3578 3696 3726 3760 ἐγγα

2432 3790 2695 3859 Σφραγὶς,
2725 3785 2880 3859 φησὶ,
2922 3785 3021 3854 τῆς
3078 3785 3371 3855 ἐνεργείας
3429 3783 3533 3838 τοῦ
3572 3785 3726 3837 Παντ

2431 3873 2607 3944 τρίτον
2633 3874 2795 3928 αὑτὸν
2828 3874 2966 3944 μετὰ
3003 3875 3095 3928 τὸν
3135 3876 3369 3948 Πατέρα
3403 3879 3586 3941 ποιεῖ,
3620 3879 3700 3947 τῇ

2428 3965 2611 4038 ἐκείνῃ
2669 3967 2919 4039 ἐνεργείᾳ
2975 3971 3446 4040 μεσιτευόμενον·
3487 3969 3715 4040 μᾶλλον

2426 4054 2613 4108 δοκοῦν
2652 4057 2717 4127 τῇ
2775 4056 3079 4128 ἀνυπαρξίᾳ
3130 4058 3530 4129 τυπούμενον.
3584 4060 3721 4112 Ἐνε

2430 4148 2663 4218 σφραγὶς
2699 4150 2726 4201 6
2746 4150 2803 4201 ἐν
2833 4149 2972 4220 ἀρχῇ
3001 4148 3097 4216 ῶν,
3130 4151 3310 4218 Λόγος
3367 4151 3550 4214 Θεὸς,
3582 4152 3693 4203 καὶ

2426 4239 2527 4308 τῆς
2580 4238 2756 4311 ἀρχῆς
2801 4239 2910 4292 τῶν
2957 4240 3124 4295 ὄντων
3152 4242 3681 4313 ἐνθεωρούμενος,

2428 4328 2578 4394 θεὸς,
2625 4333 2657 4383 ὀ
2697 4329 2783 4382 ὢν
2808 4330 2879 4385 ἐν
2898 4330 3021 4397 τοῖς
3046 4333 3306 4399 κόλποις
3331 4334 3459 4386 τοῦ
3497 4335 3723 4401 Πατρέ

2430 4436 2605 4473 πανῖα
2668 4420 2848 4492 φέρων
2896 4422 2973 4492 τῷ
3024 4424 3227 4495 ῥήματι
3289 4425 3410 4495 τῆς
3458 4424 3726 4495 δυνάμει

762 4499 873 4553 imo
912 4513 1040 4552 vero
1104 4514 1135 4551 a
1184 4514 1294 4552 non
1339 4498 1667 4552 exsisteutia
1725 4508 1785 4551 ut
1835 4499 1969 4553 libet
2009 4499 2325 4554 formatum.

2133 4508 2325 4554 natum.
2361 4482 2402 4536 θ
2433 4508 2661 4579 ποιητὴς
2720 4509 2828 4563 τῶν
2859 4511 3093 4576 αἰώνων,
3154 4511 3212 4577 ἐξ
3278 4504 3351 4564 οὗ
3393 4512 3479 4565 τὰ
3539 4514 3722 4567 πάντη

761 4590 1106 4661 Operationis
1151 4599 1238 4645 est
1269 4589 1505 4658 sigillum
1559 4589 1651 4643 ille
1687 4590 1780 4658 qui
1816 4599 1900 4644 est
1941 4590 1995 4643 in
2033 4589 2326 4660 principio,

762 4680 998 4736 Verbum
1028 4678 1190 4742 Deus,
1227 4686 1280 4734 et
1306 4679 1397 4749 qui
1427 4679 1481 4732 in
1510 4679 1816 4733 :eteruitate
1849 4680 2102 4750 principii
2134 4696 2327 4735 eorum

760 4785 882 4840 quze
915 4777 1042 4824 sunt
1086 4768 1393 4837 inspicitur,
1430 4766 1764 4835 Unigenitus
1807 4768 1969 4832 Deus,
2024 4770 2113 4833 qui
2156 4780 2231 4824 est
2275 4771 2328 4824 in

762 4861 961 4916 sinibus
1001 4859 1203 4921 Patris,
1233 4860 1325 4928 qui
1374 4858 1479 4913 fert
1507 4858 1761 4914 universa
1810 4861 1974 4915 verbo
2008 4877 2121 4917 sua:
2152 4864 2328 4916 virtu-

763 4954 854 5014 tis,
891 4952 981 5021 qui
1008 4949 1182 5003 factor
1208 4958 1293 5004 est
1318 4951 1666 5015 saeculorum,
1693 4967 1759 5005 ex
1791 4967 1899 5020 quo
1923 4953 2128 5020 omnia,
2156 4963 2209 5008 ct
2229 4970 2325 5024 per

760 5058 923 5112 quem
954 5040 1163 5103 omnia,
1194 5040 1287 5109 qui
1309 5047 1471 5096 terra:
1500 5043 1745 5098 continet
1774 5043 2061 5111 ambitum,
2095 5045 2188 5114 qui
2212 5061 2330 5100 ca:-

761 5135 871 5188 lum
898 5134 1080 5204 palmo
1103 5133 1540 5202 comprehendit,
1559 5135 1651 5203 qui
1674 5150 1834 5188 manu
1862 5135 2086 5190 metitur
2105 5154 2324 5208 aquam,

759 5226 854 5292 qui
884 5224 1063 5278 omnia
1095 5240 1217 5295 qua:
1244 5235 1371 5279 sunt
1400 5227 1718 5295 complexus
1741 5226 1903 5290 est",
1921 5228 2010 5296 qui
2035 5228 2089 5281 in
2108 5228 2329 5284 excelsis

766 5315 1013 5369 habitam
1047 5315 1273 5370 humilia
1301 5317 1511 5385 respicit
1534 5317 1602 5380 ⁷⁵,
1642 5318 1750 5372 imo
1781 5334 1910 5373 vero
1958 5320 2192 5376 intuitus
2222 5332 2325 5384 est,

762 5414 817 5459 ut
850 5422 1067 5462 onmem
1098 5416 1256 5464 terra!
1288 5409 1475 5465 orbem
1508 5410 1721 5480 sibiipsi
1760 5411 2058 5467 scabellum
2091 5411 2326 5479 faciat”,

832 5598 874 5628 ⁷⁰
903 5596 1060 5652 Joau.
1138 5617 1171 5662 t,
1236 5602 1284 5656 l.

1391 5604 1436 5636 '“
1480 5602 1520 5656 ll
1603 5605 1728 5661 Cor.
1798 5622 1874 5672 xz,
1934 5607 1965 5661 Ξ
2015 5624 2167 5677 seqq.

774 5669 818 5701 ⁷⁵
859 5669 960 5724 lsa.
994 5683 1135 5735 ιτνι,
1186 5672 1228 5723 1.

2274 5608 2510 5665 “lchr.
2582 5627 2615 5679 ι,
2684 5612 2735 5666 2.

2432 4600 2501 4653 τὰ.
2549 4601 2755 4669 πάντα,
2805 4605 2834 4656 6
2870 4601 3113 4672 κατέχων
3150 4604 3242 4655 τὸν
3275 4601 3485 4674 γὺρον
3526 4606 3651 4674 τῆς
3691 4622 3726 4673 γ

2435 4689 2549 4760 φὼς
2574 4690 2666 4742 τὸν
2692 4692 2918 4762 οὐρανὸν
2947 4694 3216 4765 σπιθαμῇ,
3250 4696 3284 4748 6
3314 4694 3724 4766 περιμετρῶ

2436 4780 2602 4855 ὕδωρ,
2633 4784 2662 4836 6
2685 4784 3176 4855 περιδεδραγμένος
3220 4785 3495 4839 πάντων
3535 4785 3680 4837 τῶν

2432 4873 2695 4940 ὑψηλοῖς
2722 4874 3011 4929 κατοικῶν
3040 4876 3135 4929 καὶ
3154 4875 3223 4929 τὰ
3268 4875 3597 4931 ταπεινὰ
3626 4877 3723 4945 ἐφ

2434 4962 2491 5015 δὲ
2528 4963 2746 5032 ἐπιδὼν,
2769 4965 2854 5018 ἵνα
2876 4969 3071 5035 ποιήσῃ
3107 4969 3300 5020 πᾶσαν
3363 4970 3497 5040 τὴν
3542 4971 3722 5022 οἱκοι

2437 5054 2748 5119 ὑποπόδιον,
2787 5055 2863 5127 τῷ
2897 5056 3027 5127 ἴχνει
3056 5057 3149 5111 τοῦ
3189 5058 3402 5127 Λόγου
3447 5061 3726 5114 liv-curta

2435 5145 2588 5213 γείας
2626 5147 2735 5200 ἐστὶ
2766 5150 3019 5219 σφραγὶς,
3049 5151 3307 5222 ήιμοριρὴ
3334 5150 3465 5203 τοῦ
3505 5151 3721 5205 Θεοῦ.

2436 5238 2558 5304 γειά
2581 5241 2771 5292 ἐστινὸ
2792 5239 2943 5305 Θεὸς,
2973 5242 3070 5319 οὐχ
3100 5242 3485 5308 ὑπόστασις,
3523 5245 3677 5298 Καὶ
3705 5264 3724 5315 ε

2434 5328 2800 5398 διερμηνεύων
2833 5331 3041 5400 φησινὸ
3073 5332 3324 5396 Παῦλος,
3360 5334 3478 5385 ὅτι
3536 5349 3726 5403 χαρσ

2406 5421 2531 5489 ,τῆς
2554 5417 2850 5488 ἐνεργείας,
2885 5420 3019 5474 ἀλλὰ
3037 5421 3135 5491 τῆς
3156 5423 3625 5485 ὑποστάσεως
3655 5440 3674 5454 ’

2845 5614 2889 5645 ⁷³
2955 5614 3055 5670 lsu.
3122 5633 3227 5685 st,
3319 5619 3435 5671 l2.
