4032 6208
708 327 818 385 545
1928 315 1989 371 S.
2026 314 2356 371 GREGORII
2394 312 2687 370 NYSSENI
3733 316 3757 368 5

701 446 881 514 ipsum
913 451 1077 510 opera
1124 434 1560 506 conspiciantur,
1614 432 1705 487 hic
1754 431 1935 501 imago
1969 440 2054 486 est
2107 429 2288 486 factus

2169 439 2288 486 ctus
2316 438 2360 494 Α
2389 430 2481 483 ἐπὶ
2510 430 2634 483 Νῶε
2660 428 2727 482 δι’
2770 427 2962 492 ὓδατος
2997 427 3104 480 τῶν
3152 426 3439 497 ἀνθρώπων
3469 428 3719 499 ἀφανισμὸν,
3754 446 3761 481 l

703 546 758 593 et
790 534 1032 604 sigillum
1064 537 1117 586 et
1171 529 1555 585 simulacrum.
1607 524 1814 579 Deinde
1850 523 1909 578 ei
1949 523 2288 593 gratilicatur

2169 530 2288 575 atur
2394 521 2492 593 τὴν
2528 524 2586 576 ὲν
2618 521 2873 591 Σοδόμοις
2896 517 2991 572 τοῦ
3019 519 3192 589 πυρὸς
3233 517 3532 590 ἐπομϐρίαν,
3556 518 3629 572 καὶ
3646 519 3729 572 τῶν
3759 563 3761 571 ι

705 625 990 681 hominum
1046 621 1400 676 abolitionem
1432 632 1527 688 per
1555 630 1752 687 aquam
1787 630 1908 685 quae
1937 612 2049 669 Noe
2081 622 2289 682 tempo-

2169 628 2289 682 ipo-
2393 617 2640 685 γυπτίων
2694 615 2792 686 τὴν
2843 614 3053 668 ἔνδικον
3108 614 3407 685 τιμωρίαν,
3446 613 3505 677 ὥς
3542 631 3639 667 τινα
3670 630 3761 685 μεγι

704 717 862 772 ribus
923 712 1167 770 accidit;
1204 716 1259 763 et
1325 725 1450 765 eum
1502 708 1598 778 qui
1644 707 1702 761 in
1755 705 2025 760 Sodomos
2084 703 2289 774 ingruit

2147 703 2289 774 gruit
2394 706 2835 778 προσμαρτυρῶν
2866 705 2944 776 τῷ
2974 707 3032 760 ἐν
3059 708 3125 777 τῇ
3158 707 3301 777 χειρὶ
3324 704 3477 775 ἔχοντι
3498 704 3553 758 τὸ.
3576 706 3739 775 πέρατα

705 810 924 877 igneum
949 805 1201 864 imbrem,
1223 809 1390 872 atque
1420 799 1806 871 Egyptiorum
1832 797 2036 867 justam
2067 810 2284 864 pmnam

2169 810 2284 849 nam
2393 796 2720 869 οἰκουμένης
2739 839 2755 862 ,
2782 798 2841 851 ὲν
2864 790 2908 865 ᾧ
2939 798 3009 851 τὰ
3041 796 3219 851 πάντα
3252 796 3532 867 συνέστηκε,
3551 792 3695 857 καθώς
3713 811 3761 863 φτ

705 906 759 951 et
802 894 1158 966 supplicium,
1198 898 1258 946 ut
1298 904 1495 961 magna
1525 888 1774 960 qnmdam
1821 887 2077 941 attribuit
2112 884 2159 940 ei
2194 884 2284 954 qui

2194 884 2284 954 qni
2386 890 2415 942 6
2461 887 2809 951 Ἀπόστο>.ο;·
2866 888 3056 959 ὥσπερ
3095 888 3196 942 οὐκ
3227 887 3377 951 εἰδὼς
3406 888 3476 940 ὅτι
3511 886 3575 956 τῷ
3601 886 3761 955 neptim

705 1002 874 1043 manu
904 994 1065 1040 terrae
1095 983 1231 1039 fines
1262 981 1536 1044 continet,
1571 979 1625 1034 in
1652 994 1762 1049 quo
1785 978 1971 1032 omnia
2000 983 2284 1038 constant,

2169 983 2284 1038 aut,
2386 979 2455 1033 τὰ
2488 980 2685 1045 πάντα,
2711 980 2805 1033 καὶ
2837 979 2973 1051 πρὸς
2992 980 3052 1032 τὸ
3080 978 3269 1033 δοκοῦν
3293 978 3461 1047 ἄγοντε
3482 995 3530 1031 τε
3553 979 3631 1030 καὶ
3653 977 3761 1046 φέρο

705 1074 1168 1147 quemadmodum
1220 1071 1452 1127 afﬁrmat
1490 1070 1812 1140 Apostolus,
1844 1069 1993 1123 velut
2024 1068 2284 1122 nesciens

2169 1068 2284 1122 iens
2387 1073 2458 1126 τά
2482 1090 2540 1126 τε
2573 1073 2674 1142 ἠδη
2704 1072 3043 1144 γεγενημένα
3070 1112 3085 1135 ,
3108 1074 3201 1125 καὶ
3230 1072 3299 1126 τὰ
3331 1073 3548 1142 ἐσόμενα,
3580 1071 3629 1122 οὗ
3649 1067 3761 1123 τοσοὶ

704 1169 853 1241 quod
900 1168 950 1223 ei
985 1167 1079 1238 qui
1114 1164 1297 1219 omnia
1337 1163 1737 1233 complectitur,
1789 1168 1845 1214 et
1897 1159 1948 1214 id
1985 1158 2128 1229 quod
2182 1156 2288 1213 sibi

2182 1156 2288 1213 sibi
2390 1163 2711 1236 προσθήκην
2758 1166 2903 1217 ποιεῖ
2935 1163 3034 1233 τῆς
3061 1162 3247 1233 δόξης,
3280 1162 3389 1226 δύο,
3419 1161 3447 1233 ἢ
3479 1161 3585 1234 τρία
3609 1178 3761 1232 μνημο

703 1263 883 1332 placet
913 1260 1044 1329 agit,
1072 1265 1126 1312 et
1160 1256 1288 1320 fert,
1330 1261 1385 1310 et
1424 1268 1545 1324 quae
1568 1252 1682 1324 jam
1717 1250 1881 1316 facta,
1919 1258 1972 1306 et
1999 1265 2121 1321 qua:
2158 1254 2289 1304 sunt

2158 1254 2289 1304 sunt
2386 1254 2547 1309 θέντα
2594 1254 2880 1327 θαύματα,
2930 1254 3052 1308 ὅσον
3096 1254 3380 1325 ἀφαίρεσιν
3407 1254 3736 1325 καίζημίανὴ

702 1352 917 1415 futura,
955 1362 1064 1402 non
1102 1354 1314 1401 tantum
1348 1342 1558 1399 faciunt
1586 1341 2023 1396 additamentum
2074 1339 2281 1410 gloria),

2169 1339 2281 1403 τίων
2385 1346 2588 1400 λοιπῶν
2624 1347 2825 1417 σιωπή.
2870 1345 3032 1399 Ἀλλὰ
3069 1346 3169 1399 καὶ
3198 1346 3398 1400 τούτων
3428 1345 3761 1416 σιωπωμένων,

701 1442 812 1497 duo
836 1442 922 1497 vel
954 1440 1060 1494 tria
1089 1443 1527 1493 commemorata
1564 1434 1852 1497 miracula,
1883 1443 2152 1502 quantum
2190 1430 2286 1486 de-

2190 1430 2286 1486 de-
2387 1440 2475 1491 κεῖ
2502 1440 2535 1509 ἡ
2565 1438 2663 1509 μία
2685 1436 2779 1491 τοῦ
2808 1436 3022 1490 Παύλου
3053 1437 3203 1508 φωνὴ
3248 1436 3614 1510 περιληπτικῶς
3642 1436 3702 1489 τὰ
3724 1454 3759 1487 π

700 1536 1024 1590 trimentnm
1060 1539 1113 1586 ct
1164 1530 1421 1585 damnqu
1457 1528 1797 1598 reliquorum
1830 1526 2138 1581 silentium.
2177 1523 2284 1579 Sed

2177 1523 2284 1579 Sed
2385 1527 2455 1580 δι’
2487 1528 2687 1598 ἑαυτῆς
2712 1526 3066 1594 ἐνδείξασθαι,
3095 1530 3129 1597 ὴ
3158 1527 3250 1581 ἐπὶ
3273 1531 3474 1583 πάντων
3501 1528 3639 1582 αὐτὸν
3658 1527 3761 1595 λέγε

702 1638 763 1681 ιιι
817 1627 933 1682 haec
983 1624 1204 1680 silentio
1258 1626 1679 1692 prmtereantur,
1717 1634 1819 1673 vox
1855 1633 1962 1672 una
2014 1616 2075 1671 D.
2123 1615 2278 1670 Pauli

1666 1660 1679 1683 ,
1717 1634 1819 1673 vox
1855 1633 1962 1672 una
2014 1616 2075 1671 D.
2123 1615 2278 1670 Pauli
2386 1618 2481 1671 καὶ
2506 1618 2594 1672 διὰ
2625 1620 2841 1673 πάντων
2872 1620 2965 1673 καὶ
2988 1622 3045 1672 ὲν
3075 1622 3258 1675 πᾶσιν.

700 1719 1148 1793 comprehensive
1178 1732 1274 1787 per
1309 1730 1367 1771 se
1410 1715 1546 1770 satis
1577 1713 1782 1783 poterit
1825 1713 2010 1767 ouinia
2067 1710 2453 1768 demonstrare
2493 1728 2614 1783 quae
2648 1714 2826 1783 ipsum
2853 1715 3077 1781 asserit,
3123 1724 3179 1770 et
3223 1730 3318 1786 per
3378 1715 3543 1771 omnia
3602 1727 3649 1772 et
3685 1716 3735 1769 in

701 1814 886 1868 nibus.
1584 1857 1589 1862 .

776 1904 981 1959 Deinde
1042 1900 1240 1971 inquit,
1282 1898 1465 1970 Legem
1499 1899 1602 1968 fert
1640 1898 1924 1953 secundum
1973 1897 2066 1951 Dei
2103 1898 2285 1951 «terni
2317 1908 2358 1962 Β

2158 1898 2285 1950 terni
2317 1908 2358 1962 Β
2457 1897 2608 1962 Εἶτα,
2637 1898 2963 1971 Νομοθετεῖ
2999 1903 3159 1972 φησὶ,
3195 1904 3322 1956 κατ’
3355 1902 3620 1973 ἐπιταγὴν
3653 1903 3750 1957 τοῦ

704 1995 1036 2050 mandatum.
1069 1992 1334 2059 Quisnam
1373 1999 1613 2044 aeternus
1660 1998 1745 2044 est
1776 1987 1963 2043 Deus?
1998 1994 2051 2043 et
2081 1987 2205 2056 quis
2236 1987 2287 2041 ei

2169 2004 2205 2042 ιε
2236 1987 2287 2041 ei
2388 1991 2522 2045 νίου
2546 1992 2712 2061 Θεοῦ.
2737 1993 2832 2056 Τίς
2850 1996 2880 2047 6
2899 1992 3112 2056 αἰώνιός
3141 1995 3255 2047 ἐστι
3279 1994 3432 2059 Θεὸς;
3460 1996 3558 2047 Καὶ
3579 1994 3654 2058 τίς
3676 1996 3701 2046 6
3721 1996 3761 2046 ir

705 2089 1090 2146 subministrat
1121 2088 1174 2139 in
1232 2083 1629 2155 legislatione?
1687 2081 1793 2138 Sed
1832 2081 2009 2137 cuivis
2043 2089 2126 2137 est
2172 2096 2289 2149 pero

2172 2096 2321 2149 perv
2390 2079 2501 2148 γῶν
2540 2080 2690 2152 αὒτῷ
2727 2083 2854 2153 περί
2884 2081 2982 2154 τὴν
3023 2081 3115 2136 τοῦ
3144 2084 3309 2153 νόμου
3364 2082 3533 2150 θέσιν;
3586 2082 3733 2136 Ἀλλὰ

706 2181 980 2252 spicuum,
1008 2177 1154 2247 quod
1193 2191 1287 2246 per
1318 2172 1521 2229 Mosen]
1558 2174 1733 2244 legem
1764 2172 1868 2228 fert
1905 2173 2153 2229 Deusiis
2194 2173 2288 2242 qui

2194 2173 2288 2242 qui
2387 2170 2545 2241 δῆλον
2574 2171 2729 2225 τοῦτό
2758 2174 2903 2227 ἐστιν
2927 2215 2942 2240 ,
2970 2174 3051 2227 ὅτι
3077 2174 3167 2227 διὰ
3193 2175 3430 2238 Μωσέως
3454 2174 3712 2245 νομοθετεῖ
3732 2177 3760 2229 6

706 2277 879 2345 legem
911 2271 1213 2340 accipiunt.
1248 2268 1385 2322 Cum
1413 2277 1597 2321 autem
1632 2273 1792 2321 antea
1853 2265 2156 2319 Ennomius
2207 2263 2289 2317 fa-

2207 2263 2289 2317 fa-
2387 2264 2501 2326 τοῑς
2546 2263 2854 2334 δεχομένοις
2895 2265 2986 2317 τὸν
3022 2266 3205 2336 νόμον.
3238 2265 3409 2319 Αὐτοῦ
3448 2266 3502 2319 δὲ
3537 2266 3625 2320 τοῦ
3673 2268 3761 2320 Et'n

705 2373 890 2420 teatur
914 2377 1036 2418 esse
1072 2360 1432 2428 Unigenitum
1468 2358 1636 2413 Deum
1666 2358 1760 2429 qui
1792 2358 1845 2411 in
1885 2355 2068 2427 Moyse
2092 2368 2289 2425 opera«

2130 2368 2289 2425 pera«
2391 2352 2483 2407 τὸν
2512 2354 2790 2427 Μονογενῆ
2832 2356 2963 2410 Θεὸν
3013 2351 3151 2410 εῖναι
3195 2357 3591 2429 ὁμολογοῦντος,
3633 2359 3718 2414 τὸν

708 2457 869 2510 batur
900 2453 1206 2508 miracula:
1245 2450 1523 2520 quomodo
1554 2449 1676 2519 ejus
1708 2463 1953 2519 praesens
1993 2461 2178 2502 sermo
2234 2447 2289 2499 in

2168 2463 2178 2499 ι
2234 2447 2289 2499 in
2390 2445 2795 2516 χρηματίζοντα
2819 2462 2832 2476 ·
2863 2446 2980 2510 πῶς
3001 2449 3030 2500 6
3054 2447 3244 2519 παρὼν
3277 2448 3438 2502 αὐτοῦ
3459 2448 3606 2518 λόγος
3628 2451 3702 2513 εἰς
3727 2467 3756 2502 τ

709 2547 876 2602 Hosis
909 2546 1159 2602 ordinem
1194 2541 1438 2598 universi
1473 2540 1762 2595 Dominum
1791 2539 1992 2594 obnixe
2051 2536 2292 2607 redigit?

2172 2536 2246 2607 git
2268 2537 2292 2590 ?
2391 2537 2634 2599 Μωσέως
2657 2533 2810 2601 τάξιν
2827 2537 2917 2590 τὸν
2938 2536 3031 2591 τοῦ
3059 2539 3259 2603 παντὸς
3281 2539 3550 2609 Δεσπότην
3571 2541 3660 2593 ἀντ
3670 2548 3761 2594 ικαε

709 2639 898 2693 aeterni
934 2651 1061 2692 vero
1099 2633 1192 2689 Dei
1229 2631 1596 2702 significatum
1659 2630 1762 2686 soli
1817 2629 1964 2685 Patri
2022 2629 2287 2698 assignat.

2159 2635 2287 2696 mat.
2393 2645 2477 2682 σιν
2502 2645 2516 2692 ;
2543 2628 2617 2680 Τὸ
2643 2628 2700 2681 δὲ
2718 2628 2812 2681 τοῦ
2838 2630 3054 2683 αἰωνίου
3081 2630 3215 2683 Θεοῦ
3239 2630 3647 2700 σημαινόμενον.
3676 2632 3751 2703 τῷ

711 2732 789 2787 Ita
815 2740 872 2784 ut
907 2745 969 2784 ea
1000 2742 1121 2799 qua:
1152 2737 1234 2783 est
1261 2716 1632 2781 adteternum
1665 2722 1996 2788 differentia,
2055 2736 2165 2775 non
2220 2735 2291 2773 aa-

2220 2735 2291 2773 aa-
2393 2716 2682 2787 ἀνατίθησι
2711 2718 2875 2789 μόνῳ.
2924 2719 3010 2782 Ὠς
3049 2722 3115 2791 τῇ
3156 2719 3292 2790 πρὸς
3321 2720 3411 2773 τὸν
3447 2720 3655 2775 αἰώνιον
3680 2721 3761 2775 δια

709 2837 948 2886 ternum,
984 2820 1077 2876 sed
1110 2827 1385 2874 recentem
1444 2815 1798 2885 Unigcnitum
1859 2812 2292 2867 Deum-demon-

2170 2826 2292 2864 ιοιι-
2397 2807 2470 2879 μὴ
2501 2808 2884 2873 αἰώνιον,ἀλλά
2918 2810 3231 2881 πρόσφατον
3270 2810 3546 2884 Μονογενῆ
3580 2813 3710 2867 Θεὸν
3743 2816 3761 2867 d

709 2923 880 2977 stret,
912 2911 1234 2967 saeculorum
1277 2909 1560 2963 factorem.
1601 2904 1803 2960 Verum
1843 2905 2123 2958 enimvero
2157 2900 2290 2955 mihi

2169 2900 2290 2954 mihi
2395 2900 2639 2966 κνυσθαι,
2667 2901 2757 2955 τὸν
2782 2903 3009 2973 ποιητὴν
3034 2902 3139 2957 τῶν
3155 2903 3385 2959 αἰώνων.
3415 2905 3573 2960 Ἀλλὰ
3597 2907 3688 2960 καὶ
3712 2909 3761 2959 is:

711 3004 927 3056 videtur
955 3000 1157 3054 oblitus
1189 3013 1312 3052 esse
1339 2997 1430 3050 ille
1455 2994 1702 3050 discendi
1727 2992 1960 3062 cupidus
1983 2999 2036 3047 et
2058 3006 2289 3057 memor,

2169 3006 2289 3057 nor,
2395 2988 2519 3044 σθαί
2551 3007 2643 3060 μοι
2667 2990 2813 3044 δοκεῖ
2831 2992 2859 3044 6
2881 2990 3181 3062 φιλομαθής
3207 3009 3265 3045 τε
3290 2993 3382 3046 καὶ
3407 2995 3656 3064 μνήμων,
3680 2994 3761 3046 ὅτι

710 3090 861 3162 quod
892 3091 1004 3142 haec
1038 3088 1223 3142 omnia
1258 3087 1325 3141 de
1355 3086 1537 3156 seipso
1569 3083 1773 3139 Paulus
1800 3084 1896 3145 ait,
1956 3082 2291 3137 annuntians

2160 3076 2310 3137 .iaus'
2392 3080 2564 3134 ταῦτα
2587 3082 2713 3153 περὶ
2740 3082 2930 3134 ἑαυτοῦ
2947 3084 2977 3135 6
3002 3081 3212 3145 Παῦλός
3236 3098 3389 3153 φησι,
3417 3081 3752 3152 διαγγέλλων

712 3176 1029 3233 hominibus
1087 3174 1364 3246 Evangelii
1424 3176 1757 3244 prteconium
1827 3171 2132 3227 secundum
2196 3170 2289 3226 Dei

2196 3170 2289 3226 Dei
2394 3172 2700 3243 ἀνθρώποις
2725 3172 2817 3226 τοῦ
2850 3171 3180 3241 Εὑαγγελίου
3211 3173 3272 3225 τὸ
3304 3175 3568 3245 κήρυγμα
3587 3213 3603 3238 ,
3631 3176 3753 3227 κατ’

713 3269 1028 3339 imperium.
1067 3266 1199 3333 Quae
1229 3282 1360 3337 ergo
1414 3266 1481 3321 de
1510 3266 1694 3336 seipso
1726 3271 1915 3317 narrat
1968 3262 2287 3333 Apostolus,

2169 3262 2287 3328 dus,
2318 3247 2360 3304 (ἶ
2394 3263 2497 3334 γὴν
2540 3262 2634 3316 τοῦ
2672 3263 2828 3316 Θεοῦ.
2868 3263 2934 3316 Ἃ
2964 3261 3143 3315 τοίνυν
3172 3263 3299 3334 περὶ
3332 3263 3529 3317 ἑαυτοῦ
3573 3263 3761 3335 διεξέρῄ

712 3360 827 3412 lucc
868 3355 1171 3410 Eunomius
1212 3356 1606 3425 prophetarum
1647 3360 1701 3407 et
1757 3353 2131 3422 apostolorum
2182 3350 2294 3405 Do-

2182 3350 2294 3405 Do-
2408 3356 2743 3419 ’Δπόστολος,
2774 3355 2946 3408 ταῦτα
2971 3356 2999 3408 6
3027 3355 3286 3426 Εὐνόμιος
3309 3356 3387 3427 τῷ
3414 3357 3668 3428 Δεσπότῃ
3697 3358 3761 3411 τᾶ

714 3449 865 3503 tniuo
889 3448 1192 3502 attribucre
1223 3462 1330 3500 non
1374 3455 1613 3510 veretur,
1670 3455 1728 3498 ut
1779 3443 2064 3498 Dominum
2122 3444 2293 3496 Paulo

2169 3444 2293 3496 aulo
2398 3450 2584 3520 φητῶν
2616 3466 2675 3502 τε
2705 3450 2796 3501 καὶ
2834 3446 3146 3501 ἀποστόλων
3185 3446 3462 3511 ἀνατιθεὶς
3492 3447 3598 3499 οὐκ
3632 3449 3761 3517 αἰσχ

714 3557 817 3596 suo
876 3554 1035 3595 servo
1070 3540 1276 3593 honore
1318 3552 1501 3608 parem
1560 3537 1877 3591 constituat.
1939 3535 2143 3605 Ecquid
2202 3552 2295 3590 nc~

2202 3552 2295 3590 uc~
2400 3543 2487 3596 ἵνα
2516 3542 2778 3613 ὁμότιμον
2806 3540 3127 3610 καταστήσῃ
3158 3538 3235 3609 τῷ
3264 3540 3465 3609 Παύλῳ
3506 3539 3589 3611 τῷ
3627 3541 3748 3609 ἰδίῳ

711 3647 872 3687 cosse
899 3639 982 3686 est
1012 3646 1097 3685 me
1127 3631 1345 3700 singula
1392 3629 1878 3699 repreln-ndentem
1917 3629 2131 3681 turbam
2168 3642 2293 3680 ora-

2168 3642 2293 3680 ON-
2395 3635 2487 3687 τὸν
2523 3634 2745 3705 Κύριον.
2782 3632 2893 3684 Καὶ
2917 3630 2970 3683 τί
3007 3648 3073 3702 με
3114 3630 3217 3703 χρὴ
3243 3631 3311 3685 τὰ
3343 3630 3471 3684 καθ’
3507 3631 3756 3685 ἕκαστον

715 3724 865 3779 tione
901 3718 1203 3777 inducere?
1232 3722 1289 3776 In
1321 3721 1524 3792 quibus
1578 3721 1670 3792 qui
1704 3720 2009 3789 simplicius
2043 3727 2096 3773 et
2147 3717 2295 3774 osci-

2169 3717 2295 3774 isci-
2397 3740 2591 3793 χοντα,
2623 3720 2824 3792 πλῆθος
2852 3721 3163 3790 ἐπεισάγειν
3207 3721 3284 3793 τῷ
3330 3721 3516 3793 λόγως
3568 3723 3665 3775 Ἑν
3716 3717 3761 3775 οἳ

717 3814 925 3870 tantius
984 3813 1040 3867 in
1096 3813 1217 3882 ejus
1258 3813 1460 3880 scripta
1512 3810 1736 3874 incidet,
1794 3810 1971 3880 ipsum
2028 3811 2083 3863 in
2138 3824 2295 3865 sacra

2170 3824 2295 3863 acra
2399 3814 2762 3886 ἁπλούστερον
2790 3813 3131 3884 ἐντυγχάνων
3164 3815 3274 3876 τοῖς
3300 3812 3433 3883 παρ’
3467 3812 3648 3865 αὐτοῦ
3672 3831 3761 3882 γε·

720 3905 1008 3974 Scriptura
1044 3905 1228 3959 dicere
1260 3918 1528 3958 concessa
1559 3902 1938 3966 existimabit;
1992 3902 2168 3971 atqui
2209 3901 2294 3957 di-

2161 3903 2168 3954 i
2209 3901 2294 3957 di-
2397 3922 2533 3970 νοις,
2568 3905 2807 3975 οἰήσεται
2846 3902 2913 3956 τὰ
2944 3903 3409 3973 συγκεχωρημένα
3452 3902 3619 3973 παρὰ
3646 3903 3753 3972 τῆς

719 3996 1186 4066 ligentiexatuinc
1218 3993 1363 4048 facto
1419 3993 1633 4063 singula
1693 3999 1872 4062 potest
1935 3991 2291 4061 perpendere,

2169 3992 2291 4057 lere,
2398 3997 2558 4052 αὐτὸν
2586 3997 2765 4065 λέγειν
2790 4014 2802 4027 ·
2827 3997 2855 4048 6
2880 3996 2935 4049 δὲ
2959 3994 3315 4061 ἐξεταστικῶς
3338 3994 3592 4049 ἕκαστον
3627 3996 3761 4049 ἀνατ

719 4086 868 4140 nulla
897 4086 951 4140 in
980 4101 1037 4140 re
1076 4085 1145 4139 ab
1178 4084 1433 4139 Inerctica
1472 4083 1678 4137 malitia
1714 4090 1768 4136 et
1816 4083 2175 4152 perversitate
2212 4097 2298 4137 se-

2169 4101 2175 4135 :
2212 4097 2298 4137 se-
2396 4088 2710 4158 δυνάμενος,
2736 4087 3004 4152 ἀποδείξει
3029 4087 3192 4158 μηδὲν
3213 4088 3309 4157 τῆς
3331 4086 3648 4156 αἰρετικῆς
3666 4104 3761 4140 καῖ

724 4184 909 4246 parata
945 4190 1068 4230 esse
1103 4184 1159 4229 et
1201 4174 1424 4229 dilfcrre
1463 4173 1782 4244 comperiet.
1817 4173 1958 4227 Dicit
1988 4173 2133 4227 enim
2208 4184 2298 4226 ec-

2208 4184 2298 4226 ec-
2398 4178 2795 4249 κεχωρισμένα.
2824 4179 2985 4246 Λέγει
3020 4177 3128 4248 γὰρ
3155 4177 3248 4231 καὶ
3303 4179 3330 4230 6
3381 4176 3759 4248 ὲκκλησιαστ

720 4267 1067 4321 clesiasticus
1110 4275 1165 4320 et
1206 4266 1519 4323 haereticus.
1554 4264 1896 4335 quodl’ater
1930 4266 2183 4318 neminem
2204 4264 2297 4333 ju-

2169 4264 2297 4333 tju-
2396 4270 2425 4322 6
2469 4269 2845 4340 αἰρετικὸς.ὄτι
2876 4273 2928 4328 '0
2946 4269 3145 4338 Πατὴρ
3169 4271 3356 4338 κρίνει
3394 4266 3672 4331 οὐδένα,
3706 4269 3761 4323 ἀ.

719 4354 886 4418 dicat,
920 4355 1008 4408 sed
1043 4370 1191 4408 omne
1213 4353 1477 4423 judicium
1505 4353 1646 4406 dedit
1677 4352 1819 4407 Filia
1843 4353 1981 4409 ⁷⁷⁸⁷⁸.
2006 4355 2072 4406 At
2092 4353 2296 4407 dictum

2169 4363 2296 4407 :tum
2398 4360 2601 4428 κρίσιν
2628 4358 2833 4414 πᾶσαν
2848 4358 3065 4414 δέδωκε
3083 4358 3163 4424 τῷ
3189 4356 3318 4424 Υίῷ.
3337 4358 3481 4412 Νοεῖ
3505 4358 3573 4412 δὲ
3603 4360 3719 4429 οὐχ
3744 4361 3761 4412 ἐ

726 4450 828 4500 hoc
859 4454 1094 4513 uterque
1160 4460 1266 4498 non
1307 4444 1563 4497 similiter
1627 4443 1903 4512 intelligit.
1948 4442 2052 4499 Per
2110 4445 2294 4499 eadem

2176 4445 2294 4499 dem
2399 4452 2685 4522 εἰρημένον
2729 4450 3006 4520 ἑκάτερος.
3042 4450 3139 4503 Διά
3171 4449 3280 4520 γὰρ
3310 4448 3425 4503 τῶν
3476 4449 3690 4504 αὐτῶν
3739 4452 3761 4520 έ

723 4536 889 4591 verba
934 4535 1348 4590 ecclesiasticus
1380 4536 1433 4587 in
1466 4534 1725 4589 omnibus
1747 4542 2067 4603 potestatem
2096 4536 2294 4589 intelli-

2169 4536 2294 4628 .elli-
2328 4573 2372 4628 Β
2398 4541 2546 4628 ὁμὲν
2604 4539 3051 4611 έκκλησιαστικδς
3077 4540 3176 4610 τὴν
3196 4541 3287 4593 ἐπὶ
3303 4540 3545 4593 πάντων
3575 4540 3761 4604 ὲξουσ

722 4625 835 4696 git:
870 4625 1159 4679 haereticus
1197 4621 1566 4691 vcro_aiiquid
1628 4622 1892 4677 deliciens
1927 4631 1983 4677 et
2019 4625 2296 4693 mancipa-

2169 4625 2296 4693 tipa-
2328 4621 2363 4628 ’⁷
2403 4624 2555 4692 οὗτος
2582 4628 2637 4680 δὲ
2659 4629 3060 4693 κατασκευάζει
3091 4629 3152 4681 τὸ
3177 4629 3401 4693 ὑποδεές
3432 4647 3505 4683 τε
3542 4631 3652 4684 καὶ⁵
3688 4631 3761 4683 ὑπ

724 4727 837 4769 ιιιιη
869 4717 985 4770 sive
1016 4714 1296 4769 subditum
1329 4713 1624 4768 construit.
1898 4786 1905 4791 _

797 4808 902 4863 Sed
939 4806 1071 4860 illud
1103 4805 1265 4859 dictis
1296 4803 1662 4872 adjiciendum
1687 4813 1793 4868 est,
1819 4804 1965 4874 quod
1996 4804 2141 4860 velut
2170 4803 2296 4858 fun‘-

2170 4803 2296 4858 funi-
2482 4805 2619 4859 Ἀλλ’
2657 4806 2831 4858 ἐκεῖνο
2858 4804 2962 4875 χρὴ
2994 4803 3305 4876 προσθεῖναι
3332 4808 3460 4869 τοῖς
3492 4806 3761 4877 εἰρημέν

721 4900 1038 4953 dameutum
1073 4894 1289 4965 aliquod
1331 4895 1627 4965 impietatis
1687 4896 1742 4949 in
1780 4910 2032 4950 sermone
2065 4897 2131 4950 de
2186 4897 2298 4951 dis-

2186 4897 2298 4951 dis-
2401 4898 2640 4970 κρηπίδα
2670 4896 2793 4950 τινὰ
2832 4895 3106 4949 ποιοῦνται
3146 4896 3245 4965 τῆς
3277 4896 3572 4960 ἀσεϐείας
3603 4936 3621 4963 ,
3681 4900 3753 4951 ὲν

725 4992 1046 5060 pensatione
1077 4998 1309 5058 ponunt,
1356 5002 1465 5041 non
1525 4994 1698 5042 totum
1742 4988 2016 5043 hominem
2075 4989 2145 5042 ab
2180 4990 2297 5059 ipso

2180 4990 2297 5059 ipso
2401 4992 2500 5061 τῆς
2527 4989 2834 5061 οἰκονομίας
2863 4989 3005 5059 λόγῳ
3023 5004 3038 5019 ·
3069 4989 3166 5059 οὐχ
3189 4989 3308 5042 ὅλον
3335 4989 3680 5061 ἄνθρωπον
3714 5011 3761 5045 π

724 5094 1001 5141 servatum
1032 5098 1154 5138 esse
1187 5082 1644 5145 detorminantes,
1705 5082 1800 5138 sed
1865 5084 2106 5138 hominis
2136 5084 2299 5138 dimi-

2176 5084 2299 5137 itni-
2401 5082 2672 5136 σεσῶσθαι
2702 5080 3074 5152 διοριζόμενοι.
3103 5082 3239 5135 ἀλλὰ
3261 5081 3321 5134 τὸ
3342 5081 3450 5135 τοῦ
3483 5081 3761 5152 ἁνθρὼπ

722 5176 896 5237 dium,
930 5190 1132 5245 corpus
1168 5173 1433 5242 intelligo.
1470 5172 1569 5228 ilic
1598 5174 1743 5228 enim
1775 5173 2000 5228 malitia:
2029 5175 2151 5229 talis
2178 5190 2298 5229 sco-

2178 5190 2298 5229 sco-
2403 5190 2535 5243 μον.
2565 5174 2624 5226 τὸ
2666 5172 2823 5243 σῶμα
2849 5172 3009 5241 λέγω.
3064 5174 3122 5225 Ὀ
3150 5172 3206 5226 δὲ
3238 5175 3453 5236 σκοπός
3498 5174 3689 5226 ἐστιν
3723 5192 3761 5225 α

726 5280 827 5333 pus
860 5266 913 5319 iu
948 5265 1050 5318 hoc
1080 5263 1411 5319 documento
1447 5261 1584 5331 ipsis
1617 5269 1704 5316 est
1736 5263 2074 5331 propositus,
2109 5270 2168 5317 ut
2203 5279 2299 5317 v0-

2203 5279 2299 5317 vo-
2399 5262 2650 5331 τοιαύτης
2699 5262 2826 5333 περὶ
2865 5261 2924 5314 τὸ
2950 5261 3125 5332 δόγμα
3169 5261 3582 5334 κακουργίας,
3626 5262 3709 5314 τὸ
3749 5261 3761 5312 ί

724 5372 820 5410 ees
852 5356 1173 5410 humiliores
1212 5353 1528 5416 ostendant,
1565 5367 1702 5423 quas
1735 5369 1797 5407 ex
1836 5355 2071 5407 humana
2104 5364 2297 5408 natura

2176 5364 2297 5408 tura
2399 5352 2786 5423 ταπεινοτέρας
2816 5353 3017 5421 φωνὰς,
3041 5352 3106 5416 ἃς
3144 5353 3331 5406 ἐκστοῦ
3360 5352 3756 5424 ἀνθρωπξνο

725 5447 935 5517 profert
961 5446 1247 5507 Dominus.
1288 5456 1345 5500 ut
1400 5445 1468 5499 ab
1498 5445 1620 5514 ipsa
1663 5445 1951 5499 divinitate
2008 5445 2299 5500 videantur

2171 5456 2299 5500 ntur
2402 5448 2430 5499 6
2470 5445 2691 5515 Κύριος,
2723 5446 2852 5515 παρ’
2887 5444 3056 5514 αὐτῆς
3094 5443 3194 5514 τῆς
3239 5443 3523 5514 θεότητος
3561 5460 3761 5512 γεγεκ.

724 5552 847 5593 csse
878 5536 1055 5598 factae,
1093 5546 1149 5589 ut
1184 5550 1279 5606 per
1315 5536 1415 5592 has
1459 5536 1779 5592 validiorem
1809 5537 2099 5591 ostendant
2157 5538 2299 5592 blas-

2172 5538 2299 5592 JlélS-
2407 5539 2542 5602 κεῖν,
2593 5537 2678 5588 ἵνα
2727 5534 2815 5587 διὰ
2852 5533 3053 5587 τούτων
3110 5533 3485 5605 ἰσχυροτέραν
3550 5534 3761 5587 ἁποδε

691 5708 711 5723 ⁵
794 5711 913 5744 ⁷⁷⁸⁷⁸
935 5708 1091 5765 Joan.
1127 5726 1174 5775 ι’,
1212 5709 1300 5763 ‘22.
