4032 6208
271 317 349 374 545
1352 310 1627 368 CONTRA
1666 307 2048 377 EUNOMIUM,
2082 308 2208 366 LIB.
2251 309 2312 367 ll.

3342 318 3448 375 546

271 426 583 501 βλασφημίαν,
618 426 688 481 δι’
731 425 897 495 αὐτῆς
944 424 1044 496 τῆς
1086 424 1178 479 τοῦ
1233 425 1437 497 Κυρίου
1485 422 1775 495 ὁμολογίας

1883 424 2171 495 phemiam,
2223 437 2319 494 per
2367 422 2505 477 hanc
2564 422 2735 493 ipsam
2767 422 2985 479 Domini
3044 423 3448 484 confessionem

269 518 606 590 ιιρατυνοιιιένηη⁷
623 523 643 541 ⁸
661 516 845 570 τούτου
874 516 1032 587 χάριν
1054 516 1206 586 φησὶ,
1237 515 1348 571 Τὸν
1376 515 1470 569 ἐπ’
1500 514 1777 585 ἐσχάτων

267 611 363 664 τῶν
400 606 611 678 ἡμερῶν
652 607 979 676 γενόμενον
1010 605 1344 674 ἄνθρωπον,
1391 608 1501 660 οὐκ
1551 605 1777 659 ἀναλα-

266 702 406 755 ϐόντα
447 702 544 753 τὸν
596 700 665 753 ἐκ
719 696 928 767 ψυχῆς
965 698 1062 752 καὶ
1112 697 1378 767 σώματος
1441 697 1772 766 ἄνθρωπον.

275 792 381 862 Ἐγὼ
402 793 449 847 δὲ
472 793 649 845 πᾶσαν
686 791 1177 862 διερευνησάμενος
1210 789 1309 859 τὴν
1337 789 1691 843 θεόπνευστύν
1717 805 1776 842 τε

262 886 336 939 καὶ
362 885 499 953 ἁγίαν
539 884 579 935 Γ
584 883 784 956 ραφὴν,
823 883 921 952 οὐχ
948 884 1063 951 ὁρῶ
1102 880 1305 951 ταύτην
1332 880 1431 952 τὴν
1470 879 1650 951 φωνὴν
1681 881 1777 948 ὲγ·

262 975 626 1047 γεγραμμένην,
671 974 754 1027 ὅτι
790 972 958 1043 μόνην
987 972 1086 1044 τὴν
1124 972 1302 1044 σάρκα
1329 971 1452 1043 δίχα
1478 972 1653 1042 ψυχῆς
1673 1011 1688 1033 ,
1720 971 1778 1022 ὲν

256 1064 323 1135 τῷ
344 1062 492 1134 καιρῷ
516 1062 616 1132 τῆς
635 1061 776 1115 κατά
802 1060 1087 1132 ἄνθρωπον
1102 1060 1433 1131 οἰκονομίας,
1454 1063 1482 1114 6
1506 1061 1573 1114 τὰ
1603 1061 1779 1115 πάντα

254 1156 446 1226 ποιήσας
475 1155 551 1216 είς
583 1152 775 1207 ἑαυτὸν
802 1152 1106 1217 ἀνεδέξατο.
1149 1152 1488 1221 Ἀναγκαίως
1513 1148 1604 1206 οὖν
1643 1154 1778 1223 πρός

254 1260 306 1296 τε
326 1244 402 1297 τὸν
426 1243 614 1297 σκοπὸν
636 1241 733 1312 τῆς
768 1242 1039 1314 σωτηρίας
1061 1245 1094 1313 ἡ
1104 1242 1218 1313 μῶν
1246 1242 1484 1313 βλέπων,
1517 1243 1610 1296 καὶ
1643 1242 1777 1313 πρὸς

249 1337 308 1391 τὰ
329 1335 547 1406 δόγματα
575 1335 682 1389 τῶν
701 1336 981 1406 Πατέρων,
1000 1336 1093 1389 καὶ⁵
1116 1334 1253 1406 πρὸς
1276 1333 1375 1396 τὰς
1395 1333 1779 1396 θεοπνεύστους

248 1427 430 1497 φωνὰς,
462 1427 557 1496 τὴν
591 1427 650 1480 ὲν
694 1425 773 1497 τῷ
819 1426 974 1497 μέρει
1018 1424 1191 1494 τούτῳ
1236 1422 1779 1492 κατασκευαζομένην

242 1516 466 1571 ἀσέϐειαν
514 1514 784 1584 διελέγξαι
849 1514 1199 1585 πειράσομαι.
1245 1507 1446 1565 Ἦλθεν
1496 1513 1525 1564 6
1578 1511 1780 1581 Κύριος

241 1607 447 1678 ζητῆσαι
495 1607 588 1660 καλ⁸
637 1605 807 1659 σῶσαι
854 1604 915 1657 τὸ
965 1603 1241 1665 ἀπολωλός
1265 1619 1279 1633 ο
1330 1600 1576 1655 ἀπώλετο
1615 1601 1672 1654 δὲ
1717 1601 1778 1655 οὐ

241 1700 409 1768 σῶμα,
441 1697 554 1751 ἀλλ’
586 1696 706 1760 ὅλος
738 1696 767 1747 6
798 1694 1085 1766 ἄνθρωπος
1127 1693 1236 1747 ἀπὸ
1263 1692 1439 1763 ψυχῆς
1471 1708 1780 1761 συγκεκρα-

1877 513 2257 569 conﬁrmatam
2287 531 2299 567 :
2327 511 2490 581 hujus
2520 514 2598 567 rei
2653 513 2826 583 gratia
2860 514 3014 577 dicit,
3082 530 3197 569 eum
3250 516 3344 587 qui
3388 532 3448 571 ιιι

1877 603 2173 658 novissimis
2202 602 2381 654 diebus
2415 602 2588 671 factus
2617 613 2694 656 est
2726 603 2911 670 homo,
2948 622 3051 660 non
3099 607 3449 675 assumpsisse

1877 695 2135 749 hominem
2168 694 2347 746 anima
2391 701 2439 746 et
2487 709 2700 761 corpore
2753 703 3099 749 constantem.
3134 695 3254 766 Ego
3316 712 3448 752 vero

1879 800 2098 841 omnem
2133 783 2399 838 divinitus
2429 784 2747 852 inspiratam
2779 792 2833 838 et
2862 798 3073 838 sacram
3108 784 3447 855 Scripturam

1878 883 2279 947 perscrutatus,
2317 876 2456 929 hanc
2511 889 2700 931 vocem
2758 874 3021 945 scriptam
3092 891 3200 930 non
3255 877 3445 945 video,

1878 968 2022 1039 quod
2071 968 2242 1021 solam
2293 981 2514 1021 carnem
2568 966 2775 1036 absque
2831 966 3034 1032 anima,
3091 966 3147 1021 in
3205 975 3451 1039 tempore

1880 1055 2179 1111 secundum
2213 1055 2487 1110 hominem
2523 1054 2950 1126 dispensationis
2978 1056 3069 1126 qui
3100 1058 3283 1112 omnia
3321 1057 3450 1113 fecit

1882 1146 1935 1201 in
1973 1146 2213 1215 seipsum
2241 1146 2580 1215 assumpsit;
2631 1146 2947 1201 necessario
2997 1147 3164 1218 igitur
3207 1149 3272 1203 ad
3328 1164 3452 1205 sco-

1879 1252 2006 1307 pum
2055 1236 2248 1291 salutis
2288 1246 2487 1291 nostrae
2533 1237 2855 1306 respiciens,
2882 1240 3031 1293 ειοά
3064 1238 3288 1294 Patrum
3350 1242 3443 1298 de-

1880 1336 2048 1390 creta,
2087 1335 2141 1381 et
2194 1327 2261 1381 ad
2295 1328 2557 1385 divinitus
2617 1328 2828 1383 amatas
2864 1343 3027 1385 voces
3076 1341 3449 1390 constructam

1881 1417 1934 1471 in
1974 1418 2074 1471 hac
2109 1426 2263 1488 parte
2301 1418 2631 1488 impietatem
2679 1419 3007 1489 redarguere
3051 1424 3312 1478 conabor.
3343 1422 3451 1479 Ve-

1886 1509 1965 1563 nit
2005 1509 2266 1565 Dominus
2318 1519 2374 1566 ut
2407 1519 2672 1581 quaereret
2702 1520 2755 1566 et
2804 1513 3014 1567 salvum
3067 1511 3270 1569 faceret
3304 1515 3450 1585 quod

1881 1598 2136 1668 perierat.
2190 1597 2431 1654 Perierat
2474 1610 2653 1655 autem
2701 1616 2807 1655 non
2860 1617 3094 1672 corpus,
3147 1603 3243 1658 sed
3303 1612 3454 1660 totus

1880 1692 2045 1747 homo
2072 1709 2138 1749 ex
2172 1697 2352 1750 anima
2383 1702 2851 1765 contemperatus.
2913 1697 2978 1751 Et
3038 1699 3085 1753 si
3156 1699 3335 1755 verius
3366 1700 3451 1756 lo-

241 1791 397 1861 μένος.
431 1791 539 1845 Καὶ
566 1790 615 1842 εἰ
636 1788 742 1860 χρὴ
783 1788 872 1842 τὸν
904 1786 1264 1857 ἀληθέστερον
1285 1787 1456 1838 εἰπεῖν
1487 1783 1662 1852 λόγον,
1688 1782 1780 1836 τοῦ

1883 1784 2158 1854 quendum
2189 1793 2292 1852 est,
2327 1796 2453 1841 ante
2509 1801 2712 1858 corpus
2769 1789 2950 1843 anima
2994 1791 3250 1859 perierat.
3312 1789 3451 1845 Nam

242 1881 459 1952 σώματος
482 1883 515 1952 ἡ
539 1881 686 1951 ψυχὴ
713 1878 1088 1951 προαπώλετο.
1132 1878 1196 1930 Ἡ
1220 1876 1325 1947 γὰρ
1356 1874 1628 1946 παρακοὴ,
1650 1891 1777 1944 προ-

243 1974 491 2045 αιρέσεως,
517 1975 576 2026 οὐ
606 1973 878 2043 σώματος,
906 1970 1147 2042 ἁμαρτία
1168 1970 1315 2022 ἐστίν
1339 1986 1350 1998 ·
1379 1968 1506 2021 ἴδιον
1527 1968 1583 2020 δὲ
1605 1966 1780 2038 ψυχῆς

247 2065 590 2137 ηπροαίρεσις
614 2104 630 2131 ,
662 2065 756 2134 ἀφ’
795 2061 864 2136 ἦς
898 2064 1047 2118 πᾶσα
1076 2064 1109 2132 ἡ
1150 2061 1246 2132 τῆς
1278 2059 1495 2130 φύσεως
1526 2059 1781 2130 συμφορὰ

248 2155 329 2227 τὴν
359 2156 517 2225 ἀρχὴν
548 2155 705 2226 ἔσχεν
723 2172 737 2185 ·
798 2154 874 2217 ὡς
908 2156 1177 2226 μαρτυρεί
1212 2155 1324 2217 τοῖς
1349 2153 1527 2222 λόγοις
1555 2154 1588 2224 ή
1613 2153 1783 2224 ἀψευο

249 2245 327 2318 ὂὴς
349 2247 429 2299 τοῦ
466 2245 604 2300 Θεοῦ
638 2245 833 2317 ἀπειλή
854 2255 871 2272 ⁸
903 2243 987 2298 ὅτι
1040 2247 1097 2299 ὲν
1199 2243 1264 2298 ἂν
1295 2244 1483 2316 ἡμέρα
1533 2242 1641 2298 τῶν
1672 2245 1783 2298 ἁπ-

253 2337 596 2410 ηγορευμένων
619 2337 883 2406 ἅψωνται,
908 2335 1282 2406 ἀνυπερθέτως
1295 2333 1694 2407 συναφθήσεται
1715 2336 1782 2406 τῇ

253 2427 418 2499 βρώσει
439 2431 466 2482 6
494 2428 743 2491 θάνατος.
795 2425 991 2480 Διπλοῦ
1013 2427 1068 2481 δὲ
1097 2427 1247 2491 δντος
1278 2426 1372 2481 τοῦ
1398 2425 1783 2501 ἀνθρωπ[ίν]ου

251 2520 625 2590 συγκράματος,
655 2516 1003 2589 καταλλήλως
1038 2516 1159 2572 καθ’
1190 2516 1447 2588 ἑκάτερον
1481 2516 1786 2585 ἐνεργεῖται

245 2609 518 2678 όθάνατος,
563 2610 664 2679 τῆς
690 2607 886 2681 διπλῆς
916 2607 1060 2679 ζωῆς
1090 2606 1416 2677 ἐνεργούσης
1457 2605 1537 2676 τῷ
1568 2622 1788 2677 νεκροσ-

246 2698 370 2769 itin
392 2698 487 2770 τὴν
524 2698 797 2770 στέρησιν.
827 2695 1086 2766 Σώματος
1124 2695 1223 2764 μὲν
1251 2697 1360 2766 γάρ
1386 2695 1502 2747 ἐστι
1538 2693 1784 2757 θάνατος,

242 2789 393 2857 ἡτῶν
421 2789 788 2860 αἰσθητηρίων
824 2786 1008 2851 σϐέσις
1032 2826 1047 2850 ,
1079 2787 1175 2840 καὶ
1208 2787 1242 2856 ή
1278 2786 1414 2856 πρὸς
1439 2785 1506 2838 τὰ
1544 2785 1780 2857 συγγενῆ

236 2881 330 2934 τῶν
368 2883 641 2953 στοιχείων
670 2879 930 2942 διάλυσις.
984 2876 1158 2947 Ψυχὴ
1191 2876 1267 2942 δὲ,
1310 2877 1493 2946 φησὶν,
1523 2877 1560 2944 ὴ
1603 2877 1786 2945 ἁμαρ-

236 2971 503 3037 τάνουσα,
539 2970 695 3039 αὐτὴ
728 2968 1132 3025 ἀποθανεῖται.
1180 2966 1448 3038 Ἀμαρτία
1474 2967 1533 3021 δέ
1573 2968 1721 3021 ἐστιν
1752 2969 1787 3038 ἡ

231 3062 316 3116 τοῦ
352 3064 482 3118 Θεοῦ
515 3063 902 3134 ἀλλοτρίωσις,
945 3061 1004 3123 ὃς
1044 3061 1191 3112 ἐστιν
1238 3060 1273 3130 ἡ
1317 3057 1542 3130 ἀληθινή
1584 3074 1645 3110 τε
1694 3057 1788 3111 καὶ

1880 1874 2271 1939 inobedientia,
2312 1877 2597 1934 electionis
2629 1879 2752 1934 Sive
2789 1880 3110 1943 voluntatis.
3165 1872 3272 1935 non
3334 1897 3450 1936 cor-

1878 1966 2027 2037 poris
2065 1978 2346 2037 peccatum
2379 1978 2484 2024 est.
2513 1968 2737 2039 Pr0pria
2782 1980 2866 2025 est
2901 1978 3083 2026 autem
3115 1972 3310 2026 anima:
3340 1972 3453 2028 ele-

1880 2058 2010 2122 ctio,
2051 2073 2082 2113 a
2120 2073 2224 2127 qua
2274 2061 2454 2115 omnis
2511 2070 2721 2116 natura:
2767 2063 3052 2119 calamitas
3113 2064 3443 2134 principium

1881 2147 2092 2213 habuit,
2142 2158 2201 2203 ut
2257 2150 2442 2205 verbis
2474 2160 2705 2205 testatur
2744 2152 3165 2223 haudquaquam
3217 2154 3452 2210 mendax

1882 2235 1976 2294 Dei
2016 2239 2316 2306 minitatio,
2359 2242 2504 2310 quod
2552 2243 2606 2296 in
2641 2243 2860 2313 quodie
2900 2244 3202 2313 prohibitos
3241 2245 3453 2301 fructus

1883 2330 2177 2403 tetigerint,
2215 2334 2334 2387 sine
2364 2336 2715 2390 cunctatione
2752 2336 2872 2390 esui
2924 2351 3075 2391 mors
3129 2337 3449 2392 cohaerebit.

1882 2420 2017 2477 Cum
2048 2433 2228 2478 autem
2258 2429 2329 2479 sit
2375 2425 2576 2496 duplex
2628 2427 2864 2482 hominis
2901 2428 3286 2497 compositum,
3320 2444 3455 2484 con-

1884 2521 2139 2587 gruenter
2171 2515 2225 2569 iu
2254 2524 2547 2586 utrumque
2586 2534 2737 2574 mors
2768 2518 3002 2589 duplicis
3068 2521 3189 2575 vita:
3222 2535 3454 2577 munere

1887 2605 2166 2674 {eligentis
2196 2621 2299 2662 suo
2329 2607 2378 2662 ei
2411 2608 2506 2678 qui
2529 2609 2764 2664 moritur
2787 2610 3147 2680 privationem
3171 2620 3460 2681 Operaturt

1886 2695 2136 2764 corporis
2167 2696 2386 2765 quidem
2440 2714 2590 2755 mors
2644 2708 2750 2765 est,
2808 2715 3072 2756 sensuum
3122 2704 3456 2758 instrumen-

1889 2793 2064 2840 torum
2097 2789 2415 2853 exstinctio,
2443 2797 2498 2844 et
2533 2791 2587 2845 in
2622 2800 2850 2863 cognata
2895 2793 3163 2848 elementa
3215 2794 3454 2850 dissolu-

1887 2878 1983 2932 tio.
2013 2877 2208 2932 Anima
2239 2889 2448 2945 autem,
2480 2881 2677 2952 inquit,
2718 2900 2834 2953 qua:
2852 2887 3168 2953 peccaverit,
3197 2887 3312 2955 ipsa
3341 2903 3456 2942 mo-

1888 2970 2053 3023 rietur
2086 2971 2155 3023 ⁷⁸.
2184 2969 2471 3027 Peccatum
2508 2981 2687 3029 autem
2721 2986 2805 3030 est
2853 2991 2881 3029 a
2915 2975 3026 3032 Deo
3053 2978 3327 3043 alienatio,
3358 2979 3453 3049 qui

1887 3067 1972 3114 est
2006 3076 2131 3115 vera
2160 3061 2389 3132 solaque
2418 3062 2547 3119 vita.
2578 3062 2773 3120 Multas
2808 3064 2975 3136 igitur
3003 3081 3272 3122 annorum
3326 3082 3456 3123 cen-

235 3154 359 3227 μόνη
387 3154 515 3225 ζωή.
551 3153 764 3210 Οὐκοῦν
793 3152 996 3216 πολλὰς
1026 3150 1163 3204 ὲτῶν
1198 3150 1561 3213 ἑκατοντάδας
1582 3149 1783 3203 ἐπεϐίω

1887 3150 2062 3206 turias
2092 3159 2218 3221 post
2249 3154 2758 3222 praevaricationem
2803 3154 3031 3226 insuper
3081 3156 3216 3211 vixit
3273 3167 3458 3227 proto-

233 3246 358 3315 μετά
382 3246 479 3318 τὴν
516 3245 802 3317 παρακοὴν
830 3244 859 3296 6
892 3241 1334 3316 πρωτόπλαστος,
1352 3240 1465 3295 ἀλλ’
1485 3244 1513 3294 6
1533 3240 1664 3304 Θεὸς
1686 3240 1786 3294 οὐκ

230 3336 479 3406 ἐψεύσατο
518 3335 688 3390 είπὼν
711 3354 726 3367 ·
763 3337 860 3388 Ἐν
885 3329 927 3407 ᾖ
958 3333 1035 3388 ἂν
1065 3333 1254 3403 ἡμέρᾳ
1279 3333 1522 3403 φάγητε,
1556 3332 1786 3396 θανάτῳ

228 3427 635 3484 ἀποθανεῖσθε.
670 3427 769 3481 Διά
796 3425 905 3496 γὰρ
934 3423 1028 3479 τοῦ
1061 3423 1484 3496 ἀλλοτριωθῆναι
1508 3423 1667 3478 αὑτὸν
1689 3424 1787 3496 τῆς

228 3514 384 3582 ὅντως
413 3518 557 3591 ζωῆς
578 3558 595 3584 ,
640 3516 951 3589 αὐθημερὸν
993 3513 1246 3586 ἐκυρώθη
1274 3516 1394 3568 κατ’
1439 3513 1602 3569 αὐτοῦ
1626 3515 1660 3584 ἠ
1693 3513 1785 3568 τοῦ

229 3608 443 3665 θανάτου
473 3612 770 3680 ἀπόφασις.
813 3607 965 3663 Μετά
1008 3607 1182 3662 ταῦτα
1225 3606 1283 3660 δὲ
1317 3605 1527 3678 χρόνοις
1561 3605 1786 3678 ὕστερον

229 3699 314 3752 καὶ
334 3702 363 3754 6
387 3699 696 3773 σωματικὺς
713 3697 794 3770 τῷ
827 3696 998 3768 Ἀδὰμ
1021 3695 1423 3768 ἐπηκολούθησε
1447 3695 1691 3760 θάνατος.
1727 3697 1786 3750 Ὀ

225 3787 394 3844 τοίνυν
441 3792 525 3845 διὰ
569 3791 730 3845 τοῦτο
775 3790 966 3857 ἐλθὼν,
1003 3790 1090 3843 ἵνα
1127 3787 1339 3863 ζητήσῃ
1390 3790 1486 3843 καὶ
1533 3787 1681 3860 σώσῃ
1726 3787 1787 3841 τὸ

225 3877 511 3948 ἀπολωλὸς,
541 3883 678 3953 ὅπερ
710 3881 770 3935 ὲν
804 3883 870 3952 τῇ
901 3880 1188 3953 παραϐολῇ
1219 3881 1248 3933 6
1279 3879 1480 3950 ποιμὴν
1517 3877 1786 3949 πρόϐατον

226 3966 473 4038 ὀνομάζει
493 3987 509 4001 ·
543 3971 638 4024 καὶ
673 3970 919 4041 εὑρίσκει
950 3970 1012 4023 τὸ
1059 3968 1339 4033 ἀπολωλὸς
1366 4010 1381 4037 ,
1416 3969 1510 4023 καὶ
1543 3968 1787 4039 ἀναλαμ-

226 4054 372 4112 ϐἀνει
402 4063 494 4115 ἐπὶ
524 4061 634 4116 τῶν
667 4062 813 4116 ἰδίων
838 4061 1004 4132 ὤμων
1032 4061 1152 4115 ὅλον
1180 4061 1242 4114 τὸ
1267 4060 1558 4132 πρόϐατον,
1592 4060 1651 4115 οὐ
1688 4060 1785 4131 μό·-

226 4164 319 4220 νην
342 4150 441 4225 τὴν
467 4152 561 4207 τοῦ
597 4153 873 4225 προϐάτου
903 4153 1095 4225 δορὰν·
1138 4155 1225 4209 ἵνα
1253 4155 1438 4225 ἄρτιον
1465 4155 1668 4227 ποιήσῃ
1694 4153 1786 4207 τὸν

225 4238 312 4293 τοῦ
338 4240 474 4297 Θεοῦ
497 4244 811 4317 ἄνθρωπον,
843 4243 931 4298 διά
957 4244 1136 4316 ψυχῆς
1158 4261 1219 4298 τε
1247 4246 1341 4298 καὶ
1376 4242 1626 4315 σώματος
1654 4245 1786 4299 ἀνα-

228 4332 486 4400 ιραθέντα
515 4335 654 4408 πρὸς
681 4336 781 4409 τὴν
804 4334 1055 4405 θεότητα.
1088 4335 1198 4390 Καὶ
1223 4334 1396 4400 οὕτως
1422 4334 1573 4390 οὐδὲν
1602 4334 1784 4406 ἀφῆκε

230 4419 320 4491 τῆς
338 4423 555 4495 φύσεως
585 4426 744 4499 ἡμῶν
770 4426 799 4479 ὃ
826 4427 927 4481 οὐκ
956 4425 1216 4481 ἀνέλαϐεν
1251 4428 1281 4481 6
1313 4425 1454 4481 κατά
1481 4425 1661 4482 πάντα
1689 4442 1786 4479 πε-

229 4515 545 4585 πειραμένος
575 4515 697 4571 καθ’
730 4516 1023 4588 ὁμοιότητα
1045 4557 1059 4579 ,
1092 4516 1262 4588 χωρὶς
1294 4517 1587 4588 ἁμαρτίας.
1635 4517 1700 4571 Ἦ
1725 4515 1784 4572 δὲ

224 4599 357 4674 ψυχὴ
389 4606 640 4680 ἁμαρτία
668 4607 770 4661 οὐκ
808 4606 976 4672 ἐστιν,
1001 4606 1137 4662 ἀλλά
1173 4607 1394 4679 δεκτικὴ
1417 4608 1691 4681 ἁμαρτίας
1727 4607 1788 4673 ἐξ

222 4694 472 4765 ἀϐουλίας
490 4700 715 4770 ἐγένετο
730 4738 746 4765 ,
772 4699 840 4772 ἢν
863 4699 953 4754 διά
978 4696 1137 4753 τοῦτο
1168 4698 1388 4768 ἁγιάζει
1424 4698 1513 4753 διὰ
1533 4698 1632 4770 τῆς
1653 4698 1791 4772 πρὸς

222 4783 405 4844 ἑαυτὸν
448 4791 843 4863 ἀνακράσεως·
872 4789 960 4844 ἵνα
985 4792 1053 4862 τῇ
1081 4790 1302 4862 ἀπαρχῇ
1338 4788 1460 4845 ὅλον
1483 4788 1789 4863 ωναγιάσῃ

218 4874 545 4954 τδφΰραμα.
581 4877 660 4938 Ui)
682 4882 850 4954 χάριν
883 4882 977 4936 καὶ
1000 4883 1030 4935 6
1060 4880 1289 4950 ἄγγελος
1317 4880 1535 4952 μηνύων
1556 4880 1635 4951 τῷ
1674 4881 1789 4935 Ἰω-

219 4968 445 5045 “nm
480 4975 590 5030 τῶν
622 4973 835 5046 ἐχθρῶν
877 4972 972 5028 τοῦ
1014 4973 1220 5045 Κυρίου
1258 4971 1567 5039 ἀπώλειαν,
1595 4972 1784 5044 φησιν,

216 5056 290 5111 ὅτι
317 5064 700 5133 Τεθνήκασιν
720 5066 775 5120 οι
797 5062 1111 5132 ζητοῦντες
1138 5061 1254 5132 τὴν
1280 5062 1495 5133 ψυχὴν
1520 5062 1627 5117 τοῦ
1652 5077 1788 5115 παι-

212 5145 361 5205 δίου.
388 5155 505 5208 Καὶ
544 5157 573 5209 6
606 5153 813 5227 Κύριος
844 5151 982 5224 πρὸς
1013 5152 1139 5217 τοὺς
1174 5152 1458 5215 Ἰουδαίους
1499 5150 1669 5220 λέγει,
1703 5150 1786 5204 ὅτι

211 5241 447 5309 Ζητεῖτέ
466 5264 543 5317 με
561 5245 931 5308 ἀποκτεῖναι,
956 5243 1271 5314 ἄνθρωπον
1290 5242 1357 5310 ὃς
1377 5242 1490 5312 τὴν
1500 5240 1790 5309 ἀλήθειαν

208 5332 347 5399 ὑμῖν
388 5337 742 5406 delimata;
793 5336 1112 5408 ΙἌνθρωπος
1150 5334 1208 5390 δὲ
1255 5335 1317 5389 τὺ
1359 5335 1452 5389 τοῦ
1496 5332 1781 5407 ἀνθρώπου

213 5418 369 5491 σῶμα
388 5426 456 5478 οὐ
478 5426 719 5496 λέγεται,
742 5425 878 5481 ἀλλά
896 5426 957 5479 τὸ
973 5425 1033 5493 ἐξ
1055 5424 1379 5496 ἀμφοτέρων
1408 5425 1784 5496 συγκείμενον.

208 5508 317 5566 Καὶ
343 5519 519 5574 πάλιν
552 5521 687 5591 φησι
712 5519 849 5593 πρὸς
879 5519 1100 5581 αὐτοὺς,
1129 5517 1210 5570 ὃτι
1247 5515 1401 5586 Ἐμοί
1421 5514 1662 5586 χολᾶτε,
1698 5514 1789 5571 ὅτι

1888 3241 2096 3312 plastus
2125 3242 2309 3309 homo,
2352 3243 2447 3299 sed
2476 3243 2621 3300 Deus
2646 3261 2754 3300 non
2790 3256 2876 3303 est
2911 3248 3170 3305 mentitus
3201 3265 3325 3306 cum
3371 3249 3456 3305 di-

1888 3331 1968 3385 xit
2003 3330 2118 3399 :Kln
2147 3348 2252 3401 qua
2276 3333 2361 3387 die
2388 3335 2739 3402 comederiiis,
2776 3347 2941 3393 morte
2966 3341 3278 3395 moriemini.
3316 3340 3455 3397 Pro-

1887 3432 2070 3493 pterea
2096 3426 2246 3480 enim
2283 3428 2429 3497 quod
2462 3428 2733 3485 alienatus
2759 3429 2863 3483 fuit
2911 3438 2967 3485 et
2998 3446 3224 3488 aversus
3262 3434 3377 3503 ipse
3424 3449 3456 3489 a
3556 3490 3573 3511 ,

1886 3530 2016 3571 vera
2047 3517 2158 3571 vita
2185 3558 2200 3581 ,
2229 3517 2350 3588 ipso
2393 3518 2480 3574 die
2526 3520 2738 3575 (innata
2789 3528 2846 3576 et
2890 3530 3002 3576 rata
3066 3522 3164 3578 iuit
3193 3526 3455 3580 adversus

1848 3623 2010 3675 ,eum
2039 3608 2235 3664 mortis
2257 3611 2552 3666 sententia.
2574 3609 2772 3666 Postea
2808 3626 2939 3666 vero
2962 3612 3269 3669 labentibus
3297 3617 3457 3676 annis

1886 3711 2035 3753 mors
2055 3700 2358 3769 corporalis
2391 3700 2658 3756 Adamum
2685 3714 2982 3757 consecuta
3011 3710 3115 3759 est.
3148 3703 3251 3771 Qui
3288 3704 3457 3774 igitur

1887 3797 2113 3860 propter
2152 3790 2259 3845 hoc
2291 3791 2460 3855 venit,
2493 3798 2553 3844 ut
2582 3802 2854 3862 quareret
2908 3802 2965 3848 et
3013 3802 3256 3849 servaret
3308 3796 3457 3866 quod

1887 3880 2147 3950 perierat,
2194 3880 2247 3936 id
2281 3884 2428 3951 quod
2463 3882 2519 3936 in
2552 3883 2812 3952 parabola
2862 3890 3051 3953 pastor
3082 3897 3236 3939 ovem
3273 3886 3456 3941 nomi-

1890 3978 1986 4027 nat
2037 3988 2051 4027 :
2082 3979 2138 4027 et
2171 3971 2379 4028 invenit
2409 3972 2553 4044 quod
2600 3974 2871 4044 perierat,
2915 3981 2971 4029 et
3018 3988 3184 4045 super
3215 3974 3458 4034 humeris

1886 4060 2001 4115 suis
2031 4067 2196 4116 totam
2227 4063 2462 4118 assumit
2492 4078 2671 4128 ovem,
2703 4079 2814 4119 non
2846 4063 3020 4120 solam
3065 4065 3185 4119 ovis
3221 4067 3454 4136 pellem:

1886 4158 1946 4205 ut
1971 4150 2241 4223 integrum
2278 4151 2371 4206 Dei
2410 4152 2688 4208 hominem
2721 4152 2974 4208 redderet
3006 4155 3190 4209 animo
3232 4162 3288 4209 ct
3332 4169 3454 4212 coro

1887 4252 2017 4310 pore
2047 4240 2114 4295 ad
2140 4240 2479 4296 divinitatem
2513 4248 2956 4313 retemperatum,
2987 4251 3042 4299 et
3071 4244 3145 4298 ita
3191 4244 3328 4301 nihil
3359 4260 3460 4305 na-

1885 4339 2021 4385 turae
2067 4336 2272 4385 nostra;
2300 4328 2531 4395 dimisit,
2567 4331 2716 4403 quod
2752 4346 2861 4387 non
2919 4332 3011 4389 ille
3070 4336 3458 4406 assumpserit,

1886 4418 1979 4490 qui
2010 4433 2108 4489 per
2130 4419 2313 4474 omnia
2350 4426 2594 4479 tentatus
2631 4429 2717 4478 est
2745 4436 2842 4494 per
2879 4421 3287 4483 similitudinem
3334 4427 3452 4484 abs.

1888 4525 1995 4581 que
2016 4519 2243 4583 peccato
2262 4511 2332 4566 “.
2372 4512 2569 4568 Anima
2626 4523 2807 4571 autem
2867 4529 2979 4571 non
3033 4523 3117 4571 est
3151 4526 3459 4589 peccatum,

1888 4601 1984 4657 sed
2016 4603 2225 4673 peccati
2271 4618 2367 4675 per
2396 4604 2821 4675 imprudentiam
2879 4614 2933 4662 et
2965 4607 3181 4664 consilii
3220 4609 3460 4679 inopiam

1888 4705 2059 4763 capax
2104 4691 2247 4749 facta
2273 4700 2379 4760 est,
2425 4708 2588 4764 quam
2622 4704 2910 4765 propterea
2955 4708 3055 4767 per
3109 4695 3458 4767 temperatio-

1889 4798 2015 4839 nem
2046 4783 2163 4840 sive
2195 4784 2264 4840 ad
2299 4786 2542 4857 seipsum
2574 4785 3008 4858 assumptionem
3042 4785 3370 4850 sanctiﬁcat,
3399 4793 3461 4842 ut

1890 4890 1989 4946 per
2012 4875 2285 4948 primitias
2311 4885 2481 4933 totam
2514 4878 2821 4935 sanctiﬁcet
2854 4893 3111 4935 massam.
3136 4877 3307 4949 Cujus
3334 4893 3459 4950 gra-

1886 4968 1962 5025 tia
2022 4967 2184 5023 etiam
2246 4969 2471 5040 angelus
2525 4968 2767 5041 Josepho
2828 4969 3176 5026 inimicorum
3244 4969 3460 5027 Domini

1886 5057 2154 5113 nuntians
2184 5058 2485 5126 interitum,
2518 5061 2615 5126 ait,
2646 5062 2794 5132 quod
2824 5060 3026 5117 Hortari
3049 5073 3171 5119 sunt
3200 5064 3292 5136 qui
3313 5078 3458 5134 qua-

1889 5149 2074 5205 rebnnt
2111 5151 2344 5205 animam
2370 5152 2518 5220 pueri
2537 5152 2605 5208 ".
2641 5152 2709 5207 Et
2734 5152 2997 5211 Dominus
3026 5153 3094 5209 ad
3121 5153 3340 5211 Judaeos
3372 5154 3458 5210 di-

1891 5242 2006 5297 cit:
2039 5242 2289 5310 Qumritis
2324 5260 2403 5298 me
2437 5245 2748 5315 interﬁcere,
2772 5247 3030 5301 hominem
3066 5248 3156 5317 qui
3187 5249 3459 5303 veritatem

1887 5335 2092 5390 locutus
2122 5350 2237 5389 sum
2268 5336 2410 5391 vobis
2430 5336 2513 5391 ηι
2542 5338 2703 5392 homo
2738 5346 2919 5393 autem
2970 5338 3209 5395 hominis
3257 5353 3460 5410 corpus

1892 5441 2000 5482 non
2037 5426 2257 5493 dicitur,
2284 5427 2377 5482 sed
2407 5428 2552 5499 quod
2580 5444 2642 5484 ex
2673 5429 2940 5486 ambobus
2975 5438 3210 5488 constat.
3242 5430 3309 5487 Et
3361 5433 3464 5488 ite~

1893 5531 2015 5573 rum
2058 5516 2124 5573 ad
2155 5532 2251 5574 eos
2283 5517 2448 5573 dicit:
2486 5516 2626 5573 Mihi
2655 5522 2967 5577 succensetit
3007 5522 3132 5594 quia
3173 5530 3338 5578 totum
3368 5520 3460 5578 'to-

276 5692 327 5724 "
368 5695 577 5755 Bacch.
605 5698 871 5765 smnio.
945 5701 993 5735 ι’
1033 5698 1198 5756 Hebr.
1239 5715 1310 5765 iv,
1358 5698 1444 5754 l5.
1520 5698 1560 5732 ⁶¹
1607 5695 1783 5753 Μοιιιι.

1920 5695 2012 5752 20.
2088 5699 2133 5735 ἰ
2165 5698 2324 5756 Joan.
2346 5714 2460 5765 vni,
2484 5700 2574 5756 40.
