4032 6208
747 341 849 396 διτ

2016 331 2073 387 S.
2115 330 2441 388 GREGORII
2479 330 2767 387 NYSSENI
3672 329 3736 381 iiii

745 452 940 505 minem
989 465 1178 504 sanum
1209 450 1360 519 eieci
1388 448 1444 503 in
1467 448 1692 505 sabbato
1715 448 1784 504 ³³.
1825 448 2192 505 Manifestavit
2223 465 2320 503 au-

2104 450 2192 503 ivit
2223 465 2322 503 au-
2349 455 2395 512 Α
2423 450 2572 503 ὅλον
2598 450 2911 516 ἄνθρωπον
2939 447 3076 515 ὑγιῆ
3101 442 3614 515 ἐποίησαὲνσαόϐἀτῳ.
3643 444 3736 513 ‘Eoo

747 548 857 595 tem
917 540 1087 595 totius
1150 540 1387 596 hominis
1451 541 1755 605 notionem,
1823 542 1877 595 in
1916 541 2038 596 aliis
2100 539 2316 610 quidem

748 630 1058 701 Evangeliis
1113 630 1181 685 ad
1238 646 1364 687 eum
1417 633 1511 702 qui
1549 646 1647 702 per
1685 633 1941 687 lectulum
1976 633 2032 686 in
2079 631 2318 687 medium

747 722 962 777 laxatus
991 729 1077 777 est
1105 723 1219 778 sive
1258 723 1555 787 demissus,
1590 738 1715 778 cum
1758 723 1932 777 dixit:
1966 722 2321 776 Dimittuntur

747 812 845 866 tibi
879 809 1179 877 peccata“,
1218 827 1341 882 qua:
1400 813 1593 867 anima:
1623 825 1708 869 est
1765 814 1999 869 sanatio.
2053 812 2118 865 Et
2165 812 2318 875 illud,

747 902 917 973 Surge
966 912 1017 956 et
1063 904 1276 957 ambula
1314 904 1382 971 ⁸⁸,
1439 905 1584 975 quod
1619 904 1687 958 ad
1721 919 1941 959 carnem
1976 904 2221 976 respicit.
2258 903 2323 958 Et

745 995 800 1048 in
842 994 1139 1066 Evangelia
1170 996 1472 1050 secundum
1499 994 1790 1062 Joannem,
1818 1004 2173 1067 posteaquam
2200 1012 2324 1051 cor-

745 1087 864 1156 pori
909 1074 1198 1142 sanitatem
1262 1086 1433 1151 dedit,
1488 1088 1728 1141 animam
1790 1089 1954 1143 etiam
2010 1103 2042 1142 a
2100 1088 2323 1159 pr0prio

749 1177 938 1232 morbo
960 1178 1229 1241 liberavit,
1261 1178 1317 1231 in
1363 1178 1565 1248 quibus
1598 1177 1731 1232 dicit
1762 1197 1775 1233 :
1827 1178 2006 1234 Sanus
2029 1180 2203 1248 factus
2244 1197 2320 1245 es,

748 1270 860 1324 noli
885 1270 1109 1337 amplius
1140 1285 1376 1338 peccare,
1406 1286 1471 1323 ne
1495 1271 1623 1341 quid
1654 1271 1747 1323 tibi
1770 1270 1999 1326 deterius
2022 1273 2319 1326 accidat“:

748 1363 875 1417 inde
910 1363 997 1417 ille
1026 1370 1256 1431 utraque
1284 1370 1436 1431 parte
1471 1370 1696 1420 curatus
1725 1363 1853 1427 fuit,
1900 1364 2082 1418 animo
2118 1373 2171 1418 et
2197 1379 2323 1418 cor-

747 1468 899 1523 pore.
931 1452 1023 1506 Sic
1051 1454 1215 1507 etiam
1254 1451 1319 1507 D.
1354 1451 1556 1508 Paulus
1587 1455 1683 1517 ait,
1726 1460 1790 1507 ut
1835 1452 1974 1508 duos
2013 1462 2223 1508 crearet
2267 1454 2321 1508 in

749 1545 932 1614 seipso
962 1544 1015 1597 in
1044 1559 1246 1597 novum
1283 1536 1577 1599 hominem.
1617 1542 1683 1597 Et
1718 1544 1799 1598 sic
1839 1543 1895 1597 in
1927 1551 2174 1612 tempore
2197 1558 2325 1614 pas-

749 1634 922 1690 sionis
962 1633 1229 1704 praedicit,
1265 1649 1419 1689 suam
1471 1635 1707 1687 animam
1763 1633 2070 1689 voluntarie
2120 1649 2149 1688 a
2203 1649 2326 1688 cor-

2420 540 2623 612 νέρωσε
2652 539 2707 592 δὲ
2742 539 2803 592 τὸ
2848 536 2942 590 τοῦ
2989 537 3110 590 ὅλου
3145 537 3317 608 νόημα,
3355 538 3396 589 ὲν
3433 535 3502 605 μὲν
3525 536 3604 597 τοῖς
3638 532 3736 588 ἄλλο

2421 629 2777 699 Εὑαγγελίοις
2795 669 2809 693 ,
2847 630 2982 700 πρὸς
3013 630 3102 683 τὸν
3130 629 3214 682 διὰ
3250 628 3323 700 τῆς
3352 628 3488 697 κλίνης
3515 628 3558 680 ἒν
3579 626 3636 697 τῷ
3666 624 3736 695 μὲι

2422 720 2827 792 κεχαλασμένον
2855 719 3043 783 εἰπὼν,
3064 719 3345 789 ’Ἀφέωνταί
3374 734 3460 773 σου
3483 720 3528 772 αὶ
3547 718 3735 788 ἁμαρτία

2423 815 2559 887 ὅπερ
2592 813 2775 885 ψυχῆς
2800 815 2945 866 ἐστιν
2970 814 3113 876 ἴασις
3132 829 3145 843 ·
3178 812 3256 864 καὶ
3273 811 3333 864 ὅτι
3359 812 3552 878 ’Ἐγειραι
3578 808 3651 862 καὶ
3671 823 3736 873 πει

2423 904 2591 958 enitet
2609 920 2622 935 '
2677 905 2813 974 ὅπερ
2834 905 2912 966 εἰς
2944 902 3042 973 τὴν
3076 903 3240 971 σάρκα
3273 900 3429 972 βλέπει.
3469 900 3534 951 Ἕν
3553 898 3595 951 δὲ
3615 897 3673 967 τῷ
3689 914 3736 949 κα

2435 997 2686 1065 Ἰωάννην
2708 1005 2730 1059 ,’
2757 994 2894 1066 μετὰ
2937 995 2998 1047 τὸ
3043 993 3220 1048 δοῦναι
3254 992 3328 1064 τὴν
3362 992 3522 1059 ὑγίειαν
3551 990 3610 1061 τῷ
3641 988 3736 1059 σώμ

2425 1088 2518 1140 καὶ
2549 1088 2645 1157 τὴν
2676 1086 2852 1157 ψυχὴν
2885 1085 3241 1157 ἐλευθερώσας
3266 1086 3340 1155 τῆς
3376 1084 3480 1146 ιδίας
3508 1083 3645 1145 νόσου,
3671 1083 3716 1134 ὲν

2424 1193 2611 1246 φησιν,
2638 1177 2719 1230 ὅτι
2753 1175 2953 1245 ’Υγι-ὴς
2984 1173 3243 1244 γέγονας,
3260 1171 3424 1242 μηκέτι
3448 1171 3678 1240 ἁμάρτανε
3697 1185 3708 1198 ·

2428 1267 2616 1321 τεῦθεν
2640 1270 2668 1321 ὁ
2691 1268 2758 1322 δι’
2794 1266 3116 1337 ἀμφοτέρων
3144 1263 3540 1335 τεθεραπευμένος,
3561 1261 3606 1315 ὲν
3630 1260 3736 1329 ψυχῇ

2424 1358 2566 1428 λέγω
2600 1360 2692 1413 καὶ
2725 1358 2958 1428 σώματι.
3001 1357 3156 1410 Οὕτω
3184 1357 3274 1427 γάρ
3299 1372 3404 1425 φησι
3442 1354 3516 1406 καὶ
3541 1352 3736 1414 Παῦλος,

2424 1454 2550 1516 τοὺς
2586 1451 2678 1505 δύο
2721 1451 2881 1524 κτίσῃ
2919 1452 2977 1504 ὲν
3017 1449 3195 1520 ἑαυτῷ
3223 1451 3287 1511 εἰς
3317 1449 3396 1501 ἕνα
3419 1446 3568 1500 καινὸν
3592 1444 3736 1513 ἄνθρω

2425 1544 2535 1596 Καὶ
2575 1543 2745 1607 οὕτως
2774 1545 2832 1597 ἐν
2876 1543 2954 1612 τῷ
3002 1541 3179 1613 καιρῷ
3214 1540 3290 1595 τοῦ
3332 1540 3498 1602 πάθους
3531 1536 3736 1609 προλέγει

2426 1634 2686 1698 ἑκουσίως
2717 1635 3014 1705 ἀποστῆναι
3047 1635 3144 1704 τὴν
3173 1631 3339 1686 ἑαυτοῦ
3362 1630 3509 1702 ψυχὴν
3533 1629 3622 1683 ἀπὸ
3638 1628 3716 1681 τοῦ

748 1738 880 1795 pore
908 1727 1130 1794 pr0prio
1156 1724 1458 1786 discedere,
1477 1724 1663 1778 dicens
1687 1720 1912 1777 :Nultus
1936 1724 2074 1778 tollit
2092 1726 2320 1779 animam

2104 1726 2323 1779 animum
2357 1792 2390 1796 _
2429 1724 2698 1796 σώματος,
2729 1724 2904 1793 λέγων
2924 1740 2937 1753 ’
2964 1722 3173 1789 Οὐδεὶς
3192 1723 3320 1790 αἴρει
3343 1720 3438 1789 τὴν
3457 1718 3635 1788 ψυχήν
3653 1736 3736 1787 μοι

751 1792 923 1871 meum
962 1832 995 1868 α
1016 1792 1095 1868 me
1120 1829 1139 1868 :
1162 1815 1251 1869 sed
1275 1831 1365 1885 ego
1395 1832 1530 1885 pono
1560 1816 1731 1884 ipsam
1757 1832 1789 1868 a
1818 1817 2009 1885 meipso
2035 1832 2053 1870 :
2087 1825 2320 1885 potesta-

2104 1825 2322 1871 mtesta-
2356 1792 2398 1845 Β
2425 1792 2592 1886 ἐμοῦ·
2619 1817 2758 1871 ἀλλ’
2777 1815 2891 1886 ἐγὼ
2912 1818 3106 1885 τίθημι
3126 1814 3303 1881 αὐτὴν
3322 1813 3408 1868 ἀπ’
3436 1809 3675 1881 ἐμαυτοῦ.
3706 1810 3736 1860 ‘l

751 1916 852 1960 tem
872 1906 1036 1960 habeo
1056 1906 1281 1975 ponendi
1298 1908 1532 1960 animam
1564 1922 1735 1960 meam
1762 1916 1812 1961 et
1833 1915 2141 1975 potestatem
2160 1909 2323 1963 habeo

751 2002 937 2052 iterum
971 2015 1087 2052 eam
1118 1998 1358 2053 sumendi
1380 1999 1447 2051 ⁸⁷.
1473 1999 1648 2069 Atque
1673 2001 1837 2054 etiam
1869 2000 2128 2070 propheta
2157 1999 2324 2056 David

747 2090 1049 2147 secundum
1092 2093 1272 2161 magni
1308 2090 1454 2145 Petri
1498 2092 2000 2162 interpretationem
2044 2093 2100 2146 in
2145 2092 2323 2163 ipsum

751 2183 1093 2252 prospiciens
1127 2183 1305 2236 dixit:
1349 2181 1472 2236 Non
1506 2182 1830 2252 derelinques
1878 2184 2113 2237 animam
2156 2200 2325 2238 meam

748 2270 805 2324 in
839 2269 1080 2338 inferno,
1134 2285 1294 2338 neque
1331 2267 1482 2322 dabis
1522 2278 1764 2323 sanctum
1796 2277 1947 2323 tuum
1998 2268 2172 2323 cidere
2215 2286 2328 2323 cor-

748 2363 1041 2430 ruptionem
1064 2361 1133 2415 ⁸⁸,
1190 2358 1283 2415 Sic
1317 2361 1565 2431 apostolo
1601 2359 1760 2415 Petro
1799 2358 2018 2416 eﬂ‘atum
2060 2360 2326 2430 interpre-

748 2460 899 2506 tante
980 2453 1048 2515 ",
1101 2451 1248 2523 quod
1285 2466 1462 2522 neque
1494 2451 1677 2506 anima
1731 2451 1850 2521 ejus
1896 2452 2090 2506 relicta
2137 2458 2221 2507 est
2268 2450 2321 2505 in

748 2541 1000 2602 inferno,
1058 2557 1235 2612 neque
1290 2556 1418 2596 caro
1471 2541 1646 2612 ipsius
1702 2540 1836 2595 vidit
1895 2541 2320 2612 corruptionem.

748 2632 882 2686 Nam
922 2632 1181 2686 divinitas
1215 2638 1270 2686 et
1326 2639 1453 2685 ante
1508 2646 1753 2697 carnem,
1795 2640 1850 2686 et
1906 2632 1960 2686 in
2023 2648 2206 2697 carne,
2266 2638 2321 2685 et

751 2734 873 2797 post
916 2725 1225 2796 passionem
1277 2722 1466 2779 eodem
1524 2729 1685 2778 modo
1738 2739 1797 2778 se
1832 2722 2013 2786 habet,
2071 2731 2126 2778 et
2177 2722 2322 2793 quod

746 2824 866 2873 erat
898 2827 1092 2871 natura
1127 2830 1342 2884 semper
1367 2822 1473 2877 est,
1520 2822 1574 2868 et
1609 2814 1661 2866 in
1715 2823 1980 2868 aeternum
2022 2820 2318 2883 permanet.

749 2908 808 2964 In
868 2910 1122 2979 passione
1180 2916 1359 2960 autem
1401 2907 1657 2959 humanae
1696 2913 1942 2969 naturae,
2008 2920 2104 2975 pro
2162 2906 2323 2960 nobis

747 3001 1211 3070 dispensationem
1271 2996 1528 3066 explevit,
1593 2996 1830 3049 animam
1884 2996 1950 3050 ad
2012 3005 2228 3066 tempus
2291 3011 2322 3049 a

2424 1909 2569 1963 σίαν
2605 1909 2726 1978 ἔχω
2766 1909 2954 1962 θεῖναι
2985 1907 3101 1975 τὴν
3145 1905 3337 1976 ψυχήν
3359 1921 3489 1975 μου,
3516 1902 3600 1956 καὶ
3635 1902 3736 1966 ὲξοι

2423 2001 2541 2070 ἔχω
2577 1998 2765 2054 πάλιν
2802 1999 3010 2053 λαϐεῖν
3045 1997 3255 2065 αὑτήν.
3300 1996 3440 2050 Ἀλλὰ
3475 1996 3558 2050 καὶ
3593 1996 3736 2062 ὁπρο

2424 2089 2586 2144 Δαϐὶδ
2610 2090 2752 2144 κατὰ
2778 2090 2876 2161 τὴν
2918 2088 3209 2162 ἑρμηνείαν
3241 2087 3324 2141 τοῦ
3357 2088 3565 2160 μεγάλου
3600 2086 3736 2157 Πὲτρ

2425 2180 2588 2235 αὑτὸν
2628 2179 3011 2253 προορώμενος
3041 2175 3210 2242 εἶπεν,
3250 2179 3323 2233 ὅτι
3363 2180 3471 2232 Οὐκ
3505 2177 3735 2247 ὲτκαταλ

2422 2271 2539 2340 τὴν
2566 2271 2777 2341 ψυχήν
2813 2288 2926 2336 μου
2950 2273 3037 2336 εἰς
3068 2269 3247 2338 ᾅδην,
3272 2267 3401 2324 οὐδὲ
3427 2268 3622 2335 δώσεις
3644 2268 3736 2321 τὸν

2423 2380 2539 2418 σου
2575 2363 2723 2417 ἰδεῖν
2754 2361 3081 2432 διαφθοράν
3103 2378 3116 2392 ·
3159 2361 3293 2415 οὕτω
3318 2360 3403 2414 τοῦ
3431 2358 3703 2414 ἀποστόλου
3731 2361 3735 2407 ἶ

2423 2457 2483 2509 τὸ
2510 2455 2673 2526 ῥητὸν
2705 2453 3170 2526 ἑρμηνεύσαντος,
3201 2454 3278 2506 ὅτι
3308 2451 3422 2506 οὔτε
3453 2453 3486 2521 ἡ
3510 2450 3649 2521 ψυχὴ
3679 2450 3736 2503 αἱ

2424 2545 2751 2616 κατελείφθη
2788 2546 2866 2607 εἰς
2906 2542 2998 2596 τὸν
3032 2543 3186 2614 ᾅδην.
3242 2541 3359 2595 οὔτε
3400 2543 3431 2611 ἡ
3464 2540 3594 2612 σὰρξ
3639 2541 3732 2594 αὒτ

2426 2637 2823 2709 διαφθοράν.Ἦ
2853 2635 2961 2705 γὰρ
2986 2635 3173 2704 θεότης
3219 2636 3304 2690 καὶ
3339 2634 3440 2705 πρὸ
3466 2633 3561 2703 τῆς
3597 2632 3736 2702 σαρκὶ

2424 2731 2481 2782 ὲν
2516 2732 2582 2799 τῇ
2619 2729 2783 2798 σαρκὶ
2809 2768 2823 2789 ,
2856 2727 2948 2780 καὶ
2981 2728 3119 2797 μετὰ
3145 2728 3206 2779 τὸ
3238 2725 3404 2789 πάθος
3441 2725 3525 2779 ἀεὶ
3563 2723 3736 2778 ώσαύτ

2422 2821 2450 2874 ὃ
2473 2816 2540 2892 ἦν
2563 2822 2627 2891 τῇ
2653 2820 2813 2889 φύσει
2843 2820 3072 2873 πάντοτε
3099 2816 3231 2872 οὖσα
3283 2818 3377 2872 καὶ
3410 2819 3484 2881 εἰς
3523 2818 3606 2871 ἀεὶ
3637 2817 3736 2883 διατ

2436 2911 2523 2964 Ἐν
2554 2910 2609 2964 δὲ
2633 2910 2711 2980 τῷ
2749 2910 2904 2963 πάθει
2942 2908 3042 2978 τῆς
3074 2906 3420 2980 ἀνθρωπίνης
3449 2907 3686 2975 φύσεως,
3721 2923 3736 2953 ι

2421 3005 2580 3075 ἡμῶν
2617 3002 2928 3071 οἰκονομίαν
2969 3001 3255 3070 ἐπλήρωσε
3281 3038 3297 3063 ,
3333 2997 3662 3064 διαζεύξασα
3690 2995 3736 3048 τι

748 3108 978 3162 corpore
1022 3091 1343 3160 disjungens
1384 3109 1397 3144 :
1434 3089 1528 3145 sed
1570 3104 1598 3142 a
1638 3097 1836 3144 neutro
1894 3098 2149 3159 separata
2204 3096 2317 3153 est,

2104 3099 2149 3141 la
2204 3096 2317 3153 δεῖ,
2347 3122 2390 3179 C
2425 3096 2558 3168 πρὸς
2583 3093 2772 3165 καιρὸν
2805 3095 2868 3146 ἐκ
2894 3092 2986 3146 τοῦ
3020 3091 3268 3162 σώματος
3292 3130 3307 3155 ,
3336 3086 3679 3160 χωρισθεῖσα
3712 3086 3736 3137 δ

748 3183 839 3237 cui
871 3182 1036 3239 semel
1075 3188 1485 3251 contemperata
1515 3190 1620 3236 est.
1661 3180 1728 3233 Et
1756 3180 1951 3235 iterum
2002 3179 2195 3235 dissita
2228 3193 2323 3234 co-

749 3276 976 3346 pulavit.
1011 3274 1088 3327 Ita
1127 3282 1185 3327 ut
1216 3273 1665 3342 consequentiam
1699 3279 1752 3326 et
1784 3271 2113 3341 principium
2160 3270 2322 3325 dede-

751 3367 824 3419 rit
854 3365 1005 3418 omni
1043 3364 1294 3417 humana:
1318 3370 1530 3416 naturae
1557 3362 1980 3416 resurrectionis
2010 3376 2039 3414 a
2070 3361 2320 3428 mortuis,

752 3468 811 3512 ut
846 3464 1019 3510 totum
1053 3455 1196 3524 quod
1235 3462 1320 3509 est
1355 3452 1714 3521 corruptibile
1740 3452 1929 3506 induat
1958 3452 2325 3522 incorruptio-

752 3564 896 3611 nem,
925 3555 978 3602 et
1031 3546 1177 3615 quod
1220 3545 1450 3599 mortale
1508 3552 1595 3598 est
1635 3545 2099 3599 immortalitatem
2120 3544 2187 3598 ”.
2214 3542 2323 3598 Pri-

752 3640 919 3694 mitiis
955 3638 1164 3693 nostris
1199 3652 1294 3707 per
1329 3635 1779 3707 temperationem
1814 3650 1937 3689 cum
1963 3634 2072 3690 Deo
2102 3636 2157 3690 in
2186 3634 2324 3689 divi-

750 3746 876 3787 nam
939 3740 1187 3784 naturam
1243 3727 1691 3783 translormatis:
1733 3726 1876 3781 sicut
1933 3725 2069 3780 dixit
2128 3723 2322 3780 Petrus

739 3826 884 3897 quod
916 3820 1196 3874 Dominum
1229 3819 1401 3886 ipsum
1426 3825 1475 3870 et
1504 3816 1776 3870 Christum
1825 3815 1947 3885 fecit
2006 3815 2147 3870 Deus
2186 3815 2324 3869 hunc

750 3917 920 3983 ipsum
938 3912 1142 3976 Iesum,
1171 3927 1323 3982 quem
1355 3927 1444 3965 vos
1475 3909 1619 3963 cruci
1648 3909 1919 3979 suﬁixistis
1937 3910 2006 3975 ⁹¹;
2045 3909 2324 3978 multaque

748 4022 816 4063 ex
846 4005 1154 4075 Evangeliis
1200 4003 1266 4057 ad
1296 4001 1666 4058 defensionem
1724 3999 1888 4070 hujus
1930 3999 2205 4071 opinionis
2269 4008 2323 4055 et

751 4097 1036 4153 sententiae
1082 4110 1295 4151 sumere
1354 4109 1669 4165 possumus.
1726 4093 2012 4159 Quomodo
2060 4090 2323 4148 Dominus

750 4205 847 4260 per
878 4186 1082 4242 Christi
1114 4185 1505 4241 humanitatem
1538 4183 1799 4239 mundum
1842 4182 1945 4238 sibi
1983 4181 2088 4253 ipsi
2124 4196 2323 4236 recon-

748 4282 964 4344 cilians,
999 4281 1191 4333 animae
1224 4287 1277 4333 et
1314 4278 1532 4348 corpori
1567 4275 1889 4332 beneﬁcium
1930 4289 1993 4329 ex
2028 4289 2087 4330 se
2142 4272 2323 4345 profe-

748 4382 896 4425 ctum
938 4370 1248 4425 hominibus
1286 4368 1660 4438 dispertiendo
1692 4367 1903 4432 tribuit,
1970 4366 2160 4421 volens
2195 4364 2320 4436 qui-

747 4461 870 4515 dem
899 4474 995 4529 per
1025 4460 1282 4520 animam,
1321 4458 1597 4527 attingens
1619 4470 1747 4511 vero
1778 4471 1875 4525 per
1925 4470 2119 4525 corpus
2154 4474 2167 4510 :

747 4558 893 4608 esset
922 4562 1389 4618 supervacaneum
1429 4547 1609 4601 omnia
1646 4555 2064 4616 persequentem
2100 4545 2318 4600 confer-

747 4651 859 4695 tam
895 4639 1109 4693 turbam
1137 4639 1387 4692 oratione
1415 4651 1730 4706 congerere.

818 4730 955 4785 Illud
993 4742 1173 4784 autem
1215 4742 1340 4782 cum
1400 4728 1562 4783 dictis
1619 4727 1892 4796 adjecero,
1963 4727 2030 4782 ad
2093 4743 2155 4782 ea
2195 4741 2318 4797 qua

746 4808 1002 4891 deinceps
1058 4827 1360 4889 sequuntur
1409 4833 1667 4889 pergam:
1718 4817 2000 4872 Dissolvite
2059 4819 2312 4887 templum

745 4909 839 4962 hoc
862 4917 910 4962 et
947 4908 1089 4959 intra
1121 4919 1223 4960 tres
1248 4906 1358 4961 dies
1381 4905 1621 4961 excitabo
1654 4906 1909 4972 ipsum".
1945 4905 2314 4974 Quemadmo-

744 5002 875 5054 dum
914 5014 1012 5054 nos
1039 5014 1134 5069 per
1168 5000 1407 5053 animam
1437 5004 1491 5054 et
1521 5013 1739 5068 corpus,
1766 5001 2024 5068 templum
2050 4999 2316 5055 cllicimur

747 5092 839 5146 Dei
881 5092 935 5146 in
963 5090 1123 5146 nobis
1148 5090 1447 5146 habitantis
1477 5103 1530 5147 et
1560 5092 1989 5148 inambulantis:
2025 5093 2107 5149 sic
2149 5094 2310 5149 etiam

745 5181 1006 5236 Dominus
1031 5180 1292 5250 templum
1326 5180 1592 5246 nominat,
1646 5182 1789 5252 quod
1816 5198 1880 5237 ex
1913 5190 2144 5254 utroque
2174 5196 2312 5238 con-

744 5276 930 5329 ﬂatum
960 5283 1064 5339 est,
1098 5273 1257 5343 cujus
1281 5275 1480 5330 solutio
1511 5276 1706 5330 anima:
1733 5290 1761 5329 a
1808 5290 2040 5346 corpore
2069 5276 2311 5331 dissolu-

2426 3204 2519 3258 ρου
2556 3179 2600 3254 ᾧ
2638 3184 2787 3249 ἅπαξ
2824 3182 3197 3254 συνανεκράθη
3219 3222 3233 3243 ,
3286 3180 3386 3234 καὶ
3422 3179 3588 3233 πάλιν
3636 3176 3706 3229 τὰ

2427 3277 2712 3347 συνάψασα
2731 3317 2745 3340 ,
2787 3276 2927 3329 ὥστε
2957 3274 3280 3330 ἀκολουθίαν
3311 3273 3411 3326 καὶ
3444 3271 3629 3343 ἀρχὴν
3656 3270 3736 3323 δοῖ

2425 3372 2492 3440 τῇ
2517 3368 2834 3440 ἀνθρωπίνῃ
2868 3367 3026 3438 φύσει
3054 3368 3149 3438 τῆς
3174 3369 3239 3419 ὲκ
3263 3364 3485 3437 νεκρῶν
3519 3363 3736 3417 ἁναστό

2421 3461 2483 3514 τὸ
2510 3459 2746 3531 φθαρτὸν
2771 3459 2914 3514 ἅπαν
2942 3458 3227 3529 ἐνδύσηται
3257 3455 3613 3527 ἀφθαρσίαν,
3642 3456 3736 3508 καλ

2423 3551 2521 3621 τὴν
2551 3550 2849 3605 ἀθανασίαν
2872 3567 2888 3581 ο
2915 3553 3013 3621 τῆς
3045 3549 3310 3620 ἀπαρχῆς
3336 3546 3508 3618 ἡμῶν
3536 3545 3632 3600 διὰ
3667 3546 3736 3614 “cii

2423 3645 2556 3699 Θεὸν
2595 3644 2950 3716 ἀνακράσεως
3018 3644 3098 3707 εἱς
3134 3642 3291 3695 θείαν
3326 3640 3506 3709 φύσιν
3544 3656 3736 3710 μεταπ

2426 3735 2606 3799 καθὼς
2633 3731 2784 3789 εἶπεν
2815 3737 2843 3788 ὁ
2879 3735 3083 3808 Πέτρος
3103 3774 3117 3800 ,
3151 3734 3235 3787 ὅτι
3271 3733 3518 3801 Κύριον
3552 3729 3735 3784 αὺτόι

2423 3827 2574 3882 στὸν
2621 3827 2913 3896 ἐποίησεν
2942 3829 2974 3880 ό
3032 3825 3211 3891 Θεὸς,
3253 3824 3505 3878 τοῦτον
3537 3823 3661 3876 τὸν
3732 3824 3733 3829 “

2422 3918 2590 3988 ὑμεῖς
2612 3918 3033 3985 ἐσταυρώσατε
3052 3932 3067 3947 ·
3095 3915 3191 3970 καὶ
3217 3914 3415 3969 πολλὰ
3450 3914 3564 3967 τοῦ
3587 3930 3736 3966 τοιοι

2422 4027 2514 4074 τος
2573 4011 2637 4063 ἐκ
2662 4008 2769 4063 τῶν
2806 4009 2975 4078 ἁγίων
3009 4007 3390 4077 Εὑαγγελίων
3432 4006 3605 4061 ἐστιν
3641 4006 3734 4068 εἰς

2421 4100 2629 4154 λαϐεῖν·
2663 4099 2777 4164 πῶς
2803 4102 2831 4153 ὁ
2862 4099 3065 4171 Κύριος
3091 4100 3169 4170 τῷ
3205 4092 3691 4170 κατὰλΧριο-τδν
3733 4125 3736 4145 ο

2421 4190 2510 4242 τὸν
2538 4189 2739 4260 κόσμον
2776 4187 2949 4259 ἑαυτῷ
2979 4186 3407 4241 καταλλάσσων
3433 4229 3450 4253 ,
3485 4187 3605 4239 ἐπε
3618 4186 3734 4257 μὲρ

2420 4297 2479 4332 τε
2510 4280 2605 4331 καὶ
2632 4278 2710 4349 τῷ
2730 4277 2935 4349 σώματι
2968 4277 3064 4347 τὴν
3103 4279 3239 4348 παρ’
3263 4277 3469 4331 αὐτοῦ
3496 4276 3733 4347 γινομὲ

2423 4366 2663 4439 θρώποις
2691 4366 3037 4439 εὐεργεσίαν
3075 4366 3255 4419 θέλων
3303 4366 3430 4435 μὲν
3467 4364 3583 4418 διὰ
3612 4365 3736 4434 τῆς

2223 4454 2315 4510 sed
2352 4459 2394 4513 D
2422 4458 2724 4529 απτόμενος
2753 4458 2810 4512 δὲ
2830 4458 2919 4512 διὰ
2943 4454 3035 4511 τοῦ
3064 4458 3343 4528 σώματος
3362 4474 3379 4487 ·
3422 4457 3595 4511 ἀλλὰ
3628 4475 3736 4527 πες

2426 4550 2602 4604 πάντα
2629 4550 2890 4615 διεξιόντα
2915 4590 2930 4614 ,
2965 4550 3540 4621 ὄχλονλὲπεισάγειν
3568 4549 3672 4619 τῷ
3700 4549 3736 4600 λ

2504 4726 2708 4780 Ἐκεῖνο
2738 4726 2795 4780 δὲ
2833 4728 2944 4789 τοῖς
2973 4725 3311 4798 εἰρημένοις
3350 4723 3460 4778 ἔτι
3509 4723 3736 4796 προσ-θ

2420 4818 2615 4889 ἑφεξῆς
2647 4817 3042 4888 μεταόήσομαι·
3069 4818 3346 4872 Λύσατε
3372 4816 3519 4871 τὸν
3552 4815 3734 4869 ναὸς

2420 4911 2490 4964 ἐν
2516 4912 2713 4979 τρισὶν
2749 4910 2993 4980 ἡμέραις
3023 4909 3207 4981 ἐγερῶ
3242 4909 3531 4963 αὐτόν.
3594 4909 3733 4960 "(Ic

2419 5001 2594 5073 ψυχῆς
2635 5001 2729 5056 καὶ
2776 5000 3023 5073 σώματος
3080 5002 3209 5065 ναὸς
3253 4997 3636 5071 γινόμεθα
3674 5016 3736 5051 τι

2422 5095 2478 5146 ὲν
2516 5095 2649 5163 ἡμῖν
2679 5092 2772 5146 καὶ
2815 5090 3366 5165 ὲμπεριπατοῦντος
3408 5129 3429 5153 ,
3475 5088 3728 5152 οὕτως

2419 5184 2543 5239 ναὸν
2574 5183 2827 5254 ὀνομάζει
2856 5183 2916 5236 τὸ
2949 5182 3458 5254 συναμφότερον,
3507 5173 3598 5234 οὗ
3659 5184 3706 5249 ἡ

2417 5276 2597 5346 ψυχῆς
2621 5278 2686 5329 ὲκ
2710 5276 2803 5330 τοῦ
2833 5270 3083 5346 σώματος
3115 5275 3451 5345 σημαίνει
3485 5272 3709 5327 διάλυ

747 5370 947 5422 tionem
973 5365 1265 5435 signiﬁcat.
1300 5366 1454 5432 Quod
1482 5369 1528 5423 si
1558 5366 1835 5438 Evangelii
1884 5382 2073 5423 vocem
2134 5366 2315 5438 profe-

2134 5366 2315 5438 profe—
2415 5365 2636 5435 φέρουσι
2668 5366 2766 5436 τὴν
2809 5366 2902 5419 τοῦ
2943 5363 3310 5433 Εὐαγγελξου
3385 5362 3690 5433 φωνὴν.

745 5466 887 5525 rant,
930 5458 998 5513 Et
1042 5460 1262 5516 Verbum
1317 5474 1442 5514 caro
1496 5460 1696 5529 factum
1734 5459 1905 5529 est”,
1947 5459 2103 5533 quasi
2165 5452 2312 5513 nulla

2165 5452 2312 5513 nulla
2414 5456 2571 5525 σὰρξ
2612 5457 2882 5527 ἐγένετο,
2921 5457 2997 5522 ώς
3043 5457 3131 5510 διὰ
3172 5456 3291 5510 τοῦ
3360 5457 3471 5528 μὴ
3552 5474 3704 5527 cup

815 5656 861 5687 ⁸³
886 5653 1046 5709 Joan.
1080 5670 1173 5717 vn,
1201 5656 1273 5708 ΞΟ
1303 5672 1424 5726 sqq.

744 5728 833 5782 10.
908 5726 954 5759 ⁶⁹
982 5726 1105 5778 Act.
1141 5739 1203 5790 ιι,
1240 5726 1329 5779 27.
1354 5723 1363 5726 ’
1388 5723 1451 5759 ’θο
1493 5726 1511 5783 Ι
1541 5726 1668 5782 Cor.
1695 5741 1782 5793 xv,
1821 5723 1908 5779 53.

1498 5654 1543 5687 “
1570 5655 1759 5709 Matth.
1789 5670 1866 5713 ις.
1888 5654 1943 5709 2.
2020 5653 2065 5685 ⁸⁸
2098 5652 2230 5706 Luc.
2256 5667 2308 5714 v,
2339 5651 2405 5722 l8
2431 5667 2553 5722 sqq.

1985 5725 2028 5757 ’ί
2058 5723 2181 5778 Act.
2212 5736 2275 5789 ιι,
2301 5720 2389 5778 ‘56.
2465 5720 2695 5778 "'Joan.
2725 5736 2786 5787 ιι,
2820 5722 2901 5778 19.
2978 5724 3023 5755 ’³
3056 5720 3219 5779 Joan.
3276 5738 3333 5791 ι,
3395 5720 3524 5778 14.

2632 5649 2852 5704 "Joan.
2880 5668 2932 5717 ν,
2960 5651 3047 5705 14.
3124 5652 3168 5683 ⁸⁷
3208 5650 3443 5707 Joan.
3484 5667 3569 5717 ι,
3606 5650 3686 5706 15
