4032 6208
297 300 375 355 5l9
1409 307 1684 376 CONTRA
1714 310 2098 381 EUNOMIUM,
2139 314 2263 371 LIB.
2309 315 2369 371 ll.

3418 322 3523 379 550

296 415 369 466 καὶ
498 412 696 485 ψυχὴν,
717 417 1214 483 κατασκευάζεσθαι
1233 419 1291 471 τὸ
1308 422 1510 493 ἄψυχον
1529 425 1824 497 άνειλῆφθα

1950 432 2146 487 animae
2176 432 2316 487 facta
2355 436 2890 502 commemoratione,
2915 450 3047 490 caro
3075 438 3271 493 animae
3323 452 3520 511 expers

295 504 372 574 τὴν
413 505 626 577 σάρκα·
678 508 997 578 μαθέτωσαν
1034 512 1114 564 ὅτι
1168 511 1393 584 σύνηθές
1438 517 1555 569 ἐστι
1604 519 1670 589 τῇ
1716 519 1828 590 ἀγίς

1948 529 2226 590 assumpta
2256 521 2441 589 fuerit,
2474 523 2691 579 discant
2722 525 2773 579 id
2823 540 2995 582 sacrae
3030 526 3327 599 Scriptura:
3361 504 3516 586 fami-

294 598 457 669 Γραφῇ
534 598 613 669 τῷ
641 600 796 670 μέρει
825 604 1360 677 συμπεριλαμϐάνειν
1387 607 1447 660 τὸ
1470 608 1609 663 ὅλον.
1651 611 1709 664 '0
1736 612 1845 684 γὰρ

292 692 467 755 είπὼν,
491 693 576 745 ὃτι
606 693 763 761 Πρὸς
798 694 874 746 σὲ
904 693 1073 750 πᾶσα
1117 698 1274 766 σὰρξ
1307 698 1439 765 ἥξει
1464 742 1478 764 ,
1518 702 1579 754 οὐ
1618 718 1845 774 κεχωρι-

292 781 470 855 σμένην
498 784 610 837 τῶν
642 784 833 855 ψυχῶν
871 786 970 858 τὴν
1020 788 1201 859 σάρκα
1248 790 1397 858 λέγει
1429 790 1507 862 τῷ
1533 790 1701 864 Κριτῇ
1735 811 1843 848 πα-

289 874 649 944 ραστήσεσθαι.
692 876 802 929 Καὶ
837 876 929 929 τὸν
968 877 1161 930 Ἰακὼό
1192 881 1249 932 ὲν
1275 881 1645 953 ἑϐδομήκοντα
1680 884 1839 937 πέντε

284 963 457 1035 ψυχαῖς
484 965 583 1019 ἐπὶ
619 966 719 1036 τὴν
740 968 1013 1037 Αἴγυπτον
1047 972 1359 1027 καταϐάντα
1394 974 1545 1046 παρά
1564 975 1663 1045 τῆς
1699 977 1841 1029 ιστο-

284 1055 384 1128 ρίας
418 1055 773 1123 ἀκούσαντες,
817 1058 912 1111 καὶ
960 1060 1058 1130 τὴν
1099 1062 1277 1133 σάρκα
1328 1065 1467 1134 μετὰ
1496 1065 1604 1118 τῶν
1650 1066 1839 1136 ψυχῶν

280 1148 579 1217 ἐνθήσαμεν.
616 1147 805 1213 Οῦτως
833 1146 926 1203 οὖν
960 1152 1054 1204 καὶ⁹
1075 1154 1104 1205 ὁ
1130 1153 1303 1221 Λόγος
1331 1154 1469 1225 σὰρξ
1508 1155 1796 1227 γενόμενος
1817 1197 1832 1221 ν

277 1239 390 1307 ὃλην
419 1238 555 1308 μετὰ
581 1240 679 1310 τῆς
716 1241 920 1311 σαρκὸς
953 1241 1051 1312 τὴν
1081 1243 1432 1316 ἀνθρωπίνην
1471 1247 1701 1301 ἀνέλαϐε
1735 1249 1835 1316 φύ-

276 1344 361 1379 σιν.
400 1327 558 1380 Ὅθεν
583 1329 677 1381 καὶ
703 1329 762 1382 τὸ
791 1334 980 1402 πεινῇν
1006 1332 1179 1385 καὶτὸ
1203 1334 1381 1406 διψῇν,
1409 1335 1507 1390 καὶ¹
1556 1338 1614 1390 τὸ
1634 1338 1833 1409 δειλιᾷν

270 1416 348 1468 καὶ
379 1416 439 1469 τὸ
460 1416 769 1485 φοϐεῖσθαι,
800 1420 894 1472 καὶ
921 1420 981 1473 τὸ
1003 1420 1312 1492 ἐπιθυμεῖν,
1335 1423 1426 1476 καὶ
1446 1424 1507 1477 τὸ
1530 1424 1830 1492 καθεύδειν,

270 1510 345 1562 καὶ
376 1507 437 1561 τὸ
481 1509 865 1579 ταράττεσθαι,
896 1510 992 1565 καὶ
1029 1512 1089 1565 τὸ
1116 1513 1393 1585 δακρύειν,
1429 1515 1520 1568 καὶ
1551 1516 1728 1572 πάντα
1763 1519 1831 1573 τά

265 1601 476 1656 τοιαῦτα
502 1600 769 1669 γίνεσθαι,
802 1604 860 1654 ὲν
894 1602 1044 1674 αὑτῷ
1069 1603 1253 1675 χώραν
1283 1604 1438 1676 ἔσχεν
1462 1619 1478 1636 ο
1509 1606 1631 1660 οὔτε
1660 1607 1769 1680 γάρ
1793 1612 1826 1682 ἡ

1945 611 2080 667 liare
2099 627 2243 678 esse,
2280 622 2435 683 parte
2473 614 2654 685 aliqua
2691 624 2864 671 totum
2897 620 3206 689 complecti.
3238 620 3342 687 Qui
3369 623 3515 678 enim

1944 703 2100 768 dixit,
2132 704 2212 759 Ad
2249 714 2296 758 te
2320 707 2488 760 omnis
2523 723 2647 761 caro
2674 706 2917 774 ueniet”,
2949 724 3059 765 non
3107 720 3413 783 separatam
3449 714 3519 768 ab

1942 796 2142 851 animis
2174 811 2417 865 carnem,
2450 798 2515 854 ad
2546 799 2787 869 judicem
2836 809 3126 857 venturam
3180 821 3303 861 esse
3360 806 3513 860 dicit.

1942 880 2007 937 Et
2035 882 2205 939 Jacob
2233 899 2357 939 cum
2399 888 2744 959 septuaginta
2775 890 2977 945 animis
3008 890 3062 945 in
3096 890 3389 963 Egyptum
3420 893 3516 950 de-

1942 970 2226 1026 scendisse
2251 1012 2265 1036 ,
2304 988 2369 1028 ex
2412 974 2658 1031 historiis
2703 992 2806 1032 nos
2837 978 2929 1049 qui
2971 980 3313 1044 audimus",
3349 983 3514 1041 etiam

1938 1073 2158 1114 carnem
2190 1076 2311 1115 cum
2341 1062 2539 1121 animis
2569 1065 2940 1136 intelligimus.
2970 1065 3061 1122 Sic
3092 1071 3254 1124 etiam
3275 1069 3514 1127 Verbum

1937 1164 2068 1205 caro
2105 1151 2310 1206 factum
2354 1161 2523 1209 totam
2556 1171 2679 1210 cum
2716 1172 2881 1212 carne
2933 1159 3225 1216 humanam
3261 1171 3512 1220 naturam

1936 1243 2255 1311 assumpsit.
2294 1242 2447 1299 Unde
2512 1253 2569 1298 et
2612 1247 2827 1302 esurire
2877 1256 2933 1303 et
2986 1250 3159 1316 sitire,
3196 1252 3511 1317 formidare.

1934 1334 2308 1400 extimescere,
2333 1338 2741 1409 concupiscere,
2764 1340 3191 1411 obdormiscere,
3220 1347 3427 1401 turbari
3461 1355 3517 1403 et.

1931 1425 2283 1498 illacrymari,
2328 1438 2379 1484 ct
2416 1446 2537 1500 quae
2598 1440 2727 1486 sunt
2777 1433 3046 1502 ejusmodi
3104 1437 3160 1490 in
3215 1453 3281 1493 eo
3329 1439 3510 1493 locum

1931 1515 2237 1573 habuerunt
2295 1537 2308 1574 :
2368 1535 2545 1591 neque
2573 1522 2717 1577 enim
2754 1522 3014 1580 divinitas
3056 1528 3275 1597 propria
3317 1541 3515 1586 natura

1930 1607 2065 1663 tales
2113 1608 2341 1666 affectus
2391 1614 2652 1682 suscipit;
2700 1630 2877 1686 neque
2932 1631 3061 1672 caro
3090 1634 3188 1688 per
3222 1634 3282 1675 se
3310 1620 3364 1674 in
3403 1619 3512 1675 illis

265 1690 440 1760 θεότης
472 1694 620 1743 κατά
654 1690 754 1761 τὴν
787 1691 922 1745 ίδίαν
956 1691 1116 1760 φύσιν
1165 1711 1216 1746 τι
1247 1693 1484 1749 τοιοῦτον
1511 1697 1825 1767 ἀναδέχεται

1930 1705 2029 1762 est,
2058 1699 2104 1752 si
2136 1700 2314 1755 anima
2346 1717 2469 1757 cum
2510 1718 2737 1774 corpure
2769 1721 2879 1760 non
2907 1715 2992 1761 est
3018 1709 3330 1779 conjuncta.

269 1779 441 1842 πάθος,
479 1779 607 1832 οὔτε
647 1779 769 1834 καθ’
801 1781 1002 1853 ἑαυτὴν
1025 1782 1057 1853 ἡ
1084 1780 1221 1852 σὰρξ
1253 1784 1310 1836 ὲν
1340 1784 1569 1850 ἐκείνοις
1593 1786 1823 1855 γίνεται,
1860 1773 1900 1827 Β

270 1869 332 1940 μὴ
353 1867 534 1939 ψυχῆς
570 1867 1048 1940 συνδιατιθεμένης
1068 1869 1146 1941 τῷ
1169 1870 1400 1942 σώματι.

327 1962 428 2013 Καὶ
461 1961 590 2031 περὶ
622 1960 721 2031 μὲν
764 1961 861 2031 τῆς
892 1963 972 2024 είς
1018 1961 1109 2015 τὸν
1156 1963 1282 2017 Υίὸν
1329 1963 1673 2039 βλασφημίας
1704 1982 1827 2019 τοσ-

271 2052 419 2105 αῦταο
456 2051 657 2123 ἴδωμεν
690 2051 747 2105 δὲ
775 2053 870 2105 καὶ
897 2052 999 2106 ὅσα
1025 2054 1154 2126 περὶ
1190 2054 1284 2107 τοῦ
1326 2054 1482 2123 άγίου
1515 2054 1829 2126 Πνεύματος

267 2143 603 2214 διεξέρχεται.
660 2143 817 2198 Μετά
865 2144 1042 2209 τοῦτο,
1082 2147 1471 2216 Πιστεύομεν,
1520 2148 1701 2217 φησὶν,
1742 2151 1830 2214 εὶς

268 2234 359 2288 τὸν
391 2234 792 2304 Παράκλητον
830 2236 898 2289 τὸ
941 2237 1186 2307 Πνεῦμα
1219 2237 1329 2307 τῆς
1365 2240 1670 2307 ἀληθείας.
1689 2239 1829 2309 Ἐγὼ

267 2324 314 2379 δὲ
338 2325 487 2395 δῆλον
516 2322 676 2397 οἶμαι
710 2327 876 2380 πᾶσιν
902 2322 1044 2381 εἶναι
1081 2330 1194 2391 τοῖς
1225 2329 1662 2399 ἐντυγχάνουσιν,
1694 2330 1828 2401 πρὸς

270 2418 296 2468 ὃ
337 2434 384 2469 τι
415 2417 632 2488 βλέπων
667 2419 1009 2490 παρατρέπει
1033 2418 1131 2490 τὴν
1160 2419 1264 2473 ὑπὸ
1294 2419 1387 2473 τοῦ
1417 2422 1620 2491 Κυρίου
1656 2438 1830 2493 παρα-

268 2509 492 2563 δοθεῖσαν
517 2510 616 2582 τῆς
645 2511 882 2575 πίστεως
917 2510 1130 2565 ἔκθεσιν
1163 2513 1221 2564 ὲν
1250 2514 1361 2575 τοῖς
1396 2511 1523 2584 περὶ
1579 2512 1668 2566 τοῦ
1697 2513 1826 2567 Υἱοῦ

270 2601 354 2654 καὶ
395 2601 605 2672 Πατρὸς
653 2601 850 2669 λόγοις.
908 2599 1020 2672 Τῆς
1071 2603 1298 2665 ἀτοπίας
1346 2602 1548 2673 ταύτης
1593 2604 1826 2673 ἀπελεγ-

266 2690 492 2763 χθείσης,
517 2694 671 2763 ὅμως
690 2692 746 2746 δὲ
776 2692 867 2746 καὶ
894 2692 990 2746 νῦν
1016 2692 1084 2747 δι’
1104 2693 1298 2762 ὀλίγων
1317 2694 1405 2748 τὸν
1436 2695 1633 2748 σκοπὸν
1661 2695 1826 2749 αὐτοῦ

263 2781 358 2851 τῆς
404 2784 737 2854 κακουργίας
795 2783 1025 2854 φανερὸν
1080 2785 1413 2856 καταστῆσαι
1475 2785 1824 2856 πειράσομαι.

274 2868 357 2935 Ὠς
383 2876 485 2945 γάρ
517 2876 636 2928 ἐκεῖ
668 2874 886 2946 Πατέρα
917 2875 1018 2927 οὐκ
1049 2871 1222 2941 εἶπεν⁹
1254 2876 1338 2929 ἴνα
1371 2874 1445 2946 μὴ
1476 2878 1542 2946 τῇ
1570 2877 1825 2947 ἀῖδιότητι

259 2962 351 3015 τοῦ
398 2964 606 3036 Πατρὸς
646 2965 737 3019 τὸν
776 2965 903 3019 Υἰὸν
944 2965 1364 3038 συνενδείξηται,
1399 2967 1520 3021 οὐδὲ
1564 2968 1653 3021 τὸν
1700 2969 1826 3022 Υίὸν

257 3052 550 3121 ὠνόμασεν,
603 3056 692 3110 ῖνα
738 3056 814 3127 μὴ
855 3057 953 3129 τὴν
993 3058 1134 3112 κατά
1178 3059 1276 3128 τὴν
1314 3057 1472 3127 φύσιν
1522 3058 1825 3129 οἰκειότητα

254 3148 319 3216 τῇ
356 3149 499 3218 φωνῇ
527 3146 700 3219 ταύτῃ
730 3151 1164 3222 συμπαραστήση
1186 3166 1200 3180 ·
1227 3150 1369 3203 οὕτω
1402 3150 1492 3203 καὶ
1518 3148 1611 3203 νῦν
1637 3150 1698 3203 οὐ
1736 3149 1824 3202 λέ-

254 3254 340 3304 γει
369 3239 588 3309 Πνεῦμα
634 3239 809 3307 ἆγιον,
860 3240 947 3295 ἵνα
994 3240 1069 3312 μὴ
1097 3240 1158 3294 τὸ
1203 3240 1487 3312 μεγαλεῖον
1528 3240 1626 3309 τῆς
1669 3239 1825 3311 δόξης

250 3329 410 3383 αὐτοῦ
457 3332 548 3384 καὶ
576 3331 640 3384 τὸ
689 3331 832 3386 κατὰ
880 3332 1057 3386 πάντα
1106 3334 1385 3404 ἡνωμένον
1429 3332 1602 3403 Πατρί
1636 3348 1693 3385 τε
1732 3332 1827 3385 καὶ

252 3419 362 3490 Υίῴ
387 3420 473 3475 διά
498 3421 592 3475 τοῦ
621 3422 884 3492 ὀνόματος
913 3423 1103 3478 τούτου
1134 3423 1561 3496 συνομολογήσῃ.
1609 3425 1824 3497 Ἐπειδὴ

248 3514 356 3585 γάρ
377 3514 455 3585 τῷ
469 3517 646 3587 Πατρὶ
665 3516 758 3569 καὶ
776 3516 853 3587 τῷ
873 3517 1002 3588 Υίῷ,
1021 3516 1163 3571 κατά
1185 3518 1246 3571 τὸ
1262 3514 1377 3571 ἶσον
1397 3519 1431 3589 ἦ
1456 3535 1516 3571 τε
1542 3518 1635 3572 τοῦ
1648 3520 1826 3574 Uret?-

244 3620 431 3671 ματος
468 3608 560 3659 καὶ
609 3608 645 3678 ἡ
694 3606 788 3661 τοῦ
833 3608 1005 3679 ἁγίου
1045 3608 1236 3680 κλῆσις
1270 3609 1420 3682 παρὰ
1464 3611 1563 3681 τῆς
1606 3612 1826 3683 Γραφῆς

251 3697 618 3767 ὲφαρμόζεται
660 3699 915 3771 (πνεῦμα
956 3701 1066 3772 γάρ
1091 3703 1121 3755 ὁ
1158 3702 1309 3766 Θεὸς,
1340 3703 1435 3755 καὶ
1473 3702 1690 3774 πνεῦμα
1721 3704 1826 3775 πρὸ

253 3788 538 3857 προσώπου
588 3790 748 3862 ἡμῶν
784 3790 1016 3863 Χριστὸς
1058 3793 1281 3865 Κύριος,
1318 3794 1409 3848 καὶ
1438 3792 1591 3862 ἅγιος
1623 3794 1825 3864 Κύριος

250 3878 281 3929 ὁ
312 3878 460 3947 Θεὸς,
504 3882 598 3937 καὶ
626 3876 708 3947 εἷς
742 3882 916 3953 ἆγιος,
948 3879 1029 3948 εἷς
1057 3884 1259 3957 Κύριος
1298 3884 1505 3957 Ἰησοῦς
1533 3884 1823 3957 Χριστὸς),

253 3971 342 4023 ἵνα
372 3975 447 4045 μή
473 3991 556 4039 τις
583 3974 813 4045 γένηται
854 3978 967 4040 τοῖς
1006 3976 1294 4030 ἀκούουσιν
1317 3977 1473 4045 ἁγίου
1508 3975 1824 4047 Πνεύματος

256 4063 478 4136 εὐσεϐὴς
499 4065 586 4119 διὰ
613 4066 819 4121 τούτων
853 4066 1140 4138 ὑπόληψις,
1173 4070 1206 4138 ἡ
1239 4067 1327 4122 διὰ
1368 4068 1428 4121 τὸ
1468 4071 1740 4122 κοινωνεῖν
1762 4084 1821 4121 τε

256 4152 337 4223 τῷ
364 4155 528 4228 Πατρὶ
554 4158 645 4211 καὶ
682 4158 763 4229 τῷ
805 4157 917 4230 Υίῷ
961 4158 1064 4228 τῆς
1094 4158 1306 4227 ἐνδόξου
1340 4159 1586 4232 κλήσεως
1617 4160 1826 4228 ἐγγινο-

263 4244 393 4318 μένη
413 4263 425 4274 ’
452 4249 639 4303 τούτου
666 4250 827 4322 χάριν
852 4250 1374 4323 παρακρουσάμενος
1401 4250 1499 4323 τὴν
1528 4249 1696 4321 ἀκοὴν
1716 4250 1824 4303 τῶν

261 4335 508 4408 ἀνοήτων,
544 4341 642 4411 τῆς
677 4339 826 4412 παρά
874 4340 1008 4395 Θεοῦ
1052 4342 1471 4415 προεκτεθείσης
1504 4343 1736 4406 πίστεως
1766 4343 1823 4397 ὲν

1998 1962 2078 2016 Ac
2105 1962 2320 2032 quidem
2348 1962 2415 2017 de
2449 1963 2806 2033 blasphemia,
2838 1965 2888 2018 id
2931 1974 3037 2030 est,
3065 1966 3231 2037 impio
3256 1968 3601 2043 conviciojN

1927 2052 1982 2106 in
2016 2050 2210 2107 Filium
2256 2054 2348 2109 Dei
2391 2055 2504 2110 haec
2539 2056 2648 2111 sint
2683 2056 2949 2113 hactenus
2982 2058 3148 2113 dicta.
3173 2058 3291 2114 Jam
3325 2060 3509 2116 videa-

1928 2159 2051 2201 mus
2080 2160 2200 2215 qua:
2232 2144 2301 2201 de
2351 2155 2543 2203 sancto
2588 2146 2793 2218 Spiritu
2842 2157 3143 2219 percenset.
3200 2150 3331 2206 Post
3377 2152 3503 2220 hoc,

1928 2233 2223 2302 Credimus,
2259 2238 2456 2308 inquit,
2485 2240 2536 2293 in
2571 2237 2907 2293 Paracletum
2954 2239 3208 2310 Spiritum
3244 2244 3501 2300 veritatis.

1929 2327 2039 2399 Ego
2065 2338 2245 2384 autem
2286 2330 2495 2385 clarum
2536 2346 2658 2386 esse
2681 2332 2937 2387 omnibus
2966 2333 3202 2388 arbitror
3240 2336 3332 2404 qui
3388 2336 3504 2391 haec

1928 2421 2134 2491 legunt,
2167 2423 2233 2477 ad
2267 2423 2397 2493 quid
2432 2424 2734 2494 respiciens
2763 2440 2794 2479 a
2824 2424 3051 2478 Domino
3088 2425 3207 2480 fidei
3245 2428 3501 2483 traditam

1926 2515 2318 2584 expositionem
2395 2517 2448 2569 in
2509 2516 2854 2571 sermonibus
2904 2516 2972 2571 de
3023 2515 3162 2572 Filio
3219 2526 3274 2573 et
3344 2518 3505 2576 Patre

1927 2608 2205 2677 pervertit.
2264 2607 2525 2674 Quamvis
2582 2608 2749 2678 lmjus
2813 2608 3127 2664 absurditas
3201 2611 3335 2666 satis
3385 2612 3497 2681 jam

1930 2695 2092 2749 fuerit
2141 2694 2394 2762 refutata,
2431 2712 2579 2751 nunc
2612 2706 2793 2751 tamen
2848 2700 3040 2768 paucis
3100 2700 3280 2755 verbis
3338 2700 3501 2770 hujus

1927 2785 2139 2840 fallacis
2171 2788 2387 2841 astutia:
2442 2802 2666 2857 scopum
2703 2786 3008 2858 patefacere
3054 2806 3276 2861 operam
3331 2796 3495 2851 dabo.

1929 2876 1999 2932 Ut
2045 2878 2190 2931 enim
2227 2879 2338 2933 illic
2375 2876 2592 2933 Patrem
2634 2892 2743 2932 non
2807 2879 2968 2943 dixit,
3021 2897 3089 2935 ne
3148 2899 3270 2938 cum
3326 2884 3503 2944 Patris

1925 2966 2226 3022 aeternitate
2254 2966 2450 3021 Filium
2487 2968 2694 3038 pariter
2727 2968 3061 3037 ostenderet,
3096 2989 3269 3043 neque
3304 2976 3500 3033 Filium

1928 3059 2251 3123 nominavit,
2309 3073 2377 3112 ne
2411 3073 2528 3113 eam
2581 3072 2701 3128 quae
2756 3059 3055 3114 secundum
3119 3074 3367 3121 naturam
3396 3075 3503 3136 est,

1929 3150 2349 3204 familiaritatem
2400 3160 2454 3204 et
2520 3150 2985 3206 necessitudinem
3037 3152 3141 3208 hac
3178 3172 3311 3211 voce
3339 3159 3502 3214 simul

1926 3249 2365 3313 repra-sentaret,
2423 3244 2503 3297 sic
2564 3249 2619 3297 et
2682 3258 2830 3297 nunc
2885 3259 2992 3298 non
3051 3245 3183 3301 dicit
3239 3249 3499 3319 Spiritum

1926 3346 2199 3399 sauctmn,
2234 3351 2302 3388 ne
2325 3335 2667 3402 majostatem
2700 3335 2886 3406 gloriae
2929 3336 3107 3406 ipsius
3135 3348 3187 3393 et
3229 3341 3369 3409 quod
3406 3357 3503 3411 per

1925 3428 2105 3480 munia
2137 3426 2282 3480 Patri
2314 3434 2369 3479 et
2402 3424 2540 3480 Filio
2588 3427 2798 3480 unitum
2844 3435 2948 3488 est,
2988 3427 3091 3483 hoc.
3137 3430 3256 3499 ipso
3282 3432 3502 3485 nomine

1926 3518 2177 3574 confiteri
2230 3524 2535 3588 cogeretur.
2566 3516 3013 3599 Quandoquidem
3070 3523 3213 3575 enim
3270 3522 3414 3577 Patri
3447 3531 3504 3578 et

1925 3609 2064 3663 Filio
2095 3624 2161 3662 ex
2191 3623 2349 3676 aequo
2371 3622 2495 3661 cum
2533 3605 2765 3677 Spiritus
2799 3616 2912 3662 tum
2939 3610 3101 3663 etiam
3133 3622 3309 3674 sancti
3358 3630 3501 3667 nuu-

1924 3700 2145 3771 cupatio
2208 3700 2261 3752 in
2315 3714 2470 3752 sacra
2510 3697 2792 3767 Scriptura
2847 3701 3293 3754 accommodatur
3333 3702 3500 3771 (Deus

1923 3791 2069 3846 enim
2101 3797 2186 3844 est
2236 3790 2482 3858 spiritus,
2523 3798 2577 3843 et
2625 3790 2849 3859 spiritus
2894 3797 3019 3843 ante
3066 3806 3355 3857 personam
3397 3810 3498 3847 no-

1923 3888 2092 3937 stram
2146 3880 2401 3935 Christus
2452 3879 2712 3934 Dominus
2766 3897 2778 3932 :
2852 3888 2904 3932 et
2962 3889 3186 3934 sanctus
3240 3882 3498 3940 Dominus

1927 3974 2092 4039 Deus,
2161 3981 2215 4027 et
2272 3989 2415 4028 unus
2484 3979 2744 4033 sanctus,
2809 3987 2953 4027 unus
3006 3971 3273 4029 Dominus
3330 3974 3496 4031 Jesus

1924 4067 2220 4137 Christus).
2244 4083 2312 4121 ne
2339 4082 2446 4137 qua
2478 4066 2823 4119 audientibus
2858 4080 2953 4135 per
2983 4065 3096 4119 lure
3117 4068 3302 4132 verba,
3323 4066 3497 4136 Spiri-

1924 4169 2013 4216 tus
2046 4159 2222 4215 samti
2253 4159 2340 4227 pia
2368 4166 2420 4211 et
2448 4156 2698 4222 religiosa
2754 4154 3167 4225 ingeneraretur
3192 4159 3396 4226 opinio,
3432 4175 3495 4213 ex

1923 4265 1990 4306 eo
2034 4250 2197 4304 insita
2221 4247 2366 4317 quod
2392 4246 2626 4315 Spiritus
2653 4253 2877 4299 sanctus
2922 4261 3269 4302 communem
3302 4248 3499 4304 habeat

1924 4355 2049 4394 cum
2080 4338 2240 4392 Patre
2272 4345 2326 4391 et
2353 4334 2487 4388 Filio
2510 4334 2774 4389 illustrem
2807 4337 3249 4406 appellationem,
3295 4340 3499 4395 idcirco

262 4427 326 4496 τῇ
349 4430 633 4499 παραδόσει
663 4431 759 4485 τοῦ
792 4432 1090 4504 μυστηρίου
1122 4433 1453 4487 ὑπαλλάσσει
1481 4432 1547 4487 τά
1576 4434 1815 4504 ῥήματα·

1930 4433 2262 4488 indoctorum
2286 4437 2339 4484 ct
2368 4427 2664 4481 amentium
2683 4428 2924 4482 auditum
2946 4428 3136 4486 fallens
3163 4441 3216 4485 et
3247 4416 3495 4499 eludens,

264 4511 442 4588 ὥσπερ
487 4518 808 4593 ὀδοποιήσας
856 4521 945 4576 διά
991 4522 1093 4593 τῆς
1124 4522 1441 4587 ἀκολουθίας
1477 4523 1681 4593 ταύτης
1722 4523 1819 4595 τὴν

267 4606 394 4659 κατά
432 4608 521 4663 τοῦ
567 4610 883 4684 Πνεύματος
929 4611 1023 4666 τοῦ
1074 4614 1230 4681 ἁγίου
1281 4614 1552 4669 ἀσέϐειαν.
1600 4616 1661 4669 El
1712 4616 1820 4686 γάρ

264 4694 403 4754 εἶπεν
426 4713 503 4765 ὅτι
520 4702 857 4776 Πιστεύομεν
883 4707 961 4769 είς
982 4706 1043 4759 τὸ
1069 4706 1291 4777 Πνεῦμα
1317 4706 1378 4759 τὸ
1398 4707 1572 4776 ἀγιον,
1597 4706 1821 4779 Πνεῦμα

264 4788 317 4843 δὲ
348 4794 375 4844 ὁ
403 4796 547 4861 Θεὸς,
584 4797 922 4868 ὑπέκρουσεν
960 4798 1026 4852 ἂν
1059 4800 1087 4852 ὁ
1118 4799 1187 4853 τά
1216 4798 1333 4852 θεῖα
1366 4800 1817 4870 πεπαιδευμένος,

264 4880 340 4936 ὅτι
378 4887 440 4941 Ei
474 4889 578 4962 χρὴ
627 4887 905 4943 πιστεύειν
961 4890 1041 4954 είς
1104 4890 1165 4942 τὸ
1219 4888 1446 4959 Πνεῦμα
1498 4890 1560 4943 τὸ
1627 4889 1817 4959 ἅγιον*

268 4976 465 5049 πνεῦμα
498 4982 553 5035 δὲ
585 4984 615 5035 6
643 4982 777 5046 Θεὸς
810 4979 1166 5052 ὀνομάζεται*
1199 4981 1300 5034 οὐκ
1333 4980 1461 5036 ἀλλο
1478 4998 1531 5033 τι
1566 4981 1708 5034 κατά
1721 4980 1820 5053 τὴν

268 5067 413 5131 φύσιν
454 5073 616 5135 ἐστὶν,
646 5073 681 5143 ἢ
721 5073 899 5126 ἐκεῖνο
931 5072 1147 5136 πάντως
1174 5071 1203 5125 δ
1234 5071 1322 5127 διά
1352 5071 1461 5126 τῶν
1493 5071 1674 5125 αὐτῶν
1706 5072 1823 5125 ὀνο-

270 5158 441 5223 μάτων
468 5163 665 5235 κυρίως
711 5161 1162 5234 κατονομάζεται.
1198 5163 1336 5217 Ὅσα
1361 5163 1468 5234 γάρ
1502 5162 1562 5215 οὐ
1590 5161 1821 5232 ψευδῶς,

263 5247 373 5304 οὐδὲ
421 5253 480 5308 ἐκ
512 5254 929 5326 καταχρήσεως,
955 5253 1092 5307 ἀλλά
1121 5253 1321 5327 κυρίως
1366 5253 1471 5307 ὑπὸ
1504 5252 1613 5307 τῶν
1639 5252 1820 5306 αὐτῶν

263 5337 522 5413 δωμάτων
553 5345 828 5417 δηλοῦται,
878 5345 1083 5399 τούτων
1121 5345 1335 5418 ἀνάγκη
1365 5345 1513 5399 πᾶσα
1558 5343 1688 5415 μίαν
1726 5342 1820 5398 καὶ⁵

262 5426 351 5496 τήν
376 5431 541 5506 αὐτὴν
568 5433 946 5506 ὁμολογεῖσθαι
972 5432 1156 5503 φύσιν,
1202 5435 1301 5506 τὴν
1346 5437 1457 5500 τοῖς
1506 5434 1690 5498 αὐτοῖς
1724 5450 1820 5505 ση-

260 5523 580 5597 μαινομένην
608 5524 853 5596 ὀνόμασι.
885 5525 984 5580 Διά
1012 5526 1185 5581 ταῦτα
1218 5526 1497 5589 σιωπήσας
1531 5524 1628 5596 τὴν
1668 5524 1819 5597 παρὰ

318 5694 360 5725 ’⁸
394 5700 536 5761 Psal.
564 5721 713 5773 utr,
741 5706 797 5764 ὅ.
873 5708 917 5740 ’⁸
951 5705 1087 5764 Gen.
1133 5721 1277 5776 nvi,
1299 5706 1403 5775 27;
1429 5706 1548 5762 Act.
1579 5720 1676 5769 vn,
1710 5704 1797 5761 ιι.

1926 4540 1955 4578 a
1987 4524 2095 4578 Deo
2116 4521 2378 4592 exposita:
2427 4519 2549 4574 fidei
2588 4520 2641 4573 in
2703 4520 3000 4575 traditione
3034 4524 3279 4593 mystcrii
3329 4526 3497 4580 verba

1926 4615 2173 4669 immutat
2225 4620 2280 4667 et
2322 4612 2563 4671 invertit.
2622 4623 2878 4681 tanquam
2919 4611 3010 4666 hic
3043 4612 3183 4666 viam
3243 4622 3499 4670 sternens

1926 4722 2022 4777 per
2052 4706 2194 4760 banc
2215 4703 2663 4775 consequentiam
2690 4703 2757 4757 ad
2790 4704 3119 4774 impietatem
3145 4715 3336 4761 contra
3371 4708 3498 4779 Spi-

1925 4801 2089 4853 ritum
2122 4808 2393 4853 sanctum.
2422 4795 2479 4849 Si
2511 4796 2655 4849 enim
2700 4795 2935 4852 dixisset
2963 4796 3251 4855 Credimus
3277 4799 3331 4853 in
3374 4798 3499 4869 Spi-

1925 4891 2093 4945 ritum
2128 4897 2403 4950 sanctum,
2446 4886 2687 4956 Spiritus
2734 4896 2913 4941 autem
2960 4888 3099 4944 Deus
3135 4898 3249 4953 est;
3299 4890 3392 4959 qui
3441 4891 3496 4945 in

1923 4983 2125 5037 divinis
2150 4980 2401 5037 eruditus
2440 4986 2554 5044 est,
2588 4980 3018 5049 Subcrt-puisset,
3050 4979 3110 5031 Si
3146 4981 3198 5034 in
3231 4980 3494 5050 Spiritum

1924 5082 2173 5131 sanctum
2214 5070 2542 5127 credendum
2587 5078 2669 5125 est
2694 5070 2963 5141 ,Spiritus
3001 5078 3180 5124 autem
3222 5070 3363 5125 Deus
3395 5086 3497 5127 no-

1925 5162 2185 5222 miuatur,
2246 5174 2356 5213 non
2387 5158 2535 5214 aliud
2589 5158 2719 5229 quid
2756 5158 3054 5212 secundum
3092 5167 3342 5214 naturam
3412 5167 3497 5215 est

1924 5251 2016 5306 ille
2053 5250 2280 5305 omnino
2309 5249 2403 5319 qui
2440 5264 2535 5318 per
2566 5247 2755 5303 eadem
2791 5248 3010 5303 nomina
3054 5249 3494 5318 cognominatur.

1924 5341 2059 5395 Nam
2112 5355 2458 5411 quzecunque
2501 5354 2611 5393 non
2664 5339 2822 5403 falso,
2876 5354 2976 5393 nec
3021 5355 3086 5392 ex
3143 5341 3341 5405 abusu,
3401 5342 3497 5397 sed

1925 5431 2145 5505 proprie
2196 5446 2292 5502 per
2355 5430 2543 5487 eadem
2588 5429 2807 5485 nomina
2856 5430 3244 5496 declarantur,
3299 5432 3496 5487 horum

1927 5539 2089 5581 unam
2118 5522 2473 5593 eamdemque
2492 5531 2742 5577 naturam
2775 5537 3000 5577 necesse
3039 5531 3122 5577 est
3164 5523 3388 5580 omnino
3417 5520 3500 5579 fa.
