4032 6208
747 321 848 380 651

1956 312 2013 368 S.
2054 312 2381 370 GREGORll
2436 310 2728 370 NYSSENI
3692 313 3722 369 5!

747 437 875 501 teri,
900 450 1023 509 quae
1041 434 1234 492 iisdem
1252 433 1568 489 nominibus
1596 432 1959 505 signiﬁcatur.
1986 431 2331 504 Quapropter

2129 439 2331 504 iropter
2357 435 2403 492 Α
2427 433 2523 486 τοῦ
2560 432 2764 504 Κυρίου
2819 428 3254 502 νομοθετγγθεῖσαν
3303 432 3345 485 ἐν
3374 433 3420 504 τῇ
3461 431 3589 486 πίστει
3630 432 3721 501 quivi

752 526 972 585 silentio
994 526 1192 579 tacitus
1218 523 1502 580 involvens
1527 540 1555 578 a
1587 523 1815 579 Domino
1844 524 1900 578 in
1928 522 2031 579 llde
2062 525 2327 594 prolatam

751 627 807 676 et
829 618 1182 675 constitutam
1208 631 1420 678 vocem,
1444 615 1740 681 Credimus,
1770 615 1969 686 inquit,
1996 617 2051 670 in
2077 614 2322 669 Pararle-

750 721 880 774 tum,
915 708 970 763 id
997 714 1101 773 est,
1155 709 1556 763 consolatorem
1611 715 1665 762 et
1697 704 2162 761 conlirmatorem.
2217 704 2330 776 Ego

748 809 932 856 autem
967 800 1023 853 in
1045 798 1598 866 divinitusinspirata
1630 798 1915 866 Scriptura
1974 796 2077 850 hoc
2111 810 2328 850 nomen

747 907 872 949 esse
900 905 1190 945 commune
1220 888 1402 944 Patris
1430 897 1485 943 et
1516 888 1638 942 Filii
1665 888 1855 943 didici.
1892 887 2063 943 Filius
2087 888 2231 942 enim
2261 902 2329 942 ex

747 996 904 1057 aequo
932 992 985 1037 et
1005 981 1246 1050 seipsum
1279 986 1447 1050 atque
1474 979 1640 1034 etiam
1674 980 1938 1049 Spiritum
1960 988 2211 1036 sanctum
2236 994 2332 1034 no-

747 1074 1316 1142 minat_Paraclctum,
1341 1073 1396 1128 id
1437 1081 1544 1139 est,
1589 1074 2014 1130 consolatorem.
2055 1071 2215 1128 Pater
2237 1088 2331 1128 ve-

750 1181 814 1219 ro
836 1181 932 1236 per
965 1180 1087 1235 quae
1107 1173 1365 1235 Operatur
1401 1166 1744 1236 paraclesim,
1775 1164 1831 1219 id
1874 1174 1958 1220 est
2003 1164 2327 1219 consolatio-

749 1274 887 1321 nem,
945 1273 1143 1314 nomen
1202 1261 1488 1329 paracleti,
1538 1260 1590 1314 id
1661 1270 1746 1316 est
1786 1260 2162 1322 consolatoris,
2224 1259 2329 1315 sibi

749 1363 977 1419 prorsus
1015 1349 1274 1405 vindicat.
1317 1348 1436 1404 Non
1488 1351 1632 1405 enim
1691 1351 1787 1421 qui
1830 1367 1970 1422 opus
1996 1351 2253 1421 paracleti
2274 1356 2328 1405 et

749 1440 1114 1494 consolatoris
1145 1438 1276 1493 facit
1309 1477 1325 1499 ,
1366 1450 1564 1495 nomen
1619 1444 1804 1511 operis
1859 1440 2203 1514 drdignatur.
2264 1440 2328 1495 Et

751 1529 898 1583 enim
926 1526 1091 1581 David
1122 1529 1187 1581 ad
1221 1527 1432 1581 Patrem
1451 1528 1581 1582 dicit
1610 1547 1623 1582 :
1656 1527 1755 1595 Tu,
1779 1545 1808 1582 ο
1837 1527 2073 1594 Domine,
2104 1529 2332 1582 auxilia-

752 1627 834 1671 tus
881 1634 936 1671 es
978 1617 1107 1671 mihi
1154 1627 1201 1672 et
1251 1618 1556 1673 consolatus
1607 1636 1662 1672 es
1722 1636 1801 1673 me
1823 1619 1962 1684 ⁸⁸⁸⁷,
1995 1628 2050 1675 et
2096 1635 2329 1692 magnus

746 1708 1043 1777 Apostolus
1075 1710 1262 1763 eadem
1288 1708 1358 1763 de
1386 1707 1548 1764 Patre
1584 1716 1855 1775 recenset,
1877 1708 2003 1764 dum
2031 1710 2185 1776 dicit,
2228 1710 2328 1764 Be-

747 1774 985 1853 nedictus
1023 1799 1159 1852 Deus
1203 1809 1252 1853 et
1300 1799 1465 1854 Pater
1490 1800 1708 1855 Domini
1751 1774 1920 1856 nostri
1948 1801 2078 1857 Jesu
2106 1801 2325 1866 Christi,
2356 1774 2401 1831 Β

746 1890 837 1959 qui
880 1890 1185 1944 consolatur
1234 1907 1328 1944 nos
1381 1892 1437 1944 in
1490 1894 1631 1945 omni
1661 1892 1999 1947 tribulatione
2028 1908 2210 1948 nostra
2232 1894 2277 1927 "
2310 1913 2324 1949 :

746 1977 949 2033 Filium
988 1989 1167 2034 autem
1189 1978 1437 2036 Joannes
1468 1981 1523 2035 in
1553 1997 1661 2035 una
1682 1982 2086 2037 Catholicarum
2114 1981 2329 2053 Episto-

746 2071 923 2125 larum
954 2080 1141 2142 aperte
1174 2074 1414 2127 nominat
1440 2074 1773 2143 paracletum
1799 2074 1867 2142 ’³,
1907 2073 1960 2127 id
2004 2084 2090 2130 est
2137 2090 2327 2129 conso-

748 2158 988 2217 latorem.
1019 2164 1194 2234 Atque
1234 2164 1353 2233 ipse
1397 2161 1658 2220 Dominus
1690 2180 1784 2235 per
1818 2181 1883 2221 ea
1930 2167 2090 2222 verba
2128 2167 2329 2239 quibus

747 2254 905 2321 dixit,
938 2271 996 2311 se
1023 2255 1189 2309 alium
1228 2256 1387 2311 nobis
1417 2255 1713 2311 missurum
1754 2272 1881 2313 esse
1922 2259 2255 2328 paracletum
2285 2259 2325 2325 ‘,

747 2348 800 2403 id
823 2356 928 2415 est,
960 2347 1368 2411 consolatorem,
1403 2347 1470 2404 de
1526 2347 1735 2420 Spiritu
1773 2349 2024 2420 loquens,
2057 2351 2113 2406 in
2147 2352 2328 2422 seipse

749 2449 979 2507 pI‘OI'SlIS
1004 2437 1107 2492 hoc
1134 2452 1333 2494 nomen
1375 2450 1499 2495 ante
1534 2438 1823 2498 confessus
1853 2450 1956 2497 est.
1985 2441 2119 2497 Cum
2147 2450 2327 2499 autem

751 2527 915 2596 hujus
936 2527 1081 2582 verbi
1110 2530 1449 2600 παρακαλεῖν
1473 2531 1782 2603 (consolari)
1814 2532 1885 2589 sit
1907 2532 2102 2604 duplex
2131 2533 2327 2605 signiﬁ-

749 2620 913 2686 catio,
933 2635 1041 2674 una
1058 2620 1276 2691 quidem
1305 2638 1398 2692 per
1415 2622 1714 2678 honorillca
1739 2624 1902 2678 verba
1921 2631 1973 2679 et
1995 2625 2193 2696 ﬁguras
2215 2625 2331 2695 qui-

749 2711 851 2767 bus
871 2728 994 2767 eum
1011 2729 1119 2783 quo
1142 2713 1446 2783 indigemus
1475 2714 1541 2768 ad
1560 2715 2090 2771 commiserationem
2112 2715 2331 2771 adduci-

747 2820 872 2861 mus
895 2813 949 2861 et
980 2804 1249 2860 ﬂectimus
1275 2823 1290 2861 :
1318 2806 1488 2861 altera
1513 2802 1642 2860 vero
1668 2806 1861 2862 notitia
1896 2809 2138 2863 curalrix
2161 2817 2245 2864 est
2276 2816 2331 2865 et

746 2897 991 2952 sanatrix
1026 2896 1381 2951 amictionum
1427 2898 1594 2951 animi
1622 2906 1676 2951 et
1704 2899 1989 2967 corporis;
2043 2899 2329 2970 utriusque

746 2987 1037 3060 signiﬁcati
1064 3004 1131 3045 ex
1156 3003 1314 3060 aequo
1350 2997 1540 3043 sancta
1578 2989 1859 3059 Scriptura
1892 2998 2099 3046 natura:
2131 2992 2330 3049 divinae

2428 524 2816 593 Πιστεύομεν,
2849 524 3033 592 φησιν,
3070 525 3155 588 εἰς
3183 526 3270 576 τόν
3291 523 3582 592 παράκλητον.
3616 524 3719 593 Ἐγὼ

2429 617 2523 671 καὶ
2550 615 2682 670 αὐτὸ
2707 614 2864 669 τοῦτο
2888 615 2948 668 τὸ
2959 615 3130 684 ὄνομα
3154 616 3302 669 κοινὸν
3323 617 3468 687 ἔμαθον
3489 611 3722 688 εἷναιπαρᾶσ

2430 705 2785 761 θεοπνεύστου
2815 706 2854 759 Γ
2860 706 3057 777 ραιρῆς,
3089 707 3278 778 Πατρός
3297 724 3341 760 τε
3363 707 3433 760 καὶ
3458 706 3556 760 Υἱοῦ
3579 709 3649 762 καὶ
3671 709 3722 760 [ιι

2435 812 2602 866 ματος
2645 795 2821 864 ἁγίου.
2866 795 2923 849 '0
2965 795 3072 865 γὰρ
3117 794 3239 858 Υἱὸς
3259 797 3406 867 ἐπίσης
3434 798 3576 851 ἑαυτόν
3599 816 3644 851 τε
3664 801 3722 851 ια’

2430 886 2657 957 Πνεῦμα
2690 887 2752 940 τὸ
2785 886 2938 956 ἅγιον
2978 886 3229 956 ὀνομάζει
3260 886 3538 959 Παράκλητον.
3566 890 3611 944 '0
3643 891 3686 943 δὲ
3719 894 3721 900 ⁴

2429 981 2535 1053 τὴρ
2564 974 2630 1034 δι’
2660 973 2735 1033 ὧν
2772 981 2983 1051 ἐνεργεῖ
3003 979 3100 1050 τὴν
3138 979 3435 1051 παράκλησιν,
3471 983 3722 1036 οίκειοῦταιτ

2429 1088 2537 1136 τως
2568 1070 2662 1124 τοῦ
2692 1070 3037 1143 παρακλήτου
3077 1070 3138 1123 τὸ
3164 1071 3325 1142 ὄνομα.
3361 1073 3419 1124 Οὐ
3441 1072 3524 1144 γὰρ
3547 1074 3596 1144 δὴ
3617 1075 3664 1127 τὸ
3699 1076 3719 1127 ἒ

2431 1164 2597 1217 ποιῶν
2627 1163 2719 1215 τοῦ
2754 1162 3123 1234 παρακλήτου,
3142 1163 3330 1228 ἀπαξιοῖ
3357 1163 3430 1217 τοῦ
3456 1165 3581 1235 ἔργον
3607 1167 3654 1220 τὸ
3678 1169 3722 1220 ὃν

2433 1256 2501 1309 ’⁸0
2540 1272 2601 1309 τε
2635 1253 2744 1325 γὰρ
2784 1254 2949 1307 Aemo
2998 1255 3134 1324 πρὸς
3189 1254 3268 1307 τὸν
3288 1257 3465 1327 Πατέρα
3503 1259 3646 1329 φησιν,
3684 1261 3722 1313 ὄπ

2427 1344 2965 1415 Κύριε,ὲ6ὀήθησάς
3000 1363 3101 1415 μοι
3133 1347 3224 1399 καὶ
3247 1347 3577 1417 παρεκάλεσάς
3603 1369 3687 1420 με·
3713 1371 3722 1406 τ

2432 1437 2604 1509 μέγας
2645 1436 2964 1500 ’Δπόστολος
2992 1436 3061 1490 τὰ
3112 1438 3245 1491 αὐτὰ
3268 1441 3464 1510 περὶτοῦ
3492 1442 3662 1513 ῐιατρδς
3687 1444 3722 1496 δι

2429 1547 2600 1600 χεται,
2630 1528 2821 1598 λέγων,
2871 1530 3215 1599 Εὐλογητὸς
3249 1535 3277 1586 ό
3305 1533 3420 1600 θεὸς
3456 1534 3535 1588 καί
3574 1538 3722 1603 Halm

2428 1621 2648 1688 Κυρίου
2665 1619 2834 1689 ἡμῶν
2865 1620 3067 1683 Ἰησοῦ
3099 1624 3348 1691 Χριστοῦ,
3376 1628 3402 1679 ὁ
3426 1627 3722 1695 παρακαλῶν

2428 1714 2525 1767 ἐπὶ
2564 1712 2730 1782 πάσῃ
2762 1713 2837 1780 τῇ
2868 1714 3067 1782 θλίψει
3098 1715 3272 1782 ἡμῶν.
3304 1716 3390 1768 Τὸν
3419 1717 3465 1769 δὲ
3488 1718 3593 1770 Υἱὸν
3614 1721 3637 1771 ὁ
3661 1721 3722 1773 Ὶιι

2429 1806 2486 1857 ὲν
2519 1805 2615 1876 μιᾷ
2642 1804 2746 1856 τῶν
2770 1802 3086 1857 Καθολικῶν
3125 1807 3414 1861 Ἐπιστολῶν
3440 1808 3684 1882 διαρρήδην
3716 1830 3722 1859 ι

2429 1894 2511 1960 ζει
2541 1896 2904 1967 παράκλητον.
2944 1898 3053 1951 Καὶ
3083 1899 3239 1962 αὐτὸς
3278 1900 3327 1953 δὲ
3357 1900 3592 1973 ὀΚύριος,
3621 1899 3722 1958 δι’ῧ

2428 1988 2525 2042 καὶ
2569 1988 2726 2042 ἄλλον
2778 1988 3124 2061 παράκλητον
3163 1991 3284 2060 ἡμῖν
3323 1991 3722 2064 ἀποσταλήσεσθαι

2427 2077 2520 2133 τοῦ
2555 2078 2870 2150 Πνεύματος
2901 2080 3093 2150 λέγων,
3125 2081 3208 2149 ἐφ’
3247 2082 3415 2136 ἑαυτοῦ
3454 2084 3642 2148 πάντως
3675 2086 3722 2139 τὸ

2427 2168 2584 2223 τοῦτο
2609 2168 3046 2240 προωμολόγησε.
3075 2171 3270 2241 Διπλῆς
3290 2171 3339 2224 δὲ
3363 2171 3507 2244 οὔσης
3525 2174 3612 2244 τῆς
3637 2175 3721 2228 τοῦ

2429 2259 2638 2314 καλεῖν
2669 2261 2963 2332 σημασίας,
3000 2263 3126 2332 μιᾶς
3173 2263 3284 2335 μὲν,
3306 2263 3385 2317 διὰ
3413 2262 3509 2319 τῶν
3538 2282 3722 2336 τιμητιι

2432 2352 2617 2423 μάτων
2646 2368 2706 2407 τε
2733 2353 2826 2408 καὶ
2858 2355 3173 2425 σχημάτων,
3216 2354 3343 2425 ὑπὲρ
3369 2348 3437 2409 ὧν
3462 2357 3520 2410 ἄν
3549 2366 3678 2421 τινος
3711 2358 3722 2409 ί

2428 2449 2715 2518 τύχωμεν,
2760 2447 2839 2509 εἰς
2891 2444 3231 2517 συμπάθειαν
3266 2447 3413 2500 αὑτὸν
3454 2448 3722 2516 ἑπαγόμενι

2431 2554 2531 2609 ρας
2555 2536 2612 2590 δὲ
2637 2540 2735 2608 τῆς
2762 2532 3161 2609 θεραπευτικῆς
3186 2536 3289 2589 τῶν
3313 2536 3542 2608 ψυχικῶν
3576 2556 3632 2592 τε
3661 2556 3722 2593 κα

2427 2628 2595 2682 τικῶν
2639 2627 2977 2700 παθημάτων
3015 2628 3272 2694 ἐπινοίας,
3307 2630 3409 2684 τῶν
3447 2632 3558 2684 καθ’
3594 2632 3722 2685 ὲκάτι

2432 2722 2771 2791 μαινομένων
2801 2720 2995 2790 ἐπίσης
3023 2718 3057 2790 ἡ
3092 2721 3219 2788 ἁγία
3247 2721 3429 2793 Γραφὴ
3471 2741 3722 2796 προσμιοιρ⁴

2431 2814 2552 2887 θείᾳ
2585 2816 2741 2885 φύσει
2789 2814 2882 2869 τοῦ
2932 2816 3280 2887 παρακλήτου
3320 2816 3416 2888 τὴν
3470 2818 3687 2873 ἔννοιαν.

2429 2906 2534 2979 γὰρ
2563 2908 2591 2959 ὁ
2621 2905 2831 2969 Παῦλος
2865 2906 2965 2975 τὴν
3008 2908 3254 2978 ἰατρικὴν
3293 2908 3450 2978 ἡμῶν
3481 2909 3569 2984 τοῦ
3600 2910 3722 2964 Θεοῐ

2428 2996 2516 3052 διὰ
2547 2997 2648 3067 τῆς
2695 2996 3092 3068 παρακλήσεως
3137 2998 3267 3069 ἡμῖν
3313 3000 3630 3072 παρίστησι,
3677 3002 3722 3055 λε

745 3081 1021 3135 notionem
1042 3079 1298 3150 paracleti
1322 3081 1578 3151 assignat.
1602 3078 1759 3135 Modo
1778 3081 1996 3151 quidem
2014 3081 2216 3138 Paulus
2233 3081 2325 3140 Dei

2131 3083 2216 3138 lus
2233 3081 2325 3140 Dei
2354 3102 2401 3166 ς
2429 3079 2794 3153 παρακαλῶν
2843 3084 2977 3149 τοὺς
3000 3085 3336 3150 ταπεινοὺς,
3391 3090 3721 3155 παρεκάλει]

746 3172 1070 3227 sanatricem
1094 3173 1266 3228 nostri
1286 3173 1539 3227 virtutem
1565 3187 1660 3242 per
1684 3173 2004 3243 paraclesim
2029 3188 2330 3245 repraesen-

747 3262 1069 3329 tat,dicens,
1104 3262 1782 3330 Quiconsolaturhumiles,
1810 3265 2112 3325 consolatus
2132 3279 2208 3322 est
2235 3285 2329 3325 nos

748 3354 887 3410 Deus
918 3355 972 3408 in
998 3354 1221 3409 adventu
1253 3352 1417 3409 Titi'.
1452 3352 1664 3410 Rursus
1692 3355 1746 3411 in
1776 3357 1947 3413 altera
1976 3358 2327 3431 intelligentia

748 3448 861 3501 sive
886 3445 1282 3517 signiﬁcatione
1299 3446 1366 3501 ad
1380 3445 1694 3501 Corinthios
1714 3447 1962 3504 scribens
1989 3448 2100 3504 haec
2118 3463 2326 3520 narrat,

747 3537 856 3597 Pro
870 3536 1079 3595 Christo
1096 3537 1350 3607 legatione
1363 3537 1632 3608 fungimur
1643 3548 1889 3609 tanquam
1904 3539 2009 3595 Deo
2021 3543 2328 3599 exhortante

745 3647 837 3704 per
857 3628 1327 3685 nos.0bsecramus
1352 3647 1447 3700 pro
1469 3630 1700 3698 Christo,
1719 3634 2134 3690 reconciliamini
2158 3636 2262 3692 Deo
2281 3638 2324 3694 ³.

817 3724 948 3787 Quae
979 3736 1102 3776 cum
1135 3724 1213 3785 ita
1239 3723 1371 3786 sint,
1415 3725 1975 3800 quomodocunquein
1998 3728 2206 3798 Spiritu
2232 3746 2325 3786 no-

745 3828 871 3869 men
905 3813 1172 3869 Paracleti
1211 3813 1570 3879 intellexeris,
1624 3830 1733 3870 non
1785 3831 1815 3872 a
1850 3814 2031 3874 Patris
2090 3816 2326 3892 Filiique

745 3907 1131 3962 communione
1180 3897 1482 3963 secundum
1537 3915 1832 3978 utrumque
1891 3910 2321 3982 signiﬁcatorum

743 3997 1011 4055 discedcs.
1040 3997 1157 4052 Non
1184 3997 1354 4069 igitur
1375 3998 1428 4052 in
1457 3998 1557 4053 hac
1601 4008 1755 4069 parte
1780 4016 1955 4071 neque
1984 4002 2174 4059 volens
2208 4002 2323 4074 Spi-

742 4087 884 4147 ritus
909 4086 1080 4142 sanrti
1106 4086 1336 4156 gloriam
1358 4084 1667 4157 deprimere
1698 4088 1897 4159 potuit,
1924 4088 2056 4144 illud
2088 4091 2138 4144 ei
2163 4092 2321 4146 attri-

744 4177 917 4233 buens
933 4176 1077 4247 quod
1095 4177 1312 4251 quidem
1340 4174 1487 4231 Patri
1515 4182 1571 4231 et
1595 4174 1735 4232 Filio
1758 4192 1788 4231 a
1818 4185 2005 4233 sancta
2037 4176 2321 4250 Scriptura

745 4267 1059 4327 ascribitur.
1093 4266 1357 4337 Spiritum
1390 4274 1571 4321 autem
1601 4267 1845 4322 veritatis
1867 4283 1992 4322 cum
2044 4267 2181 4325 dixit
2209 4269 2318 4324 Eu-

744 4359 981 4424 nomius,
1017 4358 1134 4428 ipse
1158 4356 1401 4429 quidem,
1432 4359 1576 4413 sicut
1608 4358 1823 4428 opinor,
1858 4358 1962 4414 bac
1989 4375 2122 4417 voce
2145 4362 2319 4417 voluit

2429 3171 2499 3225 ἐν
2528 3169 2604 3239 τῇ
2633 3173 2935 3241 παρουσίᾳ
2973 3173 3161 3230 Τίτου.
3211 3175 3383 3230 Πάλιν
3420 3178 3477 3230 δὲ
3510 3181 3653 3233 κατὰ
3683 3181 3722 3233 τέ

2428 3256 2664 3316 διάνοιαν
2689 3263 2823 3334 πρὸς
2849 3264 2973 3327 τοὺς
3000 3264 3318 3336 Κορινθίους
3346 3269 3601 3338 γράφων,
3630 3271 3722 3323 ταῐ

2430 3366 2534 3411 σιν,
2573 3352 2653 3405 ὅτι
2694 3351 2861 3421 ’Υπὲρ
2890 3353 3145 3421 Χριστοῦ
3168 3356 3591 3423 πρεσϐεύομεν
3615 3357 3697 3423 ὡς

2428 3443 2922 3511 παρακαλοῦντος
2947 3443 3023 3498 δι’
3047 3444 3234 3514 ἡμῶν.
3260 3447 3530 3516 Δεόμεθα
3561 3448 3722 3517 ὑπὲρ

2427 3534 2842 3606 καταλλάγητε
2869 3534 2947 3602 τῷ
2977 3534 3117 3602 Θεῷ.

2495 3716 2712 3770 Τούτων
2771 3713 2864 3770 οὖν
2910 3716 3082 3779 οὓτως
3127 3715 3371 3786 ἐχόντων
3392 3756 3408 3781 ,
3469 3718 3634 3781 ὅπως
3691 3717 3722 3771 a

2425 3808 2739 3879 Πνεύματος
2783 3808 2983 3882 νοήσῃς
3011 3808 3106 3863 τοῦ
3160 3809 3548 3880 παρακλήτου
3599 3810 3668 3862 τὸ

2421 3901 2517 3957 τοῦ
2546 3901 2756 3973 Πατρός
2787 3918 2845 3955 τε
2878 3902 2971 3956 καὶ
2998 3900 3092 3955 τοῦ
3134 3900 3270 3953 Υίοῦ
3322 3900 3666 3966 κοινωνίας,
3701 3920 3722 3959 7

2428 4012 2518 4066 ρον
2546 3994 2654 4049 τῶν
2687 3992 3123 4066 σημαινομένων,
3153 3994 3257 4047 οὐκ
3315 3994 3721 4065 ἀποστήσας.

2419 4083 2499 4155 τῷ
2528 4083 2685 4157 μέρει
2709 4084 2879 4156 τούτῳ
2909 4084 3028 4140 οὐδὲ
3054 4083 3398 4154 βουλόμενος
3438 4102 3721 4155 κατασμι

2419 4176 2512 4231 τοῦ
2551 4176 2706 4246 ἁγίου
2740 4176 3055 4247 Πνεύματος
3082 4173 3241 4241 δόξαν
3274 4174 3637 4245 δεδύνηται,
3695 4178 3721 4229 ὲ

2421 4268 2713 4342 μαρτυρῶν
2763 4266 2929 4339 αὐτῷ,
2963 4268 3099 4340 ὅπερ
3141 4267 3240 4321 καὶ
3292 4266 3390 4338 τῷ
3446 4267 3660 4338 lla-:91
3707 4286 3722 4321 ι

2417 4361 2570 4433 παρὰ
2602 4361 2703 4431 τῆς
2727 4360 2887 4429 ἁγίας
2916 4358 3139 4431 Γραφῆς
3163 4359 3556 4413 ἀνατίθεται.
3602 4361 3722 4414 Ilva

743 4448 874 4519 quid
900 4449 1178 4504 subditum
1214 4456 1482 4505 astruere.
1511 4447 1793 4519 Siquidem
1828 4452 2032 4507 veritas
2062 4452 2315 4511 Christus

2128 4454 2315 4511 Iristus
2346 4437 2391 4494 θ
2419 4450 2569 4515 θείας
2596 4449 2763 4505 εἰπὼν
2806 4449 3086 4518 Εὑνὸμιος,
3120 4448 3296 4512 αὐτὸς
3335 4448 3485 4520 μὲν,
3534 4448 3629 4511 ὡς
3659 4444 3720 4502 οἷ

744 4548 854 4598 est.
884 4537 1035 4597 illum
1085 4548 1263 4596 autem
1298 4539 1564 4611 Spiritum
1591 4541 1838 4597 veritatis
1871 4542 2193 4599 nominavit.
2236 4545 2315 4601 Ac

743 4630 790 4687 si
825 4631 947 4701 quis
971 4630 1117 4686 dicat
1147 4640 1455 4686 creaturam
1492 4631 1740 4687 veritatis
1775 4648 1897 4688 esse
1925 4641 1979 4688 et
2012 4634 2310 4700 subditum,

740 4721 994 4782 nesciens
1041 4720 1187 4791 quod
1240 4718 1382 4775 Deus
1415 4720 1627 4791 iustitia
1683 4721 1913 4789 dicitur;
1971 4739 2148 4795 neque
2182 4740 2315 4783 sane

740 4820 1045 4869 creaturam
1072 4812 1301 4882 iustitia
1344 4811 1511 4869 Deum
1551 4812 1927 4883 intelligimus.
1977 4815 2157 4881 Quare
2185 4831 2311 4873 cum

734 4906 1005 4978 Spiritum
1023 4905 1268 4958 veritatis
1288 4902 1602 4967 didicimus,
1635 4904 1738 4963 hac
1759 4919 1890 4962 voce
1926 4906 2033 4962 Deo
2058 4906 2311 4963 decoram

739 4993 1153 5067 intelligentiam
1208 4992 1541 5065 accepimus,
1581 4993 1732 5049 illato
1774 5010 2028 5051 sermone
2054 4996 2122 5051 ad
2162 5010 2315 5067 prae-

738 5087 978 5142 stantius
1031 5093 1085 5139 et
1142 5085 1337 5140 melius
1366 5085 1524 5155 quasi
1572 5100 1735 5141 manu
1788 5086 1958 5142 ducti.
1990 5087 2125 5142 Cum
2164 5086 2312 5141 enim

738 5176 873 5230 dixit
905 5174 1190 5240 Dominus,
1205 5177 1469 5248 Spiritum
1491 5177 1748 5239 veritatis,
1788 5178 1971 5233 statim
2004 5177 2311 5247 subiunxit,

736 5269 827 5336 qui
873 5285 907 5321 a
962 5267 1124 5322 Patre
1159 5267 1393 5338 procedit
1419 5268 1460 5320 ⁸.
1491 5267 1645 5334 Quod
1676 5269 1895 5339 quidem
1945 5269 2078 5325 nulli
2115 5284 2305 5324 eorum

739 5371 859 5425 quae
884 5359 939 5412 in
973 5362 1251 5415 creatione
1277 5359 1766 5432 intelligunturvox
1792 5358 2002 5415 Domini
2033 5360 2304 5425 attribuit,

735 5463 846 5504 non
878 5451 946 5507 iis
973 5468 1091 5522 qum
1123 5453 1393 5517 videntur,
1425 5467 1533 5507 non
1568 5452 1675 5507 illis
1704 5468 1824 5523 qua:
1847 5452 2093 5509 obtutum
2117 5452 2307 5508 oculo-

805 5605 922 5677 ‘f'f"
953 5601 1094 5677 Psal:
1118 5622 1354 5671 Lxxxvn,
1376 5609 1460 5664 ΓΙ.
1538 5608 1585 5643 ⁸³
1615 5608 1659 5664 ll
1687 5610 1812 5668 Cor,
1834 5628 1870 5677 ι,
1891 5611 1949 5677 ὅ,
1970 5612 2019 5668 4,

731 5688 790 5745 ν,
825 5673 915 5731 20.
991 5675 1015 5706 ⁸
1062 5674 1219 5730 Jom.
1247 5693 1332 5747 xv,
1366 5678 1457 5737 ‘26.

2114 5611 2161 5644 "
2181 5609 2200 5664 l
2222 5609 2377 5667 Joan.
2396 5625 2457 5676 ιι,
2483 5610 2536 5665 1.

2415 4541 2619 4614 χείριον
2647 4538 2919 4612 ἠϐουλήθη
2961 4540 3049 4593 διὰ
3078 4539 3181 4610 τῆς
3212 4539 3533 4610 τοιαύτης
3579 4554 3722 4611 παρ

2415 4634 2532 4703 νῆςο
2578 4630 2795 4696 Ἐπειδὴ
2836 4630 3059 4702 ἀλήθεια
3100 4631 3201 4702 μὲν
3255 4630 3292 4681 ὁ
3345 4630 3646 4702 Χριστός
3690 4631 3720 4685 ε

2413 4721 2471 4776 δὲ
2522 4718 2746 4791 Πνεῦμα
2794 4719 3050 4792 ἀληθείας
3104 4721 3461 4793 ὠνόμασεν.
3534 4720 3651 4784 Ὠς

2414 4814 2598 4884 κτῆμα
2636 4813 2736 4883 τῆς
2761 4811 3014 4883 ἀληθείας
3046 4808 3186 4866 εἶναι
3217 4812 3336 4867 καὶ
3372 4812 3722 4883 ὑποχείριι

2413 4904 2496 4957 ὅτι
2540 4902 2850 4973 δικαιοσύνη
2880 4903 2909 4957 ὁ
2936 4902 3067 4967 Θεὸς
3098 4902 3345 4972 λέγεται
3374 4919 3391 4931 ·
3438 4903 3566 4956 καὶ
3609 4902 3687 4954 οὐ

2413 4994 2514 5063 τῆς
2541 4993 2885 5065 δικαιοσύνης
2920 4993 3012 5048 τὸν
3058 4993 3192 5047 Θεὸν
3236 4995 3680 5064 ὲνοήσαμεν.

2413 5084 2637 5157 Πνεῦμα
2667 5085 2766 5155 τῆς
2812 5083 3069 5155 ἀληθείας
3115 5083 3464 5156 μαθόντες,
3505 5083 3645 5152 τὴν
3684 5085 3720 5136 θ

2411 5195 2559 5233 νοιαν
2582 5176 2731 5248 παρὰ
2755 5177 2854 5246 τῆς
2877 5178 3057 5247 φωνῆς
3084 5172 3484 5246 ἐδεξάμεθα,
3518 5174 3629 5244 τῷ
3659 5175 3722 5225 ὲπ

2414 5270 2551 5340 πρὸς
2574 5269 2634 5321 τὸ
2660 5270 2903 5339 κρεῖττον
2928 5265 3545 5339 χειραγωγούμενοι.
3596 5266 3720 5318 Εἰίτ

2415 5376 2548 5432 ριος,
2587 5358 2657 5414 Τὸ
2687 5358 2930 5427 Πνεῦμα
2962 5357 3071 5426 τῆς
3100 5357 3486 5425 ἀληθείας,
3528 5357 3722 5427 Exin

2412 5451 2573 5521 παρὰ
2596 5448 2701 5503 τοῦ
2729 5447 2958 5517 Πατρός
2985 5447 3718 5517 ἐκπορεύεται.”υπεε

2627 5609 2644 5642 ⁸
2679 5607 3041 5677 Joan.xv1,7,
3066 5607 3153 5663 l5.
3229 5608 3260 5639 ⁸
3305 5606 3370 5662 ιι
3410 5606 3601 5664 Cor.
3633 5621 3706 5662 Vl
