4032 6208
248 337 350 398 553

1381 352 1655 410 CONTRA
1688 320 2083 422 Ennomon,
2118 355 2245 412 LIB.
2290 347 2351 412 ης

3417 354 3533 422 55t

248 465 318 533 τῇ
349 460 521 515 κτίσει
547 464 853 535 νοουμένων
883 467 915 537 ἠ
962 465 1112 540 φωνῆ
1147 469 1238 522 τοῦ
1269 472 1474 542 Κυρίου
1512 490 1830 545 προσεμαρ-

1949 489 2057 527 "um
2082 474 2367 545 eﬂ‘ugiunt,
2405 491 2515 530 non
2542 476 2777 543 thronis,
2820 494 2927 535 non
2953 482 3372 552 principatibus,
3406 500 3515 540 non

250 557 505 629 τὺρησεν.
534 559 595 611 ού
624 562 735 623 τοῖς
758 561 1076 631 ὁρωμένοις,
1111 564 1172 616 οὐ
1210 566 1320 628 τοῖς
1342 566 1615 635 άοράτοις,
1637 568 1697 618 οὐ
1722 567 1839 638 Opo-

255 666 380 712 νοις,
393 650 492 703 οὐκ
505 651 723 721 ἀρχαῖς,
737 654 839 705 οὑκ
854 654 1143 720 ἐξουσίαις,
1158 656 1217 708 οὐ
1235 656 1456 728 κυριότη
1465 675 1566 721 σιν,
1580 658 1681 711 οὐκ
1694 658 1837 728 ἄλλῳ

254 742 351 794 τινὶ
393 742 785 815 ὀνομαζομένῳ
813 746 1037 817 ὀνόματι
1058 761 1073 777 °
1117 745 1238 800 οὔτε
1275 749 1332 802 ἐν
1355 748 1433 818 τῷ
1462 748 1618 803 αἰῶνι
1639 750 1837 822 τούτῳ,

256 831 369 887 οὔτε
386 834 444 888 ὲν
462 833 544 905 τῷ
561 834 826 903 μέλλοντι.
849 831 922 890 Οὗ
938 837 1115 891 τοίνυν
1136 840 1286 892 πᾶσα
1309 841 1341 910 ἠ
1361 840 1536 903 κτίσις
1551 841 1835 912 ἀμέτοχος,

252 926 407 998 δῆλον
435 926 504 981 ἂν
533 928 617 999 εἴη
650 929 864 993 πάντως
884 930 965 983 ὅτι
1003 931 1161 985 τοῦτο
1200 932 1301 1003 τῆς
1336 932 1591 987 ἀκτίστου
1626 934 1840 1003 φύσεως

256 1020 379 1074 ῑδιόν
395 1021 515 1073 ἐστι
535 1023 630 1075 καὶ
651 1022 947 1094 ἐξαίρετον.
968 1016 1136 1088 Οὗτος
1155 1024 1212 1078 δέ
1237 1025 1511 1079 πιστεύειν
1528 1026 1738 1081 κελεύει
1762 1029 1840 1089 εἰς

252 1115 343 1168 τὸν
376 1114 699 1188 καθηγητὴν
719 1118 818 1188 τῆς
844 1117 1143 1182 εὐσεϐείας.
1177 1119 1386 1172 Οὐκοῦν
1422 1120 1725 1174 πιστευέτω
1760 1123 1839 1185 είς

254 1209 348 1264 τδν
372 1210 586 1264 nam
618 1228 678 1263 τε
707 1211 800 1265 καὶ
833 1211 1140 1281 Βαρνάϐαν,
1174 1213 1269 1266 καὶ
1297 1213 1472 1278 Τίτον,
1500 1213 1592 1267 καὶ
1614 1214 1842 1268 Σιλουα-

254 1304 368 1367 νὺν,
390 1304 479 1358 καὶ
495 1303 775 1373 Τιμόθεον,
797 1305 892 1359 καὶ
912 1305 1120 1368 πάντας
1144 1304 1387 1370 ἐκείνους
1402 1306 1470 1358 δι’
1488 1299 1562 1360 ὧν
1584 1307 1720 1378 πρὸς
1743 1307 1840 1378 τὴν

255 1391 442 1444 πίστιν
479 1392 964 1465 καθωδηγήθημεν.
1004 1392 1144 1466 Εἰ[ς]
1185 1397 1293 1465 γάρ
1335 1394 1395 1447 τὸ
1434 1395 1840 1467 καθηγούμενον

251 1484 337 1547 εἰς
368 1484 653 1538 εὐσέϐειαν
689 1486 826 1555 μετὰ
850 1486 946 1539 τοῦ
973 1487 1187 1558 Πατρὸς
1219 1474 1464 1540 καῖΥίοῦ
1490 1488 1838 1542 πιστεύεσθαι

251 1577 383 1648 χρὴ.
435 1577 636 1639 πάντες
684 1578 733 1630 οἱ
785 1578 1063 1651 προφῆται
1111 1578 1205 1631 καλ¹
1252 1576 1561 1648 νομοθέται,
1598 1579 1693 1633 καὶ
1734 1597 1840 1633 πα-

250 1667 535 1736 τριάρχαι,
549 1667 790 1738 κήρυκές
810 1684 866 1720 τε
889 1668 983 1720 καὶ
999 1667 1400 1736 εὐαγγελισταὶ,
1419 1669 1512 1723 καὶ
1530 1669 1835 1733 ἀπόστολοι,

253 1760 517 1830 ποιμένες
561 1777 621 1812 τε
666 1761 760 1813 καὶ⁵
803 1762 1110 1816 διδάσκαλοι
1148 1764 1423 1834 ὁμοτίμως
1477 1765 1659 1835 ἔχουσι
1702 1767 1837 1837 πρὸς

249 1852 316 1906 τὸ
331 1852 555 1922 Πνεῦμα
590 1852 649 1905 τὸ
675 1850 1163 1925 ἂγιον,καθηγηταὶ
1184 1858 1297 1939 τοῖς
1318 1857 1434 1926 μετ’
1464 1857 1707 1921 ἐκείνους
1738 1859 1839 1929 τῆς
1871 1841 1911 1895 Β

250 1943 538 2008 εὐσεϐείας
585 1944 887 2014 γενόμενοι.
934 1947 1290 2015 Γενόμενος,
1328 1948 1510 2019 φησὶν,
1554 1950 1670 2002 ὑπὸ
1733 1950 1839 2004 τοῦ

244 2039 452 2109 μόνον
492 2039 641 2093 Θεοῦ
670 2038 766 2092 διὰ
795 2041 900 2093 τοῦ
930 2042 1327 2109 Μονογενοῦς.
1383 2042 1841 2112 Ἀνακεφαλαιοῦ-

249 2147 351 2183 ται
402 2131 578 2183 πᾶσαν
612 2129 778 2183 αὐτοῦ
824 2129 922 2200 τὴν
964 2131 1218 2184 ἀσέϐειαν
1251 2131 1338 2184 διά
1369 2132 1476 2185 τῶν
1512 2134 1836 2204 εἰρημένων,

248 2220 431 2273 Πάλιν
466 2220 626 2289 μόνον
666 2220 800 2272 Θεὸν
843 2219 933 2272 τὸν
973 2220 1192 2290 Πατέρα
1222 2220 1580 2291 κατονομάζει
1627 2221 1842 2292 ὀργάνῳ

248 2311 597 2382 κεχρημένον
626 2312 703 2381 τῷ
736 2312 1032 2379 Μονογενεῖ
1054 2311 1190 2383 πρὸς
1221 2312 1319 2382 τὴν
1361 2312 1704 2384 κατασκευὴν
1746 2312 1840 2366 τοῦ

244 2405 595 2473 Πνεῦματος.
640 2405 807 2458 Ποίαν
837 2403 1012 2475 εὑρὼν
1054 2406 1118 2458 ἐκ
1162 2404 1263 2474 τῆς
1297 2405 1515 2476 Γραφῆς
1546 2404 1704 2457 σκιάν
1748 2404 1842 2457 τοῦ

246 2494 502 2549 τοιούτου
537 2496 828 2566 νοήματος,
863 2494 1035 2548 ταῦτα
1081 2495 1289 2567 τολμᾷ;
1336 2496 1432 2550 Ἐκ
1468 2496 1625 2559 ποίας
1667 2495 1843 2566 ἀρχῆς

242 2590 327 2643 δι’
364 2587 657 2642 ἀκολούθου
695 2587 836 2659 πρὸς
862 2586 923 2640 τὸ
971 2586 1179 2640 τοιοῦτο
1212 2586 1385 2658 πέρας
1416 2586 1697 2658 προήγαγε
1744 2586 1841 2654 τὴν

238 2680 549 2747 ἀσέϐειαν;
604 2680 700 2743 Τίς
734 2679 842 2733 τῶν
871 2679 1270 2748 εὐαγγελιστῶν
1298 2695 1467 2749 (gnat;
1498 2678 1581 2741 τίς
1614 2676 1846 2729 ἀπόστο-

240 2773 391 2839 10;;
450 2774 535 2838 τίς
613 2775 927 2845 προφήτης;
986 2774 1102 2827 Πᾶν
1162 2773 1261 2843 μὲν
1317 2768 1410 2825 οὖν
1480 2771 1543 2824 τὸ
1604 2770 1847 2825 ἐναντίον

242 2867 410 2919 πᾶσα
437 2864 630 2936 Γραφὴ
668 2865 1040 2931 θεόπνευστος,
1076 2867 1110 2935 ἡ
1143 2864 1229 2919 διὰ
1291 2865 1389 2935 τῆς
1439 2864 1721 2929 ἐπιπνοίας
1752 2865 1846 2919 τοῦ

238 2959 579 3029 Πνεῦματος
645 2960 1054 3030 ἀναγραφεῖσα,
1116 2962 1385 3031 μαρτυρεί
1439 2958 1518 3030 τῷ
1571 2959 1847 3029 Πνεύματι

242 3053 360 3123 τὴν
419 3050 669 3122 θεότητα.
736 3046 860 3104 Οἴον
914 3052 1192 3121 (κρεῖττον
1245 3051 1353 3120 γὰρ
1406 3050 1472 3104 δι’
1512 3051 1688 3104 αὐτῶν
1739 3049 1848 3102 τῶν

246 3143 580 3217 μαρτυριῶν
620 3144 898 3208 ἀποδεῖξαι
928 3144 1020 3197 τὸν
1051 3143 1238 3213 λόγον)
1309 3144 1360 3197 οἱ
1404 3142 1657 3205 λαϐόντες
1690 3140 1845 3208 ἐξου-

242 3238 383 3291 σίαν
419 3236 517 3289 τοῦ
548 3236 713 3290 τέκνα
740 3235 875 3289 Θεοῦ
906 3236 1180 3305 γενέσθαι,
1211 3234 1544 3308 μαρτυροῦσι
1571 3235 1648 3304 τῷ
1672 3232 1843 3287 Πνεῦ-

250 3343 393 3397 ματι
422 3325 524 3396 τὴν
570 3325 817 3396 θεότητα.
850 3326 947 3390 Τίς
976 3327 1085 3398 γὰρ
1128 3327 1313 3396 ἀγνοεῖ
1358 3324 1455 3395 τὴν
1501 3324 1594 3377 τοῦ
1638 3322 1844 3395 Κυρίου

245 3416 479 3488 φωνὴν,
533 3417 617 3469 ὅτι
654 3418 715 3469 υἱ
738 3418 802 3469 ἐκ
830 3416 923 3469 τοῦ
960 3415 1277 3486 Πνεύματος
1310 3413 1678 3486 γεννηθέντες,
1711 3411 1844 3466 Θεοῦ

249 3508 426 3562 τέκνα
459 3508 631 3572 είσίνς
668 3506 825 3561 Οὕτω
852 3508 959 3578 γὰρ
982 3506 1278 3578 διαρρήδην
1307 3508 1576 3577 μαρτυρεί
1602 3504 1681 3575 τῷ
1705 3504 1847 3575 ἁγίῳ

251 3598 543 3670 Πνεύματι
593 3598 700 3652 τῶν
745 3598 840 3652 τοῦ
887 3598 1022 3652 Θεοῦ
1063 3598 1267 3651 τέκνων
1303 3598 1401 3668 τὴν
1447 3597 1718 3667 γέννησιν,
1769 3596 1848 3649 εί-

247 3686 400 3752 πὼν,
452 3688 535 3741 ὅτι
576 3687 805 3755 Ὠσπερ
842 3687 907 3740 τὸ
953 3685 1392 3757 γεγεννημένον
1436 3687 1505 3740 ἐκ
1550 3686 1661 3755 τῆς
1698 3702 1847 3754 σαρ-

250 3781 392 3845 κὸς,
421 3777 583 3847 σάρξ
605 3780 778 3833 ἐστιν
797 3794 812 3809 ·
850 3778 1038 3845 οὕτως
1074 3778 1172 3832 καὶ
1209 3779 1277 3833 τὸ
1315 3778 1753 3849 γεγεννημένον
1778 3777 1848 3833 ἐκ

248 3871 373 3925 τοῦ
420 3870 783 3939 πνεύματος,
820 3868 1063 3939 πνεῦμά
1103 3870 1292 3924 ἐστιν.
1336 3870 1492 3923 Ὅσοι
1519 3870 1576 3923 δὲ
1609 3869 1713 3923 ὑπὸ
1750 3868 1847 3923 τοῦ

246 3963 584 4034 Πνεῦματος
629 3962 1019 4036 ἐγεννήθησαν,
1069 3963 1205 4018 Θεοῦ
1262 3964 1426 4018 τέκνα
1476 3961 1852 4036 προσηγορεύο

244 4060 460 4128 θησαν.
495 4056 686 4121 Οὕτως
714 4058 810 4111 καὶ
841 4056 935 4110 τοῦ
965 4057 1171 4129 Κυρίου
1205 4057 1293 4111 διὰ
1321 4055 1416 4109 τοῦ
1451 4056 1846 4127 προσφυσήμα-

242 4167 356 4212 τος
384 4149 681 4212 δεδοικότος
710 4151 824 4213 τοῖς
878 4148 1145 4213 μαθηταῖς
1191 4147 1253 4200 τὸ
1294 4147 1518 4216 Πνεῦμα
1565 4147 1624 4199 τὸ
1672 4146 1847 4213 ἅγιον,

242 4244 433 4312 φησιν
474 4246 505 4296 ὁ
555 4240 824 4313 Ἰωάννης,
858 4240 955 4295 Ἐκ
974 4239 1071 4295 τοῦ
1094 4237 1459 4312 πληρώματος
1494 4237 1658 4292 αὐτοῦ
1690 4240 1850 4309 ἡμεῖς

243 4333 468 4394 πάντες
492 4330 781 4402 ἐλάϐομεν.
818 4330 909 4383 Ἑν
933 4328 1081 4400 αὐτῷ
1108 4330 1165 4383 δὲ
1190 4331 1460 4383 κατοικεῖν
1486 4328 1547 4381 τὸ
1578 4328 1850 4399 πλήρωμα

236 4424 366 4494 τῆς
400 4424 669 4493 θεὰτητος,
697 4426 728 4477 ὁ
766 4422 938 4493 μέγας
964 4422 1176 4485 Παῦλος
1203 4421 1651 4492 διαμαρτύρεται.
1694 4418 1851 4473 Ἀλλὰ

1941 568 2322 635 potestatibus,
2349 582 2458 622 non
2491 569 2978 638 dominationibus,
3011 591 3121 629 non
3152 577 3242 630 alii
3297 578 3389 646 qui
3423 596 3520 634 nu-

1943 661 2088 714 mine
2121 659 2300 729 aliquo
2353 660 2708 730 nominatur;
2742 679 2919 735 neque
2970 669 3130 721 etiam
3169 669 3221 723 in
3262 669 3367 724 hoc
3413 686 3520 726 sa:—

1940 748 2064 803 culo
2096 765 2271 820 neque
2303 751 2358 805 in
2387 751 2590 809 futuro.
2637 755 2808 824 Cujus
2846 757 3012 827 igitur
3056 760 3235 814 onmis
3266 746 3520 816 creatura

1939 855 2137 909 expers
2161 850 2265 909 est,
2298 845 2649 915 perspicuum
2682 844 2849 901 fuerit
2874 850 3098 904 omnino
3131 851 3235 906 hoc
3263 854 3522 909 increata:

1942 943 2153 989 natura:
2184 937 2461 1007 proprium
2520 953 2640 992 esse
2678 947 2733 993 et
2780 941 3116 1009 praecipuum
3172 943 3303 997 :bic
3335 953 3519 1000 autem

1939 1024 2095 1094 jubet
2123 1026 2348 1082 credere
2385 1028 2464 1099 (in
2492 1030 2813 1098 magistrum
2867 1031 3130 1101 pietatis).
3154 1034 3301 1106 Ergo
3333 1037 3523 1092 credat

1942 1116 1996 1169 in
2037 1115 2286 1183 Paulum,
2329 1129 2383 1174 ct
2419 1119 2744 1186 Barnabam,
2783 1130 2837 1176 et
2866 1122 3075 1191 Titum,
3113 1133 3165 1179 et
3198 1126 3520 1197 Sylvanum,

1940 1215 1995 1262 et
2020 1207 2390 1274 Timotheum,
2422 1227 2723 1282 omnesque
2769 1215 2891 1268 illos
2914 1230 3007 1284 per
3036 1232 3174 1285 quos
3241 1223 3307 1271 ad
3363 1220 3522 1273 [idem

1941 1300 2158 1355 deducti
2192 1299 2416 1357 fuimus.
2448 1302 2583 1357 Nam
2614 1305 2660 1359 si
2685 1305 2738 1358 in
2774 1305 2827 1359 id
2857 1308 3002 1376 quod
3036 1308 3102 1361 ad
3129 1309 3383 1378 pietatem
3421 1312 3525 1366 du-

1942 1393 2015 1447 cit
2048 1406 2172 1445 cum
2200 1392 2357 1448 Patre
2389 1403 2441 1448 et
2473 1391 2613 1449 Filio
2642 1398 2864 1453 credere
2888 1407 3123 1467 Oportet,
3150 1416 3340 1459 omnes
3395 1422 3526 1475 pro-

1940 1484 2116 1553 pheta:
2154 1493 2207 1539 et
2253 1485 2614 1555 legislatores.
2664 1490 3009 1558 patriarchae,
3058 1508 3448 1565 praeeonesque
3471 1508 3527 1554 et

1943 1574 2290 1643 evangelista:
2342 1583 2399 1629 et
2454 1577 2687 1645 apostoli
2748 1588 3109 1650 pastoresque
3168 1592 3221 1638 et
3270 1583 3526 1642 doctores

1942 1668 2060 1734 pari
2121 1665 2327 1722 honore
2385 1682 2511 1721 cum
2554 1668 2759 1739 Spiritu
2807 1680 3000 1726 sancto
3051 1674 3343 1731 decorandi
3375 1688 3528 1745 sunt,

1943 1759 2070 1828 quia
2111 1758 2331 1822 fuerunt
2382 1761 2450 1814 iis
2493 1761 2587 1829 qui
2635 1770 2761 1831 post
2801 1764 2925 1818 illos
2973 1765 3085 1817 nati
3131 1776 3259 1821 sunt
3309 1769 3529 1837 pietatis

1942 1852 2212 1919 praestites
2241 1862 2295 1906 et
2331 1853 2597 1921 magistri.
2637 1852 2859 1917 Factus,
2924 1855 3124 1926 inquit,
3163 1876 3195 1912 a
3250 1862 3365 1915 salo
3420 1860 3529 1917 Deo

1943 1958 2036 2008 per
2074 1939 2443 2010 Unigenitum;
2481 1943 2532 1996 in
2570 1936 2837 1997 summam
2878 1955 2932 1999 et
2966 1956 3128 2015 caput
3184 1948 3378 2019 redigit
3407 1966 3528 2005 om-

1943 2049 2065 2087 nem
2097 2048 2251 2087 suam
2282 2034 2632 2103 impietatem,
2654 2051 2748 2104 per
2772 2034 2887 2089 haec
2908 2035 3073 2091 dicta.
3106 2037 3320 2094 Rursus
3347 2043 3523 2095 solum

1947 2121 2112 2177 Demn
2142 2121 2357 2176 Patrem
2388 2123 2633 2177 nominat
2658 2124 3019 2180 instrumento
3048 2143 3204 2181 usum
3234 2127 3528 2199 Unigenito

1945 2212 2011 2266 ad
2032 2214 2501 2270 constructionem
2522 2214 2791 2286 Spiritus.
2814 2216 3119 2283 Quamnam
3143 2236 3206 2275 ex
3236 2220 3527 2291 Scriptura

1945 2308 2196 2362 umbram
2226 2308 2542 2377 hujusmodi
2577 2310 2817 2365 notionis
2840 2318 3036 2368 nactus
3067 2312 3183 2368 hzec
3209 2315 3414 2369 audet?
3449 2315 3527 2370 Ex

1946 2414 2055 2469 quo
2084 2400 2353 2470 principio
2405 2416 2501 2470 per
2528 2403 2971 2457 consecutionem
3006 2405 3071 2459 ad
3103 2406 3268 2460 talem
3304 2408 3530 2462 conclu-

1946 2491 2157 2546 sionem
2194 2493 2451 2562 produxit
2507 2495 2880 2565 impietatem?
2934 2500 3195 2567 Quisnam
3254 2506 3530 2575 evangeli-

1947 2592 2159 2640 starum
2196 2587 2298 2641 hoc
2333 2588 2507 2643 dicit?
2536 2591 2661 2659 quis
2692 2593 3018 2661 apostolus?
3051 2596 3174 2663 quis
3224 2595 3530 2664 propheta?

1947 2676 2171 2732 omnino
2205 2679 2423 2748 quidem
2460 2681 2800 2735 contrarium
2833 2684 3013 2737 omnis
3046 2700 3074 2735 a
3120 2682 3231 2738 Deo
3263 2684 3530 2754 inspirata

1950 2766 2238 2839 Scriptura
2286 2769 2467 2824 aIIlatu
2502 2770 2747 2842 Spiritus
2778 2773 3078 2842 descripta,
3115 2774 3371 2829 deitatem
3405 2774 3531 2846 Spi-

1948 2860 2080 2915 ritui
2115 2875 2217 2917 suo
2242 2864 2560 2918 testimonio
2574 2867 2794 2933 asserit,
2827 2866 3061 2934 exempli
3089 2868 3285 2936 gratia,
3306 2876 3531 2937 praestat

1948 2957 2091 3009 enim
2123 2955 2460 3012 testimoniis
2485 2957 2789 3012 orationem
2810 2959 3187 3014 demonstrare
3206 2999 3220 3021 ,
3248 2961 3334 3029 qui
3372 2975 3532 3014 acce-

1951 3058 2149 3117 perunt
2178 3055 2505 3118 potestatem
2542 3058 2601 3103 ut
2642 3050 2734 3105 Dei
2765 3052 2857 3106 ﬁlii
2904 3054 3116 3113 ﬁerent.
3148 3068 3250 3108 suo
3280 3055 3531 3108 testimo-

1952 3142 2044 3192 nio
2074 3140 2303 3209 Spiritui
2352 3140 2634 3196 vindicant
2667 3141 3032 3199 divinitatem.
3084 3145 3218 3212 Quis
3252 3145 3394 3199 enim
3424 3143 3531 3199 Do-

1950 3227 2083 3280 mini
2126 3243 2311 3282 vocem
2349 3229 2600 3299 ignorat?
2627 3230 2733 3295 Qui
2765 3246 2832 3285 ex
2869 3231 3077 3302 Spiritu
3106 3236 3221 3288 nati
3269 3244 3397 3289 sunt
3432 3232 3531 3288 lilii

1950 3317 2043 3372 Dei
2072 3320 2263 3373 sunt'.
2293 3317 2387 3374 Sic
2420 3322 2565 3375 enim
2593 3330 2781 3390 aperte
2813 3320 3039 3392 Spiritui
3065 3334 3258 3379 sancto
3294 3327 3531 3379 ﬁliorum

1948 3408 2042 3463 Dei
2066 3411 2477 3479 generationem
2532 3415 2792 3478 ascribit,
2847 3430 2973 3470 cum
3025 3415 3163 3470 dixit
3210 3417 3529 3483 :Quemad-

1948 3503 2161 3554 modum
2208 3502 2347 3572 quod
2400 3520 2465 3557 ea:
2514 3521 2673 3560 carne
2716 3508 2949 3576 genitum
3003 3518 3100 3572 est,
3129 3525 3253 3562 caro
3299 3517 3376 3563 est
3404 3525 3421 3561 :
3453 3509 3533 3561 ita

1948 3592 2112 3646 etiam
2158 3596 2296 3664 quod
2327 3610 2391 3648 ea:
2417 3597 2605 3664 spiritu
2638 3600 2874 3668 genitum
2916 3608 2992 3653 est
3020 3601 3237 3668 spiritus
3271 3608 3371 3664 est,
3401 3601 3531 3668 qni-

1949 3699 2167 3755 cunque
2216 3700 2248 3740 a
2301 3686 2509 3757 Spiritu
2568 3691 2738 3761 geniti
2798 3699 2927 3745 sunt
2978 3690 3071 3745 ﬁlii
3130 3691 3220 3746 Dei
3277 3690 3533 3761 appellati

1954 3778 2141 3833 sunt'.
2173 3776 2272 3833 Sic
2305 3778 2470 3834 etiam
2499 3795 2622 3834 cum
2660 3780 2928 3837 Dominus
2969 3796 3066 3852 per
3104 3796 3264 3835 suum
3292 3781 3533 3833 ainatum

1952 3869 2242 3941 discipulis
2263 3870 2504 3928 dedisset
2523 3870 2786 3943 Spiritum
2808 3882 3086 3935 sanctum,
3122 3873 3197 3926 ait
3226 3872 3532 3933 Joannes",

1958 3965 2032 4022 Ex
2066 3964 2399 4036 plenitudine
2432 3964 2553 4034 ejus
2585 3980 2778 4020 omnes
2837 3964 3171 4033 accepimus.
3216 3963 3276 4017 In
3328 3977 3393 4017 eo
3426 3977 3532 4016 au-

1951 4062 2059 4110 tem
2090 4054 2402 4110 inhabitare
2432 4056 2833 4126 plenitudinem
2873 4056 3094 4110 deitatis
3132 4068 3362 4123 magnus
3388 4053 3535 4107 Pau-

1951 4147 2038 4203 lus
2089 4148 2436 4203 testilicatur.
2468 4148 2612 4214 Quin
2660 4148 2824 4203 etiam
2859 4162 2952 4218 per
2981 4148 3303 4218 prOphetam
3339 4146 3534 4202 Isaiam

1951 4238 2020 4293 de
2057 4254 2119 4294 ea
2167 4254 2291 4309 quae
2320 4239 2427 4295 sibi
2459 4239 2602 4293 facta
2632 4250 2715 4294 est
2740 4239 2835 4293 Dei
2872 4241 3239 4310 apparitione,
3271 4254 3395 4293 cum
3446 4241 3536 4294 vi-

1953 4330 2034 4384 dit
2074 4329 2354 4385 sedentem
2394 4330 2451 4384 in
2494 4329 2697 4384 throno
2731 4332 2951 4387 excelso
2986 4341 3040 4387 et
3081 4333 3293 4388 elevato
3320 4374 3334 4398 ,
3390 4332 3534 4386 anti-

1956 4420 2115 4489 quior
2146 4420 2368 4475 traditio
2397 4418 2613 4476 Patrem
2644 4436 2766 4476 esse
2796 4422 2929 4476 dicit
2953 4439 3078 4477 eum
3112 4425 3205 4494 qui
3248 4425 3399 4479 visus
3427 4434 3532 4478 est.

244 4520 362 4569 καὶ
402 4516 480 4570 ἐτι
518 4516 607 4570 διὰ
626 4514 721 4570 τοῦ
755 4517 1035 4587 προφήτου
1080 4515 1298 4568 ’Πσαῖου
1333 4515 1461 4587 περί
1488 4515 1588 4583 τῆς
1619 4508 1846 4583 γενομέ-

1958 4511 2064 4566 Sed
2090 4510 2328 4567 Joannes
2351 4512 2683 4581 evangelista
2714 4514 2780 4566 ad
2802 4513 3086 4568 Dominum
3112 4513 3277 4568 refert
3294 4514 3533 4584 prophe-

236 4626 366 4679 γης
407 4609 553 4679 αὐτῷ
599 4608 950 4678 θεοφανείας,
1000 4609 1090 4661 ὅτε
1141 4603 1247 4660 εἶδε
1293 4606 1385 4660 τὸν
1423 4606 1729 4677 καθήμενον
1761 4606 1853 4659 ἐπὶ

234 4703 463 4773 ορόνου
510 4701 714 4774 ὑψηλοῦ
763 4702 855 4755 καὶ
908 4700 1256 4772 ἐπηρμένου,
1303 4703 1337 4769 ἡ
1392 4700 1488 4770 μὲν
1526 4699 1853 4770 ἀρχαιοτέρα

234 4793 566 4863 παράδοσις
606 4795 701 4847 τὸν
751 4793 971 4865 Πατέρα
1011 4789 1150 4847 εἶναι
1194 4793 1341 4863 λέγει
1387 4791 1477 4847 τὸν
1519 4792 1778 4861 ὀφθέντα·
1825 4792 1854 4843 ὁ

230 4885 303 4938 δὲ
356 4883 754 4956 εύαγγελιστὴς
804 4885 1075 4954 Ἰωάννης,
1113 4886 1194 4948 εἰς
1225 4883 1316 4937 τὸν
1355 4883 1559 4956 Κύριον
1591 4882 1853 4953 ἀναφέρει

232 4976 363 5044 τήν
409 4976 760 5045 προφητείαν,
790 4975 962 5043 λέγων
990 4977 1121 5045 περὶ
1156 4975 1267 5027 τῶν
1299 4975 1372 5045 μὴ
1418 4975 1854 5027 πεπιστευκότων

188 5084 201 5107 ε
249 5062 555 5129 Ἰουδαίων
583 5067 684 5130 τὰς
716 5066 796 5135 τῷ
845 5067 1097 5138 προφήτῃ
1132 5065 1391 5134 ῥηθείσας
1446 5065 1573 5133 περὶ
1607 5063 1701 5116 τοῦ
1746 5065 1857 5116 Κυ-

232 5155 395 5226 ρίου
448 5158 651 5223 φωνάς,
702 5160 786 5211 ὅτι
839 5158 1029 5212 Ταῦτα
1068 5154 1240 5211 εἶπεν
1289 5158 1559 5224 Ἡσαΐας,
1598 5158 1697 5211 ὅτε
1735 5154 1857 5211 εἶδε

236 5262 266 5300 ε
284 5247 391 5313 ἢν
422 5244 601 5311 δόξαν
626 5248 839 5312 αὐτοῦ,
868 5249 968 5303 καὶ
997 5248 1267 5318 ἐλάλησεν
1297 5250 1427 5319 περὶ
1463 5248 1670 5304 αὐτοῦ.
1715 5251 1775 5303 '0
1798 5252 1855 5305 δὲ

236 5336 468 5407 μέγας
490 5337 691 5402 Παῦλος
735 5337 815 5410 τῷ
848 5338 988 5409 ἁγίῳ
1020 5338 1299 5408 Πνεύματι
1329 5340 1420 5393 τὸν
1462 5340 1623 5394 αὑτὸν
1666 5340 1854 5394 τοῦτον

231 5426 447 5496 ὶὸγον
474 5430 1009 5502 προσεμαρτύρησεν,
1045 5432 1103 5484 ἐν
1142 5434 1208 5502 τῇ
1247 5431 1515 5506 γενομένῃ
1542 5433 1689 5505 αὑτῷ
1721 5433 1858 5506 πρὸς

228 5519 403 5581 τοὺς
465 5516 737 5583 Ἰουδαίους
778 5521 919 5576 κατὰ
963 5522 1064 5594 τὴν
1097 5522 1314 5593 Ῥώμην
1357 5525 1683 5598 δημηγορίᾳ.
1732 5527 1859 5579 Ὅτε

227 5610 480 5684 ςησὶν,
502 5612 691 5677 Καλῶς
738 5609 857 5667 εἷπε
901 5616 1031 5686 περὶ
1065 5616 1220 5686 ὑμῶν
1251 5616 1311 5670 τὸ
1342 5617 1564 5690 Πνεῦμα
1591 5620 1652 5673 τὸ
1681 5620 1856 5689 ἅγιον,

320 5768 357 5803 ⁸
402 5763 680 5836 101mm,
712 5774 765 5829 6.
841 5772 861 5803 ⁸
886 5770 1042 5828 Joan.
1069 5789 1108 5838 ι,
1138 5774 1225 5832 i3.
1303 5779 1323 5811 '
1357 5776 1514 5839 Joan.
1550 5798 1645 5856 xx,
1675 5780 1764 5841 29..
1842 5786 1863 5819 ⁸
1896 5784 2001 5843 lsa.
2040 5796 2113 5853 vt,
2152 5781 2204 5838 l.

615 5867 884 5932 Pnaon.
929 5864 1047 5935 Gn.
1096 5870 1281 5937 XLV.

1956 4605 2110 4668 tiam,
2149 4604 2340 4659 dicens
2394 4603 2462 4660 de
2497 4603 2703 4661 Judzeis
2734 4606 2827 4675 qui
2864 4618 2982 4660 non‘
3026 4605 3398 4671 crediderunt,
3441 4621 3539 4661 eas

1956 4710 2119 4751 voces
2152 4711 2272 4765 quae
2305 4710 2334 4747 a
2370 4695 2602 4750 Domino
2623 4698 2898 4768 prephette
2927 4697 3085 4751 dicta:
3116 4696 3357 4751 fuerunt.
3389 4696 3535 4759 Haec.

1956 4789 2197 4859 inquit“,
2225 4788 2361 4841 dixit
2404 4787 2611 4853 Isaias,
2644 4789 2856 4859 quando
2900 4790 3028 4843 vidit
3061 4789 3290 4859 gloriam
3335 4788 3448 4857 ejus
3487 4797 3537 4841 et

1957 4883 2160 4937 locutus
2199 4893 2277 4936 est
2323 4881 2386 4935 de
2422 4899 2481 4935 εο
2513 4885 2555 4935 ⁸.
2604 4881 2832 4952 Magnus
2874 4898 3003 4935 vero
3048 4882 3252 4936 Paulus
3285 4882 3537 4935 eumdem

1960 4990 2267 5032 sermonem
2300 4975 2532 5045 Spiritui
2555 4983 2748 5028 sancto
2784 4974 3056 5038 attribuit,
3095 4974 3147 5027 in
3182 4988 3244 5027 ea
3272 4971 3540 5026 concione

1959 5082 2125 5139 quam
2153 5067 2269 5136 ipse
2295 5064 2482 5120 Roma:
2513 5065 2702 5119 habuit
2730 5064 2795 5118 ad
2829 5063 3067 5129 Judaeos,
3103 5079 3228 5119 cum
3261 5064 3357 5126 ait,
3393 5061 3540 5115 Bene

1959 5159 2094 5214 dixit
2121 5158 2189 5213 de
2224 5158 2376 5213 vobis
2426 5156 2670 5227 Spiritus
2699 5167 2949 5220 sanctus,
2987 5157 3134 5226 quod
3191 5155 3380 5209 auditu
3434 5167 3536 5206 au-

1959 5250 2123 5307 dietis
2153 5258 2339 5304 etnon
2374 5248 2693 5318 intelligetis
2730 5266 2743 5301 :
2778 5248 3101 5309 ostendens,
3140 5246 3284 5301 sicut
3317 5245 3535 5314 opinor,

1960 5357 2056 5411 per
2088 5341 2229 5394 hanc
2272 5348 2518 5396 sanctam
2550 5338 2893 5408 Scripturam
2913 5340 2979 5403 ιο,
3009 5337 3152 5409 quod
3184 5337 3364 5393 omnis
3399 5336 3539 5392 visio

1962 5430 2199 5487 divinior
2262 5431 2552 5501 omnisque
2640 5430 2736 5484 Dei
2804 5431 3111 5501 apparitio,
3176 5439 3342 5499 atque
3418 5443 3539 5481 om—

1963 5526 2047 5580 nis
2078 5538 2259 5579 sermo
2309 5525 2401 5593 qui
2453 5539 2518 5580 ex
2582 5537 2814 5593 persona
2871 5522 2966 5576 Dei
3024 5521 3259 5582 dicitur,
3291 5518 3357 5574 de
3383 5517 3545 5575 Patre

1960 5628 2015 5677 et
2071 5619 2136 5676 de
2187 5616 2326 5675 Filio
2376 5624 2432 5673 et
2508 5615 2577 5672 de
2647 5614 2855 5688 Spiritu
2929 5622 3118 5671 sancto
3196 5611 3540 5683 intelligitur.

2800 5777 2845 5816 ³⁸
2871 5776 2992 5834 Act.
3025 5791 3223 5840 xxvm,
3254 5770 3345 5838 25,
3378 5767 3472 5825 26.

3145 5865 3221 5930 18

2280 5778 2300 5809 '
2326 5774 2483 5835 Joan.
2507 5793 2607 5851 an,
2632 5776 2721 5835 41.
