4032 6208
527 277 639 337 855

1711 274 1769 331 S.
1815 273 2141 332 GREGORII
2178 274 2467 331 NYSSENI

3658 264 3766 326 53:6

524 396 750 468 Propter
805 394 907 448 hoc
939 392 1138 448 Davidc
1166 391 1383 445 dicente
1428 390 1572 462 quod
1627 391 1693 447 ad
1753 394 1887 448 iram
1918 391 2083 447 Deum

2188 393 2268 446 ὅτι
2297 394 2433 463 ἀκοῇ
2462 390 2744 457 ἀκούσετε,
2787 390 2878 444 καὶ
2918 389 2975 443 οὺ
3028 387 3103 459 μὴ
3146 389 3368 457 συνῆτε·
3411 386 3642 452 δεικνὺς,
3689 398 3766 460 ὡς

522 489 955 555 provocaverunt
1002 482 1057 535 in
1107 482 1347 545 deserto,
1406 490 1461 537 et
1525 482 1995 537 exacerbaverunt
2032 481 2087 537 in

522 573 720 627 terra"
768 572 1071 642 inaquosa;
1113 573 1409 642 Apostolus
1438 572 1506 627 ad
1539 571 1800 643 Spiritum
1841 583 2091 630 sanctum

519 662 686 717 refert
717 678 781 718 ea
812 678 934 732 quae
967 663 1036 718 ab
1060 662 1324 719 lsraelitis
1348 671 1542 718 contra
1576 662 1742 718 Deum
1770 663 1911 719 facta
1941 672 2089 729 sunt,

517 753 599 806 sic
627 752 695 808 ad
713 754 937 809 verbum
965 754 1236 816 scribens,
1278 751 1548 819 Quocirca
1578 753 1723 809 sicut
1754 752 1890 809 dicit
1920 751 2093 825 Spiri-

519 852 607 900 tus
652 854 877 901 sanctus
907 864 921 899 :
963 844 1145 900 Nolite
1175 844 1435 901 obdurare
1468 844 1631 899 corda
1667 853 1834 900 vestra
1873 847 2005 900 sicut
2038 848 2093 901 in

517 934 915 990 cxacerbatione
978 936 1037 990 in
1104 935 1189 990 die
1254 935 1559 989 tentatiom’s
1611 935 1661 988 in
1708 934 1950 999 deserto,
2001 934 2092 989 ubi

519 1036 847 1082 tentaverunt
898 1045 978 1081 me
1021 1038 1197 1098 patres
1246 1025 1549 1082 vestri‘M'
1590 1045 1604 1081 :
1651 1033 1705 1081 et
1750 1026 1856 1080 alia
1908 1026 2093 1081 omnia

518 1132 763 1186 personae
803 1117 1040 1187 Spiritus
1086 1118 1263 1174 sancti
1296 1118 1547 1183 ascribit,
1586 1132 1924 1188 quaecunque
1967 1132 2093 1188 pro-

518 1208 700 1278 phetia
738 1209 848 1265 Deo
872 1209 1081 1265 tribuit.
1129 1209 1233 1276 Qui
1291 1219 1475 1264 autem
1523 1224 1627 1265 nos
1682 1224 1778 1280 per
1835 1209 1950 1264 haec
1989 1209 2088 1264 do-

517 1307 697 1367 gmata
726 1308 835 1356 tres
864 1300 996 1357 deos
1024 1301 1227 1372 ﬁngere
1259 1299 1532 1369 iactitant,
1582 1300 1823 1354 nondum
1858 1298 2089 1355 fortasse

518 1406 619 1447 nec
648 1407 939 1448 numerare
961 1392 1287 1448 didicerunt.
1331 1391 1389 1447 Si
1418 1391 1765 1449 enim’Filius
1792 1402 1845 1447 et
1864 1389 2035 1446 Pater
2062 1406 2093 1445 a

516 1497 579 1540 se
602 1478 835 1539 invicem
865 1483 921 1538 in
959 1483 1175 1539 dualem
1226 1483 1680 1555 signiﬁcationem
1721 1497 1829 1537 non
1879 1482 2093 1552 disper-

514 1574 730 1630 tiuntur
764 1576 955 1645 (unum
980 1575 1129 1630 enim
1145 1583 1294 1638 sunt,
1326 1590 1435 1629 non
1448 1575 1555 1629 duo
1577 1574 1874 1631 secundum
1902 1587 2092 1628 vocem

514 1659 757 1726 Domini,
791 1678 957 1717 unum
1009 1662 1172 1718 etiam
1222 1661 1459 1732 Spiritus
1525 1661 2093 1741 sanctus),quomodo

517 1767 685 1807 unum
734 1768 857 1808 cum
923 1769 1033 1808 uno
1088 1754 1439 1822 coniunctum
1500 1754 1557 1808 in
1632 1754 1794 1807 trium
1866 1752 2091 1807 deorum

513 1858 805 1899 numerum
864 1842 1238 1901 discinditur?
1274 1844 1358 1900 vel
1416 1844 1576 1915 plane
1605 1844 1952 1914 perspicuum
2008 1853 2093 1899 est

511 1935 660 2007 quod
695 1936 881 1992 nullus
925 1937 1083 1992 nobis
1113 1938 1275 1990 trium
1305 1935 1535 1991 deorum
1573 1948 1862 1989 numerum
1884 1933 1951 1987 'in
1981 1932 2093 1987 cri-

513 2042 641 2082 men
675 2028 920 2093 verterit,
969 2029 1063 2098 qui
1091 2042 1201 2082 non
1257 2028 1411 2097 prius
1447 2028 1564 2097 ipse
1606 2026 1831 2081 deorum
1861 2023 2093 2080 dualita-

514 2126 623 2173 tem
670 2119 907 2189 proprio
959 2119 1216 2189 dogmate
1271 2117 1587 2173 astruxerit.
1647 2112 1869 2171 Duobus
1943 2114 2087 2170 enim

512 2224 683 2264 unum
714 2209 807 2279 qui
841 2208 1010 2273 addit,
1047 2208 1347 2263 ternarium
1382 2208 1609 2262 deorum
1652 2220 1941 2261 numerum
1974 2219 2088 2275 per-

511 2297 665 2362 ﬁcit;
697 2313 727 2353 a
765 2298 966 2369 quibus
1011 2307 1193 2352 autem
1224 2314 1366 2354 unus
1398 2298 1540 2353 Deus
1579 2295 1856 2359 adoratur,
1886 2296 1939 2350 in
1989 2310 2086 2349 no-

516 2389 665 2445 mine
695 2389 873 2445 Patris
901 2400 955 2446 et
982 2390 1103 2445 Filii
1128 2400 1181 2446 et
1213 2389 1450 2460 Spiritus
1479 2392 1677 2459 sancti,
1712 2404 1872 2462 quem
1906 2389 2087 2444 locum

515 2478 678 2536 habet
708 2481 872 2535 trium
903 2480 1128 2537 deorum
1154 2482 1506 2538 criminatio?

2195 480 2369 556 οἴμαι,
2393 484 2459 537 δι’
2490 483 2657 553 αὐτῆς
2699 482 2799 552 τῆς
2831 482 2990 550 ἁγίας
3016 478 3259 551 Γραφῆς,
3289 479 3371 530 ὅτι
3406 478 3550 531 πᾶσα
3593 479 3770 532 ὀπτα-

2197 576 2285 629 σία
2314 574 2578 646 θειοτέρα,
2612 573 2707 626 καὶ
2733 574 2878 629 πᾶσα
2901 570 3205 640 θεοφάνεια,
3236 568 3329 624 καὶ
3374 569 3479 632 πᾶς
3514 568 3670 637 λόγος
3701 570 3768 622 ἐκ

2194 665 2484 736 προσώπου
2515 663 2649 718 Θεοῦ
2693 664 3003 734 λεγόμενος,
3038 662 3131 717 ἐπὶ
3167 661 3261 715 τοῦ
3304 661 3515 732 Πατρὺς
3541 662 3767 725 νοεῖται,

2194 760 2289 813 καὶ
2320 758 2412 811 ἐπὶ
2440 756 2533 811 τοῦ
2560 754 2712 821 Υἱοῦ,
2739 756 2834 809 καὶ⁸
2863 756 2954 808 ἐπί
2987 753 3081 808 τοῦ
3121 752 3432 823 Πνεῦματος
3463 750 3557 804 τοῦ
3584 750 3764 820 ἀγίου.

2193 850 2293 906 Διά
2335 850 2489 904 τοῦτο
2516 848 2609 903 τοῦ
2656 848 2819 904 Δαὸὶδ
2864 847 3127 911 εἰπόντος,
3162 846 3244 898 ὅτι
3285 843 3641 916 παρώργισαν
3672 842 3770 895 τὸν

2192 939 2325 994 Θεὸν
2354 942 2413 994 ἐν
2439 941 2505 1010 τῇ
2535 940 2743 1010 ἐρήμῳ,
2775 938 2871 992 καὶ
2903 935 3222 1006 παρώξυναν
3256 933 3418 988 αὑτὸν
3454 932 3512 985 ἐν
3564 933 3635 1003 γῇ
3669 931 3769 984 ἀν-

2182 1030 2359 1102 ῦδρῳ,
2385 1032 2414 1084 6
2453 1030 2766 1093 Ἀπόστολος
2801 1029 2880 1092 είς
2902 1026 2963 1081 τὺ
2991 1025 3213 1095 Πνεῦμα
3242 1022 3303 1077 τὸ
3324 1024 3478 1091 ἀγιον
3507 1019 3769 1091 ἀναφέρει

2168 1119 2262 1173 *τὰ
2288 1121 2458 1191 παρὰ
2500 1120 2607 1175 τῶν
2647 1118 2991 1190 Ἰσραηλιτῶν
3048 1114 3190 1171 κατά
3238 1114 3332 1169 τοῦ
3372 1112 3506 1166 Θεοῦ
3540 1127 3771 1181 γεγενη-

2198 1210 2354 1281 μένα,
2388 1209 2560 1274 οὕτως
2603 1208 2819 1280 γράψας
2848 1206 2924 1278 τῷ
2968 1208 3171 1278 ῥήματι
3239 1204 3350 1267 Διδ,
3407 1201 3587 1265 καθὼς
3619 1201 3770 1269 λέγει

2166 1302 2255 1357 ’τὸ
2284 1302 2505 1373 Πνεῦμα
2533 1302 2593 1354 τὸ
2626 1302 2798 1369 ἆγιον,
2823 1298 2919 1367 Μὴ
2964 1297 3342 1366 σκληρύνητε
3382 1297 3490 1360 τὰς
3518 1293 3771 1361 καρδίας

2180 1392 2363 1464 ὑμῶν
2390 1394 2471 1459 ὠς
2500 1394 2569 1447 ἐν
2604 1392 2684 1458 τῷ
2715 1386 3189 1460 παραπικρασμῷ
3219 1386 3369 1441 κατὰ
3398 1385 3511 1452 τὴν
3538 1384 3770 1455 ἡμέραν

2192 1484 2303 1540 τοῦ
2330 1485 2659 1556 πειρασμοῦ
2684 1484 2754 1537 ὲν
2780 1481 2856 1552 τῇ
2883 1480 3100 1551 ἐρήμῳ,
3133 1475 3204 1536 οὗ
3231 1476 3565 1547 ἓπειζρασάν
3605 1492 3683 1546 με
3710 1478 3772 1529 οι

2197 1574 2443 1644 πατέρες
2464 1572 2758 1643 ὐμῶν-,καὶ
2786 1572 2854 1626 τὰ
2891 1571 3026 1626 ἄλλα
3052 1570 3223 1625 πάντα
3256 1567 3332 1639 τῷ
3366 1565 3641 1639 προσώπῳ
3666 1565 3768 1618 τοῦ

2188 1649 2350 1736 ’ἁγίου
2381 1666 2694 1735 Πνεῦματκ
2728 1664 3067 1734 ἀνατίθησιν,
3109 1662 3265 1731 ὃσαὴ
3296 1658 3599 1729 προφητεία
3627 1656 3770 1729 πρὸς

2112 1730 2167 1785 (Β
2198 1730 2330 1808 Θεὸν
2362 1730 2642 1825 ἀναφέρει.
2678 1753 2742 1804 Oi
2768 1752 2825 1806 δὲ
2849 1730 2997 1821 τρεῖς
3018 1730 3331 1820 -ἡμῖνηθεοὺς
3353 1747 3441 1802 διά
3463 1746 3568 1801 τῶν
3594 1745 3771 1799 τοιού-

2198 1863 2304 1900 των
2362 1843 2809 1917 ἐπιθρυλλοῦντες
2865 1843 3183 1913 δογμάτων,
3228 1839 3381 1893 οὔπω
3439 1838 3580 1908 τάχα
3642 1837 3771 1891 οὐδὲ

2196 1936 2448 2007 ἀριθμεῖν
2487 1934 2857 2006 ἐδιδάχθησαν.
2887 1934 2951 1986 Et
2996 1933 3103 2003 γὰρ
3151 1935 3181 1985 6
3227 1930 3354 1995 Υίδς
3385 1932 3479 1984 καὶ
3505 1933 3535 1984 6
3576 1928 3770 2000 Πατὴο

2196 2027 2256 2080 οὒ
2295 2025 2603 2099 μερίζονται
2633 2026 2728 2079 ἀπ’
2756 2024 2999 2095 ἀλλήλων
3024 2024 3104 2087 είς
3147 2022 3336 2095 δυῑκὴν
3370 2022 3643 2093 σημασίαν
3672 2020 3769 2093 (ἐν

2195 2118 2305 2191 γάρ
2329 2119 2455 2182 εἱσι,
2491 2117 2585 2172 καὶ
2605 2118 2725 2188 οὐχὶ
2746 2117 2857 2181 δύο,
2882 2116 3022 2171 κατά
3051 2115 3149 2182 τὴν
3193 2114 3287 2168 τοῦ
3318 2112 3523 2186 Κυρίου
3557 2114 3766 2183 φωνήν·

2190 2211 2249 2264 ἓν
2280 2212 2337 2264 δὲ
2374 2210 2469 2264 καὶ
2501 2210 2563 2262 τὸ
2587 2209 2811 2279 Πνεῦμα
2846 2208 2907 2261 τὸ
2930 2207 3144 2275 ἅγιον),
3176 2206 3294 2271 πῶς
3318 2205 3379 2259 τὸ
3409 2206 3489 2258 ἐνὶ
3520 2205 3768 2258 συντιθέ-

2197 2318 2354 2373 μενον
2398 2302 2478 2364 είς
2525 2299 2692 2372 τριῶν
2741 2298 2877 2351 θεῶν
2900 2296 3129 2370 ἀριθμὸν
3159 2295 3519 2365 διασχίζεται;
3548 2294 3583 2363 ἥ
3609 2294 3768 2365 δῆλον

2193 2395 2411 2457 πάντως
2431 2392 2599 2457 ἐστὶν,
2628 2392 2708 2445 ὅτι
2735 2390 2833 2443 οὐκ
2858 2390 2923 2444 ἀν
2950 2405 3033 2453 τις
3054 2387 3423 2442 ἐπικαλέσειεν
3443 2388 3574 2479 ημῖν
3599 2386 3767 2456 τριῶν

2194 2484 2332 2538 θεῶν
2358 2484 2615 2556 ἀριθμὸν,
2650 2483 2725 2555 μὴ
2771 2483 3031 2553 πρότερον
3054 2480 3215 2543 αὐτὸς
3244 2478 3382 2533 θεῶν
3418 2477 3581 2533 δυάδτ.
3606 2480 3664 2531 ἐν
3686 2477 3767 2547 τῷ

510 2571 627 2643 ίδὶῳ
653 2572 885 2643 δόγματι
913 2574 1352 2647 κατασκευάζων.
1389 2578 1513 2642 Τοῖς
1538 2579 1647 2652 γάρ
1673 2579 1767 2634 δύο
1791 2581 1851 2633 τὸ
1889 2580 1947 2635 ἐν
1976 2581 2373 2652 συντιθέμενον,
2407 2582 2507 2651 τὴν
2534 2580 2739 2652 Τριάδα
2765 2580 2871 2632 τῶν
2911 2579 3046 2632 θεῶν
3088 2580 3455 2651 ἀπεργάζεται
3475 2594 3489 2607 ·
3528 2577 3660 2650 παρ’
3686 2576 3764 2631 ὧν

507 2665 564 2721 δὲ
593 2662 675 2732 εἷς
707 2672 1090 2741 προσκυνεῖται
1117 2670 1267 2739 Θεὸς,
1306 2673 1399 2728 ἐπ’
1431 2674 1651 2745 ὀνόματι
1679 2676 1890 2748 Πατρδς
1914 2677 2011 2730 καὶ
2042 2672 2169 2731 Υἱοῦ
2196 2676 2287 2733 καὶ
2314 2674 2629 2746 Πνεῦματος
2666 2675 2843 2744 ἀγίου,
2876 2673 3031 2728 ποίαν
3061 2669 3171 2743 ἔχει
3200 2670 3384 2743 χώραν
3400 2672 3440 2741 ἡ
3466 2668 3572 2722 τῶν
3598 2669 3767 2738 τριῶν

506 2758 646 2815 θεῶν
682 2761 981 2833 κατηγορία
999 2780 1014 2830 ;

579 2852 688 2908 Sed
757 2870 972 2911 omnem
1044 2855 1294 2911 Eunomii
1332 2872 1649 2913 sermonem
1706 2873 2072 2915 resumamus.

505 2940 730 3025 Factus,
772 2946 968 3016 inquit,
1009 2963 1041 2999 a
1071 2947 1183 3000 solo
1232 2946 1338 3002 Deo
1368 2964 1473 3016 per
1510 2947 1845 3020 Unigenitum
1886 2959 1937 3004 et
1970 2950 2073 3004 hic.

2265 2859 2403 2913 Ἀλλ’
2429 2858 2854 2930 ἐπαναλάΰωμεν
2885 2858 3061 2913 πάντα
3100 2857 3194 2911 τοῦ
3241 2855 3505 2927 Εὐνομίου
3542 2853 3635 2907 τὸν
3679 2853 3768 2907 λόο

2184 2967 2300 3018 γον.
2324 2952 2678 3020 Γενόμενος,
2714 2952 2898 3022 φησιν,
2932 2951 3090 3020 παρὰ
3127 2948 3234 3003 τοῦ
3259 2949 3451 3018 μόνου
3484 2944 3632 3000 Θεοῦ
3665 2944 3767 2997 διὰ

505 3023 765 3101 Quaenam
810 3037 975 3107 igitur
1008 3037 1123 3093 haec
1155 3048 1240 3094 est
1281 3038 1705 3105 demonstratio,
1743 3049 1792 3095 et
1831 3042 1913 3094 hic
1946 3058 1965 3096 :
2019 3057 2083 3096 an

2182 3040 2298 3094 toﬁ
2344 3041 2722 3110 Μονογενοῦς
2749 3041 3061 3096 καὶτοῦτο.
3094 3041 3191 3105 Τίς
3220 3035 3312 3094 οὖν
3354 3037 3625 3103 ἀπόδειξις
3665 3036 3763 3089 τοῦ

506 3126 654 3180 hunc
684 3143 853 3182 unum
903 3145 1028 3185 esse
1074 3144 1265 3185 eorum
1315 3146 1437 3201 qua:
1491 3132 1560 3185 ab
1590 3129 1885 3204 ‘Unigenito
1947 3132 2089 3188 facta

507 3218 681 3273 sunt?
719 3220 898 3274 omnia
927 3236 1027 3292 per
1080 3221 1260 3292 ipsum
1288 3237 1411 3278 esse
1441 3221 1583 3277 facta
1628 3225 1855 3277 omnino
1882 3223 2085 3289 dicent,

504 3314 561 3363 et
613 3308 668 3362 in
716 3311 972 3368 omnibus
1015 3313 1475 3382 comprehensum
1523 3328 1646 3370 esse
1692 3323 1746 3368 et
1792 3314 1956 3370 hunc.
2003 3316 2087 3371 Ad

504 3414 645 3471 quos
676 3400 1168 3465 dicemus,0mnia
1207 3419 1301 3473 per
1342 3405 1509 3472 ipsum
1560 3404 1704 3473 facta
1743 3416 1886 3459 sunt.
1933 3405 2088 3463 Sicut

505 3499 686 3547 autem
714 3493 788 3547 ait
814 3491 1013 3549 Paulus
1040 3495 1103 3559 “,
1140 3493 1282 3549 facta
1323 3504 1451 3551 sunt
1521 3495 1871 3567 aspectabilia
1903 3507 1957 3555 et
1998 3500 2086 3556 in-

503 3584 882 3655 aspcclabilia,
903 3584 1121 3653 throni,
1152 3594 1469 3656 potestates,
1504 3588 1870 3661 principatus,
1904 3590 2084 3646 domi-

505 3675 778 3739 nationes,
810 3677 1070 3745 virtutes;
1107 3676 1160 3731 in
1188 3680 1563 3737 annumeratis
1593 3693 1776 3737 autem
1801 3698 1912 3754 .per
1930 3683 2085 3740 thro-

2191 3134 2289 3189 καί
2312 3135 2487 3190 τοῦτο
2507 3135 2568 3188 ἐν
2587 3135 2697 3189 τῶν
2724 3135 2872 3207 παρά
2900 3134 2994 3187 τοῦ
3015 3131 3348 3202 Μονογενοῦς
3379 3126 3552 3194 εἶναις
3579 3130 3766 3184 Πάντα

2188 3229 2255 3283 δι’
2305 3228 2469 3283 αὑτοῦ
2508 3228 2835 3300 γεγενῆσθαι
2876 3227 3093 3290 πάντως
3139 3223 3353 3297 ἐροῦσιν
3377 3260 3394 3288 ,
3440 3224 3500 3274 ἐν
3531 3221 3590 3274 δὲ
3648 3221 3763 3282 τοις

2191 3322 2324 3375 πᾶσι
2358 3319 2847 3393 συμπεριειλῆφθαι
2890 3319 2985 3372 καὶ
3019 3316 3197 3382 τοῦτο,
3230 3316 3363 3387 πρὸς
3401 3313 3494 3377 οὓς
3527 3310 3763 3383 ἐροῦμεν

2183 3411 2269 3463 ὅτι
2294 3409 2491 3465 Πάντα
2518 3410 2591 3465 δι’
2617 3410 2803 3464 αὑτοῦ
2836 3409 3093 3480 ἐγένετο·
3135 3407 3350 3478 ἐγένετο
3392 3405 3469 3469 δὲ,
3507 3401 3693 3465 καθὼς
3730 3402 3764 3453 6

2173 3500 2397 3564 ιΠαῦλός
2439 3518 2622 3572 φησιν,
2649 3499 2825 3571 όρατά
2877 3501 2973 3554 καὶ
3004 3498 3233 3572 ἀόρατα,
3265 3497 3472 3568 θρόνοι,
3496 3494 3760 3560 ἐξουσίαι,

2185 3592 2372 3664 ἀρχαὶ,
2418 3594 2753 3664 κυριότητες,
2788 3593 3065 3663 δυνάμεις·
3090 3592 3147 3644 ἐν
3181 3590 3239 3644 δὲ
3283 3591 3397 3653 τοῖς
3439 3585 3762 3657 ἀπηριθμη-

2188 3685 2369 3756 μένοις
2391 3685 2480 3739 διὰ
2506 3686 2614 3740 τῶν
2648 3685 2851 3758 θρόνων
2879 3702 2939 3738 τε
2966 3683 3060 3738 καὶ
3083 3681 3191 3737 τῶν
3218 3681 3523 3751 δυνάμεων,
3546 3678 3617 3732 τά
3656 3679 3762 3731 Χε-

509 3781 611 3822 nos
658 3775 712 3822 et
757 3775 1055 3838 potestates
1086 3767 1377 3824 Cherubim
1416 3778 1471 3826 et
1506 3770 1789 3843 Seraphim
1881 3774 2083 3832 Paulus

2185 3777 2383 3849 ρουϐὶμ
2415 3778 2507 3832 καὶ
2530 3776 2599 3830 τά
2629 3777 2874 3848 Σεραφὶμ
2898 3775 3003 3831 ὑπὸ
3025 3773 3118 3828 τοῦ
3150 3772 3362 3829 Παύλου
3383 3770 3726 3824 κατείλεκται
3741 3784 3756 3797 ·

508 3860 828 3927 complexus
858 3871 945 3916 est
977 3879 991 3916 :
1024 3861 1133 3916 huc
1174 3878 1350 3933 usque
1383 3864 1583 3918 omnia.
1616 3863 1877 3937 Spiritum
1902 3875 2081 3925 autem

2186 3868 2291 3932 ἕως
2319 3866 2508 3921 τούτου
2563 3867 2629 3921 τά
2684 3867 2879 3920 πάντα.
2914 3866 2989 3919 Τὸ
3024 3866 3081 3919 δὲ
3121 3862 3345 3933 Πνεῦμα
3375 3862 3436 3915 τὸ
3474 3860 3650 3928 ἅγιον,
3683 3859 3760 3923 ὡς

503 3960 778 4016 sanctum,
803 3960 990 4022 utpote
1020 3954 1113 4024 qui
1142 3964 1226 4010 est
1250 3970 1414 4025 super
1443 3963 1693 4010 naturam
1725 3972 1915 4012 eorum
1959 3972 2082 4028 quae

2188 3958 2331 4029 ὑπὲρ
2353 3958 2451 4028 τὴν
2488 3958 2651 4028 φύσιν
2692 3960 2802 4011 τῶν
2841 3958 3138 4027 γεγονότων
3171 3957 3228 4009 ἐν
3266 3958 3333 4027 τῇ
3379 3953 3761 4025 ἀπαριθμήσει

500 4051 687 4097 creata
720 4052 866 4109 sunt,
916 4045 971 4099 in
1016 4047 1432 4102 enumeratione
1474 4062 1664 4103 eorum
1701 4062 1822 4117 quae
1845 4054 2077 4102 suntta-

2182 4047 2288 4100 τῶν
2320 4047 2490 4101 ὄντων
2516 4050 2545 4102 6
2574 4047 2789 4107 Παῦλος
2817 4046 3220 4117 ἀπεσιώπησεν,
3238 4043 3359 4098 οὔτε
3386 4044 3445 4096 τὸ
3475 4042 3758 4112 γενέσθαι,

500 4135 643 4190 citus
670 4136 930 4205 praeteriit
953 4153 969 4200 ;
996 4152 1174 4207 neque
1192 4137 1393 4193 factum
1408 4153 1550 4204 esse,
1574 4154 1750 4210 neque
1772 4138 2078 4209 subjectum

2187 4134 2311 4189 οὔτε
2346 4137 2408 4191 τὸ
2433 4137 2791 4207 ὑποτετάχθαι
2819 4137 2909 4191 διὰ
2935 4137 3043 4190 τῶν
3069 4134 3263 4191 ἑαυτοῦ
3293 4135 3462 4204 λόγων
3491 4135 3627 4205 ἡμῖν
3671 4136 3761 4186 ἐν.

499 4242 601 4297 per
626 4242 757 4283 suos
802 4242 1083 4284 sermones
1142 4229 1303 4284 nobis
1351 4228 1754 4296 demonstrans,
1809 4229 1903 4286 sed
1935 4230 2078 4286 sicut

2182 4229 2491 4301 δειξάμενος
2518 4245 2532 4260 ·
2589 4230 2704 4284 ἀλλ’
2745 4228 2933 4301 ὥσπερ
2980 4229 3010 4284 6
3038 4229 3322 4301 Προφήτης
3363 4227 3567 4296 ἀγαθὸν
3593 4266 3611 4292 ,
3661 4228 3762 4281 καὶ

499 4313 773 4386 Pr0pheta
801 4318 867 4382 ’⁸,
896 4316 1097 4371 bonum
1125 4326 1179 4373 et
1203 4328 1410 4374 rectum
1439 4329 1493 4374 et
1519 4320 1710 4376 ducem
1738 4335 1797 4376 se
1827 4322 2074 4392 prazben-
2104 4354 2150 4410 υ

498 4413 608 4461 tem
640 4406 903 4476 Spiritum
935 4415 1187 4463 sanctum
1204 4411 1472 4475 nominat,
1501 4424 1598 4480 per
1626 4410 1822 4465 ducem
1850 4425 1908 4466 se
1938 4426 2073 4481 prae-

495 4495 738 4563 bentem,
771 4499 1124 4571 principalem
1161 4499 1496 4570 signiﬁcans.
1527 4501 1617 4557 Sic
1648 4502 1811 4556 etiam
1840 4501 2076 4571 Aposto-

496 4588 586 4644 ius
614 4590 796 4644 omnia
813 4590 867 4645 in
888 4590 1142 4646 omnibus
1154 4591 1368 4660 operari
1389 4598 1549 4661 prout
1571 4591 1707 4655 vult,
1729 4606 1984 4648 asserens
2004 4593 2069 4657 ¹⁶,

497 4684 827 4739 auctoritate
877 4684 1091 4754 plenam
1149 4690 1474 4755 potestatem
1524 4684 1771 4755 Spiritus
1816 4684 2070 4754 dignitati

496 4774 768 4837 attribuit.
803 4773 1067 4831 Dominus
1094 4775 1513 4831 autemliberam
1545 4776 1665 4844 ejus
1695 4776 1994 4846 potentiam
2018 4786 2072 4832 et

494 4865 864 4934 operationem
915 4866 971 4920 in
1022 4881 1274 4922 sermone
1307 4883 1431 4922 cum
1477 4865 1775 4924 Nicodemo
1798 4867 2064 4937 declarat,

495 4954 706 5019 dicens,
738 4951 972 5024 Spiritus
993 4957 1082 5012 ubi
1115 4959 1225 5013 vult
1260 4960 1427 5030 spirat
1451 4960 1514 5014 η.
1568 4958 1854 5026 Quomodo
1899 4961 2067 5032 igitur

496 5043 793 5102 Eunomius
854 5044 996 5102 hunc
1028 5049 1227 5104 asserit
1271 5065 1436 5104 unum
1486 5066 1612 5106 esse
1661 5066 1849 5108 eorum
1879 5068 2001 5123 quae
2034 5067 2066 5107 a

493 5134 631 5191 Filio
650 5136 869 5191 condita
893 5140 1601 5211 suntmternaasubjectioni
1615 5142 2069 5204 condemnatum?

493 5229 726 5293 omnino,
760 5228 956 5299 inquit,
980 5228 1294 5298 subjectum.
1331 5228 1447 5285 Non
1478 5229 1722 5301 intelligo
1748 5244 1852 5299 qua
1877 5231 2064 5300 subje-

492 5320 691 5376 ctionis
725 5321 907 5391 specie
933 5336 1058 5377 eum
1089 5321 1272 5375 subdit
1329 5322 1422 5391 qui
1456 5320 1743 5392 imperium
1775 5328 1829 5376 et
1857 5322 2058 5393 princi-

494 5417 677 5477 patum
729 5412 890 5468 habet
921 5430 933 5468 :
980 5429 1085 5469 vox
1139 5414 1285 5469 enim
1318 5414 1432 5470 haec
1463 5414 1515 5468 in
1546 5423 1736 5470 sancta
1776 5413 2061 5484 Scriptura

493 5499 775 5569 multiplex
821 5511 928 5570 est,
959 5504 1254 5576 multisque
1287 5506 1464 5561 modis
1485 5505 1807 5577 intelligitur
1833 5513 1888 5559 et
1918 5504 2060 5559 dici-

563 5613 603 5682 9
636 5612 782 5673 Psal.
822 5631 963 5682 xmv,
997 5619 1051 5676 9.

496 5680 538 5717 “
561 5681 585 5740 ι
607 5683 735 5743 Cor.
761 5702 861 5757 xu,
898 5680 983 5743 ii.
1028 5752 1045 5757 Α
1062 5692 1104 5760 ξτ
1128 5689 1285 5749 Joan.
1321 5706 1406 5763 tu,
1431 5694 1483 5750 8.

1165 5621 1278 5653 "-"
1320 5620 1484 5695 Hebr.
1532 5638 1617 5691 ut,
1652 5622 1716 5692 8;
1746 5622 1889 5680 Psal.
1927 5637 2071 5692 χειν,
2118 5622 2151 5681 8
2200 5637 2320 5695 ενιφ

2186 4320 2362 4386 εὑθές,
2389 4321 2484 4376 καὶ
2504 4320 2824 4392 ἡγεμονικὸν
2848 4319 3102 4391 ὀνομάζει
3128 4321 3189 4373 τὸ
3225 4319 3446 4391 Πνεῦμα
3476 4319 3540 4373 τὸ
3572 4319 3754 4388 ἀγιον,

2179 4412 2266 4466 διὰ
2302 4412 2395 4466 τοῦ
2418 4411 2743 4484 ἡγεμονικοῦ
2783 4412 2843 4466 τὸ
2877 4413 3101 4485 ἀρχικὸν
3135 4412 3540 4483 ἐνδεικνύμενος
3561 4428 3577 4445 ·
3607 4411 3759 4466 οὕτω

2179 4504 2274 4558 καὶ
2295 4505 2324 4557 6
2350 4503 2665 4569 Ἀπόστολος
2683 4503 2858 4557 πάντα
2876 4506 2933 4558 ἐν
2950 4506 3114 4558 πᾶσιν
3136 4505 3396 4576 ἐνεργεῖν,
3421 4503 3603 4566 καθὼς
3625 4502 3757 4572 βοῦς-

2170 4594 2347 4660 λεται,
2378 4591 2760 4665 διοριζόμενος,
2789 4595 2890 4665 τὴν
2933 4594 3251 4665 αὑθεντικὴν
3286 4593 3534 4659 ἐξουσίαν
3579 4610 3758 4664 προσ-

2179 4688 2449 4759 μαρτυρεῖ
2490 4689 2557 4761 τῇ
2599 4686 2725 4758 ἀξίᾳ
2755 4684 2853 4742 τοῦ
2899 4687 3241 4759 Πνεῦματος’
3273 4688 3303 4740 6
3326 4686 3383 4739 δὲ
3415 4686 3621 4757 Κύριος
3650 4684 3755 4756 τὴν

2178 4777 2522 4846 αὐτεξούσιον
2566 4778 2730 4832 αὐτοῦ
2762 4778 2989 4850 δύναμίν
3019 4795 3079 4832 τε
3123 4778 3218 4832 καὶ
3258 4777 3538 4849 ἐνέργειαν
3578 4778 3638 4831 ἐν
3666 4777 3752 4847 τῷ

2171 4870 2310 4942 πρὸς
2347 4870 2655 4941 Νικόδημον
2697 4869 2839 4941 λόγῳ
2867 4868 3105 4940 φανερὰν
3131 4870 3294 4932 ποιεῖ,
3329 4867 3521 4936 λέγων,
3551 4868 3635 4921 ὅτι
3671 4868 3751 4923 Τὸ

2174 4957 2421 5027 Πνεῦμα
2457 4958 2611 5014 ὅπου
2636 4959 2795 5012 θέλει
2831 4958 2986 5012 πνεῖ.
3015 4958 3138 5021 Πῶς
3178 4953 3270 5012 οῦν
3295 4958 3390 5012 καὶ
3408 4960 3437 5012 6
3460 4957 3751 5026 «Εὐνόμιθς

2171 5051 2231 5104 ἐν
2262 5050 2531 5105 καὶτοῦτο
2551 5051 2657 5105 τῶν
2685 5052 2984 5120 γεγονότων
3008 5047 3147 5105 εῖναι
3176 5050 3324 5121 παρά
3362 5051 3458 5104 τοῦ
3484 5050 3617 5104 Υίοῦ
3657 5050 3746 5103 διο

2170 5143 2441 5214 ορίζεται,
2467 5145 2530 5215 τῇ
2569 5143 2722 5215 ἀϊδίῳ
2757 5146 2999 5216 ὑποταγῇ
3031 5142 3571 5213 καταδεδικασμένονς
3596 5144 3750 5196 K00-

2168 5232 2331 5297 άπαε
2351 5239 2482 5313 γὰρ,
2499 5236 2681 5307 φησὶν,
2699 5237 3174 5306 ὑποτεταγμένον
3189 5251 3204 5267 ·
3223 5235 3323 5288 οὐκ
3339 5230 3457 5288 οἶδα
3478 5233 3617 5304 ποίῳ
3638 5231 3748 5298 τῆς

2169 5324 2445 5393 ὑποταγῆς
2480 5325 2608 5378 εἴδει
2664 5326 2725 5378 τὸ
2756 5326 3077 5396 ἡγεμονικόν
3113 5342 3171 5378 τε
3205 5325 3297 5378 καὶ
3332 5322 3557 5396 ἀρχικὸν
3602 5324 3745 5375 ὑπο-

2167 5412 2381 5479 ζεύξας.
2435 5415 2751 5488 Πολύσημος
2794 5416 2904 5488 γὰρ
2948 5420 2981 5489 ἠ
3016 5416 3235 5487 τοιαύτη
3279 5416 3431 5487 φωνὴ
3487 5413 3635 5485 παρά
3672 5416 3745 5486 τῇ

2167 5504 2297 5576 ἁγίᾳ
2324 5505 2537 5578 Γραφῇ,
2559 5509 2652 5560 καὶ
2678 5507 3029 5579 πολυτρόπως
3049 5509 3311 5580 νοουμένη
3333 5509 3426 5562 καὶ
3441 5505 3748 5580 λεγομένη.

2431 5623 2476 5658 ³⁸
2524 5624 2735 5683 Coloss.
2782 5642 2819 5697 ι,
2853 5626 2938 5683 16.
3050 5627 3093 5701 ξ’
3133 5623 3279 5683 Psal.
3312 5622 3601 5694 ι,η,13,
3640 5623 3735 5680 LL
