4032 6208
297 298 404 362 5'57

1410 310 1694 369 CONTRA
1732 307 2124 378 EUNOMIUM,
2164 308 2292 364 LIB.
2332 308 2401 363 ll.

3455 319 3565 375 558

298 415 415 509 [Eat
441 412 549 509 γάρ
570 414 664 470 καὶ
698 415 799 489 τὴν
840 418 1033 490 ἄλογον
1076 421 1238 491 φύσιν
1266 424 1627 498 ὑποτετάχθαι
1668 428 1831 498 φησὶν
1851 429 1880 481 ὁ

1987 431 2091 479 tur.
2126 412 2349 478 Etenim
2371 432 2621 477 naturam
2676 424 2909 482 rationis
2942 437 3230 498 expertem
3262 428 3567 499 subiectam

296 504 618 575 Προφήτης,
653 509 748 563 καὶ
795 512 921 575 τοὺς
970 513 1027 565 ὲν
1074 515 1295 587 πολέμῳ
1325 520 1765 591 κεκρατημένους
1801 520 1880 591 τῷ

298 597 447 669 αὑτῷ
473 598 677 667 ὑπάγει
704 598 949 672 ὀνόματι,
979 604 1074 658 καὶ
1120 605 1337 672 δούλους
1369 612 1481 673 τοῖς
1513 609 1661 674 ἰδίοις
1690 610 1880 664 δεσπό-

295 705 415 754 ταις
464 689 870 746 ὑποτάσσεσθαι
923 696 1199 765 νομοθετεῖ
1235 699 1263 751 ὁ
1303 699 1645 767 ’Ᾱπὸστολος,
1670 702 1766 755 καὶ
1811 701 1880 756 τὰ

295 778 462 834 τέκνα
485 780 546 832 ἐν
574 781 819 854 ὑποταγῇ
859 783 1002 855 ἔχειν
1026 787 1152 852 τοὺς
1181 788 1278 859 τῆς
1306 791 1603 863 ἱερωσύνης
1623 811 1883 867 προεστη-

295 871 464 934 κότας
512 870 912 927 διακελεύεται·
967 876 1045 941 ὡς
1079 879 1177 949 τῆς
1217 882 1507 954 γινομένης
1543 883 1673 956 παρ’
1700 886 1881 939 αὐτῶν

292 961 547 1028 ἀταξίας,
575 963 698 1017 καθ’
727 965 1021 1037 ὁμοιότητα
1048 968 1158 1023 τῶν
1205 970 1353 1025 Ἠλεὶ
1396 973 1490 1028 τοῦ
1537 976 1725 1047 ίερέως
1754 979 1882 1031 παί-

292 1050 427 1117 δων,
451 1054 532 1117 είς
553 1054 682 1118 τοὺς
715 1055 960 1128 πατέρας
988 1058 1388 1135 διαδαινούσης.
1432 1065 1592 1121 Ἀλλά
1627 1069 1719 1123 καὶ
1746 1071 1881 1125 πάν-

296 1160 413 1236 των
458 1145 564 1197 τῶν
611 1145 915 1217 ἀνθρώπων
956 1149 1052 1221 τήν
1100 1154 1238 1224 πρὸς
1283 1155 1372 1211 τὸν
1410 1157 1543 1212 Θεὸν
1579 1160 1877 1236 ὑποταγὴν,

294 1235 433 1289 ὅταν
463 1236 746 1303 ὲνωθέντες
774 1241 822 1293 οἱ
854 1241 1054 1307 πάντες
1091 1244 1360 1316 ἀλλήλοις,
1390 1249 1478 1303 διὰ
1520 1252 1617 1323 τῆς
1647 1235 1880 1319 πίστεως

297 1325 362 1378 ἓν
393 1326 554 1398 σῶμα
585 1328 680 1382 τοῦ
725 1329 932 1403 Κυρίου
968 1332 1063 1386 τοῦ
1098 1334 1155 1389 ὲν
1182 1337 1345 1392 πᾶσιν
1373 1338 1525 1406 ὄντος
1571 1341 1877 1414 γενώμεθα,

294 1417 395 1473 τοῦ
443 1419 579 1474 Υἱοῦ
627 1423 763 1494 πρὸς
790 1425 884 1478 τὸν
916 1426 1138 1501 Πατέρα
1177 1431 1455 1503 ὑποταγὴν
1492 1434 1520 1487 ὁ
1563 1435 1881 1502 Ἀπόστολος

294 1509 468 1578 λέγει,
508 1510 610 1580 τῆς
659 1515 807 1587 παρὰ
844 1517 1060 1572 πάντων
1087 1521 1426 1593 ὁμοθυμαδὸν
1467 1527 1756 1599 γινομένης
1800 1529 1879 1600 τῷ

294 1601 414 1673 Υίῷ
465 1607 887 1677 προσκυνήσεως
912 1610 1063 1680 παρά
1094 1628 1155 1665 τε
1200 1611 1308 1667 τῶν
1349 1615 1722 1685 ἐπουρανίων,
1786 1621 1879 1674 καὶ

291 1693 406 1747 τῶν
421 1696 701 1764 ἐπιγείων,
715 1698 930 1753 καὶτῶν
946 1702 1330 1773 καταχθονίων,
1351 1708 1428 1770 είς
1444 1708 1543 1778 τὴν
1559 1708 1651 1762 τοῦ
1666 1709 1878 1782 Πατρὸς

1981 531 2104 573 esse
2128 516 2262 571 dicit
2294 514 2565 585 Propheta
2592 516 2661 581 η,
2700 524 2755 572 et
2780 518 2927 575 bello
2964 519 3211 576 devictos
3261 521 3437 578 cidem
3465 520 3569 579 no’-

1982 607 2114 663 mini
2145 606 2391 677 subiicit,
2431 613 2484 662 et
2512 621 2703 663 servos
2739 608 2857 664 suis
2894 609 3132 667 dominis
3165 612 3361 682 subjici
3392 615 3573 669 sancit

1980 698 2278 770 Apostolus
2306 698 2445 764 ""°,
2481 707 2537 754 et
2568 699 2864 755 sacerdotii
2889 702 3227 771 praestitibus
3274 720 3405 761 suos
3430 707 3571 762 ﬁlios

1981 792 2036 846 in
2071 789 2413 860 subiectione
2441 789 2642 846 habere
2683 792 2957 862 praecipit,
2993 795 3118 864 quia
3156 794 3224 850 ab
3264 795 3400 865 ipsis
3428 795 3573 850 facta

1982 881 2253 946 confusio,
2286 882 2352 937 ad
2376 882 2791 939 similitudinem
2841 883 3079 940 ﬁliorum
3109 884 3191 940 Eli
3243 886 3569 950 sacerdotis.

1980 975 2037 1030 in
2084 982 2267 1044 patres
2322 974 2551 1030 transit.
2614 973 2758 1041 Quin
2809 975 2969 1032 etiam
3003 977 3244 1031 omnium
3289 976 3572 1032 hominum

1981 1067 2379 1138 subiectionem
2435 1066 2554 1124 sive
2614 1068 3037 1124 submissioncm
3100 1068 3169 1123 ad
3220 1068 3413 1134 Deum,
3441 1082 3571 1128 cum

1980 1174 2171 1215 omnes
2215 1158 2449 1213 invicem
2486 1158 2628 1213 uniti
2681 1175 2780 1229 per
2803 1159 2964 1215 ﬁdem
3024 1176 3193 1215 unum
3227 1175 3430 1231 corpus
3462 1162 3573 1216 Do-

1981 1248 2138 1315 mini,
2174 1249 2268 1321 qui
2293 1258 2378 1305 est
2413 1250 2469 1305 in
2489 1251 2769 1314 omnibus,
2804 1250 2983 1307 elfecti
3012 1251 3278 1307 fuerimus
3305 1270 3317 1306 :
3344 1250 3468 1306 Filii
3500 1251 3568 1306 ad

1979 1341 2196 1399 Patrem
2248 1343 2647 1413 subiectionem
2675 1344 2967 1414 Apostolus
2989 1344 3143 1411 dicit,
3201 1361 3327 1400 cum
3358 1345 3428 1401 ab
3451 1357 3573 1400 om-

1981 1433 2143 1490 nibus
2188 1448 2296 1489 uno
2343 1448 2615 1491 consensu
2646 1434 2784 1490 Filio
2815 1436 3060 1491 exhibita
3092 1436 3361 1499 adoratio,
3389 1452 3421 1491 a
3450 1451 3569 1492 cce-

1980 1523 2230 1588 lestibus,
2270 1526 2625 1582 terrestribus
2662 1534 2717 1581 et
2751 1526 3209 1583 subterrestribus
3246 1526 3314 1581 ad
3355 1524 3569 1582 Patrem

1982 1623 2225 1670 transeat
2282 1623 2338 1671 et
2392 1617 2684 1687 pertingat.
2717 1617 2809 1673 Sic
2857 1617 3074 1675 dicente
3113 1619 3303 1685 Paulo,
3323 1618 3482 1691 quod
3506 1617 3574 1673 Ei

1979 1706 2220 1775 ﬂectetur
2267 1723 2417 1762 omne
2464 1725 2598 1779 genu
2652 1710 2958 1775 caelestium,
2996 1714 3322 1767 terrestrium
3366 1724 3417 1766 et
3449 1713 3574 1765 sub-

290 1786 457 1853 δόξαν
491 1788 872 1862 διαϐαινούσης
890 1809 903 1823 ’
930 1791 1103 1859 οὕτως
1136 1795 1381 1861 είπόντος
1406 1799 1500 1852 τοῦ
1537 1800 1772 1866 Παύλου,
1796 1802 1876 1855 ὅτι

1987 1804 2361 1861 terraneorum,
2394 1807 2445 1850 et
2471 1799 2642 1852 omnis
2686 1800 2870 1869 lingua
2920 1801 3258 1870 conﬁtebitur
3287 1800 3427 1870 quod
3465 1799 3573 1855 Do-

289 1877 472 1945 Αῠτῷ
497 1881 720 1951 κάμψει
750 1881 875 1939 πᾶν
898 1874 1046 1954 γόνυ
1093 1886 1464 1959 ἐπουρανίων
1487 1891 1587 1946 καί
1610 1892 1887 1963 ἐπιγείων

292 1970 401 2024 καί
433 1973 869 2040 καταχθονίων,
900 1974 998 2030 καί
1030 1975 1200 2031 πᾶσα
1229 1978 1483 2048 γλῶσσα
1520 1981 1885 2055 ἐξομολογή-

288 2076 491 2128 σεται,
515 2063 603 2117 ὅτι
633 2062 848 2134 Κύριος
873 2065 1113 2135 Ἰησοῦς
1133 2070 1385 2137 Χριστὸς
1409 2076 1497 2138 εὶς
1525 2072 1711 2138 δόξαν
1738 2076 1885 2131 Θεοῦ

290 2150 640 2223 Πατρός.οὗ
658 2157 970 2228 γενομένου,
988 2159 1078 2215 τὸν
1107 2160 1166 2214 ἐν
1194 2164 1359 2217 πᾶσιν
1374 2164 1501 2219 ὄντα
1520 2165 1647 2221 Υίὸν
1670 2166 1759 2222 διὰ
1788 2170 1885 2240 τῆς

286 2244 410 2300 τῶν
432 2246 671 2315 πάντων,
695 2247 754 2301 ὲν
776 2241 858 2312 οἷς
884 2250 1029 2304 ἐστιν
1047 2251 1076 2305 ὁ
1097 2250 1246 2319 Υἱὸς,
1271 2252 1548 2325 ὑποταγῆς
1574 2256 1734 2310 αὑτὸν
1762 2256 1889 2310 ὑπο-

289 2337 599 2393 τάσσεσθαι
657 2338 736 2410 τῷ
778 2341 1058 2412 Πατρὶ,ὴ
1106 2343 1316 2415 μεγάλη
1360 2344 1453 2399 τοῦ
1495 2346 1707 2401 Παύλου
1767 2348 1884 2402 δια-

293 2429 615 2484 ϐεϐαιοῦται
646 2432 827 2501 σοφία.
854 2432 988 2486 Τίνα
1014 2430 1108 2488 οὖν
1154 2433 1466 2506 ὲπιθρυλλεῖ
1501 2436 1579 2508 τῷ
1608 2438 1885 2509 Πνεύματι

286 2522 400 2593 τὴν
430 2522 683 2591 καθάπαξ
705 2524 985 2596 ’ὑποταγὴν
1013 2527 1042 2579 ὁ
1063 2526 1357 2596 Εὑνόμιος;
1399 2528 1499 2583 οὐκ
1518 2529 1664 2583 ἔστιν
1692 2531 1756 2583 ἐκ
1787 2531 1885 2601 τῆς

288 2612 699 2685 προσριφείσης
723 2615 853 2685 παρ’
881 2614 1043 2668 αὑτοῦ
1072 2615 1384 2688 διδαχθῆναι
1410 2621 1593 2689 φωνῆς
1619 2618 1728 2672 τῶν
1750 2610 1885 2674 ’ἀλό-

284 2723 436 2775 των,
463 2706 497 2776 ἦ
528 2705 637 2758 τῶν
674 2705 1055 2777 αἰχμαλώτων,
1091 2706 1124 2777 ἢ
1154 2706 1264 2761 τῶν
1291 2707 1547 2773 οἰκετῶν,
1569 2708 1603 2778 ἣ
1644 2709 1752 2762 τῶν
1777 2726 1883 2765 σω-

287 2796 708 2868 φρονιζομένων
735 2797 960 2864 τέκνων,
986 2797 1019 2869 ἢ
1045 2795 1154 2851 τῶν
1194 2795 1282 2850 διὰ
1330 2798 1428 2869 τῆς
1477 2798 1754 2872 ὑποταγῆς
1787 2816 1886 2855 σω·

286 2890 571 2959 ζομένων.
595 2890 663 2943 ’Π
700 2889 807 2960 γάρ
837 2891 973 2961 πρὸς
1008 2892 1099 2945 τὸν
1127 2889 1259 2945 Θεὸν
1287 2890 1397 2946 τῶν
1422 2891 1726 2964 ἀνθρώπων
1755 2895 1886 2948 ὑπο-

281 2982 465 3052 ταγὴ,
499 2981 743 3054 σωτηρία
785 2985 898 3047 τοῖς
937 2983 1397 3054 ὑποτασσομένοις
1430 2982 1562 3036 ὲστί.
1598 2984 1757 3038 Κατὰ
1785 2985 1884 3058 τὴν

281 3073 392 3128 τοῦ
447 3076 732 3146 Προφήτω
781 3073 963 3146 φωνὴν
1007 3074 1042 3145 ἦ
1094 3091 1290 3144 φησιν,
1356 3074 1754 3130 ὑποτάσσεσθαι
1806 3076 1884 3149 τῷ

1985 1884 2159 1937 minus
2184 1880 2340 1938 Iesus
2369 1883 2633 1950 Christus,
2665 1886 2733 1939 ad
2762 1887 2989 1956 gloriam
3019 1887 3121 1941 Dei
3157 1887 3418 1943 Patris".
3451 1887 3571 1955 Quo

1986 1972 2128 2029 facto
2174 1973 2371 2030 Filium
2417 1977 2508 2049 qui
2558 1977 2613 2032 in
2667 1977 2926 2034 omnibus
2970 1988 3073 2045 est,
3106 1993 3203 2050 per
3236 1979 3480 2034 omnium
3513 1979 3572 2035 in

1984 2066 2184 2137 quibus
2224 2076 2309 2123 est
2327 2068 2498 2126 Filius
2546 2068 2947 2139 subiectionem
2980 2069 3159 2141 ipsum
3185 2069 3336 2125 Patri
3371 2070 3573 2140 subiici

1985 2172 2180 2228 magna
2224 2155 2381 2213 Pauli
2428 2158 2719 2214 conﬁrmat
2757 2160 3052 2230 sapientia.
3102 2160 3277 2228 Quam
3309 2162 3474 2233 igitur
3500 2162 3571 2217 de

1990 2247 2190 2322 Spiritu
2212 2248 2583 2306 omnimodam
2610 2250 3010 2321 subiectionem
3043 2251 3347 2309 Eunomius
3372 2252 3571 2326 praedi—

1984 2338 2110 2394 cat?
2146 2338 2225 2393 Ex
2276 2356 2415 2396 voce
2472 2342 2722 2412 proiecta
2759 2344 2828 2398 ab
2873 2345 2994 2414 ipso
3040 2359 3151 2400 non
3205 2345 3334 2402 licet
3362 2346 3569 2413 doceri,

1985 2429 2215 2485 rationis
2236 2432 2543 2500 expertium
2573 2448 2642 2487 an
2694 2434 3055 2504 captivorum,
3090 2450 3159 2489 an
3218 2434 3569 2501 famulorum,

1984 2534 2052 2575 an
2087 2521 2405 2589 liberorum,
2468 2523 2561 2594 qui
2611 2524 2678 2579 ad
2720 2525 3045 2580 modestiam
3070 2533 3124 2581 et
3151 2526 3569 2596 temperantiam

1983 2613 2371 2682 instituuntur,
2405 2615 2487 2670 vel
2524 2631 2713 2671 eorum
2770 2617 2863 2687 qui
2912 2632 3007 2687 per
3032 2616 3429 2687 subiectionem
3454 2633 3573 2674 ser-

1984 2712 2202 2760 vantur.
2231 2704 2365 2763 Nam
2394 2706 2462 2761 ad
2486 2707 2655 2764 Deum
2682 2708 2962 2765 hominum
3005 2710 3274 2779 subiectio
3308 2711 3459 2766 salus
3484 2719 3573 2766 cst

1983 2792 2181 2865 bisqui
2204 2796 2591 2866 subiiciuntur.
2622 2796 2938 2853 Secundum
2968 2797 3251 2869 PrOpbeta:
3271 2798 3570 2855 dictionem

1985 2901 2106 2956 quae
2138 2888 2214 2942 ait
2245 2902 2260 2943 :
2296 2888 2487 2945 Nonne
2520 2890 2627 2945 Deo
2653 2891 2888 2962 subjecta
2914 2890 3013 2945 erit
3050 2892 3232 2945 anima
3266 2908 3403 2955 mea,
3436 2906 3571 2961 quo-

1985 2980 2129 3032 niam
2156 2978 2221 3032 ab
2252 2980 2364 3049 ipso
2413 2981 2534 3052 (per
2576 2981 2995 3051 subiectionem)
3028 2982 3269 3037 salutare
3293 2999 3465 3037 meum
3494 2982 3571 3034 "1’

1985 3064 2063 3122 lta
2088 3078 2145 3124 ut
2173 3070 2246 3125 sit
2272 3071 2565 3141 subiectio,
2586 3072 2858 3154 interitus
2882 3072 3226 3129 salutiferum
3246 3074 3569 3129 remedium.

282 3165 422 3238 Θεῷ
459 3136 807 3237 τῆνίίιυχὴν,
856 3136 1043 3239 ἐπειδη
1083 3136 1213 3239 παρ’
1244 3136 1406 3221 αύτοῦ
1434 3167 1640 3236 γίνεται
1673 3168 1761 3222 διὰ
1788 3136 1885 3241 τῆς

1989 3136 2457 3225 Quemadmodum
2481 3145 2647 3235 igitur
2676 3165 2948 3220 medicina
2984 3165 3091 3220 fert
3108 3180 3264 3236 opem
3298 3174 3572 3236 aegrotan-

285 3260 583 3331 ὑποταγῆς
612 3260 675 3313 τὸ
707 3259 970 3331 σωτήριον
990 3275 1003 3289 '
1032 3259 1109 3323 ὡς
1144 3254 1284 3313 εἶναι
1323 3258 1421 3331 τὴν
1456 3257 1753 3332 ὑποταγὴν,
1783 3260 1885 3331 τῆς

283 3351 580 3415 ἀπωλείας
622 3350 996 3422 ἀλεξιτήριον.
1047 3351 1257 3423 Ὠσπερ
1300 3352 1478 3407 τοίνυν
1525 3355 1741 3426 ἰατρικὴ
1774 3357 1884 3419 τοῖς

285 3444 519 3500 νοσοῦσι
535 3442 1098 3508 σπουδάζεται,οὖτως
1123 3445 1270 3515 καὶὴ
1302 3444 1546 3517 ὑποταγὴ
1572 3448 1682 3510 τοῖς
1696 3446 1884 3518 δεομέ-

286 3552 407 3599 νοις
434 3537 538 3607 τῆς
559 3534 930 3606 σωτηρίας.Τδ
945 3534 1000 3588 δὲ
1016 3533 1239 3605 Πνεῦμα
1255 3535 1317 3589 τὸ
1336 3534 1490 3605 ἅγιον
1507 3535 1567 3588 τὸ
1590 3536 1883 3603 ζωοποιοῦν

282 3629 365 3684 τὰ
387 3628 595 3692 πάντα,
627 3628 785 3692 ποίας
812 3627 987 3691 ἐνδεές
1026 3630 1141 3682 ἐστι
1170 3626 1315 3699 ζωῆς
1335 3668 1350 3693 ,
1380 3628 1467 3683 ἵνα
1506 3628 1595 3683 διὰ
1619 3630 1719 3701 τῆς
1751 3631 1883 3684 ὑπο-

278 3722 478 3792 ταγῆς
511 3720 611 3792 τὴν
639 3720 911 3791 σωτηρίαν
958 3719 1134 3791 ἑαυτῷ
1174 3720 1624 3794 κατακτήσηται;
1667 3722 1881 3795 Ἐπειδὴ

280 3812 484 3867 τοίνυν
526 3808 650 3863 οὔτε
676 3810 785 3864 ἀπό
827 3827 970 3874 τινος
1002 3810 1152 3875 θείας
1193 3810 1375 3881 φωνῆς
1406 3812 1468 3864 τὸ
1493 3812 1731 3867 τοιοῦτον
1765 3814 1884 3868 ὲπι-

280 3903 553 3976 ορυλλιίν
583 3902 695 3972 ἔχει
725 3903 802 3973 τῷ
821 3903 1119 3975 Πνεύματι,
1149 3902 1271 3958 οὔτε
1303 3906 1368 3959 ἐκ
1399 3905 1498 3977 τῆς
1526 3904 1635 3959 τῶν
1657 3907 1883 3961 εἰκότων

273 3993 583 4065 λογισμῶν
608 3993 927 4057 ἀκολουθίας
955 3993 1155 4064 ταύτην
1179 4032 1195 4058 ,
1222 3993 1365 4048 κατὰ
1393 3994 1487 4048 τοῦ
1529 3995 1684 4065 άγίου
1715 3995 1884 4049 Πνεύ-

277 4100 479 4157 ματος
517 4084 619 4155 τὴν
643 4082 989 4161 βλασφημίαν
1015 4083 1292 4155 προήκατο
1318 4099 1331 4112 ·
1364 4082 1524 4155 δῆλον
1553 4084 1618 4138 ἂν
1655 4084 1741 4156 εἴη
1772 4087 1884 4149 τοῖς

273 4173 429 4229 νοῦν
458 4173 694 4246 ἔχουσιν,
724 4174 804 4227 ὅτι
835 4173 1239 4244 ἀσυνηγόρητον
1269 4173 1539 4227 ἐκτίθεται
1567 4176 1688 4228 κατ’
1717 4175 1883 4229 αὑτοῦ

272 4269 400 4339 τὴν
457 4267 750 4333 ἀσέϐειαν,
801 4265 925 4320 οὔτε
966 4266 1241 4338 μαρτυρίᾳ
1292 4267 1400 4319 τινὶ
1457 4265 1732 4338 Γραφικῇ,
1761 4266 1884 4321 οὑτε

274 4362 412 4434 μὴν
443 4357 739 4429 ἀκολουθία
764 4357 1036 4429 λογισμῶν
1066 4358 1497 4430 κρατυνομένην.

366 4449 711 4544 nmmum
728 4449 787 4544 δὲ
813 4448 1041 4516 τούτοις,
1059 4450 1154 4544 ὅτι.
1172 4449 1319 4503 Οὔτε
1338 4450 1489 4544 κατὰ
1512 4449 1619 4544 τον
1631 4452 1883 4544 Πατέρα,
1920 4489 1963 4544 D

268 4542 445 4597 οὔτε
475 4537 554 4605 τῷ
584 4538 763 4607 Πατρὶ
790 4538 1358 4607 συναριθμούμενος,
1384 4533 1473 4604 εἷς
1497 4538 1606 4608 γάρ
1629 4540 1760 4595 ἐστι
1787 4543 1888 4597 καὶ

255 4633 494 4703 μόνος
546 4628 752 4697 Πατὴρ
787 4631 820 4684 ό
864 4629 962 4683 ἐπὶ
999 4626 1241 4683 πάντων
1270 4630 1414 4695 Θεός
1437 4644 1451 4659 ο
1481 4630 1618 4685 οὔτε
1657 4630 1737 4697 τῷ
1780 4631 1888 4698 Υιῷ

264 4722 841 4791 σιννεεισούμενος,
857 4719 1193 4791 μονογενὴς
1228 4721 1339 4790 γάρ
1364 4721 1536 4776 ἐστιν
1554 4725 1587 4775 ό
1617 4723 1771 4790 nec,
1794 4727 1888 4780 οὐ·

262 4813 456 4868 δέν-α
488 4812 645 4881 ἔχων
686 4810 965 4881 ὁμογενῆ.
1031 4810 1173 4880 Ἐγὼ
1221 4811 1337 4882 μὲν,
1372 4811 1486 4880 είγε
1541 4811 1700 4882 μόνον
1730 4809 1887 4864 τοῦτο

258 4905 367 4976 τῷ
403 4902 561 4973 λόγῳ
590 4901 918 4974 προσέθηκε,
945 4903 1006 4956 τὸ
1034 4901 1109 4974 μὴ
1134 4897 1272 4956 εἴναι
1301 4902 1513 4973 πατέρα
1549 4902 1643 4956 τοῦ
1666 4902 1796 4956 Υίοῦ
1824 4902 1885 4956 τὸ

260 4992 540 5063 Πνεῦμα
571 4993 633 5046 τὸ
691 4991 878 5063 ἅγιον,
915 4992 1143 5063 μάταιον
1189 4993 1284 5047 καὶ
1328 4993 1537 5058 τούτοις
1583 4991 1741 5066 ᾤμην
1780 4996 1891 5059 τοῖς

258 5084 471 5158 παρά
487 5084 710 5156 μηδενὸς
725 5085 1068 5157 ἀμφισϐητου
1076 5084 1260 5156 μένοις
1280 5085 1691 5157 ὲμφιλοχωρεῖν,
1707 5088 1889 5140 ἐκεῖνα

254 5178 439 5249 περὶ
475 5175 636 5228 αὑτοῦ
678 5178 816 5230 νοεῖν
864 5175 1162 5238 κωλύοντα,
1190 5176 1333 5246 άπερ
1361 5175 1469 5228 οὐδ’
1500 5175 1567 5230 ἂν
1606 5174 1716 5228 τῶν
1751 5176 1888 5244 ἄγαν

252 5286 365 5331 τις
432 5266 683 5336 ἀνοήτων
724 5267 1092 5338 ὑπονοήσειεν.
1136 5265 1352 5338 Ἐπειδὴ
1389 5266 1446 5320 δὲ
1487 5265 1575 5320 διὰ
1602 5265 1709 5319 τῶν
1740 5267 1889 5320 ἀνοι-

254 5357 484 5411 κείων
510 5369 569 5405 τε
613 5355 708 5408 καὶ
748 5355 1134 5427 άπροσκόλλων
1170 5355 1596 5422 κατασκευάζειν
1625 5357 1891 5430 ἐπιχειρεῖ

250 5450 383 5518 τὴν
428 5441 720 5507 ἀσέϐειαν,
745 5442 811 5497 δι’
848 5438 923 5499 ὧν
958 5442 1034 5515 μὴ
1060 5439 1198 5497 εἶναι
1246 5442 1393 5512 λέγει
1428 5441 1523 5497 τοῦ
1551 5442 1891 5512 Μονογενοῦς

252 5535 537 5605 πατέρα
555 5532 613 5587 τδ
641 5533 862 5607 Πνεῦμα
888 5535 951 5590 τὸ
972 5534 1146 5606 ἅγιον,
1170 5533 1260 5588 διὰ
1290 5534 1494 5590 τούτων
1522 5533 1892 5588 ἀποδεικνύειν

1990 3250 2156 3316 tibus,
2210 3250 2292 3307 sic
2321 3252 2591 3323 subiectio
2625 3254 2827 3335 .salute
2887 3254 3283 3326 indigentibus.
3336 3256 3407 3311 At
3444 3271 3573 3311 vero

1992 3339 2231 3413 Spiritus
2279 3353 2529 3412 sanctus,
2565 3345 2659 3416 qui
2687 3346 2869 3401 omnia
2893 3346 3156 3413 viviﬁcat,
3186 3363 3423 3418 quanam
3458 3348 3574 3403 vita

1990 3432 2221 3504 indiget.
2243 3442 2301 3489 ut
2322 3451 2420 3506 per
2441 3436 2842 3507 subiectionem
2866 3437 3098 3494 salutem
3134 3439 3238 3496 sibi
3265 3440 3365 3511 ipsi
3390 3440 3576 3511 acqui-

1988 3526 2398 3595 ratiQuoniam
2433 3530 2602 3600 igitur
2660 3544 2837 3600 neque
2857 3529 2927 3585 ab
2962 3532 3070 3585 ulla
3120 3530 3301 3586 divina
3333 3532 3574 3588 dictione

1989 3623 2094 3676 tale
2122 3620 2254 3693 quid
2284 3620 2352 3678 de
2382 3621 2588 3691 Spiritu
2636 3623 2920 3695 divulgare
2947 3633 3125 3694 potest
3149 3640 3165 3689 ;
3212 3640 3387 3694 neque
3415 3639 3481 3679 ex
3506 3640 3574 3680 ea

1989 3728 2109 3784 quae
2132 3712 2192 3767 ﬁt
2216 3714 2522 3770 rationibus
2551 3715 2930 3787 probabilibus
2982 3716 3393 3779 consecutione,
3431 3715 3574 3770 hanc

1989 3813 2182 3861 contra
2217 3803 2484 3876 Spiritum
2512 3816 2767 3862 sanctum
2824 3806 3216 3876 blasphemiam
3261 3804 3569 3875 prompsit:

1988 3896 2336 3967 perspicuum
2386 3904 2534 3953 certe
2585 3895 2748 3952 fuerit
2787 3911 2922 3951 sana
2980 3904 3161 3951 mente
3212 3894 3455 3966 praeditis
3515 3904 3572 3951 et

1990 3995 2137 4043 recte
2159 3987 2526 4043 sentientibus
2552 3987 2891 4053 hominibus,
2931 3986 3079 4058 quod
3105 3988 3249 4043 banc
3265 3988 3571 4059 patrocinio

1989 4089 2265 4136 carentem
2298 4080 2564 4135 adversus
2589 4079 2769 4148 ipsum
2800 4078 3009 4149 profert
3051 4079 3383 4150 impietatem
3410 4097 3424 4134 :
3449 4095 3573 4153 qua:

1992 4186 2165 4242 neque
2194 4170 2305 4225 ullo
2327 4170 2535 4240 scripto
2563 4169 2896 4235 testimonio,
2927 4185 3105 4241 neque
3148 4171 3256 4226 ulla
3289 4170 3572 4226 rationum

1990 4259 2381 4318 consecutiune
2407 4257 2772 4315 conﬁrmatur
2798 4301 2811 4313 .

2064 4435 2161 4493 His
2190 4446 2369 4492 autem
2402 4435 2615 4506 adiicit,
2659 4435 2841 4501 Neque
2875 4438 3156 4492 secundum
3203 4439 3439 4507 Patrem,
3474 4460 3570 4498 ne-

1992 4547 2088 4602 que
2108 4545 2227 4584 cum
2259 4529 2419 4585 Patre
2453 4538 2854 4583 annumeratur.
2897 4528 3044 4583 Unus
3075 4532 3212 4584 enim
3236 4541 3313 4586 est
3345 4544 3393 4586 ct
3422 4534 3568 4589 solus

1998 4617 2188 4680 Pater,
2225 4617 2316 4687 qui
2366 4618 2419 4671 in
2461 4617 2703 4671 omnibus
2746 4616 2909 4681 Deus,
2950 4635 3112 4688 neque
3148 4634 3267 4673 cum
3291 4619 3436 4675 Filio
3476 4638 3573 4676 ea:-

1993 4717 2253 4780 azquatur,
2290 4710 2587 4780 unigenitus
2623 4710 2761 4762 enim
2789 4720 2867 4763 est
2911 4707 3111 4773 Filius,
3136 4711 3341 4766 nullum
3373 4713 3570 4770 habens

1993 4799 2344 4869 eongenitum.
2413 4797 2556 4869 Ergo
2585 4800 2841 4869 equidem
2888 4801 2936 4856 si
2975 4802 3079 4857 hoc
3112 4803 3287 4857 solum
3321 4805 3567 4861 orationi

1993 4890 2328 4955 addidisset,
2380 4889 2643 4962 Spiritum
2706 4899 2955 4947 sanctum
3004 4892 3130 4949 Filii
3191 4907 3401 4966 patrem
3459 4913 3571 4952 non

1994 4999 2139 5051 csse,
2171 4999 2368 5038 vanum
2399 4993 2651 5054 putarem
2683 4984 2738 5039 in
2770 4985 2857 5041 his
2883 4986 2952 5042 de
2983 4987 3185 5058 quibus
3221 4989 3407 5046 nullus
3431 5002 3570 5046 con-

1996 5074 2318 5130 troversiam
2381 5082 2584 5141 movet,
2636 5074 2942 5144 immorari,
2988 5091 3113 5133 cum
3162 5080 3252 5133 illa
3316 5079 3385 5135 de
3449 5080 3568 5150 ipso

1995 5164 2284 5236 prohibeat
2324 5167 2647 5237 intelligere,
2688 5181 2811 5237 qua:
2855 5183 3034 5239 neque
3075 5170 3379 5223 amentium
3410 5170 3567 5240 quis-

1998 5272 2159 5328 quam
2208 5258 2598 5328 suspicaretur.
2654 5256 2763 5315 Sed
2801 5261 2929 5330 quia
2964 5275 3063 5331 per
3106 5262 3347 5315 absurda
3396 5268 3449 5317 et
3482 5262 3568 5317 in-

1997 5345 2380 5401 convenientia
2426 5361 2604 5418 neque
2654 5347 2989 5403 cohaerentia
3038 5349 3378 5419 impietatem
3431 5365 3567 5407 eon-

1999 5443 2215 5492 struere
2242 5442 2495 5498 conatur,
2547 5450 2643 5503 per
2681 5450 2745 5491 ea
2776 5451 2899 5508 quae
2928 5436 3081 5505 dicit,
3119 5438 3386 5509 Spiritum
3435 5454 3566 5498 san-

2000 5536 2149 5582 ctum
2177 5542 2289 5583 non
2318 5541 2442 5583 esse
2477 5525 2756 5599 Unigeniti
2797 5538 3029 5600 patrem,
3060 5546 3157 5603 per
3189 5531 3306 5589 hac
3339 5532 3566 5590 demon-

344 5680 415 5773 η’
458 5698 774 5808 Patruini,
808 5727 863 5788 8.
945 5730 1063 5765 “-"
1090 5728 1287 5801 Ephes.
1316 5745 1392 5804 vr,
1426 5730 1494 5805 5.;
1538 5729 1754 5791 Coloss.
1778 5734 1885 5801 tn,‘

2050 5731 2092 5764 ¹¹
2122 5729 2356 5803 Philipp.
2388 5745 2450 5802 ιι,
2487 5728 2573 5802 l0,
2602 5731 2688 5790 ll.
2767 5732 2811 5767 "
2845 5728 2992 5792 Psal.
3014 5746 3126 5802 LXI,
3157 5731 3213 5791 2.
