3992 6210
456 260 558 314 ἓὲᾶ

1680 264 1744 321 5.
1788 265 2111 323 CBEGORII
2151 270 2442 327 NYSSENI

3601 279 3701 336 560

456 381 630 429 strare
648 380 850 442 putans
874 388 995 429 esse
1021 373 1328 443 subjectum
1352 383 1405 429 et
1432 377 1827 448 mancipatum,
1859 380 2021 449 hujus

2138 387 2366 455 νὶόμενος
2394 387 2453 439 τὺ
2476 382 2613 441 εἶναι
2644 388 3079 460 ὑποτεταγμένον
3105 390 3200 443 καὶ
3229 390 3559 463 ὑποχείριον,
3580 391 3707 445 τοὺ-

456 465 633 536 gratia
676 465 741 518 ad
791 465 956 535 hujus
993 468 1259 522 amentiae
1305 470 1785 539 reprehensionem
1832 473 2028 528 horum

456 557 749 611 verborum
783 559 1120 613 mentionem‘
1160 560 1285 614 feci.
1318 560 1421 626 Qui
1467 560 1735 632 Spiritum
1776 574 2026 619 sanctum

457 646 603 701 Patri
653 648 963 718 subjectum
1007 664 1066 705 se
1116 650 1497 707 demonstrare
1548 654 1839 721 Opinatur,
1901 671 2031 724 pro—

457 746 637 806 pterea
679 735 824 805 quod
855 736 1096 806 Spiritus
1122 753 1231 793 non
1279 746 1363 794 est
1392 739 1665 811 Unigeniti
1707 750 1884 813 pater,
1917 759 2024 814 qua

455 826 787 881 necessitate
818 828 928 881 tale
954 828 1084 897 quid
1129 829 1385 883 conﬁcit?
1423 829 1561 895 Quia
1596 838 1750 901 pater
1790 849 1900 888 non
1931 836 2024 899 sit,

456 915 667 969 idcirco
714 931 942 986 prorsus
996 918 1068 973 sit
1123 917 1427 987 subjectus.
1483 920 1540 975 Si
1592 922 2029 979 demonstratum

454 1016 600 1061 esset
639 1008 780 1063 idem
825 1010 1159 1080 signiﬁcatu,
1196 1022 1404 1080 patrem
1456 1028 1578 1070 esse
1623 1022 1677 1070 et
1712 1024 2028 1088 tyrannum,

455 1108 801 1168 consequens
841 1109 988 1156 esset
1022 1102 1295 1157 intellecta
1329 1105 1619 1175 tyrannide
1663 1107 1717 1161 in
1750 1117 1903 1177 patre
1941 1124 2031 1164 as-

456 1206 639 1246 serere
668 1192 938 1261 Spiritum
982 1193 1295 1263 subjectum
1349 1205 1403 1250 et
1438 1197 1776 1253 submissum
1812 1215 1935 1255 esse
1980 1202 2032 1255 ei

457 1284 550 1351 qui
597 1292 867 1353 potestate
917 1287 1319 1353 prmemineret.
1371 1287 1526 1353 Quod
1578 1290 1624 1343 si
1684 1306 1780 1360 per
1819 1299 2027 1361 patrem

458 1376 649 1430 relatio
690 1378 757 1430 ad
795 1377 962 1432 ﬁlium
993 1379 1108 1433 sola
1141 1380 1464 1451 intelligitur
1495 1401 1506 1436 :
1544 1384 1691 1437 nulla
1736 1394 1915 1439 autem
1951 1394 2032 1456 ty-

457 1469 681 1522 rannica
721 1476 775 1522 et
822 1469 1115 1539 imperiosa
1169 1471 1271 1525 hac
1317 1488 1449 1528 voce
1506 1474 1789 1529 inducitur
1842 1476 2027 1532 notio:

455 1562 733 1631 quomodo
760 1578 1105 1633 consequens
1134 1572 1217 1620 est
1255 1564 1523 1636 Spiritum
1556 1582 1679 1623 esse
1727 1569 2028 1634 subditum,

456 1669 523 1708 ex
554 1669 619 1707 eo
649 1654 791 1722 quod
823 1670 932 1709 non
965 1656 1035 1710 sit
1067 1655 1190 1710 Filii
1225 1658 1422 1727 pater?
1442 1656 1625 1728 Neque
1646 1658 1807 1723 Filia,
1832 1661 2030 1730 inquit,

2131 492 2224 528 του
2255 478 2413 548 χάριν
2432 479 2510 542 εἰς
2534 477 2752 548 ἔλεγχον
2786 479 2884 549 τῆς
2910 480 3092 543 ἀνοίας
3114 480 3277 533 αὑτοῦ
3308 481 3415 534 τῶν
3447 482 3712 553 ῥημάτων

2132 565 2335 619 τούτων
2369 567 2465 637 τὴν
2518 568 2740 639 μνήμην
2768 569 3130 641 ἐποιησάμην.
3171 572 3267 633 Ὃς
3288 570 3455 623 οίεται
3487 571 3711 624 ἀποδει-

2134 656 2315 711 κνύειν
2360 658 2796 728 ὑποτεταγμένον
2843 659 2919 730 τῷ
2954 660 3127 732 Πατρὶ
3172 660 3234 713 τὸ
3262 661 3520 731 Πνεῦμα,
3568 660 3712 714 διότι

2133 745 2234 798 οὑκ
2265 746 2379 799 ἔστι
2403 749 2585 819 πατὴρ
2608 748 2702 801 τοῦ
2723 749 3058 818 Μονογενοῦς
3080 750 3138 803 τὸ
3168 750 3421 821 Πνεῦμα’
3446 752 3511 805 ἐκ
3548 752 3711 814 ποίας

2133 836 2242 908 γὰρ
2266 838 2509 909 ἀνάγκης
2547 839 2607 892 τὸ
2646 839 2882 895 τοιοῦτον
2924 843 3423 908 κατασκευάζεται,
3455 844 3530 906 ὼς
3555 845 3607 896 εί
3633 845 3714 917 μὴ

2131 928 2314 1000 πατὴρ
2358 930 2438 999 εἴη
2467 931 2560 983 καὶ
2584 931 2939 1002 ὑποτετάχθαι
2967 932 3215 998 πάντως;
3248 933 3312 987 Et
3342 933 3439 1004 μὲν
3464 930 3556 989 οὖν
3581 936 3714 989 ἀπο-

2129 1017 2368 1072 δέδεικτο
2418 1021 2610 1075 ταυτὸν
2647 1018 2785 1077 εἶναι
2828 1022 2907 1094 τῷ
2950 1025 3331 1096 σημαινομένῳ
3370 1027 3579 1097 πατέρα
3611 1028 3710 1080 καὶ

2131 1107 2415 1179 τύραννον,
2448 1112 2735 1167 ἀκόλουθον
2766 1110 2855 1186 ἦν,
2893 1116 3022 1185 περὶ
3064 1115 3153 1169 τὸν
3185 1116 3400 1186 πατέρα
3420 1117 3709 1189 νοηθείσης

2129 1200 2231 1269 τῆς
2275 1201 2609 1272 τυραννίδος,
2651 1205 3012 1275 ὑποτετάχθαι
3044 1204 3223 1273 λέγειν
3258 1205 3318 1258 τὸ
3359 1205 3582 1277 Πνεῦμα
3629 1207 3714 1277 τῷ

2133 1293 2272 1346 κατὰ
2305 1292 2401 1364 τὴν
2435 1293 2682 1359 ἐξουσίαν
2715 1296 3019 1367 προέχοντι.
3060 1297 3120 1350 Et
3152 1297 3208 1350 δὲ
3250 1297 3341 1352 διὰ
3358 1296 3462 1351 ,τοῦ
3504 1298 3712 1369 πατρὸς

2131 1385 2163 1455 ἠ
2210 1384 2343 1453 πρὸς
2376 1383 2466 1438 τὸν
2513 1386 2625 1439 υἱὸν
2667 1387 2849 1456 σχέσις
2888 1391 3086 1441 νοεῖται
3134 1389 3291 1461 μόνη,
3332 1390 3483 1444 οὐδὲν
3510 1392 3580 1445 δὲ
3612 1409 3710 1445 τυ-

2136 1474 2382 1545 ραννικὸν
2428 1474 2523 1528 καὶ
2574 1474 2974 1541 ὲξουσιαστικὸν
3020 1476 3195 1548 νόημα
3226 1476 3314 1531 διὰ
3360 1477 3562 1549 ταύτης
3606 1478 3713 1549 τῆς

2135 1566 2314 1635 φωνῆς
2341 1565 2762 1635 παρεισάγεται’
2797 1566 2913 1629 πῶς
2934 1566 3214 1620 ἀκολουθεί
3236 1567 3313 1638 τῷ
3344 1569 3417 1640 μὴ
3444 1564 3581 1623 εἶναι
3604 1586 3716 1624 πα-

2133 1655 2264 1724 τέρα
2292 1655 2385 1707 τοῦ
2411 1656 2540 1708 Υίοῦ
2563 1656 2623 1709 τὸ
2648 1657 3015 1726 ὑποτετάχθαι
3054 1658 3114 1711 τὸ
3150 1658 3404 1730 Πνεῦμα;
3440 1660 3587 1714 Οὔτε
3628 1660 3715 1726 τῷ

457 1744 619 1797 simul
649 1754 979 1815 exa'quatur,
1013 1747 1288 1817 quomodo
1319 1748 1437 1803 haec
1473 1749 1648 1803 dicit?
1696 1748 1851 1815 Quod
1886 1752 2032 1805 enim

2138 1745 2261 1810 ne,
2314 1747 2465 1816 φησὶ,
2505 1746 3040 1815 συνεξισούμενον.
3069 1747 3193 1812 Πῶς
3225 1749 3396 1803 ταῦτά
3441 1768 3573 1821 φησι
3598 1768 3612 1815 ;
3636 1752 3714 1804 Τὸ

459 1832 799 1889 immutabile
827 1842 932 1898 est,
967 1851 1146 1906 neque
1171 1837 1338 1891 ullius
1373 1840 1505 1892 mali
1544 1854 1745 1910 capax,
1782 1841 2033 1911 quodque

460 1938 674 1993 semper
705 1925 1009 1996 eodemque
1041 1927 1204 1981 modo
1233 1929 1287 1982 in
1321 1930 1466 1985 bono
1492 1941 1794 2001 permanet,
1818 1926 2028 1987 nullam

454 2013 621 2067 habet
650 2015 1004 2071 dill'ereuliam
1037 2016 1245 2074 iu’Fiiio
1271 2027 1324 2074 et
1348 2020 1573 2091 Spiritu.
1604 2023 1677 2077 Ex
1706 2039 1862 2095 mquo
1886 2025 2029 2078 enim

457 2106 602 2173 quod
650 2105 1063 2176 incorruptibile
1090 2117 1173 2164 est
1219 2111 1270 2163 in
1298 2110 1505 2181 Spiritu
1546 2127 1575 2165 a
1626 2115 1869 2182 pernicie
1907 2115 2023 2169 sive

458 2199 809 2267 corruptione
852 2199 1091 2253 aiienum
1148 2207 1253 2267 est,
1309 2209 1362 2255 et
1395 2201 1538 2271 quod
1585 2211 1779 2257 natura
1833 2204 2032 2259 bonum

456 2298 560 2353 est,
591 2290 973 2360 eodemplauc
1013 2293 1178 2347 modo
1226 2308 1255 2346 a
1292 2295 1571 2348 contrario
1615 2304 1887 2350 secretum
1927 2305 2029 2352 est.

454 2379 524 2433 Et
577 2382 722 2452 quod
774 2382 829 2436 in
881 2383 1032 2437 omni
1085 2384 1229 2439 bono
1280 2385 1579 2455 perfectum
1622 2398 1727 2453 est,
1780 2386 2035 2444 similiter

456 2474 575 2528 sine
607 2472 822 2528 defectu
860 2474 1023 2529 habet
1070 2475 1213 2545 quod
1239 2476 1370 2545 plus
1400 2484 1503 2532 est.

528 2563 654 2619 Haec
684 2575 862 2620 autem
898 2567 1081 2621 omnia
1128 2567 1194 2621 de
1232 2567 1441 2638 Spiritu
1472 2576 1667 2625 sancto
1714 2569 1945 2626 aﬂirmat
1979 2579 2034 2629 et

456 2657 615 2713 docet
653 2672 681 2710 a
723 2658 834 2714 Deo
873 2658 1135 2729 inSpirata
1189 2658 1493 2729 Scriptura,
1549 2662 1776 2728 bonum,
1818 2663 2034 2733 sapien-

458 2763 589 2819 tem,
622 2766 675 2810 et
701 2755 1196 2826 incorruptibilem,
1219 2766 1275 2811 et
1303 2758 1689 2826 immortalem,
1722 2767 1884 2829 atque
1917 2774 2033 2814 om-

458 2847 549 2901 nia
576 2847 790 2903 excelsa
826 2855 882 2902 et
915 2847 1028 2902 Deo
1068 2848 1266 2902 decora
1313 2864 1473 2903 sensa
1510 2850 1677 2903 animi
1712 2859 1769 2903 et
1810 2852 2033 2905 nomina

452 2936 687 3009 Spiritui
715 2948 908 2995 sancto
944 2940 1253 3010 assignans.
1279 2939 1335 2993 Si
1372 2939 1537 3010 igitur
1566 2941 1622 2995 in
1656 2940 1806 2994 nullo
1836 2941 2031 2996 horum

2134 1836 2239 1907 γὰρ
2258 1836 2379 1890 οὔτε
2402 1838 2493 1891 καὶ
2518 1838 2783 1909 ἄτρεπτον
2805 1839 2896 1891 καὶ
2916 1839 3087 1893 κακοῦ
3106 1840 3320 1904 πάντως
3341 1841 3709 1909 ἀνεπίδεκτον,

2136 1931 2228 1983 καὶ
2284 1931 2369 1983 ἀεὶ
2417 1931 2673 1995 ὡσαύτως
2706 1932 2762 1985 ὲν
2794 1930 2871 2004 τῷ
2911 1932 3098 2004 ἁγαθῷ
3138 1933 3420 2004 διαμένον,
3453 1934 3714 2003 οὐδεμίαν

2136 2022 2245 2092 ἔχει
2292 2020 2646 2092 παραλλαγὴν
2680 2022 2771 2075 ἐπὶ
2823 2021 2917 2075 τοῦ
2949 2024 3078 2078 Υἱοῦ
3128 2024 3219 2078 καὶ
3246 2024 3340 2077 τοῦ
3369 2023 3707 2090 Πνεύματος.

2148 2114 2372 2183 Ἑπίσης
2387 2112 2494 2184 γὰρ
2516 2113 2577 2165 τὸ
2616 2113 2708 2166 τοῦ
2743 2114 3056 2185 Πνεύματος
3088 2116 3361 2187 ἄφθαρτον
3388 2119 3478 2187 τῆς
3500 2114 3711 2185 φθορᾶς

2135 2204 2507 2274 ἠλλοτρίωται,
2540 2206 2632 2259 καὶ
2665 2206 2725 2258 τὸ
2770 2209 2833 2278 τῇ
2885 2206 3043 2276 φύσει
3078 2207 3279 2276 ἀγαθὸν
3317 2206 3579 2269 ὡσαύτως
3611 2205 3708 2258 τοῦ

2136 2298 2372 2351 ἐναντίου
2402 2296 2747 2368 κεχώρισται.
2769 2298 2876 2351 Καὶ
2908 2298 2967 2351 τὸ
2993 2301 3049 2352 ἐν
3082 2298 3239 2352 παντὶ
3274 2297 3461 2369 ἀγαθῷ
3482 2298 3706 2362 τέλειον,

2135 2388 2334 2459 ὁμοίως
2359 2387 2755 2459 άνενδεῶς’ξχει
2779 2387 2871 2441 τοῦ
2898 2388 3158 2452 πλείονος.

2202 2569 2389 2623 Ταῦτα
2413 2569 2467 2623 δὲ
2495 2570 2672 2638 λέγειν
2700 2570 2828 2641 περὶ
2857 2570 2951 2624 τοῦ
2976 2570 3289 2641 Πνεύματος
3312 2571 3485 2625 πάντα
3536 2571 3569 2641 ἡ
3596 2570 3711 2624 θεό-

2136 2677 2400 2724 πνευστος
2447 2660 2696 2715 διδάσκει.
2721 2661 2944 2732 Γραφὴ,
2974 2662 3209 2729 ἀγαθὸν,
3240 2663 3334 2715 καὶ
3384 2662 3566 2729 σοφὸν,
3608 2661 3706 2716 καὶ

2134 2752 2408 2823 ἄφθαρτον
2436 2792 2450 2815 ,
2484 2752 2576 2805 καὶ
2608 2751 2903 2818 ἀθάνατον,
2937 2754 3031 2807 καὶ
3075 2754 3251 2807 πάντα
3271 2755 3339 2807 τὰ
3383 2753 3563 2825 ὑψηλᾶ
3613 2754 3710 2808 καὶ

2134 2842 2203 2896 τὰ
2255 2843 2529 2914 θεοπρεπῆ
2570 2843 2812 2914 νοήματά
2842 2860 2903 2896 τε
2940 2846 3032 2898 καὶ
3075 2845 3313 2916 ὀνόματα
3357 2862 3714 2917 προσμαρτυ-

2137 2937 2306 3009 ροῦσα
2335 2936 2412 3008 τῷ
2456 2937 2750 3008 Πνεὺματι.
2803 2936 2867 2990 Et
2896 2933 2989 2991 οὖν
3029 2938 3087 2991 ὲν
3117 2939 3288 2992 οὑδενὶ
3314 2938 3519 2992 τούτων
3542 2938 3716 3009 ’ἠλάτ-

459 3031 780 3086 imminutus
810 3039 909 3097 est,
943 3031 997 3084 in
1029 3045 1137 3101 quo
1173 3031 1597 3102 inazqualitatem
1626 3029 1749 3085 Filii
1777 3040 1831 3086 et
1855 3032 2031 3103 Spiri-

2138 3045 2326 3096 τωται,
2361 3031 2419 3082 ὲν
2443 3027 2548 3083 τίνι
2572 3028 2632 3083 τὸ
2656 3029 2838 3083 ἄνισον
2866 3027 2957 3082 τοῦ
2988 3028 3118 3082 Υίοῦ
3150 3031 3242 3083 καὶ
3268 3028 3361 3083 τοῦ
3392 3029 3713 3100 Πνεύματος

460 3130 548 3175 tus
582 3119 883 3177 Eunomius
920 3122 1244 3177 dimetitur?
1278 3121 1588 3193 Unigem'tus
1622 3123 1758 3178 enim
1801 3132 1900 3191 est,
1948 3123 2034 3178 in—

458 3213 596 3282 quit,
622 3209 815 3276 Filius,
841 3211 1043 3266 nullum
1061 3212 1283 3281 fratrem
1310 3213 1505 3266 habens
1522 3213 1897 3283 similigenam.
1925 3211 2033 3268 Sed

458 3302 528 3357 ile
556 3317 622 3357 eo
660 3301 805 3373 quod
840 3318 946 3358 non
975 3310 1225 3374 oporteat
1271 3314 1396 3358 cum
1431 3302 1697 3359 fratribus
1732 3304 2035 3374 intelligere

459 3390 846 3463 Unigcnitum,
900 3393 953 3448 in
1008 3410 1260 3451 sermone
1314 3394 1381 3449 de
1432 3394 1803 3466 primogenito
1855 3396 2034 3451 omnis

458 3491 725 3539 creaturae
776 3484 1164 3541 disseruimus.
1226 3485 1381 3551 Quod
1430 3495 1609 3539 autem
1659 3488 1728 3541 ab
1781 3486 1886 3541 hoc
1939 3501 2037 3558 per

461 3577 723 3643 malitiam
753 3584 807 3631 et
840 3576 1243 3647 improbitatem
1273 3576 1582 3648 projectum
1607 3584 1712 3641 est,
1742 3577 1899 3634 decet
1924 3592 2035 3633 non

460 3666 838 3724 indiscussum
865 3680 1031 3740 atque
1063 3685 1172 3724 non
1195 3670 1565 3725 examinatum
1589 3680 2035 3741 praetercurrere.

460 3757 593 3812 Nam
625 3773 750 3813 cum
783 3759 1218 3814 ecclesiasticum
1250 3759 1444 3829 dogma
1495 3775 1661 3814 unam
1704 3760 1760 3814 in
1795 3758 1956 3816 Patre
1982 3767 2039 3815 et

461 3846 623 3910 Filio,
669 3856 723 3903 et
766 3846 973 3919 Spiritu
1022 3859 1218 3903 sancto
1244 3849 1500 3904 virtutem
1530 3859 1585 3904 et
1612 3850 1940 3915 bonitatem,
1981 3859 2037 3906 et

460 3938 783 4002 essentiam,
831 3945 885 3994 et
932 3938 1159 4008 gloriam
1201 3939 1317 3993 sive
1358 3939 1725 4007 majcStatem,
1771 3949 1825 3995 et
1853 3942 2037 3995 omnia

464 4046 585 4101 qua:
635 4038 764 4084 sunt
805 4028 1076 4099 ejusmodi
1140 4030 1423 4099 praedicet,
1471 4040 1695 4102 excepta
1732 4029 2038 4088 diﬂ‘erentia

462 4138 583 4194 quae
612 4131 695 4178 est
724 4121 1023 4177 secundum
1054 4137 1317 4192 personas
1342 4141 1354 4177 :
1378 4121 1467 4177 hic
1494 4137 1618 4177 cum
1649 4123 1762 4176 vult
1791 4138 2041 4178 comnm-

463 4230 587 4272 nem
620 4214 804 4270 facere
837 4230 961 4269 cum
993 4223 1245 4269 creatura
1282 4212 1558 4284 Unigeniti
1586 4214 1901 4281 essentiam,
1926 4216 2040 4285 pri-

464 4306 799 4377 mogenitum
846 4305 1023 4375 ipsum
1059 4304 1190 4359 dicit
1236 4306 1417 4361 omnis
1446 4316 1711 4361 creaturae
1741 4306 2039 4362 secundum

2134 3121 2413 3192 διαμετρεῖ
2444 3122 2473 3174 ό
2504 3120 2796 3191 Εὑνόμιος;
2833 3120 3179 3192 Mavortia-hc
3206 3120 3316 3191 γάρ
3339 3121 3488 3185 ἐστι,
3522 3122 3712 3193 φηεῆν,

2137 3216 2171 3268 ό
2193 3213 2343 3281 Υἱὸς,
2364 3212 2581 3267 οὐδένα
2603 3213 2760 3283 ἔχων
2781 3212 3049 3295 ἀδελφόν
3086 3212 3365 3283 ὁμογενῆ.
3397 3212 3561 3266 Ἀλλὰ
3581 3213 3716 3283 περὶ

2131 3302 2228 3356 τοῦ
2261 3303 2335 3374 μὴ
2355 3302 2469 3355 δεῖν
2501 3302 2637 3372 μετὰ
2664 3301 2905 3371 ἀδελφῶν
2930 3304 3069 3356 νοεῖν
3098 3302 3190 3356 τὸν
3218 3302 3519 3374 Μονογενῆ,
3548 3304 3609 3355 ὲν
3633 3300 3714 3372 τῷ

2136 3394 2279 3465 λόγῳ
2314 3393 2393 3464 τῷ
2430 3393 2557 3464 περὶ
2588 3393 2683 3446 τοῦ
2711 3393 3058 3463 πρωτοτόκου
3099 3394 3287 3466 ,πάσης
3333 3393 3433 3464 τῆς
3478 3394 3715 3459 κτίσεως

2135 3484 2505 3557 διειλήφαμεν.
2546 3483 2620 3536 Τὸ
2647 3482 2705 3537 δὲ
2747 3482 2897 3555 παρὰ
2924 3483 3111 3537 τούτου
3140 3484 3352 3555 νῦνσδιὰ
3378 3485 3714 3556 κακουργίας

2137 3576 2437 3650 προσριφὲν
2461 3574 2539 3647 τῷ
2559 3575 2721 3646 λόγῳ,
2743 3576 3006 3647 προσήκει
3035 3576 3511 3650 μὴηπαραδραμεῖν
3531 3579 3717 3643 ἀνεξέ-

2138 3684 2354 3723 ταστον.
2384 3666 2492 3722 Τοῦ
2519 3667 2627 3737 γὰρ
2671 3667 3122 3740 ἐκκλησιαστικοῦ
3163 3668 3428 3740 δόγματος
3464 3670 3615 3740 μίαν,
3655 3672 3715 3724 ὲν

2124 3760 2311 3833 ·Πατρί
2326 3778 2391 3814 τε
2411 3760 2505 3814 καὶ
2528 3759 2643 3830 Υίῷ
2669 3761 2764 3814 καὶ
2793 3760 3067 3831 Πνεὺματι
3089 3761 3248 3832 ἁγίῳ,
3270 3761 3497 3832 δύναμίν
3529 3780 3591 3816 τε
3623 3763 3716 3817 καὶ

2140 3850 2449 3922 ἀγαθότητα
2478 3851 2570 3904 καὶ
2597 3850 2785 3905 οὐσίαν
2824 3852 2915 3905 καὶ
2950 3851 3128 3918 δόξαν,
3162 3852 3255 3906 καὶ
3298 3853 3475 3907 πάντα
3506 3852 3575 3906 τά
3606 3871 3719 3908 τοι·

2140 3944 2277 3998 αῦτα
2328 3943 2711 4015 κηρύσσοντος,
2743 3943 2881 4015 πλὴν
2912 3947 3012 4015 τῆς
3054 3943 3197 3998 κατὰ
3235 3945 3335 4010 τὰς
3387 3946 3719 4011 ὑποστάσεις

2126 4034 2423 4105 διαφορᾶς,
2446 4028 2599 4097 οὗτος
2623 4034 2750 4087 ὅταν
2773 4033 2871 4103 μὲν
2897 4032 3152 4104 βούληται
3187 4035 3554 4106 κοινοποιῆσαι
3580 4037 3718 4107 πρὸς

2130 4128 2240 4196 ’τὴν
2270 4127 2449 4181 κτίσιν
2485 4125 2578 4180 τοῦ
2612 4125 2953 4195 Μονογενοῦς
2981 4125 3079 4198 τὴν
3125 4127 3329 4193 οὐσίαν,
3372 4129 3719 4201 πρωτότοκον

2143 4219 2302 4273 αὑτὸν
2318 4218 2466 4287 λέγει
2500 4216 2680 4289 πάσης
2708 4218 2808 4290 τῆς
2836 4217 3085 4283 κτίσεως,
3109 4218 3249 4273 κατὰ
3269 4219 3367 4292 τὴν
3392 4221 3722 4290 προαιώνιον

2132 4307 2412 4380 ’ὑπαρξιν,
2447 4306 2651 4375 ἀδελφά
2691 4306 2784 4360 τοῦ
2820 4308 3024 4378 Κυρίου
3057 4308 3235 4362 πάντα
3260 4307 3331 4362 τὰ
3359 4311 3417 4363 ὲν
3444 4313 3509 4381 τῇ
3543 4310 3722 4365 κτίσει

465 4403 593 4452 ante
617 4404 878 4452 mternum
908 4395 1307 4459 exsistentiam,
1338 4395 1523 4450 omnia
1545 4411 1667 4466 quae
1704 4398 1759 4469 in
1790 4404 2036 4452 creatura

2144 4400 2407 4469 νοούμενα
2426 4397 2513 4451 διὰ
2541 4397 2642 4468 τῆς
2670 4397 2851 4467 φωνῆς
2871 4397 3072 4468 ταύτης
3100 4393 3239 4452 εἶναι
3263 4400 3718 4470 ἀποφαινόμενος,

466 4490 847 4560 intelliguntur
870 4490 971 4543 hac
991 4502 1122 4543 voce
1141 4503 1263 4543 esse
1286 4487 1482 4544 fratres
1502 4488 1716 4544 Domini
1740 4487 2037 4543 afﬁrmans.

465 4582 869 4653 Primogenitus
923 4580 1067 4637 enim
1114 4594 1224 4634 non
1277 4593 1466 4634 eorum
1520 4580 1615 4651 qui
1658 4591 1789 4636 sunt
1837 4580 2041 4637 diversi

465 4674 704 4747 generis,
737 4672 831 4728 sed
867 4685 1057 4726 eorum
1091 4670 1185 4741 qui
1210 4669 1455 4739 ejusdem
1494 4679 1622 4726 sunt
1644 4670 1882 4742 generis,
1918 4686 2041 4725 om-

467 4767 599 4821 nino
638 4762 1033 4835 primogenitus
1065 4771 1167 4817 est.
1201 4760 1339 4817 Cum
1389 4768 1570 4816 autem
1625 4776 1656 4815 a
1703 4761 2044 4817 connexione

467 4857 585 4913 sive
611 4856 921 4914 cohaesione
942 4869 1063 4925 qua:
1097 4860 1180 4908 est
1212 4868 1331 4909 cum
1349 4852 1496 4907 ‘Filio
1513 4852 1779 4923 Spiritum
1805 4852 2041 4918 divellit,

474 4946 821 5020 Unigenitum
866 4945 1045 5015 ipsum
1088 4944 1245 5009 dicit,
1303 4959 1413 4999 non
1475 4943 1760 4998 habentem
1823 4943 2063 5000 fratrem

468 5052 853 5112 congenerem,
896 5037 1011 5092 sive
1043 5034 1289 5107 ejusdem
1329 5036 1568 5106 generis,
1594 5051 1703 5090 non
1753 5045 1814 5091 ut
1842 5037 2049 5108 absque

471 5130 735 5186 fratribus
764 5127 944 5198 ipsum
984 5124 1269 5196 intelligat,
1308 5125 1403 5181 sed
1450 5136 1508 5181 ut
1548 5140 1645 5195 per
1681 5126 1784 5182 hoc
1829 5125 1898 5182 de
1919 5128 2047 5196 Spi-

473 5225 582 5278 ritu
614 5218 759 5293 quod
807 5217 1108 5275 secundum
1156 5217 1453 5273 essentiam
1504 5216 1743 5272 alienum
1790 5224 1876 5274 est
1909 5233 2046 5272 con-

473 5319 672 5367 struat.
707 5310 841 5366 Nam
876 5309 1140 5381 Spiritum
1170 5315 1423 5363 sanctum
1457 5310 1678 5363 fratrem
1704 5307 1916 5364 Domini
1938 5324 2047 5363 non

474 5402 746 5471 appellare
772 5418 841 5457 ex
871 5400 1154 5471 Scriptura
1187 5397 1496 5454 didicimus.
1530 5397 1636 5453 Sed
1665 5414 1771 5453 non
1799 5406 2049 5469 oportere

474 5491 741 5561 Spiritum
772 5490 1016 5561 ejusdem
1046 5491 1286 5563 generis,
1329 5489 1383 5545 id
1419 5497 1525 5555 est,
1559 5490 1883 5546 substantiae
1923 5504 2047 5544 cum

477 5578 617 5636 Filio
659 5580 862 5646 dicere,
893 5597 961 5637 ex
1007 5581 1158 5637 nullo
1205 5581 1513 5637 divinorum
1563 5579 1892 5652 scriptorum
1931 5581 2049 5635 loco

479 5673 905 5732 dcuionstratur.
939 5671 1011 5750 .Si
1036 5672 1412 5757 -enim_virt‘us
1438 5672 1667 5759 viviﬁca
1698 5674 1754 5730 in
1788 5671 1948 5731 Patre
1994 5680 2048 5732 et
2100 5739 2111 5747 ,

2140 4490 2215 4543 ’⁸0
2252 4488 2360 4561 γάρ
2402 4487 2764 4560 πρωτότοκος,
2802 4488 2862 4540 οὑ
2905 4486 3013 4540 τῶν
3042 4488 3397 4559 ἑτερογενῶν,
3424 4488 3564 4542 ἀλλὰ
3608 4489 3724 4544 τῶν

2143 4577 2419 4649 ὁμογενῶν
2472 4577 2689 4641 πάντως
2737 4577 2854 4630 ἐστὶ
2898 4577 3260 4648 πρωτότοκος.
3304 4580 3474 4633 Ὅταν
3519 4579 3577 4632 δὲ
3620 4580 3722 4651 τῆς

2132 4671 2283 4741 ’πρὸς
2311 4668 2404 4721 τὸν
2433 4667 2557 4721 Υίὺν
2596 4666 2891 4736 συναφείας
2927 4666 3211 4739 ἀποσχίζει
3236 4667 3298 4721 τὺ
3331 4669 3577 4740 Πνεῦμα,
3604 4671 3723 4724 Μο-

2145 4758 2337 4830 νογενῆ
2377 4756 2539 4812 αὑτὸν
2571 4756 2738 4823 λέγει,
2767 4756 2842 4828 μὴ
2873 4756 3064 4827 ἔχοντα
3089 4757 3314 4827 ἀδελφὸν
3346 4759 3725 4833 όμογενῆ,οὑχ

2147 4852 2235 4905 ἵνα
2280 4849 2409 4904 ἄνευ
2455 4847 2698 4917 ἀδελφῶν
2727 4847 2888 4900 αὑτὸν
2913 4848 3100 4919 νοήσῃ,
3133 4847 3247 4902 ἀλλ’
3281 4849 3370 4917 ἵνα
3412 4848 3504 4903 διὰ
3530 4847 3725 4905 τούτου

2148 4939 2534 5012 κατασκευάσῃ
2566 4935 2809 5012 περὶτοῦ
2830 4936 3147 5008 Πνεὺματος
3170 4938 3231 4992 τὸ
3254 4939 3394 4994 κατὰ
3420 4941 3520 5011 τὴν
3536 4942 3727 4995 οὐσίαν

2148 5032 2446 5102 ἀλλότριον.
2477 5029 2551 5082 Τὸ
2581 5030 2678 5100 μὲν
2700 5029 2807 5100 γάρ
2840 5028 2915 5099 μὴ
2946 5027 3126 5098 λέγειν
3153 5028 3382 5101 ἀδελφὺν
3414 5030 3476 5084 τὸ
3494 5030 3728 5102 Πνεῦμα

2148 5123 2209 5177 τὸ
2243 5122 2416 5191 ἅγιον,
2452 5119 2601 5191 παρὰ
2627 5120 2727 5190 τῆς
2755 5119 2978 5191 Γραφῆς
3007 5120 3440 5194 μεμαθήκαμεν·
3467 5122 3528 5177 τὺ
3560 5123 3615 5177 δὲ
3647 5125 3726 5195 μὴ

2148 5215 2256 5268 δεῖν
2298 5213 2555 5284 ὁμογενὲς
2592 5210 2669 5282 τῷ
2702 5211 2815 5281 Υίῷ
2839 5211 3017 5281 λέγειν
3050 5211 3112 5265 τὸ
3151 5212 3395 5285 Πνεῦμα,
3428 5215 3729 5287 οὐδαμόθεν

2150 5308 2213 5359 ἐκ
2236 5306 2344 5359 τῶν
2397 5304 2557 5358 θείων
2610 5303 2988 5359 ἀποδείκνυται
3033 5303 3227 5373 λόγων.
3261 5305 3324 5359 Εἰ
3351 5306 3460 5378 γάρ
3489 5307 3552 5378 δὴ
3581 5305 3728 5370 ζωο-

2149 5396 2302 5460 ποιὸς
2343 5395 2570 5465 δύναμις
2600 5395 2658 5447 ὲν
2707 5395 2883 5467 Πατρὶ
2916 5398 3007 5449 καὶ
3036 5394 3172 5466 Υίῷ,
3219 5397 3599 5451 ἀποδείκνυται
3627 5400 3731 5452 καὶ

2150 5489 2207 5541 ὲν
2237 5485 2512 5556 Πνεὺματι
2538 5486 2696 5556 ἁγίῳ,
2732 5484 2873 5539 κατὰ
2900 5486 2998 5557 τὴν
3027 5486 3121 5540 τοῦ
3158 5485 3489 5555 Εὑαγγελίου
3510 5487 3729 5557 φωνήν.

2150 5578 2213 5631 Et
2239 5577 2300 5630 τὸ
2335 5575 2611 5647 ἄφθαρτον
2636 5591 2695 5629 τε
2733 5576 2826 5629 καὶ
2855 5575 3119 5645 ἄτρεπτον
3161 5576 3255 5630 καὶ
3297 5574 3360 5628 τὸ
3395 5572 3565 5629 κακοῦ
3595 5591 3733 5629 παν-

2151 5668 2241 5734 τὸς
2288 5666 2648 5737 ἀνεπίδεκτον,
2680 5668 2729 5722 εί
2770 5665 2832 5721 τὸ
2866 5666 3065 5739 ἀγαθόν
3096 5684 3155 5724 τι
3204 5668 3299 5725 καὶ
3342 5666 3498 5732 εὑθδς
3540 5665 3642 5722 καὶ
3669 5666 3732 5722 εδ
