3992 6210
268 358 353 417 ιιι
1352 332 1632 421 eorum
1670 364 1805 421 EUN

1916 365 2060 435 mn,
2100 364 2229 422 LIB.
2272 364 2335 421 ιι.

3393 359 3497 418 5ὓὲ

272 472 577 546 ἡγεμονικὸν,
610 474 705 529 καὶ
732 474 792 529 τὸ
843 448 1019 531 πάντα
1048 476 1106 532 ὲν
1125 479 1289 533 πᾶσιν
1332 478 1587 553 ἐνεργοῦν
1630 480 1805 545 καθὼς

1912 482 2072 548 Filio,
2120 483 2531 538 demonstratur
2575 456 2843 535 etiamin
2882 477 3089 551 Spiritu
3136 486 3349 545 sancto,
3403 494 3493 535 se:

266 564 513 634 βιυλεται,
549 564 601 618 εἰ
635 570 813 621 πάντα
842 568 914 622 τὰ
952 568 1174 622 τοιαῦτα
1207 568 1466 633 ὡσαύτως
1496 569 1644 623 ἐστιν
1684 570 1813 624 ἰδεῖν

266 655 342 707 ἐπὶ
364 654 562 726 Πατρός
598 672 660 708 τε
696 656 791 710 καὶ
809 656 939 711 Υἱοῦ
983 660 1077 712 καὶ
1113 658 1428 730 Πνεύματος
1464 654 1620 729 ἁγίου
1644 676 1659 691 ·
1690 662 1809 725 πῶς

264 744 359 799 [art
381 745 467 799 διὰ
492 746 590 816 τῆς
622 748 679 801 ὲν
705 747 914 812 τούτοις
938 750 1263 821 ταυτότητος
1287 749 1349 803 τδ
1384 751 1693 822 ἐτερογενὲς
1725 754 1813 806 ὲν-

264 834 460 906 veneat;
488 836 699 890 Οὐκοῦν
725 836 786 891 τὺ
808 839 885 909 μὴ
911 825 1021 893 δεῖν
1044 839 1380 911 ἀδελφότητά
1402 858 1523 895 τινα
1561 842 1689 913 περὶ
1718 843 1811 898 τὸν

262 932 510 1004 Μονογενῆ
529 932 774 1005 θεωρεῖν,
810 938 838 989 ὁ
866 936 964 1008 τῆς
988 938 1270 1004 εὐσεϐείας
1291 938 1595 994 συντίθεται
1619 940 1776 1009 λόγος
1791 956 1810 993 τ

263 1021 313 1076 τὸ
336 1022 383 1077 δὲ
408 1024 481 1096 μὴ
510 1019 648 1079 εἶναι
670 1024 748 1097 τῷ
771 1026 1169 1099 Υίῷιόμογενὲς
1195 1029 1255 1082 τὸ
1287 1027 1532 1100 Πνεῦμα,
1564 1029 1642 1101 τῷ
1663 1029 1812 1084 εὐθεῖ

258 1113 315 1167 τὸ
338 1114 506 1183 εὐθὲς,
528 1116 607 1188 τῷ
626 1117 814 1189 ἀγαθῷ
847 1119 909 1173 τὸ
938 1119 1161 1188 ἀγαθὸν,
1190 1120 1270 1191 τῷ
1304 1119 1554 1192 ζωοποιῷ
1586 1122 1646 1175 τὸ
1674 1123 1809 1187 ζωο-

260 1204 421 1270 ποιδν,
452 1206 604 1262 τοῦτο
639 1209 739 1279 τῆς
772 1209 1053 1281 cipe-cmi};
1099 1210 1431 1280 κακουργίας
1481 1211 1546 1263 ὲκ
1586 1210 1686 1279 τῆς
1713 1209 1809 1264 τοῦ

259 1291 400 1359 λόγου
422 1295 735 1360 ἀκολουθίας
774 1295 962 1365 σαφῶς
992 1295 1387 1352 ἀποδέδεικται.

1920 573 2161 628 cundum
2191 571 2468 642 Evangelii
2504 570 2863 627 edictionem:
2900 572 2943 626 si
2974 553 3136 641 quod.
3163 569 3495 641 incorruptid

1919 663 2029 719 blle
2083 673 2136 718 et
2176 661 2650 723 incommutabile,
2678 661 2930 731 quodqtre
2982 659 3189 715 nullius
3237 660 3364 714 mali
3409 668 3493 716 est

1920 770 2114 826 capax,
2149 755 2196 811 si
2224 753 2369 825 quod
2401 754 2605 809 bonum
2627 759 2680 808 et
2709 759 2940 816 rectum,
2962 759 3018 806 et
3042 752 3187 821 quod
3221 751 3493 821 principa-

1922 848 2034 903 tum
2066 847 2251 913 habet,
2292 846 2520 918 etquod
2553 844 2739 900 omnia
2771 844 2826 898 in
2855 844 3109 899 omnibus
3139 841 3302 898 edicit
3331 849 3491 912 prout

1922 937 2034 991 vult
2072 955 2086 991 :
2123 937 2166 990 si
2206 936 2391 990 omnia
2417 950 2539 1004 qua:
2566 932 2854 990 sunt‘talia
2886 932 3082 988 eodem
3110 931 3272 987 modo
3305 930 3493 986 videre

1917 1029 2043 1085 licet
2069 1030 2123 1083 in
2159 1027 2337 1092 Patre,
2384 1036 2439 1083 et
2463 1027 2604 1082 Filio
2636 1034 2688 1082 et
2718 1026 2921 1095 Spiritu
2971 1031 3183 1090 sancto,
3216 1022 3501 1094 quomodo:

1919 1121 2046 1175 licet
2077 1119 2178 1173 hac
2218 1118 2502 1173 identitate
2540 1119 2686 1189 quod
2721 1117 2922 1173 diversi
2960 1115 3175 1187 generis
3208 1113 3489 1170 est'intel-

1918 1209 2118 1279 ligere?
2159 1206 2276 1263 Non
2311 1208 2475 1279 igitur
2522 1215 2774 1278 oportere
2822 1206 3061 1274 aliquam
3094 1202 3488 1257 fraternitatem

1918 1298 1975 1355 in
2006 1299 2296 1371 Unigenito
2330 1314 2554 1355 cernere
2593 1297 2809 1368 pietatis
2835 1283 3107 1352 consentit
3140 1309 3342 1350 sermo.
3381 1291 3487 1347 Sed

260 1384 499 1453 Spiritum
546 1401 657 1441 non
695 1402 835 1444 esse.
865 1401 989 1441 cum
1030 1384 1168 1441 Filio
1210 1386 1457 1457 ejusdem
1503 1389 1741 1459 generis,
1790 1388 1843 1443 id
1880 1399 2004 1456 est,
2059 1390 2402 1454 substantiae,
2444 1397 2650 1446 rectum
2725 1403 2849 1444 cum
2901 1395 3070 1453 recto,
3109 1387 3313 1441 bonum
3363 1399 3486 1438 eum

254 1476 403 1541 bono,
455 1475 732 1531 viviﬁcum
786 1491 910 1533 cum
946 1477 1186 1545 viviﬁco,
1229 1477 1332 1533 hoc
1378 1478 1645 1536 haeretica:
1688 1494 1815 1536 esse
1845 1482 2154 1552 pravitatis,
2182 1483 2512 1540 errationis
2545 1479 2936 1537 consecutione
3009 1487 3193 1549 aperte
3258 1477 3485 1532 demon-

254 1578 463 1626 stratum
489 1577 594 1626 est.

319 1664 375 1717 Τί
398 1660 487 1719 οὖν
519 1664 607 1719 διὰ
631 1664 845 1742 ,τούτων
886 1666 1201 1723 κολοϐοῦται
1245 1668 1278 1739 ἡ
1316 1668 1668 1740 μεγαλειότης
1710 1669 1823 1722 τοῦ

254 1753 579 1824 Πνεύματος;
611 1754 772 1810 Οὐδὲν
800 1755 909 1826 γάρ
937 1757 1053 1810 ἐστι
1076 1756 1136 1810 τὸ
1180 1757 1514 1829 πλεονασμὸν
1546 1758 1579 1829 ἢ
1618 1758 1806 1828 ὕφεσιν

254 1843 530 1914 ἐμποιῆσαι
564 1843 858 1915 δυνάμενον
881 1847 946 1899 ὲκ
990 1845 1097 1900 τῶν
1129 1847 1444 1920 θεοπρεπῶν
1490 1848 1803 1919 νοημάτωνσ

250 1924 564 1988 ὧνκπάντων
605 1933 742 1988 κατὰ
775 1933 836 1987 τὸ
871 1928 989 1988 ἴσον
1038 1935 1436 2006 ἐπιλεγομένων
1477 1936 1555 2007 τῷ
1601 1953 1660 1989 τε
1699 1935 1809 2007 Υίῷ

255 2022 343 2075 καὶ
374 2022 446 2093 τῷ
490 2024 770 2094 Πνεύματι
803 2026 956 2096 παρά
1000 2028 1099 2097 τῆς
1129 2027 1290 2095 ἁγίας
1329 2012 1572 2099 Ῠραφῆς,
1601 2029 1660 2080 ὲν
1704 2027 1810 2080 τίνι

251 2112 425 2184 βλέπει
450 2114 509 2166 τὸ
532 2113 744 2183 ἄνισον;
775 2116 889 2170 υύκ
926 2115 995 2171 ἂν
1039 2118 1215 2173 εἰπείν,
1239 2117 1371 2188 ἔχοι.
1408 2117 1810 2188 Ἀλλά.γυμνὴν

250 2205 340 2258 καὶ
378 2207 765 2274 ἀκατάσκευον,
805 2208 897 2263 καὶ
922 2209 1211 2280 ,μηδεμιᾶς
1247 2210 1561 2282 ἠρτημένην
1589 2209 1809 2263 ἀκολου-

250 2292 363 2357 Dia;
389 2293 485 2366 τὴν
528 2295 670 2350 κατά
702 2295 797 2350 τοῦ
843 2297 994 2375 ἀγίου
1030 2297 1344 2369 Πνεύματος
1380 2297 1641 2370 προφέρει
1684 2297 1812 2353 ἀσέ-

249 2384 409 2441 ϐειαν.
428 2386 578 2440 οὔτε
595 2386 724 2456 μὴν
755 2389 939 2456 ἄλλῳ,
966 2391 1118 2462 φησὶ,
1143 2390 1257 2444 τινὶ
1283 2390 1811 2459 συντασσόμενον.

256 2474 554 2531 ’Λεόντων
568 2477 680 2546 γὰρ
692 2478 1017 2547 ἀναϐέϐηκε
1035 2480 1153 2535 τῶν
1166 2480 1264 2535 διὰ
1280 2480 1539 2536 nemo
1562 2481 1806 2551 γενομέρ

245 2582 362 2621 νων
380 2569 738 2637 ποιημάτων,
760 2573 1012 2641 γενέσει,
1035 2572 1137 2626 καί
1160 2573 1363 2641 φύσει,
1384 2572 1485 2626 καὶ
1512 2571 1683 2642 δόξῃ,
1706 2573 1806 2629 καί

242 2656 470 2724 πτώσει,
486 2658 568 2724 ὡς
582 2657 817 2728 πρῶτον
828 2663 1006 2732 ἔργον
1024 2661 1119 2715 καί
1137 2661 1460 2730 κράτιστον
1472 2663 1578 2717 τοῦ
1600 2667 1766 2719 Maro
1776 2695 1805 2705 -

238 2747 465 2817 τῃνοῦς,
478 2748 775 2819 μέγιστόν
792 2769 855 2806 τε
876 2753 972 2806 καὶ
997 2752 1352 2808 κάλλιστον.
1383 2753 1523 2823 Ἐγὼ
1550 2754 1686 2809 δὲτὸ
1707 2755 1808 2827 μὲν

237 2835 556 2891 ἀπαίδευτον
579 2839 671 2893 καὶ
695 2841 1035 2913 ωρφετῶδες
1068 2844 1167 2914 τῆς
1190 2843 1406 2911 λέξεως,
1443 2845 1622 2910 ἄλλοις
1660 2864 1808 2917 κωμσ

234 2924 390 2995 ῳδεῖν
418 2927 725 2999 καταλείψω
755 2943 770 2961 ⁸
801 2932 1047 3004 ἀπρεπὲς
1075 2930 1213 2988 εἶναι
1241 2935 1441 3008 κρίνων
1470 2938 1832 3010 πρεσϐυτικῇ,

235 3017 394 3088 πολιᾷ
424 3018 525 3089 τὴν
555 3022 614 3074 ὲν
638 3024 747 3085 τοῖς
768 3024 1011 3096 ῥήμασιν
1028 3025 1383 3081 ἀπαιδευσίαν
1407 3029 1702 3102 προφέρειν
1728 3030 1807 3101 τῷ

231 3104 515 3161 άσεδοῦντι
553 3110 633 3173 είς
665 3110 754 3165 τὸν
803 3113 1275 3184 προσκυνούμενον
1308 3117 1476 3185 Λόγον
1498 3121 1711 3172 ’ἐκεῖνο
1750 3120 1807 3173 δὲ

1982 1666 2123 1735 Quid
2156 1666 2323 1737 igitur
2349 1681 2445 1738 per
2471 1667 2585 1721 haec
2615 1663 2854 1734 Spiritus
2884 1662 3142 1733 majestas
3181 1664 3360 1719 minus
3392 1664 3491 1720 ha-

1913 1759 2045 1814 bet?
2068 1757 2228 1812 Nulla
2260 1765 2344 1814 est
2379 1757 2523 1812 enim
2569 1771 2634 1811 ex
2687 1756 2773 1810 his
2826 1754 2933 1810 Deo
2962 1754 3177 1809 decoris
3205 1764 3258 1810 et
3290 1770 3487 1813 conve-

1915 1849 2191 1904 nientibus
2224 1848 2543 1904 notionibus
2573 1861 2691 1916 qua:
2725 1847 2807 1900 vel
2837 1845 3261 1900 redundantiam
3292 1847 3348 1900 in
3378 1862 3487 1902 uno

1912 1940 1995 1995 vel
2027 1939 2460 1992 imminutionem
2505 1937 2560 1990 in
2607 1936 2777 1989 altero
2824 1934 2996 2003 possit
3035 1935 3311 2000 inserere;
3363 1952 3485 2006 quae

1910 2030 2095 2086 omnia
2126 2045 2249 2084 eum
2285 2045 2350 2085 ex
2379 2044 2535 2098 aequo
2568 2027 2825 2083 dicantur
2857 2041 2886 2079 a
2918 2039 3074 2079 saera
3106 2024 3388 2094 Scriptura
3416 2028 3498 2083 de‘

1911 2119 2048 2176 Filio
2079 2128 2133 2176 et
2162 2121 2229 2174 de
2258 2119 2484 2190 Spiritu,
2511 2120 2566 2173 in
2601 2134 2710 2188 quo
2738 2118 3117 2173 animadvertit
3145 2119 3483 2189 inaequalita-

1910 2212 2235 2267 tem?‘certe
2284 2227 2392 2266 non
2429 2218 2613 2281 posset
2661 2210 2866 2265 dicere.
2918 2209 3025 2265 Sed
3070 2210 3269 2265 nudam
3309 2220 3364 2266 et
3401 2213 3484 2267 in-

1909 2304 2270 2375 compositam
2312 2313 2479 2363 ctex
2523 2303 2673 2357 nulla
2726 2303 3127 2359 consecutione'
3162 2304 3494 2373 pendentem

1909 2392 2175 2449 adversus
2234 2391 2500 2462 Spiritum
2560 2399 2811 2446 sanetum
2861 2390 3071 2460 prol'ert
3126 2393 3481 2463 impietatem.

1916 2478 2098 2551 Neque
2137 2496 2256 2534 cum
2282 2481 2395 2535 alio
2419 2479 2669 2549 quodam,
2700 2479 2909 2550 inquit,
2954 2480 3252 2536 ordinatur.
3289 2482 3484 2537 Omnia

1908 2574 2046 2628 enim
2074 2588 2231 2643 opera
2257 2588 2375 2643 qua:
2402 2586 2492 2640 per
2522 2570 2724 2624 Filium
2760 2578 2884 2622 sunt
2938 2570 3081 2638 facta
3143 2587 3482 2640 superaueri-

1912 2664 2015 2731 ἀει,
2074 2671 2215 2731 ortu,
2250 2671 2462 2725 natura,
2505 2661 2701 2731 gloria,
2762 2662 3079 2731 cognitione,
3139 2672 3194 2715 ut
3252 2663 3489 2731 primum

1908 2771 2035 2826 opus
2064 2765 2115 2810 et
2173 2756 2424 2823 optimum
2484 2751 2770 2822 Unigem'ti,
2828 2752 3216 2822 maximumque
3260 2762 3310 2805 et
3362 2754 3483 2823 pul-

1909 2845 2241 2900 cherrimum.
2294 2842 2406 2913 Ego
2447 2848 2626 2896 autem
2688 2840 2961 2894 inscitiam
3010 2847 3063 2893 et
3116 2839 3481 2893 colluvionem

1906 2936 2165 2992 dictionis
2198 2934 2320 2988 aliis
2343 2932 2551 2987 comice
2584 2928 2938 2985 deridendam
2967 2929 3299 2997 relinquam:
3329 2930 3483 2985 inde-

1908 3043 2096 3083 corum
2129 3025 2526 3095 essejudieans
2566 3022 2726 3078 senili
2757 3021 3003 3084 canitiei,
3042 3020 3333 3075 verborum
3364 3023 3484 3078 ine—

1909 3122 2049 3191 ptias
2082 3118 2322 3187 objicere
2346 3116 2397 3172 ei
2423 3116 2514 3186 qui
2538 3115 2702 3183 impie
2728 3115 2838 3184 agit
2869 3115 2924 3168 iu
2948 3111 3186 3168 Verbum
3219 3112 3310 3168 Dei
3335 3114 3516 3184 quod‘

228 3197 529 3269 προσθήσω
572 3202 638 3270 τῇ
687 3202 929 3267 ἐξετάσει
956 3222 970 3236 ·
992 3206 1055 3258 Εἰ
1085 3205 1301 3260 πάντων
1344 3208 1649 3280 ἀναϐέϐηκε
1698 3210 1805 3264 τῶν

1909 3225 1938 3263 a
1961 3209 2120 3264 nobis
2152 3208 2431 3262 adoratur.
2464 3205 2601 3260 Illud
2630 3214 2809 3259 autem
2839 3204 3229 3259 examinationi
3263 3204 3483 3260 addam:

222 3288 316 3343 τοῦ
347 3290 481 3343 nos
506 3293 845 3362 ποιημάτων
874 3294 1222 3367 τδῌνεῦμα·
1263 3302 1532 3369 χρήσομαι
1564 3301 1673 3372 γὰρ
1704 3302 1802 3355 αὐ-

221 3380 316 3433 τοῦ
344 3383 414 3452 τῇ
445 3382 893 3459 σεσολοικισμένῃν
913 3387 1081 3459 ταύτῃ
1104 3388 1196 3442 καὶ
1220 3390 1430 3460 ἀνοήτῳ
1462 3394 1633 3463 φωνῇ,
1669 3394 1803 3460 μᾶλ-

220 3473 311 3525 λον
337 3472 399 3525 δὲ
440 3473 577 3544 πρὸς
614 3475 675 3528 τὸ
722 3477 1054 3549 σαφέστερον
1087 3479 1175 3533 διὰ
1211 3480 1311 3550 τῆς
1339 3481 1578 3552 ἐμαυτοῦ
1600 3482 1799 3547 λέξεως

220 3562 566 3633 παραστήσω
583 3563 645 3635 το
672 3564 848 3635 νόημα
877 3582 891 3597 ·
919 3570 967 3620 εί
1002 3570 1219 3623 πάντων
1260 3570 1477 3641 προέχει
1509 3571 1615 3625 τῶν
1653 3573 1803 3644 παρὰ

215 3652 313 3706 τοῦ
349 3653 487 3706 Tia?)
508 3655 827 3723 γεγονότων,
842 3657 1175 3714 ἀσύντακτον
1204 3661 1320 3713 ἐστι
1340 3664 1405 3731 τῇ
1437 3661 1595 3734 λοιπῇ
1629 3664 1803 3717 κτίσει

210 3743 544 3814 τδΠνεῦμα
585 3746 651 3799 τὸ
699 3744 870 3815 ἅγιον.
902 3749 1013 3802 Καὶ
1043 3751 1091 3803 εί
1128 3750 1453 3817 πλεονεκτεῖ,
1490 3754 1670 3818 καθὼς
1702 3772 1805 3826 φη-

211 3852 305 3888 σιν
335 3838 367 3889 ὁ
401 3836 684 3906 Εὐνόμιος,
716 3838 795 3908 τῷ
822 3840 927 3910 πρὸ
950 3840 1057 3894 τῶν
1084 3841 1255 3899 ἄλλων
1284 3843 1565 3913 γενέσθαι·
1588 3845 1802 3917 ἀνάγκη

206 3925 372 3978 πᾶσα
399 3926 498 3979 καὶ
524 3929 615 3981 ἐπὶ
641 3928 740 3999 τῆς
772 3929 937 4000 ἄλλης
963 3932 1193 3997 κτίσεως
1221 3934 1289 3987 τὰ
1318 3937 1384 4005 τῇ
1423 3937 1634 4003 γενέσει
1664 3937 1802 3990 κατά

200 4014 311 4083 τὴν
367 4016 527 4080 τάξιν
574 4020 884 4089 προήκοντα
906 4060 921 4084 ,
953 4021 1061 4075 τῶν
1094 4022 1290 4095 ἐφεξῆς
1332 4026 1492 4080 αὐτὸν
1524 4027 1803 4097 ὁμολογεῖν

199 4109 615 4179 προτιμότερα.
665 4110 825 4165 Ἀλλὰ
875 4112 982 4183 μὴν
1027 4117 1126 4181 τῆς
1153 4116 1244 4169 τοῦ
1301 4116 1587 4188 ἀνθρώπου
1639 4136 1805 4174 κατα-

198 4198 427 4268 σκευῆς
465 4202 501 4272 ἡ
521 4203 627 4256 τῶν
647 4203 854 4273 ἀλόγων
878 4208 1188 4280 προύπέστη
1207 4209 1391 4277 φύσις.
1408 4210 1614 4264 Οὐκοῦν
1638 4230 1803 4267 κατα-

194 4291 485 4344 σκευάσει
522 4292 737 4358 πάντως
775 4294 865 4349 διὰ
888 4297 1090 4352 τούτων
1113 4301 1507 4373 προτιμοτέραν
1535 4298 1672 4357 εἶναι
1707 4306 1803 4375 τῆς

192 4379 446 4451 λογικῆς
492 4382 682 4446 οὐσίας
724 4381 820 4455 τὴν
865 4385 1077 4455 ἄλογον.
1138 4387 1295 4442 Οὕτω
1349 4391 1440 4443 καὶ
1469 4391 1497 4442 ὁ
1531 4390 1670 4445 Κάῖν
1708 4390 1801 4444 τοῦ

192 4470 391 4524 ’Δϐιλ
446 4472 716 4543 κρείττων
753 4474 893 4529 κατά
934 4478 1027 4531 τὸν
1074 4478 1168 4531 τοῦ
1202 4480 1466 4551 Εὐνομίω
1498 4481 1655 4551 λόγον
1692 4483 1801 4536 δει-

1905 3301 1961 3359 Si
1997 3303 2178 3357 omnia
2206 3299 2329 3355 Filii
2360 3298 2575 3370 Opiﬁcia
2612 3298 2753 3369 (qua:
2778 3299 3057 3366 ποιήματα
3091 3295 3272 3364 vocat)
3305 3296 3482 3367 Spiri-

1904 3405 1993 3451 tus
2019 3391 2454 3464 superascendit,
2487 3397 2613 3443 utar
2639 3388 2784 3445 enim
2824 3387 2946 3456 ejus
2981 3387 3083 3440 hac
3134 3386 3392 3441 insolenti
3427 3395 3481 3441 et

1904 3489 2094 3545 insana
2140 3501 2305 3553 voce;
2360 3484 2470 3538 imo
2503 3497 2647 3537 vero
2683 3489 2743 3535 ut
2797 3480 3001 3535 clarius
3057 3495 3142 3535 res
3184 3480 3477 3539 elucescat,

1903 3596 2023 3636 mea
2038 3579 2285 3634 dictione
2316 3575 2641 3631 sententiam
2682 3573 2981 3642 exprimam
3012 3587 3023 3622 :
3058 3573 3101 3625 si
3132 3588 3197 3625 ex
3237 3587 3302 3627 eo
3333 3572 3477 3642 quod

1902 3672 2083 3728 omnia
2110 3685 2230 3740 qua:
2259 3685 2287 3722 a
2311 3666 2446 3722 Filio
2469 3673 2598 3721 sunt
2628 3663 2765 3718 facta
2788 3662 3057 3717 antecedit
3081 3660 3337 3731 Spiritus,
3356 3678 3479 3715 cum

1904 3767 2049 3821 nulla
2081 3764 2186 3817 alia
2215 3768 2467 3815 creatura
2497 3757 2751 3826 componi
2784 3763 2963 3825 potest
2991 3769 3166 3823 neque
3192 3753 3433 3807 ordinari
3462 3773 3476 3808 :

1901 3862 1956 3907 et
1994 3854 2060 3916 si,
2092 3845 2548 3921 quemadmodum
2577 3846 2652 3898 ait
2690 3843 3016 3909 Eunornius,
3062 3843 3114 3894 in
3151 3856 3216 3897 eo
3245 3856 3479 3911 exsupe-

1902 3951 1985 3995 rat
2034 3949 2089 3996 ct
2135 3941 2256 4010 plus
2300 3938 2464 3993 habet
2493 3936 2638 4007 quod
2681 3934 2857 3989 factus
2904 3935 2977 3989 sit
3024 3942 3149 3986 ante
3193 3933 3347 3986 alia:
3383 3947 3478 3987 ne-

1902 4046 2055 4087 cesse
2102 4038 2186 4086 est
2229 4029 2392 4084 etiam
2440 4028 2619 4097 ipsum
2664 4024 2843 4085 fateri,
2894 4022 3040 4092 quod
3090 4022 3144 4075 in
3179 4020 3509 4075 omni-alia-

1903 4130 2151 4178 creatura
2180 4162 2194 4185 ,
2249 4134 2371 4188 qua:
2419 4126 2542 4171 ortu
2593 4114 2893 4169 secundum
2935 4112 3182 4167 ordinem
3232 4122 3476 4181 prmeunt

1903 4213 2257 4284 sequentibus
2290 4217 2417 4265 sunt
2448 4205 2865 4277 prrestabiliora.
2896 4202 3059 4273 Atqui
3085 4203 3322 4258 hominis
3364 4201 3476 4257 for-

1901 4304 2141 4359 matione
2168 4301 2472 4356 belluarum
2497 4305 2688 4351 natura
2717 4294 2866 4364 prior
2888 4294 3117 4348 exstitit.
3152 4292 3227 4346 Er
3256 4292 3343 4348 his
3375 4291 3477 4363 ἰείη

1904 4404 1991 4448 tur
2014 4391 2303 4448 eoncludet
2346 4397 2600 4443 naturam
2647 4385 2882 4440 rationis
2906 4394 3207 4453 expertem,
3251 4384 3476 4439 rationis

1906 4484 2168 4558 participe
2194 4482 2418 4537 omnino
2460 4478 2894 4549 praestantiorem
2926 4491 3067 4532 esse.
3111 4475 3203 4530 Sic
3232 4475 3335 4530 hac
3363 4475 3475 4529 Eu-

185 4563 507 4635 χθήσεται,
551 4568 896 4638 προτερεύων
938 4569 1015 4640 τῷ
1046 4571 1221 4642 χρόνῳ
1268 4572 1408 4626 κατά
1433 4573 1529 4645 τὴν
1566 4576 1795 4643 γένεσιν.

1909 4576 2073 4632 nuntii
2114 4575 2325 4628 ratione
2352 4571 2486 4627 Cain
2528 4569 2698 4625 Abele
2743 4569 2936 4623 melior
2966 4568 3471 4623 demonstrabitur:

179 4655 369 4709 οὕτω
399 4657 503 4710 καὶ
528 4656 637 4711 τῶν
674 4659 738 4711 ὲκ
763 4661 861 4729 τῆς
882 4660 985 4731 γῆς
1009 4662 1290 4732 φυομένων
1331 4664 1605 4730 ἁπάντων,
1641 4665 1798 4719 ἐλάτ-

174 4761 305 4798 των
347 4745 457 4799 καὶ
495 4747 898 4820 καταδεεστέρα
937 4750 970 4820 ἡ
1006 4751 1115 4805 τῶν
1156 4752 1369 4826 ἄστρων
1402 4754 1563 4823 φύσις
1595 4756 1801 4809 ἀναδει-

172 4835 499 4908 χθήσεται.
538 4838 623 4891 Τά
647 4838 747 4911 μὲν
774 4841 881 4913 γάρ
913 4845 978 4913 τῇ
1004 4844 1162 4916 τρίτῃ
1201 4843 1309 4897 τῶν
1356 4845 1577 4916 ἡμερῶν
1605 4847 1669 4899 ὲκ
1701 4846 1797 4916 τῆς

168 4925 291 4995 τῆς
348 4927 718 4995 ἐξανέτειλεν,
764 4932 813 4983 οί
861 4932 918 4985 δὲ
969 4934 1192 5004 μεγάλοι
1252 4935 1534 5006 φωστῆρες
1586 4937 1679 4988 καὶ
1729 4937 1797 4989 τά

168 5016 384 5088 ἄστρα
417 5018 625 5083 πάντα,
676 5020 818 5075 κατά
854 5022 952 5093 τὴν
978 5024 1244 5095 τετάρτην
1290 5024 1617 5094 γεγενῆσθαι
1650 5026 1799 5096 παρά

164 5107 277 5161 τοῦ
342 5110 610 5174 Μωσέως
656 5112 987 5185 ἱστόρηνται.
1042 5115 1200 5170 Ἀλλά
1246 5117 1354 5187 μὴν
1405 5115 1579 5178 οὐδεὶς
1627 5115 1799 5180 οὕτως

166 5195 460 5268 ἀνόητος,
480 5199 559 5264 ὡς
574 5201 683 5254 τῶν
705 5203 970 5274 οὐρανίων
992 5204 1281 5278 θαυμάτων
1303 5206 1401 5277 τὴν
1415 5207 1609 5278 miqu
1638 5208 1798 5262 ποίαν

172 5288 621 5358 τρπιμοτέραν
639 5289 728 5344 διὰ
750 5291 819 5346 τά
837 5294 930 5346 τοῦ
957 5296 1146 5366 χρόνου
1179 5297 1440 5367 πρεσϐεῖα
1455 5296 1792 5365 λογίσασθαι·

176 5371 215 5460 ᾗ
246 5376 337 5445 τῷ
372 5377 527 5431 Κάῖν
557 5378 741 5435 δοῦναι
792 5384 932 5439 κατά
970 5386 1063 5439 τοῦ
1099 5388 1264 5442 ’Δδελ
1302 5388 1373 5442 τά
1411 5388 1732 5460 νικητήρια,
1760 5390 1792 5460 ἢ

176 5456 509 5530 ὖτεοζεῦξαι
533 5471 650 5533 τοῖς
680 5470 892 5541 ἀλόγοις
918 5475 1008 5530 τὸν
1036 5475 1317 5549 ἄνθρωπον
1346 5477 1436 5532 τὸν
1468 5456 1795 5549 μέτ’νέκείνα

173 5551 529 5622 Nysam.
567 5559 683 5612 Οὐκ
736 5562 844 5631 ἄρα
886 5565 1009 5620 νοῦν
1038 5566 1148 5639 ἔχει
1175 5570 1295 5623 τινὰ
1331 5569 1390 5623 τὸ
1426 5570 1573 5643 παρὰ
1602 5570 1792 5627 τούτου

263 5727 322 5761 ⁸³
366 5728 517 5787 Gen.
553 5748 593 5799 ι,
619 5734 673 5791 6.

1907 4667 2054 4738 prior
2080 4665 2225 4720 enim
2255 4671 2339 4718 est
2381 4671 2634 4731 tempore
2675 4658 2976 4715 secundum
3005 4665 3204 4711 ortum.
3241 4655 3332 4709 Sic
3361 4672 3476 4709 om-

1903 4758 2066 4811 nibus
2098 4769 2221 4824 qua:
2249 4768 2315 4809 ex
2349 4761 2495 4807 terra
2527 4749 2850 4811 funduntur,
2879 4745 3120 4801 siderum
3148 4753 3343 4799 natura
3371 4746 3475 4797 nti-—

1901 4862 2005 4903 nor
2035 4856 2097 4902 et.
2121 4844 2346 4900 inferior
2372 4840 2711 4897 ostendetur.
2748 4837 2840 4891 Illa
2887 4835 3156 4905 siquidem
3189 4837 3352 4890 tertio
3388 4833 3475 4887 die

1900 4956 1984 4995 ex.
2007 4946 2155 4993 terra
2182 4943 2373 4992 exorta
2406 4940 2554 4989 sunt.
2584 4932 2655 4985 At
2689 4943 2888 5000 magna
2922 4928 3038 4983 haec
3078 4928 3284 4981 lumina
3322 4935 3375 4980 et
3403 4926 3475 4979 si—

1903 5029 2034 5085 dera
2060 5026 2245 5082 omnia
2289 5031 2482 5094 quarto
2520 5021 2610 5079 die
2642 5027 2825 5075 creata
2857 5033 2980 5074 esse
3029 5032 3058 5071 a
3110 5015 3258 5071 Mose
3288 5015 3473 5085 prodi-

1903 5124 2020 5172 tum
2049 5122 2134 5172 est
2164 5115 2231 5167 ".
2264 5111 2654 5167 Verumtamen
2708 5108 2892 5161 nullus
2932 5112 3017 5162 est
3065 5112 3175 5157 tam
3206 5119 3235 5155 a
3266 5101 3475 5156 ratione

1904 5207 2095 5264 devius
2125 5211 2179 5260 et
2207 5217 2422 5266 amens,
2445 5209 2506 5255 ut
2545 5197 2865 5254 cmlestibus
2900 5195 3008 5248 illis
3044 5191 3328 5247 miraculis
3361 5198 3473 5245 ter-

1900 5305 2130 5351 restrem
2173 5291 2417 5353 herbam,
2449 5287 2722 5357 praecipuo
2752 5283 3015 5353 temporis
3040 5281 3165 5350 jure
3205 5288 3473 5350 praestau-

1904 5387 2095 5443 tiorem
2120 5397 2243 5439 esse
2281 5381 2596 5437 existimet:
2632 5387 2724 5433 aut
2761 5375 2853 5446 qui
2900 5373 3072 5429 Caino
3103 5380 3293 5425 contra
3329 5372 3467 5426 Abe-

1902 5479 2005 5533 lem
2039 5475 2129 5531 det
2154 5471 2394 5529 victoria:
2423 5468 2665 5541 praemia,
2692 5472 2794 5522 aut
2821 5464 2915 5535 qui
2958 5461 3139 5518 brutis
3174 5461 3471 5516 animanti-

1901 5570 2004 5626 bus
2037 5566 2312 5626 hominem
2348 5562 2625 5634 subjuget,
2675 5556 3038 5632 quoniamsit
3078 5560 3199 5625 post
3252 5554 3346 5609 illa
3391 5552 3476 5610 la-
