3992 6210
453 295 562 354 563

1715 274 1778 347 's.
1813 284 2143 347 caecum
2168 285 2460 345 nvssm

3592 277 3697 333 564

454 431 600 478 ctus.
629 418 846 474 Nullam
893 417 1060 488 igitur
1101 414 1272 472 habet
1319 412 1611 476 rationem,
1645 410 1790 481 quod
1833 413 1902 466 ab
1954 427 2020 467 eo

2125 406 2446 476 λεγόμενον,
2477 403 2558 458 ὅτι
2613 401 2701 456 διὰ
2753 402 2815 456 τδ
2859 399 2964 474 πρὸ
3014 400 3121 456 τῶν
3169 399 3342 455 ἄλλων
3367 397 3709 468 γενέσθαιτὺ

455 511 741 576 asseritur,
773 510 923 579 quod
954 507 1083 580 quia
1128 515 1256 562 ante
1301 505 1407 560 alia
1455 503 1690 572 Spiritus
1727 505 1798 559 sit
1843 513 2020 569 ortus,

453 600 915 656 honorabiliorem
968 608 1224 656 naturam
1269 597 1432 654 habet
1484 597 1551 652 iis
1595 611 1717 668 qua:
1763 596 2023 668 deinceps

451 691 721 762 producta
749 689 993 747 fuerunt.

518 779 817 837 Videamus
860 788 1044 837 autem
1088 779 1271 851 qualia
1317 771 1505 850 gloria:
1535 775 1774 847 Spiritus
1827 773 2028 847 gratiﬁ-

448 879 624 938 catur,
655 872 748 942 qui
785 871 933 926 hunc
969 887 1000 926 a
1028 869 1152 926 Filii
1197 870 1582 925 communione
1626 867 1831 924 divisit.
1878 866 2024 923 Unus

445 964 608 1027 enim,
643 963 840 1032 inquit.
866 971 915 1016 et
941 963 1026 1016 hic
1066 978 1182 1015 cum
1213 962 1303 1027 ait,
1332 969 1382 1015 et
1406 961 1608 1028 primus
1635 969 1685 1015 et
1712 959 1878 1026 solus,
1910 975 2023 1012 om-

449 1054 602 1108 nibus
639 1052 771 1107 Filii
814 1053 1056 1122 operibus
1097 1053 1400 1120 prwcellens
1429 1051 1714 1107 secundum
1741 1052 2022 1105 essentiam

447 1153 496 1196 et
531 1145 831 1198 naturalem
857 1145 1194 1218 dignitatem,
1233 1160 1437 1196 omnem
1470 1143 1824 1212 operationem
1848 1153 1897 1198 et
1925 1144 2022 1198 do-

449 1237 675 1290 ctrinam
703 1237 997 1305 perﬁciens,
1023 1237 1158 1290 sicut
1193 1233 1336 1290 Filio
1362 1235 1664 1306 placet,’qui
1695 1237 1922 1290 mittitur
1958 1237 2022 1289 ab

446 1327 562 1394 ipso
593 1335 642 1380 et
668 1328 731 1379 ab
762 1327 873 1394 ipso
903 1327 1114 1393 accipit,
1143 1336 1191 1380 et
1218 1326 1502 1380 annuntiat
1529 1326 1593 1380 iis
1622 1326 1712 1395 qui
1736 1326 2025 1380 instituun-

449 1427 556 1480 tur,
587 1426 634 1472 et
674 1418 912 1470 veritatis
958 1413 1068 1470 dux
1097 1427 1195 1471 est.
1231 1415 1484 1481 Omnem,
1529 1415 1728 1488 inquit,
1779 1417 2024 1474 muneris

446 1506 786 1562 iunctionem
811 1508 927 1563 sive
956 1508 1327 1578 operationem
1356 1516 1411 1563 et
1441 1509 1747 1564 doctrinam
1781 1506 2021 1578 Spiritus

447 1605 674 1652 sanctus
715 1597 1042 1667 perﬁciens:
1079 1614 1242 1670 quam
1295 1599 1706 1670 operationem?
1750 1609 1932 1655 utrum
1964 1600 2026 1653 il-

445 1688 552 1742 lam
584 1704 747 1758 quam
777 1691 939 1744 etiam
971 1689 1130 1745 Pater
1175 1698 1228 1745 et
1258 1688 1429 1744 Filius
1467 1688 2020 1764 secundum____l)omini

445 1779 696 1842 verbum,
724 1787 1006 1848 cperatur,
1053 1781 1144 1849 qui
1179 1795 1352 1849 usque
1386 1781 1548 1834 modo
1577 1759 1810 1835 salutem
1830 1779 2024 1833 huma-

445 1885 571 1924 nam
605 1878 884 1940 operatur,
926 1870 1008 1924 vel
1053 1871 1214 1924 aliam
1254 1871 1492 1940 aliquam
1533 1879 1730 1942 praeter
1768 1871 1946 1925 hanc?
1979 1867 2024 1924 si

445 1961 668 2032 quidem
713 1960 803 2014 illa
850 1971 1128 2030 operatur,
1172 1961 1420 2016 eamdem
1470 1977 1596 2016 cum
1646 1963 1738 2017 illo
1797 1977 2025 2031 prorsus

443 2054 704 2109 virtutem
748 2061 803 2108 et
842 2062 1095 2108 naturam
1126 2055 1308 2120 habet,
1360 2064 1414 2110 et
1457 2055 1655 2110 diversi
1684 2055 1899 2125 generis
1934 2053 2025 2109 Dei

445 2154 642 2201 natura
675 2147 728 2200 in
754 2162 819 2201 eo
857 2149 1035 2201 locum
1069 2163 1178 2200 non
1223 2147 1402 2202 habet.
1439 2146 1504 2202 Ut
1543 2148 1686 2202 enim
1720 2150 1764 2203 si
1795 2148 1922 2218 quid
1961 2162 2024 2201 ca

445 2254 568 2309 qua:
613 2239 756 2310 ignis
797 2239 982 2302 elIicit,
1028 2239 1264 2294 ediceret
1321 2241 1682 2294 illuminando
1730 2247 1784 2294 et
1833 2238 2024 2293 calefa

444 2331 639 2388 ciendo
667 2332 856 2388 eodem
881 2331 1063 2398 modo,
1095 2332 1236 2402 ignis
1267 2343 1351 2388 est
1379 2333 1600 2388 omnino
1626 2353 1640 2388 :
1665 2334 1746 2388 sic
1779 2333 1826 2388 si
1857 2331 2023 2402 Spiri-

443 2434 536 2481 tus
565 2425 745 2482 Patris
786 2441 952 2496 opera
997 2426 1148 2492 facit,
1191 2425 1435 2496 ejusdem
1479 2443 1602 2482 cum
1639 2429 1762 2497 ipso
1807 2428 2023 2495 penitus

443 2529 656 2573 naturae
690 2534 814 2573 esse
861 2519 1106 2575 confiteri
1165 2533 1390 2574 necesse
1427 2528 1530 2575 est.
1577 2519 1734 2584 Quod
1791 2519 1839 2575 si
1894 2518 2024 2588 quid

445 2609 594 2664 aliud
643 2619 837 2680 praeter
884 2611 1117 2666 salutem
1171 2618 1417 2665 nostram
1463 2617 1740 2680 operatur,
1789 2617 1844 2665 et
1885 2610 1928 2663 si
1970 2609 2024 2663 in

444 2701 631 2772 aliquo
660 2716 848 2756 eorum
880 2717 998 2772 qua:
1035 2711 1166 2758 sunt
1209 2701 1488 2756 contraria
1521 2701 1861 2756 demonstrat
1903 2699 2024 2770 ejus

445 2793 844 2863 operationem,
887 2793 1029 2848 alius
1060 2802 1271 2848 natura:
1297 2801 1351 2847 et
1379 2791 1634 2847 cssentiae
1664 2807 1758 2862 per
1782 2791 1897 2846 haec
1929 2793 2024 2847 de-

441 2888 864 2942 monstrabitur.
896 2884 1282 2941 Verumtamen
1317 2886 1583 2955 Spiritum
1627 2886 1903 2940 vivilicare
1941 2886 2013 2938 si-

440 2979 648 3032 militer
675 2992 799 3031 cum
823 2975 984 3030 Patre
1023 2982 1077 3030 et
1111 2973 1250 3030 Filio
1280 2973 1519 3030 Verbum
1554 2975 1731 3044 ipsum
1755 2974 2020 3030 testilica-

441 3075 553 3121 tur.
587 3065 952 3132 Quamobrem
989 3063 1251 3140 Spiritum
1286 3079 1316 3117 a
1345 3063 1526 3120 Patris
1559 3063 1792 3133 Filiique
1822 3072 2017 3118 natura
2047 3079 2088 3136 ε
2121 3095 2216 3162 τρὸ

441 3173 555 3212 non
599 3157 835 3210 alienum
873 3172 966 3226 per
1000 3157 1187 3211 eadem
1231 3171 1396 3226 opera
1428 3164 1481 3211 et
1527 3155 1718 3211 effecta
1767 3171 2020 3226 compro-

439 3248 554 3300 bat.
589 3245 656 3300 Et
687 3245 867 3301 Patris
912 3247 1286 3316 operationem
1319 3253 1372 3301 et
1401 3245 1708 3300 doctrinam
1754 3245 2019 3316 Spiritum

439 3339 653 3396 ellicere
702 3339 844 3394 sicut
889 3341 1106 3394 videtur
1131 3337 1289 3405 Filio,
1326 3355 1436 3393 non
1478 3339 1805 3395 inliciamur.
1843 3338 2018 3394 Unam

439 3432 589 3486 enim
618 3431 950 3485 voluntatem
993 3428 1174 3485 Patris
1211 3438 1266 3486 et
1305 3429 1426 3485 Filii
1470 3439 1525 3486 et
1571 3430 1811 3501 Spiritus
1839 3431 2018 3485 sancti

439 3530 653 3577 natura:
686 3521 1000 3576 communio
1018 3528 1269 3576 testatur.
1296 3521 1476 3588 Quare
1506 3523 1552 3578 si
1587 3523 1718 3578 illud
1745 3523 1857 3578 vult
1894 3521 2019 3593 Spi-

438 3615 583 3670 ritus
611 3623 856 3682 sanctus,
888 3613 1033 3685 quod
1058 3613 1195 3669 Filio
1217 3614 1450 3680 videtur,
1486 3618 1797 3671 communio
1827 3616 2023 3670 volun-

439 3707 574 3762 tatis
627 3706 922 3762 manifesto
973 3706 1228 3762 essentia:
1283 3707 1548 3760 unitatem
1603 3704 2026 3772 ostenditzscd,

443 3800 550 3867 Qui
586 3800 834 3862 mittitur,
866 3800 961 3862 ait,
992 3798 1056 3852 ab
1097 3800 1230 3868 ipso,
1260 3810 1308 3853 et
1341 3800 1404 3852 ab
1450 3801 1562 3868 ipso
1593 3800 1803 3867 accipit,
1845 3810 1894 3854 et
1924 3817 2020 3854 an-

440 3893 654 3946 nuntiat
682 3891 906 3946 eruditis
937 3901 986 3945 et
1033 3891 1272 3946 ueritatis
1310 3891 1419 3944 dua:
1459 3899 1556 3946 est.
1589 3889 1706 3947 Nisi
1733 3891 1849 3945 haec
1879 3907 2016 3960 pra:-

440 3985 673 4041 dixisset
703 3984 770 4039 de
806 3983 1036 4053 Spiritu,
1064 3983 1225 4054 plane
1266 3983 1334 4038 de
1379 3983 1561 4053 aliquo
1593 3983 1734 4038 inter
1769 3984 2018 4040 homines

441 4079 668 4133 doctore
699 4077 815 4131 haec
849 4075 958 4130 dici
1005 4075 1237 4130 audiens
1278 4075 1638 4129 existimaret.
1677 4074 1822 4130 Idem
1873 4076 2018 4130 enim

439 4180 526 4226 est
559 4170 700 4225 mitti
733 4177 787 4223 ct
813 4167 1077 4238 delegari,
1108 4175 1160 4222 et
1193 4167 1328 4221 nihil
1356 4183 1386 4222 e
1415 4166 1579 4222 domo
1610 4169 1694 4222 vel
1726 4182 1791 4222 ex
1825 4183 1886 4222 se
1922 4167 2019 4220 ha-

438 4265 591 4328 bere,
622 4263 717 4318 sed
758 4276 976 4316 sumere
1003 4276 1070 4316 ex
1102 4259 1372 4316 mittentis
1415 4259 1530 4316 sive
1571 4259 1872 4329 delegautis
1901 4275 2023 4330 gra-

438 4357 537 4420 tia,
573 4363 628 4409 et
670 4355 758 4410 his
805 4355 898 4423 qui
934 4353 1204 4408 docentur
1248 4352 1415 4406 verba
1462 4352 1800 4417 ministrare,
1853 4361 2018 4423 atque

339 4443 354 4462 '
438 4445 760 4501 errantibus
791 4443 1039 4499 veritatis
1082 4459 1142 4498 se
1176 4441 1370 4497 ducem
1422 4441 1681 4512 prmbere.
1717 4440 1842 4497 Haec
1868 4431 2012 4498 enim
2050 4413 2095 4472 θ

437 4533 625 4589 omnia
655 4534 819 4590 etiam
848 4547 993 4588 nunc
1022 4541 1303 4604 pastorum
1333 4540 1497 4602 atque
1529 4533 1814 4589 doctorum
1863 4544 2014 4601 sunt,

434 4627 602 4694 mitti,
638 4627 912 4697 accipere,
949 4625 1297 4688 annuntiare,
1349 4625 1569 4690 docere,
1602 4627 1888 4682 veritatem
1919 4642 2016 4698 po-

437 4733 570 4774 nere
599 4726 654 4773 et
684 4717 942 4773 fundare:
985 4731 1104 4788 quae
1148 4715 1380 4788 Spiritui
1413 4725 1604 4772 sancto
1649 4718 1878 4790 largitur
1906 4717 2019 4774 Eu-

437 4811 678 4866 nomius.
723 4809 858 4864 Cum
910 4819 1090 4864 autem
1143 4817 1270 4865 ante
1330 4811 1444 4866 haec
1501 4811 1732 4867 dixisset
1776 4855 1791 4881 ,
1869 4813 2014 4885 quod

437 4905 596 4958 etiam
639 4919 775 4956 unus
804 4908 884 4956 est
919 4902 1120 4970 primus
1149 4912 1198 4956 et
1237 4902 1381 4957 solus
1429 4913 1478 4957 et
1524 4902 1766 4957 omnibus
1807 4903 2018 4972 praecel-

435 4999 544 5049 lens
579 5010 600 5051 :
631 4994 678 5050 si
716 4993 983 5049 hactenus
1022 5008 1332 5049 sermonem
1365 4995 1738 5059 terminasset,
1767 4995 2018 5050 decreto-

433 5102 557 5141 rum
617 5085 869 5142 veritatis
921 5093 1189 5155 patronus
1239 5085 1391 5141 visus
1439 5095 1602 5142 esset.
1669 5085 1821 5142 Unus
1869 5086 2014 5141 enim

433 5195 564 5235 vere
603 5181 697 5251 qui
751 5179 1190 5250 inseparabiliter
1249 5177 1306 5233 in
1348 5195 1458 5234 uno
1514 5179 1916 5243 consideratur,
1963 5188 2018 5234 et

432 5273 646 5340 primm
679 5273 732 5326 in
764 5273 940 5343 primo
961 5281 1016 5327 et
1045 5272 1199 5328 solus
1229 5271 1284 5325 in
1337 5271 1478 5325 solo.
1512 5270 1584 5326 Ut
1610 5270 1755 5326 enim
1789 5272 2015 5341 Spiritus

436 5365 680 5420 hominis
727 5368 819 5435 qui
857 5375 943 5421 est
982 5365 1038 5419 in
1075 5365 1221 5435 ipso,
1271 5374 1326 5419 et
1366 5363 1482 5434 ipse
1530 5363 1716 5426 homo,
1745 5379 1890 5419 unus
1931 5370 2016 5419 est

440 5455 624 5520 immo,
660 5457 740 5510 sic
768 5467 821 5512 et
851 5455 1088 5528 Spiritus
1125 5456 1217 5512 Dei
1252 5455 1347 5527 qui
1389 5459 1444 5512 in
1473 5455 1674 5527 ipso,et
1710 5456 1826 5526 ipse
1853 5455 2013 5518 Deus,

440 5562 588 5601 unus
631 5563 758 5601 vere
800 5559 853 5600 et
894 5550 1472 5622 propricjnominatus
1517 5548 1684 5604 fuerit
1739 5547 1925 5604 Deus:
1959 5555 2013 5600 et

442 5640 655 5712 primus
690 5646 743 5693 et
784 5639 956 5706 solus,
1007 5640 1102 5710 qui
1137 5657 1246 5696 non
1277 5651 1465 5712 posset
1508 5641 1576 5697 ab
1607 5657 1672 5698 eo
1704 5641 1757 5696 in
1797 5658 1906 5712 quo
1933 5651 2015 5697 cst

441 5729 709 5804 separari.
742 5727 898 5787 Nunc
930 5739 1106 5787 autem
1134 5746 1258 5788 cum
1291 5733 1513 5803 adjecit,
1562 5732 1862 5800 pra’rellcns
1888 5750 2017 5806 om-

2127 496 2385 567 Πνεῦμα,
2429 493 2828 567 προτιμοτέραν
2861 494 2973 564 ἔχει
3022 493 3130 547 τῶν
3171 491 3368 562 ἐφεξῆς
3405 491 3704 561 γεγονότων

2125 586 2224 658 τὴν
2255 587 2434 656 φύσιν.

2200 742 2425 813 ΙἸδωμεν
2459 742 2516 796 δέ
2539 742 2634 798 καὶ
2660 737 2749 796 οἷα
2775 741 3050 813 χαρίζεται
3075 743 3143 812 τῇ
3173 738 3302 814 δόξῃ
3329 739 3423 794 τοῦ
3447 737 3706 808 Πνεῦμα-

2124 850 2215 897 τος
2291 835 2320 886 ὁ
2361 834 2460 904 τῆς
2513 834 2650 906 πρὸς
2693 834 2785 887 τὸν
2827 833 2958 886 Υἱὸν
3007 832 3290 895 κοινωνίας
3339 831 3703 902 άπομερίσας.

2123 919 2232 990 Εἷς
2256 923 2386 994 γὰρ,
2417 925 2600 995 φησιν,
2623 925 2720 979 καὶ
2750 920 2930 989 οὗτος
2961 921 3067 987 ὢν,
3100 922 3199 976 καὶ
3221 921 3454 990 πρῶτος
3476 921 3573 974 καί
3601 920 3708 990 μό·

2125 1031 2249 1080 νος,
2276 1013 2375 1068 καὶ
2413 1013 2657 1069 πάντων
2679 1014 2961 1083 προῦχων
2991 1013 3110 1067 τῶν
3137 1013 3242 1067 τοῦ
3282 1011 3418 1066 Υἱοῦ
3455 1011 3709 1078 ποιημά-

2127 1121 2246 1157 των
2275 1105 2426 1158 κατὰ
2474 1103 2590 1172 τὴν
2627 1105 2845 1158 οὐσίαν
2893 1103 2992 1157 καὶ
3041 1102 3158 1170 τὴν
3188 1101 3460 1172 φυσικὴν
3499 1101 3706 1165 ἀξίαν,

2127 1193 2331 1249 πᾶσαν
2345 1194 2646 1265 ἐνέργειαν
2678 1193 2776 1247 καὶ
2801 1193 3202 1248 διδασκαλίαν
3234 1193 3526 1258 ἐξανύων,
3557 1194 3709 1245 κατά

2125 1287 2190 1339 τὸ
2242 1285 2463 1340 δοκοῦν
2500 1284 2579 1350 τῷ
2633 1283 2762 1349 Υίῷ,
2806 1284 3181 1352 πεμπόμενος
3213 1285 3312 1336 ὑπ’
3359 1282 3570 1343 αὑτοῦ,
3604 1281 3705 1334 καί

2125 1377 2259 1446 παρ’
2285 1375 2471 1430 αὐτοῦ
2496 1371 2835 1444 λαμϐάνων,
2867 1375 3252 1444 ἀναγγέλλων
3275 1373 3398 1440 τοῖς
3432 1372 3710 1426 παιδευο·

2120 1471 2345 1541 μένοις,
2376 1467 2474 1522 καὶ
2504 1466 2613 1536 τῆς
2657 1467 2944 1535 ἀληθείας
2975 1465 3330 1535 ἡγούμενος.
3381 1465 3567 1518 nam
3598 1481 3710 1532 φη-

2126 1578 2210 1614 σιν
2243 1546 2518 1630 ἐνέργειαν
2570 1557 2664 1610 καὶ
2707 1555 3052 1610 διδασκαλίαν
3103 1555 3347 1618 ἐξανύειν
3387 1554 3448 1607 τὸ
3480 1553 3707 1624 Πνεῦμα

2124 1647 2185 1700 τὸ
2209 1646 2381 1714 ἆγιον.
2411 1644 2577 1698 Ποίαν
2619 1644 2926 1716 ἐνέργειαν;
2963 1643 3198 1714 Πότερον
3247 1643 3463 1714 ἐκείνην
3493 1644 3563 1713 ῆν
3609 1644 3710 1696 καὶ

2123 1742 2152 1793 ὁ
2187 1738 2377 1805 Πατὴρ
2406 1737 2498 1791 καὶ
2521 1738 2550 1789 ὁ
2590 1735 2718 1798 Υἱὸς
2763 1736 2904 1789 κατὰ
2939 1735 3031 1789 τὸν
3069 1739 3160 1788 τοῦ
3196 1735 3400 1807 Κυρίου
3424 1735 3582 1804 λόγον
3619 1736 3710 1786 ἐνο

2127 1831 2296 1901 εργεί,
2315 1831 2343 1881 ὁ
2368 1828 2472 1891 ἕως
2500 1828 2623 1897 ἄρτι
2647 1827 3005 1898 ἐργαζόμενος
3031 1826 3128 1896 τὴν
3159 1827 3500 1898 ἀνθρωπίνην
3526 1844 3709 1896 σωτη-

2130 1919 2324 1989 ρίαν,ἢ
2356 1917 2522 1987 ἄλλην
2552 1917 2674 1971 τινὰ
2705 1918 2854 1988 παρὰ
2877 1917 3114 1988 eadem;
3151 1918 3213 1970 Ei
3255 1918 3352 1987 μὲν
3383 1917 3491 1989 γάρ
3519 1919 3708 1971 ἐκεῖνα

2125 2005 2437 2074 ἐργάζεται,
2469 2005 2566 2077 τὴν
2600 2005 2769 2075 αὐτὴν
2806 2005 2999 2074 ἐκείνῳ
3025 2005 3243 2069 πάντως
3267 2006 3493 2076 δύναμίν
3526 2024 3585 2058 τε
3609 2007 3708 2059 καὶ

2128 2099 2288 2167 φύσιν
2316 2097 2428 2168 ἔχει
2449 2113 2464 2128 ⁸
2497 2099 2590 2150 καὶ
2619 2096 2678 2151 τὸ
2704 2096 2796 2150 τοῦ
2839 2097 2975 2150 Θεοῦ
3009 2098 3316 2168 ἐτερογενές
3355 2099 3447 2150 ἐπὶ
3477 2099 3570 2150 τοῦ
3594 2117 3708 2152 τοι·

2125 2191 2280 2243 ούτου
2311 2189 2492 2261 χώραν
2537 2191 2635 2243 οὐκ
2674 2189 2806 2258 ἔχει.
2853 2191 2942 2254 Ὠς
2976 2189 3084 2261 γὰρ
3110 2191 3162 2242 εἴ
3199 2207 3250 2242 τι
3293 2190 3361 2243 τά
3403 2189 3492 2244 τοῦ
3533 2192 3708 2261 πυρὸς

2125 2280 2397 2352 ἐνεργοίη,
2427 2281 2640 2350 λάμπον
2687 2297 2747 2333 τε
2801 2280 2895 2333 καὶ
2935 2279 3224 2351 θερμαῖνον
3267 2281 3559 2345 ὡσαύτως,
3593 2282 3708 2351 πῦρ

2125 2370 2240 2422 ἐστι
2275 2369 2518 2432 πάντως·
2549 2367 2720 2431 οὕτως
2742 2370 2790 2421 εί
2827 2368 2896 2421 τὰ
2919 2369 3008 2422 τοῦ
3041 2371 3254 2440 Πατρὺς
3279 2370 3415 2441 ἔργα
3444 2372 3502 2423 τὸ
3529 2369 3705 2424 Πνεῦ-

2131 2479 2203 2530 μα
2237 2463 2396 2524 ποιεῖ,
2409 2461 2510 2528 τῆς
2541 2461 2709 2530 αὐτῆς
2738 2460 2888 2530 αὐτῷ
2919 2461 3136 2524 πάντως
3159 2461 3372 2530 φύσεως
3406 2457 3541 2514 εἶναι
3571 2463 3704 2532 69.0-

2125 2551 2380 2618 λογεῖται.
2419 2550 2481 2602 Et
2513 2550 2571 2602 δὲ
2612 2549 2740 2604 ἄλλο
2780 2567 2833 2602 τι
2884 2550 3034 2620 παρὰ
3085 2549 3184 2618 τὴν
3229 2549 3500 2620 σωτηρίαν
3543 2550 3706 2620 ἡμῶν

2125 2642 2372 2712 ἐνεργεῖ,
2406 2640 2498 2694 καὶ
2530 2639 2610 2703 είς
2657 2657 2708 2692 τι
2754 2639 2862 2693 τῶν
2898 2640 3152 2692 ἐναντίων
3193 2639 3558 2692 ἐπιδείκνυται
3604 2639 3706 2709 τὴν

2124 2729 2423 2798 ἐνέργειαν,
2459 2727 2626 2798 ἄλλης
2655 2727 2865 2795 φύσεώς
2894 2744 2953 2780 τε
2997 2730 3090 2781 καὶ
3140 2727 3326 2792 οὐσίας
3355 2727 3442 2781 διὰ
3498 2727 3706 2780 τούτων

2123 2819 2578 2889 ἐπιδειχθήσεται.
2632 2818 2790 2872 Ἀλλὰ
2833 2819 2938 2888 μὴν
2979 2818 3262 2882 ζωοποιεῖν
3286 2818 3486 2890 ὁμοίως
3525 2819 3704 2889 Πατρὶ

2124 2909 2218 2964 καὶ
2247 2909 2360 2980 Υίῷ
2401 2909 2461 2963 τὸ
2507 2909 2729 2979 Πνεῦμα
2777 2909 2940 2973 αὐτὸς
2980 2911 3008 2962 ὁ
3035 2909 3208 2978 Λόγος
3255 2909 3702 2979 διαμαρτύρεται.

2124 3003 2333 3057 Οὐκοῦν
2364 3001 2425 3056 τὸ
2466 3003 2539 3074 μὴ
2590 3003 2958 3068 ἀπεξενῶσθαι
2992 3004 3207 3067 πάντως
3243 3004 3342 3074 τῆς
3371 3021 3432 3056 τε
3465 3003 3558 3056 τοῦ
3590 3006 3707 3058 Πα-

2221 3112 2247 3156 ς
2270 3095 2362 3146 καὶ
2390 3095 2488 3162 τῆς
2525 3097 2618 3146 τοῦ
2665 3093 2796 3147 Υἱοῦ
2857 3093 3074 3163 φύσεως
3109 3094 3169 3148 τὸ
3205 3093 3457 3164 Πνεῦμα,
3483 3093 3571 3147 διὰ
3604 3094 3705 3164 τῆς

2118 3181 2443 3252 ταυτότητος
2474 3181 2582 3234 τῶν
2624 3183 3009 3253 ἐνεργημάτων
3041 3182 3368 3254 παρίσταται
3405 3198 3420 3212 ο
3449 3181 3546 3235 καὶ
3585 3183 3706 3235 Πα-

2119 3273 2245 3343 τρὸς
2273 3272 2551 3344 ἐνέργειαν
2580 3274 2674 3326 καὶ
2704 3274 3049 3328 διδασκαλίαν
3086 3273 3329 3338 ἐξανύειν
3360 3273 3421 3326 τὸ
3448 3273 3698 3345 Πνεῦμα,

2120 3359 2259 3413 κατὰ
2286 3361 2348 3413 τὸ
2376 3359 2566 3414 δοκοῦν
2603 3361 2679 3432 τῷ
2710 3361 2846 3432 Υἰῷ,
2876 3363 2936 3415 οὐ
2974 3362 3277 3433 μαχόμεθα.
3312 3363 3406 3415 Ἐν
3436 3362 3542 3434 γὰρ
3580 3363 3703 3432 βούο

2119 3451 2267 3522 λημα
2291 3447 2430 3505 εἶναι
2454 3453 2664 3523 Πατρός
2686 3471 2744 3506 τε
2767 3454 2861 3506 καὶ
2892 3453 3021 3506 Υἱοῦ
3053 3455 3145 3507 καὶ
3179 3453 3318 3506 Πνεύ
3326 3471 3493 3524 ματος
3516 3455 3698 3522 ἁγίου,

2118 3546 2150 3612 ἡ
2173 3546 2271 3614 τῆς
2286 3546 2501 3614 φύσεως
2519 3547 2775 3600 κοινωνία
2790 3546 3236 3618 διαμαρτύρεται.
3261 3548 3422 3603 Ὥστε
3453 3549 3500 3600 ει
3525 3551 3705 3602 ἐκεῖνο

2123 3635 2367 3704 βούλεται
2392 3637 2451 3689 τὸ
2487 3636 2714 3708 Πνεῦμα
2740 3638 2800 3691 τὸ
2840 3637 2992 3706 ἆγιον
3024 3638 3051 3690 δ
3071 3639 3219 3693 δοκεῖ
3251 3638 3331 3710 τῷ
3357 3639 3488 3710 Υίῴ,
3521 3643 3552 3710 ἠ
3587 3658 3704 3693 κοι-

2119 3727 2286 3782 νωνία
2316 3728 2408 3782 τοῦ
2447 3727 2747 3800 θελήματος
2781 3728 2967 3799 σαφῶς
3015 3730 3311 3800 παρίστησι
3354 3730 3454 3801 τὴν
3481 3731 3581 3801 τῆς
3606 3733 3700 3786 οὑ-

2122 3819 2240 3882 σίας
2275 3818 2500 3889 ἐνὸτητα
2520 3835 2532 3849 ·
2573 3817 2732 3882 ἀλλὰ,
2772 3820 3176 3888 Πεμπόμενος,
3208 3820 3389 3890 φησὶν,
3423 3822 3562 3887 παρ’
3593 3823 3703 3874 αὑ-

2119 3913 2245 3974 τοῦ,
2285 3911 2382 3965 καὶ
2423 3911 2557 3980 παρ’
2583 3911 2769 3965 αὐτοῦ
2789 3912 3128 3980 λαμϐάνων,
3163 3912 3260 3966 καὶ
3300 3912 3700 3981 ἀναγγέλλων

2119 4003 2241 4068 τοῖς
2265 4003 2737 4073 παιδευομένοις,
2766 4003 2862 4056 καὶ
2893 4003 3002 4070 τῆς
3032 4003 3317 4070 ἀληθείας
3342 4004 3695 4073 ἡγούμενος.

2119 4097 2182 4149 Εἰ
2220 4097 2293 4166 μὴ
2324 4098 2639 4168 προειρήκει
2673 4095 2844 4148 ταῦτα
2887 4097 3015 4167 περὶ
3054 4096 3148 4149 τοῦ
3188 4095 3524 4166 Πνεύματος,
3557 4097 3700 4150 πάνυ

2119 4205 2226 4250 τως
2271 4188 2337 4241 ἂν
2395 4189 2523 4259 περί
2568 4205 2712 4251 τινος
2760 4188 2870 4240 τῶν
2905 4190 2963 4242 ἐν
3012 4187 3316 4258 ἀνθρώποις
3363 4189 3701 4242 διδασκάλων

2119 4281 2292 4336 ταῦτα
2309 4281 2562 4349 λέγεσθαι
2593 4284 2621 4334 ὁ
2657 4280 2868 4334 ἁκούων
2904 4260 3169 4350 ἐνόμισεν.
3201 4281 3409 4334 Ταυτὸν
3445 4282 3555 4352 γάρ
3584 4283 3700 4334 ἐστι

2120 4375 2198 4445 τῷ
2225 4373 2535 4444 πέμπεσθαι
2563 4373 2622 4426 τὸ
2656 4373 3098 4437 ἀποστέλλεσθαι,
3131 4373 3222 4428 καὶ
3259 4373 3321 4426 τὸ
3350 4373 3515 4444 μηδὲν
3549 4375 3698 4426 οίκοο

2122 4468 2212 4520 θεν
2250 4465 2414 4535 ἔχειν,
2445 4465 2560 4518 ἀλλ’
2600 4465 2664 4516 ἐκ
2705 4467 2805 4535 τῆς
2838 4466 3055 4535 χάριτος
3088 4465 3384 4536 λαμϐάνειν
3418 4464 3513 4518 τοῦ
3557 4467 3698 4519 ἀπο-

2119 4556 2444 4620 στέλλοντος,
2477 4554 2570 4606 καὶ
2609 4553 2874 4607 διακονεῖν
2905 4557 3020 4616 τοῖς
3050 4555 3459 4626 διδασκομένοις
3497 4557 3566 4607 τὰ
3598 4556 3698 4625 ρη-

2120 4663 2264 4716 ματα
2286 4683 2302 4706 ,
2329 4645 2423 4697 καὶ
2465 4643 2820 4715 καθηγεῖσθαι
2857 4645 2955 4714 τῆς
2994 4645 3250 4714 ἀληθείας
3276 4649 3389 4709 τοῖς
3416 4645 3703 4716 πλανωμέ-

2117 4755 2244 4801 νοις.
2269 4735 2452 4790 Ταῦτα
2505 4737 2612 4808 γὰρ
2656 4736 2832 4790 πάντα
2871 4737 2961 4789 καὶ
3010 4737 3118 4789 τῶν
3170 4736 3264 4790 νῦν
3311 4738 3586 4808 ποιμένων
3639 4755 3704 4791 τε

2117 4829 2212 4883 καί¹
2250 4828 2582 4882 διδασκάλων
2632 4827 2778 4889 ἐστὶ,
2800 4828 3149 4898 πέμπεσθαι,
3177 4828 3502 4898 λαμϐάνειν,
3531 4831 3707 4900 ἀναγ-

2117 4919 2346 4989 γέλλειν,
2376 4919 2666 4981 διδάσκειν,
2709 4917 3056 4972 ὑποτίθεσθαι
3095 4917 3192 4990 τὴν
3221 4919 3478 4990 ἀλήθειαν
3509 4936 3524 4949 ·
3553 4921 3710 4994 ἅπερ

2118 5009 2396 5080 χαρίζεται
2445 5007 2524 5078 τῷ
2558 5007 2833 5076 Πνεύματι
2882 5007 2959 5077 τῷ
3000 5007 3136 5078 ἁγίῳ
3191 5009 3471 5076 Εὑνόμιος.
3513 5009 3712 5067 Εἰπὼν

2116 5099 2173 5151 δὲ
2226 5099 2330 5170 πρὸ
2375 5098 2614 5164 τούτων,
2675 5100 2757 5152 ὅτι
2816 5101 2927 5154 Καὶ
2984 5095 3072 5166 εἷς
3118 5101 3247 5154 ἐστι
3309 5101 3409 5153 καὶ
3463 5101 3713 5172 πρῶτος

2116 5190 2213 5244 καὶ
2229 5191 2437 5259 μόνος,
2476 5190 2574 5244 καὶ
2626 5188 2869 5243 πάντων
2912 5191 3225 5259 προῦχωνε
3281 5193 3328 5244 εἰ
3364 5191 3468 5255 ἕως
3503 5193 3714 5247 τούτου

2115 5283 2206 5335 τὸν
2231 5281 2384 5350 λόγον
2415 5281 2663 5353 ἔστησεν,
2699 5283 2999 5354 συνήγορος
3047 5283 3114 5336 ἂν
3141 5282 3248 5335 τῶν
3287 5283 3384 5354 τῆς
3438 5283 3716 5354 ἀληθείας

2116 5371 2287 5443 ἐφάνη
2315 5372 2617 5442 δογμάτων.
2657 5367 2753 5437 Εἷς
2782 5373 2890 5445 γὰρ
2919 5373 2996 5438 ὡς
3021 5373 3236 5443 άληθῶς
3279 5374 3425 5426 ἐστιν
3448 5376 3477 5426 ὁ
3502 5375 3715 5445 ἀχωρίσ-

2117 5480 2256 5528 στως
2305 5463 2361 5516 ἐν
2408 5462 2486 5534 τῷ
2528 5463 2608 5516 ἐνὶ
2638 5463 3008 5534 θεωρούμενος
3031 5504 3046 5528 ,
3087 5464 3178 5518 καὶ
3207 5463 3422 5535 πρῶτος
3465 5466 3495 5517 ὁ
3530 5469 3594 5518 ἐν
3630 5466 3717 5538 τῷ

2115 5553 2335 5626 πρώτῳ,
2365 5555 2458 5608 καὶ
2493 5555 2651 5625 μόνος
2680 5557 2708 5608 ό
2739 5556 2796 5608 ἐν
2821 5555 2898 5624 τῷ
2933 5557 3095 5626 μόνῳ.
3117 5557 3202 5619 Ὠς
3233 5556 3340 5626 γὰρ
3388 5557 3448 5609 τὸ
3479 5557 3718 5630 πνεῦμα

2114 5645 2206 5700 τοῦ
2235 5644 2520 5716 ἀνθρώπου
2543 5646 2602 5698 τὸ
2659 5646 2718 5698 ἐν
2746 5645 3018 5716 αὑτῷααὶ
3058 5647 3218 5709 αὐτὸς
3246 5648 3274 5698 ὁ
3302 5645 3716 5718 ἄνθρωπος,εἷς

2115 5740 2260 5796 ἐστιν
2301 5738 2614 5810 ἄνθρωπος,
2643 5737 2812 5802 οὕτως
2842 5740 2933 5793 καὶ
2968 5739 3026 5792 τὸ
3073 5737 3294 5810 Πνεῦμα
3338 5738 3429 5832 τοῦ
3469 5738 3612 5792 Θεοῦ
3648 5739 3715 5794 τὸ
