3992 6210
387 317 495 380 567

1671 317 1729 373 S.
1766 316 2101 373 οηεϐθιιιι
2130 315 2421 375 NYSSENI

3541 312 3643 371 588

390 439 699 497 secundum
718 442 955 497 mentem
971 437 1267 509 prophetae,
1288 434 1764 507 deitatisSpiritus
1785 438 1960 495 sancti

2089 438 2272 493 )ύκοῦν
2307 437 2479 492 ταῦτα
2503 434 2559 489 εί
2601 434 2742 489 κατά
2765 432 2856 489 τόν
2894 431 3225 505 προφητικὸν
3253 429 3467 503 εἴρηται
3495 428 3645 496 νοῦν,

391 536 527 585 sunt
574 529 906 584 testimonia.
939 525 1097 594 Quod
1144 528 1191 582 si
1241 526 1540 598 prophetiae
1588 527 1968 593 adversentur,

396 634 496 690 per
525 619 632 674 hoc
669 619 848 690 ipsum
880 627 1173 676 accusatur
1201 619 1559 689 blasphemia,
1602 620 1730 690 quia
1762 622 1970 676 sanetis

396 710 678 781 prophetis
723 711 1002 766 contraria
1044 725 1295 766 sermone
1336 719 1542 766 censet.
1577 710 1786 767 Deinde
1813 711 1968 777 dicit,

388 802 709 857 illuminans
737 803 945 855 animas
972 801 1168 855 lumine
1196 801 1540 871 cognitionis:
1565 800 1708 855 hanc
1736 802 1969 871 gratiam

387 902 442 947 ιιι
481 891 632 947 Patri
676 901 732 947 et
758 890 899 946 Filio
929 899 983 947 et
1015 891 1243 961 Spiritui
1286 899 1477 947 sancto
1517 891 1740 961 pietatis
1787 907 1970 948 sermo

387 984 643 1039 ascribit.
679 984 773 1037 Illa
793 984 941 1038 enim
978 983 1307 1038 illuminatio
1336 998 1367 1038 a
1400 982 1605 1038 Davide
1634 985 1968 1051 nominatur,

390 1084 447 1129 et
480 1074 632 1127 illinc
664 1073 847 1127 lumen
878 1073 1210 1144 cognitionis
1254 1073 1321 1130 iis
1351 1074 1445 1144 qui
1477 1074 1857 1130 illuminantur
1888 1076 1972 1131 in-

393 1164 679 1220 nascitur.
713 1162 979 1219 Similiter
1003 1165 1275 1219 rationum
1308 1167 1558 1236 purgatio
1584 1167 1886 1237 proprium,
1914 1174 1974 1221 ut

400 1254 476 1308 ait
530 1254 814 1323 Scriptura
835 1254 903 1319 ³¹,
956 1254 1175 1309 virtutis
1218 1253 1452 1311 Domini.
1504 1255 1640 1311 Nam
1692 1256 1970 1328 splendor,

401 1345 576 1415 gloria
610 1352 664 1399 et
691 1344 978 1401 character
1010 1345 1328 1401 substantiae
1366 1347 1743 1417 purgationem
1778 1361 1971 1417 pecca-

402 1444 587 1491 torum
645 1443 956 1491 nostrorum
1005 1434 1155 1490 fecit.
1208 1435 1410 1493 Arcere
1458 1437 1770 1505 daemonas,
1825 1439 1973 1510 quod

408 1518 649 1592 Spiritus
672 1525 954 1595 proprium
985 1524 1119 1579 dicit
1144 1524 1464 1593 Eunomius,
1496 1528 1598 1582 hoc
1642 1530 1804 1584 etiam
1843 1528 1974 1583 facit

404 1614 720 1685 unigenitus
762 1613 925 1680 Deus,
955 1616 1049 1685 qui
1080 1614 1269 1672 dicens
1293 1616 1547 1683 daamoni,
1592 1614 1715 1674 Tibi
1745 1616 1972 1687 impero,

405 1705 656 1761 attribuit
692 1705 883 1761 virtuti
930 1705 1168 1775 Spiritus
1192 1707 1382 1762 dicens
1411 1725 1425 1762 :
1462 1707 1521 1763 Si
1561 1723 1651 1778 ego
1692 1710 1747 1763 in
1773 1703 1975 1777 Spiritu

2072 531 2173 600 τῆς
2225 529 2477 600 θεότητος
2533 526 2628 580 τοῦ
2671 527 2985 597 Πνεύματος
3035 523 3311 596 μαρτυρία
3356 521 3546 576 ἐστίν’
3596 521 3646 575 ιι

2072 622 2128 674 δὲ
2157 619 2489 675 ἐναντιοῦται
2521 621 2587 689 τῇ
2627 616 2950 688 προφητείᾳ,
2995 615 3061 668 δι’
3091 613 3259 667 αὑτοῦ
3299 612 3490 667 τούτου
3525 627 3659 665 atat»

2074 712 2350 782 ηγορεῖται
2393 710 2427 779 ἡ
2472 707 2806 779 βλασφημία,
2851 706 2930 759 ὃτι
2975 707 3086 767 τοῖς
3125 704 3302 772 ἁγίοις
3343 703 3649 773 προφήταις

2071 800 2401 864 ἀντιδοξάσζει
2421 798 2501 870 τῷ
2519 799 2680 869 λόγῳ.
2704 793 2837 851 Εἷτά
2855 814 2988 868 φησι
3003 813 3017 826 ·
3040 794 3302 856 Φωτίζων
3316 796 3426 859 τὰς
3444 794 3652 863 ψυχὰς

2072 888 2153 956 τῷ
2177 891 2322 961 φωτὶ
2354 890 2461 960 τῆς
2488 892 2779 961 γνώσεως.
2807 889 3023 959 Ταύτην
3047 888 3205 959 χάριν
3236 888 3411 958 Πατρί
3451 904 3513 939 τε
3555 887 3651 939 καὶ

2073 982 2188 1053 Υίῴ
2217 983 2310 1036 καὶ
2346 982 2620 1053 Πνεύματι
2651 981 2790 1051 ἀγίῳ
2827 981 2857 1033 6
2904 980 3005 1049 τῆς
3041 978 3320 1042 εύσεὸείας
3364 977 3649 1046 ἀνατίθησι

2071 1075 2246 1143 λόγος.
2285 1074 2519 1136 Ἐκεῖνος
2544 1071 2654 1143 γάρ
2684 1071 2959 1141 φωτισμὸς
2993 1070 3142 1141 παρά
3183 1069 3277 1123 τοῦ
3325 1069 3488 1123 Δαϐὶδ
3531 1069 3655 1121 ὀνο-

2076 1164 2322 1236 μάζεται,
2350 1163 2445 1216 καλ⁵
2468 1161 2675 1216 ἐκεῖθεν
2702 1161 2763 1214 τὸ
2783 1161 2900 1229 φῶς
2925 1161 3024 1231 τῆς
3048 1159 3301 1229 γνώσεως
3339 1162 3450 1222 τοῖς
3486 1176 3656 1229 φωτι-

2073 1258 2317 1329 ζομὲνοις
2345 1258 2633 1327 ἐγγίνεται.
2673 1257 2943 1321 Ὡσαύτως
2973 1257 3029 1310 δὲ
3056 1256 3150 1309 καὶ
3172 1257 3206 1325 ἡ
3240 1252 3505 1324 κάθαρσις
3542 1251 3667 1304 τῶν

2072 1348 2367 1418 λογισμῶν,
2409 1347 2562 1413 ἴδιον,
2594 1346 2670 1410 ὥς
2692 1364 2854 1417 φησιν
2891 1348 2919 1399 6
2946 1345 3136 1412 Λόγος,
3175 1343 3275 1412 τῆς
3310 1339 3403 1393 τοῦ
3445 1338 3657 1406 Κυρίου

2070 1438 2367 1509 δυνάμεως.
2401 1437 2473 1491 Τὸ
2500 1437 2609 1509 γὰρ
2635 1437 2975 1507 ἀπαύγασμα
2998 1436 3097 1506 τῆς
3120 1434 3277 1505 δόξης
3306 1432 3401 1486 καὶ
3420 1433 3448 1484 6
3474 1448 3657 1501 χαρα-

2073 1528 2212 1599 κτὴρ
2239 1528 2339 1598 τῆς
2372 1529 2723 1593 ὑποστάσεως
2747 1529 2838 1582 τὸν
2873 1526 3207 1597 καθαρισμὸν
3233 1523 3342 1577 τῶν
3371 1519 3673 1592 ἁμαρτιῶν

2073 1620 2234 1692 ἡμῶν
2272 1621 2593 1691 ἐποιήσατο·
2631 1618 2693 1673 τὸ
2724 1620 2781 1674 δὲ
2817 1619 3101 1690 ἀπείργειν
3144 1617 3268 1679 τοὺς
3310 1614 3594 1684 δαίμονας.
3630 1611 3665 1665 ὃ
3742 1665 3753 1675 .

2076 1706 2171 1760 τοῦ
2203 1706 2515 1777 Πνεύματος
2558 1706 2686 1760 ἴδιόν
2714 1724 2877 1779 φησιν
2918 1706 2950 1757 6
2982 1705 3259 1776 Εὐνόμιος,
3300 1702 3455 1757 τοῦτο
3494 1700 3596 1754 καὶ
3632 1701 3675 1753 ό-

403 1794 507 1849 Dei
528 1795 682 1863 ejicio
705 1792 970 1848 damonia
994 1795 1061 1848 ".
1100 1794 1490 1869 Quarenonest
1519 1794 1762 1866 Spiritus
1791 1797 1977 1867 gloriae

2089 1797 2372 1869 μονογενὴς
2398 1797 2550 1863 Θεὸς,
2583 1799 2611 1851 6
2646 1791 2829 1858 λέγων
2865 1798 2944 1869 τῷ
2986 1797 3220 1868 δαίμονι,
3241 1797 3323 1850 ὅτι
3357 1793 3494 1862 Ἐγὼ
3535 1794 3665 1847 επι-

403 1885 688 1940 demolitio
733 1883 1043 1940 daemonum
1092 1885 1331 1942 sublatio
1358 1925 1373 1950 ,
1412 1887 1505 1941 sed
1538 1888 1860 1942 constitutio
1891 1888 1975 1943 di-

404 1976 550 2031 vina
595 1974 718 2046 ejus
746 1983 801 2031 et
831 1975 1293 2047 supereminentis
1334 1977 1571 2032 virtutis.
1608 1976 1974 2048 AZ‘grotantes,

407 2067 611 2137 inquit,
649 2082 867 2132 curans,
895 2068 1135 2135 inﬁrmos
1169 2084 1388 2131 sanans,
1421 2070 1639 2140 afﬂictos
1672 2070 1983 2135 consolans,

411 2159 644 2211 labentes
674 2158 899 2228 erigens,
943 2156 1246 2211 laborantes
1277 2159 1535 2228 reficiens,
1583 2159 1699 2215 haec
1731 2167 1861 2215 sunt
1892 2162 1979 2231 pie

409 2247 768 2303 sentientium
800 2247 870 2301 de
900 2256 1094 2303 sancto
1125 2248 1337 2318 Spiritu
1358 2249 1544 2305 verba.
1573 2249 1692 2305 Non
1713 2252 1857 2307 enim
1886 2253 1979 2307 alii

408 2338 612 2395 borum
641 2337 912 2408 cujusque
932 2337 1225 2394 eﬂicaciam
1255 2354 1417 2410 quam
1450 2340 1705 2411 Deoquis
1733 2345 1982 2415 assignas

406 2431 551 2485 verit
591 2445 607 2483 :
654 2430 701 2486 si
750 2430 915 2502 igitur
963 2444 1086 2501 qua:
1130 2431 1314 2487 nullus
1345 2439 1523 2502 potest
1554 2432 1769 2489 eﬂicere
1816 2450 1980 2505 quam

410 2520 565 2576 solus
604 2518 768 2586 Deus,
823 2520 939 2575 haec
984 2520 1188 2576 virtute
1226 2520 1466 2591 Spiritus
1508 2521 1647 2578 edici
1692 2523 1983 2580 conﬁrmat

409 2612 659 2677 haeresis,
700 2611 1013 2668 obtinemus
1044 2626 1143 2681 pro
1174 2613 1374 2681 quibus
1410 2614 1612 2670 obnixe
1652 2622 1707 2671 et
1742 2617 1984 2673 studiose

410 2703 795 2759 contendimus
831 2703 995 2758 etiam
1029 2703 1096 2758 ab
1138 2703 1377 2757 inimicis
1416 2703 1820 2763 testimonium:
1870 2720 1991 2776 quo.

409 2794 574 2849 modo
623 2807 657 2847 a
703 2791 812 2848 Deo
861 2792 995 2862 petit
1022 2791 1293 2862 Propheta
1348 2794 1688 2850 sanationem
1747 2798 1975 2853 dicens:

411 2882 667 2941 Miserere
701 2885 802 2938 mei
830 2885 1077 2954 quoniam
1113 2885 1357 2953 inﬁrmus
1398 2903 1537 2952 sunt,
1568 2905 1702 2942 sana
1748 2906 1850 2955 me,
1877 2889 1987 2944 Do-

415 2976 576 3038 mine,
627 2976 878 3042 quoniam
924 2972 1238 3027 conturbata
1283 2984 1404 3029 sunt
1454 2992 1576 3030 ossa
1622 2994 1737 3031 mea
1759 2979 1826 3032 ⁸³.
1877 2979 1988 3034 Deo

2077 1890 2259 1945 τάσσω
2292 1907 2396 1957 σοι,
2426 1889 2837 1961 προσμαρτυρεϊ
2860 1892 2927 1961 τῇ
2955 1888 3178 1960 δυνάμει
3203 1887 3298 1941 τοῦ
3317 1885 3663 1955 Πνεύματος,

2078 1983 2281 2053 λέγων’
2313 1984 2384 2037 El
2414 1981 2483 2035 δὲ
2513 1981 2628 2050 ἐγὼ
2664 1981 2735 2035 ἐν
2767 1981 3065 2050 Πνεύματι
3107 1978 3255 2033 θεοῦ
3280 1975 3553 2030 ἐκϐάλλω
3588 1976 3667 2027 τὰ

2078 2075 2367 2143 δαιμόνια.
2397 2074 2560 2126 Ὥστε
2589 2073 2690 2126 οὐκ
2731 2072 2851 2125 ἔστι
2894 2070 3210 2139 καθαίρεσις
3243 2069 3342 2139 τῆς
3367 2066 3525 2136 δόξης
3561 2064 3668 2118 τοῦ

2079 2164 2394 2235 Πνεύματος
2418 2165 2451 2234 ἡ
2481 2162 2589 2216 τῶν
2608 2162 2878 2233 δαιμόνων
2900 2163 3196 2234 ἀναίρεσις,
3233 2158 3367 2214 ἀλλὰ
3402 2156 3672 2218 σύστασις

2079 2254 2179 2324 τῆς
2229 2252 2379 2316 θείας
2442 2250 2605 2305 αὑτοῦ
2655 2252 2749 2305 καὶ
2793 2248 3165 2321 ὑπερεχούσης
3203 2246 3505 2312 δυνάμεως.
3556 2244 3673 2296 Νο-

2081 2344 2365 2409 σοῦντας,
2408 2344 2562 2413 φησὶ,
2607 2340 2964 2411 θεραπεύων,
3007 2335 3462 2408 ἀρρωστοῦντας
3503 2332 3679 2401 ιώμεο

2081 2453 2207 2502 νος,
2237 2435 2623 2503 θλιϐομένους
2669 2431 3054 2501 παρακαλῶν,
3093 2426 3451 2493 eadth
3482 2426 3671 2492 ἀνορ-

2083 2524 2233 2590 θῶν,
2285 2522 2624 2587 πονοῦντας
2680 2520 3116 2589 ἀνακτώμενος.
3171 2519 3355 2571 Ταῦτα
3405 2516 3512 2569 τῶν
3571 2515 3677 2567 εύ-

2086 2612 2381 2666 σεϐούντων
2400 2611 2531 2679 περὶ
2553 2611 2647 2663 τοῦ
2677 2610 2833 2679 ἁγίου
2855 2607 3171 2679 Πνεύματός
3190 2609 3304 2660 ἐστι
3324 2604 3392 2659 τὰ
3419 2607 3673 2687 ῥήματει.

2084 2704 2157 2757 Ού
2201 2703 2308 2774 γὰρ
2354 2702 2419 2756 ἂν
2463 2702 2607 2773 ἄλλῳ
2644 2718 2728 2765 τις
2773 2700 2995 2769 ἀναθείη
3041 2698 3246 2752 τούτων
3293 2697 3522 2750 ἑκάστου
3564 2693 3677 2765 τὴν

2086 2794 2360 2864 ἐνέργειαν
2382 2793 2519 2865 πλὴν
2550 2793 2628 2864 τῷ
2664 2792 2800 2863 Θεῷ.
2845 2793 2908 2846 Ei
2932 2791 3111 2845 τοίνυν
3141 2791 3282 2860 ἅπερ
3309 2787 3520 2850 οὐδενός
3547 2787 3677 2839 ἔστι

2087 2886 2275 2948 ποιεῖν,
2303 2884 2334 2955 ἢ
2366 2883 2498 2937 Θεοῦ
2531 2884 2714 2954 μόνου,
2741 2881 2911 2937 ταῦτα
2932 2884 2998 2953 τῇ
3031 2882 3255 2952 δυνάμει
3276 2878 3369 2933 τοῦ
3408 2878 3678 2949 Πνεύμα-

2086 2993 2177 3039 τος
2204 2975 2537 3046 ἐνεργεῖσθαι
2562 2973 2960 3029 διαὸεδαιοῦται
2988 2974 3020 3044 ἡ
3049 2973 3278 3042 αἵρεσις,
3305 2971 3499 3041 ἔχομεν
3524 2971 3691 3041 ὑπὲρ

416 3065 550 3120 dicit
583 3064 772 3129 Isaias,
795 3063 893 3119 Ras
921 3062 1153 3131 deﬂuens
1182 3080 1213 3116 a
1250 3072 1297 3119 te
1324 3065 1604 3119 remedium
1646 3077 1723 3121 est
1758 3069 1887 3137 ipsis
1916 3069 1981 3122 ³⁸.

2089 3061 2162 3119 ὧν
2194 3067 2562 3137 σπουδάζομεν
2602 3067 2694 3119 καὶ
2728 3066 2828 3131 τὴν
2875 3064 3024 3135 παρὰ
3054 3062 3163 3118 τῶν
3209 3061 3418 3133 ἐχθρῶν
3459 3078 3682 3132 μαρτυ‹

415 3151 594 3219 Atque
625 3150 925 3203 errantium
958 3152 1370 3206 conversionem
1408 3168 1545 3222 opus
1579 3154 1669 3210 Dei
1708 3172 1829 3212 esse
1860 3174 1988 3228 pro-

423 3240 601 3306 phetia
626 3246 879 3295 testatur.
922 3239 1248 3295 Erraverunt
1281 3242 1448 3308 enim,
1482 3243 1682 3313 inquit,
1708 3248 1759 3299 in
1784 3247 2000 3303 deserto

418 3337 468 3384 et
498 3331 650 3400 aquis
672 3339 880 3384 rarente
908 3331 1022 3386 loco
1050 3333 1117 3383 ³⁵.
1148 3331 1350 3387 Deinde
1373 3333 1677 3403 subjunxit,
1695 3334 1765 3389 Et
1778 3336 1995 3393 deduxit

419 3439 509 3477 eos
547 3422 601 3476 in
647 3431 843 3476 rectam
875 3425 1036 3485 viam,
1084 3434 1138 3476 ut
1168 3424 1624 3492 proﬁciscerentur
1649 3428 1703 3479 in
1731 3430 1994 3485 civitatem

425 3512 860 3567 habitationis“.
895 3512 980 3575 Et,
1012 3511 1151 3569 Dum
1184 3525 1501 3570 converteret
1536 3517 1793 3573 Dominus
1828 3524 1997 3588 capti-

420 3603 635 3657 nitatem
668 3601 886 3657 Sion”.
923 3600 1182 3657 Similiter
1222 3602 1545 3659 alﬂictorum
1591 3611 1895 3666 consolatio
1929 3613 1995 3667 ad

424 3693 597 3750 Deum
634 3693 887 3757 refertur,
926 3694 1006 3750 sic
1037 3692 1205 3749 Paulo
1247 3695 1491 3753 dicente:
1518 3698 1828 3757 Benedictus
1860 3705 1996 3760 Deus

425 3796 475 3841 et
507 3786 672 3841 Pater
704 3785 917 3841 Domini
954 3787 1123 3841 nostri
1166 3786 1296 3841 Jestt
1325 3787 1522 3842 Christi
1555 3792 1645 3860 qui
1691 3796 2000 3849 consolatur

423 3896 522 3936 nos
564 3880 620 3933 in
663 3880 805 3933 omni
845 3878 1183 3932 tribulatione
1225 3887 1407 3933 nostra
1429 3880 1497 3934 ³⁸.
1537 3881 1600 3935 Et
1635 3882 1904 3954 Propheta
1933 3904 2000 3943 ex

425 3986 664 4043 persona
688 3970 781 4027 Dei
798 3967 972 4035 ait,ln
994 3970 1331 4025 tribulatione
1352 3972 1588 4026 invocavi
1606 3984 1655 4028 et
1677 3976 1845 4030 inveni
1870 3979 1997 4032 te”.

425 4063 752 4119 Labentium
806 4070 985 4118 autem
1018 4063 1245 4127 erectio,
1298 4064 1530 4119 inﬁnitis
1568 4066 1747 4123 modis
1779 4083 1809 4121 a
1846 4084 2002 4124 sacra

431 4153 715 4225 Scriptura
767 4152 838 4207 ad
871 4152 1084 4213 Domini
1123 4153 1435 4222 potentiam
1488 4152 1742 4210 refertur.
1804 4156 2003 4211 Pulsus

429 4261 637 4300 eversus
675 4260 793 4299 sum
820 4253 876 4297 ut
903 4242 1165 4310 caderem,
1201 4253 1250 4298 et
1284 4243 1540 4299 Dominus
1578 4248 1803 4314 suscepit
1832 4265 1912 4302 me
1931 4249 2001 4302 ⁸ο.

430 4336 520 4399 Ει,
555 4336 690 4391 Cum
731 4334 973 4389 ceciderit
1011 4350 1114 4388 non
1155 4334 1437 4390 collidetur
1468 4337 1595 4406 quia
1627 4336 1881 4394 Dominus
1910 4358 2003 4395 su-

2096 3158 2268 3228 ρίανος
2290 3158 2409 3220 πῶς
2448 3155 2599 3228 παρά
2644 3157 2738 3210 τοῦ
2784 3156 2919 3208 Θεοῦ
2962 3157 2991 3209 6
3030 3153 3324 3225 Προφήτης
3369 3150 3524 3223 ζητεῖ
3570 3152 3684 3221 τὴν

2094 3248 2264 3307 ῐασιν,
2307 3246 2511 3314 λέγων’
2550 3244 2843 3313 Ἐλέησόν
2885 3261 2981 3313 με,
3023 3245 3217 3311 Κύριε,
3264 3242 3353 3295 ὅτι
3399 3242 3682 3307 ἀσθενής

2092 3341 2236 3406 ειμι.
2260 3338 2451 3391 Ἴασαί
2470 3354 2566 3406 με,
2594 3338 2788 3403 Κύριε,
2811 3334 2899 3389 ὅτι
2926 3333 3218 3402 ἐταράχθη
3251 3334 3320 3386 τὰ
3341 3332 3491 3387 ὀστᾶ
3513 3349 3678 3400 μου.

2095 3429 2183 3500 Τῷ
2205 3428 2323 3498 Θεῷ
2344 3428 2494 3495 λέγει
2523 3429 2551 3480 6
2583 3427 2825 3489 Ἡσαΐας,
2848 3426 2927 3478 ὅτι
2959 3425 3018 3481 Ἠ
3042 3424 3261 3492 δρόσος
3289 3424 3328 3490 ἡ
3354 3422 3512 3490 παρὰ
3530 3423 3683 3484 σοῦ,

2098 3522 2243 3590 ἴαμα
2269 3518 2469 3582 αὐτοῖς
2496 3519 2683 3571 ἐστιν.
2716 3518 2823 3571 Καὶ
2859 3517 2957 3586 τὴν
2995 3517 3102 3569 τῶν
3150 3513 3513 3583 πλανωμένων
3551 3515 3686 3566 ὲπι-

2098 3608 2353 3679 στροφὴν,
2387 3607 2519 3659 Θεοῦ
2550 3607 2709 3677 ἔργον
2739 3603 2876 3660 εἶναι
2906 3608 2938 3674 ἡ
2974 3603 3276 3674 προφητεία
3314 3602 3683 3673 μαρτύρεται.

2111 3699 2577 3766 Ἐπλανήθησαν
2609 3699 2736 3768 γὰρ,
2780 3697 2963 3767 φησιν,
3001 3696 3070 3749 ἐν
3110 3693 3186 3763 τῇ
3237 3694 3433 3763 ἐρήμῳ
3467 3694 3536 3745 ἐν
3565 3695 3685 3747 ἀνα

2097 3794 2272 3859 ὕδρῳ.
2305 3794 2412 3846 Καὶ
2437 3794 2730 3863 ἐπήγαγεν,
2755 3793 2836 3845 ὅτι
2856 3791 2965 3845 Καὶ
2999 3789 3314 3858 ὡδήγησεν
3335 3788 3555 3852 αὐτοὺς
3594 3791 3688 3852 εις

2101 3885 2243 3938 ὀδόν
2271 3883 2527 3944 εὐθεῖαν,
2552 3883 2659 3936 τοῦ
2688 3879 3047 3948 πορευθῆναι
3071 3883 3156 3947 εἷς
3185 3881 3367 3933 πόλιν
3398 3895 3691 3942 κατοικη-

2098 3967 2324 4035 τηρίου.
2355 3966 2486 4031 Καὶ,
2526 3967 2623 4019 Ἐν
2648 3964 2728 4032 τῷ
2756 3965 3112 4034 ἐπιστρέψαι
3143 3964 3372 4031 Κύριον
3404 3960 3520 4027 τὴν
3549 3965 3695 4029 αἰχ-

2096 4058 2413 4126 μαλωσίαν
2434 4057 2604 4113 Σιών.
2640 4057 2916 4121 Ὡσαύτως
2937 4058 2993 4113 δὲ
3021 4057 3115 4110 καὶ
3147 4057 3178 4126 ἡ
3212 4054 3321 4109 τῶν
3346 4051 3694 4122 θλιϐομένων

2104 4155 2445 4225 παράκλησις
2515 4156 2593 4216 είς
2642 4152 2771 4205 Θεὸν
2820 4150 3174 4220 ἀναφέρεται,
3222 4149 3395 4210 οὔτως
3433 4145 3693 4208 εἰπόντας

2104 4246 2196 4300 τοῦ
2239 4244 2485 4298 Παύλου·
2534 4240 2874 4311 Εὐλογητὸς
2924 4240 2955 4292 ὁ
3001 4240 3143 4305 Θεὸς
3186 4238 3283 4293 καὶ
3324 4235 3527 4304 Πατὴρ
3573 4235 3692 4289 τοῦ

2106 4342 2326 4406 Κυρίου
2386 4333 2556 4403 ἡμῶν
2612 4332 2815 4401 Ἰησοῦ
2864 4331 3119 4401 Χριστοῦ
3142 4370 3157 4394 ,
3223 4332 3259 4385 ὁ
3325 4325 3696 4396 παρακαλῶν

431 4434 625 4482 stentat
641 4441 758 4479 eum
780 4442 942 4479 manu
969 4440 1069 4479 sua
1091 4424 1156 4477 “.
1195 4424 1284 4490 Et,
1311 4425 1567 4481 Dominus
1584 4429 1737 4497 erigit
1752 4430 1911 4486 elisos
1935 4431 1979 4465 δ’

2106 4428 2262 4498 ἡμᾶς
2285 4426 2382 4479 ἐπὶ
2412 4423 2582 4492 πάσῃ
2616 4423 2690 4491 τῇ
2719 4424 2922 4491 θλίψει
2948 4421 3134 4492 ἡμῶν.
3163 4421 3271 4473 Καὶ
3299 4419 3329 4472 ὁ
3369 4418 3692 4491 Προφήτης,

432 4512 827 4569 Laborantium
872 4511 1140 4567 recreatio
1188 4510 1305 4566 sive
1339 4512 1663 4569 refocillatio
1697 4515 1793 4571 Dei
1838 4518 2008 4575 bene-

432 4606 687 4663 volentiae
737 4611 792 4659 in
840 4602 1121 4659 hominum
1156 4616 1331 4672 genus
1372 4603 1774 4663 confessionem
1804 4609 2005 4666 habet:

433 4698 703 4771 siquidem
725 4696 873 4768 quod
893 4710 961 4751 ex
985 4694 1267 4765 prophetia
1292 4694 1605 4761 didicimus,
1629 4707 1685 4754 et
1712 4700 1800 4756 hic
1818 4705 2002 4759 novit:

435 4788 892 4863 quemadmodum
924 4801 1104 4844 sermo
1149 4784 1319 4841 dicit:
1359 4785 1595 4842 Posuisti
1641 4790 2007 4851 tributationes

434 4900 594 4954 super
617 4881 794 4936 dorsis
834 4881 1063 4944 nostris;
1097 4878 1441 4935 conscendere
1468 4881 1641 4949 fecisti
1688 4883 1920 4939 homines
1953 4888 2009 4941 in

435 4977 609 5047 capita
644 4983 868 5029 nostra:
917 4974 1275 5040 percurrimus
1306 4988 1395 5041 per
1426 4974 1593 5042 ignem
1621 4982 1679 5026 et
1706 4990 1920 5044 aquam,
1960 4988 2009 5032 et

433 5067 667 5124 eduxisti
695 5082 788 5119 nos
820 5065 875 5117 in
905 5062 1236 5134 refrigerium
1262 5063 1330 5117 ”.

2113 4522 2181 4573 ὲκ
2208 4516 2497 4587 προσώπου
2528 4514 2623 4568 τοῦ
2659 4513 2794 4567 Θεοῦ
2818 4530 2981 4584 φησιν
3000 4532 3012 4545 ·
3057 4515 3161 4567 Ἐν
3185 4511 3385 4579 θλίψει
3412 4507 3699 4563 ἐπικαλέ-

2113 4624 2310 4680 σομαι,
2348 4608 2446 4662 καὶ
2496 4604 2844 4675 εὑρησάμην
2884 4622 2975 4659 σε.
3017 4605 3083 4656 Ἠ,
3125 4603 3182 4656 δὲ
3215 4602 3321 4655 τῶν
3353 4598 3698 4663 ὀχλαζόντων

2114 4700 2429 4772 ἀνόρθωσις,
2458 4696 2835 4769 μυριοτρὸπως
2859 4696 2963 4749 ύπὺ
2986 4695 3085 4765 τῆς
3111 4694 3331 4765 Γραφῆς
3359 4693 3440 4753 εἰς
3463 4691 3564 4760 τὴν
3593 4688 3695 4741 τοῦ

2113 4794 2319 4866 Κυρίου
2347 4791 2574 4862 δύναμιν
2601 4790 2942 4860 ἀναφέρεται.
2970 4788 3193 4852 Ὠσθείς
3216 4784 3559 4854 ἀνετράπην
3582 4781 3701 4835 τοῦ

2115 4885 2345 4951 πεσεῖν,
2371 4883 2469 4940 καί
2506 4886 2539 4937 ό
2568 4884 2778 4951 Κύριος
2809 4879 3163 4935 ἀντελάϐετό
3185 4896 3305 4947 μου
3324 4894 3338 4907 ·
3371 4877 3487 4939 καὶ,
3513 4877 3702 4942 Ὅταν

2115 4979 2274 5047 πέσῃ
2299 4979 2370 5031 οὐ
2407 4972 2976 5043 καταρῤαχθήσεται,
3004 4971 3094 5025 ὅτι
3124 4970 3339 5038 Κύριος
3356 4965 3702 5032 ἁντιστηρί·

2118 5069 2193 5130 ζει
2237 5069 2403 5139 χεῖρα
2442 5066 2655 5122 αὐτοῦ’
2703 5064 2817 5130 καὶ,
2852 5065 3064 5130 Κύριος
3097 5061 3335 5128 ἀνορθοῐ
3368 5058 3702 5126 κατεῤῥαιικ

430 5162 676 5232 μένους.
718 5160 782 5214 Ἦ
828 5160 885 5213 δὲ
927 5159 1035 5212 τῶν
1083 5159 1386 5213 πονούντων
1429 5160 1743 5227 ἀνάκτησις,
1794 5164 1890 5233 τῆς
1958 5166 2051 5218 τοῦ
2122 5166 2257 5220 Θεοῦ
2310 5163 2714 5235 φιλανθρωπίας
2770 5161 2867 5230 τὴν
2916 5158 3204 5231 ὁμολογίαν
3253 5156 3398 5226 ἔχει·
3451 5155 3614 5223 εἴπερ
3671 5152 3707 5204 ὃ

437 5255 591 5325 παρά
640 5254 738 5323 τῆς
785 5252 1115 5324 προφητείας
1167 5252 1459 5323 ἐμάθομεν,
1489 5253 1582 5307 καὶ
1612 5249 1763 5319 οὗτος
1803 5256 2006 5328 ἐνόησε.
2046 5259 2243 5323 Καθὼς
2287 5262 2315 5313 6
2360 5260 2513 5327 λόγος
2561 5256 2743 5325 φησιν,
2789 5254 2869 5306 ὅτι
2920 5254 3094 5308 Ἕθου
3145 5250 3381 5317 θλίψεις
3425 5247 3523 5300 ἐπὶ
3575 5244 3706 5298 τῶν

438 5345 642 5400 νώτων
668 5344 861 5416 ἡμῶν·
922 5346 1277 5410 ἐπεϐίϐασας
1302 5346 1649 5413 ἀνθρώπους
1688 5348 1782 5402 ἐπὶ
1820 5351 1925 5416 τὰς
1970 5354 2235 5421 κεφαλὰς
2284 5349 2448 5419 ἡμῶν
2473 5366 2486 5379 ·
2533 5346 2853 5414 διήλθομεν
2904 5345 3003 5399 διὰ
3050 5341 3237 5409 πυρὸς
3290 5340 3387 5394 καὶ
3441 5337 3697 5403 ὕδατος»

443 5437 546 5494 καί
571 5437 860 5509 ἐξήγαγες
891 5436 1043 5508 ἡμᾶς
1073 5440 1158 5503 είς
1195 5438 1541 5506 ἀναψυχήν.

525 5621 565 5652 ³¹
616 5618 777 5675 Hebr.
817 5636 856 5682 ι,
906 5621 962 5674 5.

451 5693 498 5729 ³⁸³
533 5691 674 5746 Psal.
707 5704 866 5747 cxxv.
900 5691 951 5743 1.
1063 5690 1105 5720 ⁸⁸
1144 5691 1179 5742 ll
1204 5692 1329 5742 Cor.
1366 5708 1403 5749 l,
1430 5691 1484 5744 4.

1598 5691 1641 5723 ³⁸
1669 5691 1814 5747 Psal.
1855 5708 1925 5757 tv,
1950 5690 2006 5744 2.

454 5778 613 5832 ωιιγ,
641 5761 691 5817 8.
769 5760 813 5791 ⁵³
840 5758 981 5813 Psal.
1016 5773 1138 5823 ων,
1180 5760 1259 5825 ιι,
1300 5759 1382 5814 12.

1067 5622 1111 5651 ³¹
1150 5619 1282 5675 an.
1329 5637 1388 5683 ιι,
1440 5621 1526 5677 ‘20.
1606 5622 1650 5653 ³⁸
1696 5621 1834 5676 Psal.
1881 5637 1955 5678 vr.
1998 5623 2052 5675 3.

3375 5611 3417 5643 ³⁶
3458 5607 3582 5664 ibid.
3646 5606 3704 5662 7.

2798 5615 2840 5646 ³⁵
2878 5612 3022 5669 Psal.
3051 5627 3192 5675 cxvt,
3225 5613 3278 5665 4.
3375 5612 3417 5643 ³⁶
3458 5612 3582 5664 ibid.
3646 5612 3683 5657 7

2798 5687 2823 5717 νι
2857 5683 3001 5732 Psal.
3034 5699 3194 5732 xxxv:
3216 5724 3229 5732 .
3260 5682 3350 5732 ΞΔ.
3470 5681 3512 5712 ⁸³
3540 5673 3683 5732 P311

2781 5685 2823 5717 ⁸³
2856 5683 3001 5739 Psal.
3033 5699 3229 5749 mm,
3260 5682 3350 5738 24.

2181 5618 2224 5651 ⁸⁸
2262 5617 2367 5673 lsa.
2414 5631 2559 5679 xxvi,
2607 5616 2688 5669 19.

2118 5690 2163 5720 ⁸⁵
2192 5687 2337 5743 Psal.
2380 5700 2547 5751 cxvn,
2584 5686 2666 5741 15.
