3992 6210
289 327 407 391 σεο
1435 313 1716 373 CONTRA
1757 309 1865 367 Elii

1994 309 2146 385 που,
2188 316 2319 372 ue.
2359 318 2425 373 ιι.
3461 314 3570 372 εγθ

369 449 551 520 Μέχρι
581 444 683 515 μὲν
716 435 816 497 οῦν
839 439 1053 505 τούτου,
1080 437 1168 493 διὰ
1196 436 1297 508 τῆς
1323 434 1430 490 τῶν
1450 433 1662 504 ἐχθρῶν
1692 448 1897 503 μαρτυρ
1926 437 1945 490 1

2072 433 2350 491 Hactenus
2380 430 2602 505 quidem
2637 430 2982 490 inimicorum
3013 436 3347 501 testimOnio,
3388 436 3564 508 Spiri-

296 541 429 613 ρίας
458 533 832 591 ἀποδείκνυται
876 530 940 584 τὸ
990 528 1274 601 μεγαλεῖον
1306 524 1399 578 τοῦ
1439 523 1786 594 Πνεῦματος·
1808 522 1872 613 ei

1997 529 2085 577 tus
2119 523 2382 594 majestas
2428 531 2483 579 et
2511 524 2913 594 magniﬁcentia
2945 527 3315 583 demonstrata
3365 537 3471 585 est.
3507 527 3563 584 in

295 612 359 685 δὲ
386 633 495 691 τοῖς
520 625 721 696 ἐφεξῆς
750 622 913 676 πάλιν
952 618 1030 689 τῷ
1072 614 1330 689 αἱρετικῷ
1361 613 1606 686 βορϐόρῳ
1635 613 1695 666 τὸ
1724 612 1871 664 καθα·

1995 616 2355 685 sequentibus
2399 625 2581 671 autem
2631 618 2888 673 haeretico
2939 618 3053 673 luto
3099 620 3317 688 pietatis
3356 623 3566 690 puritas

302 723 396 792 ρδν
413 721 513 790 τῆς
542 715 829 777 εὐσεϐείας
856 709 1305 781 καταμολύνεται.
1327 708 1464 778 Φησὶ
1494 706 1604 774 γὰρ
1639 705 1767 775 περὶ
1795 701 1878 755 τοῐ

1994 709 2418 764 contaminatur.
2459 708 2723 787 Autumat
2745 708 2890 764 enim
2919 709 2999 778 de,
3021 710 3252 779 Spiritu,
3279 715 3431 781 quod
3452 730 3564 766 rer-

301 810 626 879 Πνεύματος
649 847 666 872 ,
738 807 820 859 ὅτι
881 802 1007 869 Τοῖς
1065 798 1511 871 ἀγωνιζομένοις
1563 792 1877 863 «integrari-2i".

1998 798 2230 852 tantibus
2283 798 2599 854 subclamat.
2638 799 2750 854 lioc
2789 810 2971 855 autem
3014 809 3273 857 extremae
3317 806 3566 859 amentiae

299 907 475 959 Τοῦτο
501 903 561 957 δὲ
594 902 699 971 τῆς
737 898 972 970 ἐσχάτης
1020 895 1206 958 ἀνοίας
1252 910 1313 946 τε
1362 891 1455 945 καὶ
1496 889 1751 950 ἀσεϐείας
1793 885 1875 955 rip

1993 896 2048 943 et
2080 889 2374 958 impietatis
2421 890 2627 944 crimen
2674 889 2859 944 habet.
2911 888 3048 942 Nam
3091 891 3149 944 in
3199 891 3414 958 stadiis,
3472 894 3562 946 alii

299 994 641 1067 κατηγορίαν
673 992 809 1061 ἔχει.
849 989 937 1043 Ἐν
965 988 1074 1059 γὰρ
1097 988 1210 1049 τοῖς
1243 984 1497 1048 σταδίοις,
1527 982 1578 1035 οἱ
1614 980 1710 1051 μὲν
1741 980 1875 1047 ἀγω·

1993 976 2214 1046 quidem
2260 979 2557 1033 certamina
2590 978 2886 1033 instituunt
2915 986 2969 1033 et
3009 979 3315 1051 designant,
3352 982 3565 1037 athleti-

301 1086 580 1141 νοθετοῦσι
638 1085 751 1144 τοῖς
796 1080 1047 1152 μέλλουσι
1090 1078 1187 1149 τὴν
1223 1074 1517 1146 ἀθλητικὴν
1563 1075 1723 1143 ἰσχὺν
1768 1076 1877 1127 ἐπι-

1994 1084 2119 1123 cum
2177 1070 2346 1124 robur
2381 1078 2658 1127 ostentare
2694 1073 3079 1143 cupientibus;
3124 1074 3214 1129 alii
3252 1091 3380 1130 vero
3414 1076 3465 1128 vi
3511 1084 3566 1130 et

299 1176 614 1233 δείκνυσθαι
635 1190 650 1204 ’
683 1176 731 1227 οἱ
760 1173 817 1226 δὲ
838 1176 907 1243 τῇ
927 1170 1155 1241 δυνάμει
1182 1170 1274 1223 καλ⁸
1301 1172 1368 1240 τῇ
1391 1167 1553 1239 τέχνῃ
1582 1165 1690 1220 τῶν
1717 1165 1875 1220 ἄλλωη

1998 1169 2112 1217 arte
2138 1162 2260 1219 aliis
2289 1164 2805 1232 praestantiores,de
2833 1166 3061 1221 victoria
3090 1166 3304 1222 fortiter
3330 1175 3574 1234 certant,

301 1270 650 1341 προέχοντες,
680 1266 818 1337 ὑπὲρ
842 1264 949 1334 τῆς.
976 1265 1132 1332 νίκης
1160 1260 1402 1326 ἀθλοῦσι,
1438 1260 1572 1331 πρὸς
1608 1259 1735 1322 τοὺς
1772 1275 1872 1310 κατ

1994 1254 2075 1307 ad
2115 1256 2414 1309 certamina
2455 1263 2642 1310 mutua
2701 1272 2823 1312 sese
2865 1267 3157 1326 exuentes;
3211 1261 3405 1330 reliqui
3437 1275 3564 1315 vero

302 1362 552 1432 ἀλλήλων
575 1357 792 1428 ἀγῶνας
820 1356 1196 1425 ἀποδυόμενοι·
1243 1353 1291 1405 οἱ
1333 1353 1389 1405 δὲ
1433 1352 1610 1405 λοιποὶ
1651 1351 1771 1412 ταῖς
1804 1349 1878 1401 εὐ-

1992 1342 2368 1397 henevolentia
2395 1360 2522 1415 erga
2552 1353 2851 1401 certatores
2885 1346 3071 1415 divisi,
3104 1359 3265 1418 prout
3297 1349 3478 1405 studio
3510 1358 3564 1406 et

302 1456 480 1517 νοίαις
524 1453 658 1525 πρὸς
702 1450 829 1513 τοὺς
876 1446 1184 1517 ἀγωνιστὰς
1238 1444 1600 1516 μεριζόμενοι,
1634 1444 1780 1505 ὅπως
1822 1441 1878 1497 ἂι

1992 1433 2271 1489 voluntate
2325 1434 2381 1489 in
2432 1436 2670 1506 aliquem
2730 1438 3055 1493 athletarum
3106 1441 3339 1511 quisque
3396 1442 3562 1497 fuerit

303 1546 507 1618 σχῶσιν
538 1522 767 1606 ἕκαστος
809 1539 936 1610 περί
966 1556 1087 1592 τινα
1131 1536 1238 1591 τῶν
1275 1534 1523 1607 ἀθλητῶν
1553 1534 1789 1605 σπουδῆς
1828 1551 1879 1589 τε

1994 1522 2243 1591 ati‘ectus,
2303 1525 2359 1580 in
2413 1528 2729 1597 complexus
2778 1529 2897 1585 sive
2940 1544 3271 1601 congressus
3324 1541 3564 1601 tempore

302 1615 402 1692 καὶ
439 1635 751 1696 διαθέσεως,
794 1633 852 1685 ἐν
892 1629 970 1700 τῷ
1009 1627 1186 1699 καιρῷ
1239 1626 1338 1696 τῆς
1392 1624 1708 1695 συμπλοκῆς
1754 1624 1878 1677 ὑπο-

1994 1615 2321 1681 subclamat,
2348 1632 2451 1672 seu
2493 1619 2619 1688 quia
2649 1618 2910 1674 damnum
2947 1619 3275 1689 praeviderit,
3312 1636 3407 1676 seu
3436 1622 3565 1691 quia

302 1725 575 1795 φωνοῦσιν
598 1723 673 1793 ’ἢ
709 1723 805 1775 καλ⁸
850 1720 912 1773 τό
954 1718 1189 1791 προϊδεῖν
1214 1716 1310 1787 τὴν
1346 1715 1567 1786 βλάϐην,
1601 1714 1634 1787 ἢ
1664 1714 1724 1767 τὸ
1757 1730 1878 1785 μνη-

1993 1706 2308 1765 luctaminis
2362 1710 2691 1777 meminerit,
2742 1712 2828 1766 vel
2874 1712 3001 1783 quia
3055 1721 3171 1769 arte
3218 1729 3316 1769 sua
3360 1716 3565 1770 caverit

307 1781 503 1887 σθῆναι
546 1781 943 1883 παλαίσματος,
1059 1809 1121 1863 τὸ
1158 1781 1387 1878 φυλάξαι
1430 1781 1517 1861 διά
1694 1781 1883 1877 τέγνης

1993 1813 2061 1853 ne
2090 1810 2394 1855 corrueret.
2447 1800 2505 1855 in
2538 1817 2645 1871 quo
2682 1803 2850 1874 igitur
2879 1803 3070 1859 ordine
3112 1804 3413 1864 Eunomius
3443 1807 3565 1879 Spi-

306 1905 504 1960 ἑαυτὸν
536 1901 944 1957 ἀκατάπτωτον.
975 1899 1070 1961 Εἰς
1095 1896 1213 1951 τίνα
1242 1896 1420 1949 τοίνυν
1454 1895 1606 1961 τάξιν
1629 1895 1690 1947 τὸ
1722 1894 1882 1949 Πνεῦ-

1996 1890 2155 1945 ritum
2195 1899 2443 1947 sanctum
2483 1892 2814 1947 constituit?
2860 1909 2925 1949 ex
2959 1894 3046 1948 his
3085 1910 3206 1965 quae
3239 1897 3385 1951 dicta
3433 1907 3572 1952 sunt

306 2015 389 2070 μα
416 1996 483 2049 τὺ
512 1996 670 2064 ἆγιον
709 1991 1027 2062 καθίστησιν
1073 1990 1101 2043 6
1130 1988 1432 2059 Εὐνόμιος,
1483 1987 1548 2041 ὲκ
1596 1986 1703 2040 τῶν
1747 1987 1882 2058 εἰρη-

1991 1979 2291 2051 intelligite.
2344 1979 2403 2035 In
2437 1981 2631 2037 stadiis
2681 1981 2826 2037 enim
2876 1996 3001 2036 cum
3045 1983 3227 2053 aliqui
3260 1987 3562 2041 certamina

303 2088 492 2159 μένων
524 2084 913 2154 κατανοήσατεο
957 2083 1014 2134 ὲν
1052 2079 1161 2150 γὰρ
1197 2082 1308 2143 τοῖς
1352 2079 1585 2142 σταδίοις
1610 2118 1625 2145 ,
1655 2078 1762 2132 τῶν
1794 2078 1879 2149 μὲν

2005 2081 2235 2143 ponant,
2284 2072 2378 2127 alii
2423 2087 2554 2128 vero
2580 2073 2830 2142 judicent
2869 2073 2937 2129 de
2976 2074 3217 2145 legitima
3243 2078 3578 2144 certatione”

295 2174 818 2247 ἁγωνοθετοὺντων,
828 2171 937 2226 τῶν
958 2171 1015 2224 δὲ
1039 2170 1334 2241 κρινόντων
1353 2170 1452 2242 τὴν
1474 2169 1701 2241 νόμιμον
1728 2168 1871 2239 eain.

2002 2164 2084 2218 alii
2112 2171 2294 2218 autem
2319 2170 2552 2229 certent,
2588 2165 2680 2219 alii
2697 2180 2825 2221 vero
2842 2166 3180 2224 certantibus
3202 2168 3578 2232 subolament,.

301 2287 417 2336 σιν,
442 2267 550 2321 τῶν
588 2266 645 2319 δὲ
670 2261 1105 2334 ἀγωνιζομένων,
1125 2261 1233 2317 τῶν
1261 2262 1318 2315 δὲ
1339 2263 1451 2324 τοῖς
1474 2259 1877 2330 ἀγωνιζομένοις

2000 2255 2085 2324 qui
2118 2253 2339 2325 quidem
2378 2255 2720 2312 certantibus
2747 2257 2921 2312 multo
2960 2257 3249 2315 inferiores
3290 2274 3390 2327 pro
3433 2271 3576 2315 con-

303 2356 762 2428 ὑποφωνούντων,
778 2354 970 2417 οἵτινες
994 2351 1376 2423 ὁμολογοῦνται
1395 2352 1530 2405 πολὺ
1552 2351 1658 2404 τῶν
1674 2350 1879 2405 ἀθλούν-

2002 2344 2143 2402 i‘esso
2194 2346 2498 2403 habentur:
2534 2356 2593 2403 ut
2641 2363 2811 2403 unum
2862 2363 2894 2405 e
2933 2351 3135 2421 popqu
3177 2352 3578 2421 spcctantium,.

300 2466 420 2504 των
446 2444 591 2502 εἶναι
617 2444 1057 2516 καταδεέστεροι·
1102 2443 1179 2507 ὡς
1219 2443 1317 2496 ἕνα
1345 2441 1454 2495 τῶν
1492 2444 1557 2496 ἐκ
1592 2441 1685 2494 τοῦ
1719 2443 1876 2514 δήμοι

1995 2437 2079 2493 vel
2107 2437 2341 2509 aliquem
2384 2453 2575 2495 eorum
2617 2439 2712 2510 qui
2750 2440 2968 2497 athletis
3012 2442 3348 2506 ministrant,
3382 2442 3565 2498 Euno-

304 2538 621 2609 θεωμένων,
648 2536 685 2607 ἦ
711 2551 832 2588 τινα
860 2531 969 2588 τῶν
992 2534 1102 2596 τοῖς
1130 2531 1387 2602 ἀθληταῖς
1415 2530 1880 2602 ὑπηρετουμένων,

1993 2530 2138 2583 mius
2168 2530 2434 2600 Spiritum
2472 2539 2724 2587 sanctum
2760 2531 2923 2598 videt,
2959 2534 3054 2603 qui
3084 2549 3261 2603 neque
3285 2543 3562 2593 certamen

302 2632 372 2687 τδ
398 2629 625 2700 Πνεῦμα
655 2627 717 2681 τὸ
750 2626 907 2695 ἅγιον
941 2625 1046 2696 ὁρᾷ
1088 2625 1117 2679 6
1144 2623 1404 2693 Εὐνόμιος
1424 2637 1438 2650 ·
1467 2620 1496 2675 6
1521 2622 1660 2692 μήτε
1691 2621 1878 2688 ἀγωνο

2000 2617 2248 2685 instituit,
2296 2634 2475 2689 neque
2509 2618 2579 2675 de
2611 2620 2846 2676 victoria
2886 2621 3118 2691 judicat,
3151 2639 3328 2695 neque
3370 2633 3576 2681 contra!

302 2724 478 2787 θετεῖ,
510 2721 649 2793 μήτε
686 2717 860 2789 κρίνει
898 2716 995 2787 τὴν
1028 2714 1204 2785 νίκην,
1248 2716 1385 2786 μήτε
1432 2711 1709 2794 πρὺςητὸν
1750 2712 1878 2766 avai-

1995 2710 2369 2767 adversarium
2394 2718 2590 2777 certat,
2618 2710 2714 2767 sed
2736 2726 2836 2767 sua
2859 2713 3289 2770 suhclamatione
3305 2714 3372 2770 ad
3396 2717 3566 2771 victo-

302 2817 485 2870 παλον
529 2810 876 2881 ἀγωνίζεται,
925 2807 1068 2862 ἀλλά
1106 2806 1173 2859 δι’
1221 2805 1620 2875 ὑποφωνήσεως
1645 2805 1878 2873 συνεργέ

1995 2802 2134 2858 riam
2161 2802 2299 2859 nihil
2323 2809 2668 2873 cooperatur.
2704 2800 2826 2857 Non
2872 2803 3015 2859 enim
3048 2811 3353 2871 concertat,
3390 2820 3564 2875 neque

306 2906 415 2977 μὲν
446 2903 583 2975 πρὸς
618 2902 717 2972 τὴν
745 2900 902 2970 νίκην
940 2898 1112 2952 οὐδέν.
1134 2896 1278 2950 -Οῦτε
1314 2896 1423 2968 γὰρ
1452 2900 1882 2969 συναγωνίζεται,

1997 2895 2065 2951 ad
2106 2895 2210 2950 hoc
2248 2896 2425 2965 ipsum
2458 2898 2734 2949 certamen
2773 2894 2883 2949 vim
2929 2894 3151 2962 inserit;
3190 2897 3566 2951 tantummodo

303 2994 440 3049 εὖτε
470 2994 570 3062 τὴν
602 2989 738 3063 πρὸς
768 2989 897 3043 αὐτὸ
930 2987 1085 3043 τοῦτο
1115 2986 1342 3057 δύναμιν
1373 2988 1620 3059 ἐμποιεῖ*
1653 2989 1879 3060 βούλεταη

1995 2987 2112 3041 vult
2140 2994 2198 3041 ut
2224 2986 2313 3042 ille
2346 2986 2435 3041 cui
2468 2985 2629 3051 favet,
2667 3000 2734 3040 ex
2765 2984 2987 3040 athletis
3018 3000 3127 3041 non
3161 2988 3434 3058 secundus
3479 2991 3565 3044 vel

300 3086 369 3141 δὲ
403 3085 586 3156 μόνον,
621 3081 697 3153 μὴ
742 3080 989 3150 δεύτερον
1017 3077 1292 3148 δειχθῆναι
1328 3078 1436 3131 τῶν
1473 3077 1776 3133 ἀντιπάλων
1806 3081 1876 3134 τὸε

2006 3078 2231 3133 inferior
2267 3076 2593 3133 declaretur.
2635 3074 2799 3146 Atqui
2843 3075 3047 3131 Paulus
3086 3085 3258 3133 certat
3302 3078 3567 3134 adversus

303 3172 448 3246 παρ’
478 3172 644 3226 αὐτοῦ
676 3170 1126 3241 σπουδαζόμενον.
1172 3170 1283 3223 Καὶ
1323 3170 1535 3235 Παῦλος
1566 3172 1664 3243 μὲν
1696 3174 1879 3242 ἀγωνί-

1998 3169 2359 3241 principatus,
2393 3168 2656 3223 adversus
2700 3174 3021 3238 potestates,
3065 3168 3331 3224 adversus
3379 3172 3566 3227 mundi

309 3267 472 3330 ζεται
512 3264 649 3335 πρὸς
675 3263 774 3326 τὰς
808 3261 999 3333 ἀρχὰς,
1027 3261 1161 3332 πρὸς
1188 3260 1286 3324 τὰς
1337 3260 1601 3327 ἐξουσίας,
1628 3266 1721 3318 καὶ
1762 3266 1885 3337 πρὸς

2001 3266 2251 3328 potentes
2279 3257 2623 3313 tenebrarum
2652 3257 2816 3327 hujus
2846 3259 3054 3319 saeculi,
3084 3267 3139 3314 et
3166 3259 3429 3316 adversus
3458 3262 3570 3331 spi-

302 3361 444 3422 τοὺς
472 3354 917 3426 κοσμοκράτορας
957 3352 1051 3405 τοῦ
1087 3352 1329 3416 σκότους,
1357 3353 1450 3407 καὶ
1476 3354 1612 3424 πρὸς
1639 3354 1706 3408 τὰ
1732 3373 1878 3409 πνευ·

1998 3348 2219 3403 ritualia
2250 3347 2500 3418 nequitiae
2525 3348 2579 3402 in
2608 3348 2946 3403 coelestibus.
2984 3347 3223 3419 Spiritus
3257 3359 3437 3405 autem
3463 3352 3569 3408 vir-

314 3449 526 3520 ματικά
569 3448 668 3517 τῆς
716 3444 977 3515 πονηρίας
1025 3445 1082 3497 ὲν
1131 3447 1243 3507 τοῖς
1296 3445 1656 3515 ἐπουρανίοις.
1715 3446 1788 3500 Τὸ
1839 3447 1890 3500 δὲ

1999 3443 2131 3496 tntis
2186 3456 2295 3495 non
2349 3440 2458 3494 vim
2506 3448 2561 3496 et
2607 3440 2774 3495 robur
2826 3441 3045 3497 athletis
3096 3443 3328 3510 confert,
3393 3460 3569 3515 neque

320 3538 553 3609 Πνεῦμα
576 3537 676 3607 τῆς
720 3536 999 3605 δυνάμεως
1041 3535 1159 3604 οὐχί
1192 3534 1424 3605 ἐνισχύει
1474 3537 1600 3601 τοὺς
1640 3537 1894 3609 ἀθλητὰς,

2001 3529 2358 3586 luctatoribus
2406 3529 2548 3584 dona
2606 3546 2706 3585 sua
2765 3532 3015 3603 largitur,
3083 3530 3322 3590 dividens
3380 3536 3565 3603 cuique

312 3626 440 3680 οὐδὲ
464 3625 700 3695 διανέμει
729 3626 839 3687 τοῖς
872 3623 1127 3693 ἀθληταῖς
1168 3623 1235 3677 τὰ
1261 3624 1590 3694 χαρίσματα,
1632 3624 1888 3695 διαιροῦν

1996 3629 2155 3686 prout
2183 3622 2315 3689 vult,
2380 3620 2475 3676 sed
2504 3620 2789 3693 hucusque
2821 3630 3031 3679 tantum
3064 3633 3122 3680 ut
3153 3626 3566 3681 conserentibus

315 3718 693 3786 quéxdoztp
716 3715 909 3778 καθὼς
937 3716 1246 3779 βούλεται,
1284 3716 1418 3769 ἀλλά
1449 3718 1607 3787 μέχρι
1652 3719 1744 3772 τοῦ
1773 3720 1891 3773 ὑπο-

1101 3732 1246 3779 εται,
1284 3716 1418 3769 ἀλλὰ
1449 3718 1607 3787 μέχρι
1652 3719 1744 3772 τοῦ
1773 3720 1897 3773 ὑπο.
1998 3708 2319 3773 subclamct,
2345 3709 2456 3763 vim
2496 3709 2674 3765 habet.

314 3813 521 3879 ᾳωνεῑν
547 3811 656 3871 τοῖς
682 3806 1142 3879 συμπλεκομένοις
1163 3806 1259 3876 τὴν
1280 3805 1504 3877 δύναμιν
1531 3810 1661 3879 ἔχει.

385 3900 612 3963 Πάλιν,
662 3898 829 3968 φησι,
873 3897 1370 3965 δειλανδροῦντας
1407 3901 1737 3967 θρασύνων.
1757 3901 1892 3954 Ἀλλ’

2041 3888 2291 3957 -Rursus,
2334 3891 2530 3961 inquit,
2575 3893 2908 3952 meticulosos
2953 3904 3002 3948 et
3049 3896 3267 3964 pavidos
3313 3901 3562 3956 audentes

310 3988 477 4054 οὗτος
501 3992 599 4061 μὲν
623 3990 904 4044 ἀκολουθεῖ
925 3989 1068 4044 κατά
1100 3992 1189 4043 τὸν
1212 3990 1402 4044 ἑαυτοῦ
1429 3991 1583 4060 λόγον
1606 3996 1669 4063 τῇ
1700 3993 1886 4063 προλα-

1996 3980 2183 4035 reddit.
2222 3981 2319 4036 Hic
2348 3982 2564 4052 quidem
2598 4000 2700 4038 suo
2731 3999 2981 4040 sermone
3014 3985 3404 4056 blasphemiam
3436 4006 3563 4059 pra:-

309 4085 496 4156 εούσῃ
523 4084 661 4137 κατά
681 4083 777 4156 τοῦ
789 4081 1104 4154 meeum;
1134 4082 1470 4155 βλασφημίᾳ,
1488 4088 1709 4155 φανεροῖ
1726 4085 1781 4138 δὲ
1803 4087 1885 4139 καὶ

1994 4073 2274 4129 cedentem
2302 4074 2571 4139 sequitur,
2615 4075 2710 4129 sed
2742 4075 2945 4129 veritas
2978 4076 3213 4145 seipsam
3248 4095 3340 4148 per
3368 4096 3432 4135 os
3469 4083 3563 4135 ini-

304 4178 409 4230 διὰ
455 4175 549 4229 τοῦ
576 4174 766 4247 ἐχθροῦ
795 4175 1060 4246 στόματος
1096 4176 1291 4247 ἐαυτὴν
1329 4178 1362 4245 ἠ
1404 4176 1646 4247 ἀλήθεια.
1674 4178 1880 4240 Οὐδενὸς

1994 4164 2122 4218 mici
2164 4162 2494 4218 manifestat.
2524 4162 2744 4218 Nullius
2782 4166 2927 4219 enim
2974 4166 3199 4224 alterius
3225 4178 3309 4225 est
3337 4186 3565 4239 expave-

306 4269 435 4339 γάρ
457 4243 615 4320 ἐστιν⁷
628 4243 814 4337 ἐτέρου
858 4243 1056 4339 θάρσος
1085 4243 1331 4337 ἐμποιεῖν
1352 4243 1462 4331 τοῖς
1484 4243 1882 4338 δειλαινομένοις

2064 4253 2277 4308 antibus
2307 4251 2559 4306 ﬁduciam
2581 4260 2633 4306 et
2660 4252 2825 4307 animi
2860 4258 3200 4323 praesentiam
3224 4260 3562 4329 ingene-rare,
3623 4243 3640 4257 ’

297 4358 336 4429 ἢ
369 4357 511 4414 Θεοῦ
535 4357 713 4427 μόνου,
729 4356 975 4426 λέγοντος
999 4355 1077 4425 τῷ
1095 4356 1356 4410 δειλιῶντι
1381 4373 1396 4388 ο
1412 4356 1507 4424 Μὴ
1531 4358 1873 4428 φοϐοῦμαι

1996 4359 2159 4415 quam
2195 4343 2366 4398 solius
2407 4341 2524 4408 Dei,
2561 4343 2653 4413 qui
2691 4343 2825 4398 dicit
2857 4347 3121 4400 metuenti
3151 4366 3164 4401 :
3192 4347 3323 4402 Noli
3365 4352 3563 4416 timere,

307 4443 444 4502 σοῦ
463 4447 573 4516 πτὶρ
592 4448 727 4516 ειμι,
743 4445 932 4516 μηδὲν
950 4445 1207 4499 εὐλαϐοῦ
1221 4462 1235 4475 ·
1261 4445 1336 4510 ὥς
1358 4449 1561 4517 φησινό
1591 4445 1883 4520 Προφήτης

2003 4444 2168 4490 tecum
2187 4434 2323 4487 enim
2340 4449 2457 4486 sum
2470 4432 2537 4500 ⁵⁸,
2554 4432 2688 4486 nihil
2708 4434 3013 4503 reformida,
3034 4437 3177 4491 sicut
3191 4437 3320 4493 dicit
3334 4439 3564 4512 Prophe-

320 4539 481 4593 ἐὰν
510 4536 619 4607 γὰρ
663 4534 930 4605 πορευθῶ
976 4536 1046 4590 ἐν
1081 4534 1252 4605 μέσῳ
1298 4535 1475 4602 σκιᾶς
1515 4536 1792 4601 θανάτου,
1820 4539 1893 4593 οὐ

1994 4534 2050 4582 ta
2083 4544 2095 4581 :
2123 4524 2182 4580 Si
2207 4526 2345 4580 enim
2370 4525 2706 4581 ambulavero
2731 4526 2786 4579 in
2812 4526 2985 4581 medio
3009 4528 3208 4583 umbra:
3232 4532 3436 4597 mortis,
3461 4550 3564 4587 non

307 4622 736 4694 φοϐηθήσομαι
769 4621 944 4689 κακὰ,
969 4624 1055 4677 ὅτι
1085 4623 1167 4677 σὺ
1186 4625 1312 4693 μετ’
1332 4625 1477 4693 ἐμοῦ
1500 4621 1571 4679 εἴ.
1618 4626 1776 4679 Ἀλλά
1799 4628 1883 4681 καἸ

1996 4618 2183 4672 timebo
2201 4617 2369 4682 mala,
2394 4619 2646 4687 quoniam
2664 4627 2721 4672 tu
2739 4635 2937 4673 mecum
2954 4636 3007 4674 es
3025 4621 3092 4674 “.
3112 4620 3253 4687 Quin
3271 4625 3431 4678 etiam
3448 4627 3564 4694 ipse

307 4712 487 4779 me;
530 4713 561 4765 6
606 4713 881 4783 Δεσπότης
912 4712 1048 4784 πρὸς
1088 4713 1215 4775 τοὺς
1260 4712 1571 4777 δειλιῶντάς
1611 4731 1762 4786 φησι,
1794 4717 1883 4785 Μὴ

1994 4709 2257 4766 Dominus
2277 4708 2343 4763 ad
2362 4717 2663 4765 metuentes
2684 4710 2815 4765 dicit
2832 4710 2939 4767 :Ne
2953 4713 3193 4768 turbetur
3210 4732 3300 4768 cor
3314 4726 3561 4780 vestrum,

308 4804 741 4875 ταρασσέσθω
769 4806 811 4874 ἡ
864 4803 1074 4873 καρδία
1129 4801 1325 4872 ὑμῶν,
1384 4803 1540 4874 μηδὲ
1584 4805 1884 4866 δειλιάτωι

1994 4818 2153 4873 neque
2174 4801 2418 4869 formidet
2429 4801 2496 4854 “.
2517 4801 2600 4866 Et,
2626 4801 2765 4867 Quid
2782 4803 2954 4856 timidi
2968 4805 3341 4866 estis,modicw
3361 4807 3565 4875 ﬁdei"!

304 4898 443 4962 καὶ,
470 4896 533 4950 Τί
575 4894 760 4950 δειλοί
781 4894 946 4960 ἐστε,
980 4893 1383 4963 olera-natat;
1430 4894 1544 4958 καὶ,
1590 4895 1880 4964 Θαρσεῖτε,

1993 4891 2081 4957 Et,
2104 4891 2384 4962 Conﬁdite,
2406 4888 2515 4961 Ego
2535 4908 2681 4947 sum:
2698 4893 2862 4947 nolite
2884 4894 3065 4949 timere
3077 4895 3312 4966 ",atque
3335 4897 3561 4953 iterum:

304 4988 440 5059 ἐγώ
461 4990 609 5056 εἰμι’
629 4988 717 5057 μὴ
741 4986 1052 5055 φοϐεῖσθε’
1082 4987 1177 5039 καλ⁵
1220 4984 1401 5050 πάλιν,
1446 4986 1744 5056 Θαρσεῖτε,
1779 4988 1880 5057 erit

1995 4982 2274 5053 Con/idin,
2287 4998 2379 5053 ego
2392 4982 2489 5038 vici
2503 4982 2827 5036 mundum”.
2844 4982 3206 5050 Quamobrem
3220 4989 3389 5043 invito
3401 4990 3563 5045 etiam

300 5078 609 5145 νενίκηκα
654 5077 765 5130 τὸν
811 5077 1060 5145 κόσμον.
1114 5076 1322 5130 Οὐκοῦν
1379 5077 1473 5131 καὶ
1526 5077 1747 5142 ἄκοντος
1800 5078 1876 5131 τοί

1996 5072 2294 5137 Eunomio,
2333 5088 2428 5143 per
2461 5072 2713 5128 hostilem
2747 5089 2934 5129 vocem
2961 5075 3195 5146 seipsam
3231 5077 3566 5134 demonstrat

303 5167 607 5237 εὐνομίου,
642 5166 709 5220 δι’
750 5166 921 5235 αὐτῆς
948 5164 1048 5235 τῆς
1095 5165 1355 5236 πολεμίας
1399 5165 1583 5236 φωνῆς
1626 5165 1879 5221 δείκνυσικ

1994 5165 2186 5235 pietas.
2212 5163 2404 5218 Sermo
2416 5164 2578 5219 etiam
2592 5166 2682 5234 qui
2706 5164 2961 5236 deinceps
2983 5168 3231 5237 sequitur
3245 5171 3563 5237 praecedenti

305 5257 521 5327 ιαυτὴν
547 5258 583 5327 ὴ
627 5255 896 5310 εὐσέϐεια.
948 5255 1235 5324 Συμφωνεῖ
1283 5256 1340 5308 δὲ
1385 5256 1477 5309 καὶ
1512 5258 1541 5309 6
1582 5255 1779 5326 ἐφεξῆς
1817 5258 1881 5327 τᾷ

1995 5264 2277 5311 consonat.
2315 5255 2583 5319 Omnium.
2612 5257 2806 5326 inquit,
2827 5273 3010 5311 curam
3036 5259 3251 5324 habens,
3286 5271 3335 5314 et
3363 5278 3563 5317 omnem

305 5348 612 5420 προάγοντι
642 5346 796 5416 λόγος
816 5362 831 5376 ·
875 5345 1189 5411 Ἁπάντων,
1224 5348 1375 5417 φησὶ,
1409 5346 1756 5415 κηδόμενος,
1791 5350 1881 5403 καί

1996 5367 2176 5405 curam
2196 5360 2242 5405 et
2262 5349 2642 5418 providentiam
2673 5349 2924 5417 inferens.
2976 5348 3160 5407 Solius
3186 5352 3329 5407 enim
3359 5360 3442 5409 est
3473 5352 3564 5407 Dei

304 5436 526 5493 πᾶσαν
556 5436 839 5505 φροντίδα
870 5436 969 5490 καὶ
1000 5437 1285 5505 πρόνοιαν
1308 5438 1745 5508 εἱσφερόμενος.
1782 5439 1880 5493 Μό-

1996 5459 2121 5498 verc
2133 5443 2373 5496 omnium
2389 5440 2771 5509 cogitationem
2785 5447 2837 5493 et
2850 5455 3036 5494 curam
3064 5442 3281 5507 habere,
3316 5445 3393 5498 sic
3412 5444 3566 5498 Davi-

305 5546 412 5591 νου
442 5528 552 5599 γάρ
583 5530 730 5582 ἐστιν
752 5528 827 5593 ὡς
864 5527 1078 5600 ἀληθῶς
1117 5527 1210 5581 τοῦ
1244 5528 1377 5582 Θεοῦ
1411 5530 1470 5583 τὸ
1497 5530 1753 5599 κήδεσθαι
1798 5533 1881 5584 καὶ

1996 5534 2271 5604 deinagno
2302 5532 2549 5586 dicente:
2592 5529 2702 5600 Ego
2746 5532 3012 5586 mendicus
3045 5549 3159 5587 sum
3193 5546 3243 5588 et
3268 5550 3482 5604 pauper,
3519 5546 3564 5590 et

390 5637 436 5670 “
471 5636 629 5696 Joan.
665 5657 739 5710 Vl,
771 5640 863 5696 20.
972 5641 1016 5673 ⁸⁸
1043 5640 1187 5697 Psal.
1220 5656 1353 5706 xm,
1384 5640 1436 5696 4.
1537 5641 1581 5674 ⁸⁵
1623 5639 1776 5699 Joan.
1805 5661 1880 5697 xu

304 5723 436 5767 nt.
465 5709 554 5767 33.

1987 5647 2025 5699 7.
2104 5644 2146 5674 ⁵⁷
2190 5641 2376 5697 Matth.
2404 5642 2628 5708 vnt,‘28.
2738 5640 2780 5673 “
2823 5641 2983 5698 Marc.
3022 5658 3098 5711 vt,
3134 5642 3221 5698 50.
3329 5645 3371 5677 ⁸³
3407 5643 3563 5700 Joan.

420 5748 436 5775 ρ
466 5747 554 5767 vv.
