3992 6210
246 343 361 404 573
1393 325 1676 384 CONTRA
1715 322 2103 393 EUNOMIUM,
2141 321 2271 381 LIB.
2309 320 2395 378 Ill.
3078 338 3087 346 ’
3395 326 3501 384 57$

246 455 564 525 παλαίστρᾳ
599 449 693 505 τοῦ
737 449 993 521 ψεύδους,
1029 447 1107 512 είς
1145 446 1267 510 τοὺς
1312 444 1449 516 ὑπὲρ
1478 444 1576 516 τῆς
1621 443 1822 514 ἀπάτης

1941 442 2102 498 tertio
2151 449 2342 497 contra
2386 440 2643 510 pietatem
2693 456 2788 512 per
2834 441 3183 513 scriptionem
3227 433 3515 514 pulverem

246 551 473 619 ἀγῶνας
511 543 700 599 ἑαυτὸν
747 539 1096 614 ἐπιρρώσας·
1140 537 1452 606 ἀναγκαίως
1494 535 1589 589 καὶ
1630 532 1726 589 νῦν
1768 534 1822 589 δι

1935 533 2138 590 excitat
2167 533 2221 587 in
2254 539 2473 587 assueta
2517 533 2620 588 sibi
2650 534 2901 603 palaestra
2954 533 3260 602 mendacii,
3308 537 3376 592 ad
3405 539 3506 594 ite-

248 640 413 711 ήμῶν
453 639 481 690 ὁ
518 635 621 704 τῆς
666 630 923 701 ἀληθείας
955 629 1110 699 λόγος
1166 627 1305 699 πρὸς
1339 626 1439 697 τὴν
1477 623 1572 678 τοῦ
1608 622 1824 693 ψεύδους

1937 623 2107 678 randa
2139 640 2239 693 pro
2278 640 2464 680 errore
2499 625 2800 680 certamina
2839 626 3079 696 seipsum
3116 628 3506 686 corroborans:

249 707 564 801 ἀνατροπὴν
604 723 999 794 άντεγείρετειι,
1029 720 1106 793 τῷ
1136 717 1392 789 νικοποιῷ
1418 733 1478 770 τε
1507 716 1600 770 καὶ
1630 715 1825 783 ἀγωνο-

1936 707 2254 766 neeessario
2286 717 2449 771 etiam
2485 732 2631 772 nunc
2671 731 2768 787 per
2796 732 2898 774 nos
2943 719 3191 775 veritatis
3224 736 3405 776 sermo
3437 722 3506 777 ad

251 821 382 891 θέτῃ
434 821 534 891 τῆς
559 820 721 889 νίκης
745 814 962 877 ἀναθεὶς
984 812 1082 876 τὰς
1103 811 1343 875 ἐλπίδας,
1374 809 1470 864 καὶ
1498 808 1613 880 ἅμα
1641 810 1706 879 τῇ
1735 823 1827 861 κα·

1938 807 2211 863 mendacii
2263 809 2602 863 eversionem
2659 818 2851 862 contra
2903 810 3149 879 exsurgit
3200 810 3255 864 in
3313 820 3504 865 aucto-

250 911 508 983 ιοοτεχνία
538 910 647 964 τῶν
683 908 778 962 τοῦ
812 905 1056 961 ἐναντίου
1091 902 1487 973 παλαισμάτων
1517 897 1826 971 ἐνδυναμού-

1939 914 2053 955 rem
2081 900 2327 955 victoria:
2357 909 2410 956 et
2445 900 2826 972 agonothctam
2862 899 2951 971 (id
2990 909 3111 965 est,
3148 901 3505 956 certaminum

251 1022 439 1076 μενος.
469 999 874 1073 Ὀμολογοῦμεν
897 998 1006 1068 γὰρ
1028 996 1471 1064 ἀνεπαισχύντως
1492 992 1672 1063 ἡμεῖς,
1698 991 1827 1060 μήτε

1939 994 2403 1063 constitutorem),
2448 1001 2613 1048 totam
2655 993 2895 1048 victoria:
2935 1008 3086 1063 spem
3110 1008 3398 1062 reponens,
3429 995 3506 1048 si-

246 1096 385 1148 τινὰ
404 1094 560 1162 λόγον
579 1092 668 1146 διὰ
695 1089 989 1163 ῥητορικῆς
1017 1085 1350 1156 τεθηγμένον
1372 1083 1463 1136 ἐπὶ
1487 1083 1611 1147 τοὺς
1628 1081 1822 1149 ἀγῶνας

1939 1084 2053 1137 111111
2106 1085 2269 1137 etiam
2322 1099 2387 1138 ex
2439 1083 2734 1137 adversarii
2796 1098 2962 1153 prava
3017 1082 3313 1137 luctatione
3362 1082 3508 1137 vires

245 1183 740 1257 παρεσκευάσθαι,
790 1181 926 1252 μήτε
967 1177 1247 1246 δεινότητα
1293 1171 1637 1242 διαλεκτικῆς
1686 1171 1814 1240 ἀγχι

1941 1172 2262 1242 concipiens
2300 1183 2354 1227 et
2396 1173 2674 1243 colligens.
2711 1171 2822 1227 Nos
2872 1171 3015 1227 enim
3057 1171 3261 1243 absque
3298 1171 3507 1241 pudore

247 1277 411 1339 νοίας
431 1278 508 1339 εἰς
540 1271 854 1343 συμμαχίαν
894 1267 1036 1322 κατὰ
1069 1266 1178 1320 τῶν
1214 1264 1680 1333 ἀντιτεταγμένων
1711 1276 1823 1330 προ

1941 1262 2300 1325 conﬁtemur,
2365 1276 2545 1332 neque
2596 1262 2830 1331 aliquam
2881 1260 3182 1315 orationem
3234 1260 3506 1316 rhetorico

246 1366 564 1428 ϐάλλεσθαι,
590 1365 625 1435 ἢ
658 1363 753 1416 xui.
779 1362 877 1432 τὴν
902 1359 1161 1430 ἀλήθειαν
1189 1355 1448 1419 πολλάκις
1481 1354 1562 1417 εἰς
1586 1352 1822 1407 ὑπόνοιαι

1942 1353 2171 1409 artiﬁcio
2200 1353 2531 1408 elaboratam
2558 1358 2614 1407 et
2645 1350 3008 1405 acuminatam
3061 1350 3130 1403 ad
3183 1350 3508 1404 certandum

245 1456 483 1528 ψεύδους
513 1428 748 1508 ὲπὶψτῶν
775 1428 1015 1522 ἀπείρων
1054 1447 1515 1520 άντιμεθίστησιν.
1555 1444 1714 1498 Ἀλλὰ
1742 1443 1821 1515 μία

1979 1461 2277 1516 rarparasse
2314 1465 2326 1499 :
2356 1460 2531 1515 neque
2560 1443 2857 1500 dialecticae
2888 1442 3207 1498 subtilitatis
3233 1443 3508 1498 solertiam
3546 1428 3552 1433 ’

242 1547 483 1617 εὗναμις
512 1543 606 1599 τοῦ
644 1546 701 1598 ὲν
741 1545 873 1615 ἡμῖν
914 1540 1075 1610 λόγου
1122 1538 1264 1593 κατὰ
1300 1536 1393 1591 τοῦ
1432 1534 1661 1606 ψεύδους
1701 1534 1816 1588 ἐστί

1940 1545 1994 1592 et
2027 1536 2378 1591 acrimoniam
2412 1533 2478 1588 ad
2511 1534 2772 1587 auxilium
2804 1541 2858 1589 et
2893 1533 3264 1589 defensionem
3316 1539 3508 1588 contra

245 1638 476 1711 Πρῶτον
510 1638 609 1709 μὲν
636 1634 798 1698 αὐτὸς
821 1635 850 1687 ό
871 1630 1122 1703 ἀληθινὸς
1139 1626 1334 1696 Λόγος,
1350 1628 1501 1698 ἰσχὺς
1526 1624 1619 1679 τοῦ
1644 1627 1676 1696 ή
1686 1624 1821 1696 μετέ

1941 1643 2003 1684 ea
2031 1642 2149 1697 qua:
2177 1626 2245 1681 ab
2271 1626 2605 1682 adversariis
2635 1633 2762 1680 sunt
2784 1625 2995 1694 objecta
3019 1624 3364 1696 protendere,
3388 1640 3510 1695 quas

253 1747 379 1801 ρον,
412 1729 510 1800 τὴν
550 1725 850 1788 παίδευσιν,
882 1722 1020 1778 ἀλλὰ
1061 1720 1252 1791 σοφὸν,
1291 1720 1355 1771 ὲκ
1400 1716 1829 1789 προπαιδεύσεως

1942 1720 2104 1799 etiam
2137 1718 2415 1773 veritatem
2444 1717 2498 1771 in
2526 1717 2890 1786 suspicionem
2929 1714 3193 1770 mendacii
3230 1715 3372 1786 apud
3408 1715 3511 1770 im—

242 1800 506 1890 γενέσθαι
530 1817 743 1890 πρῶτον
768 1813 1159 1878 διακελεύεται,
1188 1805 1286 1864 εἷθ’
1327 1808 1498 1873 οὕτως
1520 1807 1618 1878 τὴν
1647 1808 1711 1859 ὲκ
1742 1806 1818 1877 τῆε

1944 1810 2148 1878 peritos
2175 1808 2431 1863 traducit.
2466 1807 2575 1864 Sed
2603 1808 2776 1863 nostri
2813 1807 3085 1863 sermonis
3132 1807 3292 1862 unica
3335 1807 3510 1861 virtus

250 1908 571 1980 Παροιμίας
600 1909 848 1963 παιδείαν
868 1907 1088 1977 χωρεῖν.
1114 1903 1430 1975 Φρονήσεως
1458 1899 1567 1971 γὰρ
1591 1893 1728 1951 εἶναι
1752 1896 1826 1950 λό-

1941 1900 2204 1955 adversus
2236 1900 2577 1956 mendacium
2613 1904 2717 1953 est.
2748 1896 2827 1951 Ae
2855 1898 3089 1968 primum
3132 1898 3350 1967 quidem
3395 1897 3512 1967 ipse

242 2019 386 2071 γους
425 2000 579 2070 ρησὶ,
618 1996 707 2051 διὰ
736 1996 975 2068 στροφῆς
1002 1994 1094 2049 τὸν
1136 1991 1337 2047 σκοπὸν
1377 1987 1816 2051 ὲκκαλύτποντας

1938 2005 2102 2044 verus
2125 1988 2313 2045 Sermo
2334 2027 2346 2051 ,
2374 1984 2487 2043 sive
2509 1987 2742 2044 Verbum
2764 2030 2778 2053 ,
2813 1989 2981 2044 robur
3011 1989 3277 2044 sermonis
3299 1990 3470 2044 nostri
3492 2030 3514 2056 ,

239 2092 333 2145 Τὸ
356 2093 465 2161 γὰρ
498 2089 573 2160 μὴ
598 2088 684 2143 ἐπ’
709 2087 922 2150 εὐθείας
949 2083 1236 2155 νοούμενον
1288 2077 1527 2151 στροφῆς
1547 2094 1688 2141 τινος
1710 2077 1813 2149 χρῄ

1940 2080 2298 2135 eruditionem
2332 2080 2612 2148 suscipere
2645 2080 2925 2150 prmcipit,
2970 2078 3065 2135 sed
3106 2079 3404 2149 sapientem
3442 2095 3510 2135 ex

235 2184 338 2248 ζει
366 2182 504 2253 πρὸς
526 2180 625 2238 τὴν
649 2176 744 2231 τοῦ
767 2174 1147 2247 κεκρυμμένου
1170 2170 1492 2239 κατάληψιν.
1520 2168 1630 2221 Καὶ
1655 2167 1811 2235 ὥσπε

1941 2170 2295 2226 antecedente
2326 2169 2642 2239 disciplina:
2678 2168 2873 2225 deinde
2901 2170 2981 2225 sic
3010 2184 3072 2226 ex
3103 2169 3396 2225 Proverbio
3427 2168 3514 2223 di-

235 2277 274 2327 ὁ
314 2271 526 2335 Παῦλος
594 2267 847 2333 ἀλλάξειν
881 2264 1074 2320 ἑαυτοῦ
1107 2263 1205 2333 τὴν
1245 2261 1430 2332 φωνὴν
1459 2257 1811 2331 ὲπηγγείλατι

1946 2263 2227 2333 sciplinam
2281 2278 2496 2332 capere.
2547 2260 2856 2316 Prudentia:
2898 2263 3043 2316 enim
3086 2276 3245 2328 esse,
3294 2260 3469 2331 inquit
3492 2300 3522 2327 ,,

241 2364 468 2435 μέλλων
506 2359 856 2432 μετατιθέναι
882 2358 981 2428 τὴν
1015 2353 1255 2428 ἱστορίαν
1288 2356 1367 2416 είς
1395 2349 1662 2424 τροπικὴν
1705 2349 1814 2401 θεω

1946 2369 2223 2410 sermones
2253 2354 2343 2424 qui
2394 2368 2491 2424 per
2531 2352 2894 2407 inversionem
2941 2367 3167 2424 scepum
3232 2353 3522 2425 detegunt.

239 2456 384 2526 ρίαν
401 2471 417 2484 ⁸
438 2453 611 2515 οὕτως
636 2448 871 2505 ἐνταῦθα
898 2450 932 2520 ἡ
958 2445 1065 2501 τῶν
1092 2443 1490 2516 κεκρυμμένων
1517 2440 1815 2511 φανέρωσις

1944 2442 2096 2510 Quod
2125 2444 2270 2498 enim
2305 2451 2455 2499 recto
2498 2458 2660 2499 sensu
2710 2459 2820 2498 non
2864 2451 3043 2512 potest
3092 2442 3351 2513 intelligi,
3386 2460 3520 2500 ver-

239 2546 471 2618 στροφὴ
491 2543 586 2596 τοῦ
618 2542 779 2611 λόγου
809 2540 959 2611 παρὰ
983 2537 1079 2591 τοῦ
1112 2535 1457 2607 Σολομῶντος
1484 2528 1815 2601 κατονομάζε

1944 2531 2095 2588 sione
2119 2531 2298 2601 aliqua
2322 2531 2563 2601 indiget,
2594 2540 2653 2585 ut
2680 2532 2732 2586 id
2761 2532 2901 2602 quod
2953 2532 3005 2586 in
3033 2532 3302 2601 ejusmodi
3333 2534 3520 2589 verbis

235 2654 347 2694 ’ται
370 2654 384 2667 ·
432 2636 507 2700 ὡς
531 2634 593 2687 οὗ
620 2631 919 2703 δυναμένου
943 2626 1341 2698 κατανοηθῆναι
1367 2623 1458 2678 τοῦ
1484 2621 1712 2683 κάλλους
1739 2619 1811 2671 τῶ

1950 2623 2215 2677 occultum
2240 2621 2404 2686 latet,
2430 2622 2952 2692 comprehendatur:
2980 2633 3033 2678 ct
3053 2623 3526 2693 quemadmodum.

238 2727 571 2799 νοημάτων,
603 2726 652 2777 εί
681 2725 753 2794 μή
785 2738 869 2784 τις
896 2719 990 2775 τοῦ
1018 2718 1176 2787 λόγου
1204 2717 1266 2770 τὸ
1304 2713 1745 2799 προφαινόμενον
1769 2711 1814 2762 εί

1944 2711 2146 2767 Paulus
2178 2712 2231 2766 in
2267 2712 2529 2781 tropicam
2562 2712 2674 2768 sive
2707 2712 3051 2784 allegoricam
3087 2714 3513 2783 speculationem

236 2820 319 2872 τὸ
341 2797 617 2887 νίέμπαλιν
654 2809 996 2883 ἀναστρέψας
1024 2848 1038 2874 ,
1076 2807 1175 2860 ἴδοι
1214 2803 1311 2876 τὴν
1353 2797 1812 2871 ἀποκεκρυμμένη

1945 2801 2225 2856 historiam
2251 2802 2618 2857 translaturus
2638 2842 2652 2864 ,
2676 2817 2735 2857 se
2764 2818 2918 2857 suam
2943 2818 3158 2874 quoque
3183 2819 3366 2860 vocem
3397 2822 3517 2861 mu—

239 2909 434 2979 αὐτὴν
463 2906 560 2960 τοῦ
587 2906 877 2975 νοήματος.
912 2897 1038 2954 Οἷον
1068 2898 1162 2952 ἐπὶ
1191 2896 1284 2950 τοῦ
1314 2894 1514 2967 πτεροῦ
1540 2894 1815 2963 συμϐαίνει

1945 2901 2184 2946 laturum
2228 2908 2351 2947 esse
2393 2894 2717 2962 promisit‘:
2768 2893 2850 2949 sic
2887 2894 2992 2949 hoc
3036 2895 3091 2949 in
3136 2896 3255 2951 loco
3300 2896 3514 2953 abdito-

238 2995 300 3068 ᾧ
321 2999 466 3053 κατὰ
495 2997 557 3050 τὸ
582 2997 799 3067 οὐραῖον
824 2996 851 3047 ό
876 2989 1023 3054 ταὼς
1050 2986 1471 3050 καλλωπίζεται.
1513 2985 1635 3038 Ἐπὶ
1658 2984 1813 3038 τούτο

1947 2998 2067 3036 rum
2102 2982 2436 3049 declaratio,
2478 2983 2766 3040 sermonis
2788 2985 3055 3050 inversio,
3088 2987 3171 3042 vel
3204 3003 3516 3044 sermonum

240 3092 363 3162 γὰρ
393 3093 427 3143 ὁ
458 3090 556 3159 μὲν
585 3087 657 3141 τὰ
689 3085 836 3140 νῶτα
864 3082 958 3136 τοῦ
989 3080 1191 3153 πτεροῦ
1228 3078 1585 3148 θεασάμενος,
1618 3078 1759 3131 κατὰ
1785 3095 1815 3131 τ

1949 3075 2203 3130 versutia:
2232 3089 2262 3127 a
2293 3072 2585 3129 Solomone
2620 3075 2971 3130 nominantur
3000 3077 3098 3149 (α).
3136 3078 3304 3144 Quasi
3339 3082 3520 3135 notio-

254 3129 363 3162 3⁶Υ
395 3129 427 3143 ν
458 3129 553 3159 τ’”
597 3129 657 3141 ’⁸⁸
699 3129 836 3140 """
877 3129 955 3136 "'
996 3129 1186 3153 ""r"
1238 3129 1417 3148 """1
1458 3129 1490 3131 "
1542 3129 1585 3141 σι
1799 3129 1806 3131 “

244 3181 500 3244 ἀκαλλὲς
527 3197 589 3232 τε
619 3178 712 3231 καὶ
738 3178 1004 3249 ἄμορφον,
1037 3172 1364 3252 καταφρονεί
1404 3170 1621 3232 πάντως
1648 3170 1724 3232 ὡς
1759 3169 1820 3222 εὑ

1951 3182 2078 3221 1111111
2112 3165 2464 3236 pulchritudo
2496 3174 2679 3222 mente
2721 3129 3108 3237 comprehendi
3152 3182 3262 3226 non
3307 3174 3516 3242 possit,

244 3274 450 3337 τελοῦς’
474 3272 569 3325 τοῦ
600 3270 894 3340 θεάματος.
919 3268 983 3320 El
1007 3265 1064 3318 δέ
1087 3282 1170 3329 τις
1200 3261 1542 3332 ἀναστρέψας
1568 3260 1730 3314 αὐτοῦ
1753 3260 1819 3333 τὴ

1951 3260 2055 3314 nisi
2091 3259 2214 3330 quis
2247 3260 2517 3315 sermonis
2561 3261 2736 3330 prima
2777 3262 2960 3330 specie
3006 3271 3152 3318 retro
3199 3280 3386 3328 versa,
3418 3282 3517 3321 no-

248 3368 457 3437 ἑτέραν
476 3362 598 3432 δψιν
621 3359 950 3433 προδείξειεν
972 3398 986 3423 ,
1017 3356 1120 3427 ὁρᾷ
1142 3354 1239 3425 τὴν
1265 3352 1512 3422 ποικίλην
1536 3351 1824 3422 ζωγραφία

1952 3352 2119 3408 tionis
2150 3352 2419 3407 occultum
2450 3351 2743 3423 splendore
2784 3354 3102 3423 inspexerit.
3151 3355 3517 3421 Quemadmo-

250 3457 358 3522 τῆς
395 3453 637 3524 φύσεως,
677 3450 773 3503 καὶ
797 3449 888 3501 τὸν
912 3447 1141 3518 ἡμιτελῆ
1175 3444 1372 3499 κύκλον
1405 3444 1461 3496 ἐν
1500 3443 1753 3514 πορφυρᾷ
1784 3445 1826 3512 τῇ

1952 3444 2079 3500 dum
2125 3445 2178 3498 in
2232 3459 2295 3499 ea
2342 3459 2518 3514 penna
2568 3444 2869 3514 contingit,
2913 3456 3018 3514 qua
3062 3446 3116 3501 in
3166 3447 3337 3503 cauda
3384 3465 3526 3520 pavo

257 3548 414 3618 βαφῇ
444 3543 588 3597 κατὰ
614 3543 677 3595 τὸ
708 3541 871 3612 μέσον
912 3538 1283 3609 ἑκλάμποντα,
1314 3535 1409 3588 καὶ
1440 3534 1532 3587 τὸν
1564 3532 1833 3604 χρυσοειδῐ

1953 3536 2270 3590 adornatur.
2302 3533 2357 3588 Si
2391 3535 2514 3604 quis
2544 3535 2690 3589 enim
2734 3550 2965 3604 pennam
3009 3552 3038 3589 a
3080 3545 3231 3609 tergo
3275 3549 3519 3597 contem-

255 3637 400 3699 περὶ
425 3635 518 3688 τὸν
550 3632 747 3686 κύκλον
776 3631 933 3701 ἀέρα,
958 3632 1070 3693 τοῖς
1095 3626 1414 3699 πολυχρόοις
1448 3624 1580 3697 ίρισι
1620 3624 1761 3678 κατὰ
1792 3623 1831 3675 τὶ

1953 3625 2133 3695 platus
2169 3623 2364 3691 fuerit,
2411 3634 2633 3695 propter
2672 3627 2855 3681 nescio
2896 3627 3025 3697 quid
3067 3629 3413 3687 invenustum
3456 3648 3524 3689 ac

256 3728 436 3799 ἄκρον
462 3723 824 3795 διεζωσμένον
850 3738 910 3776 τε
939 3722 1034 3775 καὶ
1056 3720 1424 3792 λαμπόμενον.
1470 3717 1621 3770 Ἐπεὶ
1642 3711 1735 3770 οὖν
1763 3715 1832 3768 οὐ⁴

1953 3714 2233 3781 deforme,
2267 3716 2409 3784 quod
2442 3716 2499 3768 in
2532 3730 2598 3770 ea
2627 3726 2891 3787 apparet,
2929 3719 3150 3773 omnino
3180 3722 3518 3792 despexerit,

257 3819 356 3873 δὲν
393 3817 469 3887 τῷ
500 3816 777 3889 προχείρῳ
813 3815 913 3885 τῆς
949 3813 1150 3879 λέξεως
1191 3811 1378 3865 ἔπεστι
1416 3808 1641 3872 κάλλοςσ
1679 3806 1833 3862 Πᾶσι

1953 3813 2210 3876 tanquam
2238 3806 2343 3859 vile
2377 3806 2595 3875 aliquod
2624 3816 2677 3861 et
2709 3807 2863 3861 nihili
2895 3806 3201 3863 faciendum
3239 3823 3522 3880 spectacu-

259 3910 400 3980 γὰρ,
438 3909 623 3979 φησὶν.
669 3907 709 3973 ἡ
752 3906 903 3970 δόξα
934 3903 1042 3973 τῆς
1071 3902 1362 3973 θυγατρός
1400 3900 1508 3955 τοῦ
1545 3898 1835 3965 ,βασιλέως

1953 3897 2086 3950 111111.
2116 3894 2271 3962 Quod
2305 3895 2350 3950 si
2383 3896 2507 3967 quis
2543 3896 2758 3950 inversa
2788 3911 2960 3965 penna
2990 3896 3109 3966 ejus
3139 3899 3366 3953 alterum
3396 3916 3522 3971 pro-

257 4003 520 4064 ἔσωθεν,
549 4000 621 4054 ἐν
644 3998 771 4066 τοῖς
792 3996 1043 4067 χρυσοῖς
1071 3994 1331 4065 νοσήμασι
1353 3992 1434 4059 τῷ
1463 3988 1703 4059 κρυπτῷ
1727 3988 1833 4042 διας

1957 3992 2203 4055 spectum
2226 3984 2562 4049 ostenderit,
2594 3986 2797 4041 variam
2821 3993 3030 4040 natura:
3046 3987 3313 4057 picturam
3340 3991 3489 4047 intue
3504 4022 3519 4033 -

258 4070 600 4161 λάξιπουσα
634 4090 872 4155 κόσμῳ·
916 4086 1229 4155 ἀναγκαίως
1271 4087 1300 4138 ό
1328 4080 1576 4152 Σολομὼν
1611 4082 1723 4142 τοῖς
1761 4082 1834 4134 ὲν·

1954 4077 2119 4139 bitur,
2150 4085 2203 4131 et
2233 4076 2636 4131 semicirculum
2666 4090 2938 4146 purpurea
2967 4076 3203 4133 tinctura
3250 4080 3304 4134 in
3344 4080 3520 4137 medio

261 4182 599 4250 τυγχάνουσι
627 4178 705 4249 τῷ
736 4178 923 4248 βιϐλίῳ
950 4176 1123 4247 τούτῳ
1159 4174 1256 4246 τὴν
1283 4172 1378 4228 τοῦ
1419 4172 1576 4241 λόγου
1615 4170 1837 4241 στροφὴν

1954 4168 2275 4224 emicantem
2292 4209 2308 4234 ,
2334 4178 2387 4223 et
2415 4166 2803 4222 circumfusum
2828 4182 2952 4222 aera
2979 4170 3185 4226 circulo
3210 4186 3371 4228 aurea
3399 4189 3522 4243 spe-

262 4271 625 4333 ὖποτίθεται,
666 4271 754 4323 ἵνα
782 4269 869 4321 διὰ
897 4267 1088 4321 τούτου
1130 4267 1364 4337 νοήσωσι
1405 4262 1718 4334 παραϐολὴν
1756 4262 1838 4316 ml

1955 4260 2039 4314 cie
2065 4260 2358 4323 nitentem,
2397 4258 2626 4328 ejusque
2677 4260 3045 4315 summitatem
3087 4263 3521 4321 multicoloribus

264 4363 550 4417 σκοτεινὸν
575 4362 753 4429 λόγον,
788 4361 973 4431 ῥήσεις
997 4375 1056 4411 τε
1094 4357 1273 4426 σοφῶν
1298 4356 1390 4410 καὶ
1414 4355 1728 4425 αἰνίγματα.

1954 4348 2186 4404 iridibus
2216 4349 2451 4403 cinctam
2492 4357 2546 4403 et
2592 4358 2827 4404 venusto
2875 4351 3167 4422 splendore
3203 4352 3516 4425 fulgentem.

265 4458 458 4524 Quare
484 4471 609 4509 cum
640 4456 693 4508 in
720 4453 986 4508 orationis
1011 4452 1186 4523 primo
1209 4457 1496 4521 prospectu
1520 4448 1669 4503 nulla
1696 4447 1838 4502 inest
1874 4441 2224 4516 pulchritudo
2259 4462 2271 4497 :
2304 4441 2488 4498 Omnis
2511 4442 2676 4509 enim,
2705 4444 2900 4515 inquit,
2926 4447 3098 4517 gloria
3132 4450 3261 4518 ﬁlim
3294 4455 3428 4523 regis
3458 4455 3524 4509 ab

267 4554 445 4615 iuva,
481 4550 537 4602 in
588 4548 763 4601 aureis
794 4544 1232 4601 intellectionibus
1263 4542 1467 4598 occulto
1496 4541 1758 4611 refulgens
1798 4536 2062 4593 ornatu’:
2100 4533 2411 4589 necessario
2446 4532 2703 4589 Solomon
2728 4576 2744 4601 ,
2780 4535 2924 4592 hunc
2962 4539 3159 4594 librum
3198 4541 3525 4614 legentibus.

269 4657 588 4700 sermonem
614 4643 881 4697 invertere
916 4637 1194 4710 praecepit,
1235 4642 1296 4691 ut
1327 4634 1431 4689 hoc
1468 4633 1629 4689 modo
1660 4630 1965 4702 intelligant
1995 4627 2312 4699 parabolam
2335 4632 2391 4683 et
2419 4626 2715 4683 obscurum
2743 4643 3050 4686 sermonem
3071 4670 3086 4697 ,
3118 4634 3283 4690 verba
3311 4638 3527 4708 sapien-

270 4748 398 4793 tum
425 4746 479 4792 et
511 4736 796 4806 enigmata
822 4749 1012 4789 eorum
1031 4732 1072 4786 ³.

350 4832 538 4885 ταῦτα
562 4831 738 4883 τοίνυν
760 4826 1116 4899 περιεχούσης
1130 4826 1227 4894 τῆς
1250 4822 1630 4895 Παροιμιακῆς
1650 4821 1851 4891 ταύτης
1880 4822 1926 4882 D

2023 4818 2157 4874 Cum
2193 4818 2355 4890 igitur
2390 4820 2504 4875 haec
2528 4817 2893 4878 Proverbialis
2930 4823 3178 4882 doctrina
3211 4827 3313 4884 ista
3350 4832 3529 4887 conti-

272 4920 657 4983 διδασκαλίας,
690 4919 843 4972 οὐδὲν
886 4918 953 4971 ἄν
994 4934 1078 4980 τις
1125 4914 1234 4967 τῶν
1264 4911 1664 4985 εὐφρονούντων
1705 4906 1848 4976 ἁνεξε

1958 4918 2123 4968 neat:
2155 4912 2249 4982 qui
2280 4920 2426 4967 recte
2456 4920 2600 4982 sapit
2619 4953 2635 4978 ,
2666 4912 2799 4967 nihil
2822 4929 3011 4970 eorum
3036 4933 3159 4987 qua:
3183 4934 3251 4975 ex
3279 4921 3419 4978 libro
3447 4924 3532 4979 ei-

277 5012 525 5073 ετάστως
552 5025 611 5061 τε
657 5008 753 5062 καὶ
778 5006 1103 5076 ἀθεωρήτως
1139 5004 1247 5057 τῶν
1276 5005 1342 5057 ἐκ
1378 5001 1479 5069 τῆς
1520 5001 1700 5071 βίϐλου
1729 5000 1853 5054 ταύ-

1960 5012 2166 5068 tantur,
2199 5002 2603 5060 inconsiderate
2630 5011 2682 5060 et
2720 5013 2923 5063 temere
2957 5009 3228 5079 accipiet;
3279 5014 3530 5082 quamvis

276 5117 385 5169 της
428 5097 850 5169 προφερομένων
882 5093 1129 5160 δέξεται,
1170 5092 1277 5145 κᾶν
1307 5092 1389 5145 ὅτι
1425 5089 1657 5161 μάλιστα
1687 5090 1852 5159 σαφὲς

1959 5095 2092 5149 illud
2122 5096 2293 5165 prima
2322 5094 2499 5151 fronte
2527 5096 2757 5151 maxime
2784 5107 3029 5168 apertum
3060 5108 3115 5155 et
3143 5102 3417 5171 cognitum
3445 5105 3530 5160 vi-

280 5192 353 5243 ικ
377 5188 473 5243 τοῦ
513 5188 800 5261 προχείρου
851 5186 946 5239 καὶ
975 5183 1249 5255 γνώριμον
1315 5181 1592 5251 τυγχάνει.
1636 5180 1856 5246 Πάντως

1960 5185 2174 5242 deatur.
2195 5185 2431 5241 Omnino
2460 5187 2602 5245 enim
2630 5187 2794 5241 etiam
2819 5189 2873 5242 in
2899 5189 2984 5244 his
3005 5206 3126 5260 quae
3149 5192 3300 5247 valde
3321 5195 3534 5265 perspi-

284 5279 401 5350 γὰρ
429 5279 622 5332 ὕπεστί
649 5295 730 5340 τις
758 5276 853 5329 καὶ
880 5277 989 5339 τοῖς
1015 5274 1302 5346 προδήλοις
1326 5267 1464 5327 εἶναι
1483 5271 1696 5326 δοκοῦσι
1719 5272 1859 5327 κατὰ

1964 5291 2067 5331 cua
2094 5283 2378 5345 putantur,
2404 5276 2592 5330 subest
2617 5292 2712 5346 per
2742 5292 3022 5350 anagogen
3043 5318 3059 5344 ,
3087 5281 3139 5336 id
3165 5292 3249 5337 est
3282 5283 3530 5354 ligurani,

285 5368 580 5440 ἀναγωγὴν
616 5367 837 5439 θεωρία.
870 5366 934 5419 El
979 5366 1036 5419 δὲ
1077 5364 1146 5418 τὰ
1192 5364 1458 5435 πρόχειρα
1496 5361 1597 5432 τῆς
1637 5362 1861 5434 Γραφῆς

1966 5381 2073 5439 qua
2102 5367 2411 5423 intellectus
2433 5366 2501 5422 ad
2526 5368 2721 5423 altiora
2750 5370 3091 5440 subvehitur,
3122 5375 3529 5448 contemplatio.

370 5502 387 5533 '
421 5501 594 5557 Galat.
626 5518 697 5568 tv,
733 5502 825 5558 20.
902 5504 923 5535 ’
951 5501 1098 5558 Psal.
1128 5516 1276 5566 xuv,
1302 5498 1386 5555 14.
1464 5499 1484 5532 ³
1512 5497 1671 5555 Prov.
1699 5514 1736 5565 1,
1762 5498 1816 5554 6.

364 5640 447 5728 ία)
485 5641 750 5728 Sall-ﬁl”.
780 5645 835 5706 8,
868 5645 947 5699 Sic
978 5643 1239 5728 habetur;
1268 5642 1731 5728 δίιιξξιιιὶηιάὶηεηι
1769 5644 2003 5728 scientia!
2031 5646 2295 5728 desiderat
2318 5651 2432 5721 quis
2458 5666 2475 5708 :
2502 5652 2601 5708 scit
2621 5653 2888 5721 pra'terita
2908 5661 2955 5710 et
2978 5653 3041 5710 de
3070 5653 3267 5724 futuris
3289 5659 3535 5725 cstimat,

288 5719 395 5769 scit
435 5714 688 5768 msutias
722 5731 1052 5783 sermonum,
1088 5724 1135 5767 ct
1171 5713 1542 5769 dissolutioues
1579 5725 2030 5787 argumentorum.
