3992 6210
419 346 529 405 573

1693 349 1754 409 S.
1792 347 2121 407 GRECORII
2134 347 2437 406 ‘NYSSENI

3563 347 3674 404 576

415 466 572 534 Quod
607 466 651 523 si
686 479 808 537 qua:
844 462 1025 519 facilia
1061 468 1193 519 sunt
1239 470 1295 519 et
1342 463 1398 518 in
1445 471 1702 535 promptu
1769 466 1826 520 in
1892 464 1992 519 hac

2097 464 2302 535 ταύτης
2359 461 2671 531 ἀναγκαίως
2723 462 2970 535 ἐπιζητεῖ
3024 464 3123 535 τὴν
3170 463 3673 539 λεπτομερεστέραν

416 562 700 632 Scriptura
744 558 1060 613 necessario
1106 557 1450 613 subtiliorem
1494 558 1903 627 inquisitionem
1943 564 1998 611 et

412 648 872 707 exaniinationem
900 648 1212 719 postulant,
1237 656 1444 718 quanto
1476 649 1646 719 magis
1677 649 1767 702 illa
1797 648 1998 718 quibus

414 743 709 813 plurimum
759 740 911 796 inest'
939 739 1294 797 obscuritatis
1325 752 1378 795 et
1409 740 1779 803 difficultatis,
1827 755 1890 795 ex
1931 755 1996 795 ea

413 851 534 905 quae
553 834 681 888 inde
702 834 961 899 sumitur,
984 832 1297 903 cognitione
1316 841 1369 886 et
1388 831 1775 901 intelligentia?
1795 829 1997 896 Quam-

414 928 602 984 obrem
659 926 1011 996 exquiramus
1058 940 1123 979 ex
1171 925 1462 980 verborum
1531 931 1794 977 contextu
1848 922 1995 979 illius

417 1019 555 1081 loci,
588 1017 635 1072 si
667 1031 827 1087 quem
860 1015 1211 1070 maniiestum
1243 1030 1463 1071 sensum
1493 1013 1656 1068 habet
1685 1015 1997 1083 proposito-

416 1126 537 1163 rum
570 1109 757 1164 lectio.
798 1106 1070 1163 Describit
1101 1122 1283 1163 sermo
1306 1101 1672 1171 Sapientiam,
1713 1119 1996 1161 sermones

415 1201 679 1272 quosdam
708 1216 772 1254 ex
812 1200 1033 1270 propria
1067 1213 1299 1270 persona
1331 1205 1700 1253 enarrantem.
1742 1195 1859 1252 Scit
1893 1211 1994 1251 au-

414 1303 523 1349 tem
556 1293 836 1349 studiosus
866 1293 1025 1363 plane
1049 1335 1063 1358 ,
1096 1307 1217 1362 qua:
1243 1291 1299 1345 in
1329 1306 1396 1345 eo
1429 1291 1551 1344 loco
1577 1288 1871 1353 dicuntur;
1900 1286 1995 1343 ubi

417 1382 726 1455 Sapientia,
758 1384 813 1439 in
852 1384 1085 1439 consilio
1135 1382 1382 1437 habitare
1425 1398 1484 1438 se
1543 1381 1866 1452 praedicat‘,
1898 1380 1998 1434 ad-

411 1489 574 1536 vocat
597 1487 779 1533 autem
808 1476 1173 1546 cognitionem
1200 1482 1253 1529 et
1279 1474 1563 1540 notitiam,
1590 1471 1995 1544 possessionem

412 1584 546 1624 vero
575 1568 708 1623 dicit
742 1583 802 1624 se
836 1567 1039 1621 habere
1086 1564 1462 1621 fortitudinem
1511 1571 1566 1619 et
1612 1562 1954 1633 prudentiam
1977 1599 1992 1625 ,

412 1659 530 1729 ipsa
564 1666 741 1713 autem
772 1656 1087 1712 nominatur
1121 1654 1479 1723 intelligentia
1500 1694 1513 1717 ,
1548 1653 1602 1706 in
1637 1652 1742 1708 viis
1769 1650 1995 1722 justitia:

412 1766 471 1806 se
495 1749 776 1805 ambulare
797 1788 811 1813 ,
840 1757 893 1803 et
923 1747 977 1801 in
1005 1746 1181 1802 medio
1208 1746 1529 1800 semitarum
1552 1743 1746 1814 judicii
1771 1756 1994 1797 conver-

411 1841 524 1897 sari
552 1858 564 1893 :
596 1840 731 1895 dicit
763 1840 928 1895 etiam
971 1852 1069 1909 per
1120 1852 1179 1893 se
1228 1851 1382 1902 reges
1430 1849 1693 1907 regnare,
1741 1840 1989 1904 potentes

406 1933 680 2003 justitiam
713 1931 1044 1995 decernere,
1081 1937 1136 1984 et
1170 1935 1331 1983 terra:
1363 1940 1477 1981 sua:
1518 1936 1783 1996 tyrannos
1815 1922 1993 1979 domi-'-

410 2023 553 2079 nari.
598 2022 754 2090 Quod
793 2022 939 2077 enim
985 2036 1051 2076 ex
1095 2019 1183 2075 his
1218 2033 1340 2089 quae
1370 2017 1515 2073 dicta
1546 2014 1799 2086 suntqui
1829 2020 1995 2069 recta:

411 2114 641 2169 rationis
665 2113 875 2184 judicio
903 2127 1039 2168 usus
1071 2110 1236 2166 fuerit
1266 2108 1402 2163 nihil
1436 2117 1642 2163 temere
1669 2114 1723 2163 et
1749 2106 1995 2162 inconsi-

409 2207 597 2261 derate
628 2220 693 2261 ex
727 2219 793 2260 eo
826 2218 992 2260 sensu
1031 2202 1124 2273 qui
1172 2201 1227 2255 in
1258 2207 1515 2271 promptu
1556 2207 1641 2254 est
1704 2206 1759 2253 et
1816 2198 1991 2267 prima

414 2296 597 2351 fronte
639 2302 904 2365 apparet,
942 2293 1230 2354 admittet,
1274 2291 1451 2346 cuivis
1491 2299 1585 2346 est'
1617 2289 1989 2360 perspicuum.

413 2383 551 2439 Nam
583 2384 629 2439 si
664 2399 760 2453 per
790 2384 934 2437 illam
973 2383 1038 2437 ad
1071 2382 1369 2454 potentiam
1404 2397 1558 2454 reges
1590 2383 1991 2452 provehantur,

419 2481 474 2529 et
503 2475 569 2531 ab
600 2472 718 2544 ipsa
750 2472 919 2527 roliur
947 2472 1108 2528 habet
1153 2472 1446 2540 tyrannis:
1492 2471 1718 2527 omnino
1760 2478 1846 2527 est
1896 2485 1995 2525 ne-

412 2564 748 2629 cessarium,
806 2563 1130 2634 sapientiam
1182 2562 1561 2635 tyranniflcam
1610 2562 1773 2619 nobis
1822 2578 1991 2634 appa-

408 2669 533 2710 rere
554 2693 569 2719 ,
600 2663 765 2726 atque
794 2668 983 2710 eorum
1016 2653 1110 2724 qui
1142 2653 1390 2723 improbe
1422 2653 1476 2707 in
1510 2668 1677 2724 regno
1702 2653 1990 2708 dominan-

410 2758 521 2811 tnr,
555 2746 787 2802 crimina
832 2744 887 2799 in
932 2745 1168 2814 seipsam
1210 2744 1534 2801 transferre.
1588 2743 1695 2798 Sed
1737 2744 1995 2800 novimus

410 2838 550 2893 alios
585 2851 763 2907 reges,
801 2835 896 2905 qui
941 2850 972 2889 a
1014 2835 1282 2905 sapientia
1311 2850 1438 2890 vere
1470 2832 1536 2888 ad
1570 2842 1830 2889 aeternum
1862 2834 1993 2889 fine-

416 2943 525 2998 que
555 2942 747 2982 carens
776 2927 1056 2980 ducuntur
1083 2924 1370 2993 imperium
1395 2962 1411 2987 ,
1442 2923 1694 2978 videlicet
1726 2939 1991 2993 pauperes

410 3020 627 3089 spiritu,
646 3031 877 3088 quorum
903 3015 1182 3086 possessio
1199 3029 1425 3085 regnum
1445 3022 1529 3069 est
1548 3015 1812 3069 cmlorum
1839 3034 1852 3069 :
1883 3014 1993 3069 sic»

411 3118 472 3163 ut
522 3107 816 3171 Dominus,
869 3105 1079 3174 quiest
1121 3104 1387 3174 sapientia
1436 3102 1731 3173 Evangelii,
1765 3106 1994 3172 promit-

410 3197 478 3252 tit
500 3196 572 3249 "z
605 3196 741 3249 tales
798 3161 962 3250 etiam
1015 3161 1265 3265 potentes
1307 3161 1695 3264 intelligimus,
1750 3161 1841 3265 qui
1895 3194 1982 3249 ad-
2019 3161 2066 3223 ϐ

410 3302 606 3343 versus
640 3286 913 3355 appetitus
945 3296 1003 3340 et
1033 3286 1318 3355 passiones
1354 3285 1652 3355 potentiam
1693 3294 1989 3351 exercent,

410 3379 506 3449 qui
540 3393 649 3431 non
683 3378 927 3433 serviunt
963 3377 1219 3446 potestati
1271 3377 1502 3445 peccati,
1534 3376 1626 3445 qui
1662 3377 1716 3431 in
1748 3379 1856 3431 vita
1892 3393 1990 3433 sua

410 3481 672 3541 tanquam
719 3470 903 3524 tabula
946 3470 1183 3539 quadam
1233 3469 1499 3539 justitiam
1533 3469 1862 3524 inscribunt.
1900 3470 1992 3524 Sic

412 3564 573 3617 ctiam
620 3561 912 3616 laudabilis
940 3562 1227 3630 tyrannis,
1282 3575 1403 3629 qua:
1453 3562 1657 3614 auxilio
1709 3562 1991 3631 sapientiae

412 3654 728 3726 passionum
761 3653 875 3708 sive
904 3652 1194 3705 affectuum
1228 3651 1641 3719 democratiam,
1689 3653 1743 3705 in
1790 3654 1989 3709 mentis

412 3745 789 3801 monarchiam
817 3752 1103 3815 postquam
1135 3745 1499 3809 converterit,
1529 3759 1591 3800 ea
1619 3762 1738 3816 quae
1770 3747 1908 3801 male
1934 3748 1989 3801 in

411 3837 717 3893 libertatem
749 3835 959 3890 frenum
984 3834 1236 3887 mordent
1257 3843 1309 3888 et
1336 3834 1572 3889 ferocius
1595 3837 1903 3899 exsultant,
1934 3839 1988 3890 in

413 3929 727 3984 servitutem
763 3926 981 3996 redigit.
1024 3924 1220 3980 Omnia
1268 3926 1570 3995 corporalia
1615 3935 1669 3981 et
1709 3928 1990 3981 terrestria

2098 555 2364 621 ἐξέτασιν,
2393 555 2540 625 πόσῳ
2575 553 2773 625 μᾶλλον
2795 556 2976 609 ἐκεῖνα
3005 552 3087 619 οἷς
3116 555 3262 609 πολῐί
3280 556 3341 609 τὸ
3374 558 3584 628 ἀσαφές
3613 579 3674 615 τε

2098 647 2190 701 καὶ
2221 644 2591 716 δυσθεώρητον
2619 647 2682 698 ὲκ
2713 645 3075 716 τῆςσαύτόθεν
3109 645 3227 698 ἐστὶ
3259 650 3671 718 κατανοήσεωςς

2110 737 2481 808 Ἑξετάσωμεν
2511 737 2689 791 τοίνυν
2734 737 2798 790 ὲκ
2838 737 2938 808 τῆς
2988 737 3115 808 περὶ
3154 737 3244 790 τὸν
3274 740 3437 792 τόπον
3465 740 3676 793 ἐκεῖνον

2100 828 2465 900 συμφράσεως
2485 827 2592 881 τῶν
2622 828 2900 900 ῥημάτων,
2932 828 2986 881 εῐ
3010 845 3063 881 τι
3088 827 3258 898 σαφὲς
3287 829 3464 899 ητῶν
3491 848 3676 903 παρα-

2098 919 2365 993 κειμένων
2391 919 2690 987 ἀνάγνωσις
2709 918 2821 990 ἔχει
2839 958 2852 971 .
2877 919 3279 990 Προδιαγράφει
3299 920 3398 990 τὴν
3419 921 3620 989 Σοφίαν
3645 924 3676 975 6

2096 1012 2272 1080 λόγος,
2307 1013 2491 1083 ῥήσεις
2517 1011 2669 1074 τινὰς
2704 1011 2765 1077 ἐξ
2790 1012 2990 1065 οἰκείου
3022 1012 3322 1076 διεξιοῦσαν
3354 1014 3671 1085 προσώπου·

2098 1104 2383 1159 ἐπίσταται
2408 1103 2464 1156 δὲ
2490 1103 2704 1167 πάντως
2731 1104 2759 1155 6
2782 1102 3085 1174 φιλομαθὴς
3127 1102 3198 1157 τὰ
3222 1104 3279 1157 ὲν
3305 1104 3381 1174 τῷ
3405 1105 3556 1176 τόπῳ
3583 1106 3673 1159 λε-

2096 1196 2302 1268 γόμενα
2320 1214 2334 1229 ο
2368 1197 2499 1250 ὅπου
2535 1199 2867 1268 κατασκηνοῖ
2895 1196 2995 1267 μὲν
3025 1195 3214 1267 βουλὴν
3242 1198 3274 1266 ἠ
3331 1197 3520 1265 Σοφία,
3549 1199 3674 1251 ἑπι-

2098 1287 2340 1341 καλεῖται
2363 1286 2420 1339 δὲ
2446 1285 2645 1355 γνῶσιν
2667 1286 2761 1340 καὶ
2784 1285 3010 1351 ἔννοιαν,
3036 1287 3219 1357 κτῆμα
3237 1285 3295 1339 δὲ
3317 1286 3459 1357 ἔχειν
3484 1288 3671 1359 φησιν,

2101 1380 2253 1452 ίσχύν
2278 1397 2335 1434 τε
2371 1379 2466 1434 καὶ
2497 1379 2759 1451 φρόνησιν
2783 1396 2797 1410 ’
2830 1377 2970 1450 αὕτη
2993 1378 3049 1432 δὲ
3079 1378 3400 1450 ὀνομάζεται
3437 1379 3670 1445 σύνεσις’

2096 1477 2155 1528 ὲν
2206 1474 2346 1537 ὁδοῖς
2388 1473 2446 1526 δὲ
2499 1473 2820 1544 περιπατεῖν
2856 1471 3232 1542 δικαιοσύνης,
3267 1472 3362 1525 καὶ
3399 1473 3677 1542 ἀναμέσον

2094 1564 2229 1620 ὁδῶν
2259 1563 2626 1634 δικαιώματος
2653 1562 3110 1635 ἀναστρέφεσθαι.
3139 1563 3276 1633 Φησὶ
3300 1562 3355 1616 δὲ
3390 1563 3456 1615 δι’
3475 1564 3678 1634 ἑαυτῆς

2097 1656 2401 1728 βασιλεύειν
2431 1656 2556 1719 τοὺς
2595 1654 2981 1726 βασιλεύοντας
3005 1697 3019 1723 ,
3052 1654 3393 1727 δικαιοσύνην
3439 1657 3677 1729 γράφειν

2093 1750 2219 1812 τοὺς
2262 1745 2720 1812 δυναστεύοντας,
2765 1745 2860 1800 καὶ
2906 1746 3003 1817 τῆς
3059 1746 3265 1800 ἑαυτῶν
3310 1749 3677 1818 κατακρατεῖν

2095 1838 2199 1908 γῆς
2223 1838 2349 1901 τοὺς
2375 1837 2689 1907 τυράννους.
2716 1835 2839 1890 Ὀτι
2866 1834 2975 1907 γάρ
2999 1836 3149 1890 οὐδὲν
3180 1836 3282 1891 τῶν
3316 1837 3624 1908 εἰρημένων
3646 1839 3679 1892 δ
3714 1822 3719 1825 ’

2096 1927 2474 1999 λελογισμένος
2511 1926 2895 1993 ἀνεξετάστως,
2921 1928 2986 1979 ὲκ
3030 1927 3127 1997 τῆς
3174 1927 3389 1997 ἑτοίμου
3435 1926 3680 1993 διανοίας

2096 2017 2475 2093 προσδέχεται,
2497 2018 2660 2072 παντὶ
2679 2017 2836 2089 δῆλόν
2857 2020 3025 2072 ἐστιν.
3044 2018 3108 2071 Εἰ
3135 2017 3243 2089 γὰρ
3258 2019 3316 2071 κοί
3344 2017 3583 2088 βασιλεῖς
3604 2019 3675 2073 δι’

2096 2113 2312 2182 ἐκείνης
2345 2113 2437 2166 ἐπὶ
2462 2110 2559 2183 τὴν
2586 2111 2902 2166 δυναστείαν
2926 2114 3274 2184 προάγονται,
3299 2113 3395 2165 καὶ
3418 2112 3547 2184 παρ’
3576 2111 3681 2164 αὐ-

2094 2208 2195 2275 τῆς
2223 2207 2261 2275 ἡ
2288 2203 2541 2275 τυραννὶς
2567 2204 2667 2274 τὴν
2708 2204 2858 2276 ίσχὺν
2888 2204 2999 2275 ἔχει
3020 2221 3035 2235 ·
3065 2205 3275 2276 ἀνάγκη
3305 2207 3452 2259 πᾶσα
3477 2222 3679 2277 τυραν-

2095 2296 2308 2349 νοποιὸν
2338 2295 2468 2365 ἡμῖν
2499 2293 2598 2365 τὴν
2639 2294 2827 2363 σοφίαν
2854 2294 3212 2366 ἀναφανῆναι,
3247 2297 3343 2348 καὶ
3370 2296 3477 2349 τῶν
3505 2312 3679 2367 πονη-

2100 2385 2208 2456 ρῶς
2230 2386 2287 2438 ὲν
2324 2384 2568 2455 βασιλείᾳ
2588 2384 3061 2439 δυναστευσάντων
3113 2387 3187 2449 είς
3222 2387 3417 2457 ἑαυτὴν
3448 2404 3675 2457 μετατιο

2097 2474 2244 2529 θέναι
2275 2475 2374 2539 τάς
2409 2474 2663 2546 μέμψεις.
2709 2474 2847 2529 Ἀλλ’
2879 2475 3103 2545 οἴδαμεν
3134 2473 3389 2545 βασιλέας
3411 2477 3535 2540 τοὺς
3566 2477 3679 2530 ὁπδ

2095 2569 2191 2638 τῆς
2217 2566 2407 2636 σοφίας
2439 2567 2607 2631 ὅντως
2638 2569 2719 2631 είς
2742 2568 2838 2639 τὴν
2869 2568 3222 2639 ἀτελεύτητον
3268 2570 3554 2639 προϊόντας
3580 2571 3679 2642 ἀρ-

2097 2659 2217 2729 χὴν,
2242 2657 2369 2720 τοὺς
2408 2657 2659 2726 πτωχοὺς
2696 2658 2772 2728 τῷ
2815 2658 3086 2728 πνεύματι
3116 2676 3129 2688 ·
3158 2652 3232 2712 ὧν
3260 2660 3444 2730 κτῆμα
3485 2662 3519 2731 ἡ
3565 2659 3679 2714 τῶν

2096 2746 2339 2818 οὐρανῶν
2372 2746 2488 2797 ἐστι
2526 2744 2801 2814 βασιλεία·
2833 2744 3014 2809 καθὼς
3038 2747 3068 2798 6
3109 2745 3331 2817 Κύριος,
3364 2746 3422 2808 ὃς
3461 2747 3610 2800 ἐστιν
3640 2748 3683 2817 ἡ

2100 2838 2260 2907 σοφία
2288 2835 2380 2890 τοῦ
2425 2836 2780 2906 Εὑαγγελίου,
2826 2836 3339 2905 κατεπαγγέλλεται.
3390 2835 3678 2899 Τοιούτους

2097 2929 2191 2983 καὶ
2230 2930 2359 2993 τοὺς
2399 2929 2666 2993 δυνάστας
2707 2926 3174 2999 ὲπιγινώσκομεν,
3217 2929 3341 2992 τοὺς
3376 2928 3516 2981 κατὰ
3565 2929 3679 2982 τῶν

2098 3018 2286 3072 παθῶν
2314 3018 2735 3082 δυναστεύοντας
2753 3057 2769 3083 ,
2802 3020 2927 3081 τοὺς
2964 3018 3036 3089 μὴ
3079 3017 3460 3087 δουλουμένους
3490 3021 3555 3089 τῇ
3585 3018 3677 3071 δυ-

2098 3111 2320 3181 ναστεία
2355 3111 2453 3181 τῆς
2502 3109 2805 3181 ἁμαρτίαςο
2851 3110 2900 3162 οἳ
2956 3109 3203 3177 καθάπερ
3243 3109 3409 3178 δέλτῳ
3450 3109 3560 3162 τινὶ
3596 3109 3676 3178 τῷ

2098 3200 2211 3269 ἰδίῳ
2241 3198 2340 3269 βίῳ
2369 3198 2466 3268 τὴν
2494 3197 2841 3270 δικαιοσύνην
2870 3198 3256 3268 ἐγγράφουσιν.
3294 3197 3480 3261 Οὕτως
3511 3198 3606 3251 καὶ
3639 3201 3674 3270 ἡ

2094 3291 2354 3362 ἐπαινετὴ
2378 3290 2649 3361 τυραννὶς,
2680 3290 3064 3361 τῇσυμμαχίᾳ
3095 3290 3195 3359 τῆς
3230 3290 3417 3359 σοφίας
3440 3289 3539 3360 τὴν
3566 3290 3675 3343 τῶν

2095 3380 2281 3435 παθῶν
2312 3380 2684 3451 δημοκρατίαν
2715 3381 2794 3442 είς
2818 3380 2915 3449 τὴν
2942 3377 3034 3431 τοῦ
3065 3378 3156 3431 νοῦ
3185 3378 3478 3449 μοναρχίαν
3511 3395 3675 3448 μετα-

2097 3473 2438 3538 σκευάσασα,
2491 3472 2823 3541 δουλαγωγεί
2881 3471 2947 3524 τὰ
3003 3471 3187 3533 κακῶς
3238 3472 3317 3534 είς
3361 3470 3675 3542 ἐλευθερίαν

2096 3567 2459 3636 ἀφηνιάζοντα
2479 3584 2492 3596 ·
2524 3565 2701 3619 πάντα
2729 3566 2797 3618 τὰ
2833 3566 3116 3634 σωματικά
3142 3581 3200 3617 τε
3228 3565 3321 3617 καὶ
3348 3565 3509 3635 γήϊνα
3531 3564 3674 3632 λέγω

2096 3657 2438 3727 φρονήματα.
2485 3656 2545 3710 'H
2592 3656 2700 3727 γὰρ
2732 3655 2865 3726 σάρξ
2904 3655 3162 3726 ἐπιθυμεῖ
3211 3654 3350 3708 κατά
3386 3655 3479 3708 τοῦ
3511 3653 3674 3706 πνεύ-

2099 3765 2284 3818 ματος,
2319 3748 2413 3801 καὶ
2442 3751 2505 3820 τῇ
2542 3750 2683 3819 ἀρχῇ
2712 3749 2810 3819 τῆς
2839 3748 3018 3817 ψυχῆς
3043 3747 3416 3800 ἐπανίσταται.
3457 3745 3675 3815 Ταύτης

2094 3836 2187 3893 οὖν
2230 3843 2421 3911 κρατεί
2453 3841 2551 3909 τῆς
2583 3840 2684 3910 γῆς
2722 3841 2749 3891 6
2787 3839 3024 3902 τοιοῦτος
3075 3837 3352 3907 τύραννος,
3383 3833 3450 3908 ἧς
3492 3838 3675 3907 ἄρχων

2099 3929 2300 3999 ἐτάχθη
2328 3930 2469 3984 κατά
2493 3930 2590 4001 τὴν
2621 3930 2843 4001 πρώτην
2867 3931 3041 3983 κτίσιν
3066 3929 3170 3981 ὑπὸ
3195 3928 3286 3981 τοῦ
3312 3928 3501 3996 Λόγου.

413 4022 649 4091 cogitata
678 4030 732 4074 et
762 4019 943 4073 studia
979 4018 1244 4087 intelligo.
1278 4016 1424 4071 Caro
1465 4019 1608 4072 enim
1642 4020 1987 4088 concupiscit
2018 4021 2282 4077 adversus
2312 4024 2567 4092 spiritum
2607 4024 2627 4055 ‘
2662 4032 2715 4078 et
2742 4031 2932 4079 contra
2968 4022 3134 4076 animi
3167 4021 3451 4090 imperium
3482 4036 3675 4076 exsur-

412 4114 490 4183 git
515 4129 529 4166 :
566 4111 695 4165 huic
724 4111 889 4182 igitur
923 4118 1082 4165 terra:
1109 4107 1426 4163 dominatur
1456 4107 1560 4163 iste
1587 4116 1873 4179 tyrannus,
1908 4108 2067 4178 cujus
2092 4111 2347 4181 princeps
2374 4113 2671 4168 secundum
2700 4115 2928 4183 primam
2957 4106 3284 4170 creationem
3321 4128 3352 4167 a
3384 4111 3563 4167 Verbo
3591 4121 3675 4168 est

415 4206 729 4261 ordinatus.

486 4300 641 4356 Sicut
690 4298 853 4369 igitur
888 4297 1002 4353 haze
1056 4300 1127 4355 ab
1181 4300 1439 4355 omnibus
1502 4307 1649 4355 recte
1706 4300 1999 4356 sentienti-

416 4391 518 4445 bus
569 4389 961 4452 conceduntur,
1028 4403 1151 4443 cum
1211 4389 1307 4442 tali
1363 4389 1717 4459 intelligentia
1767 4390 1992 4461 legenda

2110 4290 2111 4295 η
2185 4302 2272 4361 Ὠς
2309 4305 2486 4358 τοίνυν
2532 4305 2700 4359 ταῦτα
2755 4307 2905 4378 παρὰ
2944 4306 3158 4360 πάντων
3197 4275 3537 4375 ὁμολογεῖται
3565 4303 3675 4356 τῶν

2099 4394 2500 4465 εύφρονούντων
2519 4436 2533 4459 ,
2572 4396 2708 4468 μετά
2740 4396 2992 4467 τοιαύτης
3034 4396 3269 4460 διανοίας
3299 4395 3675 4464 ἀναγινώσκεο

414 4496 537 4536 esse
591 4480 773 4551 potius
818 4493 999 4549 quam
1054 4493 1179 4532 eum
1227 4493 1292 4534 ea
1341 4495 1463 4549 qua":
1517 4482 1886 4537 corticetenus
1936 4483 1989 4536 in

2100 4487 2223 4540 σθαι
2257 4487 2457 4558 μᾶλλον
2488 4488 2521 4558 ἢ
2564 4488 2701 4559 μετά
2731 4488 2833 4557 τῆς
2874 4490 2987 4551 τοῖς
3027 4489 3211 4558 ῥητοῖς
3248 4484 3672 4555 ὲπιφαινομένης

415 4571 598 4627 verbis
676 4582 902 4642 apparet
970 4569 1141 4639 prima
1212 4569 1390 4625 fronte
1461 4571 1667 4625 oblata.
1753 4570 1843 4625 Sic
1923 4587 1990 4626 ex

416 4665 811 4733 consequentia
848 4669 1276 4716 consentaneum
1328 4670 1450 4725 est,
1502 4663 1863 4717 cohaerentem
1906 4662 1992 4719 his

414 4769 607 4811 vocem
675 4754 822 4807 illam
888 4752 1284 4823 conscriptam,
1353 4767 1464 4806 non
1538 4752 1864 4822 simpliciter
1935 4761 1991 4808 et

415 4845 753 4915 inexplorato
821 4843 891 4899 ab
960 4843 1046 4897 his
1106 4842 1200 4911 qui
1274 4828 1421 4898 r'ecte
1485 4843 1703 4911 sapiunt
1752 4841 1991 4899 admitti:

420 4935 478 4992 Si
510 4934 909 4989 annuntiavero
966 4934 1144 4997 vobis,
1201 4933 1403 5003 inquit,
1451 4948 1515 4989 ea
1570 4948 1693 5003 quae
1746 4932 1993 5002 quotidie

417 5030 576 5095 llunt,
610 5034 668 5083 et
710 5026 758 5081 si
787 5025 841 5080 in
873 5025 1197 5081 memoriam
1244 5039 1574 5079 revocavero
1603 5038 1895 5079 numerare
1927 5037 1992 5077 ea

417 5136 539 5191 (uite
582 5135 613 5174 a
648 5119 853 5175 saeculo
905 5117 1051 5171 facta
1102 5123 1264 5178 sunt,
1316 5115 1569 5170 Dominus
1624 5116 1816 5170 creavit
1848 5117 1991 5169 me".

419 5211 564 5279 Quid
594 5209 727 5263 mihi
771 5208 840 5263 ad
872 5208 1015 5263 hanc
1053 5206 1439 5262 vocem?dicet
1477 5222 1671 5262 servus
1712 5205 1992 5273 dictionis,

418 5300 514 5370 qui
562 5300 895 5370 syllabarum
935 5313 1073 5354 sono
1118 5297 1357 5351 adhaeret
1400 5295 1630 5351 Judaico
1680 5313 1853 5351 more.
1909 5298 1991 5349 An

419 5406 528 5445 non
570 5390 686 5445 haec
721 5391 1015 5446 verborum
1056 5381 1396 5446 constructio
1423 5388 1640 5443 videtur
1665 5403 1855 5444 eorum
1897 5403 1993 5441 au-

420 5482 598 5544 ditui,
629 5482 721 5553 qui
761 5484 1083 5539 attentiores
1118 5492 1268 5548 sunt,
1322 5482 1510 5538 nescio
1550 5482 1683 5552 quid
1724 5481 1991 5553 peregrini

418 5583 474 5629 et
517 5573 644 5627 novi
702 5573 1061 5644 ingenerare?
1115 5575 1173 5630 Si
1226 5575 1622 5629 annuntiavero
1675 5573 1829 5627 vobis
1870 5586 1991 5640 qua:

2094 4576 2233 4630 κατά
2258 4576 2316 4627 τὺ
2344 4577 2631 4647 πρόχειρον
2650 4592 2666 4608 ο
2694 4576 2869 4640 οὓτως
2894 4576 3036 4639 εἰκός
3059 4578 3206 4628 ἐστιν
3238 4576 3303 4628 ὲκ
3330 4573 3422 4627 τοῦ
3447 4572 3673 4627 ἀκολούο

2094 4667 2187 4721 θου
2210 4666 2491 4740 προσεχῶς
2515 4666 2723 4731 τούτοις
2747 4667 2845 4735 τὴν
2870 4665 3053 4737 φωνὴν
3080 4665 3294 4735 ἐκείνην
3322 4678 3675 4734 συγγεγραμ-

2098 4758 2285 4830 μένην,
2323 4758 2396 4829 μὴ
2428 4757 2613 4822 ἁπλῶς
2643 4775 2705 4811 τε
2735 4758 2827 4812 καὶ
2858 4757 3227 4823 ἀνεξετάστως
3258 4757 3411 4828 παρά
3443 4756 3554 4809 τῶν
3585 4756 3676 4809 £6-

2094 4848 2431 4920 φρονούντων
2454 4848 2876 4920 παρώεχθῆναν
2906 4845 3029 4901 Ἐάν
3040 4844 3341 4916 ἀναγγείλω
3357 4846 3386 4899 ύ
3395 4849 3505 4918 μῖν,
3517 4844 3674 4916 φησὶ,

2097 4937 2167 4992 τά
2192 4939 2313 4993 καθ’
2342 4941 2554 5012 ἡμέραν
2585 4939 2867 5010 γινόμενα,
2900 4937 3254 5009 μνημονεύσω
3285 4935 3353 4990 τά
3377 4934 3439 5001 ἐξ
3478 4936 3679 4998 αίῶνος

2100 5029 2601 5100 ἀπαριθμήσασθαι,
2656 5029 2871 5095 Κύριος
2926 5024 3128 5079 ἐκτισέ
3155 5042 3250 5095 με.
3295 5026 3360 5077 Τί
3412 5041 3504 5095 μοι
3536 5022 3678 5095 πρὸς

2100 5119 2561 5191 ταύτην,ὲρεῖ,τὴν
2584 5118 2816 5189 φωνὴν,ό
2841 5117 2941 5186 τῆς
2960 5116 3155 5183 λέξεως
3172 5115 3376 5183 δοῦλος,
3396 5116 3425 5168 6
3451 5114 3530 5185 τῷ
3556 5115 3680 5187 ἤχῳ

2101 5210 2208 5264 τῶν
2250 5208 2526 5271 συλλαϐῶν
2581 5208 2883 5271 Ἰουδαϊκῶς
2918 5207 3397 5279 προσκαθήμενος;
3438 5201 3571 5276 *Δρ*
3612 5207 3675 5259 ού

2098 5301 2246 5354 δοκεῖ
2280 5301 2527 5371 ξενισμὸν
2577 5302 2822 5371 ἐμποιεῖν
2871 5303 2937 5369 τῇ
2985 5300 3120 5369 ἀκοῇ
3157 5297 3263 5352 τῶν
3310 5299 3678 5350 ὲπιστατικω-

2098 5390 2271 5459 τέρων
2324 5390 2357 5458 ή
2411 5388 2695 5454 σύνταξις;
2744 5389 2869 5442 Ἐάν
2915 5386 3217 5451 ἀναγγείλω
3258 5387 3383 5456 ὑμῖν
3432 5385 3502 5437 τὰ
3548 5384 3677 5438 καθ’

2096 5476 2309 5547 ἡμέραν
2338 5476 2617 5545 γινόμενα,
2644 5478 2855 5547 Κύριος
2885 5477 3086 5531 ἕκτισέ
3113 5494 3208 5547 με.
3227 5477 3312 5540 Ὠς
3340 5476 3433 5530 ἐὰν
3469 5475 3541 5546 μὴ
3581 5478 3681 5529 ἀν-

2099 5568 2327 5639 αγγείλῃ
2352 5567 2421 5621 τὰ
2444 5569 2565 5622 καθ’
2587 5569 2795 5641 ἡμέραν
2823 5569 3097 5639 γινόμενα,
3135 5568 3273 5624 κατά
3296 5567 3354 5622 τὸ
3384 5564 3679 5622 ἀκόλουθον

496 5768 837 5845 ‘Prov.vm,
866 5774 951 5833 12.
1027 5776 1048 5807 '
1091 5773 1278 5830 Matth.
1304 5789 1353 5843 ν,
1393 5774 1447 5828 5.
1526 5772 1750 5846 ἧϐαιιιι.
1782 5788 1831 5841 v,
1871 5771 1951 5825 l7.

2097 5772 2233 5828 ’rov.
2269 5786 2386 5842 vm,
2420 5771 2511 5824 22.
3044 5756 3073 5793 ⁵
