3992 6210
266 270 359 327 577
1340 264 1616 320 CONTRA
1651 262 2043 334 EUNOMIUM,
2077 252 2207 320 LIB.
2240 264 2325 320 Ill.

3373 267 3489 324 538

264 384 348 439 καὶ
374 383 433 437 τὸ
457 380 696 436 ἐκτίσθαι
719 380 932 446 πάντως
957 381 1265 451 ἀρνήσεται.
1302 381 1358 432 Ὀ
1387 381 1496 452 γὰρ
1522 381 1706 446 εἰπὼν,
1740 383 1821 435 ὅτι

1926 380 2173 451 quotidie
2206 379 2361 441 ﬁunt,
2410 376 2663 429 Dominus
2713 376 2902 430 creavit
2929 393 3039 432 me.
3075 376 3243 443 Quasi
3285 377 3392 433 nisi
3433 392 3498 434 ea

263 473 383 527 Ἕάν
400 470 698 539 ἀναγγείλω
710 472 986 543 ὲκτὶσθην,
999 470 1195 523 δέδωκε
1216 473 1352 523 νοεῖν
1375 472 1512 524 κατὰ
1528 472 1587 525 τὸ
1607 474 1823 524 σιωπώ-

267 581 447 635 μενον,
476 562 557 614 ὅτι
580 561 699 617 υὺκ
733 561 987 633 ὲκτίσθην
1017 560 1109 614 ἐὰν
1149 563 1222 631 μὴ
1252 561 1574 631 ἀναγγείλω.
1611 564 1827 631 Κύριος

262 652 450 708 ἓκτισέ
475 670 573 722 με,
612 652 797 722 φησὶν.
820 650 1017 721 ἀρχὴν
1041 653 1196 706 ὁδῶν
1219 654 1424 729 αὐτοῦ,
1444 656 1532 719 εις
1553 652 1695 722 ἔργα
1719 655 1828 708 αὑ-

265 744 378 806 τοῦ,
408 744 515 812 πρὸ
542 743 637 796 τοῦ
664 745 858 808 αἰῶνος
886 744 1210 815 ὲθεμελῖωσέ
1239 763 1304 816 με
1333 747 1390 798 ὲν
1416 747 1580 817 ἀρχῇ,
1611 745 1715 816 πρὸ
1736 745 1826 799 τοῦ

259 834 342 906 τὴν
364 835 469 904 γῆν
498 836 740 906 ποιῆσαι,
770 836 876 907 πρὸ
905 836 997 889 τοῦ
1024 838 1121 901 τάς
1147 837 1416 900 ἀϐύσσους
1447 838 1693 908 ποιῆσαι,
1722 837 1828 909 πρὸ

258 926 340 980 τοῦ
385 927 668 998 προελθεῖν
700 926 797 990 τὰς
833 928 1016 999 πηγὰς
1044 930 1152 982 τῶν
1187 929 1392 983 ὑδάτων
1412 969 1425 993 ,
1464 929 1569 999 πρὸ
1600 928 1693 983 τοῦ
1726 929 1826 999 ὅρη

261 1019 609 1090 ἑδρασθῆναι’
644 1019 749 1090 πρὸ
780 1020 837 1075 δὲ
866 1020 1083 1074 πάντων
1116 1020 1317 1091 βουνῶν
1345 1022 1509 1092 γεννᾷ
1544 1038 1632 1093 με.
1664 1021 1761 1084 Τίς
1792 1023 1825 1091 η

263 1111 414 1181 καινὴ
451 1110 552 1181 τῆς
588 1111 932 1180 κατασκευῆς
974 1112 1067 1164 τοῦ
1103 1110 1397 1183 κτίσματος
1428 1111 1616 1165 τούτου
1647 1112 1826 1176 τάξις;

262 1204 480 1275 Πρῶτον
516 1203 792 1267 κτίζεται,
834 1203 927 1255 καὶ
971 1202 1112 1273 μετὰ
1149 1202 1307 1257 τοῦτο
1334 1202 1706 1273 θεμελιοῦται,
1735 1202 1829 1256 καὶ

260 1295 371 1348 τότε
399 1295 670 1362 γεννᾶται.
705 1293 899 1364 Κύριος
941 1295 1185 1365 εποίησε,
1214 1294 1349 1365 φησὶ
1368 1334 1382 1359 ,
1412 1294 1594 1367 χώρας
1641 1295 1829 1365 ἀοική-

257 1401 393 1448 τους,
442 1385 536 1436 καὶ
577 1383 720 1455 ἄκρα
758 1384 1048 1454 οἰκούμενα
1082 1385 1181 1455 τῆς
1220 1385 1310 1437 ὑπ’
1362 1384 1608 1454 οὑρανόν.
1668 1387 1829 1438 Ποῖον

254 1476 454 1547 Κύριον
481 1475 633 1544 λέγει
661 1475 843 1546 χώρας
886 1477 1140 1546 ἀοικήτου
1184 1475 1415 1547 ποιητὴν
1455 1477 1549 1529 καὶ
1579 1476 1829 1546 οἰκουμέ-

256 1585 373 1638 νης;
412 1569 637 1631 Πάντως
661 1568 752 1621 τὸν
783 1568 877 1621 καὶ
904 1568 1001 1639 τὴν
1027 1568 1216 1637 σοφίαν
1238 1570 1559 1639 ποιήσαντα.
1599 1569 1696 1623 Ἐκ
1719 1567 1826 1637 γὰρ

252 1656 335 1710 τοῦ
359 1655 533 1709 αὑτοῦ
561 1656 848 1726 προσώπου
880 1659 971 1710 καὶ
997 1650 1150 1722 οὗτος
1189 1659 1438 1722 κάκεῖνος
1459 1660 1487 1711 6
1514 1658 1690 1726 λόγος,
1715 1659 1743 1711 ὅ
1764 1675 1824 1710 τε

252 1748 321 1811 τὺ,
360 1748 611 1800 Ἕκτισέ
636 1765 713 1817 με
737 1748 1153 1818 Κύριος,λέγων
1175 1789 1188 1813 ,
1222 1750 1316 1803 καὶ
1340 1752 1368 1801 6
1398 1751 1705 1821 προστιθεὶς
1747 1751 1824 1814 τὸ,
1858 1732 1903 1787 Β

259 1840 547 1906 Ἐποίησε
568 1841 781 1907 Κύριος
802 1840 992 1907 χώρας
1013 1840 1107 1893 καί
1129 1842 1461 1908 ἀοικήτους.
1484 1843 1690 1896 Οὐκοῦν
1708 1844 1827 1896 επί-

252 1947 340 2001 σης
360 1930 478 1984 τῶν
503 1930 595 1983 δύο
620 1930 946 2001 δημιουργὸς
972 1930 1120 1984 ἔσται
1147 1934 1173 1984 6
1202 1932 1424 2003 Κύριος,
1445 1935 1616 2005 αὑτῆς
1641 1952 1699 1987 τε
1728 1938 1827 2006 τῆς

249 2020 465 2090 σοφίας,
481 2022 685 2093 καὶτῆς
708 2023 855 2075 οίκου
865 2022 1029 2093 μένης
1044 2041 1101 2075 τε
1115 2024 1207 2076 καὶ
1224 2024 1474 2094 ἀοικήτου
1491 2026 1692 2097 χώρας.
1714 2026 1824 2079 Ποῦ

247 2112 429 2164 τοίνυν
475 2112 547 2165 τὰ
571 2112 766 2165 πάντα
791 2113 888 2166 διὰ
916 2113 1022 2167 τοῦ
1061 2116 1195 2169 Υίοῦ
1221 2116 1476 2183 ἐγένετσ,
1514 2119 1609 2171 καὶ
1647 2118 1826 2187 χωρίς

246 2205 437 2258 αὑτοῦ
476 2203 617 2259 οὐδὲ
637 2204 735 2268 ἔν;
761 2205 822 2257 Εἰ
857 2204 965 2275 γὰρ
999 2206 1027 2257 6
1055 2205 1215 2268 αὑτὸς
1244 2206 1443 2277 Κύριος
1488 2209 1579 2261 καὶ
1610 2210 1707 2279 τὴν
1736 2226 1825 2262 σο-

247 2298 366 2363 φίαν
414 2295 607 2360 κτίζει,
648 2297 713 2366 ἢν
749 2295 870 2348 ἀντὶ
905 2294 997 2348 τοῦ
1041 2296 1168 2348 rio-3
1206 2300 1341 2350 νοεῖν
1379 2297 1822 2369 συμϐουλεύουσι,

244 2382 331 2434 καὶ
362 2380 444 2433 τὰ
470 2382 591 2434 καθ’
618 2383 844 2435 ἕκαστον
869 2383 967 2435 ὅσα
994 2383 1027 2453 ἡ
1060 2384 1235 2448 κτίσις
1263 2385 1397 2455 ἔχει,
1427 2387 1545 2450 πῶς
1576 2388 1824 2459 ἀληθεύει

247 2476 274 2525 6
312 2473 524 2544 6,91116;
583 2473 854 2541 Ἰωάννης,
909 2475 1086 2528 πάντα
1138 2476 1309 2543 λέγων
1352 2478 1417 2531 δι’
1461 2478 1624 2532 αὑτοῦ
1672 2497 1827 2548 γεγε-

249 2566 474 2635 νῆσθαις
521 2566 960 2634 ’Δντιφθέγγεται
986 2566 1092 2637 γὰρ
1123 2570 1155 2638 ἠ
1185 2569 1376 2640 Γραφὴ
1401 2570 1535 2642 αὕτη
1566 2572 1700 2642 πρὸς
1726 2574 1824 2645 τὴν

246 2658 331 2709 τοῦ
375 2656 717 2725 Εὑαγγελίου
744 2658 946 2729 φωνὴν,
974 2658 1051 2729 τῷ
1084 2659 1179 2730 τὴν
1215 2663 1404 2730 σοφίαν
1434 2664 1697 2729 κτίσαντι,
1728 2669 1827 2737 τῆς

245 2750 505 2820 ἀοικήτου
546 2766 604 2801 τε
638 2749 733 2801 καὶ
777 2750 1098 2821 οἰκουμένης
1144 2752 1326 2824 χώρας
1370 2755 1683 2811 ἀνατιθεῖσα
1726 2759 1825 2829 τὴν

245 2838 465 2907 ποίησιν
487 2853 502 2867 ο
543 2836 685 2889 οὕτω
717 2838 772 2891 δὲ
803 2839 894 2890 καὶ
932 2837 1004 2891 τὰ
1038 2839 1233 2910 ἐφεξῆς
1270 2841 1445 2896 πάντα
1479 2842 1661 2913 θρόνον
1691 2843 1822 2897 Θεοῦ

241 2945 358 2980 τινα
388 2926 759 2998 διεξέρχεται,
794 2930 878 2981 ἐπ’
917 2930 1133 3000 ἀνέμων
1174 2931 1563 3003 ἀφοριζόμενον
1585 2976 1599 2999 ,
1630 2934 1825 3007 ίσχυρά

242 3017 494 3088 γίνεσθαι
519 3018 590 3070 τὰ
618 3019 728 3072 ἀνω
751 3018 886 3090 νέφη
916 3020 1083 3089 λέγει,
1110 3021 1204 3074 καὶ
1231 3024 1488 3092 ἀσφαλεῖς
1520 3024 1616 3088 τάς
1656 3026 1824 3079 ὑπου-

245 3110 465 3190 panico;
516 3110 719 3179 πηγὰς,
755 3111 846 3163 καὶ
883 3111 1051 3166 πολλά
1079 3113 1298 3167 τοιαῦτα
1335 3115 1575 3186 περιέχει
1610 3118 1643 3188 ή
1684 3117 1822 3188 σύμ-

243 3217 477 3270 ςρρασις,
530 3200 727 3272 πολλὴν
766 3200 1124 3273 ἐπιζητοῦντα
1162 3205 1261 3275 τὴν
1305 3205 1391 3259 διὰ
1426 3206 1627 3278 λεπτῆς
1682 3225 1824 3272 τινος

242 3293 676 3365 καίδιορατικῆς
707 3295 900 3363 φρενὸς
923 3296 1316 3368 εὑρισκομένην
1345 3300 1403 3352 ὲν
1427 3302 1540 3363 τοῖς
1569 3317 1823 3373 προειρη-

244 3384 430 3453 μένοις
454 3383 712 3439 διάνοιαν.
747 3387 842 3450 Τίς
867 3388 896 3439 6
926 3389 1011 3441 ἐπ’
1038 3388 1254 3459 ἀνέμων
1286 3390 1674 3461 ἀφοριζόμενος
1696 3391 1825 3464 096-

245 3491 363 3538 νοςὶ
412 3475 517 3537 Τίς
555 3476 589 3544 ἡ
625 3475 891 3544 ἀσφάλεια
924 3476 1031 3531 τῶν
1068 3478 1173 3532 ὑπὸ
1202 3479 1290 3532 τὸν
1323 3480 1547 3551 οὐρανὸν
1590 3481 1820 3551 πηγῶν;

246 3561 367 3627 Πῶς
405 3564 608 3634 ἰσχυρά
634 3563 841 3632 γίνεται
869 3565 940 3619 τὰ
973 3567 1084 3621 ἀνω
1116 3567 1285 3639 νέφη;
1326 3569 1389 3622 Et
1429 3569 1537 3641 γάρ
1569 3587 1652 3633 τις
1685 3570 1823 3641 πρὸς

245 3654 310 3706 τὰ
336 3655 640 3725 φαινόμενα
670 3655 840 3727 κρίνοι
865 3656 956 3710 τὸν
977 3657 1154 3727 λόγον,
1185 3658 1385 3730 πολλὴν
1403 3662 1622 3732 εὑρήσει
1645 3662 1823 3732 μάχην

247 3746 352 3799 τῶν
378 3746 724 3817 πραγμάτων
760 3748 895 3819 πρὸς
915 3750 984 3802 τά
1005 3750 1290 3821 λεγόμενα.
1314 3751 1410 3815 Τίς
1432 3753 1537 3824 γὰρ
1557 3755 1657 3807 οὑκ
1682 3749 1823 3808 οἶδεν

245 3840 327 3892 ὅτι
358 3838 428 3893 τὰ
465 3838 610 3910 ἄκρα
639 3839 737 3910 τῆς
766 3839 857 3892 ὑπ’
893 3839 1139 3911 οὐρανὸν,
1174 3841 1208 3911 ἦ
1252 3840 1329 3912 τῷ
1354 3842 1472 3895 λίαν
1510 3842 1823 3914 καθομιλεῖν

245 3932 308 4000 τῇ
325 3929 422 3982 τοῦ
442 3928 598 4000 ἡλίου
623 3928 937 4001 θερμότητι,
959 3931 992 4001 ἢ
1016 3930 1093 4003 τῷ
1117 3933 1237 3986 καθ’
1263 3933 1566 4006 ὑπερϐολὴν
1594 3935 1825 4004 ἀφεστά-

240 4037 351 4082 ναι,
381 4019 479 4072 διὶι
510 4019 605 4090 τὴν
636 4020 759 4073 καθ’
782 4020 1043 4093 ¹ὲκείιτερον
1076 4025 1344 4096 ἀμετρίαν
1373 4026 1519 4079 ἐστὶν
1552 4026 1821 4099 ἀοίκητα;

242 4109 309 4162 τὰ
346 4109 452 4180 μὲν
486 4108 627 4180 ξηρά
665 4127 724 4163 τε
762 4112 854 4164 καὶ
884 4111 1078 4183 διακαῆ
1108 4114 1253 4185 πέρα
1283 4114 1377 4169 τοῦ
1421 4117 1640 4190 μετρίου
1681 4118 1823 4186 γινό-

244 4214 385 4270 μενα
405 4214 421 4228 ο
443 4198 513 4252 τὰ
542 4198 597 4251 δὲ
628 4198 706 4269 τῷ
730 4199 880 4271 ὑγρῷ
914 4200 1291 4271 πλεονάζοντα,
1320 4206 1414 4259 καὶ
1442 4207 1825 4280 κατεψυγμένα

241 4288 331 4343 διὰ
357 4290 469 4360 τῆς
496 4289 729 4360 πήξεως·
763 4294 989 4347 οἰκεῖται
1016 4293 1072 4348 δὲ
1103 4297 1237 4365 μόνα
1264 4297 1365 4352 ὅσα
1408 4301 1505 4369 τῆς
1534 4299 1652 4353 καθ’
1691 4300 1822 4355 ὲκά-

1928 485 2049 539 (ιυαι
2079 468 2216 521 ﬁunt
2252 466 2683 530 annuntiavcrit,
2718 468 2770 519 vi
2812 467 3223 524 consecutionis
3250 483 3311 524 se
3343 484 3499 524 crea-

1928 570 2041 613 tum
2074 574 2303 629 prorsus
2335 558 2575 627 negabit.
2610 557 2713 623 Qui
2745 558 2891 613 enim
2926 558 3085 622 dixit,
3108 560 3166 618 Si
3203 561 3501 614 annuntia-

1928 665 2057 705 vero
2097 658 2316 705 creatus
2359 665 2504 713 sum,
2540 650 2725 703 animo
2761 650 3173 720 intelligendum
3198 651 3363 707 tacite
3401 653 3501 707 dc-

1929 741 2028 805 dit,
2061 741 2204 810 quod
2231 742 2348 796 Non
2371 747 2591 796 creatus
2627 756 2770 805 sum,
2801 741 2910 795 nisi
2936 743 3358 797 annuntiavero.
3396 742 3500 797 Do-

1922 830 2104 886 minus
2128 842 2320 885 creavit
2354 848 2451 895 me,
2480 831 2678 901 inquit,
2708 832 3025 901 principium
3050 833 3254 887 riarum
3281 851 3498 888 suarum

1928 924 1998 978 ad
2050 940 2207 994 opera
2278 926 2431 993 ejus;
2489 934 2613 977 ante
2677 927 2937 979 smculum
2994 923 3244 978 fundavit
3301 940 3387 980 me
3443 926 3500 981 in

1928 1017 2225 1086 principio,
2262 1024 2551 1085 antequam
2576 1022 2804 1079 terram,
2832 1023 3125 1085 antequam
3157 1016 3389 1089 abyssos
3422 1018 3502 1074 fe-

1929 1109 2132 1171 cisset,
2190 1108 2512 1177 priusquam
2578 1106 2760 1161 fontes
2817 1120 3085 1175 aquarum
3150 1108 3499 1179 erupissent,

1927 1202 2253 1269 priusquam
2294 1206 2510 1254 montes
2541 1207 2727 1254 essent
2756 1198 2977 1263 ﬁrmati,
3014 1206 3141 1255 ante
3170 1214 3364 1257 omnes
3386 1203 3502 1257 col-

1928 1290 2008 1345 les
2054 1290 2243 1360 genuit
2299 1305 2404 1345 me.
2440 1290 2580 1355 Quis
2638 1305 2814 1344 novus
2852 1292 3282 1347 constructionis
3335 1293 3500 1363 hujus

1927 1390 2192 1438 creaturtc
2213 1382 2383 1437 ordo?
2409 1383 2643 1451 primum
2669 1391 2889 1436 creatur
2916 1390 2970 1436 et
2996 1391 3181 1452 postea
3212 1384 3494 1451 fundatur,

1929 1484 2043 1527 tum
2076 1488 2211 1529 vero
2256 1473 2420 1529 etiam
2455 1483 2763 1543 generatur.
2786 1472 3084 1537 Dominus,
3132 1475 3333 1544 inquit,
3371 1474 3502 1529 fecit

1926 1566 2181 1635 regiones
2212 1582 2322 1622 non
2359 1566 2652 1628 habitatas,
2684 1573 2739 1620 et
2778 1566 3159 1621 extremitates
3194 1575 3352 1622 terra:
3381 1582 3503 1637 quae

1928 1660 2248 1714 incoluntur
2296 1659 2398 1715 sub
2436 1658 2601 1713 cmlo.
2638 1656 2865 1724 Qualem
2895 1656 3190 1712 Dominum
3242 1658 3376 1714 dicit
3414 1676 3503 1715 re-

1931 1754 2111 1823 gionis
2145 1752 2368 1807 inculta:
2399 1759 2453 1806 ct
2493 1750 2751 1805 habitata:
2780 1749 3084 1803 factorem?
3109 1748 3347 1804 Omnino
3376 1766 3501 1805 cum

1931 1843 2023 1912 qui
2061 1840 2384 1909 sapientiam
2426 1837 2552 1892 fecit
2585 1856 2599 1891 :
2630 1852 2693 1891 ex
2745 1836 2934 1891 eadem
2974 1837 3121 1889 enim
3171 1849 3405 1904 persona
3447 1843 3502 1889 et

1933 1932 2020 1986 hic
2053 1939 2107 1985 ct
2136 1930 2226 1984 ille
2265 1941 2467 1990 sermo,
2499 1935 2554 1982 et
2584 1925 2677 1995 qui
2708 1924 2867 1982 dicit,
2892 1912 3101 1975 Creavii
3125 1936 3204 1974 me
3219 1922 3499 1989 Dominus,

1930 2030 1984 2074 et
2007 2020 2101 2090 qui
2135 2018 2345 2087 adjicit,
2369 2016 2515 2072 Fecit
2561 2015 2818 2069 Dominus
2867 2014 3103 2083 regiones
3152 2014 3312 2067 etiam
3343 2013 3499 2067 inha-

1930 2109 2147 2161 bitatas.
2182 2106 2350 2177 Igitur
2378 2104 2660 2175 aequaliter
2705 2104 2938 2157 duorum
2967 2101 3217 2157 conditor
3246 2103 3353 2156 erit
3394 2102 3502 2158 Do-

1928 2202 2136 2260 minus,
2172 2198 2457 2267 ipsiusque
2489 2195 2791 2265 sapientim,
2836 2206 2889 2249 et
2928 2203 3086 2249 terrae
3114 2210 3237 2264 qum
3281 2194 3502 2248 habita-

1931 2301 2019 2344 tur
2051 2301 2102 2346 ct
2136 2305 2257 2359 quae
2299 2305 2408 2343 non
2444 2289 2747 2342 habitatur.
2780 2287 3064 2353 Quomodo
3113 2287 3280 2357 igitur
3321 2287 3499 2340 oninia

1924 2397 2016 2451 per
2068 2380 2272 2434 Filium
2330 2380 2475 2448 facta
2532 2389 2688 2442 sunt,
2737 2388 2786 2431 et
2844 2380 2957 2432 sine
3026 2380 3141 2447 ipso
3194 2379 3405 2433 nihil'?
3438 2378 3499 2434 Si

1927 2474 2072 2528 enim
2101 2471 2242 2527 idem
2275 2471 2539 2526 Dominus
2570 2478 2626 2524 et
2664 2471 2987 2541 sapientiam
3018 2479 3167 2526 creat
3195 2475 3378 2542 (quam
3400 2485 3501 2541 pro

1927 2563 2065 2618 Filio
2106 2564 2410 2634 intelligere
2438 2563 2781 2632 consulunt),
2814 2573 2868 2617 et
2909 2564 3120 2633 singula
3154 2580 3276 2634 quas
3316 2572 3498 2619 creata

1927 2667 2089 2712 sunt:
2120 2654 2397 2725 quomodo
2426 2654 2677 2709 sublimis
2710 2652 2950 2709 Joannes
2977 2669 3163 2709 verum
3198 2654 3351 2718 dicit.
3377 2670 3498 2709 om-

1927 2749 2019 2802 nia
2057 2762 2152 2817 per
2201 2748 2379 2817 ipsum
2433 2746 2575 2800 facta
2617 2746 2774 2802 esse?
2814 2746 3147 2801 contradicit
3190 2747 3335 2803 enim
3383 2748 3500 2803 haec

1924 2839 2210 2909 Scriptura
2241 2840 2361 2892 voci
2394 2838 2691 2908 Evangelii.
2725 2837 2774 2892 ei
2806 2838 2898 2907 qui
2936 2839 3262 2907 sapientiam
3285 2838 3498 2893 creavit

1924 2931 2302 2986 inhabitabilis
2337 2939 2389 2984 et
2424 2929 2739 2984 habitabilis
2770 2930 3008 3000 regionis
3037 2931 3372 2986 creationem
3405 2946 3496 2987 as-

1927 3028 2172 3096 signans.
2212 3024 2302 3079 Sic
2331 3022 2496 3078 etiam
2546 3022 2733 3077 omnia
2777 3036 2898 3090 quae
2929 3022 3188 3091 deinceps
3231 3032 3491 3077 enarrat:

1926 3117 2184 3170 thronum
2222 3113 2512 3185 quemdam
2568 3112 2662 3168 Dei
2700 3127 2843 3180 esse,
2896 3128 3060 3185 super
3098 3114 3276 3170 ventis
3317 3114 3496 3170 deter-

1923 3209 2212 3270 minatum,
2259 3220 2380 3274 quae
2430 3218 2596 3274 supra
2640 3212 2770 3260 sunt
2822 3203 2992 3259 nubes
3033 3205 3238 3260 ﬁrmari
3293 3206 3390 3270 ait,
3439 3215 3496 3261 et

1923 3303 2072 3352 tutos
2142 3294 2499 3351 subcrelestes
2545 3292 2745 3357 fontes,
2779 3300 2835 3347 et
2877 3293 3045 3347 multa
3080 3294 3210 3348 talia
3253 3295 3497 3365 comple-

1923 3391 2093 3446 ctitur
2125 3388 2400 3444 orationis
2442 3394 2754 3450 contextus,
2783 3401 2905 3455 qua:
2950 3387 3140 3442 subtili
3175 3387 3410 3458 quadam
3439 3398 3497 3444 et

1922 3481 2228 3553 perspicaci
2267 3486 2451 3536 mente
2490 3479 2545 3533 in
2577 3478 2856 3549 praedictis
2893 3479 3254 3549 excogitatam
3296 3481 3497 3551 requi-

1924 3582 2053 3630 runt
2095 3572 2533 3643 intelligentiam.
2585 3570 2723 3637 Quis
2763 3585 2930 3641 super
2981 3570 3162 3627 ventis
3199 3570 3496 3629 distinctus

1922 3664 2194 3721 thronus?
2240 3661 2372 3728 Quae
2416 3661 2689 3717 securitas
2741 3661 2857 3717 sive
2903 3667 3023 3715 tuta
3058 3662 3220 3718 sedes
3263 3662 3494 3718 fontium

1922 3755 2016 3827 qui
2064 3754 2167 3810 sub
2203 3752 2346 3808 caelo
2399 3751 2568 3806 sunt?
2609 3749 2884 3821 quomodo
2925 3750 3093 3805 ﬁrmae
3139 3751 3275 3805 ﬁunt
3320 3754 3495 3811 nubes

1922 3861 2045 3917 qua:
2076 3859 2299 3900 sursum
2331 3841 2500 3898 sunt?
2529 3842 2575 3898 si
2607 3843 2731 3911 quis
2759 3857 2827 3897 ex
2860 3856 2926 3896 ea
2961 3856 3087 3911 qua:
3112 3852 3337 3913 apparet
3366 3860 3493 3914 spe-

1922 3938 2007 3994 cie
2035 3949 2342 3993 sermonem
2370 3934 2600 4004 judicet,
2645 3948 2898 4004 magnam
2950 3948 3133 3990 rerum
3184 3950 3496 4007 repugnan-

1922 4028 2054 4082 tiam
2105 4041 2232 4081 cum
2278 4026 2348 4081 iis
2379 4039 2502 4092 qua:
2549 4023 2812 4077 dicuntur
2862 4021 3123 4079 inveniet.
3157 4023 3292 4090 Quis
3344 4027 3494 4081 enim

1923 4119 2139 4189 ignorat
2189 4123 2432 4171 extrema
2471 4122 2630 4169 terrae
2678 4114 2784 4168 sub
2822 4113 2983 4175 cmlo.
3025 4115 3111 4170 vel
3158 4116 3283 4184 quia
3329 4116 3497 4173 nimis

1923 4209 2056 4265 solis
2094 4206 2263 4263 calori
2297 4206 2408 4261 sint
2451 4202 2631 4258 anlnia
2664 4210 2721 4257 et
2754 4204 3084 4274 propinqua,
3115 4207 3198 4262 vel
3231 4208 3359 4276 quia
3403 4223 3498 4263 su-

1924 4314 2021 4369 pra
2066 4297 2285 4352 modum
2335 4296 2538 4350 distent
2582 4293 2881 4363 disiuncta,
2932 4306 3159 4367 propter
3205 4299 3497 4371 utriusque

240 4398 406 4452 τερον
434 4380 543 4433 τῶν
566 4381 821 4436 ἐναντίων
845 4385 1143 4456 ἀκρότητος
1165 4390 1360 4459 ἐπίσης
1388 4390 1713 4461 ἀπῴκισται.
1759 4393 1822 4447 Ei

1926 4387 2432 4444 immoderationem
2454 4400 2563 4441 non
2593 4386 2827 4441 habitari
2854 4389 3049 4457 posse?
3077 4390 3247 4445 altera
3270 4392 3492 4462 quidem

242 4474 299 4527 ὂὶ
328 4474 393 4526 τὺ
436 4474 600 4543 μέσον
632 4478 730 4545 τῆς
756 4476 859 4547 γῆς
887 4477 992 4530 ὑπὸ
1022 4478 1130 4532 τῶν
1168 4479 1469 4553 ἀνθρώπων
1493 4483 1819 4553 διείληπται,

242 4564 362 4629 πῶς
392 4565 468 4618 τὰ
498 4564 641 4640 ἂκρα
677 4566 825 4635 λέγει
855 4568 953 4638 τῆς
982 4569 1073 4622 ὑπ’
1105 4570 1330 4642 οὐρανὸν
1364 4574 1627 4629 οἰκεῖσθαι
1653 4577 1686 4646 η
1718 4594 1823 4629 πα-

244 4657 470 4727 ροιμίας
498 4659 593 4722 Τίς
618 4658 727 4730 γὰρ
756 4660 908 4729 ίσχὺς
945 4660 1304 4735 ἐνθεωρηθείη
1338 4666 1449 4727 τοῖς
1482 4666 1717 4735 νέφεσιν,
1746 4667 1823 4732 ὡς

242 4746 536 4818 ἀληθεύειν
562 4748 653 4803 τὸν
685 4750 842 4818 λόγον
881 4752 1021 4805 κατὰ
1051 4754 1151 4824 τὴν
1189 4755 1474 4827 πρόχειρον
1501 4758 1729 4820 ἔννοιαν,
1764 4759 1823 4823 ὃς

242 4856 417 4909 φησιν
463 4841 657 4913 ισχυρά
695 4842 1020 4915 γεγενῆσθαι
1064 4844 1133 4899 τὰ
1171 4847 1282 4900 ἀνω
1308 4848 1471 4918 νέφης
1495 4848 1821 4920 Μανώτερος

239 4928 354 4999 γαρ
384 4928 475 4992 τίς
504 4931 648 4984 ἐστιν
679 4931 870 5003 ἀτμὸς,
907 4934 942 5004 ἡ
980 4934 1073 4987 τοῦ
1120 4935 1313 5005 νέφους
1358 4936 1517 5005 φύσις
1548 4939 1688 4993 κατά
1730 4940 1821 4993 τὸν

239 5022 387 5095 ἀέρα
419 5023 778 5097 διαχεόμενος·
807 5025 865 5089 6;
887 5028 1159 5099 ἐποχεῖται
1192 5029 1290 5100 μὲν
1315 5028 1393 5100 τῷ
1413 5031 1641 5102 ἑναερίῳ
1662 5032 1823 5085 πνεύ-

240 5128 384 5179 ματι
413 5111 503 5166 διὰ
530 5115 727 5185 πολλὴν
764 5115 1066 5189 λεπτότητα
1106 5117 1307 5187 κοῦφος
1336 5117 1647 5189 γενόμενος,
1693 5122 1820 5189 συρ-

240 5204 402 5272 ρυεὶς
426 5201 484 5256 δὲ
504 5205 634 5277 πρὸς
658 5206 846 5261 ἑαυτὸν
866 5208 932 5261 ὲκ
958 5209 1055 5280 τῆς
1083 5208 1488 5280 συμπιλήσεως,
1513 5209 1819 5264 διεκπίπτει

238 5294 337 5347 τοῦ
371 5292 658 5365 ἀνέχοντος
685 5299 1014 5371 πνεύματος,
1047 5300 1263 5370 σταγὼν
1298 5301 1490 5373 βαρεῖα
1518 5301 1818 5373 γινόμενος.

237 5382 339 5449 τίς
372 5379 479 5438 οὖν
508 5387 651 5442 ἔστιν
677 5390 736 5444 ὲν
756 5391 967 5456 τούτοις
992 5395 1026 5464 ἡ
1066 5394 1219 5464 ἰσχὺς
1251 5394 1307 5447 ὲν
1335 5387 1417 5456 οἷς
1450 5392 1675 5466 οὐδεμία
1710 5396 1824 5457 τοῖς

238 5471 580 5544 ἁπτομένοις
604 5478 884 5552 ἀντίληψις
906 5481 1149 5553 γίνεταιλ
1183 5482 1256 5537 Τὸ
1282 5482 1391 5554 γὰρ
1422 5481 1589 5553 μανὸν
1612 5480 1703 5536 τοῦ
1730 5482 1823 5536 ἀέ-

310 5651 340 5685 ⁸
373 5647 539 5709 loan.
564 5671 603 5726 ι,
633 5657 685 5714 3.

1928 4481 2075 4536 sicca
2119 4489 2174 4536 et
2221 4486 2359 4535 aestu
2409 4477 2673 4534 ferventia
2709 4480 2853 4533 ultra
2907 4480 3245 4536 moderatam
3292 4493 3500 4555 tempe-

1928 4572 2064 4626 riem
2093 4586 2252 4636 esse;
2295 4570 2468 4625 altera
2508 4585 2637 4626 vero
2677 4569 2903 4624 humido
2936 4571 3301 4628 redundantia
3332 4575 3501 4644 frigo-

1930 4662 2084 4717 ribus
2115 4670 2172 4716 et
2203 4660 2418 4731 pruinis
2451 4660 2765 4731 obriguisse
2795 4679 2809 4714 :
2839 4659 3159 4717 habitantur
3203 4672 3385 4718 autem
3432 4679 3497 4719 ea

1930 4754 2045 4810 sola
2074 4768 2195 4824 quae
2232 4755 2301 4809 ab
2341 4762 2570 4824 utraque
2608 4755 2955 4810 estremitate
2986 4756 3270 4825 aequaliter
3302 4756 3497 4813 dissita

1928 4852 2057 4902 sunt
2083 4854 2137 4901 et
2173 4860 2424 4901 seorsum
2460 4845 2749 4900 collocata.
2784 4845 2942 4911 Quod
2981 4848 3026 4902 si
3061 4857 3220 4901 terra:
3255 4849 3494 4903 medium

1928 4938 1998 4992 ab
2053 4939 2369 4994 hominibus
2420 4947 2723 5009 occupatur
2775 4947 2831 4995 et
2887 4940 3167 5008 incolitur,
3221 4945 3501 5013 quomodo

1928 5037 2175 5085 extrema
2223 5030 2375 5085 orbis
2422 5030 2527 5085 sub
2572 5031 2713 5085 cmlo
2741 5030 2974 5086 habitari
3018 5032 3152 5089 dicit
3194 5038 3503 5105 parmmia?

1928 5120 2061 5188 Quae
2092 5136 2255 5190 porro
2286 5119 2541 5179 fortitudo
2564 5126 2617 5180 in
2655 5122 2896 5178 nubibus
2935 5125 3167 5194 spectari
3208 5134 3408 5194 potest.
3441 5136 3502 5181 ut

1927 5224 2094 5265 verus
2141 5218 2325 5264 sermo
2364 5223 2487 5264 esse
2542 5210 2715 5278 possit
2745 5226 2811 5266 ex
2846 5226 2911 5266 ea
2943 5227 3065 5284 quae
3109 5214 3285 5282 prima
3318 5214 3499 5271 fronte

1927 5299 2175 5356 occurrit
2197 5298 2579 5369 intelligentia,
2614 5301 2706 5369 qui
2735 5302 2933 5357 asserit
2962 5302 3147 5359 ﬁrmas
3178 5304 3353 5363 factas
3376 5322 3499 5363 esse

1929 5398 1983 5447 et
2018 5388 2226 5445 validas
2257 5389 2432 5444 nubes
2464 5390 2709 5447 sursum?
2740 5391 2939 5447 Rarior
2971 5401 3057 5449 est
3102 5397 3248 5452 enim
3278 5400 3496 5470 quidam

1929 5495 2098 5554 vapor
2126 5480 2293 5539 nubis
2325 5487 2547 5551 natura,
2581 5496 2682 5553 per
2722 5495 2905 5542 aerem
2934 5484 3167 5546 din‘usus
3199 5507 3215 5547 :
3241 5490 3333 5563 qui
3366 5505 3497 5563 pro-
