3992 6210
487 235 591 291 579
1736 216 1798 272 δ.
1837 215 2162 274 οιιεοοιιιι
2197 215 2492 272 mssm
3586 216 3684 276 sao

487 355 604 419 pter
628 342 853 397 multam
883 334 1207 391 tenuitatem
1235 328 1386 386 aerio
1415 325 1610 398 spiritu
1639 328 2045 397 supervehitur,

2173 343 2246 390 ›ος
2271 327 2367 380 καὶ
2407 326 2748 396 εὐδιάχυτον,
2787 324 2878 378 καὶ
2910 325 3000 378 ἐπὶ
3028 325 3118 378 τοῦ
3154 325 3343 395 νέφους
3393 325 3528 379 ἐστιν
3565 327 3691 380 ἰδεῖν.

483 417 622 495 levis
657 448 779 488 cum
809 431 903 488 sit,
941 423 1222 479 conﬂuens
1248 428 1430 475 autem
1467 419 1523 472 in
1553 417 1796 488 seipsum
1829 433 1895 473 ex
1920 433 2052 472 con-

482 517 748 583 cretione,
798 517 1024 581 decidit,
1047 527 1170 567 cum
1197 513 1310 582 jam
1343 510 1524 564 aerius
1551 509 1643 563 ille
1675 508 1903 577 spiritus
1933 522 2057 562 sus-

487 619 665 669 tinere
736 625 844 664 non
897 606 1094 677 possit,
1144 603 1271 658 dum
1326 609 1478 672 gutta
1529 601 1642 654 sive
1692 599 1836 654 stilla
1874 598 2056 668 gravis

482 705 734 764 efﬁcitur.
783 700 1068 767 Quodnam
1120 696 1286 767 igitur
1326 694 1493 748 robur
1533 692 1587 746 in
1617 691 1706 746 his
1751 705 1871 759 qua!
1909 697 2056 743 tactu

485 790 710 844 minime
744 798 974 858 possunt
1008 782 1386 855 apprehendi?
1417 778 1549 832 Nam
1589 779 1641 832 in
1677 780 1818 832 nube
1869 792 2052 832 aerem

483 895 669 934 rarum
711 887 765 933 et
820 877 1018 932 diﬂ‘usu
1071 874 1286 928 facilem
1338 870 1525 924 videre
1573 868 1718 922 licet.
1767 865 2055 932 Quomodo

483 986 677 1026 rursus
711 970 767 1023 in
801 977 1088 1023 ventorum
1138 961 1383 1018 instabili
1429 971 1623 1013 natura
1671 957 1892 1011 divinus
1925 956 2057 1010 defi-

484 1066 635 1118 nitur
683 1061 952 1117 thronus?
989 1057 1102 1110 lloc
1147 1063 1326 1109 autem
1375 1050 1520 1121 quod
1569 1051 1772 1105 dicitur
1822 1049 2054 1118 primum

486 1151 686 1214 creari,
714 1159 830 1203 tum
865 1147 1082 1200 demum
1132 1140 1406 1212 generari,
1449 1146 1505 1194 et
1555 1139 1696 1191 inter
1725 1136 2056 1190 creationem

2154 413 2279 478 Πῶς
2318 415 2375 468 δὲ
2410 415 2567 467 πάλιν
2597 414 2689 466 ἐπὶ
2727 415 2792 483 τῇ
2839 415 3053 484 άστάτῳ
3097 414 3208 468 τῶν
3242 415 3455 484 ἀνέμων
3497 415 3634 484 φύσει
3669 419 3692 468 ὀ

2157 503 2296 568 θεῖος
2323 505 2639 575 ἀφορίζεται
2663 504 2879 576 θρόνοςς
2902 505 2975 557 Tb
2995 506 3049 559 δὲ
3074 507 3289 576 πρῶτον
3316 505 3594 570 κτίζεσθαι,
3615 509 3695 562 καὶ

2158 597 2251 649 ἐπὶ
2280 597 2422 649 τέλει
2451 596 2628 665 λέγειν
2656 596 2965 665 γεννᾶσθαι,
2987 597 3078 649 καὶ
3107 597 3196 650 διὰ
3223 598 3389 669 μέσου
3413 597 3599 650 τούτων
3624 599 3695 650 θε-

2163 687 2492 758 μελιοῦσθαι,
2524 687 2643 740 τίνα
2670 687 2824 755 λόγον
2854 687 2996 741 εῖποι
3022 705 3106 751 τις
3133 689 3199 741 ἂν
3228 688 3368 758 ἔχειν
3389 691 3502 751 ταῖς
3525 691 3696 754 κοιναῖς

2160 795 2219 832 τε
2251 779 2344 832 καὶ
2377 780 2685 850 προχείροις
2723 782 2948 844 ἐννοίαις
2996 778 3396 850 συμϐαίνοντα;
3425 781 3493 832 Τό
3523 798 3575 832 τε
3613 783 3695 849 πρὸ

2160 869 2364 922 τούτων
2413 870 2756 942 ὲπαπορηθὲν
2795 874 2853 924 ἐν
2896 871 2974 942 τῷ
3015 873 3178 943 λόγῳ,
3218 872 3336 934 πῶς
3379 872 3694 942 ήάναγγε).ία

2161 959 2271 1013 τῶν
2305 960 2425 1014 καθ’
2459 963 2668 1033 ἡμέραν
2709 962 3023 1033 γινομένων,
3074 964 3169 1016 καὶ
3209 965 3243 1032 ἡ
3281 963 3462 1032 μνήμη
3499 964 3586 1032 τῆς
3623 964 3693 1027 ἐξ·

2165 1051 2547 1124 αριθμημένης
2574 1054 2682 1106 τῶν
2708 1054 2768 1118 ἐξ
2801 1054 3014 1119 αἰῶνος,
3044 1054 3235 1126 ὥσπερ
3261 1054 3405 1108 αἰτία
3428 1071 3505 1116 τις
3527 1055 3695 1122 γίνεται

2163 1142 2256 1194 τοῦ
2287 1143 2530 1196 ἐκτίσθαι
2560 1145 2708 1215 παρά
2738 1145 2831 1198 τοῦ
2861 1146 2994 1198 Θεοῦ
3017 1147 3114 1216 τὴν
3144 1147 3334 1215 σοφίαν
3359 1146 3558 1214 λέγειν;

485 1250 541 1295 et
567 1239 972 1314 generationem
1003 1231 1243 1293 fundari,
1269 1245 1433 1300 quam
1458 1229 1726 1282 rationem
1750 1241 1877 1280 cum
1946 1231 2328 1287 communibus
2393 1241 2448 1286 et
2511 1234 2567 1286 in
2610 1244 2861 1304 promptu
2892 1237 3086 1304 positis
3161 1243 3541 1306 congruentem
3579 1237 3696 1288 noti-

486 1331 580 1386 tiis
611 1331 813 1384 habere
859 1326 984 1397 quis
1017 1322 1260 1378 dixerit?
1297 1320 1608 1387 Quinetiam
1642 1318 1772 1372 illud
1827 1317 1895 1372 de
1939 1332 2048 1387 quo
2080 1320 2192 1390 jam
2221 1331 2348 1379 ante
2382 1324 2687 1380 dubitatum
2721 1335 2806 1381 est
2865 1327 2920 1380 in
2951 1343 3230 1390 sermone.
3299 1327 3559 1397 quomodo
3621 1343 3699 1381 an-

487 1422 761 1478 nuntiatio
801 1433 989 1473 eorum
1020 1429 1141 1484 qua:
1180 1413 1316 1466 ﬁunt
1353 1410 1617 1482 quotidie,
1664 1418 1719 1465 et
1784 1410 2092 1465 recordatio
2164 1416 2563 1472 numerationis
2620 1433 2810 1472 eorum
2869 1433 2990 1489 quae
3049 1433 3078 1472 a
3140 1418 3346 1474 saeculo
3396 1427 3535 1481 sunt,
3579 1418 3701 1472 velut

489 1527 657 1568 causa
692 1509 939 1580 qumdam
970 1516 1053 1561 est
1091 1502 1311 1558 dicendi
1351 1502 1676 1572 sapientiam
1707 1515 1738 1554 a
1769 1501 1878 1557 Deo
1908 1511 2152 1557 creatam
2183 1507 2349 1562 esse?

565 1602 836 1670 Quoniam
867 1600 1035 1670 igitur
1070 1613 1137 1652 ex
1179 1596 1267 1651 his
1292 1610 1414 1665 quae
1449 1594 1595 1648 dicta
1620 1601 1748 1648 sunt
1781 1595 1926 1648 clare
1961 1593 2058 1648 de-

2231 1599 2438 1652 Ούκοῦν
2469 1601 2654 1672 ἐπειδὴ
2684 1601 2953 1655 δέδεικται
2982 1600 3235 1672 φανερῶς
3267 1599 3354 1653 διά
3385 1600 3485 1652 τῶν
3509 1601 3699 1670 είρημέ-

441 1747 444 1750 .
492 1701 858 1754 monstratum
891 1699 976 1746 est
1006 1690 1060 1744 in
1094 1689 1181 1744 his
1209 1687 1347 1742 nihil
1374 1686 1481 1741 tale
1507 1701 1650 1750 esse,
1689 1701 1788 1740 cur
1814 1685 2065 1754 inexplo-

491 1797 614 1847 rato
654 1794 708 1842 et
741 1781 1150 1851 inconsiderate
1191 1779 1283 1834 hic
1329 1792 1511 1833 sermo
1560 1776 1900 1841 admittatur,
1935 1791 2067 1846 ope-

489 1889 568 1929 rae
595 1872 831 1943 pretium
858 1869 965 1924 erit
995 1869 1171 1922 instar
1206 1867 1566 1936 reliquorum,
1594 1875 1649 1920 et
1684 1866 1787 1920 hoc
1811 1867 1954 1936 quod
1979 1866 2067 1920 di-

493 1965 656 2028 citur,
693 1961 950 2014 Dominus
977 1959 1175 2013 creavit
1216 1974 1317 2021 me,
1348 1972 1458 2012 non
1489 1972 1552 2013 ex
1586 1971 1648 2010 ea
1679 1972 1800 2027 qua:
1829 1957 1880 2010 vi
1917 1957 2067 2012 verbi

494 2055 844 2123 ingeneratur
898 2051 1057 2105 nobis
1106 2048 1483 2118 intelligentia,
1532 2047 1906 2113 interpretari,
1960 2047 2058 2102 sed

493 2144 641 2197 omni
683 2141 989 2196 attentione
1039 2147 1094 2193 et
1128 2139 1414 2209 diligentia
1455 2138 1756 2207 inquirere,
1799 2137 1950 2206 quod
1982 2139 2069 2206 pie

494 2250 592 2305 per
632 2235 746 2286 haec
797 2233 962 2287 verba
1009 2230 1354 2300 intelligitur.
1389 2228 1595 2282 Verum
1649 2229 1936 2283 enimvero
1985 2244 2070 2283 ac-

493 2331 686 2380 curate
733 2332 788 2377 et
839 2320 906 2374 ad
967 2320 1231 2374 amussim
1278 2319 1685 2388 propositorum
1739 2319 2066 2373 sententiam

497 2414 793 2484 concipere
823 2427 1011 2467 eorum
1042 2413 1282 2466 solorum
1311 2409 1495 2475 fuerit,
1525 2411 1618 2479 qui
1645 2411 1849 2481 Spiritu
1878 2418 2070 2466 sancto

497 2508 650 2562 ducti
700 2504 1104 2576 profunditates
1141 2510 1481 2564 scrutantur,
1528 2501 1822 2572 sciuntque
1858 2501 1958 2555 lari
2014 2502 2070 2555 in

497 2596 701 2665 spiritu
739 2596 924 2650 divina
957 2593 1243 2665 mysteria.
1273 2591 1379 2646 Sed
1424 2591 1478 2644 in
1514 2591 1601 2646 his
1633 2593 1816 2647 verbis
1842 2593 1911 2646 de
1947 2593 2072 2662 qui-

499 2689 602 2742 bus
650 2689 851 2758 agitur,
914 2697 1124 2741 tantum
1173 2683 1353 2738 oratio
1402 2692 1594 2738 nostra
1654 2683 2065 2747 immorabitur,

498 2787 764 2851 quantum
798 2779 995 2834 suﬂicit
1019 2785 1078 2830 ut
1111 2790 1302 2830 eorum
1336 2790 1537 2844 scopus
1581 2789 1690 2828 non
1727 2775 2072 2831 indiscussus

497 2878 556 2928 et
598 2871 976 2941 inexploratus
1004 2867 1466 2938 praetermittatur.
1499 2865 1634 2932 Quis
1676 2868 1842 2936 igitur
1885 2876 2074 2922 noster

2167 1707 2293 1754 νων,
2323 1693 2485 1760 μηδὲν
2508 1694 2564 1747 ὲν
2589 1692 2796 1756 τούτοις
2828 1692 3063 1746 τοιοῦτον
3085 1689 3246 1757 εἶναι,
3270 1693 3346 1755 ὡς
3379 1691 3700 1758 ἀνεξετάστως

2163 1799 2223 1835 τε
2269 1784 2362 1836 καὶ
2403 1783 2728 1854 ἀθεωρήτως
2773 1784 3176 1856 παραδεχθῆναι
3217 1783 3308 1836 τὸν
3354 1783 3519 1851 λόγον,
3552 1783 3700 1844 καλῶς

2168 1871 2234 1925 ἂν
2273 1870 2384 1942 ἔχοι
2421 1872 2541 1925 καθ’
2569 1874 2859 1944 ὁμοιότητα
2886 1874 2993 1927 τῶν
3029 1873 3254 1938 λοιπῶν,
3290 1874 3382 1926 καὶ
3407 1873 3481 1938 rb,
3516 1875 3697 1940 Κύριος

2165 1961 2368 2015 ἕκτισέ
2393 1978 2488 2030 με,
2521 1962 2595 2033 μὴ
2627 1963 2768 2016 κατά
2793 1963 2888 2034 τὴν
2923 1963 3148 2017 αὐτόθεν
3190 1964 3321 2032 ἡμῖν
3357 1965 3419 2015 ὲκ
3446 1961 3532 2017 τοῦ
3557 1965 3701 2032 ῥήμα-

2167 2067 2256 2114 τος
2321 2053 2671 2124 ὲγγινομένην
2720 2053 2957 2107 διάνοιαν
2997 2052 3345 2124 ἑρμηνεύειν,
3394 2052 3518 2106 ἀλλὰ
3551 2051 3699 2122 ζητεῖν

2168 2141 2310 2194 κατὰ
2340 2144 2518 2196 πᾶσαν
2553 2145 2822 2215 προσοχήν
2843 2161 2900 2196 τε
2931 2143 3026 2196 καὶ
3052 2143 3386 2214 ἐπιμέλειαν,
3413 2143 3470 2195 rb
3497 2141 3701 2202 εὐσεϐῶς

2167 2231 2254 2285 διὰ
2283 2233 2375 2286 τοῦ
2407 2233 2696 2303 λεγομένου
2731 2234 3036 2305 νοούμενον,
3081 2234 3245 2286 Ἀλλά
3276 2234 3336 2286 τὸ
3368 2232 3460 2302 μὲν
3496 2231 3701 2301 ἀκριϐῶς

2167 2324 2548 2396 κατειληφέναι
2576 2327 2673 2396 τὴν
2719 2325 2824 2378 τῶν
2868 2325 3246 2396 προκειμένων
3279 2323 3526 2388 διάνοιαν,
3557 2323 3701 2392 μόνων

2169 2410 2234 2464 ἂν
2258 2414 2343 2483 εῖη
2365 2414 2472 2467 τῶν
2497 2414 2573 2484 τῷ
2599 2413 2739 2484 ἁγίῳ
2763 2412 3038 2483 Πνεύματι
3069 2412 3136 2464 τά
3163 2412 3301 2483 βάθη
3327 2409 3698 2482 διερευνώντων,

2169 2504 2262 2556 καὶ
2293 2505 2471 2557 λαλεῖν
2503 2504 2876 2574 ἐπισταμένων
2908 2505 2963 2556 ὲν
2988 2503 3261 2574 πνεύματι
3295 2504 3361 2556 τὰ
3394 2503 3504 2556 θεῖα
3529 2501 3700 2572 μυστήο

2173 2613 2283 2667 ρια.
2317 2595 2453 2666 Παρ’
2498 2596 2654 2667 ἡμῶν
2694 2596 2749 2648 δὲ
2780 2597 3029 2648 τοσοῦτον
3079 2597 3137 2648 ἐν
3166 2599 3281 2657 τοῖς
3321 2593 3704 2666 προκειμένοιςό

2170 2688 2324 2756 λόγος
2355 2687 2802 2758 ἀσχοληθήσεται,
2828 2687 2950 2739 ὅσον
2975 2687 3048 2757 μὴ
3075 2687 3254 2758 πάντη
3287 2685 3532 2756 περιιδεῖν
3556 2683 3633 2734 τὸν
3656 2683 3703 2732 ἐν

2170 2780 2378 2842 τούτοις
2397 2779 2598 2832 σκοπὸν
2622 2779 2949 2849 ἀθεώρητον.
2984 2777 3079 2840 Τίς
3107 2775 3205 2830 οὖν
3235 2781 3263 2830 ὁ
3285 2777 3531 2848 ἡμέτερος
3546 2772 3704 2839 λόγος;

2174 2873 2288 2924 Ούκ
2317 2870 2484 2934 ἔστιν,
2533 2865 2705 2939 οἶμαι,
2735 2869 2957 2921 δυνατὸν
2991 2867 3085 2938 τὴν
3125 2869 3194 2920 ὲκ
3247 2867 3390 2930 Θείας
3433 2861 3706 2933 ὲλλάμψεως

503 2962 721 3018 sermo?
771 2961 911 3025 ﬁeri,
961 2959 1179 3028 Opinor,
1231 2957 1457 3010 minime
1497 2965 1696 3026 potest,
1743 2957 2068 3026 sapientiam

2177 2962 2464 3032 γινομένην
2488 2960 2543 3014 ἕν
2572 2977 2676 3012 τινι
2708 2958 2917 3027 σοφίαν,
2949 2959 3116 3029 μόνην
3135 2958 3339 3028 ταύτην
3363 2957 3473 3026 δίχα
3500 2955 3592 3008 τῶν
3621 2953 3707 3003 λοιο

502 3067 623 3123 quaa
647 3068 711 3106 ex
735 3051 920 3105 divina
952 3048 1361 3103 illuminatione
1388 3046 1466 3110 ﬁt,
1501 3048 1641 3101 hanc
1662 3049 1833 3102 solam
1867 3049 2073 3118 absque

503 3143 726 3212 reliquis
759 3142 932 3198 sancti
969 3142 1209 3212 Spiritus
1239 3140 1402 3196 donis
1442 3140 1698 3209 cuiquam
1733 3140 1948 3204 adesse,
1977 3141 2072 3195 sed

503 3235 727 3288 omnino
773 3241 1003 3302 oportet,
1059 3233 1225 3288 simul
1279 3247 1405 3286 cum
1457 3231 1559 3285 hac
1607 3231 1908 3301 prophetize
1950 3245 2074 3299 gra-

505 3326 634 3378 tiam
683 3324 798 3378 sive
828 3322 1030 3376 douum
1079 3336 1431 3377 concurrere.
1485 3320 1544 3375 Si
1600 3323 1746 3376 enim
1790 3321 2074 3391 sapientia:

507 3416 786 3486 proprium
830 3422 936 3479 est,
980 3415 1266 3468 veritatem
1321 3429 1510 3468 eorum
1550 3428 1672 3483 qua:
1717 3421 1846 3468 sunt
1894 3413 2075 3467 animo

507 3505 1004 3577 comprehendere;
1055 3504 1340 3573 prophetia
1376 3518 1506 3557 vero
1538 3501 1848 3557 futurorum
1899 3503 2076 3556 couti-

508 3605 598 3650 net
655 3593 1104 3654 declarationem,
1178 3591 1365 3644 nullus
1424 3589 1727 3658 perfectum
1794 3591 2076 3660 sapientiae

507 3686 711 3741 donum
741 3683 905 3737 fuerit
943 3690 1300 3744 consecutus,
1337 3680 1434 3750 qui
1478 3695 1588 3734 non
1619 3679 1940 3749 prophetica
1983 3695 2076 3734 co-

509 3773 826 3846 operatione
875 3771 1042 3828 futuri
1089 3772 1461 3842 cognitionem
1517 3771 1839 3840 complexus
1887 3769 2072 3825 fuerit.

509 3867 781 3933 Quoniam
818 3865 983 3933 igitur
1020 3878 1128 3917 non
1154 3863 1447 3916 humanam
1481 3861 1718 3930 aliquam
1755 3862 2075 3930 sapientiam

511 3958 724 4026 sibiipsi
753 3955 994 4010 vindicat
1029 3954 1312 4016 Solomon,
1357 3967 1481 4006 cum
1515 3952 1675 4016 dixit,
1712 3950 1850 4004 Deus
1899 3950 2078 4004 docuit

512 4063 591 4100 me
621 4046 935 4114 sapientiam
971 4045 1015 4107 ’,
1053 4047 1107 4095 et
1153 4056 1343 4096 omnes
1373 4055 1654 4095 sermones
1690 4055 1820 4094 suos
1847 4040 1954 4092 Deo
1998 4050 2079 4092 at-

511 4140 724 4204 tribuit,
762 4153 885 4192 cum
927 4137 1021 4198 ait,
1055 4133 1161 4188 Mei
1193 4149 1454 4189 sermones
1490 4133 1618 4186 dicti
1653 4143 1772 4186 sunt
1812 4149 1844 4185 a
1875 4132 1982 4186 Deo
2009 4134 2074 4196 ¹⁰,

2173 3052 2288 3104 πῶν
2319 3051 2666 3122 χαρισμάτων
2695 3049 2787 3102 τοῦ
2819 3049 3132 3118 Πνεύματος
3158 3045 3554 3120 παραγίνεσθαι,
3582 3040 3696 3096 ἀλλὰ

2173 3140 2277 3212 χρὴ
2309 3141 2527 3204 πάντως
2563 3137 2922 3192 συνεισελθεῖν
2947 3138 3118 3208 ταύτῃ
3167 3141 3263 3192 καὶ
3295 3139 3390 3208 τῆς
3415 3132 3706 3206 προφητείας

2172 3232 2268 3302 τὴν
2303 3231 2482 3301 χάριν.
2513 3231 2576 3283 Ei
2608 3229 2715 3300 γὰρ
2747 3229 2876 3283 ῖδιον
2908 3231 3099 3300 σοφίας
3125 3231 3295 3290 ἐστὶν,
3330 3230 3362 3298 ὴ
3388 3228 3479 3297 τῆς
3503 3224 3596 3278 τῶν
3617 3222 3701 3274 δν-

2172 3322 2556 3393 τωνσά).ηθείας
2581 3321 2902 3392 κατάληψις,
2932 3320 3242 3391 προφητεία
3267 3320 3320 3372 δὲ
3347 3319 3440 3388 τὴν
3466 3314 3562 3369 τῶν
3595 3309 3702 3383 μελ-

2173 3414 2369 3466 λόντων
2399 3413 2642 3483 περιέχει
2677 3413 2994 3483 σαφήνειαν,
3025 3411 3122 3463 οὐκ
3154 3410 3220 3463 ἂν
3269 3411 3325 3462 ἐν
3348 3407 3423 3478 τῷ
3455 3405 3622 3473 τελείῳ
3641 3415 3710 3462 τις

2174 3505 2273 3574 τῆς
2315 3504 2509 3573 σοφίας
2554 3505 2636 3573 εἴη
2670 3502 2986 3573 χαρίσματι,
3021 3501 3096 3572 μὴ
3139 3500 3240 3553 διὰ
3279 3503 3372 3571 τῆς
3416 3492 3709 3568 προφητικῆς

2177 3597 2490 3668 συνεργείας
2543 3593 2965 3666 συμπεριλαϐὼν
2998 3596 3061 3665 τῇ
3109 3591 3228 3660 γνώ
3242 3610 3317 3646 σει
3349 3587 3512 3643 καὶτὸ
3546 3584 3707 3652 ἐσόμε-

2177 3705 2285 3740 νον.
2335 3688 2486 3740 Ἐπεὶ
2529 3681 2621 3740 οὖν
2654 3687 2754 3739 ούκ
2788 3684 3134 3755 ἀνθρωπίνην
3175 3683 3306 3737 τινὰ
3347 3679 3520 3749 σοφίαν
3561 3669 3708 3741 ἑαυτῷ

2177 3778 2588 3850 προσμαρτυρεῖ
2617 3775 2885 3848 Σολομὼν,
2918 3778 2946 3830 ό
2980 3774 3170 3837 είπὼν,
3201 3775 3291 3828 ὅτι
3327 3773 3388 3826 ’0
3425 3768 3556 3834 Θεὸς
3581 3762 3709 3817 δεδί-

2176 3869 2323 3939 δαχέ
2359 3887 2434 3936 με
2458 3870 2699 3937 σοφίαν,
2734 3868 2828 3920 καὶ
2868 3867 3047 3920 πάντα
3084 3865 3174 3918 τὸν
3217 3865 3354 3935 παρ’
3376 3857 3552 3915 ἑαυτοῦ
3580 3855 3708 3921 λόγον

2181 3959 2454 4024 ἀνατιθεὶς
2505 3960 2580 4030 τῷ
2605 3959 2742 4028 Θεῷ,
2772 3959 2829 4010 ὲν
2876 3953 2955 4020 οἷς
2985 3973 3168 4027 φησιν,
3215 3957 3304 4009 ὅτι
3335 3956 3395 4008 Ol
3417 3950 3540 4020 ’ἐμοὶ
3570 3946 3708 4012 λόγοι

2179 4053 2440 4121 εἴρηνται
2453 4051 2569 4104 ἀπὸ
2589 4049 2757 4113 Θεοῦ,
2773 4049 2948 4111 καλῶς
2964 4047 3027 4101 ἂν
3054 4047 3164 4118 ἔχοι
3184 4047 3288 4119 τὴν
3310 4036 3706 4114 ἀναμεμιγμένην

2179 4147 2244 4215 τῇ
2279 4144 2438 4214 σοφίᾳ
2463 4142 2796 4213 προφητείαν
2835 4141 2893 4193 ἐν
2924 4139 3000 4209 τῷ
3032 4140 3185 4210 μέρει
3223 4139 3400 4207 τούτῳ
3427 4135 3516 4203 τῆς
3547 4142 3707 4198 παροι-

515 4233 777 4303 prazclare
813 4243 1056 4300 agemus,
1105 4227 1153 4282 si
1198 4226 1490 4280 admistam
1532 4224 1814 4294 sapientia:
1844 4225 2070 4294 prophe-

2185 4235 2312 4304 μίας
2344 4234 2810 4304 διερευνήσασθαι.
2845 4235 3028 4304 Φαμὲν
3070 4231 3251 4285 τοίνυν
3286 4233 3364 4285 ὅτι
3409 4231 3463 4282 ἐν
3506 4223 3592 4295 μὲν
3619 4219 3706 4279 τοῖς

2265 4323 2277 4333 ι
2397 4321 2409 4333 ι
2532 4322 2546 4333 ι
2575 4322 2586 4333 ι
2766 4323 2778 4333 ι
2838 4321 2851 4333 ι
2982 4322 2994 4333 ι
3209 4321 3220 4333 ι
3345 4321 3358 4333 ο
3483 4315 3506 4326 ο
3545 4315 3555 4328 ν
3577 4331 3584 4333 .
3611 4309 3684 4333 -.Α

514 4322 642 4376 tiam
677 4322 729 4374 in
764 4321 866 4373 hac
909 4326 1061 4388 parte
1096 4316 1372 4386 proverbii
1427 4315 1594 4384 hujus
1639 4327 2074 4385 perscrulemur.

512 4411 654 4482 Ergo
697 4411 932 4465 dicimus
966 4407 1114 4479 quod
1160 4407 1214 4460 in
1249 4405 1333 4460 bis
1369 4421 1490 4474 qua:
1537 4405 1682 4459 hunc
1728 4407 1906 4461 locum
1939 4422 2080 4476 prae-

512 4502 715 4558 cedunt
753 4499 935 4554 verbis
981 4513 1106 4553 cum
1161 4496 1770 4566 dixisset,sapicmiam
1823 4505 1922 4557 sibi
1978 4501 2081 4552 do-

518 4615 660 4656 mum
698 4595 991 4666 wdiﬁcasse
1032 4590 1095 4648 “.
1133 4587 1321 4641 carnis
1364 4585 1577 4640 Domini
1610 4589 2076 4641 constructionem

511 4701 608 4755 per
641 4685 786 4738 hunc
808 4695 1116 4736 sermonem
1156 4679 1388 4734 obscure
1429 4677 1672 4744 indicat;
1707 4693 1813 4731 non
1837 4679 1983 4732 enim
2019 4679 2074 4732 in

513 4777 694 4831 alieno
737 4772 1017 4828 domicilio
1043 4785 1170 4824 vera
1207 4768 1474 4839 sapientia
1509 4768 1791 4834 habitavit,
1826 4768 1921 4823 sed
1969 4769 2076 4823 sibi

514 4866 850 4922 domicilium
905 4879 970 4917 ex
1019 4861 1271 4930 virginali
1319 4873 1552 4928 corpore
1611 4859 1924 4914 aadillcavit.
1979 4859 2080 4914 llic

514 4968 695 5015 autem
725 4956 868 5028 quod
900 4971 966 5010 ex
1007 4953 1276 5008 ambobus
1324 4953 1537 5006 unitum
1572 4960 1676 5014 est,
1706 4948 1883 5007 Verbo
1919 4953 2080 5006 attri-

514 5054 652 5116 buit,
687 5067 754 5107 ex
776 5051 939 5106 domo
967 5049 1090 5103 dico
1115 5055 1168 5103 et
1211 5045 1477 5115 sapientia
1506 5059 1628 5114 quae
1657 5044 1879 5098 domum
1913 5045 2083 5098 aedili-

513 5145 678 5210 cavit,
709 5143 763 5198 id
809 5149 916 5208 est,
962 5157 1026 5196 ex
1056 5137 1394 5194 humanitate
1427 5145 1479 5191 et
1506 5150 1630 5190 cum
1675 5135 1896 5190 homine
1941 5144 2080 5191 tem-

515 5241 702 5300 perata
731 5231 847 5288 sive
882 5231 1174 5300 conjuncta
1210 5226 1432 5289 deitate,
1465 5225 1660 5279 horum
1701 5225 1919 5296 utrique
1949 5241 2080 5280 con-

513 5337 679 5392 gruas
722 5333 776 5378 et
826 5323 1218 5380 convenientes
1254 5333 1421 5374 voces
1476 5317 1879 5382 accommodat,
1921 5329 1980 5374 ut
2023 5321 2077 5374 in

514 5412 823 5484 Bvangeliis
866 5414 980 5470 ﬁeri
1013 5413 1198 5470 videre
1227 5412 1376 5477 licet,
1411 5411 1470 5467 in
1503 5409 1708 5480 quibus
1747 5425 1950 5479 sermo,
1986 5413 2078 5481 qui

1077 5604 1121 5636 ¹⁰
1158 5600 1295 5659 ibid.

583 5604 606 5639 ⁹
631 5601 762 5673 Sap.
794 5616 886 5669 vn,
909 5601 998 5659 21.
1077 5604 1121 5636 ¹⁰
1158 5600 1295 5659 ibid.
1374 5598 1602 5675 “Prov.
1637 5617 1711 5669 rx,
1749 5601 1804 5660 I.

2186 4323 2290 4391 πρὸ
2321 4321 2507 4374 τούτου
2532 4322 2706 4388 λόγοις
2733 4321 2918 4388 εἰπὼν,
2943 4322 3052 4390 τὴν
3075 4321 3301 4390 σοφίαν
3333 4315 3506 4384 ἑαυτῇ
3528 4309 3708 4379 ᾠκοδο·

2179 4409 2432 4480 μηκέναι
2451 4409 2557 4462 τὸν
2570 4405 2754 4475 οἷκον,
2777 4410 2874 4480 τὴν
2893 4411 2989 4481 τῆς
3009 4410 3208 4481 σαρκὸς
3235 4409 3329 4463 τοῦ
3354 4406 3542 4478 Κυρίου
3568 4413 3708 4454 κατα-

2187 4501 2384 4572 σκευὴν
2419 4500 2506 4554 διὰ
2543 4501 2636 4553 τοῦ
2660 4501 2816 4566 λόγου
2856 4501 3250 4555 αἰνίσσεταιοού
3287 4501 3391 4571 γὰρ
3411 4502 3464 4552 έν
3483 4488 3706 4560 ἀλλοτρίῳ

2186 4592 2569 4663 οἰκοδομήματι
2592 4593 2625 4662 ή
2656 4591 2880 4662 ἀληθινὴ
2905 4593 3064 4660 σοφία
3087 4591 3418 4663 κατῴκησεν,
3442 4585 3546 4640 ἀλλ’
3565 4578 3702 4646 ἑαυτῇ

2185 4685 2245 4737 τὸ
2267 4685 2575 4754 οἰκητήριον
2601 4685 2666 4735 ὲκ
2699 4681 2793 4735 τοῦ
2822 4681 3147 4753 παρθενικοῦ
3193 4681 3436 4751 σώματος
3469 4665 3706 4746 ᾠκοδομή“

2185 4792 2331 4829 σατο.
2375 4774 2636 4828 Ἐνταῦθα
2669 4774 2723 4827 δὲ
2754 4773 2814 4827 rb
2857 4773 3052 4827 ἑνωθὲν
3083 4775 3139 4840 ἐξ
3166 4771 3480 4844 ἀμφοτέρων
3493 4760 3704 4833 τῷΛόγΨ

2184 4866 2525 4939 προστίθησι,
2574 4867 2666 4921 τοῦ
2705 4884 2764 4918 τε
2796 4868 2943 4919 οἴκου
2976 4866 3116 4934 λέγω
3160 4867 3255 4919 καὶ
3296 4865 3390 4934 τῆς
3425 4857 3596 4927 σοφίας
3621 4848 3702 4916 τῆς

2182 4960 2613 5032 οἰκοδομησάσης
2652 4959 2743 5012 τὸν
2775 4954 2941 5022 οἷκον,
2976 4959 3121 5012 τοῦτ’
3155 4957 3318 5019 ἐστιν,
3353 4955 3413 5008 ἐκ
3442 4968 3496 5004 τε
3522 4944 3602 5000 τοῦ
3628 4942 3704 5032 ἀγ·

2185 5028 2453 5122 θρωπίνου
2477 5028 2578 5105 καί
2595 5053 2657 5104 ὲκ
2679 5052 2777 5122 τῆς
2805 5049 3201 5122 άνακραθείσηις
3221 5048 3298 5118 τῷ
3333 5041 3583 5113 ἀνθρώπῳ
3604 5028 3702 5122 (Μ’

2183 5120 2363 5214 τητος,
2410 5143 2651 5214 ἐκατέρῳ
2689 5120 2745 5194 δέ
2781 5140 2984 5194 τούτων
3015 5120 3313 5212 ἐφαρμόζει
3343 5137 3435 5198 τάς
3473 5120 3705 5214 καταλλήξ

2183 5233 2308 5297 λους
2337 5252 2396 5286 τε
2420 5236 2513 5288 καὶ
2541 5233 2854 5304 πρεπούσας
2875 5233 3077 5302 φωνὰς,
3110 5232 3288 5296 καθὼς
3323 5230 3460 5284 ἐστιν
3491 5220 3601 5276 ἰδεῖν
3624 5209 3700 5304 καί

2186 5327 2242 5378 ὲν
2281 5327 2391 5387 τοῖς
2438 5297 2786 5393 Εὐάγγελίοις
2817 5297 3118 5394 γινόμενον,
3149 5325 3205 5376 ὲν
3234 5317 3312 5384 οἷς
3339 5321 3366 5372 ό
3405 5316 3547 5383 λόγος
3585 5297 3703 5394 κτνξὰ

2186 5414 2246 5466 τὸ
2271 5387 2574 5485 πρόσφορον
2602 5387 2687 5486 .τῷ
2729 5387 3069 5487 ὑποκειμένῳ
3099 5412 3477 5483 διεξαγόμενοςν
3514 5395 3592 5455 διὰ
3619 5387 3700 5462 μὲν

3889 4733 3900 4828 Ξ
