3992 6210
249 231 337 289 53!

1356 209 1631 267 CONTRA
1669 203 2050 263 EUNOMIUM.
2103 201 2211 256 LIB
2264 201 2350 256 Ill.

3382 188 3483 245 552

249 345 343 411 τῆς
369 335 709 406 ὑψηλοτέρας
728 349 786 385 τε
807 331 900 385 καὶ
927 325 1262 398 θεοπρεποῦς
1293 322 1563 395 σημασίας
1592 320 1651 374 τὸ
1678 319 1819 373 Θείον

1944 333 2026 370 πο
2060 316 2139 370 rei
2189 314 2447 382 subjecta:
2498 308 2789 365 commodo
2820 306 3131 373 deducitur,
3173 320 3271 376 per
3309 304 3479 357 excel-

251 410 578 487 ὲνδείκνυται
604 445 617 457 ·
645 426 733 479 διὰ
755 424 811 477 δὲ
832 423 931 493 τῆς
958 417 1293 492 χαμαιζήλου
1332 433 1391 467 τε
1422 412 1512 467 καὶ
1537 410 1815 481 ταπεινῆς,

250 526 309 578 τὸ
354 519 713 592 ἀνθρώπινον.
740 515 927 578 Οῦτως
976 512 1124 565 ἔστιν
1175 510 1299 562 ἰδεῖν
1346 508 1439 561 καὶ
1471 508 1528 560 ὲν
1558 504 1635 576 τῷ
1664 504 1820 574 μέρει

250 615 418 684 τούτῳ
460 606 816 681 προφητικῶς
859 606 950 659 τὸν
983 601 1302 672 Σολομῶντα
1348 596 1680 668 κινούμενον,
1727 592 1821 647 καὶ

251 706 363 759 ὅλον
420 697 846 773 παραδεδωκότα
894 696 954 749 τὸ
998 694 1095 765 τῆς
1145 689 1453 759 οἰκονομίας
1504 687 1818 759 μυστήριον.

251 797 404 863 Λέγει
432 792 545 863 γὰρ
594 792 858 862 πρότερον
891 787 988 859 μὲν
1020 784 1117 855 τὴν
1145 780 1465 854 προαιώνιον
1496 780 1593 850 τῆς
1635 776 1823 845 σοφίας

248 888 475 957 δύναμιν
496 885 591 939 καὶ
623 883 923 953 ἐνέργειαν,
947 880 1004 932 ὲν
1022 872 1106 941 οἷς
1130 875 1206 947 τῷ
1233 872 1601 942 Εὖαγγελιστῇ
1624 871 1823 942 τρόπον

248 980 371 1033 τινὰ
386 984 483 1031 καὶ
507 975 595 1029 ἐπ’
616 973 796 1027 αὐτῶν
813 970 921 1024 τῶν
946 968 1203 1041 ῥημάτων
1226 963 1579 1034 συμφέρεται.
1610 961 1694 1023 Ὡς
1716 959 1824 1031 γὰρ

251 1071 456 1131 ἐκεῖνος
484 1069 554 1136 τῇ
607 1061 970 1132 περιληπτικῇ
1006 1058 1156 1125 φωνῇ
1201 1052 1414 1105 πάντων
1450 1050 1611 1103 αὐτὸν
1655 1049 1826 1101 αἴτιον

251 1161 347 1213 ita).
376 1150 709 1228 δημιουργὸν
751 1144 1104 1220 ἁνεκήρυξεν,
1144 1143 1315 1206 οὕτως
1342 1142 1371 1193 ό
1414 1138 1664 1208 Σολομὼν
1696 1137 1824 1207 παρ’

250 1247 418 1304 αὐτοῦ
434 1227 768 1314 γεγενῆσθαι
795 1239 865 1294 τὰ
890 1238 1202 1292 καθέκαστα
1228 1233 1374 1301 λέγει
1397 1229 1467 1284 τὰ
1490 1232 1547 1282 ὲν
1569 1228 1646 1299 τῷ
1666 1227 1826 1280 παν-ελ⁴

248 1337 649 1410 ἀριθμούμενα.
677 1332 814 1402 Φησὶ
834 1329 959 1400 γὰρ,
977 1329 1059 1382 ὅτι
1089 1330 1122 1381 ό
1146 1324 1372 1390 Θεὸςέν
1395 1321 1473 1389 τῇ
1502 1321 1684 1390 σοφίᾳ
1700 1321 1828 1373 ἐθε-

244 1434 509 1503 μελίωσε
530 1429 648 1496 τὴν
670 1425 804 1497 γῆν,
828 1423 1116 1492 ἡτοίμασε
1136 1419 1204 1473 δὲ
1224 1413 1828 1487 οὐρανοὺςὲνςερονή-

244 1541 369 1586 σει,
390 1523 490 1575 καὶ
513 1522 613 1574 ὅσα
644 1518 853 1579 τούτοις
877 1514 1015 1567 κατὰ
1030 1512 1091 1565 τὸ
1112 1509 1400 1564 ἀκόλουθον
1419 1510 1605 1562 ἕπεται
1624 1508 1720 1578 τῆς
1739 1508 1829 1559 αὖ·

1922 409 2120 464 siorcm
2158 405 2379 475 Deoque
2427 403 2682 460 decoram
2738 399 3162 472 signiﬁcantiam
3204 396 3347 468 quod
3399 395 3481 449 di-

1922 499 2109 552 vinum
2156 504 2240 551 est
2288 494 2551 560 ostendit,
2585 508 2682 562 per
2727 490 2986 545 humilem
3029 502 3160 543 vero
3207 499 3263 541 et
3290 486 3492 540 demis—

1922 605 2062 655 sam,
2099 588 2244 659 quod
2278 594 2361 641 est
2410 585 2752 639 humanum:
2786 581 2867 637 sic
2904 581 3070 635 etiam
3112 578 3168 633 in
3204 578 3307 632 hac
3336 584 3493 647 parte

1922 683 2049 736 licet
2086 680 2400 751 perspicere
2426 676 2775 732 Solomonem
2808 673 3129 745 praphetice
3155 678 3488 725 commotum

1926 782 2100 828 totum
2131 770 2421 826 tradidisse
2447 765 2770 824 oeconomiae
2796 766 2914 821 sive
2950 761 3345 818 incarnationis
3376 777 3493 832 my-

1924 865 2175 921 stcrium.
2210 864 2349 917 Dicit
2390 862 2535 918 enim
2587 857 2868 931 sapientia:
2900 857 3155 910 virtutem
3202 861 3255 908 et
3298 868 3493 922 opera-

1924 957 2129 1012 tionem
2156 954 2324 1009 fuisse
2356 961 2481 1006 ante
2509 950 2734 1011 smcula,
2769 948 2824 1001 in
2852 945 3049 1017 quibus
3070 943 3306 1014 quodam
3331 940 3493 995 modo

1930 1044 2286 1120 Evangelistae
2308 1045 2362 1098 in
2411 1042 2546 1115 ipsis
2581 1040 2764 1095 verbis
2798 1037 3094 1094 consentit.
3129 1035 3205 1089 Ut
3232 1033 3495 1092 enimille

1925 1138 2224 1193 universali
2266 1137 2382 1192 sive
2424 1132 2879 1205 comprehensiva
2913 1129 3152 1200 quadam
3181 1142 3335 1190 voce,
3376 1144 3497 1181 om-,

1925 1232 2075 1285 nium]
2110 1230 2287 1300 ipsum
2343 1236 2623 1282 auctorem
2655 1232 2708 1279 ct
2748 1223 3087 1278 conditorem
3127 1219 3442 1289 praedicavit
3475 1237 3490 1274 :

1928 1320 2008 1375 sic
2040 1321 2304 1375 Solomon
2342 1317 2411 1372 ab
2454 1317 2577 1388 ipso
2614 1323 2898 1386 procreata
2945 1328 3068 1368 esse
3101 1312 3235 1367 dicit
3280 1311 3493 1382 singula

1926 1426 2047 1481 quae
2078 1411 2133 1464 in
2186 1412 2445 1465 universo
2481 1414 2890 1462 enumerantur.
2923 1403 3107 1473 Inquit
3149 1403 3318 1463 enim,
3340 1399 3489 1467 quod

1932 1502 2073 1557 Deus
2112 1502 2376 1571 sapientia
2420 1509 2616 1553 terram
2647 1496 2926 1567 fundavit;
2970 1493 3289 1564 praeparavit
3321 1498 3496 1544 autem

244 1614 346 1681 τῆς
373 1612 612 1681 ἐχόμενα
637 1607 890 1669 διανοίας.
909 1604 1018 1657 Καὶ
1031 1603 1106 1666 ὡς
1126 1601 1191 1656 ἂν
1210 1600 1283 1672 μὴ
1308 1599 1486 1671 δοκοίη
1507 1598 1604 1669 τὴν
1619 1597 1828 1670 δωρεὰν

1944 1594 2087 1648 ἀἸοε
2127 1595 2181 1647 in
2217 1593 2520 1662 prudentia,
2551 1599 2603 1646 et
2634 1603 2970 1660 quaecunque
3013 1592 3319 1656 sequuntur
3356 1598 3499 1637 eam-

472 1674 799 1775 depo'mozg
840 1696 1040 1767 ἀρετῆς
1068 1694 1328 1764 περιορᾷν
1376 1692 1820 1762 ἀμνημόνευτον⁴

1944 1685 2051 1740 lem
2103 1684 2357 1739 habentia
2409 1681 2800 1737 sententiam"
2834 1679 3046 1747 .Atque
3098 1691 3167 1729 ne
3217 1674 3499 1728 videretur

248 1796 416 1849 πάλιν
445 1797 511 1847 ἐκ
543 1791 834 1864 προσώπου
871 1790 973 1859 τῆς
1008 1786 1206 1856 Σοφίας
1242 1786 1477 1851 διέξεισι,
1522 1783 1715 1852 λέγων,
1750 1777 1824 1837 ὧν

248 1887 439 1957 μικρῷ
466 1884 702 1956 πρόσθεν
746 1877 1247 1953 ἐμνημονεῦσαμεν,
1275 1873 1358 1941 τὸ,
1379 1875 1826 1942 Κατεσκήνωσα

239 1977 498 2044 βουλὴν
519 1975 625 2029 καί
636 1974 861 2045 γνῶσιν
881 1971 978 2026 καί
1004 1971 1246 2024 ἔννοιαν
1263 1986 1275 1999 '
1296 1970 1395 2022 καὶ
1421 1968 1537 2022 ὅσα
1568 1968 1675 2035 τῆς
1697 1983 1827 2020 rat-:-

234 2068 355 2137 ρᾶς
392 2084 465 2121 τε
497 2066 593 2120 καί
615 2059 1081 2134 ἐπιστημονικῆς
1104 2059 1499 2123 διδασκαλίας
1528 2058 1681 2112 ἐστι.

302 2327 516 2382 ταῦτα
548 2326 644 2379 καὶ
668 2323 739 2377 τὰ
765 2321 986 2376 τοιαῦτα
1010 2320 1313 2387 διεξελθὼν.
1340 2319 1534 2388 ἐπάγει
1565 2319 1660 2372 καὶ
1706 2318 1831 2388 περὶ

238 2418 344 2489 τῆς
373 2414 525 2470 κατὰ
547 2413 637 2467 τὸν
675 2411 958 2483 ἄνθρωπον
994 2408 1301 2478 οἰκονομίας
1348 2404 1715 2466 διδασκαλίαν,
1744 2403 1833 2457 διὰ

242 2511 295 2564 τί
340 2508 510 2577 σὰρξ
534 2510 567 2561 ὁ
600 2506 789 2575 Λόγος
816 2502 1072 2572 ἐγένετο.
1104 2498 1344 2568 Φανεροῦ
1380 2496 1489 2567 γὰρ
1513 2497 1713 2550 ἅπασιν
1740 2494 1832 2548 όν-

242 2617 367 2663 τος,
400 2600 483 2652 ὅτι
512 2596 665 2650 οὐδὲν
711 2597 770 2648 tv
803 2592 977 2664 ἐαυτῷ
1009 2591 1224 2645 κτιστὺν
1254 2589 1286 2661 ἢ
1332 2588 1649 2641 ἐπείσακτον
1682 2587 1712 2638 ό
1741 2584 1833 2638 ἐπὶ

242 2690 479 2744 πάντων
507 2686 618 2757 ἔχει
644 2682 798 2747 Θεὸς,
818 2683 881 2735 οὐ
905 2680 1149 2750 δύναμιν,
1177 2678 1237 2731 οῦ
1274 2674 1485 2742 σοφίαν,
1515 2673 1575 2726 οὐ
1608 2671 1744 2741 φῶς,
1770 2671 1831 2723 οὐ

244 2782 441 2849 λόγον.
471 2779 533 2831 οὐ
566 2776 732 2848 ζωὴν,
766 2775 866 2827 οὐκ
904 2771 1179 2843 ἀλήθειαν,
1227 2767 1351 2822 οὐδὲ
1379 2762 1524 2828 ὅλως
1542 2783 1592 2818 τι
1631 2763 1740 2817 τῶν
1776 2764 1834 2816 tv

189 2904 203 2920 .
245 2871 323 2942 τῷ
356 2866 691 2938 πληρώματι
713 2862 809 2917 τοῦ
833 2861 976 2917 θείου
1003 2860 1200 2914 κόλπου
1230 2856 1646 2928 θεωρουμένων,
1695 2853 1837 2924 ἆπερ

246 2963 441 3016 πάντα
476 2958 644 3020 ἐστὶν,
683 2958 711 3010 ὁ
743 2954 1035 3026 μονογενὴς
1069 2950 1220 3015 Θεὸς,
1254 2950 1315 3003 '0
1340 2946 1425 3002 ὢν
1447 2947 1517 3001 ἐν
1543 2945 1668 3011 τοῖς
1690 2944 1837 2998 κόλ-

250 3069 404 3117 ποις
425 3047 534 3105 τοῦ
572 3017 824 3115 Πατρός,
862 3017 963 3098 οὐκ
988 3017 1052 3098 αν
1087 3059 1192 3095 τινι
1222 3039 1331 3094 τῶν
1362 3041 1419 3092 ὲν
1452 3039 1530 3108 τῷ
1558 3037 1678 3108 Θεῷ
1714 3037 1841 3090 θεω-
1865 3017 1909 3075 C

256 3140 551 3215 poqu
627 3136 865 3205 εὐλόγως
922 3131 1295 3206 ὲφαρμοσθείη
1348 3130 1409 3183 τὸ
1461 3129 1559 3199 τῆς
1609 3126 1840 3188 κτίσεως

250 3235 457 3303 ὖνομα.
490 3231 655 3283 Ὥστε
695 3222 866 3282 εἰπεῖν
893 3226 985 3279 τὸν
1009 3226 1067 3278 ἐν
1099 3223 1176 3294 τῷ
1204 3221 1381 3291 Πατρὶ
1419 3219 1569 3282 Υίδν,
1597 3218 1632 3289 ἢ
1662 3218 1754 3271 τὸν
1783 3219 1839 3270 ὲν

251 3327 321 3396 τῇ
349 3325 505 3393 ἀρχῇ
536 3321 728 3389 Λόγον,
756 3319 795 3390 ἢ
825 3317 885 3371 τὸ
912 3317 970 3369 tv
996 3315 1076 3387 τῷ
1109 3314 1247 3385 φωτὶ
1292 3312 1429 3382 φῶς,
1471 3311 1505 3383 ἢ
1540 3310 1639 3375 τὴν
1675 3312 1732 3363 ὲν
1771 3310 1837 3380 τῇ

256 3417 383 3487 ζωῇ
412 3413 576 3486 ζωὴν,
601 3413 636 3485 ἢ
665 3412 765 3483 τὴν
794 3413 852 3466 ὲν
872 3412 941 3481 τῇ
972 3408 1133 3478 σοφίᾳ
1160 3406 1371 3476 σοφίαν,
1400 3405 1483 3458 ὅτι
1511 3404 1725 3471 Κύριος
1747 3402 1843 3457 ἐκ·

258 3508 407 3562 τισέ
433 3523 530 3576 με.
559 3506 624 3559 Et
661 3504 770 3575 γὰρ
806 3501 998 3573 κτιστὴ
1031 3499 1125 3555 τοῦ
1158 3496 1293 3552 Θεοῦ
1328 3498 1363 3568 ἡ
1397 3496 1576 3566 σοφία,
1611 3493 1845 3567 Χριστὸς

258 3600 321 3654 ιδ
346 3598 494 3653 Θεοῦ
515 3598 741 3667 δύναμις
770 3595 866 3649 καὶ
888 3592 1025 3648 Θεοῦ
1057 3590 1236 3661 σοφία,
1276 3589 1597 3643 ἐπείσακτον
1632 3587 1847 3650 πάντως

261 3691 475 3761 ἔσχενό
492 3688 624 3751 Θεὸς
643 3687 742 3759 τὴν
759 3685 972 3758 σοφίαν,
999 3684 1222 3755 ὕστερον
1239 3683 1303 3736 ὲκ
1322 3681 1664 3751 κατασκευῆς
1682 3694 1848 3749 προσ-

260 3780 480 3844 λαϐὼν,
505 3778 534 3831 δ
564 3777 639 3850 μὴ
664 3777 815 3849 παρὰ
840 3776 940 3847 τὴν
960 3774 1181 3848 πρώτην
1209 3770 1373 3845 εἶχεν.
1413 3771 1573 3826 Ἀλλὰ
1603 3771 1708 3843 μὴν
1729 3773 1757 3824 ὁ
1787 3773 1846 3824 ὲν

262 3873 391 3933 τοῖς
425 3867 645 3931 κόλποις
675 3866 753 3920 ὢν
793 3865 885 3919 τοῦ
913 3865 1126 3935 nam
1175 3863 1427 3917 οὐδέποτε
1464 3860 1617 3915 κενὸν
1652 3856 1845 3915 ἑαυτοῦ

262 3961 466 4015 δίδωσι
488 3962 628 4013 νοεῖν
654 3958 745 4012 τὸν
770 3957 1022 4030 πατρῷον
1048 3957 1265 4020 κόλπον,
1298 3955 1406 4026 ἄρα
1425 3953 1487 4007 οὐ
1517 3952 1625 4006 τῶν
1650 3951 1848 4018 ἔξωθεν

265 4047 732 4120 ἐγγεγενημένων
783 4048 901 4101 ἐστὶ
952 4047 1156 4117 κόλπῳ.
1205 4044 1365 4098 Ἀλλὰ
1411 4041 1614 4105 παντὸς
1645 4040 1850 4109 ἀγαθοῦ

263 4143 559 4213 πλήρωμα
579 4140 677 4203 ὢν,
706 4140 923 4202 πάντως
950 4140 1008 4193 tv
1031 4137 1109 4208 τῷ
1133 4135 1311 4209 Πατρὶ
1340 4135 1541 4188 νοεῖται
1573 4134 1603 4186 ὁ
1631 4132 1690 4185 tv
1710 4131 1851 4203 ἀρχῇ

266 4232 379 4299 ὣν,
412 4232 516 4286 οὐκ
534 4231 816 4302 ἀναμένων
853 4229 915 4283 τὸ
942 4231 1030 4284 διὰ
1059 4229 1287 4292 κτίσεως
1316 4228 1376 4280 ὲν
1409 4224 1556 4296 αὐτῷ
1580 4224 1853 4293 γενέσθαι,

1930 1779 2133 1833 donum
2164 1776 2385 1831 virtutis
2417 1790 2538 1845 qua:
2565 1780 2646 1827 est
2677 1772 2732 1825 in
2770 1770 3084 1824 hominibus
3111 1766 3333 1823 silentio
3363 1779 3501 1835 prae-

1933 1871 2151 1923 teritum
2205 1866 2533 1935 despicere:
2568 1876 2763 1917 rursus
2809 1875 2873 1915 ex
2917 1872 3151 1928 persona
3196 1854 3497 1925 Sapientia:

1932 1959 2127 2031 pergit,
2175 1957 2364 2011 dicens
2428 1969 2492 2010 ea
2526 1968 2647 2024 qua:
2679 1951 2841 2024 paulo
2876 1956 3003 2004 ante
3046 1944 3501 2002 commemoravi-

1932 2064 2056 2105 mus
2094 2067 2111 2103 :
2172 2046 2557 2103 Contubernale
2606 2044 2766 2098 habui
2830 2041 3107 2096 consilium
3153 2046 3203 2093 et
3244 2037 3501 2108 cognitio-

1934 2156 2048 2194 nem
2075 2148 2126 2194 et
2165 2138 2609 2208 intelligentiam;
2653 2144 2701 2189 et
2745 2148 3062 2204 qumeuuque
3092 2130 3427 2201 intelligentis
3450 2137 3501 2183 et

1933 2231 2205 2285 scientiam
2235 2229 2491 2299 gignentis
2518 2236 2638 2281 sunt
2666 2225 2940 2279 doctrinm.

2007 2320 2133 2375 llaec
2170 2330 2224 2374 et
2274 2336 2396 2389 quae
2440 2329 2568 2373 sunt
2618 2315 2931 2384 hujusmodi
2975 2321 3327 2385 persecutus,
3370 2313 3504 2367 sub-

1935 2412 2115 2484 iungit
2144 2411 2449 2466 doctrinam
2477 2425 2599 2480 quae
2626 2417 2710 2464 est
2740 2409 2807 2463 de
2849 2406 3263 2478 dispensatione
3305 2420 3505 2461 secun-

1936 2503 2068 2560 dum
2098 2503 2391 2563 hominem.
2424 2501 2475 2556 id
2506 2509 2609 2568 est,
2636 2501 2703 2557 de
2726 2498 2891 2555 Verbi
2920 2498 3314 2563 incarnatione,
3342 2512 3506 2567 quam

1940 2598 2010 2653 ob
2040 2610 2263 2652 causam
2322 2593 2544 2648 Verbum
2596 2610 2719 2647 caro
2750 2593 2950 2663 factum
2988 2600 3066 2645 est
3106 2590 3171 2648 ".
3216 2589 3349 2644 Nam
3386 2604 3508 2643 cum

1941 2690 2013 2745 sit
2041 2688 2388 2759 perspicuum
2417 2686 2675 2741 omnibus
2700 2684 2845 2756 quod
2875 2683 3011 2738 nihil
3048 2682 3103 2737 in
3134 2683 3317 2753 seipso
3351 2696 3510 2735 crea-

1941 2788 2057 2834 tum
2094 2780 2178 2834 vel
2218 2778 2579 2833 adventitium
2612 2776 2775 2832 habet
2809 2776 2900 2831 ille
2930 2776 3023 2845 qui
3051 2782 3137 2829 est
3169 2774 3221 2829 in
3253 2773 3510 2828 omnibus

1942 2871 2108 2936 Deus,
2154 2885 2264 2925 non
2298 2870 2575 2936 virtutem,
2607 2884 2718 2923 non
2775 2867 3122 2940 sapientiam,
3174 2882 3283 2921 non
3312 2866 3511 2928 lucem,

1945 2977 2053 3016 non
2099 2962 2390 3025 rationem,
2427 2976 2538 3015 non
2588 2960 2778 3024 vitam,
2821 2974 2931 3014 non
2976 2958 3285 3023 veritatem,
3335 2971 3514 3026 neque

1946 3051 2171 3107 omnino
2201 3052 2497 3123 quidquam
2528 3066 2717 3106 eorum
2747 3066 2866 3121 qua:
2893 3052 2946 3104 in
2979 3050 3316 3119 plenitudine
3341 3048 3511 3103 divini

1951 3145 2106 3205 sinus
2140 3144 2588 3214 conspiciuntur,
2637 3156 2759 3212 qua:
2796 3141 3016 3211 quidem
3063 3141 3245 3197 omnia
3274 3149 3358 3194 est
3392 3138 3516 3194 uni-

1951 3238 2166 3309 genitus
2200 3236 2366 3300 Deus,
2397 3237 2487 3308 qui
2519 3244 2599 3291 est
2642 3237 2697 3288 in
2750 3237 2954 3291 sinibus
2978 3233 3374 3302 Patris“,nulli
3418 3247 3512 3289 eo-

1950 3344 2073 3384 rum
2104 3344 2224 3399 quae
2262 3330 2316 3383 in
2341 3328 2450 3384 Deo
2478 3337 2781 3384 cernuntur
2815 3316 3111 3384 creationis
3137 3342 3335 3381 nomen
3368 3332 3517 3381 recte

1950 3425 2005 3474 et
2048 3416 2439 3473 convenienter
2466 3417 2666 3488 poterit
2702 3406 2990 3493 applicui.
3097 3413 3174 3470 lta
3222 3422 3281 3469 ut
3317 3428 3517 3469 conve-

1950 3508 2067 3564 niat
2109 3507 2310 3563 Filium
2360 3509 2454 3579 qui
2505 3517 2590 3564 est
2640 3510 2697 3564 in
2745 3507 2928 3571 Patre,
2984 3508 3068 3562 vel
3101 3506 3335 3562 Verbum
3370 3505 3517 3576 quod

1948 3605 2067 3654 erat
2106 3596 2162 3651 in
2206 3597 2497 3668 principio,
2528 3597 2611 3652 vel
2662 3597 2717 3651 in
2767 3598 2887 3653 luce
2932 3595 3138 3660 lucem,
3173 3596 3257 3668 vel
3306 3595 3363 3649 in
3402 3596 3515 3647 vita

1949 3688 2139 3753 vitam,
2173 3688 2255 3743 vel
2297 3688 2353 3742 in
2396 3687 2664 3759 sapientia
2708 3687 3029 3759 sapientiam
3076 3666 3287 3751 dicere,
3330 3684 3512 3739 Domi-

1953 3793 2051 3831 nus
2078 3778 2269 3831 creavit
2300 3792 2403 3832 me.
2509 3775 2565 3832 Si
2599 3776 2743 3832 enim
2779 3784 2960 3831 creata
2988 3781 3073 3829 est
3108 3774 3199 3830 Dei
3231 3774 3519 3843 sapientia,

1952 3866 2208 3923 Christus
2240 3876 2421 3924 autem
2470 3865 2566 3923 Dei
2608 3868 2784 3924 virtus
2832 3874 2886 3923 ct
2934 3866 3227 3936 sapientia,
3272 3865 3520 3920 adventi-

1953 3960 2088 4015 tiam
2132 3958 2381 4031 profecto
2430 3959 2575 4015 Deus
2621 3959 2814 4014 habuit
2852 3957 3199 4028 sapientiam,
3246 3958 3520 4028 posterius

1953 4051 2087 4124 quid
2120 4068 2185 4108 ex
2234 4052 2516 4107 creatione
2557 4051 2808 4121 adeptus,
2840 4049 2984 4121 quod
3027 4064 3137 4103 non
3166 4048 3321 4118 prius
3356 4048 3522 4105 babe-

1953 4143 2069 4200 bat.
2107 4141 2490 4198 Verumtamen
2533 4140 2627 4212 qui
2668 4147 2753 4196 est
2797 4139 2850 4194 in
2894 4139 3105 4195 sinibus
3142 4137 3345 4205 Patris,
3380 4155 3523 4194 nun-

1955 4249 2120 4306 quam
2153 4234 2337 4302 seipso
2366 4247 2596 4288 vacuum
2632 4230 2765 4287 sinit
2799 4231 3100 4300 intelligere
3136 4232 3316 4286 sinum
3346 4237 3528 4300 pater-

268 4325 352 4388 ὣς
381 4323 454 4377 ἂν
490 4323 700 4394 μήποτε
730 4321 885 4385 κενὸς
920 4320 1140 4389 ἀγαθῶν
1162 4321 1191 4374 ὀ
1219 4316 1409 4389 Πατὴρ
1431 4316 1671 4409 νοηθείη.
1715 4314 1842 4368 Ἀλλ

1959 4338 2112 4387 num,
2153 4323 2288 4379 nihil
2330 4323 2475 4377 enim
2526 4336 2715 4378 eorum
2759 4336 2881 4393 quae
2912 4321 3258 4378 extrinsecus
3306 4322 3529 4394 ingenc-

271 4414 304 4466 ό
330 4416 399 4468 ὲν
427 4414 499 4484 τῇ
526 4412 785 4482 ἀίδιότητι
813 4411 916 4481 τῆς
969 4408 1239 4480 πατρικῆς
1264 4407 1515 4479 θεότητος
1547 4400 1686 4460 εἶναι
1706 4402 1859 4458 νοού-

279 4527 469 4580 μενος,
519 4508 608 4562 ἀεὶ
642 4509 702 4561 tv
729 4507 878 4578 αὐτῷ
921 4505 1038 4558 ἐστι
1058 4521 1071 4535 ·
1114 4502 1341 4574 δύναμις
1365 4501 1441 4556 ὣν
1473 4501 1569 4555 καὶ
1601 4498 1733 4571 ζωὴ,
1763 4498 1860 4552 καὶ

277 4602 537 4671 ἀλήθεια,
563 4600 659 4653 καὶ
687 4599 804 4669 φῶς
830 4598 927 4651 καὶ
956 4596 1135 4665 σοφία,
1166 4593 1263 4650 καὶ
1284 4596 1355 4649 τὰ
1383 4593 1622 4649 τοιαῦτα.
1649 4591 1859 4647 Οὐκοῦν

276 4691 388 4743 οὐκ
416 4693 484 4744 ὲκ
510 4689 605 4742 τοῦ
634 4688 778 4742 θείου
821 4705 882 4741 τε
911 4686 1006 4741 καὶ
1052 4685 1329 4757 ἀκηράτου
1374 4685 1521 4738 ἐστὶν
1545 4687 1580 4755 ἡ
1616 4681 1861 4739 Ἕκτισέ

275 4798 358 4852 με
396 4781 570 4852 φωνὴ,
608 4780 742 4834 ἀλλὰ
768 4777 949 4843 καθὼς
983 4777 1220 4850 εἴρηται,
1249 4777 1316 4831 ὲκ
1333 4775 1428 4830 τοῦ
1460 4775 1861 4846 ἀνακραθέντος

282 4873 413 4926 κατ’
450 4871 762 4942 οἰκονομίαν
789 4869 898 4925 ἀπὸ
924 4869 1026 4939 τῆς
1053 4867 1279 4937 κτιστῆς
1299 4866 1454 4938 ἡμῶν
1480 4866 1716 4936 φύσεως.

1962 4423 2178 4481 rantur,
2211 4415 2377 4470 estin
2417 4416 2568 4470 sinu.
2598 4413 2705 4470 Sed
2729 4411 2911 4472 omnis
2926 4413 3055 4469 boni
3086 4428 3209 4469 cum
3241 4414 3314 4470 sit
3347 4416 3531 4485 pleni-

1960 4504 2128 4570 tudo,
2190 4504 2417 4560 omnino
2470 4506 2526 4560 in
2582 4502 2745 4559 Patre
2790 4502 3115 4572 intelligitur
3151 4502 3246 4575 qui
3293 4511 3413 4559 erat
3468 4506 3528 4560 in

1964 4597 2260 4669 principio,
2310 4613 2420 4653 non
2450 4605 2778 4668 exspectans
2817 4596 2873 4651 in
2906 4594 3026 4666 ipso
3055 4610 3153 4667 per
3198 4598 3533 4654 creationem

1964 4703 2110 4754 esse,
2155 4705 2223 4746 ne
2271 4688 2569 4761 aliquando
2598 4687 2781 4753 Pater,
2822 4686 2983 4745 bonis
3016 4704 3225 4760 vacuus
3251 4698 3304 4746 et
3353 4691 3535 4745 inanis

1964 4790 2149 4839 mente
2202 4783 2414 4853 concipi
2460 4784 2653 4855 possit.
2696 4780 2799 4837 Sed
2849 4782 2944 4851 qui
2995 4783 3049 4839 in
3094 4784 3395 4840 aeternitate
3441 4798 3537 4854 pa-

1966 4881 2137 4930 terna:
2185 4873 2407 4930 deitatis
2450 4888 2573 4929 esse
2606 4872 2952 4942 intelligitur,
3004 4871 3060 4931 in
3109 4874 3230 4944 ipso
3278 4880 3363 4930 est
3396 4888 3538 4929 sem-

284 4979 435 5029 per:
466 4966 648 5020 virtus
679 4978 806 5017 cum
854 4961 929 5018 sit
959 4970 1014 5017 et
1041 4960 1152 5016 vita
1199 4968 1255 5016 et
1291 4961 1515 5024 veritas,
1571 4962 1663 5017 lux
1735 4970 1792 5021 et
1832 4965 2103 5034 sapientia
2153 4973 2207 5022 et
2255 4981 2377 5039 quae
2423 4975 2551 5023 sunt
2599 4965 2752 5028 talia,
2808 4965 2952 5021 haud
3025 4966 3194 5039 igitur
3240 4965 3357 5022 hzec
3410 4980 3536 5030 vox,

286 5055 506 5113 Crescit
541 5058 713 5120 ms.de
739 5072 809 5113 eo
840 5056 986 5127 quod
1031 5055 1279 5113 divinum
1314 5064 1484 5111 estet
1525 5056 1948 5128 incorruptibile
1998 5060 2317 5132 accipienda
2363 5068 2470 5127 est,
2525 5059 2622 5117 sed
2700 5062 2842 5118 sicut
2885 5060 3093 5118 dictum
3158 5072 3261 5128 est,
3332 5060 3401 5117 de
3474 5050 3539 5120 co

288 5148 445 5222 quod
494 5165 592 5221 per
644 5148 1078 5204 incarnationem
1135 5154 1603 5217 contemperatum
1664 5155 1753 5202 est
1798 5162 1866 5203 ex
1904 5158 2091 5205 creata
2122 5158 2322 5204 natura
2356 5160 2564 5206 nostra.

370 5238 495 5303 Πῶς
508 5236 615 5293 θοῦν
644 5240 679 5309 ἡ
728 5239 868 5310 αὐτὴ
898 5239 995 5293 καὶ
1032 5238 1131 5310 τὴν
1181 5238 1285 5310 γῆν
1314 5235 1574 5309 θεμελιοῖ,
1605 5238 1701 5291 atat
1745 5239 1873 5302 τοὺς

290 5330 560 5401 οὐρανοὺς
592 5329 894 5401 ἑτοιμάζει,
928 5330 1021 5384 καὶ
1047 5329 1145 5395 τὰς
1173 5329 1441 5394 ἀϐύσσους
1478 5329 1871 5401 ἀναῤῥήγνυσι,

299 5420 466 5490 mia
491 5422 586 5476 καὶ
630 5422 890 5496 φρόνησις
921 5422 1250 5495 καλουμένη,
1279 5423 1372 5476 καὶ
1421 5420 1654 5477 ἐνταῦθα
1698 5420 1877 5488 κτίζε-

2050 5238 2336 5306 Quomodo
2389 5240 2554 5311 igitur
2580 5240 2769 5298 eadem
2810 5248 3009 5297 terram
3040 5242 3202 5299 etiam
3246 5241 3442 5323 [undat
3486 5255 3544 5301 et

1980 5332 2151 5387 caelos
2196 5342 2487 5403 praeparat,
2542 5342 2597 5389 et
2632 5333 2861 5408 abyssos
2908 5333 3231 5405 perrumpit,
3275 5336 3543 5406 sapientia

1982 5430 2038 5479 et
2068 5423 2382 5497 prudentia,
2413 5432 2467 5485 et
2498 5425 2715 5485 divinus
2742 5440 2941 5485 sensus
2971 5426 3065 5500 qui
3104 5433 3357 5497 vocatur,
3375 5426 3545 5484 etiam

385 5607 435 5642 "
479 5609 642 5667 Prov.
666 5626 784 5681 vui,
813 5612 884 5668 ει
918 5627 1040 5684 sqq.
1119 5612 1163 5647 ¹³
1196 5610 1353 5669 Joan.
1395 5626 1435 5681 ι,
1472 5609 1557 5667 ll.
1636 5609 1681 5646 ³⁸
1702 5608 1836 5668 ibid.
1899 5608 1986 5667 18.
