  <div class='ocr_page' id='page_1' title='image "/cluster/home/n/w/nwhite01/storage/ocr_20150623/45/hvd.32044073501876/309.png"; bbox 0 0 3992 6210; ppageno 0'>
   <div class='ocr_carea' id='block_1_1' title="bbox 419 292 521 352">
    <p class='ocr_par' dir='ltr' id='par_1_1' title="bbox 419 292 521 352">
     <span class='ocr_line' id='line_1_1' title="bbox 419 292 521 352; baseline -0.039 0"><span class='ocrx_word' id='word_1_1' title='bbox 419 292 521 352; x_wconf 75' lang='lat'><strong>583</strong></span> 
     </span>
    </p>
   </div>
   <div class='ocr_carea' id='block_1_2' title="bbox 1680 264 2439 326">
    <p class='ocr_par' dir='ltr' id='par_1_2' title="bbox 1680 264 2439 326">
     <span class='ocr_line' id='line_1_2' title="bbox 1680 264 2439 326; baseline -0.011 0"><span class='ocrx_word' id='word_1_2' title='bbox 1680 269 1741 326; x_wconf 87' lang='lat' dir='ltr'><strong>S.</strong></span> <span class='ocrx_word' id='word_1_3' title='bbox 1784 264 2111 326; x_wconf 77' lang='lat' dir='ltr'><strong>GREGORII</strong></span> <span class='ocrx_word' id='word_1_4' title='bbox 2148 264 2190 320; x_wconf 82' lang='grc' dir='ltr'><strong>Ν</strong></span> <span class='ocrx_word' id='word_1_5' title='bbox 2199 264 2439 322; x_wconf 80' lang='lat' dir='ltr'><strong>YSSENI</strong></span> 
     </span>
    </p>
   </div>
   <div class='ocr_carea' id='block_1_3' title="bbox 3564 268 3667 324">
    <p class='ocr_par' dir='ltr' id='par_1_3' title="bbox 3564 268 3667 324">
     <span class='ocr_line' id='line_1_3' title="bbox 3564 268 3667 324; baseline -0.019 0"><span class='ocrx_word' id='word_1_6' title='bbox 3564 268 3667 324; x_wconf 60' lang='lat'><strong>531</strong></span> 
     </span>
    </p>
   </div>
   <div class='ocr_carea' id='block_1_4' title="bbox 421 380 2001 464">
    <p class='ocr_par' dir='ltr' id='par_1_4' title="bbox 421 383 2001 464">
     <span class='ocr_line' id='line_1_4' title="bbox 421 383 2001 464; baseline -0.014 -3"><span class='ocrx_word' id='word_1_7' title='bbox 421 409 527 463; x_wconf 79' lang='lat' dir='ltr'><strong>hoc</strong></span> <span class='ocrx_word' id='word_1_8' title='bbox 567 404 623 461; x_wconf 90' lang='lat' dir='ltr'><strong>in</strong></span> <span class='ocrx_word' id='word_1_9' title='bbox 654 402 777 457; x_wconf 91' lang='lat' dir='ltr'><strong>loco</strong></span> <span class='ocrx_word' id='word_1_10' title='bbox 803 404 1026 454; x_wconf 89' lang='lat' dir='ltr'><strong>creatur</strong></span> <span class='ocrx_word' id='word_1_11' title='bbox 1052 393 1119 447; x_wconf 89' lang='lat' dir='ltr'><strong>ad</strong></span> <span class='ocrx_word' id='word_1_12' title='bbox 1169 405 1397 464; x_wconf 89' lang='lat' dir='ltr'><strong>operum</strong></span> <span class='ocrx_word' id='word_1_13' title='bbox 1432 386 1806 460; x_wconf 79' lang='lat' dir='ltr'><strong>principium?</strong></span> <span class='ocrx_word' id='word_1_14' title='bbox 1858 383 2001 450; x_wconf 87' lang='lat' dir='ltr'><strong>Non,</strong></span> 
     </span>
    </p>
   </div>
   <div class='ocr_carea' id='block_1_5' title="bbox 2106 380 3675 464">
    <p class='ocr_par' dir='ltr' id='par_1_5' title="bbox 2106 380 3675 453">
     <span class='ocr_line' id='line_1_5' title="bbox 2106 380 3675 453; baseline -0.003 -16"><span class='ocrx_word' id='word_1_15' title='bbox 2106 401 2192 437; x_wconf 89' lang='grc' dir='ltr'><strong>ται</strong></span> <span class='ocrx_word' id='word_1_16' title='bbox 2216 383 2295 446; x_wconf 88' lang='grc' dir='ltr'><strong>είς</strong></span> <span class='ocrx_word' id='word_1_17' title='bbox 2329 381 2502 453; x_wconf 79' lang='grc' dir='ltr'>ἔργων</span> <span class='ocrx_word' id='word_1_18' title='bbox 2527 381 2702 453; x_wconf 76' lang='grc' dir='ltr'>ἀρχὴν</span> <span class='ocrx_word' id='word_1_19' title='bbox 2729 380 2874 447; x_wconf 76' lang='grc' dir='ltr'>;()ὺκ</span> <span class='ocrx_word' id='word_1_20' title='bbox 2898 383 3048 445; x_wconf 84' lang='grc' dir='ltr'>ἄνευ,</span> <span class='ocrx_word' id='word_1_21' title='bbox 3084 382 3268 453; x_wconf 71' lang='grc' dir='ltr'>φησιν,</span> <span class='ocrx_word' id='word_1_22' title='bbox 3299 380 3479 445; x_wconf 79' lang='grc' dir='ltr'>αίτίας</span> <span class='ocrx_word' id='word_1_23' title='bbox 3504 382 3675 452; x_wconf 79' lang='grc' dir='ltr'>μεγὰ·</span> 
     </span>
    </p>
   </div>
   <div class='ocr_carea' id='block_1_6' title="bbox 426 478 1994 570">
    <p class='ocr_par' dir='ltr' id='par_1_6' title="bbox 426 478 1994 570">
     <span class='ocr_line' id='line_1_6' title="bbox 426 478 1994 570; baseline -0.015 -15"><span class='ocrx_word' id='word_1_24' title='bbox 426 498 626 570; x_wconf 91' lang='lat' dir='ltr'><strong>inquit,</strong></span> <span class='ocrx_word' id='word_1_25' title='bbox 676 497 882 562; x_wconf 84' lang='lat' dir='ltr'><strong>absque</strong></span> <span class='ocrx_word' id='word_1_26' title='bbox 905 502 1101 558; x_wconf 89' lang='lat' dir='ltr'><strong>magna</strong></span> <span class='ocrx_word' id='word_1_27' title='bbox 1128 500 1295 540; x_wconf 88' lang='lat' dir='ltr'><strong>causa</strong></span> <span class='ocrx_word' id='word_1_28' title='bbox 1324 483 1449 538; x_wconf 88' lang='lat' dir='ltr'><strong>talis</strong></span> <span class='ocrx_word' id='word_1_29' title='bbox 1505 482 1777 553; x_wconf 78' lang='lat' dir='ltr'><strong>particeps</strong></span> <span class='ocrx_word' id='word_1_30' title='bbox 1812 478 1994 550; x_wconf 90' lang='lat' dir='ltr'><strong>operis</strong></span> 
     </span>
    </p>
   </div>
   <div class='ocr_carea' id='block_1_7' title="bbox 422 570 1996 653">
    <p class='ocr_par' dir='ltr' id='par_1_7' title="bbox 422 570 1996 653">
     <span class='ocr_line' id='line_1_7' title="bbox 422 570 1996 653; baseline -0.014 -9"><span class='ocrx_word' id='word_1_31' title='bbox 422 590 716 644; x_wconf 74' lang='lat' dir='ltr'><strong>adhibetur</strong></span> <span class='ocrx_word' id='word_1_32' title='bbox 755 581 1114 653; x_wconf 83' lang='lat' dir='ltr'><strong>dispensatio,</strong></span> <span class='ocrx_word' id='word_1_33' title='bbox 1166 578 1219 632; x_wconf 88' lang='lat' dir='ltr'><strong>id</strong></span> <span class='ocrx_word' id='word_1_34' title='bbox 1246 584 1352 642; x_wconf 90' lang='lat' dir='ltr'><strong>est,</strong></span> <span class='ocrx_word' id='word_1_35' title='bbox 1391 576 1628 631; x_wconf 89' lang='lat' dir='ltr'><strong>humana</strong></span> <span class='ocrx_word' id='word_1_36' title='bbox 1658 570 1865 627; x_wconf 84' lang='lat' dir='ltr'><strong>Christi</strong></span> <span class='ocrx_word' id='word_1_37' title='bbox 1896 584 1996 623; x_wconf 79' lang='lat' dir='ltr'><strong>na-</strong></span> 
     </span>
    </p>
   </div>
   <div class='ocr_carea' id='block_1_8' title="bbox 421 668 1997 743">
    <p class='ocr_par' dir='ltr' id='par_1_8' title="bbox 421 668 1997 743">
     <span class='ocr_line' id='line_1_8' title="bbox 421 668 1997 743; baseline -0.011 -9"><span class='ocrx_word' id='word_1_38' title='bbox 421 690 566 734; x_wconf 83' lang='lat' dir='ltr'><strong>tura.</strong></span> <span class='ocrx_word' id='word_1_39' title='bbox 615 676 822 731; x_wconf 78' lang='lat' dir='ltr'><strong>Verum</strong></span> <span class='ocrx_word' id='word_1_40' title='bbox 869 669 1312 743; x_wconf 86' lang='lat' dir='ltr'><strong>quandoquidem</strong></span> <span class='ocrx_word' id='word_1_41' title='bbox 1359 668 1610 723; x_wconf 80' lang='lat' dir='ltr'><strong>homines</strong></span> <span class='ocrx_word' id='word_1_42' title='bbox 1641 679 1831 721; x_wconf 87' lang='lat' dir='ltr'><strong>eorum</strong></span> <span class='ocrx_word' id='word_1_43' title='bbox 1874 677 1997 734; x_wconf 74' lang='lat' dir='ltr'><strong>qua:</strong></span> 
     </span>
    </p>
   </div>
   <div class='ocr_carea' id='block_1_9' title="bbox 421 755 1997 839">
    <p class='ocr_par' dir='ltr' id='par_1_9' title="bbox 421 755 1997 839">
     <span class='ocr_line' id='line_1_9' title="bbox 421 755 1997 839; baseline -0.011 -15"><span class='ocrx_word' id='word_1_44' title='bbox 421 776 647 839; x_wconf 85' lang='lat' dir='ltr'><strong>accepto</strong></span> <span class='ocrx_word' id='word_1_45' title='bbox 677 766 933 822; x_wconf 89' lang='lat' dir='ltr'><strong>mandato</strong></span> <span class='ocrx_word' id='word_1_46' title='bbox 961 765 1257 820; x_wconf 86' lang='lat' dir='ltr'><strong>observare</strong></span> <span class='ocrx_word' id='word_1_47' title='bbox 1293 772 1347 817; x_wconf 91' lang='lat' dir='ltr'><strong>et</strong></span> <span class='ocrx_word' id='word_1_48' title='bbox 1382 758 1666 814; x_wconf 90' lang='lat' dir='ltr'><strong>custodire</strong></span> <span class='ocrx_word' id='word_1_49' title='bbox 1694 755 1997 812; x_wconf 81' lang='lat' dir='ltr'><strong>debuerant</strong></span> 
     </span>
    </p>
   </div>
   <div class='ocr_carea' id='block_1_10' title="bbox 419 845 1995 925">
    <p class='ocr_par' dir='ltr' id='par_1_10' title="bbox 419 845 1995 925">
     <span class='ocr_line' id='line_1_10' title="bbox 419 845 1995 925; baseline -0.011 -12"><span class='ocrx_word' id='word_1_50' title='bbox 419 875 483 913; x_wconf 78' lang='lat' dir='ltr'><strong>ex</strong></span> <span class='ocrx_word' id='word_1_51' title='bbox 513 872 612 913; x_wconf 91' lang='lat' dir='ltr'><strong>sua</strong></span> <span class='ocrx_word' id='word_1_52' title='bbox 642 855 905 910; x_wconf 79' lang='lat' dir='ltr'><strong>memoria</strong></span> <span class='ocrx_word' id='word_1_53' title='bbox 928 869 1027 925; x_wconf 90' lang='lat' dir='ltr'><strong>per</strong></span> <span class='ocrx_word' id='word_1_54' title='bbox 1058 850 1457 907; x_wconf 89' lang='lat' dir='ltr'><strong>contumaciam</strong></span> <span class='ocrx_word' id='word_1_55' title='bbox 1484 855 1538 902; x_wconf 91' lang='lat' dir='ltr'><strong>et</strong></span> <span class='ocrx_word' id='word_1_56' title='bbox 1571 845 1995 902; x_wconf 88' lang='lat' dir='ltr'><strong>inobedientiam</strong></span> 
     </span>
    </p>
   </div>
   <div class='ocr_carea' id='block_1_11' title="bbox 420 940 1998 1019">
    <p class='ocr_par' dir='ltr' id='par_1_11' title="bbox 420 940 1998 1019">
     <span class='ocr_line' id='line_1_11' title="bbox 420 940 1998 1019; baseline -0.011 -15"><span class='ocrx_word' id='word_1_57' title='bbox 420 948 750 1019; x_wconf 76' lang='lat' dir='ltr'><strong>expulerunt</strong></span> <span class='ocrx_word' id='word_1_58' title='bbox 779 946 1035 1017; x_wconf 79' lang='lat' dir='ltr'><strong>gratiam,</strong></span> <span class='ocrx_word' id='word_1_59' title='bbox 1066 944 1343 999; x_wconf 86' lang='lat' dir='ltr'><strong>honorum</strong></span> <span class='ocrx_word' id='word_1_60' title='bbox 1389 940 1563 1005; x_wconf 89' lang='lat' dir='ltr'><strong>obliti,</strong></span> <span class='ocrx_word' id='word_1_61' title='bbox 1616 946 1903 1009; x_wconf 86' lang='lat' dir='ltr'><strong>propterea</strong></span> <span class='ocrx_word' id='word_1_62' title='bbox 1938 943 1998 988; x_wconf 90' lang='lat' dir='ltr'><strong>ut</strong></span> 
     </span>
    </p>
   </div>
   <div class='ocr_carea' id='block_1_12' title="bbox 422 1028 1997 1107">
    <p class='ocr_par' dir='ltr' id='par_1_12' title="bbox 422 1028 1997 1107">
     <span class='ocr_line' id='line_1_12' title="bbox 422 1028 1997 1107; baseline -0.012 -10"><span class='ocrx_word' id='word_1_63' title='bbox 422 1041 578 1097; x_wconf 84' lang='lat' dir='ltr'><strong>vobis</strong></span> <span class='ocrx_word' id='word_1_64' title='bbox 604 1039 986 1095; x_wconf 85' lang='lat' dir='ltr'><strong>annuntiarem</strong></span> <span class='ocrx_word' id='word_1_65' title='bbox 1017 1051 1139 1107; x_wconf 75' lang='lat' dir='ltr'><strong>qua:</strong></span> <span class='ocrx_word' id='word_1_66' title='bbox 1173 1032 1422 1105; x_wconf 85' lang='lat' dir='ltr'><strong>quotidie</strong></span> <span class='ocrx_word' id='word_1_67' title='bbox 1450 1031 1521 1087; x_wconf 90' lang='lat' dir='ltr'><strong>ob</strong></span> <span class='ocrx_word' id='word_1_68' title='bbox 1547 1038 1790 1085; x_wconf 83' lang='lat' dir='ltr'><strong>vestram</strong></span> <span class='ocrx_word' id='word_1_69' title='bbox 1842 1028 1997 1083; x_wconf 85' lang='lat' dir='ltr'><strong>salu-</strong></span> 
     </span>
    </p>
   </div>
   <div class='ocr_carea' id='block_1_13' title="bbox 422 1123 2001 1194">
    <p class='ocr_par' dir='ltr' id='par_1_13' title="bbox 422 1123 2001 1194">
     <span class='ocr_line' id='line_1_13' title="bbox 422 1123 2001 1194; baseline -0.009 -6"><span class='ocrx_word' id='word_1_70' title='bbox 422 1144 530 1190; x_wconf 89' lang='lat' dir='ltr'><strong>tem</strong></span> <span class='ocrx_word' id='word_1_71' title='bbox 584 1133 742 1194; x_wconf 86' lang='lat' dir='ltr'><strong>liuut,</strong></span> <span class='ocrx_word' id='word_1_72' title='bbox 809 1139 864 1186; x_wconf 89' lang='lat' dir='ltr'><strong>et</strong></span> <span class='ocrx_word' id='word_1_73' title='bbox 915 1131 971 1183; x_wconf 89' lang='lat' dir='ltr'><strong>in</strong></span> <span class='ocrx_word' id='word_1_74' title='bbox 1027 1127 1344 1183; x_wconf 83' lang='lat' dir='ltr'><strong>memoriam</strong></span> <span class='ocrx_word' id='word_1_75' title='bbox 1391 1123 1711 1179; x_wconf 84' lang='lat' dir='ltr'><strong>reducerem</strong></span> <span class='ocrx_word' id='word_1_76' title='bbox 1762 1134 1825 1174; x_wconf 91' lang='lat' dir='ltr'><strong>ea</strong></span> <span class='ocrx_word' id='word_1_77' title='bbox 1879 1133 2001 1188; x_wconf 76' lang='lat' dir='ltr'><strong>quae</strong></span> 
     </span>
    </p>
   </div>
   <div class='ocr_carea' id='block_1_14' title="bbox 424 1214 1998 1284">
    <p class='ocr_par' dir='ltr' id='par_1_14' title="bbox 424 1214 1998 1284">
     <span class='ocr_line' id='line_1_14' title="bbox 424 1214 1998 1284; baseline -0.008 -8"><span class='ocrx_word' id='word_1_78' title='bbox 424 1230 554 1278; x_wconf 86' lang='lat' dir='ltr'><strong>sunt</strong></span> <span class='ocrx_word' id='word_1_79' title='bbox 614 1239 643 1276; x_wconf 89' lang='lat' dir='ltr'><strong>a</strong></span> <span class='ocrx_word' id='word_1_80' title='bbox 692 1221 914 1284; x_wconf 67' lang='lat' dir='ltr'><strong>saeculo,</strong></span> <span class='ocrx_word' id='word_1_81' title='bbox 983 1215 1353 1273; x_wconf 88' lang='lat' dir='ltr'><strong>enumerando</strong></span> <span class='ocrx_word' id='word_1_82' title='bbox 1418 1214 1573 1269; x_wconf 80' lang='lat' dir='ltr'><strong>vobis</strong></span> <span class='ocrx_word' id='word_1_83' title='bbox 1638 1228 1702 1267; x_wconf 81' lang='lat' dir='ltr'><strong>ea</strong></span> <span class='ocrx_word' id='word_1_84' title='bbox 1766 1224 1998 1280; x_wconf 86' lang='lat' dir='ltr'><strong>quorum</strong></span> 
     </span>
    </p>
   </div>
   <div class='ocr_carea' id='block_1_15' title="bbox 428 1302 2000 1374">
    <p class='ocr_par' dir='ltr' id='par_1_15' title="bbox 428 1302 2000 1374">
     <span class='ocr_line' id='line_1_15' title="bbox 428 1302 2000 1374; baseline -0.01 -6"><span class='ocrx_word' id='word_1_85' title='bbox 428 1313 751 1368; x_wconf 88' lang='lat' dir='ltr'><strong>memoriam</strong></span> <span class='ocrx_word' id='word_1_86' title='bbox 808 1311 1109 1367; x_wconf 86' lang='lat' dir='ltr'><strong>amisistis:</strong></span> <span class='ocrx_word' id='word_1_87' title='bbox 1151 1308 1273 1363; x_wconf 82' lang='lat' dir='ltr'><strong>Non</strong></span> <span class='ocrx_word' id='word_1_88' title='bbox 1324 1309 1460 1362; x_wconf 81' lang='lat' dir='ltr'><strong>enim</strong></span> <span class='ocrx_word' id='word_1_89' title='bbox 1501 1322 1689 1360; x_wconf 86' lang='lat' dir='ltr'><strong>novum</strong></span> <span class='ocrx_word' id='word_1_90' title='bbox 1736 1302 2000 1374; x_wconf 82' lang='lat' dir='ltr'><strong>quoddam</strong></span> 
     </span>
    </p>
   </div>
   <div class='ocr_carea' id='block_1_16' title="bbox 429 1394 1999 1473">
    <p class='ocr_par' dir='ltr' id='par_1_16' title="bbox 429 1394 1999 1473">
     <span class='ocr_line' id='line_1_16' title="bbox 429 1394 1999 1473; baseline -0.007 -15"><span class='ocrx_word' id='word_1_91' title='bbox 429 1405 777 1473; x_wconf 78' lang='lat' dir='ltr'><strong>Evangelium</strong></span> <span class='ocrx_word' id='word_1_92' title='bbox 826 1419 963 1457; x_wconf 87' lang='lat' dir='ltr'><strong>nunc</strong></span> <span class='ocrx_word' id='word_1_93' title='bbox 1024 1401 1305 1463; x_wconf 79' lang='lat' dir='ltr'><strong>annuntio,</strong></span> <span class='ocrx_word' id='word_1_94' title='bbox 1368 1395 1456 1451; x_wconf 82' lang='lat' dir='ltr'><strong>sed</strong></span> <span class='ocrx_word' id='word_1_95' title='bbox 1514 1406 1736 1450; x_wconf 80' lang='lat' dir='ltr'><strong>vestram</strong></span> <span class='ocrx_word' id='word_1_96' title='bbox 1782 1396 1835 1447; x_wconf 79' lang='lat' dir='ltr'><strong>in</strong></span> <span class='ocrx_word' id='word_1_97' title='bbox 1884 1394 1999 1462; x_wconf 82' lang='lat' dir='ltr'><strong>pri-</strong></span> 
     </span>
    </p>
   </div>
   <div class='ocr_carea' id='block_1_17' title="bbox 425 1485 2002 1555">
    <p class='ocr_par' dir='ltr' id='par_1_17' title="bbox 425 1485 2002 1555">
     <span class='ocr_line' id='line_1_17' title="bbox 425 1485 2002 1555; baseline -0.006 -8"><span class='ocrx_word' id='word_1_98' title='bbox 425 1494 625 1547; x_wconf 78' lang='lat' dir='ltr'><strong>stinum</strong></span> <span class='ocrx_word' id='word_1_99' title='bbox 682 1502 880 1547; x_wconf 79' lang='lat' dir='ltr'><strong>statum</strong></span> <span class='ocrx_word' id='word_1_100' title='bbox 932 1490 1316 1546; x_wconf 78' lang='lat' dir='ltr'><strong>restitutionem</strong></span> <span class='ocrx_word' id='word_1_101' title='bbox 1371 1487 1601 1551; x_wconf 79' lang='lat' dir='ltr'><strong>molior;</strong></span> <span class='ocrx_word' id='word_1_102' title='bbox 1634 1485 1799 1554; x_wconf 85' lang='lat' dir='ltr'><strong>hujus</strong></span> <span class='ocrx_word' id='word_1_103' title='bbox 1828 1485 2002 1555; x_wconf 84' lang='lat' dir='ltr'><strong>gratia</strong></span> 
     </span>
    </p>
   </div>
   <div class='ocr_carea' id='block_1_18' title="bbox 426 1577 1998 1657">
    <p class='ocr_par' dir='ltr' id='par_1_18' title="bbox 426 1577 1998 1657">
     <span class='ocr_line' id='line_1_18' title="bbox 426 1577 1998 1657; baseline -0.006 -18"><span class='ocrx_word' id='word_1_104' title='bbox 426 1600 526 1657; x_wconf 84' lang='lat' dir='ltr'><strong>ego</strong></span> <span class='ocrx_word' id='word_1_105' title='bbox 590 1585 686 1655; x_wconf 90' lang='lat' dir='ltr'><strong>qui</strong></span> <span class='ocrx_word' id='word_1_106' title='bbox 748 1599 965 1653; x_wconf 88' lang='lat' dir='ltr'><strong>semper</strong></span> <span class='ocrx_word' id='word_1_107' title='bbox 1019 1597 1164 1646; x_wconf 90' lang='lat' dir='ltr'><strong>sum,</strong></span> <span class='ocrx_word' id='word_1_108' title='bbox 1226 1588 1448 1634; x_wconf 85' lang='lat' dir='ltr'><strong>creatus</strong></span> <span class='ocrx_word' id='word_1_109' title='bbox 1506 1578 1607 1642; x_wconf 79' lang='lat' dir='ltr'><strong>fui,</strong></span> <span class='ocrx_word' id='word_1_110' title='bbox 1671 1577 1764 1647; x_wconf 88' lang='lat' dir='ltr'><strong>qui</strong></span> <span class='ocrx_word' id='word_1_111' title='bbox 1829 1577 1998 1641; x_wconf 89' lang='lat' dir='ltr'><strong>nulla,</strong></span> 
     </span>
    </p>
   </div>
   <div class='ocr_carea' id='block_1_19' title="bbox 424 1668 1998 1743">
    <p class='ocr_par' dir='ltr' id='par_1_19' title="bbox 424 1668 1998 1743">
     <span class='ocr_line' id='line_1_19' title="bbox 424 1668 1998 1743; baseline -0.01 -9"><span class='ocrx_word' id='word_1_112' title='bbox 424 1686 485 1735; x_wconf 83' lang='lat' dir='ltr'><strong>ut.</strong></span> <span class='ocrx_word' id='word_1_113' title='bbox 550 1691 750 1741; x_wconf 86' lang='lat' dir='ltr'><strong>essem,</strong></span> <span class='ocrx_word' id='word_1_114' title='bbox 827 1673 1136 1743; x_wconf 50' lang='lat' dir='ltr'><strong>in&#39;ligebam</strong></span> <span class='ocrx_word' id='word_1_115' title='bbox 1215 1672 1516 1726; x_wconf 86' lang='lat' dir='ltr'><strong>creatione.</strong></span> <span class='ocrx_word' id='word_1_116' title='bbox 1600 1668 1677 1721; x_wconf 89' lang='lat' dir='ltr'><strong>Ita</strong></span> <span class='ocrx_word' id='word_1_117' title='bbox 1759 1674 1820 1721; x_wconf 90' lang='lat' dir='ltr'><strong>ut</strong></span> <span class='ocrx_word' id='word_1_118' title='bbox 1896 1668 1998 1721; x_wconf 88' lang='lat' dir='ltr'><strong>sim</strong></span> 
     </span>
    </p>
   </div>
   <div class='ocr_carea' id='block_1_20' title="bbox 2096 472 3679 545">
    <p class='ocr_par' dir='ltr' id='par_1_20' title="bbox 2096 472 3679 545">
     <span class='ocr_line' id='line_1_20' title="bbox 2096 472 3679 545; baseline -0.001 -18"><span class='ocrx_word' id='word_1_119' title='bbox 2096 475 2195 545; x_wconf 91' lang='grc' dir='ltr'><strong>λης</strong></span> <span class='ocrx_word' id='word_1_120' title='bbox 2237 475 2270 545; x_wconf 81' lang='grc' dir='ltr'><strong>ἡ</strong></span> <span class='ocrx_word' id='word_1_121' title='bbox 2305 474 2525 544; x_wconf 81' lang='grc' dir='ltr'><strong>τοιαύτη</strong></span> <span class='ocrx_word' id='word_1_122' title='bbox 2575 476 2916 544; x_wconf 84' lang='grc' dir='ltr'>συνεργεῖται</span> <span class='ocrx_word' id='word_1_123' title='bbox 2958 474 3256 544; x_wconf 78' lang='grc' dir='ltr'>οἰκονομία.</span> <span class='ocrx_word' id='word_1_124' title='bbox 3301 472 3436 526; x_wconf 77' lang='grc' dir='ltr'>Ἀλλ’</span> <span class='ocrx_word' id='word_1_125' title='bbox 3487 473 3679 542; x_wconf 75' lang='grc' dir='ltr'>ἐπειδὴ</span> 
     </span>
    </p>
   </div>
   <div class='ocr_carea' id='block_1_21' title="bbox 2096 564 3680 637">
    <p class='ocr_par' dir='ltr' id='par_1_21' title="bbox 2096 564 3680 637">
     <span class='ocr_line' id='line_1_21' title="bbox 2096 564 3680 637; baseline -0.001 -20"><span class='ocrx_word' id='word_1_126' title='bbox 2096 566 2206 620; x_wconf 83' lang='grc' dir='ltr'>τῶν</span> <span class='ocrx_word' id='word_1_127' title='bbox 2241 564 2713 637; x_wconf 79' lang='grc' dir='ltr'>παραφυλακτὲων</span> <span class='ocrx_word' id='word_1_128' title='bbox 2765 566 2894 636; x_wconf 78' lang='grc' dir='ltr'>ἡμῖν</span> <span class='ocrx_word' id='word_1_129' title='bbox 2934 565 3032 636; x_wconf 79' lang='grc' dir='ltr'><strong>τὴν</strong></span> <span class='ocrx_word' id='word_1_130' title='bbox 3069 564 3285 637; x_wconf 79' lang='grc' dir='ltr'>ἐντολὴν</span> <span class='ocrx_word' id='word_1_131' title='bbox 3326 564 3583 628; x_wconf 77' lang='grc' dir='ltr'>λαϐόντες</span> <span class='ocrx_word' id='word_1_132' title='bbox 3629 567 3680 617; x_wconf 84' lang='grc' dir='ltr'>οἱ</span> 
     </span>
    </p>
   </div>
   <div class='ocr_carea' id='block_1_22' title="bbox 2100 656 3684 731">
    <p class='ocr_par' dir='ltr' id='par_1_22' title="bbox 2100 656 3684 731">
     <span class='ocr_line' id='line_1_22' title="bbox 2100 656 3684 731; baseline -0.001 -19"><span class='ocrx_word' id='word_1_133' title='bbox 2100 658 2377 729; x_wconf 81' lang='grc' dir='ltr'>ἄνθρωποι</span> <span class='ocrx_word' id='word_1_134' title='bbox 2394 656 2642 722; x_wconf 78' lang='grc' dir='ltr'>ἐξέϐαλον</span> <span class='ocrx_word' id='word_1_135' title='bbox 2660 660 2759 729; x_wconf 83' lang='grc' dir='ltr'><strong>τῆς</strong></span> <span class='ocrx_word' id='word_1_136' title='bbox 2787 660 3005 729; x_wconf 80' lang='grc' dir='ltr'><strong>μνήμης</strong></span> <span class='ocrx_word' id='word_1_137' title='bbox 3024 660 3121 731; x_wconf 86' lang='grc' dir='ltr'><strong>τὴν</strong></span> <span class='ocrx_word' id='word_1_138' title='bbox 3150 659 3308 731; x_wconf 84' lang='grc' dir='ltr'>χάριν</span> <span class='ocrx_word' id='word_1_139' title='bbox 3332 658 3418 712; x_wconf 66' lang='grc' dir='ltr'><strong>διὰ</strong></span> <span class='ocrx_word' id='word_1_140' title='bbox 3444 658 3547 727; x_wconf 81' lang='grc' dir='ltr'><strong>τῆς</strong></span> <span class='ocrx_word' id='word_1_141' title='bbox 3573 674 3684 710; x_wconf 77' lang='grc' dir='ltr'>πα-</span> 
     </span>
    </p>
   </div>
   <div class='ocr_carea' id='block_1_23' title="bbox 2102 748 3686 822">
    <p class='ocr_par' dir='ltr' id='par_1_23' title="bbox 2102 748 3686 822">
     <span class='ocr_line' id='line_1_23' title="bbox 2102 748 3686 822; baseline -0.001 -20"><span class='ocrx_word' id='word_1_142' title='bbox 2102 750 2302 820; x_wconf 86' lang='grc' dir='ltr'>ρακοῆς</span> <span class='ocrx_word' id='word_1_143' title='bbox 2335 752 2393 805; x_wconf 90' lang='grc' dir='ltr'><strong>ἐν</strong></span> <span class='ocrx_word' id='word_1_144' title='bbox 2418 752 2483 821; x_wconf 78' lang='grc' dir='ltr'>τῇ</span> <span class='ocrx_word' id='word_1_145' title='bbox 2516 749 2624 804; x_wconf 82' lang='grc' dir='ltr'><strong>τῶν</strong></span> <span class='ocrx_word' id='word_1_146' title='bbox 2656 750 2875 820; x_wconf 80' lang='grc' dir='ltr'>ἀγαθῶν</span> <span class='ocrx_word' id='word_1_147' title='bbox 2906 750 3043 822; x_wconf 82' lang='grc' dir='ltr'>λήθῃ</span> <span class='ocrx_word' id='word_1_148' title='bbox 3075 751 3376 820; x_wconf 88' lang='grc' dir='ltr'>γενόμενοι,</span> <span class='ocrx_word' id='word_1_149' title='bbox 3403 748 3492 802; x_wconf 77' lang='grc' dir='ltr'>διὰ</span> <span class='ocrx_word' id='word_1_150' title='bbox 3515 748 3686 801; x_wconf 83' lang='grc' dir='ltr'>τοῦτο</span> 
     </span>
    </p>
   </div>
   <div class='ocr_carea' id='block_1_24' title="bbox 2098 841 3686 916">
    <p class='ocr_par' dir='ltr' id='par_1_24' title="bbox 2098 841 3686 916">
     <span class='ocr_line' id='line_1_24' title="bbox 2098 841 3686 916; baseline 0 -22"><span class='ocrx_word' id='word_1_151' title='bbox 2098 843 2186 895; x_wconf 85' lang='grc' dir='ltr'><strong>ἴνα</strong></span> <span class='ocrx_word' id='word_1_152' title='bbox 2218 841 2524 910; x_wconf 85' lang='grc' dir='ltr'>ἀναγγείλω</span> <span class='ocrx_word' id='word_1_153' title='bbox 2550 842 2711 896; x_wconf 85' lang='grc' dir='ltr'>πάλιν</span> <span class='ocrx_word' id='word_1_154' title='bbox 2741 844 2869 914; x_wconf 87' lang='grc' dir='ltr'>ύμῖν</span> <span class='ocrx_word' id='word_1_155' title='bbox 2893 844 2961 896; x_wconf 86' lang='grc' dir='ltr'><strong>τά</strong></span> <span class='ocrx_word' id='word_1_156' title='bbox 2982 842 3104 896; x_wconf 80' lang='grc' dir='ltr'>καθ’</span> <span class='ocrx_word' id='word_1_157' title='bbox 3134 842 3344 916; x_wconf 82' lang='grc' dir='ltr'>ἡμέραν</span> <span class='ocrx_word' id='word_1_158' title='bbox 3376 841 3470 894; x_wconf 65' lang='grc' dir='ltr'><strong>ἐπ)⁸</strong></span> <span class='ocrx_word' id='word_1_159' title='bbox 3499 857 3686 911; x_wconf 72' lang='grc' dir='ltr'>σωτη-</span> 
     </span>
    </p>
   </div>
   <div class='ocr_carea' id='block_1_25' title="bbox 2102 933 3689 1007">
    <p class='ocr_par' dir='ltr' id='par_1_25' title="bbox 2102 933 3689 1007">
     <span class='ocr_line' id='line_1_25' title="bbox 2102 933 3689 1007; baseline 0.001 -20"><span class='ocrx_word' id='word_1_160' title='bbox 2102 934 2195 1006; x_wconf 76' lang='grc' dir='ltr'><strong>ρίᾳ</strong></span> <span class='ocrx_word' id='word_1_161' title='bbox 2220 934 2498 1005; x_wconf 86' lang='grc' dir='ltr'>γινόμενα,</span> <span class='ocrx_word' id='word_1_162' title='bbox 2522 935 2617 988; x_wconf 77' lang='grc' dir='ltr'><strong>καὶ</strong></span> <span class='ocrx_word' id='word_1_163' title='bbox 2644 936 2940 1007; x_wconf 82' lang='grc' dir='ltr'>ἀναμνήσω</span> <span class='ocrx_word' id='word_1_164' title='bbox 2966 934 3035 989; x_wconf 87' lang='grc' dir='ltr'>τὰ</span> <span class='ocrx_word' id='word_1_165' title='bbox 3057 933 3117 1000; x_wconf 82' lang='grc' dir='ltr'><strong>ἐξ</strong></span> <span class='ocrx_word' id='word_1_166' title='bbox 3148 934 3689 1007; x_wconf 64' lang='grc' dir='ltr'>αἰῶνκοάπαριθμη-</span> 
     </span>
    </p>
   </div>
   <div class='ocr_carea' id='block_1_26' title="bbox 2102 1021 3692 1099">
    <p class='ocr_par' dir='ltr' id='par_1_26' title="bbox 2102 1021 3692 1099">
     <span class='ocr_line' id='line_1_26' title="bbox 2102 1021 3692 1099; baseline 0.001 -18"><span class='ocrx_word' id='word_1_167' title='bbox 2102 1028 2334 1099; x_wconf 80' lang='grc' dir='ltr'>σάμενος</span> <span class='ocrx_word' id='word_1_168' title='bbox 2373 1021 2447 1080; x_wconf 79' lang='grc' dir='ltr'>ὧν</span> <span class='ocrx_word' id='word_1_169' title='bbox 2477 1027 2826 1083; x_wconf 73' lang='grc' dir='ltr'><strong>ἐπελάθεσθε·</strong></span> <span class='ocrx_word' id='word_1_170' title='bbox 2858 1031 2940 1083; x_wconf 85' lang='grc' dir='ltr'><strong>Οὐ</strong></span> <span class='ocrx_word' id='word_1_171' title='bbox 2979 1032 3090 1098; x_wconf 78' lang='grc' dir='ltr'>γὰρ</span> <span class='ocrx_word' id='word_1_172' title='bbox 3122 1032 3335 1084; x_wconf 83' lang='grc' dir='ltr'>καινόν</span> <span class='ocrx_word' id='word_1_173' title='bbox 3372 1047 3427 1083; x_wconf 83' lang='grc' dir='ltr'><strong>τι</strong></span> <span class='ocrx_word' id='word_1_174' title='bbox 3461 1046 3692 1098; x_wconf 71' lang='grc' dir='ltr'>κατατο</span> 
     </span>
    </p>
   </div>
   <div class='ocr_carea' id='block_1_27' title="bbox 2100 1117 3693 1190">
    <p class='ocr_par' dir='ltr' id='par_1_27' title="bbox 2100 1117 3693 1190">
     <span class='ocr_line' id='line_1_27' title="bbox 2100 1117 3693 1190; baseline 0.002 -18"><span class='ocrx_word' id='word_1_175' title='bbox 2100 1118 2293 1188; x_wconf 74' lang='grc' dir='ltr'><strong>γέλλω</strong></span> <span class='ocrx_word' id='word_1_176' title='bbox 2316 1117 2432 1172; x_wconf 77' lang='grc' dir='ltr'>νῦν</span> <span class='ocrx_word' id='word_1_177' title='bbox 2461 1119 2845 1189; x_wconf 49' lang='lat' dir='ltr'><strong>Ebur-rbiter,</strong></span> <span class='ocrx_word' id='word_1_178' title='bbox 2875 1120 3036 1174; x_wconf 73' lang='grc' dir='ltr'>ἀλλὰ</span> <span class='ocrx_word' id='word_1_179' title='bbox 3073 1121 3188 1189; x_wconf 78' lang='grc' dir='ltr'><strong>τὴν</strong></span> <span class='ocrx_word' id='word_1_180' title='bbox 3208 1123 3296 1188; x_wconf 80' lang='grc' dir='ltr'><strong>είς</strong></span> <span class='ocrx_word' id='word_1_181' title='bbox 3331 1122 3398 1174; x_wconf 83' lang='grc' dir='ltr'>τὸ</span> <span class='ocrx_word' id='word_1_182' title='bbox 3426 1121 3693 1190; x_wconf 74' lang='grc' dir='ltr'>ἀρχαῖον</span> 
     </span>
    </p>
   </div>
   <div class='ocr_carea' id='block_1_28' title="bbox 2098 1210 3692 1283">
    <p class='ocr_par' dir='ltr' id='par_1_28' title="bbox 2098 1210 3692 1283">
     <span class='ocr_line' id='line_1_28' title="bbox 2098 1210 3692 1283; baseline -0.001 -17"><span class='ocrx_word' id='word_1_183' title='bbox 2098 1211 2601 1266; x_wconf 75' lang='grc' dir='ltr'><strong>ἀποκατάστασιν</strong></span> <span class='ocrx_word' id='word_1_184' title='bbox 2620 1210 2790 1280; x_wconf 75' lang='grc' dir='ltr'><strong>ὑμῶν</strong></span> <span class='ocrx_word' id='word_1_185' title='bbox 2810 1212 3293 1281; x_wconf 79' lang='grc' dir='ltr'>πραγματεύομαι</span> <span class='ocrx_word' id='word_1_186' title='bbox 3313 1227 3327 1241; x_wconf 87' lang='grc'><strong>·</strong></span> <span class='ocrx_word' id='word_1_187' title='bbox 3362 1211 3552 1265; x_wconf 87' lang='grc' dir='ltr'>τούτου</span> <span class='ocrx_word' id='word_1_188' title='bbox 3582 1212 3692 1283; x_wconf 82' lang='grc' dir='ltr'>χά-</span> 
     </span>
    </p>
   </div>
   <div class='ocr_carea' id='block_1_29' title="bbox 2099 1301 3691 1374">
    <p class='ocr_par' dir='ltr' id='par_1_29' title="bbox 2099 1301 3691 1374">
     <span class='ocr_line' id='line_1_29' title="bbox 2099 1301 3691 1374; baseline 0 -19"><span class='ocrx_word' id='word_1_189' title='bbox 2099 1320 2186 1374; x_wconf 89' lang='grc' dir='ltr'><strong>ριν</strong></span> <span class='ocrx_word' id='word_1_190' title='bbox 2212 1303 2465 1374; x_wconf 84' lang='grc' dir='ltr'>ἐκτίσθην</span> <span class='ocrx_word' id='word_1_191' title='bbox 2489 1305 2516 1355; x_wconf 86' lang='grc' dir='ltr'><strong>ό</strong></span> <span class='ocrx_word' id='word_1_192' title='bbox 2540 1301 2625 1356; x_wconf 69' lang='grc' dir='ltr'><strong>ἀεὶ</strong></span> <span class='ocrx_word' id='word_1_193' title='bbox 2654 1301 2749 1366; x_wconf 85' lang='grc' dir='ltr'><strong>ὣν,</strong></span> <span class='ocrx_word' id='word_1_194' title='bbox 2780 1302 2874 1354; x_wconf 80' lang='grc' dir='ltr'><strong>καὶ</strong></span> <span class='ocrx_word' id='word_1_195' title='bbox 2908 1301 3072 1372; x_wconf 80' lang='grc' dir='ltr'>μηδὲν</span> <span class='ocrx_word' id='word_1_196' title='bbox 3106 1301 3200 1355; x_wconf 86' lang='grc' dir='ltr'><strong>τοῦ</strong></span> <span class='ocrx_word' id='word_1_197' title='bbox 3227 1302 3511 1373; x_wconf 81' lang='grc' dir='ltr'>κτισθῆναι</span> <span class='ocrx_word' id='word_1_198' title='bbox 3538 1302 3691 1372; x_wconf 75' lang='grc' dir='ltr'>πρὸς</span> 
     </span>
    </p>
   </div>
   <div class='ocr_carea' id='block_1_30' title="bbox 2100 1388 3695 1462">
    <p class='ocr_par' dir='ltr' id='par_1_30' title="bbox 2100 1388 3695 1462">
     <span class='ocr_line' id='line_1_30' title="bbox 2100 1388 3695 1462; baseline -0.002 -17"><span class='ocrx_word' id='word_1_199' title='bbox 2100 1393 2160 1445; x_wconf 90' lang='grc' dir='ltr'><strong>τὸ</strong></span> <span class='ocrx_word' id='word_1_200' title='bbox 2194 1388 2329 1445; x_wconf 79' lang='grc' dir='ltr'>εἶναι</span> <span class='ocrx_word' id='word_1_201' title='bbox 2352 1392 2622 1462; x_wconf 85' lang='grc' dir='ltr'>δεόμενος.</span> <span class='ocrx_word' id='word_1_202' title='bbox 2661 1390 2823 1442; x_wconf 83' lang='grc' dir='ltr'><strong>Ὥστε</strong></span> <span class='ocrx_word' id='word_1_203' title='bbox 2858 1406 2925 1460; x_wconf 88' lang='grc' dir='ltr'><strong>με</strong></span> <span class='ocrx_word' id='word_1_204' title='bbox 2949 1389 3197 1456; x_wconf 84' lang='grc' dir='ltr'>γενέσθαι</span> <span class='ocrx_word' id='word_1_205' title='bbox 3233 1390 3407 1461; x_wconf 75' lang='grc' dir='ltr'>ἀρχὴν</span> <span class='ocrx_word' id='word_1_206' title='bbox 3436 1389 3572 1443; x_wconf 80' lang='grc' dir='ltr'>ὁδῶν</span> <span class='ocrx_word' id='word_1_207' title='bbox 3604 1392 3695 1452; x_wconf 86' lang='grc' dir='ltr'>εἰς</span> 
     </span>
    </p>
   </div>
   <div class='ocr_carea' id='block_1_31' title="bbox 2100 1481 3695 1556">
    <p class='ocr_par' dir='ltr' id='par_1_31' title="bbox 2100 1481 3695 1556">
     <span class='ocr_line' id='line_1_31' title="bbox 2100 1481 3695 1556; baseline -0.003 -17"><span class='ocrx_word' id='word_1_208' title='bbox 2100 1486 2167 1539; x_wconf 70' lang='grc' dir='ltr'>τὰ</span> <span class='ocrx_word' id='word_1_209' title='bbox 2194 1485 2332 1556; x_wconf 80' lang='grc' dir='ltr'>ἔργα</span> <span class='ocrx_word' id='word_1_210' title='bbox 2374 1482 2466 1537; x_wconf 88' lang='grc' dir='ltr'><strong>τοῦ</strong></span> <span class='ocrx_word' id='word_1_211' title='bbox 2498 1483 2653 1548; x_wconf 85' lang='grc' dir='ltr'>Θεοῦ,</span> <span class='ocrx_word' id='word_1_212' title='bbox 2693 1484 2818 1547; x_wconf 86' lang='grc' dir='ltr'>τοὺς</span> <span class='ocrx_word' id='word_1_213' title='bbox 2857 1482 3176 1553; x_wconf 82' lang='grc' dir='ltr'>ἀνθρώπους</span> <span class='ocrx_word' id='word_1_214' title='bbox 3217 1481 3375 1550; x_wconf 79' lang='grc' dir='ltr'>λέγω.</span> <span class='ocrx_word' id='word_1_215' title='bbox 3406 1483 3517 1551; x_wconf 84' lang='grc' dir='ltr'>Τῆς</span> <span class='ocrx_word' id='word_1_216' title='bbox 3564 1484 3695 1553; x_wconf 76' lang='grc' dir='ltr'>γὰρ</span> 
     </span>
    </p>
   </div>
   <div class='ocr_carea' id='block_1_32' title="bbox 2100 1570 3700 1644">
    <p class='ocr_par' dir='ltr' id='par_1_32' title="bbox 2100 1570 3700 1644">
     <span class='ocr_line' id='line_1_32' title="bbox 2100 1570 3700 1644; baseline -0.003 -16"><span class='ocrx_word' id='word_1_217' title='bbox 2100 1575 2219 1629; x_wconf 73' lang='grc' dir='ltr'>ὁδοῦ</span> <span class='ocrx_word' id='word_1_218' title='bbox 2250 1576 2345 1644; x_wconf 79' lang='grc' dir='ltr'>τῆς</span> <span class='ocrx_word' id='word_1_219' title='bbox 2385 1572 2606 1643; x_wconf 78' lang='grc' dir='ltr'>πρώτης</span> <span class='ocrx_word' id='word_1_220' title='bbox 2648 1572 3110 1643; x_wconf 75' lang='grc' dir='ltr'>καταφθαρείσης,</span> <span class='ocrx_word' id='word_1_221' title='bbox 3148 1572 3254 1625; x_wconf 76' lang='grc' dir='ltr'>ἔδει</span> <span class='ocrx_word' id='word_1_222' title='bbox 3306 1570 3465 1625; x_wconf 81' lang='grc' dir='ltr'>πάλιν</span> <span class='ocrx_word' id='word_1_223' title='bbox 3499 1574 3700 1639; x_wconf 83' lang='grc' dir='ltr'>ἐγκαι-</span> 
     </span>
    </p>
   </div>
   <div class='ocr_carea' id='block_1_33' title="bbox 2102 1650 3699 1737">
    <p class='ocr_par' dir='ltr' id='par_1_33' title="bbox 2102 1650 3699 1737">
     <span class='ocr_line' id='line_1_33' title="bbox 2102 1650 3699 1737; baseline -0.003 -17"><span class='ocrx_word' id='word_1_224' title='bbox 2102 1666 2345 1737; x_wconf 84' lang='grc' dir='ltr'>νισθῆναι</span> <span class='ocrx_word' id='word_1_225' title='bbox 2397 1667 2507 1729; x_wconf 82' lang='grc' dir='ltr'>τοῖς</span> <span class='ocrx_word' id='word_1_226' title='bbox 2565 1650 2934 1734; x_wconf 80' lang='grc' dir='ltr'>πλανωμένοις</span> <span class='ocrx_word' id='word_1_227' title='bbox 2964 1664 3083 1716; x_wconf 84' lang='grc' dir='ltr'>ὁδὸν</span> <span class='ocrx_word' id='word_1_228' title='bbox 3124 1662 3434 1735; x_wconf 76' lang='grc' dir='ltr'>πρόσφατόν</span> <span class='ocrx_word' id='word_1_229' title='bbox 3478 1680 3539 1715; x_wconf 87' lang='grc' dir='ltr'><strong>τε</strong></span> <span class='ocrx_word' id='word_1_230' title='bbox 3588 1664 3699 1716; x_wconf 75' lang='grc' dir='ltr'><strong>καὶ</strong></span> 
     </span>
    </p>
   </div>
   <div class='ocr_carea' id='block_1_34' title="bbox 425 1738 2001 1839">
    <p class='ocr_par' dir='ltr' id='par_1_34' title="bbox 425 1757 1993 1839">
     <span class='ocr_line' id='line_1_34' title="bbox 425 1757 1993 1839; baseline -0.009 -15"><span class='ocrx_word' id='word_1_231' title='bbox 425 1767 751 1839; x_wconf 84' lang='lat' dir='ltr'><strong>principium</strong></span> <span class='ocrx_word' id='word_1_232' title='bbox 802 1766 1015 1820; x_wconf 81' lang='lat' dir='ltr'><strong>viarum</strong></span> <span class='ocrx_word' id='word_1_233' title='bbox 1056 1762 1123 1816; x_wconf 89' lang='lat' dir='ltr'><strong>ad</strong></span> <span class='ocrx_word' id='word_1_234' title='bbox 1165 1776 1330 1832; x_wconf 87' lang='lat' dir='ltr'><strong>opera</strong></span> <span class='ocrx_word' id='word_1_235' title='bbox 1378 1760 1495 1824; x_wconf 90' lang='lat' dir='ltr'><strong>Dei,</strong></span> <span class='ocrx_word' id='word_1_236' title='bbox 1545 1760 1795 1814; x_wconf 86' lang='lat' dir='ltr'><strong>homines</strong></span> <span class='ocrx_word' id='word_1_237' title='bbox 1850 1757 1993 1812; x_wconf 91' lang='lat' dir='ltr'><strong>dico.</strong></span> 
     </span>
    </p>
   </div>
   <div class='ocr_carea' id='block_1_35' title="bbox 2106 1738 3700 1839">
    <p class='ocr_par' dir='ltr' id='par_1_35' title="bbox 2106 1752 3700 1824">
     <span class='ocr_line' id='line_1_35' title="bbox 2106 1752 3700 1824; baseline -0.001 -15"><span class='ocrx_word' id='word_1_238' title='bbox 2106 1757 2305 1821; x_wconf 81' lang='grc' dir='ltr'>ζῶσαν,</span> <span class='ocrx_word' id='word_1_239' title='bbox 2330 1754 2491 1807; x_wconf 78' lang='grc' dir='ltr'>αὑτὸν</span> <span class='ocrx_word' id='word_1_240' title='bbox 2528 1753 2650 1824; x_wconf 81' lang='grc' dir='ltr'>ἐμὲ,</span> <span class='ocrx_word' id='word_1_241' title='bbox 2683 1755 2743 1818; x_wconf 87' lang='grc' dir='ltr'>ὅς</span> <span class='ocrx_word' id='word_1_242' title='bbox 2776 1755 2891 1823; x_wconf 85' lang='grc' dir='ltr'>εἰμι</span> <span class='ocrx_word' id='word_1_243' title='bbox 2922 1753 3060 1816; x_wconf 84' lang='grc' dir='ltr'>ὁδός.</span> <span class='ocrx_word' id='word_1_244' title='bbox 3094 1754 3201 1806; x_wconf 78' lang='grc' dir='ltr'><strong>Καὶ</strong></span> <span class='ocrx_word' id='word_1_245' title='bbox 3224 1754 3305 1806; x_wconf 83' lang='grc' dir='ltr'>ὅτι</span> <span class='ocrx_word' id='word_1_246' title='bbox 3331 1753 3466 1823; x_wconf 88' lang='grc' dir='ltr'>πρὸς</span> <span class='ocrx_word' id='word_1_247' title='bbox 3501 1752 3566 1805; x_wconf 86' lang='grc' dir='ltr'><strong>τὸ</strong></span> <span class='ocrx_word' id='word_1_248' title='bbox 3600 1755 3700 1807; x_wconf 79' lang='grc' dir='ltr'><strong>ὀν-</strong></span> 
     </span>
    </p>
   </div>
   <div class='ocr_carea' id='block_1_36' title="bbox 428 1848 1997 1925">
    <p class='ocr_par' dir='ltr' id='par_1_36' title="bbox 428 1848 1997 1925">
     <span class='ocr_line' id='line_1_36' title="bbox 428 1848 1997 1925; baseline -0.009 -10"><span class='ocrx_word' id='word_1_249' title='bbox 428 1859 560 1914; x_wconf 89' lang='lat' dir='ltr'><strong>Nam</strong></span> <span class='ocrx_word' id='word_1_250' title='bbox 591 1861 850 1925; x_wconf 90' lang='lat' dir='ltr'><strong>corrupta</strong></span> <span class='ocrx_word' id='word_1_251' title='bbox 884 1852 972 1907; x_wconf 93' lang='lat' dir='ltr'><strong>via</strong></span> <span class='ocrx_word' id='word_1_252' title='bbox 1005 1853 1203 1923; x_wconf 87' lang='lat' dir='ltr'><strong>prima,</strong></span> <span class='ocrx_word' id='word_1_253' title='bbox 1239 1852 1379 1905; x_wconf 84' lang='lat' dir='ltr'><strong>viam</strong></span> <span class='ocrx_word' id='word_1_254' title='bbox 1425 1857 1702 1905; x_wconf 87' lang='lat' dir='ltr'><strong>recentem</strong></span> <span class='ocrx_word' id='word_1_255' title='bbox 1739 1858 1792 1903; x_wconf 93' lang='lat' dir='ltr'><strong>et</strong></span> <span class='ocrx_word' id='word_1_256' title='bbox 1819 1848 1997 1902; x_wconf 81' lang='lat' dir='ltr'><strong>vivam</strong></span> 
     </span>
    </p>
   </div>
   <div class='ocr_carea' id='block_1_37' title="bbox 428 1941 2000 2011">
    <p class='ocr_par' dir='ltr' id='par_1_37' title="bbox 428 1941 2000 2011">
     <span class='ocr_line' id='line_1_37' title="bbox 428 1941 2000 2011; baseline -0.007 -6"><span class='ocrx_word' id='word_1_257' title='bbox 428 1950 742 2006; x_wconf 88' lang='lat' dir='ltr'><strong>errantibus</strong></span> <span class='ocrx_word' id='word_1_258' title='bbox 772 1945 1021 1999; x_wconf 83' lang='lat' dir='ltr'><strong>innovari</strong></span> <span class='ocrx_word' id='word_1_259' title='bbox 1046 1958 1239 1999; x_wconf 88' lang='lat' dir='ltr'><strong>rursus</strong></span> <span class='ocrx_word' id='word_1_260' title='bbox 1268 1942 1576 2011; x_wconf 87' lang='lat' dir='ltr'><strong>oportebat,</strong></span> <span class='ocrx_word' id='word_1_261' title='bbox 1606 1955 1802 2011; x_wconf 90' lang='lat' dir='ltr'><strong>nempe</strong></span> <span class='ocrx_word' id='word_1_262' title='bbox 1829 1941 2000 2009; x_wconf 83' lang='lat' dir='ltr'><strong>meip-</strong></span> 
     </span>
    </p>
   </div>
   <div class='ocr_carea' id='block_1_38' title="bbox 428 2031 2002 2108">
    <p class='ocr_par' dir='ltr' id='par_1_38' title="bbox 428 2031 2002 2108">
     <span class='ocr_line' id='line_1_38' title="bbox 428 2031 2002 2108; baseline -0.008 -12"><span class='ocrx_word' id='word_1_263' title='bbox 428 2057 548 2097; x_wconf 87' lang='lat' dir='ltr'><strong>sum</strong></span> <span class='ocrx_word' id='word_1_264' title='bbox 612 2039 705 2108; x_wconf 89' lang='lat' dir='ltr'><strong>qui</strong></span> <span class='ocrx_word' id='word_1_265' title='bbox 741 2051 860 2092; x_wconf 91' lang='lat' dir='ltr'><strong>sum</strong></span> <span class='ocrx_word' id='word_1_266' title='bbox 892 2036 997 2090; x_wconf 86' lang='lat' dir='ltr'><strong>via.</strong></span> <span class='ocrx_word' id='word_1_267' title='bbox 1033 2034 1187 2100; x_wconf 87' lang='lat' dir='ltr'><strong>Quod</strong></span> <span class='ocrx_word' id='word_1_268' title='bbox 1227 2034 1295 2088; x_wconf 92' lang='lat' dir='ltr'><strong>ad</strong></span> <span class='ocrx_word' id='word_1_269' title='bbox 1328 2033 1724 2087; x_wconf 84' lang='lat' dir='ltr'><strong>immanitatem</strong></span> <span class='ocrx_word' id='word_1_270' title='bbox 1779 2031 2002 2100; x_wconf 82' lang='lat' dir='ltr'><strong>reSpieit</strong></span> 
     </span>
    </p>
   </div>
   <div class='ocr_carea' id='block_1_39' title="bbox 435 2120 1998 2194">
    <p class='ocr_par' dir='ltr' id='par_1_39' title="bbox 435 2120 1998 2194">
     <span class='ocr_line' id='line_1_39' title="bbox 435 2120 1998 2194; baseline -0.01 -7"><span class='ocrx_word' id='word_1_271' title='bbox 435 2132 702 2188; x_wconf 87' lang='lat' dir='ltr'><strong>sententia</strong></span> <span class='ocrx_word' id='word_1_272' title='bbox 737 2128 915 2194; x_wconf 81' lang='lat' dir='ltr'><strong>verbi,</strong></span> <span class='ocrx_word' id='word_1_273' title='bbox 937 2125 1273 2192; x_wconf 89' lang='lat' dir='ltr'><strong>Creavitme,</strong></span> <span class='ocrx_word' id='word_1_274' title='bbox 1294 2123 1451 2177; x_wconf 93' lang='lat' dir='ltr'><strong>nobis</strong></span> <span class='ocrx_word' id='word_1_275' title='bbox 1496 2122 1843 2177; x_wconf 79' lang='lat' dir='ltr'><strong>manifestius</strong></span> <span class='ocrx_word' id='word_1_276' title='bbox 1872 2120 1998 2173; x_wconf 88' lang='lat' dir='ltr'><strong>red-</strong></span> 
     </span>
    </p>
   </div>
   <div class='ocr_carea' id='block_1_40' title="bbox 434 2212 2000 2283">
    <p class='ocr_par' dir='ltr' id='par_1_40' title="bbox 434 2212 2000 2283">
     <span class='ocr_line' id='line_1_40' title="bbox 434 2212 2000 2283; baseline -0.01 -4"><span class='ocrx_word' id='word_1_277' title='bbox 434 2226 515 2279; x_wconf 92' lang='lat' dir='ltr'><strong>dit</strong></span> <span class='ocrx_word' id='word_1_278' title='bbox 557 2223 673 2277; x_wconf 82' lang='lat' dir='ltr'><strong>suis</strong></span> <span class='ocrx_word' id='word_1_279' title='bbox 702 2218 884 2274; x_wconf 86' lang='lat' dir='ltr'><strong>verbis</strong></span> <span class='ocrx_word' id='word_1_280' title='bbox 918 2215 1137 2269; x_wconf 86' lang='lat' dir='ltr'><strong>divinus</strong></span> <span class='ocrx_word' id='word_1_281' title='bbox 1202 2214 1529 2282; x_wconf 84' lang='lat' dir='ltr'><strong>Apostolus,</strong></span> <span class='ocrx_word' id='word_1_282' title='bbox 1588 2213 1790 2283; x_wconf 88' lang='lat' dir='ltr'><strong>quibus</strong></span> <span class='ocrx_word' id='word_1_283' title='bbox 1841 2212 2000 2281; x_wconf 89' lang='lat' dir='ltr'><strong>jubet</strong></span> 
     </span>
    </p>
   </div>
   <div class='ocr_carea' id='block_1_41' title="bbox 428 2303 2001 2372">
    <p class='ocr_par' dir='ltr' id='par_1_41' title="bbox 428 2303 2001 2372">
     <span class='ocr_line' id='line_1_41' title="bbox 428 2303 2001 2372; baseline -0.008 -5"><span class='ocrx_word' id='word_1_284' title='bbox 428 2314 651 2369; x_wconf 72' lang='lat' dir='ltr'><strong>induere</strong></span> <span class='ocrx_word' id='word_1_285' title='bbox 711 2310 999 2363; x_wconf 88' lang='lat' dir='ltr'><strong>Dominum</strong></span> <span class='ocrx_word' id='word_1_286' title='bbox 1048 2304 1234 2360; x_wconf 82' lang='lat' dir='ltr'><strong>Jesum</strong></span> <span class='ocrx_word' id='word_1_287' title='bbox 1269 2304 1545 2359; x_wconf 87' lang='lat' dir='ltr'><strong>Christum</strong></span> <span class='ocrx_word' id='word_1_288' title='bbox 1584 2303 1629 2334; x_wconf 83' lang='grc'>¹⁸</span> <span class='ocrx_word' id='word_1_289' title='bbox 1665 2320 1679 2368; x_wconf 89' lang='lat'><strong>;</strong></span> <span class='ocrx_word' id='word_1_290' title='bbox 1738 2312 2001 2372; x_wconf 69' lang='lat' dir='ltr'><strong>prreterea</strong></span> 
     </span>
    </p>
   </div>
   <div class='ocr_carea' id='block_1_42' title="bbox 429 2393 1998 2469">
    <p class='ocr_par' dir='ltr' id='par_1_42' title="bbox 429 2393 1998 2469">
     <span class='ocr_line' id='line_1_42' title="bbox 429 2393 1998 2469; baseline -0.01 -11"><span class='ocrx_word' id='word_1_291' title='bbox 429 2404 520 2458; x_wconf 90' lang='lat' dir='ltr'><strong>ubi</strong></span> <span class='ocrx_word' id='word_1_292' title='bbox 578 2401 769 2457; x_wconf 88' lang='lat' dir='ltr'><strong>eodem</strong></span> <span class='ocrx_word' id='word_1_293' title='bbox 807 2399 1038 2469; x_wconf 87' lang='lat' dir='ltr'><strong>repetito</strong></span> <span class='ocrx_word' id='word_1_294' title='bbox 1069 2410 1322 2451; x_wconf 88' lang='lat' dir='ltr'><strong>sermone</strong></span> <span class='ocrx_word' id='word_1_295' title='bbox 1355 2394 1511 2457; x_wconf 88' lang='lat' dir='ltr'><strong>dicit,</strong></span> <span class='ocrx_word' id='word_1_296' title='bbox 1548 2393 1762 2447; x_wconf 83' lang='lat' dir='ltr'><strong>Induite</strong></span> <span class='ocrx_word' id='word_1_297' title='bbox 1808 2407 1998 2445; x_wconf 79' lang='lat' dir='ltr'><strong>norum</strong></span> 
     </span>
    </p>
   </div>
   <div class='ocr_carea' id='block_1_43' title="bbox 427 2482 2000 2562">
    <p class='ocr_par' dir='ltr' id='par_1_43' title="bbox 427 2482 2000 2562">
     <span class='ocr_line' id='line_1_43' title="bbox 427 2482 2000 2562; baseline -0.008 -15"><span class='ocrx_word' id='word_1_298' title='bbox 427 2496 684 2549; x_wconf 81' lang='lat' dir='ltr'><strong>hominem</strong></span> <span class='ocrx_word' id='word_1_299' title='bbox 708 2493 796 2562; x_wconf 81' lang='lat' dir='ltr'><strong>qui</strong></span> <span class='ocrx_word' id='word_1_300' title='bbox 824 2489 1106 2544; x_wconf 83' lang='lat' dir='ltr'><strong>secundum</strong></span> <span class='ocrx_word' id='word_1_301' title='bbox 1140 2488 1302 2540; x_wconf 83' lang='lat' dir='ltr'><strong>Deum</strong></span> <span class='ocrx_word' id='word_1_302' title='bbox 1333 2495 1540 2539; x_wconf 81' lang='lat' dir='ltr'><strong>creatus</strong></span> <span class='ocrx_word' id='word_1_303' title='bbox 1561 2494 1637 2538; x_wconf 85' lang='lat' dir='ltr'><strong>est</strong></span> <span class='ocrx_word' id='word_1_304' title='bbox 1663 2484 1707 2515; x_wconf 82' lang='grc'><strong>¹⁸</strong></span> <span class='ocrx_word' id='word_1_305' title='bbox 1728 2524 1742 2539; x_wconf 88' lang='grc'><strong>.</strong></span> <span class='ocrx_word' id='word_1_306' title='bbox 1775 2482 1832 2537; x_wconf 87' lang='lat' dir='ltr'><strong>Si</strong></span> <span class='ocrx_word' id='word_1_307' title='bbox 1854 2483 2000 2537; x_wconf 89' lang='lat' dir='ltr'><strong>cnim</strong></span> 
     </span>
    </p>
   </div>
   <div class='ocr_carea' id='block_1_44' title="bbox 429 2576 2002 2640">
    <p class='ocr_par' dir='ltr' id='par_1_44' title="bbox 429 2576 2002 2640">
     <span class='ocr_line' id='line_1_44' title="bbox 429 2576 2002 2640; baseline -0.008 -1"><span class='ocrx_word' id='word_1_308' title='bbox 429 2587 647 2640; x_wconf 89' lang='lat' dir='ltr'><strong>unicum</strong></span> <span class='ocrx_word' id='word_1_309' title='bbox 686 2591 770 2638; x_wconf 90' lang='lat' dir='ltr'><strong>est</strong></span> <span class='ocrx_word' id='word_1_310' title='bbox 826 2583 1067 2638; x_wconf 85' lang='lat' dir='ltr'><strong>salutare</strong></span> <span class='ocrx_word' id='word_1_311' title='bbox 1116 2578 1515 2640; x_wconf 86' lang='lat' dir='ltr'><strong>indumentum,</strong></span> <span class='ocrx_word' id='word_1_312' title='bbox 1554 2576 1657 2630; x_wconf 94' lang='lat' dir='ltr'><strong>hoe</strong></span> <span class='ocrx_word' id='word_1_313' title='bbox 1683 2584 1862 2630; x_wconf 88' lang='lat' dir='ltr'><strong>autem</strong></span> <span class='ocrx_word' id='word_1_314' title='bbox 1917 2582 2002 2627; x_wconf 88' lang='lat' dir='ltr'><strong>est</strong></span> 
     </span>
    </p>
   </div>
   <div class='ocr_carea' id='block_1_45' title="bbox 425 2664 1996 2741">
    <p class='ocr_par' dir='ltr' id='par_1_45' title="bbox 425 2664 1996 2741">
     <span class='ocr_line' id='line_1_45' title="bbox 425 2664 1996 2741; baseline -0.01 -8"><span class='ocrx_word' id='word_1_315' title='bbox 425 2678 701 2740; x_wconf 83' lang='lat' dir='ltr'><strong>Christus,</strong></span> <span class='ocrx_word' id='word_1_316' title='bbox 732 2688 842 2729; x_wconf 91' lang='lat' dir='ltr'><strong>non</strong></span> <span class='ocrx_word' id='word_1_317' title='bbox 876 2673 1040 2726; x_wconf 88' lang='lat' dir='ltr'><strong>alium</strong></span> <span class='ocrx_word' id='word_1_318' title='bbox 1066 2671 1192 2741; x_wconf 89' lang='lat' dir='ltr'><strong>quis</strong></span> <span class='ocrx_word' id='word_1_319' title='bbox 1216 2668 1418 2723; x_wconf 81' lang='lat' dir='ltr'><strong>dixerit</strong></span> <span class='ocrx_word' id='word_1_320' title='bbox 1460 2677 1660 2737; x_wconf 82' lang='lat' dir='ltr'><strong>praeter</strong></span> <span class='ocrx_word' id='word_1_321' title='bbox 1714 2664 1996 2721; x_wconf 88' lang='lat' dir='ltr'><strong>Christum</strong></span> 
     </span>
    </p>
   </div>
   <div class='ocr_carea' id='block_1_46' title="bbox 426 2756 2000 2829">
    <p class='ocr_par' dir='ltr' id='par_1_46' title="bbox 426 2756 2000 2829">
     <span class='ocr_line' id='line_1_46' title="bbox 426 2756 2000 2829; baseline -0.01 -5"><span class='ocrx_word' id='word_1_322' title='bbox 426 2784 549 2824; x_wconf 87' lang='lat' dir='ltr'><strong>esse</strong></span> <span class='ocrx_word' id='word_1_323' title='bbox 584 2781 782 2821; x_wconf 87' lang='lat' dir='ltr'><strong>novum</strong></span> <span class='ocrx_word' id='word_1_324' title='bbox 817 2765 1114 2827; x_wconf 88' lang='lat' dir='ltr'><strong>hominem,</strong></span> <span class='ocrx_word' id='word_1_325' title='bbox 1146 2776 1272 2816; x_wconf 91' lang='lat' dir='ltr'><strong>eum</strong></span> <span class='ocrx_word' id='word_1_326' title='bbox 1321 2760 1415 2829; x_wconf 88' lang='lat' dir='ltr'><strong>qui</strong></span> <span class='ocrx_word' id='word_1_327' title='bbox 1467 2758 1769 2815; x_wconf 88' lang='lat' dir='ltr'><strong>secundum</strong></span> <span class='ocrx_word' id='word_1_328' title='bbox 1828 2756 2000 2810; x_wconf 91' lang='lat' dir='ltr'><strong>Deum</strong></span> 
     </span>
    </p>
   </div>
   <div class='ocr_carea' id='block_1_47' title="bbox 426 2850 2000 2923">
    <p class='ocr_par' dir='ltr' id='par_1_47' title="bbox 426 2850 2000 2923">
     <span class='ocr_line' id='line_1_47' title="bbox 426 2850 2000 2923; baseline -0.009 -7"><span class='ocrx_word' id='word_1_329' title='bbox 426 2869 647 2916; x_wconf 88' lang='lat' dir='ltr'><strong>creatus</strong></span> <span class='ocrx_word' id='word_1_330' title='bbox 684 2869 785 2915; x_wconf 89' lang='lat' dir='ltr'><strong>est.</strong></span> <span class='ocrx_word' id='word_1_331' title='bbox 830 2855 939 2912; x_wconf 88' lang='lat' dir='ltr'><strong>Sed</strong></span> <span class='ocrx_word' id='word_1_332' title='bbox 978 2856 1187 2910; x_wconf 88' lang='lat' dir='ltr'><strong>clarum</strong></span> <span class='ocrx_word' id='word_1_333' title='bbox 1240 2862 1347 2921; x_wconf 87' lang='lat' dir='ltr'><strong>est,</strong></span> <span class='ocrx_word' id='word_1_334' title='bbox 1383 2851 1530 2923; x_wconf 91' lang='lat' dir='ltr'><strong>quod</strong></span> <span class='ocrx_word' id='word_1_335' title='bbox 1577 2851 1670 2922; x_wconf 90' lang='lat' dir='ltr'><strong>qui</strong></span> <span class='ocrx_word' id='word_1_336' title='bbox 1718 2850 2000 2905; x_wconf 89' lang='lat' dir='ltr'><strong>Christum</strong></span> 
     </span>
    </p>
   </div>
   <div class='ocr_carea' id='block_1_48' title="bbox 426 2942 1999 3016">
    <p class='ocr_par' dir='ltr' id='par_1_48' title="bbox 426 2942 1999 3016">
     <span class='ocr_line' id='line_1_48' title="bbox 426 2942 1999 3016; baseline -0.008 -8"><span class='ocrx_word' id='word_1_337' title='bbox 426 2952 625 3016; x_wconf 84' lang='lat' dir='ltr'><strong>induit,</strong></span> <span class='ocrx_word' id='word_1_338' title='bbox 662 2965 860 3006; x_wconf 88' lang='lat' dir='ltr'><strong>novum</strong></span> <span class='ocrx_word' id='word_1_339' title='bbox 893 2948 1068 3002; x_wconf 91' lang='lat' dir='ltr'><strong>induit</strong></span> <span class='ocrx_word' id='word_1_340' title='bbox 1094 2945 1393 3007; x_wconf 85' lang='lat' dir='ltr'><strong>hominem.</strong></span> <span class='ocrx_word' id='word_1_341' title='bbox 1424 2959 1548 2999; x_wconf 88' lang='lat' dir='ltr'><strong>eum</strong></span> <span class='ocrx_word' id='word_1_342' title='bbox 1574 2943 1668 3014; x_wconf 88' lang='lat' dir='ltr'><strong>qui</strong></span> <span class='ocrx_word' id='word_1_343' title='bbox 1694 2942 1999 2998; x_wconf 89' lang='lat' dir='ltr'><strong>secundum</strong></span> 
     </span>
    </p>
   </div>
   <div class='ocr_carea' id='block_1_49' title="bbox 428 3034 2003 3106">
    <p class='ocr_par' dir='ltr' id='par_1_49' title="bbox 428 3034 2003 3106">
     <span class='ocr_line' id='line_1_49' title="bbox 428 3034 2003 3106; baseline -0.006 -8"><span class='ocrx_word' id='word_1_344' title='bbox 428 3044 599 3100; x_wconf 88' lang='lat' dir='ltr'><strong>Deum</strong></span> <span class='ocrx_word' id='word_1_345' title='bbox 633 3050 848 3099; x_wconf 87' lang='lat' dir='ltr'><strong>creatus</strong></span> <span class='ocrx_word' id='word_1_346' title='bbox 880 3048 985 3097; x_wconf 91' lang='lat' dir='ltr'><strong>est.</strong></span> <span class='ocrx_word' id='word_1_347' title='bbox 1024 3039 1186 3094; x_wconf 91' lang='lat' dir='ltr'><strong>Solus</strong></span> <span class='ocrx_word' id='word_1_348' title='bbox 1213 3038 1358 3093; x_wconf 86' lang='lat' dir='ltr'><strong>enim</strong></span> <span class='ocrx_word' id='word_1_349' title='bbox 1390 3036 1480 3091; x_wconf 91' lang='lat' dir='ltr'><strong>hic</strong></span> <span class='ocrx_word' id='word_1_350' title='bbox 1518 3051 1647 3092; x_wconf 86' lang='lat' dir='ltr'><strong>vere</strong></span> <span class='ocrx_word' id='word_1_351' title='bbox 1698 3042 1753 3090; x_wconf 91' lang='lat' dir='ltr'><strong>et</strong></span> <span class='ocrx_word' id='word_1_352' title='bbox 1783 3034 2003 3106; x_wconf 89' lang='lat' dir='ltr'><strong>proprie</strong></span> 
     </span>
    </p>
   </div>
   <div class='ocr_carea' id='block_1_50' title="bbox 427 3131 2007 3201">
    <p class='ocr_par' dir='ltr' id='par_1_50' title="bbox 427 3131 2007 3201">
     <span class='ocr_line' id='line_1_50' title="bbox 427 3131 2007 3201; baseline -0.006 -11"><span class='ocrx_word' id='word_1_353' title='bbox 427 3151 605 3191; x_wconf 89' lang='lat' dir='ltr'><strong>novus</strong></span> <span class='ocrx_word' id='word_1_354' title='bbox 632 3135 951 3191; x_wconf 88' lang='lat' dir='ltr'><strong>nominatur</strong></span> <span class='ocrx_word' id='word_1_355' title='bbox 981 3133 1167 3197; x_wconf 89' lang='lat' dir='ltr'><strong>homo,</strong></span> <span class='ocrx_word' id='word_1_356' title='bbox 1202 3131 1296 3201; x_wconf 87' lang='lat' dir='ltr'><strong>qui</strong></span> <span class='ocrx_word' id='word_1_357' title='bbox 1320 3145 1431 3185; x_wconf 91' lang='lat' dir='ltr'><strong>non</strong></span> <span class='ocrx_word' id='word_1_358' title='bbox 1454 3144 1549 3200; x_wconf 91' lang='lat' dir='ltr'><strong>per</strong></span> <span class='ocrx_word' id='word_1_359' title='bbox 1572 3137 1734 3183; x_wconf 87' lang='lat' dir='ltr'><strong>notas</strong></span> <span class='ocrx_word' id='word_1_360' title='bbox 1766 3137 1821 3183; x_wconf 88' lang='lat' dir='ltr'><strong>et</strong></span> <span class='ocrx_word' id='word_1_361' title='bbox 1868 3141 2007 3182; x_wconf 89' lang='lat' dir='ltr'><strong>con-</strong></span> 
     </span>
    </p>
   </div>
   <div class='ocr_carea' id='block_1_51' title="bbox 430 3217 2006 3291">
    <p class='ocr_par' dir='ltr' id='par_1_51' title="bbox 430 3217 2006 3291">
     <span class='ocr_line' id='line_1_51' title="bbox 430 3217 2006 3291; baseline -0.006 -8"><span class='ocrx_word' id='word_1_362' title='bbox 430 3236 618 3283; x_wconf 90' lang='lat' dir='ltr'><strong>suetas</strong></span> <span class='ocrx_word' id='word_1_363' title='bbox 652 3235 864 3281; x_wconf 59' lang='lat' dir='ltr'><strong>naturas</strong></span> <span class='ocrx_word' id='word_1_364' title='bbox 893 3225 1013 3280; x_wconf 88' lang='lat' dir='ltr'><strong>vias</strong></span> <span class='ocrx_word' id='word_1_365' title='bbox 1047 3225 1104 3279; x_wconf 90' lang='lat' dir='ltr'><strong>in</strong></span> <span class='ocrx_word' id='word_1_366' title='bbox 1139 3222 1422 3279; x_wconf 91' lang='lat' dir='ltr'><strong>hominum</strong></span> <span class='ocrx_word' id='word_1_367' title='bbox 1446 3221 1554 3276; x_wconf 87' lang='lat' dir='ltr'><strong>vita</strong></span> <span class='ocrx_word' id='word_1_368' title='bbox 1575 3219 1863 3291; x_wconf 88' lang='lat' dir='ltr'><strong>apparuit:</strong></span> <span class='ocrx_word' id='word_1_369' title='bbox 1907 3217 2006 3275; x_wconf 87' lang='lat' dir='ltr'><strong>sed</strong></span> 
     </span>
    </p>
   </div>
   <div class='ocr_carea' id='block_1_52' title="bbox 426 3311 2006 3387">
    <p class='ocr_par' dir='ltr' id='par_1_52' title="bbox 426 3311 2006 3387">
     <span class='ocr_line' id='line_1_52' title="bbox 426 3311 2006 3387; baseline -0.007 -13"><span class='ocrx_word' id='word_1_370' title='bbox 426 3318 685 3375; x_wconf 83' lang='lat' dir='ltr'><strong>inusitata</strong></span> <span class='ocrx_word' id='word_1_371' title='bbox 713 3317 959 3387; x_wconf 70' lang='lat' dir='ltr'><strong>quaedam</strong></span> <span class='ocrx_word' id='word_1_372' title='bbox 985 3324 1039 3370; x_wconf 85' lang='lat' dir='ltr'><strong>et</strong></span> <span class='ocrx_word' id='word_1_373' title='bbox 1058 3313 1355 3386; x_wconf 89' lang='lat' dir='ltr'><strong>peculiaris</strong></span> <span class='ocrx_word' id='word_1_374' title='bbox 1382 3312 1439 3367; x_wconf 93' lang='lat' dir='ltr'><strong>in</strong></span> <span class='ocrx_word' id='word_1_375' title='bbox 1465 3312 1570 3366; x_wconf 90' lang='lat' dir='ltr'><strong>hoc</strong></span> <span class='ocrx_word' id='word_1_376' title='bbox 1601 3311 1720 3366; x_wconf 91' lang='lat' dir='ltr'><strong>solo</strong></span> <span class='ocrx_word' id='word_1_377' title='bbox 1742 3311 2006 3364; x_wconf 88' lang='lat' dir='ltr'><strong>innovata</strong></span> 
     </span>
    </p>
   </div>
   <div class='ocr_carea' id='block_1_53' title="bbox 428 3401 2007 3464">
    <p class='ocr_par' dir='ltr' id='par_1_53' title="bbox 428 3401 2007 3464">
     <span class='ocr_line' id='line_1_53' title="bbox 428 3401 2007 3464; baseline -0.006 0"><span class='ocrx_word' id='word_1_378' title='bbox 428 3416 515 3464; x_wconf 87' lang='lat' dir='ltr'><strong>est</strong></span> <span class='ocrx_word' id='word_1_379' title='bbox 543 3408 771 3463; x_wconf 88' lang='lat' dir='ltr'><strong>creatio.</strong></span> <span class='ocrx_word' id='word_1_380' title='bbox 802 3405 1016 3461; x_wconf 87' lang='lat' dir='ltr'><strong>Idcirco</strong></span> <span class='ocrx_word' id='word_1_381' title='bbox 1058 3404 1127 3460; x_wconf 88' lang='lat' dir='ltr'><strong>ad</strong></span> <span class='ocrx_word' id='word_1_382' title='bbox 1156 3406 1299 3459; x_wconf 89' lang='lat' dir='ltr'><strong>hunc</strong></span> <span class='ocrx_word' id='word_1_383' title='bbox 1342 3402 1722 3457; x_wconf 88' lang='lat' dir='ltr'><strong>admirabilem</strong></span> <span class='ocrx_word' id='word_1_384' title='bbox 1749 3410 1804 3456; x_wconf 89' lang='lat' dir='ltr'><strong>et</strong></span> <span class='ocrx_word' id='word_1_385' title='bbox 1850 3401 2007 3456; x_wconf 86' lang='lat' dir='ltr'><strong>inau-</strong></span> 
     </span>
    </p>
   </div>
   <div class='ocr_carea' id='block_1_54' title="bbox 428 3490 2005 3566">
    <p class='ocr_par' dir='ltr' id='par_1_54' title="bbox 428 3490 2005 3566">
     <span class='ocr_line' id='line_1_54' title="bbox 428 3490 2005 3566; baseline -0.004 -14"><span class='ocrx_word' id='word_1_386' title='bbox 428 3497 601 3552; x_wconf 90' lang='lat' dir='ltr'><strong>ditum</strong></span> <span class='ocrx_word' id='word_1_387' title='bbox 644 3495 1017 3566; x_wconf 73' lang='lat' dir='ltr'><strong>generationis</strong></span> <span class='ocrx_word' id='word_1_388' title='bbox 1057 3492 1279 3547; x_wconf 87' lang='lat' dir='ltr'><strong>modum</strong></span> <span class='ocrx_word' id='word_1_389' title='bbox 1331 3492 1635 3562; x_wconf 87' lang='lat' dir='ltr'><strong>respiciens</strong></span> <span class='ocrx_word' id='word_1_390' title='bbox 1688 3490 2005 3561; x_wconf 77' lang='lat' dir='ltr'><strong>Apostolus,</strong></span> 
     </span>
    </p>
   </div>
   <div class='ocr_carea' id='block_1_55' title="bbox 428 3580 2009 3639">
    <p class='ocr_par' dir='ltr' id='par_1_55' title="bbox 428 3580 2009 3639">
     <span class='ocr_line' id='line_1_55' title="bbox 428 3580 2009 3639; baseline -0.003 0"><span class='ocrx_word' id='word_1_391' title='bbox 428 3583 683 3639; x_wconf 90' lang='lat' dir='ltr'><strong>eumdem</strong></span> <span class='ocrx_word' id='word_1_392' title='bbox 722 3599 924 3638; x_wconf 88' lang='lat' dir='ltr'><strong>novum</strong></span> <span class='ocrx_word' id='word_1_393' title='bbox 974 3584 1253 3639; x_wconf 90' lang='lat' dir='ltr'><strong>hominem</strong></span> <span class='ocrx_word' id='word_1_394' title='bbox 1308 3580 1612 3639; x_wconf 86' lang='lat' dir='ltr'><strong>secundum</strong></span> <span class='ocrx_word' id='word_1_395' title='bbox 1650 3581 1818 3636; x_wconf 85' lang='lat' dir='ltr'><strong>Deum</strong></span> <span class='ocrx_word' id='word_1_396' title='bbox 1848 3595 2009 3636; x_wconf 90' lang='lat' dir='ltr'><strong>crea-</strong></span> 
     </span>
    </p>
   </div>
   <div class='ocr_carea' id='block_1_56' title="bbox 429 3675 2008 3739">
    <p class='ocr_par' dir='ltr' id='par_1_56' title="bbox 429 3675 2008 3739">
     <span class='ocr_line' id='line_1_56' title="bbox 429 3675 2008 3739; baseline -0.003 -8"><span class='ocrx_word' id='word_1_397' title='bbox 429 3685 546 3732; x_wconf 91' lang='lat' dir='ltr'><strong>tum</strong></span> <span class='ocrx_word' id='word_1_398' title='bbox 579 3676 847 3739; x_wconf 83' lang='lat' dir='ltr'><strong>nominat,</strong></span> <span class='ocrx_word' id='word_1_399' title='bbox 880 3683 935 3730; x_wconf 92' lang='lat' dir='ltr'><strong>et</strong></span> <span class='ocrx_word' id='word_1_400' title='bbox 964 3675 1031 3729; x_wconf 89' lang='lat' dir='ltr'><strong>ad</strong></span> <span class='ocrx_word' id='word_1_401' title='bbox 1060 3675 1301 3731; x_wconf 89' lang='lat' dir='ltr'><strong>divinam</strong></span> <span class='ocrx_word' id='word_1_402' title='bbox 1333 3675 1556 3731; x_wconf 90' lang='lat' dir='ltr'><strong>intuens</strong></span> <span class='ocrx_word' id='word_1_403' title='bbox 1584 3682 1838 3729; x_wconf 89' lang='lat' dir='ltr'><strong>naturam</strong></span> <span class='ocrx_word' id='word_1_404' title='bbox 1860 3688 2008 3729; x_wconf 87' lang='lat' dir='ltr'><strong>crea-</strong></span> 
     </span>
    </p>
   </div>
   <div class='ocr_carea' id='block_1_57' title="bbox 430 3763 2007 3836">
    <p class='ocr_par' dir='ltr' id='par_1_57' title="bbox 430 3763 2007 3836">
     <span class='ocr_line' id='line_1_57' title="bbox 430 3763 2007 3836; baseline -0.001 -17"><span class='ocrx_word' id='word_1_405' title='bbox 430 3766 561 3819; x_wconf 89' lang='lat' dir='ltr'><strong>tioui</strong></span> <span class='ocrx_word' id='word_1_406' title='bbox 588 3765 752 3834; x_wconf 89' lang='lat' dir='ltr'><strong>hujus</strong></span> <span class='ocrx_word' id='word_1_407' title='bbox 784 3764 913 3819; x_wconf 87' lang='lat' dir='ltr'><strong>novi</strong></span> <span class='ocrx_word' id='word_1_408' title='bbox 963 3763 1201 3821; x_wconf 90' lang='lat' dir='ltr'><strong>hominis</strong></span> <span class='ocrx_word' id='word_1_409' title='bbox 1247 3771 1691 3836; x_wconf 86' lang='lat' dir='ltr'><strong>attemperatam,</strong></span> <span class='ocrx_word' id='word_1_410' title='bbox 1722 3763 2007 3821; x_wconf 89' lang='lat' dir='ltr'><strong>Christum</strong></span> 
     </span>
    </p>
   </div>
   <div class='ocr_carea' id='block_1_58' title="bbox 428 3848 2007 3929">
    <p class='ocr_par' dir='ltr' id='par_1_58' title="bbox 428 3848 2007 3929">
     <span class='ocr_line' id='line_1_58' title="bbox 428 3848 2007 3929; baseline -0.001 -17"><span class='ocrx_word' id='word_1_411' title='bbox 428 3857 682 3929; x_wconf 87' lang='lat' dir='ltr'><strong>appellat.</strong></span> <span class='ocrx_word' id='word_1_412' title='bbox 703 3848 883 3924; x_wconf 81' lang='lat' dir='ltr'><strong>Quare</strong></span> <span class='ocrx_word' id='word_1_413' title='bbox 910 3871 1008 3927; x_wconf 91' lang='lat' dir='ltr'><strong>pro</strong></span> <span class='ocrx_word' id='word_1_414' title='bbox 1040 3872 1153 3911; x_wconf 92' lang='lat' dir='ltr'><strong>uno</strong></span> <span class='ocrx_word' id='word_1_415' title='bbox 1176 3863 1230 3912; x_wconf 90' lang='lat' dir='ltr'><strong>et</strong></span> <span class='ocrx_word' id='word_1_416' title='bbox 1280 3856 1471 3911; x_wconf 90' lang='lat' dir='ltr'><strong>eodem</strong></span> <span class='ocrx_word' id='word_1_417' title='bbox 1501 3856 1641 3911; x_wconf 88' lang='lat' dir='ltr'><strong>duas</strong></span> <span class='ocrx_word' id='word_1_418' title='bbox 1683 3857 1810 3927; x_wconf 92' lang='lat' dir='ltr'><strong>poni</strong></span> <span class='ocrx_word' id='word_1_419' title='bbox 1843 3870 2007 3911; x_wconf 89' lang='lat' dir='ltr'><strong>voces</strong></span> 
     </span>
    </p>
   </div>
   <div class='ocr_carea' id='block_1_59' title="bbox 430 3944 2003 4013">
    <p class='ocr_par' dir='ltr' id='par_1_59' title="bbox 430 3944 2003 4013">
     <span class='ocr_line' id='line_1_59' title="bbox 430 3944 2003 4013; baseline -0.002 -10"><span class='ocrx_word' id='word_1_420' title='bbox 430 3955 638 4003; x_wconf 89' lang='lat' dir='ltr'><strong>certum</strong></span> <span class='ocrx_word' id='word_1_421' title='bbox 665 3955 769 4013; x_wconf 89' lang='lat' dir='ltr'><strong>est,</strong></span> <span class='ocrx_word' id='word_1_422' title='bbox 792 3956 846 4002; x_wconf 87' lang='lat' dir='ltr'><strong>et</strong></span> <span class='ocrx_word' id='word_1_423' title='bbox 872 3946 1016 4001; x_wconf 90' lang='lat' dir='ltr'><strong>hanc</strong></span> <span class='ocrx_word' id='word_1_424' title='bbox 1047 3960 1260 4010; x_wconf 90' lang='lat' dir='ltr'><strong>vocem,</strong></span> <span class='ocrx_word' id='word_1_425' title='bbox 1307 3944 1513 4002; x_wconf 88' lang='lat' dir='ltr'><strong>Christi</strong></span> <span class='ocrx_word' id='word_1_426' title='bbox 1543 3945 1693 4010; x_wconf 90' lang='lat' dir='ltr'><strong>dico,</strong></span> <span class='ocrx_word' id='word_1_427' title='bbox 1753 3954 1807 4003; x_wconf 91' lang='lat' dir='ltr'><strong>et</strong></span> <span class='ocrx_word' id='word_1_428' title='bbox 1852 3946 2003 4000; x_wconf 91' lang='lat' dir='ltr'><strong>illam</strong></span> 
     </span>
    </p>
   </div>
   <div class='ocr_carea' id='block_1_60' title="bbox 430 4035 1558 4093">
    <p class='ocr_par' dir='ltr' id='par_1_60' title="bbox 430 4035 1558 4093">
     <span class='ocr_line' id='line_1_60' title="bbox 430 4035 1558 4093; baseline -0.003 0"><span class='ocrx_word' id='word_1_429' title='bbox 430 4039 557 4093; x_wconf 85' lang='lat' dir='ltr'><strong>novi</strong></span> <span class='ocrx_word' id='word_1_430' title='bbox 582 4037 821 4092; x_wconf 88' lang='lat' dir='ltr'><strong>hominis</strong></span> <span class='ocrx_word' id='word_1_431' title='bbox 848 4036 1148 4092; x_wconf 88' lang='lat' dir='ltr'><strong>secundum</strong></span> <span class='ocrx_word' id='word_1_432' title='bbox 1168 4035 1336 4091; x_wconf 89' lang='lat' dir='ltr'><strong>Deum</strong></span> <span class='ocrx_word' id='word_1_433' title='bbox 1366 4037 1558 4092; x_wconf 91' lang='lat' dir='ltr'><strong>creati.</strong></span> 
     </span>
    </p>
   </div>
   <div class='ocr_carea' id='block_1_61' title="bbox 498 4128 2008 4199">
    <p class='ocr_par' dir='ltr' id='par_1_61' title="bbox 498 4128 2008 4199">
     <span class='ocr_line' id='line_1_61' title="bbox 498 4128 2008 4199; baseline -0.001 -16"><span class='ocrx_word' id='word_1_434' title='bbox 498 4128 770 4195; x_wconf 88' lang='lat' dir='ltr'><strong>Quoniam</strong></span> <span class='ocrx_word' id='word_1_435' title='bbox 816 4128 985 4199; x_wconf 87' lang='lat' dir='ltr'><strong>igitur</strong></span> <span class='ocrx_word' id='word_1_436' title='bbox 1039 4128 1296 4183; x_wconf 84' lang='lat' dir='ltr'><strong>Christus</strong></span> <span class='ocrx_word' id='word_1_437' title='bbox 1333 4128 1604 4198; x_wconf 89' lang='lat' dir='ltr'><strong>sapientia</strong></span> <span class='ocrx_word' id='word_1_438' title='bbox 1632 4139 1737 4193; x_wconf 90' lang='lat' dir='ltr'><strong>est,</strong></span> <span class='ocrx_word' id='word_1_439' title='bbox 1799 4128 2008 4183; x_wconf 84' lang='lat' dir='ltr'><strong>intelli—</strong></span> 
     </span>
    </p>
   </div>
   <div class='ocr_carea' id='block_1_62' title="bbox 429 4215 2006 4290">
    <p class='ocr_par' dir='ltr' id='par_1_62' title="bbox 429 4215 2006 4290">
     <span class='ocr_line' id='line_1_62' title="bbox 429 4215 2006 4290; baseline -0.001 -17"><span class='ocrx_word' id='word_1_440' title='bbox 429 4233 563 4290; x_wconf 87' lang='lat' dir='ltr'><strong>gens</strong></span> <span class='ocrx_word' id='word_1_441' title='bbox 594 4218 815 4271; x_wconf 90' lang='lat' dir='ltr'><strong>auditor</strong></span> <span class='ocrx_word' id='word_1_442' title='bbox 849 4232 1160 4272; x_wconf 89' lang='lat' dir='ltr'><strong>sermonem</strong></span> <span class='ocrx_word' id='word_1_443' title='bbox 1199 4215 1531 4283; x_wconf 87' lang='lat' dir='ltr'><strong>consideret,</strong></span> <span class='ocrx_word' id='word_1_444' title='bbox 1569 4227 1623 4272; x_wconf 89' lang='lat' dir='ltr'><strong>et</strong></span> <span class='ocrx_word' id='word_1_445' title='bbox 1668 4233 1858 4273; x_wconf 92' lang='lat' dir='ltr'><strong>eorum</strong></span> <span class='ocrx_word' id='word_1_446' title='bbox 1912 4218 2006 4288; x_wconf 91' lang='lat' dir='ltr'><strong>qui</strong></span> 
     </span>
    </p>
   </div>
   <div class='ocr_carea' id='block_1_63' title="bbox 428 4309 2008 4379">
    <p class='ocr_par' dir='ltr' id='par_1_63' title="bbox 428 4309 2008 4379">
     <span class='ocr_line' id='line_1_63' title="bbox 428 4309 2008 4379; baseline 0 -14"><span class='ocrx_word' id='word_1_447' title='bbox 428 4311 591 4365; x_wconf 82' lang='lat' dir='ltr'><strong>nobis</strong></span> <span class='ocrx_word' id='word_1_448' title='bbox 622 4309 1007 4374; x_wconf 88' lang='lat' dir='ltr'><strong>adversantur,</strong></span> <span class='ocrx_word' id='word_1_449' title='bbox 1028 4316 1082 4362; x_wconf 90' lang='lat' dir='ltr'><strong>et</strong></span> <span class='ocrx_word' id='word_1_450' title='bbox 1112 4315 1383 4374; x_wconf 89' lang='lat' dir='ltr'><strong>nostrum,</strong></span> <span class='ocrx_word' id='word_1_451' title='bbox 1418 4318 1474 4364; x_wconf 87' lang='lat' dir='ltr'><strong>et</strong></span> <span class='ocrx_word' id='word_1_452' title='bbox 1504 4309 1715 4379; x_wconf 87' lang='lat' dir='ltr'><strong>judicet</strong></span> <span class='ocrx_word' id='word_1_453' title='bbox 1748 4319 1869 4366; x_wconf 89' lang='lat' dir='ltr'><strong>uter</strong></span> <span class='ocrx_word' id='word_1_454' title='bbox 1895 4311 2008 4379; x_wconf 89' lang='lat' dir='ltr'><strong>pic-</strong></span> 
     </span>
    </p>
   </div>
   <div class='ocr_carea' id='block_1_64' title="bbox 2106 1842 3699 1918">
    <p class='ocr_par' dir='ltr' id='par_1_64' title="bbox 2106 1842 3699 1918">
     <span class='ocr_line' id='line_1_64' title="bbox 2106 1842 3699 1918; baseline -0.003 -17"><span class='ocrx_word' id='word_1_455' title='bbox 2106 1846 2415 1918; x_wconf 81' lang='grc' dir='ltr'>θρώπινονη</span> <span class='ocrx_word' id='word_1_456' title='bbox 2431 1842 2771 1903; x_wconf 83' lang='grc' dir='ltr'>τοῦ,Ἕκτισέ</span> <span class='ocrx_word' id='word_1_457' title='bbox 2791 1842 3086 1915; x_wconf 76' lang='grc' dir='ltr'>με,διάνοια</span> <span class='ocrx_word' id='word_1_458' title='bbox 3109 1843 3312 1913; x_wconf 80' lang='grc' dir='ltr'>βλέπει,</span> <span class='ocrx_word' id='word_1_459' title='bbox 3343 1843 3699 1913; x_wconf 75' lang='grc' dir='ltr'>σαφέστερον</span> 
     </span>
    </p>
   </div>
   <div class='ocr_carea' id='block_1_65' title="bbox 2107 1933 3699 2009">
    <p class='ocr_par' dir='ltr' id='par_1_65' title="bbox 2107 1933 3699 2009">
     <span class='ocr_line' id='line_1_65' title="bbox 2107 1933 3699 2009; baseline -0.001 -19"><span class='ocrx_word' id='word_1_460' title='bbox 2107 1940 2234 2009; x_wconf 78' lang='grc' dir='ltr'>ἡμῖν</span> <span class='ocrx_word' id='word_1_461' title='bbox 2285 1934 2440 1989; x_wconf 89' lang='grc' dir='ltr'>τοῦτο</span> <span class='ocrx_word' id='word_1_462' title='bbox 2477 1933 2768 2005; x_wconf 75' lang='grc' dir='ltr'>παρίστησι</span> <span class='ocrx_word' id='word_1_463' title='bbox 2802 1933 2888 1985; x_wconf 81' lang='grc' dir='ltr'><strong>διά</strong></span> <span class='ocrx_word' id='word_1_464' title='bbox 2931 1933 3039 1986; x_wconf 83' lang='grc' dir='ltr'><strong>τῶν</strong></span> <span class='ocrx_word' id='word_1_465' title='bbox 3072 1934 3214 1987; x_wconf 78' lang='grc' dir='ltr'>ἰδίων</span> <span class='ocrx_word' id='word_1_466' title='bbox 3261 1935 3431 2002; x_wconf 88' lang='grc' dir='ltr'>λόγων</span> <span class='ocrx_word' id='word_1_467' title='bbox 3481 1937 3510 1987; x_wconf 91' lang='lat'><strong>6</strong></span> <span class='ocrx_word' id='word_1_468' title='bbox 3538 1934 3699 1998; x_wconf 73' lang='grc' dir='ltr'>θεῖος</span> 
     </span>
    </p>
   </div>
   <div class='ocr_carea' id='block_1_66' title="bbox 2127 2018 3700 2089">
    <p class='ocr_par' dir='ltr' id='par_1_66' title="bbox 2127 2018 3700 2089">
     <span class='ocr_line' id='line_1_66' title="bbox 2127 2018 3700 2089; baseline -0.001 -9"><span class='ocrx_word' id='word_1_469' title='bbox 2127 2026 2465 2089; x_wconf 83' lang='grc' dir='ltr'>Ἀπόστολος,</span> <span class='ocrx_word' id='word_1_470' title='bbox 2502 2025 2559 2076; x_wconf 90' lang='grc' dir='ltr'><strong>ἐν</strong></span> <span class='ocrx_word' id='word_1_471' title='bbox 2592 2018 2673 2086; x_wconf 71' lang='grc' dir='ltr'>οἷς</span> <span class='ocrx_word' id='word_1_472' title='bbox 2720 2022 3103 2089; x_wconf 79' lang='grc' dir='ltr'>διακελεύεται,</span> <span class='ocrx_word' id='word_1_473' title='bbox 3130 2024 3213 2076; x_wconf 87' lang='grc' dir='ltr'>ὃτι</span> <span class='ocrx_word' id='word_1_474' title='bbox 3236 2023 3557 2079; x_wconf 71' lang='grc' dir='ltr'>Ἐνδύσασθε</span> <span class='ocrx_word' id='word_1_475' title='bbox 3596 2026 3700 2078; x_wconf 85' lang='grc' dir='ltr'><strong>τὸν</strong></span> 
     </span>
    </p>
   </div>
   <div class='ocr_carea' id='block_1_67' title="bbox 2107 2112 3700 2187">
    <p class='ocr_par' dir='ltr' id='par_1_67' title="bbox 2107 2112 3700 2187">
     <span class='ocr_line' id='line_1_67' title="bbox 2107 2112 3700 2187; baseline -0.002 -16"><span class='ocrx_word' id='word_1_476' title='bbox 2107 2119 2309 2187; x_wconf 80' lang='grc' dir='ltr'>Κύριον</span> <span class='ocrx_word' id='word_1_477' title='bbox 2354 2115 2558 2186; x_wconf 78' lang='grc' dir='ltr'>Ἰησοῦν</span> <span class='ocrx_word' id='word_1_478' title='bbox 2596 2113 2850 2183; x_wconf 83' lang='grc' dir='ltr'>Χριστὸν,</span> <span class='ocrx_word' id='word_1_479' title='bbox 2884 2114 2977 2166; x_wconf 68' lang='grc' dir='ltr'><strong>καὶ</strong></span> <span class='ocrx_word' id='word_1_480' title='bbox 3008 2113 3142 2183; x_wconf 87' lang='grc' dir='ltr'>πρὸς</span> <span class='ocrx_word' id='word_1_481' title='bbox 3179 2112 3388 2177; x_wconf 81' lang='grc' dir='ltr'>τούτοις</span> <span class='ocrx_word' id='word_1_482' title='bbox 3416 2116 3550 2167; x_wconf 83' lang='grc' dir='ltr'>ὅπου</span> <span class='ocrx_word' id='word_1_483' title='bbox 3598 2116 3700 2168; x_wconf 83' lang='grc' dir='ltr'><strong>τὸν</strong></span> 
     </span>
    </p>
   </div>
   <div class='ocr_carea' id='block_1_68' title="bbox 2105 2205 3699 2278">
    <p class='ocr_par' dir='ltr' id='par_1_68' title="bbox 2105 2205 3699 2278">
     <span class='ocr_line' id='line_1_68' title="bbox 2105 2205 3699 2278; baseline -0.002 -20"><span class='ocrx_word' id='word_1_484' title='bbox 2105 2206 2265 2259; x_wconf 78' lang='grc' dir='ltr'>αὑτὸν</span> <span class='ocrx_word' id='word_1_485' title='bbox 2288 2205 2642 2260; x_wconf 81' lang='grc' dir='ltr'>ἐπαναλαϐὼν</span> <span class='ocrx_word' id='word_1_486' title='bbox 2658 2205 2815 2276; x_wconf 85' lang='grc' dir='ltr'>λόγον</span> <span class='ocrx_word' id='word_1_487' title='bbox 2833 2208 3013 2278; x_wconf 69' lang='grc' dir='ltr'>φησιν,</span> <span class='ocrx_word' id='word_1_488' title='bbox 3043 2206 3412 2260; x_wconf 77' lang='grc' dir='ltr'>Ἐνδύσασθε</span> <span class='ocrx_word' id='word_1_489' title='bbox 3436 2205 3699 2258; x_wconf 63' lang='lat' dir='ltr'><strong>uirum-</strong></span> 
     </span>
    </p>
   </div>
   <div class='ocr_carea' id='block_1_69' title="bbox 2104 2295 3700 2366">
    <p class='ocr_par' dir='ltr' id='par_1_69' title="bbox 2104 2295 3700 2366">
     <span class='ocr_line' id='line_1_69' title="bbox 2104 2295 3700 2366; baseline -0.002 -16"><span class='ocrx_word' id='word_1_490' title='bbox 2104 2298 2213 2350; x_wconf 77' lang='grc' dir='ltr'><strong>νόν</strong></span> <span class='ocrx_word' id='word_1_491' title='bbox 2235 2298 2548 2366; x_wconf 71' lang='grc' dir='ltr'>ἀνθρώπων</span> <span class='ocrx_word' id='word_1_492' title='bbox 2575 2296 2682 2350; x_wconf 75' lang='grc' dir='ltr'><strong>τόν</strong></span> <span class='ocrx_word' id='word_1_493' title='bbox 2707 2298 2855 2351; x_wconf 82' lang='grc' dir='ltr'>κατὰ</span> <span class='ocrx_word' id='word_1_494' title='bbox 2877 2298 3026 2352; x_wconf 75' lang='grc' dir='ltr'>Θεὸν</span> <span class='ocrx_word' id='word_1_495' title='bbox 3048 2298 3462 2351; x_wconf 75' lang='grc' dir='ltr'>κτισ(1έντα.Εξ</span> <span class='ocrx_word' id='word_1_496' title='bbox 3494 2295 3613 2365; x_wconf 77' lang='grc' dir='ltr'><strong>γὰρ</strong></span> <span class='ocrx_word' id='word_1_497' title='bbox 3638 2295 3700 2347; x_wconf 81' lang='grc' dir='ltr'>ἓν</span> 
     </span>
    </p>
   </div>
   <div class='ocr_carea' id='block_1_70' title="bbox 2109 2384 3706 2459">
    <p class='ocr_par' dir='ltr' id='par_1_70' title="bbox 2109 2384 3706 2459">
     <span class='ocr_line' id='line_1_70' title="bbox 2109 2384 3706 2459; baseline -0.001 -19"><span class='ocrx_word' id='word_1_498' title='bbox 2109 2388 2207 2459; x_wconf 82' lang='grc' dir='ltr'><strong>μέν</strong></span> <span class='ocrx_word' id='word_1_499' title='bbox 2239 2390 2355 2441; x_wconf 84' lang='grc' dir='ltr'>ἐστι</span> <span class='ocrx_word' id='word_1_500' title='bbox 2389 2389 2447 2441; x_wconf 89' lang='grc' dir='ltr'><strong>τὸ</strong></span> <span class='ocrx_word' id='word_1_501' title='bbox 2484 2389 2750 2458; x_wconf 78' lang='grc' dir='ltr'>σωτήριον</span> <span class='ocrx_word' id='word_1_502' title='bbox 2786 2386 3011 2456; x_wconf 77' lang='grc' dir='ltr'>ἔνδυμα,</span> <span class='ocrx_word' id='word_1_503' title='bbox 3044 2384 3202 2439; x_wconf 88' lang='grc' dir='ltr'>τοῦτο</span> <span class='ocrx_word' id='word_1_504' title='bbox 3226 2386 3282 2438; x_wconf 85' lang='grc' dir='ltr'><strong>δέ</strong></span> <span class='ocrx_word' id='word_1_505' title='bbox 3316 2387 3462 2438; x_wconf 88' lang='grc' dir='ltr'>ἐστιν</span> <span class='ocrx_word' id='word_1_506' title='bbox 3495 2388 3525 2438; x_wconf 97' lang='lat'><strong>6</strong></span> <span class='ocrx_word' id='word_1_507' title='bbox 3552 2386 3706 2457; x_wconf 82' lang='grc' dir='ltr'>Χρι-</span> 
     </span>
    </p>
   </div>
   <div class='ocr_carea' id='block_1_71' title="bbox 2110 2475 3706 2549">
    <p class='ocr_par' dir='ltr' id='par_1_71' title="bbox 2110 2475 3706 2549">
     <span class='ocr_line' id='line_1_71' title="bbox 2110 2475 3706 2549; baseline -0.001 -17"><span class='ocrx_word' id='word_1_508' title='bbox 2110 2480 2251 2543; x_wconf 86' lang='grc' dir='ltr'>στὸς,</span> <span class='ocrx_word' id='word_1_509' title='bbox 2293 2481 2393 2533; x_wconf 82' lang='grc' dir='ltr'><strong>οὐκ</strong></span> <span class='ocrx_word' id='word_1_510' title='bbox 2423 2480 2488 2533; x_wconf 84' lang='grc' dir='ltr'><strong>ἂν</strong></span> <span class='ocrx_word' id='word_1_511' title='bbox 2517 2480 2674 2533; x_wconf 83' lang='grc' dir='ltr'>ἄλλον</span> <span class='ocrx_word' id='word_1_512' title='bbox 2704 2497 2787 2543; x_wconf 84' lang='grc' dir='ltr'><strong>τις</strong></span> <span class='ocrx_word' id='word_1_513' title='bbox 2813 2478 2956 2531; x_wconf 81' lang='grc' dir='ltr'>εἴποι</span> <span class='ocrx_word' id='word_1_514' title='bbox 2989 2477 3141 2549; x_wconf 79' lang='grc' dir='ltr'><strong>παρᾶ</strong></span> <span class='ocrx_word' id='word_1_515' title='bbox 3164 2478 3253 2531; x_wconf 89' lang='grc' dir='ltr'><strong>τὸν</strong></span> <span class='ocrx_word' id='word_1_516' title='bbox 3282 2479 3517 2549; x_wconf 88' lang='grc' dir='ltr'>Χριστὸν</span> <span class='ocrx_word' id='word_1_517' title='bbox 3545 2475 3706 2532; x_wconf 81' lang='grc' dir='ltr'>εἶναι</span> 
     </span>
    </p>
   </div>
   <div class='ocr_carea' id='block_1_72' title="bbox 2107 2568 3708 2641">
    <p class='ocr_par' dir='ltr' id='par_1_72' title="bbox 2107 2568 3708 2641">
     <span class='ocr_line' id='line_1_72' title="bbox 2107 2568 3708 2641; baseline -0.001 -18"><span class='ocrx_word' id='word_1_518' title='bbox 2107 2571 2199 2623; x_wconf 89' lang='grc' dir='ltr'><strong>τὸν</strong></span> <span class='ocrx_word' id='word_1_519' title='bbox 2234 2571 2417 2624; x_wconf 86' lang='grc' dir='ltr'>καινὸν</span> <span class='ocrx_word' id='word_1_520' title='bbox 2439 2570 2720 2641; x_wconf 77' lang='grc' dir='ltr'>ἄνθρωπον</span> <span class='ocrx_word' id='word_1_521' title='bbox 2748 2570 2838 2623; x_wconf 89' lang='grc' dir='ltr'><strong>τὸν</strong></span> <span class='ocrx_word' id='word_1_522' title='bbox 2859 2569 2999 2623; x_wconf 79' lang='grc' dir='ltr'>κατὰ</span> <span class='ocrx_word' id='word_1_523' title='bbox 3024 2569 3154 2622; x_wconf 83' lang='grc' dir='ltr'>Θεὸν</span> <span class='ocrx_word' id='word_1_524' title='bbox 3179 2569 3489 2622; x_wconf 81' lang='grc' dir='ltr'>κτισθέντα.</span> <span class='ocrx_word' id='word_1_525' title='bbox 3526 2568 3708 2622; x_wconf 76' lang='grc' dir='ltr'>Ἀλλά</span> 
     </span>
    </p>
   </div>
   <div class='ocr_carea' id='block_1_73' title="bbox 2105 2658 3704 2732">
    <p class='ocr_par' dir='ltr' id='par_1_73' title="bbox 2105 2658 3704 2732">
     <span class='ocr_line' id='line_1_73' title="bbox 2105 2658 3704 2732; baseline -0.002 -18"><span class='ocrx_word' id='word_1_526' title='bbox 2105 2660 2283 2729; x_wconf 73' lang='grc' dir='ltr'>δῆλον,</span> <span class='ocrx_word' id='word_1_527' title='bbox 2313 2662 2395 2714; x_wconf 79' lang='grc' dir='ltr'><strong>ὅτι</strong></span> <span class='ocrx_word' id='word_1_528' title='bbox 2428 2663 2455 2713; x_wconf 85' lang='grc' dir='ltr'><strong>ό</strong></span> <span class='ocrx_word' id='word_1_529' title='bbox 2479 2660 2566 2712; x_wconf 88' lang='grc' dir='ltr'><strong>τὸν</strong></span> <span class='ocrx_word' id='word_1_530' title='bbox 2594 2660 2824 2732; x_wconf 82' lang='grc' dir='ltr'>Χριστὸν</span> <span class='ocrx_word' id='word_1_531' title='bbox 2861 2660 3217 2729; x_wconf 77' lang='grc' dir='ltr'>ἐνδυσάμενος</span> <span class='ocrx_word' id='word_1_532' title='bbox 3267 2659 3355 2712; x_wconf 88' lang='grc' dir='ltr'><strong>τὸν</strong></span> <span class='ocrx_word' id='word_1_533' title='bbox 3378 2658 3568 2713; x_wconf 88' lang='grc' dir='ltr'>καινὸν</span> <span class='ocrx_word' id='word_1_534' title='bbox 3601 2663 3704 2712; x_wconf 85' lang='grc' dir='ltr'>ἐν-</span> 
     </span>
    </p>
   </div>
   <div class='ocr_carea' id='block_1_74' title="bbox 2107 2745 3708 2819">
    <p class='ocr_par' dir='ltr' id='par_1_74' title="bbox 2107 2745 3708 2819">
     <span class='ocr_line' id='line_1_74' title="bbox 2107 2745 3708 2819; baseline -0.003 -18"><span class='ocrx_word' id='word_1_535' title='bbox 2107 2748 2317 2803; x_wconf 87' lang='grc' dir='ltr'>δέδυται</span> <span class='ocrx_word' id='word_1_536' title='bbox 2363 2747 2666 2819; x_wconf 80' lang='grc' dir='ltr'>ἄνθρωπον,</span> <span class='ocrx_word' id='word_1_537' title='bbox 2708 2748 2798 2801; x_wconf 86' lang='grc' dir='ltr'><strong>τὸν</strong></span> <span class='ocrx_word' id='word_1_538' title='bbox 2833 2748 2974 2801; x_wconf 72' lang='grc' dir='ltr'>κατὰ</span> <span class='ocrx_word' id='word_1_539' title='bbox 3010 2746 3140 2799; x_wconf 79' lang='grc' dir='ltr'>Θεὸν</span> <span class='ocrx_word' id='word_1_540' title='bbox 3167 2745 3479 2799; x_wconf 81' lang='grc' dir='ltr'>κτισθέντα.</span> <span class='ocrx_word' id='word_1_541' title='bbox 3506 2746 3708 2809; x_wconf 84' lang='grc' dir='ltr'>Μόνος</span> 
     </span>
    </p>
   </div>
   <div class='ocr_carea' id='block_1_75' title="bbox 2107 2834 3768 2910">
    <p class='ocr_par' dir='ltr' id='par_1_75' title="bbox 2107 2834 3768 2910">
     <span class='ocr_line' id='line_1_75' title="bbox 2107 2834 3768 2910; baseline -0.001 -20"><span class='ocrx_word' id='word_1_542' title='bbox 2107 2837 2216 2910; x_wconf 83' lang='grc' dir='ltr'><strong>γὰρ</strong></span> <span class='ocrx_word' id='word_1_543' title='bbox 2235 2834 2391 2903; x_wconf 76' lang='grc' dir='ltr'>οὗτος</span> <span class='ocrx_word' id='word_1_544' title='bbox 2431 2839 2507 2902; x_wconf 86' lang='grc' dir='ltr'>ὡς</span> <span class='ocrx_word' id='word_1_545' title='bbox 2540 2838 2751 2909; x_wconf 82' lang='grc' dir='ltr'>ἀληθῶς</span> <span class='ocrx_word' id='word_1_546' title='bbox 2776 2837 2959 2900; x_wconf 87' lang='grc' dir='ltr'>καινὸς</span> <span class='ocrx_word' id='word_1_547' title='bbox 2997 2836 3200 2907; x_wconf 80' lang='grc' dir='ltr'>κυρίως</span> <span class='ocrx_word' id='word_1_548' title='bbox 3232 2835 3556 2906; x_wconf 75' lang='grc' dir='ltr'>ὀνομάζεται</span> <span class='ocrx_word' id='word_1_549' title='bbox 3590 2836 3698 2890; x_wconf 73' lang='grc' dir='ltr'><strong>ἄν·</strong></span> <span class='ocrx_word' id='word_1_550' title='bbox 3750 2890 3768 2903; x_wconf 66' lang='grc'><em>,</em></span> 
     </span>
    </p>
   </div>
   <div class='ocr_carea' id='block_1_76' title="bbox 2108 2925 3709 3005">
    <p class='ocr_par' dir='ltr' id='par_1_76' title="bbox 2108 2925 3709 3005">
     <span class='ocr_line' id='line_1_76' title="bbox 2108 2925 3709 3005; baseline -0.006 -18"><span class='ocrx_word' id='word_1_551' title='bbox 2108 2932 2344 3005; x_wconf 87' lang='grc' dir='ltr'>θρωπος,</span> <span class='ocrx_word' id='word_1_552' title='bbox 2364 2930 2423 2993; x_wconf 87' lang='grc' dir='ltr'>ὃς</span> <span class='ocrx_word' id='word_1_553' title='bbox 2439 2930 2560 3001; x_wconf 74' lang='grc' dir='ltr'>οὐχὶ</span> <span class='ocrx_word' id='word_1_554' title='bbox 2576 2929 2663 2983; x_wconf 74' lang='grc' dir='ltr'><strong>διὰ</strong></span> <span class='ocrx_word' id='word_1_555' title='bbox 2677 2929 2783 2982; x_wconf 83' lang='grc' dir='ltr'><strong>τῶν</strong></span> <span class='ocrx_word' id='word_1_556' title='bbox 2801 2927 3091 3000; x_wconf 80' lang='grc' dir='ltr'>γνωρίμων</span> <span class='ocrx_word' id='word_1_557' title='bbox 3107 2943 3166 2980; x_wconf 87' lang='grc' dir='ltr'><strong>τε</strong></span> <span class='ocrx_word' id='word_1_558' title='bbox 3196 2925 3290 2979; x_wconf 76' lang='grc' dir='ltr'>καὶ</span> <span class='ocrx_word' id='word_1_559' title='bbox 3311 2925 3553 2997; x_wconf 85' lang='grc' dir='ltr'>συνήθων</span> <span class='ocrx_word' id='word_1_560' title='bbox 3588 2928 3709 2997; x_wconf 79' lang='grc' dir='ltr'>τῆς</span> 
     </span>
    </p>
   </div>
   <div class='ocr_carea' id='block_1_77' title="bbox 2110 3014 3708 3094">
    <p class='ocr_par' dir='ltr' id='par_1_77' title="bbox 2110 3014 3708 3094">
     <span class='ocr_line' id='line_1_77' title="bbox 2110 3014 3708 3094; baseline -0.005 -17"><span class='ocrx_word' id='word_1_561' title='bbox 2110 3024 2324 3094; x_wconf 87' lang='grc' dir='ltr'>φύσεως</span> <span class='ocrx_word' id='word_1_562' title='bbox 2360 3021 2495 3075; x_wconf 85' lang='grc' dir='ltr'>ὁδῶν</span> <span class='ocrx_word' id='word_1_563' title='bbox 2524 3021 2581 3073; x_wconf 91' lang='grc' dir='ltr'><strong>ἐν</strong></span> <span class='ocrx_word' id='word_1_564' title='bbox 2608 3018 2686 3090; x_wconf 83' lang='grc' dir='ltr'>τῷ</span> <span class='ocrx_word' id='word_1_565' title='bbox 2719 3018 2825 3072; x_wconf 83' lang='grc' dir='ltr'><strong>τῶν</strong></span> <span class='ocrx_word' id='word_1_566' title='bbox 2863 3015 3164 3088; x_wconf 88' lang='grc' dir='ltr'>ἀνθρώπων</span> <span class='ocrx_word' id='word_1_567' title='bbox 3206 3017 3376 3087; x_wconf 78' lang='grc' dir='ltr'>ἐφάνη</span> <span class='ocrx_word' id='word_1_568' title='bbox 3408 3014 3533 3086; x_wconf 84' lang='grc' dir='ltr'>βίῳ,</span> <span class='ocrx_word' id='word_1_569' title='bbox 3572 3016 3708 3070; x_wconf 81' lang='grc' dir='ltr'>ἀλλ’</span> 
     </span>
    </p>
   </div>
   <div class='ocr_carea' id='block_1_78' title="bbox 2108 3103 3712 3189">
    <p class='ocr_par' dir='ltr' id='par_1_78' title="bbox 2108 3103 3712 3189">
     <span class='ocr_line' id='line_1_78' title="bbox 2108 3103 3712 3189; baseline -0.007 -20"><span class='ocrx_word' id='word_1_570' title='bbox 2108 3112 2481 3189; x_wconf 74' lang='grc' dir='ltr'>ἐξηλλαγμένη</span> <span class='ocrx_word' id='word_1_571' title='bbox 2509 3128 2593 3174; x_wconf 90' lang='grc' dir='ltr'><strong>τις</strong></span> <span class='ocrx_word' id='word_1_572' title='bbox 2616 3111 2709 3163; x_wconf 73' lang='grc' dir='ltr'>καὶ</span> <span class='ocrx_word' id='word_1_573' title='bbox 2733 3108 3007 3172; x_wconf 74' lang='grc' dir='ltr'>ίδιάζουσα</span> <span class='ocrx_word' id='word_1_574' title='bbox 3030 3107 3123 3160; x_wconf 75' lang='grc' dir='ltr'>ἐπὶ</span> <span class='ocrx_word' id='word_1_575' title='bbox 3148 3106 3309 3178; x_wconf 84' lang='grc' dir='ltr'>μόνου</span> <span class='ocrx_word' id='word_1_576' title='bbox 3328 3103 3516 3159; x_wconf 86' lang='grc' dir='ltr'>τούτου</span> <span class='ocrx_word' id='word_1_577' title='bbox 3532 3108 3712 3159; x_wconf 84' lang='grc' dir='ltr'>ἐκαι-</span> 
     </span>
    </p>
   </div>
   <div class='ocr_carea' id='block_1_79' title="bbox 2106 3195 3714 3276">
    <p class='ocr_par' dir='ltr' id='par_1_79' title="bbox 2106 3195 3714 3276">
     <span class='ocr_line' id='line_1_79' title="bbox 2106 3195 3714 3276; baseline -0.005 -18"><span class='ocrx_word' id='word_1_578' title='bbox 2106 3203 2375 3276; x_wconf 68' lang='grc' dir='ltr'>νοτομήθῃ</span> <span class='ocrx_word' id='word_1_579' title='bbox 2408 3205 2440 3272; x_wconf 80' lang='grc' dir='ltr'>ἡ</span> <span class='ocrx_word' id='word_1_580' title='bbox 2472 3200 2667 3262; x_wconf 81' lang='grc' dir='ltr'>κτίσις.</span> <span class='ocrx_word' id='word_1_581' title='bbox 2710 3198 2809 3251; x_wconf 75' lang='grc' dir='ltr'>Διὰ</span> <span class='ocrx_word' id='word_1_582' title='bbox 2838 3196 2994 3250; x_wconf 90' lang='grc' dir='ltr'>τοῦτο</span> <span class='ocrx_word' id='word_1_583' title='bbox 3035 3195 3126 3249; x_wconf 88' lang='grc' dir='ltr'><strong>τὸν</strong></span> <span class='ocrx_word' id='word_1_584' title='bbox 3159 3195 3319 3248; x_wconf 77' lang='grc' dir='ltr'>αὑτὸν</span> <span class='ocrx_word' id='word_1_585' title='bbox 3347 3196 3486 3266; x_wconf 88' lang='grc' dir='ltr'>πρός</span> <span class='ocrx_word' id='word_1_586' title='bbox 3524 3213 3595 3249; x_wconf 86' lang='grc' dir='ltr'><strong>τε</strong></span> <span class='ocrx_word' id='word_1_587' title='bbox 3646 3196 3714 3250; x_wconf 84' lang='grc' dir='ltr'><strong>τὸ</strong></span> 
     </span>
    </p>
   </div>
   <div class='ocr_carea' id='block_1_80' title="bbox 2107 3286 3711 3365">
    <p class='ocr_par' dir='ltr' id='par_1_80' title="bbox 2107 3286 3711 3365">
     <span class='ocr_line' id='line_1_80' title="bbox 2107 3286 3711 3365; baseline -0.006 -15"><span class='ocrx_word' id='word_1_588' title='bbox 2107 3294 2405 3365; x_wconf 81' lang='grc' dir='ltr'>παράδοξον</span> <span class='ocrx_word' id='word_1_589' title='bbox 2441 3293 2540 3364; x_wconf 83' lang='grc' dir='ltr'>τῆς</span> <span class='ocrx_word' id='word_1_590' title='bbox 2569 3292 2875 3360; x_wconf 85' lang='grc' dir='ltr'>γεννήσεως</span> <span class='ocrx_word' id='word_1_591' title='bbox 2905 3288 3139 3360; x_wconf 81' lang='grc' dir='ltr'>βλέπων,</span> <span class='ocrx_word' id='word_1_592' title='bbox 3183 3288 3364 3343; x_wconf 89' lang='grc' dir='ltr'>καινὸν</span> <span class='ocrx_word' id='word_1_593' title='bbox 3402 3286 3711 3358; x_wconf 75' lang='grc' dir='ltr'>ἄνθρωπον</span> 
     </span>
    </p>
   </div>
   <div class='ocr_carea' id='block_1_81' title="bbox 2107 3379 3711 3453">
    <p class='ocr_par' dir='ltr' id='par_1_81' title="bbox 2107 3379 3711 3453">
     <span class='ocr_line' id='line_1_81' title="bbox 2107 3379 3711 3453; baseline -0.004 -14"><span class='ocrx_word' id='word_1_594' title='bbox 2107 3386 2249 3439; x_wconf 89' lang='grc' dir='ltr'><strong>κατά</strong></span> <span class='ocrx_word' id='word_1_595' title='bbox 2303 3384 2434 3438; x_wconf 87' lang='grc' dir='ltr'>Θεὸν</span> <span class='ocrx_word' id='word_1_596' title='bbox 2475 3381 2764 3436; x_wconf 83' lang='grc' dir='ltr'>κτισθέντα</span> <span class='ocrx_word' id='word_1_597' title='bbox 2812 3380 3201 3453; x_wconf 75' lang='grc' dir='ltr'>κατονομάζει,</span> <span class='ocrx_word' id='word_1_598' title='bbox 3259 3380 3352 3433; x_wconf 82' lang='grc' dir='ltr'>καὶ</span> <span class='ocrx_word' id='word_1_599' title='bbox 3400 3379 3541 3451; x_wconf 83' lang='grc' dir='ltr'>πρὸς</span> <span class='ocrx_word' id='word_1_600' title='bbox 3598 3380 3711 3451; x_wconf 79' lang='grc' dir='ltr'>τὴν</span> 
     </span>
    </p>
   </div>
   <div class='ocr_carea' id='block_1_82' title="bbox 2108 3471 3711 3545">
    <p class='ocr_par' dir='ltr' id='par_1_82' title="bbox 2108 3471 3711 3545">
     <span class='ocr_line' id='line_1_82' title="bbox 2108 3471 3711 3545; baseline -0.001 -17"><span class='ocrx_word' id='word_1_601' title='bbox 2108 3476 2256 3529; x_wconf 81' lang='grc' dir='ltr'>θείαν</span> <span class='ocrx_word' id='word_1_602' title='bbox 2307 3475 2468 3545; x_wconf 82' lang='grc' dir='ltr'>φύσιν</span> <span class='ocrx_word' id='word_1_603' title='bbox 2517 3474 2659 3545; x_wconf 83' lang='grc' dir='ltr'>ὁρῶν</span> <span class='ocrx_word' id='word_1_604' title='bbox 2712 3473 2810 3543; x_wconf 84' lang='grc' dir='ltr'>τὴν</span> <span class='ocrx_word' id='word_1_605' title='bbox 2852 3472 3218 3545; x_wconf 86' lang='grc' dir='ltr'>ἐγκραθεῖσαν</span> <span class='ocrx_word' id='word_1_606' title='bbox 3262 3474 3328 3543; x_wconf 76' lang='grc' dir='ltr'>τῇ</span> <span class='ocrx_word' id='word_1_607' title='bbox 3377 3471 3552 3525; x_wconf 84' lang='grc' dir='ltr'>κτίσει</span> <span class='ocrx_word' id='word_1_608' title='bbox 3603 3471 3711 3526; x_wconf 84' lang='grc' dir='ltr'><strong>τοῦ</strong></span> 
     </span>
    </p>
   </div>
   <div class='ocr_carea' id='block_1_83' title="bbox 2108 3562 3713 3636">
    <p class='ocr_par' dir='ltr' id='par_1_83' title="bbox 2108 3562 3713 3636">
     <span class='ocr_line' id='line_1_83' title="bbox 2108 3562 3713 3636; baseline -0.004 -14"><span class='ocrx_word' id='word_1_609' title='bbox 2108 3564 2297 3622; x_wconf 82' lang='grc' dir='ltr'>καινοῦ</span> <span class='ocrx_word' id='word_1_610' title='bbox 2330 3564 2521 3618; x_wconf 86' lang='grc' dir='ltr'>τούτου</span> <span class='ocrx_word' id='word_1_611' title='bbox 2550 3563 2861 3635; x_wconf 86' lang='grc' dir='ltr'>ἀνθρώπου,</span> <span class='ocrx_word' id='word_1_612' title='bbox 2888 3565 3124 3636; x_wconf 84' lang='grc' dir='ltr'>Χριστὸν</span> <span class='ocrx_word' id='word_1_613' title='bbox 3147 3562 3573 3635; x_wconf 78' lang='grc' dir='ltr'>προσαγορεύει.</span> <span class='ocrx_word' id='word_1_614' title='bbox 3613 3565 3713 3629; x_wconf 80' lang='grc' dir='ltr'>Ὧς</span> 
     </span>
    </p>
   </div>
   <div class='ocr_carea' id='block_1_84' title="bbox 2106 3655 3713 3726">
    <p class='ocr_par' dir='ltr' id='par_1_84' title="bbox 2106 3655 3713 3726">
     <span class='ocr_line' id='line_1_84' title="bbox 2106 3655 3713 3726; baseline -0.002 -12"><span class='ocrx_word' id='word_1_615' title='bbox 2106 3658 2335 3722; x_wconf 89' lang='grc' dir='ltr'>καθενὸς</span> <span class='ocrx_word' id='word_1_616' title='bbox 2370 3658 2465 3711; x_wconf 73' lang='grc' dir='ltr'><strong>καὶ</strong></span> <span class='ocrx_word' id='word_1_617' title='bbox 2496 3658 2589 3710; x_wconf 86' lang='grc' dir='ltr'><strong>τοῦ</strong></span> <span class='ocrx_word' id='word_1_618' title='bbox 2627 3657 2793 3710; x_wconf 83' lang='grc' dir='ltr'>αὐτοῦ</span> <span class='ocrx_word' id='word_1_619' title='bbox 2829 3657 2927 3721; x_wconf 75' lang='grc' dir='ltr'><strong>τὰς</strong></span> <span class='ocrx_word' id='word_1_620' title='bbox 2957 3657 3051 3711; x_wconf 90' lang='grc' dir='ltr'><strong>δύο</strong></span> <span class='ocrx_word' id='word_1_621' title='bbox 3100 3656 3315 3710; x_wconf 84' lang='grc' dir='ltr'>κεῖσθαι</span> <span class='ocrx_word' id='word_1_622' title='bbox 3347 3655 3555 3725; x_wconf 78' lang='grc' dir='ltr'>φωνὰς,</span> <span class='ocrx_word' id='word_1_623' title='bbox 3592 3658 3713 3726; x_wconf 81' lang='grc' dir='ltr'>τήν</span> 
     </span>
    </p>
   </div>
   <div class='ocr_carea' id='block_1_85' title="bbox 2105 3746 3711 3821">
    <p class='ocr_par' dir='ltr' id='par_1_85' title="bbox 2105 3746 3711 3821">
     <span class='ocr_line' id='line_1_85' title="bbox 2105 3746 3711 3821; baseline -0.002 -14"><span class='ocrx_word' id='word_1_624' title='bbox 2105 3771 2166 3807; x_wconf 92' lang='grc' dir='ltr'><strong>τε</strong></span> <span class='ocrx_word' id='word_1_625' title='bbox 2193 3751 2288 3806; x_wconf 89' lang='grc' dir='ltr'><strong>τοῦ</strong></span> <span class='ocrx_word' id='word_1_626' title='bbox 2315 3749 2551 3821; x_wconf 81' lang='grc' dir='ltr'>Χριστοῦ</span> <span class='ocrx_word' id='word_1_627' title='bbox 2586 3749 2750 3818; x_wconf 89' lang='grc' dir='ltr'>λέγω,</span> <span class='ocrx_word' id='word_1_628' title='bbox 2784 3750 2878 3803; x_wconf 77' lang='grc' dir='ltr'><strong>καὶ</strong></span> <span class='ocrx_word' id='word_1_629' title='bbox 2920 3749 3020 3821; x_wconf 75' lang='grc' dir='ltr'>τὴν</span> <span class='ocrx_word' id='word_1_630' title='bbox 3046 3748 3139 3804; x_wconf 89' lang='grc' dir='ltr'><strong>τοῦ</strong></span> <span class='ocrx_word' id='word_1_631' title='bbox 3178 3747 3363 3804; x_wconf 88' lang='grc' dir='ltr'>καινοῦ</span> <span class='ocrx_word' id='word_1_632' title='bbox 3395 3746 3711 3819; x_wconf 81' lang='grc' dir='ltr'>ἀνθρώπου</span> 
     </span>
    </p>
   </div>
   <div class='ocr_carea' id='block_1_86' title="bbox 2106 3842 2911 3906">
    <p class='ocr_par' dir='ltr' id='par_1_86' title="bbox 2106 3842 2911 3906">
     <span class='ocr_line' id='line_1_86' title="bbox 2106 3842 2911 3906; baseline -0.007 -4"><span class='ocrx_word' id='word_1_633' title='bbox 2106 3846 2197 3902; x_wconf 89' lang='grc' dir='ltr'><strong>τοῦ</strong></span> <span class='ocrx_word' id='word_1_634' title='bbox 2237 3846 2375 3902; x_wconf 83' lang='grc' dir='ltr'>κατὰ</span> <span class='ocrx_word' id='word_1_635' title='bbox 2408 3845 2539 3899; x_wconf 85' lang='grc' dir='ltr'>Θεὸν</span> <span class='ocrx_word' id='word_1_636' title='bbox 2577 3842 2911 3906; x_wconf 84' lang='grc' dir='ltr'>κτισθέντος.</span> 
     </span>
    </p>
   </div>
   <div class='ocr_carea' id='block_1_87' title="bbox 2191 4122 3714 4197">
    <p class='ocr_par' dir='ltr' id='par_1_87' title="bbox 2191 4122 3714 4197">
     <span class='ocr_line' id='line_1_87' title="bbox 2191 4122 3714 4197; baseline -0.01 -15"><span class='ocrx_word' id='word_1_637' title='bbox 2191 4128 2343 4183; x_wconf 66' lang='grc' dir='ltr'>Ἐπεὶ</span> <span class='ocrx_word' id='word_1_638' title='bbox 2370 4123 2463 4180; x_wconf 85' lang='grc' dir='ltr'><strong>οῦν</strong></span> <span class='ocrx_word' id='word_1_639' title='bbox 2490 4125 2722 4197; x_wconf 84' lang='grc' dir='ltr'>Χριστὸς</span> <span class='ocrx_word' id='word_1_640' title='bbox 2744 4126 2777 4195; x_wconf 81' lang='grc' dir='ltr'><strong>ἡ</strong></span> <span class='ocrx_word' id='word_1_641' title='bbox 2811 4123 2974 4193; x_wconf 80' lang='grc' dir='ltr'>σοφία</span> <span class='ocrx_word' id='word_1_642' title='bbox 2995 4123 3162 4189; x_wconf 73' lang='grc' dir='ltr'>ἐστιν,</span> <span class='ocrx_word' id='word_1_643' title='bbox 3192 4125 3222 4177; x_wconf 88' lang='lat'><strong>6</strong></span> <span class='ocrx_word' id='word_1_644' title='bbox 3249 4122 3468 4187; x_wconf 85' lang='grc' dir='ltr'>συνετὸς</span> <span class='ocrx_word' id='word_1_645' title='bbox 3484 4124 3714 4196; x_wconf 79' lang='grc' dir='ltr'>ἀκροα-</span> 
     </span>
    </p>
   </div>
   <div class='ocr_carea' id='block_1_88' title="bbox 2106 4220 3712 4296">
    <p class='ocr_par' dir='ltr' id='par_1_88' title="bbox 2106 4220 3712 4296">
     <span class='ocr_line' id='line_1_88' title="bbox 2106 4220 3712 4296; baseline -0.002 -17"><span class='ocrx_word' id='word_1_646' title='bbox 2106 4225 2205 4296; x_wconf 83' lang='grc' dir='ltr'><strong>τὴς</strong></span> <span class='ocrx_word' id='word_1_647' title='bbox 2246 4222 2633 4293; x_wconf 78' lang='grc' dir='ltr'>ἐπισκεψάσθω</span> <span class='ocrx_word' id='word_1_648' title='bbox 2669 4221 2758 4276; x_wconf 88' lang='grc' dir='ltr'><strong>τὸν</strong></span> <span class='ocrx_word' id='word_1_649' title='bbox 2795 4220 2951 4289; x_wconf 87' lang='grc' dir='ltr'>λόγον</span> <span class='ocrx_word' id='word_1_650' title='bbox 3018 4220 3127 4274; x_wconf 83' lang='grc' dir='ltr'><strong>τῶν</strong></span> <span class='ocrx_word' id='word_1_651' title='bbox 3157 4236 3217 4272; x_wconf 84' lang='grc' dir='ltr'><strong>τε</strong></span> <span class='ocrx_word' id='word_1_652' title='bbox 3253 4220 3712 4290; x_wconf 83' lang='grc' dir='ltr'>προμαχομένων</span> 
     </span>
    </p>
   </div>
   <div class='ocr_carea' id='block_1_89' title="bbox 2109 4310 3713 4388">
    <p class='ocr_par' dir='ltr' id='par_1_89' title="bbox 2109 4310 3713 4388">
     <span class='ocr_line' id='line_1_89' title="bbox 2109 4310 3713 4388; baseline -0.003 -18"><span class='ocrx_word' id='word_1_653' title='bbox 2109 4319 2261 4388; x_wconf 84' lang='grc' dir='ltr'>ἡμῖν,</span> <span class='ocrx_word' id='word_1_654' title='bbox 2293 4317 2386 4370; x_wconf 63' lang='grc' dir='ltr'><strong>καὶ⁸</strong></span> <span class='ocrx_word' id='word_1_655' title='bbox 2415 4316 2506 4369; x_wconf 87' lang='grc' dir='ltr'><strong>τὸν</strong></span> <span class='ocrx_word' id='word_1_656' title='bbox 2536 4314 2824 4385; x_wconf 76' lang='grc' dir='ltr'>ἡμέτερον,</span> <span class='ocrx_word' id='word_1_657' title='bbox 2854 4312 2950 4366; x_wconf 78' lang='grc' dir='ltr'>καὶ</span> <span class='ocrx_word' id='word_1_658' title='bbox 2985 4311 3223 4384; x_wconf 85' lang='grc' dir='ltr'>κρινάτω</span> <span class='ocrx_word' id='word_1_659' title='bbox 3253 4311 3343 4364; x_wconf 87' lang='grc' dir='ltr'><strong>τὸν</strong></span> <span class='ocrx_word' id='word_1_660' title='bbox 3370 4310 3713 4365; x_wconf 76' lang='grc' dir='ltr'>εὐσεϐέστε-</span> 
     </span>
    </p>
   </div>
   <div class='ocr_carea' id='block_1_90' title="bbox 429 4399 2001 4482">
    <p class='ocr_par' dir='ltr' id='par_1_90' title="bbox 429 4399 1999 4469">
     <span class='ocr_line' id='line_1_90' title="bbox 429 4399 1999 4469; baseline 0 -14"><span class='ocrx_word' id='word_1_661' title='bbox 429 4402 529 4456; x_wconf 87' lang='lat' dir='ltr'><strong>tati</strong></span> <span class='ocrx_word' id='word_1_662' title='bbox 563 4400 737 4469; x_wconf 82' lang='lat' dir='ltr'><strong>magis</strong></span> <span class='ocrx_word' id='word_1_663' title='bbox 762 4405 1027 4469; x_wconf 79' lang='lat' dir='ltr'><strong>congruat</strong></span> <span class='ocrx_word' id='word_1_664' title='bbox 1055 4405 1110 4451; x_wconf 88' lang='lat' dir='ltr'><strong>et</strong></span> <span class='ocrx_word' id='word_1_665' title='bbox 1135 4409 1540 4455; x_wconf 90' lang='lat' dir='ltr'><strong>consentaneus</strong></span> <span class='ocrx_word' id='word_1_666' title='bbox 1567 4401 1659 4455; x_wconf 91' lang='lat' dir='ltr'><strong>sit.</strong></span> <span class='ocrx_word' id='word_1_667' title='bbox 1701 4399 1837 4457; x_wconf 88' lang='lat' dir='ltr'><strong>Uter</strong></span> <span class='ocrx_word' id='word_1_668' title='bbox 1879 4416 1999 4456; x_wconf 81' lang='lat' dir='ltr'><strong>uia-</strong></span> 
     </span>
    </p>
   </div>
   <div class='ocr_carea' id='block_1_91' title="bbox 2106 4399 3712 4482">
    <p class='ocr_par' dir='ltr' id='par_1_91' title="bbox 2114 4399 3712 4477">
     <span class='ocr_line' id='line_1_91' title="bbox 2114 4399 3712 4477; baseline -0.003 -20"><span class='ocrx_word' id='word_1_669' title='bbox 2114 4422 2224 4477; x_wconf 82' lang='lat' dir='ltr'><strong>pov.</strong></span> <span class='ocrx_word' id='word_1_670' title='bbox 2260 4404 2355 4467; x_wconf 85' lang='grc' dir='ltr'><strong>Τίς</strong></span> <span class='ocrx_word' id='word_1_671' title='bbox 2400 4402 2599 4474; x_wconf 82' lang='grc' dir='ltr'>μᾶλλον</span> <span class='ocrx_word' id='word_1_672' title='bbox 2643 4401 2740 4465; x_wconf 88' lang='grc' dir='ltr'><strong>τάς</strong></span> <span class='ocrx_word' id='word_1_673' title='bbox 2769 4401 3090 4472; x_wconf 85' lang='grc' dir='ltr'>θεοπρεπεῖς</span> <span class='ocrx_word' id='word_1_674' title='bbox 3116 4400 3322 4463; x_wconf 86' lang='grc' dir='ltr'>ἐννοίας</span> <span class='ocrx_word' id='word_1_675' title='bbox 3342 4402 3399 4453; x_wconf 87' lang='grc' dir='ltr'><strong>ἐν</strong></span> <span class='ocrx_word' id='word_1_676' title='bbox 3431 4399 3513 4469; x_wconf 82' lang='grc' dir='ltr'>τῷ</span> <span class='ocrx_word' id='word_1_677' title='bbox 3541 4400 3712 4472; x_wconf 74' lang='grc' dir='ltr'>ῥητῷ</span> 
     </span>
    </p>
   </div>
   <div class='ocr_carea' id='block_1_92' title="bbox 429 4488 2001 4564">
    <p class='ocr_par' dir='ltr' id='par_1_92' title="bbox 429 4488 2001 4564">
     <span class='ocr_line' id='line_1_92' title="bbox 429 4488 2001 4564; baseline 0.001 -19"><span class='ocrx_word' id='word_1_678' title='bbox 429 4494 515 4564; x_wconf 83' lang='lat' dir='ltr'><strong>gis</strong></span> <span class='ocrx_word' id='word_1_679' title='bbox 541 4490 652 4548; x_wconf 88' lang='lat' dir='ltr'><strong>Deo</strong></span> <span class='ocrx_word' id='word_1_680' title='bbox 690 4488 922 4546; x_wconf 87' lang='lat' dir='ltr'><strong>decoras</strong></span> <span class='ocrx_word' id='word_1_681' title='bbox 975 4489 1368 4560; x_wconf 87' lang='lat' dir='ltr'><strong>intelligentias</strong></span> <span class='ocrx_word' id='word_1_682' title='bbox 1401 4490 1453 4543; x_wconf 93' lang='lat' dir='ltr'><strong>in</strong></span> <span class='ocrx_word' id='word_1_683' title='bbox 1488 4489 1635 4546; x_wconf 87' lang='lat' dir='ltr'><strong>dicto</strong></span> <span class='ocrx_word' id='word_1_684' title='bbox 1686 4500 2001 4556; x_wconf 89' lang='lat' dir='ltr'><strong>conservet,</strong></span> 
     </span>
    </p>
   </div>
   <div class='ocr_carea' id='block_1_93' title="bbox 431 4580 2005 4655">
    <p class='ocr_par' dir='ltr' id='par_1_93' title="bbox 431 4580 2005 4655">
     <span class='ocr_line' id='line_1_93' title="bbox 431 4580 2005 4655; baseline 0 -15"><span class='ocrx_word' id='word_1_685' title='bbox 431 4602 500 4640; x_wconf 88' lang='lat' dir='ltr'><strong>an</strong></span> <span class='ocrx_word' id='word_1_686' title='bbox 523 4585 619 4655; x_wconf 89' lang='lat' dir='ltr'><strong>qui</strong></span> <span class='ocrx_word' id='word_1_687' title='bbox 647 4584 888 4640; x_wconf 88' lang='lat' dir='ltr'><strong>universi</strong></span> <span class='ocrx_word' id='word_1_688' title='bbox 907 4584 1223 4640; x_wconf 87' lang='lat' dir='ltr'><strong>Creatorem</strong></span> <span class='ocrx_word' id='word_1_689' title='bbox 1242 4589 1295 4635; x_wconf 90' lang='lat' dir='ltr'><strong>et</strong></span> <span class='ocrx_word' id='word_1_690' title='bbox 1327 4580 1618 4636; x_wconf 92' lang='lat' dir='ltr'><strong>Dominum</strong></span> <span class='ocrx_word' id='word_1_691' title='bbox 1651 4584 1854 4638; x_wconf 81' lang='lat' dir='ltr'><strong>factum</strong></span> <span class='ocrx_word' id='word_1_692' title='bbox 1882 4599 2005 4640; x_wconf 87' lang='lat' dir='ltr'><strong>esse</strong></span> 
     </span>
    </p>
   </div>
   <div class='ocr_carea' id='block_1_94' title="bbox 430 4673 2005 4744">
    <p class='ocr_par' dir='ltr' id='par_1_94' title="bbox 430 4673 2005 4744">
     <span class='ocr_line' id='line_1_94' title="bbox 430 4673 2005 4744; baseline -0.002 -13"><span class='ocrx_word' id='word_1_693' title='bbox 430 4677 642 4744; x_wconf 82' lang='lat' dir='ltr'><strong>deﬂuit,</strong></span> <span class='ocrx_word' id='word_1_694' title='bbox 667 4686 721 4731; x_wconf 91' lang='lat' dir='ltr'><strong>et</strong></span> <span class='ocrx_word' id='word_1_695' title='bbox 743 4674 1006 4732; x_wconf 86' lang='lat' dir='ltr'><strong>servienti</strong></span> <span class='ocrx_word' id='word_1_696' title='bbox 1056 4681 1327 4728; x_wconf 68' lang='lat' dir='ltr'><strong>creaturae</strong></span> <span class='ocrx_word' id='word_1_697' title='bbox 1384 4673 1595 4729; x_wconf 91' lang='lat' dir='ltr'><strong>honore</strong></span> <span class='ocrx_word' id='word_1_698' title='bbox 1630 4688 1820 4744; x_wconf 89' lang='lat' dir='ltr'><strong>parem</strong></span> <span class='ocrx_word' id='word_1_699' title='bbox 1869 4689 2005 4728; x_wconf 91' lang='lat' dir='ltr'><strong>con-</strong></span> 
     </span>
    </p>
   </div>
   <div class='ocr_carea' id='block_1_95' title="bbox 431 4761 2005 4835">
    <p class='ocr_par' dir='ltr' id='par_1_95' title="bbox 431 4761 2005 4835">
     <span class='ocr_line' id='line_1_95' title="bbox 431 4761 2005 4835; baseline -0.003 -13"><span class='ocrx_word' id='word_1_700' title='bbox 431 4768 633 4834; x_wconf 88' lang='lat' dir='ltr'><strong>struit;</strong></span> <span class='ocrx_word' id='word_1_701' title='bbox 673 4778 744 4819; x_wconf 81' lang='lat' dir='ltr'><strong>an</strong></span> <span class='ocrx_word' id='word_1_702' title='bbox 788 4763 969 4835; x_wconf 88' lang='lat' dir='ltr'><strong>potius</strong></span> <span class='ocrx_word' id='word_1_703' title='bbox 998 4762 1090 4832; x_wconf 90' lang='lat' dir='ltr'><strong>qui</strong></span> <span class='ocrx_word' id='word_1_704' title='bbox 1121 4761 1189 4817; x_wconf 92' lang='lat' dir='ltr'><strong>ad</strong></span> <span class='ocrx_word' id='word_1_705' title='bbox 1243 4762 1706 4833; x_wconf 90' lang='lat' dir='ltr'><strong>dispensationem</strong></span> <span class='ocrx_word' id='word_1_706' title='bbox 1747 4762 2005 4817; x_wconf 89' lang='lat' dir='ltr'><strong>incarna-</strong></span> 
     </span>
    </p>
   </div>
   <div class='ocr_carea' id='block_1_96' title="bbox 431 4853 2006 4925">
    <p class='ocr_par' dir='ltr' id='par_1_96' title="bbox 431 4853 2006 4925">
     <span class='ocr_line' id='line_1_96' title="bbox 431 4853 2006 4925; baseline 0.001 -15"><span class='ocrx_word' id='word_1_707' title='bbox 431 4858 599 4912; x_wconf 89' lang='lat' dir='ltr'><strong>tionis</strong></span> <span class='ocrx_word' id='word_1_708' title='bbox 626 4855 947 4925; x_wconf 88' lang='lat' dir='ltr'><strong>respiciens,</strong></span> <span class='ocrx_word' id='word_1_709' title='bbox 978 4863 1161 4910; x_wconf 86' lang='lat' dir='ltr'><strong>servat</strong></span> <span class='ocrx_word' id='word_1_710' title='bbox 1186 4854 1333 4924; x_wconf 91' lang='lat' dir='ltr'><strong>quod</strong></span> <span class='ocrx_word' id='word_1_711' title='bbox 1355 4853 1599 4925; x_wconf 89' lang='lat' dir='ltr'><strong>opinioni</strong></span> <span class='ocrx_word' id='word_1_712' title='bbox 1619 4853 1686 4909; x_wconf 89' lang='lat' dir='ltr'><strong>de</strong></span> <span class='ocrx_word' id='word_1_713' title='bbox 1708 4853 2006 4913; x_wconf 90' lang='lat' dir='ltr'><strong>divinitate</strong></span> 
     </span>
    </p>
   </div>
   <div class='ocr_carea' id='block_1_97' title="bbox 400 4948 2005 5021">
    <p class='ocr_par' dir='ltr' id='par_1_97' title="bbox 400 4948 2005 5021">
     <span class='ocr_line' id='line_1_97' title="bbox 400 4948 2005 5021; baseline -0.001 -16"><span class='ocrx_word' id='word_1_714' title='bbox 400 5018 401 5021; x_wconf 20' lang='grc' dir='ltr'><strong>η</strong></span> <span class='ocrx_word' id='word_1_715' title='bbox 431 4958 487 5005; x_wconf 84' lang='grc' dir='ltr'><strong>ει</strong></span> <span class='ocrx_word' id='word_1_716' title='bbox 510 4949 579 5004; x_wconf 90' lang='lat' dir='ltr'><strong>de</strong></span> <span class='ocrx_word' id='word_1_717' title='bbox 606 4948 947 5003; x_wconf 88' lang='lat' dir='ltr'><strong>humanitate</strong></span> <span class='ocrx_word' id='word_1_718' title='bbox 973 4948 1255 5013; x_wconf 90' lang='lat' dir='ltr'><strong>convenit,</strong></span> <span class='ocrx_word' id='word_1_719' title='bbox 1290 4954 1344 5002; x_wconf 91' lang='lat' dir='ltr'><strong>et</strong></span> <span class='ocrx_word' id='word_1_720' title='bbox 1369 4955 1492 5017; x_wconf 90' lang='lat' dir='ltr'><strong>apte</strong></span> <span class='ocrx_word' id='word_1_721' title='bbox 1523 4948 1778 5018; x_wconf 83' lang='lat' dir='ltr'><strong>congruit</strong></span> <span class='ocrx_word' id='word_1_722' title='bbox 1803 4967 1815 5003; x_wconf 90' lang='lat'><strong>:</strong></span> <span class='ocrx_word' id='word_1_723' title='bbox 1852 4963 2005 5020; x_wconf 87' lang='lat' dir='ltr'><strong>mag-</strong></span> 
     </span>
    </p>
   </div>
   <div class='ocr_carea' id='block_1_98' title="bbox 432 5039 2002 5111">
    <p class='ocr_par' dir='ltr' id='par_1_98' title="bbox 432 5039 2002 5111">
     <span class='ocr_line' id='line_1_98' title="bbox 432 5039 2002 5111; baseline -0.001 -14"><span class='ocrx_word' id='word_1_724' title='bbox 432 5056 506 5097; x_wconf 90' lang='lat' dir='ltr'><strong>no</strong></span> <span class='ocrx_word' id='word_1_725' title='bbox 538 5040 709 5096; x_wconf 85' lang='lat' dir='ltr'><strong>Paulo</strong></span> <span class='ocrx_word' id='word_1_726' title='bbox 746 5040 850 5095; x_wconf 79' lang='lat' dir='ltr'><strong>hoc</strong></span> <span class='ocrx_word' id='word_1_727' title='bbox 894 5039 1201 5111; x_wconf 67' lang='lat' dir='ltr'><strong>praesertim</strong></span> <span class='ocrx_word' id='word_1_728' title='bbox 1233 5039 1431 5108; x_wconf 82' lang='lat' dir='ltr'><strong>dogma</strong></span> <span class='ocrx_word' id='word_1_729' title='bbox 1461 5039 1874 5108; x_wconf 88' lang='lat' dir='ltr'><strong>comprobante,</strong></span> <span class='ocrx_word' id='word_1_730' title='bbox 1907 5041 2002 5108; x_wconf 89' lang='lat' dir='ltr'><strong>qui</strong></span> 
     </span>
    </p>
   </div>
   <div class='ocr_carea' id='block_1_99' title="bbox 433 5129 2005 5199">
    <p class='ocr_par' dir='ltr' id='par_1_99' title="bbox 433 5129 2005 5199">
     <span class='ocr_line' id='line_1_99' title="bbox 433 5129 2005 5199; baseline 0.001 -12"><span class='ocrx_word' id='word_1_731' title='bbox 433 5134 489 5187; x_wconf 92' lang='lat' dir='ltr'><strong>in</strong></span> <span class='ocrx_word' id='word_1_732' title='bbox 522 5148 665 5188; x_wconf 87' lang='lat' dir='ltr'><strong>novo</strong></span> <span class='ocrx_word' id='word_1_733' title='bbox 693 5133 915 5188; x_wconf 89' lang='lat' dir='ltr'><strong>homine</strong></span> <span class='ocrx_word' id='word_1_734' title='bbox 943 5132 1276 5186; x_wconf 91' lang='lat' dir='ltr'><strong>creationem</strong></span> <span class='ocrx_word' id='word_1_735' title='bbox 1306 5129 1550 5199; x_wconf 88' lang='lat' dir='ltr'><strong>respicit,</strong></span> <span class='ocrx_word' id='word_1_736' title='bbox 1584 5131 1717 5186; x_wconf 92' lang='lat' dir='ltr'><strong>etin</strong></span> <span class='ocrx_word' id='word_1_737' title='bbox 1759 5147 1886 5188; x_wconf 87' lang='lat' dir='ltr'><strong>vera</strong></span> <span class='ocrx_word' id='word_1_738' title='bbox 1917 5149 2005 5188; x_wconf 87' lang='lat' dir='ltr'><strong>sa-</strong></span> 
     </span>
    </p>
   </div>
   <div class='ocr_carea' id='block_1_100' title="bbox 437 5219 2003 5293">
    <p class='ocr_par' dir='ltr' id='par_1_100' title="bbox 437 5219 2003 5293">
     <span class='ocr_line' id='line_1_100' title="bbox 437 5219 2003 5293; baseline 0.002 -17"><span class='ocrx_word' id='word_1_739' title='bbox 437 5222 643 5292; x_wconf 88' lang='lat' dir='ltr'><strong>pientia</strong></span> <span class='ocrx_word' id='word_1_740' title='bbox 671 5227 996 5293; x_wconf 87' lang='lat' dir='ltr'><strong>potestatem</strong></span> <span class='ocrx_word' id='word_1_741' title='bbox 1034 5220 1355 5283; x_wconf 67' lang='lat' dir='ltr'><strong>ereptionis.</strong></span> <span class='ocrx_word' id='word_1_742' title='bbox 1392 5219 1707 5286; x_wconf 89' lang='lat' dir='ltr'><strong>Quinetiam</strong></span> <span class='ocrx_word' id='word_1_743' title='bbox 1735 5223 2003 5279; x_wconf 88' lang='lat' dir='ltr'><strong>orationis</strong></span> 
     </span>
    </p>
   </div>
   <div class='ocr_carea' id='block_1_101' title="bbox 434 5306 2004 5379">
    <p class='ocr_par' dir='ltr' id='par_1_101' title="bbox 434 5306 2004 5379">
     <span class='ocr_line' id='line_1_101' title="bbox 434 5306 2004 5379; baseline 0.004 -20"><span class='ocrx_word' id='word_1_744' title='bbox 434 5309 571 5364; x_wconf 91' lang='lat' dir='ltr'><strong>ordo</strong></span> <span class='ocrx_word' id='word_1_745' title='bbox 601 5309 764 5379; x_wconf 88' lang='lat' dir='ltr'><strong>hujus</strong></span> <span class='ocrx_word' id='word_1_746' title='bbox 826 5324 1025 5366; x_wconf 86' lang='lat' dir='ltr'><strong>sensus</strong></span> <span class='ocrx_word' id='word_1_747' title='bbox 1061 5306 1510 5377; x_wconf 89' lang='lat' dir='ltr'><strong>contemplationi</strong></span> <span class='ocrx_word' id='word_1_748' title='bbox 1546 5310 1841 5366; x_wconf 90' lang='lat' dir='ltr'><strong>consentit.</strong></span> <span class='ocrx_word' id='word_1_749' title='bbox 1886 5308 2004 5366; x_wconf 85' lang='lat' dir='ltr'><strong>Nisi</strong></span> 
     </span>
    </p>
   </div>
   <div class='ocr_carea' id='block_1_102' title="bbox 434 5388 2001 5471">
    <p class='ocr_par' dir='ltr' id='par_1_102' title="bbox 434 5388 2001 5471">
     <span class='ocr_line' id='line_1_102' title="bbox 434 5388 2001 5471; baseline 0.004 -18"><span class='ocrx_word' id='word_1_750' title='bbox 434 5398 580 5453; x_wconf 91' lang='lat' dir='ltr'><strong>enim</strong></span> <span class='ocrx_word' id='word_1_751' title='bbox 615 5399 673 5453; x_wconf 83' lang='lat' dir='ltr'><strong>in</strong></span> <span class='ocrx_word' id='word_1_752' title='bbox 705 5400 867 5458; x_wconf 88' lang='lat' dir='ltr'><strong>nobis</strong></span> <span class='ocrx_word' id='word_1_753' title='bbox 893 5401 1105 5457; x_wconf 90' lang='lat' dir='ltr'><strong>viarum</strong></span> <span class='ocrx_word' id='word_1_754' title='bbox 1151 5400 1482 5471; x_wconf 88' lang='lat' dir='ltr'><strong>principium</strong></span> <span class='ocrx_word' id='word_1_755' title='bbox 1506 5388 1778 5457; x_wconf 47' lang='lat' dir='ltr'><strong>&#39;creatum</strong></span> <span class='ocrx_word' id='word_1_756' title='bbox 1829 5411 2001 5469; x_wconf 85' lang='lat' dir='ltr'><strong>esset,</strong></span> 
     </span>
    </p>
   </div>
   <div class='ocr_carea' id='block_1_103' title="bbox 436 5490 2003 5561">
    <p class='ocr_par' dir='ltr' id='par_1_103' title="bbox 436 5490 2003 5561">
     <span class='ocr_line' id='line_1_103' title="bbox 436 5490 2003 5561; baseline 0.004 -20"><span class='ocrx_word' id='word_1_757' title='bbox 436 5502 544 5541; x_wconf 89' lang='lat' dir='ltr'><strong>non</strong></span> <span class='ocrx_word' id='word_1_758' title='bbox 575 5503 787 5557; x_wconf 88' lang='lat' dir='ltr'><strong>eorum,</strong></span> <span class='ocrx_word' id='word_1_759' title='bbox 815 5507 936 5561; x_wconf 68' lang='lat' dir='ltr'><strong>quin</strong></span> <span class='ocrx_word' id='word_1_760' title='bbox 973 5500 1283 5561; x_wconf 90' lang='lat' dir='ltr'><strong>sperantur,</strong></span> <span class='ocrx_word' id='word_1_761' title='bbox 1310 5490 1637 5547; x_wconf 61' lang='lat' dir='ltr'><strong>sazculorum</strong></span> <span class='ocrx_word' id='word_1_762' title='bbox 1680 5490 2003 5547; x_wconf 76' lang='lat' dir='ltr'><strong>fundamen-</strong></span> 
     </span>
    </p>
   </div>
   <div class='ocr_carea' id='block_1_104' title="bbox 437 5577 1999 5648">
    <p class='ocr_par' dir='ltr' id='par_1_104' title="bbox 437 5577 1999 5648">
     <span class='ocr_line' id='line_1_104' title="bbox 437 5577 1999 5648; baseline 0.005 -15"><span class='ocrx_word' id='word_1_763' title='bbox 437 5585 552 5633; x_wconf 88' lang='lat' dir='ltr'><strong>tum</strong></span> <span class='ocrx_word' id='word_1_764' title='bbox 578 5577 785 5647; x_wconf 83' lang='lat' dir='ltr'><strong>jactum</strong></span> <span class='ocrx_word' id='word_1_765' title='bbox 810 5579 1039 5648; x_wconf 77' lang='lat' dir='ltr'><strong>fuisset;</strong></span> <span class='ocrx_word' id='word_1_766' title='bbox 1079 5596 1187 5637; x_wconf 89' lang='lat' dir='ltr'><strong>non</strong></span> <span class='ocrx_word' id='word_1_767' title='bbox 1230 5579 1410 5637; x_wconf 76' lang='lat' dir='ltr'><strong>factus</strong></span> <span class='ocrx_word' id='word_1_768' title='bbox 1439 5581 1600 5637; x_wconf 87' lang='lat' dir='ltr'><strong>nobis</strong></span> <span class='ocrx_word' id='word_1_769' title='bbox 1639 5592 1785 5641; x_wconf 84' lang='lat' dir='ltr'><strong>esset</strong></span> <span class='ocrx_word' id='word_1_770' title='bbox 1813 5580 1999 5641; x_wconf 82' lang='lat' dir='ltr'><strong>Domi-</strong></span> 
     </span>
    </p>
   </div>
   <div class='ocr_carea' id='block_1_105' title="bbox 511 5668 1655 5759">
    <p class='ocr_par' dir='ltr' id='par_1_105' title="bbox 511 5668 1655 5759">
     <span class='ocr_line' id='line_1_105' title="bbox 511 5668 1655 5759; baseline -0.003 -28"><span class='ocrx_word' id='word_1_771' title='bbox 511 5671 555 5753; x_wconf 67' lang='lat' dir='ltr'><strong>f&#39;</strong></span> <span class='ocrx_word' id='word_1_772' title='bbox 599 5668 758 5729; x_wconf 75' lang='lat' dir='ltr'><strong>Rom.</strong></span> <span class='ocrx_word' id='word_1_773' title='bbox 792 5689 929 5754; x_wconf 73' lang='grc' dir='ltr'><strong>Δχιιι,</strong></span> <span class='ocrx_word' id='word_1_774' title='bbox 985 5674 1071 5759; x_wconf 64' lang='grc' dir='ltr'>μ.</span> <span class='ocrx_word' id='word_1_775' title='bbox 1120 5674 1193 5737; x_wconf 30' lang='grc' dir='ltr'><strong>τ¹⁶</strong></span> <span class='ocrx_word' id='word_1_776' title='bbox 1224 5672 1425 5745; x_wconf 81' lang='lat' dir='ltr'><strong>Ephes.</strong></span> <span class='ocrx_word' id='word_1_777' title='bbox 1459 5689 1533 5747; x_wconf 84' lang='lat' dir='ltr'><strong>iv,</strong></span> <span class='ocrx_word' id='word_1_778' title='bbox 1572 5674 1655 5736; x_wconf 70' lang='lat'><strong>24.</strong></span> 
     </span>
    </p>
   </div>
   <div class='ocr_carea' id='block_1_106' title="bbox 2114 4491 3710 4562">
    <p class='ocr_par' dir='ltr' id='par_1_106' title="bbox 2114 4491 3710 4562">
     <span class='ocr_line' id='line_1_106' title="bbox 2114 4491 3710 4562; baseline -0.004 -13"><span class='ocrx_word' id='word_1_779' title='bbox 2114 4492 2387 4559; x_wconf 78' lang='grc' dir='ltr'>διασώζει,</span> <span class='ocrx_word' id='word_1_780' title='bbox 2415 4496 2444 4547; x_wconf 92' lang='lat'><strong>6</strong></span> <span class='ocrx_word' id='word_1_781' title='bbox 2472 4494 2562 4546; x_wconf 90' lang='grc' dir='ltr'><strong>τὸν</strong></span> <span class='ocrx_word' id='word_1_782' title='bbox 2598 4492 2693 4545; x_wconf 88' lang='grc' dir='ltr'><strong>τοῦ</strong></span> <span class='ocrx_word' id='word_1_783' title='bbox 2723 4493 2922 4556; x_wconf 90' lang='grc' dir='ltr'>παντὸς</span> <span class='ocrx_word' id='word_1_784' title='bbox 2949 4492 3186 4562; x_wconf 84' lang='grc' dir='ltr'>Κτίστην</span> <span class='ocrx_word' id='word_1_785' title='bbox 3217 4493 3307 4545; x_wconf 72' lang='grc' dir='ltr'>καὶ</span> <span class='ocrx_word' id='word_1_786' title='bbox 3348 4491 3558 4562; x_wconf 79' lang='grc' dir='ltr'>Κύριον</span> <span class='ocrx_word' id='word_1_787' title='bbox 3596 4509 3710 4544; x_wconf 81' lang='grc' dir='ltr'>πε-</span> 
     </span>
    </p>
   </div>
   <div class='ocr_carea' id='block_1_107' title="bbox 2115 4583 3713 4656">
    <p class='ocr_par' dir='ltr' id='par_1_107' title="bbox 2115 4583 3713 4656">
     <span class='ocr_line' id='line_1_107' title="bbox 2115 4583 3713 4656; baseline -0.003 -15"><span class='ocrx_word' id='word_1_788' title='bbox 2115 4587 2368 4656; x_wconf 86' lang='grc' dir='ltr'>ποιῆσθαι</span> <span class='ocrx_word' id='word_1_789' title='bbox 2396 4585 2781 4655; x_wconf 78' lang='grc' dir='ltr'>διοριζόμενος,</span> <span class='ocrx_word' id='word_1_790' title='bbox 2810 4586 2903 4639; x_wconf 79' lang='grc' dir='ltr'>καὶ</span> <span class='ocrx_word' id='word_1_791' title='bbox 2936 4587 3003 4655; x_wconf 78' lang='grc' dir='ltr'>τῇ</span> <span class='ocrx_word' id='word_1_792' title='bbox 3037 4584 3359 4654; x_wconf 81' lang='grc' dir='ltr'>δουλευούσῃ</span> <span class='ocrx_word' id='word_1_793' title='bbox 3391 4583 3572 4636; x_wconf 84' lang='grc' dir='ltr'>κτίσει</span> <span class='ocrx_word' id='word_1_794' title='bbox 3598 4602 3713 4638; x_wconf 80' lang='grc' dir='ltr'>κα-</span> 
     </span>
    </p>
   </div>
   <div class='ocr_carea' id='block_1_108' title="bbox 2111 4674 3712 4747">
    <p class='ocr_par' dir='ltr' id='par_1_108' title="bbox 2111 4674 3712 4747">
     <span class='ocr_line' id='line_1_108' title="bbox 2111 4674 3712 4747; baseline -0.001 -16"><span class='ocrx_word' id='word_1_795' title='bbox 2111 4679 2466 4741; x_wconf 73' lang='grc' dir='ltr'>τασκευάζων</span> <span class='ocrx_word' id='word_1_796' title='bbox 2502 4676 2793 4747; x_wconf 84' lang='grc' dir='ltr'>ὁμότιμον·</span> <span class='ocrx_word' id='word_1_797' title='bbox 2828 4676 2862 4745; x_wconf 81' lang='grc' dir='ltr'>ἢ</span> <span class='ocrx_word' id='word_1_798' title='bbox 2912 4675 3113 4746; x_wconf 85' lang='grc' dir='ltr'>μᾶλλον</span> <span class='ocrx_word' id='word_1_799' title='bbox 3149 4677 3177 4728; x_wconf 92' lang='lat'><strong>6</strong></span> <span class='ocrx_word' id='word_1_800' title='bbox 3210 4676 3345 4745; x_wconf 88' lang='grc' dir='ltr'>πρὸς</span> <span class='ocrx_word' id='word_1_801' title='bbox 3392 4674 3496 4745; x_wconf 80' lang='grc' dir='ltr'><strong>τὴν</strong></span> <span class='ocrx_word' id='word_1_802' title='bbox 3546 4677 3712 4729; x_wconf 85' lang='grc' dir='ltr'>οἰκο-</span> 
     </span>
    </p>
   </div>
   <div class='ocr_carea' id='block_1_109' title="bbox 2112 4766 3711 4842">
    <p class='ocr_par' dir='ltr' id='par_1_109' title="bbox 2112 4766 3711 4842">
     <span class='ocr_line' id='line_1_109' title="bbox 2112 4766 3711 4842; baseline -0.001 -18"><span class='ocrx_word' id='word_1_803' title='bbox 2112 4772 2303 4842; x_wconf 89' lang='grc' dir='ltr'>νομίαν</span> <span class='ocrx_word' id='word_1_804' title='bbox 2327 4768 2493 4841; x_wconf 84' lang='grc' dir='ltr'>ὁρῶν,</span> <span class='ocrx_word' id='word_1_805' title='bbox 2527 4769 2620 4823; x_wconf 72' lang='grc' dir='ltr'>καὶ</span> <span class='ocrx_word' id='word_1_806' title='bbox 2646 4768 2932 4839; x_wconf 82' lang='grc' dir='ltr'>φυλάσσων</span> <span class='ocrx_word' id='word_1_807' title='bbox 2971 4771 3037 4839; x_wconf 80' lang='grc' dir='ltr'>τῇ</span> <span class='ocrx_word' id='word_1_808' title='bbox 3064 4785 3123 4821; x_wconf 88' lang='grc' dir='ltr'><strong>τε</strong></span> <span class='ocrx_word' id='word_1_809' title='bbox 3157 4769 3283 4838; x_wconf 73' lang='grc' dir='ltr'>περὶ</span> <span class='ocrx_word' id='word_1_810' title='bbox 3310 4766 3370 4819; x_wconf 85' lang='grc' dir='ltr'><strong>τὸ</strong></span> <span class='ocrx_word' id='word_1_811' title='bbox 3398 4766 3569 4830; x_wconf 82' lang='grc' dir='ltr'>θεῖον,</span> <span class='ocrx_word' id='word_1_812' title='bbox 3605 4771 3711 4824; x_wconf 85' lang='grc' dir='ltr'>καὶ</span> 
     </span>
    </p>
   </div>
   <div class='ocr_carea' id='block_1_110' title="bbox 2072 4857 3713 4934">
    <p class='ocr_par' dir='ltr' id='par_1_110' title="bbox 2072 4857 3713 4934">
     <span class='ocr_line' id='line_1_110' title="bbox 2072 4857 3713 4934; baseline -0.002 -19"><span class='ocrx_word' id='word_1_813' title='bbox 2072 4922 2075 4923; x_wconf 21' lang='grc' dir='ltr'><strong>ν</strong></span> <span class='ocrx_word' id='word_1_814' title='bbox 2110 4865 2177 4934; x_wconf 79' lang='grc' dir='ltr'>τῇ</span> <span class='ocrx_word' id='word_1_815' title='bbox 2212 4861 2340 4934; x_wconf 79' lang='grc' dir='ltr'>περὶ</span> <span class='ocrx_word' id='word_1_816' title='bbox 2364 4860 2425 4914; x_wconf 89' lang='grc' dir='ltr'><strong>τὸ</strong></span> <span class='ocrx_word' id='word_1_817' title='bbox 2449 4857 2784 4930; x_wconf 86' lang='grc' dir='ltr'>ἀνθρώπινον</span> <span class='ocrx_word' id='word_1_818' title='bbox 2810 4858 3074 4929; x_wconf 74' lang='grc' dir='ltr'>ὑπολήψει</span> <span class='ocrx_word' id='word_1_819' title='bbox 3101 4858 3162 4911; x_wconf 89' lang='grc' dir='ltr'><strong>τὸ</strong></span> <span class='ocrx_word' id='word_1_820' title='bbox 3193 4862 3520 4931; x_wconf 83' lang='grc' dir='ltr'>πρόσφορον.</span> <span class='ocrx_word' id='word_1_821' title='bbox 3546 4860 3713 4932; x_wconf 77' lang='grc' dir='ltr'>Συμ-</span> 
     </span>
    </p>
   </div>
   <div class='ocr_carea' id='block_1_111' title="bbox 2108 4948 3709 5026">
    <p class='ocr_par' dir='ltr' id='par_1_111' title="bbox 2108 4948 3709 5026">
     <span class='ocr_line' id='line_1_111' title="bbox 2108 4948 3709 5026; baseline -0.003 -17"><span class='ocrx_word' id='word_1_822' title='bbox 2108 4950 2513 5026; x_wconf 86' lang='grc' dir='ltr'>μαρτυροῦντος</span> <span class='ocrx_word' id='word_1_823' title='bbox 2532 4950 2625 5006; x_wconf 87' lang='grc' dir='ltr'><strong>τοῦ</strong></span> <span class='ocrx_word' id='word_1_824' title='bbox 2653 4951 2888 5021; x_wconf 80' lang='grc' dir='ltr'>μεγάλου</span> <span class='ocrx_word' id='word_1_825' title='bbox 2924 4950 3136 5003; x_wconf 88' lang='grc' dir='ltr'>Παύλου</span> <span class='ocrx_word' id='word_1_826' title='bbox 3163 4948 3240 5020; x_wconf 78' lang='grc' dir='ltr'><strong>τῷ</strong></span> <span class='ocrx_word' id='word_1_827' title='bbox 3263 4948 3511 5017; x_wconf 84' lang='grc' dir='ltr'>δόγματι,</span> <span class='ocrx_word' id='word_1_828' title='bbox 3549 4950 3619 5015; x_wconf 73' lang='grc' dir='ltr'>ὃς</span> <span class='ocrx_word' id='word_1_829' title='bbox 3642 4951 3709 5004; x_wconf 87' lang='grc' dir='ltr'><strong>ἐν</strong></span> 
     </span>
    </p>
   </div>
   <div class='ocr_carea' id='block_1_112' title="bbox 2107 5040 3702 5116">
    <p class='ocr_par' dir='ltr' id='par_1_112' title="bbox 2107 5040 3702 5116">
     <span class='ocr_line' id='line_1_112' title="bbox 2107 5040 3702 5116; baseline -0.004 -17"><span class='ocrx_word' id='word_1_830' title='bbox 2107 5046 2208 5116; x_wconf 82' lang='grc' dir='ltr'><strong>μὲν</strong></span> <span class='ocrx_word' id='word_1_831' title='bbox 2230 5044 2307 5115; x_wconf 82' lang='grc' dir='ltr'>τῷ</span> <span class='ocrx_word' id='word_1_832' title='bbox 2350 5043 2519 5115; x_wconf 84' lang='grc' dir='ltr'>καινῷ</span> <span class='ocrx_word' id='word_1_833' title='bbox 2547 5042 2818 5114; x_wconf 84' lang='grc' dir='ltr'>ἀνθρώπῳ</span> <span class='ocrx_word' id='word_1_834' title='bbox 2856 5041 2955 5114; x_wconf 80' lang='grc' dir='ltr'>τὴν</span> <span class='ocrx_word' id='word_1_835' title='bbox 2987 5041 3164 5095; x_wconf 86' lang='grc' dir='ltr'>κτίσιν</span> <span class='ocrx_word' id='word_1_836' title='bbox 3204 5040 3410 5111; x_wconf 86' lang='grc' dir='ltr'>βλέπει,</span> <span class='ocrx_word' id='word_1_837' title='bbox 3440 5043 3499 5093; x_wconf 88' lang='grc' dir='ltr'><strong>ἐν</strong></span> <span class='ocrx_word' id='word_1_838' title='bbox 3528 5041 3591 5094; x_wconf 81' lang='grc' dir='ltr'>δὲ</span> <span class='ocrx_word' id='word_1_839' title='bbox 3626 5046 3702 5114; x_wconf 77' lang='grc' dir='ltr'>τῇ</span> 
     </span>
    </p>
   </div>
   <div class='ocr_carea' id='block_1_113' title="bbox 2102 5129 3705 5205">
    <p class='ocr_par' dir='ltr' id='par_1_113' title="bbox 2102 5129 3705 5205">
     <span class='ocr_line' id='line_1_113' title="bbox 2102 5129 3705 5205; baseline -0.002 -17"><span class='ocrx_word' id='word_1_840' title='bbox 2102 5133 2328 5205; x_wconf 80' lang='grc' dir='ltr'>ἀληθινῇ</span> <span class='ocrx_word' id='word_1_841' title='bbox 2355 5132 2515 5204; x_wconf 77' lang='grc' dir='ltr'>σοφία</span> <span class='ocrx_word' id='word_1_842' title='bbox 2542 5132 2639 5203; x_wconf 84' lang='grc' dir='ltr'>τὴν</span> <span class='ocrx_word' id='word_1_843' title='bbox 2659 5131 2903 5197; x_wconf 81' lang='grc' dir='ltr'>ἐξουσίαν</span> <span class='ocrx_word' id='word_1_844' title='bbox 2920 5131 3021 5202; x_wconf 82' lang='grc' dir='ltr'>τῆς</span> <span class='ocrx_word' id='word_1_845' title='bbox 3041 5131 3289 5193; x_wconf 78' lang='grc' dir='ltr'>κτίσεως.</span> <span class='ocrx_word' id='word_1_846' title='bbox 3308 5129 3612 5201; x_wconf 75' lang='grc' dir='ltr'>Συμόαίνει</span> <span class='ocrx_word' id='word_1_847' title='bbox 3637 5132 3705 5185; x_wconf 73' lang='grc' dir='ltr'>δὲ</span> 
     </span>
    </p>
   </div>
   <div class='ocr_carea' id='block_1_114' title="bbox 2102 5222 3703 5295">
    <p class='ocr_par' dir='ltr' id='par_1_114' title="bbox 2102 5222 3703 5295">
     <span class='ocr_line' id='line_1_114' title="bbox 2102 5222 3703 5295; baseline -0.001 -17"><span class='ocrx_word' id='word_1_848' title='bbox 2102 5226 2197 5278; x_wconf 59' lang='grc' dir='ltr'><strong>και¹</strong></span> <span class='ocrx_word' id='word_1_849' title='bbox 2230 5222 2436 5295; x_wconf 81' lang='grc' dir='ltr'>ήτάξις</span> <span class='ocrx_word' id='word_1_850' title='bbox 2472 5223 2565 5276; x_wconf 85' lang='grc' dir='ltr'><strong>τοῦ</strong></span> <span class='ocrx_word' id='word_1_851' title='bbox 2606 5223 2763 5291; x_wconf 87' lang='grc' dir='ltr'>λόγου</span> <span class='ocrx_word' id='word_1_852' title='bbox 2821 5226 2885 5293; x_wconf 76' lang='grc' dir='ltr'>τῇ</span> <span class='ocrx_word' id='word_1_853' title='bbox 2914 5222 3119 5295; x_wconf 77' lang='grc' dir='ltr'>θεωρίᾳ</span> <span class='ocrx_word' id='word_1_854' title='bbox 3162 5222 3256 5276; x_wconf 91' lang='grc' dir='ltr'><strong>τυῦ</strong></span> <span class='ocrx_word' id='word_1_855' title='bbox 3293 5222 3586 5292; x_wconf 80' lang='grc' dir='ltr'>δόγματος.</span> <span class='ocrx_word' id='word_1_856' title='bbox 3633 5224 3703 5276; x_wconf 72' lang='lat' dir='ltr'><strong>Et</strong></span> 
     </span>
    </p>
   </div>
   <div class='ocr_carea' id='block_1_115' title="bbox 2112 5312 3707 5385">
    <p class='ocr_par' dir='ltr' id='par_1_115' title="bbox 2112 5312 3707 5385">
     <span class='ocr_line' id='line_1_115' title="bbox 2112 5312 3707 5385; baseline 0.002 -19"><span class='ocrx_word' id='word_1_857' title='bbox 2112 5312 2223 5383; x_wconf 84' lang='grc' dir='ltr'><strong>γὰρ</strong></span> <span class='ocrx_word' id='word_1_858' title='bbox 2249 5312 2323 5382; x_wconf 86' lang='grc' dir='ltr'>μὴ</span> <span class='ocrx_word' id='word_1_859' title='bbox 2352 5312 2573 5384; x_wconf 75' lang='grc' dir='ltr'>ἐκτίσθη</span> <span class='ocrx_word' id='word_1_860' title='bbox 2625 5315 2682 5365; x_wconf 92' lang='grc' dir='ltr'><strong>ἐν</strong></span> <span class='ocrx_word' id='word_1_861' title='bbox 2720 5314 2851 5383; x_wconf 70' lang='grc' dir='ltr'>ἡμῖν</span> <span class='ocrx_word' id='word_1_862' title='bbox 2882 5315 2915 5384; x_wconf 80' lang='grc' dir='ltr'><strong>η</strong></span> <span class='ocrx_word' id='word_1_863' title='bbox 2946 5312 3053 5366; x_wconf 85' lang='grc' dir='ltr'>τῶν</span> <span class='ocrx_word' id='word_1_864' title='bbox 3076 5312 3209 5366; x_wconf 82' lang='grc' dir='ltr'>ὁδῶν</span> <span class='ocrx_word' id='word_1_865' title='bbox 3243 5312 3408 5385; x_wconf 81' lang='grc' dir='ltr'>ἀρχὴ,</span> <span class='ocrx_word' id='word_1_866' title='bbox 3445 5313 3545 5367; x_wconf 86' lang='grc' dir='ltr'><strong>ούκ</strong></span> <span class='ocrx_word' id='word_1_867' title='bbox 3569 5313 3648 5367; x_wconf 78' lang='grc' dir='ltr'>ἂν</span> <span class='ocrx_word' id='word_1_868' title='bbox 3672 5317 3707 5369; x_wconf 90' lang='grc' dir='ltr'><strong>ό</strong></span> 
     </span>
    </p>
   </div>
   <div class='ocr_carea' id='block_1_116' title="bbox 2111 5403 3704 5477">
    <p class='ocr_par' dir='ltr' id='par_1_116' title="bbox 2111 5403 3704 5477">
     <span class='ocr_line' id='line_1_116' title="bbox 2111 5403 3704 5477; baseline 0.001 -20"><span class='ocrx_word' id='word_1_869' title='bbox 2111 5403 2218 5457; x_wconf 84' lang='grc' dir='ltr'><strong>τῶν</strong></span> <span class='ocrx_word' id='word_1_870' title='bbox 2277 5404 2740 5475; x_wconf 82' lang='grc' dir='ltr'>προσδοκωμένων</span> <span class='ocrx_word' id='word_1_871' title='bbox 2791 5405 3000 5460; x_wconf 84' lang='grc' dir='ltr'>αἰώνων</span> <span class='ocrx_word' id='word_1_872' title='bbox 3054 5404 3301 5477; x_wconf 81' lang='grc' dir='ltr'>θεμέλιος</span> <span class='ocrx_word' id='word_1_873' title='bbox 3350 5404 3704 5477; x_wconf 55' lang='lat' dir='ltr'><strong>numqui).</strong></span> 
     </span>
    </p>
   </div>
   <div class='ocr_carea' id='block_1_117' title="bbox 2108 5493 3704 5567">
    <p class='ocr_par' dir='ltr' id='par_1_117' title="bbox 2108 5493 3704 5567">
     <span class='ocr_line' id='line_1_117' title="bbox 2108 5493 3704 5567; baseline 0.001 -19"><span class='ocrx_word' id='word_1_874' title='bbox 2108 5493 2219 5548; x_wconf 81' lang='grc' dir='ltr'>οὐδ’</span> <span class='ocrx_word' id='word_1_875' title='bbox 2239 5493 2305 5547; x_wconf 83' lang='grc' dir='ltr'>ἂν</span> <span class='ocrx_word' id='word_1_876' title='bbox 2323 5493 2538 5562; x_wconf 84' lang='grc' dir='ltr'>ἐγένετο</span> <span class='ocrx_word' id='word_1_877' title='bbox 2560 5497 2688 5566; x_wconf 80' lang='grc' dir='ltr'>ἡμῖν</span> <span class='ocrx_word' id='word_1_878' title='bbox 2715 5499 2744 5550; x_wconf 89' lang='grc' dir='ltr'><strong>ό</strong></span> <span class='ocrx_word' id='word_1_879' title='bbox 2768 5496 2970 5567; x_wconf 82' lang='grc' dir='ltr'>Κύριος</span> <span class='ocrx_word' id='word_1_880' title='bbox 2991 5495 3192 5565; x_wconf 79' lang='grc' dir='ltr'>Πατὴρ</span> <span class='ocrx_word' id='word_1_881' title='bbox 3225 5496 3330 5550; x_wconf 87' lang='grc' dir='ltr'><strong>τοῦ</strong></span> <span class='ocrx_word' id='word_1_882' title='bbox 3346 5495 3704 5566; x_wconf 71' lang='grc' dir='ltr'>μέλλοντος</span> 
     </span>
    </p>
   </div>
   <div class='ocr_carea' id='block_1_118' title="bbox 2105 5584 3698 5662">
    <p class='ocr_par' dir='ltr' id='par_1_118' title="bbox 2105 5584 3698 5662">
     <span class='ocr_line' id='line_1_118' title="bbox 2105 5584 3698 5662; baseline -0.003 -16"><span class='ocrx_word' id='word_1_883' title='bbox 2105 5584 2342 5653; x_wconf 79' lang='grc' dir='ltr'>αίῶνος,</span> <span class='ocrx_word' id='word_1_884' title='bbox 2379 5588 2427 5640; x_wconf 87' lang='grc' dir='ltr'><strong>εί</strong></span> <span class='ocrx_word' id='word_1_885' title='bbox 2474 5587 2550 5661; x_wconf 82' lang='grc' dir='ltr'>μὴ</span> <span class='ocrx_word' id='word_1_886' title='bbox 2596 5588 2735 5644; x_wconf 87' lang='grc' dir='ltr'><strong>κατά</strong></span> <span class='ocrx_word' id='word_1_887' title='bbox 2765 5589 2854 5645; x_wconf 90' lang='grc' dir='ltr'><strong>τὸν</strong></span> <span class='ocrx_word' id='word_1_888' title='bbox 2896 5590 3121 5644; x_wconf 79' lang='grc' dir='ltr'>Ἡσαΐαν</span> <span class='ocrx_word' id='word_1_889' title='bbox 3176 5587 3386 5643; x_wconf 80' lang='grc' dir='ltr'>παιδίον</span> <span class='ocrx_word' id='word_1_890' title='bbox 3419 5588 3698 5662; x_wconf 73' lang='grc' dir='ltr'>ἐγεννήθη</span> 
     </span>
    </p>
   </div>
  </div>
