3992 6210
272 180 363 238 585

1374 189 1647 247 comma
1688 168 2076 259 numinum,
2116 191 2246 249 LIB.
2284 192 2376 247 ιιι.

3402 186 3504 245 586

270 305 403 374 ἡμῖν.
431 302 524 356 καὶ
558 302 761 373 ἐκλήθη
786 303 847 358 τὸ
874 305 1045 376 ὄνομα
1075 306 1240 361 αὐτοῦ
1266 322 1280 336 ’
1311 308 1380 362 τά
1407 326 1464 362 τε
1484 308 1617 364 ἀλλα
1647 309 1823 364 πάντα

1934 325 2053 374 nus,
2114 312 2275 366 Pater
2299 306 2465 376 futuri
2486 305 2686 368 swculi,
2722 309 2831 365 nisi
2872 307 3173 366 secundum
3245 302 3433 362 Isaiam
3460 306 3502 336 ιτ

268 397 360 448 ὅσα
380 396 409 448 ὁ
433 396 715 465 προφήτης
759 395 1009 467 ὠνόμασε
1034 414 1048 428 ⁶
1078 398 1171 452 καὶ
1206 400 1341 469 μετὰ
1364 400 1600 468 πάντων,
1625 403 1828 471 Πατὴρ

268 485 365 539 τοῦ
385 484 707 553 μέλλοντος
732 485 969 554 αἰῶνος.
989 489 1258 561 Πρότερον
1280 486 1373 545 οὖν
1404 493 1592 561 γέγονε
1614 494 1673 547 τὸ
1688 495 1828 549 κατὰ

266 574 354 644 τὴν
373 574 664 645 παρθενίαν
696 578 1017 649 μυστήριον,
1047 580 1141 632 καὶ
1174 581 1206 650 ἡ
1244 582 1373 653 περὶ
1402 581 1462 635 τὸ
1483 582 1655 646 πάθος
1686 586 1829 639 οἰκο-

265 667 429 737 νομία.
460 667 572 720 Καὶ
606 668 728 721 τότε
761 670 811 721 οἱ
856 669 1010 738 σοφοὶ
1046 672 1146 743 τῆς
1176 672 1413 737 πίστεως
1451 675 1830 744 ἀρχιτέκτονες

264 759 343 812 τὸν
367 758 612 829 θεμέλιον
630 759 733 830 τῆς
753 760 987 827 πίστεως
1008 763 1387 819 κατεϐάλοντο.
1414 761 1581 829 Οὗτος
1599 766 1656 820 δέ
1681 769 1828 821 ἐστιν

263 848 289 900 ὁ
313 849 607 920 Χριστὸς,ὁ
615 852 820 922 Πατὴρ
835 854 939 910 τοῦ
951 855 1280 926 μέλλοντος
1290 851 1523 924 αἰῶνος,
1540 851 1584 925 ᾧ
1611 861 1828 911 ἐποικο-

260 941 489 1010 δομεῖται
536 942 571 1012 ἠ
616 941 725 995 τῶν
762 943 1133 1016 ἀτελευτήτων
1186 946 1398 1004 αἰώνων
1451 948 1585 1020 ζωή.
1627 949 1827 1003 Τούτου

261 1031 312 1083 δὲ
343 1030 647 1101 γενομένου,
684 1031 771 1084 ἵνα
802 1033 861 1086 ὲν
899 1033 1114 1103 ἑκάστῳ
1146 1036 1254 1089 τῶν
1295 1037 1732 1091 πεπιστευκότων
1762 1036 1828 1089 τὰ

263 1121 374 1175 θεῖα
412 1121 692 1192 θελήματα
723 1122 818 1176 τοῦ
867 1125 1225 1195 εὐαγγελικοῦ
1258 1128 1444 1200 νόμου,
1485 1130 1579 1183 καὶ
1614 1129 1682 1182 τὰ
1712 1146 1828 1182 ποι-

263 1213 384 1267 κίλα
409 1214 498 1268 τοῦ
524 1215 682 1284 ἁγίου
716 1218 1032 1287 Πνεύματος
1058 1220 1374 1293 χαρίσματα
1412 1221 1656 1293 γενηται,
1686 1222 1829 1291 ἆπερ

262 1305 432 1359 πάντα
472 1307 747 1377 τροπικῶς
784 1310 925 1364 κατά
958 1328 1079 1366 τινα
1125 1314 1380 1384 προσφυῆ
1425 1315 1698 1385 σημασίαν
1726 1315 1827 1385 ὅρη

260 1398 352 1452 καὶ
379 1396 867 1472 βουνοὺςόνομάζει
889 1403 923 1473 ἡ
955 1401 1075 1455 θεία
1101 1403 1289 1475 Γραφή
1307 1421 1320 1434 ·
1356 1406 1455 1474 τὴν
1482 1406 1827 1476 δικαιοσύνην

259 1489 357 1557 μὲν
387 1488 486 1560 ὅρη
510 1488 646 1544 Θεοῦ
684 1490 1046 1561 όνομάζουσα,
1078 1493 1147 1546 τὰ
1181 1493 1239 1547 δὲ
1263 1495 1505 1565 κρίματα
1559 1495 1828 1559 ἀϐύσσους

256 1578 745 1648 προσαγορεύουσα,
761 1580 864 1651 γῆν
875 1581 929 1634 δὲ
941 1583 1039 1654 τὴν
1059 1584 1163 1638 ὑπὸ
1173 1585 1265 1640 τοῦ
1277 1586 1450 1656 Λόγου
1465 1589 1827 1660 σπειρομένην

1929 403 2191 471 parvulus
2223 416 2360 471 puer
2390 400 2551 454 nobis
2586 408 2749 455 natus
2775 408 2945 465 esset,
2979 410 3031 454 et
3045 399 3167 468 ejus
3196 413 3394 453 nomen
3422 411 3510 451 voc

1929 502 2127 561 calum‘
2150 500 2321 556 esset,
2355 499 2410 547 et
2439 500 2632 546 caetera
2668 507 2789 560 qum
2816 491 3085 560 prepheta
3121 490 3404 549 nominat,
3452 493 3510 539 et

1928 600 2052 639 cum
2103 584 2383 650 omnibus,
2429 582 2590 636 Pater
2637 584 2803 651 futuri
2849 583 3050 636 sazculi.
3116 582 3279 635 Prius
3340 579 3509 648 igitur

1930 677 2038 732 fuit
2062 678 2385 748 mysterium
2432 675 2577 746 quod
2615 677 2669 729 in
2702 676 2913 746 virgine
2950 675 3154 729 factum
3187 681 3291 737 est,
3345 679 3509 740 atque

1929 769 2019 823 illa
2055 770 2109 823 in
2141 769 2397 839 passione
2427 764 2788 837 dispensatio.
2842 768 3020 837 Atque
3049 774 3180 819 tunc
3230 763 3507 833 sapientes

1930 859 2058 914 ﬁdei
2091 859 2377 914 architecti
2429 859 2543 913 sive
2596 859 2873 928 principes
2935 858 3071 911 fabri
3122 856 3245 912 ﬁdei
3307 856 3506 911 funda-

1930 959 2170 1005 mentum
2219 959 2536 1020 posuerunt.
2578 948 2678 1004 Hic
2704 958 2886 1004 autem
2938 955 3025 1005 est
3050 946 3320 1011 Christus,
3347 943 3507 1002 Pater

1929 1043 2100 1111 futuri
2128 1043 2332 1107 swculi,
2363 1058 2528 1113 super
2554 1058 2663 1113 quo
2682 1042 2984 1097 :ediﬁcatur
3001 1042 3324 1096 saeculorum
3346 1039 3504 1094 ﬁnem

1929 1149 2204 1203 nunquam
2230 1133 2611 1188 habiturorum
2647 1136 2776 1207 vita.
2834 1132 2990 1198 Quod
3035 1131 3234 1185 factum
3263 1130 3384 1194 fuit,
3449 1137 3506 1183 ut

1930 1227 1983 1279 iu
2023 1240 2353 1295 unoquoque
2383 1225 2727 1280 credentium
2759 1225 2961 1279 divinae
3006 1225 3320 1279 voluntates
3371 1221 3507 1292 legis

1931 1317 2293 1388 Evangelieae,
2359 1325 2414 1372 et
2447 1317 2600 1371 varia
2652 1317 2829 1372 sancti
2880 1315 3123 1385 Spiritus
3157 1315 3299 1369 dona
3350 1314 3504 1375 ﬁunt,

1928 1425 2050 1480 quae
2084 1410 2269 1463 omnia
2326 1409 2539 1480 tropice
2579 1409 2882 1463 secundum
2915 1405 3205 1477 quamdam
3259 1416 3506 1476 aguatam

1929 1502 2046 1556 sive
2073 1500 2440 1555 adhmrentem
2494 1497 2920 1570 signiﬁcantiam
2978 1506 3193 1552 montes
3226 1505 3281 1552 et
3333 1495 3502 1551 colies

1930 1590 2178 1645 nominat
2208 1589 2494 1660 Scriptura
2522 1589 2728 1643 divina.
2758 1586 3036 1643 Justitiam
3069 1586 3290 1656 quidem
3342 1597 3501 1637 mon-

256 1670 346 1724 καὶ
371 1670 824 1743 καρποφοροῦσαν
848 1672 940 1726 τὸν
961 1653 1225 1745 πολύχουν
1247 1653 1479 1749 καρπόν.
1510 1680 1581 1732 Ἦ
1596 1653 1687 1744 ,ὡς
1712 1653 1825 1733 ἑτέ-

1934 1691 2011 1739 tes
2040 1681 2133 1737 Dei
2167 1653 2479 1743 nominans.
2524 1680 2733 1751 judicia
2766 1694 2894 1734 vero
2923 1653 3153 1757 abyssos
3186 1676 3492 1746 appellans.

257 1762 423 1830 ρωθεν
457 1762 609 1834 παρὰ
654 1762 731 1834 τῷ
766 1765 932 1820 Δαδὶδ
966 1765 1067 1836 μὲν
1110 1769 1332 1839 εἰρήνην
1396 1770 1484 1824 διὰ
1522 1771 1631 1826 τῶν
1659 1772 1821 1844 ὀρῶν,

254 1853 594 1924 δικαιοσύνην
632 1854 690 1908 δὲ
720 1854 807 1907 διὰ
843 1856 953 1909 τῶν
994 1856 1198 1926 βουνῶν
1229 1858 1617 1930 διδασκόμεθα’
1653 1863 1822 1930 ἀναγσ

254 1944 420 2007 καίως
448 1945 507 1997 ὲν
535 1946 649 2009 τοῖς
679 1948 890 2008 πιστοῖς
926 1947 959 2016 ἡ
998 1948 1157 2016 σοφία
1186 1951 1461 2015 γεννᾶται,
1501 1949 1594 2002 καὶ
1621 1949 1824 2022 ἀληθὴς

250 2038 280 2087 ό
302 2034 493 2103 Λόγος.
535 2035 596 2087 '0
621 2034 729 2106 γὰρ
763 2036 819 2087 ὲν
841 2038 955 2096 τοῖς
979 2035 1293 2106 δεξαμένοις
1314 2039 1477 2092 αὐτὸν
1508 2038 1605 2103 ὢν,
1628 2042 1686 2094 ἐν
1712 2044 1827 2104 τοῖς

252 2125 500 2188 ἀπίστοις
552 2124 705 2178 οῦπω
732 2126 1019 2197 ἐγεννήθη.
1058 2128 1178 2182 Ἵνα
1230 2124 1325 2182 οὖν
1371 2129 1543 2184 ταῦτα
1569 2131 1663 2184 καὶ
1694 2133 1826 2203 παρ’

254 2218 385 2287 ἡμῖν
411 2217 657 2289 γένηται.
707 2216 813 2289 χρὴ
857 2218 948 2272 τὸν
988 2219 1190 2273 τούτων
1233 2220 1562 2292 δημιουργὸν
1606 2222 1666 2276 ἐν
1697 2224 1826 2294 ἡμῖν

252 2306 596 2376 γεννηθῆναι.
628 2308 782 2362 Οῦτω
809 2309 865 2362 δὲ
890 2311 980 2363 καὶ
1005 2311 1075 2365 τὰ
1106 2311 1303 2381 ἑφεξῆς
1326 2312 1537 2377 τούτοις
1573 2313 1715 2367 κατά
1736 2316 1828 2369 τὸν

254 2397 441 2468 εἱρμὸν
474 2396 662 2450 τοῦτον
714 2400 1140 2471 κατανοήσομεν.
1187 2402 1311 2455 Ἐὰν
1356 2402 1466 2473 γὰρ
1504 2403 1738 2476 γεννηθῇ
1771 2407 1828 2458 ὲν

255 2490 385 2560 ⁴ἡμῖν
424 2490 458 2559 ἡ
489 2490 669 2559 σοφία.
720 2491 840 2543 τότε
875 2493 1026 2562 παρὰ
1059 2491 1153 2545 τοῦ
1180 2493 1314 2547 Θεοῦ
1362 2496 1828 2561 κατασκευάζεται

256 2582 319 2633 ἐν
352 2580 562 2652 ἑκάστῳ
619 2582 654 2652 ἦ
682 2599 741 2634 τε
774 2581 927 2653 χώρα
972 2584 1065 2636 καὶ
1091 2585 1124 2653 ή
1163 2584 1438 2655 ἀοίκητος.
1467 2584 1637 2657 Χὼρα
1665 2587 1764 2659 μὲν
1793 2591 1825 2659 ἡ

253 2671 516 2745 δεχομένη
543 2673 640 2728 τοῦ
686 2674 860 2743 Λόγου
902 2674 1000 2746 τὴν
1053 2678 1281 2746 σπορὰν,
1314 2677 1406 2730 καὶ
1452 2677 1551 2750 τὴν
1600 2678 1824 2752 ἄροσιν⁶

258 2765 509 2838 ἀοίκητος
546 2766 605 2819 δὲ
645 2768 680 2836 ὴ
719 2766 829 2819 τῶν
858 2767 1109 2838 πονηρῶν
1151 2768 1451 2841 οἰκητόρων
1488 2771 1829 2843 χωριζομένη

262 2856 487 2928 καρδία·
533 2857 629 2911 καὶ⁵
670 2857 845 2921 οὕτως
883 2857 1034 2912 ἔσται
1080 2859 1234 2930 ἡμῶν
1284 2862 1559 2932 ήοῖκησις
1600 2864 1831 2919 ἐπὶτῶν

1926 1782 2127 1829 terram
2143 1782 2324 1828 autem
2347 1787 2377 1826 a
2398 1771 2575 1827 Verbo
2604 1778 2777 1825 satam
2796 1781 2849 1825 et
2866 1769 3128 1824 ferentem
3153 1767 3508 1831 multiplicem

1924 1874 1979 1921 et
1996 1865 2280 1935 copiosum
2301 1863 2563 1918 fructum.
2587 1862 2686 1918 Vel
2715 1864 2860 1917 sicut
2892 1861 3067 1916 alibia
3097 1859 3303 1913 Davide
3348 1858 3512 1911 doce-

1926 1969 2068 2018 mur,
2088 1968 2186 2023 per
2201 1958 2414 2006 montes
2429 1951 2652 2022 quidem
2673 1966 2883 2020 pacem,
2904 1965 3000 2019 per
3019 1949 3189 2003 colles
3207 1946 3511 2015 verojusti-

1927 2047 2092 2111 tiam;
2140 2045 2458 2100 necessario
2500 2045 2554 2098 in
2589 2043 2840 2098 ﬁdelibus
2880 2041 3151 2112 sapientia
3188 2046 3507 2110 generatur,

1927 2145 1981 2190 et
2023 2152 2209 2192 verum
2235 2134 2510 2201 Verbum;
2559 2133 2650 2204 qui
2681 2132 2828 2188 enim
2864 2140 2948 2187 est
2996 2131 3052 2185 in
3096 2130 3185 2185 bis
3214 2129 3305 2198 qui
3342 2143 3502 2182 acce-

1930 2236 2128 2298 perunt
2185 2227 2387 2297 ipsum,
2442 2226 2517 2298 in,
2547 2241 2658 2279 non
2702 2221 3056 2279 credentibus
3102 2219 3347 2275 nondum
3398 2225 3504 2274 est.

1930 2290 2003 2373 lit
2050 2290 2219 2387 igitur
2266 2290 2383 2372 haec
2425 2290 2588 2371 nobis
2632 2314 3022 2379 innaseantur,
3080 2317 3298 2380 Oportet
3320 2322 3510 2364 eorum

1926 2409 2240 2466 eﬁ‘ectorem
2288 2410 2342 2463 in
2379 2409 2540 2465 nobis
2570 2407 2746 2464 nasci.
2778 2407 2871 2461 Sic
2897 2414 3078 2461 autem
3109 2411 3165 2460 et
3192 2420 3313 2474 quae
3339 2402 3496 2457 deiu-

1928 2515 2057 2570 ceps
2106 2506 2411 2568 sequuntur
2464 2500 2568 2552 hoc
2620 2498 2741 2567 ipso
2792 2510 2936 2552 nexu
2996 2495 3385 2565 intelligemus.
3443 2492 3507 2547 Si

1928 2591 2074 2645 enim
2117 2590 2170 2643 in
2213 2589 2373 2645 nobis
2400 2589 2584 2660 genita
2623 2588 2789 2643 fuerit
2825 2587 3116 2657 sapientia,
3148 2592 3280 2639 tunc
3311 2599 3341 2636 a
3400 2581 3512 2636 Deo

1929 2681 2269 2737 construitur
2312 2680 2367 2734 in
2402 2692 2733 2749 unoquoque
2771 2684 2826 2731 et
2871 2676 3023 2745 regio
3060 2689 3182 2744 quae
3211 2671 3509 2735 habitatur,

1929 2781 1983 2827 et
2019 2787 2142 2843 qua:
2176 2788 2287 2826 non
2340 2770 2650 2825 habitatur:
2701 2768 2855 2839 regio
2900 2767 3123 2836 quidem
3173 2762 3509 2823 habitabilis,

1930 2878 2051 2933 qua:
2080 2861 2252 2917 divini
2287 2860 2449 2916 Verbi
2495 2859 2766 2915 sationem
2818 2857 3015 2927 recipit
3061 2866 3115 2910 et
3169 2856 3509 2923 arationem;

260 2950 439 3021 ἄκρων
465 2949 563 3019 τῆς
588 2949 710 3018 γῆς.
749 2950 967 3021 Ἐπειδὴ
993 2951 1102 3021 γὰρ
1129 2952 1227 3021 τῆς
1249 2952 1352 3022 γῆς
1376 2953 1438 3006 τὸ
1468 2954 1568 3025 μέν
1593 2973 1648 3008 τι
1668 2955 1831 3027 βάθος

1934 2954 2144 3009 inculta
2177 2959 2361 3006 autem
2402 2949 2521 3006 sive
2570 2947 2970 3012 inhabitabilis,
3007 2961 3104 3001 cor
3132 2944 3279 3015 quod
3315 2959 3343 2997 a
3379 2959 3509 3014 per-

262 3040 426 3103 ἐστὶν,
451 3040 513 3093 τὺ
538 3039 597 3093 δὲ
637 3040 972 3104 ἐπιπόλαιον,
1007 3043 1134 3095 ὅταν
1163 3060 1249 3106 τις
1283 3044 1360 3116 μὴ
1388 3045 1641 3115 ὑπόγειος
1672 3048 1833 3120 γένη-

263 3150 350 3187 ται
377 3134 510 3205 μηδὲ
558 3134 927 3207 σπηλαιώδης,
962 3138 1020 3189 ἐν
1045 3136 1124 3207 τῷ
1165 3136 1234 3190 τὰ
1264 3138 1416 3192 κάτω
1455 3142 1699 3211 φρονεῖν·
1723 3134 1834 3205 οἶός

266 3230 375 3281 ἐστι
397 3228 507 3282 τῶν
544 3229 605 3281 ἐν
642 3228 887 3299 ἁμαρτίᾳ
913 3227 1132 3293 ζώντων
1164 3231 1192 3281 ό
1219 3230 1352 3297 βίος,
1378 3230 1486 3285 τῶν
1517 3233 1835 3304 ἐμπεπηγό-

148 3338 157 3345 ·
266 3337 368 3373 των
396 3323 463 3391 τῇ
492 3320 847 3390 ἀνυποστόιτῳ
866 3319 957 3373 τοῦ
974 3317 1137 3389 βυθοῦ
1156 3320 1280 3391 ἱλύῖ,
1308 3319 1390 3386 οἷς
1413 3323 1628 3394 ἀληθῶς
1657 3326 1835 3400 φρέαρ

266 3413 409 3465 ἐστὶν
451 3415 484 3484 η
534 3412 672 3481 ζωὴ,
721 3412 866 3465 κατὰ
905 3412 1003 3484 τὴν
1051 3412 1372 3484 ψαλμῳδίαν
1401 3415 1501 3488 τὴν
1540 3416 1830 3487 λέγουσαν⁵

267 3502 422 3568 Μηδέ
463 3504 748 3571 συσχέτω
774 3503 867 3557 ἐπ’
894 3504 999 3568 ἐμὲ
1046 3503 1232 3573 φρέαρ
1281 3504 1347 3557 τὸ
1388 3507 1582 3575 στόμα
1625 3508 1832 3564 αὐτοῦ.

277 3595 398 3647 Ἐὰν
425 3588 519 3647 οῦν
545 3611 631 3657 τις
655 3594 1073 3666 ὲγγεννηοεεσης
1101 3595 1249 3665 αύτῷ
1275 3596 1373 3667 τῆς
1408 3598 1599 3665 σοφίας
1629 3597 1699 3652 τὰ
1725 3599 1836 3654 ἄνω

266 3688 454 3756 φρονῇ.
480 3684 737 3738 τοσοῦτον
767 3685 868 3754 τῆς
891 3686 992 3755 γῆς
1022 3687 1418 3756 ἐφαπτόμενος.
1448 3690 1570 3742 ὅσον
1599 3692 1838 3759 ἐπάναγ-

264 3794 375 3842 κες,
406 3773 562 3841 οὗτος
587 3780 655 3831 τὰ
682 3778 825 3848 ἄκρα
851 3779 949 3848 τῆς
976 3780 1067 3831 ὑπ’
1100 3780 1327 3850 οὐρανὸν
1356 3785 1512 3845 οἰκεῖ,
1545 3784 1644 3836 οὐκ
1666 3784 1837 3854 ἐμϐα-

263 3869 434 3923 θύνων
484 3869 563 3939 τῷ
593 3869 767 3939 γηΐνῳ
815 3871 1123 3941 φρονήματι
1143 3887 1156 3900 ’
1190 3872 1362 3942 τούτῳ
1391 3874 1480 3926 τὸν
1518 3876 1744 3946 οὐρανὸν
1778 3880 1837 3930 ὲν

261 3962 439 4032 ἑαυτῷ
468 3961 592 4015 ἀντὶ
643 3963 743 4032 τῆς
778 3962 881 4033 γῆς
928 3962 1267 4032 ὲτοιμὰζοντι
1311 3966 1345 4035 ἠ
1379 3966 1538 4035 σοφία
1582 3969 1834 4040 πάρεστι.

260 4051 368 4106 Καὶ
397 4053 531 4107 ὅταν
555 4051 654 4124 τὴν
681 4051 791 4104 τῶν
819 4051 1026 4106 ἄνωθεν
1064 4054 1239 4121 νεφῶν
1283 4054 1628 4109 διδασκαλίαν
1690 4060 1839 4130 ἰσχυ-

259 4142 359 4212 ph
386 4142 571 4213 ἑαυτῷ
609 4146 771 4204 ποιεῖ,
797 4146 875 4204 εἰς
901 4143 1062 4215 ἔργον
1097 4146 1245 4213 ἄγων
1275 4146 1344 4200 τὰ
1383 4149 1836 4219 παραγγέλματα.

256 4234 355 4303 τήν
385 4249 448 4287 τε
478 4232 723 4304 μεγάλην
759 4235 853 4288 καὶ
887 4233 1194 4305 εὐρύχωρον
1212 4234 1313 4305 τῆς
1338 4237 1533 4300 κακίας
1562 4236 1839 4294 θάλασσαν

255 4326 319 4394 τῇ
353 4323 586 4396 ἀκριϐεῖ
631 4324 873 4395 πολιτείᾳ
926 4324 1177 4396 καθάπερ
1218 4328 1359 4396 ἠϊόνι
1412 4330 1518 4381 τινὶ
1550 4328 1836 4398 διαλαϐὼν,
1872 4311 1914 4363 θ

257 4415 458 4469 κωλύει
505 4416 567 4470 τὺ
611 4415 888 4486 ἔμπαστον
934 4416 1079 4489 ὓδωρ
1121 4418 1370 4489 προϊέναι
1418 4419 1512 4474 τοῦ
1552 4423 1835 4493 στόματος.

258 4504 377 4559 Κᾶν
413 4507 479 4559 ὲν
524 4509 728 4575 πηγαῖς
757 4506 1001 4577 καταχθῇ
1049 4506 1127 4577 τῷ
1153 4508 1253 4577 τῆς
1298 4507 1646 4574 διδασκαλίας
1685 4512 1839 4583 χαρί-

260 4608 449 4662 σματι,
484 4595 604 4665 μετ’
635 4595 937 4664 ἀσφαλείας
965 4596 1211 4666 προχέων
1242 4597 1336 4650 τοῦ
1371 4596 1529 4667 λόγου
1559 4599 1621 4652 τὸ
1656 4604 1834 4672 νᾶμαο

258 4680 333 4745 ὣς
356 4686 434 4754 μή
457 4701 566 4739 τινι
603 4688 905 4755 παρασχεῖν
929 4686 991 4738 τὸ
1012 4686 1196 4752 ποτὸν,
1225 4687 1345 4740 ἀντὶ
1370 4687 1613 4760 καθαροῦ
1651 4689 1837 4756 ὕδατος

262 4772 576 4847 ἀνατροπὴν
617 4775 864 4845 ὼλεράν,
911 4776 1015 4830 κᾶν
1048 4776 1373 4850 ὑπεραρθεὶς
1420 4779 1600 4852 πάσης
1644 4785 1838 4856 γηῖνης

267 4863 497 4932 βάπως.
525 4867 762 4939 διαέριος
811 4867 890 4937 τῷ
923 4868 1022 4938 βίῳ
1067 4869 1311 4940 γένηται,
1347 4871 1439 4924 ἐπὶ
1466 4871 1567 4943 τῆς
1597 4891 1840 4946 πνευμα-

264 4958 421 5028 τικῆς
450 4959 701 5028 βεϐηκὼς
732 4961 1021 5024 πολιτείας,
1039 4961 1105 5032 ἢν
1132 4963 1367 5034 ἀνέμους
1388 4967 1418 5017 ὀ
1451 4964 1607 5033 λόγος
1629 4967 1840 5038 ὠνόμα-

271 5060 386 5101 σεν
416 5051 558 5107 ὥστε
604 5054 677 5116 εἰς
750 5051 940 5123 θρόνον
984 5053 1077 5105 τοῦ
1130 5055 1189 5108 ὲν
1244 5054 1395 5124 αύτῷ
1445 5057 1836 5129 καθιδρυμένου

271 5137 643 5214 ἀφορισθῆναι.
687 5139 814 5206 υἷος
863 5139 932 5214 ἦν
979 5144 1009 5195 ό
1066 5143 1275 5208 Παῦλος
1328 5146 1706 5217 ἀφωρισμένος
1756 5154 1837 5215 εἰς

272 5223 615 5295 εὐαγγέλιον,
637 5229 716 5290 εἰς
745 5231 805 5284 τὸ
828 5230 1079 5299 γενέσθαι
1120 5231 1310 5295 σκεῦος
1342 5230 1591 5301 ἐκλογῆς,
1619 5234 1712 5287 τοῦ
1744 5234 1839 5306 βα-

274 5320 460 5373 στάσαι
504 5322 565 5374 τὸ
592 5322 763 5393 όνομα
798 5322 893 5377 τοῦ
938 5322 1096 5389 Θεοῦ,
1125 5323 1202 5387 ὼς
1247 5323 1405 5389 ἄλλος
1454 5325 1612 5397 Λόγῳ
1651 5327 1837 5400 θρόνος

274 5404 505 5476 ιγένετο,
527 5414 557 5467 ό
584 5414 674 5467 τὸν
700 5414 892 5468 ἑαυτοῦ
916 5413 1310 5484 καθιδρυμένον
1340 5415 1643 5486 βαστάζων.
1671 5420 1838 5476 Ὅταν

273 5497 438 5555 ταῦτα
464 5504 648 5559 καὶτά
670 5506 892 5560 τοιαῦτα
919 5504 1260 5577 κατορθωθῇ.
1286 5505 1427 5561 ὥστε
1453 5509 1838 5580 εὐφραίνεσθαι

340 5589 383 5623 ¹¹
413 5593 540 5652 lsai.
565 5612 645 5662 Ix,
675 5598 729 5650 6.
806 5597 849 5629 "
887 5596 1032 5653 Psal.
1070 5612 1265 5664 uvm,
1295 5597 1382 5652 l6.

556 5689 828 5753 ιἰιτιιοι..
874 5690 995 5753 Gn.
1044 5690 1236 5753 XLV.

1934 3046 2111 3102 versis
2138 3051 2193 3101 et
2212 3044 2395 3115 pravis
2411 3041 2809 3097 habitatoribus
2837 3046 2891 3094 et
2914 3038 3108 3094 incolis
3126 3037 3422 3098 deseritur,
3456 3042 3513 3090 et

1936 3138 2018 3194 sic
2047 3136 2154 3192 erit
2192 3135 2352 3190 nobis
2380 3133 2643 3188 habitatio
2690 3132 2745 3186 in
2771 3131 3001 3187 summis
3035 3138 3197 3185 terra:
3236 3127 3507 3198 partibus.

1938 3228 2221 3300 Siquidem
2253 3235 2414 3283 terra:
2461 3240 2592 3296 pars
2640 3225 2888 3295 quaedam
2919 3231 3001 3280 est
3030 3218 3323 3292 profunda,
3364 3233 3511 3291 qua}-

1936 3322 2061 3378 dam
2104 3334 2226 3392 qua:
2263 3320 2319 3375 in
2378 3319 2722 3374 extremitate
2771 3315 2995 3377 eminet,
3033 3329 3157 3369 cum
3215 3312 3340 3382 quis
3400 3323 3510 3363 non

1938 3416 2330 3471 subterraneus
2381 3426 2558 3479 neque
2605 3422 2944 3465 cavernosos
3002 3406 3186 3467 fuerit,
3216 3405 3346 3459 dum
3392 3416 3513 3470 qua‘

1938 3514 2069 3562 sunt
2092 3505 2350 3562 deorsum
2386 3502 2567 3572 sapit;
2610 3500 2792 3571 qualis
2825 3506 2912 3554 est
2944 3498 3054 3551 vita
3100 3512 3293 3551 eorum
3326 3495 3418 3565 qui
3457 3495 3513 3548 in

1937 3604 2165 3667 peccato
2211 3596 2420 3656 vivunt,
2472 3593 2565 3663 qui
2608 3592 2661 3646 iu
2707 3592 2838 3645 limo
2886 3587 3139 3660 profundi
3182 3602 3290 3641 non
3330 3586 3514 3640 subsi-

1939 3696 2117 3746 stente
2164 3695 2293 3742 sunt
2333 3685 2525 3740 inﬁxi:
2584 3683 2786 3752 quibus
2834 3691 3033 3749 puteus
3082 3693 3210 3733 vere
3258 3677 3366 3729 vita
3405 3685 3510 3735 est,

1939 3776 2238 3833 secundum
2269 3774 2469 3829 Psalmi
2504 3782 2763 3827 cantum:
2799 3769 2981 3839 Neque
3012 3777 3195 3838 urgeat
3237 3781 3394 3834 super
3429 3780 3510 3818 me

1938 3878 2125 3937 puteus
2161 3882 2219 3920 os
2272 3866 2427 3919 suum
2458 3862 2524 3917 ι’.
2564 3860 2625 3916 Si
2676 3862 2801 3932 quis
2856 3860 3043 3930 igitur,
3106 3866 3392 3927 postquam
3450 3857 3506 3907 in

1941 3963 2059 4031 ipso
2086 3957 2268 4013 divina
2299 3956 2459 4011 fuerit
2490 3956 2673 4027 genita
2696 3953 2988 4025 sapientia,
3029 3967 3150 4021 quae
3176 3964 3341 4019 supra
3387 3959 3514 4003 sunt

1941 4051 2160 4122 sapiat:
2202 4047 2543 4103 tantumdem
2577 4054 2736 4102 terra
2782 4045 3059 4114 attingens
3107 4050 3370 4112 quantum
3418 4056 3513 4093 ne-

1941 4158 2096 4199 cesse
2142 4150 2245 4207 est,
2303 4141 2391 4196 hic
2436 4149 2678 4194 extrema
2715 4145 2876 4191 teme
2914 4135 3017 4191 sub
3060 4135 3201 4189 ccelo
3256 4133 3510 4187 habitat:

1942 4250 2051 4289 non
2075 4235 2129 4290 in
2161 4241 2411 4288 terrenas
2426 4228 2791 4300 cogitationes
2816 4228 3133 4282 demersus:
3162 4226 3291 4279 huic
3313 4224 3512 4278 caelum

1944 4325 2049 4380 sibi
2078 4325 2201 4379 loco
2231 4330 2391 4377 terra:
2423 4319 2751 4391 praeparanti
2780 4318 3051 4389 sapientia
3081 4317 3312 4371 assistit.
3350 4315 3513 4370 Cum-

1942 4432 2050 4488 que
2081 4413 2387 4470 doctrinam
2433 4411 2742 4467 cmlestium
2778 4410 3005 4465 nubium
3046 4406 3278 4461 validam
3322 4414 3374 4461 et
3425 4406 3509 4460 ﬁr-

1944 4523 2087 4564 mam
2120 4506 2225 4563 sibi
2261 4504 2415 4566 facit.
2441 4502 2509 4557 ad
2539 4517 2680 4573 opus
2728 4515 2993 4555 revocans
3025 4506 3324 4570 pra-cepta;
3368 4512 3514 4567 mag-

1942 4613 2181 4669 numque
2209 4606 2263 4653 et
2285 4596 2587 4666 spatiosum
2619 4594 2874 4648 vitim-um
2904 4607 3055 4646 mare
3089 4596 3348 4645 accurata
3371 4590 3511 4643 bene

1940 4692 2154 4750 vivendi
2186 4691 2397 4746 ratione
2423 4696 2683 4758 tanquam
2704 4688 2887 4741 littore
2907 4684 3143 4754 quodam
3167 4682 3510 4751 dispesceus.

1942 4783 2312 4839 turbulentam
2358 4794 2555 4850 aquam
2608 4793 2675 4833 ex
2734 4791 2832 4830 ore
2880 4790 2983 4828 suo
3043 4772 3315 4841 profluere
3379 4784 3509 4839 pro-

1946 4877 2116 4931 hibet.
2141 4874 2297 4941 Quod
2338 4874 2387 4927 si
2426 4872 2495 4927 ad
2529 4871 2705 4925 fontes
2739 4868 2903 4923 fuerit
2942 4865 3219 4920 adductus
3244 4862 3515 4917 doctrina:

1943 4970 2087 5024 dono
2115 4967 2261 5040 quod
2297 4964 2440 5020 Deus
2474 4963 2848 5035 gratiﬁeatur,
2885 4969 3017 5014 tunc
3051 4972 3174 5012 cum
3218 4954 3516 5010 securitate

1943 5060 2094 5117 verbi
2137 5057 2421 5130 profundit
2473 5057 2719 5119 laticem,
2748 5055 2824 5108 ita
2870 5061 2929 5107 ut
2968 5068 3075 5105 non
3122 5047 3285 5103 alicui
3321 5053 3511 5115 potum

1943 5166 2042 5221 pro
2069 5163 2208 5221 aqua
2224 5164 2361 5219 pura
2388 5146 2662 5202 turbidam
2683 5144 3024 5200 eversionem
3058 5140 3316 5211 prebeat.
3356 5136 3418 5189 Et
3462 5136 3508 5190 si

1945 5257 2111 5313 supra
2142 5254 2358 5294 omnem
2391 5248 2665 5293 terrenum
2687 5250 2935 5308 gressum
2957 5231 3302 5292 sublimatus,
3331 5226 3513 5282 aerius

1945 5334 2060 5388 sive
2088 5330 2394 5402 spiritualis
2426 5328 2644 5385 vivendi
2682 5329 2893 5381 ratione
2924 5324 3099 5378 factus
3127 5323 3315 5383 fuerit,
3350 5320 3514 5391 spiri-

1947 5422 2111 5477 talem
2181 5421 2428 5491 politiam
2487 5419 2603 5473 sive
2657 5414 3130 5472 conversationem
3192 5412 3512 5482 ingressus,

1945 5527 2110 5585 quam
2149 5519 2344 5567 ventos
2388 5508 2692 5565 nominavit
2730 5507 2952 5564 divinus
2996 5518 3200 5561 sermo:
3248 5504 3324 5558 ita
3365 5510 3425 5557 ut
3456 5502 3511 5555 in

3180 5686 3256 5747 19
