3992 6210
189 272 268 331 589

1269 271 1546 327 CONTRA
1585 272 1978 340 EUNUMlUM,
2016 273 2142 331 LIB.
2178 274 2269 329 lll.

3306 272 3410 327 590

183 385 267 441 νῶν
291 383 633 454 Εὑαγγέλιον,
657 384 793 438 Υἱὸν
818 385 1148 453 ἀγαπητὸν,
1172 387 1234 439 οὐ
1262 388 1433 454 νόθον,
1456 390 1574 444 οὐδὲ
1597 390 1728 445 ὑπό-

1848 392 2185 462 Evangelium
2231 404 2262 445 e
2300 388 2458 444 caelis
2496 386 2741 441 auditum
2771 425 2784 449 ,
2820 384 3020 440 Filium
3053 383 3302 439 dilectum
3328 385 3399 448 ",

182 479 371 551 όλητον,
417 480 483 549 τῇ
526 476 584 529 δὲ
610 476 705 530 τοῦ
747 476 877 530 Υίοῦ
926 481 1075 549 φωνῇ
1128 481 1310 532 πᾶσαν
1352 481 1448 552 τὴν
1490 484 1724 556 φυσικὴν

182 574 459 640 οἱκειοτητα
486 568 1094 640 συμπαραδεξαμένους,
1128 570 1275 624 Θεὸν
1299 573 1590 641 ἀληθινὸν
1622 575 1729 628 τὸν

182 665 234 717 ἐκ
257 662 355 715 τοῦ
388 659 681 727 ἀληθινοῦ
713 660 859 713 Θεοῦ
887 660 1064 729 λέγειν
1087 677 1102 693 ·
1135 663 1227 716 καλ⁵
1260 663 1327 716 τὰ
1348 664 1523 717 πάντα
1553 665 1729 719 ὡσαύ-

184 771 270 818 τως
296 755 380 806 ἐπ’
407 752 573 805 αὑτοῦ
599 752 895 818 πιστεύειν,
928 749 1026 806 ὅσα
1041 753 1097 806 ὲν
1110 752 1187 824 τῷ
1210 756 1383 826 Πατρλ.
1409 757 1723 828 καθορᾶταιο

180 849 289 901 διότι
317 844 378 898 ἓν
409 845 538 909 εισι,
584 844 678 897 καὶ
705 846 763 896 ὲν
786 843 864 914 τῷ
886 844 1059 916 ἑτέρῳ
1087 848 1285 900 νοεῖται
1307 847 1369 899 τὸ
1396 849 1601 921 ἕτερον,
1631 852 1728 920 οὐχ

180 932 515 1005 ὑπερπίπτον,
558 932 659 985 οὐκ
713 931 1119 1003 ἐλαττούμενον,
1165 935 1227 987 οὐ
1264 937 1407 989 κατά
1447 955 1571 991 τινα
1610 939 1728 992 θεο-

178 1025 339 1097 πρεπῆ
367 1039 427 1076 τε
458 1024 552 1076 καὶ
590 1022 794 1091 ἀγαθὸν
832 1027 1156 1096 χαρακτῆρα
1205 1026 1726 1103 παρηλλαγμένον,ἢ

177 1112 557 1183 ἀλλοιούμενον.

226 1204 463 1268 Φανερᾰς
495 1201 675 1254 τοίνυν
703 1200 807 1271 τῆς
833 1200 970 1272 πρὸς
1002 1201 1192 1255 ἑαυτὸν
1233 1201 1412 1274 μάχης
1443 1205 1537 1257 τοῦ
1568 1206 1731 1258 Εὐνο-

174 1293 283 1358 μίου
310 1291 681 1364 γεγενημένης
698 1332 715 1355 ,
768 1294 825 1346 ἐν
871 1288 953 1356 οἷς
985 1293 1202 1346 ἐναντία
1229 1293 1399 1363 λέγων
1425 1296 1601 1367 ἐαυτῷ
1628 1299 1733 1351 ἀπ-

172 1382 494 1449 ελέλεγκται,
548 1382 651 1435 νῦν
678 1384 778 1452 μὲν
804 1382 892 1437 διὰ
923 1384 985 1437 τὸ
1016 1385 1340 1457 γεννηθῆναι
1371 1388 1512 1441 κατὰ
1546 1388 1709 1459 φύσιν

170 1473 292 1542 λέγω
329 1471 444 1526 δεῖν
472 1473 630 1527 αὑτὸν
664 1473 792 1529 Υίδν
820 1474 1181 1546 ὀνομάζεσθαι
1205 1494 1220 1510 ·
1271 1478 1432 1532 πάλιν
1467 1480 1524 1534 δὲ
1556 1480 1643 1535 διὰ
1671 1482 1732 1534 τὸ

173 1566 474 1636 κτισθῆναι,
523 1565 720 1638 μηκέτι
769 1567 927 1632 Υἱδν,
989 1568 1126 1622 ἀλλὰ
1185 1571 1395 1642 ποίημα
1451 1572 1726 1642 λέγεσθαι.

172 1660 461 1730 Προσήκειν
484 1653 636 1730 οἶμαι
664 1658 757 1713 τὸν
777 1661 1047 1732 νουνεχῶς
1065 1662 1159 1716 καὶ
1185 1663 1548 1729 ὲπιστατικῶς
1576 1667 1733 1720 ἐπαΐε-

170 1766 298 1813 οντα,
346 1749 540 1821 ἐπειδὴ
565 1750 665 1803 οὒκ
698 1749 968 1820 ἐνδέχεται
1012 1749 1106 1804 δύο
1137 1752 1456 1823 μαχομένων
1480 1753 1733 1826 ἀλλήλοις

1832 495 1941 535 non
1974 480 2201 534 nothum
2249 481 2363 536 sive
2393 477 2778 542 adulterinum,
2829 492 2936 531 non
2974 476 3410 547 supposititinm,

1829 579 1884 627 et
1935 571 2098 627 simul
2131 569 2256 624 Filii
2293 584 2427 625 voce
2464 585 2679 623 omnem
2706 569 3009 622 naturalem
3034 568 3412 637 cognationem

1828 663 2179 732 accipientes,
2226 661 2389 715 Deum
2423 676 2601 715 verum
2629 659 2692 713 de
2728 658 2837 713 Deo
2874 676 2988 713 vero
3029 660 3231 722 dicere,
3260 658 3413 713 simi-

1830 753 2064 822 literque
2098 754 2281 807 omnia
2312 752 2368 805 in
2411 752 2529 821 ipso
2555 749 2810 814 credere,
2841 765 2961 819 qua:
2995 751 3048 803 in
3082 748 3242 803 Patre
3276 765 3412 803 con-

1830 844 2171 913 spiciuntur:
2210 844 2339 915 Quia
2383 858 2549 897 unum
2603 847 2751 904 sunt,
2790 849 2844 896 ct
2891 840 2945 893 in
2978 841 3144 894 altero
3182 838 3413 894 alterum

1830 937 2192 1007 intelligitur:
2244 951 2352 991 non
2395 934 2845 1006 superincidens,
2878 948 2988 987 non
3040 934 3413 997 imminutum,

1831 1043 1941 1083 non
1996 1029 2294 1084 secundum
2350 1026 2585 1096 aliquem
2640 1023 2751 1079 Deo
2805 1023 3065 1078 decorum
3113 1031 3168 1078 et
3208 1022 3414 1078 bonum

1826 1120 2197 1173 characterem
2231 1119 2596 1174 immutatum.
2632 1117 2717 1171 vel
2753 1115 2900 1170 aliud
2934 1115 3163 1170 factum.

1903 1211 1979 1283 (a)
2010 1211 2145 1265 Cum
2174 1224 2302 1280 ergo
2324 1210 2394 1265 sit
2422 1208 2711 1263 manifesta
2743 1207 2993 1262 Eunomii
3031 1222 3219 1263 secum
3252 1222 3413 1276 repu-

1830 1302 2072 1374 gnantia,
2109 1301 2160 1356 in
2194 1302 2395 1371 quibus
2427 1301 2639 1369 sibiipsi
2672 1300 3055 1353 contradicere
3086 1300 3413 1369 redargutus

1832 1400 1933 1456 est,
1971 1408 2113 1448 nunc
2150 1392 2370 1461 quidem
2420 1392 2546 1462 quia
2596 1391 2666 1446 sit
2707 1392 2926 1460 genitus
2971 1390 3272 1445 sccnndum
3317 1405 3408 1442 na-

1834 1484 2158 1549 tnram,dico
2180 1485 2356 1555 ipsum
2383 1489 2632 1553 oportere
2651 1480 2846 1535 Filium
2873 1481 3140 1535 nominari
3163 1501 3175 1535 :
3202 1495 3411 1541 rursus.

1832 1575 1956 1645 quia
1987 1576 2058 1630 sit
2084 1586 2322 1638 creatus,
2352 1590 2460 1629 non
2488 1574 2722 1643 amplius
2761 1571 2979 1632 Filium.
3012 1572 3107 1626 sed
3146 1572 3411 1625 facturam

1832 1666 1957 1722 dici.
1988 1665 2296 1722 Convenire
2331 1674 2462 1736 puto
2508 1681 2632 1719 eum
2687 1665 2782 1736 qui
2834 1674 3040 1719 attente
3073 1673 3126 1719 et
3183 1664 3417 1719 scienter

1832 1758 2005 1823 audit,
2053 1759 2311 1826 quoniam
2360 1756 2595 1811 duorum
2641 1756 2783 1810 inter
2834 1772 2893 1810 se
2940 1757 3296 1826 pugnantium
3349 1771 3414 1809 ex

172 1840 344 1909 λόγων,
372 1841 517 1894 κατὰ
542 1841 603 1894 τὸ
630 1840 744 1895 ἴσον
773 1842 830 1893 ὲν
850 1842 1093 1914 ἑκατέρῳ
1117 1842 1177 1896 τὸ
1204 1843 1398 1914 ἀληθὲς
1422 1846 1726 1918 εὑρεθῆναι,

1848 1865 1987 1921 equo
2032 1863 2347 1904 sermonum
2378 1849 2435 1902 in
2478 1843 3417 1913 utroqueverumnoncontingitin-

170 1931 478 1987 ἀποϐάλλειν
514 1931 575 1996 ἐξ
602 1932 924 2005 ἀμφοτέρων
955 1935 1016 1988 τὸ
1055 1934 1248 2000 ἀσεϐές
1277 1954 1335 1990 τε
1367 1938 1460 1991 καὶ
1490 1938 1731 2011 βλάσφη-

172 2041 274 2093 μον,
316 2023 381 2077 τὸ
419 2025 558 2078 κατὰ
587 2025 648 2078 τὸ
690 2025 896 2096 κτίσμα
937 2026 1080 2095 λέγω
1123 2028 1217 2081 καὶ
1249 2028 1458 2100 ποίημα
1483 2047 1497 2061 ο
1544 2030 1731 2085 θέσθαι

170 2116 214 2169 δὲ
236 2116 384 2187 μόνῳ
421 2115 504 2187 τῷ
535 2117 673 2189 πρὸς
705 2118 988 2173 εὐσέϐειαν
1015 2119 1359 2192 βλέποντιτῷ
1394 2122 1534 2177 κατὰ
1572 2123 1732 2193 φύσιν

170 2208 501 2276 ὁμολογοῦντι
521 2212 800 2280 προσεῖναι
820 2211 897 2282 τῷ
925 2214 1204 2282 μονογενεῖ
1222 2213 1341 2286 Θεῷ
1366 2214 1464 2287 τὴν
1492 2215 1583 2270 τοῦ
1614 2215 1730 2270 υίοῦ

170 2299 529 2369 προσηγορίαν
551 2315 563 2329 ·
609 2299 685 2363 ὡς
716 2300 782 2353 ἂν
813 2301 902 2354 καὶ
929 2301 1018 2355 διὰ
1047 2303 1146 2373 τῆς
1172 2303 1281 2358 τῶν
1309 2304 1516 2378 ἐχθρῶν
1549 2305 1732 2377 φωνῆς

168 2389 311 2459 ὁτῆς
342 2388 625 2453 εὐσεϐείας
647 2389 803 2458 λόγος
831 2390 943 2461 ἔχοι
966 2392 1063 2463 τὴν
1088 2392 1366 2452 σύστασιν.

227 2480 415 2548 Λέγων
444 2480 505 2533 δὲ
529 2480 711 2543 πάλιν,
735 2482 1018 2537 ἀναλαϐὼν
1041 2484 1099 2537 ὃν
1121 2483 1181 2550 ἐξ
1203 2486 1376 2558 ἀρχῆς
1403 2488 1567 2543 αὐτοῦ
1592 2506 1734 2562 παρ-

171 2568 249 2622 res
258 2588 362 2641 μην
391 2570 572 2639 λόγον’
626 2572 933 2639 Γεννητὸν
965 2573 1130 2638 ὄντα,
1155 2575 1308 2646 φησὶ,
1342 2572 1451 2628 τὸν
1468 2573 1602 2631 Υἱὸν
1636 2580 1734 2634 καὶ

170 2658 426 2728 γέννημα
451 2657 653 2729 λέγειν
692 2663 763 2715 οὐ
802 2665 1259 2732 παραιτούμεθα,
1286 2663 1395 2733 τῆς
1432 2670 1734 2737 γεννηθεί-

170 2766 291 2816 anc
305 2750 487 2818 αὐτῆς
507 2754 741 2819 οὐσίας,
766 2753 867 2807 καὶ
889 2752 1000 2823 τῆς
1020 2755 1126 2809 τοῦ
1155 2757 1287 2811 υἱοῦ
1309 2761 1735 2830 προσηγορίας.

169 2843 287 2910 τὴν
301 2846 577 2912 τοιαύτην
593 2845 712 2898 τῶν
735 2846 1043 2915 ὀνομάτων
1069 2849 1476 2920 οἰκειουμένης
1493 2852 1733 2923 σχέσιν.

172 2931 321 2995 τέως
346 2933 440 3002 μὲν
454 2930 549 2987 οὖν
571 2937 600 2987 ό
616 2935 872 3007 κριτικῶς
893 2935 1001 2990 τῶν
1029 2937 1337 3009 λεγομένων
1356 2939 1588 3008 ἀκούων,
1610 2943 1733 2996 τού-

170 3036 265 3073 του
293 3020 605 3091 μεμνήσθω,
629 3024 709 3076 ὅτι
738 3023 836 3094 τὴν
865 3025 1216 3096 γεννηθεῖσαν
1240 3026 1407 3097 λέγει,
1439 3030 1514 3092 ὡς
1542 3032 1739 3103 μηκέτι

177 3114 311 3182 μήτε
342 3114 436 3184 τὴν
464 3117 790 3187 ἀγεννησίαν
825 3118 960 3189 μήτε
993 3119 1091 3190 τὴν
1123 3118 1391 3193 γέννησιν,
1416 3123 1530 3177 ἀντ’
1553 3124 1741 3189 οὐσίας

176 3202 714 3274 παραλαμϐάνεσθαι·
772 3206 886 3259 ἀλλ’
952 3206 1056 3279 ἰδία
1086 3208 1183 3278 μὲν
1218 3208 1315 3281 τὴν
1348 3211 1536 3267 οὐσίαν
1561 3229 1741 3286 ἐταρα-
1768 3193 1810 3251 C

176 3290 557 3363 λαμϐάνεσθαι,
612 3296 718 3371 ἰδίᾳ
757 3297 814 3351 δὲ
858 3297 919 3351 τὸ
965 3300 1287 3372 γεννηθῆναι
1345 3302 1536 3375 αὐτὴν,
1587 3303 1621 3376 ἦ
1668 3303 1745 3377 μὴ

181 3388 529 3458 γεννηθῆναι,
586 3387 675 3443 διὰ
705 3389 812 3441 τῶν
832 3389 1316 3463 ὲπιθεωρουμένων
1358 3395 1494 3466 αὐτῇ
1525 3394 1746 3467 ἰδιωμά-

181 3494 283 3531 των
308 3479 703 3536 κατανοεῖσθαι.
734 3480 1167 3556 Φιλοπονώτερον
1193 3484 1250 3538 δὲ
1278 3485 1370 3538 τὸν
1394 3485 1523 3558 περὶ
1553 3487 1744 3542 τούτου

183 3567 327 3636 λόγον
358 3570 804 3640 κατανοήσωμεν.
845 3572 1075 3625 Οὐσίαν
1122 3574 1518 3643 γεγεννῆσθαι
1574 3577 1743 3646 λέγει,

195 3661 321 3712 ηδ»-
343 3660 412 3713 es
448 3656 604 3714 εἶναι
635 3658 745 3727 τῆς
770 3665 1167 3731 γεννηθείσης
1195 3666 1410 3732 οὐσίας
1438 3666 1504 3721 τὸ
1538 3667 1745 3739 ὄνομα.

198 3750 327 3803 Ἀλλ’
373 3752 429 3803 ὲν
473 3749 686 3813 τούτοις
727 3751 755 3803 ό
806 3753 936 3821 παρ’
976 3751 1137 3822 ἡμῶν
1179 3753 1334 3823 λόγος
1372 3755 1463 3809 διὰ
1502 3755 1595 3810 δύο
1639 3757 1748 3813 τῶν

183 3842 427 3895 ἐναντίων
484 3840 691 3910 ἐλέγξει
741 3841 929 3911 λόγον·
971 3844 1092 3910 ἑνὸς
1136 3848 1233 3917 μὲν
1274 3846 1372 3918 τῆς
1417 3851 1750 3922 κακουργίας

182 3928 272 4001 τὴν
310 3932 686 4003 ἐπιχείρησιν
738 3933 925 4005 ἑτέρου
956 3935 1012 3989 δὲ
1052 3939 1150 4009 τῆς
1192 3935 1313 3991 καθ’
1359 3938 1517 4010 ήμῶν
1542 3942 1751 4011 ἐπιχει-

190 4020 384 4090 ρήσεως
422 4023 527 4092 τὴν
572 4022 810 4077 ἀτονίαν.
862 4025 1172 4098 Κακουργεῖ
1211 4030 1311 4101 μὲν
1339 4031 1467 4102 γὰρ,
1501 4032 1751 4103 γέννησιν

186 4110 356 4176 οὐσίας
406 4114 603 4183 λέγων,
651 4116 739 4170 ἵνα
773 4120 1157 4191 κατασκευάσῃ
1202 4119 1300 4191 τὴν
1346 4122 1483 4192 πρὸς
1516 4122 1753 4193 ἀλλήλας

191 4201 283 4257 τῶν
304 4203 507 4259 οὐσιῶν
541 4209 879 4275 ἐναντίωσιν,
910 4210 988 4280 τῷ
1008 4211 1246 4282 γεννητῷ
1274 4230 1333 4265 τε
1360 4216 1454 4267 καὶ
1479 4216 1755 4287 ἁγεννήτῳ

196 4297 308 4365 πρὸς
329 4299 628 4372 ἑτερότητα
661 4302 874 4371 φύσεως
899 4303 975 4356 διε
986 4302 1297 4373 σχισμένας.
1365 4305 1675 4377 Ἐλέγχεται
1697 4307 1753 4360 δὲ

196 4386 356 4461 τὸτῆς
378 4393 778 4465 ἐπιχειρήσεως
810 4395 1019 4461 ἄτονον,
1049 4394 1115 4449 δι’
1150 4395 1328 4449 αὐτῶν
1354 4389 1429 4450 ὧν
1458 4398 1489 4468 ἡ
1517 4415 1755 4471 κακουρο

201 4479 283 4544 ria
310 4485 802 4549 κατασκευάζεται.
841 4486 901 4540 ὐ
926 4485 1037 4558 γὰρ
1062 4488 1413 4558 γεγεννῆσθαι
1441 4489 1539 4562 τὴν
1570 4491 1756 4544 οὐσίαν

204 4569 369 4637 εἰπὼν,
391 4574 581 4647 ἕτερόν
601 4591 655 4629 τι
675 4577 776 4649 τὴν
810 4576 1061 4648 γέννησιν
1091 4573 1228 4631 εἶναι
1264 4579 1413 4651 παρὰ
1441 4581 1540 4651 τὴν
1571 4582 1758 4636 οὐσίαν

206 4664 368 4732 σαφῶς
399 4667 697 4739 διορίζεται
732 4710 749 4736 ,
791 4673 864 4732 ὡς
899 4668 976 4741 μὴ
1017 4670 1083 4724 ἂν
1128 4670 1188 4723 τὸ
1225 4673 1621 4744 σημαινόμενον
1662 4675 1761 4747 τῆς

208 4758 484 4827 τιννήσευς
513 4758 594 4830 τῷ
639 4758 739 4829 τῆς
780 4759 971 4824 οὐσίας
1016 4761 1427 4833 ἑφαρμοσθῆναι
1470 4762 1630 4834 λόγῳ.
1684 4765 1759 4817 Οὺ

213 4844 456 4920 Tiang
484 4852 542 4904 ὲν
588 4849 802 4914 πολλοῖς
834 4853 1224 4919 κατεσκεύασε,
1264 4853 1423 4907 τοῦτο
1465 4856 1556 4908 καὶ
1595 4858 1652 4908 ὲν
1684 4855 1762 4927 τῷ

217 4935 354 5006 μέρει
379 4940 550 5014 τούτῳ
584 4943 903 5014 πεποίηκεν.
961 4944 1127 4997 Ὥστε
1161 4946 1330 5017 αὐτὴν
1362 4947 1537 4999 εἰπεῖν
1576 4946 1763 5000 οὐσίαν

219 5021 338 5081 εἶναι
374 5032 467 5103 την
505 5034 788 5105 γέννησιν,
841 5036 976 5090 ἀλλά
1008 5037 1332 5109 γεννηθῆναι
1376 5038 1628 5109 ὁμολογεῖ
1664 5039 1762 5111 τὴν

217 5116 403 5187 ὠσίαν,
433 5124 504 5188 ὡς
538 5124 963 5198 διακεκριμένην
1002 5128 1089 5197 ἐφ’
1124 5128 1393 5201 ἑκατέρας
1436 5128 1620 5199 φωνῆς
1649 5133 1763 5196 τοῖς

218 5206 475 5268 ἀκούουσιν
502 5217 818 5286 ἐγγενέσθαι
854 5219 955 5290 τὴν
978 5219 1207 5275 ἐννοιαν.
1230 5220 1392 5275 Ἀλλο
1423 5221 1531 5293 γάρ
1555 5238 1607 5274 τι
1635 5223 1752 5293 νόη-

225 5314 299 5363 μα
319 5302 502 5367 γίνεται
529 5306 607 5379 τῷ
636 5308 718 5361 ὅτι
754 5307 1018 5381 ἐγεννήθη
1055 5312 1364 5373 ἀκούσαντι,
1401 5313 1494 5367 καὶ
1522 5312 1650 5368 ἄλλο
1674 5312 1762 5367 διὰ

223 5395 313 5447 τοῦ
345 5402 429 5471 τῆς
448 5405 624 5469 οὐσίας
654 5405 935 5475 ὀνόματος.
998 5403 1335 5475 Σαφέστερος
1370 5402 1427 5456 δὲ
1469 5403 1663 5473 γένοιτ⁹
1695 5404 1762 5459 ἂν

222 5484 345 5552 ἡμῖν
379 5491 473 5546 ὕπὸ
503 5493 613 5547 τῶν
649 5492 1065 5565 ὑποδειγμάτων
1100 5494 1129 5546 ό
1165 5493 1337 5563 λόγος.
1388 5489 1553 5549 Εἶπεν
1599 5497 1657 5551 ἐν
1684 5496 1761 5568 τῷ

292 5594 336 5627 ’⁸
361 5598 535 5661 llatth.
564 5620 646 5672 ιιι,
684 5606 771 5672 l7;
808 5621 943 5670 xvn,
967 5605 1023 5661 5.

290 5691 363 5762 (⁸)
384 5692 471 5753 llic
495 5709 626 5771 puto
655 5701 826 5755 multa
852 5698 1063 5756 deesse.

1837 1938 2035 2004 veniri,
2075 1953 2139 1994 ex
2157 1938 2421 1992 ambobus
2444 1937 2588 2007 quod
2606 1945 2687 1992 est
2707 1936 2933 2005 impium
2956 1941 3008 1988 et
3034 1932 3411 2002 blasphemum

1833 2028 2144 2101 repudiare,
2178 2028 2325 2098 quod
2372 2026 2677 2083 secundum
2709 2032 3016 2079 creaturam
3049 2029 3104 2078 et
3149 2020 3414 2077 facturam

1832 2120 2055 2176 estdico
2073 2138 2088 2186 ;
2107 2118 2360 2175 assentiri
2385 2126 2566 2173 autem
2585 2116 2685 2173 soli
2715 2116 2779 2170 ad
2800 2115 3053 2184 pietatem
3075 2110 3342 2183 spectanti
3363 2116 3417 2164 et

1834 2212 2132 2277 conﬁtenti,
2183 2211 2328 2282 quod
2381 2209 2682 2266 secundum
2706 2215 2956 2262 naturam
2998 2203 3101 2275 ipsi
3136 2202 3417 2272 unigenito

1838 2302 1944 2359 Deo
2005 2303 2102 2357 lilii
2134 2302 2424 2373 appellatio
2463 2299 2742 2370 competit,
2774 2305 2833 2353 ut
2868 2296 3032 2350 etiam
3065 2293 3416 2349 inimicorum

1837 2408 1968 2449 voce
2010 2394 2228 2465 pietatis
2264 2407 2446 2447 sermo
2483 2390 2841 2445 conﬁrmetur
2878 2396 2931 2441 et
2960 2395 3259 2441 asseratur.

1904 2482 2154 2555 Repetito
2210 2491 2391 2539 autem
2451 2482 2623 2552 ipsius
2686 2496 2846 2550 quem
2898 2479 2967 2532 ab
3026 2476 3184 2531 initio
3245 2487 3417 2544 appo-

1837 2575 1921 2630 sui
1982 2589 2265 2630 sermone:
2354 2571 2618 2638 Gem’lum,
2683 2570 2879 2641 inquit,
2946 2565 3140 2623 Filium
3178 2581 3311 2624 esse.
3369 2571 3420 2617 ct

1836 2680 2084 2734 gennema
2115 2665 2220 2718 sive
2244 2664 2536 2733 progeniem
2565 2661 2739 2714 dicere
2763 2661 2888 2713 non'
2909 2672 3211 2711 recusamus
3243 2671 3262 2708 :
3302 2670 3420 2708 cum

1837 2757 1952 2824 ipsa
2001 2755 2178 2826 genita
2214 2755 2443 2809 essentia
2475 2795 2488 2816 ,
2550 2761 2601 2807 et
2649 2751 2751 2820 ﬁlii
2799 2748 3085 2818 appellatio
3132 2746 3289 2799 talem
3329 2761 3424 2798 na-

1838 2847 2037 2901 minam
2064 2847 2373 2900 relationem
2402 2844 2506 2899 sibi
2545 2842 2810 2897 vindicare
2861 2838 3049 2910 possit.
3115 2836 3193 2893 Eo
3241 2852 3416 2908 usque

1840 2936 2083 3008 quidem,
2122 2937 2215 3008 qui
2264 2952 2389 2991 cum
2426 2934 2637 3004 judicio
2684 2947 2746 2986 ea
2780 2946 2901 3002 quae
2942 2929 3204 2984 dicuntur
3251 2928 3422 2989 audit,

1839 3029 2005 3100 hujus
2033 3029 2361 3091 meminerit,
2399 3026 2543 3096 quod
2596 3024 2833 3097 genitam
2858 3021 3156 3077 essentiam
3184 3019 3337 3083 dicit,
3368 3028 3426 3073 ut

1842 3136 1950 3176 non
1982 3120 2490 3190 amplius_natnram
2518 3113 2890 3187 generationis
2936 3119 3215 3182 expertem
3251 3124 3429 3181 neque

1843 3212 2252 3286 generationem
2302 3224 2401 3280 pro
2429 3209 2545 3278 ipsa
2572 3207 2813 3263 essentia
2861 3219 3180 3270 sumamus;
3214 3201 3307 3259 sed
3338 3218 3429 3258 se-

1844 3304 2075 3375 paratim
2122 3302 2342 3374 quidem
2389 3300 2706 3366 essentiam,
2751 3298 3046 3369 separatim
3082 3312 3212 3351 vero
3258 3296 3428 3366 ipsam

1844 3396 2083 3466 genitam
2137 3408 2281 3458 esse,
2333 3393 2417 3449 vel
2461 3408 2569 3448 non
2623 3392 2882 3464 genitam,
2936 3406 3031 3461 per
3070 3389 3430 3460 proprietates
3520 3434 3525 3439 .

1845 3502 1966 3558 qua-
1989 3487 2045 3542 in
2076 3486 2196 3556 ipsa
2222 3485 2662 3557 conspiciuntur,
2703 3483 3092 3553 intelligamus.
3132 3480 3239 3535 Sed
3272 3495 3431 3534 accn-

1844 3577 2021 3634 ratius
2062 3576 2131 3633 de
2172 3577 2276 3633 hoc
2325 3590 2635 3633 sermonem
2673 3575 3104 3629 consideremus.
3136 3570 3432 3625 Essenlinm

1846 3670 2075 3738 genitam
2096 3683 2209 3722 esse
2240 3667 2396 3733 dicit,
2435 3665 2485 3720 F
2487 3667 2639 3720 ilium
2677 3682 2794 3721 vero
2832 3665 3071 3719 essentne
3109 3663 3299 3733 genita:
3323 3678 3434 3715 esse

1848 3777 2057 3816 nomen.
2106 3759 2213 3815 Sed
2258 3760 2313 3814 in
2350 3759 2440 3814 his
2470 3760 2564 3829 qui
2616 3765 2806 3814 noster
2848 3764 2933 3811 est
2981 3769 3182 3820 sermo,
3218 3751 3435 3807 duobus

1849 3853 2145 3910 contrariis
2174 3858 2365 3924 arguet
2400 3865 2711 3909 sermonem
2748 3867 2762 3903 :
2802 3862 2912 3902 uno
2959 3845 3178 3916 quidem
3226 3844 3432 3912 impro-

1853 3947 2039 4003 bitatis
2085 3945 2203 4001 sive
2247 3944 2468 3998 malitia:
2496 3951 2795 3998 conatum:
2853 3938 3027 3992 altero
3067 3949 3196 3990 vero
3241 3940 3432 3989 contra

1854 4056 1953 4096 nos
1992 4038 2324 4094 incursionis
2359 4036 2807 4091 imbecillitatem.
2855 4028 3088 4099 Maligne
3119 4027 3263 4082 enim
3299 4027 3430 4097 agit,

1854 4132 1982 4185 dum
2022 4130 2156 4185 dicit
2199 4129 2607 4201 generationem
2646 4124 2920 4185 essentia,
2965 4129 3025 4175 ut
3070 4119 3431 4177 essentiarum

1855 4223 1995 4275 inter
2019 4236 2077 4276 se
2096 4220 2532 4275 contrarietatem
2564 4221 2796 4281 astruat,
2828 4213 2955 4268 dum
2992 4227 3085 4267 eas
3110 4212 3164 4266 in
3197 4211 3247 4265 id
3287 4208 3430 4279 quod

1855 4312 2095 4383 genitum
2127 4318 2211 4365 est
2248 4318 2305 4363 et
2350 4324 2460 4363 non
2508 4307 2775 4378 genitum,
2816 4304 2882 4360 ad
2930 4302 3295 4359 ditl‘erentiam
3338 4315 3425 4355 na-

1860 4410 2016 4466 turae,
2046 4399 2260 4454 dividit.
2292 4397 2557 4469 Arguitur
2594 4395 2759 4451 etiam
2806 4391 3180 4465 aggressionis
3222 4405 3335 4445 sua:
3380 4389 3433 4445 in

1862 4503 1962 4543 nos
1990 4486 2356 4549 imbecillitas,
2382 4501 2479 4557 per
2508 4486 2741 4555 ipsamet
2774 4498 2896 4553 qua:
2924 4481 3045 4551 ejus
3076 4479 3281 4533 malitia
3321 4492 3439 4531 mo-

1864 4582 2013 4636 litur.
2047 4577 2149 4644 Qui
2172 4577 2317 4633 enim
2347 4576 2640 4633 essentiam
2678 4574 2915 4646 genitam
2947 4588 3068 4629 esse
3096 4570 3255 4633 dixit,
3288 4569 3433 4623 aliud

1862 4671 2122 4744 quiddam
2190 4682 2315 4724 esse
2397 4667 2800 4740 generationem
2870 4673 3067 4734 prrcter
3138 4660 3436 4717 essentiam

1864 4773 2051 4837 aperte
2078 4761 2293 4827 deﬁnit;
2330 4761 2403 4816 ita
2430 4767 2487 4814 ut
2528 4761 2669 4829 quod
2713 4755 3083 4830 generationis
3112 4753 3333 4808 nomine
3364 4752 3433 4805 si-

1864 4859 2174 4929 gniﬁcatur,
2237 4871 2345 4911 non
2396 4853 2649 4909 essentia:
2700 4849 2900 4904 rationi
2959 4846 3266 4902 conveniat.
3316 4841 3436 4897 Non

1864 4948 2010 5004 enim
2053 4946 2197 5018 quod
2235 4947 2292 5002 in
2338 4944 2524 4999 multis
2564 4941 2822 5005 astruxit,
2873 4938 2975 4992 hoc
3024 4935 3188 4991 etiam
3231 4935 3286 4988 in
3332 4932 3438 4985 hac

1871 5046 2024 5109 parte
2058 5038 2215 5094 fecit:
2250 5040 2323 5091 ita
2349 5044 2408 5090 ut
2436 5032 2583 5088 dicat
2605 5032 2778 5103 ipsam
2806 5028 3100 5086 essentiam
3125 5040 3246 5081 esse
3275 5037 3440 5095 gene-

1868 5133 2160 5191 rationem,
2192 5127 2288 5183 sed
2334 5126 2572 5196 genitam
2613 5135 2736 5178 esse
2770 5118 3064 5174 conﬁtetur
3107 5112 3433 5170 essentiam:

1868 5223 1940 5276 ita
1970 5230 2028 5276 ut
2058 5235 2153 5292 per
2194 5229 2483 5287 utramque
2531 5227 2719 5268 vocem
2758 5210 3013 5265 distincta
3045 5206 3193 5261 notio
3239 5200 3439 5256 animis

1869 5312 2202 5367 audientium
2238 5309 2607 5379 ingeneretur.
2641 5302 2759 5357 Alia
2777 5301 2923 5356 enim
2954 5298 3107 5353 notio
3133 5292 3439 5364 concipitur

1870 5403 1924 5457 in
1960 5403 2141 5457 animo
2184 5399 2303 5471 ejus
2348 5398 2441 5468 qui
2497 5394 2668 5457 audit,
2714 5390 2860 5460 quod
2912 5389 3128 5459 genitus
3179 5392 3297 5442 est:
3334 5381 3436 5436 alia

1869 5509 1999 5552 vero
2040 5509 2132 5566 per
2168 5490 2419 5549 essentia:
2452 5501 2671 5543 nomen.
2712 5483 2817 5539 Sed
2864 5480 3235 5551 exemplorum
3282 5489 3439 5546 appo-
