3992 6210
649 256 746 312 591
1877 263 1935 316 S.
2011 261 2337 319 CRECORH
2375 262 2669 321 NYSSEM

3766 265 3872 321 59‘:

647 350 843 429 sitiotte
871 370 1158 429 dilueidior
1191 371 1346 427 nobis
1393 372 1481 428 ﬁet
1521 388 1721 431 sermo.
1774 374 1910 432 Dicit
1954 380 2004 432 in
2042 378 2187 433 Evan

2320 379 2631 448 Εὐαγγε).ίῳ
2655 381 2683 432 ὁ
2711 377 2932 450 Κύριος.
2959 379 3039 431 ὅτι
3069 375 3528 449 προσεγγιζούσης
3547 377 3643 448 τῆς
3671 376 3869 443 ὠδῖνος,

645 467 787 535 g~~liu
839 465 1097 519 Dominus
1133 465 1197 527 ’⁸,
1232 466 1375 534 quod
1425 466 1821 538 propinquante
1863 482 2048 539 partus
2087 486 2210 525 cru-

647 560 813 620 riatu,
843 557 1039 611 mulier
1085 565 1170 612 est
1213 557 1266 611 in
1306 557 1516 623 dolore,
1567 560 1680 615 sive
1713 558 1990 619 tristitiam
2013 563 2204 621 habet:

645 656 831 717 postea
861 664 986 704 vero
1013 650 1270 719 gaudimu
1306 650 1522 719 gaudet,
1564 654 1689 720 quia
1722 662 1879 707 natus
1923 663 2007 709 est
2052 654 2212 710 homo

645 738 697 790 in
727 738 949 794 mundo.
987 737 1057 792 Ut
1099 738 1261 809 igitur
1303 739 1357 792 in
1410 740 1510 792 hac
1564 749 1715 808 parte
1766 738 1871 793 duo
1930 755 2088 795 sensa
2143 740 2212 794 ab

643 829 935 899 Evangelia
958 829 1191 885 discreta
1221 830 1517 894 discimus,
1544 847 1711 886 unum
1734 831 1969 902 quidem.
1997 841 2209 903 partum

642 935 800 990 quem
830 936 924 991 per
951 923 1355 991 generationem
1391 922 1787 990 intelleximus;
1824 925 2050 979 alterum
2080 938 2209 977 vero

641 1011 872 1082 idipsum
924 1012 1065 1082 quod
1100 1012 1155 1065 ﬁt
1192 1028 1256 1065 ex
1297 1020 1451 1081 partu
1490 1031 1503 1066 :
1555 1027 1663 1066 non
1704 1014 1849 1068 enim
1900 1020 2086 1083 partus
2126 1021 2210 1068 est

641 1102 821 1164 homo,
863 1104 955 1157 sed
1006 1118 1103 1173 per
1129 1110 1341 1173 partum
1376 1104 1566 1158 homo:
1594 1103 1676 1159 sic
1719 1115 1773 1157 et
1814 1103 1867 1157 in
1914 1103 2015 1159 hoc
2063 1104 2207 1169 loco,

637 1208 759 1246 eum
794 1193 1092 1250 Eunomius
1117 1196 1453 1249 concesserit
1482 1196 1721 1266 genitam
1749 1210 1872 1250 esse
1892 1196 2206 1258 essentiam,

639 1284 805 1353 priori
839 1284 1057 1355 quidem
1091 1286 1257 1340 verbo
1290 1285 1432 1355 quod
1472 1301 1537 1340 ex
1568 1286 1751 1355 aliquo
1782 1293 1867 1341 est
1888 1285 2065 1340 edocti
2111 1303 2208 1342 su-

637 1391 798 1431 inus:
831 1384 1091 1445 sequente
1122 1391 1250 1430 vero
1275 1376 1450 1446 ipsum
1477 1374 1781 1444 subjectum
1812 1374 2204 1440 intelleximus.

635 1464 724 1516 cui
754 1478 817 1518 ex
861 1464 1045 1534 aliquo
1077 1471 1163 1520 est
1200 1465 1573 1519 subsistentia.
1623 1462 1681 1518 Si
1720 1465 1886 1536 igitur
1933 1465 2080 1520 aliud
2121 1473 2205 1521 est

632 1553 887 1608 essentia
925 1554 1310 1624 signiﬁcatum,
1346 1554 1492 1608 aliud
1514 1540 1650 1609 vero
1692 1572 1796 1610 vox
1835 1556 2204 1626 generationis

632 1643 935 1713 intelligere
965 1644 1241 1713 supponit,
1273 1643 1432 1699 docta
1472 1652 1779 1698 commenta
1812 1645 1944 1715 ipsis
1982 1652 2204 1714 repente

631 1741 978 1796 corruerunt,
1013 1734 1156 1789 velut
1201 1733 1391 1788 frivola
1421 1750 1549 1789 vasa
1584 1733 1767 1788 ﬁctilia
1797 1734 2006 1800 collisa,
2040 1742 2203 1804 atque

631 1825 776 1879 inter
808 1839 867 1880 se
900 1824 1201 1882 confracta.
1257 1825 1373 1879 Non
1421 1826 1566 1881 enim
1612 1824 1845 1895 amplius
1891 1825 1972 1881 eis
2019 1824 2202 1879 licebit

627 1917 793 1986 geniti
827 1930 951 1971 cum
994 1917 1238 1986 ingenito
1268 1915 1625 1972 ditl'erentiam
1673 1917 1728 1971 in
1765 1914 1889 1970 Filii
1936 1923 1989 1970 et
2023 1914 2201 1971 Patris

627 2011 900 2061 essentias
945 2006 1426 2071 transferentibus,
1480 2008 1643 2063 simul
1689 2007 1757 2061 ad
1792 2023 1880 2062 res
1916 2008 2198 2062 nominum

630 2100 787 2167 inter,
819 2114 880 2153 se
936 2100 1355 2170 repugnantiam
1402 2100 1723 2154 transferre.
1767 2099 1903 2154 Cum
1944 2100 2089 2155 enim
2131 2099 2200 2154 ab

628 2192 895 2246 Eunomia
924 2191 995 2247 sit
1032 2206 1354 2245 concessum
1403 2192 1642 2261 genitam
1690 2206 1812 2245 esse
1858 2191 2155 2246 essentiam
2179 2228 2194 2254 ,

625 2282 1081 2353 quemadmodum
1113 2282 1419 2351 exemplum
1453 2280 1838 2351 Evangelieum
1877 2283 2021 2337 hunc
2069 2298 2197 2337 sen-

624 2389 747 2428 sum
779 2374 1047 2443 explicat,
1082 2374 1136 2427 in
1180 2387 1290 2443 quo
1338 2372 1615 2428 hominem
1661 2383 1847 2428 natum
1901 2388 2022 2429 esse
2070 2389 2194 2428 eum

622 2465 947 2528 didicimus,
984 2481 1094 2520 non
1139 2466 1414 2521 hominem
1468 2465 1611 2520 idem
1672 2481 1791 2521 esse
1856 2482 1980 2521 cum
2028 2482 2194 2537 gene-

625 2560 837 2614 ratione
890 2557 1295 2623 iutelleximus,
1349 2556 1445 2613 sed
1503 2558 1783 2628 propriam
1844 2559 1901 2613 in
1962 2566 2195 2630 utroque

622 2652 844 2706 nomine
881 2651 1159 2706 notionem
1209 2649 1755 2720 comprehendimus,
1799 2666 1909 2705 non
1955 2652 2191 2722 amplius

622 2745 800 2798 locum
849 2743 1069 2797 habebit
1127 2742 1351 2796 haresis
1402 2756 1523 2810 qua
1568 2757 1665 2811 per
1710 2742 1978 2811 ejusmodi
2028 2757 2191 2798 voces

620 2837 987 2892 essentiarum
1017 2835 1389 2889 diversitatem
1419 2848 1520 2887 suo
1553 2834 1804 2905 dogmate
1833 2834 2097 2890 decernit.

692 2926 761 2983 Ut
787 2940 966 2982 autem
1000 2923 1343 2979 manifestius
1387 2923 1545 2978 nobis
1594 2924 1662 2979 de
1706 2926 1793 2981 his
1821 2940 2004 2981 sermo
2033 2942 2188 2982 reve-

621 3023 779 3085 letur,
809 3020 889 3075 sic
922 3031 1115 3071 rursus
1161 3015 1303 3086 quod
1341 3016 1659 3086 proponitur
1689 3014 2009 3073 diducamus
2036 3031 2054 3072 :
2082 3016 2187 3071 Na-
2212 3048 2256 3106 ϐ

617 3124 794 3167 turam
824 3112 1113 3165 humanam
1144 3121 1173 3161 a
1208 3106 1475 3178 principio
1497 3122 1620 3161 cum
1651 3108 1904 3165 omnibus
1940 3106 2062 3163 fecit
2091 3108 2181 3164 ille

615 3204 708 3275 qui
744 3202 1060 3257 universum
1110 3197 1387 3261 condidit,
1440 3213 1506 3253 ac
1544 3209 1829 3269 postquam
1876 3198 2053 3255 factus
2101 3206 2186 3255 est

616 3294 822 3356 Adam,
852 3300 985 3346 tunc
1019 3290 1421 3361 generationem
1456 3306 1578 3360 qua
1620 3290 1676 3345 ﬁt
1714 3308 1780 3347 ex
1822 3298 2011 3346 mutuo
2036 3306 2187 3346 com-

617 3388 776 3457 plexu
820 3381 1130 3437 hominibus
1176 3381 1447 3443 instituit,
1493 3396 1616 3436 cum
1648 3382 1825 3447 dixit,
1866 3382 2101 3439 Crescite
2129 3394 2180 3439 et

613 3472 1043 3544 multiplicamini
1077 3472 1143 3523 “.
1179 3469 1315 3525 Cum
1349 3472 1514 3542 igitur
1557 3474 1690 3529 Abel
1734 3490 1831 3545 per
1874 3477 2184 3546 generatio-

613 3585 735 3624 nem
767 3566 1009 3623 substitit
1031 3605 1045 3627 .
1076 3563 1200 3633 quis
1227 3577 1375 3618 sana
1403 3565 1603 3620 mentis
1634 3581 1859 3637 compos
1889 3584 1999 3623 non
2026 3567 2181 3625 dixe-

612 3662 715 3722 rit.
745 3659 1047 3716 secundum
1083 3661 1224 3716 idem
1265 3660 1517 3715 humana
1560 3659 1929 3729 generationis
1971 3660 2179 3731 signiti-

610 3761 828 3816 catum,
871 3752 1077 3823 absque
1116 3751 1467 3822 generatione
1513 3751 1780 3805 Adamum
1822 3752 2180 3809 substitisse?

611 3845 860 3900 Attamen
905 3844 1114 3914 primus
1164 3844 1327 3899 homo
1374 3851 1546 3897 totum
1596 3842 1653 3897 in
1697 3842 1879 3912 seipso
1930 3843 2181 3899 humana

611 3934 860 3991 essentia
885 3935 1176 3991 terminum
1206 3935 1395 3990 habuit
1424 3955 1436 3987 :
1464 3941 1518 3989 et
1550 3923 1643 4004 qlii
1673 3950 1740 3989 ex
1770 3935 1862 3989 illo
1890 3944 2178 4006 generatus

609 4037 730 4092 est,
760 4026 1013 4084 similiter
1045 4028 1099 4082 in
1143 4025 1335 4083 eadem
1378 4026 1632 4082 essentia
1676 4027 1886 4082 ratione
1934 4028 2178 4084 subscri-

607 4118 775 4172 bitur.
822 4116 976 4184 Quod
1017 4116 1064 4173 si
1104 4120 1283 4188 genita
1316 4117 1558 4173 essentia
1584 4117 1828 4183 diversa,
1862 4117 1932 4173 ab
1959 4133 2023 4173 ea
2056 4134 2177 4188 qua

605 4208 784 4276 genita
832 4223 941 4261 non
970 4214 1055 4262 est
1084 4214 1518 4271 construeretur,
1548 4221 1658 4262 non
1689 4206 1937 4277 utrisque
1985 4207 2174 4262 eadem

604 4298 857 4353 essentia
889 4299 1031 4353 ratio
1058 4305 1412 4368 competeret.
1460 4297 1702 4364 Quorum
1745 4298 1890 4353 enim
1935 4299 2173 4355 essentia

2314 472 2371 523 ἐν
2395 469 2537 541 λύπῃ
2567 470 2772 537 γίνεται
2807 472 2839 540 ή
2874 470 3008 540 γυνή
3034 484 3047 498 ·
3114 468 3250 539 μετά
3284 467 3453 522 ταῦτα
3480 468 3536 521 δὲ
3562 470 3731 539 χαράν
3758 475 3871 539 χαίο

2317 578 2419 632 ρει,
2443 563 2522 616 ὅτι
2548 560 2807 631 ἐγεννήθη
2830 561 2925 615 ἄνθ
2934 578 3113 629 ρωπος
3133 561 3211 623 εἰς
3234 560 3322 613 τὸν
3343 560 3564 629 κόσμον.
3600 560 3682 623 '0;
3702 564 3875 614 τοίνυν

2313 656 2370 706 ἐν
2402 653 2478 724 τῷ
2513 654 2668 725 μέρει
2696 652 2867 724 τούτῳ
2895 653 2988 706 δύο
3030 653 3274 722 νοήματα
3317 651 3701 722 διακεκριμένα
3727 654 3874 724 παρὰ

2311 744 2409 799 τοῦ
2438 744 2769 813 Εὐαγγελίου
2797 744 3160 815 μανθάνομεν,
3187 742 3244 796 ἒν
3274 744 3393 810 μὲν,
3425 743 3513 796 τὸν
3537 744 3689 797 τόκον
3713 745 3767 798 6v
3786 748 3874 800 διέι

2310 839 2408 907 τῆς
2430 838 2734 906 γεννήσεως
2763 837 3089 906 ὲνοήσαμεν”
3132 835 3318 906 ἕτερον
3348 834 3403 888 δὲ
3435 835 3569 888 αὐτὸ
3602 835 3663 888 τὸ
3693 839 3753 890 ὲκ
3777 838 3872 891 τοῦ

2309 927 2468 980 τόκου
2498 926 2777 996 γινόμενον
2804 941 2821 956 ⁸
2864 927 2924 979 οὐ
2952 925 3059 994 γὰρ
3091 928 3118 979 6
3144 926 3299 988 τόκος
3337 924 3485 978 ἐστὶν
3515 928 3543 978 6
3576 926 3870 998 ἄνθρωπος,

2309 1016 2444 1069 ἀλλὰ
2472 1016 2560 1070 διὰ
2597 1015 2690 1069 τοῦ
2719 1016 2874 1069 τόκου
2906 1018 2934 1069 6
2955 1016 3260 1086 ἄνθρωπος’
3321 1015 3464 1069 οὕτω
3500 1016 3595 1071 καὶ
3626 1018 3872 1079 ἐνταῦθα,

2308 1109 2402 1162 τοῦ
2442 1108 2702 1178 Εὐνομίου
2725 1108 3048 1180 γεννηθῆναι
3075 1109 3172 1179 τήν
3200 1110 3387 1161 οὐσίαν
3418 1108 3840 1180 ὁμολογήσαντος
3857 1129 3869 1140 ο

2308 1201 2386 1271 τῷ
2419 1200 2518 1270 μὲν
2557 1201 2850 1271 προάγοντι
2894 1201 3097 1271 ῥήματι
3125 1200 3186 1253 τὸ
3228 1200 3292 1253 ἐκ
3334 1217 3480 1265 τινος
3503 1201 3869 1272 ἐδιδάχθημεν,

2307 1293 2387 1364 τῷ
2416 1294 2472 1347 δὲ
2499 1293 2717 1363 ἐφεξῆς,
2746 1291 2876 1346 αὐτὸ
2900 1292 2959 1345 τύ
2990 1292 3345 1362 ὑποκείμενον
3375 1294 3700 1364 ὲνοήσαμεν,
3730 1287 3772 1361 ᾧ
3808 1295 3875 1346 ἐκ

2306 1386 2399 1439 τοῦ
2428 1386 2571 1449 τινός
2616 1387 2817 1454 ἐστινὴ
2871 1385 3181 1448 ὑπόστασις.
3232 1384 3294 1437 Εἰ
3339 1378 3431 1438 οὖν
3469 1384 3596 1440 ἄλλο
3637 1385 3735 1456 μέν
3759 1386 3874 1437 ἐστι

2304 1480 2403 1549 τῆς
2427 1478 2613 1541 οὐσίας
2645 1478 2704 1532 τὸ
2738 1477 3159 1548 σημαινόμενον·
3224 1476 3409 1548 ἕτερον
3460 1477 3514 1530 δὲ
3554 1480 3587 1549 ή
3628 1478 3726 1547 τῆς
3750 1495 3874 1543 γεν-

2304 1570 2510 1639 νήσεως
2544 1569 2693 1640 φωνὴ
2724 1570 2866 1622 νοεῖν
2898 1566 3227 1630 ὑποτίθεται,
3259 1567 3636 1622 διαπέπτωκεν
3666 1568 3877 1637 ἀθρόως

2305 1658 2488 1720 αὐτοῖς
2514 1658 2582 1710 τὰ
2611 1656 2748 1725 σο·ρά
2769 1657 3159 1728 μηχανήματα,
3177 1655 3365 1727 ὥσπερ
3385 1656 3679 1727 ὀστράκινα
3709 1656 3873 1726 σκεύη

2302 1750 2547 1821 ἀλλήλοις
2574 1748 2966 1821 προσαχθέντα,
2993 1748 3084 1802 καὶ¹
3105 1747 3172 1801 δι’
3192 1748 3434 1819 ἀλλήλων
3458 1749 3867 1819 διατρυφθέντα.

2302 1841 2496 1895 Οὐκέτι
2528 1841 2635 1911 γὰρ
2667 1841 2847 1904 αὐτοῖς
2874 1838 3085 1906 ἐξέσται
3109 1841 3207 1912 τὴν
3233 1839 3324 1894 τοῦ
3350 1841 3606 1911 γεννητοῦ
3646 1841 3781 1911 πρὸς
3817 1842 3875 1895 τὸ

2300 1929 2590 2001 ἀγέννητον
2613 1929 2892 2001 διαστολὴν
2910 1931 3004 1983 ἐπὶ
3025 1931 3123 2001 τῆς
3142 1929 3235 1983 τοῦ
3261 1929 3391 1983 Υίού
3420 1930 3513 1983 καὶ
3540 1930 3634 1983 τοῦ
3666 1931 3874 2002 Πατρὶς

2300 2019 2485 2082 οὐσίας
2505 2020 2919 2090 μεταφέρουσιν,
2936 2036 2999 2072 συ
3006 2038 3044 2090 μ
3051 2020 3321 2092 μεταφέρε
3331 2039 3375 2073 ιν
3390 2022 3482 2073 ἐπὶ
3495 2019 3564 2074 τὰ
3578 2021 3873 2092 πράγματα

2299 2105 2396 2178 τήν
2426 2107 2776 2179 προσάλ).ηλα
2808 2107 2916 2160 τῶν
2949 2109 3225 2178 ὀνομάτων
3249 2109 3447 2179 μάχην.
3490 2109 3871 2180 ὐμολογηθέν-

2296 2214 2388 2261 τος
2412 2197 2520 2269 γάρ
2555 2197 2703 2270 παρὰ
2742 2198 2837 2251 τοῦ
2866 2198 3128 2269 Εὐνομίου
3174 2200 3255 2252 ὅτι
3308 2199 3574 2271 ἐγεννήθη
3612 2202 3646 2271 ή
3696 2201 3868 2264 οὐσία,

2298 2288 2480 2353 καθὼς
2527 2290 2621 2343 καὶ
2664 2289 2724 2343 τὸ
2771 2288 3120 2359 εὐαγγελικὸν
3152 2290 3452 2362 ὑπόδειγμα
3484 2291 3582 2362 τὴν
3620 2293 3868 2362 τοιαύτην

2297 2378 2585 2452 ὲρμηνεύει
2606 2378 2862 2442 διάνοιαν,
2884 2382 2938 2431 ἐν
2953 2373 2996 2447 ᾧ
3021 2379 3109 2432 τὸν
3126 2377 3407 2450 ἄνθρωπον
3425 2380 3754 2449 γεννηθῆναι
3776 2399 3867 2451 μα-

2296 2471 2497 2534 θόντες,
2526 2470 2585 2523 οὐ
2615 2470 2807 2523 ταύτὸν
2840 2470 3137 2541 ὲνοήσαμεν
3165 2472 3229 2541 τῇ
3263 2472 3511 2541 γεννήσει
3539 2471 3628 2523 τὸν
3660 2472 3865 2543 ἄνθρω-

2295 2577 2416 2624 πον,
2450 2558 2562 2612 ἀλλ’
2586 2558 2714 2612 ἴδιον
2741 2558 2823 2626 ἐφ’
2853 2556 3112 2627 ἑκατέρου
3132 2555 3237 2609 τῶν
3267 2555 3542 2627 ὀνομάτων
3574 2555 3866 2627 ἐδεξάμεθα

2293 2653 2491 2724 νόημα,
2519 2651 2699 2705 οὐκέτι
2726 2649 2906 2722 χώραν
2936 2650 3045 2714 ἕξει
3078 2649 3294 2714 πάντως
3325 2651 3358 2719 ή
3392 2650 3600 2721 αἵρεσις
3631 2650 3731 2721 τὴν
3767 2653 3867 2704 ἑτε-

2295 2745 2492 2815 ρότητα
2521 2742 2626 2795 τῶν
2654 2740 2848 2795 οὐσιῶν
2880 2740 2968 2795 διὰ
2993 2740 3102 2794 τῶν
3140 2740 3396 2793 τοιούτων
3446 2741 3636 2809 φωνῶν
3663 2742 3865 2812 δογμα-

2290 2835 2533 2900 τίζουσα.

2372 2925 2457 2988 Ὠς
2488 2923 2531 2977 δ’
2559 2924 2624 2978 ἂν
2656 2923 2886 2995 μάλιστα
2919 2923 3246 2993 σαφέστερον
3277 2921 3406 2993 ἡμῖν
3433 2924 3460 2975 ὀ
3501 2923 3625 2993 περὶ
3661 2924 3865 2978 τούτων

2288 3017 2443 3086 λόγος
2482 3016 2885 3086 ὲκκαλυφθείη,
2943 3015 3143 3068 οὑτωσὶ
3191 3014 3251 3067 τὸ
3303 3015 3659 3086 προκείμενον
3706 3020 3864 3072 πάλιν

2288 3108 2708 3181 διαληψὼμεθαο
2737 3107 2986 3177 Ἐποίησε
3031 3105 3128 3178 τὴν
3156 3106 3500 3179 ἀνθρωπίνην
3546 3107 3709 3175 φύσιν
3744 3113 3861 3164 κατ’

2285 3199 2457 3272 ἀρχὰς
2476 3198 2612 3270 μετά
2643 3200 2859 3253 πάντων
2887 3199 2913 3250 6
2940 3196 3000 3250 τὸ
3018 3200 3125 3250 πᾶν
3153 3197 3578 3269 συστησάμενος.
3605 3201 3701 3252 καὶ
3728 3204 3862 3271 μετὰ

2284 3291 2344 3344 τὸ
2381 3289 2631 3360 γενέσθαι
2656 3288 2746 3341 τὸν
2780 3288 2967 3358 ’Λδάμ,
2998 3287 3117 3339 τότε
3148 3285 3244 3357 τὴν
3264 3287 3322 3352 ἐξ
3350 3287 3591 3358 ἀλλήλων
3612 3289 3860 3362 γέννησιί

2283 3384 2396 3445 τοῖς
2446 3378 2751 3452 ἀνθρώποις
2793 3377 3216 3449 ἐνομοθέτησεν,
3274 3378 3470 3443 εἰπὼν,
3513 3380 3861 3444 Αὺξάνεσθε

2283 3471 2385 3527 καί
2418 3472 2820 3539 πληθύνεσθε.
2877 3469 2984 3523 Τοῦ
3014 3470 3190 3523 τοίνυν
3231 3470 3387 3522 Ἀδὲλ
3419 3472 3692 3541 γεννητῶς
3724 3473 3851 3526 ὑπο-

2285 3564 2527 3626 στάντος,
2554 3562 2635 3626 τίς
2681 3563 2780 3615 οὐκ
2810 3560 2874 3614 ἂν
2914 3561 3057 3615 εἴποι
3088 3561 3195 3613 τῶν
3217 3555 3277 3613 εὖ
3325 3562 3684 3631 φρονούντων,
3739 3567 3857 3617 κατ’

2282 3654 2414 3708 αὐτὸ
2458 3654 2517 3708 τὸ
2567 3653 2666 3724 τῆς
2704 3653 3050 3726 ἀνθρωπίνης
3095 3654 3398 3722 γεννήσεως
3441 3655 3855 3724 σημαινόμενον,

2236 3764 2239 3767 ·
2280 3748 2589 3816 ἀγεννήτως
2619 3746 2707 3800 τὸν
2748 3745 2919 3817 Ἀδὰμ
2966 3748 3293 3818 ὐποστῆναις
3336 3747 3497 3800 ’Λλλὰ
3525 3746 3630 3819 μὴν
3651 3750 3681 3800 6
3710 3747 3854 3818 πρῶ-

2280 3856 2370 3902 τος
2403 3839 2710 3911 ἄνθρωπος,
2744 3839 2863 3892 ὅλον
2897 3840 3053 3910 ἔσχεν
3081 3840 3140 3892 ὲν
3173 3838 3349 3910 ἑαυτῷ
3383 3838 3483 3910 τῆς
3511 3839 3855 3909 ἀνθρωπίνης

2278 3932 2465 3995 οὐσίας
2484 3931 2574 3983 τὸν
2596 3931 2740 4003 ὅρον,
2763 3932 2857 3984 καὶ
2886 3932 2915 3983 6
2944 3929 3003 3994 ἐξ
3032 3931 3236 3984 ἐκείνου
3265 3929 3563 4001 γεννηθεὶς,
3594 3930 3853 3992 ὡσαύτως

2278 4023 2337 4075 ὲν
2379 4022 2455 4093 τῷ
2480 4021 2627 4093 αὐτῷ
2667 4023 2766 4093 τῆς
2808 4022 2996 4086 οὐσίας
3038 4022 3414 4093 ὑπογράφεται
3464 4021 3629 4093 λόγῳ.
3688 4023 3752 4075 Ei
3799 4020 3850 4073 δὲ

2277 4114 2409 4183 άλλη
2442 4131 2525 4177 τις
2556 4115 2590 4185 ή
2629 4114 2946 4185 γεννηθεῖσα
2983 4113 3141 4168 οὐσία
3175 4114 3325 4186 παρὰ
3354 4113 3452 4185 τήν
3478 4114 3551 4185 μὴ
3574 4112 3867 4183 γεννηθεὺ

2278 4223 2376 4259 σαν
2396 4205 2843 4272 κατεσκευάζετο,
2867 4207 2965 4259 οὐκ
2987 4205 3052 4259 ἂν
3075 4206 3159 4259 ἐπ’
3181 4207 3503 4278 ἀμφοτέρων
3525 4207 3554 4257 ὀ
3574 4206 3738 4267 αὐτὸς
3759 4205 3847 4273 τῆς

2275 4298 2462 4360 οὐσίας
2494 4297 2701 4368 ἥρμοσε
2754 4297 2929 4366 λόγος.
2994 4290 3094 4351 Ὧν
3134 4298 3243 4370 γάρ
3296 4300 3328 4369 ή
3378 4299 3533 4352 οὐσία
3575 4298 3863 4368 διάφοπ,

514 4429 525 4438 .
604 4387 816 4440 diversa
836 4428 850 4453 ,
900 4388 1095 4441 horum
1130 4401 1239 4439 non
1272 4393 1356 4439 est
1382 4385 1569 4440 eadem
1604 4388 1857 4442 essentia
1887 4388 2027 4442 ratio
2056 4389 2171 4444 sive

2289 4388 2481 4442 τούτων
2512 4389 2631 4442 οὐδὲ
2668 4392 2697 4443 6
2722 4389 2878 4458 λόγος
2906 4390 3050 4443 ἐστὶν
3078 4392 3107 4444 6
3135 4390 3295 4453 αὐτὸς
3318 4390 3417 4460 τῆς
3448 4390 3656 4451 οὐσίας.
3702 4388 3859 4465 Ἐπεὶ1

603 4474 866 4529 delinitio.
916 4474 1184 4540 Quoniam
1234 4474 1400 4543 igitur
1444 4473 1637 4529 iisdem
1682 4476 1999 4546 designatur
2045 4492 2171 4548 pro-

602 4563 926 4634 prietatibus
953 4572 1008 4619 et
1030 4579 1093 4619 ea
1121 4578 1242 4634 qua
1265 4549 1535 4628 est'Ada,
1564 4574 1617 4620 et
1643 4580 1706 4620 ea
1733 4582 1855 4636 qua
1878 4576 1963 4624 est
1988 4570 2172 4626 Abelis

599 4655 835 4709 essentia
861 4697 876 4721 ,
929 4668 1155 4709 necesse
1206 4660 1291 4708 est
1334 4655 1560 4708 omnino
1597 4658 1652 4709 tn
1696 4656 1964 4725 ambobus
2006 4674 2170 4713 unam

599 4747 893 4802 essentiam
924 4760 1046 4802 esse
1074 4744 1321 4800 conﬁteri
1353 4762 1367 4800 :
1396 4745 1561 4799 alium
1594 4754 1773 4801 autem
1804 4756 1971 4819 atque
2002 4751 2166 4807 alium

600 4839 654 4894 in
689 4839 882 4895 eadem
916 4846 1110 4893 natura
1140 4837 1523 4893 demonstrari.
1554 4835 1687 4893 Nam
1734 4840 1906 4895 Adam
1953 4851 2008 4898 et
2034 4844 2167 4899 Abel

600 4932 654 4985 in
686 4938 894 4985 natura
926 4930 1137 4984 ratione
1172 4946 1314 4984 unus
1343 4928 1452 4985 duo
1477 4938 1639 4985 sunt:
1669 4932 1761 4987 sed
1787 4933 1841 4986 in
1868 4937 2170 5006 proprieta-

600 5025 744 5079 tibus
773 5037 893 5093 qua
923 5023 976 5076 iu
1011 5021 1253 5091 ipsormn
1284 5028 1516 5090 utroque
1549 5031 1870 5086 cernuntur,
1910 5025 2166 5080 inconfu-

597 5131 717 5171 sum
754 5114 895 5169 inter
926 5129 986 5168 se
1014 5114 1217 5168 habent
1247 5113 1560 5169 discrimen.
1605 5113 1721 5170 Non
1757 5117 1920 5187 igitur
1949 5120 2166 5188 proprie

595 5206 700 5259 diei
733 5212 940 5274 potest,
974 5202 1118 5274 quod
1148 5203 1319 5258 Adam
1364 5206 1658 5260 essentiam
1709 5223 1737 5259 ιι
1788 5208 1969 5278 seipso
2003 5211 2161 5265 aliam

595 5298 710 5351 sive
737 5295 1009 5351 diversam
1040 5296 1258 5365 genuit,
1297 5295 1389 5350 sed
1426 5297 1652 5360 melius,
1687 5298 1831 5367 quod
1874 5315 1938 5354 ex
1982 5301 2161 5372 seipso

594 5385 780 5453 genuit
809 5386 973 5439 alimn
1003 5385 1245 5454 seipsnm
1273 5402 1285 5437 :
1318 5400 1440 5438 cum
1473 5400 1581 5454 quo
1606 5389 1784 5441 omnis
1809 5388 1929 5456 ejus
1957 5391 2049 5460 qui
2076 5406 2163 5459 ge-

566 5476 715 5530 Διιιιὶι
743 5478 994 5531 essentia
1031 5476 1169 5531 ratio
1197 5475 1358 5530 simul
1388 5476 1532 5532 edita
1566 5486 1668 5533 est.
1707 5476 1863 5545 Quod
1899 5481 2062 5551 igitur
2092 5481 2157 5536 de

666 5652 713 5685 "
738 5650 898 5711 Joan.
955 5654 1187 5717 “1,21.
1264 5654 1308 5686 "
1350 5653 1546 5710 Cenes.
1582 5669 1618 5721 ι,
1658 5653 1748 5709 98.

2275 4477 2368 4533 οὖν
2411 4482 2523 4542 τοῖς
2574 4480 2755 4543 αὐτοῖς
2803 4480 3263 4552 χαρακτηρίζεται
3297 4480 3578 4552 ίδιώμασιν
3617 4481 3654 4552 ἦ
3679 4497 3738 4533 τε
3760 4476 3857 4547 rei},

2289 4573 2457 4642 Ἀδὰμ
2484 4573 2578 4626 καὶ
2599 4574 2632 4643 ἡ
2656 4572 2747 4626 τοῦ
2782 4572 2935 4626 mea
2959 4573 3116 4627 οὐσία
3141 4590 3153 4603 ο
3183 4575 3331 4627 πᾶσα
3354 4574 3565 4645 ἀνάγκη
3598 4572 3729 4644 μίαν

2274 4665 2458 4719 οὐσίαν
2496 4666 2582 4717 ἐπ’
2615 4666 2941 4736 ἀμφοτέροις
2981 4662 3121 4719 εἶναι
3160 4664 3505 4720 συντίθεσθαι
3530 4683 3544 4696 ’
3597 4665 3757 4722 ἄλλον
3789 4660 3853 4716 δέ¹

2275 4759 2368 4812 καὶ
2396 4758 2550 4811 ἄλλον
2580 4758 2669 4811 τὸν
2699 4757 2756 4811 ὲν
2783 4760 2850 4829 τῇ
2879 4758 3012 4830 αὐτῇ
3045 4757 3203 4827 φύσει
3224 4758 3595 4829 δεικνύμενον.
3657 4758 3715 4811 '0

2287 4850 2458 4921 Ἀδὰμ
2486 4850 2581 4903 καὶ
2606 4852 2634 4904 6
2674 4850 2830 4904 Ἀϐὲλ
2859 4851 2917 4903 έν
2956 4851 3034 4920 τῷ
3064 4850 3206 4921 λόγῳ
3253 4850 3353 4920 τῆς
3397 4851 3633 4920 φύσεως,
3669 4843 3747 4912 εἷς
3792 4844 3847 4899 οι

2272 4940 2365 4993 δύο
2387 4940 2520 4993 είσίν
2540 4957 2554 4972 ·
2580 4942 2637 4994 ἐν
2666 4941 2721 4994 δὲ
2744 4943 2853 5004 τοῖς
2886 4940 3366 5011 ἐπιθεωρουμένοις
3398 4940 3645 5010 ἑκατέρῳ
3670 4924 3845 5011 αὐτῶνγῖ

2275 5031 2576 5102 ίδιώμασιν,
2622 5032 2923 5102 ἀσύγχυτον
2970 5031 3149 5101 ἔχουσι
3196 5031 3295 5099 τὴν
3331 5032 3424 5083 ἀπ’
3454 5030 3702 5101 ἀλλήλων
3733 5024 3841 5095 διάη

2271 5140 2471 5195 κρισιν.
2520 5121 2726 5176 Οὐκοῦν
2755 5125 2852 5175 οὐκ
2880 5120 2993 5174 ἔστι
3019 5122 3219 5193 κυρίως
3256 5124 3448 5185 εἰπεῖν,
3478 5123 3559 5174 ὅτι
3602 5122 3631 5173 6
3677 5117 3839 5193 Ἀδὶξη

2270 5215 2456 5268 οὐσίαν
2486 5217 2614 5285 παρ’
2643 5214 2806 5267 αὐτὸν
2836 5214 3000 5284 ἄλλην
3022 5214 3325 5283 ἐγέννησεν,
3356 5213 3491 5267 ἀλλά
3533 5212 3732 5282 μᾶλλον
3760 5208 3837 5287 ὅτε1

2268 5303 2326 5370 ἐξ
2363 5306 2553 5359 ἑαυτοῦ
2585 5304 2870 5373 ἐγέννησεν
2896 5305 3048 5359 ἄλλον
3082 5306 3269 5358 ἑαυτόν
3299 5322 3313 5334 ο
3344 5297 3389 5371 ᾧ
3415 5305 3522 5367 πᾶς
3546 5304 3572 5355 6
3612 5303 3710 5371 τῆς
3745 5294 3835 5369 rei

2266 5398 2622 5466 γεννήσαντος
2671 5396 2856 5460 οὐσίας
2896 5395 3262 5465 συναπετέχθη
3298 5394 3474 5464 λόγος.
3527 5394 3703 5461 Ὅπερ
3746 5382 3832 5440 οὖν

2263 5485 2355 5538 ἐπὶ
2382 5484 2481 5554 τῆς
2532 5486 2875 5557 ἀνθρωπίνης
2914 5485 3304 5557 μεμαθήκαμεν
3347 5485 3585 5556 φύσεως,
3614 5481 3702 5537 διὰ
3743 5478 3830 5573 τῆς
