3992 6210
262 381 345 438 595
1323 374 1617 446 CONTRA'
1644 382 2035 454 EUMONIUM,
2079 385 2207 442 LIB.
2271 385 2362 443 ill.

3366 380 3476 435 ενι»

259 504 373 557 κιτά
397 505 452 557 τὸ
478 504 766 560 ἀκόλουθον
796 508 901 562 ὑπὸ
929 510 1023 562 τοῦ
1044 510 1200 576 λόγου
1226 511 1634 583 προδειχθείσης
1656 512 1787 581 ἡμῖν

1896 517 2085 564 natura
2118 510 2352 565 humana
2376 507 2663 562 didicimus
2687 546 2701 568 .
2746 522 2808 561 ea
2850 502 3259 574 consequentiae
3296 501 3472 557 dedu-

257 595 457 665 ὁδηγίας,
506 597 665 651 τοῦτο
691 596 843 668 οἶμαι
868 602 979 654 δεῖν
1006 603 1098 655 καὶ
1129 603 1220 656 ἐπὶ
1253 602 1349 675 τὴν
1379 604 1656 675 ἀκήρατον
1684 603 1793 657 τῶν

259 690 387 741 θείων
408 688 690 758 δογμάτων
717 693 1042 764 κατανόησιν
1066 697 1146 758 εἰς
1175 695 1397 765 όδηγίαν
1424 696 1628 749 λαϐεῖν.
1683 697 1796 749 Πᾶ-

259 797 339 833 σαν
359 781 454 851 γὰρ
478 781 727 854 σαρκώδη
757 784 849 838 καὶ
873 784 1062 856 ὐλικὴν
1088 787 1295 842 ἔννοιαν
1315 789 1421 842 τῶν
1441 789 1597 843 θείων
1624 806 1682 841 τε
1702 789 1797 841 καὶ

258 871 441 941 ὑψηλῶν
471 873 757 943 δογμάτων
777 877 1219 947 ἀποσεισάμενοι,
1248 880 1663 949 ἀσφαλεστάτην
1682 879 1799 945 ἕξο-

256 980 336 1031 μεν
376 962 461 1017 διὰ
512 964 609 1017 τοῦ
660 967 1125 1038 καταλειπομένου
1173 971 1463 1040 νοήματος,
1525 972 1653 1023 ὅταν
1706 971 1798 1022 ὲκ-

253 1049 475 1123 καθαρθῇ
512 1052 623 1105 τῶν
661 1055 947 1120 τοιούτων,
1002 1057 1099 1126 τὴν
1144 1058 1237 1111 ἐπὶ
1276 1059 1343 1111 τὰ
1386 1059 1563 1130 ὑψηλά
1608 1077 1668 1112 τε
1704 1059 1800 1113 καὶ

251 1143 492 1214 ἀπρόσιτα
521 1146 910 1216 χειραγωγίαν.
973 1148 1342 1219 ὐμολογεῖται
1378 1152 1486 1223 γὰρ
1519 1152 1613 1205 καὶ
1648 1152 1798 1223 παρᾶ

247 1231 335 1284 τῶν
363 1233 622 1288 ἐναντίων
644 1235 734 1289 τὸν
762 1237 857 1290 ἐπὶ
881 1239 1096 1293 πάντων
1128 1240 1254 1293 ὄντα
1278 1241 1428 1306 Θεὸν,
1463 1243 1681 1313 Πατέρα
1705 1244 1797 1297 τοῦ

244 1319 566 1387 Μονογενοῦς
608 1317 712 1373 καὶ
750 1322 893 1382 εἶναι
937 1331 1032 1383 καὶ
1070 1330 1353 1399 λέγεσθαι,
1402 1333 1537 1387 ἀλλά
1581 1333 1798 1388 καὶτὸν

239 1415 502 1485 Μονοτενῆ
524 1416 657 1469 θεὸν
685 1418 774 1471 τὸν
808 1420 872 1473 ὲκ
899 1419 992 1474 τοῦ
1023 1422 1235 1487 Πατρὸς
1259 1423 1406 1487 ὄντα,
1433 1426 1686 1495 γεννητὸν
1711 1426 1799 1480 διὰ

232 1502 284 1555 τὸ
308 1504 633 1574 γεννηθῆναι
655 1507 1131 1577 κατονομάζουσιν.
1196 1510 1346 1565 Ἐπεὶ
1376 1507 1466 1565 οὖν
1506 1515 1562 1566 ἐν
1591 1514 1799 1585 ἀνθρὼ-

230 1610 337 1657 ποις
366 1596 428 1648 τὸ
466 1597 563 1648 τοῦ
603 1599 809 1668 πιτρὸς
836 1600 1004 1671 ὄνομα
1033 1601 1463 1675 συνεζευγμένας
1496 1604 1608 1675 ἔχει
1645 1608 1798 1670 τινὰς

225 1684 508 1754 ἐμφάσεις,
537 1680 613 1741 ὧν
643 1688 674 1759 ἡ
702 1690 979 1761 ἀκήρατος
1007 1692 1358 1764 ἠλλοτρίωται
1389 1697 1547 1763 φύσις
1571 1715 1584 1728 ·
1623 1698 1798 1752 πάντα

223 1778 483 1847 «paciﬁca:
514 1780 614 1833 ὅσα
644 1782 772 1852 περὶ
818 1782 915 1852 τὴν
958 1784 1209 1858 σαρκώδη
1241 1787 1334 1840 τοῦ
1376 1789 1583 1861 πιτρὸς
1615 1808 1788 1861 σημαο

1896 602 2077 656 ctione
2116 617 2236 670 qua:
2267 608 2393 654 ante
2435 615 2463 652 a
2505 600 2661 653 nobis
2692 601 2902 653 ratione
2938 597 3313 653 demonstrata
3346 598 3466 657 est,

1896 693 2000 747 hoc
2025 691 2217 756 etiam,
2249 702 2301 746 ut
2327 691 2538 745 facilius
2567 692 2631 745 ad
2660 688 3128 759 incorruptibilem
3157 686 3467 740 divinorum

1896 783 2238 838 decretormn
2270 783 2632 852 cognitionem
2668 780 2953 842 ducamur.
2991 777 3316 833 sumendum
3348 791 3471 831 esse

1898 873 2152 927 arbitror.
2176 870 2308 925 Nam
2337 887 2459 925 cum
2488 886 2702 924 omnem
2734 869 3016 923 carnalem
3046 874 3100 922 et
3131 865 3470 920 materialem

1899 979 1928 1018 a
1956 961 2156 1017 divinis
2189 970 2242 1016 et
2275 960 2506 1015 excelsis
2559 958 2795 1012 decretis
2846 955 3245 1012 removerimus
3295 953 3475 1008 notio-

1900 1068 2059 1116 nem,
2095 1069 2161 1107 ex
2194 1048 2403 1121 reliquo
2445 1050 2643 1105 mentis
2697 1056 2954 1119 perceptu
3000 1047 3203 1101 talibus
3248 1059 3475 1115 perpur-

1898 1152 2043 1214 gato,
2075 1142 2141 1197 ad
2174 1144 2424 1197 sublimia
2453 1152 2503 1197 et
2534 1142 2813 1196 inaccessa
2849 1150 3054 1196 certam
3085 1146 3139 1194 et
3167 1138 3472 1208 expeditam

1899 1236 2043 1289 viam
2080 1235 2422 1289 habebimus.
2457 1233 2772 1288 Adversarii
2818 1233 2960 1287 enim
2991 1230 3323 1285 conﬁtentur
3350 1244 3473 1284 eum

1899 1327 1991 1397 qui
2028 1327 2082 1380 in
2116 1326 2369 1381 omnibus
2397 1334 2481 1380 est
2514 1325 2654 1380 Dens
2676 1367 2689 1386 ,
2716 1324 2930 1379 Patrem
2958 1323 3235 1393 Unigeniti
3272 1328 3325 1374 et
3354 1335 3477 1373 esse

1900 1426 1954 1473 et
1997 1417 2102 1472 dici
2126 1460 2140 1480 ,
2174 1418 2472 1486 quinetiam
2506 1416 2849 1484 unigenitum
2896 1413 3064 1469 Deum
3102 1413 3192 1484 qui
3221 1428 3285 1467 ex
3321 1410 3478 1464 Patre

1898 1519 2013 1577 est,
2045 1519 2330 1580 preptcrea
2360 1510 2502 1579 quod
2541 1520 2622 1563 est
2654 1508 2895 1576 genitus,
2932 1521 3056 1562 eum
3110 1505 3350 1575 genitura
3380 1517 3480 1556 nn-

1898 1603 2125 1657 minant.
2159 1602 2425 1668 Quoniam
2461 1616 2587 1656 vero
2622 1602 2790 1670 patris
2818 1615 3015 1654 nomen
3053 1599 3197 1653 inter
3230 1595 3480 1650 homines

1897 1695 2219 1763 conjunctas
2246 1711 2428 1751 secum
2462 1694 2624 1748 habet
2650 1692 2916 1763 quasdam
2945 1690 3254 1760 emphases,
3280 1688 3333 1742 id
3358 1695 3437 1741 est
3464 1726 3477 1745 .

1899 1787 2347 1857 significationes,
2381 1802 2410 1839 a
2441 1787 2643 1856 quibus
2675 1784 3001 1839 immortalis
3028 1792 3222 1838 natura
3253 1795 3480 1851 prorsus

226 1863 339 1918 σίαν
367 1866 533 1921 ὑλικά
560 1870 804 1940 νοήματα
828 1873 1247 1943 συνεισέρχεται,
1273 1867 1463 1930 καταλί
1473 1895 1656 1943 ποντα,
1682 1879 1794 1931 θεος

1901 1884 1985 1932 est
2019 1877 2218 1931 aliena:
2258 1891 2444 1930 onnes
2472 1891 2592 1945 qua:
2622 1877 2767 1929 circa
2796 1875 3071 1928 carnalem
3110 1874 3283 1940 patris
3313 1872 3480 1941 sigm-

230 1957 407 2027 πρεπῆ
435 1975 558 2012 τινα
595 1959 832 2015 διάνοιαν
869 1965 1206 2038 ὲμεραντικὴν
1244 1968 1410 2038 μόνης
1442 1970 1539 2039 τῆς
1581 1972 1797 2042 γνησιό-

230 2062 383 2115 τητος
410 2048 507 2101 ἐπὶ
536 2049 630 2104 τοῦ
653 2051 788 2106 Θεοῦ
814 2056 906 2108 καὶ
933 2056 1141 2128 Πατρὸς
1171 2059 1598 2116 ἐντυπώσασθαι.
1649 2064 1800 2118 Ἐπεὶ

238 2131 320 2187 οὖν
342 2138 400 2189 οὐ
434 2139 595 2208 μόνον
624 2141 723 2195 ὅσα
757 2144 789 2213 ἡ
825 2145 961 2216 σὰρξ
991 2150 1131 2201 νοεῖν
1157 2149 1464 2204 ὑποτίθεται
1495 2154 1558 2223 τῇ
1588 2154 1680 2206 τοῦ
1707 2156 1800 2207 ἀν-

246 2225 497 2293 θρωπίνου
531 2234 735 2303 πατρὸς
774 2236 952 2308 ἐννοίᾳ
994 2240 1606 2312 συγκαταλαμϐάνεται,
1663 2246 1799 2300 ἀλλὰ

248 2318 329 2370 καὶ
349 2319 739 2396 διαστηματική
774 2344 854 2383 τις
879 2328 1054 2383 ἔννοια
1078 2336 1466 2387 συνεπινοεῖται
1496 2336 1711 2401 πάντως
1731 2340 1795 2408 τῇ

249 2409 533 2485 ἀνθρωπίνῃ
566 2417 886 2489 πατρότητι,
932 2421 1109 2485 καλῶς
1150 2422 1216 2476 ἂν
1243 2423 1354 2493 ἔχοι
1385 2424 1464 2495 τῷ
1502 2428 1799 2498 σωματικῷ

247 2502 387 2572 ῥύπῳ
429 2505 520 2558 καὶ
561 2506 660 2578 τὴν
688 2508 1122 2582 διαστηματικὴν
1154 2512 1360 2569 ἔννοιαν
1398 2517 1489 2569 ἐπὶ
1521 2518 1620 2588 τῆς
1648 2518 1799 2583 θείας

247 2595 644 2651 σὲναποὸἀλλειν
694 2602 1019 2672 γεννήσεως,
1073 2604 1150 2667 ὡς
1202 2604 1269 2659 ἂν
1320 2607 1651 2677 πανταχόθεν
1701 2612 1797 2662 6x-

208 2764 213 2767 ‘
241 2682 547 2757 πλυνθείσης
576 2688 673 2757 τῆς
699 2689 889 2761 ὑλικῆς
913 2692 1191 2761 ἰδιότητος,
1208 2695 1501 2767 καθαρεύει
1523 2700 1717 2764 παντὸς
1734 2703 1795 2754 οὐ

237 2776 386 2842 μόνον
414 2779 712 2848 ὲμπαθοῦς,
751 2781 885 2834 ἀλλὰ
914 2784 1005 2836 καὶ
1046 2784 1470 2857 διαστηματικοῦ
1505 2791 1795 2861 νοήματος,

233 2866 618 2941 ήῦπερέχουσα
653 2873 923 2945 γέννησις.
985 2875 1195 2930 Οὐκοῦν
1226 2881 1254 2932 6
1290 2881 1511 2952 Πατέρα
1549 2882 1640 2936 τὸν
1667 2884 1798 2938 Θεὸν

231 2956 417 3027 λέγων,
442 2965 506 3033 τῇ
541 2963 635 3016 τοῦ
672 2960 809 3018 εἶναι
841 2966 932 3019 τὸν
956 2966 1087 3020 Θεὸν
1121 2971 1318 3040 ἐννοίᾳ,
1356 2974 1448 3027 καὶ
1483 2975 1547 3028 τό
1576 2992 1627 3028 τι
1657 2971 1797 3030 εἶναι

233 3053 708 3124 συμπεριλήψεται.
735 3049 806 3127 ’ᾩ
838 3056 946 3128 γὰρ
972 3059 1079 3112 ἀπό
1114 3077 1257 3125 τινος
1289 3063 1461 3133 ἀρχῆς
1498 3064 1613 3117 ἐστι
1639 3065 1699 3118 τὸ
1724 3062 1798 3119 εἷσ-

231 3158 333 3204 ναι,
357 3143 523 3215 τούτῳ
551 3146 645 3199 καὶ
677 3148 740 3201 τό
769 3166 820 3201 τι
840 3146 977 3203 εἶναι
1010 3152 1226 3216 πάντως
1245 3156 1353 3209 ἀπό
1372 3174 1513 3221 τινος
1545 3158 1793 3229 ἄρχεται⁶

231 3233 317 3302 ἐφ’
341 3230 403 3288 οὗ
436 3235 489 3289 δὲ
515 3237 575 3290 τὸ
608 3232 747 3291 εἶναι
783 3241 880 3294 οὐκ
915 3243 1136 3313 ἤρξατο,
1173 3246 1293 3299 οὐδὲ
1332 3247 1388 3299 εἴ
1417 3267 1468 3302 τι
1507 3248 1635 3303 ἄλλο
1664 3253 1793 3323 περὶ

230 3324 388 3414 αὐτὸν
406 3326 703 3398 θεωρεῖται,
717 3331 824 3385 ἀπό
842 3350 984 3398 τινος
1002 3336 1102 3405 τὴν
1122 3336 1295 3410 ἀρχὴν
1322 3338 1454 3410 ἔχει.
1497 3341 1658 3395 Ἀλλά
1689 3344 1793 3414 μὴν

231 3413 417 3485 Πατὴρ
446 3417 473 3467 6
493 3417 642 3480 Θεὸς,
671 3419 866 3473 οὐκοῦν
894 3420 954 3486 ἐξ
986 3423 1156 3477 ἀϊδίου
1190 3427 1338 3479 ἐστὶν
1360 3429 1498 3499 ὅπερ
1518 3429 1686 3486 ἔστιν.

229 3504 335 3594 γὰρ
355 3508 580 3575 ἐγένετο,
597 3510 712 3563 ἀλλ’
735 3512 848 3565 ἐστι
866 3514 1087 3586 Πατήρ·
1118 3518 1211 3570 ἐπὶ
1230 3518 1366 3571 θεοῦ
1399 3520 1506 3593 γὰρ
1523 3522 1551 3574 ὃ
1582 3518 1669 3594 ἦν,
1700 3526 1797 3577 καὶ

228 3593 341 3647 εστι
372 3598 633 3653 καὶ-ἕσται
656 3618 667 3629 ·
707 3603 756 3655 εί
777 3603 832 3655 δέ
864 3604 917 3657 τί
940 3622 1067 3659 ποτε
1098 3607 1172 3680 μὴ
1210 3605 1299 3679 ἦν,
1351 3610 1473 3663 οὔτε
1500 3593 1645 3666 ἐςτιν
1670 3613 1796 3667 οὔτε

227 3686 382 3793 ἔσται
406 3710 416 3721 ·
443 3693 500 3745 οὗ
521 3694 629 3765 γὰρ
641 3696 879 3750 τοιοῦτον
901 3698 1041 3761 τινὸς
1065 3701 1414 3756 πεπίστεύται
1430 3700 1566 3758 εἶναι
1586 3705 1792 3776 Πατὴρ,

225 3783 291 3828 οὐ
322 3783 481 3852 χωρὶς
508 3784 729 3849 εὐσεϐές
769 3789 917 3841 ἐστιν
942 3791 1026 3857 ἐφ’
1056 3790 1246 3844 ἑαυτοῦ
1279 3810 1405 3845 ποτε
1444 3793 1535 3847 τὸν
1567 3796 1698 3849 Θεὸν
1719 3791 1795 3848 εἶ-

225 3885 315 3922 ναι
343 3872 528 3941 λέγειν.
578 3878 733 3948 Ζωῆς
754 3878 863 3950 γάρ
887 3880 1002 3934 ἐστι
1030 3884 1210 3955 πατὴρ
1231 3886 1257 3936 6
1290 3886 1499 3957 Πατὴρ,
1540 3887 1793 3959 ἀληθείας

221 3973 287 4011 τε
309 3963 403 4014 καὶ
428 3965 630 4033 σοῖιίας,
658 3967 752 4019 καὶ
773 3968 952 4035 φωτὸς
971 3969 1062 4023 καὶ
1081 3971 1353 4041 ἀγιασμοῦ
1380 3973 1472 4024 καὶ
1491 3963 1790 4044 δυνάμεως,

226 4052 323 4103 καὶ
345 4055 551 4109 πάντων
576 4058 688 4111 τῶν
710 4057 987 4123 τοιούτων,
1026 4062 1126 4115 ὅσα
1156 4063 1186 4114 ὁ
1227 4064 1535 4132 Μονογενὴς
1562 4067 1675 4118 ἐστι
1700 4070 1794 4120 και

227 4142 735 4212 ὀνομάζεται.”οταν
753 4151 930 4204 τοίνυν
950 4152 1097 4224 παρὰ
1107 4153 1214 4207 τῶν
1230 4155 1437 4226 ἐχθρῶν
1451 4157 1792 4210 κατασκευά-

233 4229 390 4300 (qui
428 4237 483 4289 1:6
511 4239 584 4308 μὴ
626 4235 766 4294 εἷναί
799 4258 927 4295 ποτε
960 4241 1095 4310 φῶς,
1128 4244 1229 4297 οὐκ
1258 4240 1396 4308 οἶδα,
1426 4245 1568 4309 τίνος
1594 4245 1793 4300 πλείων

235 4318 382 4374 ἱστὶν
404 4327 435 4395 ἡ
461 4326 523 4398 ζη
532 4329 648 4398 μία,
685 4330 912 4400 πότερον
932 4330 1097 4385 αὐτοῦ
1128 4333 1224 4387 τοῦ
1250 4333 1445 4402 φωτὸς,
1473 4335 1602 4388 ὅταν
1633 4336 1706 4407 μὴ
1733 4337 1793 4390 τὸ

240 4408 350 4475 ςῶς
431 4417 462 4487 ἢ
481 4417 572 4471 τοῦ
583 4419 794 4489 ἔχοντος
803 4456 821 4484 ,
834 4418 964 4474 ὃταν
978 4416 1055 4491 μὴ
1063 4416 1227 4491 {me};
1237 4419 1350 4487 φῶς
1361 4456 1375 4471 .
1386 4423 1540 4478 οὕτω
1554 4425 1649 4479 καὶ
1664 4443 1729 4478 πε
1738 4427 1792 4499 ρὶ

1900 1968 2172 2023 ﬁcantiam
2226 1976 2565 2021 concurrunt
2610 1966 2921 2021 materiales
2960 1974 3262 2035 conceptus
3306 1964 3475 2018 relin-

1900 2069 2187 2132 quentem,
2219 2059 2375 2113 decet
2407 2059 2701 2130 quamdam
2739 2057 2849 2112 Deo
2877 2057 3130 2112 decoram
3168 2056 3479 2124 intelligen-

1899 2153 2026 2206 tiam
2057 2150 2229 2205 solius
2257 2150 2638 2220 germanitatis
2674 2148 2909 2204 indicem
2931 2189 2945 2209 ,
2976 2147 3032 2202 in
3073 2147 3182 2200 Deo
3230 2153 3284 2199 et
3319 2145 3480 2198 Patre

1900 2243 2215 2298 informare.
2248 2240 2701 2310 Quandoquidem
2748 2240 2913 2310 igitur
2953 2254 3059 2293 non
3105 2238 3284 2292 solum
3329 2250 3480 2305 quac—

1898 2348 2132 2403 cumque
2178 2346 2310 2385 caro
2358 2330 2665 2401 intelligere
2720 2330 2992 2400 suggerit,
3048 2329 3242 2384 notitia
3299 2328 3472 2396 patris

1898 2424 2119 2478 humani
2146 2422 2711 2492 comprehenduntur,
2746 2423 2840 2477 sed
2872 2422 3037 2477 etiam
3072 2420 3360 2476 intervallo
3389 2418 3473 2472 di-

1897 2514 2096 2570 stincta
2133 2512 2374 2584 qua‘dam
2403 2512 2555 2567 notio
2583 2528 2707 2567 cum
2741 2512 3068 2581 paternitatc
3101 2510 3339 2563 humana
3363 2523 3481 2561 om-

1897 2607 2028 2662 nino
2059 2615 2239 2659 mente
2269 2603 2603 2673 concipitur,
2635 2603 2893 2674 prwclare
2923 2602 3119 2655 habeat
3145 2641 3159 2664 ,
3199 2599 3252 2653 in
3284 2598 3481 2652 divina:

1896 2695 2262 2767 generationis
2289 2692 2748 2763 contemplatione
2775 2706 2882 2746 una
2909 2706 3033 2745 cum
3059 2687 3337 2758 corporeis
3358 2702 3478 2742 scr-

1897 2789 2059 2843 dibus
2100 2788 2250 2842 illam
2281 2787 2445 2841 etiam
2486 2784 2891 2839 intervallarem
2935 2782 3212 2836 notionem
3261 2780 3479 2849 penitus

1897 2879 2163 2949 abjicere.
2198 2887 2255 2932 ut
2283 2880 2433 2931 omni
2465 2892 2529 2931 ex
2568 2885 2722 2946 parte
2750 2875 2895 2929 eluta
2933 2872 3197 2927 materiali
3233 2870 3482 2941 proprie-

1896 2979 2036 3033 tate,
2076 2970 2167 3024 illa
2200 2968 2617 3037 supereminens
2650 2968 2932 3038 generatio
2968 2981 3076 3019 non
3114 2964 3290 3018 solum
3325 2962 3473 3014 omni

1895 3061 2149 3126 turbido,
2202 3059 2297 3115 sed
2346 3061 2511 3114 etiam
2557 3058 2845 3113 intervallo
2888 3053 3150 3109 distincto
3203 3049 3478 3104 intellectu

1899 3168 2033 3224 pura
2057 3153 2148 3208 sit.
2177 3151 2316 3221 Ergo
2343 3152 2434 3220 qui
2463 3150 2678 3203 Patrem
2709 3147 2877 3203 Deum
2908 3145 3078 3207 dicit,
3108 3143 3303 3198 notitia
3334 3141 3479 3210 quod

1902 3244 2042 3301 Deus
2066 3245 2169 3310 sit,
2187 3252 2240 3299 et
2261 3241 2404 3313 quod
2430 3242 2501 3296 sit
2528 3238 2733 3309 aliquid
2760 3238 3174 3308 complectetur.
3208 3233 3308 3290 Cui
3332 3232 3475 3288 enim

1896 3336 1966 3392 ab
1994 3337 2177 3407 aliquo
2206 3333 2475 3404 principio
2504 3340 2619 3397 est,
2655 3339 2713 3385 ut
2742 3330 2814 3385 sit
2834 3368 2848 3393 ,
2884 3328 3011 3382 huic
3036 3334 3091 3383 et
3121 3325 3327 3396 aliquid
3357 3337 3481 3378 esse

1895 3427 2117 3481 omnino
2150 3424 2218 3478 ab
2250 3423 2433 3492 aliquo
2466 3420 2658 3491 incipit
2688 3439 2700 3475 :
2737 3420 2790 3474 in
2827 3435 2936 3487 quo
2987 3427 3164 3473 autem
3207 3430 3327 3471 esse
3372 3430 3479 3468 non

1895 3518 2060 3586 erepit
2080 3553 2093 3578 ,
2124 3529 2299 3583 neque
2329 3514 2374 3567 si
2401 3512 2529 3582 quid
2562 3510 2709 3565 aliud
2742 3512 2792 3564 in
2829 3512 2948 3580 ipso
2981 3507 3381 3578 consideretur,
3410 3505 3480 3559 ab

1897 3609 2079 3677 aliquo
2119 3604 2447 3675 principium
2481 3602 2661 3655 habet.
2693 3601 2760 3654 At
2793 3600 2951 3655 Pater
2979 3609 3063 3656 est
3095 3599 3237 3653 Deus
3258 3642 3271 3664 ,
3309 3598 3474 3667 igitur

1897 3694 1966 3746 ah
1993 3701 2196 3747 aeterno
2231 3698 2313 3743 est
2341 3689 2484 3758 quod
2514 3697 2628 3750 est.
2658 3703 2765 3741 non
2798 3690 2941 3741 cnim
2975 3695 3058 3742 est
3090 3688 3336 3758 genitus,
3381 3684 3474 3741 sed

1896 3784 2056 3838 Pater
2084 3790 2187 3837 est.
2220 3780 2277 3833 in
2312 3778 2419 3833 lteo
2454 3779 2598 3831 enim
2633 3777 2776 3846 quod
2815 3778 2948 3842 fuit,
2999 3785 3085 3831 est
3133 3786 3187 3830 et
3238 3778 3362 3829 erit.
3416 3775 3471 3827 Si

1897 3882 2078 3929 autem
2113 3871 2241 3941 quid
2270 3869 2563 3938 aliquando
2590 3884 2697 3921 non
2744 3866 2873 3929 fuit,
2924 3881 3102 3935 neque
3135 3872 3252 3930 est,
3298 3879 3474 3932 neque

1894 3970 2036 4025 erit:
2080 3982 2188 4021 non
2234 3966 2379 4019 enim
2412 3965 2537 4018 talis
2583 3962 2819 4029 alicujus
2854 3961 3014 4015 Pater
3065 3973 3188 4013 esse
3235 3958 3478 4011 creditus

1894 4068 2010 4124 est,
2045 4072 2155 4126 quo
2190 4056 2308 4111 sine
2343 4054 2489 4123 pium
2522 4061 2607 4106 est
2640 4052 2691 4103 in
2747 4050 2927 4118 scipso
2979 4049 3275 4118 aliquanto
3310 4047 3485 4111 Deum
3523 4115 3527 4119 _

1894 4165 2017 4205 esse
2045 4148 2247 4204 dicere.
2305 4146 2438 4198 Vita:
2479 4142 2623 4196 cnim
2669 4149 2752 4196 est
2804 4149 2972 4209 pater,
3012 4140 3103 4208 qui
3153 4146 3236 4192 est
3292 4136 3472 4200 Pater,

1894 4239 2251 4307 veritatisque
2278 4242 2330 4290 et
2364 4232 2677 4303 sapientiae,
2712 4238 2765 4284 ct
2794 4231 2931 4283 lucis
2982 4239 3039 4284 et
3084 4228 3474 4283 sanctiﬁcatio-

1893 4331 1980 4385 nis
2022 4340 2079 4384 et
2122 4326 2378 4387 virtutis,
2422 4322 2781 4390 omniumque
2822 4319 3093 4390 ejusmodi
3121 4310 3241 4390 qua:
3276 4318 3475 4389 Unigc-

1893 4421 2042 4477 nitus
2071 4427 2156 4474 est
2186 4425 2242 4473 et
2271 4416 2607 4470 nominatur.
2641 4413 2777 4467 Cum
2811 4412 2978 4483 igitur
3019 4413 3086 4467 ab
3133 4412 3470 4467 adversariis

240 4499 333 4570 τῆς
348 4503 481 4578 ζωῆς
500 4510 589 4562 καὶ
615 4509 715 4579 τῆς
731 4509 989 4580 ἀληθείας
1012 4510 1105 4563 καὶ
1127 4514 1226 4581 τῆς
1246 4511 1543 4584 δυνάμεως,
1569 4516 1660 4570 καὶ
1681 4516 1787 4569 τῶν

1896 4512 2164 4570 astruitur
2185 4510 2368 4564 lucem
2404 4522 2515 4561 non
2549 4505 2844 4576 aliquando
2868 4504 3037 4561 fuisse
3064 4524 3077 4558 :
3107 4505 3289 4557 nescio
3315 4504 3475 4572 cujus

241 4589 408 4648 ἄλλων
435 4598 637 4654 πάντων
662 4600 763 4654 ὅσα
784 4600 875 4654 τὸν
908 4600 1167 4673 πατρικὸν
1188 4600 1388 4672 πληροῖ
1416 4605 1612 4659 κόλπον
1632 4607 1661 4660 ὁ
1684 4609 1789 4661 Mo-

243 4682 463 4754 νυγενὴς,
495 4689 551 4740 ὲν
579 4688 661 4759 τῷ
690 4688 809 4760 ἰδίῳ
858 4689 1184 4760 πληρώματι
1212 4690 1279 4743 τὰ
1315 4692 1489 4746 πάντα
1516 4692 1611 4746 ὧν.
1666 4696 1785 4768 Ἴση

242 4775 342 4843 γὰρ
364 4778 471 4832 καθ’
497 4782 756 4853 ἑκάτερόν
785 4782 927 4835 ἐστιν
951 4784 985 4853 ὴ
1016 4782 1232 4844 ἀτοπία.
1275 4785 1367 4837 καὶ
1394 4785 1490 4854 τῆς
1526 4787 1663 4840 κατά
1691 4787 1787 4841 τοῦ

246 4858 365 4917 Ποῦ
407 4868 747 4942 βλασφημίας
792 4872 1117 4943 ἀντίρῤοπος
1169 4876 1201 4944 ἡ
1246 4874 1389 4927 κατά
1434 4876 1527 4929 τοῦ
1577 4878 1789 4950 Πατρός

242 4952 379 5008 ἐστιν
417 4962 650 5016 ἀσέϐεια.
733 4961 820 5014 Ἐν
863 4962 971 5031 γὰρ
1007 4961 1084 5032 τῷ
1131 4965 1303 5016 εἰπεῖν
1340 4982 1471 5017 ποτε
1526 4966 1600 5038 μὴ
1653 4965 1788 5022 εἶναι

238 5045 319 5099 τὸν
359 5050 565 5123 Κύριον,
596 5054 697 5123 οὐχ
729 5053 914 5118 ἁπλῶς
941 5053 1132 5118 δώσεις
1160 5054 1251 5108 τοῦ
1290 5055 1364 5126 μὴ
1400 5054 1537 5109 εἶναι
1564 5058 1661 5129 τὴν
1702 5059 1791 5113 δύο

234 5152 406 5210 νιμιν,
446 5146 579 5200 ἀλλά
613 5146 709 5199 τοῦ
736 5147 872 5200 Θεοῦ
918 5146 993 5218 μὴ
1037 5142 1173 5201 εἶναι
1199 5147 1372 5214 λέξεις
1398 5146 1497 5219 τὴν
1540 5150 1787 5222 δύναμιν,

229 5229 319 5282 τοῦ
351 5234 546 5307 [ἰατρὸς
581 5238 683 5308 τῆς
715 5235 1016 5305 δυνάμεως.
1076 5236 1280 5289 Οὐκοῦν
1310 5239 1343 5308 ἡ
1394 5236 1487 5290 τοῦ
1539 5239 1613 5309 μὴ
1652 5235 1791 5293 εἴναί

230 5338 355 5376 ποτε
384 5328 470 5379 τὶν
506 5329 635 5381 Υἰὸν
673 5327 762 5381 διὰ
811 5326 904 5381 τοῦ
937 5325 1031 5379 σοῦ
1060 5326 1216 5395 λόγου
1250 5330 1560 5401 κατασκευὴ
1637 5331 1787 5384 οὐδὲν

228 5411 352 5467 ἄλλο
376 5417 404 5485 ἦ
434 5418 634 5481 παντὸς
668 5416 876 5487 ἀγαθοῦ
903 5416 1137 5489 ἐρημίαν
1173 5419 1303 5489 περὶ
1330 5418 1420 5473 τὸν
1452 5421 1667 5492 Πατέρα
1690 5440 1789 5476 κα-

228 5510 559 5574 τασκευάζει.
594 5510 738 5580 Ὅρα
768 5508 852 5572 τίς
882 5508 1018 5579 πρὸς
1049 5509 1077 5561 ὃ
1098 5526 1147 5563 τι
1178 5511 1540 5581 καταστρέφει
1560 5514 1667 5565 τῶν
1698 5530 1787 5568 σο-

226 5593 338 5660 φῶν
363 5602 394 5670 ἡ
416 5601 681 5673 ἀγχίνοια.
719 5601 841 5664 Πῶς
871 5600 1125 5672 ἀληθεύει
1159 5603 1251 5657 καὶ
1272 5602 1360 5656 διὰ
1398 5603 1598 5659 τούτων
1630 5608 1662 5677 ἡ
1694 5605 1787 5660 τοῦ

226 5683 423 5761 Κυρίου
455 5692 629 5763 φωνὴ,
663 5692 698 5763 ἦ
733 5708 917 5763 φησιν,
957 5693 1039 5746 ὅτι
1091 5691 1146 5745 '0
1177 5691 1404 5748 ἀθετῶν
1442 5695 1565 5764 ἐμὲ,
1596 5697 1795 5751 ἀθετεῖ

224 5778 329 5832 τὸν
358 5782 793 5839 ἀποστείλαντά
817 5800 913 5855 με·
946 5782 1011 5838 δι’
1041 5777 1115 5839 ὧν
1150 5784 1257 5858 γὰρ
1282 5784 1340 5839 τὸ
1366 5783 1502 5840 εἷναί
1535 5803 1659 5840 ποτε
1694 5788 1785 5842 τοῦ

1891 4603 2066 4674 major
2094 4610 2179 4657 est
2205 4599 2443 4662 mulcta,
2479 4607 2662 4652 utrum
2714 4596 2886 4667 ipsius
2932 4596 3070 4652 lucis
3126 4597 3345 4666 quando
3385 4597 3475 4654 lux

1891 4709 2001 4751 non
2032 4700 2183 4757 erat,
2221 4706 2289 4745 an
2314 4688 2587 4748 habentis.
2609 4702 2733 4742 cum
2781 4687 2957 4741 lucem
3001 4702 3112 4740 non
3156 4686 3336 4741 habet.
3384 4685 3476 4739 δὶα

1891 4791 1946 4840 et
1978 4784 2045 4839 de
2081 4784 2192 4836 vita
2224 4790 2276 4836 et
2308 4778 2376 4834 de
2424 4779 2661 4841 virtute,
2714 4777 2944 4848 aliisque
2986 4778 3241 4833 omnibus
3274 4779 3475 4849 quibus

1892 4888 2177 4947 paternmn
2225 4872 2406 4928 sinum
2448 4868 2773 4941 Unigenitus
2812 4870 3033 4940 implet,
3089 4870 3182 4940 qui
3211 4870 3290 4924 .in
3348 4885 3475 4936 pro-

1894 4968 2012 5040 pria
2048 4964 2386 5037 plenitudine
2416 4972 2502 5018 est
2528 4962 2711 5016 omnia
2743 4980 2759 5028 ;
2793 4962 3021 5031 aequalis
3048 4963 3194 5019 enim
3230 4961 3283 5015 in
3319 4969 3473 5014 ntro-

1893 5075 2000 5132 quc
2028 5067 2112 5114 cst
2158 5056 2506 5118 absurditas,
2557 5062 2722 5125 atque
2777 5056 2831 5110 in
2872 5054 3072 5110 Filium
3121 5054 3475 5122 blasphemia!

1892 5151 2197 5222 tequilibris
2227 5156 2313 5204 est
2352 5147 2619 5202 adversus
2658 5145 2877 5201 Patrem
2922 5148 3196 5217 impietas.
3230 5144 3475 5200 Dicendo

1891 5243 2035 5299 enim
2062 5239 2357 5310 aliquando
2380 5253 2488 5293 non
2516 5253 2639 5293 esse
2661 5235 2950 5292 Dominum
2970 5281 2984 5302 ,
3013 5254 3119 5293 non
3154 5238 3476 5309 simpliciter

1892 5334 2048 5389 dabis
2080 5347 2186 5387 non
2214 5346 2337 5386 esse
2362 5329 2659 5400 potentiam
2682 5368 2697 5393 ,
2736 5329 2830 5384 sed
2865 5328 2957 5383 Dei
2992 5346 3099 5383 non
3130 5345 3252 5385 esse
3282 5341 3474 5400 potcno

1896 5426 2025 5481 tiam
2058 5425 2241 5483 dices.
2292 5420 2475 5477 Patris
2506 5421 2780 5491 potentiae.
2821 5422 2988 5491 Igitur
3020 5437 3116 5492 per
3155 5432 3301 5477 tuam
3350 5438 3474 5476 ora-

1893 5517 2099 5571 tionem
2129 5513 2398 5579 asscrtio,
2431 5511 2577 5582 quod
2605 5512 2903 5581 aliquando
2939 5527 3045 5567 non
3083 5513 3246 5568 fuerit
3276 5512 3473 5578 Filius,

1894 5609 2029 5663 nihil
2059 5605 2206 5661 aliud
2240 5621 2402 5676 quam
2432 5604 2607 5659 omnis
2636 5602 2762 5657 boni
2796 5603 3144 5660 solitudinem
3169 5647 3183 5669 ,
3214 5603 3337 5664 sive
3369 5607 3469 5662 de-

1896 5699 2188 5755 sertioncm
2243 5698 2295 5752 in
2343 5694 2504 5749 Patre
2552 5696 2840 5752 construit.
2879 5693 3012 5754 Vide
3045 5713 3205 5768 quem
3260 5690 3465 5754 exitum

1895 5791 2056 5848 habet
2084 5790 2407 5864 sapientium
2441 5789 2690 5857 solertia,
2720 5790 2993 5862 quomodo
3016 5805 3211 5848 verum
3238 5789 3374 5845 dicit
3400 5789 3469 5844 de
