3992 6210
454 5760 483 5781 /

568 335 672 394 595

1779 332 1839 391 S.
1893 332 2222 389 GREGOBII
2256 331 2550 387 NYSSENI

3699 322 3804 381 ωδ

569 454 655 511 his
686 468 789 510 vox
821 452 1037 508 Domini
1069 467 1189 521 quae
1221 450 1330 517 ait,
1365 450 1469 517 Qui
1505 467 1585 504 me
1619 451 1852 519 spernit,
1889 467 2008 504 eum
2048 455 2140 519 qui

2252 448 2573 517 νιονογενοῦς
2627 448 2908 513 ἁθετοῦσι,
2958 448 3047 502 διὰ
3089 448 3294 505 τούτων
3357 443 3678 519 ἀτιμάζουσι
3714 446 3803 500 τὴν

571 562 651 599 me
696 544 841 598 misit
890 543 1089 611 spernit
1120 542 1341 610 "‘zpcr
1363 556 1485 610 qua:
1521 542 1666 596 enim
1719 540 1991 611 Unigrniti
2021 557 2145 618 esse

570 633 865 703 aliquando
894 640 1282 702 aspernantur,
1311 631 1526 687 Patrem
1559 634 1736 702 ipsum
1764 632 2098 688 dedecorant
2126 652 2138 687 :

568 736 729 775 omne
753 721 954 776 bonum
976 735 1170 774 nomen
1191 728 1244 774 et
1270 720 1544 775 notionem
1570 730 1810 790 paternae
1826 722 2011 790 gloria:
2039 720 2141 778 hoc

570 826 824 869 sermone
856 812 1255 882 deprazdantes.

640 903 717 958 Ex
751 904 838 958 bis
867 904 1033 976 igitur
1065 919 1186 974 qua:
1215 903 1360 958 dicta
1397 914 1559 967 sunt,
1592 902 1875 959 evidenter
1909 903 2144 974 scripto-

571 996 646 1051 ris
710 993 979 1050 imbecilla
1031 1004 1085 1050 et
1133 994 1386 1064 languida
1445 993 1758 1062 malignitas
1806 992 2143 1062 deprehensa

571 1096 693 1144 est:
725 1089 817 1158 qui
854 1089 982 1143 dum
1019 1096 1266 1144 astruere
1298 1098 1530 1142 conatur
1560 1088 1817 1143 essentia:
1856 1087 2135 1158 Unigeniti

572 1179 943 1235 diversitatem
978 1196 1007 1233 a
1043 1191 1265 1250 paterna
1293 1178 1531 1234 essentia
1553 1217 1569 1240 ,
1600 1196 1666 1233 ex
1712 1194 1778 1235 eo
1821 1180 1975 1248 quod
2003 1181 2144 1233 hanc

570 1272 789 1340 quidem
838 1271 1170 1340 ingenitam,
1221 1271 1369 1324 illam
1412 1274 1543 1326 vero
1586 1272 1824 1340 genitam
1869 1271 2145 1337 nominet,

573 1360 675 1415 sibi
707 1362 1086 1417 contradicere
1113 1361 1484 1432 redarguitur,
1530 1360 1704 1416 futilis
1733 1373 1785 1416 et
1821 1377 1998 1417 vanus
2028 1362 2143 1416 bla-

573 1459 724 1518 tero,
759 1454 849 1522 qui
884 1454 1048 1524 tingat
1079 1454 1223 1523 quod
1255 1469 1377 1508 esse
1406 1454 1557 1508 nullo
1588 1453 1751 1508 modo
1782 1455 1977 1524 possit.
2005 1452 2137 1506 Nam

570 1558 636 1596 ex
663 1544 784 1613 ejus
813 1547 992 1600 verbis
1019 1547 1449 1601 demonstratum
1490 1555 1603 1612 est,
1648 1547 1884 1616 primum
1920 1546 2139 1615 quidem

571 1634 715 1688 aliud
748 1651 873 1691 esse
918 1636 1208 1700 essentiaz,
1251 1636 1399 1691 aliud
1444 1652 1576 1691 vero
1623 1638 1994 1706 generationis
2040 1653 2141 1692 no-

572 1742 714 1781 men.
748 1716 950 1783 Deinde
977 1729 1120 1799 quod
1164 1743 1272 1783 non
1305 1729 1484 1797 aliqua
1518 1743 1656 1782 nova
1688 1729 1924 1783 essentia
1954 1736 2009 1782 et
2048 1744 2139 1785 se-

2246 540 2386 593 Πατέ
2396 558 2462 611 ρα
2488 555 2501 571 ⁶
2529 542 2638 595 πᾶν
2661 540 2863 608 ἀγαθὸν
2890 540 3059 611 ὄνομα
3078 558 3135 595 τε
3155 541 3248 595 καὶ
3268 541 3466 611 νόημα,
3487 537 3588 610 τῆς
3612 553 3796 613 πατρι·

2245 633 2347 703 κῆς
2376 631 2533 703 δόξης
2555 630 2631 701 τῷ
2651 632 2711 684 λό
2725 648 2794 703 τῳ
2820 632 3299 703 περισνλήσαντες.

2316 889 2524 942 Οὐκοῦν
2544 890 2787 960 ἐναργῶς
2814 892 3129 965 πεφώραται
3152 891 3239 945 διὰ
3266 891 3374 946 τῶν
3394 891 3699 963 εἰρημένων
3718 892 3805 945 τοῦ

2245 978 2579 1051 λογογράφου
2607 984 2640 1051 ἠ
2667 982 2849 1036 ἀτονία
2872 985 2970 1053 τῆς
2995 984 3346 1055 κακουργίας,
3382 984 3441 1048 ὃς
3477 986 3809 1039 κατασκευά-

2247 1067 2360 1133 ζειν
2393 1070 2681 1144 ἐπιχειρῶν
2710 1072 2806 1144 τὴν
2842 1074 2940 1145 τῆς
2965 1074 3150 1137 οὐσίας
3176 1074 3270 1127 τοῦ
3310 1074 3645 1143 Μονογενοῦς
3679 1075 3809 1146 πρὸς

2243 1158 2342 1230 τὴν
2365 1160 2458 1213 τοῦ
2475 1162 2685 1232 Πατρδς
2706 1164 3037 1219 ἐναντίωσιν·
3067 1166 3153 1220 δὲ
3171 1165 3263 1219 τοῦ
3285 1165 3381 1238 τὴν
3402 1166 3500 1237 μὲν
3520 1166 3807 1237 ἀγέννητον

2243 1249 2341 1320 τὴν
2369 1250 2424 1304 δὲ
2450 1253 2710 1324 γεννητὴν
2737 1255 3038 1326 ὀνομάζειν,
3087 1255 3404 1327 ἀπηλέγχθη
3435 1259 3545 1320 τοῖς
3576 1257 3789 1311 ἀσυστὰ

2242 1358 2355 1405 τοις
2385 1344 2793 1414 ἐμματαιάζων.
2841 1347 3079 1418 Ἐδείχθη
3112 1348 3221 1420 γὰρ
3240 1348 3327 1402 διὰ
3362 1348 3468 1403 τιῖιν
3494 1351 3625 1417 παρ’
3646 1348 3811 1404 αὖτοῦ

2243 1429 2449 1498 λόγων,
2492 1434 2706 1505 πρῶτον
2736 1436 2834 1506 μὲν
2874 1438 3055 1509 ἕτερον
3076 1433 3211 1492 εἶναι
3254 1440 3313 1494 τὸ
3351 1440 3448 1509 τῆς
3476 1439 3690 1502 οὐσίας.
3725 1440 3815 1494 καὶ

2241 1521 2366 1574 ἄλλο
2391 1523 2491 1593 τῆς
2516 1527 2819 1599 γεννήσεως
2857 1528 3026 1599 ὄνομα
3052 1544 3064 1557 ·
3111 1529 3300 1583 ἔπειτα
3331 1530 3386 1583 δὲ
3419 1531 3499 1585 ὅτι
3530 1531 3631 1584 οὐκ
3660 1531 3816 1583 οὖσῖα

2239 1628 2324 1676 τις
2353 1614 2511 1686 καινὴ
2553 1618 2646 1669 καὶ
2694 1617 3119 1690 παρηλλαγμένη
3166 1621 3315 1691 παρὰ
3356 1620 3453 1693 τὴν
3481 1622 3574 1674 τοῦ
3602 1621 3817 1691 Πατρὶς

2242 1704 2429 1759 οὐσίαν
2460 1705 2538 1777 τῷ
2562 1707 2672 1778 Υίῷ
2694 1709 2921 1782 ὑπέστη.
2982 1711 3121 1764 Ἀλλ’
3144 1712 3280 1781 ὅπερ
3313 1713 3460 1766 ἐστὶν
3493 1715 3520 1767 6
3548 1713 3744 1785 Πατὴρ
3765 1713 3818 1764 ὲν

573 1827 758 1885 parata
789 1820 857 1874 ab
886 1837 949 1875 ea
975 1793 1097 1891 qum
1134 1821 1313 1875 Patris
1339 1793 1455 1887 est,
1485 1820 1624 1875 Filio
1664 1821 1825 1875 inest.
1856 1821 1963 1877 Sed
1995 1822 2140 1892 quod

2252 1793 2323 1864 τῷ
2352 1795 2494 1867 λόγῳ
2535 1797 2633 1867 τῆς
2668 1800 2899 1866 φύσεως,
2943 1800 3101 1855 τοῦτο
3133 1803 3225 1857 καὶ
3253 1804 3281 1855 6
3323 1801 3381 1866 ἐξ
3411 1803 3618 1856 ἐκείνου
3643 1803 3815 1862 ἐστὶν.

571 1907 732 1981 Pater
762 1919 846 1966 est
877 1912 930 1966 in
963 1913 1173 1967 ratione
1204 1921 1442 1979 natura},
1478 1912 1581 1967 boc
1614 1916 1777 1968 etiam
1813 1923 1898 1968 est
1924 1915 2015 1968 ille
2047 1914 2142 1985 qui

572 2017 636 2053 ex
664 2001 754 2054 illo
789 2003 1035 2067 exsistit,
1060 2018 1185 2057 cum
1211 2012 1402 2057 natura
1430 2002 1483 2057 in
1508 2002 1875 2057 diversitatem
1897 2019 2007 2058 non
2031 2019 2147 2058 mu-

537 2152 541 2156 ,
572 2100 715 2147 ietur
738 2092 792 2145 in
821 2092 939 2146 Filii
966 2109 1220 2163 persona.
1244 2093 1547 2149 secundum
1574 2103 1699 2149 ante
1718 2093 2142 2148 demonstratam

574 2181 734 2236 nobis
782 2183 1050 2237 sermonis
1097 2184 1402 2237 veritatem.
1454 2182 1511 2237 In
1557 2183 1741 2237 Abelis
1787 2184 2145 2239 subsistentia

576 2277 783 2324 natura:
811 2269 1170 2324 differentiam
1207 2286 1316 2324 non
1351 2270 1479 2324 fecit
1514 2290 1526 2325 :
1564 2272 1643 2325 sic
1683 2271 1845 2327 etiam
1878 2271 1931 2325 in
1968 2274 2144 2325 incor-

577 2358 928 2428 ruptibilibus
978 2360 1215 2414 decretis
1260 2360 1394 2413 nihil
1433 2360 1487 2415 in
1532 2361 1715 2430 seipso
1749 2377 1843 2431 per
1873 2361 2145 2431 propriam

572 2448 977 2518 generationem
1006 2445 1332 2519 Unigenitus
1355 2449 1499 2504 Deus
1524 2451 1817 2505 essentiam
1845 2466 1949 2505 non
1981 2451 2146 2518 geniti

576 2535 915 2599 immutavit,
941 2553 1004 2592 ex
1035 2535 1196 2601 Patre
1218 2540 1310 2608 qui
1340 2539 1538 2600 exivit.
1565 2547 1618 2595 et
1647 2540 1739 2609 qui
1766 2547 1850 2593 est
1878 2542 1933 2594 in
1967 2539 2145 2604 Patre,

573 2629 716 2683 sicut
752 2629 1103 2699 Evangelium
1143 2632 1300 2688 dicit.
1339 2630 1446 2687 Sed
1476 2642 1560 2706 est
1602 2634 1902 2689 secundum
1939 2632 2149 2702 simpli-

573 2735 690 2775 cem
719 2728 773 2775 et
805 2721 1085 2791 proprium
1115 2721 1237 2776 ﬁdei
1269 2730 1469 2777 nostrae
1494 2737 1798 2777 sermonem
1820 2762 1834 2785 ,
1868 2721 2048 2775 lumen
2082 2721 2150 2775 de

576 2811 817 2876 lumine,
859 2811 1003 2868 Deus
1032 2828 1194 2867 verus
1225 2813 1293 2867 de
1339 2811 1449 2867 Deo
1492 2828 1654 2878 vero,
1697 2813 1881 2867 munia
1935 2811 2023 2865 hic
2064 2818 2149 2866 est

575 2918 919 2973 quaecunque
949 2912 1033 2957 est
1060 2903 1151 2957 ille
1170 2943 1186 2967 ,
1214 2919 1280 2957 eo
1307 2913 1534 2973 excepto
1560 2904 1705 2974 quod
1736 2904 1826 2959 ille
1852 2912 1935 2958 est
1962 2902 2147 2974 Pater.

577 2996 814 3066 Scopum
844 3002 1024 3051 autem
1060 2995 1219 3065 cujus
1247 3010 1415 3051 causa
1447 2994 1560 3049 hac
1585 2994 1876 3048 artiﬁciose
1905 3001 2148 3049 tractans

576 3086 941 3157 persequitur,
963 3102 1072 3141 non
1104 3086 1341 3141 arbitror
1371 3093 1624 3156 Oportere
1653 3084 2144 3154 impraesentiarum

576 3177 778 3231 dicere.
808 3175 933 3233 Sive
962 3178 1138 3233 audax
1162 3188 1216 3234 et
1241 3177 1606 3248 periculosum
1626 3217 1642 3241 ,
1672 3177 1789 3231 sive
1821 3190 2147 3231 concessum

576 3277 660 3325 est
687 3276 740 3323 et
772 3270 1015 3340 periculo
1045 3281 1232 3335 vacat,
1268 3271 1503 3342 ﬁgurare
1535 3286 1601 3326 ex
1631 3270 1809 3339 aliquo
1842 3269 1908 3323 ad
1941 3268 2148 3339 aliquid

581 3361 633 3413 in
661 3359 844 3414 divina
869 3371 1060 3415 natura
1086 3361 1474 3431 signiﬁcativas
1496 3360 1763 3415 dictiones
1784 3400 1799 3424 ,
1823 3367 1876 3415 et
1908 3359 2151 3432 γέννημα

578 3451 958 3521 (progeniem)
988 3451 1177 3507 dicere
1198 3468 1322 3506 eum
1356 3451 1451 3521 qui
1480 3451 1694 3522 genitus
1723 3458 1828 3507 est.

650 3539 775 3595 Hazc
822 3551 1119 3611 prtetereo,
1168 3557 1237 3597 ne
1281 3543 1409 3597 dum
1460 3558 1626 3613 super
1678 3541 1885 3595 minora
1934 3551 2152 3598 certans

580 3638 779 3700 praeter
814 3631 1070 3687 decorum
1105 3647 1286 3688 sermo
1319 3640 1508 3688 noster
1536 3642 1858 3703 occupatur,
1889 3633 2035 3703 quod
2068 3643 2153 3690 est

550 3742 555 3747 ν
580 3723 758 3792 majus
783 3724 1039 3794 negligat.
1065 3725 1170 3778 Sed
1201 3723 1334 3778 illud
1362 3724 1486 3778 dico
1508 3732 1762 3779 accurate
1787 3733 1840 3785 et
1863 3724 2154 3795 diligenter

579 3815 1020 3884 cognoscendum
1050 3829 1174 3871 esse
1199 3824 1252 3870 et
1280 3814 1681 3872 discutiendum
1704 3855 1719 3880 ,
1748 3826 1929 3871 utrum
1957 3831 2154 3871 secun-

581 3905 709 3960 dum
737 3914 986 3959 naturam
1014 3906 1206 3961 relatio
1229 3906 1422 3962 borum
1452 3906 1627 3961 induit
1653 3907 1932 3961 nominum
1957 3921 2149 3961 usum:

576 4000 680 4054 hoc
713 3997 858 4051 enim
888 3997 978 4051 ille
1013 4013 1243 4068 prorsus
1268 4000 1342 4052 ait
1363 4041 1378 4060 .
1410 4000 1553 4069 quod
1579 4014 1701 4053 cum
1731 4000 2152 4069 appellationum

582 4090 912 4159 proprietate
932 4092 1137 4159 pariter
1160 4091 1211 4144 id
1244 4091 1388 4161 quod
1415 4099 1500 4145 est
1531 4091 1831 4145 secundum
1857 4089 2151 4145 essentiam

584 4179 881 4234 inducitur.
906 4178 1023 4233 Non
1053 4181 1199 4235 enim
1233 4180 1285 4233 in
1314 4180 1509 4249 seipsis
1543 4179 1687 4234 nuda
1717 4180 1936 4233 nomina
1957 4178 2024 4232 ab
2050 4193 2157 4231 etn-

583 4272 739 4341 phasi
768 4272 1199 4343 signiﬁcatorum
1232 4272 1539 4342 disiuncta,
1571 4271 1890 4327 relationem
1924 4270 2064 4325 inter
2096 4284 2156 4325 se

586 4361 1050 4431 babere,aliquam
1080 4369 1135 4415 et
1164 4361 1593 4416 fatniliaritatem
1623 4362 1746 4433 quis
1779 4361 1980 4416 dixerit
2012 4379 2024 4414 :
2059 4360 2155 4416 sed

2242 1888 2303 1940 οὐ
2334 1889 2761 1963 μεταϐληθείσης
2789 1894 2868 1958 είς
2895 1895 3185 1965 ἑτερότητα
3214 1897 3272 1949 ὲν
3296 1898 3359 1966 τῇ
3383 1895 3477 1949 τοῦ
3512 1894 3648 1949 Υίοῦ
3690 1895 3820 1948 ὑπο-

2246 1984 2430 2037 στάσει
2460 1985 2557 2055 τῆς
2583 1985 2814 2054 φύσεως,
2842 1987 2983 2042 κατὰ
3003 1990 3100 2060 τὴν
3128 1989 3531 2060 προδειχθεῐσαν
3562 1991 3704 2061 ἡμῖν
3734 1987 3821 2042 τοῦ

2243 2074 2401 2144 λόγου
2430 2077 2704 2148 ἀλήθειαν.
2761 2081 2881 2133 Ἐπὶ
2912 2081 3010 2151 τῆς
3039 2081 3133 2134 τοῦ
3181 2080 3335 2134 ’Δὸὲλ
3371 2081 3559 2144 οὐσίας
3593 2080 3703 2150 τὴν
3731 2080 3821 2149 τῆς

2247 2168 2460 2237 φύσεως
2480 2171 2828 2242 παραλλαγὴν
2853 2173 2950 2226 οὐκ
2975 2173 3227 2247 ἐποίησεν
3251 2189 3262 2202 ·
3291 2173 3463 2236 οὕτως
3484 2174 3579 2226 καὶ
3601 2173 3704 2225 ἐπὶ
3725 2170 3824 2225 τῶν

2245 2260 2536 2331 ἀκηράτων
2560 2262 2863 2332 δογμάτων,
2894 2265 3042 2320 οὐδὲν
3086 2268 3144 2319 ὲν
3186 2265 3362 2335 ἑαυτῷ
3401 2264 3486 2319 διὰ
3535 2265 3636 2334 τῆς
3692 2264 3824 2326 ἰδίας

2246 2351 2568 2422 γεννήσεως,
2600 2353 2695 2423 τὴν
2713 2353 2806 2406 τοῦ
2837 2355 2910 2425 μὴ
2938 2356 3286 2426 γεννηθέντος
3315 2354 3499 2409 οὐσίαν
3525 2354 3825 2425 ὴλλοίωσεν

2247 2442 2275 2493 6
2313 2442 2622 2513 Μονογενὴς
2653 2443 2802 2507 Θεὸς,
2845 2446 2907 2497 ἐκ
2932 2445 3022 2498 τοῦ
3052 2446 3263 2518 Harpe;
3289 2444 3517 2512 ἐξελθὼν
3538 2445 3635 2498 καὶ
3660 2446 3725 2497 ὲν
3753 2443 3827 2514 τῷ

2248 2532 2422 2602 Πατρὶ
2445 2531 2538 2590 ὢν.
2566 2532 2745 2597 καθὼς
2764 2535 2823 2588 τδ
2844 2536 3166 2605 Εὑαγγέλιον
3190 2536 3356 2604 λέγει.
3388 2535 3523 2590 Ἀλλ’
3544 2535 3665 2589 ἔστι
3687 2535 3827 2590 κατὰ

2245 2623 2337 2677 τὸν
2367 2625 2570 2678 ἁπλοῦν
2594 2643 2652 2678 τε
2698 2626 2792 2679 καὶ
2829 2626 3090 2681 ἰδιωτικὸν
3111 2628 3211 2696 τῆς
3240 2627 3364 2681 καθ’
3407 2628 3552 2699 ἡμᾶς
3587 2626 3829 2688 πίστεως

2246 2715 2421 2783 λόγον.
2448 2716 2563 2785 φῶς
2594 2717 2657 2769 ἐκ
2693 2717 2888 2784 φωτὸς,
2918 2717 3049 2778 Θεὸς
3075 2717 3324 2785 ἀληθινὸς
3368 2718 3431 2770 ὲκ
3460 2714 3595 2769 Θεοῦ
3629 2715 3829 2787 ἀληθι-

2247 2803 2363 2867 νοῦ,
2384 2804 2561 2858 πάντα
2586 2805 2663 2859 ὣν
2690 2798 2845 2870 οὗτος
2871 2807 2970 2860 ὅσα
2992 2806 3137 2859 ἐστὶν
3152 2808 3374 2871 ἐκεῖνος,
3408 2805 3541 2877 πλὴν
3568 2804 3667 2859 τοῦ
3690 2806 3833 2860 ἐκεῖ-

2247 2912 2337 2958 νος
2365 2891 2504 2948 εἶναι
2530 2890 2736 2965 Πατήρ.
2758 2893 2860 2948 Τὸν
2876 2893 2932 2948 δὲ
2952 2896 3152 2951 σκοπὸν
3182 2890 3242 2950 οὗ
3267 2898 3423 2968 χάριν
3442 2897 3614 2951 ταῦτα
3641 2913 3833 2968 τεχνο-

2248 2985 2423 3054 λογῶν
2456 2985 2811 3056 διεξέρχεται,
2858 2987 3008 3040 οὐδὲν
3038 2984 3191 3059 οἶμαι
3233 2988 3342 3042 δεῖν
3384 2991 3441 3044 ἐν
3488 2986 3566 3058 τῷ
3594 2988 3835 3059 παρόντι

2249 3075 2446 3144 λέγειν.
2499 3074 2624 3127 Εἴτε
2651 3075 2921 3146 τολμηρόν
2948 3094 3006 3130 τε
3038 3077 3132 3130 καὶ
3165 3077 3499 3141 κινδυνῶδες,
3534 3077 3646 3130 εἴτε
3698 3095 3832 3146 συγ-

2251 3164 2633 3236 κεχωρημένον
2670 3165 2786 3217 ἐστὶ
2840 3166 2935 3219 καὶ
2979 3166 3256 3219 ἀκίνδυνον
3296 3167 3355 3219 τὸ
3400 3168 3835 3237 παρασχηματί-

2251 3255 2363 3319 ζειν
2409 3255 2470 3308 ἔκ
2502 3273 2644 3318 τινος
2678 3256 2756 3319 είς
2804 3274 2854 3310 τι
2890 3257 2986 3321 τὰς
3032 3257 3366 3328 σημαντικὰς
3407 3258 3500 3311 ἐπὶ
3537 3258 3638 3327 τῆς
3678 3257 3832 3321 Θείας

2251 3344 2464 3414 φύσεως
2488 3344 2679 3411 λέξεις,
2710 3345 2801 3398 καὶ
2832 3345 3079 3417 γέννημα
3101 3345 3279 3415 λέγειν
3301 3346 3391 3400 τὸν
3418 3333 3776 3419 γεννηθέντα.

2336 3524 2585 3596 Παρίημι
2622 3522 2813 3588 ταῦτα,
2858 3523 2934 3588 ὡς
3005 3523 3070 3576 ἂν
3086 3520 3159 3593 μὴ
3185 3524 3252 3593 τῇ
3280 3522 3415 3592 πρὸς
3433 3521 3502 3575 τὰ
3521 3521 3832 3592 μικρότερα

2256 3616 2402 3687 μάχῃ
2448 3616 2589 3686 πέρα
2611 3614 2703 3668 τοῦ
2732 3614 2941 3678 δέοντος
2966 3617 2993 3668 6
3019 3614 3176 3683 λόγος
3194 3616 3325 3685 ἡμῖν
3346 3612 3638 3683 ἐνασχολού
3646 3630 3832 3683 μενος,

2253 3706 2478 3777 ἀμελοίη
2524 3705 2618 3759 τοῦ
2651 3705 2910 3776 μείζονος.
2979 3705 3118 3759 Ἀλλ’
3149 3704 3324 3757 ἐκεῖνό
3358 3721 3499 3775 φημι
3521 3703 3634 3756 δεῖν
3666 3705 3831 3775 ἀκρι-

2255 3798 2363 3862 ϐῶς
2393 3797 2754 3867 κατανοῆσαι,
2789 3798 2895 3868 είὴ
2926 3795 3067 3849 κατὰ
3098 3795 3258 3865 φύσιν
3292 3794 3472 3865 σχέσις
3506 3796 3837 3865 παρεισάγει

2253 3891 2359 3944 τῶν
2397 3890 2673 3960 ὀνομάτων
2716 3887 2917 3941 τούτων
2955 3887 3053 3957 τὴν
3078 3887 3274 3958 χρῆσιν
3294 3904 3308 3917 ο
3357 3885 3516 3938 τοῦτο
3545 3885 3657 3953 γὰρ
3690 3888 3833 3939 Exsi-

2254 3982 2341 4044 νός
2364 3997 2496 4050 φησι
2521 3980 2755 4041 πάντως,
2780 3979 2861 4031 ὅτι
2891 3978 2954 4048 τῇ
2978 3977 3083 4030 τῶν
3108 3975 3488 4048 προσηγοριῶν
3536 3976 3841 4049 οἰκειότητι

2256 4074 2350 4127 καὶ
2382 4073 2443 4126 τὸ
2476 4074 2593 4126 κατ’
2623 4071 2809 4124 οὐσίαν
2833 4071 3030 4124 οἰκεῖον
3060 4068 3589 4141 συμπαρεισάγεται.
3619 4068 3701 4120 Οὐ
3729 4066 3838 4139 γὰρ

2257 4167 2323 4220 ἂν
2352 4164 2435 4233 ἐφ’
2471 4163 2678 4217 ἑαυτῶν
2716 4161 2846 4230 ψιλὰ
2877 4160 2945 4213 τὰ
2978 4161 3215 4230 ὀνόματα
3247 4160 3340 4228 τῆς
3364 4158 3471 4211 τῶν
3497 4160 3841 4231 σημαινομέ-

2255 4273 2362 4309 νων
2392 4254 2681 4325 ὲμφάσεως
2717 4249 3097 4322 διεζευγμένα,
3144 4249 3324 4321 σχέσιν
3370 4248 3512 4319 ἔχειν
3542 4248 3669 4301 τινὰ
3701 4249 3841 4320 πρὸς

2257 4324 2457 4416 ἄλληλα
2489 4346 2582 4398 καὶ
2614 4338 2917 4413 οἰκειότητα
2955 4324 3213 4411 φήσειενλ
3256 4339 3367 4392 ἀλλ’
3415 4342 3473 4393 ὲν
3499 4342 3618 4403 ταῖς
3656 4358 3842 4411 σημα-

585 4450 639 4503 in
678 4450 746 4508 iis
779 4451 942 4525 rebus
976 4467 1098 4520 qua:
1123 4467 1218 4517 per
1249 4452 1522 4508 dictiones
1565 4431 1966 4521 signiﬁcantur,
2010 4452 2148 4522 quod

2266 4439 2407 4501 σίαις
2429 4438 2549 4497 ταῖς
2575 4435 2678 4488 ὑπὸ
2706 4434 2813 4487 τῶν
2843 4434 3037 4500 λέξεων
3064 4431 3440 4503 δηλουμέναις,
3471 4432 3749 4484 τὺοίκεῖόν
3783 4450 3840 4499 ηε

583 4551 666 4598 est
692 4540 959 4598 familiare
985 4554 1037 4599 et
1064 4544 1300 4597 alienum
1326 4545 1380 4597 in
1407 4544 1860 4615 appellationibus
1885 4545 2158 4601 discerni-

586 4652 727 4691 mus.
767 4635 910 4705 Ergo
945 4635 994 4690 si
1026 4635 1224 4690 Filiqu
1264 4636 1464 4692 habere
1497 4639 1801 4691 naturalem
1837 4638 2153 4693 relationem

585 4742 708 4781 eum
739 4724 899 4779 Patre
930 4726 1242 4790 conﬁtetur,
1278 4725 1486 4781 relictis
1520 4727 2010 4797 appellationibus,
2043 4727 2152 4781 vim

585 4833 706 4887 qua:
740 4825 827 4872 est
862 4816 916 4870 in
963 4817 1288 4886 signiﬁcatis
1317 4818 1728 4885 dignoscamus.
1767 4817 1958 4873 Utrum
2005 4819 2152 4890 quod

584 4909 818 4963 alienum
855 4915 940 4962 cst
982 4908 1053 4963 ab
1095 4910 1330 4965 essentia
1372 4910 1425 4965 in
1477 4910 1885 4981 propinquitate
1927 4918 1981 4965 et
2030 4926 2158 4980 pto-

587 4997 814 5068 prietate
858 4998 1141 5053 nominum
1183 5001 1554 5070 cognoscitur,
1586 5017 1657 5055 an
1688 5001 1833 5071 quod
1866 5010 2158 5071 cognatum

586 5097 671 5146 est
701 5097 754 5144 et
788 5090 1090 5160 proprium.
1126 5089 1232 5146 Sed
1260 5090 1500 5147 alienum
1533 5091 1717 5147 dicere
1751 5091 2053 5146 manifesta!
2080 5100 2165 5149 est

589 5180 837 5235 insaniae.
881 5180 1164 5246 Quomodo
1206 5183 1350 5237 enim
1382 5183 1507 5253 quis
1552 5190 1902 5238 externorum
1946 5191 1999 5239 et
2041 5198 2167 5237 cum

588 5272 791 5342 quibus
823 5273 972 5326 nulla
1004 5281 1089 5328 est
1118 5274 1465 5339 communio,
1498 5275 1812 5344 contiguam
1846 5282 1901 5330 et
1933 5274 2154 5345 pr0pin-

590 5376 754 5431 quam
781 5363 839 5417 in
870 5364 1183 5419 nominibus
1216 5374 1501 5421 conservet
1538 5365 1961 5434 ordinationem,
2037 5381 2157 5434 cum

589 5452 705 5519 ipsa
736 5454 911 5521 genita
943 5457 1172 5510 essentia
1211 5456 1397 5527 (sicut
1429 5457 1544 5527 ait)
1580 5466 1631 5512 et
1671 5455 1799 5511 Filii
1832 5431 2121 5526 appellati;
2142 5500 2154 5519 ,

594 5551 766 5596 tamen
791 5545 1056 5601 nominum
1078 5550 1409 5618 utpropriam
1433 5550 1533 5605 sibi
1560 5548 1778 5605 vindicet
1796 5549 2096 5604 relationem
2119 5544 2142 5595 Ῥ

671 5717 734 5747 η’
768 5717 897 5775 Luc.
955 5734 1008 5787 κ,
1042 5720 1122 5773 16.

2265 4532 2358 4583 καὶ
2382 4528 2658 4598 ἀλλότριον
2677 4526 2784 4579 τῶν
2808 4523 3183 4596 προσηγοριῶν
3203 4522 3564 4593 διακρίνομεν.
3601 4523 3840 4584 Οὐκοῦν,

2262 4625 2311 4675 εἰ
2359 4619 2590 4691 φυσικὴν
2622 4617 2763 4689 ἔχειν
2798 4618 3047 4688 ὁμολογεῖ
3079 4615 3261 4686 σχέσιν
3290 4617 3382 4669 τὸν
3412 4616 3537 4669 Υίδν
3578 4617 3715 4686 πρὲις
3750 4618 3844 4670 τὸν

2262 4713 2500 4785 Πατέρα,
2527 4710 2911 4771 καταλιπόντες
2944 4707 3043 4772 τὰς
3076 4708 3468 4780 προσηγορίας,
3498 4706 3596 4777 τὴν
3628 4709 3691 4761 ἐν
3729 4710 3844 4769 τοῖς

2264 4806 2678 4877 σημαινομένοις
2720 4806 3142 4872 κατανοήσωμεν
3180 4799 3428 4868 δύναμιν.
3500 4801 3738 4873 Πότερον
3785 4803 3845 4854 τὸ

2261 4897 2539 4968 ἀλλότριον
2698 4894 2884 4958 οὐσίας
2923 4895 2985 4945 ὲν
3001 4892 3289 4961 οἰκειότητι
3319 4895 3685 4957 κατανοεῖται,
3710 4892 3746 4964 ἦ
3783 4893 3844 4944 τὸ

2268 4987 2527 5060 συγγενές
2559 5004 2619 5039 τε
2644 4987 2739 5040 καὶ
2761 4986 2908 5040 ἴδιον.
2945 4983 3104 5037 Ἀλλὰ
3128 4983 3189 5036 τὸ
3213 4983 3310 5053 μὲν
3330 4981 3609 5052 ἀλλότριον
3639 4984 3845 5045 εἰπεῖν,

2270 5083 2506 5154 φανερᾶς
2544 5079 2735 5151 μανίας
2762 5076 2927 5131 ἐστίν.
2966 5074 3089 5138 Πῶς
3117 5075 3227 5145 γάρ
3246 5091 3327 5137 τις
3345 5072 3454 5127 τῶν
3477 5074 3640 5140 ξένων
3661 5091 3722 5127 τε
3746 5075 3845 5128 καὶ

2273 5175 2647 5245 ἀκοινωνήτων
2678 5170 2885 5238 συναφῆ
2913 5185 2971 5220 τε
3020 5168 3112 5220 καὶ
3154 5167 3356 5221 οἰκείαν
3386 5167 3444 5219 ἐν
3471 5169 3582 5228 τοῖς
3609 5164 3847 5235 ὀνόμασι

2261 5270 2512 5334 διασώζει
2553 5267 2723 5334 τάξιν.
2777 5263 2884 5331 τῆς
2926 5261 3318 5332 γεννηθείσης
3363 5256 3556 5324 αὐτῆς
3599 5256 3844 5322 οὐσίας,

2264 5362 2444 5425 καθώς
2473 5377 2634 5430 φησι,
2694 5357 2786 5411 καὶ
2815 5353 2921 5423 τῆς
2963 5353 3070 5408 τοῦ
3119 5350 3254 5407 Υίοῦ
3290 5351 3694 5420 προσηγορίας
3721 5348 3850 5415 τὴν

2264 5453 2545 5519 τοιαύτην
2579 5448 2694 5502 τῶν
2721 5445 3024 5517 ὀνομάτων
3053 5442 3460 5512 οἰκειουμένης
3484 5441 3735 5511 σχέσιῆ
3780 5439 3847 5494 ΕΞ

2264 5545 2321 5598 δὲ
2348 5543 2407 5596 τὸ
2458 5543 2652 5596 οἰκεῖον
2696 5540 2781 5593 διὰ
2813 5538 2919 5593 τῶν
2961 5535 3338 5609 προσηγοριῶν
3386 5532 3589 5591 τούτων
3627 5534 3843 5602 ἀποση-
