3992 6210
305 399 377 459 597
1375 402 1660 458 CONTRA
1694 402 2083 473 EUNOMIUM,
2121 404 2251 459 LIB.
2288 404 2373 460 111.

1960 328 2083 462 ἶῘΜ.
2121 404 2251 459 LIB.
2288 404 2373 460 111.
3409 405 3512 462 598

301 515 540 588 μαίνεσθαι
557 515 725 586 λέγοι,
747 517 1041 588 συνήγορος
1069 516 1126 584 ἐξ
1147 515 1391 587 ἀνάγκης
1413 516 1508 571 τοῦ
1532 517 1711 572 κοινοῦ
1737 518 1834 588 τῆς
1865 562 1870 574 ι

1967 517 2091 584 [uod
2121 520 2167 573 si
2199 517 2590 588 proprietatem
2624 517 2739 572 sive
2768 514 3234 587 propinquitatem
3281 532 3376 588 per
3418 517 3517 572 bas

299 608 440 672 οὐσίας
466 609 870 678 ἀναφανήσεται
897 607 985 660 διὰ
1007 608 1106 678 τῆς
1132 608 1242 661 τῶν
1271 609 1547 680 ὀνομάτων
1567 609 1836 680 οἰκειότη-

299 716 372 763 τος.
403 699 511 755 Καὶ
534 698 598 753 τδ
627 697 736 752 τῶν
765 698 1141 769 ὑποκειμένων
1160 699 1393 768 συναφὲς
1414 699 1840 763 κατασκευάζων

299 791 641 864 σημαίνεσθαι,
681 792 777 845 καὶ
828 791 986 848 τοῦτο
1045 792 1310 863 πολλαχοῦ
1352 794 1449 865 τῆς
1478 792 1840 865 λογογραφίας

297 884 426 938 ποιῶν
455 884 557 937 οὐκ
587 882 892 938 ἐπίσταται.
924 884 1001 937 Δι’
1026 878 1101 938 ὧν
1129 885 1237 956 γὰρ
1267 888 1534 957 ἐπιχειρεῖ
1563 887 1842 959 καθαιρεῖν

292 976 363 1046 τὴν
385 975 669 1049 ἀλήθειαν,
715 975 986 1040 ἀκουσίως
1026 976 1289 1041 πολλάκις
1338 977 1662 1033 καθέλκεται
1707 979 1845 1051 πρὸς

293 1068 590 1139 συνηγορίαν
616 1067 725 1122 τῶν
751 1067 1170 1138 πολεμουμένων
1190 1068 1495 1140 δογμάτων.
1527 1065 1651 1126 ore»
1679 1088 1733 1124 τι
1751 1071 1846 1124 καὶ

289 1161 386 1231 περὶ
410 1160 508 1213 τοῦ
535 1160 710 1214 Σαοὺλ
725 1161 792 1213 ὲκ
813 1160 915 1230 τῆς
951 1161 1193 1233 ἱστορίας
1217 1162 1552 1233 ἠκούσαμεν,
1586 1165 1668 1218 ὅτι
1688 1162 1846 1234 θυμῷ

286 1267 389 1304 ποτε
421 1251 569 1305 κατὰ
614 1249 723 1304 τῶν
771 1252 1223 1322 προφητευόντων
1262 1254 1598 1325 κινούμενος,
1638 1254 1847 1326 ἡττήθη

281 1343 361 1412 τῆς
382 1342 627 1413 χάριτος,
656 1343 748 1396 καὶ
770 1342 879 1397 τῶν
905 1342 1348 1415 θεοφορουμένων
1373 1338 1452 1410 είς
1474 1340 1543 1415 ἦν
1565 1363 1578 1377 ·
1605 1345 1700 1400 τοῦ
1725 1363 1850 1418 προ-

280 1434 494 1504 φητικοῦ
520 1434 849 1504 πνεύματος,
877 1435 953 1498 ὡς
976 1428 1150 1507 οἶμαι,
1176 1436 1247 1490 δι’
1267 1434 1460 1493 ἑαυτοῦ
1489 1435 1580 1492 τὸν
1607 1437 1846 1491 ἀποστά-

278 1544 361 1598 την
388 1526 687 1582 παιδεῦσαι
725 1525 1070 1597 θελήσαντος.
1123 1526 1285 1580 Ὅθεν
1317 1526 1379 1580 τὸ
1411 1528 1719 1599 παράλογον
1755 1529 1853 1600 τῆς

275 1618 559 1689 συντυχίας
586 1619 855 1689 παροιμία
881 1617 957 1689 τῷ
985 1618 1124 1690 μετὰ
1162 1618 1334 1673 ταῦτα
1351 1619 1539 1687 γέγονε
1574 1620 1695 1692 βίῳ,
1723 1620 1854 1676 θαυ·

276 1711 555 1782 μαπικῶς
581 1711 684 1782 τῆς
720 1711 961 1782 ἱστορίας
994 1711 1052 1765 τὸ
1073 1711 1283 1772 τοιοῦτο
1311 1711 1628 1783 διεξιούσης,
1655 1716 1720 1768 Et
1754 1715 1853 1768 καί

281 1806 479 1861 Σαοὺλ
601 1803 932 1874 προφήταις
952 1821 973 1869 ;

355 2066 445 2121 Ἐν
471 2065 614 2117 τίσιν
641 2059 736 2117 οὖν
778 2064 808 2116 ὁ
841 2062 1100 2134 Εὑνόμιος
1137 2065 1202 2134 τῇ
1245 2062 1473 2134 ἀληθείᾳ
1501 2061 1810 2115 συνίσταται
1836 2077 1849 2125 ;

297 2159 378 2213 Ἐν
414 2153 499 2220 οἷς
537 2173 702 2225 φησιν
725 2173 739 2190 ο
785 2156 867 2209 ὅτι
897 2155 1086 2221 Αὐτὸς
1131 2158 1165 2210 ὁ
1195 2156 1428 2221 Κύριος,
1468 2153 1601 2219 Υἱὸς
1624 2150 1710 2206 ὢν
1739 2152 1845 2206 τοῦ

294 2250 429 2305 Θεοῦ
455 2249 559 2305 τοῦ
591 2241 811 2314 ζῶντος
839 2246 954 2315 τὴν
990 2244 1058 2301 ἐκ
1084 2243 1197 2314 τῆς
1214 2242 1523 2318 Παρθένου
1566 2244 1855 2314 γέννησιν

293 2342 395 2396 οὐκ
420 2338 958 2408 ἐπαισχυνόμενος,
994 2337 1066 2392 ἐν
1090 2335 1214 2403 τοῖς
1233 2336 1454 2393 ἑαυτοῦ
1477 2338 1682 2405 λόγοις
1718 2337 1857 2390 Υὶὸν

298 2430 595 2500 ἀνθρώπου
614 2429 913 2498 πολλάκις
929 2429 1244 2500 ὠνόμασεν
1267 2428 1503 2485 ἑαυτόν.
1528 2429 1728 2483 Τοῦτον
1750 2429 1859 2501 γὰρ

299 2525 383 2577 καὶ
415 2525 573 2596 ἡμεῖς
611 2522 703 2577 τὸν
728 2522 887 2591 λόγον
912 2523 992 2587 είς
1027 2520 1304 2586 ἀπόδειξιν
1328 2522 1423 2575 τοῦ
1449 2521 1627 2576 κοινοῦ
1652 2522 1749 2592 τῆς
1773 2522 1861 2575 οὐ·

298 2613 411 2679 σίας
435 2613 820 2686 προσφέρομεν
841 2627 854 2641 ⁸
904 2614 985 2667 ὅτι
1013 2613 1105 2673 τοῦ
1136 2612 1269 2668 Υίοῦ
1295 2614 1357 2667 τὸ
1399 2612 1568 2676 ὄνομα
1597 2615 1718 2684 ίσην
1741 2614 1860 2667 κατ’

293 2705 492 2775 arma
500 2723 567 2776 ρο.
581 2706 683 2781 τὴν
698 2704 797 2776 τῆς
816 2700 1036 2775 φύσεως
1048 2705 1327 2763 κοινωνίαν
1345 2696 1522 2769 (α).οὖ
1536 2714 1634 2762 τως
1648 2701 1743 2753 καὶ
1766 2704 1862 2758 τοῦ

295 2796 424 2850 Θεοῦ
457 2798 583 2860 Υἱὸς
613 2797 829 2860 πάντως
866 2799 1068 2851 νοεῖται
1100 2797 1189 2852 διὰ
1229 2798 1327 2868 τὴν
1365 2798 1466 2869 τῆς
1498 2797 1682 2861 οὐσίας
1699 2795 1863 2850 αὐτοῦ

297 2888 428 2958 πρὸς
450 2890 549 2959 τὴν
576 2889 634 2955 ἐξ
660 2881 729 2958 ἦς
772 2887 981 2959 ὑπέστη
1023 2887 1315 2958 ωνάᾩειαν
1333 2906 1346 2918 ·
1405 2889 1498 2942 καὶ
1528 2887 1588 2942 τὸ
1613 2888 1865 2957 μέγιστον

295 2981 394 3049 τῆς
425 2978 678 3049 ἀληθείας
728 2976 891 3030 ὅπλον
942 2970 1097 3040 οὗτος
1124 2982 1152 3030 ὁ
1196 2978 1352 3046 λόγος
1389 2979 1556 3033 ἐστίν.
1609 2979 1712 3032 Τὸν
1759 2978 1867 3045 γὰρ

301 3070 522 3141 μεσίτην
544 3068 681 3123 Θεοῦ
713 3069 805 3123 καὶ⁵
842 3065 1167 3138 ἀνθρώπων,
1199 3068 1380 3133 καθὼς
1408 3069 1687 3139 ὠνόμασεν
1716 3069 1743 3121 ὁ
1775 3068 1868 3138 μέ-

1940 612 2332 683 appellationes
2364 609 2662 681 signilicari
2694 609 2869 673 dicat,
2908 609 3223 666 necessario
3255 618 3518 679 patronus

1939 703 2250 758 communis
2278 702 2532 756 essentia:
2557 701 2879 756 ostendetur
2905 717 3001 771 per
3031 701 3313 755 nominum
3345 701 3521 756 usita-

1940 807 2048 850 tam
2082 794 2560 849 consuetudinem.
2599 792 2664 846 Et
2696 802 2955 847 astruens
2985 792 3358 861 subiectorum
3395 807 3522 863 pro-

1942 886 2306 957 pinquitatem
2366 886 2481 942 sive
2529 885 2897 940 cobaesionem
2956 883 3303 954 signiﬁcare,
3357 882 3521 952 idque

1943 977 2134 1031 multis
2170 976 2223 1030 in
2258 977 2396 1033 locis
2436 976 2562 1031 libri
2596 976 2666 1031 ab
2693 990 2760 1030 eo
2792 974 2982 1044 scripti
3017 974 3195 1029 nescit
3229 989 3288 1030 se
3321 972 3519 1029 facere.

1943 1069 2048 1125 Per
2074 1084 2196 1140 quae
2226 1069 2373 1125 enim
2406 1070 2692 1125 veritatem
2728 1068 2949 1123 abolere
2976 1076 3228 1130 conatur,
3268 1081 3412 1137 saepe
3456 1065 3524 1121 ad

1946 1160 2311 1233 patrocinium
2362 1161 2703 1217 decretorum
2748 1174 2870 1230 quae
2912 1166 3189 1229 oppugnat
3218 1159 3389 1212 invite
3438 1171 3529 1212 ac-

1948 1253 2114 1309 cedit.
2154 1252 2327 1319 Quale
2359 1252 2620 1321 quiddam
2657 1251 2725 1307 de
2757 1250 2920 1305 Saule
2951 1266 3013 1305 ex
3055 1250 3283 1305 historia
3311 1247 3527 1305 audivi-

1948 1355 2072 1395 mus
2091 1380 2105 1405 ,
2133 1345 2281 1411 quod
2313 1341 2392 1395 ira
2417 1338 2714 1410 aliquando
2742 1348 2933 1395 contra
2963 1339 3262 1410 prophetas
3290 1352 3531 1393 commo-

1949 1437 2040 1486 tus
2069 1445 2098 1484 a
2129 1430 2303 1502 gratia
2332 1439 2624 1500 superatus
2666 1440 2779 1494 est,
2810 1439 2864 1485 et
2891 1446 3035 1487 unus
3066 1439 3186 1486 erat
3212 1445 3403 1487 eorum
3435 1430 3530 1502 qui

1951 1521 2177 1577 numine
2207 1520 2556 1589 amabantur,
2590 1521 2913 1592 prophetico
2942 1522 3138 1592 spiritu
3162 1562 3176 1586 ,
3210 1522 3357 1578 sicut
3383 1522 3531 1578 arbi-

1953 1618 2087 1675 tror.
2121 1627 2216 1682 per
2248 1612 2491 1693 seipsum
2518 1612 2739 1668 erudire
2767 1621 3072 1683 apostatam
3101 1614 3336 1669 volente.
3374 1611 3531 1670 Unde

1952 1701 2303 1769 proverbium
2339 1702 2394 1756 in
2426 1702 2537 1757 vita
2569 1711 2917 1773 posterorum
2965 1703 3170 1759 factum
3209 1712 3330 1768 est,
3365 1705 3433 1760 de
3468 1720 3536 1760 eo

1954 1793 2099 1863 quod
2128 1801 2277 1849 esset
2305 1793 2642 1864 inopinabile
2669 1803 2723 1849 et
2754 1807 2949 1865 praeter
2977 1810 3128 1866 spem
3152 1836 3164 1853 .
3197 1794 3525 1851 mirabiliter

1887 1862 1927 1916 Β
1956 1862 2183 1940 historia
2213 1885 2316 1941 hoc
2346 1862 2612 1942 recitante
2637 1904 2651 1939 :
2688 1862 2945 1956 Nunquid
2974 1862 3025 1940 et
3057 1886 3193 1943 Saul
3240 1889 3379 1942 inter
3406 1904 3536 1957 pro-

1950 1977 2132 2044 phetas
2165 1977 2247 2030 ’Ὗ

2025 2063 2080 2119 In
2116 2066 2317 2135 quibus
2345 2066 2509 2136 igitur
2534 2064 2837 2120 Eunomius
2861 2067 3074 2121 veritati
3106 2069 3448 2123 asscntitur?
3476 2069 3534 2125 In

1953 2156 2154 2226 quibus
2209 2156 2361 2224 dicit,
2408 2156 2553 2228 quod
2584 2157 2688 2224 ipse
2705 2152 3175 2224 Dominus,Filius
3193 2174 3309 2211 cum
3338 2160 3407 2213 sit
3439 2157 3537 2215 Dei

1955 2246 2200 2310 viventis,
2224 2268 2290 2307 ex
2315 2250 2530 2322 Virgine
2562 2248 2950 2317 generationem
2980 2264 3083 2300 non
3110 2249 3415 2305 erubescens
3435 2292 3450 2317 ,
3481 2252 3535 2304 in

1956 2338 2067 2393 sui:
2093 2338 2422 2393 sermonibus
2454 2337 2657 2392 Filium
2674 2338 2903 2394 hominis
2938 2355 3076 2408 srrpe
3103 2342 3330 2409 seipsum
3364 2346 3538 2397 nomi-

1957 2429 2121 2483 navit.
2189 2427 2299 2485 Nos
2327 2429 2474 2485 enim
2498 2430 2662 2483 etiam
2695 2429 2840 2484 hunc
2867 2446 3178 2487 sermonem
3209 2432 3279 2488 ad
3308 2434 3538 2489 demon-

1959 2522 2278 2577 strationem
2298 2521 2607 2577 communis
2632 2522 2885 2578 essentia)
2909 2522 3259 2594 proferimus.
3285 2523 3416 2578 Nam
3443 2521 3538 2579 Fi-

1961 2612 2016 2667 lii
2044 2627 2241 2669 nomen
2276 2612 2544 2683 azqualem
2579 2613 2648 2668 ad
2681 2622 2916 2684 utraque
2947 2623 3161 2670 naturae
3193 2615 3538 2671 communio-

1961 2719 2085 2759 nem
2116 2703 2412 2773 designat.
2477 2706 2569 2762 Sic
2620 2705 2783 2761 etiam
2836 2703 3007 2762 Filius
3095 2705 3338 2762 hominis
3372 2706 3539 2763 intel-

1964 2794 2150 2864 ligitur
2179 2802 2404 2864 propter
2434 2809 2553 2849 eam
2586 2811 2756 2865 quam
2789 2796 3096 2866 assumpsit
3131 2813 3259 2852 cum
3299 2797 3540 2853 humana

1964 2887 2207 2943 essentia
2244 2887 2713 2957 coniunctionem,
2747 2898 2800 2944 et
2828 2888 3125 2944 maximum
3173 2890 3423 2946 veritatis
3462 2899 3544 2948 te-

1966 2979 2076 3033 lum
2102 2978 2207 3034 hoc
2245 2980 2471 3035 verbum
2504 2987 2610 3036 est.
2644 2979 2780 3034 Nam
2820 2979 3171 3036 mediatorem
3198 2980 3291 3036 Dei
3335 2992 3388 3037 et
3433 2983 3533 3038 b0-

1966 3069 2197 3135 minum,
2227 3069 2681 3140 quemadmodum
2705 3084 2936 3141 magnus
2970 3068 3177 3126 Paulus
3219 3069 3541 3135 nominavit,

298 3179 401 3231 γας
433 3162 768 3228 Ἀπόστολος,
797 3164 950 3221 οὐδὲν
979 3165 1150 3227 οὕτως
1185 3163 1261 3224 ὡς
1287 3161 1350 3214 τὸ
1376 3161 1472 3215 τοῦ
1506 3161 1632 3214 Υἱοῦ
1660 3161 1868 3215 δείκνυ-

1971 3158 2108 3214 nihil
2131 3174 2285 3230 aeque
2306 3174 2369 3215 ac
2386 3158 2510 3213 Filii
2532 3174 2731 3215 nomen
2762 3160 3126 3225 demonstrat,
3147 3162 3291 3232 quod
3326 3160 3547 3232 utrique

300 3266 385 3305 σιν
405 3251 590 3322 ὄνομα,
637 3251 875 3325 ἑκατέρᾳ
902 3253 1062 3323 φύσει
1088 3254 1153 3323 τῇ
1190 3250 1311 3322 θείᾳ
1342 3267 1400 3302 τε
1429 3250 1524 3303 καὶ
1559 3249 1870 3321 ἀνθρωπίνῃ

1973 3257 2185 3305 naturae
2226 3248 2423 3305 divina:
2478 3258 2532 3305 et
2596 3249 2850 3305 humanae
2903 3251 3188 3321 aequaliter
3236 3265 3546 3317 accommo-

300 3341 445 3395 κατὰ
473 3342 532 3395 τὸ
555 3337 674 3396 ίσον
708 3344 1170 3416 ὲφαρμοζόμενον.
1204 3343 1264 3395 '0
1299 3340 1405 3412 γὰρ
1436 3341 1597 3405 αὐτὸς
1623 3341 1715 3397 καὶ
1737 3340 1872 3395 Θεοῦ

301 3428 429 3495 Υἱός
449 3430 582 3494 ἔστι,
623 3436 720 3489 καὶ
758 3436 888 3501 Υἱὸς
925 3433 1215 3507 ἀνθρώπου
1249 3435 1371 3487 κατ’
1412 3432 1725 3503 οἰκονομίαν
1755 3434 1875 3503 ὲγέ-

301 3538 457 3575 νετο²
510 3524 597 3579 ἴνα
643 3529 711 3598 τῇ
746 3527 883 3598 πρὸς
926 3527 1182 3598 ἑκάτερον
1230 3524 1514 3594 κοινωνία,
1580 3522 1647 3576 δι’
1682 3523 1874 3577 ἑαυτοῦ

303 3609 510 3685 συνάψῃ
530 3614 598 3667 τὰ
624 3615 889 3671 διεστῶτα
914 3617 979 3687 τῇ
1004 3614 1185 3685 φύσει.
1243 3614 1305 3666 Et
1334 3613 1434 3683 μὲν
1465 3609 1558 3667 οὖν
1588 3612 1877 3682 γενόμενος

304 3697 435 3763 Υἱὸς
453 3701 738 3773 ἀνθρώπου
769 3704 1032 3776 ἀμέτοχος
1056 3700 1125 3775 ἦν
1152 3704 1252 3773 τῆς
1275 3702 1622 3774 ἀνθρωπίνης
1640 3703 1873 3772 φύσεως,

305 3792 588 3851 ἀκόλουθον
615 3795 682 3851 ἂν
717 3792 785 3868 ἦν
806 3796 943 3851 Θεοῦ
976 3797 1100 3851 Υἱὸν
1132 3796 1259 3850 ὄντα
1294 3796 1477 3857 αὑτὸν,
1525 3794 1660 3866 μηδὲ
1685 3810 1877 3851 κοινω-

307 3888 420 3939 νεῖν
441 3886 534 3957 τῆς
554 3887 704 3953 θείας
724 3889 913 3955 οὐσίας
939 3889 1135 3959 λέγειν.
1161 3891 1224 3944 Ei
1245 3890 1302 3944 δὲ
1334 3889 1443 3943 πᾶν
1457 3887 1519 3941 τὸ
1544 3887 1878 3959 ἀνθρώπινον

305 3974 596 4051 σύγκραμα
616 3982 675 4032 ὲν
717 3980 868 4050 αὐτῷ
912 3977 1000 4053 ἦν·
1029 3970 1351 4056 ίὲπειράσθη
1379 3982 1486 4050 γὰρ
1528 3980 1671 4034 κατὰ
1702 3980 1882 4035 πάντα

305 4067 432 4122 καθ’
461 4070 748 4143 ὁμοιότητα
786 4072 954 4143 χωρὶς
990 4070 1263 4142 ἁμαρτίας
1288 4073 1327 4141 ·)
1356 4071 1572 4141 ἀνάγκη
1599 4071 1748 4127 πᾶσα
1785 4072 1880 4124 καὶ

310 4161 424 4213 πᾶν
463 4164 555 4233 τῆς
606 4161 977 4233 ὑπερεχούσης
1021 4161 1206 4227 οὐσίας
1230 4165 1449 4236 ἰδίωμα,
1480 4164 1539 4216 ἐν
1584 4161 1734 4232 αὐτῷ
1782 4180 1874 4216 πι-

312 4254 514 4308 στεύειν
541 4252 681 4310 εἶναι
711 4255 810 4325 τῆς
836 4253 931 4308 τοῦ
960 4254 1089 4307 Υίοῦ
1120 4253 1304 4323 φωνῆς
1334 4254 1534 4323 ὁμοίως
1557 4255 1706 4326 αὐτῷ
1740 4272 1880 4325 μαρ-

313 4345 571 4417 τυρούσης
599 4347 859 4416 ἑκάτερον
880 4361 893 4375 ο
940 4348 997 4398 ὲν
1027 4344 1105 4415 τῷ
1131 4344 1401 4415 ἀνθρώπῳ
1434 4346 1551 4416 μὲν,
1583 4346 1644 4400 τὸ
1671 4345 1881 4415 ἀνθρώ-

318 4448 485 4501 πινον,
515 4438 570 4491 ὲν
598 4438 654 4492 δὲ
686 4437 764 4509 τῷ
796 4436 936 4507 Θιῷ,
966 4437 1027 4491 τὸ
1055 4437 1212 4491 θεῖον.

1974 3340 2134 3398 datur
2163 3342 2229 3394 ³⁷.
2293 3339 2438 3396 Idem
2490 3341 2637 3398 enim
2676 3350 2731 3396 et
2781 3341 2874 3396 Dei
2907 3341 3082 3397 Filius
3136 3349 3241 3405 est,
3276 3354 3331 3398 et
3368 3340 3541 3397 Filius

1976 3434 2214 3489 hominis
2240 3449 2336 3504 per
2370 3433 2805 3489 incarnationem
2839 3433 3014 3489 factus
3056 3442 3170 3500 est;
3209 3442 3268 3489 ut
3301 3448 3398 3504 per
3427 3447 3544 3488 eam

1974 3539 2139 3596 quam
2173 3540 2297 3579 cum
2328 3534 2559 3596 utroque
2607 3525 2770 3581 habet
2803 3526 3265 3591 communionem,
3296 3540 3418 3595 qua:
3450 3537 3548 3577 na-

1977 3629 2097 3673 tura
2125 3617 2332 3674 distant
2373 3632 2469 3687 per
2510 3615 2753 3686 seipsum
2795 3617 3034 3687 copulet.
3080 3616 3138 3673 Si
3168 3616 3334 3687 igitur
3366 3614 3542 3671 Filius

1977 3710 2215 3766 hominis
2247 3709 2425 3766 factus
2447 3709 2700 3765 humana:
2728 3717 2937 3763 natura:
2965 3717 3114 3763 esset
3145 3723 3341 3778 expers
3368 3749 3382 3774 ,
3406 3722 3544 3762 con—

1978 3816 2215 3872 sequens
2238 3809 2386 3858 esset
2413 3801 2702 3865 aﬂirmare,
2728 3802 2941 3857 etiamsi
2976 3799 3070 3855 Dei
3111 3798 3284 3854 Filius
3309 3799 3424 3867 ipse
3451 3799 3546 3861 sit,

1980 3908 2089 3949 non
2152 3900 2335 3949 tamen
2393 3908 2516 3950 cum
2580 3893 2763 3948 divina
2822 3892 3056 3947 essentia
3113 3888 3544 3945 communicare.

1980 3983 2134 4051 Quod
2179 3985 2223 4040 si
2250 4000 2410 4039 omne
2451 3984 2748 4038 humanum
2787 3990 3099 4038 concretum
3153 3980 3208 4035 in
3259 3979 3379 4050 ipso
3417 3986 3539 4034 erat

1983 4078 2245 4147 (tentatus
2270 4085 2355 4131 est
2384 4076 2529 4131 enim
2560 4090 2656 4145 per
2685 4076 2866 4129 omnia
2899 4075 3199 4131 secundum
3228 4071 3544 4128 similitudi-

1981 4182 2104 4222 nem
2135 4168 2341 4236 absque
2377 4172 2600 4237 peccato
2629 4164 2717 4229 "'),
2739 4174 2960 4218 necesse
2973 4169 3059 4217 est
3076 4160 3303 4217 omnino
3323 4178 3545 4218 omnem

1982 4257 2441 4329 supereminentis
2480 4255 2730 4311 essentia:
2762 4255 3145 4326 proprietatem
3184 4257 3239 4310 in
3277 4256 3398 4327 ipso
3427 4268 3553 4311 esse

1983 4350 2238 4405 credere:
2283 4364 2405 4403 cum
2431 4346 2554 4401 Filii
2587 4362 2687 4402 vox
2719 4347 2823 4403 sibi
2863 4355 3157 4418 utrumque
3206 4348 3434 4424 tribuat,
3477 4346 3533 4401 in

1986 4442 2204 4496 homine
2237 4438 2455 4509 quidem
2486 4437 2810 4502 humanum,
2841 4440 2894 4493 in
2926 4437 3034 4494 Deo
3062 4438 3343 4495 divinum.

391 4525 447 4580 εἰ
472 4524 559 4584 οὖν
591 4530 646 4582 αἱ
676 4529 1093 4599 προσηγορίαι,
1137 4526 1318 4592 καθώς
1348 4545 1511 4597 φησιν
1541 4531 1570 4583 ὁ
1596 4530 1870 4599 nevae-.0;

2054 4530 2109 4585 Si
2146 4530 2312 4599 igitur
2348 4528 2748 4598 appellationes,
2791 4529 3245 4599 quemadmodum
3282 4530 3413 4584 dicit
3453 4526 3559 4579 Eu-

320 4616 382 4669 τὸ
412 4621 592 4675 οἰκεῖον
624 4621 988 4676 ἐνδείκνυνται
1019 4638 1033 4652 ·
1064 4621 1174 4691 ἡδὲ
1196 4620 1461 4690 οἰκειότης
1487 4623 1546 4674 ἐν
1587 4624 1699 4686 τοῖς
1739 4621 1880 4693 πρά-

320 4725 530 4779 γμασιν,
560 4714 660 4766 οὐκ
690 4714 747 4767 ὲν
788 4712 970 4782 ψιλαῖς
1001 4711 1285 4783 θεωρεῖται
1320 4714 1439 4776 ταῖς
1472 4712 1578 4766 τῶν
1601 4713 1884 4784 ὀνομάτων

324 4805 533 4867 φωναῖς,
554 4805 859 4876 πράγματα
896 4804 953 4859 δέ
981 4821 1122 4875 φημι
1168 4804 1288 4859 καθ’
1313 4805 1481 4859 ἑαυτά
1524 4806 1806 4877 νοούμενα,
1836 4808 1885 4859 εἰ

325 4892 404 4964 μὴ
422 4896 677 4967 τολμηρὸν
705 4894 879 4959 οὕτως
919 4898 1092 4950 είπεῖν
1123 4895 1213 4950 τὸν
1259 4898 1384 4951 Υίόν
1422 4914 1481 4950 τε
1512 4899 1605 4952 καὶ
1651 4898 1740 4952 τὸν
1778 4899 1885 4953 [Ia-

320 4984 476 5056 τέρα,
499 4988 581 5052 τίς
610 4986 885 5052 ἀντείποι,
918 4987 993 5058 μὴ
1018 4988 1139 5059 οὐχὶ
1178 4989 1272 5043 καὶ
1305 4989 1467 5044 αὐτὸν
1495 4988 1584 5041 τὸν
1611 4990 1707 5059 τῆς
1729 4989 1890 5059 βλασ-

320 5080 520 5149 φημίας
546 5080 859 5153 προστάτην
900 5080 1223 5150 αὐτομάτως
1266 5081 1404 5153 πρὸς
1434 5080 1533 5151 τὴν
1564 5082 1890 5153 συνηγορίαν

317 5170 417 5239 τῆς
452 5170 728 5234 εὐσεϐείας
766 5168 1225 5238 καθελκυσθῆναι,
1272 5171 1340 5224 δι’
1389 5169 1581 5224 ἑαυτοῦ
1632 5171 1757 5235 τοὺς
1808 5175 1887 5225 οί-

317 5260 491 5325 κείους
520 5261 899 5331 ἀνατρέποντα
939 5258 1128 5329 λόγους
1147 5276 1177 5297 ο·
1214 5260 1308 5313 καὶ
1336 5261 1397 5313 τὸ
1435 5261 1534 5331 τῆς
1561 5261 1747 5325 οὐσίας
1777 5279 1891 5317 κοι-

317 5347 409 5404 νὸν
433 5352 518 5407 ἐπὶ
546 5350 656 5405 τῶν
680 5348 839 5403 θείων
862 5348 1146 5420 δογμάτων
1169 5349 1612 5422 ἀνακηρύσσοντα
1635 5370 1651 5418 ;
1686 5353 1758 5405 Οὐ
1783 5354 1890 5423 γὰρ

316 5438 558 5507 φείδεται
599 5442 728 5513 περὶ
752 5440 955 5495 τούτων
997 5440 1266 5504 ἀκουσίως
1312 5442 1438 5511 παρ’
1466 5442 1631 5495 αὐτοῦ
1669 5460 1893 5517 προσρι-

322 5531 438 5599 fici;
466 5533 607 5607 ὑπὲρ
633 5535 734 5605 τῆς
764 5531 1019 5604 ἀληθείας
1045 5532 1074 5583 ὁ
1103 5529 1290 5600 λόγος,
1318 5533 1399 5586 ὅτι
1423 5533 1523 5587 οὐκ
1550 5532 1614 5587 ἂν
1684 5535 1889 5608 ἐκλήθη

1990 4624 2228 4684 nomius,
2273 4620 2416 4690 quod
2473 4620 2755 4689 proprium
2790 4628 2874 4675 est
2917 4629 2972 4674 et
3026 4619 3297 4674 familiare
3330 4619 3559 4673 demou-

1992 4723 2199 4771 strant:
2269 4711 2576 4783 proprietas
2630 4719 2814 4767 autem
2870 4713 2922 4767 in
2985 4710 3169 4775 rebus,
3237 4726 3345 4766 non
3398 4710 3560 4765 nudis

1994 4808 2270 4862 nominum
2298 4804 2522 4863 vocibus
2550 4814 2850 4878 spectatur,
2890 4819 2978 4859 res
3004 4812 3181 4857 autem
3210 4802 3336 4857 dico
3379 4816 3477 4872 per
3503 4816 3563 4856 sc

1994 4905 2271 4968 spectatas
2326 4906 2380 4950 et
2433 4899 2742 4953 intellectas
2794 4896 2921 4963 (nisi
2974 4894 3114 4949 forte
3167 4893 3240 4948 sit
3284 4894 3458 4947 audax
3508 4900 3561 4945 ct

1991 4991 2337 5047 temerarimn
2369 4990 2449 5045 sic
2499 4991 2772 5061 appellare
2812 4986 3008 5042 Filium
3039 4996 3092 5041 et
3141 4985 3418 5046 Patrem):
3442 4983 3563 5055 quis

1988 5083 2273 5156 negaverit
2303 5083 2482 5155 ipsum
2513 5081 2864 5152 blasphemiae
2891 5087 3168 5134 auctorem
3201 5085 3253 5131 et
3278 5075 3562 5146 prtesidcm

1993 5177 2059 5232 ad
2089 5176 2338 5231 veritatis
2386 5172 2748 5245 patrocinium
2799 5178 2993 5240 sponte
3016 5166 3182 5230 trahi,
3215 5180 3312 5235 per
3347 5181 3405 5220 se
3436 5179 3565 5235 pro-

1992 5268 2143 5339 prios
2193 5281 2476 5321 sermones
2509 5271 2867 5326 ever-tentem,
2903 5268 2958 5315 et
2987 5259 3431 5315 communionem
3469 5271 3555 5312 οε-

1997 5356 2187 5412 sentiae
2241 5356 2295 5409 in
2342 5354 2545 5409 divinis
2589 5351 2825 5408 decretis
2879 5358 3213 5405 asserentem
3268 5357 3321 5403 et
3373 5349 3562 5419 praadi-
3658 5361 3665 5368 ‘

1997 5448 2249 5504 cantem?
2309 5446 2425 5501 Non
2459 5446 2602 5501 enim
2635 5446 2895 5500 mentitur
2927 5441 2995 5498 de
3028 5442 3113 5496 his
3157 5441 3326 5498 invite
3353 5442 3423 5498 ab
3449 5443 3567 5515 ips"

2000 5537 2277 5609 proiectus
2330 5553 2428 5608 pro
2473 5537 2700 5592 veritate
2749 5550 2951 5601 sermo,
2987 5533 3132 5608 quod
3184 5549 3292 5591 non
3328 5544 3557 5592 vocatu:

394 5686 437 5719 η
474 5689 492 5742 1
526 5688 658 5760 ηας,
707 5704 764 5752 χ,
818 5689 898 5743 ιι.
975 5687 1018 5717 ⁸*
1055 5684 1240 5741 ITim.
1281 5701 1341 5739 tt.
1377 5685 1428 5740 5.
1508 5688 1553 5719 ’⁸
1597 5687 1760 5744 llehr.
1800 5706 1873 5755 tv,
1907 5694 1991 5747 15.

387 5776 457 5845 lui
472 5780 667 5845 Supple‘
686 5779 1134 5845 exhcod.pllavarlco
1166 5780 1293 5845 apud
1319 5778 1607 5845 Gretscrum
1634 5777 1870 5845 summovit

1967 5777 2246 5826 ,νδιίκνυταιη
2271 5773 2353 5831 Ὡς
2373 5773 2460 5838 γὰρ
2482 5775 2580 5832 υίὸς
2608 5775 2853 5839 ἀνθρώπου
2887 5775 3079 5836 λέγεται
3096 5774 3173 5823 διὰ
3194 5774 3279 5829 τὴν
3299 5778 3381 5830 τῆς
3401 5769 3583 5837 σαρκὸς

315 5835 465 5888 αθποῦ
620 5843 707 5899 τὴν
730 5841 776 5896 ἐξ
796 5841 855 5899 ἡ(
877 5843 1097 5907 ἐγεννήθη
1121 5835 1411 5905 συγγένειαν,
1440 5844 1565 5891 οὕτω
1589 5840 1670 5889 καί
1703 5856 1751 5888 κ.
1776 5855 1819 5885 τ.
1847 5839 1893 5889 λ.
