3992 6210
518 370 619 429 599
1753 369 1810 425 S.
1837 298 2164 427 GllEGC'mll

519 500 661 548 esset
690 491 883 559 Filius,
915 491 1020 547 nisi
1052 493 1322 548 naturalis
1361 494 1641 549 nominum
1673 494 1870 547 notitia
1900 508 2083 547 veram
2114 495 2160 552 Α

518 581 935 652 appellationem
980 582 1328 649 ostenderet;
1385 585 1529 639 sicut
1588 586 1734 640 enim
1788 585 2088 639 scabellum

523 685 636 721 sive
667 682 952 720 scamnum
987 681 1095 722 non
1127 666 1333 720 dicitur
1359 665 1505 722 illius
1535 667 1697 732 fabri,
1736 684 1911 738 neque
1934 670 2089 738 quis-

517 774 681 829 quam
735 757 1066 829 prudentum
1130 756 1370 823 diceret,
1423 759 1806 814 mdilieatorem
1864 759 2087 814 domum

518 853 819 924 peperisse,
872 867 1049 922 neque.
1095 851 1290 906 vitium
1339 851 1690 921 pr0paginem
1715 893 1729 915 ,
1758 851 1931 906 vinea:
1970 851 2091 905 cul-

519 943 660 998 toris
717 942 1034 1013 progeniem
1083 942 1479 996 nominamus:
1521 940 1616 996 sed
1662 956 1801 1011 opus
1852 941 2091 995 hominis

517 1035 664 1106 quod
698 1035 767 1089 ab
817 1050 882 1089 eo
918 1033 1241 1089 fabricatum
1281 1043 1412 1089 est:
1456 1034 1626 1088 lilium
1670 1048 1801 1089 vero
1852 1032 2093 1087 hominis

517 1142 639 1181 eum
669 1127 758 1196 qui
784 1142 850 1180 ex
884 1126 1004 1195 ipso
1029 1125 1247 1196 genitus
1278 1134 1401 1180 est:
1445 1125 1546 1192 sic,
1589 1125 1804 1197 opinor,
1844 1137 1905 1179 ut
1945 1125 2091 1195 quod

519 1216 866 1271 commodum
921 1227 1007 1272 est
1039 1228 1093 1272 et
1126 1232 1431 1288 congruum
1474 1233 1572 1288 per
1604 1219 1826 1272 nomina
1866 1216 1919 1270 in
1964 1218 2095 1272 sul)-

513 1307 677 1378 jectis
712 1308 1151 1377 signiﬁcaretur:
1185 1308 1259 1362 ita
1303 1315 1356 1363 et
1392 1307 1484 1363 Dei
1519 1308 1715 1363 Filiqu
1753 1307 2093 1378 unigenitum

518 1396 723 1462 edocti,
763 1411 871 1451 non
911 1397 1002 1452 Dei
1034 1405 1343 1452 creaturam
1381 1397 1482 1451 hac
1531 1398 1899 1469 appellatione
1933 1396 2082 1451 intel-

517 1488 788 1554 leximus,
842 1488 938 1543 sed
990 1490 1137 1558 quod
1174 1505 1301 1545 vere
1351 1505 1453 1545 vox
1508 1489 1602 1545 lilii
1655 1491 1967 1561 signilieato
2014 1491 2098 1545 de-

518 1588 821 1634 monstrat.
858 1580 1017 1645 Quod
1079 1580 1124 1636 si
1176 1582 1305 1636 vitis
1356 1582 1646 1652 genimen,
1712 1582 1924 1637 fructus
1983 1582 2098 1636 sive

520 1687 767 1742 germen,
804 1671 991 1726 vinum
1031 1673 1347 1728 nominatur
1380 1688 1409 1727 a
1452 1672 1735 1745 Scriptura
1769 1694 1783 1730 :
1822 1689 1997 1744 neque
2019 1674 2100 1728 sic

518 1780 585 1818 ex
633 1764 739 1817 hac
775 1766 1013 1820 nominis
1066 1766 1456 1822 communione
1514 1767 1629 1823 sive
1670 1768 2099 1838 :equivoeatioue

522 1856 576 1909 in
618 1855 854 1912 decretis
880 1857 1098 1927 pietatis
1127 1873 1314 1913 sermo
1338 1859 1583 1914 laedetur.
1609 1858 1727 1914 Non
1763 1860 1910 1915 enim
1935 1875 2101 1929 quer-
2126 1842 2163 1892 η

519 1963 619 2003 cus
660 1964 882 2019 germen
932 1950 1052 2006 sive
1094 1950 1332 2006 fructum
1379 1952 1568 2006 vinum
1617 1952 1872 2015 dicimus.
1918 1969 2092 2022 neque

520 2040 648 2094 vitis
696 2041 986 2111 glandem;
1035 2043 1130 2099 sed
1184 2044 1365 2114 aliqua
1404 2052 1488 2100 est
1530 2046 1842 2100 communio
1896 2061 2097 2100 secun-

521 2130 654 2186 dum
690 2141 945 2188 naturam
982 2136 1326 2204 gennematis
1358 2136 1475 2190 sive
1512 2135 1724 2190 fructus
1751 2136 1816 2190 ad
1865 2137 1917 2189 id
1955 2137 2101 2189 unde

520 2232 604 2278 est
640 2240 654 2276 :
702 2223 900 2278 humor
932 2226 1076 2279 enim
1107 2226 1198 2294 qui
1228 2234 1310 2280 est
1345 2226 1399 2279 in
1438 2227 1566 2289 vite,
1614 2242 1711 2295 per
1749 2225 1978 2281 fundum
2013 2241 2099 2279 ra-

521 2315 713 2371 dicisa
753 2316 989 2371 medulla
1026 2325 1330 2380 extractus.
1371 2326 1643 2387 potestate
1688 2319 1907 2389 quidem
1956 2334 2097 2389 aqua

521 2416 625 2471 est,
685 2409 1076 2463 consecutione
1117 2425 1248 2465 vero
1301 2412 1536 2479 quadam
1581 2427 1678 2481 per
1727 2419 1938 2465 naturre
1982 2412 2099 2464 vias

523 2510 837 2566 permeans,
886 2505 942 2551 et
987 2512 1052 2551 ex
1105 2497 1464 2555 inferioribus
1510 2499 1576 2553 ad
1610 2499 1662 2553 id
1716 2500 1862 2570 quod
1909 2513 2100 2569 super-

521 2587 729 2644 eminet
752 2588 1060 2655 conﬂuens,
1096 2589 1152 2645 in
1179 2592 1293 2646 vini
1324 2592 1645 2662 qualitatem
1671 2601 1934 2659 mutatur,
1966 2592 2099 2648 solis

520 2679 678 2736 radio
706 2692 1062 2753 cooperante,
1095 2683 1186 2754 qui
1220 2684 1404 2740 calore
1434 2685 1718 2738 humidum
1752 2700 1783 2738 e
1829 2683 2099 2754 profundo

523 2771 592 2826 ad
644 2787 867 2843 germen
926 2776 1175 2839 eiiciens,
1213 2778 1434 2846 propria
1483 2786 1537 2832 et
1570 2779 1918 2832 convenienti
1974 2792 2097 2831 coe-

533 2866 679 2918 tinnc
715 2876 767 2920 et
796 2868 1112 2923 maturitate
1153 2869 1435 2923 humorem
1474 2868 1636 2923 eﬂieit
1670 2871 1855 2923 viuum
1892 2889 1903 2924 :
1937 2870 2008 2922 ita
2042 2879 2100 2922 ut

521 2955 823 3009 secundum
862 2965 1109 3010 naturam
1140 2955 1338 3010 humor
1368 2957 1458 3012 ille
1477 2958 1569 3027 qui
1590 2968 1674 3014 est
1694 2959 1746 3011 in
1769 2960 1876 3012 vite
1898 2959 2097 3012 nullam

520 3058 645 3099 eum
684 3046 814 3100 vino
846 3062 909 3101 ex
960 3063 1022 3102 ea
1058 3047 1326 3118 producto
1360 3049 1743 3105 alienationem
1774 3052 1889 3106 sive
1917 3050 2096 3104 diver-

521 3137 741 3191 sitatem
796 3137 993 3193 habeat
1036 3161 1048 3195 :
1096 3155 1163 3195 ex
1205 3140 1296 3195 illo
1329 3141 1472 3195 enim
1507 3142 1753 3207 humido,
1783 3142 1886 3197 hoc
1917 3142 2098 3195 Immi-

520 3229 683 3293 dum,
748 3244 926 3292 neque
980 3232 1271 3303 quisquam
1334 3234 1495 3287 aliam
1563 3234 1673 3288 vini
1757 3233 2099 3288 humidilatis

520 3333 742 3371 causam
799 3319 1034 3389 dixerit,
1076 3324 1181 3379 nisi
1235 3325 1562 3389 humorem,
1622 3326 1714 3395 qui
1770 3325 2099 3380 naturaliter

523 3410 839 3478 palmitibus
886 3413 1048 3469 inest.
1111 3414 1450 3481 Qualitatum
1519 3428 1701 3473 autent
1751 3417 2095 3485 dili'erentiaz,

522 3519 628 3554 non
663 3505 962 3559 secundmu
1017 3506 1068 3558 id
1105 3506 1250 3576 quod
1302 3507 1585 3562 humidum
1641 3518 1746 3575 est,
1799 3511 2096 3566 discrimen

526 3593 788 3655 inferunt,
808 3594 902 3649 sed
939 3600 1246 3666 proprietas
1263 3609 1347 3655 est
1365 3601 1635 3670 quaedam,
1670 3617 1791 3672 qua:
1814 3603 2095 3657 humidum

519 3683 663 3752 quiod
694 3694 778 3739 est
809 3688 862 3739 in
896 3689 1023 3743 viuo
1079 3690 1148 3744 ab
1180 3706 1241 3745 ea
1283 3708 1406 3762 quae
1434 3702 1517 3748 est
1549 3694 1602 3748 in
1645 3695 1865 3765 palmite
1895 3697 2095 3751 astric-

521 3776 667 3833 tione
687 3777 976 3846 discernit,
1011 3782 1093 3836 vel
1123 3782 1193 3836 oh
1219 3782 1586 3849 dulcedinem,
1614 3787 1694 3841 vel
1720 3787 2093 3843 humiditatem

517 3883 638 3952 qua:
675 3869 870 3952 horum
909 3860 1241 3929 alterutrum
1287 3876 1584 3932 comitatur
1622 3878 1698 3932 ita
1731 3889 1792 3936 ut
1823 3881 2074 3952 subjecto

514 3947 654 4002 idem
678 3950 806 4011 sint,
822 3954 1142 4019 qualitatum
1162 3970 1290 4009 vero
1305 3955 1628 4013 dill'erentiis
1647 3947 2084 4028 distinguantur.

513 4032 684 4105 igitur
712 4041 1171 4109 quemadmodum
1209 4061 1333 4101 cum
1364 4054 1427 4103 ek
1460 4048 1744 4120 Scriptura
1771 4050 2087 4108 audivimus

513 4129 855 4199 unigenitum
916 4132 1083 4189 Deum
1161 4131 1358 4192 Filium
1396 4153 1519 4196 esse
1565 4141 1843 4207 hominis;
1876 4158 1941 4197 ex
1985 4145 2086 4199 hac

514 4222 752 4276 nominis
777 4225 1039 4280 relatione
1061 4242 1184 4282 cum
1211 4246 1340 4285 vero
1359 4231 1580 4286 homine
1616 4234 2084 4290 necessitudinem

518 4322 574 4366 et
605 4316 982 4384 cognationem
1018 4319 1348 4377 didicimus:
1382 4324 1464 4379 sic
1500 4325 1752 4393 quamvis
1779 4327 2083 4387 secundum

513 4399 819 4463 sermonem
872 4412 1311 4468 adversariorum
1360 4431 1627 4486 gennema
1688 4397 1829 4474 sive.
1860 4436 2084 4491 germen

513 4493 684 4553 Filius
714 4500 948 4568 dicatur,
1006 4504 1365 4561 nihilominus
1397 4507 1559 4561 etiam
1620 4525 1714 4578 per
1763 4509 1887 4571 hoc,
1943 4511 2084 4581 quod
2122 4529 2162 4585 ι)

514 4591 816 4646 secundum
865 4594 1159 4650 essentiam
1195 4596 1475 4665 proprium
1510 4604 1595 4652 est
1632 4605 1687 4651 et
1726 4600 2084 4667 conjunctum

511 4697 635 4737 cum
671 4700 738 4741 eo
784 4686 876 4755 qui
914 4689 1102 4757 genuit
1139 4688 1514 4759 intelligimus.
1552 4690 1689 4757 Quia
1722 4706 1845 4745 cum
1896 4692 2083 4745 vinum

510 4774 723 4830 dicatur
778 4793 1067 4847 gennema,
1122 4777 1239 4833 sive
1312 4776 1525 4835 fructus
1558 4780 1705 4841 vitis.
1739 4796 1849 4835 non
1903 4790 2083 4836 tamen

509 4867 744 4923 alienum
790 4869 905 4924 sive
943 4870 1219 4927 diversum
1253 4871 1527 4927 invenitur
1566 4873 1868 4929 secundum
1906 4873 2084 4927 humi-

509 4957 699 5014 ditatis
733 4960 1023 5025 rationem,
1063 4961 1132 5015 ab
1164 4976 1227 5017 ea
1267 4962 1500 5016 naturali
1533 4976 1655 5032 quae
1687 4961 1741 5016 in
1792 4962 1901 5016 vite
1943 4962 2087 5015 inest

510 5060 799 5119 potestate.
833 5051 938 5106 Sed
975 5068 1098 5123 quae
1125 5054 1385 5108 dicuntur
1413 5054 1481 5108 ah
1504 5054 1840 5109 adversariis
1877 5053 1923 5109 si
1961 5055 2085 5124 quis

509 5154 644 5196 sane
667 5144 964 5209 examinet,
1006 5143 1072 5197 ad
1126 5151 1379 5198 nostrum
1412 5143 1609 5215 dogma
1637 5152 1891 5213 spectant
1916 5159 1931 5208 ;
1952 5160 2079 5200 sen-

509 5232 677 5286 lentia
730 5249 858 5289 vero
909 5235 1145 5305 propriis
1210 5235 1453 5305 ipsorum
1504 5236 1939 5292 astructionihus
2001 5253 2087 5291 re-

513 5332 737 5392 pugnat,
771 5327 971 5397 uhique
1006 5328 1150 5397 quod
1182 5327 1480 5383 secundum
1512 5329 1811 5385 essentiam
1842 5329 2081 5383 alienum

507 5418 596 5467 est
623 5428 871 5473 asserere
920 5419 1115 5489 cupide
1167 5422 1518 5476 certantium.
1577 5420 1741 5490 Atqui
1808 5420 2085 5487 conjicere

510 5518 852 5575 nequaquam
876 5508 1033 5565 facile
1061 5519 1145 5567 est.
1165 5551 1178 5575 ,
1230 5512 1373 5568 unde
1398 5512 1462 5567 ad
1494 5513 1763 5579 ejusmodi
1795 5513 2082 5582 Opiniones

510 5589 733 5646 adducti
801 5595 1039 5675 lucrum.
1114 5601 1169 5655 Si
1235 5602 1379 5656 enim
1448 5601 1541 5657 lilii
1611 5602 1901 5673 appellatio
1972 5618 2080 5656 non

509 5681 831 5755 simpliciter
874 5704 941 5743 ex
995 5690 1178 5760 aliquo
1205 5708 1328 5748 esse
1370 5694 1664 5765 signiﬁcat,
1719 5694 1815 5750 sed
1862 5696 2081 5766 proprie

508 5777 812 5837 naturalem
850 5782 1310 5850 propinquitatem
1352 5800 1445 5853 per
1476 5785 1529 5841 id
1563 5785 1926 5856 signiﬁcatum
1958 5803 2082 5857 per-

2199 370 2492 427 NYSSENI
2785 385 2789 389 ‘
3671 373 3775 428 600

2189 490 2334 556 Υἱὸς,
2359 492 2430 564 μὴ
2454 493 2553 562 τῆς
2574 493 2806 564 φυσικῆς
2821 492 2931 547 τῶν
2949 492 3225 563 ὀνομάτων
3245 492 3451 556 ἐννοίας
3473 489 3783 561 ὲπαληθευ-

2190 585 2356 655 ούσης
2375 588 2474 655 τήν
2495 583 2704 653 κλῆσιν.
2737 585 2827 648 Ὠς
2849 583 2957 655 γὰρ
2978 584 3038 637 οὐ
3067 582 3285 649 λέγεται
3307 582 3506 653 βάθρον
3537 581 3656 644 υἱὸς
3681 584 3779 634 τοὺ

2190 678 2462 747 τεχνίτου.
2511 677 2618 730 οὐδ’
2655 677 2721 731 ἀν
2747 694 2831 740 τις
2862 677 3005 729 είποι
3048 675 3158 730 τῶν
3202 674 3648 746 σωφρονούντων,
3694 675 3782 727 ὅτι

2189 769 2218 820 ὁ
2255 768 2535 839 οἰκοδόμος
2589 768 2689 839 τὴν
2729 769 2907 822 οἰκίαν
2957 765 3323 820 ἐτεκνώσατο⁹
3380 767 3499 819 οὔδε
3527 767 3784 838 γέννημα

2189 861 2283 915 τοῦ
2350 859 2735 933 ἀμπελουργοῦ
2794 860 2886 912 τὸν
2941 859 3240 930 ἀμπελῶνα
3306 859 3784 929 κατονομάζσμεν,

2188 962 2302 1015 ἀλλ’
2379 954 2539 1026 ἔργον
2574 955 2671 1026 μὲν
2701 953 2988 1025 ἀνθρώπου
3034 952 3097 1005 τὸ
3136 950 3602 1021 κατασκεύασμαθ
3661 950 3786 1005 υἱδδ

2188 1045 2245 1097 δὲ
2271 1044 2557 1116 ἀνθρώπου
2584 1045 2677 1098 τὸν
2704 1044 2761 1110 ἐξ
2791 1042 2955 1097 αὑτοῦ
2989 1039 3330 1111 γεννώμενον
3349 1057 3361 1068 °
3388 1040 3464 1104 ὡς
3489 1040 3578 1106 ἂν,
3595 1034 3787 1111 οἶμαι,

2189 1137 2250 1190 τὸ
2284 1137 2588 1207 πρόσφορον
2614 1135 2703 1189 διὰ
2729 1133 2837 1186 τῶν
2859 1132 3141 1203 ὀνομάτων
3170 1133 3228 1184 ἐν
3251 1134 3362 1194 τοῖς
3393 1131 3793 1202 ὑποκειμένοις

2197 1230 2529 1298 τημαίνοιτο’
2593 1226 2770 1290 οὕτως
2808 1226 2903 1278 καὶ
2936 1224 3067 1277 Υίδν
3096 1221 3234 1275 Θεοῦ
3269 1222 3361 1276 τὸν
3391 1221 3671 1293 Μονογενῆ
3709 1223 3796 1275 δι-

2189 1314 2507 1384 δαχθέντες,
2574 1314 2637 1367 οὑ
2687 1313 2898 1384 κτίσμα
2932 1312 3070 1365 Θεοῦ
3117 1310 3203 1363 διὰ
3250 1311 3347 1380 τῆς
3400 1312 3797 1382 προσηγορίας

2190 1408 2490 1478 ὲνοήσαμεν
2511 1406 2733 1477 ταύτης,
2751 1406 2866 1461 ἀλλ’
2892 1406 3028 1475 ὅπερ
3050 1403 3268 1472 ἀληθῶς
3290 1407 3321 1475 ή
3350 1403 3442 1457 τοῦ
3470 1403 3603 1458 Tia-3
3626 1405 3797 1475 φωνὴ

2191 1498 2269 1568 τῷ
2324 1499 2704 1569 σημαινομένῳ
2761 1496 3116 1549 ἐνδείκνυται.
3178 1494 3238 1546 El
3281 1493 3338 1547 δὲ
3362 1494 3484 1561 λαὶ
3525 1493 3795 1565 ἀμπέλου

2191 1591 2482 1661 γέννημαό
2524 1584 2667 1652 οἶνος
2697 1588 2803 1643 ὑπὸ
2847 1587 2949 1657 τῆς
2990 1587 3213 1657 Γραφῆς
3239 1584 3567 1656 ὀνομάζεται
3592 1602 3608 1617 ο
3654 1586 3796 1640 οὐδὲ

2191 1680 2359 1741 οὑτως
2384 1680 2448 1731 ἐκ
2474 1678 2575 1748 τῆς
2615 1675 2943 1747 ὁμωνυμίας
2983 1673 3185 1745 ταύτης
3217 1674 3310 1727 ἐπὶ
3344 1674 3451 1726 τῶν
3478 1677 3580 1745 τῆς
3613 1675 3796 1727 εὐσε-

2193 1771 2343 1832 ϐείας
2358 1770 2640 1840 δογμάτων
2664 1771 2691 1822 ὁ
2712 1768 2868 1836 λόγος
2882 1763 3377 1837 παραϐλαεήσεται.
3396 1766 3469 1819 Οὐ
3490 1766 3600 1836 γὰρ
3614 1765 3799 1837 δρυὸς

2194 1861 2435 1932 γέννημα
2459 1861 2548 1914 τὸν
2577 1857 2717 1913 οἶνόν
2743 1877 2942 1930 φαμεν,
2966 1860 3086 1913 οὑδὲ
3116 1860 3360 1931 ἀμπέλου
3400 1859 3488 1928 τὴν
3517 1856 3793 1928 βάλανον.

2208 1952 2343 2006 Ἀλλ’
2374 1952 2427 2004 ei
2468 1951 2551 2014 τίς
2600 1952 2713 2003 ἐστι
2743 1949 2999 2003 κοινωνία
3024 1948 3166 2003 κατά
3199 1948 3298 2018 τὴν
3337 1946 3496 2017 φύσιν
3523 1943 3617 2000 τοῦ
3649 1963 3794 2014 γενο

2195 2046 2432 2115 νήματος
2462 2043 2595 2113 πρὸς
2624 2042 2685 2094 τὸ
2710 2042 2830 2094 ὅθεν
2860 2042 3005 2094 ἐστίν
3023 2057 3037 2072 ·
3064 2044 3096 2112 ή
3129 2042 3236 2110 γὰρ
3258 2042 3315 2094 ὲν
3338 2041 3401 2110 τῇ
3434 2036 3673 2109 ἀμπέλῳ
3692 2053 3797 2090 vo-

2192 2138 2295 2201 τίς,
2327 2135 2413 2189 διά
2438 2135 2533 2187 τοῦ
2565 2133 2834 2203 πυθμένος
2859 2132 2956 2204 τῆς
2990 2133 3166 2203 ῥίζης,
3201 2132 3306 2185 ὑπὸ
3329 2131 3425 2201 τῆς
3445 2128 3800 2200 ὲντεριώνης

2193 2228 2538 2297 ὲξελκομένη,
2571 2229 2634 2297 τῇ
2663 2225 2886 2293 δυνάμει
2920 2225 3018 2295 μὲν
3040 2224 3183 2295 ὕδωρ
3213 2222 3380 2288 ἐστὶν,
3409 2220 3709 2293 ἀκολουθίᾳ
3730 2221 3802 2276 δέ

2192 2338 2298 2374 τινι
2326 2320 2413 2373 διά
2453 2318 2561 2372 τῶν
2601 2317 2735 2371 ὁδῶν
2772 2317 2873 2386 τῆς
2911 2315 3126 2383 φύσεως
3156 2314 3516 2386 πορευομένη,
3573 2312 3678 2365 καὶ
3724 2314 3800 2366 ἐκ

2192 2412 2302 2466 τῶν
2330 2409 2654 2480 κατωτέρων
2686 2407 2821 2477 πρὸς
2847 2408 2906 2459 τὺ
2934 2406 3329 2478 ὑπερκείμενον
3372 2405 3800 2477 μεταρρέουσα,

2195 2504 2330 2573 πρὸς
2359 2502 2501 2555 οἴνου
2541 2498 2865 2571 μεταϐάλλει
2888 2498 3169 2567 ποιότητα,
3206 2496 3574 2568 συνεργούσης
3601 2513 3660 2550 τι
3692 2497 3805 2551 καὶ

2194 2594 2293 2663 τῆς
2326 2591 2555 2663 ἡλιακῆς
2575 2590 2810 2653 ἀκτῖνος,
2847 2589 2880 2659 ἢ
2914 2587 3001 2641 διὰ
3030 2589 3131 2658 τῆς
3160 2587 3492 2657 θερμότητος
3516 2586 3580 2639 τὸ
3608 2586 3806 2656 ὑγρὸν

2195 2687 2258 2739 ἐκ
2285 2684 2378 2737 τοῦ
2416 2681 2609 2754 βάθους
2655 2680 2748 2732 ἐπὶ
2780 2680 2881 2749 τὴν
2932 2678 3171 2749 βλάστην
3204 2677 3523 2742 ἐξέλκουσα,
3562 2676 3658 2730 διὰ
3688 2677 3807 2748 τῆς

2196 2777 2396 2839 οἰκείας
2423 2775 2516 2827 καὶ
2558 2770 2893 2841 καταλλήλου
2936 2769 3187 2839 πέψεως,
3237 2764 3378 2822 οἶνον
3416 2769 3516 2839 τὴν
3573 2769 3808 2836 ἰκμάδα

2198 2867 2358 2920 ποιεῖ’
2406 2862 2545 2917 ὥστε
2577 2862 2715 2916 κατά
2743 2863 2924 2930 φύσιν,
2960 2860 3230 2932 μηδεμίαν
3261 2858 3657 2930 ἀλλοτριότητα
3686 2860 3810 2931 τὴν

2195 2956 2518 3027 ὲγκειμένην
2560 2956 2626 3024 τῇ
2662 2952 2890 3023 ἀμπέλῳ
2927 2950 3106 3004 νοτίδα
3148 2951 3285 3022 πρὸς
3311 2950 3401 3003 τὸν
3428 2945 3570 3003 οἶνον
3590 2950 3699 3004 τὸν
3731 2952 3804 3018 ἐξ

2194 3048 2365 3117 αὑτῆς
2395 3043 2846 3114 ἁπογεννώμενον
2871 3044 3037 3114 ἔχειν’
3051 3041 3111 3108 ἐξ
3133 3042 3342 3095 ἐκείνου
3358 3041 3465 3112 γὰρ
3483 3040 3579 3094 τοῦ
3601 3042 3813 3114 ὑγροῦ

2196 3140 2257 3193 τὸ
2277 3138 2439 3210 ὑγρὸν
2469 3136 2652 3198 τοῦτο,
2681 3136 2775 3189 καὶ
2800 3136 2899 3189 οὑκ
2938 3135 3004 3190 ἄν
3035 3152 3121 3199 τις
3148 3135 3341 3206 ἑτέραν
3367 3135 3471 3205 τῆς
3493 3133 3590 3187 τοῦ
3624 3136 3802 3190 οἴνου

2193 3229 2486 3301 ὑγρότητος
2509 3229 2687 3282 αἰτίαν
2716 3228 2878 3291 είποι,
2914 3230 2961 3281 εί
3002 3228 3075 3296 μὴ
3124 3227 3221 3299 τὴν
3244 3226 3486 3295 φυσικῶς
3514 3227 3805 3298 ἐγκειμέ-

2190 3339 2288 3392 νην
2318 3323 2431 3387 τοῖς
2453 3321 2693 3390 κλήμασι
2726 3320 2907 3373 νοτίδα
2931 3335 2945 3349 ·
2994 3320 3051 3371 αἱ
3080 3318 3136 3372 δὲ
3164 3318 3272 3370 τῶν
3312 3317 3617 3388 ποιοτήτων
3665 3318 3804 3374 δια-

2190 3412 2371 3483 φοραὶ,
2398 3412 2459 3464 οὑ
2485 3410 2583 3481 τὴν
2608 3411 2749 3464 κατά
2777 3410 2836 3461 τὸ
2860 3409 3026 3480 ὑγρὸν
3049 3407 3406 3479 παραλλαγὴν
3426 3407 3800 3478 ἐμποιοῦσιν

2188 3504 2325 3558 ἀλλά
2349 3520 2489 3565 τινος
2526 3503 2785 3572 ἰδιότητος
2814 3502 2875 3554 τὸ
2901 3502 2960 3553 ὲν
2986 3501 3065 3571 τῷ
3090 3501 3217 3571 οῖνῳ
3240 3500 3405 3571 ὑγρὸν
3434 3499 3543 3553 ἀπὸ
3571 3502 3683 3573 τῆς
3733 3505 3805 3556 ὲν

2187 3595 2265 3666 τῷ
2304 3595 2538 3666 κλήματι
2589 3592 2973 3663 διακρινούσης
3007 3591 3271 3661 στύψεως,
3307 3590 3340 3661 ἢ
3384 3590 3726 3663 γλυκύτητι,
3761 3594 3801 3666 ἢ

2188 3687 2464 3758 ὑγρότητι,
2497 3684 2711 3757 θατέρῳ
2746 3683 2952 3736 τούτων
2984 3683 3463 3755 παρομαρτούσης·
3521 3681 3674 3737 ὥστε
3709 3687 3802 3757 τῷ

2190 3780 2289 3851 μὲν
2326 3778 2668 3849 ὑποκείμενῳ
2694 3776 2891 3830 ταύτὺν
2916 3771 3074 3840 εἶναι,
3118 3778 3237 3840 ταῖς
3258 3776 3316 3830 δὲ
3338 3775 3446 3828 τῶν
3472 3779 3802 3849 ποιοτήτων

2186 3873 2468 3943 διαφοραῖς
2489 3870 2854 3936 ἐξαλλάσσειν.
2870 3867 3079 3922 Οὐκοῦν
3101 3867 3291 3939 ὥσπερ
3321 3867 3450 3921 Υίὸν
3474 3867 3802 3939 ἀνθρώπου

2185 3964 2278 4018 τὸν
2307 3961 2571 4035 μονογενῆ
2604 3961 2736 4015 Θεὸν
2765 3960 2916 4033 παρὰ
2943 3959 3044 4030 τῆς
3071 3959 3294 4029 Γραφῆς
3333 3959 3661 4029 ἀκηκοότες.
3701 3963 3807 4017 διὰ

2185 4056 2288 4125 τῆς
2328 4053 2424 4109 τοῦ
2476 4054 2740 4125 ὀνόματος
2781 4052 3019 4123 σλέσεως
3063 4050 3163 4123 τὴν
3202 4050 3337 4121 πρὸς
3386 4050 3477 4103 τὸν
3512 4050 3805 4122 ἀληθινὸν

2188 4148 2471 4218 ἄνθρωπον
2497 4145 2804 4215 οἰκειότητα
2845 4142 3241 4215 μεμαθήκαμεν
3262 4157 3278 4173 ’
3341 4142 3486 4196 οὕτω
3511 4143 3619 4199 κᾶν
3666 4146 3806 4214 γέν·

2187 4255 2336 4309 νημα
2357 4237 2498 4292 κατὰ
2527 4236 2617 4291 τὸν
2643 4236 2801 4304 λόγον
2828 4235 2920 4288 τού
2951 4234 3273 4287 ὑπεναντίου
3313 4234 3342 4285 ὁ
3369 4233 3495 4297 Υἱὸς
3515 4233 3802 4306 λέγηται,

2186 4329 2338 4383 οὐδὲν
2358 4323 2520 4399 ἦττον
2547 4327 2643 4381 καὶ
2661 4326 2749 4379 διὰ
2776 4325 2965 4379 τούτου
2997 4324 3058 4378 τὸ
3090 4326 3211 4377 κατ’
3239 4323 3425 4379 οὐσίαν
3449 4326 3659 4378 οίκεῖον
3688 4331 3805 4383 αὑ-

2188 4420 2279 4474 τοῦ
2308 4419 2444 4491 πρὸς
2475 4419 2566 4472 τὸν
2595 4416 2959 4488 γεγεννηκότα
2998 4416 3342 4485 μανθάνομεν
3361 4451 3377 4477 ,
3432 4412 3518 4470 διὰ
3546 4417 3648 4471 τοῦ
3692 4423 3807 4475 καὶ

2190 4513 2280 4565 τὸν
2309 4507 2450 4564 οἶνον
2472 4510 2717 4580 γέννημα
2742 4510 2841 4580 τῆς
2879 4509 3124 4580 ἀμπέλου
3161 4509 3473 4580 λεγόμενον,
3507 4509 3587 4582 μὴ
3615 4512 3804 4567 ἁλλό-

2187 4618 2334 4673 τριον
2366 4599 2655 4672 εὑρεθῆναι
2696 4600 2840 4653 κατά
2876 4599 2967 4652 τὸν
2993 4598 3092 4669 τῆς
3131 4599 3429 4670 ὑγρότητος
3469 4598 3633 4667 λόγον
3682 4605 3803 4673 τῆς

2189 4691 2421 4762 φυσικῆς
2445 4690 2768 4761 ἐγκειμένης
2802 4693 2866 4760 τῇ
2900 4689 3130 4762 ἀμπέλῳ
3150 4689 3450 4760 δυνάμεως.
3515 4689 3691 4746 Ἀλλὰ
3719 4695 3801 4748 τὰ

2190 4784 2287 4854 μὲν
2314 4782 2580 4854 λεγόμενα
2628 4781 2775 4852 παρά
2805 4782 2913 4836 τῶν
2959 4780 3327 4843 ὑπεναντίων,
3385 4780 3441 4833 εῖ
3477 4797 3567 4845 τις
3597 4782 3800 4851 ὑγιῶς

2186 4874 2449 4942 ἐξετάζοι,
2485 4875 2622 4946 πρὸς
2646 4874 2707 4927 τὸ
2740 4874 3007 4945 ἡμέτερον
3043 4872 3220 4943 δόγμα
3241 4871 3459 4943 βλέπειο
3498 4873 3532 4941 ἡ
3561 4872 3618 4926 δὲ
3654 4874 3800 4930 διά-

2184 4986 2305 5023 νοια
2345 4969 2464 5031 ταῖς
2509 4966 2664 5031 ἰδίαις
2700 4967 2881 5020 αὐτῶν
2915 4966 3284 5029 κατασκευαῖς
3322 4964 3794 5036 ἀντιφθέγγεται,

2187 5057 2461 5128 πανταχοῦ
2491 5058 2549 5111 τὸ
2576 5057 2716 5112 κατά
2747 5058 2845 5128 τὴν
2880 5057 3070 5110 οὐσίαν
3103 5056 3383 5127 ἀλλότριον
3417 5061 3796 5115 κατασκευάο

2186 5151 2299 5216 ζειν
2343 5150 2806 5224 φιλονεικούντων.
2852 5147 3043 5201 Καίτοι
3085 5164 3149 5217 γε
3184 5149 3530 5203 παντάπασιν
3556 5151 3796 5223 ἄπορόν

2185 5244 2300 5298 ἐστι
2328 5241 2834 5314 καταποχὰσασθαι
2852 5280 2865 5304 ,
2909 5238 3030 5293 ὅθεν
3056 5240 3194 5310 πρὸς
3217 5239 3317 5304 τὰς
3349 5240 3601 5304 τοιαύτας
3628 5243 3788 5299 ὑπο-

2184 5337 2372 5407 λήψεις
2410 5336 2748 5406 ὑπήχθησαν.
2803 5334 2865 5386 ΕΞ
2901 5332 3009 5403 γὰρ
3053 5334 3086 5403 ἡ
3127 5331 3221 5385 τοῦ
3257 5331 3376 5386 υίοῦ
3416 5337 3786 5408 προσηγορία

2184 5429 2281 5497 οὐχ
2306 5427 2489 5489 ἁπλῶς
2518 5426 2577 5477 τὸ
2599 5425 2662 5478 ἔκ
2690 5440 2832 5486 τινος
2863 5420 3003 5476 εἶναι
3030 5423 3300 5494 σημαίνει,
3323 5422 3461 5477 ἀλλά
3492 5423 3641 5489 ἰδίως
3664 5428 3785 5498 τὴν

2183 5519 2322 5572 κατά
2349 5517 2506 5587 φύσιν
2534 5515 2807 5569 οἱκείωσιν
2834 5514 2921 5568 διά
2946 5513 3038 5567 τοῦ
3061 5515 3464 5586 σημαινομένου
3493 5517 3780 5591 παρίστη.

2186 5626 2287 5670 σιν,
2318 5609 2393 5672 ὼς
2422 5608 2580 5670 αὑτός
2609 5622 2770 5675 φησιν
2794 5608 2822 5659 ό
2851 5605 3135 5673 Εὑνόμιος⁸
3199 5606 3293 5656 καὶ
3322 5604 3567 5676 γέννημα
3594 5606 3782 5676 δρυὸς

2182 5692 2323 5759 οἶνος
2349 5697 2414 5749 οὑ⁸
2428 5695 2661 5763 λέγεται,
2695 5694 2787 5747 καὶ
2815 5693 3128 5764 γεννήματα
3157 5691 3265 5745 τῶν
3293 5692 3534 5763 ἐχιδνῶν,
3570 5695 3782 5764 καθώς

2184 5805 2315 5858 φησι
2366 5785 2424 5841 τὸ
2471 5784 2830 5855 Εὑαγγέλιον,
2881 5783 3034 5856 ὄφεις
3084 5782 3191 5837 εἰσὶ
3237 5783 3332 5838 καὶ
3378 5783 3440 5837 οὑ
3479 5783 3781 5854 πρόϐατα·
