  <div class='ocr_page' id='page_1' title='image "/cluster/home/n/w/nwhite01/storage/ocr_20150623/45/hvd.32044073501876/318.png"; bbox 0 0 3992 6210; ppageno 0'>
   <div class='ocr_carea' id='block_1_1' title="bbox 225 367 1716 450">
    <p class='ocr_par' dir='ltr' id='par_1_1' title="bbox 225 367 1716 439">
     <span class='ocr_line' id='line_1_1' title="bbox 225 367 1716 439; baseline 0.006 -14"><span class='ocrx_word' id='word_1_1' title='bbox 225 367 300 425; x_wconf 75' lang='grc' dir='ltr'>σοι</span> <span class='ocrx_word' id='word_1_2' title='bbox 991 428 1003 439; x_wconf 61' lang='grc'>,</span> <span class='ocrx_word' id='word_1_3' title='bbox 1291 376 1568 434; x_wconf 72' lang='lat' dir='ltr'><strong>CONTRA</strong></span> <span class='ocrx_word' id='word_1_4' title='bbox 1607 378 1716 436; x_wconf 79' lang='lat' dir='ltr'><strong>EUI</strong></span> 
     </span>
    </p>
   </div>
   <div class='ocr_carea' id='block_1_2' title="bbox 1817 367 2288 450">
    <p class='ocr_par' dir='ltr' id='par_1_2' title="bbox 1817 381 2288 450">
     <span class='ocr_line' id='line_1_2' title="bbox 1817 381 2288 450; baseline 0.013 -15"><span class='ocrx_word' id='word_1_5' title='bbox 1817 381 1993 450; x_wconf 76' lang='lat' dir='ltr'><strong>dliiM,</strong></span> <span class='ocrx_word' id='word_1_6' title='bbox 2030 384 2071 438; x_wconf 89' lang='lat' dir='ltr'><strong>L</strong></span> <span class='ocrx_word' id='word_1_7' title='bbox 2102 384 2158 439; x_wconf 87' lang='grc' dir='ltr'>Β.</span> <span class='ocrx_word' id='word_1_8' title='bbox 2198 385 2288 441; x_wconf 81' lang='lat' dir='ltr'><strong>lii.</strong></span> 
     </span>
    </p>
   </div>
   <div class='ocr_carea' id='block_1_3' title="bbox 3294 393 3405 453">
    <p class='ocr_par' dir='ltr' id='par_1_3' title="bbox 3294 393 3405 453">
     <span class='ocr_line' id='line_1_3' title="bbox 3294 393 3405 453; baseline -0.054 0"><span class='ocrx_word' id='word_1_9' title='bbox 3294 393 3405 453; x_wconf 73' lang='lat'><strong>60&#39;2</strong></span> 
     </span>
    </p>
   </div>
   <div class='ocr_carea' id='block_1_4' title="bbox 220 479 1716 576">
    <p class='ocr_par' dir='ltr' id='par_1_4' title="bbox 220 479 1716 562">
     <span class='ocr_line' id='line_1_4' title="bbox 220 479 1716 562; baseline 0.011 -30"><span class='ocrx_word' id='word_1_10' title='bbox 220 479 342 550; x_wconf 73' lang='grc' dir='ltr'>δῆλον</span> <span class='ocrx_word' id='word_1_11' title='bbox 367 480 435 534; x_wconf 80' lang='grc' dir='ltr'>ὅτι</span> <span class='ocrx_word' id='word_1_12' title='bbox 463 482 553 536; x_wconf 75' lang='grc' dir='ltr'><strong>καὶ</strong></span> <span class='ocrx_word' id='word_1_13' title='bbox 579 482 671 536; x_wconf 71' lang='grc' dir='ltr'>ἐπὶ</span> <span class='ocrx_word' id='word_1_14' title='bbox 702 483 795 538; x_wconf 85' lang='grc' dir='ltr'><strong>τοῦ</strong></span> <span class='ocrx_word' id='word_1_15' title='bbox 820 485 1159 557; x_wconf 80' lang='grc' dir='ltr'>Μονογενοῦς</span> <span class='ocrx_word' id='word_1_16' title='bbox 1196 490 1230 562; x_wconf 70' lang='grc' dir='ltr'><strong>ἦ</strong></span> <span class='ocrx_word' id='word_1_17' title='bbox 1262 508 1322 544; x_wconf 83' lang='grc' dir='ltr'><strong>τε</strong></span> <span class='ocrx_word' id='word_1_18' title='bbox 1352 491 1446 545; x_wconf 86' lang='grc' dir='ltr'><strong>τοῦ</strong></span> <span class='ocrx_word' id='word_1_19' title='bbox 1483 492 1600 546; x_wconf 81' lang='grc' dir='ltr'>υἱοῦ</span> <span class='ocrx_word' id='word_1_20' title='bbox 1628 495 1716 548; x_wconf 74' lang='grc' dir='ltr'>καὶ</span> 
     </span>
    </p>
   </div>
   <div class='ocr_carea' id='block_1_5' title="bbox 1817 479 3408 576">
    <p class='ocr_par' dir='ltr' id='par_1_5' title="bbox 1828 497 3408 576">
     <span class='ocr_line' id='line_1_5' title="bbox 1828 497 3408 576; baseline 0.011 -27"><span class='ocrx_word' id='word_1_21' title='bbox 1828 497 1995 559; x_wconf 80' lang='lat' dir='ltr'><strong>hihet.</strong></span> <span class='ocrx_word' id='word_1_22' title='bbox 2023 506 2083 552; x_wconf 88' lang='lat' dir='ltr'><strong>ut</strong></span> <span class='ocrx_word' id='word_1_23' title='bbox 2111 500 2225 569; x_wconf 86' lang='lat' dir='ltr'><strong>ipse</strong></span> <span class='ocrx_word' id='word_1_24' title='bbox 2269 505 2516 553; x_wconf 70' lang='lat' dir='ltr'><strong>autumat</strong></span> <span class='ocrx_word' id='word_1_25' title='bbox 2553 499 2886 569; x_wconf 87' lang='lat' dir='ltr'><strong>Eunomius;</strong></span> <span class='ocrx_word' id='word_1_26' title='bbox 2912 510 2968 560; x_wconf 85' lang='lat' dir='ltr'><strong>et</strong></span> <span class='ocrx_word' id='word_1_27' title='bbox 2999 497 3263 576; x_wconf 84' lang='lat' dir='ltr'><strong>gennema</strong></span> <span class='ocrx_word' id='word_1_28' title='bbox 3290 510 3408 566; x_wconf 81' lang='lat' dir='ltr'><strong>sive</strong></span> 
     </span>
    </p>
   </div>
   <div class='ocr_carea' id='block_1_6' title="bbox 222 569 1727 654">
    <p class='ocr_par' dir='ltr' id='par_1_6' title="bbox 222 569 1727 654">
     <span class='ocr_line' id='line_1_6' title="bbox 222 569 1727 654; baseline 0.011 -31"><span class='ocrx_word' id='word_1_29' title='bbox 222 569 289 625; x_wconf 77' lang='grc' dir='ltr'><strong>τοῦ</strong></span> <span class='ocrx_word' id='word_1_30' title='bbox 325 572 626 643; x_wconf 76' lang='grc' dir='ltr'><strong>γεννήματος</strong></span> <span class='ocrx_word' id='word_1_31' title='bbox 664 578 1004 649; x_wconf 72' lang='grc' dir='ltr'><strong>προσηγορία</strong></span> <span class='ocrx_word' id='word_1_32' title='bbox 1087 581 1187 634; x_wconf 89' lang='grc' dir='ltr'><strong>οὑκ</strong></span> <span class='ocrx_word' id='word_1_33' title='bbox 1227 582 1292 636; x_wconf 84' lang='grc' dir='ltr'>ἂν</span> <span class='ocrx_word' id='word_1_34' title='bbox 1322 584 1458 654; x_wconf 76' lang='grc' dir='ltr'>πρὸς</span> <span class='ocrx_word' id='word_1_35' title='bbox 1501 585 1560 637; x_wconf 79' lang='grc' dir='ltr'>τὸ</span> <span class='ocrx_word' id='word_1_36' title='bbox 1607 587 1727 639; x_wconf 78' lang='grc' dir='ltr'>ἐτε-</span> 
     </span>
    </p>
   </div>
   <div class='ocr_carea' id='block_1_7' title="bbox 222 662 1727 746">
    <p class='ocr_par' dir='ltr' id='par_1_7' title="bbox 222 662 1727 746">
     <span class='ocr_line' id='line_1_7' title="bbox 222 662 1727 746; baseline 0.011 -32"><span class='ocrx_word' id='word_1_37' title='bbox 222 662 391 731; x_wconf 68' lang='grc' dir='ltr'>ρογενὲς</span> <span class='ocrx_word' id='word_1_38' title='bbox 436 664 540 734; x_wconf 81' lang='grc' dir='ltr'>ἔχει</span> <span class='ocrx_word' id='word_1_39' title='bbox 581 665 681 737; x_wconf 78' lang='grc' dir='ltr'>τὴν</span> <span class='ocrx_word' id='word_1_40' title='bbox 713 668 1019 740; x_wconf 78' lang='grc' dir='ltr'>οἰκειότητα</span> <span class='ocrx_word' id='word_1_41' title='bbox 1041 688 1055 701; x_wconf 73' lang='grc' dir='ltr'><strong>ο</strong></span> <span class='ocrx_word' id='word_1_42' title='bbox 1113 672 1226 726; x_wconf 79' lang='grc' dir='ltr'>ἀλλ’</span> <span class='ocrx_word' id='word_1_43' title='bbox 1264 674 1420 746; x_wconf 80' lang='grc' dir='ltr'>εἴπερ</span> <span class='ocrx_word' id='word_1_44' title='bbox 1456 676 1595 730; x_wconf 82' lang='grc' dir='ltr'><strong>κατά</strong></span> <span class='ocrx_word' id='word_1_45' title='bbox 1635 677 1727 731; x_wconf 80' lang='grc' dir='ltr'>τὸν</span> 
     </span>
    </p>
   </div>
   <div class='ocr_carea' id='block_1_8' title="bbox 219 754 1727 835">
    <p class='ocr_par' dir='ltr' id='par_1_8' title="bbox 219 754 1727 835">
     <span class='ocr_line' id='line_1_8' title="bbox 219 754 1727 835; baseline 0.007 -24"><span class='ocrx_word' id='word_1_46' title='bbox 219 754 336 811; x_wconf 56' lang='grc' dir='ltr'>λόγον</span> <span class='ocrx_word' id='word_1_47' title='bbox 366 756 463 809; x_wconf 81' lang='grc' dir='ltr'><strong>τῶν</strong></span> <span class='ocrx_word' id='word_1_48' title='bbox 524 758 861 815; x_wconf 79' lang='grc' dir='ltr'><strong>ὑπεναντίων</strong></span> <span class='ocrx_word' id='word_1_49' title='bbox 903 764 997 817; x_wconf 79' lang='grc' dir='ltr'>καὶ</span> <span class='ocrx_word' id='word_1_50' title='bbox 1045 764 1288 835; x_wconf 81' lang='grc' dir='ltr'><strong>γέννημα</strong></span> <span class='ocrx_word' id='word_1_51' title='bbox 1329 766 1577 834; x_wconf 71' lang='grc' dir='ltr'>λέγεται,</span> <span class='ocrx_word' id='word_1_52' title='bbox 1631 769 1727 821; x_wconf 75' lang='grc' dir='ltr'>καὶ</span> 
     </span>
    </p>
   </div>
   <div class='ocr_carea' id='block_1_9' title="bbox 214 846 1725 928">
    <p class='ocr_par' dir='ltr' id='par_1_9' title="bbox 214 846 1725 928">
     <span class='ocr_line' id='line_1_9' title="bbox 214 846 1725 928; baseline 0.009 -27"><span class='ocrx_word' id='word_1_53' title='bbox 214 846 321 901; x_wconf 69' lang='grc' dir='ltr'><strong>κατά</strong></span> <span class='ocrx_word' id='word_1_54' title='bbox 338 846 422 918; x_wconf 79' lang='grc' dir='ltr'>τὴν</span> <span class='ocrx_word' id='word_1_55' title='bbox 449 848 638 918; x_wconf 75' lang='grc' dir='ltr'>φύσιν,</span> <span class='ocrx_word' id='word_1_56' title='bbox 692 851 769 916; x_wconf 82' lang='grc' dir='ltr'>ὡς</span> <span class='ocrx_word' id='word_1_57' title='bbox 800 855 1172 926; x_wconf 77' lang='grc' dir='ltr'><strong>ὁμολογοῦσιν,</strong></span> <span class='ocrx_word' id='word_1_58' title='bbox 1220 858 1366 911; x_wconf 69' lang='grc' dir='ltr'>ἐστὶν</span> <span class='ocrx_word' id='word_1_59' title='bbox 1396 860 1430 928; x_wconf 81' lang='grc' dir='ltr'><strong>ἡ</strong></span> <span class='ocrx_word' id='word_1_60' title='bbox 1466 858 1558 912; x_wconf 81' lang='grc' dir='ltr'><strong>τοῦ</strong></span> <span class='ocrx_word' id='word_1_61' title='bbox 1592 860 1725 914; x_wconf 82' lang='grc' dir='ltr'>Υίοῦ</span> 
     </span>
    </p>
   </div>
   <div class='ocr_carea' id='block_1_10' title="bbox 213 939 1726 1020">
    <p class='ocr_par' dir='ltr' id='par_1_10' title="bbox 213 939 1726 1020">
     <span class='ocr_line' id='line_1_10' title="bbox 213 939 1726 1020; baseline 0.009 -29"><span class='ocrx_word' id='word_1_62' title='bbox 213 939 376 1009; x_wconf 73' lang='grc' dir='ltr'>κλῆσις,</span> <span class='ocrx_word' id='word_1_63' title='bbox 404 941 496 1012; x_wconf 85' lang='grc' dir='ltr'>τῆς</span> <span class='ocrx_word' id='word_1_64' title='bbox 526 943 714 1008; x_wconf 79' lang='grc' dir='ltr'>οὐσίας</span> <span class='ocrx_word' id='word_1_65' title='bbox 744 946 861 999; x_wconf 67' lang='grc' dir='ltr'>ἐστὶ</span> <span class='ocrx_word' id='word_1_66' title='bbox 890 948 1106 1013; x_wconf 84' lang='grc' dir='ltr'>πάντως</span> <span class='ocrx_word' id='word_1_67' title='bbox 1148 949 1241 1003; x_wconf 86' lang='grc' dir='ltr'><strong>τοῦ</strong></span> <span class='ocrx_word' id='word_1_68' title='bbox 1283 951 1667 1020; x_wconf 83' lang='grc' dir='ltr'>γεγεννηκότος</span> <span class='ocrx_word' id='word_1_69' title='bbox 1696 953 1726 1005; x_wconf 84' lang='grc' dir='ltr'>ὁ</span> 
     </span>
    </p>
   </div>
   <div class='ocr_carea' id='block_1_11' title="bbox 209 1029 1726 1111">
    <p class='ocr_par' dir='ltr' id='par_1_11' title="bbox 209 1029 1726 1111">
     <span class='ocr_line' id='line_1_11' title="bbox 209 1029 1726 1111; baseline 0.008 -29"><span class='ocrx_word' id='word_1_70' title='bbox 209 1029 323 1095; x_wconf 77' lang='grc' dir='ltr'>Υἱὸς,</span> <span class='ocrx_word' id='word_1_71' title='bbox 346 1032 437 1084; x_wconf 77' lang='grc' dir='ltr'>οὐκ</span> <span class='ocrx_word' id='word_1_72' title='bbox 465 1032 622 1087; x_wconf 79' lang='grc' dir='ltr'>ἄλλου</span> <span class='ocrx_word' id='word_1_73' title='bbox 644 1036 789 1099; x_wconf 78' lang='grc' dir='ltr'>τινὸς</span> <span class='ocrx_word' id='word_1_74' title='bbox 814 1038 925 1091; x_wconf 82' lang='grc' dir='ltr'>τῶν</span> <span class='ocrx_word' id='word_1_75' title='bbox 956 1038 1060 1104; x_wconf 78' lang='grc' dir='ltr'><strong>ἔξω</strong></span> <span class='ocrx_word' id='word_1_76' title='bbox 1086 1038 1469 1111; x_wconf 77' lang='grc' dir='ltr'><strong>θεωρουμένων</strong></span> <span class='ocrx_word' id='word_1_77' title='bbox 1496 1040 1597 1111; x_wconf 83' lang='grc' dir='ltr'>τῆς</span> <span class='ocrx_word' id='word_1_78' title='bbox 1627 1041 1726 1110; x_wconf 81' lang='grc' dir='ltr'><strong>φύ-</strong></span> 
     </span>
    </p>
   </div>
   <div class='ocr_carea' id='block_1_12' title="bbox 207 1122 1727 1198">
    <p class='ocr_par' dir='ltr' id='par_1_12' title="bbox 207 1122 1727 1198">
     <span class='ocr_line' id='line_1_12' title="bbox 207 1122 1727 1198; baseline 0.01 -25"><span class='ocrx_word' id='word_1_79' title='bbox 207 1138 326 1186; x_wconf 83' lang='grc' dir='ltr'>σεως.</span> <span class='ocrx_word' id='word_1_80' title='bbox 371 1122 503 1177; x_wconf 72' lang='grc' dir='ltr'><strong>Εἰδὲ</strong></span> <span class='ocrx_word' id='word_1_81' title='bbox 545 1124 756 1179; x_wconf 77' lang='grc' dir='ltr'>ἐκεῖθεν</span> <span class='ocrx_word' id='word_1_82' title='bbox 803 1128 1019 1198; x_wconf 84' lang='grc' dir='ltr'>ἀληθῶς</span> <span class='ocrx_word' id='word_1_83' title='bbox 1054 1130 1222 1194; x_wconf 79' lang='grc' dir='ltr'>ἐστιν,</span> <span class='ocrx_word' id='word_1_84' title='bbox 1269 1132 1368 1186; x_wconf 88' lang='grc' dir='ltr'><strong>οὑκ</strong></span> <span class='ocrx_word' id='word_1_85' title='bbox 1397 1132 1727 1197; x_wconf 77' lang='grc' dir='ltr'>ἁπεξένωται</span> 
     </span>
    </p>
   </div>
   <div class='ocr_carea' id='block_1_13' title="bbox 203 1212 1725 1296">
    <p class='ocr_par' dir='ltr' id='par_1_13' title="bbox 203 1212 1725 1296">
     <span class='ocr_line' id='line_1_13' title="bbox 203 1212 1725 1296; baseline 0.009 -32"><span class='ocrx_word' id='word_1_86' title='bbox 203 1212 376 1276; x_wconf 80' lang='grc' dir='ltr'>πάντως</span> <span class='ocrx_word' id='word_1_87' title='bbox 404 1213 494 1267; x_wconf 84' lang='grc' dir='ltr'><strong>τοῦ</strong></span> <span class='ocrx_word' id='word_1_88' title='bbox 521 1214 644 1270; x_wconf 83' lang='grc' dir='ltr'>ὅθεν</span> <span class='ocrx_word' id='word_1_89' title='bbox 663 1216 831 1283; x_wconf 69' lang='grc' dir='ltr'>ιστὶν,</span> <span class='ocrx_word' id='word_1_90' title='bbox 849 1217 925 1283; x_wconf 78' lang='grc' dir='ltr'>ὣς</span> <span class='ocrx_word' id='word_1_91' title='bbox 946 1221 1038 1273; x_wconf 77' lang='grc' dir='ltr'>καὶ</span> <span class='ocrx_word' id='word_1_92' title='bbox 1067 1221 1125 1273; x_wconf 83' lang='grc' dir='ltr'>ὲν</span> <span class='ocrx_word' id='word_1_93' title='bbox 1150 1225 1259 1285; x_wconf 77' lang='grc' dir='ltr'>τοῖς</span> <span class='ocrx_word' id='word_1_94' title='bbox 1284 1221 1464 1287; x_wconf 76' lang='grc' dir='ltr'>ἄλλοις</span> <span class='ocrx_word' id='word_1_95' title='bbox 1485 1224 1692 1296; x_wconf 78' lang='grc' dir='ltr'><strong>ἐδείχθη</strong></span> <span class='ocrx_word' id='word_1_96' title='bbox 1713 1241 1725 1253; x_wconf 71' lang='grc'>⁸</span> 
     </span>
    </p>
   </div>
   <div class='ocr_carea' id='block_1_14' title="bbox 200 1306 1727 1387">
    <p class='ocr_par' dir='ltr' id='par_1_14' title="bbox 200 1306 1727 1387">
     <span class='ocr_line' id='line_1_14' title="bbox 200 1306 1727 1387; baseline 0.009 -29"><span class='ocrx_word' id='word_1_97' title='bbox 200 1306 262 1358; x_wconf 78' lang='grc' dir='ltr'>ὅτι</span> <span class='ocrx_word' id='word_1_98' title='bbox 290 1308 381 1359; x_wconf 74' lang='grc' dir='ltr'><strong>πᾶν</strong></span> <span class='ocrx_word' id='word_1_99' title='bbox 402 1307 460 1360; x_wconf 80' lang='grc' dir='ltr'>τὸ</span> <span class='ocrx_word' id='word_1_100' title='bbox 489 1310 746 1378; x_wconf 80' lang='grc' dir='ltr'>γεννητὸν</span> <span class='ocrx_word' id='word_1_101' title='bbox 772 1310 834 1363; x_wconf 77' lang='grc' dir='ltr'>ἐκ</span> <span class='ocrx_word' id='word_1_102' title='bbox 865 1328 1011 1376; x_wconf 88' lang='grc' dir='ltr'>τινος</span> <span class='ocrx_word' id='word_1_103' title='bbox 1040 1313 1300 1381; x_wconf 79' lang='grc' dir='ltr'>ὑποστὰν,</span> <span class='ocrx_word' id='word_1_104' title='bbox 1332 1317 1591 1387; x_wconf 83' lang='grc' dir='ltr'>όμογενὲς</span> <span class='ocrx_word' id='word_1_105' title='bbox 1613 1320 1727 1371; x_wconf 78' lang='grc' dir='ltr'>ἐστι</span> 
     </span>
    </p>
   </div>
   <div class='ocr_carea' id='block_1_15' title="bbox 198 1394 930 1470">
    <p class='ocr_par' dir='ltr' id='par_1_15' title="bbox 198 1394 930 1470">
     <span class='ocr_line' id='line_1_15' title="bbox 198 1394 930 1470; baseline 0.015 -25"><span class='ocrx_word' id='word_1_106' title='bbox 198 1395 374 1460; x_wconf 70' lang='grc' dir='ltr'>πάντως</span> <span class='ocrx_word' id='word_1_107' title='bbox 399 1397 472 1467; x_wconf 83' lang='grc' dir='ltr'><strong>τῷ</strong></span> <span class='ocrx_word' id='word_1_108' title='bbox 509 1397 571 1464; x_wconf 76' lang='grc' dir='ltr'><strong>ἐξ</strong></span> <span class='ocrx_word' id='word_1_109' title='bbox 594 1394 655 1454; x_wconf 77' lang='grc' dir='ltr'><strong>οὑ</strong></span> <span class='ocrx_word' id='word_1_110' title='bbox 687 1401 930 1470; x_wconf 81' lang='grc' dir='ltr'>γέγονεν.</span> 
     </span>
    </p>
   </div>
   <div class='ocr_carea' id='block_1_16' title="bbox 1834 587 3401 662">
    <p class='ocr_par' dir='ltr' id='par_1_16' title="bbox 1834 587 3401 662">
     <span class='ocr_line' id='line_1_16' title="bbox 1834 587 3401 662; baseline 0.01 -21"><span class='ocrx_word' id='word_1_111' title='bbox 1834 587 2048 644; x_wconf 79' lang='lat' dir='ltr'><strong>fructits</strong></span> <span class='ocrx_word' id='word_1_112' title='bbox 2080 606 2319 659; x_wconf 81' lang='lat' dir='ltr'><strong>quercus</strong></span> <span class='ocrx_word' id='word_1_113' title='bbox 2366 592 2551 647; x_wconf 88' lang='lat' dir='ltr'><strong>vinum</strong></span> <span class='ocrx_word' id='word_1_114' title='bbox 2601 609 2708 649; x_wconf 92' lang='lat' dir='ltr'><strong>non</strong></span> <span class='ocrx_word' id='word_1_115' title='bbox 2751 597 2975 662; x_wconf 85' lang='lat' dir='ltr'><strong>dicitur,</strong></span> <span class='ocrx_word' id='word_1_116' title='bbox 3028 609 3082 652; x_wconf 93' lang='lat' dir='ltr'><strong>et</strong></span> <span class='ocrx_word' id='word_1_117' title='bbox 3128 601 3401 660; x_wconf 74' lang='lat' dir='ltr'><strong>genimiua</strong></span> 
     </span>
    </p>
   </div>
   <div class='ocr_carea' id='block_1_17' title="bbox 1833 679 3401 759">
    <p class='ocr_par' dir='ltr' id='par_1_17' title="bbox 1833 679 3401 759">
     <span class='ocr_line' id='line_1_17' title="bbox 1833 679 3401 759; baseline 0.007 -24"><span class='ocrx_word' id='word_1_118' title='bbox 1833 679 1949 735; x_wconf 84' lang='lat' dir='ltr'><strong>sive</strong></span> <span class='ocrx_word' id='word_1_119' title='bbox 2004 682 2291 752; x_wconf 86' lang='lat' dir='ltr'><strong>progenies</strong></span> <span class='ocrx_word' id='word_1_120' title='bbox 2329 684 2673 753; x_wconf 84' lang='lat' dir='ltr'><strong>viperarum.</strong></span> <span class='ocrx_word' id='word_1_121' title='bbox 2717 687 2861 741; x_wconf 81' lang='lat' dir='ltr'><strong>sicut</strong></span> <span class='ocrx_word' id='word_1_122' title='bbox 2912 689 3156 759; x_wconf 78' lang='lat' dir='ltr'><strong>loquitur</strong></span> <span class='ocrx_word' id='word_1_123' title='bbox 3202 692 3401 755; x_wconf 80' lang='lat' dir='ltr'><strong>alicubi</strong></span> 
     </span>
    </p>
   </div>
   <div class='ocr_carea' id='block_1_18' title="bbox 1835 770 3402 852">
    <p class='ocr_par' dir='ltr' id='par_1_18' title="bbox 1835 770 3402 852">
     <span class='ocr_line' id='line_1_18' title="bbox 1835 770 3402 852; baseline 0.007 -26"><span class='ocrx_word' id='word_1_124' title='bbox 1835 770 2186 843; x_wconf 85' lang='lat' dir='ltr'><strong>Evangelium</strong></span> <span class='ocrx_word' id='word_1_125' title='bbox 2235 776 2303 838; x_wconf 69' lang='grc'><strong>³⁸,</strong></span> <span class='ocrx_word' id='word_1_126' title='bbox 2347 786 2628 846; x_wconf 76' lang='lat' dir='ltr'><strong>serpentes</strong></span> <span class='ocrx_word' id='word_1_127' title='bbox 2659 787 2787 833; x_wconf 84' lang='lat' dir='ltr'><strong>sunt</strong></span> <span class='ocrx_word' id='word_1_128' title='bbox 2829 788 2883 834; x_wconf 90' lang='lat' dir='ltr'><strong>et</strong></span> <span class='ocrx_word' id='word_1_129' title='bbox 2936 796 3041 834; x_wconf 90' lang='lat' dir='ltr'><strong>non</strong></span> <span class='ocrx_word' id='word_1_130' title='bbox 3086 797 3237 845; x_wconf 86' lang='lat' dir='ltr'><strong>oves,</strong></span> <span class='ocrx_word' id='word_1_131' title='bbox 3279 799 3402 852; x_wconf 85' lang='lat' dir='ltr'><strong>per-</strong></span> 
     </span>
    </p>
   </div>
   <div class='ocr_carea' id='block_1_19' title="bbox 1834 864 3405 945">
    <p class='ocr_par' dir='ltr' id='par_1_19' title="bbox 1834 864 3405 945">
     <span class='ocr_line' id='line_1_19' title="bbox 1834 864 3405 945; baseline 0.006 -26"><span class='ocrx_word' id='word_1_132' title='bbox 1834 864 2082 934; x_wconf 79' lang='lat' dir='ltr'><strong>Spicuum</strong></span> <span class='ocrx_word' id='word_1_133' title='bbox 2105 877 2187 920; x_wconf 91' lang='lat' dir='ltr'><strong>est</strong></span> <span class='ocrx_word' id='word_1_134' title='bbox 2211 866 2356 937; x_wconf 88' lang='lat' dir='ltr'><strong>quod</strong></span> <span class='ocrx_word' id='word_1_135' title='bbox 2373 878 2426 923; x_wconf 93' lang='lat' dir='ltr'><strong>et</strong></span> <span class='ocrx_word' id='word_1_136' title='bbox 2448 869 2502 923; x_wconf 94' lang='lat' dir='ltr'><strong>in</strong></span> <span class='ocrx_word' id='word_1_137' title='bbox 2527 869 2819 940; x_wconf 81' lang='lat' dir='ltr'><strong>iluigenito</strong></span> <span class='ocrx_word' id='word_1_138' title='bbox 2850 872 2966 926; x_wconf 80' lang='lat' dir='ltr'><strong>sive</strong></span> <span class='ocrx_word' id='word_1_139' title='bbox 2998 873 3090 926; x_wconf 82' lang='lat' dir='ltr'><strong>lilii</strong></span> <span class='ocrx_word' id='word_1_140' title='bbox 3131 877 3245 928; x_wconf 84' lang='lat' dir='ltr'><strong>sive</strong></span> <span class='ocrx_word' id='word_1_141' title='bbox 3271 889 3405 945; x_wconf 87' lang='lat' dir='ltr'><strong>geu-</strong></span> 
     </span>
    </p>
   </div>
   <div class='ocr_carea' id='block_1_20' title="bbox 1832 956 3398 1030">
    <p class='ocr_par' dir='ltr' id='par_1_20' title="bbox 1832 956 3398 1030">
     <span class='ocr_line' id='line_1_20' title="bbox 1832 956 3398 1030; baseline 0.007 -25"><span class='ocrx_word' id='word_1_142' title='bbox 1832 956 2068 1009; x_wconf 84' lang='lat' dir='ltr'><strong>nematis</strong></span> <span class='ocrx_word' id='word_1_143' title='bbox 2086 957 2378 1026; x_wconf 79' lang='lat' dir='ltr'><strong>appellatio</strong></span> <span class='ocrx_word' id='word_1_144' title='bbox 2408 971 2688 1030; x_wconf 80' lang='lat' dir='ltr'><strong>nunquam</strong></span> <span class='ocrx_word' id='word_1_145' title='bbox 2747 962 2812 1015; x_wconf 88' lang='lat' dir='ltr'><strong>ad</strong></span> <span class='ocrx_word' id='word_1_146' title='bbox 2844 963 2894 1016; x_wconf 87' lang='lat' dir='ltr'><strong>id</strong></span> <span class='ocrx_word' id='word_1_147' title='bbox 2926 966 3066 1030; x_wconf 89' lang='lat' dir='ltr'><strong>quod</strong></span> <span class='ocrx_word' id='word_1_148' title='bbox 3094 974 3178 1019; x_wconf 80' lang='lat' dir='ltr'><strong>est.</strong></span> <span class='ocrx_word' id='word_1_149' title='bbox 3204 967 3398 1019; x_wconf 81' lang='lat' dir='ltr'><strong>diversi</strong></span> 
     </span>
    </p>
   </div>
   <div class='ocr_carea' id='block_1_21' title="bbox 1829 1041 3409 1118">
    <p class='ocr_par' dir='ltr' id='par_1_21' title="bbox 1829 1041 3409 1118">
     <span class='ocr_line' id='line_1_21' title="bbox 1829 1041 3409 1118; baseline 0.009 -21"><span class='ocrx_word' id='word_1_150' title='bbox 1829 1045 2046 1113; x_wconf 81' lang='lat' dir='ltr'><strong>generis</strong></span> <span class='ocrx_word' id='word_1_151' title='bbox 2089 1049 2552 1105; x_wconf 79' lang='lat' dir='ltr'><strong>necessitudinem</strong></span> <span class='ocrx_word' id='word_1_152' title='bbox 2614 1041 2960 1111; x_wconf 63' lang='lat' dir='ltr'><strong>habeansed</strong></span> <span class='ocrx_word' id='word_1_153' title='bbox 2985 1045 3269 1118; x_wconf 80' lang='lat' dir='ltr'><strong>Siquidem</strong></span> <span class='ocrx_word' id='word_1_154' title='bbox 3315 1068 3409 1110; x_wconf 51' lang='lat' dir='ltr'><strong>sed</strong></span> 
     </span>
    </p>
   </div>
   <div class='ocr_carea' id='block_1_22' title="bbox 1831 1137 3399 1213">
    <p class='ocr_par' dir='ltr' id='par_1_22' title="bbox 1831 1137 3399 1213">
     <span class='ocr_line' id='line_1_22' title="bbox 1831 1137 3399 1213; baseline 0.008 -24"><span class='ocrx_word' id='word_1_155' title='bbox 1831 1137 2069 1189; x_wconf 88' lang='lat' dir='ltr'><strong>cundum</strong></span> <span class='ocrx_word' id='word_1_156' title='bbox 2126 1140 2562 1196; x_wconf 74' lang='lat' dir='ltr'><strong>adversariorum</strong></span> <span class='ocrx_word' id='word_1_157' title='bbox 2609 1142 2876 1198; x_wconf 86' lang='lat' dir='ltr'><strong>rationem</strong></span> <span class='ocrx_word' id='word_1_158' title='bbox 2927 1144 3089 1199; x_wconf 88' lang='lat' dir='ltr'><strong>etiam</strong></span> <span class='ocrx_word' id='word_1_159' title='bbox 3136 1159 3399 1213; x_wconf 80' lang='lat' dir='ltr'><strong>geunetua</strong></span> 
     </span>
    </p>
   </div>
   <div class='ocr_carea' id='block_1_23' title="bbox 1832 1227 3401 1303">
    <p class='ocr_par' dir='ltr' id='par_1_23' title="bbox 1832 1227 3401 1303">
     <span class='ocr_line' id='line_1_23' title="bbox 1832 1227 3401 1303; baseline 0.005 -22"><span class='ocrx_word' id='word_1_160' title='bbox 1832 1227 2054 1293; x_wconf 90' lang='lat' dir='ltr'><strong>dicitur,</strong></span> <span class='ocrx_word' id='word_1_161' title='bbox 2120 1239 2286 1302; x_wconf 86' lang='lat' dir='ltr'><strong>atque</strong></span> <span class='ocrx_word' id='word_1_162' title='bbox 2348 1233 2511 1289; x_wconf 90' lang='lat' dir='ltr'><strong>etiam</strong></span> <span class='ocrx_word' id='word_1_163' title='bbox 2568 1234 2866 1292; x_wconf 85' lang='lat' dir='ltr'><strong>secundum</strong></span> <span class='ocrx_word' id='word_1_164' title='bbox 2930 1245 3200 1303; x_wconf 87' lang='lat' dir='ltr'><strong>naturam,</strong></span> <span class='ocrx_word' id='word_1_165' title='bbox 3257 1237 3401 1292; x_wconf 89' lang='lat' dir='ltr'><strong>sicut</strong></span> 
     </span>
    </p>
   </div>
   <div class='ocr_carea' id='block_1_24' title="bbox 1831 1320 3401 1400">
    <p class='ocr_par' dir='ltr' id='par_1_24' title="bbox 1831 1320 3401 1400">
     <span class='ocr_line' id='line_1_24' title="bbox 1831 1320 3401 1400; baseline 0.006 -28"><span class='ocrx_word' id='word_1_166' title='bbox 1831 1320 2179 1385; x_wconf 74' lang='lat' dir='ltr'><strong>conﬁtentur,</strong></span> <span class='ocrx_word' id='word_1_167' title='bbox 2201 1332 2286 1381; x_wconf 89' lang='lat' dir='ltr'><strong>est</strong></span> <span class='ocrx_word' id='word_1_168' title='bbox 2316 1323 2435 1379; x_wconf 84' lang='lat' dir='ltr'><strong>Filii</strong></span> <span class='ocrx_word' id='word_1_169' title='bbox 2482 1327 2810 1394; x_wconf 88' lang='lat' dir='ltr'><strong>nominatio,</strong></span> <span class='ocrx_word' id='word_1_170' title='bbox 2843 1329 3093 1384; x_wconf 68' lang='lat' dir='ltr'><strong>essentia:</strong></span> <span class='ocrx_word' id='word_1_171' title='bbox 3130 1338 3215 1384; x_wconf 81' lang='lat' dir='ltr'><strong>est</strong></span> <span class='ocrx_word' id='word_1_172' title='bbox 3241 1343 3401 1400; x_wconf 86' lang='lat' dir='ltr'><strong>pror-</strong></span> 
     </span>
    </p>
   </div>
   <div class='ocr_carea' id='block_1_25' title="bbox 1832 1408 3399 1491">
    <p class='ocr_par' dir='ltr' id='par_1_25' title="bbox 1832 1408 3399 1491">
     <span class='ocr_line' id='line_1_25' title="bbox 1832 1408 3399 1491; baseline 0.008 -28"><span class='ocrx_word' id='word_1_173' title='bbox 1832 1423 1928 1466; x_wconf 87' lang='lat' dir='ltr'><strong>sus</strong></span> <span class='ocrx_word' id='word_1_174' title='bbox 1955 1410 2075 1479; x_wconf 85' lang='lat' dir='ltr'><strong>ejus</strong></span> <span class='ocrx_word' id='word_1_175' title='bbox 2107 1408 2200 1480; x_wconf 89' lang='lat' dir='ltr'><strong>qui</strong></span> <span class='ocrx_word' id='word_1_176' title='bbox 2220 1410 2612 1482; x_wconf 83' lang='lat' dir='ltr'><strong>genuitFilius,</strong></span> <span class='ocrx_word' id='word_1_177' title='bbox 2654 1433 2763 1472; x_wconf 92' lang='lat' dir='ltr'><strong>non</strong></span> <span class='ocrx_word' id='word_1_178' title='bbox 2793 1428 3003 1475; x_wconf 71' lang='lat' dir='ltr'><strong>natura:</strong></span> <span class='ocrx_word' id='word_1_179' title='bbox 3036 1422 3176 1477; x_wconf 84' lang='lat' dir='ltr'><strong>alius</strong></span> <span class='ocrx_word' id='word_1_180' title='bbox 3209 1420 3399 1491; x_wconf 84' lang='lat' dir='ltr'><strong>cujus-</strong></span> 
     </span>
    </p>
   </div>
   <div class='ocr_carea' id='block_1_26' title="bbox 197 1496 3398 1576">
    <p class='ocr_par' dir='ltr' id='par_1_26' title="bbox 197 1496 3398 1576">
     <span class='ocr_line' id='line_1_26' title="bbox 197 1496 3398 1576; baseline 0.009 -41"><span class='ocrx_word' id='word_1_181' title='bbox 197 1503 322 1557; x_wconf 87' lang='lat' dir='ltr'><strong>quam</strong></span> <span class='ocrx_word' id='word_1_182' title='bbox 350 1504 532 1543; x_wconf 87' lang='lat' dir='ltr'><strong>eorum</strong></span> <span class='ocrx_word' id='word_1_183' title='bbox 563 1507 684 1561; x_wconf 64' lang='lat' dir='ltr'><strong>qua:</strong></span> <span class='ocrx_word' id='word_1_184' title='bbox 732 1500 887 1549; x_wconf 91' lang='lat' dir='ltr'><strong>extra</strong></span> <span class='ocrx_word' id='word_1_185' title='bbox 942 1496 1390 1556; x_wconf 79' lang='lat' dir='ltr'><strong>considerantur.</strong></span> <span class='ocrx_word' id='word_1_186' title='bbox 1448 1499 1601 1567; x_wconf 86' lang='lat' dir='ltr'><strong>Quod</strong></span> <span class='ocrx_word' id='word_1_187' title='bbox 1666 1499 1711 1557; x_wconf 92' lang='lat' dir='ltr'><strong>si</strong></span> <span class='ocrx_word' id='word_1_188' title='bbox 1752 1500 1906 1557; x_wconf 90' lang='lat' dir='ltr'><strong>illine</strong></span> <span class='ocrx_word' id='word_1_189' title='bbox 1935 1519 2064 1560; x_wconf 88' lang='lat' dir='ltr'><strong>vere</strong></span> <span class='ocrx_word' id='word_1_190' title='bbox 2091 1514 2197 1569; x_wconf 90' lang='lat' dir='ltr'><strong>est,</strong></span> <span class='ocrx_word' id='word_1_191' title='bbox 2233 1523 2341 1561; x_wconf 93' lang='lat' dir='ltr'><strong>non</strong></span> <span class='ocrx_word' id='word_1_192' title='bbox 2372 1515 2456 1562; x_wconf 86' lang='lat' dir='ltr'><strong>est</strong></span> <span class='ocrx_word' id='word_1_193' title='bbox 2490 1522 2720 1576; x_wconf 84' lang='lat' dir='ltr'><strong>prorsus</strong></span> <span class='ocrx_word' id='word_1_194' title='bbox 2746 1510 2956 1568; x_wconf 87' lang='lat' dir='ltr'><strong>alienus</strong></span> <span class='ocrx_word' id='word_1_195' title='bbox 2995 1514 3064 1568; x_wconf 86' lang='lat' dir='ltr'><strong>ab</strong></span> <span class='ocrx_word' id='word_1_196' title='bbox 3122 1529 3189 1569; x_wconf 91' lang='lat' dir='ltr'><strong>eo</strong></span> <span class='ocrx_word' id='word_1_197' title='bbox 3252 1517 3398 1569; x_wconf 73' lang='lat' dir='ltr'><strong>unde</strong></span> 
     </span>
    </p>
   </div>
   <div class='ocr_carea' id='block_1_27' title="bbox 192 1585 3397 1675">
    <p class='ocr_par' dir='ltr' id='par_1_27' title="bbox 192 1585 3397 1675">
     <span class='ocr_line' id='line_1_27' title="bbox 192 1585 3397 1675; baseline 0.007 -39"><span class='ocrx_word' id='word_1_198' title='bbox 192 1590 271 1643; x_wconf 86' lang='lat' dir='ltr'><strong>est,</strong></span> <span class='ocrx_word' id='word_1_199' title='bbox 307 1585 438 1638; x_wconf 87' lang='lat' dir='ltr'><strong>sicut</strong></span> <span class='ocrx_word' id='word_1_200' title='bbox 480 1585 535 1639; x_wconf 91' lang='lat' dir='ltr'><strong>in</strong></span> <span class='ocrx_word' id='word_1_201' title='bbox 578 1587 699 1642; x_wconf 85' lang='lat' dir='ltr'><strong>aliis</strong></span> <span class='ocrx_word' id='word_1_202' title='bbox 738 1590 1177 1645; x_wconf 84' lang='lat' dir='ltr'><strong>demonstratum</strong></span> <span class='ocrx_word' id='word_1_203' title='bbox 1246 1602 1365 1660; x_wconf 88' lang='lat' dir='ltr'><strong>est;</strong></span> <span class='ocrx_word' id='word_1_204' title='bbox 1418 1597 1543 1663; x_wconf 89' lang='lat' dir='ltr'><strong>quia</strong></span> <span class='ocrx_word' id='word_1_205' title='bbox 1589 1609 1752 1651; x_wconf 88' lang='lat' dir='ltr'><strong>omne</strong></span> <span class='ocrx_word' id='word_1_206' title='bbox 1798 1596 2039 1667; x_wconf 89' lang='lat' dir='ltr'><strong>genitum</strong></span> <span class='ocrx_word' id='word_1_207' title='bbox 2092 1613 2156 1653; x_wconf 88' lang='lat' dir='ltr'><strong>ex</strong></span> <span class='ocrx_word' id='word_1_208' title='bbox 2205 1599 2391 1669; x_wconf 75' lang='lat' dir='ltr'><strong>aliquo</strong></span> <span class='ocrx_word' id='word_1_209' title='bbox 2444 1601 2757 1657; x_wconf 81' lang='lat' dir='ltr'><strong>subsistens</strong></span> <span class='ocrx_word' id='word_1_210' title='bbox 2797 1603 3042 1673; x_wconf 85' lang='lat' dir='ltr'><strong>ejusdem</strong></span> <span class='ocrx_word' id='word_1_211' title='bbox 3078 1606 3239 1675; x_wconf 84' lang='lat' dir='ltr'><strong>plane</strong></span> <span class='ocrx_word' id='word_1_212' title='bbox 3313 1614 3397 1661; x_wconf 85' lang='lat' dir='ltr'><strong>est</strong></span> 
     </span>
    </p>
   </div>
   <div class='ocr_carea' id='block_1_28' title="bbox 193 1678 1563 1756">
    <p class='ocr_par' dir='ltr' id='par_1_28' title="bbox 193 1678 1563 1756">
     <span class='ocr_line' id='line_1_28' title="bbox 193 1678 1563 1756; baseline 0.009 -29"><span class='ocrx_word' id='word_1_213' title='bbox 193 1678 368 1745; x_wconf 63' lang='lat' dir='ltr'><strong>generis</strong></span> <span class='ocrx_word' id='word_1_214' title='bbox 395 1686 447 1731; x_wconf 89' lang='lat' dir='ltr'><strong>ct</strong></span> <span class='ocrx_word' id='word_1_215' title='bbox 469 1687 680 1734; x_wconf 74' lang='lat' dir='ltr'><strong>natura:</strong></span> <span class='ocrx_word' id='word_1_216' title='bbox 707 1696 831 1737; x_wconf 90' lang='lat' dir='ltr'><strong>cum</strong></span> <span class='ocrx_word' id='word_1_217' title='bbox 859 1698 926 1739; x_wconf 92' lang='lat' dir='ltr'><strong>eo</strong></span> <span class='ocrx_word' id='word_1_218' title='bbox 954 1699 1018 1738; x_wconf 86' lang='lat' dir='ltr'><strong>ex</strong></span> <span class='ocrx_word' id='word_1_219' title='bbox 1046 1699 1155 1754; x_wconf 88' lang='lat' dir='ltr'><strong>quo</strong></span> <span class='ocrx_word' id='word_1_220' title='bbox 1178 1689 1421 1756; x_wconf 88' lang='lat' dir='ltr'><strong>genitum</strong></span> <span class='ocrx_word' id='word_1_221' title='bbox 1456 1693 1563 1741; x_wconf 86' lang='lat' dir='ltr'><strong>est.</strong></span> 
     </span>
    </p>
   </div>
   <div class='ocr_carea' id='block_1_29' title="bbox 241 1768 1716 1852">
    <p class='ocr_par' dir='ltr' id='par_1_29' title="bbox 241 1768 1716 1852">
     <span class='ocr_line' id='line_1_29' title="bbox 241 1768 1716 1852; baseline 0.01 -31"><span class='ocrx_word' id='word_1_222' title='bbox 241 1768 292 1821; x_wconf 83' lang='grc' dir='ltr'>Εί</span> <span class='ocrx_word' id='word_1_223' title='bbox 318 1768 371 1821; x_wconf 77' lang='grc' dir='ltr'>δέ</span> <span class='ocrx_word' id='word_1_224' title='bbox 391 1787 469 1832; x_wconf 90' lang='grc' dir='ltr'><strong>τις</strong></span> <span class='ocrx_word' id='word_1_225' title='bbox 488 1772 746 1847; x_wconf 89' lang='grc' dir='ltr'>ἀπαιτοίη</span> <span class='ocrx_word' id='word_1_226' title='bbox 767 1774 867 1846; x_wconf 80' lang='grc' dir='ltr'>τῆς</span> <span class='ocrx_word' id='word_1_227' title='bbox 884 1773 1034 1840; x_wconf 89' lang='grc' dir='ltr'>θείας</span> <span class='ocrx_word' id='word_1_228' title='bbox 1054 1777 1242 1842; x_wconf 82' lang='grc' dir='ltr'>οὑσίας</span> <span class='ocrx_word' id='word_1_229' title='bbox 1280 1775 1576 1852; x_wconf 77' lang='grc' dir='ltr'>ἑρμηνείαν</span> <span class='ocrx_word' id='word_1_230' title='bbox 1595 1782 1716 1837; x_wconf 86' lang='grc' dir='ltr'><strong>τινά</strong></span> 
     </span>
    </p>
   </div>
   <div class='ocr_carea' id='block_1_30' title="bbox 1817 1768 3385 1852">
    <p class='ocr_par' dir='ltr' id='par_1_30' title="bbox 1891 1776 3385 1852">
     <span class='ocr_line' id='line_1_30' title="bbox 1891 1776 3385 1852; baseline 0.005 -23"><span class='ocrx_word' id='word_1_231' title='bbox 1891 1776 2045 1843; x_wconf 87' lang='lat' dir='ltr'><strong>Quod</strong></span> <span class='ocrx_word' id='word_1_232' title='bbox 2096 1778 2142 1832; x_wconf 91' lang='lat' dir='ltr'><strong>si</strong></span> <span class='ocrx_word' id='word_1_233' title='bbox 2192 1777 2317 1847; x_wconf 91' lang='lat' dir='ltr'><strong>quis</strong></span> <span class='ocrx_word' id='word_1_234' title='bbox 2353 1778 2552 1833; x_wconf 65' lang='lat' dir='ltr'><strong>divina:</strong></span> <span class='ocrx_word' id='word_1_235' title='bbox 2581 1780 2836 1835; x_wconf 78' lang='lat' dir='ltr'><strong>essentia:</strong></span> <span class='ocrx_word' id='word_1_236' title='bbox 2880 1781 3385 1852; x_wconf 78' lang='lat' dir='ltr'><strong>interpretationem</strong></span> 
     </span>
    </p>
   </div>
   <div class='ocr_carea' id='block_1_31' title="bbox 187 1860 1721 1939">
    <p class='ocr_par' dir='ltr' id='par_1_31' title="bbox 187 1860 1721 1939">
     <span class='ocr_line' id='line_1_31' title="bbox 187 1860 1721 1939; baseline 0.007 -28"><span class='ocrx_word' id='word_1_237' title='bbox 187 1860 258 1912; x_wconf 73' lang='lat' dir='ltr'><strong>tuti</strong></span> <span class='ocrx_word' id='word_1_238' title='bbox 276 1860 583 1930; x_wconf 69' lang='grc' dir='ltr'>ὑπογραφὴν</span> <span class='ocrx_word' id='word_1_239' title='bbox 615 1865 709 1917; x_wconf 69' lang='grc' dir='ltr'>καὶ</span> <span class='ocrx_word' id='word_1_240' title='bbox 740 1865 1023 1938; x_wconf 78' lang='grc' dir='ltr'>ἐξήγησιν,</span> <span class='ocrx_word' id='word_1_241' title='bbox 1068 1867 1300 1939; x_wconf 80' lang='grc' dir='ltr'><strong>ἀμαθεῖς</strong></span> <span class='ocrx_word' id='word_1_242' title='bbox 1322 1864 1463 1923; x_wconf 74' lang='grc' dir='ltr'>εἶναι</span> <span class='ocrx_word' id='word_1_243' title='bbox 1489 1869 1587 1939; x_wconf 80' lang='grc' dir='ltr'>τῆς</span> <span class='ocrx_word' id='word_1_244' title='bbox 1613 1885 1721 1921; x_wconf 83' lang='grc' dir='ltr'>τοι·</span> 
     </span>
    </p>
   </div>
   <div class='ocr_carea' id='block_1_32' title="bbox 186 1951 1723 2029">
    <p class='ocr_par' dir='ltr' id='par_1_32' title="bbox 186 1951 1723 2029">
     <span class='ocr_line' id='line_1_32' title="bbox 186 1951 1723 2029; baseline 0.004 -24"><span class='ocrx_word' id='word_1_245' title='bbox 186 1951 320 2017; x_wconf 75' lang='grc' dir='ltr'>αὑτης</span> <span class='ocrx_word' id='word_1_246' title='bbox 338 1952 522 2017; x_wconf 78' lang='grc' dir='ltr'>σοφίας</span> <span class='ocrx_word' id='word_1_247' title='bbox 550 1954 649 2007; x_wconf 83' lang='grc' dir='ltr'><strong>οὑκ</strong></span> <span class='ocrx_word' id='word_1_248' title='bbox 671 1956 1017 2027; x_wconf 85' lang='grc' dir='ltr'>ἀρνησόμεθα</span> <span class='ocrx_word' id='word_1_249' title='bbox 1033 1974 1048 1988; x_wconf 75' lang='grc' dir='ltr'><strong>ο</strong></span> <span class='ocrx_word' id='word_1_250' title='bbox 1066 1958 1318 2013; x_wconf 80' lang='grc' dir='ltr'>τοσοῦτον</span> <span class='ocrx_word' id='word_1_251' title='bbox 1337 1958 1723 2029; x_wconf 79' lang='grc' dir='ltr'>ὁμολογοῦντες</span> 
     </span>
    </p>
   </div>
   <div class='ocr_carea' id='block_1_33' title="bbox 184 2047 1719 2127">
    <p class='ocr_par' dir='ltr' id='par_1_33' title="bbox 184 2047 1719 2127">
     <span class='ocr_line' id='line_1_33' title="bbox 184 2047 1719 2127; baseline 0.007 -28"><span class='ocrx_word' id='word_1_252' title='bbox 184 2047 329 2115; x_wconf 71' lang='grc' dir='ltr'>μόνον,</span> <span class='ocrx_word' id='word_1_253' title='bbox 356 2050 432 2101; x_wconf 79' lang='grc' dir='ltr'>ὅτι</span> <span class='ocrx_word' id='word_1_254' title='bbox 459 2049 557 2103; x_wconf 80' lang='grc' dir='ltr'><strong>οὑκ</strong></span> <span class='ocrx_word' id='word_1_255' title='bbox 585 2050 700 2103; x_wconf 79' lang='grc' dir='ltr'>ἔστι</span> <span class='ocrx_word' id='word_1_256' title='bbox 731 2052 793 2104; x_wconf 76' lang='grc' dir='ltr'>τὸ</span> <span class='ocrx_word' id='word_1_257' title='bbox 834 2053 1085 2124; x_wconf 81' lang='grc' dir='ltr'>ἀόριστον</span> <span class='ocrx_word' id='word_1_258' title='bbox 1118 2056 1259 2109; x_wconf 85' lang='grc' dir='ltr'><strong>κατά</strong></span> <span class='ocrx_word' id='word_1_259' title='bbox 1288 2056 1385 2127; x_wconf 78' lang='grc' dir='ltr'>τὴν</span> <span class='ocrx_word' id='word_1_260' title='bbox 1419 2055 1579 2126; x_wconf 76' lang='grc' dir='ltr'>φύσιν</span> <span class='ocrx_word' id='word_1_261' title='bbox 1604 2057 1719 2109; x_wconf 78' lang='grc' dir='ltr'>ἐπι-</span> 
     </span>
    </p>
   </div>
   <div class='ocr_carea' id='block_1_34' title="bbox 181 2142 1723 2219">
    <p class='ocr_par' dir='ltr' id='par_1_34' title="bbox 181 2142 1723 2219">
     <span class='ocr_line' id='line_1_34' title="bbox 181 2142 1723 2219; baseline 0.005 -28"><span class='ocrx_word' id='word_1_262' title='bbox 181 2142 275 2212; x_wconf 77' lang='grc' dir='ltr'>νοίᾳ</span> <span class='ocrx_word' id='word_1_263' title='bbox 316 2142 416 2194; x_wconf 71' lang='grc' dir='ltr'>τινὶ</span> <span class='ocrx_word' id='word_1_264' title='bbox 457 2144 718 2213; x_wconf 77' lang='grc' dir='ltr'>ῥημάτων</span> <span class='ocrx_word' id='word_1_265' title='bbox 759 2142 1139 2217; x_wconf 57' lang='grc' dir='ltr'>διαληφθῖψαι.</span> <span class='ocrx_word' id='word_1_266' title='bbox 1194 2148 1267 2201; x_wconf 82' lang='grc' dir='ltr'>Τὸ</span> <span class='ocrx_word' id='word_1_267' title='bbox 1312 2148 1421 2219; x_wconf 66' lang='grc' dir='ltr'><strong>γὰρ</strong></span> <span class='ocrx_word' id='word_1_268' title='bbox 1469 2146 1541 2219; x_wconf 80' lang='grc' dir='ltr'>μὴ</span> <span class='ocrx_word' id='word_1_269' title='bbox 1579 2148 1723 2218; x_wconf 78' lang='grc' dir='ltr'>ἔχειν</span> 
     </span>
    </p>
   </div>
   <div class='ocr_carea' id='block_1_35' title="bbox 176 2234 1718 2311">
    <p class='ocr_par' dir='ltr' id='par_1_35' title="bbox 176 2234 1718 2311">
     <span class='ocr_line' id='line_1_35' title="bbox 176 2234 1718 2311; baseline 0.001 -23"><span class='ocrx_word' id='word_1_270' title='bbox 176 2237 275 2304; x_wconf 81' lang='grc' dir='ltr'>ὅρον</span> <span class='ocrx_word' id='word_1_271' title='bbox 299 2235 393 2305; x_wconf 78' lang='grc' dir='ltr'><strong>τὴν</strong></span> <span class='ocrx_word' id='word_1_272' title='bbox 418 2234 568 2290; x_wconf 82' lang='grc' dir='ltr'>θείαν</span> <span class='ocrx_word' id='word_1_273' title='bbox 606 2236 1015 2307; x_wconf 77' lang='grc' dir='ltr'>μεγαλωσύνην,</span> <span class='ocrx_word' id='word_1_274' title='bbox 1047 2240 1081 2310; x_wconf 82' lang='grc' dir='ltr'>ἠ</span> <span class='ocrx_word' id='word_1_275' title='bbox 1109 2239 1412 2311; x_wconf 78' lang='grc' dir='ltr'>προφητεία</span> <span class='ocrx_word' id='word_1_276' title='bbox 1437 2239 1534 2311; x_wconf 82' lang='grc' dir='ltr'>βοᾷ</span> <span class='ocrx_word' id='word_1_277' title='bbox 1565 2239 1718 2311; x_wconf 77' lang='grc' dir='ltr'>διαρο</span> 
     </span>
    </p>
   </div>
   <div class='ocr_carea' id='block_1_36' title="bbox 177 2325 1721 2401">
    <p class='ocr_par' dir='ltr' id='par_1_36' title="bbox 177 2325 1721 2401">
     <span class='ocr_line' id='line_1_36' title="bbox 177 2325 1721 2401; baseline 0.005 -24"><span class='ocrx_word' id='word_1_278' title='bbox 177 2326 317 2398; x_wconf 76' lang='grc' dir='ltr'>ῥήδην</span> <span class='ocrx_word' id='word_1_279' title='bbox 347 2325 688 2399; x_wconf 73' lang='grc' dir='ltr'>κηρύσσουσα</span> <span class='ocrx_word' id='word_1_280' title='bbox 710 2344 724 2360; x_wconf 78' lang='grc' dir='ltr'><strong><em>ο</em></strong></span> <span class='ocrx_word' id='word_1_281' title='bbox 755 2329 837 2381; x_wconf 85' lang='grc' dir='ltr'>ὅτι</span> <span class='ocrx_word' id='word_1_282' title='bbox 873 2330 969 2401; x_wconf 81' lang='grc' dir='ltr'>τῆς</span> <span class='ocrx_word' id='word_1_283' title='bbox 1002 2330 1491 2401; x_wconf 81' lang='grc' dir='ltr'>μεγαλοπρεπείας,</span> <span class='ocrx_word' id='word_1_284' title='bbox 1515 2331 1614 2401; x_wconf 78' lang='grc' dir='ltr'>τῆς</span> <span class='ocrx_word' id='word_1_285' title='bbox 1638 2330 1721 2382; x_wconf 84' lang='grc' dir='ltr'>δό-</span> 
     </span>
    </p>
   </div>
   <div class='ocr_carea' id='block_1_37' title="bbox 174 2414 1721 2490">
    <p class='ocr_par' dir='ltr' id='par_1_37' title="bbox 174 2414 1721 2490">
     <span class='ocr_line' id='line_1_37' title="bbox 174 2414 1721 2490; baseline -0.003 -15"><span class='ocrx_word' id='word_1_286' title='bbox 174 2414 269 2484; x_wconf 74' lang='grc' dir='ltr'>ξης.</span> <span class='ocrx_word' id='word_1_287' title='bbox 295 2415 393 2485; x_wconf 80' lang='grc' dir='ltr'>τῆς</span> <span class='ocrx_word' id='word_1_288' title='bbox 433 2416 743 2487; x_wconf 72' lang='grc' dir='ltr'>ἁγιωσύνης</span> <span class='ocrx_word' id='word_1_289' title='bbox 784 2418 951 2472; x_wconf 85' lang='grc' dir='ltr'>αὑτοῦ</span> <span class='ocrx_word' id='word_1_290' title='bbox 981 2419 1080 2471; x_wconf 88' lang='grc' dir='ltr'><strong>οὑκ</strong></span> <span class='ocrx_word' id='word_1_291' title='bbox 1120 2419 1235 2471; x_wconf 78' lang='grc' dir='ltr'>ἔστι</span> <span class='ocrx_word' id='word_1_292' title='bbox 1262 2419 1458 2490; x_wconf 76' lang='grc' dir='ltr'>πέρας.</span> <span class='ocrx_word' id='word_1_293' title='bbox 1487 2420 1547 2471; x_wconf 83' lang='lat' dir='ltr'><strong>Ei</strong></span> <span class='ocrx_word' id='word_1_294' title='bbox 1572 2419 1628 2472; x_wconf 80' lang='grc' dir='ltr'><strong>δὲ</strong></span> <span class='ocrx_word' id='word_1_295' title='bbox 1652 2417 1721 2471; x_wconf 82' lang='grc' dir='ltr'><strong>τὰ</strong></span> 
     </span>
    </p>
   </div>
   <div class='ocr_carea' id='block_1_38' title="bbox 174 2507 1721 2579">
    <p class='ocr_par' dir='ltr' id='par_1_38' title="bbox 174 2507 1721 2579">
     <span class='ocr_line' id='line_1_38' title="bbox 174 2507 1721 2579; baseline 0.01 -20"><span class='ocrx_word' id='word_1_296' title='bbox 174 2508 279 2578; x_wconf 72' lang='grc' dir='ltr'>περὶ</span> <span class='ocrx_word' id='word_1_297' title='bbox 323 2507 475 2560; x_wconf 70' lang='grc' dir='ltr'>αὑτὸν</span> <span class='ocrx_word' id='word_1_298' title='bbox 522 2508 873 2579; x_wconf 75' lang='grc' dir='ltr'>ἀπεράτωτα,</span> <span class='ocrx_word' id='word_1_299' title='bbox 906 2508 1039 2563; x_wconf 80' lang='grc' dir='ltr'><strong>πολὺ</strong></span> <span class='ocrx_word' id='word_1_300' title='bbox 1091 2509 1290 2579; x_wconf 70' lang='grc' dir='ltr'>μᾶλλον</span> <span class='ocrx_word' id='word_1_301' title='bbox 1327 2509 1490 2572; x_wconf 75' lang='grc' dir='ltr'>αὐτὸς</span> <span class='ocrx_word' id='word_1_302' title='bbox 1519 2511 1721 2573; x_wconf 70' lang='grc' dir='ltr'>ἐκεῖνος</span> 
     </span>
    </p>
   </div>
   <div class='ocr_carea' id='block_1_39' title="bbox 171 2596 1719 2670">
    <p class='ocr_par' dir='ltr' id='par_1_39' title="bbox 171 2596 1719 2670">
     <span class='ocr_line' id='line_1_39' title="bbox 171 2596 1719 2670; baseline 0.002 -20"><span class='ocrx_word' id='word_1_303' title='bbox 171 2600 272 2650; x_wconf 83' lang='grc' dir='ltr'>κατ’</span> <span class='ocrx_word' id='word_1_304' title='bbox 299 2596 477 2650; x_wconf 85' lang='grc' dir='ltr'>οὑσίαν</span> <span class='ocrx_word' id='word_1_305' title='bbox 527 2598 557 2651; x_wconf 81' lang='grc' dir='ltr'><strong>ὃ</strong></span> <span class='ocrx_word' id='word_1_306' title='bbox 606 2597 661 2651; x_wconf 87' lang='grc' dir='ltr'><strong>τί</strong></span> <span class='ocrx_word' id='word_1_307' title='bbox 712 2598 840 2652; x_wconf 87' lang='grc' dir='ltr'>ποτέ</span> <span class='ocrx_word' id='word_1_308' title='bbox 875 2600 1042 2660; x_wconf 71' lang='grc' dir='ltr'>ἐστιν,</span> <span class='ocrx_word' id='word_1_309' title='bbox 1077 2600 1249 2653; x_wconf 76' lang='grc' dir='ltr'>οὐδενὶ</span> <span class='ocrx_word' id='word_1_310' title='bbox 1276 2600 1385 2670; x_wconf 83' lang='grc' dir='ltr'><strong>ὅρῳ</strong></span> <span class='ocrx_word' id='word_1_311' title='bbox 1418 2601 1540 2653; x_wconf 76' lang='grc' dir='ltr'>κατ’</span> <span class='ocrx_word' id='word_1_312' title='bbox 1571 2601 1719 2653; x_wconf 77' lang='grc' dir='ltr'>οὐδὲν</span> 
     </span>
    </p>
   </div>
   <div class='ocr_carea' id='block_1_40' title="bbox 171 2688 1718 2762">
    <p class='ocr_par' dir='ltr' id='par_1_40' title="bbox 171 2688 1718 2762">
     <span class='ocr_line' id='line_1_40' title="bbox 171 2688 1718 2762; baseline 0.001 -19"><span class='ocrx_word' id='word_1_313' title='bbox 171 2690 314 2761; x_wconf 79' lang='grc' dir='ltr'>μέρος</span> <span class='ocrx_word' id='word_1_314' title='bbox 340 2689 781 2760; x_wconf 74' lang='grc' dir='ltr'>διαλαμϐάνεται.</span> <span class='ocrx_word' id='word_1_315' title='bbox 821 2690 881 2744; x_wconf 82' lang='grc' dir='ltr'>Εἰ</span> <span class='ocrx_word' id='word_1_316' title='bbox 905 2688 998 2745; x_wconf 78' lang='grc' dir='ltr'><strong>οὑν</strong></span> <span class='ocrx_word' id='word_1_317' title='bbox 1031 2692 1064 2762; x_wconf 79' lang='grc' dir='ltr'><strong>ἡ</strong></span> <span class='ocrx_word' id='word_1_318' title='bbox 1099 2691 1185 2745; x_wconf 84' lang='grc' dir='ltr'><strong>διά</strong></span> <span class='ocrx_word' id='word_1_319' title='bbox 1224 2691 1332 2745; x_wconf 83' lang='grc' dir='ltr'>τῶν</span> <span class='ocrx_word' id='word_1_320' title='bbox 1366 2692 1641 2761; x_wconf 75' lang='grc' dir='ltr'>ὀνομάτων</span> <span class='ocrx_word' id='word_1_321' title='bbox 1661 2709 1718 2745; x_wconf 85' lang='grc' dir='ltr'><strong>τε</strong></span> 
     </span>
    </p>
   </div>
   <div class='ocr_carea' id='block_1_41' title="bbox 167 2780 1720 2853">
    <p class='ocr_par' dir='ltr' id='par_1_41' title="bbox 167 2780 1720 2853">
     <span class='ocr_line' id='line_1_41' title="bbox 167 2780 1720 2853; baseline 0.001 -21"><span class='ocrx_word' id='word_1_322' title='bbox 167 2782 245 2832; x_wconf 82' lang='grc' dir='ltr'>καὶ</span> <span class='ocrx_word' id='word_1_323' title='bbox 270 2781 520 2851; x_wconf 74' lang='grc' dir='ltr'>ῥημάτων</span> <span class='ocrx_word' id='word_1_324' title='bbox 546 2780 812 2853; x_wconf 80' lang='grc' dir='ltr'>ἑρμηνεία</span> <span class='ocrx_word' id='word_1_325' title='bbox 839 2780 1194 2850; x_wconf 78' lang='grc' dir='ltr'>διαλαμϐάνει</span> <span class='ocrx_word' id='word_1_326' title='bbox 1222 2799 1338 2845; x_wconf 89' lang='grc' dir='ltr'><strong>πως</strong></span> <span class='ocrx_word' id='word_1_327' title='bbox 1372 2784 1439 2853; x_wconf 80' lang='grc' dir='ltr'><strong>τῇ</strong></span> <span class='ocrx_word' id='word_1_328' title='bbox 1465 2782 1720 2853; x_wconf 74' lang='grc' dir='ltr'>’σημασίᾳ</span> 
     </span>
    </p>
   </div>
   <div class='ocr_carea' id='block_1_42' title="bbox 166 2873 1721 2946">
    <p class='ocr_par' dir='ltr' id='par_1_42' title="bbox 166 2873 1721 2946">
     <span class='ocr_line' id='line_1_42' title="bbox 166 2873 1721 2946; baseline 0.002 -22"><span class='ocrx_word' id='word_1_329' title='bbox 166 2873 214 2924; x_wconf 72' lang='grc' dir='ltr'><strong>τὸ</strong></span> <span class='ocrx_word' id='word_1_330' title='bbox 240 2873 586 2946; x_wconf 82' lang='grc' dir='ltr'>ὑποκείμενον</span> <span class='ocrx_word' id='word_1_331' title='bbox 613 2891 628 2906; x_wconf 80' lang='lat'><strong><em>°</em></strong></span> <span class='ocrx_word' id='word_1_332' title='bbox 658 2873 721 2927; x_wconf 78' lang='grc' dir='ltr'>τὸ</span> <span class='ocrx_word' id='word_1_333' title='bbox 745 2873 802 2927; x_wconf 81' lang='grc' dir='ltr'><strong>δὲ</strong></span> <span class='ocrx_word' id='word_1_334' title='bbox 827 2873 1078 2945; x_wconf 86' lang='grc' dir='ltr'>ἀόριστον</span> <span class='ocrx_word' id='word_1_335' title='bbox 1105 2875 1503 2946; x_wconf 73' lang='grc' dir='ltr'>περιληφθῆναι</span> <span class='ocrx_word' id='word_1_336' title='bbox 1532 2876 1591 2927; x_wconf 83' lang='grc' dir='ltr'><strong>οὑ</strong></span> <span class='ocrx_word' id='word_1_337' title='bbox 1629 2874 1721 2927; x_wconf 72' lang='lat'><strong>6&#39;3-</strong></span> 
     </span>
    </p>
   </div>
   <div class='ocr_carea' id='block_1_43' title="bbox 164 2963 1720 3036">
    <p class='ocr_par' dir='ltr' id='par_1_43' title="bbox 164 2963 1720 3036">
     <span class='ocr_line' id='line_1_43' title="bbox 164 2963 1720 3036; baseline 0.002 -21"><span class='ocrx_word' id='word_1_338' title='bbox 164 2980 300 3018; x_wconf 82' lang='grc' dir='ltr'>ναται</span> <span class='ocrx_word' id='word_1_339' title='bbox 321 2982 334 2994; x_wconf 91' lang='grc'>·</span> <span class='ocrx_word' id='word_1_340' title='bbox 363 2965 460 3018; x_wconf 86' lang='grc' dir='ltr'><strong>οὑκ</strong></span> <span class='ocrx_word' id='word_1_341' title='bbox 485 2964 553 3019; x_wconf 75' lang='grc' dir='ltr'>ἄν</span> <span class='ocrx_word' id='word_1_342' title='bbox 575 2981 662 3028; x_wconf 87' lang='grc' dir='ltr'><strong>τις</strong></span> <span class='ocrx_word' id='word_1_343' title='bbox 701 2963 927 3028; x_wconf 79' lang='grc' dir='ltr'>εἰκότως</span> <span class='ocrx_word' id='word_1_344' title='bbox 973 2963 1071 3035; x_wconf 80' lang='grc' dir='ltr'>τὴν</span> <span class='ocrx_word' id='word_1_345' title='bbox 1106 2964 1345 3036; x_wconf 83' lang='grc' dir='ltr'>ἀμαθίαν</span> <span class='ocrx_word' id='word_1_346' title='bbox 1362 2964 1517 3036; x_wconf 83' lang='grc' dir='ltr'>ήμῶν</span> <span class='ocrx_word' id='word_1_347' title='bbox 1546 2965 1720 3018; x_wconf 83' lang='grc' dir='ltr'>αἰτιά-</span> 
     </span>
    </p>
   </div>
   <div class='ocr_carea' id='block_1_44' title="bbox 165 3054 1717 3127">
    <p class='ocr_par' dir='ltr' id='par_1_44' title="bbox 165 3054 1717 3127">
     <span class='ocr_line' id='line_1_44' title="bbox 165 3054 1717 3127; baseline 0.001 -22"><span class='ocrx_word' id='word_1_348' title='bbox 165 3069 317 3115; x_wconf 86' lang='grc' dir='ltr'>σαιτο.</span> <span class='ocrx_word' id='word_1_349' title='bbox 370 3054 444 3127; x_wconf 78' lang='grc' dir='ltr'>μὴ</span> <span class='ocrx_word' id='word_1_350' title='bbox 487 3055 906 3127; x_wconf 74' lang='grc' dir='ltr'>θρασυνομένων</span> <span class='ocrx_word' id='word_1_351' title='bbox 926 3055 1067 3108; x_wconf 86' lang='grc' dir='ltr'><strong>κατά</strong></span> <span class='ocrx_word' id='word_1_352' title='bbox 1103 3055 1210 3109; x_wconf 79' lang='grc' dir='ltr'><strong>τῶν</strong></span> <span class='ocrx_word' id='word_1_353' title='bbox 1233 3055 1571 3126; x_wconf 75' lang='grc' dir='ltr'>ἀτολμήτων.</span> <span class='ocrx_word' id='word_1_354' title='bbox 1599 3055 1717 3107; x_wconf 87' lang='grc' dir='ltr'>Τίνι</span> 
     </span>
    </p>
   </div>
   <div class='ocr_carea' id='block_1_45' title="bbox 163 3143 1714 3218">
    <p class='ocr_par' dir='ltr' id='par_1_45' title="bbox 163 3143 1714 3218">
     <span class='ocr_line' id='line_1_45' title="bbox 163 3143 1714 3218; baseline 0.002 -22"><span class='ocrx_word' id='word_1_355' title='bbox 163 3143 256 3215; x_wconf 67' lang='grc' dir='ltr'><strong>γὰρ</strong></span> <span class='ocrx_word' id='word_1_356' title='bbox 288 3144 504 3216; x_wconf 77' lang='grc' dir='ltr'>ὀνόματι</span> <span class='ocrx_word' id='word_1_357' title='bbox 543 3145 782 3200; x_wconf 58' lang='grc' dir='ltr'>διαλάᾶο</span> <span class='ocrx_word' id='word_1_358' title='bbox 831 3145 893 3199; x_wconf 81' lang='grc' dir='ltr'>τὸ</span> <span class='ocrx_word' id='word_1_359' title='bbox 941 3146 1345 3218; x_wconf 78' lang='grc' dir='ltr'>ἀπερίληπτονς</span> <span class='ocrx_word' id='word_1_360' title='bbox 1406 3147 1504 3201; x_wconf 75' lang='grc' dir='ltr'>Διά</span> <span class='ocrx_word' id='word_1_361' title='bbox 1556 3147 1714 3210; x_wconf 90' lang='grc' dir='ltr'>ποίας</span> 
     </span>
    </p>
   </div>
   <div class='ocr_carea' id='block_1_46' title="bbox 163 3235 1716 3311">
    <p class='ocr_par' dir='ltr' id='par_1_46' title="bbox 163 3235 1716 3311">
     <span class='ocr_line' id='line_1_46' title="bbox 163 3235 1716 3311; baseline -0.003 -17"><span class='ocrx_word' id='word_1_362' title='bbox 163 3239 323 3308; x_wconf 70' lang='grc' dir='ltr'>φωνῆς</span> <span class='ocrx_word' id='word_1_363' title='bbox 348 3238 649 3307; x_wconf 76' lang='grc' dir='ltr'>ὲξαγγείλω</span> <span class='ocrx_word' id='word_1_364' title='bbox 671 3239 733 3292; x_wconf 81' lang='grc' dir='ltr'>τὸ</span> <span class='ocrx_word' id='word_1_365' title='bbox 758 3237 1171 3310; x_wconf 72' lang='grc' dir='ltr'>ἀνεκφὼνητονς</span> <span class='ocrx_word' id='word_1_366' title='bbox 1220 3239 1373 3292; x_wconf 73' lang='grc' dir='ltr'>Ἐπεὶ</span> <span class='ocrx_word' id='word_1_367' title='bbox 1411 3235 1503 3293; x_wconf 75' lang='grc' dir='ltr'>οὖν</span> <span class='ocrx_word' id='word_1_368' title='bbox 1536 3242 1716 3311; x_wconf 75' lang='grc' dir='ltr'>κρεῖτ-</span> 
     </span>
    </p>
   </div>
   <div class='ocr_carea' id='block_1_47' title="bbox 162 3328 1715 3403">
    <p class='ocr_par' dir='ltr' id='par_1_47' title="bbox 162 3328 1715 3403">
     <span class='ocr_line' id='line_1_47' title="bbox 162 3328 1715 3403; baseline 0.003 -23"><span class='ocrx_word' id='word_1_369' title='bbox 162 3328 235 3380; x_wconf 78' lang='grc' dir='ltr'><strong>τόν</strong></span> <span class='ocrx_word' id='word_1_370' title='bbox 271 3331 381 3383; x_wconf 76' lang='grc' dir='ltr'>ἐστι</span> <span class='ocrx_word' id='word_1_371' title='bbox 434 3331 531 3384; x_wconf 76' lang='grc' dir='ltr'>καὶ</span> <span class='ocrx_word' id='word_1_372' title='bbox 560 3330 890 3403; x_wconf 74' lang='grc' dir='ltr'>ὑψηλότερον</span> <span class='ocrx_word' id='word_1_373' title='bbox 928 3329 1029 3400; x_wconf 78' lang='grc' dir='ltr'>τῆς</span> <span class='ocrx_word' id='word_1_374' title='bbox 1056 3330 1419 3400; x_wconf 79' lang='grc' dir='ltr'>όνομαστικῆς</span> <span class='ocrx_word' id='word_1_375' title='bbox 1441 3331 1715 3402; x_wconf 81' lang='grc' dir='ltr'>σημασίας</span> 
     </span>
    </p>
   </div>
   <div class='ocr_carea' id='block_1_48' title="bbox 162 3414 1712 3493">
    <p class='ocr_par' dir='ltr' id='par_1_48' title="bbox 162 3414 1712 3493">
     <span class='ocr_line' id='line_1_48' title="bbox 162 3414 1712 3493; baseline 0.005 -25"><span class='ocrx_word' id='word_1_376' title='bbox 162 3417 213 3470; x_wconf 72' lang='grc' dir='ltr'>τὸ</span> <span class='ocrx_word' id='word_1_377' title='bbox 232 3414 396 3484; x_wconf 84' lang='grc' dir='ltr'>Θείον,</span> <span class='ocrx_word' id='word_1_378' title='bbox 415 3421 594 3490; x_wconf 80' lang='grc' dir='ltr'>σιωπῇ</span> <span class='ocrx_word' id='word_1_379' title='bbox 626 3423 790 3493; x_wconf 78' lang='grc' dir='ltr'>τιμᾷν</span> <span class='ocrx_word' id='word_1_380' title='bbox 824 3421 892 3475; x_wconf 87' lang='grc' dir='ltr'><strong>τά</strong></span> <span class='ocrx_word' id='word_1_381' title='bbox 916 3421 1055 3493; x_wconf 77' lang='grc' dir='ltr'>ὑπὲρ</span> <span class='ocrx_word' id='word_1_382' title='bbox 1082 3421 1240 3490; x_wconf 86' lang='grc' dir='ltr'>λόγον</span> <span class='ocrx_word' id='word_1_383' title='bbox 1269 3439 1325 3475; x_wconf 86' lang='grc' dir='ltr'><strong>τε</strong></span> <span class='ocrx_word' id='word_1_384' title='bbox 1357 3422 1452 3476; x_wconf 78' lang='grc' dir='ltr'>καὶ</span> <span class='ocrx_word' id='word_1_385' title='bbox 1476 3423 1712 3477; x_wconf 75' lang='grc' dir='ltr'>διάνοιαν</span> 
     </span>
    </p>
   </div>
   <div class='ocr_carea' id='block_1_49' title="bbox 165 3508 1711 3586">
    <p class='ocr_par' dir='ltr' id='par_1_49' title="bbox 165 3508 1711 3586">
     <span class='ocr_line' id='line_1_49' title="bbox 165 3508 1711 3586; baseline 0.004 -25"><span class='ocrx_word' id='word_1_386' title='bbox 165 3508 555 3581; x_wconf 60' lang='grc' dir='ltr'>μεμαθήκαμεν.</span> <span class='ocrx_word' id='word_1_387' title='bbox 595 3511 714 3566; x_wconf 80' lang='grc' dir='ltr'>Κᾶν</span> <span class='ocrx_word' id='word_1_388' title='bbox 736 3512 1038 3586; x_wconf 74' lang='grc' dir='ltr'>ὲπεμῦαίνη</span> <span class='ocrx_word' id='word_1_389' title='bbox 1061 3517 1126 3585; x_wconf 84' lang='grc' dir='ltr'>τῇ</span> <span class='ocrx_word' id='word_1_390' title='bbox 1159 3515 1411 3586; x_wconf 73' lang='grc' dir='ltr'>εὐλαϐείᾳ</span> <span class='ocrx_word' id='word_1_391' title='bbox 1425 3514 1594 3585; x_wconf 80' lang='grc' dir='ltr'>ταύτῃ</span> <span class='ocrx_word' id='word_1_392' title='bbox 1617 3512 1711 3567; x_wconf 86' lang='grc' dir='ltr'><strong>τοῦ</strong></span> 
     </span>
    </p>
   </div>
   <div class='ocr_carea' id='block_1_50' title="bbox 160 3596 1711 3675">
    <p class='ocr_par' dir='ltr' id='par_1_50' title="bbox 160 3596 1711 3675">
     <span class='ocr_line' id='line_1_50' title="bbox 160 3596 1711 3675; baseline 0.004 -26"><span class='ocrx_word' id='word_1_393' title='bbox 160 3596 295 3667; x_wconf 78' lang='grc' dir='ltr'>λόγον</span> <span class='ocrx_word' id='word_1_394' title='bbox 321 3600 346 3651; x_wconf 83' lang='grc' dir='ltr'><strong>ό</strong></span> <span class='ocrx_word' id='word_1_395' title='bbox 370 3601 726 3673; x_wconf 75' lang='grc' dir='ltr'>ὑπερφρονῶν</span> <span class='ocrx_word' id='word_1_396' title='bbox 754 3620 828 3655; x_wconf 89' lang='grc' dir='ltr'><strong>πα</strong></span> <span class='ocrx_word' id='word_1_397' title='bbox 838 3604 883 3673; x_wconf 78' lang='grc' dir='ltr'>ρ’</span> <span class='ocrx_word' id='word_1_398' title='bbox 904 3603 932 3655; x_wconf 84' lang='grc' dir='ltr'><strong>ὃ</strong></span> <span class='ocrx_word' id='word_1_399' title='bbox 955 3603 1034 3656; x_wconf 84' lang='grc' dir='ltr'>δεῖ</span> <span class='ocrx_word' id='word_1_400' title='bbox 1050 3606 1285 3673; x_wconf 79' lang='grc' dir='ltr'>φρονεῖν,</span> <span class='ocrx_word' id='word_1_401' title='bbox 1313 3606 1369 3656; x_wconf 81' lang='grc' dir='ltr'>ὲν</span> <span class='ocrx_word' id='word_1_402' title='bbox 1393 3603 1587 3671; x_wconf 75' lang='grc' dir='ltr'>γέλωτι</span> <span class='ocrx_word' id='word_1_403' title='bbox 1612 3602 1711 3675; x_wconf 72' lang='grc' dir='ltr'>τὴν</span> 
     </span>
    </p>
   </div>
   <div class='ocr_carea' id='block_1_51' title="bbox 159 3691 1709 3766">
    <p class='ocr_par' dir='ltr' id='par_1_51' title="bbox 159 3691 1709 3766">
     <span class='ocr_line' id='line_1_51' title="bbox 159 3691 1709 3766; baseline 0.003 -23"><span class='ocrx_word' id='word_1_404' title='bbox 159 3691 374 3760; x_wconf 79' lang='grc' dir='ltr'>ἀμαθίαν</span> <span class='ocrx_word' id='word_1_405' title='bbox 398 3694 557 3765; x_wconf 79' lang='grc' dir='ltr'>ἡμῶν</span> <span class='ocrx_word' id='word_1_406' title='bbox 586 3693 685 3764; x_wconf 77' lang='grc' dir='ltr'>τὴν</span> <span class='ocrx_word' id='word_1_407' title='bbox 716 3696 843 3765; x_wconf 73' lang='grc' dir='ltr'>περὶ</span> <span class='ocrx_word' id='word_1_408' title='bbox 884 3694 993 3749; x_wconf 78' lang='grc' dir='ltr'><strong>τῶν</strong></span> <span class='ocrx_word' id='word_1_409' title='bbox 1024 3695 1423 3764; x_wconf 77' lang='grc' dir='ltr'>ἀκαταλήπτων</span> <span class='ocrx_word' id='word_1_410' title='bbox 1450 3694 1709 3766; x_wconf 83' lang='grc' dir='ltr'>ποιούμε-</span> 
     </span>
    </p>
   </div>
   <div class='ocr_carea' id='block_1_52' title="bbox 156 3779 1711 3854">
    <p class='ocr_par' dir='ltr' id='par_1_52' title="bbox 156 3779 1711 3854">
     <span class='ocr_line' id='line_1_52' title="bbox 156 3779 1711 3854; baseline 0.002 -22"><span class='ocrx_word' id='word_1_411' title='bbox 156 3793 254 3841; x_wconf 75' lang='grc' dir='ltr'>νος,</span> <span class='ocrx_word' id='word_1_412' title='bbox 291 3779 377 3832; x_wconf 84' lang='grc' dir='ltr'>καὶ</span> <span class='ocrx_word' id='word_1_413' title='bbox 404 3779 498 3833; x_wconf 89' lang='grc' dir='ltr'><strong>τοῦ</strong></span> <span class='ocrx_word' id='word_1_414' title='bbox 529 3781 938 3852; x_wconf 80' lang='grc' dir='ltr'>ἀσχηματίστου</span> <span class='ocrx_word' id='word_1_415' title='bbox 972 3783 1065 3836; x_wconf 62' lang='grc' dir='ltr'><strong>καλ¹</strong></span> <span class='ocrx_word' id='word_1_416' title='bbox 1094 3784 1344 3854; x_wconf 82' lang='grc' dir='ltr'>ἀορίστου</span> <span class='ocrx_word' id='word_1_417' title='bbox 1382 3785 1474 3839; x_wconf 69' lang='grc' dir='ltr'>καὶ</span> <span class='ocrx_word' id='word_1_418' title='bbox 1503 3783 1711 3854; x_wconf 81' lang='grc' dir='ltr'>ἀμεγέ-</span> 
     </span>
    </p>
   </div>
   <div class='ocr_carea' id='block_1_53' title="bbox 154 3864 1707 3943">
    <p class='ocr_par' dir='ltr' id='par_1_53' title="bbox 154 3864 1707 3943">
     <span class='ocr_line' id='line_1_53' title="bbox 154 3864 1707 3943; baseline 0.007 -26"><span class='ocrx_word' id='word_1_419' title='bbox 154 3864 267 3930; x_wconf 76' lang='grc' dir='ltr'>θονς</span> <span class='ocrx_word' id='word_1_420' title='bbox 295 3869 385 3921; x_wconf 67' lang='grc' dir='ltr'>καὶ</span> <span class='ocrx_word' id='word_1_421' title='bbox 405 3870 629 3933; x_wconf 82' lang='grc' dir='ltr'>ἀπόσου,</span> <span class='ocrx_word' id='word_1_422' title='bbox 648 3872 858 3943; x_wconf 87' lang='grc' dir='ltr'>Πατρός</span> <span class='ocrx_word' id='word_1_423' title='bbox 885 3890 941 3925; x_wconf 88' lang='grc' dir='ltr'><strong>τε</strong></span> <span class='ocrx_word' id='word_1_424' title='bbox 965 3874 1106 3942; x_wconf 79' lang='grc' dir='ltr'>λέγω</span> <span class='ocrx_word' id='word_1_425' title='bbox 1134 3875 1229 3928; x_wconf 72' lang='grc' dir='ltr'>καὶ</span> <span class='ocrx_word' id='word_1_426' title='bbox 1259 3874 1385 3928; x_wconf 81' lang='grc' dir='ltr'>Υἱοῦ</span> <span class='ocrx_word' id='word_1_427' title='bbox 1424 3877 1516 3929; x_wconf 69' lang='grc' dir='ltr'>καὶ</span> <span class='ocrx_word' id='word_1_428' title='bbox 1538 3875 1707 3928; x_wconf 83' lang='grc' dir='ltr'><strong>ΙΙνεὺ-</strong></span> 
     </span>
    </p>
   </div>
   <div class='ocr_carea' id='block_1_54' title="bbox 154 3960 1707 4036">
    <p class='ocr_par' dir='ltr' id='par_1_54' title="bbox 154 3960 1707 4036">
     <span class='ocr_line' id='line_1_54' title="bbox 154 3960 1707 4036; baseline 0.006 -28"><span class='ocrx_word' id='word_1_429' title='bbox 154 3973 309 4025; x_wconf 83' lang='grc' dir='ltr'>ματος</span> <span class='ocrx_word' id='word_1_430' title='bbox 350 3960 527 4028; x_wconf 81' lang='grc' dir='ltr'>ἀγίου,</span> <span class='ocrx_word' id='word_1_431' title='bbox 580 3962 678 4033; x_wconf 67' lang='grc' dir='ltr'>τὴν</span> <span class='ocrx_word' id='word_1_432' title='bbox 732 3962 875 4015; x_wconf 80' lang='grc' dir='ltr'><strong>κατά</strong></span> <span class='ocrx_word' id='word_1_433' title='bbox 939 3964 999 4017; x_wconf 84' lang='grc' dir='ltr'>τὸ</span> <span class='ocrx_word' id='word_1_434' title='bbox 1049 3965 1300 4036; x_wconf 84' lang='grc' dir='ltr'>ἀνόμοιον</span> <span class='ocrx_word' id='word_1_435' title='bbox 1359 3965 1707 4034; x_wconf 74' lang='grc' dir='ltr'>ἐπιγινώσκει</span> 
     </span>
    </p>
   </div>
   <div class='ocr_carea' id='block_1_55' title="bbox 151 4049 1708 4125">
    <p class='ocr_par' dir='ltr' id='par_1_55' title="bbox 151 4049 1708 4125">
     <span class='ocr_line' id='line_1_55' title="bbox 151 4049 1708 4125; baseline 0.006 -24"><span class='ocrx_word' id='word_1_436' title='bbox 151 4049 507 4123; x_wconf 79' lang='grc' dir='ltr'>παραλλαγὴν,</span> <span class='ocrx_word' id='word_1_437' title='bbox 556 4053 651 4106; x_wconf 75' lang='grc' dir='ltr'>καὶ</span> <span class='ocrx_word' id='word_1_438' title='bbox 695 4053 957 4124; x_wconf 75' lang='grc' dir='ltr'>προφέρει</span> <span class='ocrx_word' id='word_1_439' title='bbox 1003 4054 1160 4108; x_wconf 84' lang='grc' dir='ltr'>τοῦτο</span> <span class='ocrx_word' id='word_1_440' title='bbox 1192 4055 1327 4125; x_wconf 76' lang='grc' dir='ltr'>πρὸς</span> <span class='ocrx_word' id='word_1_441' title='bbox 1366 4055 1583 4124; x_wconf 75' lang='grc' dir='ltr'>ἔλεγχον</span> <span class='ocrx_word' id='word_1_442' title='bbox 1606 4055 1708 4125; x_wconf 83' lang='grc' dir='ltr'>τῆς</span> 
     </span>
    </p>
   </div>
   <div class='ocr_carea' id='block_1_56' title="bbox 151 4138 1705 4216">
    <p class='ocr_par' dir='ltr' id='par_1_56' title="bbox 151 4138 1705 4216">
     <span class='ocr_line' id='line_1_56' title="bbox 151 4138 1705 4216; baseline 0.011 -26"><span class='ocrx_word' id='word_1_443' title='bbox 151 4138 373 4208; x_wconf 83' lang='grc' dir='ltr'>ἀμαθίας</span> <span class='ocrx_word' id='word_1_444' title='bbox 407 4144 586 4213; x_wconf 76' lang='grc' dir='ltr'>ἡμῶν,</span> <span class='ocrx_word' id='word_1_445' title='bbox 642 4142 672 4196; x_wconf 82' lang='grc' dir='ltr'><strong>ὅ</strong></span> <span class='ocrx_word' id='word_1_446' title='bbox 718 4142 956 4214; x_wconf 83' lang='grc' dir='ltr'>συνεχῶς</span> <span class='ocrx_word' id='word_1_447' title='bbox 988 4143 1134 4216; x_wconf 86' lang='grc' dir='ltr'><strong>παρά</strong></span> <span class='ocrx_word' id='word_1_448' title='bbox 1169 4144 1279 4198; x_wconf 85' lang='grc' dir='ltr'>τῶν</span> <span class='ocrx_word' id='word_1_449' title='bbox 1310 4144 1565 4215; x_wconf 83' lang='grc' dir='ltr'>μαθητῶν</span> <span class='ocrx_word' id='word_1_450' title='bbox 1606 4145 1705 4214; x_wconf 77' lang='grc' dir='ltr'>τῆς</span> 
     </span>
    </p>
   </div>
   <div class='ocr_carea' id='block_1_57' title="bbox 151 4230 1705 4305">
    <p class='ocr_par' dir='ltr' id='par_1_57' title="bbox 151 4230 1705 4305">
     <span class='ocr_line' id='line_1_57' title="bbox 151 4230 1705 4305; baseline 0.003 -21"><span class='ocrx_word' id='word_1_451' title='bbox 151 4230 347 4303; x_wconf 75' lang='grc' dir='ltr'>ἀπάτης</span> <span class='ocrx_word' id='word_1_452' title='bbox 372 4235 711 4305; x_wconf 82' lang='grc' dir='ltr'>προτείνεται</span> <span class='ocrx_word' id='word_1_453' title='bbox 727 4251 741 4266; x_wconf 78' lang='grc' dir='ltr'><strong>ο</strong></span> <span class='ocrx_word' id='word_1_454' title='bbox 770 4235 854 4299; x_wconf 79' lang='grc' dir='ltr'>τὸ,</span> <span class='ocrx_word' id='word_1_455' title='bbox 905 4234 1101 4305; x_wconf 76' lang='grc' dir='ltr'>Ὑμεῖς</span> <span class='ocrx_word' id='word_1_456' title='bbox 1119 4236 1510 4304; x_wconf 75' lang='grc' dir='ltr'>προσκυνεῖτε</span> <span class='ocrx_word' id='word_1_457' title='bbox 1546 4234 1705 4289; x_wconf 78' lang='grc' dir='ltr'>δούκ</span> 
     </span>
    </p>
   </div>
   <div class='ocr_carea' id='block_1_58' title="bbox 152 4325 1699 4404">
    <p class='ocr_par' dir='ltr' id='par_1_58' title="bbox 152 4325 1699 4404">
     <span class='ocr_line' id='line_1_58' title="bbox 152 4325 1699 4404; baseline 0.004 -25"><span class='ocrx_word' id='word_1_458' title='bbox 152 4325 352 4393; x_wconf 63' lang='lat' dir='ltr'><strong>omne,</strong></span> <span class='ocrx_word' id='word_1_459' title='bbox 369 4332 418 4384; x_wconf 85' lang='grc' dir='ltr'><strong>εί</strong></span> <span class='ocrx_word' id='word_1_460' title='bbox 440 4332 539 4404; x_wconf 76' lang='grc' dir='ltr'>τὴν</span> <span class='ocrx_word' id='word_1_461' title='bbox 558 4330 749 4384; x_wconf 80' lang='grc' dir='ltr'>οὐσίαν</span> <span class='ocrx_word' id='word_1_462' title='bbox 762 4330 856 4385; x_wconf 85' lang='grc' dir='ltr'><strong>τοῦ</strong></span> <span class='ocrx_word' id='word_1_463' title='bbox 886 4331 1356 4403; x_wconf 82' lang='grc' dir='ltr'>προσκυνουμένου</span> <span class='ocrx_word' id='word_1_464' title='bbox 1377 4333 1477 4386; x_wconf 90' lang='grc' dir='ltr'><strong>οὑκ</strong></span> <span class='ocrx_word' id='word_1_465' title='bbox 1503 4331 1699 4385; x_wconf 74' lang='grc' dir='ltr'>οἴδατε·</span> 
     </span>
    </p>
   </div>
   <div class='ocr_carea' id='block_1_59' title="bbox 151 4416 1776 4500">
    <p class='ocr_par' dir='ltr' id='par_1_59' title="bbox 151 4416 1776 4500">
     <span class='ocr_line' id='line_1_59' title="bbox 151 4416 1776 4500; baseline 0.012 -29"><span class='ocrx_word' id='word_1_466' title='bbox 151 4416 203 4467; x_wconf 70' lang='grc' dir='ltr'>οὗ</span> <span class='ocrx_word' id='word_1_467' title='bbox 232 4420 647 4494; x_wconf 74' lang='grc' dir='ltr'>φοϐηθησόμεθα</span> <span class='ocrx_word' id='word_1_468' title='bbox 675 4423 813 4477; x_wconf 89' lang='grc' dir='ltr'><strong>κατά</strong></span> <span class='ocrx_word' id='word_1_469' title='bbox 838 4423 935 4495; x_wconf 77' lang='grc' dir='ltr'>τὴν</span> <span class='ocrx_word' id='word_1_470' title='bbox 970 4422 1278 4496; x_wconf 78' lang='grc' dir='ltr'>συμϐουλὴν</span> <span class='ocrx_word' id='word_1_471' title='bbox 1299 4424 1394 4479; x_wconf 86' lang='grc' dir='ltr'><strong>τοῦ</strong></span> <span class='ocrx_word' id='word_1_472' title='bbox 1424 4427 1701 4497; x_wconf 65' lang='grc' dir='ltr'>προφήτου</span> <span class='ocrx_word' id='word_1_473' title='bbox 1736 4444 1776 4500; x_wconf 86' lang='lat' dir='ltr'><strong>D</strong></span> 
     </span>
    </p>
   </div>
   <div class='ocr_carea' id='block_1_60' title="bbox 151 4505 1704 4586">
    <p class='ocr_par' dir='ltr' id='par_1_60' title="bbox 151 4505 1704 4586">
     <span class='ocr_line' id='line_1_60' title="bbox 151 4505 1704 4586; baseline 0.004 -27"><span class='ocrx_word' id='word_1_474' title='bbox 151 4505 229 4558; x_wconf 71' lang='grc' dir='ltr'>τὸν</span> <span class='ocrx_word' id='word_1_475' title='bbox 250 4511 542 4584; x_wconf 76' lang='grc' dir='ltr'>ὀνειδισμὸν</span> <span class='ocrx_word' id='word_1_476' title='bbox 565 4513 677 4566; x_wconf 81' lang='grc' dir='ltr'><strong>τῶν</strong></span> <span class='ocrx_word' id='word_1_477' title='bbox 707 4514 957 4586; x_wconf 76' lang='grc' dir='ltr'>ἀφρόνων</span> <span class='ocrx_word' id='word_1_478' title='bbox 978 4530 992 4546; x_wconf 72' lang='grc'><strong><em>⁸</em></strong></span> <span class='ocrx_word' id='word_1_479' title='bbox 1021 4513 1142 4569; x_wconf 80' lang='grc' dir='ltr'>οὑδὲ</span> <span class='ocrx_word' id='word_1_480' title='bbox 1170 4515 1257 4570; x_wconf 79' lang='grc' dir='ltr'><strong>διὰ</strong></span> <span class='ocrx_word' id='word_1_481' title='bbox 1284 4515 1374 4568; x_wconf 75' lang='grc' dir='ltr'><strong>τὸν</strong></span> <span class='ocrx_word' id='word_1_482' title='bbox 1403 4514 1704 4585; x_wconf 78' lang='grc' dir='ltr'>φαυλισμδν</span> 
     </span>
    </p>
   </div>
   <div class='ocr_carea' id='block_1_61' title="bbox 152 4596 1704 4677">
    <p class='ocr_par' dir='ltr' id='par_1_61' title="bbox 152 4596 1704 4677">
     <span class='ocr_line' id='line_1_61' title="bbox 152 4596 1704 4677; baseline 0.008 -31"><span class='ocrx_word' id='word_1_483' title='bbox 152 4596 311 4653; x_wconf 78' lang='grc' dir='ltr'>αὐτῶν</span> <span class='ocrx_word' id='word_1_484' title='bbox 358 4603 499 4658; x_wconf 84' lang='grc' dir='ltr'><strong>κατά</strong></span> <span class='ocrx_word' id='word_1_485' title='bbox 537 4602 648 4657; x_wconf 83' lang='grc' dir='ltr'><strong>τῶν</strong></span> <span class='ocrx_word' id='word_1_486' title='bbox 693 4605 1089 4676; x_wconf 81' lang='grc' dir='ltr'>ἀνεκφωνήτων</span> <span class='ocrx_word' id='word_1_487' title='bbox 1142 4604 1664 4677; x_wconf 83' lang='grc' dir='ltr'>θρασυστομήσομεν</span> <span class='ocrx_word' id='word_1_488' title='bbox 1687 4622 1704 4638; x_wconf 86' lang='grc'><strong>·</strong></span> 
     </span>
    </p>
   </div>
   <div class='ocr_carea' id='block_1_62' title="bbox 148 4684 1705 4766">
    <p class='ocr_par' dir='ltr' id='par_1_62' title="bbox 148 4684 1705 4766">
     <span class='ocr_line' id='line_1_62' title="bbox 148 4684 1705 4766; baseline 0.005 -28"><span class='ocrx_word' id='word_1_489' title='bbox 148 4684 226 4738; x_wconf 66' lang='grc' dir='ltr'>τὸν</span> <span class='ocrx_word' id='word_1_490' title='bbox 254 4689 463 4764; x_wconf 76' lang='grc' dir='ltr'>ίδιιὶιτην</span> <span class='ocrx_word' id='word_1_491' title='bbox 516 4692 597 4763; x_wconf 82' lang='grc' dir='ltr'><strong>τῷ</strong></span> <span class='ocrx_word' id='word_1_492' title='bbox 655 4693 796 4765; x_wconf 79' lang='grc' dir='ltr'>λόγῳ</span> <span class='ocrx_word' id='word_1_493' title='bbox 835 4692 1044 4747; x_wconf 84' lang='grc' dir='ltr'>Παῦλον</span> <span class='ocrx_word' id='word_1_494' title='bbox 1080 4692 1399 4748; x_wconf 82' lang='grc' dir='ltr'>διδάσκαλον</span> <span class='ocrx_word' id='word_1_495' title='bbox 1433 4693 1540 4748; x_wconf 84' lang='grc' dir='ltr'><strong>τῶν</strong></span> <span class='ocrx_word' id='word_1_496' title='bbox 1567 4694 1705 4766; x_wconf 83' lang='grc' dir='ltr'>ὑπὲρ</span> 
     </span>
    </p>
   </div>
   <div class='ocr_carea' id='block_1_63' title="bbox 147 4782 1708 4855">
    <p class='ocr_par' dir='ltr' id='par_1_63' title="bbox 147 4782 1708 4855">
     <span class='ocr_line' id='line_1_63' title="bbox 147 4782 1708 4855; baseline 0.004 -24"><span class='ocrx_word' id='word_1_497' title='bbox 147 4791 329 4841; x_wconf 72' lang='grc' dir='ltr'>τνωσιν</span> <span class='ocrx_word' id='word_1_498' title='bbox 373 4782 691 4855; x_wconf 77' lang='grc' dir='ltr'>μυστηρίων</span> <span class='ocrx_word' id='word_1_499' title='bbox 731 4782 1074 4855; x_wconf 84' lang='grc' dir='ltr'>ποιούμενοι·</span> <span class='ocrx_word' id='word_1_500' title='bbox 1117 4782 1177 4847; x_wconf 81' lang='grc' dir='ltr'>ὃς</span> <span class='ocrx_word' id='word_1_501' title='bbox 1221 4782 1471 4837; x_wconf 85' lang='grc' dir='ltr'>τοσοῦτον</span> <span class='ocrx_word' id='word_1_502' title='bbox 1516 4785 1708 4855; x_wconf 78' lang='grc' dir='ltr'>ἀπέχει</span> 
     </span>
    </p>
   </div>
   <div class='ocr_carea' id='block_1_64' title="bbox 144 4863 1709 4946">
    <p class='ocr_par' dir='ltr' id='par_1_64' title="bbox 144 4863 1709 4946">
     <span class='ocr_line' id='line_1_64' title="bbox 144 4863 1709 4946; baseline 0.001 -20"><span class='ocrx_word' id='word_1_503' title='bbox 144 4863 227 4920; x_wconf 65' lang='grc' dir='ltr'><strong>τῡῧ</strong></span> <span class='ocrx_word' id='word_1_504' title='bbox 244 4873 342 4942; x_wconf 70' lang='grc' dir='ltr'>τὴν</span> <span class='ocrx_word' id='word_1_505' title='bbox 368 4873 518 4927; x_wconf 86' lang='grc' dir='ltr'>θείαν</span> <span class='ocrx_word' id='word_1_506' title='bbox 547 4873 709 4942; x_wconf 81' lang='grc' dir='ltr'>φύσιν</span> <span class='ocrx_word' id='word_1_507' title='bbox 734 4874 884 4938; x_wconf 72' lang='grc' dir='ltr'>ἐντὸς</span> <span class='ocrx_word' id='word_1_508' title='bbox 924 4874 1023 4943; x_wconf 75' lang='grc' dir='ltr'>τῆς</span> <span class='ocrx_word' id='word_1_509' title='bbox 1052 4873 1400 4945; x_wconf 85' lang='grc' dir='ltr'>ἀνθρωπίνης</span> <span class='ocrx_word' id='word_1_510' title='bbox 1432 4875 1709 4946; x_wconf 84' lang='grc' dir='ltr'>περινοίας</span> 
     </span>
    </p>
   </div>
   <div class='ocr_carea' id='block_1_65' title="bbox 144 4958 1710 5038">
    <p class='ocr_par' dir='ltr' id='par_1_65' title="bbox 144 4958 1710 5038">
     <span class='ocr_line' id='line_1_65' title="bbox 144 4958 1710 5038; baseline 0.007 -28"><span class='ocrx_word' id='word_1_511' title='bbox 144 4958 356 5027; x_wconf 73' lang='grc' dir='ltr'>οἴεσθαι,</span> <span class='ocrx_word' id='word_1_512' title='bbox 389 4964 463 5030; x_wconf 84' lang='grc' dir='ltr'><strong>ὡς</strong></span> <span class='ocrx_word' id='word_1_513' title='bbox 496 4965 591 5019; x_wconf 81' lang='grc' dir='ltr'>καὶ</span> <span class='ocrx_word' id='word_1_514' title='bbox 614 4964 683 5019; x_wconf 83' lang='grc' dir='ltr'><strong>τά</strong></span> <span class='ocrx_word' id='word_1_515' title='bbox 723 4964 964 5037; x_wconf 84' lang='grc' dir='ltr'>κρίματα</span> <span class='ocrx_word' id='word_1_516' title='bbox 1003 4964 1098 5018; x_wconf 82' lang='grc' dir='ltr'><strong>τοῦ</strong></span> <span class='ocrx_word' id='word_1_517' title='bbox 1142 4965 1276 5019; x_wconf 78' lang='grc' dir='ltr'>θεοῦ</span> <span class='ocrx_word' id='word_1_518' title='bbox 1314 4965 1710 5038; x_wconf 81' lang='grc' dir='ltr'>ἀνεξερεύνητα</span> 
     </span>
    </p>
   </div>
   <div class='ocr_carea' id='block_1_66' title="bbox 140 5045 1711 5126">
    <p class='ocr_par' dir='ltr' id='par_1_66' title="bbox 140 5045 1711 5126">
     <span class='ocr_line' id='line_1_66' title="bbox 140 5045 1711 5126; baseline 0.003 -22"><span class='ocrx_word' id='word_1_519' title='bbox 140 5045 326 5118; x_wconf 68' lang='grc' dir='ltr'>λέγειν,</span> <span class='ocrx_word' id='word_1_520' title='bbox 362 5057 454 5109; x_wconf 75' lang='grc' dir='ltr'>καὶ</span> <span class='ocrx_word' id='word_1_521' title='bbox 484 5056 586 5120; x_wconf 82' lang='grc' dir='ltr'><strong>τάς</strong></span> <span class='ocrx_word' id='word_1_522' title='bbox 603 5054 753 5118; x_wconf 77' lang='grc' dir='ltr'>ὁδοὺς</span> <span class='ocrx_word' id='word_1_523' title='bbox 775 5054 1228 5126; x_wconf 72' lang='grc' dir='ltr'>ἀνιξιχνιάστους.</span> <span class='ocrx_word' id='word_1_524' title='bbox 1243 5056 1337 5109; x_wconf 79' lang='grc' dir='ltr'><strong>καὶ</strong></span> <span class='ocrx_word' id='word_1_525' title='bbox 1355 5055 1421 5109; x_wconf 83' lang='grc' dir='ltr'><strong>τά</strong></span> <span class='ocrx_word' id='word_1_526' title='bbox 1440 5059 1552 5119; x_wconf 79' lang='grc' dir='ltr'>τοῖς</span> <span class='ocrx_word' id='word_1_527' title='bbox 1574 5058 1711 5125; x_wconf 85' lang='grc' dir='ltr'>ἀγα-</span> 
     </span>
    </p>
   </div>
   <div class='ocr_carea' id='block_1_67' title="bbox 140 5138 1709 5217">
    <p class='ocr_par' dir='ltr' id='par_1_67' title="bbox 140 5138 1709 5217">
     <span class='ocr_line' id='line_1_67' title="bbox 140 5138 1709 5217; baseline 0.003 -26"><span class='ocrx_word' id='word_1_528' title='bbox 140 5138 303 5194; x_wconf 60' lang='grc' dir='ltr'>πῶσιν</span> <span class='ocrx_word' id='word_1_529' title='bbox 332 5144 496 5198; x_wconf 80' lang='grc' dir='ltr'>αὑτὸν</span> <span class='ocrx_word' id='word_1_530' title='bbox 523 5144 667 5217; x_wconf 74' lang='grc' dir='ltr'>ὑπὲρ</span> <span class='ocrx_word' id='word_1_531' title='bbox 693 5143 803 5197; x_wconf 84' lang='grc' dir='ltr'><strong>τῶν</strong></span> <span class='ocrx_word' id='word_1_532' title='bbox 832 5144 890 5195; x_wconf 76' lang='grc' dir='ltr'>ἐν</span> <span class='ocrx_word' id='word_1_533' title='bbox 927 5141 1005 5214; x_wconf 79' lang='grc' dir='ltr'><strong>τῷ</strong></span> <span class='ocrx_word' id='word_1_534' title='bbox 1040 5143 1139 5215; x_wconf 83' lang='grc' dir='ltr'>βίῳ</span> <span class='ocrx_word' id='word_1_535' title='bbox 1172 5139 1307 5208; x_wconf 80' lang='grc' dir='ltr'>τῷδε</span> <span class='ocrx_word' id='word_1_536' title='bbox 1339 5144 1709 5214; x_wconf 83' lang='grc' dir='ltr'>κατορθωθέν-</span> 
     </span>
    </p>
   </div>
   <div class='ocr_carea' id='block_1_68' title="bbox 132 5230 1709 5308">
    <p class='ocr_par' dir='ltr' id='par_1_68' title="bbox 132 5230 1709 5308">
     <span class='ocr_line' id='line_1_68' title="bbox 132 5230 1709 5308; baseline 0.004 -25"><span class='ocrx_word' id='word_1_537' title='bbox 132 5243 232 5283; x_wconf 79' lang='grc' dir='ltr'><strong>των</strong></span> <span class='ocrx_word' id='word_1_538' title='bbox 258 5235 671 5308; x_wconf 70' lang='grc' dir='ltr'>ἀπηγγελμένα,</span> <span class='ocrx_word' id='word_1_539' title='bbox 703 5236 844 5308; x_wconf 78' lang='grc' dir='ltr'>ὑπὲρ</span> <span class='ocrx_word' id='word_1_540' title='bbox 873 5234 1176 5307; x_wconf 74' lang='grc' dir='ltr'>κατάληψιν</span> <span class='ocrx_word' id='word_1_541' title='bbox 1216 5230 1356 5290; x_wconf 77' lang='grc' dir='ltr'>εἶναι</span> <span class='ocrx_word' id='word_1_542' title='bbox 1384 5235 1709 5308; x_wconf 77' lang='grc' dir='ltr'>διισχυρίζε-</span> 
     </span>
    </p>
   </div>
   <div class='ocr_carea' id='block_1_69' title="bbox 133 5319 1704 5399">
    <p class='ocr_par' dir='ltr' id='par_1_69' title="bbox 133 5319 1704 5399">
     <span class='ocr_line' id='line_1_69' title="bbox 133 5319 1704 5399; baseline 0.003 -24"><span class='ocrx_word' id='word_1_543' title='bbox 133 5319 245 5377; x_wconf 72' lang='grc' dir='ltr'>σθαι</span> <span class='ocrx_word' id='word_1_544' title='bbox 267 5341 283 5356; x_wconf 92' lang='grc'><strong>·</strong></span> <span class='ocrx_word' id='word_1_545' title='bbox 317 5327 399 5390; x_wconf 80' lang='grc' dir='ltr'>ὡς</span> <span class='ocrx_word' id='word_1_546' title='bbox 431 5329 574 5398; x_wconf 81' lang='grc' dir='ltr'>μήτε</span> <span class='ocrx_word' id='word_1_547' title='bbox 600 5326 865 5399; x_wconf 79' lang='grc' dir='ltr'>ὀφθαλμῷ</span> <span class='ocrx_word' id='word_1_548' title='bbox 894 5325 1098 5385; x_wconf 67' lang='grc' dir='ltr'>λαϐεῖν.</span> <span class='ocrx_word' id='word_1_549' title='bbox 1135 5329 1271 5399; x_wconf 79' lang='grc' dir='ltr'>μήτε</span> <span class='ocrx_word' id='word_1_550' title='bbox 1298 5328 1435 5398; x_wconf 75' lang='grc' dir='ltr'>ἀκοῇ</span> <span class='ocrx_word' id='word_1_551' title='bbox 1464 5327 1704 5397; x_wconf 80' lang='grc' dir='ltr'>παραδὲ-</span> 
     </span>
    </p>
   </div>
   <div class='ocr_carea' id='block_1_70' title="bbox 128 5409 1708 5488">
    <p class='ocr_par' dir='ltr' id='par_1_70' title="bbox 128 5409 1708 5488">
     <span class='ocr_line' id='line_1_70' title="bbox 128 5409 1708 5488; baseline 0.003 -19"><span class='ocrx_word' id='word_1_552' title='bbox 128 5409 343 5480; x_wconf 69' lang='grc' dir='ltr'>ξατθαι,</span> <span class='ocrx_word' id='word_1_553' title='bbox 369 5418 508 5488; x_wconf 74' lang='grc' dir='ltr'>μήτε</span> <span class='ocrx_word' id='word_1_554' title='bbox 544 5416 772 5488; x_wconf 80' lang='grc' dir='ltr'>καρδίαν</span> <span class='ocrx_word' id='word_1_555' title='bbox 812 5416 1059 5488; x_wconf 81' lang='grc' dir='ltr'>χωρῆσαι</span> <span class='ocrx_word' id='word_1_556' title='bbox 1085 5415 1305 5471; x_wconf 75' lang='grc' dir='ltr'>δυνατὸν</span> <span class='ocrx_word' id='word_1_557' title='bbox 1337 5412 1496 5471; x_wconf 83' lang='grc' dir='ltr'>εἶναι.</span> <span class='ocrx_word' id='word_1_558' title='bbox 1525 5419 1708 5473; x_wconf 86' lang='grc' dir='ltr'>Ταῦτα</span> 
     </span>
    </p>
   </div>
   <div class='ocr_carea' id='block_1_71' title="bbox 123 5502 1708 5577">
    <p class='ocr_par' dir='ltr' id='par_1_71' title="bbox 123 5502 1708 5577">
     <span class='ocr_line' id='line_1_71' title="bbox 123 5502 1708 5577; baseline 0.001 -21"><span class='ocrx_word' id='word_1_559' title='bbox 123 5502 303 5557; x_wconf 72' lang='grc' dir='ltr'>τοίνυν</span> <span class='ocrx_word' id='word_1_560' title='bbox 351 5505 615 5577; x_wconf 84' lang='grc' dir='ltr'>μαθόντες</span> <span class='ocrx_word' id='word_1_561' title='bbox 665 5504 772 5558; x_wconf 78' lang='grc' dir='ltr'>ἀπὸ</span> <span class='ocrx_word' id='word_1_562' title='bbox 808 5503 903 5557; x_wconf 88' lang='grc' dir='ltr'><strong>τοῦ</strong></span> <span class='ocrx_word' id='word_1_563' title='bbox 950 5503 1183 5568; x_wconf 86' lang='grc' dir='ltr'>Παύλου,</span> <span class='ocrx_word' id='word_1_564' title='bbox 1227 5504 1548 5575; x_wconf 71' lang='grc' dir='ltr'>θαρροῦντες</span> <span class='ocrx_word' id='word_1_565' title='bbox 1573 5506 1708 5558; x_wconf 86' lang='grc' dir='ltr'>ἀπο-</span> 
     </span>
    </p>
   </div>
   <div class='ocr_carea' id='block_1_72' title="bbox 121 5594 1710 5668">
    <p class='ocr_par' dir='ltr' id='par_1_72' title="bbox 121 5594 1710 5668">
     <span class='ocr_line' id='line_1_72' title="bbox 121 5594 1710 5668; baseline 0 -19"><span class='ocrx_word' id='word_1_566' title='bbox 121 5594 458 5666; x_wconf 57' lang='grc' dir='ltr'>ῖοινόμιθα,</span> <span class='ocrx_word' id='word_1_567' title='bbox 511 5597 597 5651; x_wconf 82' lang='grc' dir='ltr'>ὅτι</span> <span class='ocrx_word' id='word_1_568' title='bbox 652 5596 713 5650; x_wconf 80' lang='grc' dir='ltr'><strong>οὑ</strong></span> <span class='ocrx_word' id='word_1_569' title='bbox 751 5594 910 5667; x_wconf 87' lang='grc' dir='ltr'>μόνον</span> <span class='ocrx_word' id='word_1_570' title='bbox 939 5595 1010 5650; x_wconf 82' lang='grc' dir='ltr'><strong>τὰ</strong></span> <span class='ocrx_word' id='word_1_571' title='bbox 1052 5596 1292 5668; x_wconf 88' lang='grc' dir='ltr'>κρίματα</span> <span class='ocrx_word' id='word_1_572' title='bbox 1314 5595 1406 5651; x_wconf 85' lang='grc' dir='ltr'><strong>τοῦ</strong></span> <span class='ocrx_word' id='word_1_573' title='bbox 1438 5595 1575 5650; x_wconf 87' lang='grc' dir='ltr'>Θεοῦ</span> <span class='ocrx_word' id='word_1_574' title='bbox 1611 5595 1710 5666; x_wconf 83' lang='grc' dir='ltr'>τῆς</span> 
     </span>
    </p>
   </div>
   <div class='ocr_carea' id='block_1_73' title="bbox 188 5773 1238 5844">
    <p class='ocr_par' dir='ltr' id='par_1_73' title="bbox 188 5773 1238 5844">
     <span class='ocr_line' id='line_1_73' title="bbox 188 5773 1238 5844; baseline -0.002 -11"><span class='ocrx_word' id='word_1_575' title='bbox 188 5773 241 5811; x_wconf 63' lang='grc' dir='ltr'><strong>’τ’</strong></span> <span class='ocrx_word' id='word_1_576' title='bbox 279 5776 476 5834; x_wconf 71' lang='lat' dir='ltr'><strong>lauit.</strong></span> <span class='ocrx_word' id='word_1_577' title='bbox 523 5792 606 5844; x_wconf 87' lang='grc' dir='ltr'>ιιι,</span> <span class='ocrx_word' id='word_1_578' title='bbox 634 5777 691 5833; x_wconf 83' lang='grc'><strong>’1.</strong></span> <span class='ocrx_word' id='word_1_579' title='bbox 767 5775 814 5809; x_wconf 75' lang='grc'><strong>³⁵</strong></span> <span class='ocrx_word' id='word_1_580' title='bbox 829 5774 1238 5844; x_wconf 79' lang='lat' dir='ltr'><strong>Psal.cxt.tv,3.</strong></span> 
     </span>
    </p>
   </div>
   <div class='ocr_carea' id='block_1_74' title="bbox 1356 5776 1796 5845">
    <p class='ocr_par' dir='ltr' id='par_1_74' title="bbox 1356 5776 1796 5845">
     <span class='ocr_line' id='line_1_74' title="bbox 1356 5776 1796 5845; baseline -0.011 -10"><span class='ocrx_word' id='word_1_581' title='bbox 1356 5778 1394 5811; x_wconf 78' lang='lat'><strong>&quot;</strong></span> <span class='ocrx_word' id='word_1_582' title='bbox 1417 5776 1572 5834; x_wconf 78' lang='lat' dir='ltr'><strong>Joan.</strong></span> <span class='ocrx_word' id='word_1_583' title='bbox 1603 5792 1676 5845; x_wconf 82' lang='lat' dir='ltr'><strong>tv,</strong></span> <span class='ocrx_word' id='word_1_584' title='bbox 1707 5776 1796 5832; x_wconf 65' lang='grc' dir='ltr'>ἥ.</span> 
     </span>
    </p>
   </div>
   <div class='ocr_carea' id='block_1_75' title="bbox 1828 1868 3396 1940">
    <p class='ocr_par' dir='ltr' id='par_1_75' title="bbox 1828 1868 3396 1940">
     <span class='ocr_line' id='line_1_75' title="bbox 1828 1868 3396 1940; baseline 0.003 -18"><span class='ocrx_word' id='word_1_585' title='bbox 1828 1870 2089 1940; x_wconf 73' lang='lat' dir='ltr'><strong>postulet,</strong></span> <span class='ocrx_word' id='word_1_586' title='bbox 2127 1877 2180 1921; x_wconf 89' lang='lat' dir='ltr'><strong>et</strong></span> <span class='ocrx_word' id='word_1_587' title='bbox 2218 1868 2639 1937; x_wconf 88' lang='lat' dir='ltr'><strong>descriptionem</strong></span> <span class='ocrx_word' id='word_1_588' title='bbox 2672 1880 2836 1939; x_wconf 87' lang='lat' dir='ltr'><strong>atque</strong></span> <span class='ocrx_word' id='word_1_589' title='bbox 2858 1874 3278 1936; x_wconf 81' lang='lat' dir='ltr'><strong>enarrationem,</strong></span> <span class='ocrx_word' id='word_1_590' title='bbox 3313 1875 3396 1928; x_wconf 80' lang='lat' dir='ltr'><strong>iu-</strong></span> 
     </span>
    </p>
   </div>
   <div class='ocr_carea' id='block_1_76' title="bbox 1831 1958 3394 2031">
    <p class='ocr_par' dir='ltr' id='par_1_76' title="bbox 1831 1958 3394 2031">
     <span class='ocr_line' id='line_1_76' title="bbox 1831 1958 3394 2031; baseline 0.002 -18"><span class='ocrx_word' id='word_1_591' title='bbox 1831 1960 2021 2013; x_wconf 87' lang='lat' dir='ltr'><strong>doctos</strong></span> <span class='ocrx_word' id='word_1_592' title='bbox 2071 1973 2194 2012; x_wconf 87' lang='lat' dir='ltr'><strong>esse</strong></span> <span class='ocrx_word' id='word_1_593' title='bbox 2241 1972 2342 2011; x_wconf 90' lang='lat' dir='ltr'><strong>nos</strong></span> <span class='ocrx_word' id='word_1_594' title='bbox 2387 1966 2442 2012; x_wconf 85' lang='lat' dir='ltr'><strong>et</strong></span> <span class='ocrx_word' id='word_1_595' title='bbox 2496 1958 2717 2028; x_wconf 84' lang='lat' dir='ltr'><strong>ignaros</strong></span> <span class='ocrx_word' id='word_1_596' title='bbox 2772 1960 2896 2015; x_wconf 90' lang='lat' dir='ltr'><strong>talis</strong></span> <span class='ocrx_word' id='word_1_597' title='bbox 2954 1963 3237 2031; x_wconf 71' lang='lat' dir='ltr'><strong>sapientia:</strong></span> <span class='ocrx_word' id='word_1_598' title='bbox 3284 1980 3394 2018; x_wconf 90' lang='lat' dir='ltr'><strong>non</strong></span> 
     </span>
    </p>
   </div>
   <div class='ocr_carea' id='block_1_77' title="bbox 1822 2047 3392 2121">
    <p class='ocr_par' dir='ltr' id='par_1_77' title="bbox 1822 2047 3392 2121">
     <span class='ocr_line' id='line_1_77' title="bbox 1822 2047 3392 2121; baseline 0.003 -20"><span class='ocrx_word' id='word_1_599' title='bbox 1822 2047 2226 2101; x_wconf 85' lang='lat' dir='ltr'><strong>inliciahimur:</strong></span> <span class='ocrx_word' id='word_1_600' title='bbox 2258 2048 2435 2102; x_wconf 82' lang='lat' dir='ltr'><strong>solum</strong></span> <span class='ocrx_word' id='word_1_601' title='bbox 2468 2047 2571 2101; x_wconf 91' lang='lat' dir='ltr'><strong>hoc</strong></span> <span class='ocrx_word' id='word_1_602' title='bbox 2602 2055 2813 2101; x_wconf 91' lang='lat' dir='ltr'><strong>tantum</strong></span> <span class='ocrx_word' id='word_1_603' title='bbox 2859 2049 3203 2114; x_wconf 80' lang='lat' dir='ltr'><strong>confitentes.</strong></span> <span class='ocrx_word' id='word_1_604' title='bbox 3244 2055 3392 2121; x_wconf 91' lang='lat' dir='ltr'><strong>quod</strong></span> 
     </span>
    </p>
   </div>
   <div class='ocr_carea' id='block_1_78' title="bbox 1822 2138 3392 2198">
    <p class='ocr_par' dir='ltr' id='par_1_78' title="bbox 1822 2138 3392 2198">
     <span class='ocr_line' id='line_1_78' title="bbox 1822 2138 3392 2198; baseline 0.003 -5"><span class='ocrx_word' id='word_1_605' title='bbox 1822 2140 2090 2193; x_wconf 83' lang='lat' dir='ltr'><strong>inﬁnitum</strong></span> <span class='ocrx_word' id='word_1_606' title='bbox 2121 2145 2204 2193; x_wconf 89' lang='lat' dir='ltr'><strong>est</strong></span> <span class='ocrx_word' id='word_1_607' title='bbox 2249 2138 2549 2193; x_wconf 88' lang='lat' dir='ltr'><strong>secundum</strong></span> <span class='ocrx_word' id='word_1_608' title='bbox 2608 2147 2857 2193; x_wconf 88' lang='lat' dir='ltr'><strong>naturam</strong></span> <span class='ocrx_word' id='word_1_609' title='bbox 2911 2142 3057 2196; x_wconf 90' lang='lat' dir='ltr'><strong>nullo</strong></span> <span class='ocrx_word' id='word_1_610' title='bbox 3102 2142 3392 2198; x_wconf 81' lang='lat' dir='ltr'><strong>verborum</strong></span> 
     </span>
    </p>
   </div>
   <div class='ocr_carea' id='block_1_79' title="bbox 1821 2232 3393 2302">
    <p class='ocr_par' dir='ltr' id='par_1_79' title="bbox 1821 2232 3393 2302">
     <span class='ocr_line' id='line_1_79' title="bbox 1821 2232 3393 2302; baseline 0.002 -15"><span class='ocrx_word' id='word_1_611' title='bbox 1821 2240 2087 2302; x_wconf 88' lang='lat' dir='ltr'><strong>conceptu</strong></span> <span class='ocrx_word' id='word_1_612' title='bbox 2139 2233 2527 2301; x_wconf 81' lang='lat' dir='ltr'><strong>comprehendi</strong></span> <span class='ocrx_word' id='word_1_613' title='bbox 2584 2248 2769 2300; x_wconf 88' lang='lat' dir='ltr'><strong>posse.</strong></span> <span class='ocrx_word' id='word_1_614' title='bbox 2809 2232 2944 2288; x_wconf 71' lang='lat' dir='ltr'><strong>Nam</strong></span> <span class='ocrx_word' id='word_1_615' title='bbox 3002 2234 3241 2289; x_wconf 88' lang='lat' dir='ltr'><strong>divinam</strong></span> <span class='ocrx_word' id='word_1_616' title='bbox 3274 2253 3393 2290; x_wconf 85' lang='lat' dir='ltr'><strong>ma-</strong></span> 
     </span>
    </p>
   </div>
   <div class='ocr_carea' id='block_1_80' title="bbox 1816 2322 3394 2395">
    <p class='ocr_par' dir='ltr' id='par_1_80' title="bbox 1816 2322 3394 2395">
     <span class='ocr_line' id='line_1_80' title="bbox 1816 2322 3394 2395; baseline 0.001 -18"><span class='ocrx_word' id='word_1_617' title='bbox 1816 2324 2068 2393; x_wconf 87' lang='lat' dir='ltr'><strong>jestatem</strong></span> <span class='ocrx_word' id='word_1_618' title='bbox 2121 2337 2226 2375; x_wconf 92' lang='lat' dir='ltr'><strong>non</strong></span> <span class='ocrx_word' id='word_1_619' title='bbox 2267 2322 2470 2376; x_wconf 86' lang='lat' dir='ltr'><strong>habere</strong></span> <span class='ocrx_word' id='word_1_620' title='bbox 2503 2324 2793 2376; x_wconf 88' lang='lat' dir='ltr'><strong>terminum</strong></span> <span class='ocrx_word' id='word_1_621' title='bbox 2830 2338 2933 2378; x_wconf 88' lang='lat' dir='ltr'><strong>nec</strong></span> <span class='ocrx_word' id='word_1_622' title='bbox 2968 2338 3129 2395; x_wconf 85' lang='lat' dir='ltr'><strong>posse</strong></span> <span class='ocrx_word' id='word_1_623' title='bbox 3153 2325 3394 2380; x_wconf 88' lang='lat' dir='ltr'><strong>cireum-</strong></span> 
     </span>
    </p>
   </div>
   <div class='ocr_carea' id='block_1_81' title="bbox 1822 2413 3393 2488">
    <p class='ocr_par' dir='ltr' id='par_1_81' title="bbox 1822 2413 3393 2488">
     <span class='ocr_line' id='line_1_81' title="bbox 1822 2413 3393 2488; baseline 0.003 -20"><span class='ocrx_word' id='word_1_624' title='bbox 1822 2415 2010 2476; x_wconf 82' lang='lat' dir='ltr'><strong>scrihi,</strong></span> <span class='ocrx_word' id='word_1_625' title='bbox 2052 2415 2338 2482; x_wconf 81' lang='lat' dir='ltr'><strong>prophetia</strong></span> <span class='ocrx_word' id='word_1_626' title='bbox 2375 2413 2523 2468; x_wconf 88' lang='lat' dir='ltr'><strong>clare</strong></span> <span class='ocrx_word' id='word_1_627' title='bbox 2553 2414 2791 2468; x_wconf 88' lang='lat' dir='ltr'><strong>clamitat</strong></span> <span class='ocrx_word' id='word_1_628' title='bbox 2826 2424 2882 2469; x_wconf 91' lang='lat' dir='ltr'><strong>et</strong></span> <span class='ocrx_word' id='word_1_629' title='bbox 2913 2417 3171 2484; x_wconf 61' lang='lat' dir='ltr'><strong>pradicat</strong></span> <span class='ocrx_word' id='word_1_630' title='bbox 3204 2433 3216 2469; x_wconf 91' lang='lat'>:</span> <span class='ocrx_word' id='word_1_631' title='bbox 3247 2419 3393 2488; x_wconf 76' lang='lat' dir='ltr'><strong>quod</strong></span> 
     </span>
    </p>
   </div>
   <div class='ocr_carea' id='block_1_82' title="bbox 1821 2504 3392 2576">
    <p class='ocr_par' dir='ltr' id='par_1_82' title="bbox 1821 2504 3392 2576">
     <span class='ocr_line' id='line_1_82' title="bbox 1821 2504 3392 2576; baseline 0.003 -18"><span class='ocrx_word' id='word_1_632' title='bbox 1821 2505 2262 2572; x_wconf 74' lang='lat' dir='ltr'><strong>magnificentiae,</strong></span> <span class='ocrx_word' id='word_1_633' title='bbox 2322 2504 2527 2575; x_wconf 85' lang='lat' dir='ltr'><strong>gloriae,</strong></span> <span class='ocrx_word' id='word_1_634' title='bbox 2581 2505 3038 2562; x_wconf 73' lang='lat' dir='ltr'><strong>sanctificationis</strong></span> <span class='ocrx_word' id='word_1_635' title='bbox 3089 2508 3213 2576; x_wconf 85' lang='lat' dir='ltr'><strong>ejus</strong></span> <span class='ocrx_word' id='word_1_636' title='bbox 3282 2525 3392 2564; x_wconf 91' lang='lat' dir='ltr'><strong>nou</strong></span> 
     </span>
    </p>
   </div>
   <div class='ocr_carea' id='block_1_83' title="bbox 1818 2594 3394 2669">
    <p class='ocr_par' dir='ltr' id='par_1_83' title="bbox 1818 2594 3394 2669">
     <span class='ocr_line' id='line_1_83' title="bbox 1818 2594 3394 2669; baseline 0.003 -18"><span class='ocrx_word' id='word_1_637' title='bbox 1818 2604 1903 2651; x_wconf 91' lang='lat' dir='ltr'><strong>est</strong></span> <span class='ocrx_word' id='word_1_638' title='bbox 1945 2596 2071 2651; x_wconf 80' lang='lat' dir='ltr'><strong>linis</strong></span> <span class='ocrx_word' id='word_1_639' title='bbox 2127 2595 2195 2649; x_wconf 79' lang='lat'><strong>‘°.</strong></span> <span class='ocrx_word' id='word_1_640' title='bbox 2249 2594 2404 2662; x_wconf 86' lang='lat' dir='ltr'><strong>Quod</strong></span> <span class='ocrx_word' id='word_1_641' title='bbox 2444 2597 2488 2651; x_wconf 93' lang='lat' dir='ltr'><strong>si</strong></span> <span class='ocrx_word' id='word_1_642' title='bbox 2520 2614 2640 2666; x_wconf 67' lang='lat' dir='ltr'><strong>qua:</strong></span> <span class='ocrx_word' id='word_1_643' title='bbox 2684 2606 2811 2651; x_wconf 89' lang='lat' dir='ltr'><strong>sunt</strong></span> <span class='ocrx_word' id='word_1_644' title='bbox 2856 2599 3003 2652; x_wconf 83' lang='lat' dir='ltr'><strong>circa</strong></span> <span class='ocrx_word' id='word_1_645' title='bbox 3045 2600 3223 2669; x_wconf 91' lang='lat' dir='ltr'><strong>ipsum</strong></span> <span class='ocrx_word' id='word_1_646' title='bbox 3271 2602 3394 2657; x_wconf 88' lang='lat' dir='ltr'><strong>inli-</strong></span> 
     </span>
    </p>
   </div>
   <div class='ocr_carea' id='block_1_84' title="bbox 1822 2675 3397 2759">
    <p class='ocr_par' dir='ltr' id='par_1_84' title="bbox 1822 2675 3397 2759">
     <span class='ocr_line' id='line_1_84' title="bbox 1822 2675 3397 2759; baseline 0.004 -18"><span class='ocrx_word' id='word_1_647' title='bbox 1822 2675 2118 2746; x_wconf 45' lang='lat' dir='ltr'><strong>nita’sunt,</strong></span> <span class='ocrx_word' id='word_1_648' title='bbox 2157 2688 2329 2741; x_wconf 86' lang='lat' dir='ltr'><strong>multo</strong></span> <span class='ocrx_word' id='word_1_649' title='bbox 2373 2690 2547 2758; x_wconf 81' lang='lat' dir='ltr'><strong>magis</strong></span> <span class='ocrx_word' id='word_1_650' title='bbox 2588 2689 2677 2744; x_wconf 92' lang='lat' dir='ltr'><strong>ille</strong></span> <span class='ocrx_word' id='word_1_651' title='bbox 2713 2689 2830 2759; x_wconf 89' lang='lat' dir='ltr'><strong>ipse</strong></span> <span class='ocrx_word' id='word_1_652' title='bbox 2870 2691 3170 2745; x_wconf 80' lang='lat' dir='ltr'><strong>secundum</strong></span> <span class='ocrx_word' id='word_1_653' title='bbox 3206 2706 3397 2747; x_wconf 87' lang='lat' dir='ltr'><strong>essen-</strong></span> 
     </span>
    </p>
   </div>
   <div class='ocr_carea' id='block_1_85' title="bbox 1819 2778 3394 2852">
    <p class='ocr_par' dir='ltr' id='par_1_85' title="bbox 1819 2778 3394 2852">
     <span class='ocr_line' id='line_1_85' title="bbox 1819 2778 3394 2852; baseline 0.003 -18"><span class='ocrx_word' id='word_1_654' title='bbox 1819 2778 1947 2834; x_wconf 86' lang='lat' dir='ltr'><strong>tiam</strong></span> <span class='ocrx_word' id='word_1_655' title='bbox 1980 2778 2245 2848; x_wconf 87' lang='lat' dir='ltr'><strong>quidquid</strong></span> <span class='ocrx_word' id='word_1_656' title='bbox 2282 2779 2592 2834; x_wconf 89' lang='lat' dir='ltr'><strong>tandetnest</strong></span> <span class='ocrx_word' id='word_1_657' title='bbox 2620 2781 2770 2834; x_wconf 89' lang='lat' dir='ltr'><strong>nullo</strong></span> <span class='ocrx_word' id='word_1_658' title='bbox 2798 2781 3035 2834; x_wconf 85' lang='lat' dir='ltr'><strong>termino</strong></span> <span class='ocrx_word' id='word_1_659' title='bbox 3062 2782 3209 2835; x_wconf 86' lang='lat' dir='ltr'><strong>nulla</strong></span> <span class='ocrx_word' id='word_1_660' title='bbox 3240 2791 3394 2852; x_wconf 82' lang='lat' dir='ltr'><strong>parte</strong></span> 
     </span>
    </p>
   </div>
   <div class='ocr_carea' id='block_1_86' title="bbox 1820 2868 3394 2944">
    <p class='ocr_par' dir='ltr' id='par_1_86' title="bbox 1820 2868 3394 2944">
     <span class='ocr_line' id='line_1_86' title="bbox 1820 2868 3394 2944; baseline 0.002 -19"><span class='ocrx_word' id='word_1_661' title='bbox 1820 2870 2328 2939; x_wconf 83' lang='lat' dir='ltr'><strong>comprehenditur.</strong></span> <span class='ocrx_word' id='word_1_662' title='bbox 2372 2868 2427 2923; x_wconf 87' lang='lat' dir='ltr'><strong>Si</strong></span> <span class='ocrx_word' id='word_1_663' title='bbox 2462 2870 2628 2940; x_wconf 85' lang='lat' dir='ltr'><strong>igitur</strong></span> <span class='ocrx_word' id='word_1_664' title='bbox 2656 2872 3038 2942; x_wconf 88' lang='lat' dir='ltr'><strong>interpretatio</strong></span> <span class='ocrx_word' id='word_1_665' title='bbox 3064 2888 3185 2942; x_wconf 66' lang='lat' dir='ltr'><strong>quae</strong></span> <span class='ocrx_word' id='word_1_666' title='bbox 3208 2876 3267 2928; x_wconf 87' lang='lat' dir='ltr'><strong>lit</strong></span> <span class='ocrx_word' id='word_1_667' title='bbox 3296 2890 3394 2944; x_wconf 88' lang='lat' dir='ltr'><strong>per</strong></span> 
     </span>
    </p>
   </div>
   <div class='ocr_carea' id='block_1_87' title="bbox 1820 2961 3394 3034">
    <p class='ocr_par' dir='ltr' id='par_1_87' title="bbox 1820 2961 3394 3034">
     <span class='ocr_line' id='line_1_87' title="bbox 1820 2961 3394 3034; baseline 0.004 -20"><span class='ocrx_word' id='word_1_668' title='bbox 1820 2961 2040 3015; x_wconf 84' lang='lat' dir='ltr'><strong>nomina</strong></span> <span class='ocrx_word' id='word_1_669' title='bbox 2073 2971 2125 3016; x_wconf 88' lang='lat' dir='ltr'><strong>et</strong></span> <span class='ocrx_word' id='word_1_670' title='bbox 2163 2961 2324 3016; x_wconf 84' lang='lat' dir='ltr'><strong>verba</strong></span> <span class='ocrx_word' id='word_1_671' title='bbox 2371 2963 2759 3031; x_wconf 83' lang='lat' dir='ltr'><strong>complectitur</strong></span> <span class='ocrx_word' id='word_1_672' title='bbox 2788 2964 3191 3033; x_wconf 91' lang='lat' dir='ltr'><strong>quodammodo</strong></span> <span class='ocrx_word' id='word_1_673' title='bbox 3221 2966 3394 3034; x_wconf 83' lang='lat' dir='ltr'><strong>signi-</strong></span> 
     </span>
    </p>
   </div>
   <div class='ocr_carea' id='block_1_88' title="bbox 1822 3050 3392 3123">
    <p class='ocr_par' dir='ltr' id='par_1_88' title="bbox 1822 3050 3392 3123">
     <span class='ocr_line' id='line_1_88' title="bbox 1822 3050 3392 3123; baseline 0.003 -19"><span class='ocrx_word' id='word_1_674' title='bbox 1822 3050 2073 3106; x_wconf 77' lang='lat' dir='ltr'><strong>ﬁcatione</strong></span> <span class='ocrx_word' id='word_1_675' title='bbox 2121 3052 2265 3121; x_wconf 88' lang='lat' dir='ltr'><strong>quod</strong></span> <span class='ocrx_word' id='word_1_676' title='bbox 2316 3054 2643 3121; x_wconf 79' lang='lat' dir='ltr'><strong>subjicitur;</strong></span> <span class='ocrx_word' id='word_1_677' title='bbox 2692 3055 2835 3123; x_wconf 88' lang='lat' dir='ltr'><strong>quod</strong></span> <span class='ocrx_word' id='word_1_678' title='bbox 2883 3063 3064 3109; x_wconf 86' lang='lat' dir='ltr'><strong>autem</strong></span> <span class='ocrx_word' id='word_1_679' title='bbox 3119 3055 3392 3111; x_wconf 78' lang='lat' dir='ltr'><strong>inﬁnitum</strong></span> 
     </span>
    </p>
   </div>
   <div class='ocr_carea' id='block_1_89' title="bbox 1818 3143 3393 3212">
    <p class='ocr_par' dir='ltr' id='par_1_89' title="bbox 1818 3143 3393 3212">
     <span class='ocr_line' id='line_1_89' title="bbox 1818 3143 3393 3212; baseline 0.002 -16"><span class='ocrx_word' id='word_1_680' title='bbox 1818 3151 1902 3197; x_wconf 87' lang='lat' dir='ltr'><strong>est</strong></span> <span class='ocrx_word' id='word_1_681' title='bbox 1935 3157 2042 3195; x_wconf 89' lang='lat' dir='ltr'><strong>non</strong></span> <span class='ocrx_word' id='word_1_682' title='bbox 2081 3151 2256 3211; x_wconf 79' lang='lat' dir='ltr'><strong>potest</strong></span> <span class='ocrx_word' id='word_1_683' title='bbox 2288 3143 2731 3212; x_wconf 80' lang='lat' dir='ltr'><strong>comprehendi;</strong></span> <span class='ocrx_word' id='word_1_684' title='bbox 2768 3145 2952 3198; x_wconf 89' lang='lat' dir='ltr'><strong>nullus</strong></span> <span class='ocrx_word' id='word_1_685' title='bbox 2986 3146 3183 3198; x_wconf 87' lang='lat' dir='ltr'><strong>merito</strong></span> <span class='ocrx_word' id='word_1_686' title='bbox 3225 3145 3393 3199; x_wconf 87' lang='lat' dir='ltr'><strong>insci-</strong></span> 
     </span>
    </p>
   </div>
   <div class='ocr_carea' id='block_1_90' title="bbox 1816 3234 3392 3304">
    <p class='ocr_par' dir='ltr' id='par_1_90' title="bbox 1816 3234 3392 3304">
     <span class='ocr_line' id='line_1_90' title="bbox 1816 3234 3392 3304; baseline 0.003 -19"><span class='ocrx_word' id='word_1_687' title='bbox 1816 3236 1946 3287; x_wconf 86' lang='lat' dir='ltr'><strong>tiam</strong></span> <span class='ocrx_word' id='word_1_688' title='bbox 1982 3244 2224 3287; x_wconf 85' lang='lat' dir='ltr'><strong>nostram</strong></span> <span class='ocrx_word' id='word_1_689' title='bbox 2248 3234 2572 3303; x_wconf 78' lang='lat' dir='ltr'><strong>culpaverit,</strong></span> <span class='ocrx_word' id='word_1_690' title='bbox 2608 3236 2753 3304; x_wconf 84' lang='lat' dir='ltr'><strong>quod</strong></span> <span class='ocrx_word' id='word_1_691' title='bbox 2778 3236 2846 3291; x_wconf 89' lang='lat' dir='ltr'><strong>de</strong></span> <span class='ocrx_word' id='word_1_692' title='bbox 2871 3252 2977 3289; x_wconf 88' lang='lat' dir='ltr'><strong>non</strong></span> <span class='ocrx_word' id='word_1_693' title='bbox 2994 3237 3262 3291; x_wconf 88' lang='lat' dir='ltr'><strong>audendis</strong></span> <span class='ocrx_word' id='word_1_694' title='bbox 3284 3252 3392 3290; x_wconf 90' lang='lat' dir='ltr'><strong>non</strong></span> 
     </span>
    </p>
   </div>
   <div class='ocr_carea' id='block_1_91' title="bbox 1814 3318 3392 3398">
    <p class='ocr_par' dir='ltr' id='par_1_91' title="bbox 1814 3318 3392 3398">
     <span class='ocr_line' id='line_1_91' title="bbox 1814 3318 3392 3398; baseline 0.003 -21"><span class='ocrx_word' id='word_1_695' title='bbox 1814 3325 2075 3379; x_wconf 89' lang='lat' dir='ltr'><strong>audacter</strong></span> <span class='ocrx_word' id='word_1_696' title='bbox 2131 3326 2442 3393; x_wconf 88' lang='lat' dir='ltr'><strong>loquamur.</strong></span> <span class='ocrx_word' id='word_1_697' title='bbox 2485 3324 2734 3391; x_wconf 88' lang='lat' dir='ltr'><strong>Quonam</strong></span> <span class='ocrx_word' id='word_1_698' title='bbox 2786 3318 2937 3380; x_wconf 20' lang='lat' dir='ltr'><strong>enim.</strong></span> <span class='ocrx_word' id='word_1_699' title='bbox 2988 3328 3211 3383; x_wconf 88' lang='lat' dir='ltr'><strong>nomine</strong></span> <span class='ocrx_word' id='word_1_700' title='bbox 3242 3328 3392 3398; x_wconf 84' lang='lat' dir='ltr'><strong>quod</strong></span> 
     </span>
    </p>
   </div>
   <div class='ocr_carea' id='block_1_92' title="bbox 1815 3416 3394 3487">
    <p class='ocr_par' dir='ltr' id='par_1_92' title="bbox 1815 3416 3394 3487">
     <span class='ocr_line' id='line_1_92' title="bbox 1815 3416 3394 3487; baseline 0.001 -17"><span class='ocrx_word' id='word_1_701' title='bbox 1815 3416 2369 3487; x_wconf 85' lang='lat' dir='ltr'><strong>incomprehensibile</strong></span> <span class='ocrx_word' id='word_1_702' title='bbox 2389 3426 2473 3473; x_wconf 90' lang='lat' dir='ltr'><strong>est</strong></span> <span class='ocrx_word' id='word_1_703' title='bbox 2506 3416 2881 3487; x_wconf 82' lang='lat' dir='ltr'><strong>complectar?</strong></span> <span class='ocrx_word' id='word_1_704' title='bbox 2910 3416 3029 3484; x_wconf 91' lang='lat' dir='ltr'><strong>Qua</strong></span> <span class='ocrx_word' id='word_1_705' title='bbox 3054 3433 3187 3473; x_wconf 88' lang='lat' dir='ltr'><strong>voce</strong></span> <span class='ocrx_word' id='word_1_706' title='bbox 3214 3434 3394 3473; x_wconf 81' lang='lat' dir='ltr'><strong>enun-</strong></span> 
     </span>
    </p>
   </div>
   <div class='ocr_carea' id='block_1_93' title="bbox 1812 3510 3393 3581">
    <p class='ocr_par' dir='ltr' id='par_1_93' title="bbox 1812 3510 3393 3581">
     <span class='ocr_line' id='line_1_93' title="bbox 1812 3510 3393 3581; baseline 0 -18"><span class='ocrx_word' id='word_1_707' title='bbox 1812 3510 1961 3565; x_wconf 89' lang='lat' dir='ltr'><strong>tiabo</strong></span> <span class='ocrx_word' id='word_1_708' title='bbox 2006 3511 2149 3579; x_wconf 90' lang='lat' dir='ltr'><strong>quod</strong></span> <span class='ocrx_word' id='word_1_709' title='bbox 2182 3511 2331 3564; x_wconf 84' lang='lat' dir='ltr'><strong>nulla</strong></span> <span class='ocrx_word' id='word_1_710' title='bbox 2367 3525 2499 3565; x_wconf 85' lang='lat' dir='ltr'><strong>voce</strong></span> <span class='ocrx_word' id='word_1_711' title='bbox 2528 3510 2761 3580; x_wconf 78' lang='lat' dir='ltr'><strong>exprimi</strong></span> <span class='ocrx_word' id='word_1_712' title='bbox 2787 3520 2840 3565; x_wconf 91' lang='lat' dir='ltr'><strong>et</strong></span> <span class='ocrx_word' id='word_1_713' title='bbox 2866 3510 3144 3565; x_wconf 88' lang='lat' dir='ltr'><strong>enuntiari</strong></span> <span class='ocrx_word' id='word_1_714' title='bbox 3170 3511 3393 3581; x_wconf 82' lang='lat' dir='ltr'><strong>potest?</strong></span> 
     </span>
    </p>
   </div>
   <div class='ocr_carea' id='block_1_94' title="bbox 1812 3600 3389 3673">
    <p class='ocr_par' dir='ltr' id='par_1_94' title="bbox 1812 3600 3389 3673">
     <span class='ocr_line' id='line_1_94' title="bbox 1812 3600 3389 3673; baseline 0.003 -18"><span class='ocrx_word' id='word_1_715' title='bbox 1812 3602 2080 3669; x_wconf 88' lang='lat' dir='ltr'><strong>Quoniam</strong></span> <span class='ocrx_word' id='word_1_716' title='bbox 2106 3600 2271 3673; x_wconf 79' lang='lat' dir='ltr'><strong>igitur</strong></span> <span class='ocrx_word' id='word_1_717' title='bbox 2287 3600 2497 3656; x_wconf 83' lang='lat' dir='ltr'><strong>Numen</strong></span> <span class='ocrx_word' id='word_1_718' title='bbox 2538 3614 2604 3654; x_wconf 83' lang='lat' dir='ltr'><strong>ut.</strong></span> <span class='ocrx_word' id='word_1_719' title='bbox 2627 3600 2733 3655; x_wconf 87' lang='lat' dir='ltr'><strong>lius</strong></span> <span class='ocrx_word' id='word_1_720' title='bbox 2745 3607 2830 3654; x_wconf 84' lang='lat' dir='ltr'><strong>est</strong></span> <span class='ocrx_word' id='word_1_721' title='bbox 2850 3606 3110 3673; x_wconf 89' lang='lat' dir='ltr'><strong>omnique</strong></span> <span class='ocrx_word' id='word_1_722' title='bbox 3129 3606 3389 3659; x_wconf 86' lang='lat' dir='ltr'><strong>nominali</strong></span> 
     </span>
    </p>
   </div>
   <div class='ocr_carea' id='block_1_95' title="bbox 1810 3691 3387 3761">
    <p class='ocr_par' dir='ltr' id='par_1_95' title="bbox 1810 3691 3387 3761">
     <span class='ocr_line' id='line_1_95' title="bbox 1810 3691 3387 3761; baseline 0 -14"><span class='ocrx_word' id='word_1_723' title='bbox 1810 3691 2171 3761; x_wconf 80' lang='lat' dir='ltr'><strong>signiﬁcantia</strong></span> <span class='ocrx_word' id='word_1_724' title='bbox 2192 3693 2484 3750; x_wconf 78' lang='lat' dir='ltr'><strong>excelsius,</strong></span> <span class='ocrx_word' id='word_1_725' title='bbox 2512 3706 2632 3759; x_wconf 78' lang='lat' dir='ltr'><strong>qua:</strong></span> <span class='ocrx_word' id='word_1_726' title='bbox 2652 3692 2958 3745; x_wconf 84' lang='lat' dir='ltr'><strong>orationem</strong></span> <span class='ocrx_word' id='word_1_727' title='bbox 2977 3707 3193 3747; x_wconf 89' lang='lat' dir='ltr'><strong>omnem</strong></span> <span class='ocrx_word' id='word_1_728' title='bbox 3213 3702 3268 3748; x_wconf 88' lang='lat' dir='ltr'><strong>et</strong></span> <span class='ocrx_word' id='word_1_729' title='bbox 3296 3708 3387 3747; x_wconf 81' lang='lat' dir='ltr'><strong>co-</strong></span> 
     </span>
    </p>
   </div>
   <div class='ocr_carea' id='block_1_96' title="bbox 1810 3782 3390 3852">
    <p class='ocr_par' dir='ltr' id='par_1_96' title="bbox 1810 3782 3390 3852">
     <span class='ocr_line' id='line_1_96' title="bbox 1810 3782 3390 3852; baseline 0.001 -17"><span class='ocrx_word' id='word_1_730' title='bbox 1810 3783 2124 3852; x_wconf 89' lang='lat' dir='ltr'><strong>gitationem</strong></span> <span class='ocrx_word' id='word_1_731' title='bbox 2144 3791 2399 3849; x_wconf 87' lang='lat' dir='ltr'><strong>superant</strong></span> <span class='ocrx_word' id='word_1_732' title='bbox 2439 3783 2657 3836; x_wconf 91' lang='lat' dir='ltr'><strong>silentio</strong></span> <span class='ocrx_word' id='word_1_733' title='bbox 2672 3782 2854 3838; x_wconf 88' lang='lat' dir='ltr'><strong>colere</strong></span> <span class='ocrx_word' id='word_1_734' title='bbox 2870 3791 2924 3837; x_wconf 89' lang='lat' dir='ltr'><strong>et</strong></span> <span class='ocrx_word' id='word_1_735' title='bbox 2944 3784 3176 3837; x_wconf 86' lang='lat' dir='ltr'><strong>adorare</strong></span> <span class='ocrx_word' id='word_1_736' title='bbox 3195 3784 3363 3839; x_wconf 87' lang='lat' dir='ltr'><strong>didici</strong></span> <span class='ocrx_word' id='word_1_737' title='bbox 3382 3816 3390 3824; x_wconf 92' lang='lat'><strong><em>-</em></strong></span> 
     </span>
    </p>
   </div>
   <div class='ocr_carea' id='block_1_97' title="bbox 1811 3871 3390 3940">
    <p class='ocr_par' dir='ltr' id='par_1_97' title="bbox 1811 3871 3390 3940">
     <span class='ocr_line' id='line_1_97' title="bbox 1811 3871 3390 3940; baseline -0.001 -13"><span class='ocrx_word' id='word_1_738' title='bbox 1811 3888 1950 3927; x_wconf 88' lang='lat' dir='ltr'><strong>mus.</strong></span> <span class='ocrx_word' id='word_1_739' title='bbox 1974 3871 2101 3925; x_wconf 80' lang='lat' dir='ltr'><strong>Etsi</strong></span> <span class='ocrx_word' id='word_1_740' title='bbox 2134 3872 2186 3925; x_wconf 92' lang='lat' dir='ltr'><strong>iu</strong></span> <span class='ocrx_word' id='word_1_741' title='bbox 2210 3874 2350 3927; x_wconf 85' lang='lat' dir='ltr'><strong>hanc</strong></span> <span class='ocrx_word' id='word_1_742' title='bbox 2381 3872 2526 3940; x_wconf 90' lang='lat' dir='ltr'><strong>piam</strong></span> <span class='ocrx_word' id='word_1_743' title='bbox 2552 3873 2863 3928; x_wconf 79' lang='lat' dir='ltr'><strong>cautionem</strong></span> <span class='ocrx_word' id='word_1_744' title='bbox 2889 3874 3006 3927; x_wconf 89' lang='lat' dir='ltr'><strong>sive</strong></span> <span class='ocrx_word' id='word_1_745' title='bbox 3028 3875 3390 3928; x_wconf 81' lang='lat' dir='ltr'><strong>reverentiam</strong></span> 
     </span>
    </p>
   </div>
   <div class='ocr_carea' id='block_1_98' title="bbox 1809 3964 3387 4035">
    <p class='ocr_par' dir='ltr' id='par_1_98' title="bbox 1809 3964 3387 4035">
     <span class='ocr_line' id='line_1_98' title="bbox 1809 3964 3387 4035; baseline 0.002 -19"><span class='ocrx_word' id='word_1_746' title='bbox 1809 3964 2080 4018; x_wconf 87' lang='lat' dir='ltr'><strong>sermonis</strong></span> <span class='ocrx_word' id='word_1_747' title='bbox 2105 3964 2348 4027; x_wconf 88' lang='lat' dir='ltr'><strong>insultet,</strong></span> <span class='ocrx_word' id='word_1_748' title='bbox 2368 3964 2457 4018; x_wconf 91' lang='lat' dir='ltr'><strong>ille</strong></span> <span class='ocrx_word' id='word_1_749' title='bbox 2477 3964 2568 4033; x_wconf 88' lang='lat' dir='ltr'><strong>qui</strong></span> <span class='ocrx_word' id='word_1_750' title='bbox 2599 3965 2741 4031; x_wconf 84' lang='lat' dir='ltr'><strong>sapit</strong></span> <span class='ocrx_word' id='word_1_751' title='bbox 2756 3964 2955 4019; x_wconf 81' lang='lat' dir='ltr'><strong>eximie</strong></span> <span class='ocrx_word' id='word_1_752' title='bbox 2973 3980 3138 4034; x_wconf 88' lang='lat' dir='ltr'><strong>supra</strong></span> <span class='ocrx_word' id='word_1_753' title='bbox 3166 3964 3217 4019; x_wconf 88' lang='lat' dir='ltr'><strong>id</strong></span> <span class='ocrx_word' id='word_1_754' title='bbox 3240 3967 3387 4035; x_wconf 89' lang='lat' dir='ltr'><strong>qttod</strong></span> 
     </span>
    </p>
   </div>
   <div class='ocr_carea' id='block_1_99' title="bbox 1807 4054 3391 4124">
    <p class='ocr_par' dir='ltr' id='par_1_99' title="bbox 1807 4054 3391 4124">
     <span class='ocr_line' id='line_1_99' title="bbox 1807 4054 3391 4124; baseline 0 -16"><span class='ocrx_word' id='word_1_755' title='bbox 1807 4068 1997 4122; x_wconf 83' lang='lat' dir='ltr'><strong>sapere</strong></span> <span class='ocrx_word' id='word_1_756' title='bbox 2013 4063 2244 4124; x_wconf 85' lang='lat' dir='ltr'><strong>oportet.</strong></span> <span class='ocrx_word' id='word_1_757' title='bbox 2270 4065 2517 4108; x_wconf 88' lang='lat' dir='ltr'><strong>nostram</strong></span> <span class='ocrx_word' id='word_1_758' title='bbox 2536 4055 2604 4108; x_wconf 88' lang='lat' dir='ltr'><strong>de</strong></span> <span class='ocrx_word' id='word_1_759' title='bbox 2634 4054 3284 4124; x_wconf 85' lang='lat' dir='ltr'><strong>incomprehensibilibus</strong></span> <span class='ocrx_word' id='word_1_760' title='bbox 3306 4056 3391 4109; x_wconf 87' lang='lat' dir='ltr'><strong>iu-</strong></span> 
     </span>
    </p>
   </div>
   <div class='ocr_carea' id='block_1_100' title="bbox 1806 4144 3388 4215">
    <p class='ocr_par' dir='ltr' id='par_1_100' title="bbox 1806 4144 3388 4215">
     <span class='ocr_line' id='line_1_100' title="bbox 1806 4144 3388 4215; baseline 0.002 -16"><span class='ocrx_word' id='word_1_761' title='bbox 1806 4146 2015 4199; x_wconf 86' lang='lat' dir='ltr'><strong>scitiam</strong></span> <span class='ocrx_word' id='word_1_762' title='bbox 2037 4144 2289 4208; x_wconf 77' lang='lat' dir='ltr'><strong>irridens,</strong></span> <span class='ocrx_word' id='word_1_763' title='bbox 2323 4154 2488 4213; x_wconf 80' lang='lat' dir='ltr'><strong>atque</strong></span> <span class='ocrx_word' id='word_1_764' title='bbox 2510 4144 2631 4211; x_wconf 87' lang='lat' dir='ltr'><strong>ejus</strong></span> <span class='ocrx_word' id='word_1_765' title='bbox 2662 4145 2808 4212; x_wconf 90' lang='lat' dir='ltr'><strong>quod</strong></span> <span class='ocrx_word' id='word_1_766' title='bbox 2842 4145 3025 4215; x_wconf 67' lang='lat' dir='ltr'><strong>ﬁgurae</strong></span> <span class='ocrx_word' id='word_1_767' title='bbox 3056 4161 3252 4215; x_wconf 86' lang='lat' dir='ltr'><strong>expers</strong></span> <span class='ocrx_word' id='word_1_768' title='bbox 3279 4157 3388 4207; x_wconf 84' lang='lat' dir='ltr'><strong>est.</strong></span> 
     </span>
    </p>
   </div>
   <div class='ocr_carea' id='block_1_101' title="bbox 1806 4235 3389 4308">
    <p class='ocr_par' dir='ltr' id='par_1_101' title="bbox 1806 4235 3389 4308">
     <span class='ocr_line' id='line_1_101' title="bbox 1806 4235 3389 4308; baseline 0.001 -19"><span class='ocrx_word' id='word_1_769' title='bbox 1806 4236 1948 4305; x_wconf 89' lang='lat' dir='ltr'><strong>quod</strong></span> <span class='ocrx_word' id='word_1_770' title='bbox 2001 4236 2265 4289; x_wconf 80' lang='lat' dir='ltr'><strong>inﬁnitum</strong></span> <span class='ocrx_word' id='word_1_771' title='bbox 2311 4245 2416 4294; x_wconf 86' lang='lat' dir='ltr'><strong>est.</strong></span> <span class='ocrx_word' id='word_1_772' title='bbox 2454 4236 2597 4303; x_wconf 91' lang='lat' dir='ltr'><strong>quod</strong></span> <span class='ocrx_word' id='word_1_773' title='bbox 2631 4235 3009 4305; x_wconf 78' lang='lat' dir='ltr'><strong>magnitudine</strong></span> <span class='ocrx_word' id='word_1_774' title='bbox 3036 4245 3209 4300; x_wconf 85' lang='lat' dir='ltr'><strong>caret,</strong></span> <span class='ocrx_word' id='word_1_775' title='bbox 3241 4238 3389 4308; x_wconf 81' lang='lat' dir='ltr'><strong>quod</strong></span> 
     </span>
    </p>
   </div>
   <div class='ocr_carea' id='block_1_102' title="bbox 1804 4324 3389 4400">
    <p class='ocr_par' dir='ltr' id='par_1_102' title="bbox 1804 4324 3389 4400">
     <span class='ocr_line' id='line_1_102' title="bbox 1804 4324 3389 4400; baseline 0.005 -23"><span class='ocrx_word' id='word_1_776' title='bbox 1804 4333 2065 4396; x_wconf 88' lang='lat' dir='ltr'><strong>quantum</strong></span> <span class='ocrx_word' id='word_1_777' title='bbox 2114 4339 2224 4379; x_wconf 92' lang='lat' dir='ltr'><strong>non</strong></span> <span class='ocrx_word' id='word_1_778' title='bbox 2254 4334 2357 4388; x_wconf 84' lang='lat' dir='ltr'><strong>est,</strong></span> <span class='ocrx_word' id='word_1_779' title='bbox 2402 4324 2580 4380; x_wconf 79' lang='lat' dir='ltr'><strong>Patris</strong></span> <span class='ocrx_word' id='word_1_780' title='bbox 2612 4324 2738 4378; x_wconf 85' lang='lat' dir='ltr'><strong>dico</strong></span> <span class='ocrx_word' id='word_1_781' title='bbox 2779 4336 2832 4381; x_wconf 91' lang='lat' dir='ltr'><strong>et</strong></span> <span class='ocrx_word' id='word_1_782' title='bbox 2876 4326 2997 4381; x_wconf 88' lang='lat' dir='ltr'><strong>Filii</strong></span> <span class='ocrx_word' id='word_1_783' title='bbox 3057 4337 3112 4383; x_wconf 83' lang='lat' dir='ltr'><strong>et</strong></span> <span class='ocrx_word' id='word_1_784' title='bbox 3146 4329 3389 4400; x_wconf 72' lang='lat' dir='ltr'><strong>Spiritus</strong></span> 
     </span>
    </p>
   </div>
   <div class='ocr_carea' id='block_1_103' title="bbox 1806 4414 3385 4486">
    <p class='ocr_par' dir='ltr' id='par_1_103' title="bbox 1806 4414 3385 4486">
     <span class='ocr_line' id='line_1_103' title="bbox 1806 4414 3385 4486; baseline 0.002 -15"><span class='ocrx_word' id='word_1_785' title='bbox 1806 4416 1998 4481; x_wconf 88' lang='lat' dir='ltr'><strong>sancti,</strong></span> <span class='ocrx_word' id='word_1_786' title='bbox 2034 4415 2334 4470; x_wconf 89' lang='lat' dir='ltr'><strong>secundmn</strong></span> <span class='ocrx_word' id='word_1_787' title='bbox 2369 4414 2637 4470; x_wconf 83' lang='lat' dir='ltr'><strong>dissimile</strong></span> <span class='ocrx_word' id='word_1_788' title='bbox 2671 4420 2958 4485; x_wconf 74' lang='lat' dir='ltr'><strong>cognoscit</strong></span> <span class='ocrx_word' id='word_1_789' title='bbox 2994 4417 3385 4486; x_wconf 69' lang='lat' dir='ltr'><strong>differentiam,</strong></span> 
     </span>
    </p>
   </div>
   <div class='ocr_carea' id='block_1_104' title="bbox 1804 4503 3384 4578">
    <p class='ocr_par' dir='ltr' id='par_1_104' title="bbox 1804 4503 3384 4578">
     <span class='ocr_line' id='line_1_104' title="bbox 1804 4503 3384 4578; baseline 0.003 -18"><span class='ocrx_word' id='word_1_790' title='bbox 1804 4513 1858 4561; x_wconf 90' lang='lat' dir='ltr'><strong>et</strong></span> <span class='ocrx_word' id='word_1_791' title='bbox 1884 4505 1989 4561; x_wconf 88' lang='lat' dir='ltr'><strong>hoc</strong></span> <span class='ocrx_word' id='word_1_792' title='bbox 2008 4503 2222 4575; x_wconf 83' lang='lat' dir='ltr'><strong>profert</strong></span> <span class='ocrx_word' id='word_1_793' title='bbox 2254 4505 2320 4558; x_wconf 86' lang='lat' dir='ltr'><strong>ad</strong></span> <span class='ocrx_word' id='word_1_794' title='bbox 2357 4513 2559 4561; x_wconf 68' lang='lat' dir='ltr'><strong>nostra:</strong></span> <span class='ocrx_word' id='word_1_795' title='bbox 2604 4505 2840 4561; x_wconf 75' lang='lat' dir='ltr'><strong>inscitia:</strong></span> <span class='ocrx_word' id='word_1_796' title='bbox 2871 4508 3384 4578; x_wconf 83' lang='lat' dir='ltr'><strong>reprehensionem,</strong></span> 
     </span>
    </p>
   </div>
   <div class='ocr_carea' id='block_1_105' title="bbox 1806 4596 3386 4669">
    <p class='ocr_par' dir='ltr' id='par_1_105' title="bbox 1806 4596 3386 4669">
     <span class='ocr_line' id='line_1_105' title="bbox 1806 4596 3386 4669; baseline 0.004 -19"><span class='ocrx_word' id='word_1_797' title='bbox 1806 4596 1949 4666; x_wconf 91' lang='lat' dir='ltr'><strong>quod</strong></span> <span class='ocrx_word' id='word_1_798' title='bbox 1984 4596 2250 4650; x_wconf 87' lang='lat' dir='ltr'><strong>continuo</strong></span> <span class='ocrx_word' id='word_1_799' title='bbox 2303 4596 2372 4651; x_wconf 84' lang='lat' dir='ltr'><strong>ab</strong></span> <span class='ocrx_word' id='word_1_800' title='bbox 2426 4598 2635 4651; x_wconf 87' lang='lat' dir='ltr'><strong>erroris</strong></span> <span class='ocrx_word' id='word_1_801' title='bbox 2689 4597 2979 4667; x_wconf 84' lang='lat' dir='ltr'><strong>discipulis</strong></span> <span class='ocrx_word' id='word_1_802' title='bbox 3009 4601 3386 4669; x_wconf 88' lang='lat' dir='ltr'><strong>protenditur,</strong></span> 
     </span>
    </p>
   </div>
   <div class='ocr_carea' id='block_1_106' title="bbox 1810 4685 3389 4761">
    <p class='ocr_par' dir='ltr' id='par_1_106' title="bbox 1810 4685 3389 4761">
     <span class='ocr_line' id='line_1_106' title="bbox 1810 4685 3389 4761; baseline 0.004 -20"><span class='ocrx_word' id='word_1_803' title='bbox 1810 4688 1912 4742; x_wconf 89' lang='lat' dir='ltr'><strong>hoc</strong></span> <span class='ocrx_word' id='word_1_804' title='bbox 1946 4702 2163 4761; x_wconf 82' lang='lat' dir='ltr'><strong>nempe,</strong></span> <span class='ocrx_word' id='word_1_805' title='bbox 2224 4685 2326 4741; x_wconf 78' lang='lat' dir='ltr'><strong>Vos</strong></span> <span class='ocrx_word' id='word_1_806' title='bbox 2360 4687 2598 4743; x_wconf 77' lang='lat' dir='ltr'><strong>adoratis</strong></span> <span class='ocrx_word' id='word_1_807' title='bbox 2648 4689 2789 4758; x_wconf 80' lang='lat' dir='ltr'><strong>quod</strong></span> <span class='ocrx_word' id='word_1_808' title='bbox 2828 4690 3039 4744; x_wconf 77' lang='lat' dir='ltr'><strong>nescitis</strong></span> <span class='ocrx_word' id='word_1_809' title='bbox 3089 4691 3169 4755; x_wconf 81' lang='lat'><strong>“,</strong></span> <span class='ocrx_word' id='word_1_810' title='bbox 3220 4693 3268 4747; x_wconf 90' lang='lat' dir='ltr'><strong>si</strong></span> <span class='ocrx_word' id='word_1_811' title='bbox 3298 4708 3389 4747; x_wconf 82' lang='lat' dir='ltr'><strong>es—</strong></span> 
     </span>
    </p>
   </div>
   <div class='ocr_carea' id='block_1_107' title="bbox 1808 4778 3386 4851">
    <p class='ocr_par' dir='ltr' id='par_1_107' title="bbox 1808 4778 3386 4851">
     <span class='ocr_line' id='line_1_107' title="bbox 1808 4778 3386 4851; baseline 0.003 -17"><span class='ocrx_word' id='word_1_812' title='bbox 1808 4780 2039 4835; x_wconf 85' lang='lat' dir='ltr'><strong>sentiam</strong></span> <span class='ocrx_word' id='word_1_813' title='bbox 2083 4778 2205 4847; x_wconf 85' lang='lat' dir='ltr'><strong>ejus</strong></span> <span class='ocrx_word' id='word_1_814' title='bbox 2253 4778 2346 4848; x_wconf 93' lang='lat' dir='ltr'><strong>qui</strong></span> <span class='ocrx_word' id='word_1_815' title='bbox 2379 4780 2646 4834; x_wconf 87' lang='lat' dir='ltr'><strong>adoratur</strong></span> <span class='ocrx_word' id='word_1_816' title='bbox 2687 4779 2954 4851; x_wconf 85' lang='lat' dir='ltr'><strong>ignoratis</strong></span> <span class='ocrx_word' id='word_1_817' title='bbox 2987 4799 3001 4835; x_wconf 91' lang='lat'><strong>:</strong></span> <span class='ocrx_word' id='word_1_818' title='bbox 3043 4798 3153 4837; x_wconf 88' lang='lat' dir='ltr'><strong>non</strong></span> <span class='ocrx_word' id='word_1_819' title='bbox 3187 4798 3386 4838; x_wconf 86' lang='lat' dir='ltr'><strong>secun-</strong></span> 
     </span>
    </p>
   </div>
   <div class='ocr_carea' id='block_1_108' title="bbox 1807 4872 3384 4944">
    <p class='ocr_par' dir='ltr' id='par_1_108' title="bbox 1807 4872 3384 4944">
     <span class='ocr_line' id='line_1_108' title="bbox 1807 4872 3384 4944; baseline 0.003 -17"><span class='ocrx_word' id='word_1_820' title='bbox 1807 4872 1937 4927; x_wconf 87' lang='lat' dir='ltr'><strong>dum</strong></span> <span class='ocrx_word' id='word_1_821' title='bbox 1985 4872 2262 4942; x_wconf 72' lang='lat' dir='ltr'><strong>prophetat</strong></span> <span class='ocrx_word' id='word_1_822' title='bbox 2308 4872 2601 4927; x_wconf 90' lang='lat' dir='ltr'><strong>consilium</strong></span> <span class='ocrx_word' id='word_1_823' title='bbox 2639 4874 2996 4943; x_wconf 88' lang='lat' dir='ltr'><strong>opprobrium</strong></span> <span class='ocrx_word' id='word_1_824' title='bbox 3031 4876 3384 4944; x_wconf 87' lang='lat' dir='ltr'><strong>insipientum</strong></span> 
     </span>
    </p>
   </div>
   <div class='ocr_carea' id='block_1_109' title="bbox 1810 4968 3384 5036">
    <p class='ocr_par' dir='ltr' id='par_1_109' title="bbox 1810 4968 3384 5036">
     <span class='ocr_line' id='line_1_109' title="bbox 1810 4968 3384 5036; baseline 0.003 -19"><span class='ocrx_word' id='word_1_825' title='bbox 1810 4972 2138 5029; x_wconf 90' lang='lat' dir='ltr'><strong>metuemus,</strong></span> <span class='ocrx_word' id='word_1_826' title='bbox 2202 4977 2378 5033; x_wconf 85' lang='lat' dir='ltr'><strong>neque</strong></span> <span class='ocrx_word' id='word_1_827' title='bbox 2434 4971 2657 5036; x_wconf 88' lang='lat' dir='ltr'><strong>propter</strong></span> <span class='ocrx_word' id='word_1_828' title='bbox 2709 4973 3087 5035; x_wconf 89' lang='lat' dir='ltr'><strong>contemptum</strong></span> <span class='ocrx_word' id='word_1_829' title='bbox 3139 4968 3384 5036; x_wconf 87' lang='lat' dir='ltr'><strong>ipsorum</strong></span> 
     </span>
    </p>
   </div>
   <div class='ocr_carea' id='block_1_110' title="bbox 1809 5051 3387 5125">
    <p class='ocr_par' dir='ltr' id='par_1_110' title="bbox 1809 5051 3387 5125">
     <span class='ocr_line' id='line_1_110' title="bbox 1809 5051 3387 5125; baseline 0.002 -20"><span class='ocrx_word' id='word_1_830' title='bbox 1809 5062 1999 5105; x_wconf 88' lang='lat' dir='ltr'><strong>contra</strong></span> <span class='ocrx_word' id='word_1_831' title='bbox 2052 5067 2114 5106; x_wconf 88' lang='lat' dir='ltr'><strong>ea</strong></span> <span class='ocrx_word' id='word_1_832' title='bbox 2164 5068 2286 5122; x_wconf 70' lang='lat' dir='ltr'><strong>qua:</strong></span> <span class='ocrx_word' id='word_1_833' title='bbox 2339 5051 2503 5106; x_wconf 85' lang='lat' dir='ltr'><strong>nulla’</strong></span> <span class='ocrx_word' id='word_1_834' title='bbox 2539 5067 2675 5109; x_wconf 84' lang='lat' dir='ltr'><strong>voce</strong></span> <span class='ocrx_word' id='word_1_835' title='bbox 2724 5061 2956 5124; x_wconf 90' lang='lat' dir='ltr'><strong>possunt</strong></span> <span class='ocrx_word' id='word_1_836' title='bbox 2998 5054 3234 5125; x_wconf 84' lang='lat' dir='ltr'><strong>exprimi</strong></span> <span class='ocrx_word' id='word_1_837' title='bbox 3297 5068 3387 5108; x_wconf 81' lang='lat' dir='ltr'><strong>au-</strong></span> 
     </span>
    </p>
   </div>
   <div class='ocr_carea' id='block_1_111' title="bbox 1808 5140 3385 5215">
    <p class='ocr_par' dir='ltr' id='par_1_111' title="bbox 1808 5140 3385 5215">
     <span class='ocr_line' id='line_1_111' title="bbox 1808 5140 3385 5215; baseline 0.003 -20"><span class='ocrx_word' id='word_1_838' title='bbox 1808 5140 1997 5197; x_wconf 88' lang='lat' dir='ltr'><strong>dacter</strong></span> <span class='ocrx_word' id='word_1_839' title='bbox 2045 5142 2336 5213; x_wconf 87' lang='lat' dir='ltr'><strong>loquemur</strong></span> <span class='ocrx_word' id='word_1_840' title='bbox 2361 5163 2376 5198; x_wconf 91' lang='lat'><strong>:</strong></span> <span class='ocrx_word' id='word_1_841' title='bbox 2405 5141 2635 5198; x_wconf 80' lang='lat' dir='ltr'><strong>Paulum</strong></span> <span class='ocrx_word' id='word_1_842' title='bbox 2662 5160 2917 5201; x_wconf 89' lang='lat' dir='ltr'><strong>sermone</strong></span> <span class='ocrx_word' id='word_1_843' title='bbox 2954 5146 3268 5215; x_wconf 89' lang='lat' dir='ltr'><strong>imperitum</strong></span> <span class='ocrx_word' id='word_1_844' title='bbox 3301 5147 3385 5200; x_wconf 80' lang='lat' dir='ltr'><strong>fa-</strong></span> 
     </span>
    </p>
   </div>
   <div class='ocr_carea' id='block_1_112' title="bbox 1812 5235 3387 5309">
    <p class='ocr_par' dir='ltr' id='par_1_112' title="bbox 1812 5235 3387 5309">
     <span class='ocr_line' id='line_1_112' title="bbox 1812 5235 3387 5309; baseline 0.003 -20"><span class='ocrx_word' id='word_1_845' title='bbox 1812 5235 2047 5296; x_wconf 86' lang='lat' dir='ltr'><strong>cientes.</strong></span> <span class='ocrx_word' id='word_1_846' title='bbox 2101 5236 2194 5305; x_wconf 87' lang='lat' dir='ltr'><strong>qui</strong></span> <span class='ocrx_word' id='word_1_847' title='bbox 2226 5236 2490 5306; x_wconf 78' lang='lat' dir='ltr'><strong>magister</strong></span> <span class='ocrx_word' id='word_1_848' title='bbox 2531 5235 2633 5291; x_wconf 81' lang='lat' dir='ltr'><strong>fuit</strong></span> <span class='ocrx_word' id='word_1_849' title='bbox 2683 5240 3068 5309; x_wconf 85' lang='lat' dir='ltr'><strong>mysteriorum</strong></span> <span class='ocrx_word' id='word_1_850' title='bbox 3100 5252 3223 5307; x_wconf 68' lang='lat' dir='ltr'><strong>quae</strong></span> <span class='ocrx_word' id='word_1_851' title='bbox 3257 5245 3387 5293; x_wconf 90' lang='lat' dir='ltr'><strong>sunt</strong></span> 
     </span>
    </p>
   </div>
   <div class='ocr_carea' id='block_1_113' title="bbox 1810 5325 3384 5396">
    <p class='ocr_par' dir='ltr' id='par_1_113' title="bbox 1810 5325 3384 5396">
     <span class='ocr_line' id='line_1_113' title="bbox 1810 5325 3384 5396; baseline 0.001 -17"><span class='ocrx_word' id='word_1_852' title='bbox 1810 5339 1975 5393; x_wconf 82' lang='lat' dir='ltr'><strong>supra</strong></span> <span class='ocrx_word' id='word_1_853' title='bbox 2025 5325 2424 5394; x_wconf 75' lang='lat' dir='ltr'><strong>cognitionem;</strong></span> <span class='ocrx_word' id='word_1_854' title='bbox 2461 5327 2552 5396; x_wconf 89' lang='lat' dir='ltr'><strong>qui</strong></span> <span class='ocrx_word' id='word_1_855' title='bbox 2588 5334 2802 5381; x_wconf 89' lang='lat' dir='ltr'><strong>tantum</strong></span> <span class='ocrx_word' id='word_1_856' title='bbox 2858 5327 3016 5382; x_wconf 82' lang='lat' dir='ltr'><strong>abest</strong></span> <span class='ocrx_word' id='word_1_857' title='bbox 3047 5334 3106 5380; x_wconf 92' lang='lat' dir='ltr'><strong>ut</strong></span> <span class='ocrx_word' id='word_1_858' title='bbox 3144 5326 3384 5381; x_wconf 84' lang='lat' dir='ltr'><strong>divinam</strong></span> 
     </span>
    </p>
   </div>
   <div class='ocr_carea' id='block_1_114' title="bbox 1812 5414 3387 5488">
    <p class='ocr_par' dir='ltr' id='par_1_114' title="bbox 1812 5414 3387 5488">
     <span class='ocr_line' id='line_1_114' title="bbox 1812 5414 3387 5488; baseline 0.003 -20"><span class='ocrx_word' id='word_1_859' title='bbox 1812 5423 2066 5469; x_wconf 85' lang='lat' dir='ltr'><strong>naturam</strong></span> <span class='ocrx_word' id='word_1_860' title='bbox 2112 5414 2349 5470; x_wconf 88' lang='lat' dir='ltr'><strong>humana</strong></span> <span class='ocrx_word' id='word_1_861' title='bbox 2394 5415 2753 5486; x_wconf 84' lang='lat' dir='ltr'><strong>intelligentia</strong></span> <span class='ocrx_word' id='word_1_862' title='bbox 2790 5424 2847 5472; x_wconf 89' lang='lat' dir='ltr'><strong>et</strong></span> <span class='ocrx_word' id='word_1_863' title='bbox 2902 5423 3085 5472; x_wconf 84' lang='lat' dir='ltr'><strong>mente</strong></span> <span class='ocrx_word' id='word_1_864' title='bbox 3134 5431 3387 5488; x_wconf 81' lang='lat' dir='ltr'><strong>compre-</strong></span> 
     </span>
    </p>
   </div>
   <div class='ocr_carea' id='block_1_115' title="bbox 1815 5505 3384 5579">
    <p class='ocr_par' dir='ltr' id='par_1_115' title="bbox 1815 5505 3384 5579">
     <span class='ocr_line' id='line_1_115' title="bbox 1815 5505 3384 5579; baseline 0.001 -17"><span class='ocrx_word' id='word_1_865' title='bbox 1815 5506 1979 5562; x_wconf 88' lang='lat' dir='ltr'><strong>hendi</strong></span> <span class='ocrx_word' id='word_1_866' title='bbox 2033 5522 2195 5577; x_wconf 81' lang='lat' dir='ltr'><strong>posse</strong></span> <span class='ocrx_word' id='word_1_867' title='bbox 2240 5506 2540 5573; x_wconf 88' lang='lat' dir='ltr'><strong>existimet,</strong></span> <span class='ocrx_word' id='word_1_868' title='bbox 2576 5515 2638 5563; x_wconf 94' lang='lat' dir='ltr'><strong>ut</strong></span> <span class='ocrx_word' id='word_1_869' title='bbox 2686 5508 2849 5565; x_wconf 88' lang='lat' dir='ltr'><strong>etiam</strong></span> <span class='ocrx_word' id='word_1_870' title='bbox 2904 5505 2998 5564; x_wconf 89' lang='lat' dir='ltr'><strong>Dei</strong></span> <span class='ocrx_word' id='word_1_871' title='bbox 3040 5507 3249 5579; x_wconf 90' lang='lat' dir='ltr'><strong>judicia</strong></span> <span class='ocrx_word' id='word_1_872' title='bbox 3278 5509 3384 5565; x_wconf 57' lang='lat' dir='ltr'><strong>im.</strong></span> 
     </span>
    </p>
   </div>
   <div class='ocr_carea' id='block_1_116' title="bbox 1815 5598 3376 5673">
    <p class='ocr_par' dir='ltr' id='par_1_116' title="bbox 1815 5598 3376 5673">
     <span class='ocr_line' id='line_1_116' title="bbox 1815 5598 3376 5673; baseline 0.003 -20"><span class='ocrx_word' id='word_1_873' title='bbox 1815 5598 2236 5669; x_wconf 83' lang='lat' dir='ltr'><strong>perscrutabilia</strong></span> <span class='ocrx_word' id='word_1_874' title='bbox 2283 5614 2407 5657; x_wconf 85' lang='lat' dir='ltr'><strong>esse</strong></span> <span class='ocrx_word' id='word_1_875' title='bbox 2455 5600 2625 5668; x_wconf 86' lang='lat' dir='ltr'><strong>dicat,</strong></span> <span class='ocrx_word' id='word_1_876' title='bbox 2672 5599 2902 5673; x_wconf 85' lang='lat' dir='ltr'><strong>viasque</strong></span> <span class='ocrx_word' id='word_1_877' title='bbox 2944 5615 3055 5657; x_wconf 92' lang='lat' dir='ltr'><strong>non</strong></span> <span class='ocrx_word' id='word_1_878' title='bbox 3117 5609 3376 5672; x_wconf 78' lang='lat' dir='ltr'><strong>pert-estt-</strong></span> 
     </span>
    </p>
   </div>
  </div>
