3992 6210
601 357 702 416 303

1827 358 1883 413 s.
1925 357 2249 442 casconn
2289 358 2582 416 NYSSENI

3730 363 3826 420 6οι

599 478 809 548 gabiles
833 477 904 540 ”.
937 485 995 532 et
1025 491 1148 546 qua:
1193 475 1544 547 diligentibus
1576 477 1752 546 ipsum
1795 491 1893 546 pro
1921 476 2176 546 perfectis

2279 478 2385 532 τῶν
2418 478 2644 549 ἐρευνᾷν
2688 474 3108 548 ἐπιχειρούντων
3155 472 3432 546 δυνάμεώς
3477 476 3623 531 ἐστιν
3651 477 3824 550 M16-

598 571 654 625 in
703 568 803 625 hac
861 567 972 622 vita
1021 567 1218 624 oﬂiciis
1249 567 1525 639 promissa
1575 578 1725 634 sunt,
1758 584 1923 638 supra
1952 583 2172 624 Omnem

601 659 802 715 mentis
846 669 1064 730 captum
1097 675 1221 716 esse
1249 659 1558 722 conﬁrmet.
1609 668 1667 714 ut
1703 675 1878 729 neque
1907 675 1969 714 ea
2001 659 2176 714 oculis

599 749 802 817 videre,
845 766 1023 820 neque
1071 751 1259 805 auditu
1313 752 1615 820 percipere,
1658 767 1835 820 neque
1883 750 2048 806 corde
2079 766 2176 806 co-

597 843 772 913 gitare
835 843 1366 913 quisquam-possit.
1401 843 1466 895 ³³.
1515 841 1640 896 llaec
1695 843 1861 912 igitur
1915 857 1946 895 a
2005 841 2175 895 Paulo

595 933 777 989 edocti
817 933 1158 990 confidentes
1213 947 1620 997 asseveramns,
1659 932 1807 1003 quod
1849 948 1955 988 non
1999 934 2174 988 solum

595 1025 798 1096 judicia
849 1027 940 1084 Dei
972 1028 1167 1082 altiora
1212 1035 1344 1082 sunt
1379 1027 1583 1081 virtute
1611 1041 1802 1081 eorum
1837 1027 1929 1096 qui
1964 1041 2026 1080 ea
2053 1040 2174 1096 per-

595 1119 828 1175 scrutari
869 1125 1103 1180 tentant,
1165 1115 1261 1172 secl
1311 1115 1475 1170 etiam
1519 1115 1617 1170 via!
1667 1116 2000 1188 cognitionis
2050 1115 2171 1182 ejus

596 1209 776 1266 adhuc
827 1211 986 1264 inviae
1031 1215 1275 1272 manent,
1329 1208 1607 1279 nullisque
1657 1208 1900 1278 vestigiis
1927 1206 2169 1260 calcatae.

596 1301 712 1358 Hoc
752 1305 898 1358 enim
925 1302 1246 1373 Apostolum
1282 1302 1420 1357 velle
1455 1300 1768 1372 signiﬁcare
1817 1300 2169 1363 arbitramur,

2273 585 2438 639 τεραο
2498 566 2634 621 ἀλλὰ
2674 566 2768 618 καὶ
2810 566 2909 636 τῆς
2958 563 3210 634 γνώσεως
3251 565 3380 629 ὁδοὶ,
3435 565 3599 637 μέχρι
3627 567 3717 620 τοῦ
3745 567 3827 622 νῦν

2276 658 2516 731 ἀτριὸεῖς
2545 675 2604 712 τε
2641 659 2736 714 καὶ
2757 641 3088 712 ἀνεπίϐατοιί
3106 657 3347 727 μένουσι.
3370 656 3542 711 Τοῦτο
3569 658 3672 730 γὰρ
3691 660 3828 729 ἡγού-

2280 749 2418 820 μεθα
2443 751 2533 803 τὸν
2571 749 2887 804 Ἀπόστολον
2913 750 3151 820 σημᾶναι
3184 748 3530 822 βουλόμενον,
3561 751 3828 822 ἀνεξιχνιά-

2278 859 2434 906 στους
2461 843 2632 896 εἰπεῖν
2658 842 2756 906 τὰς
2787 842 2960 905 ὀδοὺς,
2985 842 3040 895 αἳ
3062 841 3196 912 πρὸς
3223 841 3283 894 τὸ
3310 841 3690 913 ἀκατάληπτον
3714 862 3824 915 προ-

2277 933 2524 1006 φέρουσι,
2571 933 2850 988 δεικνύντα
2897 933 2984 988 διὰ
3011 933 3109 1005 τῆς
3151 932 3370 1000 λέξεως,
3415 935 3500 987 ὅτι
3539 935 3825 998 ἀνεπίδατός

2279 1028 2394 1079 ἐστι
2430 1025 2708 1096 λογισμοῖς
2755 1023 3115 1093 ἀνθρωπίνοις
3174 1025 3208 1097 ἡ
3274 1025 3473 1093 γνῶσις
3523 1026 3720 1096 ἐκείνη,
3749 1028 3826 1078 καὶ

2277 1115 2430 1172 οὑπω
2455 1135 2534 1182 τις
2566 1116 2864 1188 ἐπέστησεν
2894 1116 3056 1170 αὑτοῦ
3105 1116 3201 1184 τὴν
3232 1117 3474 1171 διάνοιαν
3519 1120 3588 1188 τῇ
3634 1119 3826 1190 τοιαύτῃ

2277 1207 2370 1262 τοῦ
2399 1209 2555 1278 λόγου
2586 1209 2801 1280 πορείᾳ,
2823 1208 2944 1262 οὔτε
2965 1227 3013 1263 τι
3036 1209 3195 1280 ῐχνος,
3219 1208 3342 1262 οῦτε
3379 1212 3602 1280 σημεῖον
3624 1211 3824 1282 καταλη-

2279 1300 2480 1370 πτικῆς
2506 1299 2696 1370 ἐφόδου
2728 1303 2838 1369 τοῖς
2867 1300 3124 1372 ἁλήπτοις
3152 1301 3541 1372 ἐνεσημάνατο.

594 1409 719 1450 cum
767 1393 909 1451 dixit
942 1396 1058 1448 vias
1099 1393 1646 1462 impervestigabiles,
1678 1408 1800 1463 qua!
1847 1393 1915 1446 ad
1955 1391 2513 1462 incomprehensibile
2541 1392 2882 1462 provehunt;
2943 1392 3239 1447 ostendens
3302 1407 3400 1461 per
3462 1391 3606 1446 bane
3657 1393 3828 1447 dictio-

597 1499 744 1545 nem,
781 1483 926 1553 quod
1002 1486 1290 1539 inaccessa
1348 1493 1397 1537 et
1431 1483 1694 1552 impervia
1762 1483 2018 1538 humanis
2084 1482 2392 1538 rationibus
2457 1493 2542 1538 est
2603 1484 2693 1537 illa
2749 1484 3012 1553 cognitio,
3061 1481 3290 1536 necdum
3351 1482 3642 1554 quisquam
3697 1499 3831 1538 suam

595 1575 980 1646 cOgitationem
1005 1574 1242 1630 ﬁrmavit
1269 1575 1360 1629 tali
1393 1575 1623 1630 rationis
1645 1591 1958 1646 progressu,
1983 1589 2159 1644 neque
2197 1575 2370 1630 ullum
2408 1577 2696 1647 vestigium
2728 1591 2920 1646 neque
2963 1577 3177 1646 signum
3240 1575 3671 1646 comprehensivi
3732 1576 3834 1630 acli-

595 1681 683 1726 tus
732 1671 795 1722 aal
835 1668 1407 1738 incomprehensibilia
1463 1668 1741 1723 indicavit.

669 1761 795 1814 llsec
837 1761 1023 1830 itaque
1069 1776 1196 1814 etnn
1236 1776 1303 1816 ex
1341 1774 1538 1829 magno
1584 1759 1735 1813 Pauli
1783 1760 2004 1830 ingenio
2033 1759 2174 1814 didi-

2353 1755 2536 1811 Ταῦτα
2568 1757 2742 1811 τοίνυν
2777 1759 2840 1811 ὲκ
2860 1757 2956 1828 τῆς
2977 1755 3338 1827 ἀποστολικῆς
3369 1759 3728 1830 μεγαλοφυης
3745 1778 3837 1832 μα.

598 1853 865 1911 cerimus.
919 1851 1121 1906 er'bis
1153 1866 1274 1919 quae
1308 1849 1452 1904 dicta
1494 1860 1622 1906 sunt
1657 1852 1988 1921 colligimus,
2037 1849 2181 1920 quod

599 1941 648 1996 si
696 1938 792 1992 Dei
833 1937 1043 2007 judicia
1092 1939 1241 1993 nulla
1292 1939 1733 2007 perscrutatione
1767 1947 2000 2008 possunt
2033 1939 2182 1993 inve«

599 2028 728 2089 niri,
767 2039 944 2096 neque
966 2027 1064 2084 viae
1081 2026 1464 2096 pervestigari.
1505 2035 1559 2081 et
1591 2025 1858 2081 bonorum
1891 2027 2183 2097 promissio

596 2133 816 2173 omnem
859 2118 1196 2188 opinabilem
1250 2117 1625 2187 conjecturam
1667 2125 1722 2171 et
1753 2119 2183 2173 verisimilitudi-

598 2225 720 2262 nem
777 2213 1024 2278 superat,
1081 2217 1291 2278 quanto
1341 2210 1514 2278 magis
1556 2209 1857 2264 secundum
1911 2209 2183 2266 ine-ﬂabile

594 2311 760 2370 atque
813 2298 1198 2353 inaccessibile
1227 2298 1485 2367 superius
1508 2305 1592 2352 est
1614 2309 1666 2352 et
1697 2299 1968 2355 excelsius
2003 2301 2178 2370 ipsum

598 2387 807 2444 Numen
844 2385 1100 2442 omnibus
1158 2389 1246 2446 his
1294 2404 1416 2459 qua:
1467 2388 1533 2442 de
1565 2390 1684 2458 ipso
1723 2403 1903 2446 meme
1933 2400 1986 2446 et
2018 2392 2179 2445 intel-

597 2482 737 2534 lecttt
775 2479 1184 2548 concipiuntur,
1221 2497 1456 2550 quorum
1489 2491 1670 2537 tamen
1698 2483 1903 2536 nullam
1935 2499 2056 2536 esse
2089 2498 2175 2536 co-

595 2572 891 2640 gnitionem
937 2587 966 2626 a
1001 2570 1112 2628 Deo
1159 2573 1389 2628 edoms
1428 2573 1634 2644 Paulus
1680 2573 2025 2645 pronuntiat?
2057 2590 2180 2645 pro-

597 2672 783 2732 pterea
835 2667 889 2718 in
940 2665 1100 2719 ncbs
1154 2667 1287 2734 ipsis
1341 2667 1735 2722 conﬁrmamus
1778 2667 1975 2736 dogma
2033 2664 2177 2736 quod

595 2757 998 2822 subsannatur,
1033 2773 1134 2811 nos
1168 2757 1456 2812 inferiores
1489 2773 1612 2814 esse
1646 2758 1950 2815 secundum
1987 2760 2178 2828 cogni-

597 2848 802 2903 tionem
839 2850 1062 2918 hisqua:
1082 2864 1116 2904 o
1141 2869 1150 2898 ι
1178 2865 1264 2902 ns
1287 2849 1620 2918 cognitionis
1644 2849 1862 2904 modum
1887 2851 2176 2914 excedunt,

595 2939 943 3004 conﬁtentes,
1003 2948 1056 2994 et
1117 2955 1244 2994 vere
1301 2956 1403 2993 nos
1451 2939 1687 2995 adorare
1739 2942 1978 2996 dicimus
2033 2942 2177 3012 quod

595 3034 826 3089 scimus.
877 3031 1096 3088 Scimus
1154 3043 1333 3085 autem
1383 3032 1572 3103 gloritc
1625 3033 2003 3088 celsitudinem
2057 3033 2178 3103 ejus

597 3126 692 3195 qui
733 3124 1018 3190 adorator,
1055 3140 1121 3179 eo
1156 3125 1298 3194 ipso,
1345 3124 1492 3194 quod
1548 3140 1655 3179 non
1707 3125 1984 3194 possimus
2017 3127 2176 3179 ratio-

595 3218 760 3273 nibus
805 3216 1293 3286 comprehendere,
1345 3218 1685 3272 testimantes
1740 3217 2174 3286 magnitudinem

597 3309 1092 3378 inexcogitabilem,
1149 3316 1201 3362 et
1247 3309 1391 3378 quod
1447 3325 1477 3362 a
1528 3308 1761 3362 Domino
1820 3309 2179 3362 Samaritana:

591 3397 801 3452 dictum
837 3406 943 3461 est,
975 3406 1029 3452 et
1059 3407 1248 3452 contra
1279 3413 1379 3451 nos
1415 3399 1482 3452 ab
1516 3397 1850 3451 adversariis
1883 3399 2176 3466 prolatum,

595 3489 770 3558 magis
811 3491 1031 3558 proprie
1059 3487 1323 3544 adversus
1364 3490 1486 3543 illos
1521 3489 1757 3544 dicatur.
1801 3489 1902 3543 Vos
1939 3489 2177 3544 adoratis

596 3581 736 3651 quod
778 3581 1014 3645 nescitis,
1071 3579 1248 3650 inQuit
1284 3581 1550 3636 Dominus
1581 3581 1646 3634 ad
1683 3579 2078 3635 Samaritanam
2108 3582 2176 3644 ",

596 3673 982 3743 corporalibus
1015 3673 1227 3727 notitiis
1256 3672 1309 3728 in
1351 3673 1704 3743 opinionibus
1734 3672 1801 3727 de
1844 3672 1952 3728 Deo
1979 3689 2180 3743 prteoc-

599 3773 881 3835 .upatam,
939 3765 1103 3834 cujus
1172 3780 1355 3818 sermo
1415 3765 1678 3834 praeclare
1741 3765 2174 3835 perstringitur:

600 3855 748 3927 quod
769 3855 1099 3912 Samaritani
1137 3856 1302 3912 Deum
1334 3872 1392 3911 se
1426 3857 1660 3911 adorare
1679 3864 1955 3926 putantes,
1985 3855 2179 3912 deinde

602 3949 771 4006 Deum
811 3949 1175 4018 corporaliter
1210 3949 1331 4003 loco
1367 3948 1606 4004 insidere
1651 3949 2006 4011 arbitrantes,
2045 3963 2179 4005 voce

599 4051 760 4096 tenus
806 4041 1016 4105 colunt,
1070 4039 1219 4094 aliud
1259 4039 1518 4110 quiddam
1573 4043 1755 4109 potius
1809 4054 1971 4108 quam
2011 4038 2176 4094 Deum

599 4135 916 4189 adorantes.
967 4130 1112 4186 Nihil
1149 4133 1294 4187 enim
1339 4131 1487 4202 quod
1533 4132 1654 4186 loco
1702 4130 2178 4198 circumscriptum

598 4225 942 4294 intelligitur,
981 4222 1193 4278 Numen
1215 4231 1321 4279 est.
1371 4222 1478 4278 Sed
1523 4220 1800 4292 proprium
1823 4230 1904 4276 est
1924 4220 2176 4282 Deitatis,

600 4316 805 4384 ubique
850 4329 974 4368 esse
1028 4324 1081 4368 et
1113 4329 1206 4383 per
1242 4315 1424 4368 omnia
1456 4327 1658 4376 meare,
1698 4312 1959 4380 nulloque
2005 4312 2180 4381 spatio

598 4404 997 4460 circumscribi.
1021 4403 1202 4469 Quare
1225 4419 1405 4458 sermo
1430 4403 1521 4473 qui
1557 4411 1752 4458 contra
1775 4417 1874 4456 nos
1903 4403 2179 4472 profertur

603 4497 656 4550 in
682 4496 1110 4558 accusationem,
1135 4495 1190 4548 in
1216 4495 1363 4564 ipsos
1386 4494 1590 4549 ChriSIi
1618 4503 2022 4564 Oppugnatores
2047 4510 2180 4550 con-

604 4589 852 4642 vertitur.
883 4585 951 4641 Ut
973 4587 1118 4641 enim
1162 4586 1323 4640 locali
1348 4585 1582 4654 quadam
1616 4585 1985 4655 descriptione
2008 4584 2176 4639 Deum

601 4680 872 4736 contineri
912 4678 1246 4733 Samaritani
1281 4685 1558 4747 putantes,
1605 4677 1928 4746 reprehensi
1957 4675 2180 4735 fuerunt

602 4787 700 4843 per
727 4787 789 4826 ea
827 4786 946 4841 qua!
982 4769 1295 4829 audierunt.
1322 4771 1448 4840 quia
1472 4767 1726 4824 Adoratis
1754 4765 1899 4836 quod
1933 4768 2175 4832 nescitis,

597 4871 655 4918 et
685 4861 838 4915 vobis
869 4861 1052 4915 cultus
1088 4858 1152 4912 ad
1195 4856 1363 4913 Deum
1397 4865 1654 4926 spectans
1688 4856 1744 4908 ﬁt
1776 4854 2012 4910 inutilis:
2051 4870 2083 4908 n
2105 4870 2174 4908 im

599 4956 692 5026 qui
729 4962 952 5024 putatur
992 4954 1111 5006 loco
1139 4950 1400 5016 insidere,
1434 4964 1542 5004 non
1572 4955 1656 5002 est
1689 4949 1828 5001 Deus
1869 4988 1882 5001 .
1940 4947 2018 5002 sic
2049 4961 2176 5016 pro-

600 5050 719 5119 prie
766 5048 932 5102 etiam
988 5044 1055 5098 ad
1103 5046 1203 5099 hos
1255 5058 1431 5098 novos
1479 5039 1858 5095 Samaritanos
1897 5040 2058 5093 liceat
2094 5039 2179 5092 di-

601 5155 748 5203 cere,
784 5139 926 5208 quod
952 5137 1168 5190 nomine
1201 5133 1528 5203 ἀγιννησίας
1561 5131 1989 5201 ingencrationis,
2029 5132 2178 5187 velut

603 5235 724 5285 loco
776 5229 1009 5299 quodam
1051 5229 1527 5294 circumscriptam
1563 5239 1686 5278 esse
1729 5222 1970 5276 divinam
1997 5237 2181 5278 essen-

603 5322 734 5375 tiam
769 5321 1138 5390 suspicantes,
1175 5316 1412 5372 adoratis
1451 5315 1588 5384 quod
1623 5315 1857 5377 nescitis,
1897 5314 2041 5367 sicut
2075 5311 2182 5367 Deo

604 5411 821 5481 quidem
863 5412 1191 5476 servientes,
1233 5407 1328 5464 sed
1382 5408 1696 5478 ignorantes
1728 5405 1818 5459 Dei
1856 5403 2179 5460 inﬁnitatem

605 5499 870 5552 excedere
925 5516 1144 5555 omnem
1178 5497 1604 5570 signiﬁcantiam
1635 5495 1920 5552 nominum
1951 5503 2004 5548 et
2033 5508 2184 5548 com-

608 5588 1054 5657 prehensionem.

680 5762 724 5796 ³³³
765 5761 918 5816 Rom.
991 5778 1066 5828 xi,
1113 5763 1198 5818 55.
1273 5763 1371 5834 ,³⁸1
1403 5763 1609 5829 Cor.n,
1643 5763 1692 5818 9.

1801 5760 1846 5794 ³⁸
1866 5759 2022 5815 Joan.
2058 5774 2131 5824 tv,
2156 5757 2246 5812 2‘2.

2292 1849 2496 1913 οόντες,
2524 1850 2950 1921 ἁναλογιζόμεθα
2980 1851 3067 1905 διὰ
3111 1849 3217 1903 τῶν
3245 1852 3568 1924 εἰρημένων,
3598 1855 3674 1908 ὅτι
3702 1858 3744 1908 εἰ
3774 1859 3838 1912 τα

2285 1941 2526 2011 κρίματα
2583 1943 2996 2014 ὲξερευνηθῆναι
3049 1943 3109 1996 οὑ
3141 1940 3381 2007 δύναται,
3413 1944 3505 1998 καὶ
3543 1947 3598 2000 αἱ
3621 1947 3720 2000 ὁδοὶ
3748 1950 3839 2002 οῦκ

2283 2033 2694 2104 ὲξιχνιάζονται,
2730 2035 2824 2088 καὶ⁵
2859 2038 2890 2106 ἡ
2921 2034 3029 2088 τῶν
3077 2035 3294 2103 ἀγαθῶν
3336 2038 3637 2111 ἐπαγγελία
3677 2042 3840 2111 πάσης

2285 2126 2607 2197 ὑπέρκειται
2642 2127 2744 2197 τῆς
2773 2129 3204 2198 ἁποστοχασμῶν
3234 2130 3503 2197 εἰκασίας,
3537 2132 3684 2206 πόσῳ
3714 2137 3836 2204 μᾶλ-

2282 2219 2372 2270 λον
2405 2219 2481 2287 τῷ
2509 2219 2691 2290 μέτρῳ
2724 2220 2865 2273 κατὰ
2899 2220 2960 2273 το
2992 2220 3266 2290 ἄφραστόν
3294 2238 3353 2274 τε
3387 2224 3482 2276 καὶ
3512 2225 3835 2295 ἀπροσπέλαο

2285 2327 2428 2373 στον,
2480 2311 2749 2383 ἀνώτερον
2793 2315 2908 2366 ἐστι
2950 2313 3044 2366 καὶ
3084 2313 3410 2386 ὑψηλότερον
3436 2316 3569 2370 αὑτὸ
3606 2317 3664 2371 τὸ
3696 2313 3834 2367 Θεῑον

2281 2402 2388 2454 τῶν
2423 2403 2712 2478 περδδαὺτο
2743 2403 3070 2475 νοουμένων,
3120 2400 3192 2462 ὧν
3212 2407 3468 2477 οὐδεμίαν
3487 2403 3627 2461 εἶναι
3655 2409 3837 2476 γνῶσιν

2281 2495 2310 2546 6
2340 2493 2674 2558 θεοδίδακτος
2705 2495 3062 2564 ἀποφαίνεται
3082 2495 3320 2565 Παῦλος;
3346 2499 3438 2551 καὶ
3462 2498 3551 2552 διὰ
3583 2500 3734 2552 τοῦτο
3765 2499 3840 2570 βε-

2281 2584 2541 2656 ϐαιοῦμεν
2570 2588 2626 2639 ἐν
2647 2587 2778 2656 ἡμῖν
2805 2587 2986 2649 αὑτοῖς
2999 2587 3058 2640 τὸ
3088 2587 3622 2662 καταχλευαζὸμενον
3645 2590 3810 2661 δόγμα
3827 2609 3839 2622 ·

2279 2674 2663 2745 ὁμολογοῦντες
2707 2675 2962 2740 ἐλάττους
3023 2672 3168 2730 εἶναι
3224 2677 3362 2731 κατὰ
3403 2678 3499 2750 τὴν
3529 2681 3722 2748 γνῶσιν
3750 2682 3845 2735 τῶν

2281 2767 2712 2837 ὑπερϐαινόντων
2764 2768 2861 2840 τὴν
2907 2769 3126 2837 γνῶσιν,
3181 2771 3274 2823 καὶ
3316 2775 3636 2842 προσκυνεῖν
3678 2790 3845 2844 φαμεν

2279 2859 2493 2929 ἀληθῶς
2527 2858 2661 2930 ὅπερ
2685 2859 2929 2930 οἴδαμεν,
2955 2861 3189 2932 Οἴδαμεν
3216 2861 3272 2914 δὲ
3312 2862 3375 2914 τὸ
3414 2861 3548 2932 ὕψος
3568 2864 3664 2935 τῆς
3697 2864 3848 2933 δόξης

2279 2948 2370 3004 τοῦ
2400 2948 2894 3019 προσκυνουμένου,
2920 2949 3067 3020 αὑτῴ
3097 2949 3173 3021 τῷ
3194 2950 3266 3022 μὴ
3296 2949 3555 3006 δύνασθαι
3578 2956 3683 3013 τοῖς
3712 2953 3849 3022 λογι-

2283 3041 2437 3109 σμοῖς
2486 3039 2828 3099 καταλαϐεῖν,
2893 3041 3335 3113 ἀναλογιζόμενοι
3364 3043 3424 3096 τὸ
3466 3043 3560 3099 τοῦ
3599 3046 3850 3116 μεγέθους

2279 3130 2617 3191 ἀνείκαστον,
2660 3131 2754 3183 καὶ
2801 3131 2860 3182 τὸ
2889 3131 3025 3201 πρὸς
3069 3132 3168 3204 τὴν
3202 3133 3531 3205 Σαμαρεῖτιν
3571 3136 3718 3205 παρὰ
3766 3137 3850 3190 τοῦ

2280 3223 2483 3295 Κυρίου
2519 3221 2700 3292 ῥηθὲν,
2733 3221 2852 3274 καθ’
2881 3221 3037 3293 ἡμῶν
3065 3223 3121 3276 δὲ
3152 3223 3301 3296 παρὰ
3345 3225 3453 3280 τῶν
3485 3227 3690 3298 ἐχθρῶν
3729 3245 3854 3300 προ-

2280 3316 2598 3386 φερόμενον,
2633 3313 2767 3385 πρὸς
2795 3315 3034 3379 ἐκείνους
3067 3315 3132 3369 ἂν
3157 3316 3354 3386 μᾶλλον
3389 3319 3592 3389 κυρίως
3627 3320 3848 3389 λέγοιτο.

2279 3409 2351 3461 Τὸ
2379 3407 2506 3478 γὰρ,
2561 3406 2758 3476 ἠιεῖς
2811 3407 3204 3475 προσκυνεῖτε
3254 3408 3285 3462 ὃ
3339 3412 3449 3464 οὐκ
3475 3411 3693 3474 οἴδατε,
3728 3417 3852 3484 φησὶ

2279 3497 2410 3567 πρὸς
2441 3497 2540 3568 τὴν
2570 3497 2898 3567 Σαμαρεῖτιν
2935 3497 2962 3548 6
3004 3498 3225 3567 Κύριος,
3257 3504 3596 3570 σωματικαῖς
3627 3503 3851 3563 ἐννοία·ς

2279 3591 2335 3642 ἐν
2359 3593 2476 3652 ταῖς
2510 3589 2635 3662 περὶ
2659 3587 2792 3642 Θεοῦ
2820 3587 2996 3654 δόξαις
3031 3590 3490 3668 προειλημμένην,
3523 3588 3588 3664 ἦς
3625 3594 3802 3657 καλῶς
3829 3596 3853 3646 6

2277 3679 2436 3748 λόγος
2467 3678 2804 3734 καθάπτεται
2823 3693 2836 3707 ³
2861 3677 2942 3730 ὃτι
2972 3676 3102 3731 Θεὸν
3124 3682 3443 3749 προσκυνεῖν
3459 3683 3507 3733 οί
3526 3682 3850 3752 Σαμαρεῖται

2279 3769 2610 3838 νομίζοντες,
2646 3764 2766 3822 εἶτα
2799 3768 3126 3840 σωματικῶς
3167 3770 3585 3842 ἐγκαθιδρὺσθαι
3611 3773 3763 3843 τόπῳ
3798 3774 3850 3824 τὸ

2273 3863 2422 3914 Θεῖον
2445 3861 2706 3931 οἰόμενοι,
2751 3860 2911 3930 μέχρι
2950 3859 3049 3928 τῆς
3077 3861 3255 3930 φωνῆς
3287 3862 3619 3927 εὐσεϐοῦσιν,
3656 3864 3781 3918 ἄλλο
3807 3880 3852 3915 τι

2281 3950 2710 4022 πρ›σκυνοῦντες
2736 3949 2830 4001 καὶ
2858 3948 2919 4000 οὑ
2949 3947 3100 4000 Θεόν.
3128 3949 3291 4001 υὺδέν
3317 3950 3425 4023 γὰρ
3458 3953 3512 4004 ἐν
3545 3955 3849 4023 περιγραςῇ

2280 4041 2590 4112 νοούμενον,
2635 4041 2783 4094 Θεῖόν
2830 4043 2976 4094 ἐστιν
2997 4059 3009 4072 ο
3048 4040 3158 4093 ἀλλ’
3208 4040 3334 4094 ίδιον
3368 4041 3468 4113 τῆς
3495 4037 3780 4110 Θεὸτητος,
3801 4041 3852 4092 τὸ

2282 4133 2554 4203 πανταχοῦ
2599 4129 2757 4195 εἶναι,
2801 4133 2892 4184 καὶ
2940 4131 3027 4184 διὰ
3060 4131 3274 4184 πάντων
3305 4131 3479 4203 ἥκειν,
3530 4131 3625 4184 καὶ
3673 4131 3851 4200 μηδενὶ

2282 4222 2708 4294 περιείργεσθαι.
2742 4221 2903 4274 Ὥστε
2948 4222 3369 4295 περιστρέφεται
3415 4224 3525 4284 τοῖς
3559 4222 3852 4292 χριστομάο

2281 4332 2396 4384 χοις
2427 4317 2506 4377 είς
2553 4313 2886 4384 κατηγορίαν
2948 4315 3126 4368 αὑτῶν
3164 4315 3191 4367 6
3225 4313 3346 4369 καθ’
3386 4313 3542 4387 ἡμῶν
3591 4316 3852 4385 προφερό-

2213 4445 2256 4500 D
2286 4424 2443 4476 μενος
2475 4406 2650 4474 λόγος.
2690 4405 2776 4468 Ὠς
2802 4405 2908 4477 γὰρ
2930 4409 3122 4476 τοπικῇ
3155 4423 3259 4460 τινι
3292 4411 3600 4479 περιγραφῇ
3633 4407 3694 4458 τὸ
3710 4407 3850 4460 Θεῖον

2288 4495 2636 4567 περιέχεσθαι
2688 4495 3020 4565 Σαμαρεῖται
3077 4493 3408 4564 νομίζοντες,
3453 4495 3852 4564 ἐπετιμήθηςαν

2284 4587 2348 4640 δι’
2374 4581 2446 4638 ὧν
2477 4587 2714 4656 ἥκουσαν
2742 4603 2755 4616 ·
2798 4581 2877 4636 ὅτι
2907 4583 3266 4654 Προσκννεῖτε
3321 4586 3348 4638 ὃ
3395 4586 3495 4641 οὑκ
3529 4586 3731 4646 οἴδατε,
3767 4586 3852 4638 καὶ

2284 4678 2539 4745 ἀνόνητος
2576 4677 2784 4744 γίνεται
2819 4675 2945 4746 ὑμῖν
2992 4678 3024 4746 ἡ
3072 4676 3296 4746 λατρεία
3345 4678 3377 4746 ἡ
3407 4677 3543 4749 πρὸς
3574 4677 3710 4732 Θεὸν
3739 4677 3849 4748 βλὲ-

2286 4782 2484 4821 πουσα·
2503 4767 2632 4832 Θεὸς
2654 4771 2763 4839 γὰρ
2787 4767 2936 4836 τόπῳ
2964 4768 3068 4820 τινὶ
3097 4767 3452 4839 καθιδρύσθαι
3484 4768 3849 4839 νομιζόμενος,

2284 4860 2414 4923 Θεὸς
2442 4860 2540 4913 οὑκ
2566 4858 2709 4912 ἐστιν
2733 4876 2746 4888 ·
2778 4859 2947 4922 οὕτως
2976 4859 3040 4912 ἂν
3074 4861 3158 4930 εἴη
3209 4859 3410 4930 κυρίως
3439 4861 3533 4914 καὶ
3567 4861 3703 4932 πρὸς
3736 4861 3850 4921 τοῦς

2285 4951 2438 5016 νέους
2461 4951 2803 5023 Σαμαρείτας
2825 4952 3015 5013 εἰπεῖν,
3043 4952 3124 5005 ὅτι
3155 4950 3232 5021 τῷ
3270 4951 3492 5020 ὀνόματι
3516 4952 3614 5022 τῆς
3685 4953 3853 5019 ἀγεν-

2284 5043 2522 5110 νησίας,
2557 5037 2668 5096 οἷόν
2699 5061 2800 5097 τινι
2841 5043 2990 5114 τόπῳ
3033 5041 3412 5112 περιειλῆφθαι
3454 5043 3554 5112 τὴν
3598 5042 3748 5098 θείαν
3772 5043 3854 5094 οὗ·

2287 5137 2404 5188 σίαν
2435 5135 2804 5202 ὑπονοοῦντες,
2826 5135 3218 5205 προσκυνεῖτε
3241 5133 3271 5187 ὃ
3288 5136 3397 5188 οὐκ
3415 5133 3634 5196 οἴδατε,
3652 5133 3725 5195 ὡς
3740 5132 3854 5200 Θεῷ

2286 5228 2385 5298 μὲν
2423 5226 2795 5298 λατρεύοντες.
2857 5225 3177 5294 ἀγνοοῦντες
3227 5225 3282 5277 δὲ
3339 5225 3421 5277 ὅτι
3457 5225 3640 5295 πάσης
3668 5225 3766 5294 τῆς
3797 5223 3851 5286 ἐξ

2280 5317 2556 5386 ὀνομάτων
2586 5317 2860 5388 σημασίας
2893 5317 2987 5370 καὶ
3029 5313 3368 5387 περιλήψεως
3397 5316 3726 5388 ὑπερπίπτει
3763 5312 3850 5366 τοῦ

2281 5408 2415 5461 Θεοῦ
2435 5407 2494 5461 τὸ
2511 5408 2779 5478 ἀόριστον.
