3992 6210
192 385 291 443 6θὸ

1301 380 1578 441 CONTRA
1613 379 2002 448 EUNOMIUM,
2037 378 2166 437 LIB.
2207 380 2292 437 Ill.

3348 385 3453 443 606

267 497 442 555 Ἀλλὰ
503 498 597 553 ἐπὶ
652 496 814 552 πλέον
899 498 1213 571 παρηνέχθη
1240 499 1352 553 τῶν
1396 498 1771 572 προκειμένων

1948 493 2057 551 Sed
2093 494 2309 565 longius
2344 494 2411 552 de
2437 496 2598 552 rebus
2638 496 2939 567 propositis
2980 496 3159 552 oratio
3182 496 3446 562 excurrit,

190 593 420 660 δλόγος,
442 592 554 654 τοῖς
572 591 662 644 ἀεὶ
695 589 838 645 κατὰ
859 590 939 645 *ιδ
981 590 1270 647 ἀκόλουθον
1292 591 1773 664 ὲφευρισκομένοις

190 685 454 755 ἑπόμενος
475 698 491 713 ’
538 680 735 736 οὐκοῦν
779 682 940 736 πάλιν
978 681 1078 754 τὴν
1130 680 1449 736 ἀκολουθίαν
1500 681 1771 736 ὲπαναλάο

190 773 388 844 εωμεν.
428 772 657 844 Ἐπειδὴ
700 771 799 843 τὴν
852 772 1209 844 προτεθεῖσαν
1257 773 1406 846 αὐτῷ
1433 774 1591 845 ῥῆσιν
1632 776 1770 828 ἀπο-

190 863 443 935 χρώντως
470 857 625 934 οἶμαι
654 861 744 915 διὰ
771 861 879 916 τῶν
909 861 1210 933 εἰρημένων
1235 862 1672 932 πεφανερῶσθαι,
1710 863 1768 916 οὐ

188 954 319 1026 πρὸς
382 953 488 1025 τὴν
542 953 803 1023 ἀλήθειαν
862 954 1042 1024 μόνον,
1105 953 1241 1007 ἀλλὰ
1285 954 1542 1026 καὶπρὸς
1573 954 1771 1026 ἑαυτὴν

186 1047 417 1117 ἔχουσαν
439 1045 714 1109 ἑ-νεῑντίιιιιεςο
743 1046 806 1099 Εἰ
837 1044 947 1116 γὰρ
973 1044 1093 1099 κατ’
1123 1046 1323 1109 αὐτοὺς
1353 1047 1387 1117 ἡ
1418 1046 1620 1116 φυσικὴ
1650 1046 1771 1116 σχέ-

189 1154 259 1201 σις
293 1140 369 1209 τῇ
425 1136 520 1191 τοῦ
565 1136 694 1190 Υίοῦ
720 1136 1061 1208 προσηγορίᾳ
1087 1134 1224 1207 πρὸς
1269 1136 1360 1190 τὸν
1396 1136 1614 1208 Πατέρα
1648 1153 1772 1189 συν-

189 1224 427 1289 ίσταται,
457 1227 552 1279 καὶ
570 1226 706 1296 πρὸς
722 1226 813 1279 τὸν
829 1225 1217 1295 γεγεννηκότα,
1238 1227 1271 1297 ἡ
1295 1225 1389 1280 τοῦ
1409 1229 1571 1298 γεννή
1581 1245 1768 1299 ματος.

186 1317 325 1369 κατά
354 1333 484 1372 τινα
537 1317 933 1387 γραμματικὴν
964 1315 1256 1387 φλυαρίαν,
1292 1316 1393 1381 τὰς
1430 1312 1799 1389 σημαντικὰς

184 1407 275 1477 τῆς
303 1408 468 1471 θείας
496 1407 712 1476 φύσεως
755 1407 926 1473 λέξεις
954 1407 1053 1477 τῆς
1083 1407 1275 1475 σοφίας
1295 1407 1501 1463 τούτων
1531 1410 1610 1472 είς
1651 1410 1770 1462 ὀνο-

187 1500 373 1569 μάτων
414 1499 602 1569 σχῆμα
631 1498 1077 1570 παρατυπούσης,
1095 1499 1273 1553 οὐκέτ’
1298 1501 1364 1556 ἄν
1385 1517 1469 1565 τις
1484 1500 1773 1573 .ἁμφι6άλ-

185 1591 253 1644 λοι
280 1589 390 1660 τὴν
420 1592 489 1645 ἐκ
515 1589 730 1659 φύσεως
751 1594 1153 1663 συνισταμένην
1184 1592 1293 1648 τῶν
1318 1593 1597 1663 ὀνομάτων
1635 1594 1771 1665 πρὸς

184 1682 391 1753 ἄλληλα
423 1685 629 1752 σχέσιν,
664 1682 938 1747 ἀπόδειξιν
974 1684 1075 1755 τῆς
1123 1680 1240 1738 κατ’
1269 1683 1457 1738 ούσίαν
1486 1684 1663 1738 αὐτῶν
1690 1687 1770 1738 οἱ·

187 1776 491 1843 πιότητος,
520 1773 719 1845 μᾶλλον
743 1773 800 1826 δὲ
830 1774 1158 1845 ταυτότητος
1196 1775 1459 1845 γίνεσθαι.
1506 1776 1666 1830 Ἀλλά
1695 1775 1769 1847 μὴ

188 1866 551 1938 muscum
593 1866 694 1938 τὴν
746 1866 995 1920 ἰναντίαν
1035 1868 1218 1940 φωνὴν
1243 1870 1271 1921 ό
1293 1868 1559 1940 ἡμέτερος
1592 1867 1767 1936 λόγος.
1804 1852 1846 1907 Β

195 1959 275 2023 Ὠς
302 1959 377 2013 ἂν
404 1960 483 2030 μὴ
512 1958 694 2029 δοκοίη
727 1962 794 2031 τῇ
819 1959 1076 2030 ἀσθενείᾳ
1107 1960 1245 2033 μόνῃ
1275 1959 1382 2013 τῶν
1406 1959 1773 2031 ἀντιμαχομέ-

184 2068 287 2104 νων
342 2049 408 2103 τὸ
460 2050 637 2121 δόγμα
687 2054 788 2121 τῆς
836 2050 1114 2114 εὐσεϐείας
1152 2050 1534 2122 κρατύνεσθαι,
1573 2050 1771 2105 ἁλλ’ὶν

186 2141 368 2213 ἑαυτῷ
397 2141 633 2211 μάλιστα
660 2141 759 2212 τὴν
800 2143 957 2212 ἰσχὺν
988 2142 1153 2213 ἔχειν.
1199 2142 1290 2205 Ὠς
1333 2137 1424 2195 οὖν
1464 2143 1581 2194 ἐστι
1614 2141 1772 2195 δυνα-

184 2235 293 2295 τὸν.
350 2235 423 2287 δι’
481 2233 849 2304 εὐτονωτέρας
900 2235 1001 2303 τῆς
1064 2234 1391 2305 συνηγορίας
1423 2233 1772 2305 βεϐαιωθήτω

188 2323 316 2396 παρ’
385 2323 545 2394 ἡμῶν
593 2322 772 2376 αὐτῶν
819 2325 848 2377 ὁ
896 2323 1265 2394 ἀντικείμενος
1293 2323 1469 2393 λόγος,
1521 2323 1595 2387 ὡς
1622 2323 1687 2377 ἄν
1710 2323 1772 2376 τὸ

189 2415 532 2487 ὑπερδιὶλλον
562 2416 660 2487 τῆς
708 2415 991 2485 δυνάμεως
1023 2414 1382 2485 διαγνωσθείη
1417 2416 1556 2470 κατὰ
1573 2415 1772 2487 πολλὴν

191 2504 540 2575 πεποίθησιν,
565 2506 659 2558 καὶ
691 2504 760 2557 τὰ
787 2504 1270 2576 παραλελειμμένα
1297 2505 1448 2575 παρὰ
1476 2504 1585 2558 τῶν
1613 2506 1769 2558 ὲναν-

188 2597 316 2653 τίων
342 2599 423 2662 είς
451 2596 653 2669 ἀκριϐῆ
704 2596 937 2667 βάσανον
974 2596 1073 2666 τῆς
1095 2594 1349 2665 ἀληθείας
1381 2596 1538 2666 ἡμῶν
1574 2613 1773 2667 προφε-

190 2691 420 2762 ρόντων.
464 2689 611 2760 Ἐρεί
639 2687 748 2759 γὰρ
785 2688 916 2750 ἴσως
950 2689 979 2739 ό
999 2689 1112 2750 τοῖς
1139 2686 1397 2750 ἐναντίοις
1430 2686 1771 2758 ἰσχυριζόμε-

188 2799 292 2843 νος,
328 2782 413 2834 ὅτι
442 2781 503 2834 ού
544 2780 759 2843 πάντως
801 2779 835 2850 ή
885 2776 979 2831 τοῦ
1037 2776 1156 2832 υἱοῦ
1192 2777 1287 2831 καὶ
1316 2778 1407 2831 τοῦ
1436 2779 1773 2849 γεννήματος

190 2872 381 2942 κλῆσις
426 2871 489 2924 τὸ
537 2870 679 2926 κατὰ
702 2870 802 2942 τὴν
830 2869 993 2939 φύσιν
1037 2872 1233 2924 οἰκεῖον
1280 2870 1624 2942 παρίστησιν.
1660 2872 1772 2926 Καὶ

189 2963 297 3034 γὰρ
323 2964 423 3017 καὶ
472 2963 661 3017 τέκνον
690 2979 772 3026 τις
805 2962 977 3034 ὀργῆς
1012 2963 1069 3014 ὲν
1095 2963 1163 3031 τῇ
1192 2962 1383 3032 Γραφῇ
1409 2960 1646 3030 λέγεται,
1678 2962 1774 3015 καὶ

191 3054 472 3118 ἀπωλείας
515 3054 661 3118 υίὸς,
714 3052 808 3106 καὶ
834 3052 1081 3123 γέννημα
1116 3051 1348 3123 ἐχίδνης,
1386 3051 1482 3105 καὶ
1512 3052 1573 3105 οὐ
1597 3050 1771 3122 δήπου

193 3147 441 3215 κοινότης
482 3161 569 3207 τις
626 3143 841 3214 φύσεως
890 3144 1003 3204 τοῖς
1058 3140 1321 3205 τοιούτοις
1373 3141 1600 3211 ὀνόμασι
1644 3158 1770 3194 συν-

194 3236 455 3307 ανεφάνη.
487 3235 562 3288 Ού
590 3234 700 3305 γὰρ
718 3231 913 3287 ταύτόν
945 3233 1061 3285 ἐστι
1089 3231 1169 3302 τῷ
1200 3231 1540 3302 ὑποκειμένῳ
1572 3230 1771 3295 Ἰούδας
1797 3216 1841 3272 (ἶ

194 3330 222 3380 ὁ
249 3329 344 3400 τῆς
367 3326 648 3390 ἀπωλείας
668 3324 783 3388 υἱὸς
820 3324 1224 3395 ὠνομασμένος,
1253 3325 1348 3379 καὶ
1371 3325 1509 3396 αὐτὴ
1535 3324 1674 3377 κατὰ
1712 3323 1775 3377 τὸ

197 3418 478 3490 νοούμενον
507 3420 543 3489 ἡ
568 3416 830 3473 ἀπώλεια.
869 3416 1032 3470 Ἀλλο
1074 3415 1183 3488 γὰρ
1208 3415 1301 3469 τοῦ
1337 3416 1478 3470 κατὰ
1516 3417 1608 3469 τὸν
1641 3416 1776 3480 Ἰού-

199 3513 306 3576 εαν.
357 3515 456 3568 καὶ
508 3514 695 3584 ἕτερον
755 3512 853 3583 τῆς
910 3510 1184 3574 ἀπωλείας
1226 3510 1289 3564 τὸ
1353 3510 1769 3581 σημαινόμενον.

214 3604 431 3673 ὀμοίως
456 3604 514 3657 δὲ
537 3603 633 3657 καὶ
664 3605 729 3657 ὲκ
748 3602 843 3656 τοῦ
878 3603 1120 3656 ἐναντίου
1141 3602 1242 3672 τὴν
1271 3601 1392 3672 ίσην
1428 3602 1773 3674 κατασκευὴν

202 3693 231 3745 ό
251 3693 398 3762 λόγος
432 3695 566 3764 ἔχοι.
596 3694 718 3747 Υίοὶ
743 3693 853 3764 γὰρ
892 3692 1067 3763 φωτός
1108 3710 1251 3757 τινος
1285 3694 1379 3748 καὶ
1415 3695 1522 3747 υίοὶ
1562 3696 1775 3766 ἡμέρας

204 3784 495 3855 λεγόμενοι,
542 3787 604 3840 οὐ
642 3785 838 3839 ταύτόν
886 3787 992 3838 είσι
1032 3784 1110 3856 τῷ
1157 3787 1296 3854 φωτὶ
1344 3787 1437 3839 καὶ
1478 3788 1544 3856 τῇ
1593 3787 1775 3858 ἡμέρᾳ

203 3879 336 3932 κατὰ
357 3879 447 3931 τὸν
474 3878 635 3945 λόγον
661 3879 758 3947 τῆς
802 3877 1036 3946 φύσεως,
1064 3878 1157 3931 καὶ
1197 3878 1365 3930 τέκνα
1389 3878 1482 3930 τοῦ
1523 3878 1775 3949 Ἀϐραὰμ

202 3962 253 4014 τί
276 3962 404 4017 λίθοι
418 3964 682 4032 γίνονται,
709 3966 836 4018 ὅταν
855 3964 944 4019 διὰ
970 3966 1069 4035 τῆς
1098 3964 1329 4027 πίστεως
1357 3968 1450 4019 καὶ
1476 3966 1583 4018 τῶν
1598 3967 1774 4035 ἔργων

204 4056 512 4122 συγγένειαν
564 4055 665 4127 τὴν
717 4057 853 4128 πρὸς
890 4056 1054 4110 αὑτὸν
1100 4056 1571 4121 οίκειὼσωσι,καί
1612 4063 1664 4109 oi
1695 4057 1775 4122 τῷ

206 4145 487 4215 Uretth
510 4146 618 4200 τοῦ
648 4147 797 4201 Θεοῦ
828 4148 1126 4217 ἀγόμενοι,
1150 4146 1335 4210 καθώς
1356 4164 1519 4215 φησιν
1552 4148 1580 4199 ὁ
1620 4147 1778 4199 ’Λπόο

208 4237 400 4297 στολος,
459 4237 568 4290 υἱοὶ
585 4234 720 4289 Θεοῦ
738 4233 1008 4304 λέγονται,
1066 4239 1126 4292 ού
1145 4239 1341 4292 ταύτὸν
1369 4240 1518 4302 ὄντες
1546 4237 1625 4310 τῷ
1658 4239 1776 4311 Θεῷ

212 4332 338 4385 κατὰ
354 4331 447 4403 τὴν
467 4331 630 4400 φύσιν
647 4346 662 4361 ⁸
690 4330 783 4383 καὶ
804 4329 973 4383 πολλὰ
993 4330 1216 4385 τοιαῦτα
1238 4332 1386 4405 παρὰ
1406 4335 1505 4405 τῆς
1528 4332 1777 4386 θεοπνεύ-

217 4436 329 4475 mea
353 4424 573 4495 Γραφῇ
594 4422 741 4475 ἔστιν
765 4420 1146 4486 ἀναλέξασθαι,
1169 4417 1322 4476 δι’ὧν
1338 4426 1370 4493 ἡ
1385 4422 1568 4495 ἀπάτη
1607 4424 1776 4479 καθά-

1871 587 2033 658 quasi
2090 595 2353 657 perpetua
2400 589 2545 643 serie
2590 602 2654 645 ea
2701 604 2825 658 quae
2867 604 2964 660 per
3021 591 3450 661 consequentias

1870 677 2230 734 inveniuntur
2263 684 2502 749 seqt’Iens
2536 698 2548 734 :
2594 694 2760 748 quare
2783 681 3232 737 consecutionem
3255 698 3453 739 rursus

1868 775 2205 839 repetamus.
2239 769 2690 840 Quandoquidem
2725 773 3061 841 propositam
3093 774 3161 828 ab
3187 775 3308 843 ipso
3332 774 3450 830 dic-

1869 860 2071 916 tionem
2118 861 2339 918 abunde
2374 863 2510 919 satis
2548 878 2672 918 reor
2722 878 2820 932 per
2870 879 2933 919 ea
2974 880 3097 935 quae
3133 866 3279 921 dicta
3319 879 3452 923 sunt

1868 951 2207 1006 declaratam
2255 968 2399 1018 esse,
2460 968 2570 1007 non
2633 955 2812 1008 solum
2867 954 3107 1021 veritati,
3138 956 3235 1011 sed
3284 959 3447 1012 etiam

1869 1043 2093 1116 sibiipsi
2125 1060 2249 1100 esse
2279 1045 2633 1101 contrariam.
2670 1043 2727 1099 Si
2758 1045 2926 1112 enim,
2973 1054 3034 1100 ut
3072 1047 3178 1116 ipsi
3235 1049 3448 1113 volunt,

1869 1136 2143 1192 naturalis
2177 1137 2374 1193 relatio
2414 1137 2537 1193 Filii
2570 1139 2936 1209 appellatione
2970 1139 3036 1194 ad
3064 1138 3281 1195 Patrem
3316 1156 3450 1197 con-

1870 1227 2141 1288 stituitur.
2172 1237 2228 1283 et
2255 1230 2322 1284 ad
2368 1246 2493 1286 eum
2520 1231 2613 1300 qui
2644 1232 2837 1302 genuit
2862 1231 3224 1301 gennematis,
3255 1232 3307 1287 id
3363 1245 3449 1292 est

1869 1318 2163 1390 progeniei,
2184 1317 2392 1380 relatio,
2408 1318 2710 1373 secundum
2720 1319 3012 1387 quamdam
3037 1323 3448 1393 grammaticam

1870 1410 2243 1481 nugationetn,
2271 1410 2660 1481 signiﬁcativas
2697 1410 2894 1466 divinae
2931 1422 3142 1467 natura:
3182 1412 3452 1468 dictiones

1872 1500 2069 1555 borum
2112 1501 2382 1571 sapientia
2433 1502 2499 1555 ad
2552 1501 2778 1572 ﬁguram
2814 1502 3097 1558 nominum
3136 1504 3450 1574 efﬁngente,

1871 1607 1980 1647 non
2023 1593 2261 1663 amplius
2291 1594 2416 1663 quis
2446 1594 2709 1664 ambigat,
2745 1609 2810 1649 ex
2852 1603 3048 1650 natura
3092 1596 3449 1651 constitutam

1871 1684 2156 1739 nominum
2207 1685 2352 1739 inter
2384 1701 2443 1740 se
2483 1687 2827 1751 relationem,
2874 1687 3340 1744 necessitudinem
3366 1689 3450 1745 vel

1870 1778 2055 1845 potius
2105 1776 2410 1831 identitatis
2460 1778 2983 1834 demonstrationem
3021 1779 3158 1833 ﬁeri.
3211 1778 3316 1835 Sed
3351 1780 3445 1835 ad-

1872 1870 2240 1925 vcrsariorum
2289 1884 2476 1923 νοοθηι
2512 1878 2700 1924 nostra
2733 1884 2841 1923 non
2872 1877 3043 1923 ηιυιει
3074 1885 3251 1938 neque
3280 1886 3452 1940 repu-

1874 1960 1988 2015 diet
2017 1959 2213 2013 oratio.
2253 1957 2323 2013 Ut
2351 1974 2460 2012 non
2493 1958 2608 2013 sola
2639 1957 3009 2012 imbecillitate
3038 1956 3448 2013 adversantium

1872 2053 2092 2125 pietatis
2132 2053 2329 2122 dogma
2370 2051 2686 2107 conﬁrmari
2718 2050 2986 2113 videatur,
3028 2049 3123 2104 sed
3171 2050 3226 2103 in
3266 2049 3452 2119 seipso

1873 2142 2113 2198 maxime
2142 2142 2312 2196 robur
2336 2140 2559 2196 habere.
2585 2140 2863 2206 Quantum
2906 2139 3071 2209 igitur
3101 2140 3214 2195 ﬁeri
3246 2148 3449 2210 potest,

1871 2232 2182 2288 robustiore
2226 2231 2531 2302 patrocinio
2559 2244 2588 2283 a
2634 2230 2795 2285 nobis
2828 2230 2964 2299 ipsis
3011 2229 3447 2286 adversariorum

1870 2340 2055 2380 sermo
2115 2324 2492 2391 contlrmetur,
2553 2329 2613 2376 ut
2669 2337 2735 2379 ex
2784 2322 2953 2377 multa
3011 2331 3198 2377 nostra
3253 2321 3450 2377 ﬁducia

1870 2426 2136 2488 quantum
2176 2417 2390 2471 viribus
2421 2431 2743 2486 superemus
2775 2413 3153 2486 dignoscatur,
3183 2428 3247 2469 ea
3284 2414 3448 2469 etiam

1870 2523 1993 2577 quae
2060 2507 2128 2562 ab
2184 2505 2520 2560 adversariis
2564 2513 2692 2559 sunt
2754 2503 3032 2573 praeterita
3081 2504 3150 2559 ad
3201 2506 3452 2561 veritatis

1871 2606 2117 2654 exactam
2168 2596 2549 2668 probationem
2596 2594 2954 2666 proferentcs.
3010 2594 3161 2650 Dicet
3219 2594 3454 2651 fortasse

1870 2693 1963 2764 qui
2013 2692 2309 2747 contrariis
2357 2691 2555 2745 nititur
2592 2697 2646 2744 et
2696 2687 2981 2744 contendit
3027 2686 3263 2751 fortiter,
3301 2688 3450 2758 quod

1870 2801 1980 2839 non
2030 2784 2253 2838 omnino
2298 2782 2394 2837 ﬁlii
2443 2789 2497 2836 et
2553 2781 2917 2849 genncmatis,
2981 2778 3101 2834 sive
3162 2779 3443 2849 progeniei
3502 2834 3516 2857 ε

1872 2874 2185 2946 appellatio,
2230 2874 2375 2945 quod
2412 2871 2714 2928 secundum
2755 2880 3007 2926 naturam
3055 2879 3140 2926 est
3169 2870 3450 2941 proprium

1871 2975 2265 3037 repraesentat;
2315 2979 2439 3017 nam
2492 2971 2546 3019 et
2593 2964 2646 3017 in
2686 2962 2969 3033 Scriptura
3003 2962 3148 3018 ﬁlius
3200 2962 3295 3016 irae
3323 2962 3452 3033 quis

1872 3057 2101 3122 dicitur,
2145 3065 2200 3110 et
2231 3054 2558 3127 perditionis
2589 3054 2755 3119 ﬁlius,
2792 3064 2846 3109 et
2884 3068 3149 3124 gennema
3180 3052 3295 3110 sive
3321 3069 3449 3124 pro-

1872 3151 2057 3221 genies
2108 3150 2442 3218 viperarum,
2476 3160 2650 3216 neque
2683 3145 2793 3198 ulla
2824 3152 3036 3199 natura:
3085 3144 3452 3201 communitas

1876 3249 1960 3303 bis
1988 3245 2305 3301 nominibus
2336 3242 2498 3298 simul
2521 3241 2800 3296 declarata
2831 3246 2953 3302 est;
2992 3254 3101 3293 non
3136 3239 3282 3294 enim
3307 3238 3451 3295 idem

1873 3348 1959 3395 est
2000 3354 2125 3393 cum
2171 3335 2422 3405 subjecto
2467 3332 2605 3387 Juda
2642 3330 2970 3403 perditionis
3023 3329 3167 3387 illius
3198 3331 3450 3385 nomina-

1875 3438 1984 3491 tus,
2009 3437 2062 3483 et
2098 3430 2215 3499 ipsa
2247 3426 2551 3483 secundum
2582 3425 2635 3479 id
2673 3425 2815 3495 quod
2843 3423 3167 3492 intelligitur
3194 3422 3448 3492 perditio.

1874 3520 2034 3575 Aliud
2081 3523 2226 3576 enim
2260 3517 2624 3589 signiﬁcatum
2656 3516 2893 3570 hominis
2933 3513 3103 3577 Iudae,
3139 3512 3285 3567 aliud
3328 3528 3452 3583 per-

1875 3611 2124 3669 ditionis.
2154 3610 2418 3664 Similitcr
2441 3609 2603 3662 etiam
2633 3623 2663 3661 e
2689 3607 2968 3661 contrario
3011 3605 3275 3675 aequalem
3311 3620 3447 3658 con-

1875 3703 2232 3759 structionetn
2286 3716 2466 3755 sermo
2515 3699 2714 3754 habere
2755 3698 2948 3767 possit.
2991 3696 3123 3749 Nam
3161 3696 3255 3750 ﬁlii
3311 3696 3455 3751 lucis

1877 3796 2114 3864 alicujus
2164 3802 2216 3848 et
2262 3792 2356 3846 ﬁlii
2414 3790 2522 3844 diei
2563 3789 2655 3858 qui
2704 3789 2984 3849 dicuntur,
3012 3802 3118 3841 non
3153 3788 3292 3840 idem
3325 3799 3454 3842 sunt

1876 3900 2002 3940 cum
2043 3884 2164 3938 luce
2212 3889 2266 3937 ct
2305 3882 2413 3943 die,
2456 3879 2756 3934 secundum
2807 3884 3020 3930 natura:
3068 3875 3357 3937 rationem,
3398 3883 3455 3931 et

1880 3979 1976 4033 ﬁlii
2014 3977 2290 4031 Abraham
2326 3972 2535 4043 lapides
2565 3970 2703 4026 ﬁunt
2736 3984 2859 4024 cum
2887 3983 2983 4038 per
3014 3966 3172 4021 ﬁdem
3208 3976 3262 4021 et
3285 3982 3453 4036 opera

1877 4069 2263 4139 cognationem
2299 4080 2423 4120 cum
2459 4064 2582 4134 ipso
2613 4061 2719 4117 sibi
2768 4058 3082 4120 asciverint,
3124 4067 3179 4113 et
3211 4062 3303 4128 qui
3326 4057 3451 4129 Spi-

1883 4159 1991 4212 ritu
2025 4159 2125 4213 Dei
2151 4168 2402 4233 aguntur,
2458 4154 2603 4210 sicut
2648 4148 2890 4222 loquitur
2920 4148 3225 4219 Apostoius
3256 4150 3324 4213 ⁸³,
3355 4148 3453 4202 ﬁlii

1880 4251 1972 4305 Dei
2031 4252 2482 4311 dicuntur,.cum
2530 4260 2636 4300 non
2690 4244 2799 4301 sint
2836 4243 2980 4299 idem
3032 4257 3157 4298 cum
3207 4241 3316 4298 Deo
3357 4257 3456 4312 per

1879 4353 2134 4397 naturam
2170 4359 2183 4394 :
2221 4347 2274 4394 et
2304 4338 2471 4392 multa
2499 4335 2844 4401 eiusmodiex
2877 4334 3161 4405 Scriptura
3191 4334 3455 4391 divinitus

1880 4433 2145 4501 inspirata
2208 4431 2335 4484 licet
2390 4430 2666 4499 colligere,
2731 4428 2934 4498 quibus
2990 4427 3141 4483 fraus
3193 4434 3452 4499 tanquam

217 4527 314 4581 περ
368 4514 527 4567 εἰκών
578 4530 662 4575 τις
720 4512 1091 4584 ἐπηνθισμένη
1139 4515 1256 4575 ταῖς
1292 4518 1586 4582 γραφικαῖς
1630 4534 1771 4588 μαρ-

1880 4527 2056 4594 imago
2083 4522 2430 4577 eﬁloresceus
2451 4537 2515 4574 ex
2546 4519 2829 4590 Scriptura
2865 4518 3191 4575 testimoniis
3209 4518 3456 4579 veritatis

216 4604 410 4671 ’πυρίαις
432 4605 493 4657 τὸ
519 4604 617 4675 τῆς
648 4602 902 4675 ἀληθείας
930 4602 1146 4657 εἴδωλον
1166 4602 1535 4673 ὑποκρίνεται.

283 4693 343 4746 τί
382 4692 471 4748 οὖν
512 4697 677 4765 ἡμεῖς
725 4694 861 4764 πρὸς
912 4694 1068 4746 τοῦτό
1119 4690 1332 4763 conitar;
1389 4689 1542 4747 Οἶδεν
1586 4698 1619 4767 ἡ
1656 4695 1773 4749 θεία

225 4782 392 4857 rga-ai)
436 4790 551 4842 κατ’
607 4786 930 4858 ἀμφοτέρων
953 4786 1061 4839 τῶν
1100 4785 1318 4838 ἐννοιῶν
1348 4787 1645 4857 κεχρῆσθαι
1677 4788 1771 4841 τοῦ

224 4875 331 4928 υἱοῦ
381 4881 439 4948 τῇ
493 4881 667 4948 φωνῇ.
701 4879 861 4930 Ὥστε
909 4878 1018 4930 τισὶ
1076 4878 1173 4942 μὲν
1207 4880 1271 4931 ἐκ
1301 4876 1533 4945 φύσεως,
1566 4879 1672 4932 τισὶ
1715 4879 1773 4933 δὲ

232 4959 595 5038 ἐπισκευαστὴν
624 4969 715 5022 καὶ
758 4967 1048 5039 ἐπίκτητον
1081 4963 1336 5038 εἶναιτὴν
1362 4969 1562 5038 ταύτην
1607 4987 1773 5042 προσ-

228 5060 446 5126 ηγορίαν.
474 5062 645 5114 Ὅταν
699 5060 797 5130 μὲν
831 5060 938 5130 γὰρ
968 5061 1115 5124 υίοῦς
1165 5060 1469 5130 ἀνθρώπων
1503 5061 1596 5113 καὶ
1624 5062 1773 5125 υἱοὺς

232 5143 343 5218 λέγῃ
381 5152 562 5221 κριῶν,
592 5152 693 5223 τὴν
750 5152 872 5204 κατ’
909 5151 1097 5203 οὐσίαν
1121 5150 1217 5205 τοῦ
1247 5150 1600 5219 γεννηθέντος
1637 5152 1775 5222 πρὸς

231 5234 311 5289 τὸν
331 5239 659 5311 ὲξοῦγέγονε
709 5241 893 5311 σχέσιν
923 5241 1309 5313 ἀποσημαίνει.
1340 5241 1509 5294 Ὅταν
1540 5242 1596 5295 δὲ
1626 5243 1774 5308 υἱοὺς

235 5323 475 5401 δυνάμεως
506 5334 540 5403 ἦ
576 5333 744 5387 τέκνα
801 5331 936 5405 λέγῃ
982 5331 1139 5398 Θεοῦ,
1166 5333 1266 5404 τὴν
1295 5334 1359 5386 ὲκ
1404 5334 1774 5406 προαιρέσεως

239 5424 485 5494 γινομένην
542 5424 861 5494 ἀγχιστείαν
923 5424 1240 5499 παρίστησι.
1290 5426 1397 5478 Καὶ
1431 5425 1530 5495 μέν
1562 5443 1646 5479 τοι
1676 5428 1770 5481 καὶ

241 5515 353 5568 tua
375 5517 467 5589 τὴν
489 5516 740 5571 ἐναντίαν
771 5516 1031 5583 διάνοιαν,
1066 5517 1116 5570 οἱ
1144 5516 1296 5570 αὐτοὶ
1337 5517 1432 5570 καὶ
1463 5519 1567 5572 υἱοὶ
1625 5520 1773 5573 Ἠλεὶ

243 5601 319 5654 ut
340 5606 436 5662 uiui
454 5607 632 5679 λοιμοὶ
669 5607 1087 5681 ὠνομάσθησαν,
1130 5608 1263 5682 πρὸς
1307 5610 1563 5683 ἑκάτερον
1596 5613 1775 5685 νόημα

308 5782 346 5816 ³⁸
369 5780 515 5844 Rom.
542 5803 663 5853 vnt,
698 5787 788 5846 Η.

1876 4612 2230 4669 simulacrum
2276 4612 2556 4665 mentitur.

1947 4702 2087 4769 Quid
2138 4703 2302 4772 igitur
2349 4716 2449 4755 nos
2509 4700 2574 4753 ad
2612 4698 2727 4751 'hoc
2777 4696 3054 4751 dicimus?
3107 4695 3163 4750 In
3220 4703 3458 4767 utroque

1878 4811 2046 4851 sensu
2117 4792 2213 4847 ﬁlii
2273 4808 2404 4846 vote
2453 4790 2529 4843 uti
2583 4790 2731 4843 no\it
2770 4789 2951 4843 divina
3011 4787 3326 4857 Scriptura,
3381 4788 3457 4841 ita

1879 4900 1937 4941 ut
1972 4885 2299 4956 quihusdam
2330 4899 2359 4937 a
2400 4891 2614 4942 natura.
2649 4879 2976 4950 quibusdam
3004 4895 3138 4935 vero
3172 4878 3453 4946 adjectitia

1877 4987 1931 5033 ct
1982 4977 2282 5031 adrentitia
2335 4975 2406 5030 sit
2435 4973 2560 5028 talis
2594 4970 2905 5042 appellatio.
2947 4970 3082 5025 Cum
3130 4971 3275 5025 enim
3310 4968 3457 5023 ﬁlios

1877 5068 2162 5122 hominum
2202 5066 2335 5120 dicit
2382 5073 2437 5120 ct
2486 5064 2626 5119 ﬁlios
2669 5062 2921 5125 arietum,
2976 5060 3292 5116 relationem
3333 5074 3456 5129 quae

1874 5167 1959 5215 est
1993 5158 2294 5213 secundum
2327 5155 2621 5210 essentiam
2652 5155 2819 5225 geniti
2860 5168 2984 5208 cum
3017 5166 3083 5207 eo
3125 5153 3217 5221 qui
3259 5151 3450 5222 genuit

1876 5236 2179 5321 signiﬁcat.
2230 5247 2367 5301 Cum
2401 5261 2531 5300 vero
2577 5244 2718 5301 ﬁlios
2772 5244 3027 5317 potentia:
3063 5243 3144 5297 vel
3174 5242 3267 5297 Dei
3312 5241 3456 5297 ﬁlios

1875 5341 2029 5405 dicit,
2060 5338 2519 5409 propinquitatem
2554 5352 2675 5408 qua:
2705 5336 2915 5392 arbitrii
2955 5335 3130 5389 libera
3169 5334 3452 5389 voluntate

1877 5443 1931 5486 et
1951 5431 2218 5485 electione
2240 5428 2318 5495 ﬁt,
2351 5428 2610 5484 ostendit.
2634 5428 2943 5495 Quinetiam
2977 5426 3257 5482 contrario
3288 5440 3457 5480 sensu

1883 5523 2044 5577 iidem
2092 5531 2146 5576 et
2204 5519 2297 5573 ﬁlii
2350 5518 2463 5573 Heli
2513 5531 2566 5575 et
2623 5519 2714 5573 ﬁlii
2771 5517 2935 5573 Belial
2979 5516 3249 5572 nominati
3299 5524 3454 5582 sunt,

1884 5613 1953 5669 ad
1996 5622 2286 5683 utramque
2332 5613 2611 5667 notionem
2666 5609 2897 5666 ﬁliorum
2931 5608 3292 5681 appellatione
3322 5620 3455 5664 cott-
