3992 6210
564 354 669 414 ωτ
1840 346 1899 402 S.
1922 346 2253 403 GREGORII
2293 346 2587 405 NYS$EM
3660 344 3746 400 608

566 478 830 544 gruenter
872 470 1253 523 conveniente.
1289 461 1444 527 Quod
1475 460 1622 517 enim
1665 461 1758 515 ﬁlii
1809 459 1926 516 lleli
1963 462 2138 517 vocati

2250 464 2337 535 τῆς
2357 462 2467 516 τῶν
2505 460 2637 517 υἱῶν
2664 458 3031 533 προσηγορίας
3064 459 3405 530 εύαρμόστως
3424 457 3646 527 ἐχούσης,
3681 457 3752 531 Τις,

560 570 691 620 sunt
733 561 800 623 ³⁸,
849 555 996 628 quod
1050 554 1352 611 secundum
1399 563 1651 608 naturam
1703 562 1991 624 cognatum
2027 564 2134 616 cst,

2250 559 2338 630 μὲν
2369 558 2480 628 γὰρ
2509 556 2615 611 υἱοὶ
2638 554 2730 608 τοῦ
2758 552 2906 606 Ἠλεὶ
2934 551 3217 622 κληθῆναι,
3242 550 3299 604 τὸ
3325 548 3459 604 κατὰ
3482 548 3625 618 φύσιν
3648 567 3753 619 συγ-

563 668 688 708 cum
732 651 826 704 illo
870 648 1072 703 habere
1127 646 1387 711 perhibiti
1442 652 1592 699 sunt.
1649 643 1818 698 Belial
1869 658 1998 698 vero
2042 643 2137 698 ﬁlii

2250 651 2394 720 γενὲς
2429 648 2565 718 πρὸς
2592 648 2798 700 ἐκεῖνον
2837 644 2979 715 ἔχειν
3028 645 3132 714 ea:
3144 640 3493 713 ντυρήθησαν,
3521 641 3689 711 Λοιμοὶ
3710 643 3755 695 δὲ

560 742 825 797 nominati
854 741 899 772 ³⁷
925 778 942 807 ,
988 739 1057 793 ob
1087 737 1373 795 electionis
1399 736 1514 790 sive
1551 734 1783 789 instituti
1820 733 2139 803 pravitatem

2250 742 2348 795 υἱοὶ
2388 737 2903 809 κατονομασθέντες,
2943 736 3037 788 ἐπὶ
3075 738 3141 806 τῇ
3177 738 3272 804 τῆς
3306 731 3650 803 προαιρέσεως
3680 748 3757 801 μσς

565 833 814 890 accusati
867 837 1020 893 sunt,
1060 838 1117 883 ut
1149 837 1274 898 pote
1304 836 1513 898 patrem
1546 825 1600 879 in
1635 828 1758 879 vita:
1785 824 1996 878 ratione
2027 838 2137 877 nou

2250 832 2442 904 χθηρίᾳ
2461 831 2933 901 κατηγορήθησαν,
2953 829 3027 889 ὠς
3046 827 3165 896 οὐχὶ¹
3181 825 3268 878 τὸν
3288 823 3488 894 πατέρα
3515 823 3758 893 ζηλτεῖντες

565 926 909 987 mmulantcs,
954 921 1047 976 sed
1098 928 1327 991 peccato
1369 932 1529 973 suum
1581 915 1873 972 consilium
1918 926 1970 969 et
2020 913 2144 967 vitae

2250 925 2320 996 τῷ
2356 925 2472 994 βίῳ,
2503 923 2637 977 ἀλλὰ
2677 925 2743 992 τῇ
2789 919 2957 991 κακίᾳ
2985 918 3080 989 τὴν
3144 916 3446 987 προαίρεσιν
3491 913 3675 968 ἑαυτῶν
3698 931 3738 968 οι

561 1017 871 1073 institutum
912 1013 1274 1083 applicantes.
1341 1008 1396 1064 In
1456 1017 1650 1063 natura
1706 1008 1874 1079 igitur
1932 1004 2142 1069 inﬁma,

2250 1013 2586 1077 κειώσαντες.
2636 1012 2759 1066 Ἐπὶ
2796 1010 2892 1080 μὲν
2914 1006 3006 1063 οὖν
3034 1009 3131 1077 τῆς
3155 1007 3303 1060 κάτω
3323 1004 3545 1074 φύσεως,
3573 1005 3655 1058 καὶ
3674 1004 3756 1057 τῶι

561 1117 726 1178 atque
761 1106 817 1159 in
860 1105 946 1160 his
988 1103 1153 1174 rebus
1186 1100 1415 1163 nostris,
1467 1102 1593 1170 quia
1649 1097 1794 1168 quod
1845 1097 2143 1151 humanum

2250 1102 2366 1155 καθ’
2393 1104 2539 1172 ἡμᾶς
2569 1099 2928 1172 πραγμάτων,
2954 1098 3041 1153 διὰ
3063 1097 3125 1151 τὸ
3152 1097 3284 1168 πρὸς
3307 1096 3552 1165 ἑκάτερον
3575 1095 3758 1164 ὲπιρῤο-

561 1207 645 1254 cst
689 1198 851 1252 habet
889 1194 956 1249 ad
1006 1204 1321 1263 utrumque,
1370 1190 1438 1245 ad
1482 1191 1675 1253 vitium
1726 1190 1851 1243 dico
1888 1199 1941 1243 et
1971 1190 2146 1242 virtu-

2250 1193 2362 1257 πῶς
2398 1193 2461 1246 τὸ
2482 1192 2817 1263 ἀνθρώπινον
2838 1190 2999 1260 ἔχειν,
3032 1189 3169 1259 πρὸς
3191 1186 3386 1240 κακίαν
3401 1185 3540 1254 λέγω
3561 1185 3645 1239 καὶ
3663 1185 3764 1256 ἀρε-

566 1303 696 1354 tem,
750 1288 1013 1358 aequalem
1080 1285 1523 1356 propensionem,
1577 1285 1633 1338 in
1688 1282 1848 1336 nobis
1903 1288 2012 1342 est,
2063 1277 2147 1333 vel

2250 1287 2361 1359 τὴν,
2396 1285 2481 1356 ἐφ’
2511 1288 2644 1357 ἡμῖν
2670 1285 2838 1347 ἐστιν,
2885 1284 2918 1353 ἢ
2946 1282 3137 1345 νυκτὸς
3167 1280 3200 1350 ἢ
3234 1278 3440 1348 ἡμέρας
3475 1277 3612 1339 υἱοὺς
3641 1273 3765 1343 γενέ-

563 1382 747 1436 noctis
793 1380 878 1435 vel
929 1379 1037 1434 diei
1087 1378 1233 1432 lilios
1290 1377 1429 1440 ﬁeri,
1487 1384 1742 1429 manente
1788 1373 2147 1428 nihilominus

2250 1381 2391 1442 σθαι,
2432 1377 2696 1451 μενούσης
2731 1376 2872 1429 κατὰ
2899 1375 2960 1428 τὸ
2995 1371 3401 1445 προηγούμενον
3434 1372 3489 1422 ὲν
3521 1370 3622 1430 τοῖς
3645 1367 3766 1430 ίδίοις

564 1475 861 1535 secundum
895 1472 949 1527 id
977 1472 1121 1541 quod
1157 1471 1491 1540 prmcipuum
1543 1478 1627 1524 est
1668 1469 1722 1522 in
1769 1468 2004 1538 propriis
2037 1476 2147 1521 ter-

2250 1471 2392 1542 ὗροις
2421 1468 2519 1539 τῆς
2543 1467 2773 1537 φύσεως.
2802 1463 2940 1519 (Lbea
2987 1464 3096 1535 γὰρ
3132 1465 3160 1516 ὁ
3194 1462 3282 1515 διὰ
3303 1461 3494 1514 κακίαν
3527 1457 3678 1528 ὀργῆς
3700 1458 3768 1509 τέ-

568 1568 735 1621 minis
768 1574 982 1619 natura.
1020 1561 1208 1632 Neque
1250 1561 1395 1616 enim
1427 1561 1519 1615 ille
1561 1558 1654 1629 qui
1699 1568 1919 1629 propter
1951 1559 2144 1611 vitium

2250 1578 2372 1615 κνον
2397 1560 2687 1630 γενόμενος
2736 1558 2834 1628 τῆς
2878 1554 3221 1626 ἀνθρωπίνης
3265 1549 3584 1623 ὴλλοτριώθη
3610 1547 3770 1617 γεννήο

570 1657 665 1710 irze
720 1655 865 1710 ﬁlius
913 1654 1093 1708 laetus
1119 1663 1226 1717 est,
1258 1651 1327 1705 ab
1360 1651 1597 1705 humana
1626 1650 1981 1720 generatione
2012 1649 2147 1704 alie-

568 1755 731 1800 natus
782 1752 887 1808 est,
939 1758 1117 1814 neque
1160 1742 1206 1796 is
1256 1741 1350 1811 qui
1391 1755 1488 1810 per
1539 1740 1861 1795 electionem
1901 1739 2140 1807 seipsum

2250 1743 2503 1807 xsttbaac,
2530 1742 2595 1795 τὸ
2620 1742 2678 1809 ἐξ
2705 1740 3004 1811 ἀνθρώπων
3028 1738 3191 1809 φῦναι
3229 1737 3323 1792 διὰ
3347 1737 3445 1805 τῆς
3475 1733 3771 1801 ἀστειότητος

570 1839 714 1893 bono
743 1837 1083 1917 familiarem,
1118 1834 1391 1903 adjumit,
1436 1848 1530 1901 per
1560 1831 1925 1886 urbanitatem
1955 1837 2009 1884 et
2036 1830 2137 1884 ho-

2250 1837 2354 1890 τῶν
2378 1798 2826 1906 ἐπιτηδευμάτων
2863 1798 3120 1886 ἀπώσατο
3144 1848 3159 1864 ’
3198 1829 3340 1884 ἀλλὰ
3369 1830 3465 1900 τῆς
3493 1798 3772 1896 φύσεωςνὲᾷ

567 1935 778 1981 nestam
824 1939 1037 1978 morum
1061 1920 1555 1976 conformationem
1585 1934 1652 1973 ex
1688 1917 2005 1972 hominibus
2036 1931 2139 1971 na-

2250 1927 2520 1999 ἑκατέρων
2558 1925 2822 1995 ἑστώσης,
2853 1926 2910 1979 αἱ
2956 1923 3097 1978 κατὰ
3129 1923 3226 1986 τὰς
3258 1920 3595 1992 προαιρέσεις
3618 1917 3771 1984 diago-

566 2027 657 2073 tus
689 2033 811 2073 esse
834 2016 943 2071 dici
976 2014 1135 2071 desiit
1161 2032 1175 2080 ;
1207 2012 1303 2069 sed
1330 2021 1527 2067 natura
1559 2011 1614 2066 in
1646 2012 1896 2080 utrisque
1928 2016 2132 2073 Stante,

2250 2022 2337 2093 ραὶ⁸
2359 2020 2428 2074 τὰ
2457 2020 2696 2089 ὀνόματα
2727 2017 2823 2087 τῆς
2854 2015 3183 2084 οἰκειότητος
3228 2011 3543 2066 ὑποδύονται
3562 2026 3574 2039 ·
3600 2009 3630 2079 ἢ
3663 2005 3773 2059 θεοῦ

568 2104 869 2161 secundum
919 2102 1217 2157 electiones
1258 2107 1313 2156 et
1364 2101 1490 2154 vitae
1550 2097 1803 2152 instituta
1835 2094 2141 2150 differentia

2250 2114 2408 2167 τέκνα
2431 2111 2498 2165 δι’
2519 2110 2739 2183 ἀρετῆς,
2766 2109 2799 2179 ἦ
2826 2106 2919 2161 τοῦ
2944 2106 3325 2177 ἀντικειμένου
3346 2104 3435 2158 διὰ
3462 2100 3641 2166 κακίας
3659 2098 3776 2169 γινόο

568 2197 790 2251 nomina
818 2191 1249 2264 pmpinquitatis
1280 2190 1396 2245 sive
1421 2187 1846 2245 necessitudinis
1877 2186 2140 2250 induunt;

550 2286 655 2339 .vel
702 2293 762 2338 ut
822 2283 915 2336 Dei
964 2281 1058 2334 ﬁlii
1121 2294 1218 2350 per
1266 2278 1546 2342 virtutem,
1596 2276 1681 2331 vel
1726 2273 1986 2330 contrarii
2047 2288 2145 2344 per

570 2377 758 2431 vitium
812 2375 968 2430 ﬁant.

640 2468 697 2521 In
725 2465 930 2521 divinis
960 2472 1142 2519 autem
1176 2461 1521 2516 documentis
1553 2456 1649 2527 qui
1684 2453 1990 2510 naturalem
2022 2467 2146 2506 ser-

570 2568 663 2616 vat
699 2558 946 2613 ordinem
986 2554 1290 2610 Eunomius
1326 2550 1544 2625 (ipsius
1584 2548 1730 2604 enim
1771 2546 1952 2601 verbis
2004 2544 2146 2599 scri-

571 2653 744 2723 ptoris
762 2647 927 2717 utar),
950 2659 1004 2703 et
1032 2647 1288 2718 superius
1318 2644 1472 2699 lectis
1505 2641 1790 2701 insistens,
1821 2646 1876 2693 et
1898 2652 2022 2691 eum
2052 2636 2144 2705 qui

571 2741 790 2812 genitus
835 2747 920 2794 est
956 2750 1224 2809 gennetna
1272 2733 1389 2789 sive
1437 2730 1754 2802 progeniem
1804 2728 1989 2783 dicere
2039 2741 2146 2779 non

572 2846 865 2889 recusans:
890 2847 1031 2891 cum,
1055 2828 1257 2899 inquit,
1293 2825 1415 2895 ipsa
1447 2824 1636 2893 genita:
1664 2822 1932 2885 cssentiw,
1967 2829 2017 2873 et
2045 2818 2147 2887 ﬁlii

571 2924 861 2995 appet'iatia
895 2922 1054 2975 talem
1084 2917 1359 2973 nominum
1398 2915 1709 2968 relationem
1735 2912 1838 2966 sibi
1869 2911 2098 2964 nsciscat
2128 2925 2147 2962 :

2250 2950 2433 3003 φησιν,
2454 2931 2706 2995 οὐσίας,
2761 2928 2859 2981 xal
2922 2925 3034 2994 τῆς
3073 2923 3180 2982 τοῦ
3244 2923 3386 2979 viai:
3427 2918 3781 2992 προσηγορίας

575 3033 687 3087 quo
717 3013 880 3069 modo
906 3011 1049 3082 quod
1075 3008 1318 3081 genitum
1358 3015 1443 3063 est
1481 3020 1512 3060 a
1539 3012 1833 3077 generante
1861 3003 2063 3057 alienat
2094 3008 2147 3055 et

2250 3022 2365 3091 τὴν
2399 3020 2677 3086 τοιαύτην
2715 3016 2832 3071 τῶν
2876 3014 3182 3085 ὀνομάτων
3233 3011 3629 3082 οἰκειουμένης
3667 3005 3782 3076 σχέο

571 3106 841 3176 disjungit
875 3104 944 3159 ab
977 3119 1043 3157 ea
1077 3117 1197 3173 qua:
1230 3098 1537 3156 secundum
1586 3097 1887 3154 essentiam
1928 3103 2013 3152 est
2055 3109 2147 3150 ne-

2250 3128 2384 3168 σιν*
2424 3111 2540 3173 πῶς
2571 3109 2836 3180 ἀλλοτριοῖ
2858 3107 2957 3176 τῆς
2994 3106 3114 3159 κατ’
3161 3104 3359 3158 οὐσίαν
3402 3102 3701 3171 οἰκειότητος
3734 3096 3783 3149 τὸ

571 3195 944 3253 cessitudine?
985 3193 1121 3249 Nam
1171 3193 1240 3249 de
1293 3194 1378 3248 his
1429 3192 1522 3261 qui
1558 3197 1780 3262 propter
1804 3189 2035 3244 crimina
2066 3186 2147 3241 di-

2250 3202 2504 3273 γεννηθὲν
2531 3200 2623 3255 τοῦ
2648 3199 3035 3269 γεννήσαντοςς
3082 3196 3173 3248 ἐπὶ
3205 3195 3314 3265 μὲν
3340 3194 3448 3265 γὰρ
3467 3194 3569 3246 τῶν
3593 3191 3673 3246 ἐπὶ
3694 3189 3785 3273 διας

572 3296 774 3343 cuntur
804 3287 900 3340 lilii
929 3287 1010 3340 vel
1045 3294 1369 3355 geunemata
1404 3284 1518 3340 sive
1544 3283 1811 3353 germina,
1844 3281 1924 3335 vel
1958 3293 2147 3333 rursus

2250 3271 2377 3364 ϐολῇ
2401 3271 2714 3362 ἓλεγομένων
2763 3288 2893 3341 υἱῶν
2930 3287 2963 3357 ἢ
2992 3286 3379 3357 γεννημάτων,
3412 3286 3444 3356 ἢ
3478 3283 3628 3338 πάλιν
3652 3278 3725 3348 ἐφ’
3749 3271 3785 3345 ᾧ

572 3381 641 3434 tle
672 3394 740 3434 eo
777 3393 938 3448 quem
996 3376 1119 3430 laus
1172 3376 1243 3430 ob
1278 3374 1410 3427 talia
1450 3374 1675 3427 nomina
1723 3371 2147 3433 concomitatur,

2250 3381 2465 3443 ἔπαινός
2493 3398 2575 3442 τις
2608 3379 2948 3449 παρομαρτεῖ
2974 3378 3085 3437 τοῖς
3114 3374 3384 3436 τοιούτοις
3423 3372 3678 3444 ὀνόμασιν,
3706 3368 3784 3419 οὐκ

574 3485 685 3523 non
720 3468 846 3520 licet
872 3464 1076 3528 dicere,
1103 3464 1248 3532 quod
1277 3462 1403 3531 quis
1431 3476 1558 3515 vere
1592 3461 1660 3514 ab
1691 3460 1772 3513 ira
1806 3460 2021 3529 genitus
2058 3458 2147 3511 iraa

2250 3473 2394 3528 ἔστιν
2422 3471 2594 3524 εἰπεῖν
2625 3470 2707 3521 ὅτι
2736 3466 2951 3537 ἀληθῶς
2993 3483 3079 3528 τις
3120 3463 3277 3535 παρὰ
3321 3465 3417 3535 τῆς
3445 3463 3601 3533 ὀργῆς
3627 3474 3784 3528 γεννηο

576 3560 722 3615 ﬁlius
770 3557 1095 3627 appelletur.
1138 3553 1328 3624 Neque
1380 3568 1573 3608 rursus
1598 3552 1741 3606 diem
1789 3552 1912 3621 quis
1963 3550 2147 3605 habuit

2250 3564 2381 3626 θεὶς,
2430 3562 2617 3614 τέκνον
2658 3557 2828 3630 ὀργῆς
2874 3556 3349 3629 προσηγόρευται·
3411 3555 3512 3609 οὐδ’
3555 3547 3615 3606 αὖ
3656 3549 3787 3603 πάλιν

574 3649 937 3718 corporaliter
972 3660 1129 3699 suam
1162 3653 1415 3707 matrem,
1456 3643 1531 3696 ita
1569 3650 1629 3695 ut
1654 3641 1773 3710 ejus
1814 3641 1958 3694 ﬁlius
1988 3639 2147 3692 fuerit

2250 3654 2461 3724 ἡμέραν
2506 3669 2590 3715 τις
2634 3649 2958 3720 σωματικῶς
2998 3648 3155 3717 ἔσχεν
3182 3646 3388 3700 ἑαυτοῦ
3432 3645 3645 3717 μητέρα,
3671 3640 3785 3693 ὥστε

580 3740 935 3805 nominatus,
986 3736 1083 3790 sed
1141 3734 1452 3789 delectuum
1519 3730 1822 3787 diﬁ‘erentia
1879 3730 2147 3800 ejusmodi

2250 3745 2364 3808 υίὸς
2388 3743 2586 3813 ταύτης
2617 3739 2982 3812 ὀνομασθῆναι
3016 3756 3030 3769 ·
3081 3738 3195 3790 ἀλλ’
3239 3738 3279 3808 ἡ
3324 3739 3428 3790 τῶν
3462 3732 3788 3807 προαιρέσεων

579 3834 722 3904 parit
758 3831 1092 3902 cognationis
1117 3827 1361 3882 nomina.
1392 3826 1496 3879 Hic
1539 3824 1673 3879 dicit
1704 3823 2006 3880 Eunomius
2031 3863 2044 3886 ,
2064 3830 2147 3886 F5.

2250 3836 2480 3906 διαφορὰ
2505 3836 2737 3891 ποιεῖται
2774 3832 2844 3885 τὰ
2868 3830 2967 3899 τῆς
2990 3829 3243 3900 τοιαύτης
3285 3828 3595 3898 συγγενείας
3626 3823 3790 3891 ὀνόμα-

577 3926 703 3978 lium
748 3939 865 3977 cum
899 3923 969 3976 sit
1018 3922 1222 3990 genitus
1245 3958 1261 3985 ,
1305 3933 1558 3990 gennema
1580 3955 1596 3980 ,
1618 3916 1672 3971 id
1692 3922 1795 3980 est,
1820 3912 2147 3983 progeniem,

2250 3944 2337 3980 τα.
2382 3924 2648 3979 Ἐνταῦθα
2692 3923 2748 3976 δέ
2790 3938 2952 3992 φησιν
2981 3921 3009 3972 ὁ
3051 3919 3321 3990 Εὐνόμιος
3347 3934 3362 3949 ’
3401 3920 3481 3974 ὅτι
3525 3910 3791 3978 Γεννητὼ·

2249 1669 2406 1715 σεως,
2438 1650 2561 1704 οὔτε
2611 1652 2639 1703 ὁ
2672 1648 2750 1719 τῷ
2776 1645 2964 1717 ἁγαθῴ
3004 1646 3093 1699 διὰ
3128 1643 3493 1716 προαιρέσεως
3518 1640 3686 1694 ἑαυτὸν
3709 1641 3771 1691 οἰ-

2249 2221 2419 2258 μενοι.

2328 2470 2452 2526 Ἐπὶ
2491 2471 2549 2525 δέ
2596 2486 2658 2539 γε
2704 2469 2810 2523 τῶν
2857 2468 3014 2521 θείων
3056 2466 3348 2535 δογμάτων
3390 2467 3418 2519 ὁ
3460 2463 3551 2535 τὴν
3581 2459 3776 2530 φυσικὴν

2244 2564 2524 2629 διασώζων
2561 2562 2713 2629 τάξιν
2747 2559 3039 2630 Εὐνόμιοςο
3080 2560 3262 2619 αὐτοῖς
3301 2556 3409 2627 γὰρ
3433 2557 3682 2626 χρήσομαι
3700 2548 3776 2604 τοῦ

2245 2656 2585 2727 λογογράφου
2614 2656 2728 2716 τοῖς
2758 2654 2999 2723 ῥήμασι·
3044 2651 3136 2703 καὶ
3175 2652 3297 2713 τοῖς
3321 2648 3515 2703 ἄνωθεν
3543 2642 3776 2713 ἐγνωσμέ-

2246 2765 2356 2811 νοις
2410 2746 2694 2816 ἐμμένων,
2746 2744 2841 2797 καὶ
2888 2741 3141 2812 γεννητὸν
3187 2740 3324 2795 ὄντα
3363 2740 3595 2810 γέννημα
3631 2734 3779 2805 λέγειν

2247 2841 2306 2894 οὐ
2346 2837 2773 2909 παραιτούμενος
2804 2854 2818 2867 ·
2890 2839 3001 2908 τῆς
3042 2834 3442 2903 τεννηθείσης
3478 2828 3669 2897 αὐτῆς,
3717 2823 3781 2887 ὥς

577 4015 748 4068 dicere
778 4030 880 4067 non
914 4028 1238 4076 recusamus,
1260 4012 1531 4081 quoniam,
1557 4008 1751 4076 ittquit,
1775 4006 1949 4075 genita
1971 4021 2147 4057 esseu-

581 4107 655 4160 tia
695 4115 743 4160 et
791 4105 891 4173 ﬁlii
935 4102 1219 4173 appellatio
1274 4101 1436 4154 talem
1489 4100 1764 4154 nominum
1819 4096 2146 4166 a/fectionem

578 4199 685 4251 sive
716 4196 1025 4251 relationem
1054 4195 1155 4249 sibi
1181 4195 1444 4249 conciliet.
1496 4189 1553 4246 Si
1595 4190 1780 4260 igitur,
1813 4188 1939 4258 quia
2002 4184 2145 4240 ﬁlius

580 4290 652 4345 sit
686 4304 813 4344 vere
853 4302 1116 4358 gcnnema
1133 4285 1464 4361 (progenies)
1522 4282 1815 4338 conﬁtetur
1842 4281 2004 4338 talem
2046 4295 2149 4335 no-

580 4379 787 4433 minum
831 4377 936 4432 sibi
968 4376 1242 4430 asciscere
1277 4376 1641 4441 relationem;
1673 4383 1952 4444 quomodo
1987 4372 2151 4427 habet

2251 4018 2396 4070 ὄντα
2432 4015 2538 4070 τὸν
2558 4015 2692 4070 υΙόν
2716 4012 2975 4083 γέννημα
3010 4010 3214 4080 λέγειν
3239 4013 3321 4064 οὐ
3357 4006 3789 4078 παραιτούμεθα·

2249 4107 2361 4176 τῆς
2407 4107 2833 4178 γεννηθείσης,
2897 4102 3061 4173 φησὶν
3087 4143 3100 4164 ,
3147 4102 3372 4167 οὐσίας
3423 4099 3518 4153 καὶ
3568 4094 3665 4162 τῆς
3707 4088 3790 4145 τοῦ

2251 4200 2386 4256 υιοῦ
2424 4200 2829 4269 προσηγορίας
2878 4196 2992 4264 τὴν
3029 4195 3318 4255 τοιαύτην
3362 4191 3482 4261 τῶν
3526 4185 3793 4257 ὀνομάτων

2251 4292 2475 4361 σχέσιν
2519 4290 2950 4359 οικειουμένης.
3003 4288 3064 4340 Εἰ
3108 4282 3201 4340 οὖν
3233 4286 3328 4339 διὰ
3361 4287 3423 4339 τὸ
3457 4281 3659 4353 ἀληθῶς
3691 4275 3792 4345 γέν-

2250 4402 2401 4454 νημα
2433 4378 2571 4436 εἶναι
2602 4381 2692 4434 τὸν
2726 4380 2840 4433 υίδν
2881 4378 3131 4449 ὁμολογεῖ
3168 4377 3267 4447 τὴν
3299 4375 3553 4442 τοιαύτην
3582 4372 3679 4425 τῶν
3702 4369 3794 4454 ὀνο-

582 4468 926 4522 occasionem
947 4468 1112 4522 talem
1134 4463 1417 4520 nominum
1435 4479 1657 4519 causam
1678 4464 2147 4529 accommodandi,

2256 4453 2440 4545 μάτων
2465 4467 2794 4525 οἰκειοῦσθαι
2821 4467 3025 4537 σχέσιν,
3062 4465 3175 4529 πῶς
3205 4464 3320 4535 ἔχει
3366 4463 3559 4533 καιρὸν
3582 4453 3791 4545 ὲφαρμὸί

579 4567 634 4613 οι
656 4557 740 4612 his
769 4572 891 4624 quae
915 4573 1010 4628 per
1040 4555 1450 4611 translationem
1481 4560 1535 4608 et
1582 4554 1813 4608 abusum
1862 4555 2144 4618 dicuntur,

577 4656 632 4705 ct
664 4649 750 4704 his
781 4648 981 4719 quibus
1006 4646 1272 4702 naturalis
1300 4644 1540 4711 aﬁ'ectio,
1581 4644 1696 4699 sive
1728 4646 1953 4710 relatio,
2005 4646 2170 4701 sicut'

580 4741 657 4795 ait
687 4740 1009 4801 Eunomius,
1035 4739 1199 4794 talem
1233 4737 1487 4793 conciliat
1518 4738 2012 4806 nuncupationem?
2035 4737 2147 4793 lloc

581 4832 745 4903 igitur
774 4845 961 4886 verum
990 4837 1075 4885 est
1109 4829 1163 4884 in
1205 4829 1272 4883 iis
1298 4828 1435 4884 solis
1462 4827 1663 4898 quibus
1692 4838 1777 4883 est
1811 4828 2037 4884 conﬁnis
2079 4829 2147 4884 ad

580 4924 829 4978 virtutem
874 4931 929 4976 et
983 4920 1174 4974 vitium
1229 4927 1423 4974 natura
1455 4957 1471 4984 ,
1518 4918 1572 4973 in
1621 4919 1820 4989 quibus
1852 4934 1994 4989 saepe
2023 4922 2147 4991 quis

580 5014 856 5071 contraria
892 5011 1126 5068 assumit
1163 5009 1407 5072 nomina.
1432 5012 1592 5068 modo
1612 5011 1774 5080 lucis,
1810 5012 1973 5066 modo
2016 5028 2146 5067 vero

583 5107 952 5167 tenebrarum,
995 5102 1172 5158 factus
1213 5101 1377 5167 ﬁlius,
1401 5108 1625 5171 propter
1656 5117 1773 5155 eam
1796 5117 1958 5172 quam
1985 5101 2147 5156 habt

580 5213 704 5251 cum
746 5196 976 5251 honesto
1002 5194 1084 5250 vel
1119 5184 1400 5250 contrario
1429 5192 1741 5247 aﬁinitatem
1773 5201 1826 5249 et
1862 5196 2147 5265 cognatio-

581 5303 727 5342 nem.
763 5286 868 5342 Ubi
891 5302 1020 5342 vero
1053 5285 1417 5342 contrarietas
1450 5284 1628 5339 locmn
1670 5298 1780 5340 non
1811 5285 1991 5348 habet,
2026 5287 2148 5341 nul-

581 5378 665 5433 lus
717 5378 951 5447 amplius
1001 5378 1094 5432 ﬁlii
1145 5391 1334 5433 vocem
1387 5391 1451 5431 ex
1485 5378 1845 5434 translatione
1882 5378 2148 5434 celebrari

577 5470 746 5531 dicat,
771 5467 1146 5529 instareorum
1172 5474 1266 5543 qui
1297 5488 1366 5528 ex
1400 5471 1654 5529 instituto
1686 5482 1740 5529 et
1764 5475 1975 5532 delectu
2009 5475 2149 5530 hanc

576 5558 682 5616 sibi
715 5560 1128 5629 appellationem
1162 5563 1480 5620 conciliant.
1519 5564 1636 5620 Non
1671 5567 1817 5622 enim
1844 5568 2034 5625 eadem
2061 5576 2145 5625 est

660 5729 703 5760 “
738 5731 756 5788 l
791 5730 926 5804 Reg.
962 5749 1021 5799 ιι,
1051 5734 1142 5793 22.
1220 5737 1261 5770 ’τ
1294 5736 1468 5812 lﬂeg.
1495 5757 1533 5806 ι,
1567 5740 1649 5797 ιθ.

2253 4564 2367 4630 ζειν
2392 4563 2491 4631 τὴν
2514 4560 2768 4630 τοιαύτην
2799 4560 2907 4611 τῶν
2934 4558 3215 4628 ὀνομάτων
3246 4555 3431 4610 αἰτίαν
3459 4556 3568 4616 τοῖς
3597 4567 3652 4604 τε
3676 4543 3795 4600 κατὰ

2256 4652 2589 4728 μεταφορὰν,
2630 4653 2694 4705 ὲκ
2739 4642 3129 4721 καταχρήσεως
3173 4647 3509 4718 λεγομένοις,
3540 4643 3631 4697 καὶ
3669 4633 3790 4728 οἷςᾲή

2254 4725 2457 4815 φυσικὴ
2500 4742 2703 4813 σχέσις.
2737 4740 2917 4804 καθώς
2945 4757 3109 4810 φησιν
3133 4741 3162 4793 ὁ
3198 4739 3482 4810 Εὑνόμιος,
3519 4735 3612 4806 τὴν
3637 4725 3796 4784 τοιαύο

2252 4854 2352 4907 την
2383 4834 2676 4889 οἰκειοῦται
2706 4833 2923 4904 κλῆσινς
2970 4830 3179 4886 Οὐκοῦν
3206 4832 3299 4885 ἐπὶ
3332 4831 3510 4901 μόνων
3540 4822 3720 4895 ἀληθὲς
3746 4815 3795 4869 τδ

2247 4926 2486 4981 τοιοῦτόν
2520 4928 2686 4991 ἐστιν,
2717 4920 2797 4988 οἷς
2829 4925 3076 4996 μεθόριος
3114 4923 3251 4994 πρὸς
3286 4922 3490 4994 ἀρετήν
3515 4936 3571 4972 τε
3603 4916 3689 4971 καὶ
3711 4928 3792 4966 κα·

2250 5020 2372 5072 κίαν
2406 5021 2439 5090 ἡ
2466 5018 2625 5085 φύσις
2648 5034 2664 5050 ’
2711 5017 2795 5085 ἐφ’
2824 5009 2899 5069 ὧν
2923 5014 3181 5079 πολλάκις
3203 5013 3273 5067 τὰ
3297 5012 3517 5067 ἐναντία
3546 5026 3625 5070 τις
3655 5018 3794 5075 μετα-

2250 5108 2515 5178 λαμϐάνει
2559 5106 2668 5161 τῶν
2708 5105 3008 5176 ὀνομάτων,
3049 5103 3144 5157 νῦν
3192 5103 3289 5174 μὲν
3337 5102 3533 5169 φωτὸς,
3574 5096 3721 5152 πάλιν
3747 5090 3794 5142 δὲ

2253 5201 2494 5265 σκότους,
2541 5198 2629 5253 διὰ
2669 5198 2765 5269 τῆς
2799 5197 2933 5269 πρὸς
2962 5197 3022 5250 τὸ
3062 5195 3225 5250 καλὸν
3266 5195 3297 5265 ἢ
3332 5194 3471 5265 πρὸς
3499 5193 3559 5245 τὸ
3587 5182 3797 5242 ἐναντίον

2250 5289 2596 5353 οἰκειιῦσεως,
2624 5290 2809 5342 τέκνον
2840 5288 3139 5359 γινόμενος.
3183 5288 3356 5342 Ὅπου
3397 5285 3453 5339 δὲ
3485 5284 3543 5337 τὸ
3587 5273 3794 5335 ἐναντίον

2252 5381 2434 5454 χώραν
2458 5380 2557 5434 οὐκ
2585 5380 2716 5451 ἔχει,
2744 5379 2919 5434 οὐκέτ’
2949 5380 3016 5434 ἄν
3044 5397 3127 5443 τις
3154 5377 3248 5431 τοῦ
3280 5376 3399 5429 υίοῦ
3426 5375 3523 5445 τὴν
3552 5367 3716 5440 φωνὴν
3740 5366 3795 5415 ὲκ

2257 5474 2568 5543 μεταφορᾶς
2600 5472 3024 5542 ἐπιφημίζεσθαι
3055 5470 3224 5540 λέγοι,
3252 5467 3374 5524 καθ’
3400 5465 3683 5537 ὁμοιότητα
3702 5454 3796 5510 τῶν

2251 5566 2339 5620 διὰ
2366 5564 2731 5637 προαιρέσεως
2759 5563 3138 5635 οἰκειουμένων
3158 5561 3255 5633 τὴν
3285 5558 3500 5630 κλῆσιν.
3526 5554 3599 5610 Οὐ
3623 5551 3720 5621 γὰρ
3742 5544 3795 5598 ἂν
