3992 6210
258 234 361 291 6M

1384 236 1663 294 CONTRA
1692 238 2084 303 EUNOMIUM,
2123 239 2252 300 LIB.
2288 240 2375 297 lll.

3396 247 3498 303 610

253 352 337 412 εἰς
370 347 727 403 τοῦτονέλοοι
758 349 848 403 τὸν
876 350 1054 419 λόγον.
1080 351 1161 404 ὅτι
1185 351 1372 424 ὥσπερ
1403 353 1687 426 ἄνθρωπος
1705 356 1821 410 ἀποι

1936 359 2097 421 ratio,
2136 359 2280 429 quod
2325 357 2783 429 quemadmodum
2836 359 2995 412 homo
3025 372 3117 429 qut
3152 358 3495 414 tenebrarum

251 440 478 511 θέμενος
523 439 593 493 τά
638 440 775 512 ἔργα
816 441 910 494 τοῦ
958 442 1205 506 σκότους,
1251 443 1338 496 διὰ
1367 443 1466 514 τῆς
1499 447 1830 517 εὐσχήμονος

251 530 402 599 ζωῆς
449 532 628 600 φωτὸς
658 532 866 601 γίνεται
897 534 1087 588 τέκνον
1112 551 1126 565 ·
1174 534 1316 589 οὕτω
1347 537 1440 590 καὶ
1475 538 1504 590 ὁ
1540 537 1832 606 μονογενὴς

252 621 403 685 Θεὸς,
435 623 499 675 ἐκ
532 624 836 695 μεταϐολῆς
861 625 925 678 ἐκ
959 625 1053 678 τοῦ
1087 627 1324 698 χείρονος
1362 628 1746 699 ἀντιλαμϐάνει
1769 629 1831 682 τὸ

254 715 667 785 προτιμότερον.
717 716 1033 787 Ἀνθρωπος
1079 720 1186 791 γάρ
1232 737 1316 783 τις
1365 719 1480 783 ὢν,
1528 722 1639 786 υίὸς
1693 720 1826 774 Θεοῦ

248 805 496 871 γίνεται,
548 807 635 861 διὰ
687 808 789 879 τῆς
832 812 1202 881 πνευματικῆς
1247 814 1552 883 γεννήσεως
1611 812 1829 885 Χριστῷ

247 896 657 965 συναπτόμενος
686 914 701 927 ⁸
749 899 778 951 ό
820 899 878 953 δὲ
924 900 1015 954 τὸν
1060 900 1343 972 ἄνθρωπον
1383 903 1451 956 δι’
1484 903 1648 960 αὐτοῦ
1694 903 1827 957 Θεοῦ

248 986 362 1038 υἱὸν
392 987 583 1050 ποιῶν,
618 988 780 1053 αὐτὸς
806 989 968 1043 ἄλλον
1013 990 1128 1044 υἱοῦ
1168 991 1263 1044 τοῦ
1296 993 1828 1064 χαριζομένουάὐτῷ

246 1075 345 1147 τὴν
394 1076 668 1131 υἱοθεσίαν
718 1079 813 1133 οὐκ
862 1081 1152 1144 ἐπιδέεται,
1197 1083 1311 1136 ἀλλ’
1345 1086 1484 1155 ὅπερ
1529 1087 1645 1139 ἐστὶ
1688 1087 1828 1140 κατὰ

244 1167 409 1235 φύσιν
441 1169 533 1221 καὶ
561 1169 904 1239 ὀνομάζεται.
959 1172 1278 1243 ’Ἄνθρωπος
1310 1176 1406 1245 μὲν
1435 1176 1597 1239 αὐτὸς
1635 1177 1827 1231 ἑαυτὸν

241 1258 485 1328 ἀμείϐει,
513 1260 608 1314 τοῦ
638 1261 865 1315 παλαιοῦ
892 1262 984 1316 τὸν
1013 1263 1130 1317 νέον
1155 1265 1667 1337 ἀπαλλασσόμενος.
1696 1268 1827 1332 Θεὸς

242 1348 321 1406 δὲ,
356 1350 439 1411 είς
467 1348 521 1401 τί
553 1350 940 1423 ἀλλαγήσεται,
979 1351 1121 1407 ὥστε
1162 1353 1191 1406 ὃ
1226 1356 1301 1426 μὴ
1338 1355 1452 1425 ἔχει
1479 1358 1827 1429 προσκτήσα-

243 1438 411 1502 σθαι;
461 1439 779 1511 Ἀνθρωπος
823 1442 923 1512 μὲν
955 1443 1144 1497 ἑαυτὸν
1194 1445 1637 1516 ἀπεκδυσάμενος
1660 1486 1675 1510 ,
1726 1447 1825 1518 τὴν

240 1535 395 1590 θείαν
430 1536 744 1593 ὲπενδύεται
771 1538 950 1608 φύσιν.
995 1537 1052 1593 ’0
1081 1539 1137 1592 δὲ
1170 1540 1259 1593 ἀεὶ
1282 1538 1542 1601 ὡσαύτως
1583 1538 1742 1609 ἔχων,
1772 1539 1824 1592 τί

234 1629 582 1693 ἀποτίθεται,
612 1629 646 1701 ἢ
683 1631 735 1684 τί
766 1631 1184 1701 περιϐάλλεται;
1218 1630 1537 1701 Ἄνθρωπος
1579 1632 1678 1700 μὲν
1708 1630 1825 1694 υίὸς

1930 462 2096 517 opera
2158 450 2431 518 deposuit,
2456 460 2555 515 per
2599 449 2881 503 honestam
2934 451 3103 503 vitam
3162 450 3299 506 lucis
3355 451 3500 508 illius

1929 539 2201 609 gignitur,
2244 538 2323 594 sic
2357 542 2519 592 etiam
2555 541 2870 610 nnigenitus
2906 539 3069 599 Deus.
3104 556 3167 596 ex
3195 543 3501 597 mutatione

1930 627 2241 691 adeteriori
2272 626 2417 696 quod
2465 626 2839 683 honorabilius
2885 641 2967 683 est
3013 630 3233 698 accipit.
3283 629 3496 684 Etenim

1930 716 2128 783 aliquis
2157 732 2279 771 cum
2312 718 2381 773 sit
2412 718 2595 779 homo,
2635 719 2777 772 tilius
2814 718 2905 773 Dei
2941 717 3215 784 efﬁcitur,
3243 735 3367 773 eum
3400 734 3492 788 per

1929 808 2229 877 Spiritalem
2263 809 2668 878 generationem
2714 809 2930 864 Christo
2969 811 3338 879 conjungitur.
3392 811 3497 877 Qui

1929 905 2111 951 autem
2148 897 2423 953 hominem
2460 914 2557 968 per
2582 899 2824 968 seipsum
2844 897 2936 953 Dei
2969 899 3137 953 lilium
3172 898 3359 959 cfticit.
3384 903 3500 971 ipse

1928 970 2174 1042 alio'tilio
2196 989 2288 1057 qui
2320 988 2367 1043 ei
2390 990 2734 1057 adoptionem
2766 988 3105 1058 gratiﬁcetur
3132 1004 3239 1043 non
3272 970 3497 1060 indiget.

1929 1080 2027 1136 scd
2058 1080 2205 1149 quod
2241 1090 2326 1136 est
2357 1081 2657 1136 secundum
2692 1089 2968 1143 naturam,
3006 1080 3109 1134 hoc
3138 1081 3300 1135 etiam
3326 1081 3498 1135 nomi-

1927 1180 2113 1226 natur.
2150 1172 2270 1242 lpse
2312 1172 2532 1243 quidem
2585 1174 2749 1228 homo
2791 1172 3034 1243 seipsnm
3080 1173 3366 1235 immutat,
3399 1186 3500 1242 pro

1925 1271 2108 1318 vetere
2133 1278 2333 1319 novum
2366 1264 2671 1319 vindicans.
2714 1262 2860 1318 Deus
2899 1274 3096 1319 autem.
3113 1263 3176 1316 ad
3213 1263 3341 1332 quid
3376 1279 3467 1318 mu

1927 1354 2171 1419 labitur,
2211 1355 2285 1410 ita
2338 1366 2396 1411 ut
2439 1356 2585 1427 quod
2632 1371 2741 1410 non
2790 1356 2952 1409 habet
3005 1355 3289 1424 acquirat?
3324 1354 3497 1409 llome

1925 1445 2145 1515 quidem
2186 1447 2428 1517 seipsum
2469 1463 2678 1502 exuens
2708 1447 2949 1501 divinam
2987 1447 3164 1500 induit
3195 1455 3448 1503 naturam
3485 1466 3491 1475 '

1923 1537 2017 1606 qui
2054 1552 2184 1592 vero
2213 1553 2428 1608 semper
2474 1538 2664 1594 eodem
2697 1536 2861 1591 modo
2894 1552 2954 1591 se
2983 1537 3145 1591 habet
3166 1536 3296 1606 quid
3332 1535 3490 1606 depo-

1925 1629 2026 1691 nit,
2064 1629 2145 1683 vcl
2173 1629 2584 1685 circumvestit?
2619 1628 2793 1683 Homo
2822 1627 3041 1696 quidem
3076 1627 3168 1680 Dei
3207 1627 3351 1682 (ilius
3380 1627 3498 1682 elli-

232 1719 376 1773 Θεοῦ
406 1720 616 1789 γίνεται
652 1722 969 1793 προσλαϐὼν
1000 1723 1035 1778 ἂ
1061 1724 1160 1776 οὐκ
1188 1722 1321 1793 ἔχει,
1350 1723 1444 1775 καὶ
1469 1721 1758 1776 ἀποϐαλὼν
1788 1722 1821 1776 ἃ

1925 1721 2088 1785 citur,
2125 1735 2414 1774 assumens
2449 1735 2570 1788 quae
2611 1734 2720 1773 non
2760 1719 2944 1780 habet,
2978 1725 3180 1786 etquae
3208 1716 3372 1771 habet
3401 1715 3492 1770 ab-

230 1809 374 1878 ἔχει.
418 1808 479 1863 ὐ
503 1808 563 1862 δὲ
589 1810 857 1881 μηδέποτε
886 1810 1125 1880 γεγονὼς
1154 1813 1211 1864 ὲν
1238 1811 1422 1881 κακίᾳ,
1453 1810 1576 1864 οὔτε
1605 1812 1634 1864 ὃ
1657 1811 1819 1883 λάϐῃ,

229 1903 364 1955 οὔτε
412 1903 443 1956 ὅ
485 1904 762 1976 καταλίπῃ
817 1904 951 1975 ἔχει.
1008 1905 1176 1959 Πάλιν
1206 1907 1234 1958 ό
1275 1904 1558 1975 ἀιθρωπος
1603 1904 1823 1958 δύναται

230 1994 315 2064 πῆ
368 1994 470 2064 μὲν
506 1994 720 2065 ἀληθῶς
755 2012 903 2058 τινος
935 1996 1048 2061 υἱὸς
1084 1995 1355 2064 λέγεσθαι,
1385 1997 1516 2049 ὅταν
1558 1995 1693 2065 πρὸς
1725 1997 1823 2066 τὴν

228 2085 403 2153 ςύσιν
448 2084 663 2154 βλέπων
704 2104 788 2150 τις
834 2087 1022 2155 λέγει,
1077 2088 1150 2156 πῆ
1199 2087 1256 2141 δὲ
1301 2089 1365 2140 ἐκ
1411 2089 1819 2158 καταχρήσεως,

228 2179 370 2231 ὅταν
400 2180 436 2248 ἠ
463 2180 557 2232 τοῦ
586 2179 701 2249 βίου
731 2179 1049 2250 προαίρεσις
1076 2179 1306 2249 ἐπιϐάλῃ
1349 2179 1413 2231 τὸ
1436 2179 1629 2247 ὄνομα.
1679 2179 1737 2230 '0
1764 2177 1821 2230 δὲ

230 2270 394 2333 Θεὸς,
432 2270 491 2323 ἓν
522 2270 599 2323 ὧν
642 2270 866 2339 ἀγαθὸν,
918 2272 976 2324 ἑν
1024 2270 1165 2341 ἁπλῇ
1215 2287 1271 2322 τε
1305 2271 1397 2323 καὶ
1447 2270 1722 2341 ἀσυνθέτῳ
1755 2271 1820 2340 τῇ

226 2361 420 2431 ςῦσει,
466 2362 696 2415 πάντοτε
742 2362 879 2433 πρὸς
925 2361 987 2415 τὸ
1034 2362 1166 2415 αὐτὸ
1210 2360 1417 2431 βλέπει,
1449 2360 1542 2415 κα)⁸
1566 2360 1821 2415 οὐδέποτε

226 2454 357 2511 ταῖς
383 2451 489 2521 τῆς
517 2452 889 2524 προαιρέσεως
917 2454 1115 2524 ὁρμαῖς
1152 2451 1566 2522 μεταϐάλλεται,
1595 2451 1710 2504 ἀλλ’
1736 2450 1823 2503 ἀεὶ

226 2546 330 2598 καὶ
360 2544 612 2615 βούλεται
638 2547 776 2617 ὅπερ
811 2546 978 2608 ἐστὶν,
1012 2546 1106 2599 καὶ
1130 2548 1159 2599 ὃ
1183 2548 1298 2599 ἐστι
1324 2545 1542 2609 πάντως
1571 2546 1667 2598 καὶ
1697 2543 1820 2615 βού-

226 2636 410 2691 λεται.
460 2638 627 2690 Ὥστε
669 2636 736 2690 δι’
769 2639 1091 2709 ἀμφοτέρων
1122 2634 1252 2701 Υἱὸς
1295 2636 1430 2691 Θεοῦ
1481 2638 1684 2703 κυρίως
1728 2636 1822 2690 καὶ

226 2726 459 2795 ἀληθῶς
485 2725 880 2797 ὀνομάζεσθαιο
932 2727 1031 2797 τῆς
1062 2743 1123 2779 τε
1183 2727 1395 2796 φύσεως
1440 2728 1496 2779 ἐν
1546 2727 1712 2796 ἑαντῇ
1761 2725 1821 2778 τὸ

225 2816 443 2886 ἀγαθὸν
471 2818 723 2889 ἐχούσης,
772 2818 872 2888 τῆς
917 2836 975 2872 τε
1023 2818 1393 2890 προαιρέσεως
1438 2805 1538 2871 οὐκ
1571 2818 1823 2888 ἀπερρω-

225 2910 398 2976 γυιας
438 2908 536 2962 τοῦ
585 2909 911 2980 κρείττονος.
968 2910 1057 2974 Ὠς
1095 2910 1170 2980 μὴ
1216 2910 1281 2963 ἂν
1322 2911 1387 2962 ἐκ
1429 2909 1821 2978 καταχρήσεως

226 3000 390 3071 αὐτῷ
437 3002 541 3072 τὴν
574 3001 758 3072 φωνὴν
809 3002 1012 3072 ταύτην
1057 3001 1433 3073 ἐπικληθῆναι.
1483 3000 1690 3055 Οὐκοῦν
1731 3000 1821 3053 οῦ-

225 3093 431 3163 δεμίαν
465 3091 578 3163 ἔχει
608 3091 815 3164 χώραν,
846 3095 989 3166 ειπερ
1017 3095 1081 3147 ὲκ
1107 3092 1398 3165 προσώπου
1426 3092 1535 3147 τῶν
1565 3089 1821 3146 ἐναντίων

227 3186 465 3247 ἑαυτοῖς-
495 3183 876 3255 ἀντεθήκαμεν
898 3223 913 3245 ,
962 3185 1135 3239 ταῦτα
1150 3183 1243 3237 ἐπὶ
1259 3182 1445 3254 γραφῇ
1550 3184 1650 3253 τῆς
1680 3183 1823 3235 κατά

230 3275 396 3345 quia“;
420 3275 754 3345 οἰκειότητος
791 3274 944 3347 παρά
974 3274 1084 3328 τῶν
1128 3273 1385 3327 ἐναντίων
1430 3273 1816 3345 προφέρεσθαι.

307 3365 459 3427 Ἀλλ’
515 3367 617 3420 οὐκ
670 3360 766 3420 οἷδ’
825 3366 971 3429 ὅπως
1029 3366 1061 3438 ἢ
1123 3365 1256 3419 διότι
1298 3364 1582 3434 μισοῦντές
1619 3381 1680 3418 τε
1730 3365 1821 3417 καὶ

231 3458 707 3529 ἀποστρεφόμενοι
733 3456 831 3529 τὴν
860 3458 1136 3528 ἀλήθειαν,
1171 3458 1286 3511 υἱὸν
1316 3459 1413 3526 μὲν
1441 3457 1603 3511 αὐτὸν
1624 3456 1821 3528 ὀνομά-

234 3552 440 3615 ζουσιν,
480 3549 562 3613 ὡς
607 3546 654 3603 δ’
701 3548 766 3603 ἂν
813 3550 973 3621 μὴτὸ
1016 3550 1132 3603 κατ’
1178 3551 1367 3604 οὐσίαν
1396 3548 1573 3603 κοινὸν
1602 3549 1691 3603 διὰ
1722 3549 1820 3618 τῆς

233 3645 420 3712 ςνωνῆς
456 3640 666 3711 ταύτης
699 3641 1093 3713 μαρτυρηθείη,
1131 3641 1231 3710 τῆς
1254 3641 1580 3711 ἐγκειμένης
1602 3640 1680 3710 τῷ
1701 3640 1820 3693 ὀνό-

237 3751 363 3801 ματι
390 3733 676 3803 σημασίας
702 3732 802 3803 τὴν
831 3733 1012 3802 φωνὴν
1043 3732 1399 3804 χωρίσαντες,
1430 3730 1584 3785 κενὸν
1614 3730 1676 3783 τὸ
1699 3731 1818 3784 ὅνο-

235 3846 310 3897 μα
339 3827 436 3881 τοῦ
471 3826 592 3880 υίοῦ
638 3827 732 3880 καὶ
780 3828 1091 3899 ἀσήμαντον
1121 3827 1200 3898 τῷ
1240 3828 1532 3894 Μονογενεὶ
1566 3825 1818 3881 καταλεί-

232 3936 419 3985 πουσι,
452 3918 619 3989 μόνον
646 3918 793 3987 αὐτῷ
811 3918 902 3971 τὸν
929 3917 1097 3988 ψόφον
1121 3919 1220 3989 τῆς
1244 3918 1426 3989 φωνῆς
1450 3916 1816 3988 χαριζόμενοι.

231 4012 339 4064 Καὶ
378 4011 467 4064 ὃτι
500 4008 677 4063 ταῦτα
705 4009 880 4080 ἀληθῆ
907 4009 1073 4077 λέγω,
1123 4009 1218 4062 καὶ
1244 4009 1305 4062 οὐ
1337 4007 1819 4079 παραστοχάζομαι

229 4100 325 4155 τοῦ
353 4099 569 4155 σκοποῦ
588 4098 698 4153 τῶν
722 4099 1078 4162 ὑπεναντίων,
1102 4098 1352 4170 φανερῶς
1382 4097 1526 4150 ἐστιν
1553 4095 1612 4161 ἐξ
1641 4096 1820 4150 αὐτῶν

228 4187 303 4246 ὧν
324 4191 780 4263 κατεπιχειροῦσι
798 4192 899 4262 τῆς
929 4191 1186 4262 ἀληθείας
1215 4189 1423 4261 μαθεῖν.
1458 4188 1693 4242 Τοιαῦτα
1711 4188 1819 4260 γάρ

230 4287 380 4338 ἐστιν
412 4283 451 4338 ἃ
482 4281 615 4353 παρ’
646 4281 826 4336 αὐτῶν
871 4282 965 4335 ἐπὶ
993 4282 1305 4350 κατασκευῇ
1343 4280 1441 4350 τῆς
1475 4278 1819 4349 βλασφημίας

1920 1810 2157 1881 jiciens:
2185 1812 2276 1880 qui
2302 1821 2481 1866 autem
2503 1812 2652 1865 omni
2686 1826 2898 1879 semper
2928 1809 3107 1862 caruit
3136 1809 3292 1871 vitio,
3319 1822 3496 1877 neque

1924 1902 2068 1972 quod
2108 1904 2290 1971 capiat
2325 1902 2507 1962 habet,
2544 1917 2719 1971 neque
2747 1900 2893 1970 quod
2933 1901 3227 1969 relinquat.
3282 1900 3497 1957 Rursus

1925 1992 2090 2047 homo
2120 2002 2303 2063 potest
2338 1992 2541 2063 partim
2576 2006 2704 2046 vere
2736 1991 2841 2044 diei
2882 1991 3026 2043 illius
3062 1990 3331 2059 alicujus,
3367 2005 3493 2044 cum

1925 2084 1992 2138 ad
2017 2093 2273 2138 naturam
2307 2084 2608 2153 respiciens
2638 2084 2763 2154 quis
2791 2082 2946 2145 dicit,
2975 2083 3169 2151 partim
3197 2099 3260 2137 ex
3293 2084 3494 2149 abusu,

1922 2191 2045 2229 cum
2075 2177 2199 2230 vita:
2228 2176 2535 2230 institutum
2567 2176 2615 2229 ei
2651 2189 2851 2229 nomen
2885 2174 3166 2243 imposuit.
3211 2172 3353 2228 Dens
3397 2189 3497 2227 an-

1925 2275 2031 2323 tem
2060 2268 2152 2338 qui
2175 2278 2258 2323 est
2277 2284 2443 2322 unum
2473 2268 2673 2322 bonum
2708 2268 2761 2321 in
2791 2266 3025 2336 simplici
3051 2273 3105 2320 et
3134 2267 3495 2336 incomposita

1923 2362 2140 2423 natura,
2172 2370 2388 2425 semper
2409 2355 2475 2409 ad
2506 2358 2647 2410 idem
2695 2357 2973 2421 intuetur,
3022 2371 3201 2425 neque
3252 2372 3495 2425 unquam

1922 2449 2189 2519 propositi
2230 2448 2651 2518 impulsionihus
2681 2456 3084 2512 commutatur,
3150 2449 3244 2504 sed
3281 2464 3498 2518 semper

1922 2541 2040 2597 vult
2074 2542 2124 2595 id
2158 2540 2304 2611 quod
2342 2547 2448 2601 est,
2481 2548 2536 2594 et
2573 2539 2719 2609 quod
2748 2528 2834 2594 est
2864 2541 3091 2593 omnino
3132 2542 3296 2595 etiam
3330 2543 3443 2594 vult
3477 2559 3492 2595 :

1923 2634 1999 2688 ita
2040 2641 2100 2687 ut
2140 2649 2238 2704 per
2272 2645 2503 2703 utraque
2550 2634 2771 2704 proprie
2817 2641 2871 2687 et
2908 2647 3035 2687 vere
3076 2633 3177 2688 Dei'
3198 2629 3369 2686 Filius
3412 2634 3494 2687 sic

1921 2726 2259 2789 nominetur,
2309 2739 2435 2779 cum
2480 2732 2534 2780 et
2581 2725 2702 2793 ejus
2748 2735 2941 2777 natura
2976 2723 3029 2777 in
3064 2725 3240 2792 seipsa
3293 2725 3493 2777 homnn

1922 2816 2143 2880 habeat,
2180 2825 2292 2870 tum
2326 2815 2473 2886 quod
2508 2816 2628 2884 ejus
2656 2816 2909 2869 voluntas
2930 2814 3000 2868 ab
3030 2830 3093 2869 eo
3124 2815 3267 2884 quod
3301 2814 3496 2869 melius

1920 2914 2025 2969 est,
2060 2921 2340 2976 nunquam
2375 2906 2549 2976 possit
2595 2906 2867 2975 abrumpi.
2914 2904 3098 2974 Itaque
3134 2919 3236 2958 vox
3281 2904 3396 2958 haec
3428 2905 3497 2959 de

1923 2998 2044 3067 ipso
2090 3013 2199 3052 non
2249 3013 2314 3052 ex
2360 2997 2535 3052 abusu
2595 2998 3002 3067 pronuntietur.
3057 2994 3278 3049 Nullum
3328 2995 3496 3064 igitur

1925 3088 2126 3142 habent
2154 3089 2333 3142 locum
2360 3102 2482 3158 quae
2504 3103 2569 3141 ex
2601 3103 2835 3157 persona
2864 3088 3302 3142 adversariorum
3336 3086 3495 3141 nobis

1922 3180 2060 3249 ipsis
2105 3180 2491 3251 Opposuimus,
2527 3189 2586 3232 ut
2637 3182 2751 3233 haec
2802 3179 2871 3233 ab
2902 3178 3232 3233 adversariis
3281 3193 3311 3232 e
3358 3178 3497 3232 scri-

1921 3281 2079 3345 ptura
2108 3274 2456 3345 cognationis
2487 3273 2789 3328 secundum
2841 3283 3091 3325 naturam
3122 3273 3491 3342 proferantur.

1993 3366 2098 3421 Sed
2144 3366 2329 3420 nescio
2364 3365 2637 3435 quomodo
2689 3364 2770 3419 vel
2822 3363 3178 3433 quamobrem
3229 3363 3354 3418 odio
3392 3364 3494 3417 ha~

1920 3459 2134 3521 bentes,
2187 3458 2271 3513 vel
2323 3466 2639 3512 aversantes
2694 3456 3000 3519 veritatem,
3063 3455 3229 3508 litium
3275 3455 3493 3524 quidem

1921 3551 2100 3621 ipsum
2141 3550 2450 3611 nominaut,
2497 3565 2566 3604 ne
2598 3563 2728 3602 vero
2762 3547 2905 3617 quod
2964 3555 3018 3601 et
3045 3546 3369 3602 .secundum
3405 3562 3495 3601 es-

1921 3642 2152 3698 sentiam
2190 3656 2479 3696 commnne
2532 3649 2617 3696 est
2671 3654 2768 3710 per
2806 3640 2948 3692 hanc
2998 3652 3185 3717 vocem
3232 3645 3491 3692 testatum

1919 3720 2086 3799 esset,
2121 3734 2191 3788 ab
2226 3733 2480 3803 imposita
2527 3733 2731 3786 nomini
2779 3730 3145 3800 signiﬁcantia
3181 3743 3368 3782 vocem
3407 3743 3495 3783 se-

1919 3831 2200 3894 parantes,
2262 3823 2426 3877 inane
2491 3821 2583 3875 lilii
2630 3834 2827 3874 nomen
2876 3827 2931 3873 et
2978 3818 3113 3871 nihil
3173 3815 3492 3888 signiﬁcans

1921 3915 2215 3987 Uuigenito
2251 3915 2587 3984 relinquunt,
2619 3913 2796 3968 solum
2824 3910 2976 3964 vocis
3005 3921 3201 3962 sonum
3246 3907 3295 3961 ei
3328 3909 3493 3977 grati-

1921 4012 2168 4066 ﬁcantes.
2205 4007 2360 4076 Quod
2395 4008 2511 4063 haec
2553 4020 2682 4061 vera
2717 4004 2861 4067 dico,
2907 4017 3084 4071 neque
3134 4015 3162 4053 a
3200 4014 3365 4070 scopo
3400 4000 3495 4054 ad-

1920 4103 2290 4159 versariorum
2323 4100 2541 4160 aberro,
2568 4086 2697 4151 licet
2726 4111 2791 4151 ex
2820 4096 2906 4151 his
2937 4108 3059 4164 quae
3093 4092 3195 4161 ipsi
3229 4092 3494 4146 adversus

1920 4194 2205 4249 veritatem
2269 4189 2614 4248 moliuntur,
2665 4183 2876 4254 liquido
2938 4182 3272 4251 perdiscere.
3339 4179 3493 4235 Talia

1920 4283 2065 4338 enim
2111 4285 2241 4334 sunt
2272 4291 2394 4346 qua:
2444 4275 2512 4330 ab
2550 4275 2688 4345 ipsis
2725 4273 2791 4327 ad
2844 4272 3196 4327 astruendam
3240 4270 3493 4340 blasphe-

231 4377 599 4449 προφέρεται,
626 4377 708 4429 ὅτι
737 4374 905 4428 πολλά
932 4374 1025 4427 τοῦ
1055 4371 1392 4442 Μονογενοῦς
1413 4371 1649 4443 ὀνόματα
1670 4370 1819 4443 παρά

1924 4373 2086 4426 miam
2136 4367 2511 4440 proferuntur,
2547 4363 2694 4435 quod
2743 4364 2913 4419 multa
2961 4361 3236 4433 Unigeniti
3273 4362 3492 4417 nomina

229 4472 327 4540 τῆς
360 4469 520 4532 θείας
567 4464 789 4539 Γραφῆς
820 4466 1197 4537 ἐδιδάχθημεν,
1247 4465 1412 4528 λίθον,
1459 4464 1667 4536 ἀξίνην,
1712 4464 1814 4518 πέ-

230 4577 388 4632 τραν,
423 4558 699 4630 θεμέλιον,
745 4557 928 4629 ἄρτον,
979 4555 1241 4626 ἄμπελον,
1289 4552 1480 4626 θύραν,
1516 4553 1653 4619 ὁδὸν,
1693 4568 1815 4607 ποι-

236 4654 397 4722 μένα,
447 4651 654 4722 πηγὴν,
701 4649 877 4717 ξύλον,
938 4649 1250 4711 ἀνάστασιν,
1300 4645 1633 4709 διδάσκαλον,
1679 4644 1816 4713 φῶς,

233 4746 327 4798 καὶ
350 4744 493 4801 ἄλλα
523 4743 745 4797 τοιαῦτα
771 4741 940 4795 πολλά
962 4758 977 4772 ο
1008 4739 1121 4792 ἀλλ’
1150 4739 1302 4792 οὐδὲν
1326 4738 1529 4791 τούτων
1557 4735 1697 4789 κατά
1719 4736 1818 4805 τὴν

234 4839 532 4909 πρόχειρον
575 4833 849 4907 σημασίαν
893 4832 1112 4894 εὐσεϐὲς
1161 4834 1306 4884 ἐστιν
1351 4829 1442 4883 ἐπὶ
1489 4828 1582 4881 τοῦ
1618 4827 1817 4899 Κυρίου

234 4930 494 4992 νοοῦντας
521 4928 719 4997 λέγειν.
752 4922 829 4978 Ἦ
866 4924 973 4994 γὰρ
998 4923 1065 4978 ἂν
1099 4924 1185 4993 εἴη
1213 4924 1319 4975 τῶν
1347 4920 1727 4983 ἀτοπωτάτων,
1760 4919 1821 4973 τὸ

234 5021 533 5092 ἀσώματόν
552 5037 609 5073 τε
635 5018 733 5073 καὶ
759 5017 943 5080 ἀῦλον,
972 5014 1174 5070 ἁπλοῦν
1188 5031 1246 5068 τε
1269 5013 1363 5067 καὶ
1393 5012 1816 5082 ἀσχημάτιστον,

232 5117 354 5177 ταῖς
409 5111 834 5182 ὲμφαινομέναις
878 5108 988 5161 τισὶ
1048 5107 1157 5160 τῶν
1201 5104 1480 5174 ὀνομάτων
1525 5103 1821 5173 σημασίαις

232 5201 669 5275 δωμορφοῦτθαι
714 5201 972 5271 νομίζειν.
1023 5200 1184 5251 Ὥστε
1232 5195 1416 5266 ἀξίνην
1462 5193 1816 5259 ἀκούσαντας,

235 5294 295 5347 τὸ
346 5294 556 5348 τοιόνδε
602 5295 786 5364 σχῆμα
829 5292 923 5346 τοῦ
972 5292 1190 5360 σιδήρου
1220 5290 1379 5350 νοεῖν,
1429 5286 1461 5356 ἢ
1499 5285 1613 5354 φῶς
1640 5284 1700 5337 τὸ
1733 5286 1817 5337 ἑν-

238 5385 453 5456 αέριον,
485 5384 518 5456 ἢ
562 5384 807 5454 ἄμπελον
849 5382 948 5452 τὴν
991 5382 1058 5434 ὲκ
1087 5380 1309 5449 φυτείας
1340 5376 1653 5447 κλημάτων,
1691 5376 1724 5446 ἦ
1768 5393 1822 5428 τι

238 5476 346 5527 τῶν
381 5474 561 5529 ἄλλων
586 5475 839 5533 ἕκαστον,
884 5470 1068 5533 καθὼς
1098 5471 1133 5539 ἠ
1165 5467 1418 5537 συνήθεια
1446 5470 1585 5520 νοεῖν
1631 5467 1820 5519 ὑποτί-

242 5568 422 5626 θεται,
452 5565 560 5618 ἀλλ’
591 5566 686 5618 ἐπὶ
709 5564 772 5618 τδ
793 5561 1258 5633 θεοπρεπέστερον
1287 5559 1384 5621 τὰς
1410 5559 1517 5611 τῶν
1543 5558 1821 5628 ὀνομάτων

242 5655 457 5709 τούτων
481 5654 890 5726 μετενεγκόντες
913 5652 1197 5723 ἐμφάσεις,
1220 5648 1347 5703 ἄλλο
1373 5664 1423 5699 τι
1448 5645 1696 5717 νοοῦμεν,
1721 5645 1820 5701 κᾶν

1921 4479 1985 4519 ex
2019 4461 2204 4515 divina
2242 4458 2529 4529 Scriptura
2567 4456 2886 4521 didicimus,
2935 4454 3193 4525 lapidem,
3227 4454 3489 4518 securim,

1920 4562 2160 4626 petram,
2212 4550 2666 4610 fundamentum.
2712 4563 2947 4618 panem,
2999 4546 3202 4608 vitem,
3254 4546 3488 4610 ostium,

1921 4654 2223 4717 pastorem.
2279 4641 2506 4703 fontem,
2556 4641 2785 4711 lignum,
2841 4639 3143 4697 doctorem,
3187 4638 3386 4697 lucem,
3438 4643 3492 4688 et

1921 4736 2027 4790 alia
2068 4732 2341 4804 ejusmodi
2379 4731 2584 4796 multa;
2631 4731 2722 4786 sed
2759 4731 2953 4783 horum
3002 4727 3208 4786 nullum
3240 4736 3491 4795 prompta

1920 4835 1974 4880 et
2010 4830 2209 4883 usitata
2242 4824 2641 4894 significatione
2671 4822 2817 4889 pium
2861 4827 2945 4873 est
2974 4819 3041 4873 de
3072 4818 3298 4872 Domino
3331 4816 3492 4869 intel-

1922 4917 2177 4987 ligentem
2225 4911 2565 4968 dicerezvel
2613 4911 2758 4964 enim
2823 4907 3280 4963 absurdissimum
3329 4902 3493 4957 fuerit

1920 5008 2064 5077 quod
2119 5007 2505 5072 incorporeum
2556 5009 2661 5064 est,
2710 5009 2766 5055 et
2811 5000 3052 5053 materiae
3104 5010 3319 5065 expers,
3369 4994 3494 5046 sim-

1923 5100 2156 5170 plexque
2185 5105 2241 5149 et
2277 5095 2462 5166 ﬁgurae
2488 5109 2703 5156 exsors,
2746 5090 3135 5162 apparentibus
3164 5084 3490 5154 quibusdam

1922 5189 2203 5243 nominum
2236 5185 2732 5257 signiﬁcationibus
2780 5193 2971 5251 putare
2998 5195 3157 5251 posse
3193 5177 3489 5231 ell‘ormari.

1924 5280 1998 5335 Ita
2039 5290 2097 5334 ut
2127 5278 2363 5334 securim
2414 5291 2537 5331 cum
2589 5274 2948 5329 audierimus.
2998 5273 3161 5324 talem
3193 5267 3325 5322 ferri
3358 5265 3493 5334 ligu-

1925 5387 2039 5427 ram
2091 5379 2271 5423 mente
2317 5367 2728 5437 concipiamus,
2780 5364 2864 5418 vel
2912 5364 3086 5416 lucem
3139 5374 3258 5430 qua:
3302 5364 3387 5413 est
3437 5355 3491 5409 in

1923 5479 2069 5527 acre,
2112 5463 2196 5518 vel
2230 5460 2394 5515 vitem
2433 5474 2499 5514 cx
2541 5456 2879 5527 plantationc
2910 5453 3217 5525 palmitum,
3245 5451 3327 5505 vel
3364 5447 3493 5518 quid

1926 5551 2159 5625 aliopim
2209 5545 2675 5615 unumquodque,
2734 5545 2874 5598 sicut
2931 5540 3274 5596 consuetudo
3326 5535 3493 5593 menti

1925 5643 2148 5714 subjiirit
2179 5660 2191 5695 :
2224 5640 2317 5697 sed
2350 5638 2415 5693 ad
2464 5637 2516 5692 id
2546 5634 2691 5708 quod
2740 5637 2913 5707 magis
2959 5634 3067 5691 Deo
3109 5631 3401 5688 conveniat
3436 5630 3497 5682 et
