3992 6210
508 166 600 223 6H

1742 160 1798 215 S.
1855 159 2182 218 GREGORII
2230 159 2516 217 NYSSENI

3625 170 3734 225 6ίῖ

506 284 766 339 decorum
799 278 873 336 sit
900 278 1097 333 horum
1127 275 1415 334 nominum
1445 274 1837 332 transferentes
1870 275 2077 346 signiﬁ-

2182 277 2318 331 οὕτω
2351 278 2828 350 κατονομὰζωμεν,
2878 281 2976 351 οὐχ
3021 281 3095 344 ὡς
3138 281 3267 335 ὅντα
3293 299 3343 335 τι
3374 281 3569 336 τούτων
3598 288 3739 339 κατὰ

507 376 739 441 canlias,
774 371 925 428 aliud
962 369 1220 441 quiddam
1262 369 1635 441 intelligimus,
1676 375 1731 422 et
1769 369 1851 423 sic.
1894 367 2074 422 norni-

507 483 727 532 namus,
758 480 868 520 non
908 462 1056 533 qttod
1101 461 1174 517 sit
1216 460 1411 515 horum
1461 461 1570 516 tale
1600 461 1729 531 quid
1774 459 2075 514 secundum

509 569 727 617 natura}
751 558 1041 621 rationem,
1087 555 1183 611 sed
1229 555 1309 609 sic
1345 553 1463 609 haec
1502 570 1626 609 cum
1666 553 1888 616 dicitur,
1927 550 2073 606 aliud

507 649 764 722 quiddam
816 657 1015 719 praeter
1065 661 1127 701 ea
1179 660 1275 716 per
1331 645 1448 699 haec
1501 653 1685 700 mente
1732 644 2073 713 intelligitur.

509 742 664 810 Quod
694 742 740 796 si
768 741 901 796 talia
927 738 1148 794 nomina
1187 739 1352 792 etiam
1388 751 1516 791 vere
1547 737 1615 791 de
1646 735 1927 804 unigenito
1968 733 2076 788 Deo

509 835 792 896 dicuntur,
827 840 883 886 et
920 840 1129 885 natura:
1176 827 1701 883 demonstrationem
1734 841 1842 881 non
1893 826 2075 896 conti-

510 932 672 992 nent;
722 934 1069 990 consequens
1111 933 1235 973 esse
1267 918 1481 981 dicunt,
1521 932 1700 986 neque
1730 916 1822 969 lilii
1870 894 2079 984 signiti—

507 1024 690 1070 catum
731 1013 1031 1069 secundum
1073 1008 1453 1079 praevalentem
1507 1008 1957 1062 consuetudinem
2008 1005 2073 1061 ad

510 1116 721 1161 natura:
771 1102 1275 1172 interpretationem
1321 1113 1639 1164 assumere,
1692 1095 1786 1152 sed
1834 1096 2078 1150 invenire

511 1196 676 1268 hujus
704 1195 858 1250 vocis
894 1195 1131 1263 aliquam
1178 1191 1600 1262 signiﬁcantiam
1640 1188 1863 1243 alteram
1904 1187 1972 1240 ab
2013 1200 2075 1242 ea

507 1302 630 1358 qua
660 1284 970 1342 communis
1003 1293 1086 1338 est
1114 1290 1167 1338 et
1197 1285 1249 1336 in
1284 1291 1556 1352 promptu.
1588 1280 1713 1335 llaec
1745 1289 1799 1335 et
1828 1279 2075 1347 ejusdem

507 1380 655 1435 modi
682 1377 1159 1449 philosophantur,
1192 1382 1251 1429 ut
1287 1382 1540 1429 astruant
1571 1388 1679 1427 non
1708 1388 1831 1445 c‘sse
1856 1370 2072 1433 Filium,

2173 368 2268 422 τὸν
2296 370 2449 438 λόγον
2474 371 2572 441 τῆς
2599 369 2835 439 φύσεως,
2862 371 2976 425 ἀλλ’
2999 372 3075 436 ὡς
3100 372 3271 426 ταῦτα
3298 372 3403 444 μὲν
3432 373 3737 445 λεγόμενον,

2174 461 2300 515 ἄλλο
2327 462 2383 514 δέ
2414 479 2465 514 τι
2490 462 2641 532 παρὰ
2659 463 2832 517 ταῦτα
2857 463 2945 517 διὰ
2970 462 3078 519 τῶν
3105 464 3409 535 λεγομένων
3436 466 3738 538 νοούμενον.

2174 555 2237 607 Εί
2267 555 2324 608 δὲ
2354 554 2421 607 τὰ
2452 554 2678 607 τοιαῦτα
2710 555 2817 609 τῶν
2863 556 3137 627 ὀνομάτων
3168 558 3261 610 καὶ
3306 557 3517 627 άληθῶς
3558 559 3733 612 ἐπιλέ-

2175 663 2331 715 γεται
2363 646 2440 718 τῷ
2475 650 2752 717 μονογενεῖ
2770 648 2909 717 Θεῷ,
2938 651 3029 702 καὶ
3053 650 3149 720 τῆς
3176 650 3388 720 φύσεως
3411 650 3473 704 οὐ
3498 652 3743 722 περιέχει

2176 736 2272 807 τὴν
2314 736 2553 800 ἔνδειξιν,
2584 737 2871 791 ἀκόλουθον
2901 733 3039 792 εἶναι
3078 739 3313 809 λέγουσι,
3346 741 3480 811 μηδὲ
3502 741 3595 794 τοῦ
3626 741 3742 795 υἱοῦ

2175 828 2236 881 τὸ
2271 830 2687 899 σημαινόμενον,
2727 828 2866 883 κατὰ
2893 829 2991 901 τὴν
3020 830 3415 901 ἐπικρατοῦσαν
3459 830 3745 900 συνήθειαν

2176 921 2256 983 εἰς
2282 920 2381 990 τὴν
2407 918 2506 987 τῆς
2536 920 2748 989 φύσεως
2790 921 3083 992 ἑρμηνείαν
3128 921 3592 994 παραλαμϐάνειν,
3629 922 3745 975 ἀλλ’

2176 1009 2509 1077 ἐξευρίσκειν
2535 1008 2653 1061 τινὰ
2679 1010 2951 1079 σημασίαν
2978 1008 3180 1079 ταύτης
3206 1011 3302 1079 τῆς
3322 1012 3522 1077 φωνῆς,
3548 1010 3746 1080 ἑτέραν

2176 1098 2329 1167 παρὰ
2354 1098 2453 1170 τὴν
2487 1099 2672 1169 κοινήν
2713 1116 2772 1152 τε
2826 1100 2917 1152 καὶ
2956 1099 3260 1169 πρόχειρον.
3313 1098 3496 1152 Ταῦτα
3538 1099 3636 1152 καὶ
3684 1099 3749 1153 τὶ

2173 1189 2399 1242 τοιαῦτα
2433 1188 2796 1259 φιλοσοφοῦσι,
2835 1190 2969 1260 πρὸς
3006 1190 3342 1258 κατασκευὴν
3373 1189 3464 1242 τοῦ
3497 1190 3572 1260 μὴ
3607 1185 3750 1242 εἶναι

2176 1280 2267 1334 τὸν
2303 1281 2450 1343 Υἱον,
2496 1281 2633 1351 ὅπερ
2671 1280 2777 1335 ἐστι
2822 1298 2881 1334 τε
2924 1283 3017 1335 καὶ
3044 1282 3277 1349 λέγεται.
3335 1279 3495 1350 Ἡμῖν
3526 1279 3581 1332 δὲ
3615 1280 3751 1349 πρδς

2176 1372 2359 1442 ἕτερον
2390 1372 2487 1442 μὲν
2531 1367 2600 1442 ἦν
2627 1372 2870 1425 σπεύδων
2894 1374 2921 1425 ό
2947 1372 3123 1439 λόγος,
3171 1372 3268 1441 τὴν
3314 1371 3626 1442 πρόσφατον
3659 1369 3751 1421 τοῦ

505 1469 652 1541 quod
701 1468 919 1538 quidem
964 1477 1048 1521 est
1096 1473 1151 1520 et
1194 1465 1414 1518 dicitur.
1458 1461 1626 1516 Nobis
1659 1477 1789 1516 vero
1817 1460 1884 1514 ad
1927 1459 2072 1513 aliud

2182 1462 2439 1533 Εύνομίου
2468 1463 2830 1534 λογογραφίαν
2871 1462 3038 1527 δεῖξαι
3077 1462 3248 1532 ψευδῆ
3294 1460 3389 1514 καὶ
3423 1459 3750 1521 ἀσύστατον,

510 1561 801 1618 festinabat
827 1574 1027 1623 sermo,
1057 1571 1249 1625 nempe
1287 1556 1350 1609 ad
1377 1552 1853 1609 demonstrandum
1885 1566 2076 1605 recen-

2182 1554 2268 1605 κα¹ι
2297 1551 2419 1605 οὔτε
2453 1552 2588 1624 πρὸς
2612 1552 2710 1622 τὴν
2735 1553 3012 1623 ἀλήθειαν,
3051 1551 3173 1605 οὔτε
3203 1552 3333 1622 πρὸς
3368 1550 3569 1620 ἑαυτὴν
3613 1566 3758 1619 συμ-

508 1664 619 1710 tem
672 1652 923 1707 Eunomii
978 1650 1331 1719 scriptionem
1393 1646 1585 1700 falsam
1640 1659 1762 1699 esse
1814 1658 1916 1698 nec
1971 1642 2074 1697 sibi

2182 1645 2480 1713 φωνοῦσαν.
2528 1645 2677 1698 Ἐπεὶ
2703 1644 2759 1697 δὲ
2787 1645 2853 1697 δι’
2890 1639 2965 1699 ὧν
2992 1644 3397 1715 κατηγοροῦμεν
3427 1641 3519 1695 τοῦ
3546 1642 3757 1710 δόγμα-

507 1754 850 1802 constantem
885 1752 939 1796 et
983 1741 1368 1797 cohaerentem.
1416 1750 1591 1805 neque
1633 1734 1850 1788 veritati
1898 1748 2076 1803 neque

2182 1753 2270 1801 τος
2299 1736 2497 1799 αὐτῶν,
2521 1731 2630 1789 οἷόν
2649 1753 2732 1799 τις
2759 1736 3049 1807 συνηγορία
3078 1736 3175 1805 τῆς
3199 1732 3539 1804 βλασφημίας
3568 1735 3760 1786 ἐπεισ-

513 1839 619 1894 sibi
674 1836 774 1906 ipsi
823 1842 1266 1888 consentaneam.
1319 1827 1586 1892 Quoniam
1641 1840 1766 1879 vero
1823 1840 1917 1893 per
1956 1840 2077 1894 qua

2182 1825 2318 1896 ήχθη
2342 1825 2417 1896 τῷ
2437 1825 2579 1896 λόγῳ
2597 1842 2612 1856 '
2650 1825 2830 1888 καλῶς
2862 1825 2927 1878 ἂν
2957 1825 3070 1895 ἔχοι
3100 1826 3226 1894 περὶ⁸
3260 1824 3446 1878 τούτου
3483 1822 3759 1893 πρότερον

513 1932 756 2002 ipsorum
820 1927 1017 1995 dogma
1080 1935 1445 1980 accusamus,
1497 1916 1662 1970 veluti
1726 1916 2077 1985 blasphemia:

2182 1917 2239 1969 ὲν
2266 1917 2429 1987 ὀλίγῳ
2470 1916 2741 1970 διαλαϐεῖν
2765 1957 2779 1981 ,
2829 1913 2927 1968 εἷθ’
2965 1915 3136 1977 οὕτως
3182 1915 3275 1967 ἐπὶ
3300 1912 3395 1985 τὴν
3433 1912 3757 1967 ἀκολουθίαν

507 2020 777 2091 quoddam
810 2014 1169 2086 patrocinium
1197 2010 1446 2064 oratione
1484 2007 1765 2061 inductum
1807 2015 1910 2068 est,
1940 2022 2075 2075 pm-

2181 2007 2290 2060 τῶν
2321 2009 2719 2078 γεγραμμένων
2756 2006 3083 2060 ἐπανελθεῖν.

507 2113 657 2166 clare
681 2124 741 2163 se
772 2107 968 2160 habeat
1004 2102 1073 2156 de
1097 2116 1163 2155 eo
1197 2113 1371 2170 pauca
1412 2098 1708 2163 disserere,
1740 2096 1936 2150 deinde
1969 2097 2050 2150 sic
2085 2098 2149 2152 ad
2187 2099 2516 2168 scriptorum
2545 2108 2968 2167 consequentem
3004 2098 3197 2153 seriem
3224 2096 3422 2152 redire.

577 2196 683 2251 Fas
705 2195 867 2265 igitur
889 2202 973 2247 est
992 2192 1060 2245 de
1084 2190 1167 2245 his
1184 2187 1386 2258 aliquid
1407 2188 1609 2249 dicere,
1634 2197 1688 2241 et
1705 2201 1732 2239 a
1751 2196 2084 2257 congruente

507 2288 785 2360 proposito
801 2299 907 2339 non
926 2282 1197 2336 aberrare.
1214 2278 1366 2344 Quod
1388 2294 1511 2331 cum
1531 2280 1638 2333 sint
1655 2280 1820 2332 multa
1840 2279 2082 2341 nomina,

507 2382 649 2438 sicut
669 2379 744 2434 illi
770 2379 1074 2445 aiunt,qute
1093 2371 1385 2443 Unigenito
1401 2386 1431 2425 a
1452 2369 1729 2440 Scriptura
1749 2372 2081 2436 tribuuntur,

508 2473 715 2527 nullum
746 2469 974 2523 aliorqu
1002 2480 1097 2536 per
1119 2465 1431 2519 relationem
1449 2476 1572 2516 cum
1596 2476 1661 2515 eo
1681 2461 1772 2531 qui
1792 2461 1975 2530 genuit
1992 2475 2085 2514 co-

508 2564 813 2636 gnationem
864 2567 918 2614 et
964 2558 1333 2612 adhaesionem
1390 2552 1591 2608 habere
1642 2552 1899 2606 dicimus.
1962 2549 2077 2603 Non

506 2658 650 2712 enim
691 2655 834 2709 sicut
865 2651 1044 2706 Patris
1076 2648 1298 2710 Filium,
1344 2647 1425 2700 sic
1456 2645 1540 2699 vel
1573 2643 1826 2715 lapidem,
1859 2643 1941 2697 vel
1991 2658 2079 2696 re-

508 2748 931 2805 surrectionem,
980 2743 1062 2796 vel
1115 2750 1408 2809 pastorem,
1449 2736 1534 2790 vel
1588 2736 1781 2796 lucem,
1827 2734 1909 2788 vel
1949 2732 2078 2801 quid

484 2843 737 2895 aliorum
769 2837 835 2891 ad
877 2834 1043 2888 Deum
1075 2833 1454 2885 universorum
1499 2824 1794 2881 referentes
1821 2825 2075 2879 dicimus.

511 2930 616 2985 Sed
645 2930 770 2982 licet
809 2935 1065 2994 tauquam
1109 2927 1226 2973 arte
1250 2917 1484 2988 quadam
1532 2923 1585 2969 et
1620 2914 1801 2984 regula
1830 2914 2075 2968 bifariam

509 3020 820 3076 divinorum
892 3012 1177 3067 nominum
1238 3006 1656 3079 signiﬁcantiam
1720 3004 2075 3074 distinguere.

509 3109 765 3178 Quaedam
807 3106 952 3159 enim
1000 3101 1231 3156 excelsae
1283 3106 1339 3154 et
1390 3095 1681 3152 inellabilis
1730 3097 1916 3167 gloria:
1966 3096 2079 3149 sive

514 3197 819 3269 majestatis
884 3193 1272 3247 iudicationem
1326 3188 1527 3244 habent
1579 3186 1874 3257 :quazdam
1949 3201 2080 3241 vero

515 3290 759 3364 providae
823 3281 1253 3355 dispensationis
1304 3279 1624 3332 varietatem
1675 3277 2076 3331 demonstrant.

514 3385 588 3437 lta
628 3388 687 3435 ut
727 3376 1032 3436 secundum
1091 3371 1413 3444 hypothesin
1464 3368 1577 3422 nisi
1632 3378 1783 3423 esset
1833 3368 1888 3422 id
1934 3368 2077 3438 quod

514 3472 778 3529 beneﬂcio
811 3468 1065 3532 adicitur,
1098 3479 1277 3534 neque
1309 3463 1392 3517 liae
1422 3476 1584 3516 voces
1614 3476 1734 3531 qua:
1756 3459 2079 3515 benelicium

513 3564 780 3624 indicant.
818 3561 903 3615 bis
937 3564 1124 3614 essent
1158 3555 1398 3610 tributae.
1429 3552 1562 3619 Quae
1583 3560 1764 3608 autem
1794 3552 1939 3622 quod
1972 3550 2080 3605 Deo

510 3656 769 3711 convenit
799 3662 854 3707 et
878 3650 1135 3706 decorum
1166 3655 1251 3702 est
1279 3645 1580 3709 declarant,
1629 3644 1791 3698 etiam
1834 3643 1954 3698 sine
1995 3642 2080 3697 his

512 3761 744 3817 quorum
796 3744 969 3814 gratia
1027 3743 1085 3794 lit
1130 3736 1505 3807 dispensatio,
1556 3744 1788 3805 cognate
1854 3741 1908 3789 et
1954 3749 2080 3803 pro-

514 3837 633 3909 prie
685 3835 964 3907 unigenito
1009 3831 1119 3885 Deo
1178 3828 1572 3882 attribuuntur.
1618 3825 1688 3880 Ut
1744 3834 1926 3880 autem
1968 3825 2081 3879 evi-

512 3928 733 3984 dentius
781 3930 895 3981 limo
938 3922 1210 3981 sententia
1245 3919 1404 3975 nobis
1442 3920 1657 3973 evoluta
1707 3923 1914 3987 pateat,
1963 3917 2081 3986 ipsa

514 4020 734 4075 nomina
786 4016 1240 4087 contemplemur.
1303 4010 1591 4081 Nunquam
1634 4009 1762 4062 vitis
1833 4005 2082 4060 nomina-

516 4121 608 4166 tus
652 4119 799 4166 esset
847 4109 1143 4172 Dominus,
1202 4104 1309 4161 nisi
1358 4100 1718 4173 plantationis
1773 4113 1941 4153 causa
1988 4112 2082 4152 eo-

516 4218 637 4257 rum
680 4203 773 4273 qui
814 4202 870 4254 in
925 4199 1044 4270 ipso
1100 4197 1462 4251 radicantur:
1495 4207 1671 4263 neque
1717 4202 1921 4261 pastor,
1971 4187 2079 4245 nisi

2256 2189 2320 2241 Τί
2350 2189 2523 2242 τοίνυν
2553 2190 2700 2242 ἐστὶν
2723 2190 2971 2252 εἰπόντας
3003 2190 3138 2260 πρὸς
3177 2189 3245 2242 τὰ
3282 2187 3504 2241 τοιαῦτα
3542 2188 3620 2258 μὴ
3650 2187 3765 2241 δια-

2188 2283 2410 2351 μαρτεῖν
2436 2279 2528 2333 τοῦ
2556 2282 2957 2351 προσήκοντοςς
2988 2282 3106 2334 ’Ὁτι
3131 2279 3336 2333 πολλῶν
3356 2280 3545 2340 ὀντων.
3574 2278 3765 2343 καθὼς

2185 2372 2421 2426 κάκεῖνοί
2456 2389 2610 2441 φασι,
2644 2373 2750 2425 τῶν
2780 2372 3073 2442 ὀνομάτων,
3110 2371 3145 2426 ἃ
3171 2372 3245 2442 τῷ
3282 2374 3576 2438 Μονογενεῖ
3610 2373 3763 2443 παρὰ

2184 2465 2285 2534 τῆς
2315 2466 2531 2537 Γραφῆς
2561 2466 2891 2534 ἐπιλέγεται.
2914 2467 3064 2519 οὐδὲν
3089 2465 3195 2519 τῶν
3223 2465 3394 2519 ἄλλων
3422 2468 3485 2536 τῇ
3507 2466 3653 2536 πρὸς
3675 2468 3763 2518 τὸν

2186 2558 2546 2627 γεγεννηκότα
2583 2557 2760 2628 φαμὲν
2794 2558 3041 2628 ἀναφορᾷ
3067 2557 3129 2611 τὺ
3162 2556 3433 2627 προσφυὲς
3467 2557 3640 2627 ἔχειν.
3689 2558 3763 2610 Οὐ

2184 2648 2293 2718 γὰρ
2340 2647 2526 2718 ὥσπερ
2555 2648 2683 2701 Υἰὸν
2711 2647 2804 2701 τοῦ
2832 2648 3061 2718 Πατρδς,
3105 2647 3275 2710 οὕτως
3302 2648 3334 2717 ἥ
3364 2647 3532 2709 λίθον,
3564 2648 3599 2720 ἢ
3630 2648 3766 2702 ἀνά-

2185 2754 2390 2800 στασιν,
2433 2738 2466 2807 ἢ
2512 2738 2761 2807 ποιμένα,
2805 2737 2837 2808 ἢ
2870 2737 3004 2807 φῶς,
3035 2739 3069 2807 ἡ
3102 2754 3153 2790 τι
3192 2737 3301 2790 τῶν
3330 2737 3502 2791 ἄλλων
3538 2739 3639 2789 ἐπὶ
3673 2738 3765 2789 τὸν

2183 2828 2315 2882 Θεὸν
2358 2829 2493 2883 ὅλων
2521 2829 2952 2900 ἐπαναφέροντες
2993 2829 3243 2897 λέγομεν.
3302 2828 3438 2881 Ἀλλ’
3463 2829 3616 2881 ἔστιν
3649 2823 3765 2882 οἷον

2184 2921 2345 2992 τέχνῃ
2388 2922 2494 2974 τινὶ
2532 2922 2625 2974 καὶ
2665 2921 2844 2974 κανόνι
2871 2921 2990 2990 διχῆ
3019 2919 3287 2974 διελέσθαι
3313 2920 3419 2973 τῶν
3445 2920 3608 2972 Θείων
3642 2922 3763 2973 ὀνο·

2183 3015 2364 3083 μάτων
2413 3013 2510 3083 τὴν
2556 3013 2849 3082 σημασίαν.
2906 3013 2986 3066 Τὰ
3033 3014 3132 3084 μὲν
3170 3014 3278 3084 γὰρ
3305 3013 3399 3081 τῆς
3448 3012 3673 3084 ὑψηλῆς
3705 3030 3764 3065 τε

2180 3106 2273 3158 καὶ
2299 3107 2573 3174 άφράστου
2598 3104 2753 3175 δόξης
2781 3105 2878 3175 τὴν
2901 3104 3121 3169 ἔνδειξιν
3148 3105 3278 3174 ἔχει,
3301 3104 3369 3157 τά
3391 3104 3448 3157 δὲ
3476 3104 3538 3157 τὸ
3572 3105 3765 3158 ποικί-

2179 3195 2269 3249 λον
2297 3199 2393 3265 τῆς
2437 3195 2798 3266 πρωοητικῆς
2841 3197 3153 3267 οἰκονομίας
3193 3195 3529 3249 ἐνδείκνυται
3557 3212 3571 3226 ·
3613 3196 3765 3249 ὥστε

2180 3287 2298 3339 καθ’
2341 3284 2614 3348 ὑπόθεσιν,
2667 3287 2714 3338 εί
2761 3287 2834 3357 μὴ
2882 3287 2941 3340 τὸ
2990 3287 3439 3358 εὐεργετούμενον
3468 3288 3579 3357 εἴη.
3620 3288 3763 3358 μηδὲ

2178 3377 2275 3438 τὰς
2313 3375 2494 3442 φωνὰς
2532 3373 2739 3438 ταύτας
2787 3376 2873 3428 ἐπ’
2904 3376 3081 3429 αὐτῶν
3110 3377 3382 3446 τετάχθαι,
3429 3376 3485 3429 αἲ
3529 3377 3633 3447 τὴν
3665 3378 3764 3430 εὐε-

2179 3467 2431 3537 εργεσίαν
2480 3466 2859 3521 ἐνδείκνυνται.
2907 3468 3066 3521 Ὅσαι
3115 3468 3174 3521 δὲ
3222 3470 3281 3521 τὺ
3323 3469 3631 3540 Θεοπρεπὲς
3664 3471 3763 3541 ἑρ-

2182 3555 2472 3626 μηνεύουσι
2492 3597 2507 3621 ,
2553 3555 2645 3609 καὶ
2677 3556 2801 3627 δίχα
2834 3557 2942 3611 τῶν
2969 3560 3430 3631 οἰκονομουμένων
3456 3560 3764 3630 προσφυῶς

2181 3648 2273 3700 καὶ
2306 3646 2509 3717 κυρίως
2545 3650 2940 3720 ὲφαρμόζονται
2981 3649 3058 3721 τῷ
3093 3654 3369 3721 μονογενεῖ
3395 3650 3535 3721 Θεῷ.
3583 3652 3683 3716 Ὠς
3716 3652 3763 3704 δ’

2178 3736 2243 3792 ἂν
2275 3739 2664 3810 ἐναργέστερον
2688 3743 2817 3811 ἡμῖν
2841 3741 3204 3812 ὲκκαλυφθείη
3229 3741 3288 3794 τὸ
3309 3741 3521 3794 τοιοῦτο
3549 3743 3761 3813 δόγμα,

2181 3830 2267 3884 ἐπ’
2315 3832 2493 3885 αὐτῶν
2544 3832 2695 3887 ἔσται
2736 3834 2845 3887 τῶν
2878 3835 3154 3905 ὀνομάτων
3191 3837 3224 3904 ἡ
3260 3833 3481 3903 θεωρία.
3530 3836 3652 3889 Οὐκ
3694 3836 3763 3888 ἂν

2179 3922 2420 3993 ἄμπελος
2445 3924 2733 3996 ὠνομάσθη
2768 3928 2795 3979 ό
2826 3926 3047 3994 Κύριος,
3083 3927 3131 3979 εί
3166 3924 3240 3996 μὴ
3269 3925 3373 3996 τῆς
3398 3927 3626 3996 φυτείας
3656 3929 3763 3998 χά-

2182 4030 2268 4085 ριν
2295 4015 2402 4068 τῶν
2433 4017 2490 4068 ὲν
2520 4016 2670 4087 αὐτῷ
2699 4016 3031 4088 ριζουμένων
3057 4035 3072 4048 ·
3113 4017 3220 4070 οὐδ’
3253 4016 3319 4071 ἂν
3346 4017 3568 4088 ποιμὴν,
3593 4021 3648 4071 εί
3683 4018 3763 4091 μὴ

2180 4103 2249 4155 τὰ
2278 4104 2522 4174 πρόδατα
2547 4105 2640 4158 τοῦ
2661 4105 2808 4159 οίκου
2845 4105 3059 4177 Ἰσραὴλ
3085 4104 3350 4158 ἀπολώλει
3368 4123 3382 4136 ·
3412 4104 3519 4158 οὐδ’
3545 4107 3760 4178 ἰατρὸς,

2181 4196 2230 4247 εἰ
2266 4194 2339 4265 μὴ
2371 4196 2478 4249 τῶν
2506 4196 2802 4251 νοσούντων
2834 4198 3014 4268 χάριν,
3047 4197 3166 4250 οὐδὲ
3210 4199 3279 4250 τὰ
3304 4197 3467 4250 λοιπὰ
3491 4196 3601 4251 τῶν
3639 4199 3763 4251 ὀνοο

515 4310 647 4350 oves
710 4292 907 4346 domus
978 4289 1142 4344 Israel
1196 4287 1489 4357 periissem
1533 4302 1546 4337 :
1596 4298 1774 4353 neque
1837 4280 2080 4336 medicus

2189 4285 2374 4355 μάτων
2401 4287 2484 4354 ἐφ’
2512 4287 2705 4341 ἑαυτοῦ
2739 4288 3075 4358 κατεδέχετο,
3124 4287 3198 4358 μὴ
3223 4288 3312 4342 διά
3349 4304 3491 4350 τινος
3518 4303 3764 4357 προνοη-

518 4385 622 4441 nisi
674 4381 1054 4452 agrotantium
1099 4392 1285 4443 causa,
1315 4392 1492 4448 neque
1535 4376 1738 4446 reliqua
1775 4375 1995 4430 nomina
2030 4375 2086 4429 in

517 4474 754 4543 seipsum
820 4471 1127 4539 reciperet,
1187 4466 1291 4522 nisi
1362 4480 1457 4536 per
1511 4464 1746 4534 aliquam
1803 4465 2083 4534 providam

517 4566 625 4620 vim
653 4562 969 4619 elﬁcicntem
1009 4558 1297 4616 commode
1327 4572 1515 4612 eorum
1568 4556 1743 4627 gratia
1788 4555 1879 4624 qui
1924 4555 2088 4609 bene-

517 4656 640 4711 licio
679 4654 1004 4713 adiciuntur,
1055 4649 1155 4703 has
1197 4663 1360 4704 voces
1413 4656 1665 4717 tanquam
1699 4644 1801 4699 sibi
1836 4644 2085 4713 proprias

516 4744 830 4799 asciscerct.
866 4740 1004 4807 Quid
1054 4739 1198 4794 enim
1239 4753 1378 4808 opus
1403 4744 1486 4792 est
1517 4736 1728 4806 singula
1764 4752 2087 4806 percurren-

517 4845 623 4892 tem
649 4837 702 4891 in
732 4836 818 4889 his
839 4846 959 4904 quae
978 4838 1124 4886 certa
1153 4839 1282 4886 sunt
1306 4836 1359 4884 et
1380 4826 1754 4884 conceduntur
1781 4843 2084 4884 sermonem

518 4926 854 5001 producere?
889 4922 1059 4978 Filius
1086 4930 1267 4976 autem
1297 4927 1352 4976 et
1391 4918 1633 4981 dextera,
1658 4928 1711 4973 et
1741 4916 2083 4990 Unigenitus,

514 5030 571 5076 et
596 5018 854 5081 Verbum,
880 5029 934 5074 et
957 5017 1258 5087 Sapientia,
1286 5021 1342 5069 et
1368 5012 1574 5079 Virtus,
1609 5022 1665 5067 et
1690 5012 1873 5068 omnia
1897 5012 2087 5082 hujus-

517 5111 662 5167 modi
701 5126 823 5182 quae
851 5110 916 5164 ad
957 5108 1163 5178 aliquid
1201 5107 1480 5172 dicuntur,
1520 5113 1780 5175 tanquam
1828 5105 2087 5176 cunjuga-

518 5204 664 5258 tione
719 5202 951 5272 quadam
1011 5199 1237 5255 relativa
1283 5213 1407 5252 cum
1452 5196 1611 5252 Patre
1657 5197 1920 5264 omnium,
1956 5198 2084 5253 dum

519 5291 682 5345 simul
722 5293 1056 5354 nominatur,
1086 5289 1305 5344 dicitur.
1344 5286 1437 5343 Dei
1460 5288 1604 5342 enim
1638 5290 1812 5344 virtus
1841 5290 2088 5344 nomina-

517 5390 627 5443 tur,
656 5388 710 5433 ιιι
737 5382 957 5436 dextera
999 5388 1053 5436 et
1082 5380 1173 5436 Dei
1205 5380 1470 5449 sapientia
1507 5387 1560 5435 et
1604 5377 1780 5435 Patris
1831 5378 2000 5434 Filius
2031 5390 2087 5436 et

521 5468 864 5540 Unigenitus,
897 5482 950 5526 et
978 5469 1215 5525 Verbum
1261 5470 1400 5539 apud
1428 5468 1619 5535 Deum,
1651 5477 1705 5524 et
1750 5485 2088 5539 quaecunque

516 5568 643 5616 sunt
668 5558 957 5629 ejusmodi.
992 5561 1345 5629 Consequens
1377 5561 1539 5631 igitur
1566 5576 1630 5616 ex
1666 5562 1750 5615 his
1772 5561 1954 5626 dictis,
1991 5576 2085 5615 cu-

2183 4374 2341 4445 τικῆς
2371 4377 2646 4445 ἐνεργείας
2673 4379 2996 4450 προσφόρως
3029 4378 3121 4431 ἐπὶ
3146 4378 3254 4432 τῶν
3282 4378 3763 4449 εὐεργετουμένων

2184 4466 2282 4531 τὰς
2306 4468 2486 4535 φωνὰς
2512 4468 2901 4539 οἰκειούμενος.
2933 4470 2998 4522 Τί
3030 4470 3138 4541 γὰρ
3165 4470 3248 4523 δεῖ
3274 4470 3340 4524 τὰ
3369 4469 3488 4523 καθ’
3521 4469 3761 4525 ἕκαστον

2185 4560 2408 4630 λέγοντα
2442 4560 2701 4632 μηκύνειν
2727 4563 2784 4615 ὲν
2811 4564 2923 4625 τοῖς
2947 4560 3395 4632 ὁμολογουμένοις
3435 4559 3529 4613 τὸν
3556 4559 3760 4630 λόγον;

2186 4654 2315 4718 Υἱὸς
2344 4653 2401 4707 δὲ
2433 4653 2527 4706 καὶ
2554 4652 2736 4719 Δεξιὰ,
2783 4654 2877 4707 καὶ
2910 4654 3242 4723 Μονογενὴς,
3289 4654 3384 4707 καὶ
3422 4653 3620 4722 Λόγος,
3662 4654 3763 4709 καὶ

2185 4745 2375 4814 Σοφία,
2408 4746 2501 4798 καὶ
2524 4744 2781 4815 Δύναμις,
2812 4745 2905 4798 καὶ
2932 4746 3000 4798 τὰ
3024 4745 3248 4799 τοιαῦτα
3281 4747 3456 4799 πάντα
3484 4746 3586 4799 ὃσα
3616 4747 3760 4816 πρός

2183 4852 2238 4888 τι
2264 4834 2502 4903 λέγεται,
2530 4834 2778 4907 καθάπερ
2809 4839 2866 4890 ἐν
2900 4836 3128 4907 συζυγίᾳ
3159 4838 3265 4888 τινὶ
3291 4839 3510 4907 σχετικῇ
3540 4836 3620 4908 τῷ
3645 4838 3753 4890 Πα-

2184 4927 2275 4997 τρὶ
2327 4926 2545 4981 πάντων
2598 4927 3094 4998 συνονομαζόμενος
3151 4926 3385 4996 λέγεται.
3451 4927 3588 4981 Θεοῦ
3643 4929 3757 5001 γάρ

2185 5019 2410 5089 δύναμις
2434 5018 2773 5090 ὀνομάζεται,
2798 5019 2890 5071 καὶ
2917 5017 3051 5071 Θεοῦ
3077 5017 3246 5084 δεξιά,
3280 5019 3374 5072 καὶ
3403 5018 3538 5072 Θεοῦ
3570 5018 3754 5088 σοφία.

2187 5110 2282 5164 καὶ
2312 5109 2522 5181 Πατρδς
2549 5110 2696 5174 Υίδς,
2727 5111 2821 5163 καὶ
2849 5109 3177 5181 Μονογενὴς,
3195 5112 3289 5165 καὶ
3311 5111 3481 5179 Λόγος
3507 5111 3643 5181 πρὸς
3664 5111 3760 5165 τὸν

2187 5205 2341 5268 Θεὸν,
2373 5206 2467 5259 καὶ
2488 5206 2586 5258 ὅσα
2613 5204 2857 5258 τοιαῦτα.
2891 5204 3099 5258 Οὐκοῦν
3129 5204 3417 5259 ἀκόλουθον
3445 5205 3513 5259 ὲκ
3543 5206 3650 5258 τῶν
3678 5205 3761 5257 εί-

2191 5295 2443 5366 ρημένων
2474 5295 2703 5348 ἑκάστου
2733 5294 2840 5347 τῶν
2867 5295 3146 5367 ὀνομάτων
3170 5295 3504 5367 κατάλληλόν
3523 5313 3644 5349 τινα
3673 5293 3758 5365 τῷ

2188 5384 2550 5454 ὑποκειμένῳ,
2608 5384 2700 5437 καὶ
2746 5384 3061 5456 πρέπουσαν
3110 5386 3395 5458 ὲνθεωρεῖν
3440 5385 3707 5458 σημασίαν
3732 5400 3753 5417 ’

2185 5472 2260 5537 ὼς
2291 5472 2356 5527 ἂν
2383 5473 2457 5544 μὴ
2485 5473 2563 5544 τῷ
2590 5475 2907 5547 διαμαρτεῖν
2928 5479 3028 5547 τῆς
3054 5475 3221 5548 ὀρθῆς
3248 5477 3486 5541 διανοίας
3510 5477 3640 5551 περὶ
3661 5475 3758 5530 τὸν

2187 5562 2285 5636 τῆς
2315 5563 2591 5628 εὐσεϐείας
2616 5565 3108 5637 πλημμελήσαιμεν
3126 5566 3301 5635 λόγον.
3336 5568 3547 5639 Ὠσπερ
3574 5567 3754 5622 τοίνυν
