3992 6210
255 200 330 257 813

1220 192 1497 257 CONTRA
1526 190 1915 263 EUNOMIUM,
1957 193 2087 253 ΜΒ.
2130 197 2210 256 Ill.

3313 207 3410 267 6H

253 319 328 371 τῶν
345 317 476 374 ἄλλον
495 318 726 374 ἕκαστον
748 319 883 392 πρὸς
909 320 970 374 τὸ
994 319 1294 403 θεοπρεπὲς
1322 319 1733 393 μεταλαϐόντες,

1853 318 2035 388 [usque
2082 319 2278 374 horum
2315 319 2596 375 nominum
2632 320 3080 392 significationem
3123 326 3417 396 quamdam

251 410 469 483 ἀθιτοῦμεν
494 410 591 482 τὴν
619 412 907 484 πρόχειρον
932 414 1019 465 ἐπ’
1039 412 1217 467 αὐτῶν
1247 412 1473 477 ἔννοιαν,
1495 412 1571 474 ὡς
1603 412 1739 483 μήτε

247 503 334 569 φῶς
363 503 530 563 ὑλικὸν.
580 506 718 574 μήτε
768 505 1114 575 πατουμένην
1165 504 1301 565 ὁδὸν,
1353 504 1489 575 μήτε
1535 502 1627 556 τὸν
1676 504 1741 557 ὲκ

249 592 443 668 γεωργίας
467 596 654 666 ἄρτον,
692 596 829 667 μήτε
858 595 947 649 τὸν
973 595 1061 653 διὰ
1106 595 1367 667 ῥημάτων
1393 594 1549 664 λόγον
1575 635 1590 659 ,
1626 594 1739 647 ἀλλ’

242 686 333 739 ἀντὶ
365 684 540 739 τούτων
586 688 771 740 ἐκεῖνα
821 686 1060 756 νομίζειν
1101 687 1200 740 ὅσα
1242 682 1304 738 τὸ
1338 686 1620 757 μεγαλεῖον
1641 686 1742 755 τῆς

240 777 452 847 δυνάμεως
480 775 575 830 τοῦ
604 776 740 831 Θεοῦ
767 779 938 848 Λόγου
973 778 1301 851 παρίστησιν
1324 798 1340 812 ·
1385 778 1559 843 οὓτως
1582 778 1637 832 εί
1658 796 1743 842 τις

237 868 399 941 ἀθετοίη
424 868 511 921 τοῦ
555 869 675 923 uio?»
708 868 805 941 τὴν
840 870 1042 942 συνήθη
1074 873 1168 926 καὶ
1198 871 1338 925 κατά
1371 870 1532 941 φύσιν
1562 887 1740 941 σημα-

235 960 341 1024 σίαν,
366 959 421 1013 δι’
441 955 507 1032 ἧς
532 958 595 1013 τὸ
622 963 685 1014 ἐκ
710 962 811 1032 τῆς
851 956 1037 1025 οὐσίας
1068 958 1206 1016 εἶναι
1231 961 1324 1016 τοῦ
1357 963 1744 1033 γεγεννηκότος

230 1052 535 1123 μανθάνομεν,
583 1054 719 1124 πρός
764 1072 886 1108 τινα
934 1055 1405 1128 θεοπρεπεστέραν
1451 1057 1742 1128 ἑρμηνείαν

224 1140 543 1211 μεταλήψεται
590 1142 806 1206 πάντως
852 1143 912 1196 τὸ
955 1142 1144 1214 ὄνομα.
1210 1144 1424 1216 Ἐπειδὴ
1468 1145 1579 1216 γὰρ
1636 1145 1743 1199 τῶν

218 1232 360 1285 ἄλλων
378 1234 597 1286 ἑκάστου
621 1234 755 1305 πρὸς
776 1235 836 1287 τὸ
861 1235 1192 1307 ἐνδοξότερον
1221 1239 1251 1306 ἡ
1285 1236 1583 1309 μετάληψις
1608 1253 1744 1307 γινο-

214 1323 325 1394 μένη
350 1325 473 1394 πρὸς
500 1323 597 1395 τὴν
628 1324 729 1394 τῆς
755 1326 903 1388 θείας
921 1326 1204 1398 δυνάμεως
1235 1328 1455 1394 ἔνδειξιν
1480 1330 1739 1400 ἥρμοσεν,

206 1411 462 1466 ἀκόλουθον
488 1414 704 1477 πάντως
736 1414 854 1468 ἐστὶ
885 1415 977 1470 καὶ
1004 1416 1192 1470 τούτου
1228 1416 1323 1470 τοῦ
1359 1419 1620 1489 ὀνόματος
1651 1419 1743 1471 ἐπὶ

207 1504 254 1555 τὸ
288 1503 600 1575 ὑψηλότερον
645 1506 1028 1577 μετενεχθῆναι
1072 1508 1134 1561 τὺ
1185 1508 1599 1579 σημαινόμενον.
1647 1509 1743 1573 Τίς

202 1594 258 1649 iv
295 1591 381 1650 οὖν
426 1596 636 1665 γένοιτο
677 1597 1115 1670 θεοπρεπεστέρα
1143 1600 1347 1656 διάνοια
1385 1602 1475 1654 ἐπὶ
1520 1601 1620 1673 τῆς
1645 1601 1739 1655 τοῦ

201 1685 312 1740 Υἱοῦ
353 1690 739 1761 προσηγορίας,
783 1691 834 1742 εί
877 1690 1119 1745 άθετοίτο
1152 1693 1290 1746 κατὰ
1319 1693 1410 1747 τὸν
1445 1693 1602 1763 λόγον
1629 1694 1739 1749 τῶν

198 1780 505 1834 ὑπεναντίων
532 1782 566 1852 ἡ
593 1781 797 1855 φυσικὴ
833 1783 967 1855 πρὸς
1007 1784 1100 1837 τὸν
1148 1786 1481 1859 γεννήσαντα
1513 1787 1693 1858 σχέσις
1721 1805 1737 1854 ;

198 1869 332 1941 τάχα
357 1872 463 1943 γὰρ
486 1871 662 1935 οὕτως
688 1874 863 1938 οὐδεὶς
903 1875 1038 1944 πρὸς
1067 1876 1318 1930 ἀσέϐειαν
1344 1877 1633 1950 τολμηρὸς,
1665 1878 1741 1941 ὼς

199 1965 247 2015 ὲν
266 1967 365 2027 τοῖς
389 1965 516 2035 περὶ
545 1965 645 2033 τῆς
671 1964 820 2029 θείας
847 1965 1061 2035 φύσεως
1089 1967 1267 2035 λόγοις
1291 1968 1354 2021 τὸ
1374 1968 1627 2023 ταπεινὸν
1648 1969 1742 2022 καὶ

201 2054 506 2124 χαμαίζηλον
536 2054 646 2109 τῶν
682 2054 901 2127 ὑψηλῶν
926 2074 986 2110 τε
1016 2058 1108 2111 καὶ
1134 2059 1381 2129 μεγάλων
1412 2059 1742 2131 ἁρμοδιώτε-

201 2160 277 2215 ρον
296 2145 513 2199 οἴεσθαι.
563 2145 772 2200 οὐκοῦν
815 2147 863 2200 εί
897 2146 995 2217 μέν
1026 2164 1147 2201 τινα
1176 2147 1377 2217 ταύτης
1407 2149 1744 2221 μεγαλοφυεο

199 2236 369 2308 πέραν
393 2235 633 2291 διάνοιαν
668 2237 1091 2309 ἐξευρίσκουσιν,
1133 2238 1209 2301 ὡς
1234 2239 1448 2305 ἀνάξιον
1477 2235 1615 2293 εἶναι
1656 2239 1742 2293 δο-

195 2330 295 2380 κεῖν
325 2329 449 2399 περὶ
467 2315 564 2382 τού
591 2328 926 2399 Μονογενοῦς
946 2333 1106 2394 νοεῖν,
1124 2330 1185 2383 τὸ
1208 2331 1273 2385 ὲκ
1288 2331 1388 2401 τῆς
1410 2331 1624 2401 φύσεως
1645 2330 1740 2384 τοῦ

1841 412 2090 480 subjecto
2134 420 2324 467 mutuo
2370 412 2793 482 respondentem
2836 423 2889 470 et
2922 425 3310 487 congruentem
3340 420 3420 474 in-

1841 505 2070 573 spicere,
2095 519 2163 558 ne
2192 518 2221 557 a
2272 510 2419 558 recta
2457 504 2811 575 intelligentia
2852 507 3170 564 aberrantes
3204 511 3259 563 in
3301 526 3419 566 ser-

1841 606 2056 647 monem
2100 592 2314 663 pietatis
2366 608 2671 663 peccemus.
2726 595 3193 662 Quemadmodum
3251 602 3419 671 igitur

1842 684 2070 738 aliorum
2110 685 2393 739 nominum
2426 685 2849 755 unumquodque
2881 689 2946 742 ad
2988 690 3038 743 id
3072 691 3215 756 quod
3245 691 3414 747 Deum

1841 776 1998 832 decet
2048 792 2172 832 cum
2226 777 2686 841 transtulerimus,
2724 778 2896 847 prima
2938 782 3118 850 specie
3170 783 3225 836 in
3284 783 3419 854 ipsis
3519 796 3527 801 '

1842 875 2190 939 apparentem
2222 869 2498 923 notionem
2529 870 2866 939 spernimus,
2905 871 2978 924 ita
3022 879 3079 925 ut
3128 886 3307 941 neque
3342 876 3422 928 lu-

1842 974 1957 1017 cem
1989 962 2346 1025 materialem,‘
2380 977 2554 1034 neque
2580 963 2722 1017 viam
2754 978 2875 1033 quae
2900 964 3126 1032 pedibus
3154 966 3417 1029 calcatur.

1842 1068 2018 1124 neque
2051 1068 2246 1125 panem
2274 1054 2365 1124 qui
2400 1071 2464 1108 ex
2512 1055 2847 1125 agricultura
2889 1055 3198 1120 conlititur,
3244 1074 3420 1128 neque

1844 1147 2067 1200 verbum
2118 1146 2262 1216 quod
2298 1146 2356 1200 iit
2391 1161 2456 1202 ex
2481 1145 2798 1212 vocabulis,
2831 1146 2923 1202 sed
2956 1162 3055 1216 pro
3090 1148 3174 1203 his
3213 1150 3301 1203 illa
3334 1151 3420 1204 in-

1843 1237 2148 1307 telligamus
2181 1250 2518 1306 quaecunque
2559 1234 2901 1303 majestatem
2954 1238 3206 1305 potentiae
3254 1235 3416 1292 Verbi

1843 1325 1937 1381 Dei
1978 1335 2371 1398 reprzeseutant
2408 1345 2422 1382 :
2475 1328 2548 1382 ita
2600 1326 2645 1382 si
2675 1327 2798 1396 quis
2840 1326 3101 1396 despiciat
3145 1341 3415 1384 assuetam

1844 1417 1936 1473 filii
1972 1426 2027 1472 et
2058 1419 2360 1473 naturalem
2390 1416 2830 1488 significantiam,
2868 1431 2964 1487 per
2985 1432 3146 1487 quam
3173 1418 3415 1488 ejusdem

1841 1511 2093 1566 essentne
2140 1525 2263 1564 cum
2308 1510 2552 1580 genitore
2610 1524 2734 1565 esse
2774 1508 3100 1575 didicimus,
3147 1510 3305 1579 plane
3350 1511 3416 1563 ad

1844 1601 2080 1670 aliquam
2143 1600 2254 1655 Deo
2306 1600 2481 1670 magis
2533 1599 2788 1654 decoram
2838 1609 2893 1653 et
2938 1598 3417 1669 congruentiorem

1845 1692 2351 1760 interpretationem
2396 1705 2598 1745 nomen
2649 1690 2754 1745 hoc
2786 1698 3161 1745 transsumere
3194 1705 3420 1746 necesse

1844 1782 2027 1838 fuerit.
2091 1782 2371 1852 Siquidem
2435 1783 2579 1836 enim
2637 1782 2868 1836 aliorum
2921 1782 3186 1851 cujusque
3243 1783 3311 1836 ad
3364 1782 3420 1837 id

1843 1874 1987 1943 quod
2025 1874 2291 1927 illustrius
2319 1882 2375 1927 et
2418 1873 2702 1927 decentius
2746 1873 3142 1942 transsumptio
3175 1870 3316 1927 iacta
3350 1874 3419 1927 ad

1842 1964 2040 2020 divinae
2088 1964 2344 2034 potentiae
2383 1962 2904 2019 demonstrationem
2963 1965 3418 2029 accommodavit,

1841 2070 2183 2125 consequens
2213 2057 2438 2110 omnino
2460 2064 2545 2110 est
2593 2054 2755 2123 hujus
2781 2053 2944 2109 etiam
2978 2055 3216 2111 nominis
3248 2056 3420 2126 signi-

1844 2147 2059 2202 ficatum
2090 2146 2155 2201 ad
2175 2146 2226 2201 id
2252 2147 2395 2217 quod
2427 2155 2512 2202 est
2541 2146 2811 2203 excelsius
2837 2154 2891 2201 ct
2913 2147 3201 2204 sublimius
3233 2154 3418 2204 trans-

1846 2236 1993 2292 ferri.
2017 2235 2277 2303 Quaenam
2309 2238 2475 2309 igitur
2502 2251 2625 2293 esse
2651 2238 2855 2307 poterit
2874 2236 2983 2293 Deo
3006 2238 3418 2311 convenientior

1847 2329 2127 2401 magisque
2155 2330 2349 2385 decora
2382 2330 2735 2400 intelligentia
2768 2331 2821 2385 in
2873 2329 2992 2385 Filii
3038 2330 3419 2402 appellatione.

198 2417 385 2491 ηατρδς
415 2416 576 2483 εῐναι,
603 2422 913 2477 εἰπάτωσαν
945 2423 999 2475 εί
1022 2441 1074 2476 τι
1103 2422 1452 2492 γινώσκουσι,
1481 2423 1621 2477 κατὰ
1642 2423 1743 2495 τὴν

1853 2420 1891 2475 si
1942 2421 2243 2477 secundum
2294 2421 2728 2476 adversariorum
2783 2436 3090 2477 sermonem
3153 2423 3422 2478 naturalis

194 2508 483 2580 ἀπόρρητον
505 2508 684 2563 αὐτῶν
714 2510 905 2581 σοφίαν
936 2511 1034 2582 τῆς
1060 2513 1330 2584 πατρικῆς
1363 2511 1575 2581 φύσεως
1603 2511 1744 2581 sqq.-

193 2598 394 2669 λότερον
415 2617 430 2631 ·
460 2600 604 2654 ὥστε
640 2601 777 2673 πρὸς
810 2603 985 2655 ἐκεῖνο
1013 2602 1106 2655 τὸν
1158 2604 1415 2674 μονογενῆ
1464 2603 1595 2656 Θεὸν
1646 2606 1743 2657 ἐπ-

192 2689 435 2759 ἀμντας,
469 2691 569 2760 τῆς
596 2692 730 2763 πρὸς
752 2692 844 2747 τὸν
879 2692 1097 2764 Πατέρα
1126 2693 1362 2764 σχέσεως
1390 2693 1550 2747 αὐτὸν
1577 2695 1744 2766 ὑπερ-

188 2783 324 2849 ᾶραι.
380 2783 443 2836 Ei
486 2783 542 2837 δὲ
585 2783 788 2848 παντὸς
826 2783 992 2853 ὕψους
1035 2784 1376 2857 ὑπέρκειται,
1426 2786 1517 2840 καὶ
1547 2787 1745 2841 ’πᾶσαν

182 2870 402 2942 δύναμιν
444 2873 818 2946 θαυμαστικὴν
860 2874 1175 2946 ὑπερϐαίνει
1205 2876 1301 2947 τῆς
1321 2875 1468 2939 θείας
1534 2877 1746 2946 φύσεως

180 2962 236 3014 τὸ
268 2964 576 3033 μεγαλεῖον,
629 2966 713 3028 τίς
742 2966 1089 3020 ὑπολείπεται
1126 2966 1299 3035 λόγος.
1336 2966 1429 3020 ἐπὶ
1471 2966 1530 3019 τὸ
1565 2966 1746 3036 μεῖζον

177 3050 357 3121 φέρων
374 3054 477 3123 τῆς
502 3053 599 3107 τοῦ
620 3054 750 3108 Tim?)
778 3056 1019 3126 κλήσεως
1040 3055 1140 3126 τὴν
1166 3054 1494 3127 ἑρμηνείαν;
1533 3053 1750 3124 Ἐπιδὴ

172 3144 353 3196 τοίνυν
384 3144 642 3215 ὁμολογεῖ
672 3145 850 3200 πᾶσαν
881 3145 1008 3217 περὶ
1040 3145 1135 3199 τοῦ
1172 3145 1507 3215 Μονογενοῦς
1541 3160 1750 3215 σημαν-

171 3233 328 3305 τικὴν
358 3234 528 3300 λέξιν,
556 3235 662 3289 κᾶν
688 3236 753 3289 ἐκ
784 3237 882 3306 τῆς
909 3237 1060 3291 κάτω
1094 3236 1377 3308 συνηθείας
1409 3235 1750 3307 ὀνομάζεται,

171 3324 306 3392 πρὸς
359 3325 425 3378 τὺ
467 3325 885 3397 μεγαλειότερον
926 3328 1046 3391 ταῖς
1086 3326 1315 3389 ἐννοίαις
1370 3325 1754 3398 μετατεθεῖσαν

172 3413 379 3484 κυρίως
405 3414 664 3483 λέγεσθαι
685 3434 698 3449 ’
736 3414 1006 3469 δείκνυται
1033 3416 1089 3471 δὲ
1118 3415 1192 3488 μὴ
1223 3415 1479 3471 δύνασθαί
1508 3433 1628 3470 τινα
1661 3433 1758 3486 με-

170 3504 620 3579 γαλοφυεστὲραν
667 3506 876 3562 ἔννοιαν
931 3508 1029 3579 τῆς
1068 3506 1163 3561 τοῦ
1205 3507 1334 3562 Υἱοῦ
1386 3507 1755 3580 προσηγορίας

169 3595 353 3666 εὑρεῖν
379 3597 614 3669 ταύτης,
646 3598 683 3670 ἢ
728 3598 790 3653 τὸ
833 3600 1054 3671 γνήσιον
1086 3599 1222 3671 πρὸς
1264 3600 1353 3653 τὸν
1391 3599 1756 3670 γεγεννηκότα

172 3688 511 3761 παρίστησιν
531 3706 545 3721 ο
584 3688 738 3743 οὐδὲν
764 3684 915 3761 οἶμαι
944 3690 1141 3761 χρῆναι
1173 3689 1334 3742 πλέον
1365 3688 1755 3761 ὲπιδιατρίϐειν

171 3778 251 3848 τῷ
280 3781 456 3851 τύπῳ,
495 3780 697 3845 ίκανῶς
719 3780 807 3834 διὰ
830 3781 937 3835 τῶν
967 3780 1268 3854 εἰρημένων
1303 3780 1711 3852 ἀποδειχθέντος
1735 3796 1749 3811 ⁸

170 3869 256 3921 ὅτι
298 3870 365 3923 οὐ
413 3872 689 3943 προσήκει
743 3872 865 3925 καθ’
912 3872 1203 3944 ὁμοιότητα
1244 3872 1352 3927 τῶν
1390 3871 1591 3926 λοιπῶν
1638 3874 1756 3926 ὀνο.

176 3960 369 4030 μάτων
405 3963 504 4016 καὶ
537 3962 640 4035 τὴν
668 3963 765 4017 τοῦ
803 3963 932 4019 Υίοῦ
976 3964 1344 4037 προσηγορίαν
1387 3963 1758 4037 μεθερμηνεύ-

177 4052 353 4111 εσθαι.

1843 2526 1966 2566 cum
1998 2512 2242 2583 genitore
2285 2511 2498 2567 aﬂ’et-tio
2537 2512 2653 2568 sive
2683 2513 2879 2568 relatio
2910 2512 3266 2582 repudietur?
3311 2511 3424 2569 for-

1845 2607 1991 2656 tasse
2032 2600 2177 2655 enim
2226 2601 2410 2656 nullus
2452 2608 2561 2656 tam
2613 2603 2788 2658 audax
2827 2610 2881 2658 et
2913 2619 3155 2674 praeceps
3200 2603 3267 2659 ad
3320 2604 3423 2661 im-

1844 2693 2099 2763 pietatem
2130 2691 2309 2755 fuerit,
2347 2700 2407 2747 ut
2427 2694 2482 2748 in
2511 2694 2861 2750 sermonibus
2885 2695 2953 2750 de
2985 2703 3177 2750 natura
3215 2694 3421 2759 divina,

1844 2783 1990 2853 quod
2036 2784 2142 2839 vile
2185 2793 2241 2838 et
2278 2784 2549 2854 abjectum
2594 2794 2697 2849 est,
2747 2785 2959 2855 magnis
2999 2794 3053 2840 et
3100 2785 3421 2841 sublimibus

1846 2874 2259 2929 eonvenientius
2309 2883 2362 2929 et
2414 2876 2596 2943 aptius
2642 2877 2914 2945 opinetur.
2966 2874 3331 2941 Quamobrem
3373 2879 3443 2933 δῖε

1852 2966 2088 3035 aliquam
2130 2965 2656 3035 magnificentiorem
2703 2966 3118 3036 intelligentiam
3168 2968 3270 3022 hac
3305 2968 3424 3038 ipsa

1851 3056 2181 3125 excogitant,
2206 3055 2278 3109 ita
2306 3062 2365 3109 ut
2382 3055 2603 3126 indigna
2625 3056 2875 3112 videatur
2901 3072 3021 3112 esse
3040 3056 3107 3113 de
3132 3052 3427 3130 Unigenito

1853 3146 2026 3207 notio,
2058 3160 2252 3216 nempe
2276 3160 2398 3201 esse
2437 3160 2502 3200 ex
2541 3145 2717 3202 Patris
2752 3154 2946 3200 natura
2976 3147 3180 3208 dicant.
3217 3149 3264 3204 si
3294 3149 3426 3220 quid

1854 3244 2196 3306 cognoscunt
2215 3235 2521 3292 secundum
2552 3250 2708 3291 suam
2741 3251 2997 3290 arcanam
3059 3245 3114 3291 et
3164 3237 3424 3292 recondi-

1855 3336 1963 3382 tam
1989 3337 2150 3398 atque
2208 3326 2793 3382 incommemorabilem
2844 3328 3168 3398 sapientiam
3200 3337 3427 3399 paterna

1860 3428 2059 3473 natura
2087 3417 2293 3489 aliquid
2330 3418 2602 3474 excelsius
2628 3428 2682 3474 et
2717 3418 3041 3475 sublimius:
3086 3427 3144 3474 ut
3177 3419 3242 3475 ad
3294 3421 3426 3479 illud

1862 3510 2200 3581 unigenitum
2242 3507 2408 3563 Deum
2459 3510 2789 3575 attollentes,
2834 3525 2959 3565 eum
3002 3525 3166 3580 super
3206 3512 3429 3568 relatio-

1857 3616 1982 3657 nem
2006 3616 2169 3672 quam
2213 3600 2280 3655 ad
2317 3599 2532 3656 Patrem
2579 3600 2742 3657 habet
2790 3600 3135 3658 extollamus.
3181 3600 3334 3667 Quod
3380 3603 3430 3660 si

1859 3703 2068 3748 natura:
2092 3692 2287 3747 divinat
2308 3691 2568 3760 majestas
2596 3700 2651 3747 et
2692 3690 2991 3759 amplitudo
3046 3706 3261 3745 omnem
3303 3693 3432 3748 alti-

1858 3785 2098 3841 tudinem
2131 3783 2519 3853 supereminet,
2543 3796 2870 3852 omnemque
2912 3782 3289 3837 admirabilem
3323 3785 3431 3839 vir-

1862 3883 2030 3930 tutem
2057 3880 2314 3943 superat:
2349 3872 2474 3942 quis
2502 3873 2826 3941 relinquitur
2863 3885 3044 3926 sermo
3084 3869 3204 3925 Filii
3245 3872 3431 3941 appcl-

1862 3967 2085 4023 lationis
2127 3965 2631 4035 interpretationem
2677 3963 2744 4018 ad
2796 3963 2996 4032 aliquid
3063 3963 3241 4032 majus
3262 3964 3430 4018 extol-

1860 4053 2018 4110 lens?
2048 4054 2316 4121 Quoniam
2340 4053 2504 4124 igitur
2520 4054 2718 4108 fatctur
2740 4067 2956 4107 omnem
2972 4052 3292 4115 dictionem.
3321 4070 3428 4125 qua

185 4145 513 4221 Uuigeuitus
571 4150 933 4225 signiﬁcatur,
969 4153 1184 4208 tametsi
1226 4168 1291 4207 ex
1342 4152 1549 4225 vulgari
1599 4149 1994 4206 consuetudine
2038 4149 2374 4209 nominatur,
2423 4147 2491 4201 ad
2546 4145 3061 4215 magnificentiorem
3117 4159 3339 4200 sensum
3379 4155 3433 4202 et

192 4246 463 4303 notionem
536 4249 857 4303 translatam
912 4248 1130 4318 proprie
1173 4248 1279 4302 dici
1320 4265 1334 4301 ;

1396 4248 1734 4303 demonstrat
1786 4252 1967 4300 autem
2042 4259 2102 4297 se
2170 4256 2278 4296 non
2296 4255 2460 4310 posse
2523 4238 2893 4294 sublimiorem
2958 4247 3014 4293 et
3080 4239 3433 4310 magnificen-

192 4338 380 4396 εἱσι-ειη
434 4342 685 4399 notitiam
733 4342 896 4412 hujus
943 4338 1063 4398 Filii
1123 4341 1501 4414 appellationis
1562 4342 1827 4408 invenire,
1868 4352 2030 4409 quam
2059 4351 2178 4392 eam
2210 4348 2329 4406 qua
2360 4333 2503 4404 quod
2527 4339 2612 4388 est
2649 4347 2966 4403 germanum
2991 4339 3045 4389 et
3071 4334 3434 4406 propinquum

197 4440 311 4488 eum
374 4452 443 4492 eo
518 4435 613 4508 qui
666 4436 854 4507 genuit
892 4434 1190 4490 exhibeat:
1232 4434 1364 4489 nihil
1408 4443 1542 4505 puto
1584 4441 1835 4505 oportere
1867 4431 2076 4487 diutius
2110 4428 2166 4482 in
2194 4426 2298 4482 hoc
2330 4426 2452 4481 loco
2509 4425 2812 4490 immorari,
2851 4439 2974 4479 cum
3017 4440 3083 4480 ex
3142 4425 3303 4481 dictis
3334 4426 3435 4480 ab-

204 4531 335 4586 unde
379 4534 517 4589 satis
551 4532 981 4588 demonstratum
1023 4531 1094 4587 sit
1140 4529 1284 4600 quod
1315 4544 1423 4585 non
1468 4531 1721 4586 convenit
1760 4528 1934 4584 instar
1965 4524 2298 4596 reliquorum
2329 4522 2609 4578 nominum
2656 4520 2819 4578 etiam
2859 4519 2980 4576 Filii
3020 4521 3433 4592 appellationem

208 4620 564 4691 interpretari.

280 4713 412 4767 Ἀλλ’
432 4716 526 4769 ἐπὶ
550 4714 613 4770 τὸ
633 4711 837 4786 βιϐλίον
863 4714 1023 4771 πάλιν
1048 4712 1378 4768 ὲπανακτέον
1396 4712 1493 4784 τὴν
1513 4712 1744 4785 θεωρίαν

1942 4707 2048 4764 Sed
2079 4707 2144 4763 ad
2191 4706 2313 4777 ejus
2353 4704 2593 4760 libellum
2636 4703 3151 4775 contemplationem
3204 4704 3438 4759 transfe-

215 4796 315 4853 Οὐκ
356 4804 470 4858 ἐστι
508 4805 619 4859 τῶν
664 4803 867 4869 αὐτῶν,
898 4805 990 4857 τὸν
1030 4802 1284 4874 γεννητὸν
1312 4801 1559 4875 γέννημα
1588 4802 1767 4872 λέγειν

221 4891 287 4964 μὴ
316 4896 693 4968 παραιτεῖσθαι
716 4914 731 4929 ⁸
775 4900 888 4962 τοῖς
931 4897 1040 4969 γάρ
1090 4896 1313 4950 ὲκείνων
1360 4897 1635 4967 χρήσομαι
1675 4895 1771 4967 pf;-

225 4996 407 5051 μσινο
470 4989 582 5058 τῆς
614 4988 1012 5060 τεννηθείσης
1043 4984 1229 5055 αὐτῆς
1269 4988 1485 5051 οὐσίας
1526 4986 1621 5040 καὶ
1663 4984 1769 5052 τῆς

225 5074 317 5131 τοῦ
350 5078 482 5133 Υιοῦ
510 5078 916 5149 προσηγορίας
950 5076 1064 5145 τὴν
1100 5077 1383 5144 τοιαύτην
1410 5073 1529 5128 τῶν
1554 5072 1770 5142 ὀνομά-

226 5180 328 5219 των
355 5172 759 5241 olusva
798 5169 1035 5240 σχέσιν
1097 5168 1188 5224 καὶ
1224 5167 1386 5222 πάλιν
1416 5164 1774 5237 μετατεθῆναι

224 5254 308 5323 τὰς
336 5262 627 5332 προσφυεῖς
658 5260 952 5333 ὀνομασίας
986 5260 1067 5323 είς
1108 5259 1372 5332 τροπικὰς
1422 5254 1771 5328 μεταλήψεις,

226 5342 349 5402 ὥστε
374 5351 515 5406 δυοῖν
548 5353 796 5423 θάτερον,
827 5353 862 5425 ἢ
895 5351 957 5405 τὸ
983 5351 1244 5424 πρότεμιν
1268 5349 1374 5403 τῶν
1409 5347 1773 5419 ἐπιχειρημά-

226 5448 322 5489 τυυ
361 5443 546 5510 αὐτοῖς
575 5443 922 5498 διαπέπτωκε
945 5481 961 5504 ,
1010 5444 1105 5496 καὶ
1156 5441 1329 5511 μάτην
1373 5439 1776 5509 καταφεύγουσι

223 5531 347 5593 Ψ
373 5535 473 5606 τὴν
512 5541 576 5592 ἑκ
600 5537 817 5607 φύσεως
843 5535 1017 5599 τάξιν,
1049 5536 1127 5596 είς
1171 5532 1511 5602 κατασκευὴν
1543 5530 1637 5583 τοῦ
1666 5529 1776 5583 δεῖν

218 5622 451 5699 γέννημα
490 5631 579 5685 τὸν
608 5629 930 5700 γεννηθέντα
969 5625 1426 5700 προσαγορεύειν·
1478 5624 1508 5694 ἢ
1540 5625 1585 5676 εί
1623 5620 1778 5675 τοῦτο

1873 4816 2084 4855 ramus.
2112 4798 2229 4854 Non
2271 4805 2356 4854 est
2390 4794 2741 4858 eorumdem,
2778 4796 3016 4863 genitum
3072 4804 3126 4848 et
3172 4810 3439 4865 genuema

1875 4888 2253 4961 (progeniem)
2303 4887 2486 4942 dicere
2532 4900 2644 4939 non
2695 4897 2951 4940 recusare
3001 4885 3241 4956 (illorum
3294 4887 3439 4941 enim

1874 4981 2057 5036 verbis
2101 4980 2264 5050 utar),
2300 4995 2417 5034 cum
2450 4978 2624 5049 genita
2661 4978 2778 5046 ipsa
2818 4979 3044 5032 essentia
3083 4989 3133 5033 et
3179 4976 3309 5032 Filii
3344 4995 3443 5048 ap-

1872 5073 2092 5140 pellatio
2123 5074 2280 5128 talem
2330 5073 2601 5127 nominum
2639 5069 2742 5123 sibi
2778 5069 3048 5138 propriam
3093 5070 3316 5125 vindicet
3359 5088 3444 5126 re-

1880 5166 2167 5220 lationem:
2205 5171 2264 5218 et
2286 5178 2479 5220 rursus
2505 5163 2805 5218 transferre
2836 5164 3099 5231 genuinas
3124 5169 3178 5217 et
3219 5171 3438 5217 natura-

1876 5258 1955 5313 les
1995 5256 2393 5311 nominationes
2441 5256 2506 5309 ad
2538 5254 2778 5325 tropicas
2810 5254 3324 5325 transsumptiones,
3372 5254 3444 5307 ita

1879 5356 1937 5403 ut
1967 5347 2201 5403 duorum
2246 5349 2500 5412 alterum,
2541 5348 2623 5403 vel
2667 5349 2818 5418 prius
2856 5347 3099 5417 ipsorum
3152 5362 3446 5417 argumen-

1879 5445 1992 5491 tum
2015 5438 2239 5504 excidit,
2264 5437 2579 5508 frustraque
2609 5437 2677 5493 ad
2701 5446 2912 5492 naturae
2955 5435 3200 5492 ordinem
3251 5437 3445 5494 confu-

1880 5530 2036 5601 giunt
2069 5529 2135 5583 ad
2180 5528 2534 5585 astruendum
2585 5537 2838 5601 oportere
2882 5530 3121 5599 genitum
3176 5530 3447 5600 appellare

1887 5639 2149 5693 genuema
2181 5623 2570 5693 (progeniem):
2622 5620 2759 5692 quod
2808 5623 2852 5676 si
2887 5622 3015 5678 illud
3060 5627 3446 5679 convenienter
