3992 6210
566 315 689 376 ’τις
887 316 891 320 ‘
1829 319 1885 377 s.
1916 321 2242 379 caecos"
2284 321 2571 399 nvssnm
3627 354 3629 357 ι
3666 336 3744 390 ϐῖο

587 423 776 508 nymia
808 435 923 491 sive
957 434 1196 488 nominis
1219 433 1546 504 ambiguitas
1582 436 1866 492 veritatem
1894 437 2163 494 fallaciter

2195 446 2240 502 Α
2269 440 2470 510 σαρκὸς
2504 441 2584 502 εἰς
2630 438 2691 492 τὸ
2720 432 2858 491 εἴναι
2891 438 3118 508 πάροδος
3167 438 3320 510 ὑλικὴ
3365 439 3438 504 tit;
3471 440 3569 498 ἐστι
3595 448 3752 506 miihi

584 533 875 593 pervertat.
903 525 1172 591 Quoniam
1207 524 1372 594 igitur
1403 527 1488 579 via
1519 541 1640 595 quae
1673 541 1771 596 per
1801 543 2024 585 carnem
2061 532 2160 584 ali-

2264 532 2469 595 πάθους
2499 529 2818 600 προάγεται,
2851 529 2908 582 τὸ
2939 529 2992 582 δὲ
3017 528 3323 599 ἀσώματον,
3353 533 3438 586 καὶ
3470 535 3658 605 ἀναφὲς,
3683 544 3751 594 καὶ

582 618 714 688 quid
739 632 860 673 esse
903 617 1050 679 facit,
1091 617 1386 671 materialis
1415 618 1660 688 quaedam
1691 627 1772 674 est
1802 627 1852 675 et
1889 637 1984 690 per
2033 621 2158 677 allie-

2265 622 2519 685 άνείδεον,
2545 623 2638 674 καὶ
2661 622 2759 690 τῆς
2782 621 3013 683 ὑλώδους
3038 620 3310 690 ἐπιμιξίας
3329 623 3594 696 ἐλεύθερον,
3618 630 3756 700 πάσης

583 715 730 759 ctum
782 706 1125 776 provehitur,
1179 704 1325 775 quod
1374 714 1557 761 autem
1612 709 1998 778 incorporeum
2059 727 2159 768 nec

2263 713 2553 776 διαθέσεως
2574 712 2852 783 ὲμπαθοῦς
2873 710 3246 782 ἠλλοτρίωται·
3274 713 3519 786 θεωρῆσαι
3541 721 3750 790 προσήκει

583 798 729 867 tangi
763 803 940 868 potest
976 805 1028 850 et
1072 797 1305 853 informe
1334 805 1387 852 et
1428 798 1498 852 ab
1544 801 1691 852 omni
1729 801 1994 856 maleriali
2029 819 2159 859 con-

2266 806 2392 876 περὶ
2422 805 2580 868 ποίας
2625 806 2928 874 γεννήσεως
2975 805 3008 874 ἡ
3048 803 3270 875 ζήτησις
3311 799 3393 876 ἦν,
3421 807 3505 875 τῆς
3534 809 3755 880 ἀκηράτου

582 889 824 944 Cretione
859 889 1090 944 liberum
1135 890 1323 960 procul
1359 890 1426 944 ah
1459 891 1605 944 omni
1630 890 1920 955 allectione
1957 904 2009 949 et
2039 909 2158 964 per-

2264 899 2358 951 καὶ
2385 897 2532 960 θείας
2553 937 2566 962 ,
2596 897 2628 966 ἢ
2659 897 2756 965 τῆς
2805 894 3083 966 ὲμπαθοῦς
3116 896 3210 949 καὶ
3244 897 3501 966 ῥυπώσης.
3546 900 3660 954 Ἀλλ’
3682 905 3755 957 οὐκ

581 982 891 1036 turbatione
925 990 1193 1036 remotum
1213 991 1296 1036 est
1326 990 1378 1036 et
1405 982 1642 1036 alienum
1665 1002 1677 1037 :
1705 983 1773 1038 de
1796 999 1904 1054 qua
1935 1001 2157 1055 genera-

2263 991 2328 1045 ἄν
2356 1005 2439 1051 τις
2473 987 2652 1051 εἴποι,
2693 987 2752 1040 τὸ
2803 987 2877 1058 μὴ
2919 987 3044 1056 περὶ
3072 986 3165 1039 τοῦ
3217 988 3514 1056 μονογενοῦς
3546 989 3660 1044 Θεοῦ
3687 995 3758 1064 τὴν

573 1072 728 1128 tione
772 1074 1035 1142 quaeritur
1064 1074 1167 1127 hoc
1202 1074 1342 1137 loco,
1387 1081 1637 1142 spectare
1665 1076 1940 1140 convenit,
1990 1091 2058 1130 an
2093 1079 2149 1133 dc

2265 1077 2843 1148 προαιὼνιονιῦπαρξιν
2871 1077 3190 1148 προκεῖσθαι
3213 1080 3274 1148 τῇ
3299 1077 3484 1149 θεωρίᾳ
3510 1079 3590 1132 τοῦ
3617 1081 3755 1148 λόγου.

582 1162 981 1231 incorruptibili
1023 1170 1078 1215 et
1123 1162 1330 1223 divina,
1387 1177 1453 1216 an
1490 1163 1555 1217 de
1587 1163 1825 1218 obnoxia
1874 1164 2158 1223 all‘ectibus

2263 1168 2328 1220 Τί
2361 1163 2454 1220 οὖν
2496 1167 2860 1238 ὲμιριλοχιιιρεῖ
2887 1171 2951 1236 τῇ
2989 1171 3274 1239 σωματικῇ
3314 1168 3474 1239 ταύτῃ
3503 1170 3761 1242 φυσιολογίᾳ

581 1264 630 1306 ct
660 1253 901 1308 sordida.
933 1254 1036 1308 Sed
1059 1254 1240 1309 nullus
1263 1255 1457 1309 dixerit
1481 1254 1547 1310 de
1569 1255 1848 1326 unigenito
1868 1256 1981 1313 Deo
2005 1269 2157 1314 mter-

2264 1261 2320 1311 ἐν
2347 1262 2411 1330 τῇ
2451 1258 2678 1329 βδελυρᾷ
2728 1257 2819 1310 τοῦ
2861 1258 3021 1326 λόγου
3060 1257 3346 1328 διασκευῇ,
3377 1259 3762 1330 καταρῤυπαίνων

577 1359 704 1397 nam
733 1345 1106 1400 cxsistentiam
1126 1361 1234 1400 non
1261 1347 1487 1416 proponi
1521 1349 1968 1418 contemplationi
1995 1351 2153 1420 hujus

2260 1349 2358 1420 τὴν
2392 1350 2586 1418 φύσιν,
2617 1349 2711 1401 καὶ
2756 1348 2824 1401 τὰ
2869 1348 2996 1418 περὶ
3049 1346 3144 1416 τὴν
3193 1346 3523 1417 ἀνθρωπίνην
3563 1347 3763 1416 γέννησιν

581 1437 868 1490 sermonis.
914 1437 1053 1503 Quid
1104 1437 1268 1507 igitur
1309 1437 1632 1493 immoratur
1663 1441 1714 1494 in
1754 1440 1853 1495 hac
1886 1443 2157 1512 corporali

2265 1442 2409 1513 πάθη
2435 1441 2793 1512 δημοσιεύων,
2826 1438 3140 1494 καταλιπὼν
3178 1438 3276 1510 τὴν
3305 1437 3636 1509 προκειμένην
3666 1437 3768 1489 ὑπό-

578 1535 789 1580 -naturae
827 1528 1058 1589 ratione,
1114 1529 1169 1581 in
1205 1529 1570 1598 abominandp
1609 1539 1661 1585 ct
1714 1530 1858 1586 foedo
1890 1535 2154 1589 sermonis

2261 1533 2438 1598 θεσιν;
2471 1532 2544 1585 Οὐ
2587 1531 2697 1602 γὰρ
2731 1529 2826 1600 τὴν
2867 1527 3054 1600 ζωώδη
3103 1527 3301 1598 ταύτην
3338 1527 3571 1597 γέννησιν
3598 1527 3678 1596 τὴν
3700 1525 3768 1578 διὰ

581 1627 868 1688 apparatu,
914 1627 1164 1672 naturam
1216 1619 1472 1675 sordibus
1514 1622 1830 1692 inquinans,
1868 1623 2152 1680 libidines-

2264 1625 2462 1698 σαρκὸς
2484 1623 2878 1694 συνισταμένην
2904 1621 3095 1700 μαθεῖν
3119 1620 3394 1691 ἐδεόμεθα.
3415 1620 3506 1682 Τίς
3524 1619 3618 1687 γὰρ
3637 1617 3772 1678 οὕτως

579 1724 685 1779 que
725 1710 976 1764 humanm
1016 1711 1384 1782 generationis
1428 1713 1719 1782 publicans
1753 1718 2033 1787 proposito
2067 1734 2155 1773 ar-

2261 1715 2485 1786 ὴλίθιος,
2539 1715 2614 1778 ὡς
2652 1713 2842 1768 ἑαυτὸν
2879 1713 3089 1783 βλέπων
3124 1711 3219 1765 καὶ
3258 1711 3390 1764 νοῶν
3433 1710 3485 1763 ἐν
3540 1709 3689 1778 ἑαυτῷ
3727 1709 3771 1758 τό

578 1810 836 1869 gumento
869 1802 1097 1857 relicto?
1127 1801 1245 1857 Non
1277 1804 1421 1858 enim
1446 1805 1735 1861 animalem
1769 1807 1909 1862 hanc
1938 1825 2154 1878 genera-

2197 1793 2232 1851 Β
2263 1807 2620 1879 ἀνθρώπινον,
2661 1805 2826 1875 ἄλλην
2853 1803 3148 1877 ἑρμηνείαν
3175 1805 3277 1873 τῆς
3302 1799 3488 1856 ἑαυτοῦ
3514 1800 3671 1872 ζητεῖν
3696 1798 3773 1868 φύ-

579 1893 776 1946 tionem
803 1909 922 1962 qua:
943 1909 1038 1963 per
1059 1910 1276 1949 carnem
1307 1896 1584 1965 perﬁcitur
1601 1896 1813 1953 discere
1832 1900 2148 1970 cgebamus.

2263 1917 2417 1962 σεως,
2453 1899 2547 1951 καὶ
2574 1897 2779 1950 δεῖσθαι
2817 1895 3006 1966 μαθεῖν
3049 1895 3116 1948 τὰ
3147 1895 3418 1962 ἀναγκαῖα
3447 1892 3582 1960 πάθη
3616 1891 3698 1943 ὅσα
3723 1890 3772 1956 τῇ

577 1980 711 2046 Quis
736 1984 878 2037 enim
911 1985 986 2039 ita
1023 1985 1254 2041 stolidus
1291 1994 1348 2040 ut
1376 1987 1616 2056 scipsum
1669 1989 1886 2044 intuens
1921 2001 1973 2044 et
2007 1993 2152 2060 quod

2261 1992 2510 2061 γεννήσει
2539 1989 2918 2058 συνθεωρεῖται
2949 1987 3042 2040 τοῦ
3079 1986 3352 2056 σώματος
3385 1985 3498 2037 ’Ὁτι
3526 1983 3675 2043 ἄλλως
3704 1979 3776 2049 μὲν

577 2074 876 2128 humanum
915 2084 1000 2131 est
1030 2077 1082 2129 in
1113 2078 1294 2146 seipse
1325 2078 1632 2146 intelligens
1663 2080 1827 2134 alium
1859 2083 1942 2136 'sui
1980 2083 2153 2153 ipsius

2259 2083 2288 2134 ὁ
2317 2082 2537 2143 τίκτων,
2575 2080 2772 2150 ἑτέρως
2802 2079 2858 2132 δὲ
2883 2079 2943 2131 τὸ
2977 2078 3296 2147 τικτόμενον
3339 2077 3394 2128 ὲν
3421 2073 3568 2128 πάθει
3592 2071 3775 2140 γίνεται,

575 2173 785 2220 natura»
811 2176 1019 2236 qna'rat
1047 2169 1422 2238 interpretem,
1458 2177 1512 2224 et
1537 2171 1678 2225 scire
1704 2172 1940 2242 indigeat
1970 2187 2151 2227 ncces-

2259 2173 2334 2236 ὡς
2352 2171 2417 2225 ἂν
2457 2171 2617 2241 μόιθοι
2645 2173 2708 2223 ἐκ
2738 2169 2837 2237 τῆς
2865 2167 3216 2232 διδασκαλίας
3249 2165 3445 2234 ταύτης
3473 2167 3498 2217 ὁ
3525 2163 3776 2233 ἅνθρωπος,

573 2260 754 2313 sarius
791 2259 1019 2315 allectus
1049 2262 1140 2331 qni
1195 2262 1250 2315 in
1299 2261 1548 2331 corporis
1594 2265 1941 2332 generatione
1975 2265 2149 2320 consi-

2256 2265 2338 2318 ὅτι
2360 2263 2521 2324 αὐτός
2546 2280 2604 2314 τε
2639 2261 2725 2316 διὰ
2754 2261 2958 2324 πάθους
3007 2261 3172 2331 γεννᾷ
3191 2301 3206 2321 ,
3242 2260 3332 2314 καὶ
3361 2257 3522 2320 πάθος
3557 2253 3683 2324 αὐτῷ
3705 2253 3779 2320 τῆς

573 2350 872 2406 dei-antur?
903 2351 1057 2417 Quod
1082 2353 1237 2408 aliter
1265 2353 1600 2424 quidemqui
1627 2355 1818 2426 gignit,
1843 2357 2000 2410 aliter
2029 2372 2149 2413 vero

2256 2355 2560 2426 γεννήσεως
2590 2351 2810 2424 ἧρξατο.
2859 2350 3044 2404 Ταῦτα
3082 2350 3193 2421 γὰρ
3240 2351 3332 2403 καὶ
3373 2347 3675 2416 σιωπώμενα
3708 2343 3780 2393 καὶ

573 2442 669 2511 qui
709 2443 949 2513 gignitur
999 2444 1250 2509 allicitur,
1304 2455 1362 2500 ut
1413 2461 1479 2502 ex
1532 2447 1633 2502 hac
1685 2448 1936 2503 doctrina
1992 2451 2149 2505 homo

2255 2444 2539 2516 λεγόμενα,
2569 2444 2629 2498 τὸ
2654 2441 2769 2496 ἴσον
2791 2443 2923 2513 ἔχει,
2949 2443 3049 2497 κᾶν
3078 2459 3161 2504 τις
3189 2441 3388 2510 διεξείη
3411 2433 3712 2506 δημοσιεύων
3727 2429 3781 2482 τὰ

573 2535 772 2599 discat,
823 2535 969 2606 quod
1026 2537 1143 2607 ipse
1188 2554 1286 2608 per
1339 2537 1594 2594 allectum
1644 2549 1888 2610 generat.
1919 2549 1973 2595 et
2006 2542 2149 2611 quod

2256 2535 2482 2606 κρύφια.
2519 2534 2622 2589 κᾶν
2662 2533 3029 2602 συγκαλύπτει
3071 2535 3138 2603 τῇ
3187 2533 3370 2600 σιωπῇ
3413 2528 3478 2580 τὰ
3512 2525 3780 2592 ἀπόρρητα,

573 2624 800 2682 allectus
821 2628 871 2681 ei
905 2626 1068 2682 fuerit
1090 2630 1459 2699 generationis
1482 2630 1832 2699 principium.
1859 2633 1984 2686 Haec
2005 2631 2149 2686 enim

2254 2628 2314 2680 τὸ
2351 2624 2438 2680 διὰ
2470 2626 2672 2688 πάθους
2705 2624 2952 2694 προϊέναι
2981 2625 3077 2694 τὴν
3108 2623 3277 2692 φύσιν
3307 2619 3460 2690 ἡμῶν
3497 2617 3587 2669 οὐκ
3621 2611 3782 2683 ἠγνοή-

574 2716 690 2773 sive
722 2726 1008 2774 taceantur
1033 2720 1147 2775 sive
1167 2719 1419 2774 dicantur
1453 2721 1586 2774 nihil
1621 2721 1864 2787 interest,
1897 2722 2013 2776 sive
2027 2722 2150 2791 quis

2257 2735 2461 2788 σαμεψ
2495 2715 2761 2786 ζητοῦμεν
2797 2716 2853 2768 δὲ
2889 2717 3015 2789 περὶ
3045 2715 3141 2784 τῆς
3184 2713 3401 2783 ὑψηλῆς
3432 2710 3520 2764 καὶ
3547 2705 3784 2791 copim

572 2807 905 2880 divulgando
959 2817 1168 2866 natura:
1216 2812 1431 2866 occulta
1483 2821 1718 2876 enarret,
1772 2813 1888 2868 sive
1935 2790 2148 2869 silentio

2255 2809 2386 2880 περὶ
2428 2807 2523 2861 τοῦ
2569 2806 2901 2874 Μονογενοῦς
2956 2805 3284 2876 ὑπάρξεως,
3340 2802 3457 2857 καθ’
3501 2801 3562 2872 ἢν
3613 2800 3669 2850 ὲκ
3709 2790 3786 2845 τοῦ

574 2898 815 2955 involvat
835 2916 959 2969 qua:
985 2915 1095 2953 non
1127 2908 1255 2953 sunt
1274 2891 1550 2953 ederenda
1578 2899 1630 2951 in
1649 2899 1863 2969 vulgus,
1897 2907 2149 2956 naturam

2257 2896 2467 2968 Πατρδς
2491 2892 2627 2950 εἶναι
2651 2896 3027 2958 πεπίστευται,
3051 2895 3452 2968 σαφηνισθῆναι
3471 2892 3555 2945 τὸν
3574 2889 3726 2955 λόγον.

571 2999 816 3046 nostram
853 2989 1044 3046 all'ectn
1073 2990 1188 3044 sive
1220 2990 1461 3058 appetitu
1494 2986 1619 3042 ferri
1664 3003 1772 3042 non
1808 2989 2146 3059 ignoramus.
2187 2987 2495 3054 Quatrimus
2542 2995 2723 3040 autem
2797 2993 2856 3038 ut
2911 2986 3083 3040 oratio
3159 2993 3357 3056 aperte
3399 2988 3582 3037 tractet
3625 2977 3684 3032 de
3715 2973 3790 3029 illa

569 3085 784 3137 excelsa
820 3091 872 3138 et
905 3098 1015 3137 non
1054 3079 1345 3137 enarrabili
1381 3081 1643 3150 unigeniti
1671 3080 1763 3135 Dei
1797 3082 2136 3147 cxsistentia,
2178 3079 2480 3136 secundum
2515 3095 2676 3149 quam
2706 3095 2771 3134 ex
2809 3078 2917 3132 Deo
2954 3076 3113 3132 Patre
3145 3091 3278 3133 esse
3304 3076 3544 3131 creditus
3565 3079 3658 3128 est.

641 3173 826 3242 Itaque
873 3187 996 3226 cum
1047 3172 1161 3226 hmc
1192 3173 1262 3227 sit
1301 3171 1580 3242 proposita
1614 3172 1918 3242 inquisitio,
1971 3190 2142 3231 novus
2171 3180 2211 3237 Ο

2314 3172 2529 3242 Ταύτης
2557 3171 2733 3223 τοίνυν
2762 3169 3128 3242 προκειμένης
3162 3171 3269 3241 τῆς
3299 3168 3610 3236 ἐξετάσεως,
3643 3166 3668 3218 ό
3688 3181 3792 3215 και-

569 3269 674 3322 iste
719 3266 1002 3334 theologus
1043 3263 1250 3319 [luxum
1305 3273 1359 3318 et
1413 3263 1664 3319 allectum
1721 3273 1774 3319 et
1816 3267 2145 3322 materialcm

2253 3261 2340 3326 νὸς
2386 3261 2632 3329 θεολόγος
2672 3259 2858 3330 ῥεῦσιν
2911 3261 3004 3314 καὶ
3055 3259 3244 3325 πάθοςσ
3273 3261 3366 3314 καὶ
3413 3259 3592 3328 ὑλικὴ-δ
3623 3256 3786 3312 αἰτίαν,

569 3371 790 3413 causam
807 3363 858 3410 et
885 3355 1214 3411 iunctionem
1233 3355 1522 3425 quamdam
1549 3356 1804 3412 sordibus
1823 3373 1938 3414 non.
1959 3373 2145 3413 caren-

2251 3353 2346 3406 καὶ
2402 3351 2678 3423 ἐνέργειαν
2730 3369 2848 3404 τινα
2892 3351 3064 3422 ῤ’ύπου
3119 3351 3198 3420 μὴ
3249 3348 3676 3420 καθαρεύουσαν,
3717 3344 3792 3398 καὶ

569 3460 698 3513 tem,
729 3457 781 3502 ct
805 3446 1153 3501 extrinsecus
1194 3445 1501 3501 amucntem
1549 3446 1774 3502 seminis
1806 3448 2145 3518 largitionem

2251 3444 2444 3509 ἔξωθεν
2469 3442 2827 3514 ἐπιρρέουσιν
2862 3440 3145 3511 χορηγίαν,
3181 3443 3281 3495 καὶ⁸
3312 3443 3488 3496 πάντα
3511 3439 3577 3493 τὰ
3601 3435 3791 3491 τοιαῦτα

558 3539 862 3607 omniaque
910 3536 1225 3606 hujusmodi
1287 3536 1412 3589 huic
1467 3536 1702 3590 sermoni
1749 3535 1957 3604 adjicit.
1993 3535 2134 3592 llaud

2247 3536 2324 3606 τῷ
2345 3537 2487 3606 λόγῳ
2516 3535 2886 3605 προστίθησιν.
2919 3535 3031 3586 Οὐκ
3063 3529 3177 3586 οἶδα
3216 3535 3272 3588 τί
3303 3533 3490 3588 παθὼν
3512 3530 3626 3600 ὁτῷ
3653 3529 3792 3596 13mp-

569 3630 684 3685 scio
733 3629 865 3699 quid
914 3628 964 3684 ei
1015 3627 1299 3694 acciderit,
1341 3627 1438 3697 qui
1493 3627 1564 3681 ob
1594 3627 1816 3680 nimiam
1857 3626 2142 3683 scientiam

2247 3627 2493 3682 ϐάλλοντι
2535 3627 2634 3695 τῆς
2679 3626 2870 3694 σοφίας
2915 3625 3079 3696 μηδὲν
3135 3626 3250 3679 τῶν
3299 3627 3553 3697 ἀλήπτων
3595 3623 3688 3688 ἔξω
3714 3620 3793 3686 τῆς

569 3719 706 3774 nihil
728 3734 916 3775 eorum
947 3733 1069 3787 quae
1099 3717 1483 3783 comprehendi
1515 3723 1791 3788 nequeunt
1814 3726 1967 3771 extra
1987 3732 2142 3773 suam

2245 3717 2437 3771 ἑαυτοῦ
2469 3715 2721 3786 γνώσεως
2756 3717 3147 3770 καταλιπέσθαι
3183 3719 3388 3787 λέγων,
3441 3718 3536 3770 καὶ
3577 3715 3668 3785 τὴν
3711 3712 3792 3780 ἆῤ-

569 3809 938 3880 cognitionem
975 3808 1224 3866 relictum
1254 3824 1376 3863 esse
1407 3808 1695 3878 gloriatur,
1730 3818 1783 3862 ct
1815 3808 2141 3864 inclTabilem

2245 3813 2405 3881 ρητον
2437 3810 2530 3862 τοῦ
2575 3808 2704 3862 Υἰοῦ
2756 3809 3008 3878 γέννησιν
3048 3810 3544 3880 ἐπαγγελλόμενος.
3587 3803 3795 3862 ἀποστὰς

563 3900 689 3956 Filii
718 3901 1124 3973 generationem
1161 3916 1219 3956 se
1245 3899 1594 3969 interpretari
1625 3899 1928 3968 proﬁtetur,
1967 3915 1994 3953 a
2016 3914 2139 3970 pro-

2243 3901 2351 3954 τῶν
2400 3900 2792 3974 προκειμένων,
2852 3898 3105 3969 ἐγχέλυος
3154 3900 3317 3972 δίκην
3379 3903 3459 3964 εἰς
3493 3901 3580 3952 τὸν
3625 3893 3795 3962 ἰλυώδη

570 3994 760 4063 positis
801 3995 966 4050 rebus
997 3993 1306 4056 discedens,
1363 3993 1613 4062 anguillas
1667 3993 1839 4047 instar
1897 3990 2142 4046 feculen-

2246 3992 2503 4064 βόρὸορον
2545 3990 2654 4044 τῶν
2696 3991 2968 4062 λογισμῶν
2999 3991 3332 4046 καταδύεται
3359 4010 3372 4023 ·
3427 3992 3564 4046 κατὰ
3601 3990 3683 4042 τὸν
3721 4004 3794 4038 w—

567 4095 678 4141 tum
715 4087 888 4140 lutum
917 4093 972 4141 et
1008 4100 1225 4142 ctenum
1269 4086 1593 4140 vilissimum
1637 4084 2027 4154 cogitationum
2060 4084 2142 4138 luo

2243 4085 2488 4156 κτερινὸν
2519 4087 2721 4139 ἐκεῖνον
2758 4083 3086 4155 Νικόδημον,
3122 4083 3316 4155 ὅςτὴν
3340 4084 3545 4139 ἄνωθεν
3576 4083 3796 4151 γέννησιν

570 4177 754 4233 bricus
791 4178 961 4242 subit,
983 4192 1104 4231 anon
1135 4192 1297 4232 secus
1324 4176 1482 4247 quam
1515 4176 1606 4231 ille
1634 4183 1938 4232 nocturnus
1974 4174 2140 4230 Nico-

2241 4177 2333 4231 τοῦ
2377 4177 2582 4248 Κυρίου
2623 4177 2962 4239 διδάσκοντος
2996 4176 3130 4247 πρὸς
3180 4178 3277 4230 τὸν
3320 4179 3380 4229 ὲν
3421 4179 3599 4248 μήτρα
3629 4172 3798 4226 κόλπον

565 4269 759 4322 demus
806 4266 900 4337 qui
931 4281 1055 4321 cum
1085 4281 1117 4320 a
1145 4266 1376 4320 Domino
1411 4280 1700 4335 supernam
1735 4264 2140 4334 generationem

2242 4271 2350 4331 τοῖς
2378 4267 2655 4338 λογισμοῖς
2684 4267 3013 4340 κατεσύρετο
3035 4284 3048 4297 ·
3095 4269 3192 4322 καὶ
3222 4268 3345 4332 πῶς
3376 4269 3444 4322 ἂν
3484 4270 3547 4320 ἐκ
3577 4263 3797 4333 δευτέρον

564 4359 875 4422 doceretur,
910 4359 976 4414 ad
1010 4374 1127 4413 cam
1158 4374 1279 4427 quae
1308 4358 1369 4412 ﬁt
1408 4359 1464 4412 in
1496 4360 1635 4414 uteri
1663 4358 1899 4421 sinibus,
1929 4358 2140 4425 cogita-

2243 4359 2403 4414 πάλιν
2441 4361 2589 4423 ἐντὸς
2636 4359 2735 4430 τῆς
2779 4359 2970 4429 νηδύος
3007 4359 3260 4428 γένοιτο,
3311 4361 3593 4431 διηπόρει,
3631 4357 3797 4420 λέγων’

565 4447 807 4503 tionibus
836 4449 1172 4512 trahebatur,
1205 4454 1261 4501 et
1289 4446 1564 4516 quomodo
1597 4447 1791 4501 iterum
1818 4446 1871 4500 in
1894 4454 2135 4503 ventrem

2241 4451 2371 4517 Πῶς
2390 4450 2636 4506 δύναται
2672 4451 2845 4506 τοῦτο
2867 4451 3144 4520 γενέσθαι
3163 4469 3184 4516 ;
3212 4453 3460 4524 νομίζων
3483 4451 3545 4504 τὸ
3577 4450 3646 4522 μὴ
3669 4445 3801 4498 δύνα-

566 4541 757 4596 matris
793 4540 1190 4612 ingrederetur,
1210 4538 1514 4602 dubitabat,
1541 4539 1730 4596 dicens
1753 4539 1768 4570 ¹
1799 4557 1813 4592 :
1845 4539 1962 4605 Quo
1985 4551 2138 4609 pacto

2243 4543 2365 4596 σθαι
2403 4542 2495 4596 τὸν
2539 4543 2848 4615 πρεσϐύτην
2875 4518 2985 4598 -διὰ
3018 4518 3314 4616 σπλάγχνα
3358 4546 3524 4599 πάλιν
3566 4518 3803 4608 κυονςορη·

566 4632 660 4688 hoc
686 4641 852 4699 potest
883 4632 1000 4700 ﬁeri
1041 4632 1065 4683 ?
1111 4629 1432 4685 existimans
1477 4628 1605 4698 quia
1648 4644 1815 4684 senex
1859 4629 2040 4686 denuo
2074 4632 2137 4687 in

2245 4635 2400 4705 θῆναι
2431 4636 2677 4707 μητρῷα,
2719 4636 2817 4708 τὴν
2855 4640 3228 4710 πνευματικὴν
3254 4640 3515 4710 γέννησιν
3543 4633 3801 4701 διελέγξειί

565 4726 756 4781 matris
805 4724 1019 4779 viscera
1069 4721 1302 4794 ingredi,
1356 4727 1412 4774 et
1475 4720 1531 4773 in
1582 4727 1739 4775 utero
1781 4723 1984 4792 gestari
2027 4737 2137 4778 non

2244 4725 2563 4782 ἀσύστατον.
2604 4727 2766 4782 Ἀλλά
2805 4729 3057 4782 κάκείνου
3087 4730 3184 4800 τὴν
3231 4731 3664 4803 πεπλανημένην
3691 4723 3803 4778 ὑπό-

557 4827 769 4887 posset,
804 4814 1140 4886 spiritualcm
1191 4811 1597 4882 generationem
1655 4827 1761 4868 non
1813 4828 1974 4883 posse
2021 4814 2133 4869 ﬁeri

2244 4816 2405 4890 ληψιν
2445 4817 2751 4888 διορθοῦται
2795 4819 2824 4870 ό
2861 4819 3096 4890 Κύριος,
3127 4819 3346 4891 ἄμικτα
3375 4821 3555 4886 λέγων
3587 4814 3715 4870 εἶναι
3749 4812 3804 4864 τὰ

563 4925 738 4981 neque
763 4908 1084 4970 consistere,
1122 4921 1180 4960 se
1215 4903 1638 4975 redarguturum
1667 4920 1806 4960 esse.
1852 4905 1955 4960 Sed
1989 4907 2134 4962 illius

2238 4911 2337 4980 τῆς
2371 4909 2569 4981 σαρκὸς
2593 4909 2684 4964 καὶ
2715 4908 2812 4963 τοῦ
2840 4909 3146 4980 πνεύματος
3185 4909 3461 4982 ἰδιώματα
3481 4956 3493 4968 ,
3537 4910 3646 4963 Καὶ
3671 4897 3804 4963 οὗτος

561 5009 834 5059 errantem
867 4997 1176 5067 opinionem
1225 4995 1490 5050 Dominus
1523 4997 1775 5068 corrigit,
1817 4998 2028 5060 dicens,
2068 5013 2131 5054 ea

2239 4999 2428 5053 ἑαυτὸν
2457 5001 2514 5053 ἐν
2550 5002 2661 5063 τοῖς
2686 5001 2920 5071 ὁμοίοις,
2952 5002 3000 5053 εί
3036 5001 3319 5070 βούλεται,
3351 4999 3701 5074 διορθούσθω.
3729 4993 3804 5045 Δεῖ

563 5110 684 5166 quae
719 5099 845 5148 sunt
879 5089 1060 5144 carnis
1087 5098 1140 5143 et
1173 5088 1397 5158 spiritus
1433 5088 1648 5158 prepria
1697 5088 1898 5141 nullam
1931 5089 2132 5144 habere

2239 5091 2382 5161 γὰρ,
2424 5087 2610 5162 οἶμαι,
2663 5091 2754 5143 τὸν
2798 5091 3120 5164 φροντιστὴν
3171 5092 3275 5162 τῆς
3306 5092 3577 5164 ἀληθείας
3613 5092 3673 5142 ἐκ
3713 5083 3806 5139 τῶν

564 5186 903 5245 societatem,
951 5197 1051 5234 nec
1082 5193 1241 5247 posse
1271 5179 1635 5234 commisceri.
1682 5177 1746 5231 Et
1773 5178 1857 5232 hic
1891 5180 2130 5248 seipsum

2242 5183 2386 5236 ἰδίων
2412 5183 2634 5252 θεωρεῖν
2659 5182 2720 5234 τὸ
2749 5181 3123 5252 προκείμενον,
3150 5181 3224 5252 μὴ
3244 5181 3340 5236 διὰ
3369 5183 3472 5250 τῆς
3495 5181 3604 5235 τῶν
3631 5173 3808 5231 ὑλικῶν

564 5280 616 5336 in
639 5277 914 5334 similibus
929 5275 983 5330 si
1017 5274 1142 5328 velit
1169 5271 1453 5326 emendet:
1487 5278 1702 5340 oportet
1725 5271 1892 5333 enim,
1925 5277 1982 5323 ut
2013 5271 2132 5340 opi-

2238 5275 2572 5344 κατηγορίας
2603 5272 2904 5328 διαὸάλλειν
2928 5273 3020 5327 τὸν
3051 5273 3233 5328 ἇῦλον.
3274 5274 3341 5327 Εἰ
3365 5274 3488 5345 γὰρ
3519 5272 3806 5341 ἄνθρωπος,

567 5384 686 5433 nor,
710 5369 952 5424 veritatis
984 5373 1292 5423 curatorem
1329 5363 1684 5432 contemplari
1719 5362 2026 5432 subjectum
2065 5378 2130 5416 ex

2241 5366 2274 5436 ἢ
2317 5365 2462 5435 βοῦς,
2495 5365 2529 5434 ἢ
2559 5365 2686 5420 ἄλλο
2703 5383 2756 5419 τι
2787 5364 2897 5418 τῶν
2921 5363 3007 5418 διὰ
3032 5365 3233 5436 σαρκὸς
3262 5366 3614 5435 τικτομένων
3639 5361 3695 5414 οὐ
3722 5374 3810 5410 κα-

566 5460 634 5514 iis
661 5474 782 5529 quae
815 5459 918 5529 ipsi
972 5458 1191 5529 prepria
1223 5464 1370 5522 sunt,
1401 5471 1511 5511 non
1544 5471 1610 5510 ex
1635 5454 2007 5510 materialium
2042 5469 2134 5510 ac-

2241 5456 2456 5528 θαρεύει
2487 5456 2692 5521 πάθους
2722 5457 2925 5524 γεννῶν
2952 5458 2986 5527 ἢ
3016 5456 3392 5526 γεννώμενοςσ
3418 5457 3476 5511 τί
3509 5453 3666 5510 τοῦτο
3693 5447 3813 5520 πρὸς

566 5549 849 5602 cusatione
877 5547 1202 5602 calumniari
1237 5563 1360 5603 eum
1392 5547 1480 5617 qui
1515 5545 1756 5601 materia:
1793 5553 1878 5601 est
1915 5560 2130 5616 expers.

2239 5550 2338 5617 τὴν
2362 5549 2548 5620 ἀπαθῆ
2572 5552 2662 5604 καὶ
2684 5550 2960 5622 ἀκήρατον
2989 5549 3176 5620 φύσιν;
3195 5549 3345 5604 Οὐδὲ
3373 5550 3490 5620 γὰρ
3517 5548 3580 5602 τὸ
3609 5541 3814 5612 θνητοὺς

569 5639 626 5694 Si
648 5637 793 5695 enim
822 5638 1004 5702 homo,
1038 5639 1119 5692 vel
1163 5639 1291 5698 bos.
1316 5639 1395 5694 vel
1427 5637 1574 5692 aliud
1617 5636 1748 5707 quid
1787 5651 1976 5694 eorum
2012 5653 2133 5708 quae

2241 5639 2386 5710 ἡμᾶς
2415 5635 2571 5707 εἶναι,
2607 5639 2704 5712 τὴν
2727 5639 3018 5695 ἀθανασίαν
3043 5639 3137 5693 τοῦ
3162 5637 3521 5708 Μονοτενοῦς
3547 5625 3814 5706 παραγρά-

640 5757 656 5786 ι
684 5751 841 5808 Joan.
876 5765 964 5820 ιιι,
1000 5751 1087 5806 10.
