3992 6210
300 269 403 327 6ὶ9

1475 266 1754 326 CONTRA
1786 265 2180 335 EUNOHIUM,
2219 268 2344 324 LIB.
2386 269 2473 326 IV.

3474 269 3589 328 σεο

301 400 463 449 σεως.
508 383 573 438 Εἰ
598 376 693 438 οὖν
718 383 811 467 ἐπί
850 382 959 437 τῶν
994 383 1208 455 μυρίων
1240 381 1334 438 τοῦ
1368 381 1574 454 κόσμου
1606 382 1780 438 ταῦτα
1806 382 1894 436 λέ-

1999 391 2186 455 crepet
2239 400 2270 439 a
2338 392 2500 441 terra:
2548 382 2935 445 subsistentia.
2969 381 3029 439 Si
3064 381 3233 454 igitur
3277 382 3334 438 in
3388 383 3578 439 mundi

300 491 420 544 γειν
452 473 657 546 ἀληθές
687 477 827 540 ἐστι,
854 476 939 541 τίς
969 477 1051 531 ἔτι
1087 478 1334 533 λείπεται
1358 480 1486 552 περὶ
1512 477 1606 531 τοῦ
1627 477 1895 548 δόγματος

298 566 408 620 τὼν
442 567 707 621 ἐναντίων
736 568 1072 639 ἀμφιϐολίας
1117 569 1242 627 Ὅτι
1286 570 1449 643 μέχρι
1480 570 1741 643 ῥημάτων
1768 567 1896 622 Υἱὸν

300 658 692 729 ὀνομάζοντες,
745 658 806 713 ἓν
843 657 953 714 τῶν
991 660 1079 715 διὰ
1123 662 1358 726 κτίσεως
1412 661 1714 732 γεγονότων
1756 655 1895 714 εἶναι

303 749 808 816 κατασκευάζουσι,
848 750 1033 822 μόνοις
1073 755 1186 816 τοῖς
1222 753 1363 808 κατὰ
1403 753 1503 824 τὴν
1533 752 1687 819 τάξιν
1728 767 1896 822 πρεσ-

303 840 469 902 6είοις
498 842 944 913 προτεταγμένον
974 843 1083 899 τῶν
1122 844 1316 900 ἄλλων.
1362 844 1631 916 Καθάπερ
1668 844 1761 898 ἐπὶ
1795 846 1895 917 τῆς

302 931 666 1003 χαλκεπικῆς
693 933 841 989 ἐστιν
869 936 1066 1001 εἰπεῖν,
1101 937 1279 991 πάντα
1310 938 1408 1008 μὲν
1439 940 1513 999 ὲκ,
1530 936 1733 1007 ταύτης
1756 933 1895 991 εἶναι

301 1025 371 1077 τὰ
406 1024 475 1077 ἐκ
518 1025 739 1096 σιδήρου
773 1029 1297 1099 κατασκευάσματα,
1356 1028 1802 1100 προγεγενῆσοαι
1836 1027 1893 1082 δὲ

299 1116 403 1185 τῆς
435 1116 548 1170 τῶν
576 1115 778 1172 λοιπῶν
799 1119 1167 1191 ἀπεργασίας,
1197 1121 1257 1174 τό
1282 1138 1342 1174 τε
1364 1121 1463 1191 τῆς
1489 1120 1774 1191 πυράγρας
1798 1119 1895 1173 καὶ

300 1207 364 1259 τὸ
400 1208 502 1277 τῆς
532 1207 745 1279 σφύρας
785 1209 1040 1281 ὄργανον,
1082 1211 1150 1265 δι’
1198 1204 1274 1265 ὧν
1325 1210 1591 1266 τυποῦται
1628 1210 1764 1282 πρὸς
1795 1209 1893 1281 τὴν

303 1296 497 1368 χρείαν
516 1300 547 1351 ὁ
572 1299 788 1372 σίδηρος
810 1317 823 1330 ·
854 1301 916 1354 ού
941 1300 1051 1371 μὴν
1088 1300 1277 1374 ἐπειδὴ
1305 1300 1573 1374 πρωτεύει
1603 1299 1758 1353 τοῦτο
1783 1298 1892 1353 τῶν

302 1389 511 1455 ἄλλων,
560 1391 662 1462 ἤδη
712 1409 796 1456 τις
842 1394 937 1447 καὶ
981 1394 1213 1468 διαφορά
1266 1395 1407 1447 κατὰ
1441 1392 1538 1464 τὴν
1587 1392 1718 1464 ὓλην
1753 1392 1892 1457 ἐστὶ,

302 1480 398 1534 τοῦ
421 1498 484 1534 τε
511 1483 877 1548 ἐκτυποῦντος
897 1484 1152 1557 ὀργάνου,
1181 1485 1274 1541 καὶ
1301 1484 1394 1539 τοῦ
1420 1482 1891 1556 σχηματιζόμενον

306 1574 531 1646 σιδήρου
559 1577 700 1630 κατὰ
726 1578 786 1630 τὸ
816 1577 1069 1649 ὄργανον.
1096 1579 1320 1651 Σίδηρος
1349 1578 1442 1633 καὶ
1467 1576 1622 1632 τοῦτο
1650 1578 1890 1641 κάκεῖνο,

303 1664 365 1720 τὸ
392 1666 452 1720 δὲ
480 1667 675 1738 σχῆμα
700 1670 1121 1743 προγενέστερον
1148 1670 1242 1725 τοῦ
1270 1671 1456 1745 ἑτέρου
1489 1670 1550 1724 τὸ
1576 1670 1782 1741 ἕτερον.

373 1846 616 1919 Τοιαύτη
664 1849 761 1919 τῆς
793 1848 1058 1921 αἱρέσεως
1093 1851 1126 1920 ἡ
1164 1849 1292 1922 περ)⁸
1329 1850 1423 1903 τοῦ
1457 1848 1587 1904 Υίοῦ
1620 1847 1890 1917 θεολογίαθ

301 1937 363 1991 τ’)
395 1939 566 2009 μηδὲν
590 1938 799 1995 οἴεσθαι
833 1941 1110 2011 διαφέρειν
1142 1944 1260 1995 κατ’
1289 1940 1477 1996 οὐσίαν
1510 1942 1673 1996 αὐτόν
1702 1958 1759 1994 τε
1802 1941 1893 1994 τὸν

300 2028 513 2102 Κύριον
549 2033 644 2086 καὶ
680 2032 750 2085 τά
780 2034 910 2105 παρ’
944 2033 1108 2087 αὑτοῦ
1141 2034 1424 2103 γεγονότα,
1458 2035 1597 2106 πλὴν
1627 2034 1724 2105 τῆς
1753 2032 1894 2088 κατὰ

294 2121 402 2191 τὴν
432 2123 590 2189 τάξιν
622 2122 902 2194 διαφορᾶς.
938 2125 1033 2188 Τίς
1063 2124 1241 2179 τοίνυν
1266 2125 1372 2178 τῶν
1406 2125 1501 2179 καὶ
1531 2123 1780 2179 ὁπωσοῦν
1814 2125 1892 2187 εἰς

294 2210 669 2285 Χριστιανοὺς
732 2216 1161 2282 συντελούντων,
1228 2216 1335 2271 τῶν
1411 2234 1472 2270 τε
1539 2218 1743 2289 μορίων
1797 2214 1892 2269 τοῦ

297 2304 516 2374 κόσμου
533 2344 549 2367 ,
570 2306 664 2359 καὶ
684 2305 776 2359 τοῦ
802 2308 1160 2378 πεποιηκότος
1180 2306 1271 2362 τὸν
1292 2309 1493 2378 κόσμον
1517 2308 1608 2361 τὸν
1630 2308 1793 2362 αὐτὸν
1817 2301 1894 2360 εἷ·-

292 2415 397 2451 ναι
419 2397 519 2466 τῆς
532 2398 719 2463 οὐσίας
734 2399 892 2469 λόγον
920 2400 1246 2467 συντίθεταις
1283 2401 1422 2471 Ἐγὼ
1441 2402 1539 2472 μὲν
1559 2400 1895 2472 γὰρςφρίττω

292 2491 407 2560 τὴν
437 2490 786 2562 βλασφημίαν
806 2531 822 2557 ,
846 2491 1000 2555 εἰδὼς
1028 2493 1111 2545 ὅτι
1134 2486 1209 2547 ὧν
1237 2496 1265 2548 ὁ
1288 2494 1442 2562 λόγος
1467 2494 1631 2555 αὐτὸς
1650 2533 1667 2557 ,
1690 2492 1893 2545 τούτων

300 2581 533 2646 πάντως
560 2582 682 2636 οὐδὲ
712 2586 746 2654 ἡ
796 2582 956 2652 φύσις
983 2583 1257 2655 διάτορος.
1309 2586 1393 2648 Ὡς
1423 2584 1529 2656 γάρ
1563 2585 1769 2655 Πέτρου
1801 2583 1896 2637 καὶ

316 2673 573 2729 Ἰωάννου
600 2676 691 2728 καὶ
719 2675 828 2729 τῶν
865 2675 1067 2729 λοιπῶν
1094 2676 1396 2747 ἀνθρώπων
1436 2676 1464 2731 ό
1495 2694 1555 2730 τε
1604 2676 1759 2745 λόγος
1797 2675 1894 2746 τῆς

302 2766 503 2832 οὐσίας
545 2767 742 2833 κοινὸς,
789 2769 883 2822 καὶ⁵
924 2771 959 2840 ή
993 2768 1152 2839 φύσις
1194 2770 1292 2839 μία
1316 2786 1328 2800 ·
1377 2770 1466 2843 τὸν
1503 2769 1667 2823 αὑτὸν
1694 2768 1895 2840 τρόπον

293 2859 352 2910 εἰ
390 2856 654 2922 ὡσαύτως
693 2858 806 2929 ἔχοι
847 2858 989 2913 κατὰ
1020 2858 1119 2929 τὴν
1152 2860 1310 2927 φύσιν
1337 2861 1367 2913 ό
1406 2859 1604 2931 Κύριος
1643 2861 1755 2923 τοῖς
1798 2858 1893 2913 τοῦ

296 2949 521 3020 κόσμου
552 2951 774 3022 μέρεσιν
800 2969 812 2981 ·
848 2951 992 3023 ἅπερ
1026 2952 1092 3006 ἂν
1118 2954 1177 3006 ἐν
1209 2953 1436 3017 ἐκείνοις
1466 2955 1893 3023 κατανοήσωσιν,

294 3041 518 3103 τούτοις
556 3042 876 3096 ὑποκεῖσθαι
910 3045 1004 3097 καὶ
1039 3044 1225 3098 τοῦτον
1266 3045 1386 3098 κατ’
1428 3044 1674 3113 ἀνάγκην
1705 3042 1894 3112 ὁμολο-

294 3132 571 3201 γήσωσιν.
620 3131 779 3184 Ἀλλὰ
824 3134 932 3204 μὴν
964 3134 992 3186 ό
1024 3135 1227 3205 κόσμος
1264 3135 1363 3188 οὐκ
1407 3136 1580 3188 εἰσαεὶ
1609 3134 1889 3201 διαμένει·

296 3223 417 3293 ἄρα
448 3225 567 3276 κατ’
607 3225 803 3288 αὐτοὺς
835 3226 931 3279 καὶ⁵
964 3228 993 3279 ό
1025 3226 1224 3297 Κύριος
1255 3226 1394 3297 μετὰ
1420 3223 1516 3279 τοῦ
1545 3224 1775 3297 ούρανοῦ
1802 3225 1896 3278 καὶ

296 3315 409 3384 τῆς
452 3316 558 3385 γῆς
609 3317 1027 3386 παρελεύσεταιο
1080 3319 1240 3390 εἰπερ
1292 3316 1619 3389 όμοιογενῶς
1660 3316 1775 3388 ἔχοι
1818 3316 1895 3387 τῷ

298 3408 521 3478 κόσμῳ.
549 3410 612 3463 Εἰ
644 3409 702 3463 δὲ
730 3409 890 3474 αὐτὸς
912 3411 1081 3474 ἀΐδιος
1107 3410 1479 3487 όμολογείταις
1503 3410 1717 3480 ἀνάγκη
1744 3410 1894 3464 πᾶσα

304 3503 445 3573 μηδὲ
476 3503 569 3556 τὸν
608 3502 811 3573 κόσμον
843 3507 942 3574 τῆς
974 3504 1123 3568 θείας
1153 3505 1366 3573 φύσεως
1395 3504 1622 3576 ἄμοιρον
1654 3502 1890 3558 οἴεσθαι·

300 3595 469 3665 εἴπερ
523 3594 602 3665 τῷ
659 3597 959 3665 Μονογενεί
1014 3595 1156 3651 κατὰ
1202 3596 1301 3668 τὴν
1353 3596 1529 3651 κτίσιν
1585 3595 1891 3667 συμϐαίνοι.

312 3689 484 3758 Ὁρᾷς
505 3688 641 3758 πρὸς
662 3688 693 3742 ὃ
716 3705 769 3741 τι
785 3689 1009 3759 φέρεται
1027 3689 1117 3742 διὰ
1138 3689 1237 3759 τῆς
1257 3688 1429 3758 καλῆς
1450 3688 1654 3759 ταύτης
1671 3688 1895 3742 ἀκολου·

300 3778 432 3841 (ita;
474 3780 503 3831 ὸ
531 3778 710 3847 λόγος,
739 3774 855 3833 οἷόν
890 3796 975 3843 τις
1011 3779 1157 3842 λίθος
1184 3780 1522 3851 ὰπορῤαγεὶς
1559 3779 1889 3852 ἀκρωρείας,

301 3870 403 3920 καὶ
441 3868 535 3922 ἐπὶ
572 3869 636 3921 τὸ
667 3870 869 3939 πρανὲς
915 3868 1020 3923 ὑπὸ
1052 3868 1146 3923 τοῦ
1183 3869 1311 3924 ιδίου
1349 3869 1545 3941 βάρους
1577 3869 1894 3924 συνελαυνό-

302 3978 491 4033 μενος.
538 3961 781 4031 ’Δνάγκη
832 3960 941 4032 γάρ
970 3960 1004 4032 ἢ
1038 3959 1230 4015 καὶτὰ
1270 3960 1365 4015 τοῦ
1408 3961 1616 4031 κόσμου
1660 3964 1897 4031 στοιχεῖα

299 4050 451 4106 κατὰ
467 4051 566 4123 τὴν
597 4050 916 4122 Ἑλληνικὴν
935 4051 1272 4123 ματαιότητα
1292 4051 1562 4123 σεϐάσμια
1589 4052 1895 4122 φαίνεσθαι,

296 4140 339 4209 ἢ
388 4138 527 4210 μηδὲ
567 4138 660 4195 τὸν
693 4139 822 4194 Υίδν
861 4140 1284 4211 προσκυνεῖσθαι
1306 4156 1321 4172 ο
1358 4140 1558 4195 οὑτωσὶ
1591 4139 1647 4193 δὲ
1692 4141 1899 4213 σκοπή-

300 4246 529 4302 σωμεν·
555 4229 617 4296 ἐξ
647 4232 749 4285 οὐκ
773 4232 946 4286 ὄντων
980 4233 1310 4303 γεγενῆσθαι
1351 4231 1448 4303 τὴν
1491 4232 1667 4287 κτίσιν
1691 4232 1895 4303 φαμὲν,

299 4323 406 4392 τήν
446 4339 507 4376 τε
538 4324 736 4395 νοητὴν
767 4325 862 4378 καὶ
900 4325 1001 4395 ὅση
1040 4326 1138 4395 τῆς
1177 4325 1444 4396 αἰσθητῆς
1489 4325 1606 4379 ἐστι
1647 4325 1895 4395 φύσεως·

1996 475 2285 546 particulis
2334 475 2451 530 haec
2502 476 2686 532 dicere
2713 491 2902 532 verum
2950 483 3059 540 est,
3105 489 3357 545 quanam
3399 474 3579 529 adhuc

1998 569 2169 617 restat
2210 561 2277 617 de
2316 562 2571 633 dogmate
2615 563 3059 620 adversariorum
3099 562 3415 619 dubitatio?
3450 564 3579 635 quia

1996 652 2163 708 verbo
2203 660 2366 709 tenus
2395 652 2594 711 Filium
2624 656 2993 719 nominantes,
3025 669 3196 709 untun
3227 669 3421 710 eorum
3453 668 3577 724 qua:

1996 760 2093 817 per
2134 748 2467 803 creationem
2497 748 2680 819 genita
2718 756 2847 803 sunt
2876 756 3154 813 astruunt,
3189 749 3326 804 solis
3360 747 3579 803 ordinis

1996 841 2297 914 privilegiis
2331 852 2385 898 et
2435 842 2775 914 primigeniis
2832 842 2994 911 primi
3058 848 3114 896 et
3173 840 3397 896 maximi
3446 848 3587 895 natus

1995 932 2091 987 ﬁlii
2131 934 2256 989 aliis
2299 926 2651 1005 pneposituin
2693 952 2706 988 :
2748 931 3209 1005 quemadmodum
3264 931 3329 985 in.
3371 929 3579 986 fabrica
3626 938 3638 951 '

1996 1023 2224 1080 ferraria
2254 1026 2380 1083 licet
2404 1027 2606 1091 dicere,
2633 1026 2817 1082 omnia
2842 1025 3064 1095 quidem
3092 1039 3159 1081 ex
3187 1024 3290 1078 hac
3307 1036 3432 1078 esse
3457 1037 3580 1094 qua:

1995 1134 2058 1174 ex
2078 1119 2222 1176 ferro
2241 1118 2504 1176 fabricata
2527 1127 2676 1184 sunt,
2700 1120 2854 1190 prius
2890 1126 3074 1174 autem
3103 1115 3338 1172 conﬂata
3357 1129 3484 1186 quae
3511 1112 3577 1168 ad

1996 1208 2336 1280 reliquorum
2362 1225 2562 1281 operas
2581 1210 2961 1281 requiruntur,
2998 1216 3053 1263 et
3080 1207 3305 1280 forcipis
3320 1217 3376 1263 et
3394 1205 3575 1262 mallei

1996 1301 2384 1369 instrumenta,
2433 1304 2636 1375 quibus
2687 1302 2756 1357 ad
2798 1316 2957 1359 usum
3012 1300 3217 1355 ferrum
3268 1298 3574 1358 formatur;

1994 1411 2104 1452 non
2154 1405 2335 1452 tamen
2378 1397 2642 1468 quoniam
2681 1396 2785 1451 hoc
2834 1395 2956 1449 aliis
2990 1393 3183 1456 anteit,
3230 1392 3342 1463 jam
3396 1391 3583 1461 aliqua

1995 1489 2297 1545 secundum
2340 1490 2625 1544 materiam
2668 1487 2977 1543 differentia
3032 1482 3329 1556 quaerenda
3376 1492 3483 1547 est,
3524 1487 3580 1536 et

1994 1579 2347 1636 instrumenti
2397 1580 2765 1651 imprimentis
2794 1586 2851 1636 et
2882 1578 3013 1635 l'erri
3048 1577 3193 1649 quod
3231 1592 3328 1647 per
3367 1577 3579 1630 instruo

1996 1681 2238 1727 mentum
2280 1673 2589 1744 ﬁguratur:
2627 1672 2836 1729 ferrum
2866 1672 3012 1728 enim
3063 1682 3112 1725 et
3163 1671 3268 1726 hoc
3318 1680 3372 1724 et
3422 1667 3576 1725 illud.

1925 1748 1966 1806 Β
1995 1762 2167 1834 ﬁgura
2200 1766 2446 1821 .alterum
2499 1766 2671 1821 altero
2726 1765 2878 1839 prius
2939 1763 3186 1835 genitum
3221 1770 3326 1817 est.

2066 1855 2216 1913 Talis
2252 1859 2321 1913 de
2359 1856 2502 1914 Filio
2524 1860 2799 1915 haereseos
2817 1866 2904 1913 est
2929 1853 3208 1926 theologia
3237 1871 3251 1909 :
3287 1853 3414 1924 quia
3446 1852 3581 1908 nihil

1994 1949 2294 2006 secundum
2347 1950 2646 2005 essentiam
2697 1948 2923 2005 differre
2956 1956 3110 2020 putet
3152 1954 3208 2002 et
3246 1946 3426 2016 ipsum
3472 1944 3579 2000 Do-

1994 2037 2203 2094 minum
2252 2048 2308 2093 et
2354 2054 2476 2109 quae
2545 2039 2614 2093 ab
2669 2038 2787 2108 ipso
2836 2036 3100 2107 producta
3150 2042 3300 2099 sunt,
3351 2040 3576 2104 excepta

1993 2129 2206 2186 ordinis
2230 2128 2566 2187 dill‘erentia.
2601 2130 2736 2196 Quis
2772 2128 2935 2200 igitur
2967 2135 3052 2183 est
3080 2141 3271 2183 eorum
3308 2126 3402 2197 qui
3434 2140 3576 2196 quo-

1994 2234 2213 2290 cunque
2270 2219 2434 2275 modo
2498 2220 2642 2275 inter
2686 2218 3036 2275 Christianos
3092 2226 3409 2281 censentur,
3479 2219 3578 2287 qui

1994 2312 2183 2368 mundi
2211 2312 2447 2383 partium
2470 2320 2526 2368 et
2556 2311 2678 2382 ejus
2697 2311 2790 2383 qui
2818 2311 3083 2366 mundum
3119 2310 3362 2367 condidit
3382 2352 3396 2378 ,
3425 2325 3575 2366 eam-

1995 2403 2117 2460 dem
2150 2420 2273 2460 esse
2311 2405 2579 2460 rationem
2608 2405 2865 2461 essentia:
2885 2404 3282 2462 'assentiatur?
3315 2402 3427 2474 Ego
3450 2402 3575 2474 qui-

1994 2496 2117 2551 dem
2172 2495 2566 2566 blasphemiam
2629 2494 2874 2552 referens
2932 2496 3322 2567 perhorresco,
3394 2495 3578 2550 sciens

1995 2603 2228 2658 quorum
2262 2596 2346 2643 est
2372 2587 2562 2645 eadem
2611 2588 2774 2649 ratio.
2810 2588 3005 2643 horum
3049 2588 3275 2643 omnino
3320 2596 3575 2643 naturam

1996 2694 2106 2734 non
2148 2678 2387 2734 dill‘erre.
2448 2679 2518 2734 Ut
2577 2681 2723 2734 enim
2779 2680 2923 2735 Petri
2968 2688 3022 2735 et
3068 2678 3298 2735 Joannis
3344 2688 3400 2736 et
3452 2680 3577 2735 reli-

1994 2786 2231 2841 quorum
2270 2771 2554 2826 hominum
2587 2771 2726 2827 ratio
2757 2772 3014 2828 essentite
3044 2773 3376 2837 communis,
3412 2774 3493 2828 sic
3524 2784 3576 2826 et

1996 2873 2193 2918 natura
2244 2878 2389 2919 una:
2438 2865 2696 2921 similiter
2743 2865 2789 2921 si
2824 2863 3016 2921 eodem
3065 2864 3230 2922 modo
3258 2882 3316 2922 sc
3354 2866 3577 2924 haberet

1997 2956 2298 3013 secundum
2339 2964 2593 3012 naturam
2629 2957 2894 3015 Dominus
2931 2974 3055 3014 cum
3086 2959 3274 3015 mundi
3304 2960 3575 3031 partibus,

1997 3063 2121 3118 quae
2160 3048 2381 3118 quidem
2438 3048 2496 3104 in
2534 3048 2646 3104 illis
2680 3049 3069 3116 intellexerint,
3122 3049 3212 3107 his
3267 3052 3462 3121 subjici
3524 3061 3578 3109 et

1997 3138 2144 3193 hunc
2180 3141 2497 3195 necessario
2540 3140 2929 3196 conﬁteantur.
2975 3140 3139 3213 Atqui
3190 3143 3427 3199 mundus
3467 3159 3605 3199 non-

1996 3244 2213 3300 scmper
2252 3229 2398 3285 idem
2447 3242 2782 3301 permanet:
2828 3247 2962 3304 ergo
3018 3233 3177 3303 juxta
3229 3250 3421 3291 eorum
3461 3236 3581 3307 opi-

1998 3323 2239 3390 nionem,
2271 3323 2538 3382 Dominus
2578 3326 2745 3382 etiam
2778 3340 2902 3381 cum
2937 3328 3079 3382 ctelo
3101 3334 3155 3385 et
3187 3336 3334 3384 terra
3358 3341 3579 3400 praeter-

1997 3417 2097 3474 ibit
2138 3436 2152 3473 :
2191 3418 2461 3487 siquidem
2491 3417 2740 3488 ejusdem
2774 3418 2992 3490 generis
3026 3426 3175 3477 esset
3203 3436 3326 3477 cum
3351 3422 3573 3478 mundo.

1996 3509 2154 3577 Quod
2187 3510 2233 3565 si
2287 3511 2404 3581 ipse
2451 3520 2695 3568 aeternus
2748 3519 3027 3576 censetur,
3079 3526 3307 3570 necesse
3352 3526 3579 3570 catom-

1996 3600 2131 3656 nino
2155 3616 2333 3671 neque
2353 3602 2499 3657 hunc
2528 3602 2792 3656 mundum
2822 3603 3022 3658 divina:
3058 3614 3268 3660 naturae
3298 3615 3576 3677 expertem

1997 3702 2190 3763 putare
2228 3713 2239 3747 :
2287 3691 2560 3761 siquidem
2605 3693 2709 3749 hoc
2754 3691 3052 3765 Unigenito
3097 3711 3194 3766 per
3240 3700 3576 3754 creationem

1996 3785 2358 3853 contingeret.
2413 3782 2577 3840 Vides
2623 3800 2734 3855 quo
2776 3800 2841 3840 ex
2898 3787 3002 3842 hac
3053 3788 3316 3858 praeclara
3385 3806 3578 3847 conse-

1997 3875 2220 3947 quentia
2238 3874 2409 3933 fertur
2436 3890 2641 3941 sermo,
2679 3880 2824 3932 sicut
2847 3878 3070 3948 quidam
3092 3879 3232 3950 lapis
3264 3895 3295 3935 e
3319 3895 3578 3950 promon-

1995 3968 2141 4024 torio
2166 3969 2457 4040 abruptus,
2489 3983 2595 4025 suo
2624 3970 2679 4025 in
2704 3984 2948 4041 praeceps
2971 3970 3216 4040 pondere
3244 3970 3574 4029 devolvitur.

1996 4060 2231 4118 Necesse
2291 4062 2438 4117 enim
2500 4062 2667 4117 etiam
2722 4061 2912 4117 mundi
2961 4063 3229 4119 elementa
3275 4063 3576 4119 secundum

1997 4151 2241 4211 Grecam
2286 4154 2585 4207 vanitatem
2632 4153 2943 4209 veneranda
2990 4161 3045 4209 et
3095 4153 3327 4209 colenda
3383 4154 3575 4218 videri.

1998 4246 2082 4302 vel
2132 4260 2310 4315 neque
2362 4244 2561 4301 Filium
2604 4244 2826 4300 adorari
2861 4264 2875 4300 :
2913 4244 2997 4303 sic
3042 4257 3222 4303 autem
3260 4247 3577 4305 considere-

1999 4352 2123 4394 mus
2154 4350 2258 4393 :ex
2293 4337 2469 4393 nihilo
2515 4346 2826 4393 creaturam
2861 4336 3061 4393 factam
3090 4353 3214 4395 esse
3254 4340 3577 4404 asserimus,

303 4410 485 4465 ταῦτα
515 4412 612 4465 καὶ
656 4414 784 4485 περὶ
815 4413 909 4468 τοῦ
958 4414 1165 4485 Κυρίου
1209 4414 1565 4486 κηρύσσουσι.
1616 4415 1893 4488 Θελήματι

1999 4436 2056 4485 et
2097 4442 2219 4500 quae
2252 4439 2431 4485 mente
2456 4437 2513 4483 et
2536 4442 2660 4499 qum
2689 4444 2855 4485 sensu
2899 4429 3237 4500 percipitur;
3266 4430 3384 4486 haec
3411 4431 3577 4486 etiam

304 4502 446 4556 θεοῦ
484 4502 661 4556 πάντα
706 4503 968 4575 συστῆναι
1012 4505 1082 4558 τὰ
1123 4506 1384 4575 γεγονότα
1431 4506 1690 4579 λέγομεν·
1725 4508 1896 4564 ταῦτα

304 4594 403 4648 καὶ
437 4595 569 4666 περὶ
606 4593 701 4648 τοῦ
743 4595 1082 4666 Μονογενοῦς
1121 4595 1504 4669 διεξέρχονται.
1534 4601 1646 4654 Οὐκ
1691 4602 1757 4655 ὲκ
1798 4600 1898 4672 τῆς

301 4684 503 4749 οὐσίας
552 4680 692 4740 εἶναι
737 4686 833 4740 τοῦ
872 4688 1254 4760 πεποιηκότος,
1288 4688 1413 4744 οὔτε
1455 4691 1555 4763 τὴν
1599 4692 1896 4771 ἀγγελικὴν

307 4776 513 4840 κτίσιν,
544 4776 667 4831 οὔτε
688 4777 787 4848 τὴν
813 4779 1105 4851 ὲγκόσμιον
1135 4780 1580 4853 πεπιστεύκαμεν
1601 4800 1615 4814 ·
1649 4784 1897 4839 κάκεῖνον

305 4868 514 4939 ὁμοίως
541 4869 640 4941 τῆς
664 4870 757 4924 τοῦ
784 4871 997 4942 [ἰατρὸς
1024 4872 1211 4938 οὐσίας
1230 4874 1589 4946 ἀλλοτριοῦσι.
1615 4875 1897 4933 Δουλεύειν

305 4961 376 5015 τὰ
422 4961 714 5032 σύμπαντα
745 4963 825 5033 τῷ
872 4963 1136 5035 θελήματι
1168 4965 1261 5019 τοῦ
1306 4966 1666 5038 πεποιηκότος
1702 4968 1895 5040 όμολο⁴

308 5054 522 5125 γοῦμεν
538 5069 555 5087 ⁸
588 5054 789 5128 ταύτην
815 5055 1000 5128 ἔχουσι
1031 5059 1126 5112 καὶ
1152 5059 1282 5129 περὶ⁹
1313 5057 1408 5112 τοῦ
1435 5059 1771 5127 Μονογενοῦς
1798 5062 1896 5133 τὴν

306 5145 573 5200 διάνοιαν.
603 5146 812 5202 Οὐκοῦν
831 5149 890 5214 ἐξ
915 5148 1161 5220 ἀνάγκης
1183 5149 1274 5205 καὶ
1300 5149 1368 5204 τὰ
1395 5149 1531 5205 ἄλλα
1560 5149 1740 5205 πάντα
1767 5153 1895 5207 ὅσαι

312 5254 423 5309 περ
448 5234 517 5289 ἂν
537 5237 635 5291 ἐπὶ
665 5237 868 5309 ταύτης
899 5241 1153 5310 νοήσωσι,
1184 5240 1356 5296 ταῦτα
1381 5243 1476 5297 καὶ
1506 5241 1584 5313 τῷ
1602 5244 1899 5312 Μονογενεῖ

310 5330 706 5399 ἐφαρμόσουσι,
748 5333 843 5387 καὶ
871 5334 1008 5404 ὅπερ
1028 5331 1096 5388 ἂν
1119 5334 1313 5407 ἐκείνῳ
1346 5334 1705 5403 πιστεύσωσι,
1740 5336 1899 5392 τοῦτο

312 5419 406 5479 καὶ
432 5421 528 5473 ἐπὶ
550 5419 650 5490 τῆς
672 5422 901 5488 κτίσεως
930 5423 1295 5493 ὑπολήψονται
1311 5465 1326 5491 ,
1356 5426 1498 5481 ὥστε
1526 5429 1576 5482 εί
1609 5428 1742 5483 Θεὸν
1766 5428 1897 5500 ὁμο-

310 5508 531 5578 λογοῦσι
547 5510 641 5564 τὸν
666 5506 885 5580 Κύριον,
911 5531 929 5566 >
945 5515 1005 5568 αὶ
1026 5515 1125 5585 τὴν
1150 5515 1341 5589 λοιπὴν
1367 5519 1543 5573 κτίσιν
1565 5520 1896 5590 θεοποιήσω-

311 5621 417 5656 σιν.
465 5603 528 5656 Εἰ
573 5604 629 5657 δὲ
658 5605 831 5659 ταῦτα
878 5606 976 5679 τῆς
1010 5608 1160 5674 Θείας
1202 5609 1414 5680 φύσεως
1447 5616 1693 5688 ἀμοιρεῖν
1732 5614 1895 5687 διορί-

306 5693 517 5761 ζονται,
541 5696 639 5765 τὴν
667 5697 836 5770 αὐτὴν
862 5699 1130 5773 ὑπόληψιν
1160 5703 1252 5756 καὶ
1282 5704 1405 5776 περὶ
1440 5705 1531 5760 τοῦ
1560 5708 1895 5778 Μονογενοῢς

1998 4521 2067 4578 de
2111 4520 2345 4577 Domino
2388 4522 2709 4592 praedicant.
2759 4520 2855 4577 Dei
2907 4523 3191 4578 voluntate
3241 4524 3424 4579 omnia
3457 4540 3580 4594 qua:

1999 4623 2130 4673 sunt
2160 4614 2324 4683 facta,
2353 4616 2673 4673 constitisse
2697 4616 2937 4673 dicimus
2968 4617 3121 4673 :haec
3150 4618 3317 4673 etiam
3348 4617 3416 4673 de
3447 4615 3579 4672 Uni-

1999 4708 2184 4779 geuito
2236 4714 2517 4764 enarrant.
2572 4707 2694 4765 Non
2731 4724 2798 4765 ex
2837 4710 3079 4766 essentia
3134 4710 3256 4780 ejus
3302 4711 3393 4781 qui
3432 4709 3581 4775 fecit,

1999 4805 2273 4861 constare,
2310 4815 2489 4870 neque
2521 4808 2832 4858 creaturam
2870 4800 3193 4872 angelicam,
3234 4814 3412 4873 neque
3456 4816 3576 4872 qua:

1999 4890 2056 4946 in
2108 4891 2315 4947 mundo
2361 4899 2447 4948 est
2500 4899 2753 4949 naturam
2799 4894 3115 4963 credimus;
3156 4895 3309 4949 illum
3357 4908 3575 4965 quoque

1998 4996 2030 5036 a
2079 4982 2263 5039 Patris
2302 4984 2548 5040 essentia
2580 4984 2818 5040 alienum
2844 5000 2970 5042 esse
3011 4994 3067 5042 ct
3096 4985 3437 5056 disjuuctum
3478 5000 3578 5039 vo-

1998 5071 2138 5129 lunt.
2186 5073 2396 5131 Cuncta
2458 5090 2583 5146 quae
2627 5084 2757 5132 sunt
2813 5077 2937 5147 ejus
2977 5079 3073 5148 qui
3125 5078 3253 5135 fecit
3307 5079 3575 5134 voluntati

1998 5166 2207 5224 servire
2237 5168 2599 5237 conﬁtemur;
2651 5169 2795 5227 idem
2849 5171 3096 5227 sentiunt
3134 5172 3205 5227 de
3260 5169 3573 5244 Unigenito.

1996 5257 2171 5329 Igitur
2212 5262 2532 5317 necessario
2579 5275 2921 5333 quaecunque
2980 5262 3086 5317 alia
3141 5263 3209 5319 de
3262 5262 3367 5319 bac
3416 5264 3575 5320 intel-

1998 5349 2254 5413 lexerint,
2290 5351 2483 5408 eadem
2531 5354 2713 5408 omnia
2767 5352 3065 5426 Unigenito
3103 5356 3518 5415 accommodant
3557 5379 3571 5413 :

1997 5445 2051 5493 et
2087 5439 2231 5509 quod
2271 5442 2341 5496 de
2376 5439 2472 5497 illo
2493 5442 2851 5507 crediderint,
2904 5443 3008 5500 hoc
3036 5445 3200 5502 etiam
3236 5445 3290 5502 in
3322 5455 3573 5504 creatura

1997 5528 2389 5600 opinabuutur.
2444 5532 2623 5600 Quare
2678 5536 2722 5590 si
2759 5535 3049 5592 Dominum
3102 5538 3268 5594 Deum
3305 5542 3577 5598 conﬁten‘

1999 5629 2109 5686 tur,
2155 5622 2421 5692 reliquam
2454 5623 2618 5679 etiam
2646 5637 2950 5685 creaturam
2986 5628 3382 5688 deiﬁcaverint.
3417 5631 3575 5699 Quod

1999 5713 2044 5767 si
2091 5713 2204 5770 haec
2237 5713 2435 5770 divina:
2482 5725 2692 5774 naturae
2721 5720 2965 5790 expertia
2998 5720 3286 5793 deﬁniunt,
3330 5722 3587 5781 eamdem
