3992 6210
258 315 365 372 εδδ

1385 314 1663 370 CONTRA
1703 313 2095 381 EUNON'IUM,
2138 301 2284 368 ΜΒ(
2308 312 2395 369 ιν.

3411 316 3517 373 (ἰῦό

260 430 449 495 καθὼς
487 429 587 500 ἢδη
631 429 723 482 τιν
778 428 1109 484 amem
1151 410 1280 502 ςυζερι
1322 428 1416 483 τοῦ
1446 430 1654 501 κυρίου
1682 429 1840 500 λόγον

1947 427 1998 482 ni
2021 426 2243 498 proprie
2275 434 2331 481 et
2360 425 2543 482 native
2560 424 2963 481 accommodari
2977 425 3517 496 posseostendimus.

259 522 373 577 ore
400 522 503 593 τῆς
528 521 797 592 αἱρέσεως
820 522 885 591 τῇ
922 523 1238 592 κατασκευῇ
1276 519 1376 590 τῆς
1418 521 1519 591 γῆς
1550 520 1844 592 προσφυῶς

259 616 456 688 ἔχοντα
480 613 578 667 καὶ
602 612 821 677 οἰκείως
842 610 1145 683 ἐδείξαμεν.
1182 613 1319 665 ‘AD.’
1348 613 1425 677 ὡς
1445 613 1510 666 ἂν
1540 614 1612 685 μή
1647 628 1699 667 τι
1731 616 1843 679 τοῖς

261 706 654 778 διττγχάνουσι
678 709 790 770 τοῖς
811 704 992 768 πόνοις
1013 707 1047 775 ἡ
1055 705 1171 776 μῶν
1191 705 1489 777 ἀμφίϐολον
1506 705 1842 774 ὐπολίποιτο,

258 797 368 852 τῶν
405 813 529 851 τινα
562 795 889 868 συνηγορίαν
925 796 1038 860 τοῖς
1083 796 1381 867 αἱρετικοῖς
1407 795 1644 867 δόγμασι
1697 812 1844 867 παρ-

261 892 539 961 εχομένων
563 930 578 955 ,
609 889 674 941 ὲκ
715 888 818 956 τῆς
843 884 1201 940 θεοπνεύστου
1233 886 1460 959 Γραφῆς
1492 886 1640 952 ἄξιον
1666 887 1732 942 ἂν
1757 888 1844 958 εἴη

261 982 357 1036 καὶ
382 980 543 1035 τοῦτο
576 982 691 1043 τοῖς
723 978 1118 1050 ὶξητασμένοις
1149 978 1277 1050 παρ’
1301 977 1461 1049 ἡμῶν
1479 973 1865 1048 προστεθῆναι.

344 1070 566 1141 Ἐροῦσι
595 1070 704 1140 γὰρ
738 1070 868 1133 ῐσως
909 1068 968 1132 ἐξ
1001 1067 1179 1122 αὐτῶν
1218 1067 1328 1121 τῶν
1371 1066 1741 1122 ἀποσωλικῶν
1769 1060 1845 1121 ὧν

260 1161 425 1232 ἡμεῖς
453 1160 884 1231 ἐπεμνήσθημεν
906 1197 920 1221 ,
950 1159 1032 1212 ὅτι
1063 1156 1189 1220 Πῶς
1240 1157 1307 1210 ἂν
1350 1157 1691 1228 πρωτότοκος
1724 1157 1844 1210 κτί-

260 1269 403 1314 σεως
434 1248 750 1321 ὠνομάσθη,
781 1252 831 1303 εἱ
872 1250 947 1321 μὴ
968 1248 1126 1303 τοῦτο
1153 1244 1245 1320 ἦν,
1275 1249 1413 1320 ὅπερ
1441 1251 1473 1320 ἡ
1506 1250 1682 1313 κτίσις
1704 1250 1841 1319 tati;

261 1343 381 1406 Πᾶς
412 1341 522 1411 γὰρ
553 1342 896 1413 πρωτότοκος
933 1342 995 1395 οὐ
1028 1340 1138 1395 τῶν
1182 1341 1525 1415 ἐτεροφυῶν,
1566 1341 1703 1395 ἀλλὰ
1737 1341 1844 1395 τῶν

258 1434 541 1503 ὁμογενῶν
567 1433 683 1485 ἐστι
711 1431 1056 1503 πρωτότοκος
1082 1473 1098 1498 ,
1130 1433 1206 1497 ὡς
1241 1433 1271 1486 ὁ
1303 1432 1529 1502 Ῥουσὶμ
1568 1432 1679 1486 τῶν
1727 1434 1844 1503 μετ’

258 1527 470 1580 ἐκεῖνον
497 1522 917 1595 ἀριθμουμένων
966 1523 1312 1595 προτερεύων
1358 1522 1500 1577 κατὰ
1519 1521 1625 1576 ,τὸν
1662 1523 1841 1588 τόκον,

259 1611 609 1683 πρωτότοκος
659 1606 728 1682 ἦν
778 1609 1081 1682 ἀνθρώπων
1134 1610 1438 1683 ἄνθρωπος.
1509 1611 1621 1666 Καὶ
1693 1612 1843 1667 ἄλλοι

136 1750 145 1759 .
259 1702 450 1757 πολλοὶ
496 1701 608 1755 τῶν
664 1692 1184 1774 συναριθμουμένων
1212 1702 1459 1773 ἀδελφῶν
1507 1704 1843 1775 πρωτότοκοι

256 1799 535 1868 λέγονται.
575 1795 805 1865 Λέγουσι
834 1795 1035 1849 ιτοίνυν
1060 1836 1073 1857 ,
1119 1795 1203 1850 ὅτι
1234 1796 1454 1865 Ἦνπερ
1508 1797 1587 1851 ἂν
1637 1796 1843 1865 πάσης

258 1890 373 1959 τῆς
400 1890 656 1955 κτίσεως
695 1888 917 1943 οὐσίαν
947 1887 1296 1958 νοήσωμεν,
1343 1890 1439 1944 καὶ
1471 1888 1581 1944 τὸν
1619 1890 1843 1957 ταύτης

252 1979 641 2047 πρωτότοκον
670 1975 782 2045 τῆς
835 1974 1023 2045 αὐτῆς
1073 1974 1225 2033 εἶναι
1282 1978 1559 2049 λέγομεν.
1608 1981 1680 2033 El
1725 1979 1844 2049 μὲν

254 2064 379 2125 οὖν
415 2068 741 2137 όμοούσιός
776 2065 910 2121 ἐστι
936 2067 1015 2132 τῷ
1042 2067 1227 2135 Πατρι
1266 2067 1386 2122 τῶν
1414 2068 1576 2122 ὅλων
1599 2068 1638 2136 η
1673 2066 1845 2123 πᾶσα

253 2161 467 2227 κτίσις
489 2201 507 2226 ,
533 2159 712 2215 τοῦτο
743 2161 844 2214 καὶ
892 2159 1001 2213 τὸν
1047 2159 1426 2229 πρωτότοκον
1469 2160 1663 2230 αὐτῆς
1687 2156 1843 2216 εἶναι

253 2256 376 2310 οὐκ
399 2253 800 2323 ἀρνησόμεθα.
822 2254 894 2307 Ei
922 2250 991 2305 δὲ
1012 2251 1277 2322 διαφέρει
1305 2252 1457 2307 κατὰ
1483 2252 1599 2321 τὴν
1622 2253 1845 2308 οὐσίαν

252 2344 377 2412 τῆς
424 2343 681 2409 κτίσεως
725 2344 760 2396 ό
796 2339 916 2395 τῶν
962 2340 1122 2396 ὅλων
1168 2340 1347 2409 Θεὸς,
1394 2341 1628 2411 ἀνάγκη
1674 2341 1844 2397 πᾶσα

246 2432 415 2505 μηδὲ
444 2433 552 2488 τὸν
581 2434 963 2503 πρωτότοκον
1001 2434 1225 2501 ταύτης
1265 2432 1577 2488 κοινωνεῖν
1607 2434 1687 2500 τῷ
1721 2432 1844 2499 Θεῷ

252 2525 376 2594 τῆς
422 2525 644 2594 οὐσίας
693 2526 918 2596 λέγων.
976 2526 1039 2579 Ἠ
1094 2525 1194 2597 μὲν
1237 2522 1329 2581 οὗν
1372 2526 1472 2597 τῆς
1519 2525 1842 2591 ἀντιθέσεως

253 2615 580 2686 κατασκευὴ
599 2614 826 2685 τοιαύτη
850 2654 865 2679 ,
889 2614 1044 2669 οὐδὲν
1071 2615 1479 2687 ἀγεννέστερον,
1503 2611 1679 2686 οἶμαι,
1711 2618 1842 2688 παρ’

251 2708 421 2779 ήμῶν
448 2706 788 2761 ἀπιτεθείσα
815 2706 893 2778 τῷ
919 2706 1064 2778 λόγῳ
1085 2747 1101 2771 ,
1136 2708 1204 2778 ἢν
1241 2706 1319 2771 ὡς
1355 2707 1501 2771 εἰκὸς
1546 2703 1615 2779 ἦν
1645 2709 1844 2762 ἀντεπ-

248 2798 552 2869 ενεχθῆναι
586 2798 739 2869 παρὰ
787 2798 896 2852 τῶν
946 2798 1270 2870 μαχομένων
1316 2801 1466 2870 ἡμῖν.
1511 2801 1578 2853 "A
1601 2799 1659 2855 δὲ
1708 2801 1843 2872 πρὸς

248 2886 440 2943 ταῦτα
466 2886 753 2957 γινώσκειν
802 2888 909 2960 χρὴ
939 2927 955 2953 ,
988 2888 1084 2943 νῦν
1124 2888 1199 2953 ὼς
1250 2888 1316 2942 ἂν
1347 2885 1448 2943 οἷοί
1481 2907 1538 2944 τε
1582 2884 1732 2963 ὦμεν
1764 2892 1844 2964 τῷ

248 2979 409 3050 λόγῳ
457 2979 939 3051 σαφηνισθήσεται.
970 2980 1238 3060 Τετράκθις
1291 2982 1507 3053 εἴρηται
1551 2980 1704 3053 παρὰ
1750 2982 1842 3037 τοῦ

264 3072 596 3126 Ἀποστόλου
625 3074 684 3125 ἐν
722 3074 858 3126 πᾶσι
891 3075 1001 3136 τοῖς
1029 3072 1209 3143 λόγοις
1246 3073 1413 3127 αὐτοῦ
1432 3114 1448 3140 ,
1491 3074 1585 3129 τοῦ
1630 3092 1843 3148 πρωτο-

248 3164 424 3218 τόκου
448 3165 509 3217 τὸ
530 3163 699 3236 ὄνομα
725 3180 738 3193 ·
774 3164 1044 3236 διαφόρως
1069 3165 1147 3229 δὲ,
1177 3166 1272 3220 καὶ
1302 3167 1362 3219 οὐ
1390 3167 1531 3221 κατὰ
1558 3167 1648 3222 τὸν
1676 3170 1841 3223 αὐτὸν

246 3257 465 3328 τρόπον
486 3255 581 3308 τοῦ
620 3256 882 3327 ὀνόματος
910 3256 1100 3310 τούτου
1129 3258 1228 3329 τὴν
1271 3259 1495 3330 μνήμην
1526 3259 1838 3331 πεποίηται.

251 3346 381 3402 Νῦν
436 3347 537 3417 μὲν
564 3346 674 3418 γάρ
713 3364 846 3417 φησι
889 3349 1269 3415 Πρωτότοκον
1311 3348 1508 3417 πάσης
1559 3349 1672 3420 τῆς
1720 3351 1843 3404 xti-

250 3455 458 3505 σεωςη
483 3438 646 3493 πάλιν
671 3438 727 3492 δὲ
760 3440 1144 3507 Πρωτότοκον
1162 3439 1232 3494 ἐν
1255 3440 1511 3507 πολλοῖς
1535 3440 1840 3511 ἀδελφοῖς,

251 3525 405 3593 εἶτα,
438 3531 820 3597 Πρωτότοκον
847 3531 918 3584 ἐκ
956 3529 1076 3584 τῶν
1110 3530 1360 3600 νεκρῶν.
1395 3532 1483 3585 Ἐν
1519 3532 1575 3586 δὲ
1610 3536 1675 3605 τῇ
1710 3535 1844 3606 πρὸς

267 3622 563 3693 Ἐϐραίους
585 3663 600 3685 ,
634 3623 902 3677 ἁπόλυτόν
925 3624 1074 3679 ἐστιν
1112 3626 1199 3695 ἐφ’
1230 3626 1423 3680 ἑαυτοῦ
1473 3629 1844 3700 μνημονευθὲν

252 3713 357 3769 τοῦ
378 3716 728 3785 πρωτοτόκου
757 3715 821 3768 τὸ
843 3716 1032 3787 ὄνομα.
1067 3717 1231 3786 Λέγει
1274 3718 1382 3789 γὰρ
1412 3719 1585 3783 οὕτως
1605 3759 1621 3783 ,
1659 3721 1846 3774 ’Ὅταν

250 3808 333 3862 δὲ
358 3807 549 3861 πάλιν
595 3807 885 3878 εἰσαγάγῃ
928 3809 1036 3863 τὸν
1073 3811 1449 3879 πρωτότοκον
1485 3814 1573 3878 εις
1611 3811 1725 3880 τὴν
1764 3815 1846 3866 οἱ⁴

249 3899 570 3968 κουμένην
592 3940 607 3963 ,
653 3898 815 3970 λέγει
839 3917 854 3932 ·
890 3901 999 3955 Καὶ
1033 3902 1642 3970 προσκυνησάτωσαν
1685 3903 1846 3969 αὐτῷ

250 3988 489 4055 πάντες
521 3988 761 4060 ἄγγελοι
793 3990 999 4045 αὐτοῦ.
1036 3990 1193 4045 Οὕτω
1234 3991 1291 4045 δὲ
1344 3993 1546 4047 τούτων
1584 3993 1848 4065 διῃρημέ-

249 4101 393 4147 νων,
423 4083 603 4147 καλῶς
630 4082 697 4137 ἂν
721 4082 834 4153 εχει
859 4084 1087 4138 ἕκαστον
1114 4084 1318 4139 τούτων
1349 4085 1433 4155 ἐφ’
1458 4085 1653 4139 ἑαυτοῦ
1678 4085 1847 4139 διελέ-

254 4175 395 4229 σθαι
424 4174 615 4247 χωρίς·
661 4175 778 4239 πῶς
813 4176 910 4247 τῆς
940 4176 1169 4241 κτίσεὼς
1199 4178 1314 4230 ἐστι
1346 4177 1690 4249 πρωτότοκος
1708 4218 1723 4243 ,
1752 4178 1847 4230 καὶ

251 4264 383 4328 πῶς
409 4265 470 4318 ὲν
502 4263 716 4328 πολλοῖς
748 4265 995 4334 ἀδελφοῖς
1019 4306 1034 4331 ,
1065 4266 1161 4321 καὶ
1194 4267 1311 4332 πῶς
1342 4268 1427 4337 ἐφ’
1458 4267 1654 4321 ἑαυτοῦ
1681 4270 1846 4339 χωρὶς

253 4357 500 4411 ἑκάστου
531 4356 740 4409 τούτων
766 4356 1160 4428 μνημονευθεὶς
1178 4399 1194 4422 ,
1217 4359 1348 4413 ὃταν
1372 4359 1534 4413 πάλιν
1557 4359 1847 4430 εἰσάγηται

1948 517 2054 575 Sed
2088 532 2157 573 ne
2182 516 2316 588 quid
2352 530 2541 571 eorum
2590 531 2711 586 quae
2743 516 3016 572 haereticis
3049 517 3288 574 decretis
3337 529 3521 589 patro-

1946 609 2158 665 cinium
2217 606 2440 677 aliquod
2475 606 2776 677 praebeant,
2826 607 3054 663 dubium
3092 616 3147 663 et
3175 608 3517 680 ambiguum,

1946 702 2037 757 his
2060 701 2153 772 qui
2189 700 2244 755 in
2290 700 2392 755 hos
2442 707 2665 754 nostros
2696 698 2916 754 labores
2952 700 3217 763 incident,
3268 702 3521 757 relictum

1948 794 2045 857 sit,
2074 807 2143 848 ex
2175 791 2447 846 divinitus
2480 789 2744 859 inspirata
2774 787 3062 859 Scriptura
3106 789 3210 845 hoc
3250 791 3415 848 etiam
3444 791 3524 848 di-

1944 898 2111 954 gnum
2137 881 2300 938 fuerit
2321 880 2466 953 quod
2498 881 2585 937 his
2612 894 2733 951 quae
2756 894 2786 933 a
2817 880 2981 936 nobis
3001 882 3254 950 exposita
3277 880 3520 953 fuerunt,

1944 972 2255 1041 adjiciatur.

2014 1062 2151 1118 Nam
2180 1063 2420 1119 fortasse
2446 1076 2513 1116 ex
2539 1061 2675 1132 ipsis
2699 1060 3019 1133 apostolicis
3052 1061 3258 1129 verbis,
3288 1078 3521 1134 quorum

1945 1171 2050 1211 nos
2096 1154 2472 1218 meminimus,
2525 1152 2713 1207 dicent
2764 1153 3189 1224 interrogantes,
3235 1153 3524 1222 Quomodo

1946 1249 2351 1320 primogenitns
2397 1255 2666 1303 creaturae
2693 1246 3012 1302 nominatus
3039 1254 3145 1311 est,
3197 1249 3244 1304 si
3276 1264 3385 1305 non
3417 1249 3524 1306 hoc

1945 1350 2085 1408 erat,
2113 1342 2264 1413 quod
2290 1348 2545 1397 creatura
2575 1349 2660 1396 est
2692 1340 2715 1394 ?
2747 1339 2938 1396 Omnis
2958 1340 3106 1396 enim
3130 1342 3526 1413 primogenitus

1946 1449 2053 1489 non
2072 1449 2398 1505 eorumque;
2413 1441 2545 1489 sunt
2571 1432 2804 1488 diversae
2837 1442 3070 1497 naturae,
3100 1434 3197 1490 sed
3234 1450 3356 1505 quae
3395 1443 3524 1492 sunt

1944 1522 2189 1594 ejusdem
2208 1522 2429 1594 generis
2450 1522 2948 1594 estprimogcnitus
2970 1542 2985 1578 :
3032 1524 3388 1580 sicutRnben
3409 1525 3526 1595 pri-

1946 1613 2255 1683 mogenitus
2269 1619 2387 1667 erat
2403 1626 2594 1668 eorum
2609 1611 2700 1682 qui
2718 1619 2842 1682 post
2861 1612 3014 1668 illum
3033 1621 3416 1678 recensentur,
3445 1620 3526 1669 ut-

1943 1705 2108 1770 poth
2116 1698 2167 1754 ui
2179 1692 2619 1770 primus,secund
2627 1718 2714 1756 um
2731 1703 3257 1773 partum,hominum
3271 1705 3457 1761 homo:
3470 1712 3526 1761 et

1875 1768 1917 1825 Β
1946 1789 2037 1843 alii
2057 1768 2211 1842 multi
2230 1788 2460 1843 fratrum
2477 1790 2713 1860 quicum
2730 1768 2812 1846 eis
2842 1801 3226 1859 numerantur,
3251 1792 3533 1864 primogc-l

1944 1880 2044 1935 niti
2065 1880 2350 1935 dicuntur.
2380 1878 2581 1940 Dicunt
2595 1881 2798 1952 itaque.
2814 1880 3373 1955 Quamcunqueomnis
3384 1902 3526 1940 crea-

1945 1980 2078 2027 tura!
2090 1972 2369 2027 essentiam
2388 1982 2559 2028 mente
2569 1974 3144 2044 conceperimus,hujus
3161 1977 3322 2030 etiam
3332 1976 3526 2044 primo-

1941 2064 2170 2131 genitum
2201 2080 2313 2119 esse
2345 2064 2580 2134 ejusdem
2610 2065 2850 2120 essentia
2877 2081 3084 2123 necesse
3118 2076 3218 2122 est.
3249 2066 3310 2122 Si
3357 2068 3525 2138 igitur

1941 2155 2228 2227 ὁμοούσιος
2270 2155 2457 2221 (simul
2489 2155 2815 2226 essentialis)
2855 2165 2934 2211 est
2970 2155 3123 2210 Patri
3159 2158 3521 2212 universorum

1944 2250 2116 2303 omnis
2141 2259 2413 2312 creatura,
2443 2248 2542 2301 hoc
2587 2250 2749 2303 etiam
2775 2247 3183 2316 primogenitum
3224 2250 3386 2318 ipsius
3410 2266 3525 2306 esse

1944 2357 2047 2396 non
2073 2340 2402 2411 negabimus.
2430 2338 2586 2407 Quod
2610 2339 2662 2393 s'i
2702 2338 2883 2409 diﬂ'ert
2915 2341 3202 2395 secundum
3240 2343 3522 2409 essentiam

1944 2450 1979 2487 α
2004 2443 2252 2488 creatura
2298 2433 2667 2486 universorum
2697 2430 2864 2495 Deus,
2908 2433 3271 2488 necessarium
3302 2444 3382 2489 888
3410 2451 3525 2489 0m-

1944 2525 2068 2579 nino
2088 2520 2679 2595 neque'primogenitum
2706 2524 2823 2594 ejus
2852 2524 3163 2593 participem
3203 2516 3374 2582 dicere
3404 2543 3523 2581 cum

1944 2616 2055 2672 Deo
2084 2618 2348 2672 essentire.
2390 2617 2466 2687 (ο)
2485 2598 2789 2671 Contraria:
2810 2615 3313 2686 igiturobjectionis
3343 2624 3524 2672 astru-

1943 2711 2055 2765 ctio
2090 2710 2213 2764 talis
2246 2718 2352 2773 est,
2383 2716 2578 2764 nostro
2607 2709 2852 2764 sermoni
2888 2710 3137 2780 opposita
3163 2713 3294 2781 (qua
3331 2710 3406 2766 nil
3446 2710 3525 2767 vi-

1943 2799 2053 2856 lius
2089 2809 2145 2856 et
2179 2800 2477 2871 ignobilius
2493 2799 2670 2870 puto),
2698 2798 2861 2870 digna
2882 2800 3070 2856 hercle
3091 2816 3214 2871 quae
3235 2801 3303 2855 ab
3332 2800 3527 2857 adver-

1944 2894 2110 2949 sariis
2154 2894 2364 2949 nostris
2393 2877 2767 2963 opponeretur
2798 2889 3001 2948 nobis.
3056 2894 3189 2961 Quae
3220 2904 3403 2949 autem
3455 2892 3528 2950 ad

1944 2983 2060 3039 haec
2106 2997 2271 3039 nosse
2297 2992 2534 3053 oportet,
2584 2999 2732 3039 nunc
2768 2999 2867 3055 pro
2896 2984 3106 3039 viribus
3147 2985 3353 3042 nostris
3399 3000 3525 3042 ora-

1869 3105 1913 3166 ο
1946 3077 2096 3131 tione
2133 3074 2529 3166 declarabitur.
2561 3074 2767 3143 Quater
2791 3077 2862 3131 ab
2892 3072 3155 3146 Apostolo
3182 3077 3237 3132 in
3267 3078 3523 3134 omnibus

1943 3168 2066 3238 ejus
2102 3147 2455 3224 sermonilms
2503 3168 2855 3239 primogeniti
2905 3184 3106 3224 nomen
3146 3168 3353 3224 dictum
3403 3180 3523 3234 est,

1943 3260 2037 3314 sed
2070 3242 2406 3324 diﬂerenkr,
2438 3273 2618 3329 neque
2656 3258 2848 3314 eodem
2881 3257 3043 3314 modo
3075 3260 3314 3315 nominis
3357 3260 3525 3330 hujus

1944 3350 2151 3405 mentio
2191 3350 2334 3404 facta
2361 3357 2467 3405 est.
2499 3348 2658 3405 Modo
2685 3350 2831 3407 enim
2866 3351 3000 3405 dicit
3047 3352 3365 3421 Apostolus.
3406 3351 3526 3406 Pri-

1946 3442 2259 3513 mogenitum
2282 3442 2451 3496 omnis
2481 3451 2739 3496 creatura:
2763 3443 2802 3474 “
2831 3460 2845 3497 :
2871 3460 3087 3508 rursus,
3110 3445 3527 3516 Primoqenitum

1944 3534 1999 3587 in
2030 3533 2209 3587 multis
2224 3533 2482 3603 fratribus
2504 3534 2546 3566 ¹¹
2571 3550 2585 3586 :
2610 3534 2827 3599 deinde,
2859 3534 3270 3606 l’rimogenitum
3292 3552 3358 3591 ea:
3387 3554 3529 3591 mor-

1947 3624 2051 3677 tuis
2076 3625 2138 3677 “.
2172 3623 2228 3678 In
2260 3623 2501 3694 Epistola
2551 3640 2683 3681 vero
2710 3627 2777 3681 ad
2819 3626 3073 3684 Hebraeos
3106 3630 3416 3685 absolutum
3441 3639 3528 3686 est

1945 3716 1999 3769 in
2030 3715 2212 3785 seipso
2242 3723 2732 3770 commemoratum
2776 3718 3125 3788 primogeniti
3156 3735 3375 3776 nomen.
3431 3720 3526 3778 Sic

1944 3807 2090 3861 enim
2123 3805 2257 3860 dicit
2294 3824 2308 3860 :
2338 3806 2472 3860 Cum
2502 3823 2620 3862 vero
2649 3824 2835 3862 rursus
2868 3809 3074 3863 inducit
3113 3812 3521 3881 primogenitum

1946 3898 2000 3951 in
2039 3897 2216 3952 orbem
2247 3909 2529 3965 terrarum,
2551 3900 2676 3955 dicit
2700 3916 2718 3954 :
2750 3898 2820 3953 Et
2845 3900 3065 3955 adorent
3090 3917 3206 3955 eum
3228 3918 3406 3957 omnes
3430 3922 3528 3958 an-

1946 3988 2048 4062 geli
2078 3989 2193 4060 ejus
2230 3993 2304 4045 ιδ.
2351 3989 2447 4047 His
2481 3993 2563 4047 sic
2604 3992 2906 4055 distinctis,
2930 4009 3110 4063 opem:
3138 3996 3371 4065 pretium
3421 4008 3528 4052 erit

1948 4081 2141 4135 horum
2205 4083 2635 4153 unumquodque
2683 4085 2737 4137 in
2788 4085 2973 4154 seipse
3033 4087 3265 4141 seorsim
3326 4088 3527 4143 distin-

1947 4190 2144 4245 guere,
2173 4176 2448 4246 quomodo
2474 4177 2654 4231 omnis
2684 4186 2957 4231 creatura:
2986 4187 3067 4233 est
3103 4180 3525 4252 primogenitus,

1947 4274 2001 4321 et
2039 4267 2314 4338 quomodo
2346 4268 2400 4322 in
2442 4268 2630 4323 multis
2689 4267 2975 4334 fratribus,
3029 4280 3083 4327 et
3111 4275 3387 4344 quomodo
3412 4275 3531 4346 pri~

1948 4361 2336 4429 mogenituscx
2370 4360 2624 4423 mortuis,
2664 4370 2718 4415 et
2744 4362 3024 4431 quomodo
3064 4365 3117 4418 in
3169 4366 3352 4437 seipso
3405 4368 3529 4425 sine

252 4448 345 4512 εἰς
373 4447 477 4519 τὴν
514 4448 837 4519 οἰκουμένην
859 4487 875 4511 ,
913 4452 1295 4519 προσκυνεῖται
1340 4450 1446 4504 ὑπὸ
1489 4451 1707 4504 πάντων
1737 4451 1845 4504 τῶν

1952 4448 2148 4503 horum
2180 4463 2514 4519 unoquoque
2536 4463 3022 4521 commemoratus,
3059 4473 3184 4513 cum
3220 4475 3415 4518 rursus
3442 4463 3526 4518 in-

253 4539 518 4609 ἀγγέλων
539 4540 726 4593 αὐτοῦ.
745 4540 953 4594 Οὐκοῦν
977 4541 1084 4594 ἀπὸ
1117 4541 1224 4595 τῶν
1252 4540 1573 4597 τελευταίων
1606 4543 1654 4596 εἰ
1677 4542 1844 4608 δοκεῖ,

252 4631 365 4703 τῆς
411 4630 526 4685 τῶν
573 4631 952 4703 προκειμένων
995 4631 1227 4704 θεωρίας
1288 4632 1604 4704 ἀρξώμεθα.

315 4802 508 4857 ὀταν
526 4802 716 4858 πάλιν
733 4804 1046 4876 εἰσαγάγῃ,
1067 4807 1222 4877 φησι,
1250 4806 1355 4861 τὸν
1369 4812 1747 4878 πρωτότοκον
1769 4813 1856 4879 εἰς

257 4894 386 4963 τήν
416 4895 802 4965 οἰκουμένην
835 4900 870 4968 ἠ
889 4898 985 4951 τοῦ
999 4896 1188 4952 πάλιν
1211 4899 1517 4973 προσθήκη,
1533 4902 1595 4954 τὸ
1615 4902 1691 4974 μὴ
1711 4902 1855 4975 πρώ-

1954 4538 2157 4595 ductus
2187 4538 2348 4596 fuerit
2383 4542 2439 4597 in
2465 4544 2676 4609 orbem,
2719 4547 2985 4602 adoratnr
3010 4550 3095 4604 ab'
3126 4553 3383 4609 omnibus
3424 4569 3527 4609 an-

1951 4633 2087 4702 gelis
2124 4632 2264 4703 ejus.
2296 4634 2338 4688 Α
2369 4638 2664 4707 postremis
2708 4639 2900 4711 igitur,
2941 4641 2987 4696 si
3037 4642 3273 4709 videtur,
3329 4660 3528 4717 propo-

1952 4726 2183 4780 sitorum
2226 4729 2662 4798 speculationem
2690 4732 3066 4789 exordiamur.

2023 4814 2159 4872 Cum
2198 4818 2413 4885 iterum,
2451 4820 2653 4892 inquit.
2687 4823 2890 4877 inducit
2923 4825 3330 4899 primogenitum
3357 4829 3413 4884 in
3442 4846 3530 4883 or-

1953 4906 2109 4962 bem:
2139 4909 2376 4980 adjectio
2408 4913 2691 4982 particula:
2744 4915 2958 4984 iterum,
3016 4918 3121 4974 hoc
3179 4936 3287 4975 non
3350 4921 3529 4992 primo

257 5003 376 5052 un;
406 4986 656 5057 γίνεσθαι
701 4987 861 5042 τοῦτο
888 4989 976 5043 διὰ
1005 4990 1105 5061 τῆς
1147 4991 1287 5045 κατὰ
1334 4992 1434 5064 τὴν
1476 4993 1620 5060 λέξιν
1647 4994 1845 5067 ταύτην

1959 4998 2074 5056 fieri
2116 5015 2214 5071 per
2278 5002 2421 5059 hanc
2477 5004 2739 5062 dictionis
2792 5008 3211 5079 significantium
3266 4986 3526 5068 ostendit.

262 5079 553 5152 σημασίας
597 5081 951 5136 ἐνδείκνυται.
993 5082 1115 5135 Ἐπὶ
1169 5083 1279 5155 γὰρ
1326 5082 1429 5153 τῆς
1461 5084 1876 5157 ἑπαναλὴψεως

260 5171 380 5225 τῶν
438 5171 590 5239 ἅπαξ
637 5172 942 5241 γεγονότων
988 5175 1055 5244 τῇ
1105 5173 1248 5241 λέξει
1297 5173 1468 5247 ταύτῃ
1510 5176 1848 5248 κεχρήμεθα.

1948 5088 2086 5147 Nam
2117 5094 2172 5146 in
2222 5095 2549 5163 repetitione
2574 5111 2764 5152 eorum
2800 5113 2920 5169 quae
2970 5101 3140 5156 semel
3187 5100 3333 5156 facta
3376 5112 3527 5167 sunt,

1950 5183 2336 5249 hacdictione
2366 5187 2594 5243 utimur.
2628 5187 2800 5260 igitur
2831 5190 2884 5245 in
2921 5191 3027 5246 fine
3056 5191 3380 5248 saeculorum
3422 5201 3528 5250 ter-

259 5261 485 5317 θῦκοῦν
506 5264 606 5336 τὴν
633 5267 726 5319 ἰπὶ
761 5265 840 5336 τῷ
870 5265 1014 5319 τέλει
1040 5267 1148 5320 τῶν
1177 5266 1388 5321 αἰώνων
1421 5267 1661 5340 φοϐερὰν
1686 5269 1845 5323 αὑτοῦ

1949 5274 2317 5346 ribilem‘ejns
2349 5280 2748 5349 apparitionem
2779 5281 2883 5337 hoc
2917 5297 3174 5340 sermone
3215 5285 3526 5357 significat:

260 5354 881 5426 ὖπιφάνειανσημαίνει
906 5355 988 5424 τῷ
1016 5356 1160 5429 λόγῳ
1185 5376 1198 5389 ο
1230 5360 1318 5413 ὅτε
1359 5358 1542 5425 οὐκέτι
1578 5360 1637 5413 ὲν
1658 5363 1724 5432 τῇ
1755 5361 1845 5415 τοῦ

1947 5367 2171 5436 quando
2201 5382 2309 5422 non
2341 5371 2580 5440 amplius
2613 5372 2669 5426 in
2729 5373 2872 5427 servi
2932 5372 3108 5429 forma
3160 5354 3527 5448 conspicitur,

258 5442 460 5498 δούλου
513 5443 811 5515 καθορᾶται
852 5448 1071 5518 μορφῇ,
1105 5446 1344 5502 ἀλλ”ὲπὶ
1392 5447 1486 5503 τοῦ
1524 5449 1716 5523 θρόνου
1754 5451 1845 5522 τῆς

1962 5451 2058 5508 sed
2084 5453 2142 5508 in
2176 5455 2318 5510 solio
2341 5459 2492 5530 regni
2527 5460 2817 5531 magnifice
2845 5460 3066 5529 sedens,
3115 5470 3171 5521 et
3200 5465 3271 5522 ab
3301 5442 3525 5541 angelis

340 5601 381 5633 “
414 5598 631 5657 Coloss.
671 5617 709 5664 ι,
750 5602 833 5657 ιδ.
912 5602 953 5634 ¹¹
986 5600 1145 5658 Rom.
1189 5620 1307 5670 \lll,
1343 5604 1431 5661 29.
1512 5605 1556 5638 ⁸³
1582 5604 1701 5661 Col.
1735 5621 1776 5671 ι,
1812 5605 1836 5659 l

1947 5607 1960 5661 Ι
1991 5604 2120 5663 Cor.
2149 5609 2237 5673 15,
2274 5612 2356 5666 10.
2437 5614 2479 5647 ¹⁶
2510 5613 2677 5671 ilcbr.
2709 5633 2746 5682 I,
2779 5614 2839 5687 6;
2875 5616 3018 5675 Psal.
3051 5634 3162 5688 CIV,
3205 5618 3257 5679 7.

321 5710 396 5788 (ο)
444 5706 776 5790 Curi-rupturi!
806 5711 1098 5790 exemplar
1137 5713 1386 5772 Grtrcum
1432 5717 1682 5787 suspicor
1712 5717 1813 5774 hoc
1842 5717 2074 5789 inloco.
2104 5716 2467 5777 Consentium
2497 5728 2678 5779 tamen
2721 5722 2892 5781 (Zodd.
2940 5726 3243 5790 Davarieus
3295 5744 3351 5790 et
3405 5733 3499 5790 1ρὶ-

235 5778 543 5834 υῑηιὶειιιιιδ
573 5792 660 5848 up.
688 5777 1028 5836 Grctserum.
