3992 6210
340 236 442 293 6⁸55

338 348 595 404 omnibus
648 350 860 404 circum
910 348 1091 418 ipsum
1136 350 1422 399 adoratus.
1474 341 1766 412 Propterea
1818 342 1911 411 qui
1941 348 1984 404 Α

331 442 509 498 semel
540 441 596 495 in
629 441 819 496 orbem
847 441 1151 509 ingressus,
1177 435 1574 506 primogenitus
1621 433 1797 489 factus
1845 446 1913 489 ex

338 535 594 598 mortuis,
624 543 679 589 et
711 532 943 588 fratrum
975 538 1030 587 et
1058 531 1239 586 omnis
1266 535 1531 585 creatum
1579 526 1912 597 primogeni-

338 635 451 689 tus,
504 638 631 679 cum
675 625 872 679 iterum
918 623 1257 693 ingredietur
1300 623 1355 676 in
1394 630 1661 676 terrarum
1698 622 1909 686 orbem,

337 716 597 784 judicans
660 716 840 786 ipsum
891 715 1078 770 orbem
1129 715 1184 769 in
1221 713 1459 783 iustitia,
1491 712 1637 768 sicut
1682 719 1913 767 testatur

342 807 684 872 vaticinium,
720 822 828 862 non
866 807 1114 875 repudiat
1140 805 1487 877 primogeniti
1514 818 1732 868 nomen,
1763 804 1911 873 quod

343 899 509 952 semel
545 913 643 968 pro
665 898 826 953 nobis
848 899 1060 969 accepit
1086 917 1098 952 :
1128 897 1223 953 sed
1254 896 1398 952 sicut
1427 896 1482 951 in
1511 896 1727 951 nomine
1744 891 1910 950 δεδι]

341 1004 504 1043 omne
531 1006 671 1061 genu
724 1006 785 1045 se
836 998 1027 1045 curvat
1062 990 1112 1046 ei
1172 989 1264 1060 qui
1320 1003 1485 1059 supra
1516 1002 1679 1042 omne
1713 1002 1911 1043 nomen

340 1089 426 1136 est
461 1080 617 1144 ηδ’,
648 1080 730 1136 sic
763 1081 926 1136 etiam
955 1096 1077 1136 eum
1115 1079 1205 1150 qui
1235 1079 1290 1134 in
1323 1079 1542 1133 nomine
1567 1078 1911 1149 primogeniti

340 1169 510 1233 venit,
554 1170 741 1225 pinnis
789 1171 1106 1241 angelorum
1156 1168 1441 1240 plenitudo
1491 1167 1709 1223 obviam
1766 1166 1912 1223 facta

342 1262 556 1328 adorat,
586 1262 656 1316 ob
696 1262 981 1316 hominum
1015 1262 1416 1318 revocationem
1449 1259 1649 1315 affecta
1688 1259 1910 1332 gaudio,

340 1369 531 1419 quinm,
559 1355 690 1424 quia
721 1354 793 1408 sit
818 1360 1009 1408 noster
1040 1351 1219 1408 factus
1254 1351 1673 1423 primogenitus,
1719 1366 1912 1408 rursus

345 1444 411 1497 ad
437 1444 669 1515 gratiam
710 1458 832 1515 quae
861 1458 891 1497 a
925 1443 1200 1514 principio
1225 1441 1331 1497 fuit
1376 1442 1691 1505 revocavit,
1735 1441 1912 1512 siqui-

343 1536 465 1590 dem
497 1537 755 1606 gaudium
797 1536 856 1590 fit
895 1535 1105 1606 angelis
1134 1549 1300 1605 super
1335 1534 1422 1589 his
1462 1534 1554 1604 qui
1584 1549 1649 1589 ex
1688 1541 1913 1604 peccato

343 1627 736 1697 resipiscentes
771 1629 907 1683 salvi
939 1627 1077 1683 ﬁunt
1112 1628 1156 1660 "
1179 1666 1194 1682 .
1222 1627 1496 1693 Quocirca
1538 1620 1714 1696 usque
1765 1640 1911 1681 nunc

1577 225 1634 282 Β.
1664 223 2311 282 ρπεςοιιιιιινγδδεω

3476 231 3587 289 636

2017 339 2297 410 βασιλείας
2330 338 2764 411 μεγαλοπρεπῶς
2818 341 3235 413 προκαθήμενος
3259 385 3273 409 ,
3333 346 3431 399 καὶ
3480 347 3593 401 om

2013 429 2123 484 τῶν
2150 430 2395 498 ἀγγέλων
2442 430 2661 485 πάντων
2694 432 2823 503 περὶ
2870 432 3034 488 αὐτὸν
3088 435 3591 508 προσκυνούμενος.

2014 518 2113 572 Διά
2145 517 2302 579 τοῦτο
2332 520 2362 571 ὁ
2387 519 2535 583 ἅπαξ
2557 519 2813 573 εἰσελθὼν
2842 520 2920 583 εις
2941 518 3039 590 τὴν
3062 521 3406 591 οἰκουμένην,
3430 538 3597 593 πρω-

2012 608 2233 673 τότοκος
2269 610 2557 681 γενόμενος
2590 610 2656 664 ὲκ
2680 609 2788 663 τῶν
2822 610 3029 682 νεκρῶν
3075 627 3136 664 τε
3172 612 3267 664 καὶ
3316 611 3593 681 ἀδελφῶν,

2013 698 2108 751 καὶ
2139 697 2321 768 πάσης
2367 698 2467 769 τῆς
2505 698 2769 764 κτίσεως,
2795 698 2922 752 ὅταν
2954 698 3115 753 πάλιν
3155 699 3472 771 εἰσέρχηται
3504 700 3597 764 είς

2011 785 2110 857 τὴν
2140 786 2463 859 οἰκουμένην
2489 789 2519 841 ό
2548 787 2748 857 κρίνων
2791 786 2890 857 τὴν
2921 787 3246 859 οἰκουμένην
3295 790 3352 842 ἐν
3382 789 3594 844 δικαιο-

2015 878 2151 953 σύνῃ
2175 922 2190 945 ,
2222 878 2405 942 καθὼς
2426 880 2460 949 ἡ
2495 879 2801 950 προφητεία
2826 878 2973 947 λέγει
2991 919 3006 943 ,
3040 879 3140 932 οὐκ
3169 878 3465 933 ἀποϐάλλει
3490 880 3591 934 τοῦ

2013 970 2358 1040 πρωτοτόκου
2394 970 2456 1024 τὸ
2486 969 2657 1041 ὄνομα
2678 1011 2694 1035 ,
2722 971 2752 1023 ὃ
2785 969 2933 1035 ἅπαξ
2978 970 3118 1041 ὑπὲρ
3170 970 3324 1041 ήμῶν
3364 971 3592 1025 κατεδέ-

2013 1062 2140 1128 ξατο
2165 1078 2177 1093 ·
2208 1061 2323 1116 ἀλλ’
2350 1061 2426 1127 ὡς
2456 1065 2531 1116 ὲν
2551 1062 2774 1132 ὀνόματι
2816 1060 2990 1131 Ἰησοῦ
3019 1063 3126 1114 πᾶν
3154 1061 3282 1129 γόνυ
3317 1062 3591 1132 κάμπτει,

2012 1155 2091 1227 τῷ
2124 1156 2263 1228 ὑπὲρ
2312 1157 2421 1210 πᾶν
2448 1155 2560 1209 ὄντι
2600 1155 2769 1225 θνομα
2791 1196 2806 1220 ,
2843 1152 3017 1217 οὕτως
3047 1152 3260 1208 καὶτὸν
3284 1154 3342 1207 ὲν
3374 1153 3455 1224 τῷ
3480 1154 3594 1206 όνό-

2016 1264 2144 1318 ματι
2168 1247 2260 1302 τοῦ
2293 1246 2640 1319 πρωτοτόκου
2668 1245 2955 1316 γενόμενον
3002 1247 3297 1315 προσκυνεῖ
3326 1244 3592 1298 ἁπάντων

2014 1339 2260 1410 ἀγγέλων
2299 1338 2363 1392 τὸ
2390 1339 2685 1410 πλήρωμα,
2715 1340 2781 1408 τῇ
2812 1336 3105 1407 ἀνακλήσει
3145 1336 3251 1391 τῶν
3276 1336 3591 1407 ἀνθρώπων

2014 1429 2532 1501 ὲπευιρραινόμενον,
2570 1428 2638 1498 ἢν
2658 1427 2749 1482 διά
2775 1426 2869 1481 τοῦ
2894 1426 3146 1496 γενέσθαι
3175 1428 3333 1499 ήμῶν
3371 1427 3592 1499 πρωτό-

2011 1538 2169 1585 τοκος
2189 1562 2204 1587 ,
2235 1520 2397 1574 πάλιν
2427 1521 2508 1584 εἰς
2544 1520 2643 1590 τὴν
2695 1520 2755 1584 ἐξ
2781 1519 2956 1590 ἀρχῆς
2989 1520 3147 1591 χάριν
3190 1519 3583 1572 ἀνεκαλέσατο.

2026 1612 2241 1684 Ἐπειδὴ
2288 1613 2399 1683 γὰρ
2436 1612 2580 1682 χαρά
2628 1611 2838 1679 γίνεται
2885 1611 2997 1672 τοῖς
3035 1610 3288 1679 ἀγγέλοις
3326 1609 3421 1664 ἐπὶ
3469 1613 3590 1673 τοῖς

348 1719 706 1790 eongemiscit
760 1714 1014 1774 creatura
1067 1719 1180 1783 illa,
1221 1727 1276 1773 et
1329 1718 1673 1774 condolescit
1711 1726 1910 1774 nostrai

2012 1703 2446 1775 ἀνασωζομένοις
2497 1701 2892 1773 ὲξάμαρτίας·
2940 1701 3071 1755 διότι
3127 1702 3286 1772 μέχρι
3334 1700 3431 1755 τοῦ
3485 1700 3593 1755 νῦν

345 1809 572 1864 vanitati
612 1811 655 1842 “
680 1850 696 1875 ,
749 1811 980 1864 multam
1034 1822 1190 1867 suam
1221 1818 1276 1865 et
1315 1809 1701 1864 detrimentum
1766 1809 1914 1879 judi-

343 1916 477 1956 cans
501 1909 744 1957 nostram
770 1900 1152 1972 perditionem,
1185 1915 1310 1955 cum
1344 1900 1607 1956 revelatio
1622 1899 1761 1955 facta
1792 1899 1912 1955 fue-

341 1991 414 2045 rit
438 1990 674 2045 ﬁliorum
704 1989 819 2056 Dei,
850 2005 1016 2061 quam
1045 2005 1145 2061 pro
1168 1989 1329 2044 nobis
1352 2003 1572 2059 semper
1592 1995 1914 2059 exspectant

338 2088 394 2134 ct
425 2081 830 2150 praestolamur,
866 2088 920 2135 et
951 2094 1076 2135 cum
1105 2078 1254 2135 salva
1286 2078 1450 2134 fuerit
1474 2079 1595 2134 ovis
1647 2093 1772 2134 cum
1826 2094 1913 2134 su-

339 2185 506 2239 perna
537 2171 628 2225 illa
654 2170 933 2225 centuria:
964 2169 1088 2240 (nos
1115 2179 1296 2224 autem
1325 2183 1520 2224 omnes
1552 2183 1769 2232 sumus,
1807 2168 1908 2222 hu-

336 2276 498 2315 mana
531 2268 749 2325 natura,
783 2262 896 2314 lucc
928 2261 1069 2325 ovis,
1099 2275 1286 2329 quam,
1314 2259 1445 2330 quia
1469 2258 1649 2316 faetus
1698 2260 1908 2330 primo-

347 2350 590 2419 genitus,
628 2350 807 2405 bonus
836 2359 1026 2419 pastor
1079 2352 1319 2406 servavit
1346 2347 1592 2415 ":)tunc
1638 2351 1912 2420 praecipue

340 2442 394 2494 in
420 2441 727 2496 vehementi
752 2455 853 2511 pro
884 2440 1046 2497 nobis
1074 2441 1375 2511 gratiarum
1406 2441 1623 2496 actione
1649 2439 1760 2496 Deo
1780 2440 1909 2497 ado-

340 2532 607 2588 rationem
635 2531 911 2588 adducent
936 2532 986 2587 ei
1009 2574 1025 2599 ,
1055 2532 1150 2602 qui
1182 2542 1403 2602 propter
1424 2532 1903 2604 primdgenituram

340 2625 615 2681 revocavit
642 2640 766 2680 eum
797 2624 889 2695 qui
916 2638 946 2678 a
975 2625 1151 2695 patrio
1173 2624 1288 2679 lare
1312 2626 1470 2695 longe
1495 2624 1861 2680 abscesserat.

2010 1798 2324 1865 συστενάζει
2372 1801 2406 1870 ἡ
2442 1799 2619 1863 κτίσις
2649 1798 2831 1869 ἐκείνη
2881 1799 2977 1852 καὶ
3010 1796 3284 1851 συνωδίνει
3331 1798 3400 1866 τῇ
3456 1795 3587 1850 καθ’

2009 1892 2157 1962 ἡμᾶς
2206 1892 2569 1962 ματαιότητι,
2642 1891 2850 1963 ζημίαν
2903 1890 3107 1945 οἰκείαν
3174 1890 3436 1962 κρίνουσα
3480 1888 3607 1961 τὴνι

2009 1983 2283 2055 ἡμετέραν
2311 1981 2604 2049 ἀπώλειαν,
2633 1983 2762 2037 ὅταν
2788 1985 2831 2054 ή
2854 1982 3191 2052 ἀποκάλυψις
3214 1982 3439 2051 γένηται
3471 1981 3587 2035 τῶν

2009 2074 2139 2128 υἱῶν
2171 2074 2266 2129 τοῦ
2295 2074 2432 2129 Θεοῦ
2460 2114 2474 2139 ,
2508 2075 2575 2146 ἢν
2600 2074 2738 2146 ὑπὲρ
2779 2078 2813 2146 ή
2824 2075 2942 2146 μῶν
2975 2074 3063 2128 ἀεὶ
3102 2061 3466 2144 καραδοκοῦσι
3488 2073 3589 2127 καὶ

2009 2165 2419 2236 ἀπεκδὲχονται,
2455 2168 2551 2221 καὶ
2580 2166 2709 2219 ὅταν
2740 2165 2998 2237 ἀποσωθῇ
3030 2169 3097 2237 τῇ
3128 2165 3239 2220 ἀνω
3260 2164 3591 2220 ἑκατοντάδι

2010 2257 2071 2311 τὸ
2119 2258 2421 2330 πρόϐατοντ
2463 2261 2627 2330 ἡμεῖς
2664 2258 2719 2311 δὲ
2752 2259 2953 2321 πάντες
2982 2258 3150 2328 ἐσμὲν
3186 2260 3220 2327 ἡ
3263 2256 3604 2328 ἀνθρωπίνη

2010 2348 2172 2418 φύσις
2208 2348 2366 2403 τοῦτο
2409 2349 2471 2402 τὸ
2511 2349 2779 2421 πρόϐατον
2810 2349 2840 2403 ὃ
2888 2350 2976 2403 διὰ
3007 2348 3392 2417 τοῦνγενέσθαι
3431 2365 3587 2419 πρω-

2007 2441 2256 2504 τότοκος,
2304 2441 2334 2494 ό
2376 2440 2579 2509 ἀγαθὸς
2621 2441 2826 2511 ποιμὴν
2868 2440 3179 2495 ἀνεσώσατο
3200 2457 3213 2470 ·
3244 2441 3366 2495 τότε
3396 2441 3588 2509 διαιρε-

2015 2530 2214 2603 ρόντως
2248 2532 2306 2585 ὲν
2360 2532 2723 2604 ὲπιτεταμένη
2754 2526 2824 2603 τῇ
2856 2532 2995 2604 ὑπὲρ
3044 2532 3203 2603 ήμῶν
3237 2532 3583 2603 εὐχαριστίᾳ,

2014 2623 2359 2695 προσάξουσι.
2394 2624 2473 2695 τῷ
2520 2624 2639 2695 Θεῷ
2676 2625 2774 2690 τὴν
2806 2623 3175 2697 προσκύνησιν
3221 2625 3301 2695 τῷ
3345 2624 3434 2679 διὰ
3478 2623 3585 2694 τῆς

339 2716 711 2788 πρωτοτοκίας
734 2713 1193 2785 ἁνακαλεσαμὲνῳ
1214 2714 1306 2768 τὸν
1334 2714 1431 2784 τῆς
1457 2714 1716 2783 πατρῴας
1745 2713 1927 2775 ἑστίας
1956 2712 2413 2782 ἀποφοιτήσαντα.

410 2806 508 2861 llis
535 2822 562 2859 a
597 2807 756 2861 nobis
805 2806 887 2860 sic
926 2805 1243 2868 intellectis,
1288 2804 1474 2859 nullus
1510 2804 1746 2873 amplius
1807 2802 1907 2857 du-

258 2908 259 2911 “
340 2902 497 2967 liitet,
522 2898 682 2968 cujus
717 2898 888 2967 gratia
906 2911 971 2951 ex
1005 2895 1241 2949 mortuis
1277 2894 1333 2947 fit
1370 2894 1785 2964 primogenitus,
1822 2894 1905 2948 vel

2084 2803 2298 2856 Τούτων
2329 2803 2387 2856 δὲ
2438 2804 2608 2868 οὕτως
2658 2807 2792 2874 ἡμῖν
2821 2805 3119 2877 νοηθέντων
3145 2847 3160 2868 .
3189 2806 3372 2861 οὐκέτ’
3402 2808 3469 2863 ἀν
3498 2824 3589 2871 τις

2016 2897 2147 2968 περὶ
2177 2894 2286 2949 τῶν
2330 2894 2541 2948 λοιπῶν.
2563 2897 2920 2967 ἁμφιϐάλλοι,
2968 2900 3089 2952 ὅτου
3120 2898 3277 2969 χάριν
3307 2900 3340 2968 ἢ
3372 2899 3588 2968 νεκρῶν

338 2999 605 3045 creatura:
625 2985 705 3042 vel
726 2988 778 3041 in
796 2987 982 3041 multis
1002 2984 1282 3040 fratribus.
1316 2982 1440 3039 llaec
1458 2985 1605 3039 enim
1633 2986 1814 3040 omnia
1843 2983 1908 3039 ad

2014 2984 2220 3054 γίνεται
2254 2985 2621 3056 πρωτότοκος,
2652 2986 2686 3058 ἦ
2737 2987 2964 3051 κτίσεως
2983 3027 2998 3051 ,
3027 2987 3059 3058 ἢ
3105 2991 3164 3041 ὲν
3193 2988 3403 3051 πολλοῖς
3431 2989 3591 3041 ἀδελ-

339 3080 590 3134 eumdem
610 3092 836 3148 scopum
858 3082 1128 3147 spectant,
1159 3074 1262 3131 etsi
1284 3075 1340 3130 in
1372 3070 1699 3145 unoQuoque
1717 3089 1916 3130 secun-

337 3172 469 3224 dum
491 3170 878 3240 prOprietatem
917 3168 1148 3239 insignis
1190 3165 1437 3239 quaedam
1481 3156 1633 3222 initio
1669 3174 1910 3237 apparet.

342 3261 746 3331 Primogenitus
763 3275 829 3315 ex
852 3259 1085 3315 mortuis
1113 3260 1190 3324 ﬁt,
1221 3258 1318 3330 qui
1345 3258 1555 3328 primus
1572 3272 1668 3328 per
1690 3271 1914 3313 seacres

342 3353 536 3405 mortis
556 3350 773 3405 dolores
791 3348 972 3413 solvit,
988 3349 1317 3405 utomnibus
1328 3349 1495 3404 etiam
1505 3347 1649 3402 viam
1671 3346 1833 3402 faciat
1847 3346 1914 3402 ad

342 3445 558 3510 partum
588 3439 680 3506 qui
709 3437 768 3492 tit
788 3452 854 3491 ex
881 3438 1308 3494 resurrectione.
1339 3437 1398 3492 lu
1424 3435 1685 3492 fratribus
1718 3452 1914 3497 rursus

343 3529 742 3601 primogenitus
772 3528 973 3593 factus,
995 3528 1093 3599 qui
1124 3543 1267 3584 novo
1298 3530 1731 3599 regenerationis
1752 3538 1912 3600 partu

347 3621 503 3692 prior
523 3620 742 3691 genitus
779 3628 864 3675 est
911 3620 964 3675 in
1000 3635 1164 3692 aqua,
1195 3621 1357 3690 cujus
1386 3628 1602 3692 partum
1649 3622 1913 3678 columba:

339 3714 555 3770 volatus
594 3712 985 3768 obstetricatus
1013 3720 1119 3769 est.
1162 3711 1266 3769 Per
1310 3729 1471 3784 quem
1504 3729 1601 3770 eos
1656 3718 1749 3786 qui
1787 3730 1911 3770 cum

338 3805 460 3874 ipso
491 3802 693 3859 similis
717 3804 1091 3875 generationis
1125 3804 1425 3876 participes
1454 3813 1605 3871 sunt,
1650 3806 1754 3863 sibi
1795 3805 1909 3862 fra-

339 3905 452 3952 tres
486 3896 728 3962 asciscit,
770 3903 824 3951 et
858 3896 1255 3967 primogenitus
1299 3895 1534 3951 eﬁicitur
1575 3912 1764 3953 eorum
1815 3898 1907 3967 qui

340 3999 460 4058 post
473 3987 650 4057 ipsum
668 4002 733 4041 ex
748 4001 890 4057 aqua
904 3999 956 4041 et
971 3987 1164 4056 spiritu
1182 3995 1594 4056 regenerantur.
1616 3986 1680 4038 Et
1697 3994 1754 4039 ut
1767 4001 1912 4042 sum-

341 4078 526 4131 tuatim
545 4077 743 4139 dicam,
780 4091 906 4131 cum
938 4078 1049 4132 sint
1082 4083 1195 4132 tres
1235 4077 1289 4129 in
1322 4075 1483 4132 nobis
1507 4074 1906 4147 generationes,

336 4168 534 4238 quibus
551 4167 861 4223 vivificatur
879 4167 1119 4223 buntana
1135 4174 1353 4232 natura,
1388 4181 1495 4221 una
1514 4181 1546 4222 e
1560 4180 1811 4236 corpore,
1838 4167 1911 4220 al-

2012 3078 2153 3146 φοῖς.
2183 3075 2366 3131 Πάντα
2393 3076 2503 3148 γὰρ
2544 3076 2717 3131 ταῦτα
2751 3078 2890 3149 πρὸς
2919 3080 3008 3133 τὸν
3037 3078 3199 3133 αὐτὸν
3227 3078 3429 3133 σκοπὸν
3460 3079 3591 3149 βλέ-

2012 3183 2126 3233 πει,
2165 3168 2270 3223 κᾶν
2293 3167 2508 3239 ἑκάστῳ
2531 3186 2586 3223 τι
2608 3169 2747 3223 κατὰ
2773 3170 2835 3223 τὸ
2870 3168 3067 3234 ἰδιάζον
3095 3170 3425 3242 ἐμφαίνηται
3455 3172 3587 3244 νόη-

2015 3275 2112 3330 μα.
2144 3259 2493 3331 Πρωτότοκος
2518 3259 2626 3334 γὰρ
2654 3261 2719 3314 ὲκ
2749 3260 2858 3316 τῶν
2894 3261 3105 3333 νεκρῶν
3137 3262 3343 3330 γίνεται
3366 3264 3397 3317 ό
3429 3265 3584 3335 πρῶ-

2010 3365 2101 3412 τος
2131 3350 2198 3403 δι’
2243 3349 2436 3404 ἑαυτοῦ
2464 3350 2567 3415 τάς
2617 3352 2811 3416 ὠδῖνας
2847 3351 2942 3406 τοῦ
2981 3352 3210 3407 θανάτου
3245 3354 3414 3418 λύσας
3435 3395 3451 3421 ,
3496 3357 3587 3410 ἵνα

2011 3441 2108 3495 καὶ
2131 3442 2295 3495 πᾶσιν
2322 3442 2611 3514 ὁδοποιήσῃ
2644 3444 2744 3499 τὸν
2779 3445 2840 3509 ἐξ
2891 3446 3238 3510 ἀναστάσεως
3274 3448 3450 3502 τόκον.
3495 3449 3599 3501 Ἐν

2011 3532 2260 3603 ἀδελφοῖς
2278 3534 2336 3587 δὲ
2361 3533 2522 3589 πάλιν
2559 3537 2901 3608 πρωτότοκος
2931 3539 3213 3609 γινόμενος
3238 3579 3252 3601 ,
3280 3541 3309 3592 ὁ
3334 3539 3428 3593 τοῦ
3457 3558 3583 3594 και⁸

2011 3621 2104 3678 νοῦ
2161 3626 2262 3695 τῆς
2309 3624 2725 3694 παλιγγενεσίας
2772 3628 2930 3681 τόκου
2979 3630 3366 3701 προγεννηθεὶς
3401 3632 3461 3683 ὲν
3504 3632 3583 3701 τῷ

2013 3712 2166 3769 ὕδατι
2189 3755 2206 3779 ,
2258 3710 2319 3771 οὗ
2371 3716 2472 3781 τάς
2520 3717 2714 3782 ὠδῖνας
2763 3719 2797 3787 ή
2851 3721 3048 3788 πτῆσις
3098 3722 3196 3792 τῆς
3253 3725 3582 3793 περιστερᾶς

2011 3804 2356 3876 ἑμαιεύσατο.
2403 3808 2479 3859 Δι’
2508 3801 2571 3860 οὗ
2614 3808 2740 3872 τοὺς
2784 3811 3264 3881 συμμετασχόντας
3290 3811 3443 3882 αύτῷ
3482 3814 3582 3884 τῆς

2010 3896 2199 3966 ὁμοίας
2235 3897 2536 3969 γεννήσεως
2561 3897 2821 3969 ἀδελφοὺς
2847 3899 3042 3954 ἑαυτοῦ
3072 3903 3255 3967 ποιεῖ,
3286 3905 3383 3957 καὶ
3430 3922 3583 3975 πρω‹

2009 3986 2226 4050 τότοκος
2267 3988 2472 4056 γίνεται
2497 3988 2605 4040 τῶν
2640 3990 2759 4053 μετ’
2790 3989 2950 4043 αὑτὸν
3001 3992 3350 4063 γεννωμένων
3391 3994 3455 4048 ἐκ
3484 3993 3581 4048 τοῦ

2011 4075 2203 4141 ὕδατός
2232 4094 2291 4130 τε
2324 4079 2419 4131 καὶ
2456 4079 2550 4131 τοῦ
2580 4079 2907 4150 πνεύματος.
2940 4081 3049 4135 Καὶ
3084 4083 3355 4137 συνελόντι
3387 4085 3581 4154 φάναι,

2009 4168 2174 4239 τριῶν
2208 4169 2382 4222 οὐσῶν
2429 4171 2487 4222 ὲν
2520 4172 2650 4240 ήμῖν
2701 4170 2825 4224 τῶν
2855 4172 3158 4242 γεννήσεων
3181 4215 3197 4240 ,
3229 4174 3297 4228 δι’
3338 4167 3416 4229 ὧν
3444 4173 3581 4239 (tuo.

335 4269 449 4314 tera
463 4257 766 4314 secundum
796 4259 1230 4330 regenerationis
1261 4258 1602 4330 mysterium,
1629 4258 1790 4314 tertia
1815 4272 1910 4328 per

2012 4266 2243 4318 ποιεῖται
2276 4267 2308 4336 ἡ
2338 4265 2649 4337 ἀνθρωπίνη
2680 4265 2840 4334 φύσις
2868 4283 2884 4298 ’
2910 4268 3008 4338 τῆς
3038 4267 3138 4338 μὲν
3166 4267 3275 4322 ἀπὸ
3302 4268 3583 4340 σώματος,

336 4357 608 4420 speratam
638 4365 704 4407 ex
740 4351 974 4406 mortuis
1009 4350 1189 4406 denuo
1223 4351 1705 4427 resurrectionem,
1738 4350 1793 4405 in
1825 4350 1908 4404 liis

2012 4354 2115 4425 τῆς
2144 4355 2203 4409 δὲ
2233 4326 2374 4409 κατά
2419 4326 2481 4408 τὸ
2517 4356 2615 4427 τῆς
2637 4326 3062 4426 ’παλιγγενεσίας
3101 4326 3398 4431 μυστήριον
3418 4377 3432 4392 ⁸

334 4439 515 4495 tribus
561 4441 960 4511 primogenitus
976 4441 1199 4496 dicitur.
1232 4440 1438 4510 Duplex
1452 4442 1672 4511 quidem
1691 4455 1814 4495 cum
1837 4441 1910 4496 sit

337 4534 697 4603 regeneratio,
754 4547 877 4603 quae
926 4547 1022 4602 per
1068 4542 1361 4602 utrumque
1414 4532 1666 4596 efﬁcitur,
1719 4540 1774 4587 et
1814 4546 1911 4601 per

338 4622 627 4692 baptisma,
657 4630 712 4678 et
737 4637 832 4693 per
859 4624 1341 4691 resurrectionem,
1368 4625 1485 4694 ipse
1520 4623 1700 4680 factus
1718 4625 1828 4680 dux
1855 4632 1910 4679 et

336 4715 591 4786 princeps
654 4716 956 4773 secundum
1030 4724 1339 4787 utramque,
1394 4718 1450 4772 in
1515 4732 1684 4774 carne
1724 4728 1906 4774 autem

336 4806 736 4877 primogenitus
764 4808 843 4872 (it,
883 4809 1094 4879 primus
1136 4816 1191 4863 et
1221 4809 1370 4865 solus
1413 4807 1657 4880 ignotum
1694 4818 1905 4865 natura:

332 4908 547 4967 partum
585 4897 641 4950 in
663 4898 846 4969 seipso
886 4913 982 4968 per
1005 4897 1279 4970 Virginem
1301 4914 1503 4956 novum
1534 4900 1777 4963 molitus,
1806 4915 1905 4956 cu-

327 4990 422 5058 jus
447 4989 631 5044 nullus
657 4989 713 5043 in
767 4997 847 5045 tot
903 4988 1183 5045 hominum
1226 4991 1673 5060 generationibus
1714 5003 1905 5048 auctor

331 5083 563 5139 exstitit.
607 5080 662 5138 Si
699 5082 815 5138 haec
843 5083 1142 5139 secundum
1170 5084 1439 5141 rationem
1482 5084 1762 5141 intellecta
1785 5085 1904 5142 fue-

333 5175 480 5243 rint;
510 5190 689 5246 neque
716 5183 982 5231 creatum
1012 5176 1402 5248 signiﬁcatum,
1440 5175 1601 5248 cujus
1630 5176 1903 5249 primoge-

332 5265 483 5321 nitus
512 5276 594 5324 cst
615 5268 973 5339 ignorabitur.
998 5268 1279 5340 Duplicem
1304 5270 1452 5325 enim
1468 5278 1680 5327 naturae
1699 5278 1903 5327 nostra

333 5357 664 5413 creationem
693 5360 1083 5431 cognovimus:
1121 5360 1371 5430 primam,
1402 5359 1704 5417 secundum
1737 5374 1900 5429 quam

336 5443 552 5500 formati
583 5464 774 5505 sumus
837 5459 893 5507 et
921 5452 1242 5518 secundam,
1295 5467 1392 5524 per
1419 5466 1581 5523 quam
1620 5450 1901 5507 reformati

409 5632 521 5664 ’ωδ
552 5629 782 5702 Philipp.
808 5648 874 5698 ll,
916 5635 1000 5688 10.-
1079 5636 1118 5668 ”
1162 5635 1350 5690 Matth.
1386 5636 1647 5702 xvaé,
1680 5635 1767 5702 Ni
1800 5635 1910 5690 Ῑιυθ

2012 4444 2070 4498 δὲ
2093 4483 2109 4508 ,
2144 4444 2234 4498 διὰ
2267 4447 2367 4516 τῆς
2395 4445 2757 4518 ἐλπιζομένης
2786 4448 2852 4502 ὲκ
2885 4447 3003 4502 tim
3018 4446 3226 4518 νεκρῶν
3256 4449 3414 4503 πάλιν
3443 4451 3576 4505 am.

2013 4534 2251 4597 στάσεως
2267 4573 2282 4597 ,
2306 4536 2364 4588 ὲν
2392 4538 2513 4600 ταῖς
2535 4537 2680 4608 τρισὶ
2714 4537 3056 4610 πρωτότοκος
3088 4539 3315 4608 γίνεται.
3339 4541 3449 4611 Τῆς
3475 4542 3583 4612 μὲν

2009 4626 2201 4697 διπλῆς
2236 4625 2651 4697 παλιγγενεσίας
2676 4629 2776 4700 τῆς
2806 4630 2873 4683 δι’
2905 4629 3225 4701 ἀμφοτέρων
3249 4634 3582 4703 ἐνεργουμέ-

2009 4735 2105 4788 νης
2130 4759 2144 4785 ,
2175 4718 2265 4773 διά
2313 4736 2373 4773 τε
2404 4719 2499 4774 τοῦ
2531 4720 2905 4792 βαπτίσματος
2935 4723 3028 4776 καὶ
3076 4706 3165 4776 ita:
3211 4722 3313 4793 τῆς
3343 4725 3585 4778 ἀναστάο

2010 4826 2147 4873 σεως
2168 4850 2184 4877 ,
2208 4810 2372 4874 αὐτὸς
2405 4810 2695 4881 γενόμενος
2740 4812 2982 4882 ἀρχηγὸς
3028 4812 3151 4867 καθ’
3192 4815 3446 4884 ἑκάτερον
3469 4854 3486 4879 ,
3520 4818 3587 4869 ὲν

2007 4899 2065 4952 δὲ
2095 4902 2161 4969 τῇ
2204 4901 2365 4970 σαρκὶ
2422 4904 2761 4972 πρωτότοκος
2791 4902 2999 4971 γίνεται
3024 4920 3039 4934 -
3073 4902 3289 4974 πρῶτος
3330 4905 3423 4957 καὶ
3478 4906 3599 4981 pb"—

2008 5007 2096 5053 νος
2123 4991 2217 5044 τὸν
2246 4991 2522 5060 ἄγνωστον
2549 4997 2616 5065 τῇ
2648 4993 2807 5062 φύσει
2839 4994 2995 5048 τόκον
3025 4995 3113 5063 ἐφ’
3139 4994 3332 5048 ἑαυτοῦ
3358 4993 3445 5047 διά
3477 4999 3583 5067 τῆς

2008 5081 2305 5153 παρθενίας
2332 5086 2764 5155 καινοτομήσας,
2797 5078 2859 5139 οὗ
2907 5085 3098 5155 μηδεὶς
3143 5087 3202 5137 ὲν
3232 5087 3353 5148 ταῖς
3382 5088 3575 5139 coemi-

2006 5190 2128 5235 ταις
2161 5175 2268 5228 τῶν
2294 5173 2595 5248 ἀνθρώπιον
2638 5180 2853 5244 γενεαῖς
2906 5176 3273 5248 καθηγήσατο.
3300 5178 3361 5230 Εί
3403 5178 3585 5233 ταῦτα

2007 5266 2186 5321 τοίνυν
2234 5268 2374 5322 κατά
2424 5267 2580 5337 λόγον
2610 5267 2855 5340 νενόηται
2882 5309 2898 5333 ,
2936 5268 3056 5322 οὐδὲ
3091 5269 3153 5322 τὸ
3197 5271 3297 5339 τῆς
3346 5268 3589 5331 κτίσεως

2010 5358 2407 5430 σημαινόμενον
2429 5399 2444 5424 ,
2475 5356 2545 5430 ἦς
2574 5361 2913 5432 πρωτότοκός
2941 5363 3088 5433 ἐστιν
3109 5402 3125 5426 ,
3155 5362 3585 5434 ἀγνοηθήσεται.

2009 5450 2213 5523 Διπλῆν
2255 5450 2362 5524 γὰρ
2395 5451 2494 5522 τῆς
2534 5452 2745 5521 φύσεως
2777 5453 2932 5526 ἡμῶν
2976 5454 3073 5526 τὴν
3106 5455 3282 5508 κτίσιν
3331 5454 3586 5523 ἐγνώκα-

1920 5676 1932 5688 .
1970 5650 2058 5701 xv,
2097 5634 2144 5689 7.
2227 5636 2268 5668 ιθ
2294 5634 2457 5694 Rom.
2490 5652 2602 5703 vm.
2642 5639 2721 5694 l9.
2804 5640 2847 5672 ι’
2885 5640 3072 5695 Matth.
3107 5657 3254 5704 nui,
3295 5641 3381 5696 l2.
