3992 6210
232 305 335 364 657

1355 294 1632 353 CONTRA
1648 289 1654 295 ’
1676 291 2062 360 ΕΠΝΟΜΗΙΜ,
2100 292 2227 349 LIB.
2266 292 2352 348 IV.

3392 291 3497 351 658

232 435 341 491 μεν
364 457 381 481 ,
428 416 527 489 τήν
554 432 615 469 τι
655 410 880 483 πρώτην
916 409 1039 465 καθ’
1063 411 1131 482 ἢν
1159 407 1509 480 ἑπιιάσθημεν
1531 446 1547 472 ,
1597 407 1690 461 uati
1720 406 1819 476 τὴν

1934 402 2167 471 luimus;
2216 402 2312 461 sed
2360 416 2469 457 non
2517 414 2656 472 opus
2696 409 2852 459 esset
2909 400 3153 459 secunda
3192 402 3496 471 creatione,

228 509 501 579 δευτέραν
542 505 665 560 καθ’
708 505 775 576 ἦν
820 501 1262 573 ἀνεπλάσθημεν.
1306 499 1445 553 Ἀλλ’
1476 499 1577 553 οὐκ
1630 497 1697 553 ἂν
1746 493 1816 569 ἦν

243 602 336 672 ἧς
362 596 620 669 δευτέρας
646 594 804 666 ἡμῶν
827 593 1056 657 κτίσεως
1076 590 1258 664 χρεία,
1286 592 1335 645 εί
1368 589 1446 663 μὴ
1470 589 1568 661 τὴν
1597 587 1815 661 septimm

234 694 328 749 διὰ
354 692 458 761 τῆς
484 690 775 763 παρακοῆς
801 687 1201 761 ἢχρειὼσαμεν.
1235 686 1478 756 Ἐκείνης
1510 687 1687 741 τοίνυν
1716 703 1815 739 παι

235 787 568 857 λαιωοείσης
620 802 682 838 τε
738 783 833 838 καὶ
888 780 1315 853 ἀφανισθείσης,
1370 779 1476 834 εδει
1522 778 1714 850 καινὴν
1763 779 1820 829 ἐν

237 876 467 949 Χριστῷ
488 871 745 944 γενέσθαι
782 872 979 937 κτίσιν,
1006 869 1188 934 καθώς
1217 886 1381 940 φησιν
1407 869 1436 923 ὁ
1478 867 1817 930 Ἀπόστολος.

237 968 410 1023 Οὐδὲν
440 969 524 1021 ἔτι
552 966 663 1020 τῶν
687 963 1153 1033 πεπαλαιωμένων
1174 963 1268 1016 ἐπὶ
1295 962 1393 1033 τῆς
1418 960 1678 1031 δευτέρας
1707 958 1822 1012 κτί-

240 1075 382 1123 σεως
400 1056 545 1122 ἀξιοῖ
572 1055 810 1127 βλέπειν,
828 1051 1345 1122 Ἀπεκδυσὰμενοι,
1369 1050 1565 1121 λέγων,
1582 1050 1689 1104 τὸν
1709 1064 1815 1104 πα-

237 1150 421 1206 λαιὸν
442 1148 776 1217 ἄνθρωπον,
794 1144 917 1201 σὺν
930 1145 1059 1212 ταῖς
1074 1142 1332 1213 πράξεσι
1350 1143 1443 1198 καί
1468 1143 1596 1209 ταῖς
1618 1142 1821 1197 ἐπιθυ-

238 1242 409 1312 μίαις
435 1240 644 1305 αὐτοῦ,
671 1237 1009 1292 ἐνδύσασθε
1031 1236 1137 1290 τὸν
1155 1236 1367 1291 καινὸν
1388 1235 1698 1303 ἄνθρωπον
1718 1233 1823 1287 τὸν

247 1333 401 1390 κατὰ
427 1332 577 1389 Θεὸν
593 1329 931 1386 κτισθένταο
955 1328 1155 1389 “LE!
1178 1346 1267 1395 τις
1297 1328 1367 1382 ἐν
1385 1327 1635 1397 Χριστῷ,
1666 1327 1820 1396 φησὶ,

246 1423 427 1491 καινὴ
466 1423 697 1487 κτίσις·
728 1420 800 1474 τὰ
843 1418 1062 1489 ἀρχαῖα
1104 1417 1430 1489 παρῆλθεν.
1464 1416 1592 1471 ἰδοὺ
1616 1416 1822 1487 γέγονε

248 1514 425 1571 καινά
448 1531 463 1544 ⁸
489 1511 573 1578 εἷς
599 1513 712 1584 γὰρ
736 1513 830 1566 καὶ
861 1515 890 1566 ὁ
915 1512 1076 1575 αὐτὸς
1106 1511 1207 1581 τῆς
1232 1510 1580 1580 ἀνθρωπίνης
1612 1508 1823 1579 φύσεως

252 1606 485 1677 ποιητὴς
506 1646 523 1670 ,
552 1582 649 1657 κᾶι
681 1582 749 1655 τὸ
780 1602 901 1657 κατ’
952 1601 1127 1672 ἀρχὰς
1164 1601 1258 1654 καὶ
1307 1599 1368 1653 τὸ
1424 1599 1563 1671 μετὰ
1607 1597 1779 1652 ταῦτα
1808 1614 1821 1628 ’

248 1700 367 1753 τότε
388 1695 573 1751 λαϐὼν
599 1694 729 1766 χοῦν
761 1693 870 1748 ἀπὸ
891 1693 993 1764 τῆς
1013 1693 1117 1763 γῆς
1134 1733 1148 1756 ,
1174 1691 1264 1746 τὸν
1289 1691 1572 1763 ἄνθρωπον
1597 1690 1820 1744 ἔπλασε·

1918 496 2024 550 nisi
2056 495 2286 565 primam
2323 508 2418 564 per
2456 492 2959 563 praevaricationem
3020 494 3268 551 inutilem
3315 494 3496 551 reddi-

1916 585 2212 641 dissemus.
2271 585 2366 639 illa
2407 585 2573 655 igitur
2611 584 2933 650 inveterata,
2981 585 3227 641 obsoleta
3274 593 3329 641 et
3369 601 3497 642 eva-

1919 676 2068 741 nida,
2112 691 2308 732 novam
2354 676 2407 730 in
2449 676 2668 731 Christo
2725 675 2841 732 fieri
2891 685 3198 732 creaturam
3244 687 3362 734 erat
3398 693 3496 734 ne-

1917 786 2101 836 cesse,
2133 770 2275 823 sicut
2313 770 2387 823 ait
2413 769 2708 839 Apostolus
2746 786 2760 822 :
2804 769 2940 823 nihil
2974 770 3211 840 amplius
3246 778 3492 826 vetusto—

1918 877 2039 917 rum
2068 862 2120 915 in
2145 860 2384 916 secunda
2415 869 2667 916 creatura
2706 869 2896 916 censet
2925 860 3125 915 intueri
3165 880 3177 917 :
3207 858 3489 927 Exuentes,

1921 955 2208 1025 inquiens,
2252 962 2467 1007 veterem
2528 952 2787 1007 hominem
2819 967 2936 1005 cum
2965 952 3168 1006 actibus
3205 961 3255 1006 et
3294 952 3497 1021 cupidi—

1922 1041 2118 1097 tatibus
2148 1058 2295 1112 ejus,
2351 1040 2556 1096 induite
2585 1058 2772 1096 novum
2801 1040 3062 1096 hominem
3088 1043 3178 1114 qui
3214 1038 3499 1096 secundum

1921 1134 2087 1189 Deum
2110 1145 2315 1189 creatus
2337 1144 2415 1188 est
2432 1135 2497 1188 ³⁸.
2518 1134 2602 1198 Ει,
2625 1133 2684 1190 Si
2700 1151 2800 1205 qua
2827 1136 2879 1190 in
2896 1134 3129 1199 Christo,
3150 1135 3349 1206 inquit,
3367 1151 3499 1189 noua

1923 1236 2202 1280 creatura:
2235 1235 2407 1281 vetera
2424 1229 2809 1296 pra-(erieruut,
2833 1244 2947 1283 ecce
2965 1246 3095 1284 nova
3122 1229 3267 1298 facta
3290 1230 3496 1295 sunt“;

1924 1334 2066 1373 unus
2099 1318 2244 1374 enim
2272 1326 2327 1372 ct
2359 1319 2499 1374 idem
2529 1319 2781 1374 humanm
2812 1328 3019 1375 natura
3063 1321 3259 1383 factor,
3291 1321 3387 1391 qui
3421 1320 3500 1376 fe-

1922 1409 2077 1464 citet
2117 1408 2261 1482 quod
2297 1410 2367 1467 ab
2400 1412 2582 1476 initio,
2610 1410 2664 1467 e't
2711 1412 2856 1483 quod
2899 1422 3089 1482 postea
3126 1413 3498 1481 factum'est,

1924 1507 2054 1555 tunc
2074 1516 2139 1557 ex
2172 1504 2394 1572 pulvere
2438 1515 2663 1575 accepto
2710 1504 2990 1558 hominem
3047 1505 3252 1571 tinxit;
3301 1518 3500 1560 rursus

1926 1590 2147 1660 pulvere
2184 1607 2248 1648 ex
2279 1589 2499 1666 Virgine
2538 1604 2776 1664 sumpto,
2815 1610 2922 1653 non
2954 1590 3280 1665 simpliciter
3323 1594 3503 1648 homi-

1926 1698 2048 1738 nem
2072 1684 2347 1753 formavit,
2367 1685 2460 1741 sed
2483 1686 2587 1741 sibi
2641 1685 2743 1756 ipsi
2794 1684 3020 1739 amnxit.
3068 1684 3223 1740 Tunc
3275 1686 3500 1748 creavit,

251 1795 415 1849 πάλιν
446 1754 634 1846 λαϐὼν
662 1789 754 1843 τὸν
779 1789 842 1840 ὲκ
871 1754 1290 1858 τῆςτπασρδενίας
1319 1754 1446 1854 χοὸν
1471 1824 1485 1847 ,
1510 1783 1607 1855 οὐχ
1637 1781 1823 1846 ἁπλῶς

1934 1784 2114 1845 postea
2132 1784 2348 1830 creatus
2365 1782 2449 1832 est
2469 1795 2483 1841 ;
2507 1785 2634 1831 tunc
2653 1775 2885 1831 Verbum
2909 1792 3128 1831 carnem
3146 1775 3293 1844 fecit,
3314 1785 3502 1847 postea

248 1888 341 1941 τὸν
389 1885 680 1955 ἄνθρωπον
739 1880 970 1935 ἔπλασεν
994 1916 1011 1942 ,
1068 1876 1183 1932 ἀλλ’
1237 1875 1413 1946 ἑαυτῷ
1466 1860 1821 1946 περιέπλασε.

247 1978 388 2031 Τότε
435 1976 650 2030 ἔκτισεν
674 2013 690 2039 ,
751 1971 890 2043 μετά
939 1968 1112 2023 ταῦτα
1144 1968 1366 2039 ἐκτίσθη
1392 1984 1406 1998 ·
1437 1966 1557 2020 τότε
1586 1967 1616 2018 ὁ
1653 1964 1825 2033 Λόγος

247 2070 455 2142 σάρκ’
469 2066 722 2135 ἐποίησεν
742 2103 761 2131 ,
793 2062 930 2135 μετά
961 2060 1132 2115 ταῦτα
1156 2062 1185 2114 ὁ
1217 2060 1389 2129 Λόγος
1421 2056 1559 2129 σὰρξ
1586 2056 1822 2126 ἐγένετο,

249 2163 344 2214 ἵνα
384 2155 767 2230 μετασκευάσῃ
796 2152 933 2225 πρὸς
963 2149 1179 2222 πνεῦμα
1222 2146 1320 2219 τὴν
1348 2147 1620 2219 ἡμετέραν
1647 2145 1827 2218 σάρκα

246 2247 345 2302 διὰ
378 2244 474 2300 τοῦ
497 2243 901 2316 συμμετασχεῖν
920 2241 1053 2312 ἡμῖν
1087 2238 1417 2310 σαρκότητος
1459 2235 1554 2291 καὶ
1574 2236 1824 2306 αἵματος.

248 2340 478 2409 Ταύτης
508 2338 686 2391 τοίνυν
722 2335 822 2406 τῆς
847 2332 1037 2404 καινῆς
1086 2331 1143 2384 ὲν
1176 2328 1395 2402 Χριστῷ
1420 2329 1676 2391 κτίσεως,
1707 2320 1773 2398 ἦς
1800 2327 1829 2379 ὁ

248 2434 422 2495 αὐτὸς
443 2430 792 2501 καθηγήσατο
816 2467 830 2491 ,
861 2424 1201 2498 πρωτότοκος
1233 2419 1528 2493 ὠνομάσθη
1550 2461 1566 2488 ,
1611 2420 1829 2473 πάντων

248 2522 486 2595 ἀπαρχὴ
520 2522 809 2591 γενόμενος
830 2559 845 2581 ,
874 2518 968 2571 καὶ
1014 2515 1123 2568 τῶν
1158 2516 1238 2577 είς
1271 2513 1415 2584 ζωὴν
1452 2510 1829 2582 γεννωμένων,

252 2616 362 2671 καὶ
388 2615 499 2669 τῶν
531 2614 600 2667 δι’
629 2610 976 2672 ἀναστάσεως
1007 2605 1218 2677 νεκρῶν
1250 2603 1721 2674 ζωοποιουμένων,
1745 2603 1833 2656 ἵνα

248 2710 359 2762 καὶ
386 2704 598 2778 νεκρῶν
628 2704 723 2758 καὶ⁵
762 2700 978 2766 ζώντων
1009 2696 1273 2769 κυριεύσῃ
1294 2737 1310 2761 ,
1352 2696 1446 2749 καὶ
1472 2695 1590 2749 ὅλον
1621 2693 1708 2747 διὰ
1734 2694 1832 2764 τῆς

250 2801 319 2853 ἐν
349 2796 528 2868 ἑαυτῷ
564 2793 817 2866 ἀτυαρχῆς
852 2789 1153 2862 συναγιόωῃ
1196 2788 1258 2842 τὸ
1286 2787 1548 2859 φύραμα.’
1574 2786 1700 2839 Ὅτι
1724 2783 1834 2855 γὰρ

194 2942 203 2947 .
247 2892 319 2946 οὖ
372 2889 515 2943 κατά
554 2888 657 2958 τὴν
705 2882 1032 2957 προαιιῖηιον
1083 2880 1317 2953 ὓπαρξιν
1348 2876 1719 2951 ὲφαρμόζεται
1758 2875 1836 2947 τῷ

249 2984 382 3055 Υἰῷ
406 2984 470 3037 τὸ
513 2980 854 3054 πρωτότοκον
877 3018 893 3043 ,
930 2979 963 3048 ἡ
1008 2975 1103 3030 τοῦ
1131 2973 1467 3043 Μονογενοῦς
1499 2970 1837 3042 προσηγορία

1924 1881 2052 1920 vero
2081 1864 2315 1920 Verbum
2352 1881 2482 1921 caro
2510 1868 2712 1922 factum
2744 1875 2859 1929 est,
2919 1876 2978 1921 ut
3007 1883 3229 1922 carnem
3257 1879 3500 1932 nostram

1927 1956 1992 2011 ad
2019 1955 2270 2026 spiritum
2308 1963 2686 2023 converteret;
2728 1957 2857 2026 quia
2900 1957 2972 2011 sit
3005 1957 3293 2012 nobiscum
3327 1957 3500 2028 parti—

1924 2060 2053 2116 ceps
2084 2043 2263 2099 factus
2290 2044 2475 2100 carnis
2498 2052 2553 2099 et
2593 2045 2900 2116 sanguinis.
2946 2043 3121 2112 Hujus
3154 2044 3317 2116 igitur
3349 2062 3503 2100 nova:

1925 2137 1979 2193 in
2016 2137 2236 2193 Christo
2253 2145 2539 2202 creaturae,
2563 2136 2724 2207 cujus
2760 2136 2877 2206 ipse
2905 2136 3016 2190 dux
3047 2133 3172 2198 fuit,
3223 2138 3500 2208 primoge-

1927 2227 2076 2283 nitus
2096 2235 2181 2283 est
2214 2235 2464 2293 vocatus,
2501 2227 2749 2282 omnium
2778 2225 2956 2283 factus
3006 2227 3283 2299 primitiae,
3324 2235 3378 2282 et
3409 2241 3503 2282 eo-

1930 2337 2050 2375 rum
2090 2322 2184 2391 qui
2220 2320 2288 2376 ad
2323 2320 2493 2375 vitam
2532 2329 2889 2392 generantur,
2935 2330 2989 2377 ct
3023 2336 3212 2376 eorum
3261 2320 3354 2390 qui
3407 2336 3502 2390 per

1929 2415 2386 2469 resurrectionem
2449 2429 2512 2468 ex
2552 2412 2783 2469 mortuis
2837 2412 3207 2475 vivificantur,
3268 2394 3326 2466 ut
3361 2427 3505 2467 mor-

1931 2505 2044 2559 tuis
2094 2514 2149 2560 et
2182 2506 2324 2560 vivis
2364 2504 2699 2570 dominetur,
2744 2514 2908 2576 atque
2945 2511 3003 2558 ut
3047 2511 3216 2559 totam
3270 2521 3366 2574 per
3398 2505 3507 2574 pri-

1931 2596 2114 2650 mitias
2157 2596 2213 2651 in
2275 2596 2456 2668 seipse
2504 2596 2810 2653 sanctiﬁcet
2860 2597 3502 2666 conspersionem.Quod

1931 2690 2080 2744 enim
2126 2706 2236 2744 nun
2297 2689 2601 2745 secundum
2650 2696 3068 2744 ante-arternam
3119 2689 3501 2744 exsisteutiam

1935 2780 2073 2835 Filio
2100 2782 2453 2852 primogeniti
2484 2798 2681 2838 nomen
2730 2782 3053 2853 applicatur,
3100 2782 3372 2853 Unia'cniti
3419 2801 3507 2855 ap-

1934 2872 2160 2941 pellatio
2211 2879 2466 2928 testatur.
2528 2871 2663 2925 Nam
2717 2872 2811 2942 qui
2854 2888 2978 2928 vere
3032 2869 3355 2944 Unigenitus
3400 2883 3503 2936 est,

1937 2959 2140 3018 fratres
2177 2976 2287 3017 non
2315 2961 2502 3018 habet.
2538 2961 2825 3028 Quomodo
2862 2963 3008 3017 enim
3047 2963 3174 3034 quis
3203 2974 3345 3020 esset
3379 2963 3504 3018 uui-

246 3054 709 3146 διαμαρτύρεται.
743 3070 804 3124 '0
832 3068 942 3140 γὰρ
966 3066 1183 3138 ἀληθῶς
1231 3062 1538 3133 Μονογενὴς
1578 3061 1832 3131 ἀδελφοὺς

1941 3056 2157 3125 genitus
2189 3056 2282 3125 qui
2332 3070 2457 3110 cum
2509 3054 2773 3111 fratribus
2832 3056 3269 3111 annumeratur?
3325 3056 3508 3113 sedut

250 3169 366 3223 οὐκ
394 3166 527 3237 ἔχει.
557 3163 678 3227 Πῶς
707 3158 803 3217 οὖν
830 3160 895 3216 ἀν
932 3176 1018 3223 τις
1051 3157 1137 3228 εἴη
1180 3154 1472 3228 μονογενὴς
1506 3156 1565 3208 ἐν
1594 3151 1838 3221 ἀδελφοῖς

256 3256 704 3332 ἀριθμούμενος
734 3252 849 3308 ὢν
871 3250 948 3314 ὡς
977 3249 1195 3318 λέγεται
1233 3247 1368 3311 θεὸς
1406 3245 1503 3301 καὶ
1531 3244 1835 3315 ἄνθρωπος,

257 3352 396 3416 Υἱὸς
420 3348 561 3403 Θεοῦ
590 3348 687 3402 καὶ
709 3346 834 3409 Υἱὸς
864 3342 1181 3415 ἀνθρώπουο
1229 3339 1413 3412 μορφὴ
1439 3338 1551 3410 γὰρ
1579 3336 1714 3392 Θεοῦ
1744 3338 1840 3391 καὶ

263 3441 670 3518 μορφὴοδούλου
693 3481 709 3503 ,
749 3438 819 3491 τὰ
851 3437 947 3508 μὲν
982 3433 1123 3489 κατά
1159 3431 1258 3503 τὴν
1289 3432 1640 3502 ὑπάρχουσαν
1678 3428 1839 3498 φύσιν

252 3538 365 3600 ὧν,
397 3534 470 3587 τὰ
488 3533 548 3586 ﬁt
585 3528 849 3598 κατάέιὴν
880 3525 1261 3597 φιλάνθρωπον
1289 3521 1601 3592 οἰκονομίαν
1622 3519 1839 3590 γενόμε·

258 3643 389 3691 νος·
423 3623 567 3678 οὕτω
609 3622 706 3677 καὶ
735 3619 1028 3691 μονογενὴς
1051 3616 1184 3679 Θεὸς
1217 3614 1316 3679 ὢν,
1356 3610 1700 3683 πρωτότοκος
1732 3610 1840 3664 πάο

262 3731 370 3788 et}:
393 3715 628 3777 κτίσεως
668 3710 875 3780 γίνεται
898 3749 913 3773 ,
944 3704 1254 3776 Μονογενὴς
1288 3703 1389 3774 μὲν
1418 3701 1493 3756 ὢν
1524 3702 1581 3756 ὲν
1625 3699 1703 3771 τῷ
1734 3717 1841 3753 πα-

258 3811 429 3882 qun-{up
454 3804 641 3875 κόλπῳ
663 3845 680 3869 ,
736 3802 795 3856 ἂν
825 3800 883 3854 δὲ
922 3800 1035 3862 τοῖς
1078 3796 1170 3851 διὰ
1220 3796 1320 3867 τῆς
1369 3793 1562 3865 καινῆς
1613 3791 1841 3882 κτίσεως

258 3881 596 3968 σωζομένοις
646 3891 987 3966 πρωτότοκος
1042 3889 1140 3959 τῆς
1169 3887 1396 3949 κτίσεως
1429 3885 1524 3938 καὶ
1550 3881 1840 3952 γενόμενος

259 3986 362 4044 καὶ
392 3984 704 4055 λεγόμενος.
736 3981 801 4036 Ei
826 3979 906 4046 δὲ,
936 3976 1114 4042 καθὼς
1144 3976 1180 4048 ἠ
1206 3975 1417 4048 αἵρεσις
1440 3972 1728 4044 βούλεται,
1752 3968 1842 4024 διὰ

257 4081 329 4134 τὸ
358 4072 905 4148 προκατεσκευάσϐαι
954 4070 1054 4139 τῆς
1088 4068 1281 4138 λοιπῆς
1310 4064 1540 4127 κτίσεως
1569 4061 1840 4134 πρωτότο-

260 4190 360 4236 κος
388 4170 611 4238 λέγεται
632 4205 651 4231 ,
680 4166 743 4220 οὐ
770 4163 1049 4234 συμφωνεῖ
1075 4162 1186 4223 τοῖς
1216 4158 1347 4229 παρ’
1378 4153 1556 4211 αὐτῶν
1587 4152 1716 4225 περὶ
1744 4149 1840 4207 τοῦ

261 4260 595 4333 μονογενοῦς
635 4256 773 4312 Θεοῦ
826 4249 1389 4322 κατασκευαζομένοις
1432 4246 1495 4301 τὸ
1540 4246 1731 4317 ὄνομα.
1764 4242 1840 4297 Οὐ

256 4355 378 4427 τὰρ
409 4350 572 4407 τοῦτό
610 4363 796 4419 φησιν.
829 4346 911 4400 ὅτι
946 4342 1105 4416 Παρὰ
1126 4341 1223 4397 τοῦ
1261 4339 1470 4412 [ἰατρὸς
1504 4336 1703 4408 ὁμοίως
1724 4336 1762 4410 ,ὃ
1779 4350 1841 4427 τε

1940 3145 2141 3202 dicitur
2173 3145 2318 3203 Deus
2342 3158 2399 3202 et
2434 3147 2621 3209 homo,
2666 3143 2837 3203 Filius
2884 3146 2979 3202 Dei
3016 3156 3070 3203 et
3120 3145 3294 3202 Filius
3333 3147 3505 3203 homi-

1940 3236 2061 3306 nis;
2099 3237 2275 3294 forma
2309 3239 2454 3295 enim
2494 3237 2587 3294 Dei
2621 3246 2677 3294 et
2728 3238 2903 3293 forma
2939 3240 3105 3304 servi,
3154 3241 3351 3311 partim
3384 3241 3508 3311 qui-

1939 3329 2061 3384 dem
2101 3327 2402 3384 secuudum
2442 3335 2694 3382 naturam
2723 3328 3076 3385 exsistentem
3103 3344 3229 3384 cum
3266 3306 3508 3402 sit’,par-

1939 3417 2038 3472 tim
2066 3433 2196 3473 vero
2221 3432 2347 3472 cum
2381 3417 2455 3473 sit
2485 3417 2660 3473 factus
2694 3418 2996 3474 secundum
3030 3418 3389 3478 immanitatis
3407 3421 3509 3479 dis-

1941 3508 2317 3581 pensationem
2351 3527 2364 3563 :
2405 3507 2487 3564 sic
2528 3509 2691 3563 etiam
2740 3509 3051 3581 unigenitus
3086 3509 3232 3567 Deus
3260 3528 3385 3567 cum
3414 3514 3505 3579 sit,

1940 3598 2336 3671 primogenitus
2367 3599 2549 3655 omnis
2577 3607 2845 3656 creatura:
2890 3600 3141 3657 etlicitur.
3185 3601 3509 3676 Uuigenitus

1940 3689 2156 3762 quidem
2188 3689 2243 3743 in
2273 3696 2501 3760 paterno
2526 3690 2671 3757 sinu,
2706 3691 2759 3745 in
2801 3692 2887 3747 bis
2916 3707 3043 3747 vero
3073 3695 3162 3762 qui
3193 3709 3292 3764 per
3312 3713 3507 3753 novam

1941 3791 2247 3841 creaturam
2310 3791 2621 3848 servantur,
2680 3783 3077 3852 primogenitus
3139 3794 3413 3841 creatura:
3454 3797 3508 3844 et

1941 3875 2121 3932 factus
2147 3880 2203 3931 et
2235 3871 2438 3928 dictus.
2468 3870 2624 3938 Quod
2656 3873 2723 3940 si,
2754 3880 2815 3927 ut
2840 3872 2959 3926 vult
2995 3873 3243 3940 hatresis,
3276 3876 3408 3946 quia
3437 3879 3510 3933 sit

1941 3976 2067 4024 ante
2088 3980 2304 4023 omnem
2347 3973 2652 4021 creaturam
2685 3963 2962 4028 conditus,
2997 3966 3396 4038 primogenitus
3427 3969 3509 4024 dic

1942 4058 2107 4123 citur,
2130 4056 2218 4113 his
2252 4070 2373 4127 qua:
2400 4055 2468 4111 ab
2515 4055 2651 4125 ipsis
2685 4054 2754 4111 de
2781 4054 3066 4124 unigenito
3103 4057 3214 4113 Deo
3246 4067 3511 4113 astruuno

1944 4156 2032 4204 tur
2070 4146 2423 4220 primogeniti
2454 4160 2652 4200 nomen
2703 4160 2812 4199 non
2863 4157 3153 4202 consonat.
3194 4147 3311 4205 Non
3363 4149 3509 4206 enim

1941 4240 2045 4296 hoc
2073 4241 2267 4295 aiunt:
2294 4236 2433 4304 Quia
2466 4251 2495 4290 a
2536 4234 2697 4291 Patre
2725 4234 2980 4291 similiter
3013 4244 3067 4293 et
3115 4237 3285 4295 Filius
3330 4248 3385 4294 et
3426 4257 3510 4297 re-

1945 4331 2091 4401 liqua
2124 4330 2309 4384 omnia
2342 4330 2481 4383 facta
2512 4335 2677 4394 sunt;
2729 4326 2823 4383 sed
2848 4326 3118 4383 facturam
3171 4326 3351 4386 Patris
3389 4331 3512 4387 uni-

262 4415 400 4509 Ῠίὸς
435 4444 532 4497 καὶ
564 4415 636 4496 sai
664 4415 843 4496 πάντα
886 4436 1135 4506 δγένετο·
1162 4432 1299 4488 ἀλλά
1355 4431 1567 4502 ποίημα
1614 4428 1714 4500 μὲν
1744 4424 1832 4480 τοῦ

1946 4420 2187 4493 genitum
2215 4416 2387 4474 Deum
2425 4417 2648 4484 dicunt;
2704 4415 2874 4486 hujus
2908 4425 3113 4482 autem,
3151 4435 3350 4491 nempe
3378 4420 3513 4476 Uni-

178 4574 191 4583 -
266 4535 486 4608 [ἰατρὸς
498 4534 592 4588 τὸν
611 4530 874 4603 μονογενῆ
888 4527 1020 4582 Θιὸν
1034 4526 1305 4594 λέγουσιν,
1322 4522 1510 4578 τούτου
1534 4520 1593 4575 δὲ
1614 4519 1682 4574 τά
1706 4517 1843 4573 ἀλλα

268 4629 452 4683 «una
476 4642 496 4660 ο
527 4617 574 4692 ᾧ
608 4622 789 4678 τοίνυν
808 4620 953 4692 λόγῳ
978 4617 1266 4686 κτισθῆναι
1292 4615 1384 4670 τὸν
1413 4612 1541 4668 Υίόν
1583 4610 1842 4681 δογματί-

267 4721 480 4784 ζοντες,
509 4715 733 4786 Πατέρα
760 4713 856 4769 τοῦ
882 4713 1179 4783 κτίσματος
1205 4708 1296 4763 τὸν
1337 4706 1468 4761 Θεὸν
1497 4702 1841 4775 ὀνομάζουσι,

266 4808 347 4879 τῷ
374 4804 532 4877 αὺτῷ
548 4804 695 4875 λόγῳ
715 4803 933 4865 πάπως
958 4800 1113 4873 παρὰ
1135 4796 1231 4852 τοῦ
1249 4793 1586 4868 ’μονογενοῦς
1616 4792 1751 4846 Θεοῦ
1775 4790 1843 4844 τὰ

268 4901 453 4954 πάντα
482 4892 916 4952 κατεσκευάσθαι
940 4891 1220 4959 λέγοντες,
1249 4887 1310 4940 οὑ
1360 4885 1702 4957 πρωτότοκον
1733 4880 1844 4934 τῶν

265 4980 528 5043 διἀὑτοῦ
550 4982 957 5054 γεγενημένων,
979 4978 1116 5035 ἀλλά
1146 4975 1367 5047 Πατέρα
1394 4972 1725 5044 κυριώτερον
1749 4971 1845 5025 αὐ-

266 5079 365 5134 τὸν
386 5076 745 5147 ὀνομάζουσι,
792 5073 894 5145 τῆς
939 5071 1111 5141 αὐτῆς
1139 5070 1224 5124 ἐπ’
1250 5065 1576 5140 ἀμφοτέρων
1616 5062 1749 5135 πρὸς
1778 5061 1847 5116 τὰ

268 5169 552 5240 adeunte.
576 5167 814 5239 σχέσεως
833 5203 850 5228 ,
886 5162 986 5235 τὴν
1039 5160 1208 5232 αὐτὴν
1259 5158 1403 5214 κατὰ
1446 5156 1508 5211 τὸ
1555 5153 1846 5210 ἀκόλουθον

270 5259 651 5335 προσηγορίαν
708 5255 990 5326 ποιούσης.
1044 5255 1108 5310 Et
1143 5252 1255 5325 γὰρ
1307 5250 1510 5322 κυρίως
1561 5245 1656 5301 τοῦ
1714 5245 1844 5300 ἰδίου

271 5353 574 5423 κτίσματος
598 5352 631 5405 ὁ
653 5349 748 5404 ἐπὶ
772 5348 990 5404 πάντων
1018 5344 1150 5410 Θεὸς
1193 5344 1254 5397 οὐ
1300 5339 1640 5414 πρωτότοκος
1662 5376 1679 5403 ,
1713 5336 1847 5391 ἀλλὰ

272 5441 466 5515 Πατὴρ
496 5439 852 5511 ὀνομάζεται,
876 5435 956 5506 τῷ
982 5433 1132 5505 αὑτῷ
1169 5430 1313 5503 λόγῳ
1339 5429 1555 5494 πάντως
1604 5428 1699 5482 καὶ
1739 5425 1847 5481 τῶν

272 5536 423 5591 ἰδίων
444 5531 763 5603 κτισμάτων
799 5527 990 5602 Πατὴρ
1026 5526 1056 5579 ὁ
1086 5517 1381 5610 μονογενὴς
1407 5520 1543 5580 Θεὸς
1608 5520 1667 5572 οὐ
1702 5535 1847 5594 πρω-

346 5706 743 5773 "601055.111,
777 5704 830 5770 9,
871 5702 954 5758 ιο.
1033 5702 1074 5733 ³³
1114 5698 1153 5753 ll
1205 5698 1333 5754 Cor.
1374 5712 1426 5763 v,
1463 5696 1547 5751 l7.

1946 4510 2140 4584 geniti,
2190 4510 2295 4564 alia
2348 4509 2555 4565 omnia.
2604 4507 2725 4576 Quo
2769 4507 2936 4578 igitur
2975 4522 3229 4566 sermone
3267 4521 3510 4567 creatum

1946 4614 2069 4654 esse
2095 4595 2188 4652 Dei
2220 4594 2416 4650 Filium
2448 4597 2727 4660 docentes,
2779 4594 2995 4650 Patrem
3035 4604 3306 4653 creaturae
3341 4598 3511 4655 Deum

1947 4688 2253 4751 nominant,
2292 4683 2486 4740 eodem
2515 4686 2676 4754 plane
2719 4698 2973 4740 sermone
2995 4682 3066 4740 ab
3093 4684 3376 4758 unigenito
3405 4687 3513 4742 Deo

1948 4782 2133 4835 Omnia
2167 4777 2386 4834 condita
2432 4792 2556 4834 esse
2605 4776 2873 4840 dicentes,
2924 4792 3036 4833 non
3090 4778 3512 4850 primogenitum

1947 4888 2136 4929 eorum
2170 4887 2291 4941 qua:
2321 4885 2418 4941 per
2451 4870 2632 4940 ipsum
2668 4875 2797 4925 sunt
2831 4868 3118 4938 producta,
3166 4870 3261 4927 sed
3298 4868 3513 4926 Patrem

1948 4964 2123 5035 magis
2160 4963 2380 5034 proprie
2431 4960 2755 5028 nominant;
2807 4975 2931 5016 cum
2959 4960 3148 5016 eadem
3175 4977 3298 5032 qua:
3332 4969 3418 5016 est
3458 4960 3516 5015 in

1949 5054 2199 5125 utrisque
2224 5068 2349 5110 cum
2391 5052 2665 5109 creaturis
2698 5050 2914 5116 relatio,
2951 5054 3199 5107 eamdem
3224 5068 3291 5107 ex
3319 5066 3518 5107 conse-

1947 5145 2169 5201 cutione
2194 5144 2616 5215 appellationem
2657 5139 2845 5197 iaciat.
2877 5138 2936 5196 Si
2981 5142 3129 5197 enim
3158 5140 3378 5213 pr0prie
3423 5142 3515 5198 ille

1948 5238 2042 5309 qui
2088 5244 2173 5293 est
2207 5236 2261 5291 in
2291 5235 2553 5292 omnibus
2588 5230 2757 5303 Deus,
2821 5233 3059 5304 propria:
3090 5240 3357 5288 creaturas
3404 5251 3516 5291 non

1952 5328 2371 5401 primogenitus,
2404 5323 2501 5383 sed
2522 5322 2682 5380 Pater
2708 5323 3047 5391 nominatur,
3093 5322 3280 5380 eadem
3307 5327 3517 5382 ratione

1952 5420 2177 5475 omnino
2206 5426 2261 5474 et
2284 5417 2629 5489 propriarum
2660 5426 3039 5472 creaturarum
3080 5415 3242 5471 Pater
3262 5417 3518 5489 unigeni-

1953 5519 2045 5569 tus
2074 5510 2217 5568 Deus
2259 5525 2368 5565 non
2398 5508 2615 5580 proprie
2660 5507 3061 5579 primogenitus
3095 5509 3471 5566 nominabitur
3502 5527 3516 5562 :
