3992 6210
521 252 633 308 639

1732 240 1793 299 S.
1823 237 2152 299 GREGOMI
2183 235 2477 294 NY-SSENI

3655 225 3781 282 6&0

525 369 600 423 ita
630 377 696 424 ut
715 363 1264 437 prorsusimpropria
1286 369 1341 419 et
1373 360 1868 434 supervacaneasit
1892 362 2099 432 primo-

2213 358 2422 420 τότοκος
2470 355 2676 427 κυρίως
2725 350 3149 425 ὀνομασθήσεται
3173 368 3187 382 σ
3234 348 3310 413 ὡς
3365 346 3569 419 ἄκυρον
3626 342 3785 399 κατά

523 459 694 531 geniti
737 455 1055 527 appellatio,
1118 468 1221 511 nec
1254 454 1310 509 in
1343 452 1599 509 hatretioa
1643 452 1870 508 notione
1915 451 2096 506 locum

529 548 749 603 habeat.
1970 544 1975 549 ‘

603 760 710 817 Sed
735 759 805 817 ad
832 775 930 816 eos
965 760 1059 832 qui
1086 758 1290 815 divina
1323 758 1662 829 generationi
1720 756 1973 814 affectum
2008 772 2100 814 as-

538 860 765 910 sumunt
787 863 841 909 et
869 859 1222 917 connectunt,
1241 850 1583 907 redeundum
1618 858 1735 918 est;
1769 866 1833 905 ac
1872 866 1967 922 per
1999 851 2103 906 hoc

530 940 656 1000 vere
682 945 924 1016 genitum
965 958 1089 1001 esse
1124 942 1423 998 Dominum
1461 949 1681 1012 negant,
1733 956 1801 996 ne
1848 940 2102 996 allectum

532 1036 875 1107 intelligant..
913 1034 1046 1089 Nam
1076 1032 1222 1104 quod
1259 1033 1452 1089 dicunt
1486 1031 1729 1086 omnium
1762 1031 2104 1103 generationi

532 1127 787 1184 allectum
821 1125 1051 1182 insitum
1074 1133 1130 1182 et
1153 1124 1493 1195 copulatum,
1510 1136 1576 1179 ac
1595 1130 1882 1194 propterea
1907 1123 2102 1179 existi-

533 1217 794 1273 mandum
828 1233 953 1274 esse
971 1215 1170 1272 Filium
1201 1216 1271 1271 ab
1303 1215 1565 1287 opinione
1603 1214 1908 1272 secundum
1940 1230 2105 1287 gene-

532 1309 804 1365 rationem
848 1309 1007 1365 valde
1041 1307 1280 1364 alienum
1316 1322 1461 1372 esse,
1510 1313 1572 1361 ut
1599 1320 1735 1376 pure
1771 1313 1927 1360 extra
1970 1306 2104 1362 aﬂ’e-

532 1411 681 1457 ctum
714 1408 1032 1472 permaneat
1059 1396 1271 1454 Numen
1307 1417 1320 1453 :
1371 1395 1604 1468 deceptu
1643 1395 1898 1451 facilibus
1932 1404 1987 1451 et
2016 1395 2104 1450 in-

536 1491 719 1547 cautis
754 1489 992 1546 fortasse
1028 1490 1297 1544 rationem
1326 1488 1567 1558 aliquam
1601 1487 1803 1543 habere
1831 1487 1949 1543 haec
1987 1488 2107 1558 opi-

538 1582 636 1636 nio
688 1580 863 1636 videri
913 1588 1114 1651 potest.
1174 1579 1271 1636 sed
1352 1579 1738 1651 mysteriorum
1794 1568 2135 1635 divinorum’

532 1670 831 1741 disciplina.
853 1670 1088 1728 eruditis
1106 1678 1160 1725 et
1185 1670 1440 1735 excultis,
1477 1685 1545 1725 ex
1586 1669 1837 1741 probatis
1875 1678 1931 1725 et
1967 1679 2107 1725 con-

532 1760 712 1816 cessis
732 1768 979 1830 prompta
1011 1766 1096 1814 est
1126 1759 1182 1813 iu
1213 1773 1373 1813 manu
1404 1756 1781 1827 reprehensio.
1801 1755 1937 1822 Quis
1957 1755 2104 1811 enim

537 1851 758 1922 ignorat
787 1851 1194 1922 generationem
1224 1864 1348 1905 esse
1377 1848 1570 1919 quain
1602 1863 1785 1904 veram
1817 1857 1872 1904 et
1891 1848 2107 1903 beatam

534 1943 701 1996 vitam
749 1955 851 1997 nos
886 1940 1143 2009 adducat,
1192 1955 1305 1995 non
1347 1956 1469 2011 quae
1512 1947 1597 1996 est
1647 1940 1835 1995 eadem
1871 1953 1996 1993 cum
2042 1951 2108 1993 ea

527 2046 663 2098 quae
689 2047 754 2085 ex
785 2031 1087 2102 sanguibus
1107 2038 1162 2087 et
1192 2031 1475 2086 voluntate
1527 2032 1712 2095 carnis
1771 2038 2010 2093 constat,
2051 2029 2108 2086 in

534 2136 644 2190 qua
674 2128 728 2175 et
750 2119 931 2176 ﬂuxus
968 2130 1023 2176 et
1048 2118 1287 2175 mutatio
1313 2128 1367 2173 et
1391 2133 1512 2189 quae
1537 2119 1741 2173 sensim
1768 2117 1825 2172 lit
1849 2116 2109 2188 perfectio

535 2219 594 2267 et
623 2212 730 2265 alia
781 2225 1123 2280 quaecunque
1153 2210 1210 2265 in
1248 2210 1352 2265 hac
1396 2208 1825 2264 considerantur
1874 2223 2111 2279 genera-

536 2301 727 2356 tione?
752 2300 935 2355 Altera
957 2315 1090 2356 vero
1121 2299 1402 2371 generatio
1428 2315 1494 2356 ex
1521 2298 1628 2354 Deo
1646 2305 1730 2354 est
1762 2308 1813 2354 et
1832 2298 2107 2367 cmlestis;

534 2401 666 2451 etut
687 2391 1199 2467 aitEvangelium“,
1217 2402 1339 2460 quas
1357 2390 1731 2463 desuperesse
1760 2390 1968 2447 credita
2001 2399 2108 2455 est,

535 2500 660 2556 qnze
704 2485 923 2556 quidem
954 2483 1142 2541 carnis
1190 2492 1245 2540 et
1281 2484 1568 2557 sanguinis
1604 2484 1833 2541 aﬂ'ectus
1869 2499 1980 2540 non
2024 2482 2115 2539 ad-

536 2575 720 2630 mittit.

604 2664 723 2720 Jam
786 2664 1087 2722 adversarii
1135 2665 1371 2721 audeant
1400 2664 1638 2722 duorum
1690 2665 1920 2720 alterum
1976 2664 2115 2720 amr-

537 2772 723 2813 mare:
756 2757 841 2814 vel
866 2772 974 2812 non
1014 2772 1136 2813 esse
1167 2758 1572 2828 generationem
1604 2772 1726 2828 quae
1768 2758 1826 2811 tlt
1851 2757 2109 2829 desuper,

536 2850 623 2906 vel
649 2850 695 2906 si
724 2849 814 2915 sit,
848 2865 946 2920 per
970 2849 1155 2903 carnis
1193 2848 1446 2904 aﬂ‘ectum
1490 2864 1633 2905 esse.
1680 2848 1843 2919 Atqui
1871 2864 1993 2905 esse
2023 2864 2113 2905 as-

542 2940 883 3002 sentiuntur,
918 2946 973 2994 et
1011 2939 1068 2993 in
1097 2940 1215 3009 ipsa
1234 2937 1488 2994 allectum
1510 2955 1618 2995 non
1644 2939 1970 3008 inveniunt;
2002 2956 2110 2994 non

540 3029 709 3099 igitur
741 3029 922 3084 omnis
952 3029 1233 3099 generatio
1277 3044 1401 3084 cum
1433 3028 1630 3084 all‘ectu
1669 3029 1805 3084 data
1838 3029 2109 3098 cohaeret;
2136 3035 2181 3094 (ζ

541 3118 637 3176 sed
668 3135 790 3190 qua:
826 3119 1113 3177 aﬂ‘ectibus
1146 3120 1387 3176 obnoxia
1418 3129 1503 3177 est
1535 3128 1589 3176 et
1626 3121 1819 3187 indita,
1858 3120 2116 3176 materia-

543 3211 616 3267 lis
640 3253 654 3277 ,
680 3227 803 3283 quae
832 3228 962 3269 vero
993 3213 1286 3269 ali'ectuum
1322 3221 1406 3269 est
1435 3229 1632 3284 expers
1666 3221 1719 3269 et
1743 3229 1898 3284 pura,
1924 3214 2118 3268 imma-v

544 3304 751 3359 terialis
783 3315 887 3360 est.
934 3305 1068 3371 Quae
1110 3306 1276 3376 igitur
1310 3306 1636 3369 necessitas,
1683 3322 1805 3376 quae
1837 3308 1923 3362 vis
1967 3309 2115 3378 cogit

542 3409 606 3450 ea
627 3410 747 3463 qua:
765 3403 897 3450 sunt
920 3395 1104 3450 carnis
1144 3398 1388 3466 propria,
1420 3396 1853 3466 incerrruptibili
1882 3397 2003 3452 Filii
2033 3414 2120 3469 ge-

544 3487 812 3543 nerationi
840 3486 1090 3542 aﬂ'ricare
1116 3495 1170 3542 et
1198 3503 1510 3557 aspergere,
1550 3495 1605 3542 et
1632 3486 1965 3543 ludificando
1996 3504 2115 3544 car—

545 3581 721 3635 nalem
743 3583 883 3636 hanc
909 3588 963 3636 et
1000 3580 1240 3636 intimam
1265 3581 1673 3651 generationem
1698 3580 1952 3637 indecora
1977 3560 2118 3654 pluy-

545 3671 795 3741 siologia,
827 3686 855 3725 a
889 3680 1115 3742 paterna
1148 3669 1520 3725 familiaritate
1548 3672 1664 3725 sive
1701 3670 2116 3728 necessitudine

544 3752 740 3815 Filium
778 3760 1113 3817 excludere?
1161 3760 1314 3827 Quod
1350 3761 1397 3817 si
1431 3767 1486 3816 et
1533 3761 1587 3815 in
1635 3761 1792 3817 nobis
1838 3764 2118 3833 generatio

544 3848 764 3918 quidem
806 3849 1093 3918 utriusque
1132 3849 1257 3903 vita:
1296 3848 1404 3902 dux
1445 3855 1531 3903 est
1572 3856 1626 3903 et
1678 3850 1977 3921 magistra;
2016 3850 2115 3907 sed

545 3954 666 4008 qum
687 3954 787 4009 per
832 3954 1079 4005 carnem,
1131 3939 1368 3993 carnalis
1406 3946 1459 3994 et
1512 3937 1800 3995 affectibus
1838 3941 2112 4008 obnoxie,

547 4029 812 4099 spiritalis
864 4044 991 4085 vero
1043 4044 1211 4099 puras.
1248 4028 1358 4085 Nec
1399 4044 1587 4084 eorum
1629 4029 1721 4099 qui
1768 4030 1931 4083 modo
1977 4046 2116 4101 quo-

546 4135 765 4186 cunque
787 4118 1229 4175 Christianorum
1263 4136 1495 4177 numero
1519 4119 1784 4193 adscripti
1818 4130 1967 4189 sunt,
1988 4122 2117 4178 huic

546 4209 784 4264 orationi
830 4209 1122 4280 quisquam
1169 4211 1585 4276 contradixerit,
1618 4211 1893 4282 quomodo
1932 4212 1987 4268 in
2033 4213 2117 4267 di-

546 4300 671 4352 vina
697 4296 1101 4367 incorruptibili
1150 4308 1345 4355 natura
1373 4300 1441 4356 de
1478 4303 1832 4370 generatione
1875 4303 2116 4374 cogitan-

2204 447 2381 501 πάντα
2413 446 2506 500 καὶ
2538 445 2915 520 παρέλκουσαν
2943 440 3081 499 εἶναι
3132 441 3226 496 τοῦ
3277 438 3621 512 πρωτοτόκου
3669 449 3791 507 την

2201 539 2572 612 προσηγορίαν
2591 580 2607 606 ,
2640 539 2731 592 ἐπὶ
2756 538 2855 608 τῆς
2901 535 3182 608 αίρετικῆς
3218 531 3426 596 ἐννοίας
3457 529 3645 603 χώραν
3669 528 3787 583 οὐκ

2204 633 2451 703 ἔχουσαν.

2283 732 2429 795 Ἀλλ’
2456 740 2738 794 ἐπανιτέον
2786 737 2921 811 πρὸς
2972 735 3097 800 τοῦς
3127 738 3195 807 τῇ
3248 732 3371 806 θείᾳ
3417 731 3666 802 γεννήσει
3712 728 3787 783 τὸ

2204 830 2376 895 πάθος
2404 831 2771 894 συνάπτοντας
2799 871 2814 893 ,
2868 828 2961 883 καὶ
3009 827 3098 881 διά
3131 826 3290 881 τοῦτο
3325 822 3787 895 ἀπαρνουμένους

2201 925 2268 978 τδ
2307 923 2516 995 άληθῶς
2561 922 2884 994 γεννηθῆναι
2925 921 3017 974 τὸν
3048 920 3286 990 Κύριον,
3332 917 3422 970 ἶνα
3480 915 3555 987 μὴ
3601 914 3785 977 πάθος

2202 1016 2456 1087 νοήσωσι.
2490 1015 2565 1069 Τδ
2593 1016 2700 1086 γὰρ
2727 1013 2906 1082 λέγειν
2939 1013 3022 1066 ὅτι
3071 1010 3418 1075 συνέζευκται
3455 1008 3674 1060 πάντων
3702 1008 3781 1077 τῇ

2202 1109 2451 1177 γεννήσει
2490 1106 2550 1160 τὸ
2596 1106 2800 1172 πάθος,
2832 1106 2927 1159 καὶ
2970 1103 3058 1157 διά
3092 1101 3251 1157 τοῦτο
3277 1100 3475 1172 χρῆναι
3503 1099 3604 1168 τῆς
3629 1097 3784 1152 κατά

2204 1200 2302 1270 τὴν
2333 1198 2582 1269 γέννησιν
2632 1196 2952 1269 ὑπολήψεως
3000 1194 3293 1266 ἀλλοτρίως
3333 1192 3475 1263 ἔχειν
3505 1191 3597 1244 τὸν
3643 1190 3783 1243 Υῑὸν

2203 1290 2539 1365 οἵεσθαι,ὼς
2584 1288 2649 1342 ἂν
2705 1286 2961 1359 καθαρῶς
3009 1285 3111 1351 ἔξω
3149 1284 3376 1349 πάθους
3424 1283 3668 1354 διαμένοι
3713 1279 3787 1336 τὸ

2200 1386 2358 1440 θεῖον
2377 1423 2391 1449 ,
2420 1383 2533 1444 τοῖς
2580 1381 2677 1453 μὲν
2724 1379 3146 1450 εὐεξαπατήτοις
3191 1377 3317 1441 ἴσως
3351 1376 3416 1431 ἄν
3464 1390 3585 1427 τινα
3615 1375 3785 1442 λόγον

2204 1473 2347 1543 ἔχειν
2378 1472 2593 1544 δοκοίη·
2638 1474 2750 1536 τοῖς
2781 1471 2837 1524 δὲ
2880 1468 3343 1537 πεπαιδευμένοις-
3401 1466 3470 1524 τὰ
3507 1466 3627 1520 θεῖα
3671 1483 3786 1535 μυ-

2208 1566 2400 1637 στήρια
2437 1564 2723 1635 πρόχειρος
2756 1564 2820 1616 ὲκ
2847 1562 2953 1617 τῶν
3007 1559 3449 1631 ὁμολογουμένων
3476 1561 3513 1612 ὰ
3533 1558 3784 1627 ἐλεγχος.

2207 1657 2305 1721 Τίς
2336 1656 2444 1728 γὰρ
2473 1659 2574 1710 οῦκ
2600 1652 2761 1719 οἶδεν,
2786 1655 2867 1708 ὅτι
2893 1655 3143 1725 γέννησις
3172 1654 3321 1724 ἡμᾶς
3347 1653 3426 1716 είς
3448 1650 3547 1721 τὴν
3583 1650 3788 1719 ἀληθι-

2208 1748 2303 1818 νήν
2329 1763 2389 1803 τε
2412 1747 2504 1800 καὶ
2535 1745 2810 1817 μακαρίαν
2835 1744 3028 1812 ἀνάγει
3067 1741 3212 1814 ζωὴν
3238 1783 3252 1805 ,
3280 1743 3379 1812 οὔχ
3415 1743 3453 1812 η’
3474 1739 3613 1811 αὐτὴ
3641 1736 3787 1794 οὖσα

2205 1841 2275 1909 τῇ
2311 1836 2369 1902 ἐξ
2414 1837 2660 1908 αἱμάτων
2696 1837 2787 1889 καί
2832 1835 3132 1906 θελήματος
3165 1833 3364 1904 σαρκὸς
3391 1831 3784 1902 συνισταμένῃ,

2209 1920 2329 2000 ἕνπῇ
2364 1927 2459 1981 καὶ
2493 1925 2649 1998 ῥύσις
2674 1966 2689 1990 ,
2724 1927 2818 1980 καὶ
2855 1928 2889 1997 ἡ
2941 1923 3208 1996 μεταϐολὴ
3238 1923 3331 1977 καί⁸
3361 1923 3399 1993 ὴ·
3443 1923 3562 1976 κατ’
3595 1920 3785 1989 ὀλίγον

2209 2016 2657 2088 προστελείωσις,
2687 2018 2783 2070 καὶ
2808 2018 2908 2071 ὅσα
2935 2016 3070 2071 ἄλλα
3100 2015 3228 2088 περὶ
3257 2013 3463 2084 ταύτην
3490 2013 3787 2083 θεωρεῖται

2207 2108 2308 2178 τὴν
2329 2107 2603 2180 γέννησιν;
2645 2107 2710 2161 Ἦ
2732 2108 2788 2162 δὲ
2816 2108 2977 2180 ἑτέρα
3009 2110 3073 2161 ὲκ
3099 2107 3193 2161 τοῦ
3218 2106 3351 2160 Θεοῦ
3381 2106 3474 2159 καὶ
3503 2105 3785 2177 οὐράνιος,

2208 2198 2304 2252 καὶ
2331 2194 2513 2262 καθώς
2553 2216 2686 2270 φησι
2712 2199 2773 2252 τὸ
2812 2197 3173 2267 Εὑαγγέλιον,
3212 2196 3417 2251 ἀνωθεν
3443 2192 3579 2251 εἶναι
3615 2213 3785 2250 πεπι-

2212 2288 2502 2361 στευμένη,
2531 2290 2653 2362 ἥτις
2678 2291 2746 2345 τά
2771 2291 2971 2364 σαρκὸς
2994 2289 3089 2345 καὶ
3120 2290 3347 2363 αἵματος
3374 2289 3435 2344 οὔ
3477 2287 3785 2362 παραδέχα·

2209 2398 2297 2434 ται
2330 2381 2499 2455 πάθω

2282 2645 2355 2698 Ἤ
2393 2644 2818 2717 τολμησᾶτωσαν
2857 2644 2918 2697 οῖ
2947 2641 3179 2697 ἐναντίοι
3219 2639 3327 2694 τῶν
3359 2638 3451 2694 δύο
3497 2636 3557 2691 τδ
3588 2628 3799 2708 ἕτερον

2213 2734 2628 2805 ἀποφήνασθαι,
2671 2733 2706 2805 ἢ
2743 2733 2816 2804 μὴ
2852 2727 2989 2785 εἶναι
3036 2731 3136 2802 τὴν
3180 2729 3383 2784 ἀνωθεν
3424 2726 3705 2796 γέννησιν,
3750 2725 3787 2796 ἢ

2180 2825 2193 2837 ⁸
2216 2825 2306 2879 διά
2337 2825 2546 2890 πάθους
2588 2821 2748 2878 εἶναι.
2800 2821 2959 2877 Ἀλλά
2993 2821 3098 2893 μὴν
3124 2820 3220 2873 καὶ
3244 2816 3381 2873 εῐναι
3406 2816 3789 2878 συντίθενταιθ
3808 2830 3822 2841 ο

2213 2919 2307 2973 καὶ
2343 2918 2404 2972 τὸ
2434 2918 2606 2982 πάθος
2631 2919 2719 2970 ἐπ’
2750 2915 2923 2981 αὐτῆς
2953 2916 3055 2984 οὐχ
3084 2912 3424 2985 εὑρίσκουσιν
3448 2926 3460 2940 ·
3493 2907 3694 2964 οὐκοῦν
3722 2908 3787 2963 οὺ

2215 3011 2366 3064 πᾶσα
2389 3008 2646 3080 γέννησις
2674 3006 2751 3078 τῷ
2785 3006 2945 3060 πάθει
2968 3003 3322 3074 συμπέφυκεν
3340 3019 3354 3032 ο
3381 2999 3495 3057 ἀλλ’
3529 3000 3794 3071 ἐμπαθὴς

2219 3103 2319 3173 μὲν
2351 3102 2386 3173 ἡ
2419 3100 2597 3170 ὑλικὴ,
2646 3098 2859 3171 καθαρὰ
2892 3097 2948 3150 δὲ
2976 3096 3181 3158 πάθους
3219 3096 3252 3165 ἠ
3281 3092 3473 3156 άῦλος.
3501 3092 3599 3154 Ἐἰς
3630 3086 3789 3162 οὖνὴ

2215 3195 2426 3266 ἀνάγκη
2456 3194 2524 3247 τά
2558 3192 2759 3264 σαρκὸς
2790 3190 2896 3243 ίδια
2915 3191 2982 3261 τῇ
3015 3187 3276 3259 ἀκηράτῳ
3303 3184 3396 3238 τοῦ
3435 3182 3567 3237 Υίοῦ
3596 3185 3789 3253 γεννή-

2219 3303 2303 3340 σει
2336 3283 2791 3357 προστρίδεσθαι,
2828 3280 2922 3336 καὶ
2947 3280 3033 3335 διὰ
3061 3279 3155 3333 τοῦ
3195 3276 3479 3347 κωμῳδεῖν
3510 3274 3612 3346 τὴν
3637 3275 3785 3328 κάτω

2215 3378 2468 3449 γέννησιν
2498 3378 2567 3447 τῇ
2598 3375 2865 3445 ἀσχήμονι
2893 3368 3209 3442 φυσιολογίᾳ
3252 3368 3353 3438 τῆς
3401 3366 3676 3436 πατρικῆς
3706 3365 3784 3419 oi-

2215 3470 2497 3541 κειότητος
2528 3468 2619 3521 τὸν
2654 3466 2781 3520 Υίδν
2810 3464 3156 3524 ἀποκλείειν;
3192 3462 3253 3514 Ei
3278 3460 3333 3514 δὲ
3373 3459 3466 3513 καὶ
3498 3459 3584 3526 ἐφ’
3627 3459 3786 3527 ἡμῶν

2215 3561 2467 3631 γέννησις
2500 3559 2599 3629 μὲν
2627 3555 2894 3627 ἑκατέρας
2923 3551 3243 3623 καθηγεῖται
3277 3548 3454 3619 ζωῆςο
3486 3547 3601 3602 ἀλλ’
3629 3549 3663 3619 ἡ
3689 3546 3784 3617 μὲν

2214 3652 2302 3707 διά
2337 3650 2556 3723 σαρκὸς,
2588 3646 2869 3720 έμπαθοῦς
2889 3687 2904 3711 ,
2938 3648 2971 3716 ἡ
3004 3643 3062 3697 δὲ
3094 3640 3461 3713 πνευματικὴ,
3501 3638 3783 3711 καθαράς*

2216 3747 2311 3801 καὶ
2336 3745 2436 3798 οὐκ
2453 3742 2516 3796 ἄν
2536 3760 2619 3807 τις
2639 3739 2882 3795 ἀντείποι
2896 3736 2973 3807 τῷ
2989 3736 3132 3807 λόγῳ
3147 3734 3256 3787 τῶν
3289 3729 3551 3786 ὁπωσοῢνε
3566 3731 3627 3782 ἐν
3651 3730 3784 3800 Χρι-

2216 3837 2451 3898 στιανοῖς
2482 3828 2916 3904 ἀριθμουμένων,
2946 3826 3063 3889 πῶς
3096 3824 3242 3898 έρτιν
3269 3821 3363 3875 ἐπὶ
3386 3820 3486 3889 τῆς
3507 3818 3782 3890 ἀκηράτου

2217 3927 2433 3999 φύσεως
2470 3925 2722 3996 γέννησιν
2756 3922 3087 3992 ἐννοήσαντα
3116 3916 3286 3979 πάθος
3341 3909 3780 3979 ὑπολογίζεσθαι.

2219 4022 2340 4075 Ἔτι
2368 4019 2429 4073 δὲ
2470 4017 2566 4073 καὶ
2593 4014 2753 4069 τοῦτο
2779 4016 2892 4076 τοῖς
2920 4010 3233 4082 εἰρημένοις
3272 4002 3785 4078 προσεξετάσωμεν·

2216 4113 2278 4166 El
2310 4112 2396 4173 διὰ
2431 4110 2494 4162 τὸ
2528 4108 2654 4178 περὶ
2681 4105 2779 4176 τὴν
2811 4105 2993 4175 σάρκα
3017 4101 3187 4165 πάθος
3225 4098 3516 4154 ἀπιστοῦσι
3541 4104 3611 4172 τῇ
3643 4101 3784 4154 άπα-

2216 4204 2335 4275 θείᾳ
2365 4204 2463 4273 τῆς
2488 4200 2641 4263 θείας
2667 4196 2992 4268 γεννήσεως,
3024 4196 3088 4248 ὲκ
3110 4193 3218 4247 τῶν
3246 4192 3425 4247 αὐτῶν
3453 4192 3784 4264 ὑποδειγμά-

2215 4310 2323 4348 των
2336 4294 2465 4351 ,τῶν
2494 4294 2552 4347 έν
2578 4292 2712 4363 ἡμῖν
2743 4286 2920 4358 λέγωζ
2959 4288 3094 4359 μήτε
3123 4284 3454 4358 δημιουργὸν
3486 4286 3672 4355 ἀπαθῆ
3698 4284 3787 4338 τὸν

546 4400 653 4445 tem
685 4389 768 4446 ias
792 4391 864 4445 sit
892 4387 1142 4446 allectum
1187 4390 1479 4460 suspicari.
1517 4389 1631 4445 Hoc
1677 4393 1839 4447 etiam
1877 4363 2112 4463 amplius

2216 4385 2348 4440 Θεὸν
2376 4380 2804 4436 πιστευέτωσαν.
2836 4378 2901 4433 Εἰ
2918 4377 3027 4448 γὰρ
3048 4375 3183 4448 πρὸς
3209 4374 3279 4428 τά
3298 4375 3544 4446 ἡμέτερα
3562 4374 3626 4427 τὸ
3637 4371 3796 4426 Θεῖονι

544 4479 710 4535 dictis
747 4479 992 4535 additum
1039 4480 1416 4537 examinemus
1451 4503 1463 4536 :
1500 4478 1555 4536 Si
1589 4491 1813 4553 propter
1863 4482 2113 4539 affectum

544 4570 822 4627 carnalem
849 4570 1006 4626 ﬁdem
1037 4569 1303 4639 derogant
1333 4571 1761 4641 impassibilitati
1804 4569 2002 4628 divinae
2023 4588 2116 4643 ge-

548 4659 977 4722 nerationis,.ex
1015 4659 1207 4714 iisdem
1237 4659 1499 4726 exemplis
1530 4674 1652 4729 quae
1694 4668 1826 4715 sunt
1857 4660 1911 4715 in
1955 4662 2115 4718 nobis

543 4749 705 4818 dico,
737 4764 915 4820 neque
952 4751 1129 4820 ipsum
1161 4748 1348 4804 mundi
1373 4746 1719 4804 Conditorem
1761 4750 1831 4805 ab
1859 4751 2007 4806 omni
2032 4749 2117 4805 af-

545 4842 690 4898 fectu
719 4844 837 4899 sive
870 4843 1129 4913 passione
1157 4842 1387 4897 liberum
1413 4849 1469 4896 et
1493 4854 1728 4895 vacuum
1767 4840 2018 4897 credant.
2051 4839 2110 4897 Si

542 4934 688 4989 enim
718 4933 958 4988 humano
998 4948 1149 4987 more
1191 4931 1430 4987 divinam
1463 4932 1799 5002 maiestatem
1841 4932 2111 5001 iudicant,

542 5012 723 5095 neque
774 5024 942 5080 Deum
987 5038 1250 5095 generare
1303 5037 1481 5093 neque
1537 5037 1727 5078 creare
1771 5021 2115 5078 conﬁtebun-

541 5126 636 5173 tur
684 5138 698 5175 :
744 5119 938 5175 horum
980 5118 1126 5175 enim
1206 5124 1459 5172 neutrum
1521 5116 1578 5170 in
1646 5116 1807 5171 nobis
1855 5114 2108 5171 eﬂicitur.

548 5209 642 5267 Vel
672 5211 837 5284 igitur
860 5211 1021 5266 ambo
1055 5225 1085 5263 a
1117 5207 1300 5264 divina
1330 5216 1550 5272 natura,
1581 5209 1912 5264 creationem
1935 5215 1989 5263 et
2019 5220 2111 5278 ge-

549 5303 911 5371 nerationem,
940 5308 1213 5373 separent,
1253 5309 1311 5356 ut
1334 5315 1430 5372 per
1460 5306 1694 5370 utraque
1724 5297 1834 5354 Deo
1857 5295 2114 5367 impassi-

616 5444 661 5475 ε’
688 5441 847 5498 Joan.
879 5460 921 5508 ι,
952 5444 1042 5499 l5.

613 5582 688 5650 (α)
731 5576 897 5632 Unris
961 5577 1175 5650 inclusa
1210 5574 1439 5650 deerant
1463 5571 1516 5626 in
1541 5584 1625 5624 ex.
1659 5567 1967 5650 ‘Graecot—
2004 5562 2113 5650 an}

543 5638 862 5722 comparent
901 5649 954 5704 in
991 5646 1155 5701 Boico
1187 5652 1241 5699 et
1268 5643 1605 5698 Liv-inimico.
1659 5638 1844 5692 Lectio
1869 5649 1998 5690 vera
2026 5639 2110 5689 est

2215 4475 2511 4548 κρίνουσιν,
2540 4471 2663 4526 οὔτε
2697 4470 2890 4542 γεννᾷν
2922 4468 3012 4521 τδν
3040 4464 3173 4520 Θεδν
3203 4464 3327 4520 οὔτε
3361 4465 3569 4531 κτίζειν
3601 4466 3789 4536 ὁμολο-

2216 4566 2473 4634 γήσουσι·
2498 4558 2704 4613 τούτων
2731 4558 2841 4630 γὰρ
2860 4553 2979 4612 οὗθ’
3009 4555 3195 4626 ἕτερον
3223 4557 3294 4609 ὲν.
3318 4556 3451 4626 ἡμῖν
3484 4556 3787 4626 ἐνεργεῖται

2217 4655 2380 4730 [δίχα
2400 4652 2562 4706 πόνου
2584 4652 2680 4705 καὶ
2706 4646 2965 4722 blnda”.
2991 4648 3062 4701 Ἦ
3077 4643 3477 4719 οὖν-ἀμφότερα
3505 4645 3610 4715 τῆς
3643 4646 3788 4709 θείας

2216 4745 2429 4817 φύσεως
2449 4741 2851 4815 χωριζέτωσαν,
2880 4739 2978 4809 τὴν
3000 4737 3180 4792 κτίσιν
3199 4754 3260 4791 τε
3282 4738 3377 4791 καὶ
3392 4736 3491 4804 τὴν
3510 4737 3782 4807 γέννησιν

2218 4838 2306 4892 ἵνα
2334 4836 2402 4891 δι’
2440 4833 2717 4905 ἑκατέρων
2751 4830 2830 4903 τῷ
2866 4829 2985 4900 Θεῷ
3028 4828 3127 4900 τὴν
3157 4827 3426 4882 ἀπάθειαν
3466 4827 3747 4895 φυλάξωσι
3769 4864 3785 4888 ,

2207 4929 2301 4984 καὶ
2330 4925 2561 4982 καθόλου
2587 4925 2688 4996 τὴν
2717 4923 2797 4986 είς
2819 4923 2910 4978 τὸν
2937 4920 3222 4991 Μονογενῆ
3251 4919 3436 4973 πίστιν
3462 4919 3530 4973 ὲκ
3549 4919 3646 4972 τοῦ
3670 4918 3784 4987 δόγ-

2211 5037 2379 5092 ματος
2421 4998 2605 5073 αὐτῶν
2654 5014 3071 5079 έκόαλέτωσαν,
3120 5011 3199 5076 ὡς
3243 5011 3309 5066 ἂν
3360 5011 3465 5078 ἔξω
3514 5010 3723 5074 πάθους
3760 5012 3789 5063 ὁ

2208 5111 2399 5184 Πατὴρ
2433 5109 2776 5179 φυλάσσοντα.
2812 5106 2951 5177 μήτε
2977 5106 3034 5158 έν
3065 5103 3142 5174 τῷ
3169 5103 3375 5175 γεννᾷν-
3397 5103 3786 5174 μολυνόμενος·

2207 5201 2243 5273 ἢ
2272 5203 2351 5262 εἷς
2374 5199 2435 5252 τδ
2453 5198 2641 5269 ἕτερον
2664 5194 2891 5258 ἀπαθῶς
2906 5192 3246 5266 ἐνεργεῖσθαι
3269 5196 3595 5263 συγχωρῶσι
3638 5189 3788 5261 παρὰ

2216 5293 2317 5363 τῆς
2346 5290 2495 5354 θείας
2522 5287 2806 5359 δυνάμεως
2830 5324 2846 5351 ,
2894 5286 3032 5357 μήτε
3064 5284 3192 5357 περὶ
3220 5281 3318 5337 τοῦ
3349 5282 3515 5338 ἄλλου
3547 5281 3787 5353 ζυγομα-

2219 5558 2382 5628 quam
2412 5556 2571 5628 habet
2589 5554 2760 5628 codex
2788 5554 3009 5624 Boicus,
3049 5552 3256 5610 τούτων
3292 5550 3397 5627 γάρ
3422 5552 3712 5628 οὐθέτερον
3726 5553 3780 5607 ἐν

2216 5624 2347 5699 ημῖν
2380 5624 2604 5689 ἀπαθῶς
2636 5627 2818 5697 ἐνεργ.
2898 5628 2901 5631 ’
3160 5636 3165 5640 ’
