3992 6210
491 297 591 350 1333

1715 287 1769 342 S.
1799 282 2124 342 GREGORII
2182 283 2470 338 NYSSENI

3628 284 3726 336 εει

493 407 745 477 passione
775 412 830 460 ct
877 403 1096 458 actione
1133 403 1582 458 communionem
1632 402 1886 456 essentne
1934 414 2060 469 pro-

2178 401 2350 470 rupst
2383 416 2496 461 πως
2527 397 2661 469 πρὸς
2698 396 2790 474 τὸν,
2820 397 3186 468 γεγεννηκότα
3215 395 3278 450 τὸ
3302 394 3478 449 κοινὸν
3513 394 3611 466 τῆς
3644 397 3734 446 οὑ-

496 498 752 553 nuntians
778 535 795 560 ,
850 493 1068 548 videtur
1117 509 1227 548 non
1265 495 1441 549 solum
1485 494 1534 548 ei
1581 493 1672 563 qui
1708 492 1928 562 genitus
1974 497 2059 546 est

495 588 791 642 attribuere
822 585 1059 652 quodam
1097 584 1260 640 modo
1295 599 1420 640 cum
1447 599 1513 638 eo
1541 583 1635 654 qui
1669 581 1860 654 genuit
1892 595 2061 636 com-

493 692 710 731 munem
743 676 1064 738 essentiam,
1099 691 1288 730 verum
1312 676 1476 729 etiam
1509 688 1726 728 omnem
1749 679 2060 727 creaturam

492 783 617 822 cum
641 782 707 822 eo
743 767 837 838 qui
872 768 998 822 fecit
1047 767 1293 836 ejusdem
1328 765 1584 820 essentia:
1624 764 1847 818 facere?
1875 761 2064 830 Siqui-

492 859 614 914 dem
649 860 794 928 quod
831 859 943 928 agit
964 866 1017 911 et
1047 858 1191 928 quod
1221 858 1431 925 patitur
1452 856 1643 909 eodem
1673 869 1873 925 genere
1920 855 2062 906 inter

493 967 553 1006 se
575 951 776 1006 habere
797 950 1100 1005 secundum
1126 956 1375 1002 naturam
1395 947 1604 1002 deﬁnit.
1625 946 1809 1015 Itaque
1827 959 1922 1014 per
1940 958 2062 1012 quae

491 1044 764 1098 construit
786 1043 928 1112 quod
959 1043 1094 1105 vult,
1121 1056 1216 1110 per
1237 1042 1349 1094 haec
1371 1039 1604 1094 destruit
1629 1047 1681 1093 et
1705 1039 1901 1092 evertit
1917 1034 2061 1104 quod

491 1135 733 1189 studiose
759 1132 1060 1197 contendit,
1083 1147 1180 1186 sua
1199 1131 1553 1201 repugnantia
1576 1127 1860 1200 όμοουσίου
1879 1125 2062 1195 (simul

490 1223 822 1292 cssentialis)
841 1221 1068 1292 gloriam
1086 1221 1376 1273 ﬁrmiorem
1394 1216 1710 1273 reddens.Si
1729 1216 1870 1270 enim
1885 1229 1949 1267 ex
1967 1214 2064 1266 ali-

491 1330 601 1385 quo
634 1313 917 1386 generatio
963 1308 1762 1382 ejusquigenuitessentiamin
1785 1321 1850 1362 eo
1866 1305 1956 1375 qui
1978 1321 2064 1375 ge-

493 1405 636 1458 nitus
655 1414 737 1457 est
767 1403 1141 1458 demonstrat:
1165 1399 1464 1455 artiﬁcialis
1491 1407 1672 1453 autem
1697 1395 2062 1460 constructio,

491 1510 610 1566 quae
634 1511 728 1564 per
753 1495 1022 1547 actionem
1041 1499 1093 1547 et
1115 1493 1420 1564 passionem
1439 1489 1736 1560 perﬁcitur,
1763 1490 2060 1544 secundum

493 1587 656 1656 hujus
686 1587 954 1638 rationem
1002 1585 1070 1638 ad
1110 1583 1365 1638 essentia:
1394 1581 1836 1636 communionem
1891 1577 2064 1632 addu-

492 1681 571 1735 cit
603 1690 657 1734 et
685 1678 739 1732 id
763 1677 906 1747 quod
938 1675 1071 1730 facit
1116 1684 1171 1731 et
1217 1675 1272 1728 id
1309 1672 1456 1743 quod
1508 1671 1774 1737 edicitur;
1815 1669 2060 1739 genitum

2169 491 2321 554 σίας*
2357 491 2490 544 ἀλλὰ
2541 491 2636 544 καὶ
2686 491 2864 546 πᾶσαν
2911 490 3008 561 τὴν
3057 489 3233 543 κτίσιν
3280 488 3360 559 τῷ
3409 492 3739 558 πεποιηκάτι

2167 586 2340 640 ποιεῖν
2366 583 2645 653 ὀμούσιον;
2669 584 2840 653 Εἴπερ
2863 584 2922 636 τὸ
2951 581 3135 636 ποιοῦν
3161 583 3256 638 καὶ
3287 582 3348 634 τὸ
3376 582 3583 652 πάσχον
3607 584 3734 651 bno-

2167 674 2338 742 γενῶς
2363 669 2509 744 ιχειν
2535 674 2782 745 ἀλλήλοις
2808 674 2948 728 κατά
2983 675 3080 744 τὴν
3109 673 3274 743 φύσιν
3297 672 3556 743 ὁρίζεται.
3593 675 3728 726 Οὐκ-

2167 765 2261 818 οῦν
2303 766 2366 820 δι’
2429 760 2506 820 ὧν
2559 764 2952 830 κατασκευάζει
2990 766 3018 818 ὃ
3054 764 3328 835 βούλεται,
3399 763 3488 818 διὰ
3531 764 3736 822 τούτων

2168 857 2461 928 ἀνατρέπει
2504 857 2564 910 τὸ
2605 858 3054 926 σπουδαζόμενον,
3105 856 3457 926 ἰσχυροτέραν
3486 858 3553 924 τῇ
3605 865 3736 924 παρ’

2168 947 2359 1000 ἑαυτοῦ
2399 949 2548 1020 μάχῃ
2579 949 2745 1003 ποιῶν
2767 949 2864 1020 τὴν
2892 948 2986 1001 τοῦ
3015 948 3296 1018 ὁμοουσίου
3323 947 3499 1011 δόξαν.
3533 949 3596 1000 Εἰ
3628 948 3732 1013 γὰρ

2166 1041 2199 1106 ὴ
2235 1039 2332 1108 μὲν
2353 1039 2417 1092 ἐκ
2442 1057 2583 1104 τινος
2605 1039 2854 1108 γέννησις
2881 1041 2979 1109 τὴν
3007 1039 3101 1092 τοῦ
3137 1040 3526 1110 γεγεννηκότος
3547 1040 3731 1093 οὐσίαν

2167 1133 2224 1184 ὲν
2247 1132 2324 1201 τῷ
2347 1133 2657 1201 γεννηθέντι
2685 1133 2950 1186 δείκνυσιν
2967 1148 2980 1160 ο
3012 1134 3043 1202 ἡ
3069 1132 3124 1184 δὲ
3149 1131 3364 1202 τεχνικὴ
3396 1137 3732 1201 κατασκευὴ.

2166 1220 2235 1274 δι’
2265 1223 2544 1292 ἐνεργείας
2578 1241 2638 1276 τε
2666 1224 2758 1276 καὶ
2781 1223 2984 1285 πάθους
3009 1222 3413 1292 ἀποτελουμένη
3432 1263 3447 1286 ,
3476 1224 3626 1277 κατὰ
3654 1225 3738 1277 τὶν

2166 1311 2356 1367 τούτου
2389 1314 2544 1383 λόγον
2569 1317 2649 1378 εἰς
2681 1316 2962 1368 κοινωνίαν
2995 1315 3184 1379 οὐσίας
3219 1315 3343 1383 ἄγει
3371 1316 3433 1368 τὸ
3460 1315 3658 1369 ποιοῦν
3687 1335 3742 1369 τε

2169 1405 2260 1457 καὶ
2292 1404 2353 1458 τὸ
2379 1406 2658 1476 γινόμενον
2678 1423 2692 1436 ο
2729 1406 3088 1476 γεγεννῆσθαι
3113 1405 3204 1460 τὸν
3248 1407 3450 1478 Κύριον
3492 1407 3744 1477 πολλαχῆ

2167 1497 2277 1551 τῶν
2313 1497 2458 1551 ἰδίων
2488 1498 2938 1568 συγγραμμάτων
2967 1499 2996 1551 ὁ
3027 1498 3363 1569 λογογράφος
3395 1501 3744 1554 κατασκευα-

2174 1586 2304 1649 ζων.
2344 1586 2487 1657 Ἀρα
2535 1587 2601 1639 δι’
2635 1579 2712 1640 ὧν
2742 1587 3010 1658 ἁλλοτριοϊ
3047 1587 3147 1658 τῆς
3182 1586 3276 1642 τοῦ
3311 1589 3525 1660 Πατρδς
3551 1590 3746 1654 οὐσίας

2169 1677 2258 1732 τὸν
2293 1676 2516 1747 Κύριον,
2546 1677 2632 1731 διὰ
2655 1679 2857 1731 τούτων
2881 1678 3028 1749 αὐτῷ
3051 1683 3460 1752 προσμαρτυρεῖ
3496 1680 3592 1751 τὴν
3624 1699 3748 1736 συν-

492 1789 616 1828 esse
653 1771 942 1825 Dominum
970 1768 1174 1839 passim
1203 1767 1260 1821 in
1300 1765 1417 1821 suis
1443 1763 1664 1833 scriptis
1693 1763 1797 1817 iste
1823 1763 2063 1829 scriptor

2178 1766 2378 1834 ίιφειαν.
2430 1766 2493 1820 Εἰ
2524 1767 2632 1838 γὰρ
2667 1768 2742 1838 μὴ
2773 1768 2860 1822 διὰ
2895 1771 3228 1840 γεννήσεως,
3267 1772 3403 1841 μήτε
3443 1770 3532 1824 διὰ
3575 1788 3750 1825 κατα-

496 1872 776 1919 astruens.
843 1861 985 1932 Ergo
1018 1875 1113 1930 per
1143 1874 1263 1928 qua:
1295 1873 1324 1911 a
1372 1856 1553 1910 Patris
1591 1854 1829 1910 essentia
1875 1852 2061 1906 Domi-

492 1971 623 2012 num
660 1955 884 2017 alienat,
935 1967 1029 2022 per
1062 1951 1177 2005 haec
1210 1949 1317 2022 ipsi
1359 1947 1744 2004 cohaerentiam
1772 1945 1889 1998 sive
1927 1957 2064 1997 con-

494 2045 782 2100 nexionem
809 2042 1079 2096 attribuit.
1113 2040 1170 2095 Si
1198 2023 1345 2095 enim
1387 2052 1568 2107 neque
1611 2051 1708 2106 per
1756 2034 2067 2104 generatio-

491 2154 638 2201 nem,
691 2151 867 2204 neque
905 2149 1000 2202 per
1034 2133 1174 2187 artis
1225 2131 1643 2184 fabricationem
1684 2128 1837 2195 juxta
1893 2125 2060 2193 hujus

494 2226 760 2278 rationem
791 2222 1046 2276 essentia:
1078 2219 1351 2288 separatio
1370 2216 1730 2286 conspicitur,
1764 2214 1909 2282 quod
1939 2215 2068 2282 qui-

491 2305 616 2368 dem
647 2312 695 2366 si
718 2310 929 2365 dederit
957 2324 1105 2372 esse,
1153 2307 1440 2361 Dominum
1495 2307 1610 2361 sive
1657 2313 1900 2359 creatum
1954 2304 2068 2356 sive

493 2417 785 2471 gcnnema,
848 2402 900 2455 id
969 2409 1053 2455 est
1140 2397 1731 2470 progeniem,dixcrit,
1784 2409 1878 2464 per
1908 2393 2070 2448 ambo

2173 1855 2374 1926 σκευῆς
2401 1855 2540 1930 κατὰ
2571 1856 2660 1909 τὸν
2680 1855 2872 1910 τούτου
2900 1857 3055 1926 λόγον
3079 1861 3106 1913 ὁ
3133 1860 3230 1929 τῆς
3257 1861 3442 1923 ούσίας
3461 1861 3748 1932 χωρισμὸς

2171 1947 2496 2018 καθορᾶται·
2524 1949 2662 2018 ὅπερ
2689 1947 2754 2001 ἂν
2771 1950 2846 2021 δῷ
2873 1947 3012 2004 εἶναι
3029 1950 3118 2004 τὸν
3137 1951 3360 2022 Κύριον,
3387 1953 3495 2005 εἴτε
3527 1954 3752 2006 κτιστὸν

2173 2039 2283 2093 εἴτε
2307 2041 2570 2112 γέννημα,
2599 2041 2663 2093 δι’
2690 2044 2891 2114 ἀμφοῖν
2906 2044 2966 2097 τὸ
2993 2047 3112 2099 κατ’
3141 2047 3327 2100 οὐσίαν
3345 2048 3542 2100 οἰκεῖον
3574 2062 3751 2118 προσ-

2172 2127 2568 2200 εμαρτύρησεν,
2600 2133 2628 2183 ό
2654 2133 2710 2184 ὲν
2737 2131 2815 2202 τῷ
2854 2135 3092 2188 ποιούντι
3125 2132 3219 2188 καὶ
3263 2136 3560 2205 πάσχοντι,
3623 2153 3754 2204 γεν-

2176 2218 2334 2270 νῶντι
2384 2220 2478 2272 καὶ
2499 2222 2860 2293 γεννωμένῳ,
2903 2223 3003 2294 τὴν
3046 2225 3147 2295 τῆς
3198 2225 3410 2294 φύσεως
3459 2228 3754 2278 κοινωνίαν

2175 2306 2586 2378 τεχνολογήσας.
2648 2310 2794 2364 Αλλὰ
2826 2312 2961 2384 ’πρὸς
2984 2313 3044 2365 τὸ
3072 2314 3266 2385 ἐφεξῆς
3303 2313 3393 2367 τοῦ
3428 2313 3589 2384 λόγου
3623 2331 3754 2384 τρε-

2179 2397 2431 2467 πὼμεθα.

493 2494 638 2564 quod
675 2502 759 2549 est
805 2493 1107 2549 secundum
1155 2490 1450 2546 essentiam
1500 2488 1776 2559 proprium
1829 2494 2062 2542 testatus
2100 2497 2205 2552 est,
2280 2492 2372 2559 qui
2441 2491 2494 2544 in
2533 2502 2725 2561 agente
2765 2503 2818 2549 et
2847 2495 3108 2566 patiente,
3162 2496 3214 2550 in
3256 2505 3550 2568 generante
3585 2503 3642 2550 et
3683 2510 3759 2549 eo

493 2586 586 2655 qui
622 2586 888 2654 gignitur,
921 2576 1129 2639 natura:
1155 2583 1598 2637 communionem
1651 2588 1767 2636 arte
1846 2595 1944 2636 sua
1985 2580 2231 2637 tradidit.
2269 2583 2373 2638 Sed
2443 2585 2510 2638 ad
2569 2585 2620 2638 id
2682 2589 2826 2657 quod
2881 2588 3139 2659 deinceps
3179 2589 3548 2664 sequitur’in
3626 2590 3758 2658 ejus

494 2678 742 2732 oratione
770 2692 1082 2746 pergamus.

563 2769 762 2826 Oratos
809 2770 966 2823 velim
1000 2770 1230 2823 lectores
1265 2784 1373 2822 non
1411 2783 1552 2837 aegre
1607 2765 1745 2820 ferre
1781 2767 2067 2822 examina-

498 2861 664 2916 tiouis
700 2860 1113 2922 sublimitatem,
1158 2874 1279 2928 qua:
1318 2859 1370 2911 in
1399 2859 1742 2914 immodicam
1777 2860 2067 2928 prolixitu-

497 2950 679 3006 dinem
729 2966 835 3003 non
874 2961 1066 3018 sponte
1107 2964 1414 3004 sermonem
1449 2950 1736 3018 protrahit.
1771 2948 1891 3004 Non
1921 2950 2066 3005 enim

2220 2765 2626 2847 ’Hapatroﬁpat
2656 2767 2710 2819 δὲ
2744 2769 2869 2831 τοὺς
2905 2769 3324 2839 ἐντυγχάνοντας
3358 2771 3430 2841 μὴ
3458 2772 3757 2843 δυσχεραί-

2174 2874 2285 2910 νειν
2323 2860 2388 2928 τῇ
2422 2858 2678 2928 ἀκριϐείᾳ
2722 2859 2820 2928 τῆς
2866 2859 3193 2925 ἐξετάσεως,
3234 2863 3313 2924 εἰς
3346 2862 3546 2934 πλῆθος
3577 2865 3756 2918 ἁκού-

2177 2965 2289 3001 σιον
2317 2947 2700 3019 προσαγούσης
2727 2950 2818 3002 τὸν
2867 2950 3042 3018 λόγον.
3075 2953 3149 3004 Οὐ
3188 2952 3294 3022 γὰρ
3343 2955 3471 3022 περι
3503 2954 3620 3009 τῶν
3653 2973 3764 3008 τυ-

497 3044 566 3098 de
603 3040 938 3112 quibuslibet
979 3041 1280 3110 periculum
1297 3047 1403 3105 est,
1432 3048 1490 3094 ut
1523 3041 1566 3094 si
1585 3039 1738 3116 forte
1769 3041 1898 3110 quid
1931 3056 2065 3112 prte-

2178 3038 2375 3107 χόντων
2410 3040 2439 3090 ό
2473 3039 2733 3104 κίνδυνος,
2763 3039 2906 3092 ὥστε
2953 3057 3005 3092 τι
3040 3041 3492 3112 παραδραμόντας
3519 3044 3633 3097 τῶν
3663 3063 3765 3114 φι-

499 3131 900 3188 termiscrimus
923 3146 1113 3186 eorum
1145 3148 1264 3202 qua:
1289 3131 1630 3186 accuratiore
1660 3131 1906 3202 indigent
1940 3147 2072 3190 con—

500 3223 992 3291 templatione,leve
1010 3221 1268 3277 damnum
1290 3221 1572 3288 faciamus,
1593 3223 1685 3280 sed
1707 3225 1773 3278 de.
1797 3226 1910 3293 spei
1933 3239 2077 3278 sum-

502 3329 587 3368 ma
617 3313 1006 3383 periclitamur.
1059 3313 1392 3382 Proponitur
1417 3315 1560 3368 enim
1589 3315 1667 3368 vel
1696 3322 1752 3368 ut
1778 3314 2074 3368 Christiani

498 3406 695 3462 simus,
737 3419 845 3457 non
877 3405 945 3458 ab
1001 3402 1255 3457 hazrctica
1289 3405 1530 3473 pernicie
1574 3405 1810 3473 perversi
1845 3423 1857 3459 :
1888 3405 1974 3459 vel
2018 3412 2077 3457 ut

502 3495 723 3551 Omnino
749 3495 812 3550 ad
845 3493 1101 3548 Judaicas
1123 3495 1205 3546 vel
1238 3495 1467 3564 gentiles
1520 3495 1808 3564 opiniones
1867 3503 2077 3563 pertra-

507 3588 698 3640 bamur
742 3605 755 3639 :
791 3596 846 3639 ut
881 3587 1042 3656 igitur
1075 3586 1234 3640 nobis
1264 3595 1519 3639 neutrum
1545 3588 1738 3643 borum
1771 3590 2074 3659 contingat,

506 3694 571 3732 ne
598 3692 694 3746 per
723 3676 1139 3746 abnegationem
1179 3675 1298 3729 Filii
1351 3691 1474 3729 vere
1503 3679 1672 3746 geniti
1703 3679 1946 3734 Judaicis
1979 3679 2079 3732 do-

504 3767 775 3822 cumculis
833 3760 1310 3831 circunu’eramur,
1337 3783 1514 3838 neque
1579 3785 1672 3838 per
1704 3771 2075 3826 adorationem

503 3867 769 3913 creaturae
829 3859 1123 3912 exbibitam
1178 3859 1230 3913 in
1272 3860 1626 3928 praecipitium
1682 3861 1966 3928 gentilium
1999 3863 2076 3916 si-

505 3949 762 4003 mulacris
824 3949 1178 4004 servientium
1251 3966 1610 4017 corruamus;
1647 3953 1967 4007 necessario
2022 3954 2075 4006 in

503 4031 872 4108 disputatione
900 4055 960 4093 ea
991 4038 1057 4092 de
1090 4057 1147 4095 re
1175 4049 1428 4110 suscepta
1461 4042 1896 4111 immorabimur,
1932 4042 2080 4112 posi-

502 4131 574 4185 tis
607 4131 852 4184 Eunomii
907 4132 1108 4197 verbis,
1165 4148 1285 4201 qua:
1330 4133 1412 4188 sic
1463 4132 1664 4187 habent
1705 4151 1718 4186 :
1785 4131 1886 4186 llis
1907 4133 2080 4202 itaque

504 4221 578 4271 sic
605 4219 812 4283 divisis,
875 4221 1062 4276 merito
1112 4225 1375 4292 quispiam
1425 4223 1624 4278 dixerit
1687 4223 2078 4291 priitcipalissi-

505 4327 646 4364 mam
677 4321 725 4364 et
755 4312 982 4380 primam
1031 4323 1079 4366 et
1110 4314 1278 4366 solam
1311 4323 1434 4368 actu
1468 4314 1650 4370 Patris
1704 4315 2077 4370 subsistentem

2176 3129 2547 3201 λοπονωτέρας
2596 3131 2866 3200 δεομένων
2902 3131 3005 3200 τῆς
3039 3132 3268 3203 θεωρίας
3293 3174 3306 3196 ,
3348 3136 3410 3186 ὲν
3444 3135 3612 3206 ὀλίγῳ
3650 3138 3765 3207 τὴν

2177 3221 2378 3290 ζημίαν
2417 3220 2630 3285 παθεῖν,
2665 3222 2782 3274 ἀλλ’
2812 3223 2961 3293 αὐτῷ
2993 3223 3072 3290 τῷ
3097 3225 3373 3296 κεφαλαίῳ
3415 3228 3513 3297 τῆς
3537 3229 3764 3293 ἐλπίδος

2177 3312 2638 3382 ὲγκινδυνεύομεν.
2675 3314 2966 3384 Πρόκειται
2998 3315 3106 3386 γὰρ
3137 3317 3169 3386 ἢ
3205 3317 3562 3388 Χριστιανοὺς
3589 3317 3761 3384 εἷναι,

2181 3404 2255 3474 μὴ
2302 3404 2736 3475 παρενεχθέντας
2767 3405 2873 3458 ὑπὸ
2914 3406 3014 3476 τῆς
3045 3408 3330 3478 αἰρετικῆς
3368 3409 3642 3474 ἀπωλείας
3664 3428 3679 3442 ·
3725 3411 3764 3481 ἢ

2178 3497 2390 3560 πάντως
2415 3496 2521 3566 πρὸ
2569 3496 2866 3560 Ίουδαῖκάς
2889 3515 2945 3552 τε
2971 3499 3062 3550 καὶ
3103 3498 3422 3568 Ἑλληνικὰς
3449 3501 3768 3572 ὑπολήψεις

2177 3587 2565 3656 κατασυρῆναι.
2624 3585 2710 3649 Ὠς
2738 3587 2805 3640 ἂν
2849 3583 2941 3640 οὖν
2979 3589 3273 3659 μηδέτερον
3327 3589 3596 3659 πάθοιμεν
3640 3591 3764 3642 τῶν

2178 3679 2581 3749 ἀπειρημένων,
2639 3680 2776 3749 μήτε
2821 3679 2908 3731 διὰ
2942 3679 3042 3748 τῆς
3083 3680 3364 3749 ἀρνήσεως
3407 3679 3500 3732 τοῦ
3535 3680 3766 3750 ἀληθῶς

2178 3769 2526 3839 γεννηθέντος
2564 3767 2716 3831 Υίοῦ,
2753 3773 2866 3831 τοῖς
2909 3769 3218 3833 Ἰουδαϊκοῖς
3255 3770 3492 3840 δόγμασι
3541 3788 3762 3842 συμφε-

2180 3861 2416 3932 ρόμενοι,
2452 3862 2589 3930 μήτε
2619 3861 2706 3914 διὰ
2755 3862 2854 3930 τῆς
2878 3861 2974 3914 τοῦ
3008 3861 3300 3932 κτίσματος
3330 3865 3764 3934 προσκυνήσεως

2177 3951 2254 4022 τῷ
2281 3952 2533 4022 πτώματι
2563 3951 2670 4004 τῶν
2708 3952 3239 4025 εἰδωλολατρούντων
3282 3956 3762 4021 συγκαταπίπτειν-

2178 4057 2287 4104 τες,
2312 4041 2622 4109 ἀναγκαίως
2640 4041 3094 4112 προδιατρίψομεν
3116 4041 3192 4111 τῷ
3213 4043 3562 4112 περὶτούτων
3589 4046 3758 4116 λόγῳ,

2180 4132 2363 4195 θέντες
2390 4133 2556 4202 αὐτὴν
2581 4133 2675 4184 τοῦ
2703 4133 2963 4202 Εύνομίου
2997 4132 3095 4203 τὴν
3125 4134 3282 4204 ῥῆσιν
3307 4134 3536 4203 ἔχουσαν
3557 4137 3754 4201 οὕτως’

2183 4223 2344 4277 Οὕτω
2381 4223 2448 4276 δὲ
2491 4225 2715 4277 τούτων
2753 4223 3150 4292 διῃρημένων,
3185 4227 3428 4291 εἰκότως
3468 4229 3620 4294 φαίη
3668 4247 3758 4293 τις

2180 4312 2256 4367 ἂν
2285 4313 2400 4379 τὴν
2429 4313 2794 4380 κιφιωτάτην
2823 4314 2918 4366 καί
2942 4314 3182 4382 πρώτην
3208 4316 3304 4367 καὶ
3331 4319 3549 4384 μόνην,
3587 4319 3755 4386 iri-ep-

504 4403 788 4455 essentiam
825 4404 879 4456 in
908 4406 1132 4472 seipsam
1165 4407 1392 4474 recipere
1420 4408 1742 4475 genncmatis
1775 4408 1888 4462 sive
1926 4409 2071 4477 geni-

2180 4402 2307 4469 γείᾳ
2339 4403 2444 4456 τοῦ
2474 4404 2702 4470 Πατρός
2746 4403 3102 4458 ὑποστᾶσαν
3144 4407 3382 4472 οὐσίαν,
3415 4411 3501 4472 εἱς
3527 4410 3757 4476 ἑαυτὴν

507 4500 642 4544 Iura:
677 4501 725 4545 et
767 4493 992 4561 factum
1021 4504 1068 4547 et
1101 4505 1359 4548 creatura:
1391 4498 1789 4565 appellationes.
1819 4499 1885 4551 Et
1923 4501 2081 4568 paulo

510 4591 652 4653 post,
720 4583 878 4639 Solus
935 4594 1110 4640 autem
1168 4584 1362 4651 Filius,
1404 4587 1509 4650 ait,
1564 4587 1747 4642 Patris
1795 4599 1918 4642 actu
1959 4607 2083 4644 con-

505 4675 693 4729 sistens
753 4676 1298 4732 incommunicabilem
1353 4677 1509 4730 habet
1558 4688 1839 4742 naturam,
1873 4689 1922 4734 et
1961 4697 2080 4734 cum

504 4783 562 4818 eo
595 4769 684 4836 qui
714 4771 888 4838 genuit
925 4769 1253 4823 relationem.
1303 4768 1366 4822 Et
1390 4771 1442 4822 in
1471 4769 1904 4838 praecedentibus
1933 4789 1946 4825 :
1983 4771 2083 4826 Ge-

506 4861 672 4911 nitnm
689 4875 954 4929 geimema,
967 4857 1080 4912 sive
1093 4859 1410 4930 genituram,
1424 4859 1594 4914 dicere
1611 4877 1712 4914 non
1733 4863 2081 4916 recusandum

503 4965 615 5002 esse
650 4950 843 5020 inquit,
882 4966 997 5002 cum
1043 4951 1268 5006 essentia
1305 4950 1421 5019 ipsa
1454 4951 1629 5020 genita
1664 4960 1714 5006 et
1744 4949 1872 5004 Filii
1905 4954 2083 5022 appel-

506 5042 636 5095 latio
669 5042 824 5094 talem
859 5043 1126 5098 ncminum
1163 5042 1495 5110 affectionem
1530 5043 1632 5096 sibi
1673 5044 1922 5108 vindicet,
1961 5060 2080 5112 pro-

504 5135 772 5202 priumque
827 5133 1032 5187 reddat.

573 5317 708 5371 Cum
750 5318 914 5389 igitur
959 5328 1066 5372 tam
1102 5326 1286 5386 aperta
1334 5327 1388 5371 et
1426 5317 1572 5371 clara
1603 5317 1674 5372 sit
1710 5316 1762 5370 in
1809 5316 1894 5373 his
1920 5316 2082 5373 dictis

509 5408 898 5475 repugnantia,
946 5407 1109 5476 hujus
1169 5407 1435 5475 dogmatis
1492 5405 1835 5461 laudatorum
1897 5406 2080 5461 soler-

505 5493 637 5545 tiam
699 5503 751 5548 ct
822 5496 1178 5549 subtilitatem
1243 5496 1389 5550 subit
1455 5495 1736 5550 admirari.
1811 5494 2080 5552 Incertum

506 5583 650 5637 cnim
707 5582 868 5637 fuerit
925 5585 990 5637 ad
1047 5584 1192 5655 quod
1242 5601 1431 5640 eorum
1487 5601 1607 5654 qua:
1660 5585 1727 5640 ab
1779 5584 1898 5655 ipso
1955 5594 2084 5642 sunt

507 5675 650 5729 dicta
699 5673 842 5728 versi
890 5687 996 5727 non
1045 5674 1098 5726 in
1139 5674 1405 5743 reliquum
1457 5683 1703 5746 peccent.
1760 5673 1916 5740 Prior
1964 5691 2082 5735 ser-

2183 4491 2462 4561 δέχεσθαι
2494 4495 2594 4558 τὰς
2630 4495 2738 4547 τοῦ
2765 4495 3132 4564 γεννήματος
3160 4497 3257 4551 καί
3294 4499 3624 4568 ποιήματος
3653 4501 3755 4554 καὶ

2183 4584 2506 4652 κτίσματος
2548 4589 2970 4655 προσηγορίας.
3010 4589 3118 4642 Καὶ
3161 4589 3279 4658 μετ’
3317 4590 3473 4658 ὀλίγα
3496 4632 3510 4654 ,
3553 4595 3758 4659 Μόνος

2182 4674 2250 4726 δὲ
2278 4678 2311 4729 ὁ
2349 4676 2498 4742 Υἱὸς,
2531 4678 2714 4747 φησὶν,
2740 4677 2813 4746 τῇ
2842 4680 2946 4733 τοῦ
2973 4681 3201 4747 Πατρός
3226 4682 3487 4751 ἐνεργείᾳ
3513 4684 3755 4749 συστὰς

2182 4765 2586 4835 ἀκοινώνητον
2605 4768 2728 4836 ἔχει
2757 4770 2873 4840 τήν
2887 4787 2950 4822 τε
2975 4771 3186 4838 φύσιν,
3205 4773 3304 4826 καὶ
3334 4773 3447 4840 τὴν
3471 4774 3622 4841 πρὸς
3642 4775 3757 4830 τὸν

2183 4859 2582 4925 ’γεγεννηκότα
2613 4858 2852 4928 σχέσιν.
2901 4861 2990 4915 Ἐν
3024 4860 3081 4914 δὲ
3104 4865 3217 4926 τοῖς
3253 4864 3358 4934 πρὸ
3384 4863 3609 4918 τούτου·
3642 4866 3758 4919 Τὸν

2181 4948 2474 5017 γεννητὸν
2506 4948 2769 5020 γέννημα
2795 4949 2994 5021 λέγειν
3015 4952 3100 5022 μὴ
3138 4954 3544 5023 παραιτεῖσθαι
3624 4954 3784 5021 φησὶ.

2183 5043 2294 5111 τῆς
2316 5044 2708 5112 τεννηθείσης
2738 5043 2927 5111 αὐτῆς
2969 5045 3188 5110 οὐσίας
3216 5045 3313 5100 καί
3340 5045 3450 5112 τῆς
3480 5045 3590 5100 τοῦ
3615 5045 3760 5099 Υἰοῦ

2183 5136 2587 5204 προσηγορίας
2613 5133 2727 5202 τὴν
2741 5136 3024 5204 τοιαύτην
3043 5136 3160 5190 τῶν
3179 5138 3480 5206 ὀνομάτων
3503 5139 3760 5190 οἰκειου-

2177 5223 2372 5292 μένης
2395 5222 2634 5292 σχέσιν.

2255 5311 2412 5366 Οὕτω
2450 5313 2626 5366 τοίνυν
2665 5295 2931 5386 προδηλου
2959 5313 3057 5384 τῆς
3090 5315 3149 5369 ὲν
3177 5317 3289 5378 τοῖς
3327 5315 3634 5386 εἰρημένοις
3657 5313 3765 5367 οὗ·

2186 5419 2284 5473 σης
2310 5404 2701 5475 ἐναντιότητος,
2725 5403 3022 5474 θαυμάζειν
3047 5405 3222 5460 ἔπεισί
3248 5423 3337 5476 μοι
3362 5406 3461 5475 τῆς
3477 5406 3770 5475 ἀγχινοίας

2183 5493 2308 5555 τοὺς
2345 5491 2636 5555 ὲπαινετὰς
2686 5493 2876 5548 τούτου
2910 5495 3003 5548 τοῦ
3047 5495 3337 5566 δόγματος.
3369 5497 3605 5568 Ἀπορον
3645 5497 3772 5571 γὰρ

2185 5585 2252 5638 ἂν
2282 5583 2370 5652 εἴη
2395 5583 2533 5655 πρὸς
2553 5584 2581 5636 ὃ
2600 5585 2776 5637 τιτῶν
2814 5586 3118 5657 εἰρημένων
3153 5605 3264 5659 παρ
3281 5589 3293 5608 ’
3316 5587 3482 5642 αὐτοῦ
3513 5587 3778 5658 τραπέν-

2184 5674 2426 5738 τες,“ούκ
2452 5669 2516 5725 ἄν
2550 5672 2917 5746 πλημμελοῖεν
2943 5679 3023 5741 εἰς
3055 5678 3116 5732 τὸ
3149 5677 3485 5749 λειπόμενον.
3531 5677 3590 5729 Ὀ
3621 5679 3778 5749 πρό-
