3992 6210
534 291 635 347 (247

1763 285 1820 342 S.
1862 280 2187 340 GREGORII
2227 279 2518 338 NYSSENI

3641 287 3725 340 618

539 420 764 478 stupore
791 403 1015 474 corripi,
1040 401 1184 457 haud
1215 414 1376 456 secus
1406 399 1601 454 horum
1631 398 1798 452 animi
1829 398 2098 454 sentiendi

2220 396 2384 449 lsi.va
2410 396 2508 466 μὲν
2536 392 2629 448 οὖν
2657 392 2752 448 καὶ
2779 397 2890 458 τοῖς
2920 396 3322 466 κεκρυμμένοις
3351 395 3505 460 δόλοις
3527 397 3585 452 εκ
3608 416 3728 467 τινος

535 503 896 554 Instrumenta
949 493 1256 547 afﬁciuntur
1308 492 1375 546 ad
1431 491 1636 546 erroris
1689 491 2106 560 intelligentiam

533 587 919 660 torpescentia.
981 585 1156 639 Grave
1213 584 1431 653 quidem
1465 593 1550 638 est
1597 584 1827 638 occultis
1865 582 2005 638 dolis
2039 599 2104 640 ex

535 679 770 750 quadam
825 677 1002 731 fallaci
1062 676 1534 743 argumentatione
1590 691 1685 745 per
1740 674 2106 744 ignorantiam

537 772 793 827 detineri.
825 771 1212 827 Verumtamen
1259 770 1414 824 venia
1457 769 1680 839 dignum
1720 779 1960 823 erratum
1993 768 2109 822 sive

535 863 922 926 infortunium,
953 862 999 916 si
1059 877 1167 916 non
1207 869 1354 917 esset
1384 862 1752 915 voluntarium
1787 878 1802 917 :
1844 861 1940 917 sed
1977 876 2109 916 con-

534 955 677 1008 sulto
708 963 762 1009 et
788 955 912 1008 data
935 969 1100 1023 opera
1132 961 1187 1007 et
1216 952 1463 1006 adhibito
1520 951 1703 1007 studio
1740 952 1805 1006 ad
1857 952 1984 1005 ntali
2019 967 2110 1006 ex.

534 1048 852 1116 perientiam
885 1045 1161 1117 pertrahi,
1217 1060 1324 1099 non
1356 1045 1691 1114 ignorantem
1722 1043 2106 1106 calamitatem,

527 1155 743 1192 onmem
799 1137 1226 1190 infmtuuiorutn
1274 1133 1719 1203 exsuperantiam
1783 1131 2098 1201 pertransit.

530 1231 664 1296 Quis
695 1230 824 1284 talia
877 1228 1040 1283 fando
1076 1234 1338 1297 temperet
1378 1241 1406 1279 a
1451 1224 1745 1296 laerymis?
1773 1222 1909 1289 Quis
1955 1223 2103 1292 juste

532 1336 643 1376 non
693 1319 914 1374 doleat?
946 1334 1070 1372 cum
1111 1317 1390 1379 audimus,
1433 1315 1576 1384 quod
1613 1313 1844 1383 piscium
1882 1310 2102 1380 quidam

531 1413 708 1483 gulosi
738 1410 942 1466 nudum
972 1409 1192 1479 quidem
1220 1409 1597 1478 propinquans
1630 1404 1832 1458 ferrum
1864 1401 2101 1472 fugiunt,

533 1507 600 1562 ad
629 1521 812 1560 escam
843 1520 970 1559 vero
1002 1503 1238 1572 decepti,
1267 1518 1362 1572 spe
1391 1501 1499 1555 cibi
1525 1500 1748 1552 hamum
1783 1495 2104 1564 pertrahunt

531 1607 586 1654 et
616 1599 896 1653 devorant.
931 1595 988 1650 In
1036 1596 1236 1665 quibus
1273 1602 1451 1647 autem
1485 1592 1685 1643 malum
1715 1589 1990 1657 provisum
2024 1592 2108 1639 est

535 1704 598 1743 ac
652 1690 1066 1760 prmeognitutn,
1127 1695 1320 1756 sponte
1353 1684 1420 1736 ad
1479 1681 1642 1750 hujus
1679 1681 1972 1750 perniciem
2012 1691 2109 1730 ve-

536 1781 674 1844 nire,
726 1781 959 1850 piscium
1005 1778 1243 1832 amentia
1277 1774 1647 1829 miserabilius
1696 1780 1799 1826 est.
1843 1768 1924 1822 llli
1960 1771 2105 1823 enirn

536 1873 602 1926 ad
634 1873 910 1927 interitum
963 1871 1240 1924 occultum
1281 1882 1374 1936 per
1407 1864 1699 1933 ingluviem
1742 1861 1907 1915 illecti
1946 1868 2108 1924 sunt;

537 1963 628 2018 isti
681 1962 816 2017 vero
855 1964 1064 2016 circum
1094 1959 1298 2014 nudum
1339 1955 1636 2025 impietatis
1671 1955 1888 2006 hamum
1931 1952 2108 2010 hiant.

539 2054 737 2108 aﬂ‘ectu
766 2035 1001 2123 quodam
1041 2063 1096 2106 et
1151 2066 1380 2105 assensu
1413 2048 1632 2103 ratione
1665 2053 1886 2099 carente
1921 2042 2110 2096 interi~

540 2156 652 2200 tum
674 2156 943 2200 amantes.
967 2143 1110 2208 Quid
1146 2144 1290 2197 enim
1318 2142 1419 2194 hac
1441 2136 1826 2192 contrarietate
1845 2132 2106 2202 apertius,

2139 1737 2180 1791 Β

2209 487 2621 560 παραλογισμοῦ
2675 487 2818 540 κατὰ
2866 489 2927 540 τὸ
2975 487 3203 558 λεληθος
3246 488 3569 558 ἐνσχεθῆναι.
3610 493 3729 564 Πλὴν

2207 579 2345 633 ἀλλὰ
2374 579 2716 648 συγγνωστὸν
2757 578 2818 631 τὸ
2845 579 3121 648 ἀτύχημα,
3173 580 3300 633 ὅταν
3327 580 3561 634 ἀκούσιον
3585 578 3646 656 ᾖ,
3675 586 3726 637 τὸ

2207 672 2252 724 δ’
2301 672 2368 724 ὲκ
2411 671 2668 743 προνοίας
2711 671 2856 735 τινὸς
2899 671 2992 724 καὶ
3033 671 3264 742 σπουδῆς
3309 672 3403 724 τοῦ
3455 673 3608 726 κακοῦ
3648 675 3728 744 τὴν

2209 765 2407 832 πεῖραν
2454 762 2812 830 ἐφέλκεσθαι,
2859 761 2932 832 μὴ
2975 761 3272 829 ἀγνοοῦντα
3324 761 3418 832 τὴν
3466 765 3732 832 συμφορὰν,

2209 857 2390 907 πᾶσαν
2436 853 2738 923 ὑπερϐολὴν
2788 853 3212 924 δυστυχημάτων
3259 855 3593 924 παρέρχεται.
3632 856 3732 920 ῐιῶς

2207 946 2316 1014 γὰρ
2365 946 2465 998 οὐκ
2514 944 2660 1009 ἄξιον
2701 943 3053 1015 σχετλιάζειν,
3101 946 3228 997 ὃταν
3271 946 3527 1015 ἀκούομεν
3552 949 3622 1000 ὅτι
3657 949 3730 1000 καὶ

2207 1037 2315 1088 τῶν
2361 1035 2556 1106 ἰχθύων
2603 1036 2651 1088 οί
2699 1036 2888 1105 λίχνοι,
2947 1036 3150 1106 γυμνὸν
3204 1037 3300 1106 μὲν
3357 1039 3734 1107 προσεγγίξοντα

2206 1130 2297 1180 τὸν
2326 1127 2540 1198 σίδηρον
2571 1126 2846 1196 φεύγουσι,
2877 1127 3010 1198 πρὸς
3030 1126 3086 1180 δὲ
3114 1127 3174 1179 τὸ
3193 1127 3382 1198 δέλεαρ
3411 1129 3731 1198 ἀπατώμενοι,

2208 1217 2413 1288 τροφῆς
2452 1217 2624 1270 ἐλπίδι
2672 1218 2990 1271 κατασπῶσι
3022 1218 3083 1270 τὸ
3125 1218 3415 1289 ἄγκιστρον
3443 1220 3562 1280 ;.'Ev
3589 1215 3660 1284 οἷς
3689 1223 3734 1276 δὲ

2214 1307 2478 1379 πρόδηλόν
2508 1312 2622 1362 ἐστι
2672 1310 2733 1362 τὸ
2782 1310 2983 1370 κακὸν,
3033 1309 3348 1380 αὐτομολεῖν
3380 1309 3622 1372 ἑκουσίως
3660 1313 3734 1363 ἐπὶ

2207 1399 2297 1452 τὸν
2327 1399 2545 1471 ὃλεθρον
2566 1401 2772 1465 τοῦτον,
2796 1403 2889 1454 καὶ
2915 1403 3012 1471 τῆς
3040 1401 3148 1454 τῶν
3173 1401 3370 1471 ἰχθύων
3391 1401 3597 1470 ἀλογίας
3614 1402 3735 1455 ἔστὶν

2208 1491 2555 1562 ἀθλιώτερον.
2591 1496 2651 1546 Οί
2686 1494 2783 1564 μὲν
2817 1493 2924 1566 γὰρ
2953 1495 3089 1564 πρὸς
3127 1495 3222 1547 τὸν
3251 1494 3640 1564 κεκαλυμμένον
3664 1495 3735 1547 διὰ

2207 1585 2648 1654 γαστριμαργίας
2699 1585 3018 1655 ὑπήχθησαν
3061 1584 3317 1654 ὄλεθρον·
3367 1588 3413 1639 οἱ
3463 1585 3516 1637 δὲ
3562 1586 3734 1655 γυμνὸν

2211 1675 2580 1744 περιχαίνουσι
2614 1676 2714 1746 τῆς
2765 1676 3019 1740 ἀσεϐείας
3054 1677 3115 1729 τὸ
3160 1676 3452 1748 ἄγκιστρον
3477 1695 3489 1707 ·
3520 1678 3599 1731 διὰ
3618 1694 3735 1740 τινος

2207 1765 2402 1832 ἀλόγου
2434 1766 2806 1835 προσπαθείας
2839 1769 3159 1836 ἀγαπῶντες
3191 1769 3283 1820 τὸν
3316 1767 3525 1838 ὄλεθρον
3545 1783 3558 1796 ·
3580 1769 3625 1820 τί
3647 1767 3735 1839 γὰρ

2205 1857 2270 1910 ἂν
2297 1858 2498 1928 ταύτης
2543 1860 2644 1929 τῆς
2683 1862 3051 1930 ἐναντιότητος
3079 1862 3294 1930 γένοιτο
3344 1862 3700 1932 προδηλότερον
3720 1902 3733 1926 ,

2205 1948 2237 2018 ἢ
2264 1948 2324 2000 τὸ
2349 1949 2525 2017 λέγειν
2547 1951 2623 2002 ὅτι
2645 1955 2672 2005 ὁ
2696 1950 2854 2013 αύτὲς
2878 1953 2971 2004 καὶ
2991 1951 3278 2021 ἐγεννήθη,
3309 1951 3401 2004 καὶ
3420 1951 3607 2020 κτίσμα
3622 1949 3733 2012 ἐστὶ,

2205 2041 2300 2091 καὶ
2332 2039 2391 2091 τὸ
2437 2041 2714 2109 προσφυὲς
2754 2042 2863 2112 ἔχει
2895 2043 2995 2112 τῆς
3039 2043 3150 2096 τοῦν
3191 2044 3322 2096 Υἱοῦ
3372 2043 3625 2113 κλήσεως,
3661 2043 3736 2095 καὶ

2206 2129 2364 2183 πάλιν
2398 2129 2766 2201 ἀλλοτριοῦται
2803 2134 2901 2202 τῆς
2925 2133 3019 2186 τοῦ
3045 2134 3177 2187 Υἱού
3214 2134 3510 2204 σημασίας;

545 2252 708 2306 quam
739 2235 923 2289 dicere
951 2233 1203 2288 eumdem
1235 2246 1356 2285 esse
1388 2227 1630 2298 genitum
1658 2234 1714 2280 et
1751 2232 2054 2278 creaturam
2089 2243 2117 2278 e

2220 2219 2314 2276 'ilii
2337 2235 2531 2276 nomen
2563 2223 2760 2281 habere
2791 2236 3083 2297 unguntum
3111 2235 3165 2281 et
3222 2229 3522 2294 adhaerens,
3547 2236 3598 2280 et
3650 2240 3752 2279 rur-

541 2349 634 2385 sus
659 2329 881 2383 alienari
918 2345 946 2383 a
979 2328 1099 2381 Filii
1117 2325 1513 2397 significantia?

629 2419 735 2472 Sed
773 2419 883 2470 haec
913 2416 1128 2486 quidem
1167 2416 1449 2470 hactenus.
1484 2416 1551 2468 At
1585 2414 1816 2471 fortasse
1867 2431 1980 2471 non
2027 2416 2126 2471 ahs

555 2525 615 2564 re
677 2508 835 2563 fuerit
886 2507 1180 2577 propositae
1248 2522 1274 2560 a
1341 2507 1499 2562 nobis
1559 2507 1817 2562 dictionis
1875 2507 2124 2562 Eunomii

553 2615 769 2656 omnem
823 2609 1222 2670 consequenter
1290 2599 1601 2669 perspicere
1656 2600 2002 2664 sententiam,
2059 2601 2124 2654 ad

555 2694 820 2749 orationis
865 2693 1192 2763 principium
1237 2705 1404 2746 cursu
1463 2701 1734 2746 revocato.
1797 2690 1928 2757 Quae
1979 2692 2122 2747 enim

555 2795 682 2844 sunt
733 2786 1041 2842 examinata
1081 2795 1135 2840 et
1187 2785 1454 2853 exquisita
1513 2793 1731 2852 propter
1780 2782 2122 2838 manifestam

554 2881 822 2935 dictorum
884 2875 1314 2948 repugnantiam,
1349 2885 1594 2944 prompte
1626 2891 1726 2929 nos
1775 2877 1842 2929 ab
1869 2875 2127 2929 extremis

2335 2420 2494 2473 Ἀλλὰ
2546 2423 2724 2482 ταῦτα
2801 2420 2896 2490 μὲν
2931 2421 3007 2483 εἰς
3042 2419 3313 2470 τοσοῦτον.
3353 2410 3674 2487 Χρήσιμονςῗ
3702 2409 3752 2461 ἄν

2234 2508 2362 2572 ἴσως
2394 2510 2479 2579 εἴη
2502 2549 2516 2572 ν
2544 2511 2642 2580 τῆς
2672 2508 3066 2579 παρατεθείσης
3094 2509 3232 2578 ἡμῖν
3276 2505 3365 2559 τοῦ
3408 2504 3645 2570 Εὑνομίου
3680 2501 3755 2567 (Si;

2234 2615 2371 2663 σεως
2408 2602 2588 2655 πᾶσαν
2623 2601 2931 2661 ἀκολούθως
2993 2600 3115 2651 ἰδεῖν
3144 2598 3248 2668 τὴν
3279 2597 3524 2656 διάνοιαν,
3566 2592 3644 2642 ἐπὶ
3677 2588 3754 2656 τὴν

2233 2691 2404 2764 ἀρχὴν
2446 2692 2853 2762 ἀναδραμόντας
2899 2683 2991 2742 τοῦ
3053 2689 3239 2755 λόγου.
3285 2687 3362 2740 Τὰ
3414 2686 3516 2756 γὰρ
3560 2681 3640 2733 νῦν
3688 2676 3755 2742 έξο

2235 2783 2553 2845 ετασθέντα,
2572 2784 2660 2836 διὰ
2689 2783 2748 2836 τὸ
2772 2781 3042 2852 προφανὲς
3065 2779 3162 2847 τῆς
3183 2779 3307 2840 τῶν,
3327 2775 3608 2847 εἰρημένων
3628 2773 3756 2823 ἔνανο

2231 2879 2495 2948 τιότητος,
2513 2876 2816 2948 προχείρως
2837 2875 2982 2945 ἡμᾶς
2997 2873 3250 2942 ἐκίνησεν
3272 2876 3336 2925 ὲκ
3353 2870 3456 2924 τῶν
3479 2863 3756 2920 τελευταίων

557 2971 678 3041 ejus
696 2969 880 3027 verbis
907 2967 1394 3023 contradictionem
1424 2964 1662 3020 exordiri
1690 2976 2117 3020 commoverunt.

2232 2971 2330 3039 τῆς
2360 2971 2726 3041 ἀντιρρήσεως
2750 2964 3030 3039 ἄρξασθαι.
3067 2965 3300 3034 Εἴρηται
3334 2962 3502 3016 τοίνυν
3524 2955 3656 3030 παρὰ
3682 2952 3760 3008 τοῦ

557 3064 679 3117 flare
700 3063 866 3131 igitur
881 3061 948 3114 ab
973 3059 1241 3114 Eunomio
1273 3065 1401 3114 sunt
1427 3057 1569 3111 dicta
1597 3077 1611 3111 :
1645 3055 1734 3111 Sic
1755 3057 1917 3127 igitur
1946 3059 2026 3111 his
2047 3060 2128 3110 di-

557 3154 680 3206 visis
703 3155 888 3207 merito
909 3151 1024 3222 quia
1055 3151 1266 3213 dixerit,
1291 3149 1791 3217 principalissimam
1814 3157 1862 3201 et
1899 3149 2125 3216 primaut

555 3253 604 3297 et
639 3244 806 3296 solam
831 3253 950 3296 actu
979 3243 1160 3296 Patris
1209 3242 1574 3296 subsistentem
1619 3243 1897 3295 essentiam
1939 3243 1992 3294 in
2021 3243 2126 3295 sei-

555 3349 703 3404 psam
732 3334 960 3401 recipere
981 3331 1303 3400 genuematis
1341 3330 1454 3382 sive
1484 3328 1747 3396 geniturae
1779 3338 1826 3381 et
1880 3327 2124 3396 factum,

555 3433 604 3475 et
637 3431 894 3476 creatura:
932 3419 1331 3488 appellationes.
1381 3417 1621 3470 Primum
1682 3417 1846 3485 igitur
1881 3429 1975 3470 eos
2033 3417 2124 3485 qui

558 3514 796 3570 sermoni
834 3528 993 3566 aures
1033 3518 1267 3564 attentas
1291 3510 1508 3568 habent,
1538 3508 1695 3561 velint
1723 3507 1777 3561 in
1810 3508 2124 3566 memoriam

559 3607 661 3661 sihi
699 3619 978 3668 revocare,
1027 3602 1170 3672 quod
1209 3601 1445 3655 maxime
1470 3599 1740 3669 propriam
1769 3610 1822 3654 et
1857 3600 2129 3670 principa-

560 3699 824 3753 lissimam
860 3697 1024 3750 etiam
1068 3693 1245 3746 Patris
1287 3693 1578 3746 essentiam
1625 3693 1678 3744 in
1728 3691 1898 3760 prima
1923 3693 2126 3761 scripta

556 3787 803 3839 oratione
829 3794 1108 3848 autumat;
1147 3798 1239 3852 per
1264 3783 1379 3835 haec
1403 3782 1564 3834 verba
1642 3793 1946 3857 sermonem
2000 3803 2122 3856 pm-

565 3871 802 3934 ducens;
856 3871 1000 3942 quod
1037 3875 1215 3930 outnis
1309 3872 1610 3926 secundum
1655 3879 1840 3925 nostra
1874 3872 2125 3940 dogmata

557 3964 860 4031 completur
923 3975 1102 4014 sermo
1134 3976 1199 4013 ex
1251 3973 1504 4029 suprema
1557 3967 1610 4013 et
1667 3959 2126 4028 principalissima

555 4051 816 4107 essentia.
873 4051 938 4105 Et
970 4052 1058 4105 hie
1112 4051 1628 4120 principalissimam
1662 4051 1794 4105 dicit
1817 4064 1870 4106 et
1895 4053 2126 4120 primam

558 4142 831 4212 Unigeniti
858 4143 1173 4198 essentiam.
1189 4142 1369 4209 Quare
1383 4143 1451 4198 ah
1475 4155 1703 4212 utroque
1726 4145 1862 4198 libro
1880 4143 2127 4199 Eunomii

555 4249 722 4288 voces
763 4240 1154 4304 componentes
1198 4234 1344 4287 hunc
1374 4235 1551 4303 ipsum
1587 4242 1779 4288 testem
1820 4236 2128 4290 communis

2231 3059 2494 3129 Εὐνομίου
2524 3057 2695 3111 ταῦτα
2717 3055 2732 3073 ⁸
2753 3056 2915 3109 Οὕτω
2941 3052 3008 3106 δὲ
3039 3054 3270 3106 τούτων
3301 3049 3664 3120 διῃρημένων,
3689 3046 3757 3097 et-

2228 3153 2414 3216 κότως
2448 3150 2592 3217 φαιή
2619 3165 2709 3212 τις
2751 3145 2829 3199 ἂν
2858 3145 2971 3213 τὴν
3013 3144 3394 3212 κυριωτάτην
3430 3141 3519 3196 καί
3557 3135 3759 3206 πρώτην

2226 3241 2321 3293 καὶ
2346 3241 2548 3309 μόνην
2585 3238 2851 3307 ἐνεργείᾳ
2897 3236 3002 3289 τοῦ
3042 3235 3279 3302 Πατρός
3309 3231 3646 3288 ὐποστᾶσιιν
3674 3228 3756 3280 οὐο

2225 3331 2390 3392 σίίιν,
2433 3331 2521 3395 εὶς
2555 3327 2780 3394 ἑαυτὴν
2821 3325 3104 3394 δέχεσθαι
3135 3325 3251 3389 τὰς
3296 3323 3399 3376 τοῦ
3436 3321 3758 3392 γεννήματος

2226 3423 2320 3476 καί
2350 3421 2677 3489 ποιήματος
2706 3420 2800 3472 καὶ
2830 3419 3153 3487 κτίσματος
3186 3416 3598 3485 προσηγορίας.
3627 3411 3759 3483 Πρῶ-

2223 3530 2314 3566 τον
2350 3513 2528 3565 τοίνυν
2557 3508 2968 3580 ὑπομνησθῆναι
3003 3508 3129 3571 τοὺς
3157 3507 3242 3578 τῷ
3275 3509 3412 3575 λόγῳ
3441 3505 3759 3578 προσέχοντας

2228 3604 2506 3674 βούλομαι,
2536 3603 2615 3655 ὅτι
2650 3603 2992 3672 κυριωτάτην
3029 3596 3168 3652 εἶναι
3206 3602 3303 3654 καὶ
3333 3601 3429 3670 τὴν
3458 3597 3546 3651 τού
3580 3594 3758 3664 Πατρὸς

2224 3696 2428 3757 οὐσίαν,
2470 3697 2526 3747 ὲν
2554 3697 2618 3765 τῇ
2665 3693 2853 3764 πρώτῃ
2901 3693 3242 3764 λογογραφίᾳ
3289 3691 3449 3762 φησί·
3481 3689 3562 3742 διὰ
3587 3687 3758 3740 τούτων

2225 3785 2550 3856 προαγαγὼν
2591 3785 2696 3837 τῶν
2746 3785 3003 3855 ῥημάτων
3032 3785 3120 3836 τὸν
3166 3783 3348 3852 λόγον,
3381 3785 3460 3837 ὅτι
3492 3782 3592 3844 πᾶς
3620 3781 3645 3832 ὁ
3671 3777 3760 3829 τῶν

2225 3877 2346 3928 καθ’
2396 3877 2542 3945 ἡμᾶς
2590 3875 2875 3946 δογμάτων
2927 3873 3346 3944 συμπληροῦται
3393 3873 3541 3940 λόγος
3581 3871 3638 3922 ἐκ
3679 3865 3760 3934 τῆς

2225 3967 2485 4019 ἀνωτάτω
2532 3966 2622 4018 καὶ
2669 3967 3012 4035 κυριωτάτης
3043 3966 3254 4030 οὐσίας.
3301 3967 3410 4020 Καὶ
3442 3962 3654 4017 ἐνταῦθα
3680 3975 3759 4011 κυ-

2230 4056 2497 4124 ριωτάτην
2540 4057 2685 4124 λέγει
2729 4057 2822 4108 καὶ
2853 4055 3073 4126 πρώτην
3100 4055 3196 4108 τοῦ
3239 4055 3569 4124 Μονογενοῦς
3591 4050 3674 4121 τὴν
3692 4047 3760 4100 0'3-

2228 4145 2367 4197 σίαν.
2415 4130 2624 4198 Οὐκοῦν
2669 4145 2952 4208 συνθέντες
2989 4145 3093 4213 ἀφ’
3140 4145 3406 4216 ἑκατέρου
3453 4141 3644 4214 βιϐλίου
3680 4136 3760 4196 τὰς

2226 4235 2488 4304 Εὐνομίου
2523 4233 2723 4302 φωνὰς,
2760 4235 2921 4286 αὐτὸν
2953 4233 3141 4288 τοῦτον
3168 4232 3623 4306 παραστησόμεθα
3645 4227 3759 4298 μάρο

555 4325 804 4380 essentiat
837 4325 1151 4389 citahimus,
1177 4325 1270 4394 qui
1289 4325 1419 4378 alibi
1447 4326 1554 4379 tale
1575 4326 1832 4394 quiddam
1860 4328 2081 4395 protulit
2107 4345 2117 4381 :

2229 4342 2368 4396 τυρα
2411 4324 2504 4377 τοῦ
2559 4324 2739 4377 κοινοῦ
2783 4324 2884 4394 τῆς
2939 4324 3126 4387 οὐσίας
3164 4326 3258 4378 τὸν
3316 4324 3537 4394 ἑτέρωθί
3579 4337 3671 4374 που
3712 4315 3763 4368 τδ

555 4415 700 4485 quod
711 4430 941 4484 quorum
955 4415 1153 4470 eaedem
1167 4413 1977 4484 appellationes,ltorttmnatura
1995 4414 2117 4468 null:

2226 4417 2463 4468 τοιοῦτον
2516 4416 2934 4485 ἀποφηνάμενον
2981 4433 2994 4446 '

557 4507 612 4561 in
625 4521 686 4561 re
699 4505 1020 4562 dili‘ert.Non
1035 4507 1178 4561 enim
1194 4520 1315 4575 quaa
1327 4513 1518 4558 natura
1533 4507 1737 4560 distant
1750 4507 1938 4562 iisdem
1952 4510 2127 4576 appel-

555 4597 850 4652 lationibus
867 4599 1252 4666 significasset,
1289 4597 1380 4665 qui
1399 4596 1500 4650 sibi
1521 4597 1622 4665 ipsi
1643 4595 1971 4666 pugnat.Sed
1992 4613 2126 4666 quo-

553 4688 700 4742 niam
723 4703 829 4740 una
862 4689 914 4740 in
933 4686 1092 4741 Patre
1111 4696 1164 4740 et
1186 4685 1583 4742 Filioessentize
1603 4688 1762 4748 ratio,
1781 4688 1850 4740 ob
1872 4687 1923 4740 id
1947 4689 2124 4740 omni-

554 4783 627 4834 no
647 4779 1161 4849 principalissimam
1182 4777 1398 4847 quidem
1422 4777 1590 4840 illam,
1613 4777 2122 4847 principalissimam

552 4885 682 4926 vero
707 4880 762 4925 et
789 4871 928 4924 hanc
962 4884 1084 4924 esse
1118 4870 1212 4922 ait.
1245 4868 1382 4922 Huic
1415 4871 1576 4924 etiam
1618 4871 1812 4923 rationi
1844 4869 2121 4924 hominum

551 4961 893 5019 consuetudo
925 4961 1307 5030 adstipulatur,
1325 4977 1444 5030 qua;
1469 4961 1602 5014 nulli
1637 4961 1778 5030 quod
1809 4970 1894 5014 est
1921 4963 2126 5030 princi-

551 5053 894 5122 palissimum
926 5051 1183 5122 applicat,
1217 5051 1303 5105 cui
1334 5066 1526 5105 nomen
1552 5065 1658 5105 non
1689 5067 1814 5106 vere
1841 5063 1895 5105 ct
1929 5068 2125 5106 secun-

550 5143 678 5196 dum
700 5151 949 5197 naturam
968 5147 1259 5210 competat.
1277 5138 1592 5214 Cuiusmodi
1609 5156 1674 5193 ex
1692 5140 1865 5194 abusu
1887 5140 2121 5210 quodam

551 5237 903 5291 simulacrum
929 5233 1146 5304 aliquod
1199 5230 1471 5286 hominem
1494 5229 1748 5286 dicimus.
1774 5231 1876 5286 Sed
1909 5233 2123 5300 proprie

551 5334 606 5379 et
631 5327 1004 5396 principaliter
1037 5325 1140 5378 hac
1170 5339 1300 5379 voce
1333 5323 1678 5377 nominamus
1716 5322 1945 5381 attimal.
1979 5323 2121 5392 quod

552 5414 608 5467 in
643 5425 835 5470 natura
877 5416 1309 5486 demonstratur;
1337 5422 1390 5468 et
1424 5412 1590 5470 Deum
1627 5414 1874 5467 similiter
1919 5413 2122 5467 idolum

549 5504 818 5560 interdum
840 5515 894 5560 et
918 5507 1267 5569 daemonium,
1297 5514 1350 5561 et
1376 5513 1618 5560 ventrem
1649 5506 1798 5559 norit
1829 5503 2125 5574 Scriptum

546 5608 730 5652 sermo
758 5595 1047 5665 appellare.
1068 5595 1174 5651 Sed
1193 5597 1303 5650 haec
1329 5605 1508 5650 tamen
1533 5596 1674 5665 quod
1699 5595 1862 5666 hujus
1885 5597 2123 5652 nominis

3043 4417 3124 4470 ὅτι
3178 4409 3254 4469 ὧν
3304 4419 3360 4469 αί
3417 4414 3572 4469 αὐταὶ
3625 4424 3763 4480 apo:-

2226 4507 2446 4577 ηγορίαι
2473 4547 2487 4571 ,
2519 4506 2721 4558 τούτων
2747 4506 2900 4559 οὐδὲν
2935 4508 2968 4576 ἡ
2996 4505 3155 4574 φύσις
3175 4506 3450 4578 διάφορος.
3487 4506 3557 4558 Οὐ
3583 4501 3679 4572 γὰρ
3709 4497 3762 4550 ἂν

2226 4595 2487 4648 διεστῶτα
2514 4598 2579 4666 τῇ
2630 4595 2787 4664 φύσει
2835 4599 2902 4666 τῇ
2940 4599 3224 4668 ταυτότητι
3252 4599 3364 4651 τῶν
3420 4589 3762 4666 προσηγοριῶν

2227 4685 2572 4756 διεσήμαινεν
2598 4727 2611 4747 ,
2668 4688 2696 4738 ὁ
2756 4688 2931 4759 ἑαυτῷ
2995 4691 3319 4761 μαχόμενος.
3393 4689 3527 4742 Ἀλλ’
3601 4681 3759 4749 ἐπειδὴ

2227 4773 2306 4841 εἷς
2331 4782 2386 4832 ἐν
2419 4781 2592 4850 Πατρὶ
2625 4780 2718 4833 καὶ
2751 4780 2863 4850 Υίῷ
2895 4783 2923 4833 ὁ
2949 4782 3047 4851 τῆς
3082 4783 3267 4846 οὐσίας
3317 4783 3495 4850 λόγος,
3522 4779 3602 4832 διὰ
3629 4774 3760 4827 τοῦτο

2228 4871 2444 4933 παντως
2478 4872 2822 4941 κυριωτάτην
2857 4873 2954 4942 μὲν
2981 4873 3213 4945 ἐκείνην,
3242 4874 3579 4944 κυριωτάτην
3606 4869 3656 4923 δὲ
3683 4865 3760 4919 καὶ

2226 4961 2428 5030 ταύτην
2459 4957 2596 5014 εἷναί
2629 4979 2779 5031 φησι.
2813 4964 3093 5036 Μαρτυρεῖ
3119 4963 3174 5017 δὲ
3208 4963 3284 5034 τῷ
3317 4965 3456 5030 λόγῳ
3497 4962 3582 5014 καὶ
3616 4955 3757 5028 ἡτῶν

2227 5053 2526 5123 ἀνθρώπων
2566 5048 2838 5125 συνήθεια,
2873 5057 3059 5126 μηδενὶ
3100 5056 3160 5109 τὸ
3186 5054 3515 5126 κυριώτατον
3547 5046 3756 5121 ἐφαρμόο

2227 5145 2414 5206 ζουσα.
2441 5138 2486 5212 ᾧ
2514 5145 2586 5216 μὴ
2621 5145 3037 5215 συναληθεύεται
3080 5151 3146 5217 τῇ
3177 5147 3331 5216 φύσει
3357 5147 3416 5199 τὸ
3439 5147 3614 5213 ὄνομα.
3651 5133 3752 5192 οἷον

2225 5235 2508 5307 ἄνθρωπον
2561 5239 2624 5290 ὲκ
2669 5239 3056 5307 καταχρήσεως
3111 5239 3171 5291 τὸ
3227 5237 3475 5307 ὁμοίωμα
3521 5233 3751 5300 λέγομεν

2227 5327 2360 5380 ἀλλὰ
2407 5328 2610 5398 κυρέως
2670 5331 2736 5398 τῇ
2790 5332 2938 5398 φωνῇ
2998 5328 3168 5400 ταύτῃ
3223 5325 3643 5397 κατονομαζομεν
3699 5316 3748 5369 τὸ

2226 5415 2362 5479 ζῶον
2396 5415 2457 5468 τὸ
2490 5417 2546 5469 ἐν
2573 5418 2637 5485 τῇ
2667 5416 2825 5483 φύσει
2851 5416 3210 5488 δεικνύμενον.
3235 5417 3342 5468 Καὶ
3368 5415 3496 5468 Θεὸν
3519 5408 3745 5467 ὡσαύτως

2225 5505 2440 5559 εἴδωλον
2477 5507 2602 5558 ὅταν
2637 5507 2728 5559 καὶ
2760 5507 3049 5577 δαιμόνιον,
3097 5510 3188 5563 καὶ
3221 5507 3418 5562 κοιλίαν
3448 5502 3578 5559 οἶδεν
3610 5501 3638 5552 6
3661 5496 3744 5563 τῆς

2226 5597 2442 5667 Γραφῆς
2475 5596 2624 5666 λόγος
2657 5600 3080 5668 προσαγορεύειν
3101 5616 3114 5629 ο
3147 5599 3264 5653 ἀλλ’
3309 5598 3425 5666 οὐχὶ
3468 5595 3558 5648 καὶ
3591 5591 3643 5644 τδλ
3671 5583 3748 5638 tui-
