3992 6210
268 266 377 319 ων

1370 272 1650 331 CONTRA
1686 274 2074 344 EUNOMIUM,
2116 276 2243 334 LIB.
2287 278 2376 335 IV.

3434 296 3541 354 650

271 393 395 440 ριον
426 375 540 448 ἔχει
575 377 667 431 καὶ
691 377 761 432 τὰ
791 379 926 435 ἀλλα
952 382 1128 438 πάντα
1162 385 1303 440 κατά
1329 387 1418 442 τὸν
1446 389 1608 443 αὐτὸν
1635 391 1851 462 τρόπον.

1965 393 2240 463 proprium
2286 401 2370 450 est
2408 408 2515 451 non
2562 394 2762 455 habent
2794 405 2849 455 et
2885 400 3094 474 reliqua
3119 404 3451 475 huiusmodi.
3480 411 3537 468 ιιι

274 468 623 542 Βεόρωκὲναι
665 488 749 536 τις
793 474 933 528 κατά
970 474 1069 547 τὴν
1097 476 1347 534 ἐνύπνιον
1380 481 1675 550 φαντασίαν
1704 480 1859 550 λέγε-

269 579 365 617 ται
386 578 400 593 ’
438 561 556 616 ἀλλ’
587 560 689 616 οὐκ
715 562 832 616 ἐστι
860 564 1057 636 κυρίαν
1083 564 1291 640 βρῶσιν
1312 571 1412 642 τὴν
1441 569 1740 640 φαντασίαν
1784 572 1863 626 εί·-

273 655 417 709 πεῖν.
466 652 682 726 Ὠσπερ
729 655 909 710 τοίνυν
954 658 1153 731 ἐπίσης
1196 659 1289 714 δύο
1332 661 1498 716 τινῶν
1558 660 1861 735 ἀνθρώπων

272 746 415 801 κατά
449 746 611 817 φύσιν
641 748 1046 820 ὑφεστηκότων,
1074 752 1331 823 ἑκάτερον
1357 752 1537 807 αὐτῶν
1565 752 1768 824 κυρίως
1793 756 1859 825 τῇ

271 840 427 909 φωνῇ
457 838 939 912 προσαγορεύομεν
965 840 1061 896 τοῦ
1088 841 1398 916 ἀνθρώπου,
1445 845 1571 901 είδὲ
1599 848 1698 919 τὴν
1721 847 1860 918 ἄψυ-

270 929 366 999 χόν
415 946 503 993 τις
551 930 736 984 εἰκόνα
773 930 910 1001 πρὸς
953 932 1047 987 τὸν
1094 935 1238 990 κατὰ
1286 935 1543 1008 ἀλήθειαν
1579 939 1861 1012 ἄνθρωπον

274 1018 493 1083 συνθεὶς
535 1020 914 1093 ἀριθμήσειεν,
947 1022 1040 1077 δύο
1069 1025 1169 1096 μὲν
1200 1025 1266 1080 ἂν
1298 1026 1467 1093 εἴποι,
1500 1029 1594 1084 τόν
1626 1047 1686 1085 τε
1729 1031 1862 1105 ἀλη-

274 1110 385 1174 θῶς
398 1109 529 1164 ὄντα
547 1112 642 1166 καὶ
671 1111 733 1167 τὸ
769 1114 1045 1186 ὁμοίωμα,
1076 1117 1258 1172 οὐκέτι
1277 1118 1322 1172 δ’
1356 1119 1423 1174 ἀν
1456 1122 1553 1175 καὶ
1583 1122 1645 1176 τὸ
1675 1123 1863 1198 κύριον

276 1202 609 1272 ἀμφοτέροις
644 1207 1211 1278 προσμαρτυρήσειεν·
1254 1208 1428 1275 οὕτως
1461 1211 1620 1287 εἴπερ
1657 1214 1784 1288 ἀλλο
1808 1234 1861 1271 τι

254 1290 439 1362 ’παρά
466 1289 560 1362 τὴν
584 1291 679 1344 τοῦ
701 1294 915 1365 Πατρός
942 1296 1132 1350 οὐσίαν
1162 1299 1196 1370 ἡ
1228 1298 1320 1353 τοῦ
1337 1300 1673 1369 Μονογενοῢς
1702 1305 1864 1374 φύσις

274 1382 577 1462 ὑπενοεῖτο,
595 1384 696 1436 οὐκ
712 1382 778 1437 ἂν
795 1386 1142 1460 κυριωτάτην
1179 1389 1448 1463 ἑκατέραν
1467 1393 1576 1448 τῶν
1599 1395 1796 1451 οὐσιῶν
1832 1400 1862 1452 ὁ

275 1471 619 1545 λογογράφος
640 1474 914 1548 ὠνόμασε.
947 1479 1073 1545 Πῶς
1098 1480 1207 1554 γὰρ
1236 1482 1302 1538 ἀν
1331 1501 1416 1549 τις
1436 1486 1504 1540 τά
1532 1486 1857 1562 διαφέροντα

274 1568 341 1636 τῇ
359 1565 545 1634 φύσει,
568 1570 631 1639 τῇ
664 1570 950 1642 ταυτότητι
965 1572 1074 1625 τῶν
1089 1573 1367 1646 ὀνομάτων
1385 1579 1705 1651 σημάνειεν;
1724 1583 1861 1638 Ἀλλ’

276 1656 460 1711 ἔοικεν
511 1659 548 1731 ἠ
594 1659 822 1732 ἀλήθεια
866 1662 960 1716 καὶ
1004 1663 1094 1718 διὰ
1139 1665 1248 1721 τῶν
1298 1668 1679 1741 πολεμούντων
1723 1675 1860 1748 αὐτῇ

274 1748 673 1821 φανεροῦσθαι,
710 1752 786 1824 μὴ
839 1753 1139 1826 δυναμένου
1172 1757 1426 1826 καθάπαξ
1473 1763 1609 1835 μηδὲ
1638 1765 1697 1819 ὲν
1746 1771 1866 1832 ταῖς

274 1839 387 1893 τῶν
441 1840 657 1913 ἐχθρῶν
705 1846 913 1913 φωναῖς
959 1847 1312 1921 ὐπερισχύειν
1353 1853 1452 1926 τῆς
1485 1854 1738 1928 ἀληθείας
1770 1858 1866 1913 τοῦ

272 1932 532 2002 ψεύδους.
593 1932 693 1988 Διὰ
735 1936 895 1991 τοῦτο
926 1937 1004 2010 τῷ
1046 1941 1274 2013 στόματι
1320 1944 1429 2000 τῶν
1476 1947 1867 2022 ἀντικειμένων

274 2025 371 2115 καὶ
415 2024 494 2097 μὴ
538 2026 757 2081 εἰδότων
793 2026 831 2083 ἀ
871 2030 1118 2100 λέγουσιν
1154 2036 1183 2089 ό
1215 2035 1316 2103 τῆς
1352 2038 1634 2106 εὐσεϐείας
1658 2042 1867 2115 ἀνακη-

274 2114 542 2186 ρύσσεται
593 2114 786 2187 λόγος·
839 2121 1092 2197 καθάπερ
1144 2126 1239 2180 καὶ
1278 2127 1371 2181 ἐπὶ
1411 2129 1506 2184 τοῦ
1558 2130 1778 2205 Καῖάφα
1808 2114 1871 2190 τὸ

275 2208 552 2279 σωτήριον
596 2208 739 2281 ὑπὲρ
782 2210 941 2283 ἡμῶν
991 2213 1087 2267 τοῦ
1137 2217 1343 2287 Κυρίου
1403 2220 1574 2286 πάθος
1626 2226 1868 2297 προηγό-

277 2317 466 2372 ρευτο,
516 2300 619 2354 οὐκ
665 2303 865 2369 εἰδότος
910 2305 938 2359 δ
987 2304 1157 2376 λέγει.
1209 2309 1418 2365 υύκοῦν
1469 2312 1520 2366 εί
1572 2315 1749 2369 κοινὸν
1781 2319 1867 2371 ἐπ’

278 2392 614 2464 ἀμφοτέρων
641 2396 741 2465 τῆς
785 2396 973 2460 οὐσίας
1017 2397 1079 2452 τὸ
1115 2398 1470 2472 κυριώτατον,
1514 2404 1609 2463 τοῦ
1656 2406 1870 2476 Πατρὸς

278 2482 425 2551 λέγω
455 2484 553 2537 καὶ
575 2482 670 2537 τοῦ
701 2485 832 2539 Υἱοῦ
853 2503 867 2518 α
903 2487 1024 2543 τίνα
1052 2487 1236 2562 χώραν
1258 2491 1373 2563 ἔχει
1397 2492 1458 2547 τὸ
1488 2494 1870 2567 παρηλλάχθαι

278 2574 377 2633 τὰς
422 2571 619 2637 οὐσίας
671 2573 916 2647 ἀλλήλων
958 2577 1177 2647 λέγεινς
1227 2581 1300 2634 Ἦ
1346 2580 1463 2647 πῶς
1513 2583 1573 2638 ἐν
1616 2583 1808 2649 αὐταῖς
1834 2587 1870 2655 ἡ

278 2664 419 2735 πρὸς
448 2663 512 2717 τὸ
538 2664 903 2738 δυνατώτερόν
932 2685 990 2721 τε
1014 2670 1109 2724 καὶ
1139 2669 1322 2742 μεῖξον
1347 2673 1441 2728 καὶ
1479 2675 1871 2747 προτιμότερον

278 2753 631 2826 ἑνθεωρεῖται
675 2754 928 2828 διαφορὰ,
975 2757 1076 2829 τῆς
1118 2761 1460 2833 κυριωτάτης
1501 2763 1689 2829 οὐσίας
1717 2764 1869 2818 οὐδε-

281 2845 416 2914 μίαν
453 2845 1263 2921 παραδεχομένηςὲλάττωσιν;
1315 2853 1389 2906 Τὸ
1420 2854 1529 2928 γὰρ
1557 2854 1762 2922 ἀτελῶς
1786 2855 1868 2925 ὃν,

277 2935 479 3007 ὅτιπερ
525 2935 592 2990 ἂν
634 2932 690 3012 ᾗ,
727 2938 933 3008 κυρίως
962 2940 1063 2994 οὐκ
1091 2941 1256 3008 ἔστιν,
1293 2943 1353 2996 οὐ
1385 2944 1568 3013 φύσις,
1612 2946 1674 3001 οὐ
1706 2946 1870 3002 δύνα-

1942 482 2172 539 somnis
2220 483 2441 555 quidam
2488 485 2669 543 edisse
2711 504 2809 559 per
2857 491 3120 550 visionem
3159 496 3394 564 dicitur,
3438 505 3533 559 sed

1963 571 2229 629 visionem
2306 575 2422 631 sive
2482 575 2926 648 imaginationem
2990 598 3103 641 non
3169 586 3297 643 licet
3357 589 3541 649 dicere

1959 665 2237 736 propriam
2302 680 2509 723 escam.
2566 666 3039 736 Quemadmodum
3098 676 3271 748 igitur
3323 680 3541 741 duobus

1962 773 2118 828 mque
2147 757 2464 816 hominibus
2491 761 2793 817 secundum
2834 772 3088 822 naturam
3118 770 3538 840 exsistentibus,

1961 855 2259 919 utrumque
2292 849 2537 920 ipsorum
2580 851 2803 923 proprie
2837 853 2941 910 hac
2961 869 3095 913 voce
3138 857 3415 917 hominem
3446 879 3542 935 ap-

1963 939 2253 1010 pellamus,
2311 942 2451 1009 quod
2486 941 2535 998 si
2579 942 2881 1000 inanimam
2922 947 3050 1017 quis
3096 948 3385 1022 imaginem
3415 969 3541 1011 cum
3587 940 3608 958 ’

1964 1031 2184 1087 homine
2228 1032 2532 1089 secundum
2564 1034 2862 1092 veritatem
2905 1052 3244 1111 componens
3288 1058 3545 1101 numera-

1962 1120 2123 1188 verit,
2154 1119 2294 1178 duos
2322 1123 2544 1193 quidem
2577 1123 2799 1193 dixerit,
2837 1134 2891 1182 et
2913 1141 3039 1183 eum
3071 1130 3166 1200 qui
3194 1147 3322 1187 vere
3349 1142 3454 1199 est,
3489 1145 3545 1192 et

1961 1225 2062 1281 per
2095 1210 2515 1269 similitudinem
2545 1214 2787 1282 dicitur;
2836 1217 2942 1272 sed.
2962 1234 3071 1273 non
3110 1222 3344 1292 amplius
3371 1225 3542 1282 utris-

1962 1316 2071 1371 que
2101 1303 2249 1373 quod
2278 1302 2446 1374 hujus
2465 1305 2706 1362 nominis
2733 1314 2818 1363 est
2853 1308 3132 1380 proprium
3160 1314 3542 1385 assignaverit:

1978 1393 2058 1449 sic
2108 1394 2156 1451 si
2191 1396 2323 1466 quid
2371 1397 2521 1453 aliud
2575 1408 2630 1455 et
2677 1400 2956 1458 diversum
3006 1417 3036 1457 a
3067 1404 3251 1463 Patris
3292 1410 3541 1464 essentia

1966 1483 2239 1557 Unigeniti
2276 1497 2474 1544 natura
2507 1498 2689 1547 mente
2716 1492 3120 1563 conciperetur,
3161 1510 3273 1551 non
3312 1500 3543 1569 amplius

1965 1576 2203 1632 maxime
2235 1578 2510 1649 propriam
2545 1586 2839 1652 utramque
2865 1583 3160 1639 essentiam
3193 1585 3281 1641 hic
3306 1588 3548 1658 scriptor

1899 1697 1945 1758 Β
1970 1665 2331 1722 nominasset.
2368 1665 2657 1734 Quomodo
2681 1671 2827 1725 enim
2868 1672 2995 1742 quis
3024 1689 3148 1744 qua:
3200 1684 3399 1732 natura
3438 1677 3544 1738 dif—

1970 1753 2154 1811 ferunt
2197 1755 2389 1814 iisdem
2434 1759 2751 1815 nominibus
2790 1761 3163 1832 significaret?
3201 1764 3307 1821 Sed
3342 1768 3544 1825 veritas

1968 1848 2131 1903 etiam
2169 1862 2267 1918 per
2311 1863 2407 1905 eos
2450 1850 2544 1920 qui
2593 1851 2767 1921 ipsam
2816 1852 2962 1908 bello
3016 1854 3297 1911 lacessunt
3328 1859 3547 1915 videtur

1969 1939 2332 2006 manifestari,
2379 1942 2509 2011 quia
2546 1956 2654 1997 non
2686 1949 2868 2013 potest
2901 1945 3128 2000 omnino
3152 1961 3333 2016 neque
3374 1948 3541 2004 etiam

1971 2030 2026 2085 in
2058 2030 2407 2088 inimicorum
2448 2033 2681 2090 vocibus
2724 2034 2939 2089 veritati
2985 2037 3281 2106 praevaiere
3320 2038 3546 2095 menda-

1969 2119 2136 2175 cium.
2191 2118 2403 2178 Idcirco
2441 2122 2883 2179 adversariorum
2917 2139 3015 2182 ore
3056 2141 3179 2197 quae
3209 2127 3402 2184 dicunt
3449 2145 3545 2186 nco

1970 2212 2259 2269 scientium
2302 2214 2523 2285 pietatis
2576 2229 2758 2272 sermo
2799 2217 3169 2287 przedicatur:
3197 2220 3547 2290 quemadmo-

1969 2302 2098 2358 dum
2130 2302 2185 2358 in
2221 2302 2433 2374 Caipha
2476 2303 2741 2362 salutaris
2775 2320 2875 2377 pro
2908 2307 3071 2364 nobis
3117 2307 3332 2365 Domini
3363 2312 3545 2381 passio

1972 2395 2456 2464 praenuntiabatur,
2497 2396 2777 2453 nesciente
2809 2397 2938 2468 quid
2969 2397 3177 2454 diceret
3198 2399 3271 2452 ".
3306 2399 3449 2473 Ergo
3499 2404 3544 2456 si

1970 2496 2265 2539 commune
2292 2491 2379 2539 est
2415 2483 2472 2539 in
2500 2484 2775 2556 utrisque,
2800 2486 2950 2556 quod
2986 2489 3241 2544 essentia:
3268 2500 3354 2546 est
3391 2490 3545 2560 prin-

1972 2574 2394 2645 cipalissimum,
2430 2573 2594 2632 Patre
2636 2575 2763 2632 dico
2806 2584 2863 2632 et
2909 2578 3092 2633 Filio:
3121 2594 3284 2648 quam
3317 2594 3545 2635 causam

1971 2664 2136 2720 habet
2162 2667 2433 2723 essentias
2472 2681 2505 2722 a
2539 2681 2599 2723 se
2634 2667 2867 2723 invicem
2903 2669 3210 2738 disiunctas
3235 2680 3289 2725 et
3326 2686 3550 2742 separa-

1972 2760 2057 2808 tas
2076 2768 2199 2810 esse
2226 2754 2482 2810 dicendi?
2512 2754 2594 2811 vel
2620 2756 2897 2826 quomodo
2923 2756 2978 2811 in
3003 2757 3137 2826 ipsis
3160 2773 3285 2814 cum
3308 2774 3375 2815 eo
3398 2760 3543 2830 quod

1974 2845 2249 2916 potentius
2291 2852 2346 2901 et
2380 2846 2560 2917 majus
2589 2853 2644 2901 et
2688 2846 3054 2916 praestabilius
3096 2856 3200 2914 est,
3255 2847 3551 2920 inspicitur

1973 2934 2314 3001 diﬂerentia,
2366 2951 2490 2991 cum
2535 2936 3001 3007 priueipalissima
3044 2939 3285 2996 essentia
3337 2942 3545 2996 nullam

283 3044 400 3098 μις,
433 3028 537 3081 οὐκ
567 3028 805 3098 ἀξίωμα,
836 3029 934 3083 οὐκ
956 3030 1084 3087 ἀλλο
1116 3049 1168 3086 τι
1192 3032 1301 3086 τῶν
1327 3033 1449 3088 καθ’
1478 3035 1709 3091 ἕκαστον
1737 3037 1865 3094 θεω-

1973 3026 2412 3083 imminutionem
2465 3027 2759 3084 admittat?
2817 3027 2973 3097 Quod
3021 3030 3170 3086 enim
3226 3031 3548 3103 imperfecte

283 3119 573 3191 ρουμένων
619 3120 804 3174 οὐδέν⁸
863 3120 1005 3177 ὥστε
1047 3124 1081 3195 ἡ
1128 3123 1249 3179 κατ’
1283 3125 1470 3180 οὐσίαν
1519 3128 1613 3182 τοῦ
1655 3130 1870 3202 Πατρὸς

279 3211 555 3284 ὑπεροχὴ,
586 3212 771 3278 καθὼς
817 3215 851 3287 ἡ
885 3215 1095 3285 αἵρεσις
1144 3214 1409 3285 βούλεται,
1459 3216 1522 3271 τὸ
1558 3217 1744 3284 ἀτελὲς
1773 3221 1872 3292 τῆς

277 3305 476 3369 οὐσίας
501 3303 598 3359 τοῦ
635 3305 976 3376 Μονογενοῦς
1015 3305 1299 3377 διελέγχει.
1336 3309 1399 3363 El
1429 3305 1523 3363 οὐν
1556 3309 1773 3382 ἀτελὴς,
1808 3313 1875 3364 οὐ

280 3398 491 3470 κυρία*
548 3397 596 3451 εί
647 3398 705 3451 δὲ
754 3399 1089 3470 κυριωτάτη,
1125 3400 1220 3453 καὶ
1248 3400 1428 3454 τελεία
1483 3401 1720 3466 πάντως.
1771 3402 1873 3456 Τέ-

281 3491 429 3544 λειον
465 3488 576 3560 γὰρ
619 3488 679 3545 τὸ
729 3490 945 3555 ἐλλιπὲς
993 3491 1352 3563 ὀνομάζεσθαι
1404 3492 1566 3564 φύσιν
1608 3494 1709 3549 οὐκ
1739 3494 1869 3565 ἔχει.

1972 3127 2076 3185 εει,
2109 3119 2483 3190 quodcunque
2512 3119 2699 3184 fuerit,
2736 3121 2959 3191 proprie
3006 3137 3119 3177 non
3161 3130 3270 3188 est,
3302 3138 3416 3179 non
3451 3140 3550 3179 na-

1971 3218 2116 3278 tura,
2150 3227 2261 3267 non
2292 3212 2396 3279 vis,
2432 3225 2543 3267 non
2586 3211 2852 3282 dignitas,
2902 3226 3014 3268 non
3065 3213 3217 3269 aliud
3244 3213 3549 3286 quidquam

1970 3318 2160 3361 eorum
2190 3319 2312 3375 quae
2336 3303 2392 3359 in
2432 3316 2766 3375 unoquoque
2798 3311 3137 3374 spectantur.
3171 3303 3249 3361 Ita
3285 3315 3346 3361 ut
3372 3305 3550 3361 Patris

1971 3411 2095 3467 qua:
2119 3405 2205 3453 est
2233 3394 2541 3452 secundum
2580 3394 2878 3452 essentiam
2909 3397 3228 3464 eminentia,
3266 3401 3410 3454 sicut
3436 3396 3550 3452 vult

1974 3488 2219 3553 haeresis,
2253 3486 2626 3559 imperfectam
2674 3486 2948 3556 Unigeniti
2983 3488 3281 3545 essentiam
3331 3496 3549 3558 arguat.

295 3581 444 3635 Ἀλλ’
496 3581 618 3635 οὐδὲ
665 3581 1033 3655 συγκριτικῶς
1060 3584 1616 3656 ἀντιπαρατιθεμένου
1664 3585 1865 3640 τελείου

1974 3577 2032 3634 Si
2057 3580 2219 3651 igitur
2250 3578 2593 3649 imperfecta,
2618 3593 2729 3634 non
2760 3590 2845 3636 est
2871 3579 3196 3650 principalis
3221 3587 3277 3637 ct
3305 3581 3546 3651 propria.

284 3673 431 3744 πρὸς
462 3673 686 3737 τέλειον,
726 3673 988 3746 διαφοράν
1018 3691 1142 3728 τινα
1167 3675 1306 3730 κατὰ
1355 3676 1691 3750 πλεονασμὸν
1718 3678 1751 3749 ἢ
1784 3676 1865 3731 ἔλ-

1975 3671 2033 3728 Si
2072 3682 2250 3728 autem
2280 3671 2741 3743 priueipalissima
2781 3679 2867 3728 est
2933 3680 2989 3728 et
3035 3672 3273 3727 maxime
3301 3673 3547 3743 propria,

279 3761 468 3832 λειψιν
503 3763 792 3835 γινομένην
818 3764 1041 3819 δυνατόν
1079 3767 1226 3821 ἐστιν
1269 3767 1575 3838 ἐπινοῆσαι.
1611 3766 1726 3822 Μία
1764 3767 1865 3840 γὰρ

1972 3763 2137 3817 etiam
2173 3760 2416 3833 perfecta
2453 3760 2699 3817 omnino.
2751 3759 2910 3827 Quod
2952 3759 3099 3816 enim
3146 3759 3333 3815 deficit
3375 3761 3551 3831 perfe—

282 3852 378 3904 ἐπ’
416 3852 644 3922 ἀμφοῖν,
692 3851 884 3925 ῶσπερ
920 3854 1014 3908 ἐπὶ
1056 3854 1299 3921 κανόνος,
1346 3859 1380 3928 ἡ
1431 3857 1723 3928 τελειότης,
1752 3856 1865 3911 οὐτε

1974 3860 2123 3910 ctum
2151 3852 2423 3909 nominari
2455 3859 2655 3908 natura
2683 3867 2792 3906 non
2817 3858 3017 3922 potest.
3049 3849 3158 3905 Sed
3185 3865 3363 3920 neque
3394 3865 3550 3905 com-

283 3941 675 4014 κοιλαινομένη
724 3943 804 4014 τῷ
852 3943 1128 4013 λείποντι,
1183 3945 1309 4001 οὔτε
1371 3947 1733 4019 ἀνωμαλοῦσα
1795 3948 1865 4020 τῷ

1977 3954 2187 4018 parate,
2240 3945 2286 4003 si
2343 3960 2468 4001 cum
2510 3942 2755 4016 perfecto
2807 3941 3113 4013 perfectum
3157 3950 3548 4013 componatur,

283 4034 667 4100 πλεονάζοντι.
722 4036 834 4109 Τὴν
892 4037 993 4108 μὲν
1045 4032 1139 4092 οὖν
1199 4037 1341 4109 ὑπὲρ
1401 4038 1495 4093 τοῦ
1556 4039 1678 4093 καθ’
1729 4041 1865 4111 ἡμᾶς

1978 4038 2339 4095 ἁὶΠειεηιὶεω
2375 4037 2614 4109 aliquam
2664 4052 2761 4109 per
2813 4034 3232 4091 redundantiam
3273 4034 3356 4091 vel
3402 4033 3553 4090 defe-

282 4128 565 4198 δόγματος
594 4127 690 4182 τοῦ
742 4128 1009 4201 Εὐνομίου
1052 4130 1397 4202 συνηγορίαν,
1437 4129 1633 4195 ἱκανῶς
1678 4131 1743 4186 ἐκ
1768 4131 1865 4187 τῶν

1977 4139 2126 4187 ctum
2173 4130 2372 4187 factam
2405 4128 2489 4186 fas
2533 4135 2618 4185 est
2648 4128 2974 4199 intelligere.
3008 4126 3127 4184 Una
3155 4127 3301 4183 enim
3350 4128 3406 4182 in
3438 4140 3555 4180 am-

283 4218 603 4292 εἰρημένων
633 4217 783 4275 ἐστιν
819 4220 976 4275 ἰδεῖν·
1015 4220 1212 4291 μᾶλλον
1238 4221 1297 4274 δὲ
1324 4221 1384 4274 οὐ
1417 4222 1516 4292 τὴν
1548 4221 1690 4294 ὑπὲρ
1717 4223 1865 4294 ἡμῶν

1979 4223 2175 4285 bobus.
2220 4223 2368 4279 sicut
2401 4222 2458 4276 in
2505 4234 2722 4287 norma,
2771 4218 3038 4291 perfectio
3070 4226 3177 4285 est,
3215 4234 3337 4290 quae
3376 4234 3554 4290 neque

285 4309 558 4380 σπουδὴν,
591 4308 728 4363 ἀλλὰ
763 4310 861 4382 τὴν
907 4310 1042 4382 πρὸς
1085 4310 1281 4382 ἑαυτὴν
1314 4311 1513 4389 μάχην.
1560 4312 1637 4364 Δι’
1662 4304 1738 4366 ὧν
1764 4313 1865 4386 γὰρ

1979 4322 2210 4371 cavatur
2257 4313 2375 4370 sive
2423 4319 2691 4367 vacuatur
2745 4317 2972 4382 propter
3017 4310 3315 4377 defectum,
3378 4326 3554 4381 neque

284 4402 348 4454 τὸ
406 4402 679 4473 ἡμέτερον
728 4401 904 4473 δόγμα
961 4404 1073 4465 τοῖς
1128 4401 1277 4466 ἰδίοις
1334 4401 1615 4473 συνίστησι
1669 4402 1865 4471 λόγοις,

1980 4406 2135 4461 rudis
2188 4413 2274 4461 est
2368 4409 2425 4459 et
2489 4402 2776 4474 inzequalis
2833 4411 3054 4474 propter
3109 4400 3553 4457 redundantiam.

285 4492 414 4545 καθ’
447 4492 646 4546 ἑαυτοῦ
672 4493 862 4564 τρέπει
891 4493 959 4547 τὰ
991 4495 1376 4566 μηχανήματα.
1412 4494 1603 4565 Ἡμεῖς
1628 4491 1685 4547 δὲ
1713 4494 1865 4550 πάλιν

1982 4495 2164 4564 Quare
2204 4510 2305 4567 pro
2344 4502 2538 4551 nostro
2593 4493 2849 4566 dogmate
2888 4493 3140 4549 Eunomii
3189 4494 3554 4565 patrocinium

285 4584 403 4645 sei;
434 4582 845 4654 γεγραμμένοις
874 4584 993 4638 κατ’
1024 4584 1193 4655 αὐτὴν
1219 4583 1319 4655 τὴν
1345 4583 1487 4649 λέξιν
1516 4583 1865 4655 ἀκολουθήσο-

1982 4585 2198 4643 abunde
2244 4586 2382 4642 satis
2427 4601 2495 4642 ex
2540 4584 2629 4642 his
2666 4600 2790 4657 qua:
2816 4584 2963 4640 dicta
3011 4592 3141 4640 sunt
3176 4584 3304 4641 licet
3347 4583 3555 4655 perspi-

289 4692 418 4742 μεν,
468 4674 548 4739 ὡς
597 4674 665 4728 ἂν
712 4675 944 4748 φανερὸν
968 4677 1177 4745 γένοιτο
1218 4678 1418 4738 πᾶσιν,
1464 4677 1545 4731 ὅτι
1595 4677 1734 4750 πλὴν
1778 4677 1865 4734 τοῦ

1982 4694 2126 4737 cere.
2151 4677 2264 4735 lino
2286 4693 2419 4735 vero
2444 4692 2554 4733 non
2584 4693 2686 4749 pro
2713 4677 2874 4735 nobis
2916 4675 3183 4741 studium,
3219 4675 3316 4731 sed
3356 4689 3543 4731 secum

288 4764 585 4834 βούλεσθαι
616 4769 962 4843 κακουργεῖν,
992 4767 1246 4838 οὐδεμίαν
1293 4768 1445 4839 ίσχὺν
1486 4769 1621 4841 πρὸς
1650 4769 1749 4843 τὴν
1776 4787 1865 4826 κα·

1982 4770 2296 4828 dissidium.
2350 4768 2454 4826 Per
2496 4784 2618 4840 quae
2660 4767 2808 4823 enim
2868 4774 3120 4823 nostrum
3172 4764 3371 4836 dogma
3434 4762 3553 4820 suis

287 4854 421 4908 κίαν
468 4856 499 4909 δ
545 4858 678 4928 παρ’
710 4840 888 4912 αὐτῶν
917 4840 1072 4927 λόγος
1107 4856 1240 4929 ἔχει.
1536 4840 1543 4841 7
1706 4840 1716 4843 ⁷

1983 4860 2331 4918 commendat
2366 4859 2740 4923 sermonibus,
2786 4856 2842 4912 in
2874 4856 3119 4928 seipsum
3149 4856 3313 4912 vertit
3347 4853 3554 4910 machi-

288 4954 560 5001 namenta
602 4956 658 5004 et
706 4960 881 5006 astus.
914 4948 1027 5008 Nos
1072 4960 1256 5007 autem
1306 4965 1500 5009 rursus
1543 4952 1747 5025 scripta
1802 4955 1871 5011 ad
1910 4956 2137 5012 verbum
2185 4968 2503 5026 sequemur,
2549 4959 2611 5008 ut
2676 4948 3028 5006 manifestum
3095 4960 3150 5006 et
3192 4949 3414 5020 planum
3464 4946 3555 5001 fiat

285 5040 579 5107 omnibus,
627 5042 774 5113 quod
823 5058 1015 5099 eorum
1054 5059 1237 5103 sermo
1289 5045 1499 5101 nullam
1547 5042 1714 5100 habet
1763 5045 1873 5100 vim
1913 5046 2078 5102 aliam
2132 5044 2201 5100 ad
2254 5044 2472 5108 vitium,
2518 5056 2685 5114 quam
2757 5040 3033 5095 malitiose
3079 5046 3135 5095 et
3207 5037 3398 5093 dolose
3453 5053 3553 5092 no-

287 5135 459 5191 cendi
495 5135 853 5191 voluntatem.

373 5226 727 5299 Ἀκούσωμεν
784 5228 965 5284 τοίνυν
1029 5228 1137 5283 τῶν
1209 5229 1535 5303 εἰρημένων.
1611 5229 1865 5296 Είκότως

2054 5227 2359 5283 Audiamus
2387 5222 2553 5295 igitur
2581 5234 2646 5278 ea
2681 5233 2803 5292 quas
2836 5226 2967 5276 sunt
3014 5217 3085 5272 ab
3112 5216 3194 5274 eis
3231 5217 3400 5274 dicta.
3437 5214 3554 5271 He—

283 5322 446 5390 φωή
482 5338 573 5385 τις
601 5319 678 5375 ἂν
710 5318 825 5389 τὴν
859 5321 1227 5391 κυριωτάτην
1254 5321 1352 5376 καί
1383 5319 1622 5391 πρώτην
1651 5320 1749 5375 καί
1772 5320 1865 5391 μό-

1971 5323 2077 5376 rito
2136 5318 2331 5373 dixerit
2372 5314 2567 5385 aliquis
2621 5314 2852 5367 maxime
2902 5314 3173 5379 propriam
3224 5319 3275 5365 et
3323 5314 3554 5381 primum

218 5432 229 5439 -
286 5431 413 5481 νην
435 5413 703 5482 ἐνεργείᾳ
737 5413 845 5467 τοῦ
885 5415 1113 5481 Πατρός
1145 5412 1502 5471 ὑποστᾶσαν
1532 5413 1753 5469 οὐσίαν
1785 5414 1865 5480 είς

1969 5424 2017 5468 et
2030 5411 2197 5466 solam
2223 5420 2343 5463 actu
2366 5406 2547 5462 Patris
2568 5404 2932 5460 subsistentem
2948 5404 3227 5457 essentiam
3244 5402 3314 5457 ad
3329 5403 3553 5472 seipsam

284 5502 528 5571 ἑαυτὴν
574 5501 853 5574 δέχεσθαι
897 5506 1006 5572 τὰς
1047 5505 1154 5560 τοῦ
1196 5505 1567 5577 γεννήματος
1605 5505 1702 5561 καὶ
1742 5520 1865 5560 ποι-

1971 5504 2248 5561 admittcre
2291 5497 2614 5572 gennematis
2674 5496 2790 5551 sive
2823 5493 3086 5565 geniturae
3125 5501 3174 5548 et
3220 5492 3446 5563 factum
3504 5498 3555 5549 et

368 5676 419 5711 "
449 5674 606 5733 Joan.
644 5694 721 5742 si,
748 5678 839 5734 5i.

633 5772 899 5833 ΡΑτιιοι..
933 5771 1050 5833 Gn.
1090 5771 1265 5833 XLV.

3165 5764 3233 5824 ‘2!
