3992 6210
489 260 597 315 65!

1750 261 1808 318 S.
1847 261 2177 323 GREGORII
2213 264 2505 323 NYSSENI

3632 269 3744 323 65‘s

490 388 748 432 creatura:
790 377 1185 448 appellationes.
1231 377 1368 445 Quis
1407 378 1621 449 ignorat
1660 390 1930 440 creaturae
1973 401 2068 440 vo-

2180 386 2396 456 ήματος
2418 385 2519 443 καὶ
2548 385 2874 455 κτίσματος
2906 368 3332 456 προσηγορίας.
3358 384 3455 450 Τίς
3485 386 3584 441 οὑκ
3612 385 3756 445 οἶδεν

492 484 607 522 cem
642 469 696 524 in
732 467 826 522 Dei
862 467 996 522 Filio
1013 468 1213 523 dictam
1247 467 1300 522 id
1327 484 1451 525 esse
1484 471 1629 540 quod
1660 470 1958 527 Ecclesiam
2001 474 2070 528 ab

494 560 687 615 haeresi
722 559 987 627 separet?
1025 559 1391 625 Quamobrem
1418 576 1544 616 cum
1582 562 1654 617 sit
1697 563 1841 632 apud
1871 579 2064 619 omnes

492 659 644 704 certa
700 664 1075 721 concessaque
1125 652 1428 708 secundum
1480 652 1678 725 dogma
1733 654 2066 721 diﬂ‘erentia,

492 757 617 796 eum
649 741 742 814 qui
783 741 1164 799 demonstrare
1210 744 1410 799 nititur
1454 759 1588 800 suas
1627 747 1917 816 opiniones
1964 761 2069 801 no-

494 834 627 890 stris
664 835 931 901 veriores,
976 834 1107 906 quid
1144 850 1307 906 agere
1343 838 1739 907 congruentius
1781 839 1941 895 erat?
1987 839 2072 893 An

395 938 415 954 ⁶
495 928 710 983 scilicet
743 928 1024 998 proprium
1069 943 1384 984 sermonem
1424 928 1720 997 conficere,
1751 945 1817 985 ex
1867 930 1939 985 iis
1984 944 2074 985 ra-

495 1021 740 1076 tionibus
787 1021 989 1091 quibus
1032 1021 1415 1077 demonstrare
1464 1022 1640 1092 possit
1682 1029 1938 1092 oportere
1967 1021 2074 1076 Do-

497 1113 708 1167 minum
765 1113 1086 1168 existimare
1142 1122 1390 1168 creatum
1453 1113 1619 1169 esse?
1672 1126 1744 1167 an
1796 1127 1930 1168 vero
1973 1113 2076 1167 hoc

497 1204 892 1275 praetermisso,
931 1203 1289 1260 audientibus
1327 1204 1661 1274 persuadere
1688 1213 1743 1259 et
1781 1203 2071 1268 afﬁrmare,

495 1296 644 1366 quod
687 1310 751 1351 ea
793 1312 916 1366 quae
948 1296 1118 1352 dubia
1164 1303 1295 1352 sunt
1343 1304 1397 1351 et
1430 1304 1806 1360 controversa,
1848 1295 2073 1351 omnino

496 1394 627 1442 sunt
666 1395 841 1451 certa,
896 1401 1022 1441 vera
1065 1394 1121 1442 et
1165 1386 1469 1443 concessa?
1512 1385 1649 1441 illud
1691 1385 1949 1456 equidem
1996 1384 2076 1438 af-

499 1481 658 1534 tirmo
689 1494 703 1533 :
732 1477 967 1534 fortasse
1002 1490 1185 1534 autem
1229 1478 1393 1532 etiam
1423 1492 1615 1533 omnes
1648 1477 1850 1546 quibus
1874 1486 1960 1531 est
1993 1476 2076 1529 in-

496 1572 838 1642 telligentia,
910 1571 1016 1626 boc
1082 1585 1111 1625 a
1172 1568 1677 1626 contradicentibus
1744 1568 2074 1638 exquirent,

499 1672 561 1718 ut
606 1663 752 1734 quod
796 1662 1206 1718 dissertationis
1258 1660 1592 1732 principium
1644 1667 1751 1724 est,
1793 1658 1849 1714 id
1894 1658 2072 1728 primo

2172 479 2253 533 ὅτι
2281 480 2342 533 τὸ
2366 478 2597 551 χωρίζον
2635 477 2744 533 ἀπὸ
2774 479 2872 550 τῆς
2900 479 3163 548 αἱρέσεως
3189 478 3285 550 τὴν
3330 477 3681 550 Ἐκκλησίαν,
3719 484 3755 553 ἡ

2171 573 2265 626 τοῦ
2314 572 2612 643 κτίσματός
2649 573 2763 625 ἐστι
2816 571 2967 643 φωνὴ
3006 570 3099 624 ἐπὶ
3130 569 3224 624 τοῦ
3277 570 3402 624 Υίοῦ
3447 571 3756 643 λεγομένη;

2172 662 2385 719 Οὐκοῦν
2416 662 2852 734 όμολογουμένης
2904 662 3057 734 παρά
3082 662 3234 715 πᾶσι
3268 661 3368 732 τῆς
3412 660 3553 715 κατά
3582 664 3647 716 τὸ
3671 662 3761 716 δό-

2172 752 2599 825 γμα-διαφορᾶς,
2635 751 2726 805 τὸν
2755 750 3134 822 ἐπιχειροῦντα
3165 749 3427 806 δεικνύειν
3467 751 3576 804 τῶν
3619 752 3762 823 ήμε-

2172 844 2346 915 τέρων
2370 844 2467 907 τὰς
2499 843 2632 907 ίδίας
2660 843 2955 914 ὑπολήψεις
2982 840 3370 913 ἀληθεστέρας,
3405 841 3457 895 τί
3493 841 3761 912 πράττειν

2173 933 2539 1008 εὐλογώτερον
2582 929 2686 1006 ip);
2723 930 3168 996 Κατασκευάζειν
3205 931 3447 1002 δηλονότι
3482 932 3577 985 τὸν
3624 932 3761 986 ἴδιον

2175 1024 2351 1097 λόγον,
2380 1026 2448 1080 δι’
2477 1019 2552 1079 ὧν
2600 1018 2709 1079 οἷόν
2757 1041 2817 1077 τε
2860 1020 2955 1095 ἦν,
2987 1022 3378 1077 ἀποδεικνύντα
3411 1023 3631 1077 κτιστδν
3663 1023 3762 1077 τὸν

2174 1118 2377 1191 Κύριον
2410 1112 2549 1171 εἶναι
2583 1115 2692 1169 δεῖν
2724 1114 2965 1178 οῖεσθαις
2997 1113 3069 1166 ἸΙ
3101 1112 3261 1167 τοῦτο
3292 1114 3555 1183 παρέντα,
3589 1129 3763 1184 νομο-

2176 1208 2350 1262 θετεῖν
2387 1209 2500 1270 τοῖς
2546 1203 2855 1269 ἀκούουσιν,
2907 1205 2981 1269 ὡς
3028 1202 3432 1277 ὁμολογούμενα
3477 1201 3546 1256 τά
3586 1203 3765 1273 ἀμφι-ι

2176 1297 2482 1367 ϐαλλόμενα
2508 1294 2721 1364 λ’έγεινς
2767 1293 2908 1362 Ἐγὼ
2939 1295 3036 1365 μὲν
3081 1293 3256 1347 ἐκεῖνό
3301 1310 3477 1365 φημι·
3508 1293 3654 1364 τάχα
3702 1292 3764 1346 δὲ

2176 1390 2271 1444 καὶ
2321 1389 2524 1451 πάντες
2559 1382 2640 1451 οἷς
2688 1386 2911 1457 μέτεστι
2941 1385 3197 1449 διανοίας,
3246 1384 3404 1438 τοῦτο
3448 1383 3603 1455 παρά
3645 1381 3765 1437 τῶν

2176 1476 2567 1545 ἀντιλεγόντων
2615 1474 3021 1545 ἐπιζητήσουσι,
3053 1474 3115 1527 τὸ
3143 1473 3241 1545 τήν
3271 1474 3443 1545 ἀρχὴν
3468 1473 3560 1527 τοῦ
3594 1473 3762 1541 λόγου

2179 1568 2392 1639 πρῶτον
2433 1568 2525 1621 ἐπί
2560 1583 2704 1630 τινος
2747 1566 3142 1637 ἀναντιρῤήτου
3176 1564 3384 1634 βάσεως
3428 1565 3764 1635 στήσαντας,

2193 1658 2363 1722 δὺτως
2397 1661 2509 1722 τοῖς
2537 1656 2849 1721 ἀκολούθοις
2883 1654 3324 1724 ἐναγωνίζεσθαι.
3358 1655 3549 1709 Οὑτοσὶ
3574 1654 3764 1708 τοίνυν

497 1756 779 1811 stabiliant
837 1770 1004 1825 super
1050 1754 1235 1824 aliqua
1282 1753 1401 1808 basi
1456 1760 1511 1808 et
1564 1751 1922 1808 fundamento
1984 1750 2075 1804 cui

2180 1749 2338 1819 ἀφεὶς
2369 1749 2467 1820 τὴν
2509 1749 2638 1820 περὶ
2686 1747 2781 1801 τοῦ
2828 1746 3026 1819 χρῆναι
3077 1744 3293 1799 κτιστὸν
3339 1744 3502 1799 αὑτὸν
3546 1744 3766 1798 οἴεσθαι

499 1848 800 1905 contradici
854 1863 966 1903 non
1007 1848 1231 1919 possit:
1264 1846 1370 1900 hoc
1422 1853 1602 1901 autem
1650 1844 1730 1900 sic
1771 1843 2077 1899 constituto

501 1953 616 1997 tum
663 1942 885 1997 demum
934 1941 989 1996 in
1023 1942 1090 1996 iis
1128 1955 1248 2010 quae
1295 1947 1602 2009 sequuntur
1645 1936 1848 1992 acriter
1875 1935 2078 1990 instent

498 2041 555 2089 et
604 2033 912 2088 decertent.
959 2030 1061 2086 Hic
1114 2037 1319 2096 autem,
1351 2028 1560 2084 omisso
1606 2025 1701 2081 illo
1743 2022 2080 2080 stabilimine

499 2124 647 2194 quod
680 2131 935 2192 oporteat
980 2122 1160 2191 ipsum
1204 2127 1453 2175 creatum
1480 2134 1605 2176 esse
1640 2127 1853 2188 putare,
1880 2125 2078 2173 caetera

499 2216 868 2285 persequitur,
918 2227 1031 2266 non
1082 2212 1422 2267 subsistenti
1452 2209 1817 2281 propositioni
1856 2208 2080 2264 ratioci-

502 2304 789 2358 nationum
859 2300 1310 2370 consequentiam
1383 2299 1864 2356 accommodans:
1919 2300 2080 2370 quale

498 2394 632 2465 quid
665 2407 766 2447 usu
801 2392 952 2447 venit
988 2392 1073 2447 his
1097 2392 1190 2461 qui
1221 2390 1380 2445 vanis
1411 2390 1807 2461 cupiditatibus
1834 2393 2077 2448 animum

502 2485 844 2555 applicantes
882 2482 1155 2552 profunde
1185 2482 1452 2552 cogitant,
1497 2481 1582 2535 vel
1613 2481 1682 2535 ad
1723 2497 1956 2550 regnum
1994 2482 2078 2537 vel

502 2576 571 2631 ad
619 2575 771 2629 aliud
820 2573 1082 2645 quiddam
1118 2588 1308 2629 eorum
1355 2588 1477 2642 qua:
1521 2574 1873 2631 vehementer
1915 2592 2081 2646 expe-

508 2676 703 2722 tuntur
743 2666 1170 2737 cogitationibus
1215 2664 1399 2720 eli‘usi.
1447 2665 1566 2720 Non
1612 2673 1671 2719 ut
1709 2666 1845 2736 ipsis
1874 2666 2080 2737 aliquid

499 2775 693 2815 eorum
722 2774 845 2827 quae
888 2772 1105 2812 summo
1148 2756 1332 2812 studio
1358 2762 1624 2826 expetunt
1675 2758 1917 2823 eveniat,
1959 2758 2079 2828 agi-

498 2860 617 2907 tant
647 2851 852 2915 animo,
885 2849 982 2905 sed
1003 2856 1263 2917 tanquam
1294 2861 1360 2902 eo
1388 2859 1653 2916 praesente
1688 2848 1932 2917 sibiipsis
1966 2849 2081 2905 dis—

500 2954 717 3015 ponunt
755 2951 812 2997 et
849 2941 1173 3011 dispensant
1212 2953 1314 3009 pro
1361 2939 1592 2993 arbitrio
1639 2939 1872 2994 fortunae
1907 2939 2081 2995 felici-

2178 1841 2542 1910 κατασκευὴν,
2564 1839 2632 1893 τά
2663 1838 2861 1909 ἐφεξῆς
2894 1836 3258 1909 διεξέρχεταν
3291 1836 3371 1909 τῷ
3400 1837 3764 1907 ἀνυποστάτῳ

2176 1935 2425 2007 λήμματι
2457 1933 2555 2004 τὴν
2588 1931 2693 1985 τῶν
2738 1928 3016 2000 λογισμῶν
3063 1918 3412 1983 ἀκολούθειαν
3463 1928 3758 1999 ἁρμόζων·

2178 2024 2288 2083 οἷόν
2313 2045 2365 2080 τι
2394 2025 2690 2095 πάσχουσιν
2715 2024 2765 2076 οἱ
2792 2025 2913 2085 ταῖς
2957 2019 3214 2091 ματαίαις
3242 2019 3562 2091 ἐπιθυμίαις
3610 2022 3761 2074 κατά

2176 2118 2353 2191 ψυχὴν
2392 2111 2863 2188 ἐμϐαθύνοντες,ῆ
2897 2112 3031 2183 πρὸς
3069 2111 3405 2183 βασιλείανή
3444 2110 3582 2182 πρὸς
3628 2111 3762 2166 ἀλλο

2177 2211 2351 2265 τιτῶν
2377 2206 2824 2277 σπουδαζομένων
2858 2206 2975 2266 ταῖς
3000 2204 3230 2267 ἐννοίαις
3253 2203 3612 2274 διαχεόμενοι.
3644 2204 3762 2275 Ούχ

2177 2305 2326 2365 ὅπως
2344 2301 2410 2355 ἀν
2426 2298 2632 2369 γένοιτό
2647 2315 2701 2351 τι
2717 2300 2826 2351 τῶν
2857 2295 3304 2366 σπουδαζομένων
3321 2298 3501 2359 αὑτοῖς
3517 2297 3761 2352 ἐπινοοῦο

2180 2413 2266 2450 σιν
2284 2410 2299 2427 ·
2321 2393 2434 2448 ἀλλ’
2467 2392 2543 2456 ὡς
2569 2389 2757 2444 τούτου
2789 2390 3054 2459 παρόντος
3070 2385 3395 2441 διατιθέασιν
3417 2387 3631 2450 ἑαυτοῖς
3660 2388 3760 2442 καὶ

2178 2484 2516 2556 οίκονομοῦσι
2567 2483 2703 2554 πρὸς
2749 2481 2809 2534 τὸ
2836 2478 3025 2533 δοκοῦν
3054 2478 3114 2532 τὺ
3153 2478 3455 2549 εὐτύχημα,
3493 2479 3581 2533 διὰ
3610 2497 3761 2542 τινος

2179 2577 2373 2651 ήδονῆς
2433 2577 2543 2638 τοῖς
2610 2573 2978 2643 ἀνυπάρκτοις
3039 2571 3507 2642 ἐπιπλανὼμενοι.
3567 2572 3760 2637 Οὕτως

2176 2671 2309 2741 ἡμῖν
2368 2666 2462 2721 καὶ
2508 2667 2537 2719 ὁ
2589 2664 2750 2732 σοφὸς
2799 2662 3132 2734 λογογράφος
3175 2663 3272 2736 τὴν
3320 2662 3760 2734 πολυθρύλλητον

2180 2762 2373 2816 ἐαυτοῦ
2421 2762 2765 2833 διαλεκτικήν
2816 2761 2915 2814 οὑκ
2966 2756 3082 2814 οἴδα
3138 2761 3271 2813 ὅπου
3321 2760 3758 2830 κατακοιμήσας,

2180 2858 2310 2927 πρὶν
2358 2855 2614 2928 ἀποδείξῃ
2651 2856 2777 2926 περὶ
2823 2853 2917 2906 τοῦ
2952 2851 3311 2925 ζητουμένου,
3364 2850 3618 2922 καθάπερ
3648 2852 3762 2904 τισὶ

2180 2947 2412 3010 παιδίοις
2439 2945 2904 3018 διαμυθολογεῖται
2936 2945 3035 3016 τήν
3084 2942 3366 3015 ἀπατηλήν
3402 2943 3607 3013 ταύτην
3659 2943 3754 2995 καὶ

499 3044 665 3091 tatem
699 3034 1015 3103 :voluptate
1043 3029 1276 3102 quadam
1309 3032 1363 3086 in
1412 3030 1548 3086 falsa
1587 3046 1775 3087 rerum
1806 3031 1990 3101 specie
2026 3040 2078 3088 et

2182 3039 2555 3094 ἀκατάσκευον
2593 3036 2686 3091 τοῦ
2738 3036 2859 3091 καθ’
2911 3035 3099 3090 ἐαυτὸν
3147 3035 3416 3106 δόγματος
3462 3033 3753 3104 φλυαρίαν,

500 3125 739 3196 imagine
780 3125 1030 3180 ludentes
1078 3122 1262 3177 animo
1290 3130 1581 3193 vagantur.
1632 3120 1725 3178 Sic
1772 3123 1934 3179 nobis
1986 3137 2076 3178 sa-

500 3216 659 3287 piens
712 3214 817 3269 iste
859 3215 1117 3285 scriptor,
1173 3214 1360 3273 tritam
1418 3214 1652 3268 multum
1700 3224 1753 3270 et
1800 3215 2075 3286 vulgatam

501 3321 659 3362 suam
702 3305 1045 3361 dialecticam
1084 3307 1276 3361 nescio
1324 3306 1415 3360 ubi
1466 3306 1711 3375 sapiens.
1760 3308 2074 3377 priusquam

501 3398 555 3453 id
586 3396 656 3452 de
696 3410 805 3466 quo
829 3397 1094 3466 quaeritur
1133 3395 1614 3463 demonstraverit,
1655 3405 1915 3469 tanquam
1953 3413 2079 3468 par-

501 3488 1008 3559 vulis.quibusdam
1035 3488 1223 3556 pueris
1261 3490 1565 3557 captiosam
1613 3489 1757 3543 hanc
1788 3497 1843 3546 et
1890 3490 2080 3545 incon-

501 3582 672 3636 ditam
724 3579 811 3635 sui
861 3579 1133 3649 dogmatis
1180 3580 1493 3635 futilitatem
1544 3582 1658 3637 sive
1708 3582 2076 3653 importunam

503 3672 891 3741 loquacitatem
940 3667 1345 3725 confabtiiando
1386 3672 1651 3737 obtrudit,
1693 3675 1843 3727 velut
1887 3687 2080 3727 narra-

504 3766 708 3819 tionem
735 3762 1026 3834 quamdam
1051 3762 1386 3833 petulantem
1408 3774 1461 3817 et
1486 3764 1748 3819 lascivam
1776 3779 2077 3835 exponens.

503 3856 645 3911 Dicit
672 3855 819 3911 enim
859 3854 1041 3909 Patris
1075 3863 1201 3908 actu
1250 3855 1642 3914 subsistentem
1668 3857 1962 3912 essentiam
1989 3871 2078 3911 re-

502 3950 688 4017 cipere
732 3946 1074 4018 gennematis
1107 3946 1419 4018 (geniturae)
1463 3954 1519 4001 et
1569 3945 1796 4002 facturae
1837 3957 1892 4002 et
1928 3961 2083 4002 crea-

503 4046 645 4093 tura:
692 4037 1136 4109 appellationem.
1187 4036 1446 4103 Quaenam
1497 4038 1639 4093 ratio
1688 4035 2081 4093 demonstravit

503 4132 653 4185 velut
681 4129 861 4185 fabrili
893 4130 1137 4200 quadam
1169 4131 1489 4202 Operatione
1515 4129 1710 4185 Filium
1735 4130 2035 4187 subsistere
2063 4150 2077 4186 :

504 4219 688 4277 Patris
716 4235 848 4275 vero
882 4228 1138 4275 naturam
1169 4220 1510 4276 inefficacem
1541 4221 1689 4276 velut
1733 4218 1802 4274 ad
1830 4218 1954 4276 Filii
1985 4220 2084 4293 by-

505 4312 769 4379 postasim
814 4310 1078 4365 manere?
1113 4311 1218 4365 hoc
1257 4312 1406 4366 enim
1450 4319 1571 4367 erat
1608 4311 1676 4367 de
1700 4324 1810 4383 quo
1838 4311 2082 4383 ambige-

2180 3125 2292 3184 οἷον
2335 3129 2579 3199 διήγημά
2622 3145 2675 3183 τι
2722 3129 3000 3199 παροίνιον
3043 3126 3407 3196 ἐκτιθέμενος.
3444 3125 3610 3193 Λέγει
3650 3124 3756 3196 γάρ

2175 3220 2274 3291 τὴν
2319 3220 2568 3291 ἐνεργείᾳ
2614 3218 2708 3272 τοῦ
2743 3218 2956 3289 Πατρδς
2999 3218 3312 3271 ὑποστᾶσαν
3344 3215 3530 3269 οὐσίαν
3611 3213 3758 3286 δέχεο

2179 3312 2303 3366 σθαι
2329 3312 2426 3383 τὴν
2453 3310 2546 3365 τοῦ
2584 3311 2918 3381 γεννήματος
2942 3309 3035 3363 καὶ
3067 3310 3367 3380 ποιήματος
3391 3308 3486 3362 καὶ⁵
3522 3307 3753 3379 κτίσμα-

2175 3421 2267 3467 τος
2330 3403 2719 3475 προσηγορίαν.
2796 3401 2891 3464 Τίς
2953 3399 3203 3467 ἀπέδειξε
3275 3398 3433 3468 λόγος
3507 3399 3754 3472 ἐνεργείᾳ

2176 3495 2283 3547 τινὶ
2328 3495 2801 3564 κατασκευαστικῇ
2863 3490 2953 3545 τὸν
3008 3491 3136 3544 Υίὸν
3195 3490 3521 3559 ὑποστῆναι,
3560 3488 3660 3560 τὴν
3701 3487 3755 3542 δέ

2179 3587 2340 3657 φύσιν
2388 3586 2483 3640 τοῦ
2515 3585 2728 3658 Πατρδς
2773 3584 3129 3657 ἀνενέργητον
3184 3582 3261 3646 ὡς
3308 3582 3443 3654 πρὸς
3489 3580 3592 3652 τὴν
3630 3580 3757 3633 ὑπό-

2181 3693 2368 3730 στασιν
2418 3674 2515 3729 τοῦ
2563 3675 2693 3729 Υίοῦ
2751 3677 2969 3746 μεῖναις
3020 3674 3092 3728 Τὸ
3136 3673 3244 3744 γάρ
3286 3670 3756 3744 ἀμφιϐαλλόμενόν

2178 3787 2237 3823 τε
2270 3768 2365 3823 καὶ
2395 3767 2746 3840 ζητούμενον,
2775 3766 2932 3820 τοῦτο
2961 3762 3028 3837 ἧν
3052 3782 3065 3796 ·
3113 3764 3223 3818 εἴτε
3253 3766 3287 3837 ή
3328 3764 3485 3819 οὑσία
3516 3761 3613 3817 τοῦ
3654 3764 3756 3817 Πα-

2179 3863 2303 3934 τρὸς
2334 3862 2591 3932 ἐγέννησε
2618 3859 2711 3913 τὸν
2756 3858 2906 3923 Υίὸν,
2935 3857 3044 3911 εἴτε
3082 3875 3134 3911 τι
3158 3856 3265 3910 τῶν
3293 3855 3491 3923 ἔξωθεν
3516 3871 3757 3928 παρεπο-

2184 3954 2381 4027 μένων,
2411 3956 2478 4026 τῇ
2516 3952 2672 4023 φύσει
2704 3951 2891 4005 τοῦτον
2924 3950 3237 4021 είργάσατο.
3274 3947 3386 4019 Τῆς
3411 3945 3595 4000 τοίνυν
3638 3945 3757 3998 Ἐκο

2180 4046 2409 4117 κλησίας
2461 4045 2602 4099 κατὰ
2645 4044 2745 4116 τὴν
2798 4042 2948 4097 θείαν
2993 4038 3338 4095 διδασκαλίαν
3372 4037 3591 4108 ἀληθῶς
3634 4036 3758 4089 Θεὸν

2180 4136 2320 4193 εἶναι
2365 4137 2456 4191 τὸν
2511 4135 2790 4205 Μονογενῆ
2836 4131 3218 4202 πιστευούσης,
3251 4130 3349 4203 τήν
3396 4128 3455 4182 δὲ
3503 4127 3760 4182 πολύθεον

2180 4225 2599 4297 δεισιδαιμονίαν
2649 4223 3111 4297 βδελυσσομένης,
3169 4222 3263 4275 καὶ
3319 4218 3408 4273 διὰ
3459 4216 3623 4271 τοῦτο
3668 4217 3760 4288 τὴν

2182 4319 2290 4372 τῶν
2322 4317 2538 4388 φύσεων
2581 4316 2841 4389 διαφορὰν
2869 4316 2930 4370 οὑ
2976 4312 3434 4387 προσδεχομένης,
3464 4309 3540 4373 ὡς
3576 4310 3645 4363 ἂν
3690 4308 3761 4380 μή

507 4403 709 4467 batur,
755 4411 809 4457 et
853 4401 1002 4475 quod
1052 4403 1439 4473 qumrebatur,
1497 4412 1677 4458 utrum
1727 4404 2078 4460 subsistentia

2184 4414 2250 4482 τῇ
2282 4408 2605 4482 παραλλαγῇ
2634 4407 2741 4461 τῶν
2774 4407 2972 4461 οὐσιῶν
3002 4407 3106 4461 ὑπὸ
3137 4403 3372 4476 ἀριθμὸν
3401 4404 3457 4457 αἱ
3487 4401 3761 4481 θειότητες

505 4491 685 4547 Patris
743 4489 943 4546 Filium
1003 4493 1228 4563 genuit,
1288 4500 1476 4547 utrum
1533 4494 1665 4564 quid
1717 4509 1906 4549 eorum
1961 4510 2082 4565 quae

506 4585 855 4641 extrinsecus
884 4585 1220 4640 comitantur
1250 4598 1525 4650 naturam,
1570 4586 1718 4641 hunc
1750 4585 1899 4643 fecit.
1931 4587 2082 4653 Quo-

509 4682 655 4732 niam
699 4677 870 4749 igitur
899 4677 1143 4733 Ecclesia
1189 4677 1376 4732 divina
1405 4677 1655 4733 doctrina
1698 4679 1912 4734 erudita
1948 4678 2082 4734 Uni-

507 4768 753 4836 genitum
791 4768 970 4823 credit
995 4783 1122 4823 vere
1151 4783 1277 4826 esse
1320 4766 1510 4835 Deum,
1549 4777 1606 4824 et
1643 4768 1869 4825 deorum
1898 4770 2085 4825 multi-

510 4861 756 4918 tudinem
784 4860 1161 4925 abominatur,
1193 4869 1249 4918 et
1286 4870 1573 4932 propterea
1605 4872 1926 4917 naturarum
1966 4863 2083 4920 dis-

507 4955 720 5010 crimen
781 4969 891 5009 non
924 4954 1201 5020 admittit,
1250 4969 1318 5010 ne
1360 4955 1732 5010 essentiarum
1777 4954 2084 5012 differentia

509 5049 564 5102 in
608 5063 898 5103 nurerum
952 5047 1269 5105 divinitates
1317 5047 1597 5114 incidant,
1660 5047 1801 5117 quod
1863 5050 2084 5119 quidem

508 5155 618 5195 non
647 5151 731 5196 est
760 5140 908 5194 aliud
938 5154 1103 5212 quam
1132 5140 1359 5196 deorum
1391 5140 1604 5194 turbam
1643 5140 1698 5195 in
1725 5141 1891 5196 vitam
1923 5142 2087 5197 indu-

507 5234 806 5290 cerezhaae
828 5233 995 5306 igitur
1032 5231 1281 5288 Ecclesia
1334 5247 1459 5287 cum
1497 5233 1838 5305 populariter
1871 5235 2083 5301 doceat,

508 5325 744 5393 quodex
790 5325 1027 5382 essentia
1085 5325 1197 5381 veri
1247 5323 1364 5392 Dei,
1401 5340 1569 5381 verus
1605 5325 1747 5382 Deus
1778 5328 2085 5382 secundum

508 5406 1182 5494 essentiamﬂnigenitus
1243 5428 1327 5472 est
1373 5415 1545 5483 Deus,
1587 5432 1708 5474 eum
1756 5426 1937 5473 autem
1994 5419 2087 5489 qui

510 5503 598 5558 liis
656 5498 939 5562 concessis
1002 5516 1057 5562 et
1118 5500 1353 5579 cognitis
1408 5510 1646 5565 decretis
1704 5520 1975 5582 repugnat
2033 5518 2086 5567 et

510 5593 860 5660 contradicit,
896 5599 1175 5668 quomodo
1202 5600 1557 5670 anticipatam
1586 5602 1898 5672 opinionem
1930 5618 2086 5658 ever-

513 5698 629 5745 tere
656 5689 983 5759 oportebat?
1008 5688 1198 5747 Nonne
1219 5692 1411 5749 debuit
1437 5694 1745 5763 oppOsitum
1777 5709 2086 5752 sermonem

2184 4501 2454 4566 πίπτοιεν,
2508 4501 2681 4571 ’ὅπερ
2730 4501 2880 4554 οὐδέν
2925 4501 3070 4553 ἐστιν
3120 4496 3328 4571 ἕτερον,
3378 4495 3412 4567 ἢ
3453 4494 3554 4565 τὴν
3605 4492 3765 4547 πολυ-

2185 4594 2334 4647 θεῖαν
2364 4592 2526 4647 πάλιν
2573 4592 2887 4661 ἐπεισάγειν
2930 4590 3009 4662 τῷ
3049 4589 3172 4661 βίῳο
3228 4585 3403 4641 ταῦτα
3454 4586 3637 4660 τοίνυν
3669 4585 3765 4654 τῆς

2197 4681 2519 4753 Ἑκκλησίας
2570 4680 2851 4746 ίδιωτικῶς
2898 4679 3275 4752 διδασκούσης,
3327 4678 3408 4731 δτι
3438 4679 3504 4730 ἐκ
3546 4675 3653 4745 τῆς
3680 4675 3767 4728 οὺς-

2185 4772 2307 4835 σίας
2336 4770 2431 4824 τοῦ
2468 4768 2722 4841 ἀληθινοῦ
2772 4769 2931 4834 Θεοῦ,
2978 4768 3232 4839 ἀληθινὸς
3261 4766 3393 4831 Θεὸς
3428 4782 3534 4818 κατ
3580 4766 3763 4820 οὑσία-

2185 4864 2545 4935 ὁΜονογενής
2578 4864 2693 4916 ἐστι
2722 4860 2874 4925 Θεός’
2915 4858 3007 4915 τὸν
3043 4858 3417 4915 ἀντιϐαίνοντα
3448 4859 3565 4921 τοῖς
3600 4858 3769 4927 ἐγνω-

2189 4958 2427 5029 σμένοις,
2470 4956 2587 5020 πῶς
2633 4953 2958 5026 ἀνατρέπειν
3012 4952 3119 5006 ἔδει
3170 4950 3269 5023 τὴν
3319 4948 3770 5021 προειλημμένην

2187 5049 2487 5121 ὑπόληψινς
2523 5047 2657 5118 Οὐχὶ
2685 5045 2745 5099 τὸ
2777 5044 3206 5109 κατασκευάζειν
3253 5041 3344 5096 τὸν
3389 5040 3769 5112 ἀντικείμενον

2185 5139 2340 5210 λόγον
2395 5138 2485 5193 διά
2532 5130 2678 5201 τινος
2725 5134 3163 5206 ὁμολογουμένης
3213 5132 3383 5205 ἀρχῆς
3445 5130 3772 5186 συναποδει-

2188 5235 2415 5290 κνύοντα
2439 5232 2499 5285 τὸ
2526 5230 2856 5301 ἀμφίϐολον;
2891 5230 3004 5282 Οὑκ
3053 5228 3119 5282 ἂν
3159 5224 3311 5299 οἶμαί
3340 5243 3459 5279 τινα
3486 5224 3599 5278 τῶν
3644 5224 3773 5278 νοῦν

2187 5325 2416 5397 ἐχόντων
2442 5323 2631 5394 ἕτερόν
2664 5339 2713 5375 τι
2748 5320 2896 5393 παρά
2938 5320 3112 5374 ταῦτα
3141 5318 3393 5392 ζητῆσαι.
3444 5317 3587 5370 Ἀλλ’
3612 5309 3772 5379 οὗτος
3798 5368 3824 5391 η

2188 5416 2294 5469 ἀπὸ
2336 5414 2445 5468 τῶν
2488 5412 3013 5484 ἀμφισϐητουμένων
3050 5413 3295 5484 ἄρχεται,
3329 5410 3425 5464 καὶ
3464 5410 3541 5471 ὡς
3575 5407 3773 5463 ἀποδεο

2187 5507 2507 5578 δειγμένων,
2556 5506 2729 5577 ἀρχὴν
2781 5505 2858 5576 τῷ
2904 5505 3104 5575 ἐφεξῆς
3152 5504 3330 5557 δίδωσι
3377 5503 3543 5571 λόγῳ.
3608 5501 3772 5553 Ἀπο-

2187 5600 2486 5671 δειχθέντος
2518 5598 2626 5671 γὰρ
2660 5599 2921 5671 πρότερον
2960 5600 3042 5652 ὅτι
3087 5597 3175 5653 διά
3226 5614 3368 5661 τινος
3413 5592 3699 5664 ἐνεργείας
3741 5592 3771 5644 ὁ

2191 5693 2319 5758 Υἱὸς
2351 5691 2558 5764 ὑπέστη
2578 5707 2591 5722 ·
2625 5690 2707 5755 τίς
2737 5690 2801 5745 ἂν
2829 5686 2896 5763 ἦν
2928 5690 3075 5763 μάχη
3109 5690 3244 5763 πρὸς
3280 5691 3341 5743 τὸ
3382 5688 3666 5760 ἑπόμενον,
3709 5682 3769 5736 τὺ
