3992 6210
297 269 410 328 653

1409 288 1688 348 CONTRA
1729 292 2118 369 EUNOMIUM,
2154 304 2281 361 ΜΒ.
2326 307 2413 362 ιν.

296 385 383 447 εἰς
413 382 615 454 ἑαυτὴν
639 383 1014 463 δέχεσθαιτὴν
1041 391 1136 448 τοῦ
1180 398 1481 470 ποιήματος
1507 407 1855 478 προσηγορία.

296 472 481 499 κλμ--.
553 474 656 499 -.ιη
689 476 754 499 ε-.
788 480 821 499 ,κ
851 497 865 499 ,
912 497 941 499 η
982 482 996 499 .
1195 486 1210 499 .
1311 491 1324 499 .
1486 495 1509 499 ι

1994 423 2313 473 construere
2338 427 2393 474 et
2415 420 2688 479 coniicere
2723 440 2787 481 ex
2825 428 3011 499 aliquo
3043 444 3169 485 vero
3201 438 3256 485 et
3295 445 3560 494 concesso

296 472 500 541 λέγειν,
551 474 656 567 ¹ἰὴν
684 476 754 531 δι’
783 480 1065 553 ἐνεργείας
1108 486 1253 553 τινὸς
1302 472 1615 550 ὑποστᾶσαν
1653 472 1875 567 οὖσίαη

298 563 446 628 Ἕως
477 564 524 657 δ’
568 561 638 621 ἂν
683 569 1054 629 ἀκατάσκευον
1180 578 1239 632 τὸ
1282 585 1712 657 προηγούμενον,

300 656 455 727 ισχὺν
478 656 594 729 ἔχει
623 659 685 713 τὸ
714 663 1072 736 ὲφεπόμενον,
1107 671 1421 729 εἰπάτωσαν
1463 678 1513 731 ot
1538 656 1641 750 τῆς
1665 681 1880 752 ἀπάτης

297 751 610 823 συνήγοροι.
666 755 779 809 Καὶ
828 757 937 829 γάρ
981 761 1036 814 εί
1080 778 1165 827 τις
1214 767 1414 838 πτηνὸν
1458 771 1709 839 γενέσθαι
1756 751 1880 828 καθ’

294 841 554 897 ὑπόθεσιν
583 844 703 917 δοίη
746 848 840 903 τὸν
866 851 1174 924 ἄνθρωπον,
1226 860 1356 932 περὶ
1388 861 1498 916 τῶν
1531 864 1727 936 ἐφεξῆς
1752 866 1880 920 οὐκ·

290 933 374 986 ἐτι
396 933 706 1007 δοθήσεται.
738 940 850 995 Καὶ
882 945 1148 1016 πτήσεται
1185 948 1295 1021 γάρ
1338 969 1455 1017 πως
1492 955 1523 1007 ό
1555 933 1756 1026 πτηνὸς
1787 974 1878 1026 γε-

291 1027 539 1097 νόμενος,
588 1032 687 1085 καὶ
731 1033 845 1088 ἀνω
881 1037 981 1108 τῆς
1008 1039 1111 1111 γῆς
1134 1042 1325 1098 ἑαυτὸν
1370 1045 1558 1111 ἀνάξει
1589 1048 1877 1121 μετάρσιος

287 1120 385 1173 ἐπὶ
412 1123 706 1194 πτερύγων
735 1126 805 1179 δι’
833 1129 995 1201 ἀέρος
1040 1134 1369 1206 φερόμενος·
1431 1138 1567 1193 ἀλλά
1615 1120 1878 1196 σκεπτέον

291 1210 414 1276 πῶς
442 1213 509 1267 ἂν
542 1214 751 1283 γένοιτο
775 1220 1014 1291 πτηνὸς,
1063 1225 1093 1277 ὁ
1136 1225 1237 1296 τὴν
1263 1228 1426 1296 φύσιν
1467 1231 1529 1284 οὐ
1563 1230 1741 1302 λαχὼν
1790 1234 1876 1288 ὲν-

287 1304 497 1377 αέριον.
533 1307 736 1364 Τούτου
761 1310 819 1365 δὲ
854 1312 929 1385 μὴ
959 1314 1131 1383 ὄντος,
1183 1319 1409 1389 μάταιον
1444 1323 1505 1376 τὸ
1540 1323 1679 1394 μετά
1713 1323 1870 1378 τοῦτο

280 1396 560 1463 διεξιέναι.

1986 506 2258 579 principio
2287 510 2752 572 demonstratione
2797 515 2937 574 facta
2985 518 3106 590 ejus
3150 521 3298 592 quod
3334 523 3559 582 dubium

1982 607 2038 655 et
2086 609 2506 659 controversum
2546 608 2700 662 erat?
2736 610 3017 667 Neminem
3074 613 3312 672 arbitror
3364 632 3556 673 eorum

1982 691 2078 762 qui
2131 695 2330 751 mentis
2362 710 2492 752 sunt
2523 708 2805 769 compotes
2851 703 2994 759 aliud
3028 706 3326 777 quidquam
3361 720 3560 779 praeter

1987 785 2101 839 haec
2146 800 2408 856 quaerere.
2452 786 2557 843 Sed
2589 790 2692 845 iste
2724 791 2792 846 ab
2836 793 3063 852 incertis
3100 804 3156 852 et
3185 797 3370 854 dubiis
3396 816 3559 855 exor-

1982 874 2152 939 ditur,
2189 887 2243 932 et
2273 887 2530 949 tanquam
2580 880 2973 948 demonstratis
3021 890 3274 958 sequenti
3314 894 3556 947 sermoni

1981 962 2075 1018 dat
2117 965 2467 1038 principium.
2500 968 2559 1024 Si
2606 973 2750 1027 enim
2801 973 2907 1029 hoc
2933 977 3088 1046 prius
3132 989 3280 1039 esset
3330 982 3556 1039 demon-

1981 1062 2234 1121 stratum,
2279 1065 2403 1111 actu
2454 1058 2691 1128 quodam
2728 1068 2783 1117 et
2812 1068 3134 1134 operatione
3164 1079 3433 1127 extranea
3462 1071 3556 1128 Fi-

1979 1148 2109 1200 lium
2145 1147 2472 1216 subsistere,
2500 1167 2623 1222 qua:
2645 1159 3021 1217 controversia
3049 1170 3201 1218 esset
3233 1162 3301 1217 ad
3324 1164 3377 1220 id
3409 1166 3552 1237 quod

1979 1240 2247 1311 sequitur,
2270 1256 2465 1313 nempe
2493 1243 2678 1302 dicere
2708 1249 3003 1305 essentiam
3043 1263 3173 1309 actu
3206 1256 3395 1327 aliquo
3423 1260 3553 1313 sub-

1977 1332 2258 1388 sistentem
2310 1334 2365 1389 in
2414 1335 2649 1406 seipsam
2703 1339 2989 1398 admittere
3033 1343 3259 1403 factura:
3304 1350 3550 1420 appella-

1975 1419 2219 1475 tionem?
2257 1418 2510 1486 Quandiu
2550 1423 2656 1481 hoc
2701 1431 3035 1488 antecedens
3085 1436 3220 1491 rude
3268 1418 3548 1508 necvpraa.

281 1497 563 1547 structum
611 1489 800 1558 fuerit,
849 1499 1128 1566 quomodo
1177 1503 1349 1560 robur
1401 1507 1622 1567 habebit
1670 1510 2063 1582 consequens?
2134 1509 2322 1567 dicant
2386 1513 2553 1585 hujus
2589 1520 2794 1575 erroris
2868 1523 2982 1578 sive
3032 1523 3241 1584 fraudis
3310 1489 3545 1601 patroni.

281 1586 419 1643 Nam
469 1588 520 1646 si
548 1590 678 1661 quis
724 1591 877 1647 verbi
917 1594 1095 1663 gratia
1178 1613 1247 1654 ex
1293 1600 1580 1672 hypothesi
1630 1605 1907 1661 hominem
1982 1604 2184 1659 alatum
2233 1606 2584 1673 concederet,
2634 1610 2703 1666 de
2752 1616 3112 1684 sequentibus
3156 1635 3267 1675 non
3311 1586 3549 1695 ampiius

280 1684 656 1740 dubitaretur.
704 1683 838 1739 Nam
869 1684 1050 1741 alatus
1081 1685 1263 1746 factus
1292 1693 1499 1750 volabit
1528 1712 1861 1769 sursumque
1898 1710 2062 1765 supra
2103 1703 2307 1751 terram
2362 1712 2487 1754 sese
2554 1702 2769 1758 attollet
2834 1683 3018 1777 passis
3066 1710 3169 1766 alis
3219 1683 3544 1785 suspensum

278 1788 332 1833 et
359 1779 623 1836 sublimis
660 1795 758 1851 per
789 1795 969 1838 aerem
1005 1781 1230 1840 feretur.
1276 1784 1382 1842 Sed
1413 1790 1689 1859 quomodo
1730 1804 1854 1847 esse
1892 1796 2059 1859 quem
2092 1786 2295 1853 alatus,
2325 1789 2814 1860 εοηείάεΐειῐιάωη.
2884 1799 2979 1868 qui
3016 1809 3270 1858 naturam
3340 1808 3543 1864 aeriam

282 1885 390 1924 non
434 1878 524 1925 est
570 1870 821 1927 sortilus.
868 1873 1024 1938 Quod
1069 1890 1192 1930 cum
1230 1890 1340 1932 non
1392 1879 1466 1934 ita
1506 1880 1608 1946 sit,
1656 1896 1858 1937 vanum
1897 1888 1981 1935 est
2005 1878 2150 1949 quod
2178 1887 2367 1948 postea
2399 1882 2653 1952 sequitur
2683 1898 2977 1956 exponere.

347 1962 625 2027 Κάκεῖνος
653 1962 832 2017 τοίνυν
860 1964 1018 2018 τοῦτο
1051 1967 1265 2038 πρῶτον
1295 1969 1632 2036 ἐπιδειξάτω,
1664 1972 1725 2026 τὸ
1760 1973 1855 2045 μά·

2036 1968 2131 2025 111ε
2163 1968 2333 2041 igitur
2377 1971 2481 2029 hoe
2527 1975 2762 2043 primum
2800 1978 3054 2035 ostendat
3095 1980 3396 2042 Ecelesiam
3430 1987 3544 2045 fru-

278 2069 378 2123 την
407 2054 836 2108 πεπιστευκέναι
864 2057 965 2129 τὴν
1015 2057 1340 2131 Ἐκκλησίαν
1371 2059 1583 2132 ἀληθῶς
1612 2057 1750 2117 εἶναι
1772 2062 1865 2117 τδν

283 2145 554 2216 μονογενῆ
592 2145 743 2209 Υἰὺν,
790 2148 852 2200 οὐ
897 2148 1035 2203 κατά
1062 2148 1209 2203 θέσιν
1247 2152 1621 2224 είσποιηθὲντα
1659 2153 1865 2223 ψευδω-

280 2234 439 2307 νύμφ
475 2235 653 2308 Πατρί
677 2254 692 2268 ο
724 2236 862 2292 ἀλλά
888 2239 1031 2293 κατὰ
1078 2239 1240 2311 φύσιν
1264 2243 1536 2314 γεννητῶς
1561 2246 1625 2298 ὲκ
1658 2244 1751 2299 τοῦ
1776 2245 1865 2300 δν-

279 2342 374 2390 τος
418 2326 576 2393 ὄντα,
630 2327 705 2399 μὴ
751 2328 1165 2401 ἀπεξενωμένον
1214 2332 1314 2403 τῆς
1367 2333 1460 2387 τοῦ
1506 2334 1863 2406 γεννήσαντος

278 2417 518 2486 φύσεως.
563 2419 750 2474 Ταῦτα
797 2421 1014 2493 πρῶτον
1059 2422 1134 2487 ὡς
1177 2422 1349 2495 ψευδῆ
1386 2424 1731 2497 διελεγξάτω,
1768 2428 1861 2481 καὶ

268 2510 393 2565 τότε
436 2511 571 2583 περὶ
619 2512 737 2566 τῶν
780 2512 1085 2567 ἀκολούθων
1133 2513 1345 2579 διεξιὼν
1399 2517 1623 2583 πιθανὸς
1685 2519 1856 2574 ἔσται.

271 2601 425 2665 Ἕως
474 2603 521 2656 δ’
567 2601 634 2656 ἀν
677 2603 740 2656 τδ
788 2603 1004 2675 πρῶτον
1052 2605 1438 2661 ἀναπόδεικτον
1484 2604 1540 2683 ᾗ,
1594 2610 1858 2683 φλυαρίας

268 2695 423 2747 ἐστὶν
468 2694 862 2766 ὲμφιλοχωρεῖν
895 2697 1008 2759 τοῖς
1034 2696 1328 2768 δευτέροις.
1377 2700 1486 2753 Καί
1536 2717 1625 2773 μοι
1670 2701 1858 2772 μηδεὶς

267 2783 634 2856 ὐποκρουέτω
676 2784 772 2839 καὶ
799 2784 862 2839 τὸ
902 2788 1032 2859 παρ’
1064 2786 1223 2858 ἡμῶν
1249 2786 1726 2862 διομολογούμενον
1770 2791 1859 2845 διὰ

267 2876 621 2946 κατασκευῆς
650 2875 961 2947 κυρωθῆναι
984 2894 998 2908 ·
1030 2877 1191 2948 ἀρκεῖ
1213 2878 1321 2951 γὰρ
1352 2881 1432 2945 εἰς
1457 2880 1731 2947 ἀπόδειξιν
1761 2881 1854 2936 τοῦ

267 2967 548 3040 ἡμετέρου
597 2966 757 3036 λόγου
805 2969 867 3022 τὺ
912 2967 1058 3038 ἔχειν
1122 2970 1392 3041 πατρόθεν
1437 2972 1675 3042 ἤκουσαν
1720 2974 1856 3046 πρὸς

262 3062 423 3131 ἡμᾶς
451 3059 551 3132 τὴν
574 3060 890 3132 παράδοσιν,
917 3055 1029 3115 οἷόν
1055 3079 1177 3116 τινα
1207 3062 1409 3135 κλῆρον
1437 3063 1505 3118 δι’
1538 3063 1854 3130 ἀκολουθίας

263 3155 335 3206 ἐκ
359 3152 476 3207 τῶν
526 3153 840 3207 ἀποστόλων
867 3153 957 3208 διὰ
996 3156 1104 3208 τῶν
1137 3155 1333 3228 ἐφεξῆς
1358 3157 1528 3226 ἁγίων
1559 3175 1852 3230 παραπεμ-

262 3243 518 3312 φθέντα’
565 3244 612 3296 oi
659 3242 715 3298 δὲ
759 3243 896 3315 πρὸς
943 3245 1044 3316 τὴν
1101 3248 1390 3317 καινότητα
1434 3248 1637 3327 ταύτην
1689 3266 1854 3321 μετα-

1968 2066 2082 2113 stra
2134 2059 2435 2118 credidisse
2485 2078 2611 2119 vere
2663 2080 2787 2123 esse
2822 2069 3116 2141 unigenam
3160 2072 3383 2143 Filium,
3433 2095 3542 2137 non

1966 2145 2261 2219 adoptione
2290 2150 2524 2207 ascitum
2561 2150 2684 2209 falsi
2730 2156 2971 2213 nominis
2998 2156 3182 2229 Patri;
3214 2162 3312 2219 sed
3343 2180 3543 2222 securi»

1964 2238 2093 2294 dum
2129 2247 2386 2297 naturam
2423 2259 2522 2315 per
2549 2245 2693 2301 viam
2732 2249 3106 2320 generationis
3136 2268 3201 2309 ex
3236 2270 3302 2311 eo
3329 2259 3425 2328 qui
3457 2269 3542 2316 est

1962 2330 2355 2400 exsistentem;
2410 2351 2523 2391 non
2575 2346 2866 2396 externum
2937 2358 3117 2415 neque
3173 2347 3413 2404 alienum
3474 2353 3542 2406 ab

1961 2417 2085 2487 ejus
2113 2419 2207 2489 qui
2254 2422 2444 2491 genuit
2475 2431 2674 2479 natura
2703 2442 2716 2479 :
2744 2427 2859 2482 haec
2889 2430 3127 2499 primum
3165 2441 3225 2488 ut
3264 2434 3404 2491 falsa
3449 2452 3541 2491 ar-

1961 2517 2109 2580 guat,
2140 2518 2194 2566 et
2243 2519 2377 2569 tunc
2430 2512 2499 2570 de
2545 2520 3012 2587 consequentibus
3064 2521 3378 2595 disputator
3412 2544 3540 2599 per-

1961 2602 2247 2656 suasorius
2270 2603 2395 2657 erit.
2435 2602 2542 2659 Sed
2574 2606 2819 2675 quandiu
2858 2609 3094 2678 primum
3137 2613 3542 2673 indemonstra-

1960 2697 2073 2745 tum
2117 2689 2307 2755 fuerit,
2344 2696 2695 2766 nugatorium
2729 2707 2814 2754 est
2859 2699 2913 2755 in
2952 2703 3211 2762 secundis
3245 2706 3534 2767 inhaerere.

1955 2780 2148 2839 Nullus
2192 2784 2326 2840 mihi
2380 2787 2671 2859 subcrepet
2735 2792 2878 2861 quod
2925 2792 3059 2848 illud
3102 2797 3267 2853 etiam
3313 2800 3461 2871 quod
3504 2818 3535 2857 a

1956 2873 2118 2929 nobis
2168 2886 2270 2945 pro
2315 2874 2570 2933 confesso
2620 2879 2873 2948 habetur,
2908 2885 3219 2944 rationibus
3264 2897 3319 2945 et
3366 2906 3537 2962 argu-

1954 2963 2155 3018 mentis
2215 2964 2457 3037 indigeat
2514 2969 2833 3027 conlirmari
2900 2981 2955 3030 et
3014 2977 3275 3048 probari;
3335 2982 3535 3038 sufficit

1952 3054 2098 3109 enim
2141 3054 2210 3110 ad
2261 3057 2441 3113 nostri
2498 3063 2772 3119 sermonis
2816 3064 3337 3128 demonstrationem
3385 3075 3534 3144 quod

1952 3146 2252 3204 habeamus
2297 3164 2327 3203 a
2373 3151 2622 3221 patribus
2670 3154 2975 3213 venientem
3029 3161 3097 3215 ad
3131 3178 3234 3218 nos
3275 3166 3532 3222 traditio-

1953 3253 2097 3304 nem,
2135 3240 2283 3295 velut
2318 3240 2691 3300 btereditatem
2733 3248 3028 3317 quamdam
3078 3268 3175 3323 per
3213 3258 3531 3315 successio-

260 3311 513 3400 τιθέντες
532 3334 601 3389 τά
613 3311 884 3406 δόγματα,
912 3311 1112 3407 πολλῆς
1134 3338 1201 3391 ἂν
1221 3311 1424 3392 δέοιντο
1434 3316 1537 3409 τῆς
1560 3311 1623 3393 ἐκ
1641 3311 1749 3394 των
1771 3340 1852 3394 λο-

1959 3344 2077 3385 nem
2108 3344 2173 3386 ex
2204 3334 2469 3402 apostolis
2509 3350 2607 3406 per
2645 3347 2866 3396 sanctos
2896 3352 3191 3412 sequentes
3238 3350 3533 3407 transmis-

262 3426 490 3498 γισμῶν
521 3425 855 3497 συμμαχίας,
873 3428 921 3481 εί
950 3426 1194 3498 μέλλοιεν
1224 3430 1297 3501 μὴ
1327 3430 1454 3494 τοὺς
1479 3430 1851 3503 κονιορτὼδεις

264 3519 381 3573 τῶν
430 3518 736 3591 ἀνθρώπων
769 3518 862 3573 καὶ
901 3520 1265 3591 εὐριπίστους,
1292 3522 1427 3576 ἀλλά
1470 3522 1563 3576 κα)⁵
1594 3525 1719 3588 τοὺς
1748 3526 1848 3596 ἑμ-

260 3611 477 3684 6ριθεῖς
497 3628 561 3665 τε
584 3612 678 3665 καὶ
701 3610 998 3683 βεϐηκότας
1020 3615 1140 3677 ταῖς
1159 3612 1417 3677 διανοίαις
1446 3614 1846 3687 προσάγεσθαι·

258 3703 374 3766 ἕως
406 3702 455 3755 δ’
497 3701 566 3757 ἂν
609 3702 984 3768 ἀκατάσκευος
1028 3704 1211 3767 αὐτοῖς
1245 3704 1339 3757 καὶ
1389 3703 1773 3768 ἀναπόδεικτος
1820 3706 1850 3757 ό

258 3796 424 3866 λόγος
477 3795 792 3868 προφέροιτ⁹
821 3795 905 3862 ἂν,
945 3796 1029 3861 τίς
1056 3796 1228 3861 οὕτως
1262 3795 1461 3867 ἠλίθιος
1506 3796 1601 3850 καὶ
1640 3795 1847 3868 κτηνὼο

253 3889 385 3959 δης,
418 3886 495 3952 ὡς
539 3886 649 3940 τῶν
679 3886 1079 3956 εὐαγγελιστῶν
1131 3902 1181 3940 τε
1231 3886 1327 3941 καὶ
1374 3886 1709 3952 ἀποστόλων,
1757 3887 1849 3940 καὶ

253 3978 375 4032 τῶν
434 3974 669 4047 καθεξῆς
718 3978 774 4031 ἐν
824 3980 942 4042 ταῖς
1005 3976 1349 4047 Ἐκκλησίαις
1401 3975 1843 4047 διαλαμψάντων,

256 4067 665 4140 ἀσθενεστέραν
718 4067 816 4140 τὴν
869 4068 1217 4123 διδασκαλίαν
1267 4068 1356 4122 διά
1414 4069 1510 4139 τῆς
1561 4066 1846 4122 ἀναποδεί-

257 4178 401 4216 κτου
447 4159 709 4232 φλυαρίας
733 4159 1059 4232 ποιήσασθαι
1082 4181 1097 4230 ;

330 4418 573 4488 Ἶδωμεν
592 4416 651 4472 δὲ
674 4417 768 4473 καὶ
790 4417 852 4471 τὸ
877 4416 1278 4489 διαφορώτατον
1306 4418 1407 4488 τῆς
1437 4416 1715 4488 ἀγχινοίας
1751 4417 1844 4472 τοῦ

252 4507 628 4578 λογογράφου.
659 4507 808 4570 ὅπως
833 4509 901 4578 τῇ
932 4505 1218 4579 περιουσίᾳ
1248 4509 1345 4579 τῆς
1368 4506 1709 4581 διαλεκτικῆς
1740 4511 1833 4579 ὲμ-

255 4599 487 4671 πειρίας
520 4596 657 4669 πρὸς
676 4596 984 4651 τούναντίον
1023 4597 1350 4669 εὐμηχάνως
1372 4599 1498 4662 τοὺς
1529 4600 1845 4671 ἀκεραιοτέ-

257 4657 392 4761 ρους
447 4657 755 4757 indixerat.
793 4657 1131 4760 Προσὲρριιιίε
1279 4657 1374 4742 τοῦ
1406 4657 1708 4761 ποιήματος
1748 4690 1843 4745 καὶ
1873 4657 1920 4715 D

252 4781 563 4851 κτίσματος
579 4778 920 4852 προσηγορίᾳ
944 4778 1040 4832 καὶ
1053 4777 1152 4849 τὴν
1168 4776 1353 4849 φωνὴν
1374 4777 1471 4833 τοῦ
1486 4781 1843 4851 γεννήματος,

254 4872 459 4935 εἰπὼν,
496 4873 580 4935 εἰς
625 4871 823 4941 ἑαυτὴν
857 4870 1107 4941 δέχεσθαι
1145 4869 1218 4923 τὰ
1256 4870 1495 4942 ὀνόματα
1542 4870 1715 4925 ταῦτα
1749 4871 1843 4925 τοῦ

254 4962 395 5018 Υἰοῦ
423 4963 528 5035 τὴν
551 4962 760 5019 οὐσίαν.
792 4962 902 5017 Καὶ
930 4961 1120 5034 ὥσπερ
1163 4962 1222 5018 ὲν
1252 4962 1560 5033 μεθυόντων
1584 4965 1845 5034 συνεδρίῳ

254 5053 595 5126 δημηγοριῖιν
611 5054 782 5108 οἴεται
810 5054 997 5125 μηδενὶ
1019 5053 1327 5125 κατάφορον
1358 5053 1555 5108 ἑαυτοῦ
1588 5055 1690 5127 τὴν
1717 5056 1845 5128 περὶ

252 5146 317 5201 th
346 5145 533 5215 δόγμα
568 5145 903 5217 κακουργίαν
934 5143 1277 5217 γενήσεσθαι.
1313 5144 1404 5216 Τῷ
1444 5144 1553 5217 γὰρ
1609 5145 1842 5216 συνάψαι

252 5239 317 5291 τὸ
339 5238 592 5307 γέννημα
619 5237 697 5308 τῷ
721 5236 981 5308 κτίσματί
1010 5252 1071 5289 τε
1106 5238 1199 5290 καὶ
1229 5235 1305 5308 τῷ
1335 5239 1621 5309 ποιήματι.
1655 5238 1845 5292 ἐκκλέ-

256 5344 422 5381 πτειν
450 5329 662 5399 ἡγεῖται
683 5327 779 5399 τὴν
817 5327 959 5382 κατά
999 5327 1062 5381 τὸ
1087 5328 1483 5400 σημαινόμενον
1513 5330 1621 5383 τῶν
1642 5328 1841 5401 ὀνομά-

255 5437 369 5473 των
401 5417 685 5489 διαφορὰν,
709 5418 796 5472 διὰ
814 5419 918 5490 τῆς
959 5418 1068 5475 τῶν
1108 5420 1482 5489 ἀκοινωνήτων
1516 5422 1840 5488 συντάξεως.

260 5509 452 5565 ταῦτα
470 5508 539 5564 τὰ
574 5510 711 5579 σοφά
757 5511 855 5581 τῆς
896 5511 1238 5581 διαλεκτικῆς
1285 5515 1651 5583 μηχανήματα
1677 5531 1689 5545 ·
1724 5514 1842 5567 ἀλλ’

262 5605 430 5672 ἡμεῖς
462 5605 514 5656 οι
548 5603 752 5658 ἰδιῶται
785 5602 865 5674 τῷ
892 5603 1052 5678 λόγῳ,
1083 5605 1143 5656 τὸ
1193 5604 1290 5673 μὲν
1340 5600 1479 5660 εἶναι
1506 5606 1663 5660 τοῦτο
1704 5609 1843 5661 κατὰ

263 5696 370 5766 τὴν
399 5694 580 5766 φωνην
610 5696 703 5751 καὶ
732 5695 832 5766 τὴν
855 5694 1124 5764 γλῶσσαν,
1142 5695 1279 5767 ὅπερ
1300 5698 1328 5751 ό
1356 5696 1510 5767 λόγος
1536 5699 1660 5771 περὶ
1685 5697 1843 5771 ἡμῶν

1953 3434 2093 3477 sam.
2128 3420 2233 3489 Qui
2282 3432 2465 3480 autem
2512 3426 2581 3482 ad
2626 3429 2925 3486 novitatem
2973 3431 3115 3489 hanc
3154 3444 3530 3497 transmutant

1951 3511 2146 3584 dogma
2186 3515 2379 3573 multis
2426 3517 2736 3591 indigerent
2774 3523 3048 3580 rationum
3095 3533 3435 3601 argumentis
3475 3543 3531 3591 et

1950 3604 2186 3669 auxiliis,
2219 3606 2263 3661 si
2295 3622 2401 3663 non
2436 3610 2851 3681 pulverulentos
2877 3623 2931 3671 et
2969 3618 3175 3688 agitatu
3201 3620 3392 3680 faciles
3415 3624 3529 3682 sive

1951 3690 2141 3764 Euripi
2181 3709 2333 3751 more
2361 3699 2595 3755 mobiles
2628 3699 2900 3768 homines,
2930 3705 3026 3760 sed
3054 3706 3219 3762 etiam
3252 3726 3447 3780 graves
3475 3723 3531 3768 et

1950 3793 2268 3843 constantes
2320 3795 2375 3844 et
2420 3792 2686 3860 propositi
2737 3801 2962 3852 tenaces
3010 3805 3195 3853 essent
3243 3800 3312 3855 ad
3370 3817 3525 3858 suam
3616 3874 3621 3879 ἡ

1950 3878 2277 3933 sententiam
2323 3878 2630 3938 adducturi.
2682 3881 2934 3951 Quandiu
2974 3896 3152 3943 autem
3214 3891 3368 3947 rudis
3428 3908 3528 3948 nec

1950 3968 2251 4040 probabilis
2312 3978 2366 4026 et
2414 3972 2889 4033 indemonstratus
2944 3994 3134 4034 eorum
3210 3997 3393 4040 sermo
3448 3986 3525 4040 ita

1948 4057 2280 4129 proferetur,
2340 4060 2524 4119 fatuus
2578 4072 2632 4120 et
2674 4065 2870 4121 brutus
2932 4066 3259 4138 habebitur,
3312 4078 3374 4127 ut
3427 4073 3522 4145 qui

1947 4150 2409 4219 evangelistarum
2441 4161 2495 4209 et
2526 4156 2917 4224 apostolorum,
2952 4167 3005 4215 et
3037 4175 3227 4217 eorum
3254 4165 3348 4235 qui
3369 4165 3525 4222 dein-

1948 4254 2079 4310 ceps
2107 4240 2162 4295 in
2193 4238 2460 4298 Eeclesiis
2485 4243 2807 4311 illuxerunt,
2833 4248 3139 4306 doctrinam
3166 4253 3521 4314 inﬁrmiorem

1948 4327 2431 4385 indemonstrabili
2466 4333 2787 4402 garrulitate
2827 4337 3010 4395 faciat.

2018 4417 2126 4475 Sed
2185 4419 2472 4492 scriptoris
2516 4424 2756 4483 solertia:
2809 4437 2865 4485 et
2916 4431 3121 4502 ingenii
3177 4437 3521 4504 praestantis—

1946 4507 2146 4562 simum
2204 4524 2435 4567 acumen
2486 4515 2907 4586 perspiciamus,
2970 4524 3248 4592 quomodo
3296 4527 3518 4597 quidem
3604 4598 3610 4605 .

1948 4600 2219 4657 afﬂuentia
2243 4605 2590 4675 experientia:
2605 4607 2904 4668 dialectica:
2922 4612 2976 4667 in
2996 4617 3332 4671 contrarium
3364 4617 3521 4674 t‘a’cile

1945 4691 2303 4763 simpliciores
2348 4696 2595 4754 attrahit.
2629 4696 2880 4758 Facturm
2902 4712 2956 4759 et
2984 4697 3251 4763 creatura:
3278 4708 3520 4778 appella-

1943 4786 2080 4842 tioni
2108 4802 2297 4844 vocem
2330 4789 2495 4845 etiam
2537 4795 2881 4859 gennemalis
2956 4794 3034 4867 (id
3073 4806 3180 4866 est,
3214 4798 3517 4872 progeniei)

1946 4875 2148 4946 adjecit
2191 4891 2316 4931 cum
2369 4877 2529 4943 dixit,
2562 4877 2684 4935 Filii
2715 4885 3012 4939 essentiam
3046 4886 3099 4943 in
3137 4890 3372 4961 seipsam
3406 4890 3519 4946 haec

1944 4969 2170 5024 nomina
2220 4970 2498 5041 recipere;
2556 4980 2611 5027 et
2654 4975 2802 5030 velut
2836 4975 2891 5031 in
2922 4977 3200 5034 ebriorum
3252 4994 3515 5039 consessu

1945 5059 2283 5118 concionans
2323 5061 2529 5117 nemini
2556 5071 2711 5134 putat
2752 5080 2911 5122 suum
2943 5069 2996 5123 in
3031 5068 3282 5143 dogmate
3309 5073 3515 5128 malen-

1942 5148 2088 5202 cium
2120 5148 2342 5221 planum
2371 5157 2427 5204 et
2451 5151 2799 5222 perspicuum
2829 5153 2969 5213 fore.
3001 5156 3138 5212 Nam
3171 5166 3436 5214 creatura:
3462 5168 3517 5215 et

1942 5238 2168 5295 facturae
2212 5241 2614 5313 compingendo
2656 5259 2920 5315 gennema
2953 5248 3305 5318 (genituram)
3336 5252 3516 5306 nomi-

1942 5347 2072 5386 num
2110 5330 2472 5388 diiferentiam
2515 5336 2821 5390 secundum
2862 5338 3230 5410 signiﬁcatum
3280 5342 3420 5398 clam
3461 5354 3515 5399 et

1945 5422 2130 5479 furtim
2175 5438 2237 5479 se
2272 5424 2464 5479 tollere
2507 5426 2809 5492 existimat,
2840 5428 2955 5484 haec
2980 5431 3198 5486 nomina
3233 5449 3356 5504 qua:
3386 5437 3513 5489 ιιιιι-

1943 5515 2049 5568 lam
2100 5512 2243 5569 inter
2290 5528 2349 5570 se
2391 5514 2598 5570 habent
2643 5518 3107 5587 communionem,
3148 5521 3311 5578 simul
3365 5539 3516 5580 com-

1941 5606 2213 5680 ponendo.
2235 5605 2359 5663 Haec
2382 5614 2512 5662 sunt
2536 5607 2699 5663 docta
2721 5608 3022 5667 dialectica:
3043 5612 3514 5680 machinamenta;

1946 5699 2041 5756 sed
2084 5715 2183 5757 nos
2227 5699 2391 5757 rudes
2435 5706 2487 5755 et
2545 5701 2774 5773 imperiti
2819 5718 3092 5774 sermone,
3147 5705 3249 5763 hoc
3297 5706 3515 5779 quidem

3456 327 3668 383 656'
