3992 6210
454 295 560 353 055

1726 283 1785 340 S.
1825 280 2155 340 GREGORII
2190 279 2489 338 NYSSENI

3605 261 3719 320 656

450 427 576 470 esse
624 406 926 468 secundum
963 417 1153 460 vocem
1194 410 1250 459 et
1295 401 1561 475 linguam,
1616 400 1765 472 quod
1805 402 2061 473 quidem,

2168 402 2430 465 είκνυσιν,
2479 398 2580 452 οὐκ
2615 394 2945 469 ἀρνούμεθα.
2983 392 3131 448 Ὠτία
3179 391 3256 456 δὲ,
3290 387 3472 451 καθώς
3505 401 3670 457 φησιν
3692 384 3723 435 ό

455 508 525 562 de
573 503 731 558 nobis
779 501 1124 554 demonstrat
1175 495 1374 559 oratio,
1409 508 1522 548 non
1555 493 1884 550 inliciamur.
1914 494 2030 548 Au-

457 597 664 652 riculas
719 598 924 655 autem,
982 588 1128 644 sicut
1177 586 1254 640 ait
1288 584 1580 657 Propheta,
1618 585 1779 641 nobis
1820 592 2031 655 aptatas

456 702 580 743 esse
608 694 662 741 et
687 681 1024 752 compositas
1065 679 1131 734 ad
1181 678 1429 733 auditum
1464 679 1602 734 bene
1642 677 2031 748 intelligentem

455 775 805 830 conﬁtemur.
834 769 1126 841 Propterea
1148 782 1246 839 per
1266 781 1581 838 compagem
1605 766 1889 822 nominum
1915 779 2036 836 quae

459 867 664 922 nullam
716 865 856 918 inter
904 877 964 917 se
1012 861 1218 916 habent
1256 858 1722 922 communionem,
1766 856 1832 910 ad
1869 856 2036 927 signi-

463 958 750 1014 ﬁcatorum
773 952 1154 1009 confusionem
1181 950 1501 1019 neutiquam
1535 948 1867 1003 inducimur.
1901 946 2034 1002 Nam

465 1049 571 1106 etsi
606 1063 838 1120 magnus
863 1045 1161 1116 Apostolus
1186 1042 1242 1097 in
1275 1041 1466 1098 eodem
1489 1039 1755 1096 orationis
1782 1047 2037 1094 contextu

466 1141 714 1197 nominet
752 1139 899 1210 ligna
931 1147 984 1192 et
1009 1136 1194 1192 fenum
1227 1144 1282 1189 et
1314 1133 1595 1204 stipulam,
1649 1147 1953 1202 aurumque
1985 1139 2040 1186 et

467 1244 750 1305 argentum
797 1239 851 1286 et
901 1229 1109 1300 lapides
1153 1228 1424 1299 pretiosos
1455 1225 1570 1292 ²’⁶;
1621 1233 1800 1280 tamen
1831 1231 1885 1280 et
1946 1240 2042 1278 nu-

469 1341 679 1380 merum
713 1338 906 1380 eorum
958 1336 1080 1390 qua:
1131 1319 1412 1375 recensuit
1446 1316 1761 1372 summatim
1813 1332 2043 1387 compu-

466 1419 674 1480 tamus,
701 1423 867 1484 atque
897 1413 1061 1465 etiam
1096 1417 1347 1464 naturam
1377 1423 1572 1464 eorum
1602 1422 1725 1478 quae
1754 1408 2040 1462 nominata

473 1515 601 1561 sunt
631 1505 850 1576 proprie
893 1513 946 1560 et
989 1503 1342 1573 singulariter
1364 1507 1528 1572 prout
1557 1502 1755 1569 cuique
1786 1499 2042 1554 convenit

477 1614 585 1652 non
641 1596 1045 1669 ignorabimus;
1083 1594 1162 1649 sic
1211 1595 1376 1648 etiam
1407 1607 1555 1647 nunc
1582 1605 1845 1663 gennema
1874 1597 1930 1644 et
1965 1588 2046 1643 fa-

475 1701 630 1745 ctura
661 1707 783 1746 cum
819 1691 886 1746 de
919 1687 1112 1744 eodem
1150 1687 1427 1742 nominata
1467 1686 1596 1750 sint,
1623 1700 1691 1740 ex
1723 1683 1950 1739 vocibus
1981 1680 2047 1736 ad

2140 496 2453 566 Προφήτης,
2510 489 2874 562 κατηρτίσθαι
2922 489 3017 541 καὶ
3059 486 3192 558 ἡμῖν
3237 482 3376 554 πρὸς
3424 478 3594 550 ἀκοὴν
3625 476 3722 529 εὖ-

2142 585 2382 650 σύνετον,
2433 580 2825 652 ὁμολογοῦμεν.
2867 579 3066 649 Διόπερ
3119 574 3272 630 οὐδὲν
3318 572 3409 627 διὰ
3448 571 3547 642 τῆς
3596 586 3727 621 συν-

2141 675 2335 745 αφείας
2382 673 2491 726 τῶν
2525 671 2904 740 ἀκοινωνήτων
2944 666 3222 737 ὀνομάτων
3256 663 3338 744 είς
3370 661 3468 732 τήν
3495 658 3604 712 τῶν
3624 675 3727 727 σηο

2145 767 2485 840 μαινομένων
2511 764 2772 834 σύγχυσιν
2803 758 3126 830 ὑπαγόμεθα
3152 774 3165 788 ⁸
3199 754 3334 810 ἀλλά
3359 752 3460 807 κᾶν
3489 752 3518 804 ὁ
3546 750 3724 820 μέγας

2157 858 2473 920 Ἀπόστολος
2488 855 2629 919 κατά
2661 853 2856 908 ταύτὸν
2909 851 3148 922 ὀνομάσῃ
3199 846 3331 915 ξύλα
3364 844 3460 898 καὶ
3504 841 3720 911 χόρτον,

2145 953 2239 1008 καὶ⁸
2267 951 2536 1023 καλάμην,
2568 949 2766 1021 χρυσόν
2809 964 2868 1000 τε
2911 946 3006 1000 καὶ
3041 943 3280 1014 ἄργυρον
3309 940 3404 992 καὶ
3437 936 3618 997 λίθους
3642 950 3724 986 τι-

2150 1044 2303 1115 μίους
2321 1058 2334 1071 ·
2363 1043 2454 1096 καὶ
2482 1042 2574 1094 τὸν
2599 1039 2828 1111 ἀριθμὸν
2848 1036 2957 1091 τῶν
2989 1053 3093 1106 μνη
3103 1031 3469 1104 μονευθέντων
3511 1026 3604 1080 ἐπὶ
3626 1042 3719 1078 κεο

2147 1135 2373 1206 φαλαίου
2411 1131 2853 1203 συλλογιζόμεθα,
2887 1128 2980 1184 καὶ
3017 1126 3114 1198 τήν
3147 1125 3310 1195 φύσιν
3356 1119 3586 1174 ἑκάστου
3615 1117 3723 1170 τῶν

2147 1224 2655 1297 κατωνομασμένων
2699 1219 3004 1285 ἰδιαζόντως
3045 1219 3146 1271 οὐκ
3190 1214 3558 1284 ἀγνοήσομεν*
3583 1207 3727 1261 οὕτω

2149 1318 2241 1372 καὶ
2275 1316 2369 1370 νῦν
2389 1313 2723 1386 γεννήματος
2749 1313 2844 1366 καὶ
2885 1311 3188 1381 ποιήματος
3205 1305 3345 1359 κατὰ
3366 1301 3563 1355 ταύτὸν
3589 1314 3728 1368 μνη-

2153 1407 2538 1479 μονευθέντων,
2579 1407 2645 1459 ὲκ
2693 1403 2801 1456 τῶν
2858 1399 3051 1472 φωνῶν
3100 1397 3193 1451 ἐπὶ
3236 1395 3306 1448 τά
3355 1390 3727 1463 σημαινόμενα

2153 1496 2509 1569 μεταϐάντες,
2538 1497 2600 1550 οὐ
2619 1493 2716 1566 τήν
2745 1493 2916 1562 αὐτὴν
2959 1490 3174 1561 ἑκάστῳ
3211 1487 3316 1540 τῶν
3341 1483 3618 1553 ὀνομάτων
3643 1482 3730 1532 ὲν-

2151 1587 2464 1660 θεωροῦμεν
2519 1586 2778 1640 διάνοιαν.
2810 1583 2974 1637 Ἀλλο
3023 1582 3132 1652 γάρ
3171 1597 3226 1632 τι
3271 1577 3331 1630 τὸ
3377 1575 3600 1645 κτίσμα,
3634 1571 3732 1624 καὶ

2151 1683 2334 1751 ἕτερον
2377 1679 2634 1751 σημαίνει
2677 1678 2740 1732 τὸ
2772 1678 3014 1749 γέννημα
3046 1691 3060 1706 '
3093 1673 3231 1726 ὥστε
3260 1670 3363 1725 κᾶν
3397 1670 3600 1729 ἐκεῖνος
3642 1681 3733 1734 μι-

477 1783 778 1853 signiiicata
827 1787 1196 1842 transeuntes,
1245 1793 1355 1832 non
1415 1776 1664 1832 eamdem
1715 1776 1770 1830 in
1826 1788 2046 1845 quoque

2168 1771 2284 1843 ςνύῃ
2306 1771 2374 1825 τά
2409 1771 2648 1840 ἄμικταο
2677 1771 2706 1822 ό
2743 1767 2960 1830 συνετὸς
2997 1762 3271 1836 ἀκροατὴς
3302 1755 3733 1853 διακεκριμένως

477 1875 762 1929 nominum
812 1871 1229 1942 intelligentiam
1293 1869 1570 1924 intuemur
1623 1884 1640 1922 :
1699 1866 1847 1921 aliud
1897 1865 2044 1920 enim

477 1963 538 2015 τὸ
570 1963 774 2033 κτίσμα
819 1958 1143 2032 (creatura),
1185 1958 1332 2014 aliud
1376 1973 1506 2013 vero
1547 1955 1820 2027 signiﬁcat
1847 1956 1909 2008 τὸ
1930 1955 2058 2022 γέν-

476 2070 625 2124 νημα
700 2053 972 2123 (genitura
1028 2051 1142 2107 sive
1192 2047 1493 2122 progenies)
1577 2045 1656 2100 Ita
1709 2053 1770 2100 ut
1823 2047 1928 2102 etsi
1969 2047 2060 2102 ille

479 2144 709 2199 misceat
770 2156 834 2197 ea
883 2155 1004 2212 qua:
1045 2146 1330 2210 nequeunt
1379 2137 1726 2193 commisceri
1775 2157 1789 2193 :
1858 2138 2061 2194 intelli-

483 2250 620 2305 gens
672 2233 893 2288 auditor
937 2231 1201 2286 distincte
1244 2227 1430 2282 audiet
1473 2235 1529 2282 et
1562 2226 1961 2284 demonstrabit
1984 2244 2050 2284 ex

483 2323 570 2381 his
623 2339 747 2380 esse
805 2338 925 2394 quae
980 2322 1100 2377 ﬁeri
1145 2336 1256 2376 non
1303 2325 1558 2389 possunt,
1597 2319 1934 2389 γεννήματος
1960 2334 2054 2390 ge-

485 2416 782 2491 nituramet
827 2414 1122 2485 κτίσματος
1164 2411 1393 2467 factura:
1424 2410 1845 2482 appellationem
1889 2425 2051 2463 unam

486 2507 721 2576 aliquam
773 2506 830 2561 in
877 2506 1114 2577 seipsam
1173 2504 1418 2573 recipere
1467 2511 1742 2556 naturam.
1793 2500 1852 2556 Si
1907 2503 2053 2558 enim

487 2595 680 2650 horum
712 2596 946 2651 alterum
973 2607 1102 2648 vere
1123 2592 1230 2648 dici
1266 2597 1474 2662 posset,
1498 2588 1842 2644 mendacium
1867 2602 2058 2642 neces-

487 2687 635 2742 sario
659 2689 764 2743 erit
793 2688 1046 2743 alterum.
1087 2683 1269 2752 Quare
1311 2683 1357 2738 si
1398 2681 1604 2752 κτίσμα
1639 2679 1851 2734 factura
1885 2689 2054 2744 esset,

2151 1862 2440 1918 ἀκούσεται
2471 1860 2563 1914 καὶ⁵
2595 1859 2758 1924 δείξει
2778 1859 2885 1913 τῶν
2911 1855 3188 1912 ἀδυνάτων
3217 1849 3354 1906 εἶναι
3380 1849 3476 1918 τὴν
3497 1845 3590 1900 τοῦ
3609 1862 3734 1912 γεν-

2153 1954 2391 2025 νήματος
2431 1952 2524 2006 καὶ
2568 1951 2667 2020 τὴν
2714 1949 2807 2003 τοῦ
2835 1948 3132 2019 κτίσματος
3171 1938 3564 2012 προσηγορίαν,
3607 1933 3735 2005 μίαν

2155 2045 2276 2098 τινὰ
2322 2044 2482 2112 φύσιν
2531 2045 2610 2105 εἰς
2665 2041 2863 2113 ἑαυτήν
2905 2036 3174 2109 δέχεσθαι.
3211 2035 3273 2086 Εἰ
3317 2031 3426 2102 γὰρ
3454 2027 3515 2081 τὸ
3547 2028 3736 2096 ἕτερον

2156 2135 2472 2206 ἀληθεύοιτο
2517 2135 2742 2198 τούτων,
2800 2132 3014 2203 ψεῦδος·
3046 2131 3106 2196 ἐξ
3162 2125 3406 2193 ἀνάγκης
3467 2120 3618 2173 ἔσται
3677 2116 3739 2168 τὸ

2155 2228 2359 2299 ἕτερον.
2390 2230 2553 2282 Ὥστε
2595 2228 2643 2280 εί
2684 2225 2888 2296 κτίσμα
2919 2224 3026 2294 εἴη,
3069 2224 3143 2293 μὴ
3169 2213 3306 2296 εἶναι
3331 2215 3577 2284 γέννημα
3599 2227 3613 2241 ο
3642 2209 3740 2260 καὶ

2155 2320 2216 2372 τὸ
2243 2319 2497 2391 ἔμπαλιν,
2545 2319 2595 2371 εί
2636 2317 2883 2388 γέννημα
2919 2315 3151 2383 λέγοιτο,
3202 2303 3608 2378 ἀλλοτριοῦτςθαι
3635 2300 3740 2369 τῆς

2156 2411 2470 2483 ἐπωνυμίας
2499 2411 2591 2465 τοῦ
2643 2410 2962 2481 κτίσματος.
2994 2405 3156 2460 Ἀλλά
3201 2420 3367 2474 φησιν
3387 2402 3416 2453 ὁ
3451 2397 3740 2464 Εὐνόμιος,

2160 2506 2238 2566 εις
2259 2504 2455 2576 ἑαυτὴν
2489 2503 2755 2577 ’δέχεσθαι
2804 2501 2899 2556 τοῦ
2953 2498 3082 2554 Υἱοῦ
3113 2498 3209 2569 τὴν
3243 2494 3430 2549 οὐσίαν
3489 2489 3586 2553 τὰς
3640 2485 3742 2538 τοῦ

2159 2597 2500 2666 γεννήματος
2563 2595 2658 2649 καὶ
2709 2594 3010 2665 ποιήματος
3079 2590 3175 2644 καὶ
3223 2587 3521 2656 κτίσματος
3569 2593 3744 2648 1:908-

2163 2687 2410 2758 ηγορίας.

488 2795 600 2835 non
623 2787 767 2835 esset
798 2778 1044 2847 γέννημα
1078 2774 1372 2844 (genitura)
1407 2790 1421 2826 :
1461 2780 1516 2826 et
1580 2770 1699 2824 vice
1734 2783 1914 2832 versa,
1980 2771 2027 2825 si
2091 2773 2337 2847 γέννημα
2391 2775 2684 2848 (genitura)
2714 2775 3010 2839 diceretur,
3059 2771 3391 2826 alienaretur
3435 2779 3466 2819 a
3517 2761 3752 2816 factum

488 2869 732 2925 nomine.
783 2864 889 2921 Sed
937 2865 1014 2918 ait
1072 2861 1398 2926 Eunomius,
1430 2860 1483 2913 in
1519 2859 1758 2929 seipsam
1804 2858 2050 2928 recipere

2168 2866 2224 2919 lii
2272 2867 2567 2923 essentiam
2616 2867 2952 2936 γεννήματος
3003 2860 3307 2934 (geniturae)
3352 2865 3406 2914 et
3439 2855 3754 2926 ποιήματος

490 2958 760 3034 (facturae)
794 2965 846 3012 et
879 2956 1175 3026 κτίσματος
1221 2951 1532 3032 (creatura!)
1566 2948 1984 3020 appellationes.

563 3054 668 3110 Sed
709 3049 959 3121 nunquid
989 3065 1087 3120 per
1133 3064 1198 3103 ea
1250 3061 1371 3118 quae
1401 3055 1711 3116 sequuntur
1762 3045 1910 3100 hunc
1936 3045 2056 3100 sine

2233 3049 2326 3120 Μή
2348 3066 2400 3102 τι
2424 3047 2512 3102 διά
2538 3047 2644 3102 τῶν
2672 3044 2978 3100 ὑπολοίπων
3016 3039 3460 3113 κατησφαλίσατο
3485 3036 3576 3090 τὸν
3612 3036 3756 3090 ἀκέ-

492 3144 675 3214 capite
716 3149 770 3198 et
811 3141 931 3197 sine
975 3139 1164 3194 radice
1207 3153 1519 3194 sermonem
1556 3136 1920 3201 conlirmavit,
1965 3137 2059 3208 qui

2168 3139 2336 3208 φαλον
2367 3139 2554 3193 τοῦτον
2581 3139 2675 3192 καὶ
2705 3135 2929 3210 ἄρριζον
2952 3134 3133 3202 λόγον,
3194 3129 3253 3194 ὃς
3280 3129 3501 3199 οὐδεμιᾷ
3523 3127 3611 3180 διὰ
3637 3128 3757 3179 τῶν

493 3235 713 3305 quidem
759 3233 926 3289 exiis
953 3247 1075 3303 quae
1104 3232 1260 3302 prius
1307 3229 1455 3284 dicta
1507 3235 1636 3283 sunt
1681 3229 1832 3282 nullo
1865 3228 2063 3283 robore

494 3325 758 3380 fundatus
805 3331 890 3380 est
967 3323 1032 3377 ad
1095 3321 1150 3377 id
1219 3321 1364 3392 quod
1409 3318 1900 3388 superaedilicatum
1960 3321 2073 3372 est?

494 3416 580 3471 Διι
628 3415 792 3470 etiam
821 3414 1033 3484 reliqua
1063 3411 1252 3467 eadem
1277 3411 1520 3465 vanitate
1550 3409 1822 3474 laborant,
1849 3422 1880 3462 a
1912 3409 2067 3462 nullo

496 3527 564 3567 ex
583 3507 892 3563 rationibus
911 3505 1080 3576 petito
1105 3503 1306 3557 auxilio
1331 3503 1500 3556 robur
1519 3501 1751 3571 adepta;
1779 3499 1873 3554 sed
1899 3500 2067 3554 latam

497 3610 553 3658 et
590 3598 925 3655 inconditam
970 3596 1118 3652 velut
1149 3596 1203 3650 in
1233 3593 1571 3650 somniorum
1613 3591 1932 3646 narratione
1961 3590 2070 3645 bla-

498 3691 760 3764 sphemize
777 3690 1187 3761 expositionem
1234 3685 1518 3741 habentia?
1546 3683 1688 3740 Dicit
1727 3685 1873 3740 enim
1905 3683 2070 3738 dictis

499 3781 616 3834 hac
667 3785 970 3832 annectens
1021 3795 1034 3831 :
1085 3773 1462 3829 Immediatam
1506 3775 1714 3844 quidem
1764 3774 1870 3828 sive
1924 3773 2072 3827 nullo

499 3872 878 3925 intercurrente
911 3866 1082 3922 medio
1117 3866 1389 3920 habentem
1419 3866 1828 3935 generationem,
1871 3864 2071 3931 impar-

503 3960 725 4014 tibiliter
749 3967 929 4011 autem
959 3964 1251 4010 servantem
1279 3970 1396 4008 cum
1423 3969 1482 4007 eo
1516 3954 1606 4022 qui
1633 3954 1810 4023 genuit
1850 3962 1898 4007 et
1929 3953 2071 4020 fecit,

501 4059 551 4104 et
581 4049 773 4102 creavit
808 4047 1140 4102 relationem.
1167 4043 1224 4098 Si
1252 4047 1419 4108 enim,
1449 4059 1514 4098 eo
1537 4043 1756 4112 dempto
1784 4057 1892 4111 quo
1918 4043 2071 4110 dicit,

503 4140 867 4195 immediatum
891 4149 940 4192 et
966 4135 1365 4208 impartibilem,
1410 4135 1585 4204 ipsam
1632 4133 1689 4188 in
1729 4134 1910 4204 seipsa
1950 4149 2073 4187 ver-

504 4230 697 4285 borum
747 4229 1078 4284 sententiam
1130 4235 1461 4296 spectemus,
1523 4225 1866 4280 inveniemus
1923 4221 2074 4294 quod

505 4322 712 4391 ubique
751 4320 1015 4375 doctrina:
1059 4318 1310 4373 delirium
1335 4325 1391 4372 et
1419 4331 1599 4372 meras
1623 4331 1797 4384 nugas
1820 4316 2079 4385 nulloque

507 4410 743 4464 rationis
787 4415 1066 4464 momento
1095 4407 1476 4462 conﬁrmatum
1511 4421 1820 4462 sermonem
1850 4407 2080 4462 auribus

2171 3232 2402 3302 πρώτων
2436 3231 2740 3299 κατεϐλήθη
2765 3228 2901 3298 πρὸς
2933 3226 2994 3279 τὸ
3022 3220 3564 3290 κατασκευαζόμενον
3582 3217 3757 3271 δυνάο

2177 3335 2291 3389 μει;
2313 3319 2380 3370 ’Ἡ
2411 3319 2506 3372 καὶ
2535 3318 2603 3370 τὰ
2623 3315 2785 3369 λοιπά
2813 3314 2914 3384 τῆς
2949 3313 3116 3378 αὐτῆς
3148 3309 3328 3380 ἔχεται
3365 3307 3755 3379 ματαιότητος,

2173 3408 2271 3461 οὐκ
2301 3410 2408 3462 ἀπό
2439 3427 2580 3473 τινος
2602 3410 2699 3480 τῆς
2745 3409 2811 3462 ὲκ
2847 3406 2957 3460 τῶν
2997 3403 3270 3474 λογισμῶν
3297 3400 3610 3472 συμμαχίας
3649 3402 3760 3469 τὴν

2177 3503 2327 3572 ίσχὺν
2360 3501 2734 3573 προλαϐόνταο
2795 3497 2932 3552 ἀλλά
2978 3495 3278 3564 διεξοδικὴν
3317 3510 3376 3545 τε
3409 3491 3504 3544 καὶ⁵
3542 3490 3766 3543 ἀκατάο

2177 3609 2369 3646 σκευον
2398 3591 2586 3661 ὥσπερ
2608 3590 2700 3644 ἐπὶ
2713 3589 2813 3662 τῆς
2833 3589 2940 3642 τῶν
2965 3587 3188 3658 ὀνείρων
3210 3585 3510 3656 διηγήσεως
3531 3583 3630 3652 τήν
3651 3580 3765 3650 τῆς

2178 3681 2523 3754 βλασφημίας
2551 3680 2763 3734 ἔκθεσιν
2805 3677 3028 3749 έχοντα;
3057 3678 3218 3746 Λέγει
3246 3675 3355 3749 γὰρ
3387 3678 3497 3738 τοῖς
3521 3673 3762 3744 εἰρημέ-

2176 3790 2287 3837 νοις
2307 3772 2640 3841 ὲπισυνάψας
2662 3769 2836 3825 ταῦτα
2861 3787 2876 3802 ⁸
2905 3771 2993 3823 ὅτι
3013 3769 3420 3839 Ἀμεσίτευτον
3435 3765 3551 3835 μὲν
3577 3765 3768 3834 ἐχου-

2179 3880 2300 3918 σαν
2340 3863 2455 3932 τὴν
2507 3863 2833 3934 γέννησιν,
2859 3861 3184 3930 ἁμερίστως
3218 3857 3286 3911 δὲ
3305 3855 3621 3916 σώζουσαν
3644 3851 3768 3920 τὴν

2179 3959 2327 4028 πρὸς
2374 3958 2481 4011 τὸν
2537 3955 2933 4026 γεγεννηκότα
2972 3952 3068 4006 καί
3101 3948 3470 4016 πεποιηκότα
3500 3945 3598 3998 καὶ
3630 3945 3768 3997 κτί-

2181 4064 2376 4104 σαντα
2401 4046 2640 4118 σχέσιν.
2673 4047 2734 4100 Εἰ
2784 4045 2893 4116 γάρ
2931 4042 2992 4095 τὸ
3019 4037 3370 4112 ἀμεσίτευτόν
3391 4054 3452 4090 τε
3490 4036 3588 4089 καὶ
3617 4033 3769 4105 ἀμέ-

2185 4158 2367 4210 ριστον
2409 4139 2818 4201 καταλιπόντες,
2844 4133 3012 4206 αὑτήν
3040 4133 3123 4202 ἐφ’
3154 4131 3352 4202 ἑαυτῆς
3375 4129 3768 4198 θεωρήσαιμεν

2182 4231 2280 4302 τὴν
2312 4230 2419 4283 τῶν
2451 4229 2712 4301 ῥημάτων
2749 4226 3012 4291 διάνοιαν,
3047 4224 3348 4294 εὑρήσομεν
3375 4221 3456 4272 ὅτι
3481 4215 3771 4287 πανταχοῖ)

2183 4321 2244 4374 τὸ
2271 4320 2506 4392 ληρῶδες
2531 4319 2631 4388 τῆς
2664 4314 3007 4378 διδασκαλίας
3038 4314 3105 4367 δι’
3137 4311 3350 4374 οὐδενὸς
3385 4306 3774 4380 ίσχυροποιού-

2189 4429 2348 4484 μενον
2368 4411 2524 4479 λόγου
2552 4411 2670 4472 ταῖς
2692 4409 2882 4470 ἀκοαῖς
2906 4405 3014 4459 τῶν
3041 4402 3414 4472 ἀπατωμένων
3429 4397 3775 4469 προσρίπτεο

507 4500 861 4568 deceptorum
915 4497 1153 4570 proiicit.
1211 4495 1349 4550 Eum
1379 4496 1469 4565 qui
1516 4497 1713 4566 genuit,
1771 4496 1973 4567 inquit,
2025 4512 2061 4551 ei

2180 4520 2290 4556 ται.
2342 4501 2453 4555 Τὸν
2504 4499 2923 4569 γεγεννηκότα,
2966 4494 3120 4566 φησὶ,
3175 4492 3273 4546 καί
3323 4490 3615 4544 κτίσαντα
3661 4487 3773 4540 καὶ

509 4590 601 4661 qui
647 4590 861 4655 creauit,
929 4597 980 4643 et
1033 4588 1124 4658 qui
1174 4586 1320 4657 luit.
1368 4585 1494 4640 Haec
1559 4586 1661 4642 etsi
1724 4586 1830 4639 tria
1891 4586 2084 4642 viden-

510 4699 622 4751 tur,
649 4689 883 4744 duorum
912 4695 1094 4742 tamen
1118 4698 1381 4741 sensuum
1407 4681 1827 4754 significantiam
1855 4680 2080 4747 habent,

509 4781 642 4851 quia
685 4779 810 4835 duae
847 4787 979 4834 sunt
1010 4793 1077 4833 ex
1121 4777 1204 4832 eis
1252 4788 1417 4831 voces
1471 4788 1593 4843 quae
1648 4772 1978 4843 tequivalent
2029 4779 2084 4827 et

512 4867 850 4924 conveniunt
884 4867 1025 4921 inter
1046 4880 1104 4921 se
1133 4865 1190 4919 in
1215 4863 1404 4919 eodem
1429 4877 1615 4917 sensu.
1646 4860 1780 4914 Nam
1805 4860 1868 4913 τὸ
1886 4863 2080 4928 ποιεῖν,

513 4960 619 5014 hoc
654 4965 739 5014 est
772 4957 965 5026 facere,
993 4962 1050 5010 et
1071 4955 1132 5008 τὸ
1151 4952 1357 5018 κτίζειν
1390 4951 1489 5025 (a),
1519 4951 1573 5007 id
1602 4959 1686 5006 est
1713 4966 1915 5017 creare,
1945 4950 2086 5006 idem

514 5063 596 5108 est
638 5065 902 5124 prorsus;
937 5063 1128 5106 verum
1155 5047 1437 5117 generatio
1507 5044 1688 5100 diﬂ‘ert
1723 5043 1793 5098 ab
1816 5045 2086 5113 utrisque.

514 5145 654 5200 Cum
697 5143 868 5214 igitur
913 5140 1224 5196 communis
1271 5137 1555 5194 hominum
1596 5135 1785 5206 opinio
1826 5135 1893 5190 ad
1932 5134 2089 5190 dill‘e-

517 5237 753 5290 rentiam
778 5248 972 5292 sensus
991 5247 1058 5288 ex
1078 5231 1368 5287 verborum
1391 5226 1757 5295 signiﬁcantia
1777 5225 2090 5293 dividatur;

590 5393 658 5423 ²³⁶
687 5392 707 5446 l
739 5391 866 5448 Cor.
902 5406 985 5458 ιιι,
1023 5390 1110 5446 i2.

593 5552 672 5621 (a)
695 5551 807 5607 Hoc
834 5553 1063 5607 verbum
1094 5559 1178 5607 est
1208 5549 1512 5607 secundum
1531 5546 1776 5621 Grazcam
1815 5546 2092 5621 phrasim;

526 5616 665 5677 nam
709 5637 807 5691 pro
856 5623 1045 5676 eodem
1097 5622 1160 5674 τὸ
1208 5621 1412 5684 κτίζειν
1465 5625 1523 5691 et
1574 5619 1635 5671 τὸ
1691 5620 1866 5670 ποιεῖν
1920 5616 2093 5682 Graeci

527 5689 755 5765 ponunt.
779 5689 958 5746 Latini
1003 5698 1183 5745 autem
1224 5692 1442 5760 dill‘erre
1475 5689 1710 5745 dicunt:
1736 5703 1858 5742 nam
1890 5701 2078 5759 creare
2173 5731 2186 5752 ι

2188 4589 2548 4659 ποιήσαντα.
2606 4582 2789 4640 Ταῦτα
2829 4584 2932 4638 κᾶν
2984 4583 3110 4654 τρία
3147 4580 3314 4642 δοκεῖ,
3352 4578 3447 4631 δύο
3473 4575 3775 4646 νοημάτων

2188 4681 2304 4751 ἔχει
2359 4678 2458 4749 τὴν
2502 4676 2798 4749 σημασίαν,
2843 4673 2920 4745 τῷ
2956 4673 3053 4736 τὰς
3092 4672 3184 4726 δύο
3211 4671 3392 4740 φωνὰς
3424 4669 3779 4736 ίσοδυναμείν

2188 4771 2444 4842 ἀλλήλαις
2469 4769 2611 4824 κατὰ
2640 4769 2738 4840 τὴν
2761 4767 2989 4822 ἔννοιαν.
3007 4766 3082 4818 Τὸ
3103 4764 3209 4838 γάρ
3231 4762 3454 4832 ποιῆσαι
3471 4759 3549 4830 τῷ
3578 4759 3781 4813 κτίσαι

2187 4865 2382 4920 ταύτόν
2408 4867 2555 4918 ἐστιν
2575 4879 2587 4893 ’
2611 4863 2795 4933 ἕτερον
2820 4862 2878 4915 δὲ
2895 4863 2961 4915 τὰ
2978 4860 3129 4932 παρά
3149 4857 3410 4928 εἰρημένα
3426 4856 3462 4925 ή
3487 4853 3776 4924 γέννησις.

2189 4959 2301 5028 Τῆς
2325 4952 2416 5011 οὗν
2446 4955 2632 5025 κοινῆς
2661 4954 2769 5008 τῶν
2796 4952 3096 5024 ἀνθρώπων
3121 4949 3461 5020 ὑπολήψεως,
3485 4945 3620 5017 πρὸς
3654 4945 3788 4998 δια-

2190 5049 2387 5120 φόρους
2411 5046 2618 5110 ὲννοίας
2649 5047 2712 5099 ὲκ
2755 5045 2854 5114 τῆς
2883 5044 2988 5097 τῶν
3013 5041 3273 5113 ῥημάτων
3308 5038 3582 5110 σημασίας
3603 5051 3788 5106 μερι-

2190 5142 2442 5212 ζομένης,
2491 5140 2574 5202 τίς
2619 5139 2750 5209 ήμῖν
2810 5135 3051 5202 ἐπέδειξε
3100 5134 3256 5202 λόγος
3283 5129 3490 5184 ’ταύτὸν
3519 5123 3660 5180 εἶναι
3703 5129 3783 5198 τῇ

2190 5232 2442 5302 γεννήσει
2497 5227 2556 5282 τὸ
2612 5226 2850 5297 ποίημα·
2910 5225 3000 5280 ἵνα
3041 5224 3139 5296 τὴν
3187 5221 3313 5294 μίαν
3348 5219 3533 5274 οὐσίαν
3561 5219 3629 5288 τῇ
3661 5216 3789 5270 τῶν

2199 5553 2416 5625 proprie
2449 5551 2684 5625 dicitur,
2715 5566 2783 5606 ex
2824 5547 3022 5616 nihilo,
3071 5544 3252 5602 facere
3291 5555 3422 5600 vero
3464 5555 3529 5597 ex
3581 5539 3804 5615 aliqua

2200 5621 2446 5694 subjecta
2494 5621 2745 5678 materia.
