  <div class='ocr_page' id='page_1' title='image "/cluster/home/n/w/nwhite01/storage/ocr_20150623/45/hvd.32044073501876/346.png"; bbox 0 0 3992 6210; ppageno 0'>
   <div class='ocr_carea' id='block_1_1' title="bbox 220 289 328 347">
    <p class='ocr_par' dir='ltr' id='par_1_1' title="bbox 220 289 328 347">
     <span class='ocr_line' id='line_1_1' title="bbox 220 289 328 347; baseline -0.028 0"><span class='ocrx_word' id='word_1_1' title='bbox 220 289 328 347; x_wconf 77' lang='lat'><strong>657</strong></span> 
     </span>
    </p>
   </div>
   <div class='ocr_carea' id='block_1_2' title="bbox 1317 293 2323 366">
    <p class='ocr_par' dir='ltr' id='par_1_2' title="bbox 1317 293 2323 366">
     <span class='ocr_line' id='line_1_2' title="bbox 1317 293 2323 366; baseline 0.001 -14"><span class='ocrx_word' id='word_1_2' title='bbox 1317 293 1597 352; x_wconf 72' lang='lat' dir='ltr'><strong>CONTRA</strong></span> <span class='ocrx_word' id='word_1_3' title='bbox 1631 293 2021 366; x_wconf 79' lang='lat' dir='ltr'><strong>EUNOMIUM,</strong></span> <span class='ocrx_word' id='word_1_4' title='bbox 2063 298 2192 355; x_wconf 82' lang='lat' dir='ltr'><strong>LIB.</strong></span> <span class='ocrx_word' id='word_1_5' title='bbox 2234 296 2323 354; x_wconf 77' lang='grc' dir='ltr'>Ν.</span> 
     </span>
    </p>
   </div>
   <div class='ocr_carea' id='block_1_3' title="bbox 3385 294 3496 352">
    <p class='ocr_par' dir='ltr' id='par_1_3' title="bbox 3385 294 3496 352">
     <span class='ocr_line' id='line_1_3' title="bbox 3385 294 3496 352; baseline 0.009 -1"><span class='ocrx_word' id='word_1_6' title='bbox 3385 294 3496 352; x_wconf 72' lang='lat'><strong>658</strong></span> 
     </span>
    </p>
   </div>
   <div class='ocr_carea' id='block_1_4' title="bbox 227 400 1818 484">
    <p class='ocr_par' dir='ltr' id='par_1_4' title="bbox 227 406 1810 483">
     <span class='ocr_line' id='line_1_4' title="bbox 227 406 1810 483; baseline 0.001 -21"><span class='ocrx_word' id='word_1_7' title='bbox 227 407 495 481; x_wconf 71' lang='grc' dir='ltr'>ῥημάτων</span> <span class='ocrx_word' id='word_1_8' title='bbox 530 406 762 479; x_wconf 76' lang='grc' dir='ltr'>διαφορᾷ</span> <span class='ocrx_word' id='word_1_9' title='bbox 820 406 1336 478; x_wconf 82' lang='grc' dir='ltr'>προσαρμόσωμεν;</span> <span class='ocrx_word' id='word_1_10' title='bbox 1372 409 1516 473; x_wconf 85' lang='grc' dir='ltr'><strong>Ἕως</strong></span> <span class='ocrx_word' id='word_1_11' title='bbox 1543 409 1653 483; x_wconf 84' lang='grc' dir='ltr'>γὰρ</span> <span class='ocrx_word' id='word_1_12' title='bbox 1679 411 1743 464; x_wconf 81' lang='grc' dir='ltr'>ἂν</span> <span class='ocrx_word' id='word_1_13' title='bbox 1776 413 1810 482; x_wconf 82' lang='grc' dir='ltr'>ἠ</span> 
     </span>
    </p>
   </div>
   <div class='ocr_carea' id='block_1_5' title="bbox 1923 400 3488 484">
    <p class='ocr_par' dir='ltr' id='par_1_5' title="bbox 1923 400 3488 484">
     <span class='ocr_line' id='line_1_5' title="bbox 1923 400 3488 484; baseline -0.001 -17"><span class='ocrx_word' id='word_1_14' title='bbox 1923 427 2034 484; x_wconf 61' lang='lat' dir='ltr'><strong>quas</strong></span> <span class='ocrx_word' id='word_1_15' title='bbox 2080 400 2219 469; x_wconf 78' lang='lat' dir='ltr'><strong>ratio</strong></span> <span class='ocrx_word' id='word_1_16' title='bbox 2259 413 2418 470; x_wconf 86' lang='lat' dir='ltr'><strong>nobis</strong></span> <span class='ocrx_word' id='word_1_17' title='bbox 2471 412 2715 470; x_wconf 92' lang='lat' dir='ltr'><strong>ostendit</strong></span> <span class='ocrx_word' id='word_1_18' title='bbox 2759 411 2903 468; x_wconf 89' lang='lat' dir='ltr'><strong>idem</strong></span> <span class='ocrx_word' id='word_1_19' title='bbox 2935 426 3060 468; x_wconf 84' lang='lat' dir='ltr'><strong>esse</strong></span> <span class='ocrx_word' id='word_1_20' title='bbox 3098 426 3220 466; x_wconf 89' lang='lat' dir='ltr'><strong>cum</strong></span> <span class='ocrx_word' id='word_1_21' title='bbox 3254 426 3488 482; x_wconf 81' lang='lat' dir='ltr'><strong>genera-</strong></span> 
     </span>
    </p>
   </div>
   <div class='ocr_carea' id='block_1_6' title="bbox 226 498 1812 572">
    <p class='ocr_par' dir='ltr' id='par_1_6' title="bbox 226 498 1812 572">
     <span class='ocr_line' id='line_1_6' title="bbox 226 498 1812 572; baseline 0.002 -20"><span class='ocrx_word' id='word_1_22' title='bbox 226 498 468 570; x_wconf 76' lang='grc' dir='ltr'><strong>συνήθης</strong></span> <span class='ocrx_word' id='word_1_23' title='bbox 499 502 676 571; x_wconf 82' lang='grc' dir='ltr'><strong>κρατῇ</strong></span> <span class='ocrx_word' id='word_1_24' title='bbox 711 499 959 571; x_wconf 87' lang='grc' dir='ltr'>σημασία</span> <span class='ocrx_word' id='word_1_25' title='bbox 983 499 1093 552; x_wconf 82' lang='grc' dir='ltr'><strong>τῶν</strong></span> <span class='ocrx_word' id='word_1_26' title='bbox 1138 498 1357 563; x_wconf 78' lang='grc' dir='ltr'><strong>λέξεων,</strong></span> <span class='ocrx_word' id='word_1_27' title='bbox 1390 501 1484 554; x_wconf 79' lang='grc' dir='ltr'>καὶ</span> <span class='ocrx_word' id='word_1_28' title='bbox 1510 501 1701 572; x_wconf 74' lang='grc' dir='ltr'>μηδεὶς</span> <span class='ocrx_word' id='word_1_29' title='bbox 1723 502 1812 555; x_wconf 80' lang='grc' dir='ltr'><strong>εὑ-</strong></span> 
     </span>
    </p>
   </div>
   <div class='ocr_carea' id='block_1_7' title="bbox 232 589 1814 662">
    <p class='ocr_par' dir='ltr' id='par_1_7' title="bbox 232 589 1814 662">
     <span class='ocr_line' id='line_1_7' title="bbox 232 589 1814 662; baseline 0.002 -19"><span class='ocrx_word' id='word_1_30' title='bbox 232 591 478 661; x_wconf 85' lang='grc' dir='ltr'>ρίσκεται</span> <span class='ocrx_word' id='word_1_31' title='bbox 533 589 692 659; x_wconf 83' lang='grc' dir='ltr'>λόγος</span> <span class='ocrx_word' id='word_1_32' title='bbox 720 592 748 644; x_wconf 87' lang='grc' dir='ltr'><strong>ό</strong></span> <span class='ocrx_word' id='word_1_33' title='bbox 778 590 1200 662; x_wconf 86' lang='grc' dir='ltr'>μετασκευάζων</span> <span class='ocrx_word' id='word_1_34' title='bbox 1230 593 1310 654; x_wconf 77' lang='grc' dir='ltr'>εἰς</span> <span class='ocrx_word' id='word_1_35' title='bbox 1338 591 1400 644; x_wconf 86' lang='grc' dir='ltr'><strong>τὺ</strong></span> <span class='ocrx_word' id='word_1_36' title='bbox 1440 593 1683 648; x_wconf 76' lang='grc' dir='ltr'>ἐναντίον</span> <span class='ocrx_word' id='word_1_37' title='bbox 1713 592 1814 657; x_wconf 88' lang='grc' dir='ltr'>τὰς</span> 
     </span>
    </p>
   </div>
   <div class='ocr_carea' id='block_1_8' title="bbox 227 682 1813 754">
    <p class='ocr_par' dir='ltr' id='par_1_8' title="bbox 227 682 1813 754">
     <span class='ocr_line' id='line_1_8' title="bbox 227 682 1813 754; baseline 0.001 -18"><span class='ocrx_word' id='word_1_38' title='bbox 227 683 335 736; x_wconf 81' lang='grc' dir='ltr'><strong>τῶν</strong></span> <span class='ocrx_word' id='word_1_39' title='bbox 389 682 652 753; x_wconf 78' lang='grc' dir='ltr'><strong>ῥημάτων</strong></span> <span class='ocrx_word' id='word_1_40' title='bbox 702 682 1004 753; x_wconf 71' lang='grc' dir='ltr'>ἐμφάσειςο</span> <span class='ocrx_word' id='word_1_41' title='bbox 1032 683 1132 736; x_wconf 82' lang='grc' dir='ltr'>οὐκ</span> <span class='ocrx_word' id='word_1_42' title='bbox 1187 682 1463 754; x_wconf 78' lang='grc' dir='ltr'>ἐνδέχεται</span> <span class='ocrx_word' id='word_1_43' title='bbox 1517 685 1645 754; x_wconf 89' lang='grc' dir='ltr'>μίαν</span> <span class='ocrx_word' id='word_1_44' title='bbox 1688 684 1813 738; x_wconf 76' lang='grc' dir='ltr'>τινὰ</span> 
     </span>
    </p>
   </div>
   <div class='ocr_carea' id='block_1_9' title="bbox 229 775 1813 848">
    <p class='ocr_par' dir='ltr' id='par_1_9' title="bbox 229 775 1813 848">
     <span class='ocr_line' id='line_1_9' title="bbox 229 775 1813 848; baseline 0.001 -19"><span class='ocrx_word' id='word_1_45' title='bbox 229 777 391 845; x_wconf 80' lang='grc' dir='ltr'>φύσιν</span> <span class='ocrx_word' id='word_1_46' title='bbox 429 775 567 848; x_wconf 85' lang='grc' dir='ltr'>πρὸς</span> <span class='ocrx_word' id='word_1_47' title='bbox 614 775 716 847; x_wconf 85' lang='grc' dir='ltr'>τὴν</span> <span class='ocrx_word' id='word_1_48' title='bbox 769 776 860 830; x_wconf 79' lang='grc' dir='ltr'><strong>τοῦ</strong></span> <span class='ocrx_word' id='word_1_49' title='bbox 903 777 1210 846; x_wconf 81' lang='grc' dir='ltr'><strong>ποιήματος</strong></span> <span class='ocrx_word' id='word_1_50' title='bbox 1236 776 1332 829; x_wconf 79' lang='grc' dir='ltr'>καὶ</span> <span class='ocrx_word' id='word_1_51' title='bbox 1357 778 1695 848; x_wconf 80' lang='grc' dir='ltr'><strong>γεννήματος</strong></span> <span class='ocrx_word' id='word_1_52' title='bbox 1727 777 1813 831; x_wconf 77' lang='grc' dir='ltr'><strong>ἐν·</strong></span> 
     </span>
    </p>
   </div>
   <div class='ocr_carea' id='block_1_10' title="bbox 228 867 1816 940">
    <p class='ocr_par' dir='ltr' id='par_1_10' title="bbox 228 867 1816 940">
     <span class='ocr_line' id='line_1_10' title="bbox 228 867 1816 940; baseline 0.001 -20"><span class='ocrx_word' id='word_1_53' title='bbox 228 883 375 920; x_wconf 88' lang='grc' dir='ltr'>νοιαν</span> <span class='ocrx_word' id='word_1_54' title='bbox 412 867 812 938; x_wconf 81' lang='grc' dir='ltr'><strong>διασχισθῆναι.</strong></span> <span class='ocrx_word' id='word_1_55' title='bbox 852 867 1068 938; x_wconf 79' lang='grc' dir='ltr'><strong>Ἐπειδὴ</strong></span> <span class='ocrx_word' id='word_1_56' title='bbox 1099 867 1206 940; x_wconf 88' lang='grc' dir='ltr'><strong>γάρ</strong></span> <span class='ocrx_word' id='word_1_57' title='bbox 1253 869 1339 937; x_wconf 80' lang='grc' dir='ltr'><strong>ἐφ’</strong></span> <span class='ocrx_word' id='word_1_58' title='bbox 1363 869 1559 922; x_wconf 80' lang='grc' dir='ltr'>ἑαυτοῦ</span> <span class='ocrx_word' id='word_1_59' title='bbox 1587 869 1816 940; x_wconf 90' lang='grc' dir='ltr'>λεγόμε-</span> 
     </span>
    </p>
   </div>
   <div class='ocr_carea' id='block_1_11' title="bbox 227 957 1812 1030">
    <p class='ocr_par' dir='ltr' id='par_1_11' title="bbox 227 957 1812 1030">
     <span class='ocr_line' id='line_1_11' title="bbox 227 957 1812 1030; baseline 0.001 -19"><span class='ocrx_word' id='word_1_60' title='bbox 227 975 318 1011; x_wconf 91' lang='grc' dir='ltr'><strong>νον</strong></span> <span class='ocrx_word' id='word_1_61' title='bbox 342 957 551 1011; x_wconf 79' lang='grc' dir='ltr'>τούτων</span> <span class='ocrx_word' id='word_1_62' title='bbox 583 959 738 1012; x_wconf 80' lang='grc' dir='ltr'>ὲκάτε</span> <span class='ocrx_word' id='word_1_63' title='bbox 749 975 859 1029; x_wconf 88' lang='grc' dir='ltr'><strong>ρον,</strong></span> <span class='ocrx_word' id='word_1_64' title='bbox 900 957 1206 1021; x_wconf 75' lang='grc' dir='ltr'>ἰδιάζουσαν</span> <span class='ocrx_word' id='word_1_65' title='bbox 1229 957 1342 1028; x_wconf 76' lang='grc' dir='ltr'>ἔχει</span> <span class='ocrx_word' id='word_1_66' title='bbox 1376 957 1474 1030; x_wconf 76' lang='grc' dir='ltr'><strong>τήν</strong></span> <span class='ocrx_word' id='word_1_67' title='bbox 1497 960 1812 1030; x_wconf 77' lang='grc' dir='ltr'><strong>ἑρμηνείαν,</strong></span> 
     </span>
    </p>
   </div>
   <div class='ocr_carea' id='block_1_12' title="bbox 229 1049 1815 1122">
    <p class='ocr_par' dir='ltr' id='par_1_12' title="bbox 229 1049 1815 1122">
     <span class='ocr_line' id='line_1_12' title="bbox 229 1049 1815 1122; baseline 0.001 -20"><span class='ocrx_word' id='word_1_68' title='bbox 229 1050 448 1120; x_wconf 79' lang='grc' dir='ltr'><strong>ἀνάγκη</strong></span> <span class='ocrx_word' id='word_1_69' title='bbox 473 1051 648 1112; x_wconf 74' lang='grc' dir='ltr'>πᾶσα,</span> <span class='ocrx_word' id='word_1_70' title='bbox 685 1049 896 1103; x_wconf 79' lang='grc' dir='ltr'>οἰκείαν</span> <span class='ocrx_word' id='word_1_71' title='bbox 923 1066 983 1102; x_wconf 89' lang='grc' dir='ltr'><strong>τε</strong></span> <span class='ocrx_word' id='word_1_72' title='bbox 1022 1050 1117 1104; x_wconf 73' lang='grc' dir='ltr'><strong>καὶ</strong></span> <span class='ocrx_word' id='word_1_73' title='bbox 1159 1050 1398 1121; x_wconf 87' lang='grc' dir='ltr'>συγγενῆ</span> <span class='ocrx_word' id='word_1_74' title='bbox 1437 1052 1550 1114; x_wconf 83' lang='grc' dir='ltr'>τοῖς</span> <span class='ocrx_word' id='word_1_75' title='bbox 1589 1051 1815 1122; x_wconf 84' lang='grc' dir='ltr'>ὀνόμασι</span> 
     </span>
    </p>
   </div>
   <div class='ocr_carea' id='block_1_13' title="bbox 231 1141 1816 1214">
    <p class='ocr_par' dir='ltr' id='par_1_13' title="bbox 231 1141 1816 1214">
     <span class='ocr_line' id='line_1_13' title="bbox 231 1141 1816 1214; baseline 0.002 -20"><span class='ocrx_word' id='word_1_76' title='bbox 231 1142 663 1195; x_wconf 83' lang='grc' dir='ltr'>συνεπινοείσθαι</span> <span class='ocrx_word' id='word_1_77' title='bbox 691 1141 786 1196; x_wconf 72' lang='grc' dir='ltr'>καὶ</span> <span class='ocrx_word' id='word_1_78' title='bbox 827 1141 928 1212; x_wconf 80' lang='grc' dir='ltr'>τὴν</span> <span class='ocrx_word' id='word_1_79' title='bbox 971 1141 1226 1214; x_wconf 84' lang='grc' dir='ltr'><strong>σχετικὴν</strong></span> <span class='ocrx_word' id='word_1_80' title='bbox 1254 1141 1536 1211; x_wconf 79' lang='grc' dir='ltr'><strong>συζυγίαν.</strong></span> <span class='ocrx_word' id='word_1_81' title='bbox 1571 1144 1680 1196; x_wconf 77' lang='lat' dir='ltr'><strong>Kal.</strong></span> <span class='ocrx_word' id='word_1_82' title='bbox 1709 1143 1816 1213; x_wconf 88' lang='grc' dir='ltr'><strong>γὰρ</strong></span> 
     </span>
    </p>
   </div>
   <div class='ocr_carea' id='block_1_14' title="bbox 231 1232 1810 1309">
    <p class='ocr_par' dir='ltr' id='par_1_14' title="bbox 231 1232 1810 1309">
     <span class='ocr_line' id='line_1_14' title="bbox 231 1232 1810 1309; baseline 0 -22"><span class='ocrx_word' id='word_1_83' title='bbox 231 1232 304 1287; x_wconf 80' lang='grc' dir='ltr'>τὰ</span> <span class='ocrx_word' id='word_1_84' title='bbox 343 1232 506 1286; x_wconf 80' lang='grc' dir='ltr'>λοιπὰ</span> <span class='ocrx_word' id='word_1_85' title='bbox 553 1233 661 1285; x_wconf 82' lang='grc' dir='ltr'>τῶν</span> <span class='ocrx_word' id='word_1_86' title='bbox 701 1233 838 1309; x_wconf 88' lang='grc' dir='ltr'>πρός</span> <span class='ocrx_word' id='word_1_87' title='bbox 867 1249 921 1286; x_wconf 87' lang='grc' dir='ltr'><strong>τι</strong></span> <span class='ocrx_word' id='word_1_88' title='bbox 952 1232 1285 1305; x_wconf 88' lang='grc' dir='ltr'>λεγομένων,</span> <span class='ocrx_word' id='word_1_89' title='bbox 1317 1233 1378 1287; x_wconf 85' lang='grc' dir='ltr'>οὑ</span> <span class='ocrx_word' id='word_1_90' title='bbox 1408 1232 1544 1305; x_wconf 79' lang='grc' dir='ltr'>πρὸς</span> <span class='ocrx_word' id='word_1_91' title='bbox 1570 1233 1632 1287; x_wconf 85' lang='grc' dir='ltr'>τὸ</span> <span class='ocrx_word' id='word_1_92' title='bbox 1661 1235 1810 1289; x_wconf 84' lang='grc' dir='ltr'>άλλό-</span> 
     </span>
    </p>
   </div>
   <div class='ocr_carea' id='block_1_15' title="bbox 229 1325 1818 1398">
    <p class='ocr_par' dir='ltr' id='par_1_15' title="bbox 229 1325 1818 1398">
     <span class='ocr_line' id='line_1_15' title="bbox 229 1325 1818 1398; baseline 0.001 -19"><span class='ocrx_word' id='word_1_93' title='bbox 229 1327 388 1396; x_wconf 80' lang='grc' dir='ltr'>τριόν</span> <span class='ocrx_word' id='word_1_94' title='bbox 413 1343 467 1379; x_wconf 85' lang='grc' dir='ltr'><strong>τε</strong></span> <span class='ocrx_word' id='word_1_95' title='bbox 491 1325 585 1379; x_wconf 70' lang='grc' dir='ltr'>καὶ</span> <span class='ocrx_word' id='word_1_96' title='bbox 617 1325 990 1395; x_wconf 84' lang='grc' dir='ltr'><strong>ἀκατάλληλον</strong></span> <span class='ocrx_word' id='word_1_97' title='bbox 1015 1325 1128 1397; x_wconf 74' lang='grc' dir='ltr'>ἔχει</span> <span class='ocrx_word' id='word_1_98' title='bbox 1157 1327 1258 1398; x_wconf 83' lang='grc' dir='ltr'>τὴν</span> <span class='ocrx_word' id='word_1_99' title='bbox 1289 1327 1620 1398; x_wconf 73' lang='grc' dir='ltr'>οἰκειότητα.</span> <span class='ocrx_word' id='word_1_100' title='bbox 1657 1327 1818 1381; x_wconf 85' lang='grc' dir='ltr'>Ἀλλὰ</span> 
     </span>
    </p>
   </div>
   <div class='ocr_carea' id='block_1_16' title="bbox 233 1417 1815 1490">
    <p class='ocr_par' dir='ltr' id='par_1_16' title="bbox 233 1417 1815 1490">
     <span class='ocr_line' id='line_1_16' title="bbox 233 1417 1815 1490; baseline 0.001 -20"><span class='ocrx_word' id='word_1_101' title='bbox 233 1417 338 1470; x_wconf 69' lang='grc' dir='ltr'>κᾶν</span> <span class='ocrx_word' id='word_1_102' title='bbox 375 1417 624 1488; x_wconf 79' lang='grc' dir='ltr'>σιωπηθῇ</span> <span class='ocrx_word' id='word_1_103' title='bbox 658 1417 795 1488; x_wconf 80' lang='grc' dir='ltr'>πρὸς</span> <span class='ocrx_word' id='word_1_104' title='bbox 831 1417 860 1471; x_wconf 78' lang='grc' dir='ltr'><strong>ὃ</strong></span> <span class='ocrx_word' id='word_1_105' title='bbox 897 1418 1138 1486; x_wconf 85' lang='grc' dir='ltr'>λέγεται,</span> <span class='ocrx_word' id='word_1_106' title='bbox 1185 1418 1508 1489; x_wconf 81' lang='grc' dir='ltr'><strong>αὐτομάτως</strong></span> <span class='ocrx_word' id='word_1_107' title='bbox 1544 1418 1681 1490; x_wconf 88' lang='grc' dir='ltr'><strong>μετά</strong></span> <span class='ocrx_word' id='word_1_108' title='bbox 1723 1420 1815 1472; x_wconf 79' lang='grc' dir='ltr'><strong>τοῦ</strong></span> 
     </span>
    </p>
   </div>
   <div class='ocr_carea' id='block_1_17' title="bbox 229 1503 1818 1581">
    <p class='ocr_par' dir='ltr' id='par_1_17' title="bbox 229 1503 1818 1581">
     <span class='ocr_line' id='line_1_17' title="bbox 229 1503 1818 1581; baseline 0.002 -21"><span class='ocrx_word' id='word_1_109' title='bbox 229 1507 591 1579; x_wconf 79' lang='grc' dir='ltr'>πρωτοτύπου</span> <span class='ocrx_word' id='word_1_110' title='bbox 623 1510 715 1562; x_wconf 77' lang='grc' dir='ltr'>καὶ</span> <span class='ocrx_word' id='word_1_111' title='bbox 740 1508 800 1561; x_wconf 79' lang='grc' dir='ltr'>τὸ</span> <span class='ocrx_word' id='word_1_112' title='bbox 821 1508 1248 1580; x_wconf 79' lang='grc' dir='ltr'>συνεζευγμένον</span> <span class='ocrx_word' id='word_1_113' title='bbox 1267 1507 1526 1563; x_wconf 79' lang='grc' dir='ltr'>ἀκούεται</span> <span class='ocrx_word' id='word_1_114' title='bbox 1550 1523 1563 1537; x_wconf 88' lang='grc'><strong>·</strong></span> <span class='ocrx_word' id='word_1_115' title='bbox 1592 1503 1704 1562; x_wconf 76' lang='grc' dir='ltr'>οἷον</span> <span class='ocrx_word' id='word_1_116' title='bbox 1725 1510 1818 1581; x_wconf 88' lang='grc' dir='ltr'>δη-</span> 
     </span>
    </p>
   </div>
   <div class='ocr_carea' id='block_1_18' title="bbox 233 1597 1816 1670">
    <p class='ocr_par' dir='ltr' id='par_1_18' title="bbox 233 1597 1816 1670">
     <span class='ocr_line' id='line_1_18' title="bbox 233 1597 1816 1670; baseline 0.003 -19"><span class='ocrx_word' id='word_1_117' title='bbox 233 1600 516 1669; x_wconf 82' lang='grc' dir='ltr'>μιουργὸς,</span> <span class='ocrx_word' id='word_1_118' title='bbox 555 1597 760 1664; x_wconf 81' lang='grc' dir='ltr'>δοῦλος,</span> <span class='ocrx_word' id='word_1_119' title='bbox 790 1600 960 1670; x_wconf 84' lang='grc' dir='ltr'>φίλος,</span> <span class='ocrx_word' id='word_1_120' title='bbox 992 1601 1125 1666; x_wconf 83' lang='grc' dir='ltr'>υίὸς,</span> <span class='ocrx_word' id='word_1_121' title='bbox 1147 1601 1243 1654; x_wconf 71' lang='grc' dir='ltr'>καὶ</span> <span class='ocrx_word' id='word_1_122' title='bbox 1264 1600 1334 1654; x_wconf 81' lang='grc' dir='ltr'>τὰ</span> <span class='ocrx_word' id='word_1_123' title='bbox 1363 1599 1607 1657; x_wconf 78' lang='grc' dir='ltr'>τοιαῦτα.</span> <span class='ocrx_word' id='word_1_124' title='bbox 1634 1601 1816 1656; x_wconf 86' lang='grc' dir='ltr'>Πάντα</span> 
     </span>
    </p>
   </div>
   <div class='ocr_carea' id='block_1_19' title="bbox 227 1689 1815 1762">
    <p class='ocr_par' dir='ltr' id='par_1_19' title="bbox 227 1689 1815 1762">
     <span class='ocr_line' id='line_1_19' title="bbox 227 1689 1815 1762; baseline 0.003 -21"><span class='ocrx_word' id='word_1_125' title='bbox 227 1689 338 1758; x_wconf 70' lang='grc' dir='ltr'><strong>γὰρ</strong></span> <span class='ocrx_word' id='word_1_126' title='bbox 361 1689 466 1743; x_wconf 80' lang='grc' dir='ltr'>ὅσα</span> <span class='ocrx_word' id='word_1_127' title='bbox 492 1692 561 1761; x_wconf 79' lang='grc' dir='ltr'>τῇ</span> <span class='ocrx_word' id='word_1_128' title='bbox 595 1691 730 1762; x_wconf 84' lang='grc' dir='ltr'>πρὸς</span> <span class='ocrx_word' id='word_1_129' title='bbox 760 1690 948 1762; x_wconf 78' lang='grc' dir='ltr'>ἓτερον</span> <span class='ocrx_word' id='word_1_130' title='bbox 979 1691 1231 1762; x_wconf 80' lang='grc' dir='ltr'>ἀναφορᾷ</span> <span class='ocrx_word' id='word_1_131' title='bbox 1273 1689 1580 1762; x_wconf 85' lang='grc' dir='ltr'>Θεωρεῖται,</span> <span class='ocrx_word' id='word_1_132' title='bbox 1612 1692 1711 1762; x_wconf 83' lang='grc' dir='ltr'>τὴν</span> <span class='ocrx_word' id='word_1_133' title='bbox 1733 1693 1815 1746; x_wconf 78' lang='grc' dir='ltr'><strong>οἱ·</strong></span> 
     </span>
    </p>
   </div>
   <div class='ocr_carea' id='block_1_20' title="bbox 225 1756 1891 1855">
    <p class='ocr_par' dir='ltr' id='par_1_20' title="bbox 225 1756 1891 1855">
     <span class='ocr_line' id='line_1_20' title="bbox 225 1756 1891 1855; baseline 0.005 -23"><span class='ocrx_word' id='word_1_134' title='bbox 225 1756 385 1833; x_wconf 78' lang='grc' dir='ltr'>κείαν</span> <span class='ocrx_word' id='word_1_135' title='bbox 411 1756 664 1846; x_wconf 41' lang='grc' dir='ltr'><strong>ἕκαστον·⁹</strong></span> <span class='ocrx_word' id='word_1_136' title='bbox 694 1782 788 1836; x_wconf 74' lang='grc' dir='ltr'>καὶ</span> <span class='ocrx_word' id='word_1_137' title='bbox 824 1756 1175 1855; x_wconf 74' lang='grc' dir='ltr'>συνημμένην</span> <span class='ocrx_word' id='word_1_138' title='bbox 1197 1756 1291 1838; x_wconf 77' lang='grc' dir='ltr'><strong>τοῦ</strong></span> <span class='ocrx_word' id='word_1_139' title='bbox 1323 1756 1816 1855; x_wconf 38' lang='grc' dir='ltr'><strong>δηλουμένου-συγ⁹</strong></span> <span class='ocrx_word' id='word_1_140' title='bbox 1845 1756 1891 1815; x_wconf 72' lang='grc' dir='ltr'><strong>Β</strong></span> 
     </span>
    </p>
   </div>
   <div class='ocr_carea' id='block_1_21' title="bbox 228 1871 1817 1945">
    <p class='ocr_par' dir='ltr' id='par_1_21' title="bbox 228 1871 1817 1945">
     <span class='ocr_line' id='line_1_21' title="bbox 228 1871 1817 1945; baseline 0.003 -20"><span class='ocrx_word' id='word_1_141' title='bbox 228 1871 448 1938; x_wconf 84' lang='grc' dir='ltr'>γένειαν</span> <span class='ocrx_word' id='word_1_142' title='bbox 484 1871 572 1925; x_wconf 65' lang='grc' dir='ltr'>διὰ</span> <span class='ocrx_word' id='word_1_143' title='bbox 617 1873 719 1942; x_wconf 86' lang='grc' dir='ltr'>τῆς</span> <span class='ocrx_word' id='word_1_144' title='bbox 760 1872 1130 1945; x_wconf 84' lang='grc' dir='ltr'>προσηγορίας</span> <span class='ocrx_word' id='word_1_145' title='bbox 1171 1873 1534 1945; x_wconf 84' lang='grc' dir='ltr'>παρίστησιν,</span> <span class='ocrx_word' id='word_1_146' title='bbox 1587 1876 1817 1945; x_wconf 80' lang='grc' dir='ltr'>ἄμικτον</span> 
     </span>
    </p>
   </div>
   <div class='ocr_carea' id='block_1_22' title="bbox 226 1963 1819 2037">
    <p class='ocr_par' dir='ltr' id='par_1_22' title="bbox 226 1963 1819 2037">
     <span class='ocr_line' id='line_1_22' title="bbox 226 1963 1819 2037; baseline 0.002 -21"><span class='ocrx_word' id='word_1_147' title='bbox 226 1964 427 2032; x_wconf 75' lang='grc' dir='ltr'>ἔχοντα</span> <span class='ocrx_word' id='word_1_148' title='bbox 451 1963 552 2034; x_wconf 81' lang='grc' dir='ltr'>τὴν</span> <span class='ocrx_word' id='word_1_149' title='bbox 595 1964 732 2034; x_wconf 79' lang='grc' dir='ltr'>πρὸς</span> <span class='ocrx_word' id='word_1_150' title='bbox 767 1963 828 2016; x_wconf 84' lang='grc' dir='ltr'><strong>τὸ</strong></span> <span class='ocrx_word' id='word_1_151' title='bbox 857 1965 1168 2037; x_wconf 83' lang='grc' dir='ltr'>ὲτερογενὲς</span> <span class='ocrx_word' id='word_1_152' title='bbox 1207 1964 1513 2019; x_wconf 87' lang='grc' dir='ltr'>κοινωνίαν.</span> <span class='ocrx_word' id='word_1_153' title='bbox 1543 1965 1681 2018; x_wconf 78' lang='grc' dir='ltr'>Οὔτε</span> <span class='ocrx_word' id='word_1_154' title='bbox 1708 1966 1819 2036; x_wconf 83' lang='grc' dir='ltr'>γὰρ</span> 
     </span>
    </p>
   </div>
   <div class='ocr_carea' id='block_1_23' title="bbox 224 2052 1816 2127">
    <p class='ocr_par' dir='ltr' id='par_1_23' title="bbox 224 2052 1816 2127">
     <span class='ocr_line' id='line_1_23' title="bbox 224 2052 1816 2127; baseline 0.004 -22"><span class='ocrx_word' id='word_1_155' title='bbox 224 2052 328 2106; x_wconf 83' lang='grc' dir='ltr'>τοῦ</span> <span class='ocrx_word' id='word_1_156' title='bbox 355 2052 694 2125; x_wconf 80' lang='grc' dir='ltr'>δημιουργοῦ</span> <span class='ocrx_word' id='word_1_157' title='bbox 721 2055 782 2108; x_wconf 84' lang='grc' dir='ltr'>τὸ</span> <span class='ocrx_word' id='word_1_158' title='bbox 819 2055 989 2126; x_wconf 77' lang='grc' dir='ltr'>ὄνομα</span> <span class='ocrx_word' id='word_1_159' title='bbox 1016 2055 1095 2126; x_wconf 85' lang='grc' dir='ltr'><strong>τῷ</strong></span> <span class='ocrx_word' id='word_1_160' title='bbox 1138 2055 1243 2127; x_wconf 86' lang='grc' dir='ltr'>υἱῷ</span> <span class='ocrx_word' id='word_1_161' title='bbox 1283 2057 1661 2124; x_wconf 86' lang='grc' dir='ltr'>συνέζευκται,</span> <span class='ocrx_word' id='word_1_162' title='bbox 1693 2059 1816 2112; x_wconf 73' lang='grc' dir='ltr'>οὗτε</span> 
     </span>
    </p>
   </div>
   <div class='ocr_carea' id='block_1_24' title="bbox 225 2142 1814 2217">
    <p class='ocr_par' dir='ltr' id='par_1_24' title="bbox 225 2142 1814 2217">
     <span class='ocr_line' id='line_1_24' title="bbox 225 2142 1814 2217; baseline 0.003 -21"><span class='ocrx_word' id='word_1_163' title='bbox 225 2146 261 2214; x_wconf 82' lang='grc' dir='ltr'><strong>ή</strong></span> <span class='ocrx_word' id='word_1_164' title='bbox 288 2142 386 2196; x_wconf 82' lang='grc' dir='ltr'>τοῦ</span> <span class='ocrx_word' id='word_1_165' title='bbox 414 2142 606 2196; x_wconf 82' lang='grc' dir='ltr'>δούλου</span> <span class='ocrx_word' id='word_1_166' title='bbox 629 2143 783 2216; x_wconf 80' lang='grc' dir='ltr'>φωνὴ</span> <span class='ocrx_word' id='word_1_167' title='bbox 825 2144 962 2214; x_wconf 88' lang='grc' dir='ltr'>πρὸς</span> <span class='ocrx_word' id='word_1_168' title='bbox 985 2144 1075 2198; x_wconf 79' lang='grc' dir='ltr'>τὸν</span> <span class='ocrx_word' id='word_1_169' title='bbox 1112 2144 1441 2216; x_wconf 86' lang='grc' dir='ltr'>δημιουργὸν</span> <span class='ocrx_word' id='word_1_170' title='bbox 1461 2146 1814 2217; x_wconf 82' lang='grc' dir='ltr'>ἀναφέρεται,</span> 
     </span>
    </p>
   </div>
   <div class='ocr_carea' id='block_1_25' title="bbox 221 2233 1821 2307">
    <p class='ocr_par' dir='ltr' id='par_1_25' title="bbox 221 2233 1821 2307">
     <span class='ocr_line' id='line_1_25' title="bbox 221 2233 1821 2307; baseline 0.003 -19"><span class='ocrx_word' id='word_1_171' title='bbox 221 2233 356 2288; x_wconf 71' lang='grc' dir='ltr'>οὔτε</span> <span class='ocrx_word' id='word_1_172' title='bbox 385 2235 415 2288; x_wconf 85' lang='grc' dir='ltr'><strong>ό</strong></span> <span class='ocrx_word' id='word_1_173' title='bbox 445 2233 598 2304; x_wconf 87' lang='grc' dir='ltr'>φίλος</span> <span class='ocrx_word' id='word_1_174' title='bbox 619 2235 710 2289; x_wconf 78' lang='grc' dir='ltr'>τὸν</span> <span class='ocrx_word' id='word_1_175' title='bbox 737 2236 922 2290; x_wconf 80' lang='grc' dir='ltr'>δοῦλον</span> <span class='ocrx_word' id='word_1_176' title='bbox 959 2236 1248 2307; x_wconf 72' lang='grc' dir='ltr'>ἐδήλωσεν,</span> <span class='ocrx_word' id='word_1_177' title='bbox 1275 2235 1398 2291; x_wconf 75' lang='grc' dir='ltr'>οὔτε</span> <span class='ocrx_word' id='word_1_178' title='bbox 1422 2239 1452 2292; x_wconf 87' lang='grc' dir='ltr'>ὁ</span> <span class='ocrx_word' id='word_1_179' title='bbox 1482 2239 1597 2301; x_wconf 74' lang='grc' dir='ltr'>υίὸς</span> <span class='ocrx_word' id='word_1_180' title='bbox 1619 2239 1710 2293; x_wconf 79' lang='grc' dir='ltr'><strong>τὸν</strong></span> <span class='ocrx_word' id='word_1_181' title='bbox 1736 2240 1821 2293; x_wconf 88' lang='grc' dir='ltr'>δε-</span> 
     </span>
    </p>
   </div>
   <div class='ocr_carea' id='block_1_26' title="bbox 227 2325 1821 2400">
    <p class='ocr_par' dir='ltr' id='par_1_26' title="bbox 227 2325 1821 2400">
     <span class='ocr_line' id='line_1_26' title="bbox 227 2325 1821 2400; baseline 0.007 -24"><span class='ocrx_word' id='word_1_182' title='bbox 227 2326 444 2396; x_wconf 86' lang='grc' dir='ltr'>σπότην</span> <span class='ocrx_word' id='word_1_183' title='bbox 459 2342 474 2357; x_wconf 76' lang='grc' dir='ltr'><strong><em>ο</em></strong></span> <span class='ocrx_word' id='word_1_184' title='bbox 500 2325 638 2379; x_wconf 88' lang='grc' dir='ltr'><strong>ἀλλά</strong></span> <span class='ocrx_word' id='word_1_185' title='bbox 661 2327 903 2400; x_wconf 83' lang='grc' dir='ltr'>φανερὰν</span> <span class='ocrx_word' id='word_1_186' title='bbox 922 2329 1015 2382; x_wconf 72' lang='grc' dir='ltr'>καὶ</span> <span class='ocrx_word' id='word_1_187' title='bbox 1033 2329 1455 2400; x_wconf 87' lang='grc' dir='ltr'>διακεκριμένην</span> <span class='ocrx_word' id='word_1_188' title='bbox 1472 2331 1676 2386; x_wconf 83' lang='grc' dir='ltr'>τούτων</span> <span class='ocrx_word' id='word_1_189' title='bbox 1696 2333 1821 2387; x_wconf 77' lang='grc' dir='ltr'>ἑκά-</span> 
     </span>
    </p>
   </div>
   <div class='ocr_carea' id='block_1_27' title="bbox 227 2417 1822 2492">
    <p class='ocr_par' dir='ltr' id='par_1_27' title="bbox 227 2417 1822 2492">
     <span class='ocr_line' id='line_1_27' title="bbox 227 2417 1822 2492; baseline 0.006 -24"><span class='ocrx_word' id='word_1_190' title='bbox 227 2433 365 2469; x_wconf 86' lang='grc' dir='ltr'>στου</span> <span class='ocrx_word' id='word_1_191' title='bbox 387 2417 488 2488; x_wconf 80' lang='grc' dir='ltr'>τὴν</span> <span class='ocrx_word' id='word_1_192' title='bbox 516 2417 652 2488; x_wconf 87' lang='grc' dir='ltr'>πρὸς</span> <span class='ocrx_word' id='word_1_193' title='bbox 690 2419 751 2473; x_wconf 85' lang='grc' dir='ltr'>τὸ</span> <span class='ocrx_word' id='word_1_194' title='bbox 795 2420 1129 2492; x_wconf 87' lang='grc' dir='ltr'>κατάλληλον</span> <span class='ocrx_word' id='word_1_195' title='bbox 1174 2419 1436 2490; x_wconf 77' lang='grc' dir='ltr'>συζυγίαν</span> <span class='ocrx_word' id='word_1_196' title='bbox 1469 2422 1822 2490; x_wconf 75' lang='grc' dir='ltr'>ἐπιγινώσκο-</span> 
     </span>
    </p>
   </div>
   <div class='ocr_carea' id='block_1_28' title="bbox 227 2510 1819 2584">
    <p class='ocr_par' dir='ltr' id='par_1_28' title="bbox 227 2510 1819 2584">
     <span class='ocr_line' id='line_1_28' title="bbox 227 2510 1819 2584; baseline 0.005 -23"><span class='ocrx_word' id='word_1_197' title='bbox 227 2525 359 2578; x_wconf 81' lang='grc' dir='ltr'>μεν,</span> <span class='ocrx_word' id='word_1_198' title='bbox 385 2510 634 2575; x_wconf 79' lang='grc' dir='ltr'>νοοῦντες</span> <span class='ocrx_word' id='word_1_199' title='bbox 664 2511 754 2565; x_wconf 77' lang='grc' dir='ltr'><strong>διὰ</strong></span> <span class='ocrx_word' id='word_1_200' title='bbox 787 2512 884 2582; x_wconf 84' lang='grc' dir='ltr'>μὲν</span> <span class='ocrx_word' id='word_1_201' title='bbox 914 2511 1010 2565; x_wconf 79' lang='grc' dir='ltr'>τοῦ</span> <span class='ocrx_word' id='word_1_202' title='bbox 1046 2512 1202 2582; x_wconf 86' lang='grc' dir='ltr'>φίλου</span> <span class='ocrx_word' id='word_1_203' title='bbox 1239 2512 1425 2584; x_wconf 72' lang='grc' dir='ltr'>ἕτερον</span> <span class='ocrx_word' id='word_1_204' title='bbox 1446 2513 1621 2583; x_wconf 84' lang='grc' dir='ltr'>φίλον,</span> <span class='ocrx_word' id='word_1_205' title='bbox 1645 2514 1732 2568; x_wconf 81' lang='grc' dir='ltr'>διὰ</span> <span class='ocrx_word' id='word_1_206' title='bbox 1763 2515 1819 2568; x_wconf 83' lang='grc' dir='ltr'>δὲ</span> 
     </span>
    </p>
   </div>
   <div class='ocr_carea' id='block_1_29' title="bbox 220 2598 1816 2677">
    <p class='ocr_par' dir='ltr' id='par_1_29' title="bbox 220 2598 1816 2677">
     <span class='ocr_line' id='line_1_29' title="bbox 220 2598 1816 2677; baseline 0.004 -24"><span class='ocrx_word' id='word_1_207' title='bbox 220 2598 330 2653; x_wconf 82' lang='grc' dir='ltr'>τοῦ</span> <span class='ocrx_word' id='word_1_208' title='bbox 346 2600 533 2655; x_wconf 82' lang='grc' dir='ltr'>δούλου</span> <span class='ocrx_word' id='word_1_209' title='bbox 551 2603 642 2656; x_wconf 85' lang='grc' dir='ltr'>τὸν</span> <span class='ocrx_word' id='word_1_210' title='bbox 667 2602 857 2673; x_wconf 79' lang='grc' dir='ltr'>κύριον</span> <span class='ocrx_word' id='word_1_211' title='bbox 871 2621 884 2635; x_wconf 90' lang='grc'><strong>·</strong></span> <span class='ocrx_word' id='word_1_212' title='bbox 902 2603 964 2658; x_wconf 81' lang='grc' dir='ltr'>τὸ</span> <span class='ocrx_word' id='word_1_213' title='bbox 984 2604 1040 2658; x_wconf 82' lang='grc' dir='ltr'>δὲ</span> <span class='ocrx_word' id='word_1_214' title='bbox 1064 2603 1226 2674; x_wconf 68' lang='grc' dir='ltr'>ἔργον</span> <span class='ocrx_word' id='word_1_215' title='bbox 1247 2602 1337 2658; x_wconf 82' lang='grc' dir='ltr'><strong>διὰ</strong></span> <span class='ocrx_word' id='word_1_216' title='bbox 1350 2605 1446 2658; x_wconf 82' lang='grc' dir='ltr'>τοῦ</span> <span class='ocrx_word' id='word_1_217' title='bbox 1462 2605 1816 2677; x_wconf 78' lang='grc' dir='ltr'>δημιουργοῦ,</span> 
     </span>
    </p>
   </div>
   <div class='ocr_carea' id='block_1_30' title="bbox 225 2690 1821 2764">
    <p class='ocr_par' dir='ltr' id='par_1_30' title="bbox 225 2690 1821 2764">
     <span class='ocr_line' id='line_1_30' title="bbox 225 2690 1821 2764; baseline 0.004 -22"><span class='ocrx_word' id='word_1_218' title='bbox 225 2690 332 2742; x_wconf 72' lang='grc' dir='ltr'>καὶ</span> <span class='ocrx_word' id='word_1_219' title='bbox 353 2690 442 2743; x_wconf 75' lang='grc' dir='ltr'><strong>διὰ</strong></span> <span class='ocrx_word' id='word_1_220' title='bbox 458 2691 554 2745; x_wconf 81' lang='grc' dir='ltr'><strong>τοῦ</strong></span> <span class='ocrx_word' id='word_1_221' title='bbox 595 2691 713 2746; x_wconf 88' lang='grc' dir='ltr'>υίοῦ</span> <span class='ocrx_word' id='word_1_222' title='bbox 737 2693 828 2746; x_wconf 82' lang='grc' dir='ltr'>τὸν</span> <span class='ocrx_word' id='word_1_223' title='bbox 858 2693 1096 2764; x_wconf 81' lang='grc' dir='ltr'>πατέρα.</span> <span class='ocrx_word' id='word_1_224' title='bbox 1129 2693 1286 2748; x_wconf 77' lang='grc' dir='ltr'>Οὕτω</span> <span class='ocrx_word' id='word_1_225' title='bbox 1301 2694 1588 2750; x_wconf 77' lang='grc' dir='ltr'>τοίνυνκαὶ</span> <span class='ocrx_word' id='word_1_226' title='bbox 1609 2695 1670 2748; x_wconf 80' lang='grc' dir='ltr'>τὸ</span> <span class='ocrx_word' id='word_1_227' title='bbox 1697 2693 1821 2764; x_wconf 90' lang='grc' dir='ltr'>γέν-</span> 
     </span>
    </p>
   </div>
   <div class='ocr_carea' id='block_1_31' title="bbox 221 2778 1821 2858">
    <p class='ocr_par' dir='ltr' id='par_1_31' title="bbox 221 2778 1821 2858">
     <span class='ocr_line' id='line_1_31' title="bbox 221 2778 1821 2858; baseline 0.005 -26"><span class='ocrx_word' id='word_1_228' title='bbox 221 2799 384 2852; x_wconf 82' lang='grc' dir='ltr'>νημα</span> <span class='ocrx_word' id='word_1_229' title='bbox 405 2783 543 2853; x_wconf 86' lang='grc' dir='ltr'>πρός</span> <span class='ocrx_word' id='word_1_230' title='bbox 567 2801 621 2836; x_wconf 88' lang='grc' dir='ltr'><strong>τι</strong></span> <span class='ocrx_word' id='word_1_231' title='bbox 653 2784 751 2858; x_wconf 76' lang='grc' dir='ltr'>τὴν</span> <span class='ocrx_word' id='word_1_232' title='bbox 767 2785 964 2856; x_wconf 88' lang='grc' dir='ltr'>κυρίαν</span> <span class='ocrx_word' id='word_1_233' title='bbox 997 2785 1236 2856; x_wconf 76' lang='grc' dir='ltr'>ἔμφασιν</span> <span class='ocrx_word' id='word_1_234' title='bbox 1269 2787 1403 2858; x_wconf 75' lang='grc' dir='ltr'>ἔχει.</span> <span class='ocrx_word' id='word_1_235' title='bbox 1459 2778 1670 2841; x_wconf 79' lang='grc' dir='ltr'>Οὐκοῦν</span> <span class='ocrx_word' id='word_1_236' title='bbox 1699 2804 1821 2840; x_wconf 84' lang='grc' dir='ltr'>συν-</span> 
     </span>
    </p>
   </div>
   <div class='ocr_carea' id='block_1_32' title="bbox 219 2873 1820 2949">
    <p class='ocr_par' dir='ltr' id='par_1_32' title="bbox 219 2873 1820 2949">
     <span class='ocr_line' id='line_1_32' title="bbox 219 2873 1820 2949; baseline 0.004 -25"><span class='ocrx_word' id='word_1_237' title='bbox 219 2873 491 2936; x_wconf 75' lang='grc' dir='ltr'>ἐζευκται</span> <span class='ocrx_word' id='word_1_238' title='bbox 513 2875 592 2947; x_wconf 83' lang='grc' dir='ltr'><strong>τῷ</strong></span> <span class='ocrx_word' id='word_1_239' title='bbox 619 2876 716 2946; x_wconf 81' lang='grc' dir='ltr'>μὲν</span> <span class='ocrx_word' id='word_1_240' title='bbox 740 2878 1042 2948; x_wconf 88' lang='grc' dir='ltr'>γεννήματι</span> <span class='ocrx_word' id='word_1_241' title='bbox 1072 2878 1101 2931; x_wconf 84' lang='grc' dir='ltr'><strong>ό</strong></span> <span class='ocrx_word' id='word_1_242' title='bbox 1131 2880 1422 2949; x_wconf 86' lang='grc' dir='ltr'>γεννήσας,</span> <span class='ocrx_word' id='word_1_243' title='bbox 1455 2878 1534 2949; x_wconf 85' lang='grc' dir='ltr'>τῷ</span> <span class='ocrx_word' id='word_1_244' title='bbox 1560 2878 1820 2948; x_wconf 86' lang='grc' dir='ltr'>κτίσματι</span> 
     </span>
    </p>
   </div>
   <div class='ocr_carea' id='block_1_33' title="bbox 216 2962 1821 3039">
    <p class='ocr_par' dir='ltr' id='par_1_33' title="bbox 216 2962 1821 3039">
     <span class='ocr_line' id='line_1_33' title="bbox 216 2962 1821 3039; baseline -0.004 -15"><span class='ocrx_word' id='word_1_245' title='bbox 216 2964 250 3014; x_wconf 77' lang='grc'>6</span> <span class='ocrx_word' id='word_1_246' title='bbox 276 2962 476 3026; x_wconf 74' lang='grc' dir='ltr'>κτίσας</span> <span class='ocrx_word' id='word_1_247' title='bbox 507 2962 606 3025; x_wconf 79' lang='grc' dir='ltr'><strong>(α)ο</strong></span> <span class='ocrx_word' id='word_1_248' title='bbox 620 2968 731 3021; x_wconf 78' lang='grc' dir='ltr'><strong>Καὶ</strong></span> <span class='ocrx_word' id='word_1_249' title='bbox 746 2965 826 3020; x_wconf 80' lang='grc' dir='ltr'>δεῖ</span> <span class='ocrx_word' id='word_1_250' title='bbox 846 2965 1200 3035; x_wconf 83' lang='grc' dir='ltr'>πάντως,είγε</span> <span class='ocrx_word' id='word_1_251' title='bbox 1220 2967 1296 3039; x_wconf 83' lang='grc' dir='ltr'>μὴ</span> <span class='ocrx_word' id='word_1_252' title='bbox 1316 2965 1606 3037; x_wconf 86' lang='grc' dir='ltr'>μέλλοιμεν</span> <span class='ocrx_word' id='word_1_253' title='bbox 1621 2964 1821 3034; x_wconf 83' lang='grc' dir='ltr'>σύγχυ-</span> 
     </span>
    </p>
   </div>
   <div class='ocr_carea' id='block_1_34' title="bbox 1912 505 3492 573">
    <p class='ocr_par' dir='ltr' id='par_1_34' title="bbox 1912 505 3492 573">
     <span class='ocr_line' id='line_1_34' title="bbox 1912 505 3492 573; baseline -0.001 -14"><span class='ocrx_word' id='word_1_254' title='bbox 1912 506 2061 560; x_wconf 91' lang='lat' dir='ltr'><strong>tione</strong></span> <span class='ocrx_word' id='word_1_255' title='bbox 2107 505 2375 560; x_wconf 80' lang='lat' dir='ltr'><strong>facturam</strong></span> <span class='ocrx_word' id='word_1_256' title='bbox 2407 541 2425 571; x_wconf 84' lang='lat'><strong>,</strong></span> <span class='ocrx_word' id='word_1_257' title='bbox 2474 505 2546 560; x_wconf 92' lang='lat' dir='ltr'><strong>ita</strong></span> <span class='ocrx_word' id='word_1_258' title='bbox 2596 513 2655 559; x_wconf 85' lang='grc' dir='ltr'><strong>ιιι</strong></span> <span class='ocrx_word' id='word_1_259' title='bbox 2710 520 2872 560; x_wconf 90' lang='lat' dir='ltr'><strong>unam</strong></span> <span class='ocrx_word' id='word_1_260' title='bbox 2915 505 3270 573; x_wconf 82' lang='lat' dir='ltr'><strong>eamdemque</strong></span> <span class='ocrx_word' id='word_1_261' title='bbox 3301 518 3492 559; x_wconf 84' lang='lat' dir='ltr'><strong>essen-</strong></span> 
     </span>
    </p>
   </div>
   <div class='ocr_carea' id='block_1_35' title="bbox 1913 594 3493 652">
    <p class='ocr_par' dir='ltr' id='par_1_35' title="bbox 1913 594 3493 652">
     <span class='ocr_line' id='line_1_35' title="bbox 1913 594 3493 652; baseline 0.001 -2"><span class='ocrx_word' id='word_1_262' title='bbox 1913 597 2045 651; x_wconf 89' lang='lat' dir='ltr'><strong>tiam</strong></span> <span class='ocrx_word' id='word_1_263' title='bbox 2075 597 2364 652; x_wconf 82' lang='lat' dir='ltr'><strong>verborum</strong></span> <span class='ocrx_word' id='word_1_264' title='bbox 2394 596 2716 652; x_wconf 72' lang='lat' dir='ltr'><strong>differentia:</strong></span> <span class='ocrx_word' id='word_1_265' title='bbox 2749 597 3270 652; x_wconf 75' lang='lat' dir='ltr'><strong>accommodentus?</strong></span> <span class='ocrx_word' id='word_1_266' title='bbox 3310 594 3493 652; x_wconf 86' lang='lat' dir='ltr'><strong>Donec</strong></span> 
     </span>
    </p>
   </div>
   <div class='ocr_carea' id='block_1_36' title="bbox 1913 685 3490 758">
    <p class='ocr_par' dir='ltr' id='par_1_36' title="bbox 1913 685 3490 758">
     <span class='ocr_line' id='line_1_36' title="bbox 1913 685 3490 758; baseline -0.001 -17"><span class='ocrx_word' id='word_1_267' title='bbox 1913 686 2059 741; x_wconf 90' lang='lat' dir='ltr'><strong>enim</strong></span> <span class='ocrx_word' id='word_1_268' title='bbox 2083 685 2388 741; x_wconf 88' lang='lat' dir='ltr'><strong>dictionum</strong></span> <span class='ocrx_word' id='word_1_269' title='bbox 2419 686 2708 742; x_wconf 80' lang='lat' dir='ltr'><strong>familiaris</strong></span> <span class='ocrx_word' id='word_1_270' title='bbox 2731 687 3100 758; x_wconf 90' lang='lat' dir='ltr'><strong>signiﬁcantia</strong></span> <span class='ocrx_word' id='word_1_271' title='bbox 3123 685 3490 756; x_wconf 62' lang='lat' dir='ltr'><strong>praevaluerit,</strong></span> 
     </span>
    </p>
   </div>
   <div class='ocr_carea' id='block_1_37' title="bbox 1914 777 3489 847">
    <p class='ocr_par' dir='ltr' id='par_1_37' title="bbox 1914 777 3489 847">
     <span class='ocr_line' id='line_1_37' title="bbox 1914 777 3489 847; baseline -0.002 -12"><span class='ocrx_word' id='word_1_272' title='bbox 1914 786 1970 835; x_wconf 88' lang='lat' dir='ltr'><strong>et</strong></span> <span class='ocrx_word' id='word_1_273' title='bbox 2008 778 2158 834; x_wconf 90' lang='lat' dir='ltr'><strong>nulla</strong></span> <span class='ocrx_word' id='word_1_274' title='bbox 2199 778 2512 834; x_wconf 83' lang='lat' dir='ltr'><strong>inveniatur</strong></span> <span class='ocrx_word' id='word_1_275' title='bbox 2554 777 2695 833; x_wconf 81' lang='lat' dir='ltr'><strong>ratio</strong></span> <span class='ocrx_word' id='word_1_276' title='bbox 2731 793 2853 847; x_wconf 80' lang='lat' dir='ltr'><strong>quae</strong></span> <span class='ocrx_word' id='word_1_277' title='bbox 2904 777 3199 832; x_wconf 73' lang='lat' dir='ltr'><strong>verborum</strong></span> <span class='ocrx_word' id='word_1_278' title='bbox 3249 777 3306 832; x_wconf 93' lang='lat' dir='ltr'><strong>in</strong></span> <span class='ocrx_word' id='word_1_279' title='bbox 3355 793 3489 832; x_wconf 90' lang='lat' dir='ltr'><strong>con-</strong></span> 
     </span>
    </p>
   </div>
   <div class='ocr_carea' id='block_1_38' title="bbox 1916 868 3491 939">
    <p class='ocr_par' dir='ltr' id='par_1_38' title="bbox 1916 868 3491 939">
     <span class='ocr_line' id='line_1_38' title="bbox 1916 868 3491 939; baseline 0.001 -17"><span class='ocrx_word' id='word_1_280' title='bbox 1916 869 2146 924; x_wconf 87' lang='lat' dir='ltr'><strong>trarium</strong></span> <span class='ocrx_word' id='word_1_281' title='bbox 2179 876 2510 925; x_wconf 89' lang='lat' dir='ltr'><strong>transmutet</strong></span> <span class='ocrx_word' id='word_1_282' title='bbox 2545 876 2705 924; x_wconf 90' lang='lat' dir='ltr'><strong>notas</strong></span> <span class='ocrx_word' id='word_1_283' title='bbox 2747 868 3204 939; x_wconf 89' lang='lat' dir='ltr'><strong>signiﬁcationes,</strong></span> <span class='ocrx_word' id='word_1_284' title='bbox 3235 883 3344 923; x_wconf 91' lang='lat' dir='ltr'><strong>non</strong></span> <span class='ocrx_word' id='word_1_285' title='bbox 3377 870 3491 923; x_wconf 88' lang='lat' dir='ltr'><strong>ﬁeri</strong></span> 
     </span>
    </p>
   </div>
   <div class='ocr_carea' id='block_1_39' title="bbox 1901 960 3496 1033">
    <p class='ocr_par' dir='ltr' id='par_1_39' title="bbox 1901 960 3496 1033">
     <span class='ocr_line' id='line_1_39' title="bbox 1901 960 3496 1033; baseline 0 -17"><span class='ocrx_word' id='word_1_286' title='bbox 1901 969 2093 1033; x_wconf 78' lang='lat' dir='ltr'><strong>potest</strong></span> <span class='ocrx_word' id='word_1_287' title='bbox 2124 972 2183 1018; x_wconf 91' lang='lat' dir='ltr'><strong>ut</strong></span> <span class='ocrx_word' id='word_1_288' title='bbox 2214 979 2321 1018; x_wconf 91' lang='lat' dir='ltr'><strong>una</strong></span> <span class='ocrx_word' id='word_1_289' title='bbox 2347 963 2527 1033; x_wconf 89' lang='lat' dir='ltr'><strong>aliqua</strong></span> <span class='ocrx_word' id='word_1_290' title='bbox 2555 970 2754 1016; x_wconf 88' lang='lat' dir='ltr'><strong>natura</strong></span> <span class='ocrx_word' id='word_1_291' title='bbox 2789 961 2856 1016; x_wconf 90' lang='lat' dir='ltr'><strong>ad</strong></span> <span class='ocrx_word' id='word_1_292' title='bbox 2887 960 3115 1016; x_wconf 65' lang='lat' dir='ltr'><strong>facturae</strong></span> <span class='ocrx_word' id='word_1_293' title='bbox 3145 968 3198 1017; x_wconf 91' lang='lat' dir='ltr'><strong>et</strong></span> <span class='ocrx_word' id='word_1_294' title='bbox 3227 961 3496 1033; x_wconf 73' lang='lat' dir='ltr'><strong>genitura:</strong></span> 
     </span>
    </p>
   </div>
   <div class='ocr_carea' id='block_1_40' title="bbox 1917 1053 3486 1125">
    <p class='ocr_par' dir='ltr' id='par_1_40' title="bbox 1917 1053 3486 1125">
     <span class='ocr_line' id='line_1_40' title="bbox 1917 1053 3486 1125; baseline -0.001 -17"><span class='ocrx_word' id='word_1_295' title='bbox 1917 1055 2165 1110; x_wconf 82' lang='lat' dir='ltr'><strong>notitiam</strong></span> <span class='ocrx_word' id='word_1_296' title='bbox 2224 1054 2566 1110; x_wconf 90' lang='lat' dir='ltr'><strong>discindatur</strong></span> <span class='ocrx_word' id='word_1_297' title='bbox 2617 1071 2630 1109; x_wconf 91' lang='lat'><strong>:</strong></span> <span class='ocrx_word' id='word_1_298' title='bbox 2685 1053 3134 1125; x_wconf 87' lang='lat' dir='ltr'><strong>quandoquidem</strong></span> <span class='ocrx_word' id='word_1_299' title='bbox 3190 1054 3245 1108; x_wconf 91' lang='lat' dir='ltr'><strong>in</strong></span> <span class='ocrx_word' id='word_1_300' title='bbox 3301 1054 3486 1123; x_wconf 89' lang='lat' dir='ltr'><strong>seipso</strong></span> 
     </span>
    </p>
   </div>
   <div class='ocr_carea' id='block_1_41' title="bbox 1917 1143 3496 1214">
    <p class='ocr_par' dir='ltr' id='par_1_41' title="bbox 1917 1143 3496 1214">
     <span class='ocr_line' id='line_1_41' title="bbox 1917 1143 3496 1214; baseline -0.002 -15"><span class='ocrx_word' id='word_1_301' title='bbox 1917 1159 2042 1199; x_wconf 91' lang='lat' dir='ltr'><strong>cum</strong></span> <span class='ocrx_word' id='word_1_302' title='bbox 2093 1143 2296 1199; x_wconf 90' lang='lat' dir='ltr'><strong>dicitur</strong></span> <span class='ocrx_word' id='word_1_303' title='bbox 2341 1143 2537 1198; x_wconf 88' lang='lat' dir='ltr'><strong>horum</strong></span> <span class='ocrx_word' id='word_1_304' title='bbox 2586 1151 2905 1213; x_wconf 89' lang='lat' dir='ltr'><strong>utrumque,</strong></span> <span class='ocrx_word' id='word_1_305' title='bbox 2952 1143 3284 1214; x_wconf 86' lang='lat' dir='ltr'><strong>peculiarem</strong></span> <span class='ocrx_word' id='word_1_306' title='bbox 3331 1143 3496 1198; x_wconf 88' lang='lat' dir='ltr'><strong>habet</strong></span> 
     </span>
    </p>
   </div>
   <div class='ocr_carea' id='block_1_42' title="bbox 1919 1234 3494 1309">
    <p class='ocr_par' dir='ltr' id='par_1_42' title="bbox 1919 1234 3494 1309">
     <span class='ocr_line' id='line_1_42' title="bbox 1919 1234 3494 1309; baseline -0.003 -17"><span class='ocrx_word' id='word_1_307' title='bbox 1919 1238 2449 1309; x_wconf 86' lang='lat' dir='ltr'><strong>interpretationem,</strong></span> <span class='ocrx_word' id='word_1_308' title='bbox 2500 1249 2730 1291; x_wconf 87' lang='lat' dir='ltr'><strong>necesse</strong></span> <span class='ocrx_word' id='word_1_309' title='bbox 2767 1243 2855 1290; x_wconf 90' lang='lat' dir='ltr'><strong>est</strong></span> <span class='ocrx_word' id='word_1_310' title='bbox 2899 1249 3147 1304; x_wconf 85' lang='lat' dir='ltr'><strong>prorsus,</strong></span> <span class='ocrx_word' id='word_1_311' title='bbox 3185 1234 3494 1305; x_wconf 83' lang='lat' dir='ltr'><strong>propriam-</strong></span> 
     </span>
    </p>
   </div>
   <div class='ocr_carea' id='block_1_43' title="bbox 1917 1327 3493 1400">
    <p class='ocr_par' dir='ltr' id='par_1_43' title="bbox 1917 1327 3493 1400">
     <span class='ocr_line' id='line_1_43' title="bbox 1917 1327 3493 1400; baseline -0.001 -17"><span class='ocrx_word' id='word_1_312' title='bbox 1917 1344 2024 1400; x_wconf 87' lang='lat' dir='ltr'><strong>que</strong></span> <span class='ocrx_word' id='word_1_313' title='bbox 2055 1336 2109 1384; x_wconf 87' lang='lat' dir='ltr'><strong>et</strong></span> <span class='ocrx_word' id='word_1_314' title='bbox 2137 1337 2423 1398; x_wconf 76' lang='lat' dir='ltr'><strong>cognatam</strong></span> <span class='ocrx_word' id='word_1_315' title='bbox 2465 1342 2589 1383; x_wconf 91' lang='lat' dir='ltr'><strong>cum</strong></span> <span class='ocrx_word' id='word_1_316' title='bbox 2634 1327 2951 1382; x_wconf 90' lang='lat' dir='ltr'><strong>nominibus</strong></span> <span class='ocrx_word' id='word_1_317' title='bbox 2986 1334 3168 1382; x_wconf 88' lang='lat' dir='ltr'><strong>mente</strong></span> <span class='ocrx_word' id='word_1_318' title='bbox 3202 1327 3493 1396; x_wconf 83' lang='lat' dir='ltr'><strong>concipere</strong></span> 
     </span>
    </p>
   </div>
   <div class='ocr_carea' id='block_1_44' title="bbox 1919 1416 3492 1488">
    <p class='ocr_par' dir='ltr' id='par_1_44' title="bbox 1919 1416 3492 1488">
     <span class='ocr_line' id='line_1_44' title="bbox 1919 1416 3492 1488; baseline -0.004 -13"><span class='ocrx_word' id='word_1_319' title='bbox 1919 1428 2160 1475; x_wconf 90' lang='lat' dir='ltr'><strong>mutuam</strong></span> <span class='ocrx_word' id='word_1_320' title='bbox 2179 1429 2232 1475; x_wconf 92' lang='lat' dir='ltr'><strong>et</strong></span> <span class='ocrx_word' id='word_1_321' title='bbox 2253 1419 2535 1474; x_wconf 84' lang='lat' dir='ltr'><strong>relativam</strong></span> <span class='ocrx_word' id='word_1_322' title='bbox 2563 1417 3032 1488; x_wconf 86' lang='lat' dir='ltr'><strong>conjugationem.</strong></span> <span class='ocrx_word' id='word_1_323' title='bbox 3057 1416 3190 1471; x_wconf 87' lang='lat' dir='ltr'><strong>Nam</strong></span> <span class='ocrx_word' id='word_1_324' title='bbox 3210 1425 3263 1472; x_wconf 92' lang='lat' dir='ltr'><strong>et</strong></span> <span class='ocrx_word' id='word_1_325' title='bbox 3279 1417 3492 1486; x_wconf 77' lang='lat' dir='ltr'><strong>reliqua</strong></span> 
     </span>
    </p>
   </div>
   <div class='ocr_carea' id='block_1_45' title="bbox 1919 1506 3497 1582">
    <p class='ocr_par' dir='ltr' id='par_1_45' title="bbox 1919 1506 3497 1582">
     <span class='ocr_line' id='line_1_45' title="bbox 1919 1506 3497 1582; baseline -0.004 -17"><span class='ocrx_word' id='word_1_326' title='bbox 1919 1525 2039 1582; x_wconf 65' lang='lat' dir='ltr'><strong>quae</strong></span> <span class='ocrx_word' id='word_1_327' title='bbox 2086 1511 2258 1566; x_wconf 90' lang='lat' dir='ltr'><strong>relata</strong></span> <span class='ocrx_word' id='word_1_328' title='bbox 2290 1509 2574 1574; x_wconf 85' lang='lat' dir='ltr'><strong>dicuntur,</strong></span> <span class='ocrx_word' id='word_1_329' title='bbox 2609 1523 2717 1562; x_wconf 94' lang='lat' dir='ltr'><strong>non</strong></span> <span class='ocrx_word' id='word_1_330' title='bbox 2743 1508 2809 1562; x_wconf 90' lang='lat' dir='ltr'><strong>ad</strong></span> <span class='ocrx_word' id='word_1_331' title='bbox 2841 1508 2948 1561; x_wconf 89' lang='lat' dir='ltr'><strong>alia</strong></span> <span class='ocrx_word' id='word_1_332' title='bbox 2986 1523 3107 1577; x_wconf 75' lang='lat' dir='ltr'><strong>qua:</strong></span> <span class='ocrx_word' id='word_1_333' title='bbox 3141 1506 3344 1562; x_wconf 80' lang='lat' dir='ltr'><strong>diversi</strong></span> <span class='ocrx_word' id='word_1_334' title='bbox 3381 1507 3497 1561; x_wconf 84' lang='lat' dir='ltr'><strong>sint</strong></span> 
     </span>
    </p>
   </div>
   <div class='ocr_carea' id='block_1_46' title="bbox 1919 1597 3491 1674">
    <p class='ocr_par' dir='ltr' id='par_1_46' title="bbox 1919 1597 3491 1674">
     <span class='ocr_line' id='line_1_46' title="bbox 1919 1597 3491 1674; baseline -0.005 -16"><span class='ocrx_word' id='word_1_335' title='bbox 1919 1603 2133 1674; x_wconf 81' lang='lat' dir='ltr'><strong>generis</strong></span> <span class='ocrx_word' id='word_1_336' title='bbox 2189 1599 2511 1658; x_wconf 85' lang='lat' dir='ltr'><strong>relationem</strong></span> <span class='ocrx_word' id='word_1_337' title='bbox 2560 1599 2676 1655; x_wconf 91' lang='lat' dir='ltr'><strong>sive</strong></span> <span class='ocrx_word' id='word_1_338' title='bbox 2735 1598 3202 1654; x_wconf 86' lang='lat' dir='ltr'><strong>necessitudinem</strong></span> <span class='ocrx_word' id='word_1_339' title='bbox 3258 1597 3491 1662; x_wconf 86' lang='lat' dir='ltr'><strong>habent;</strong></span> 
     </span>
    </p>
   </div>
   <div class='ocr_carea' id='block_1_47' title="bbox 1921 1689 3498 1753">
    <p class='ocr_par' dir='ltr' id='par_1_47' title="bbox 1921 1689 3498 1753">
     <span class='ocr_line' id='line_1_47' title="bbox 1921 1689 3498 1753; baseline -0.004 -3"><span class='ocrx_word' id='word_1_340' title='bbox 1921 1695 2015 1750; x_wconf 90' lang='lat' dir='ltr'><strong>sed</strong></span> <span class='ocrx_word' id='word_1_341' title='bbox 2063 1694 2279 1750; x_wconf 89' lang='lat' dir='ltr'><strong>etiamsi</strong></span> <span class='ocrx_word' id='word_1_342' title='bbox 2335 1693 2638 1748; x_wconf 88' lang='lat' dir='ltr'><strong>relatorum</strong></span> <span class='ocrx_word' id='word_1_343' title='bbox 2683 1691 2917 1746; x_wconf 89' lang='lat' dir='ltr'><strong>alterum</strong></span> <span class='ocrx_word' id='word_1_344' title='bbox 2975 1698 3245 1753; x_wconf 86' lang='lat' dir='ltr'><strong>taceatur,</strong></span> <span class='ocrx_word' id='word_1_345' title='bbox 3295 1689 3498 1744; x_wconf 83' lang='lat' dir='ltr'><strong>nihilo-</strong></span> 
     </span>
    </p>
   </div>
   <div class='ocr_carea' id='block_1_48' title="bbox 1918 1777 3492 1851">
    <p class='ocr_par' dir='ltr' id='par_1_48' title="bbox 1918 1777 3492 1851">
     <span class='ocr_line' id='line_1_48' title="bbox 1918 1777 3492 1851; baseline -0.004 -14"><span class='ocrx_word' id='word_1_346' title='bbox 1918 1784 2100 1837; x_wconf 85' lang='lat' dir='ltr'><strong>minus</strong></span> <span class='ocrx_word' id='word_1_347' title='bbox 2146 1790 2342 1851; x_wconf 89' lang='lat' dir='ltr'><strong>sponte</strong></span> <span class='ocrx_word' id='word_1_348' title='bbox 2387 1795 2510 1834; x_wconf 92' lang='lat' dir='ltr'><strong>cum</strong></span> <span class='ocrx_word' id='word_1_349' title='bbox 2580 1779 2859 1850; x_wconf 88' lang='lat' dir='ltr'><strong>primitivo</strong></span> <span class='ocrx_word' id='word_1_350' title='bbox 2915 1780 3078 1833; x_wconf 86' lang='lat' dir='ltr'><strong>etiam</strong></span> <span class='ocrx_word' id='word_1_351' title='bbox 3142 1777 3492 1848; x_wconf 75' lang='lat' dir='ltr'><strong>coniugatum</strong></span> 
     </span>
    </p>
   </div>
   <div class='ocr_carea' id='block_1_49' title="bbox 1917 1870 3492 1945">
    <p class='ocr_par' dir='ltr' id='par_1_49' title="bbox 1917 1870 3492 1945">
     <span class='ocr_line' id='line_1_49' title="bbox 1917 1870 3492 1945; baseline -0.003 -16"><span class='ocrx_word' id='word_1_352' title='bbox 1917 1875 2260 1945; x_wconf 80' lang='lat' dir='ltr'><strong>intelligitur.</strong></span> <span class='ocrx_word' id='word_1_353' title='bbox 2298 1873 2477 1928; x_wconf 87' lang='lat' dir='ltr'><strong>Veluti</strong></span> <span class='ocrx_word' id='word_1_354' title='bbox 2521 1871 2730 1941; x_wconf 80' lang='lat' dir='ltr'><strong>opifex,</strong></span> <span class='ocrx_word' id='word_1_355' title='bbox 2788 1886 3005 1934; x_wconf 89' lang='lat' dir='ltr'><strong>servus,</strong></span> <span class='ocrx_word' id='word_1_356' title='bbox 3042 1870 3274 1934; x_wconf 80' lang='lat' dir='ltr'><strong>amicus,</strong></span> <span class='ocrx_word' id='word_1_357' title='bbox 3326 1871 3492 1936; x_wconf 91' lang='lat' dir='ltr'><strong>ﬁlius,</strong></span> 
     </span>
    </p>
   </div>
   <div class='ocr_carea' id='block_1_50' title="bbox 1917 1961 3496 2037">
    <p class='ocr_par' dir='ltr' id='par_1_50' title="bbox 1917 1961 3496 2037">
     <span class='ocr_line' id='line_1_50' title="bbox 1917 1961 3496 2037; baseline -0.004 -16"><span class='ocrx_word' id='word_1_358' title='bbox 1917 1976 1972 2022; x_wconf 91' lang='lat' dir='ltr'><strong>et</strong></span> <span class='ocrx_word' id='word_1_359' title='bbox 2005 1980 2126 2037; x_wconf 75' lang='lat' dir='ltr'><strong>qua:</strong></span> <span class='ocrx_word' id='word_1_360' title='bbox 2162 1972 2290 2020; x_wconf 87' lang='lat' dir='ltr'><strong>sunt</strong></span> <span class='ocrx_word' id='word_1_361' title='bbox 2329 1964 2620 2036; x_wconf 79' lang='lat' dir='ltr'><strong>ejusmodi.</strong></span> <span class='ocrx_word' id='word_1_362' title='bbox 2657 1961 2854 2016; x_wconf 88' lang='lat' dir='ltr'><strong>Omnia</strong></span> <span class='ocrx_word' id='word_1_363' title='bbox 2887 1961 3034 2018; x_wconf 88' lang='lat' dir='ltr'><strong>enim</strong></span> <span class='ocrx_word' id='word_1_364' title='bbox 3069 1975 3192 2031; x_wconf 66' lang='lat' dir='ltr'><strong>quae</strong></span> <span class='ocrx_word' id='word_1_365' title='bbox 3234 1975 3330 2030; x_wconf 89' lang='lat' dir='ltr'><strong>per</strong></span> <span class='ocrx_word' id='word_1_366' title='bbox 3358 1962 3496 2015; x_wconf 86' lang='lat' dir='ltr'><strong>rela-</strong></span> 
     </span>
    </p>
   </div>
   <div class='ocr_carea' id='block_1_51' title="bbox 1918 2053 3495 2123">
    <p class='ocr_par' dir='ltr' id='par_1_51' title="bbox 1918 2053 3495 2123">
     <span class='ocr_line' id='line_1_51' title="bbox 1918 2053 3495 2123; baseline -0.004 -10"><span class='ocrx_word' id='word_1_367' title='bbox 1918 2058 2122 2114; x_wconf 82' lang='lat' dir='ltr'><strong>tionem</strong></span> <span class='ocrx_word' id='word_1_368' title='bbox 2165 2056 2233 2110; x_wconf 91' lang='lat' dir='ltr'><strong>ad</strong></span> <span class='ocrx_word' id='word_1_369' title='bbox 2260 2056 2493 2112; x_wconf 89' lang='lat' dir='ltr'><strong>alterum</strong></span> <span class='ocrx_word' id='word_1_370' title='bbox 2542 2053 3271 2123; x_wconf 86' lang='lat' dir='ltr'><strong>considerantur,propriam</strong></span> <span class='ocrx_word' id='word_1_371' title='bbox 3311 2061 3367 2108; x_wconf 86' lang='lat' dir='ltr'><strong>et</strong></span> <span class='ocrx_word' id='word_1_372' title='bbox 3399 2068 3495 2107; x_wconf 85' lang='lat' dir='ltr'><strong>co-</strong></span> 
     </span>
    </p>
   </div>
   <div class='ocr_carea' id='block_1_52' title="bbox 1917 2143 3496 2214">
    <p class='ocr_par' dir='ltr' id='par_1_52' title="bbox 1917 2143 3496 2214">
     <span class='ocr_line' id='line_1_52' title="bbox 1917 2143 3496 2214; baseline -0.004 -12"><span class='ocrx_word' id='word_1_373' title='bbox 1917 2149 2216 2204; x_wconf 67' lang='lat' dir='ltr'><strong>haerentem</strong></span> <span class='ocrx_word' id='word_1_374' title='bbox 2251 2146 2318 2202; x_wconf 92' lang='lat' dir='ltr'><strong>ad</strong></span> <span class='ocrx_word' id='word_1_375' title='bbox 2348 2145 2404 2201; x_wconf 91' lang='lat' dir='ltr'><strong>id</strong></span> <span class='ocrx_word' id='word_1_376' title='bbox 2452 2144 2598 2214; x_wconf 90' lang='lat' dir='ltr'><strong>quod</strong></span> <span class='ocrx_word' id='word_1_377' title='bbox 2629 2143 2944 2199; x_wconf 88' lang='lat' dir='ltr'><strong>declaratur</strong></span> <span class='ocrx_word' id='word_1_378' title='bbox 2975 2143 3360 2213; x_wconf 82' lang='lat' dir='ltr'><strong>cognationem</strong></span> <span class='ocrx_word' id='word_1_379' title='bbox 3397 2158 3496 2214; x_wconf 88' lang='lat' dir='ltr'><strong>per</strong></span> 
     </span>
    </p>
   </div>
   <div class='ocr_carea' id='block_1_53' title="bbox 1919 2233 3495 2310">
    <p class='ocr_par' dir='ltr' id='par_1_53' title="bbox 1919 2233 3495 2310">
     <span class='ocr_line' id='line_1_53' title="bbox 1919 2233 3495 2310; baseline -0.004 -18"><span class='ocrx_word' id='word_1_380' title='bbox 1919 2239 2337 2310; x_wconf 80' lang='lat' dir='ltr'><strong>appellationem</strong></span> <span class='ocrx_word' id='word_1_381' title='bbox 2366 2235 2551 2290; x_wconf 90' lang='lat' dir='ltr'><strong>animo</strong></span> <span class='ocrx_word' id='word_1_382' title='bbox 2577 2239 2998 2304; x_wconf 65' lang='lat' dir='ltr'><strong>repraesentant,</strong></span> <span class='ocrx_word' id='word_1_383' title='bbox 3025 2233 3344 2302; x_wconf 90' lang='lat' dir='ltr'><strong>nullamque</strong></span> <span class='ocrx_word' id='word_1_384' title='bbox 3374 2247 3495 2286; x_wconf 78' lang='lat' dir='ltr'><strong>om-</strong></span> 
     </span>
    </p>
   </div>
   <div class='ocr_carea' id='block_1_54' title="bbox 1919 2325 3494 2400">
    <p class='ocr_par' dir='ltr' id='par_1_54' title="bbox 1919 2325 3494 2400">
     <span class='ocr_line' id='line_1_54' title="bbox 1919 2325 3494 2400; baseline -0.004 -14"><span class='ocrx_word' id='word_1_385' title='bbox 1919 2332 2051 2388; x_wconf 93' lang='lat' dir='ltr'><strong>nino</strong></span> <span class='ocrx_word' id='word_1_386' title='bbox 2099 2346 2224 2386; x_wconf 93' lang='lat' dir='ltr'><strong>cum</strong></span> <span class='ocrx_word' id='word_1_387' title='bbox 2262 2344 2328 2386; x_wconf 92' lang='lat' dir='ltr'><strong>eo</strong></span> <span class='ocrx_word' id='word_1_388' title='bbox 2354 2329 2501 2400; x_wconf 92' lang='lat' dir='ltr'><strong>quod</strong></span> <span class='ocrx_word' id='word_1_389' title='bbox 2533 2335 2617 2384; x_wconf 87' lang='lat' dir='ltr'><strong>est</strong></span> <span class='ocrx_word' id='word_1_390' title='bbox 2653 2326 2858 2383; x_wconf 82' lang='lat' dir='ltr'><strong>diversi</strong></span> <span class='ocrx_word' id='word_1_391' title='bbox 2888 2326 3105 2398; x_wconf 76' lang='lat' dir='ltr'><strong>generis</strong></span> <span class='ocrx_word' id='word_1_392' title='bbox 3149 2325 3494 2379; x_wconf 84' lang='lat' dir='ltr'><strong>communio-</strong></span> 
     </span>
    </p>
   </div>
   <div class='ocr_carea' id='block_1_55' title="bbox 1920 2416 3492 2493">
    <p class='ocr_par' dir='ltr' id='par_1_55' title="bbox 1920 2416 3492 2493">
     <span class='ocr_line' id='line_1_55' title="bbox 1920 2416 3492 2493; baseline -0.005 -15"><span class='ocrx_word' id='word_1_393' title='bbox 1920 2439 2042 2479; x_wconf 89' lang='lat' dir='ltr'><strong>nem</strong></span> <span class='ocrx_word' id='word_1_394' title='bbox 2065 2430 2295 2493; x_wconf 89' lang='lat' dir='ltr'><strong>possunt</strong></span> <span class='ocrx_word' id='word_1_395' title='bbox 2324 2421 2636 2476; x_wconf 88' lang='lat' dir='ltr'><strong>admittere.</strong></span> <span class='ocrx_word' id='word_1_396' title='bbox 2667 2418 2854 2490; x_wconf 87' lang='lat' dir='ltr'><strong>Neque</strong></span> <span class='ocrx_word' id='word_1_397' title='bbox 2887 2417 3035 2473; x_wconf 92' lang='lat' dir='ltr'><strong>enim</strong></span> <span class='ocrx_word' id='word_1_398' title='bbox 3063 2416 3276 2488; x_wconf 89' lang='lat' dir='ltr'><strong>opiﬁcis</strong></span> <span class='ocrx_word' id='word_1_399' title='bbox 3297 2433 3492 2472; x_wconf 88' lang='lat' dir='ltr'><strong>nomen</strong></span> 
     </span>
    </p>
   </div>
   <div class='ocr_carea' id='block_1_56' title="bbox 1919 2509 3494 2584">
    <p class='ocr_par' dir='ltr' id='par_1_56' title="bbox 1919 2509 3494 2584">
     <span class='ocr_line' id='line_1_56' title="bbox 1919 2509 3494 2584; baseline -0.005 -15"><span class='ocrx_word' id='word_1_400' title='bbox 1919 2529 2044 2569; x_wconf 91' lang='lat' dir='ltr'><strong>cum</strong></span> <span class='ocrx_word' id='word_1_401' title='bbox 2112 2513 2233 2568; x_wconf 92' lang='lat' dir='ltr'><strong>filio</strong></span> <span class='ocrx_word' id='word_1_402' title='bbox 2280 2513 2632 2584; x_wconf 86' lang='lat' dir='ltr'><strong>conjugatum</strong></span> <span class='ocrx_word' id='word_1_403' title='bbox 2681 2519 2799 2578; x_wconf 88' lang='lat' dir='ltr'><strong>est;</strong></span> <span class='ocrx_word' id='word_1_404' title='bbox 2847 2524 3026 2580; x_wconf 89' lang='lat' dir='ltr'><strong>neque</strong></span> <span class='ocrx_word' id='word_1_405' title='bbox 3076 2510 3222 2564; x_wconf 90' lang='lat' dir='ltr'><strong>servi</strong></span> <span class='ocrx_word' id='word_1_406' title='bbox 3265 2523 3370 2562; x_wconf 82' lang='lat' dir='ltr'><strong>vox</strong></span> <span class='ocrx_word' id='word_1_407' title='bbox 3427 2509 3494 2562; x_wconf 90' lang='lat' dir='ltr'><strong>ad</strong></span> 
     </span>
    </p>
   </div>
   <div class='ocr_carea' id='block_1_57' title="bbox 1919 2599 3493 2674">
    <p class='ocr_par' dir='ltr' id='par_1_57' title="bbox 1919 2599 3493 2674">
     <span class='ocr_line' id='line_1_57' title="bbox 1919 2599 3493 2674; baseline -0.005 -15"><span class='ocrx_word' id='word_1_408' title='bbox 1919 2603 2166 2674; x_wconf 88' lang='lat' dir='ltr'><strong>opiﬁcem</strong></span> <span class='ocrx_word' id='word_1_409' title='bbox 2188 2601 2447 2669; x_wconf 86' lang='lat' dir='ltr'><strong>refertur,</strong></span> <span class='ocrx_word' id='word_1_410' title='bbox 2470 2617 2650 2672; x_wconf 89' lang='lat' dir='ltr'><strong>neque</strong></span> <span class='ocrx_word' id='word_1_411' title='bbox 2677 2601 2888 2656; x_wconf 88' lang='lat' dir='ltr'><strong>amicus</strong></span> <span class='ocrx_word' id='word_1_412' title='bbox 2923 2614 3140 2656; x_wconf 89' lang='lat' dir='ltr'><strong>servum</strong></span> <span class='ocrx_word' id='word_1_413' title='bbox 3177 2599 3493 2662; x_wconf 82' lang='lat' dir='ltr'><strong>declaravit,</strong></span> 
     </span>
    </p>
   </div>
   <div class='ocr_carea' id='block_1_58' title="bbox 1918 2689 3495 2763">
    <p class='ocr_par' dir='ltr' id='par_1_58' title="bbox 1918 2689 3495 2763">
     <span class='ocr_line' id='line_1_58' title="bbox 1918 2689 3495 2763; baseline -0.003 -15"><span class='ocrx_word' id='word_1_414' title='bbox 1918 2708 2097 2763; x_wconf 89' lang='lat' dir='ltr'><strong>neque</strong></span> <span class='ocrx_word' id='word_1_415' title='bbox 2145 2692 2290 2749; x_wconf 88' lang='lat' dir='ltr'><strong>ﬁlius</strong></span> <span class='ocrx_word' id='word_1_416' title='bbox 2345 2691 2626 2748; x_wconf 89' lang='lat' dir='ltr'><strong>dominum</strong></span> <span class='ocrx_word' id='word_1_417' title='bbox 2671 2709 2684 2746; x_wconf 91' lang='lat'><strong>:</strong></span> <span class='ocrx_word' id='word_1_418' title='bbox 2755 2691 2850 2746; x_wconf 86' lang='lat' dir='ltr'><strong>sed</strong></span> <span class='ocrx_word' id='word_1_419' title='bbox 2905 2701 3147 2760; x_wconf 89' lang='lat' dir='ltr'><strong>apertam</strong></span> <span class='ocrx_word' id='word_1_420' title='bbox 3203 2697 3260 2744; x_wconf 91' lang='lat' dir='ltr'><strong>et</strong></span> <span class='ocrx_word' id='word_1_421' title='bbox 3297 2689 3495 2745; x_wconf 87' lang='lat' dir='ltr'><strong>distin-</strong></span> 
     </span>
    </p>
   </div>
   <div class='ocr_carea' id='block_1_59' title="bbox 1918 2785 3498 2859">
    <p class='ocr_par' dir='ltr' id='par_1_59' title="bbox 1918 2785 3498 2859">
     <span class='ocr_line' id='line_1_59' title="bbox 1918 2785 3498 2859; baseline -0.004 -13"><span class='ocrx_word' id='word_1_422' title='bbox 1918 2801 2062 2846; x_wconf 92' lang='lat' dir='ltr'><strong>ctam</strong></span> <span class='ocrx_word' id='word_1_423' title='bbox 2098 2791 2295 2846; x_wconf 88' lang='lat' dir='ltr'><strong>borum</strong></span> <span class='ocrx_word' id='word_1_424' title='bbox 2339 2789 2606 2859; x_wconf 87' lang='lat' dir='ltr'><strong>cujusque</strong></span> <span class='ocrx_word' id='word_1_425' title='bbox 2638 2789 2780 2843; x_wconf 89' lang='lat' dir='ltr'><strong>inter</strong></span> <span class='ocrx_word' id='word_1_426' title='bbox 2835 2803 2894 2843; x_wconf 89' lang='lat' dir='ltr'><strong>se</strong></span> <span class='ocrx_word' id='word_1_427' title='bbox 2925 2785 3365 2856; x_wconf 87' lang='lat' dir='ltr'><strong>conjugationem</strong></span> <span class='ocrx_word' id='word_1_428' title='bbox 3394 2801 3498 2858; x_wconf 80' lang='lat' dir='ltr'><strong>_co-</strong></span> 
     </span>
    </p>
   </div>
   <div class='ocr_carea' id='block_1_60' title="bbox 1918 2873 3494 2952">
    <p class='ocr_par' dir='ltr' id='par_1_60' title="bbox 1918 2873 3494 2952">
     <span class='ocr_line' id='line_1_60' title="bbox 1918 2873 3494 2952; baseline -0.006 -17"><span class='ocrx_word' id='word_1_429' title='bbox 1918 2881 2257 2952; x_wconf 87' lang='lat' dir='ltr'><strong>gnoscimus,</strong></span> <span class='ocrx_word' id='word_1_430' title='bbox 2288 2895 2386 2950; x_wconf 90' lang='lat' dir='ltr'><strong>per</strong></span> <span class='ocrx_word' id='word_1_431' title='bbox 2401 2879 2636 2933; x_wconf 86' lang='lat' dir='ltr'><strong>amicum</strong></span> <span class='ocrx_word' id='word_1_432' title='bbox 2659 2885 2842 2933; x_wconf 90' lang='lat' dir='ltr'><strong>mente</strong></span> <span class='ocrx_word' id='word_1_433' title='bbox 2858 2875 3233 2947; x_wconf 89' lang='lat' dir='ltr'><strong>concipientes</strong></span> <span class='ocrx_word' id='word_1_434' title='bbox 3259 2873 3494 2929; x_wconf 88' lang='lat' dir='ltr'><strong>alterum</strong></span> 
     </span>
    </p>
   </div>
   <div class='ocr_carea' id='block_1_61' title="bbox 1919 2967 3496 3040">
    <p class='ocr_par' dir='ltr' id='par_1_61' title="bbox 1919 2967 3496 3040">
     <span class='ocr_line' id='line_1_61' title="bbox 1919 2967 3496 3040; baseline -0.003 -16"><span class='ocrx_word' id='word_1_435' title='bbox 1919 2971 2178 3035; x_wconf 90' lang='lat' dir='ltr'><strong>amicum,</strong></span> <span class='ocrx_word' id='word_1_436' title='bbox 2242 2978 2298 3025; x_wconf 91' lang='lat' dir='ltr'><strong>et</strong></span> <span class='ocrx_word' id='word_1_437' title='bbox 2347 2985 2444 3040; x_wconf 88' lang='lat' dir='ltr'><strong>per</strong></span> <span class='ocrx_word' id='word_1_438' title='bbox 2495 2984 2734 3035; x_wconf 88' lang='lat' dir='ltr'><strong>servum,</strong></span> <span class='ocrx_word' id='word_1_439' title='bbox 2781 2967 3063 3022; x_wconf 88' lang='lat' dir='ltr'><strong>dominum</strong></span> <span class='ocrx_word' id='word_1_440' title='bbox 3115 2984 3128 3020; x_wconf 91' lang='lat'><strong>:</strong></span> <span class='ocrx_word' id='word_1_441' title='bbox 3185 2982 3326 3036; x_wconf 88' lang='lat' dir='ltr'><strong>opus</strong></span> <span class='ocrx_word' id='word_1_442' title='bbox 3366 2981 3496 3020; x_wconf 91' lang='lat' dir='ltr'><strong>vero</strong></span> 
     </span>
    </p>
   </div>
   <div class='ocr_carea' id='block_1_62' title="bbox 221 3050 1818 3132">
    <p class='ocr_par' dir='ltr' id='par_1_62' title="bbox 221 3050 1818 3127">
     <span class='ocr_line' id='line_1_62' title="bbox 221 3050 1818 3127; baseline 0.003 -23"><span class='ocrx_word' id='word_1_443' title='bbox 221 3053 323 3104; x_wconf 77' lang='grc' dir='ltr'><strong>σίν</strong></span> <span class='ocrx_word' id='word_1_444' title='bbox 383 3068 507 3106; x_wconf 88' lang='grc' dir='ltr'>τινα</span> <span class='ocrx_word' id='word_1_445' title='bbox 546 3050 655 3104; x_wconf 86' lang='grc' dir='ltr'>τῶν</span> <span class='ocrx_word' id='word_1_446' title='bbox 702 3052 1049 3122; x_wconf 84' lang='grc' dir='ltr'>πραγμάτων</span> <span class='ocrx_word' id='word_1_447' title='bbox 1107 3053 1197 3106; x_wconf 86' lang='grc' dir='ltr'><strong>διά</strong></span> <span class='ocrx_word' id='word_1_448' title='bbox 1239 3058 1340 3124; x_wconf 75' lang='grc' dir='ltr'>τῆς</span> <span class='ocrx_word' id='word_1_449' title='bbox 1377 3055 1486 3108; x_wconf 84' lang='grc' dir='ltr'><strong>τῶν</strong></span> <span class='ocrx_word' id='word_1_450' title='bbox 1541 3055 1818 3127; x_wconf 81' lang='grc' dir='ltr'>ὀνομάτων</span> 
     </span>
    </p>
   </div>
   <div class='ocr_carea' id='block_1_63' title="bbox 1923 3050 3498 3132">
    <p class='ocr_par' dir='ltr' id='par_1_63' title="bbox 1923 3056 3498 3132">
     <span class='ocr_line' id='line_1_63' title="bbox 1923 3056 3498 3132; baseline -0.003 -16"><span class='ocrx_word' id='word_1_451' title='bbox 1923 3077 2016 3131; x_wconf 91' lang='lat' dir='ltr'><strong>per</strong></span> <span class='ocrx_word' id='word_1_452' title='bbox 2057 3060 2330 3132; x_wconf 89' lang='lat' dir='ltr'><strong>opiﬁcem,</strong></span> <span class='ocrx_word' id='word_1_453' title='bbox 2375 3074 2471 3132; x_wconf 89' lang='lat' dir='ltr'><strong>per</strong></span> <span class='ocrx_word' id='word_1_454' title='bbox 2528 3061 2720 3125; x_wconf 88' lang='lat' dir='ltr'><strong>ﬁlium,</strong></span> <span class='ocrx_word' id='word_1_455' title='bbox 2783 3067 3015 3131; x_wconf 86' lang='lat' dir='ltr'><strong>patrem.</strong></span> <span class='ocrx_word' id='word_1_456' title='bbox 3063 3056 3154 3112; x_wconf 92' lang='lat' dir='ltr'><strong>Sic</strong></span> <span class='ocrx_word' id='word_1_457' title='bbox 3203 3058 3366 3128; x_wconf 86' lang='lat' dir='ltr'><strong>igitur</strong></span> <span class='ocrx_word' id='word_1_458' title='bbox 3395 3057 3498 3111; x_wconf 86' lang='lat' dir='ltr'><strong>hoc</strong></span> 
     </span>
    </p>
   </div>
   <div class='ocr_carea' id='block_1_64' title="bbox 221 3131 1818 3223">
    <p class='ocr_par' dir='ltr' id='par_1_64' title="bbox 221 3143 1818 3219">
     <span class='ocr_line' id='line_1_64' title="bbox 221 3143 1818 3219; baseline 0.002 -22"><span class='ocrx_word' id='word_1_459' title='bbox 221 3143 553 3215; x_wconf 72' lang='grc' dir='ltr'>ὑπαλλαγῆς</span> <span class='ocrx_word' id='word_1_460' title='bbox 581 3144 848 3213; x_wconf 71' lang='grc' dir='ltr'>ἐμποιεῖν,</span> <span class='ocrx_word' id='word_1_461' title='bbox 887 3144 1081 3210; x_wconf 85' lang='grc' dir='ltr'>σώζειν</span> <span class='ocrx_word' id='word_1_462' title='bbox 1097 3146 1312 3218; x_wconf 81' lang='grc' dir='ltr'>ἑκάστῳ</span> <span class='ocrx_word' id='word_1_463' title='bbox 1342 3147 1450 3201; x_wconf 86' lang='grc' dir='ltr'><strong>τῶν</strong></span> <span class='ocrx_word' id='word_1_464' title='bbox 1471 3147 1613 3219; x_wconf 72' lang='grc' dir='ltr'>πρός</span> <span class='ocrx_word' id='word_1_465' title='bbox 1648 3165 1702 3200; x_wconf 87' lang='grc' dir='ltr'><strong>τι</strong></span> <span class='ocrx_word' id='word_1_466' title='bbox 1733 3147 1818 3200; x_wconf 89' lang='grc' dir='ltr'>λε-</span> 
     </span>
    </p>
   </div>
   <div class='ocr_carea' id='block_1_65' title="bbox 1923 3131 3496 3223">
    <p class='ocr_par' dir='ltr' id='par_1_65' title="bbox 1923 3131 3496 3223">
     <span class='ocr_line' id='line_1_65' title="bbox 1923 3131 3496 3223; baseline -0.003 -18"><span class='ocrx_word' id='word_1_467' title='bbox 1923 3165 2122 3205; x_wconf 85' lang='lat' dir='ltr'><strong>nomen</strong></span> <span class='ocrx_word' id='word_1_468' title='bbox 2165 3131 2414 3222; x_wconf 84' lang='grc' dir='ltr'>γέννημα</span> <span class='ocrx_word' id='word_1_469' title='bbox 2446 3150 2741 3223; x_wconf 81' lang='lat' dir='ltr'><strong>(genitura)</strong></span> <span class='ocrx_word' id='word_1_470' title='bbox 2788 3166 2914 3206; x_wconf 89' lang='lat' dir='ltr'><strong>cum</strong></span> <span class='ocrx_word' id='word_1_471' title='bbox 2958 3150 3146 3219; x_wconf 88' lang='lat' dir='ltr'><strong>aliquo</strong></span> <span class='ocrx_word' id='word_1_472' title='bbox 3193 3149 3496 3213; x_wconf 79' lang='lat' dir='ltr'><strong>confertur,</strong></span> 
     </span>
    </p>
   </div>
   <div class='ocr_carea' id='block_1_66' title="bbox 229 3234 1362 3309">
    <p class='ocr_par' dir='ltr' id='par_1_66' title="bbox 229 3234 1362 3309">
     <span class='ocr_line' id='line_1_66' title="bbox 229 3234 1362 3309; baseline 0.005 -22"><span class='ocrx_word' id='word_1_473' title='bbox 229 3234 483 3304; x_wconf 72' lang='grc' dir='ltr'>(ομένων</span> <span class='ocrx_word' id='word_1_474' title='bbox 508 3235 570 3288; x_wconf 78' lang='grc' dir='ltr'>τὸ</span> <span class='ocrx_word' id='word_1_475' title='bbox 591 3236 804 3300; x_wconf 75' lang='grc' dir='ltr'>οἰκείως</span> <span class='ocrx_word' id='word_1_476' title='bbox 835 3253 1007 3308; x_wconf 91' lang='grc' dir='ltr'>συσση</span> <span class='ocrx_word' id='word_1_477' title='bbox 1017 3238 1362 3309; x_wconf 88' lang='grc' dir='ltr'>μαινόμενον.</span> 
     </span>
    </p>
   </div>
   <div class='ocr_carea' id='block_1_67' title="bbox 1922 3237 3499 3310">
    <p class='ocr_par' dir='ltr' id='par_1_67' title="bbox 1922 3237 3499 3310">
     <span class='ocr_line' id='line_1_67' title="bbox 1922 3237 3499 3310; baseline -0.002 -15"><span class='ocrx_word' id='word_1_478' title='bbox 1922 3247 1978 3295; x_wconf 88' lang='lat' dir='ltr'><strong>et</strong></span> <span class='ocrx_word' id='word_1_479' title='bbox 2023 3253 2150 3293; x_wconf 91' lang='lat' dir='ltr'><strong>cum</strong></span> <span class='ocrx_word' id='word_1_480' title='bbox 2189 3253 2255 3294; x_wconf 91' lang='lat' dir='ltr'><strong>eo</strong></span> <span class='ocrx_word' id='word_1_481' title='bbox 2299 3239 2461 3295; x_wconf 85' lang='lat' dir='ltr'><strong>habet</strong></span> <span class='ocrx_word' id='word_1_482' title='bbox 2487 3240 2767 3310; x_wconf 89' lang='lat' dir='ltr'><strong>pr0priam</strong></span> <span class='ocrx_word' id='word_1_483' title='bbox 2799 3239 3276 3308; x_wconf 88' lang='lat' dir='ltr'><strong>signiﬁcationem.</strong></span> <span class='ocrx_word' id='word_1_484' title='bbox 3311 3237 3499 3308; x_wconf 81' lang='lat' dir='ltr'><strong>Itaque</strong></span> 
     </span>
    </p>
   </div>
   <div class='ocr_carea' id='block_1_68' title="bbox 221 3326 3495 3401">
    <p class='ocr_par' dir='ltr' id='par_1_68' title="bbox 221 3326 3495 3401">
     <span class='ocr_line' id='line_1_68' title="bbox 221 3326 3495 3401; baseline 0.001 -19"><span class='ocrx_word' id='word_1_485' title='bbox 221 3329 326 3382; x_wconf 87' lang='lat' dir='ltr'><strong>ille</strong></span> <span class='ocrx_word' id='word_1_486' title='bbox 349 3328 447 3396; x_wconf 86' lang='lat' dir='ltr'><strong>qui</strong></span> <span class='ocrx_word' id='word_1_487' title='bbox 481 3328 668 3398; x_wconf 83' lang='lat' dir='ltr'><strong>genuit</strong></span> <span class='ocrx_word' id='word_1_488' title='bbox 721 3328 801 3401; x_wconf 84' lang='grc' dir='ltr'><strong>τῷ</strong></span> <span class='ocrx_word' id='word_1_489' title='bbox 837 3330 1138 3400; x_wconf 77' lang='grc' dir='ltr'>γεννήματι</span> <span class='ocrx_word' id='word_1_490' title='bbox 1171 3326 1831 3400; x_wconf 69' lang='lat' dir='ltr'><strong>(genituraa)conjunctus</strong></span> <span class='ocrx_word' id='word_1_491' title='bbox 1880 3339 1984 3396; x_wconf 91' lang='lat' dir='ltr'><strong>est,</strong></span> <span class='ocrx_word' id='word_1_492' title='bbox 2038 3339 2092 3386; x_wconf 92' lang='lat' dir='ltr'><strong>et</strong></span> <span class='ocrx_word' id='word_1_493' title='bbox 2137 3337 2355 3386; x_wconf 88' lang='lat' dir='ltr'><strong>creator</strong></span> <span class='ocrx_word' id='word_1_494' title='bbox 2411 3337 2682 3388; x_wconf 68' lang='lat' dir='ltr'><strong>creatura:</strong></span> <span class='ocrx_word' id='word_1_495' title='bbox 2731 3328 3003 3390; x_wconf 62' lang='lat' dir='ltr'><strong>cohaeret,</strong></span> <span class='ocrx_word' id='word_1_496' title='bbox 3057 3338 3112 3386; x_wconf 90' lang='lat' dir='ltr'><strong>et</strong></span> <span class='ocrx_word' id='word_1_497' title='bbox 3152 3330 3262 3384; x_wconf 91' lang='lat' dir='ltr'><strong>nisi</strong></span> <span class='ocrx_word' id='word_1_498' title='bbox 3313 3346 3495 3386; x_wconf 90' lang='lat' dir='ltr'><strong>rerum</strong></span> 
     </span>
    </p>
   </div>
   <div class='ocr_carea' id='block_1_69' title="bbox 220 3415 3494 3489">
    <p class='ocr_par' dir='ltr' id='par_1_69' title="bbox 220 3415 3494 3489">
     <span class='ocr_line' id='line_1_69' title="bbox 220 3415 3494 3489; baseline 0.002 -20"><span class='ocrx_word' id='word_1_499' title='bbox 220 3415 616 3471; x_wconf 79' lang='lat' dir='ltr'><strong>confusionem</strong></span> <span class='ocrx_word' id='word_1_500' title='bbox 640 3416 932 3488; x_wconf 86' lang='lat' dir='ltr'><strong>quamdam</strong></span> <span class='ocrx_word' id='word_1_501' title='bbox 961 3433 1055 3488; x_wconf 86' lang='lat' dir='ltr'><strong>per</strong></span> <span class='ocrx_word' id='word_1_502' title='bbox 1081 3417 1363 3472; x_wconf 90' lang='lat' dir='ltr'><strong>nominum</strong></span> <span class='ocrx_word' id='word_1_503' title='bbox 1395 3417 1830 3476; x_wconf 90' lang='lat' dir='ltr'><strong>immutationem</strong></span> <span class='ocrx_word' id='word_1_504' title='bbox 1871 3419 2132 3477; x_wconf 88' lang='lat' dir='ltr'><strong>inducere</strong></span> <span class='ocrx_word' id='word_1_505' title='bbox 2158 3421 2413 3485; x_wconf 88' lang='lat' dir='ltr'><strong>velimus,</strong></span> <span class='ocrx_word' id='word_1_506' title='bbox 2441 3417 2666 3472; x_wconf 86' lang='lat' dir='ltr'><strong>omnino</strong></span> <span class='ocrx_word' id='word_1_507' title='bbox 2689 3424 2907 3489; x_wconf 88' lang='lat' dir='ltr'><strong>oportet</strong></span> <span class='ocrx_word' id='word_1_508' title='bbox 2943 3417 3142 3488; x_wconf 86' lang='lat' dir='ltr'><strong>cuique</strong></span> <span class='ocrx_word' id='word_1_509' title='bbox 3202 3421 3494 3476; x_wconf 86' lang='lat' dir='ltr'><strong>relatorum</strong></span> 
     </span>
    </p>
   </div>
   <div class='ocr_carea' id='block_1_70' title="bbox 224 3509 1594 3582">
    <p class='ocr_par' dir='ltr' id='par_1_70' title="bbox 224 3509 1594 3582">
     <span class='ocr_line' id='line_1_70' title="bbox 224 3509 1594 3582; baseline 0.007 -23"><span class='ocrx_word' id='word_1_510' title='bbox 224 3520 390 3560; x_wconf 84' lang='lat' dir='ltr'><strong>suam</strong></span> <span class='ocrx_word' id='word_1_511' title='bbox 431 3516 487 3562; x_wconf 88' lang='lat' dir='ltr'><strong>et</strong></span> <span class='ocrx_word' id='word_1_512' title='bbox 534 3509 810 3579; x_wconf 88' lang='lat' dir='ltr'><strong>propriam</strong></span> <span class='ocrx_word' id='word_1_513' title='bbox 861 3525 1084 3566; x_wconf 88' lang='lat' dir='ltr'><strong>servare</strong></span> <span class='ocrx_word' id='word_1_514' title='bbox 1114 3510 1594 3582; x_wconf 86' lang='lat' dir='ltr'><strong>significationem.</strong></span> 
     </span>
    </p>
   </div>
   <div class='ocr_carea' id='block_1_71' title="bbox 302 3597 1814 3673">
    <p class='ocr_par' dir='ltr' id='par_1_71' title="bbox 302 3597 1814 3673">
     <span class='ocr_line' id='line_1_71' title="bbox 302 3597 1814 3673; baseline 0.003 -20"><span class='ocrx_word' id='word_1_515' title='bbox 302 3598 552 3670; x_wconf 66' lang='grc' dir='ltr'>Φανερᾶς</span> <span class='ocrx_word' id='word_1_516' title='bbox 578 3597 669 3656; x_wconf 78' lang='grc' dir='ltr'>οὖν</span> <span class='ocrx_word' id='word_1_517' title='bbox 693 3601 860 3673; x_wconf 77' lang='grc' dir='ltr'>οὔσης</span> <span class='ocrx_word' id='word_1_518' title='bbox 893 3603 995 3673; x_wconf 86' lang='grc' dir='ltr'>τῆς</span> <span class='ocrx_word' id='word_1_519' title='bbox 1018 3602 1332 3670; x_wconf 78' lang='grc' dir='ltr'>τῶνλέξεων</span> <span class='ocrx_word' id='word_1_520' title='bbox 1347 3604 1553 3659; x_wconf 86' lang='grc' dir='ltr'>τούτων</span> <span class='ocrx_word' id='word_1_521' title='bbox 1583 3606 1814 3673; x_wconf 76' lang='grc' dir='ltr'>ἐννοίας,</span> 
     </span>
    </p>
   </div>
   <div class='ocr_carea' id='block_1_72' title="bbox 223 3688 1818 3767">
    <p class='ocr_par' dir='ltr' id='par_1_72' title="bbox 223 3688 1818 3767">
     <span class='ocr_line' id='line_1_72' title="bbox 223 3688 1818 3767; baseline 0.008 -28"><span class='ocrx_word' id='word_1_522' title='bbox 223 3688 371 3760; x_wconf 79' lang='grc' dir='ltr'>πρὸς</span> <span class='ocrx_word' id='word_1_523' title='bbox 397 3691 430 3742; x_wconf 82' lang='grc' dir='ltr'><strong>ὅ</strong></span> <span class='ocrx_word' id='word_1_524' title='bbox 455 3705 508 3742; x_wconf 91' lang='grc' dir='ltr'><strong>τι</strong></span> <span class='ocrx_word' id='word_1_525' title='bbox 531 3689 737 3758; x_wconf 82' lang='grc' dir='ltr'>βλέπει,</span> <span class='ocrx_word' id='word_1_526' title='bbox 759 3693 878 3757; x_wconf 84' lang='grc' dir='ltr'><strong>πῶς</strong></span> <span class='ocrx_word' id='word_1_527' title='bbox 913 3693 943 3745; x_wconf 81' lang='grc' dir='ltr'>ὁ</span> <span class='ocrx_word' id='word_1_528' title='bbox 974 3694 1064 3748; x_wconf 87' lang='grc' dir='ltr'><strong>διά</strong></span> <span class='ocrx_word' id='word_1_529' title='bbox 1088 3694 1186 3766; x_wconf 84' lang='grc' dir='ltr'><strong>τῆς</strong></span> <span class='ocrx_word' id='word_1_530' title='bbox 1223 3694 1444 3766; x_wconf 83' lang='grc' dir='ltr'>λογικῆς</span> <span class='ocrx_word' id='word_1_531' title='bbox 1475 3697 1818 3767; x_wconf 88' lang='grc' dir='ltr'>τεχνολογίας</span> 
     </span>
    </p>
   </div>
   <div class='ocr_carea' id='block_1_73' title="bbox 226 3781 1820 3859">
    <p class='ocr_par' dir='ltr' id='par_1_73' title="bbox 226 3781 1820 3859">
     <span class='ocr_line' id='line_1_73' title="bbox 226 3781 1820 3859; baseline 0.007 -28"><span class='ocrx_word' id='word_1_532' title='bbox 226 3781 497 3850; x_wconf 74' lang='grc' dir='ltr'>προάγων</span> <span class='ocrx_word' id='word_1_533' title='bbox 519 3782 586 3834; x_wconf 85' lang='grc' dir='ltr'><strong>τά</strong></span> <span class='ocrx_word' id='word_1_534' title='bbox 611 3783 878 3853; x_wconf 81' lang='grc' dir='ltr'>δόγματα,</span> <span class='ocrx_word' id='word_1_535' title='bbox 932 3784 1029 3856; x_wconf 83' lang='grc' dir='ltr'>τὴν</span> <span class='ocrx_word' id='word_1_536' title='bbox 1071 3787 1278 3840; x_wconf 87' lang='grc' dir='ltr'>οίκείαν</span> <span class='ocrx_word' id='word_1_537' title='bbox 1307 3786 1418 3842; x_wconf 85' lang='grc' dir='ltr'><strong>τῶν</strong></span> <span class='ocrx_word' id='word_1_538' title='bbox 1448 3788 1590 3859; x_wconf 85' lang='grc' dir='ltr'>πρός</span> <span class='ocrx_word' id='word_1_539' title='bbox 1625 3805 1680 3842; x_wconf 86' lang='grc' dir='ltr'><strong>τι</strong></span> <span class='ocrx_word' id='word_1_540' title='bbox 1701 3787 1820 3842; x_wconf 87' lang='grc' dir='ltr'>διά-</span> 
     </span>
    </p>
   </div>
   <div class='ocr_carea' id='block_1_74' title="bbox 221 3873 1818 3950">
    <p class='ocr_par' dir='ltr' id='par_1_74' title="bbox 221 3873 1818 3950">
     <span class='ocr_line' id='line_1_74' title="bbox 221 3873 1818 3950; baseline 0.006 -27"><span class='ocrx_word' id='word_1_541' title='bbox 221 3889 407 3936; x_wconf 84' lang='grc' dir='ltr'>νοιαν,</span> <span class='ocrx_word' id='word_1_542' title='bbox 434 3873 528 3926; x_wconf 78' lang='grc' dir='ltr'><strong>ἐπὶ</strong></span> <span class='ocrx_word' id='word_1_543' title='bbox 549 3873 658 3927; x_wconf 86' lang='grc' dir='ltr'>τῶν</span> <span class='ocrx_word' id='word_1_544' title='bbox 685 3875 964 3947; x_wconf 84' lang='grc' dir='ltr'>ὀνομάτων</span> <span class='ocrx_word' id='word_1_545' title='bbox 984 3877 1190 3931; x_wconf 78' lang='grc' dir='ltr'>τούτων</span> <span class='ocrx_word' id='word_1_546' title='bbox 1205 3880 1265 3932; x_wconf 78' lang='grc' dir='ltr'>οὐ</span> <span class='ocrx_word' id='word_1_547' title='bbox 1293 3880 1654 3950; x_wconf 83' lang='grc' dir='ltr'>κατενόησεν;</span> <span class='ocrx_word' id='word_1_548' title='bbox 1677 3879 1818 3932; x_wconf 83' lang='grc' dir='ltr'>Ἀλλ’</span> 
     </span>
    </p>
   </div>
   <div class='ocr_carea' id='block_1_75' title="bbox 220 3962 1820 4042">
    <p class='ocr_par' dir='ltr' id='par_1_75' title="bbox 220 3962 1820 4042">
     <span class='ocr_line' id='line_1_75' title="bbox 220 3962 1820 4042; baseline 0.009 -28"><span class='ocrx_word' id='word_1_549' title='bbox 220 3962 504 4034; x_wconf 81' lang='grc' dir='ltr'>ἁρμόζειν</span> <span class='ocrx_word' id='word_1_550' title='bbox 541 3965 712 4020; x_wconf 72' lang='grc' dir='ltr'>οἴεται</span> <span class='ocrx_word' id='word_1_551' title='bbox 751 3967 830 4038; x_wconf 84' lang='grc' dir='ltr'>τῷ</span> <span class='ocrx_word' id='word_1_552' title='bbox 877 3971 1200 4040; x_wconf 84' lang='grc' dir='ltr'>πεποιηκότι</span> <span class='ocrx_word' id='word_1_553' title='bbox 1242 3970 1303 4024; x_wconf 84' lang='grc' dir='ltr'><strong>τὺ</strong></span> <span class='ocrx_word' id='word_1_554' title='bbox 1330 3970 1596 4042; x_wconf 85' lang='grc' dir='ltr'>γέννημα,</span> <span class='ocrx_word' id='word_1_555' title='bbox 1627 3969 1704 4041; x_wconf 82' lang='grc' dir='ltr'><strong>τῷ</strong></span> <span class='ocrx_word' id='word_1_556' title='bbox 1728 3987 1820 4039; x_wconf 85' lang='grc' dir='ltr'>γε·</span> 
     </span>
    </p>
   </div>
   <div class='ocr_carea' id='block_1_76' title="bbox 221 4055 1820 4132">
    <p class='ocr_par' dir='ltr' id='par_1_76' title="bbox 221 4055 1820 4132">
     <span class='ocr_line' id='line_1_76' title="bbox 221 4055 1820 4132; baseline 0.004 -25"><span class='ocrx_word' id='word_1_557' title='bbox 221 4055 528 4125; x_wconf 79' lang='grc' dir='ltr'>γεννηκότι</span> <span class='ocrx_word' id='word_1_558' title='bbox 552 4057 614 4110; x_wconf 84' lang='grc' dir='ltr'>τὸ</span> <span class='ocrx_word' id='word_1_559' title='bbox 647 4058 882 4130; x_wconf 87' lang='grc' dir='ltr'>ποίημα,</span> <span class='ocrx_word' id='word_1_560' title='bbox 918 4059 1091 4130; x_wconf 83' lang='grc' dir='ltr'>λέγων</span> <span class='ocrx_word' id='word_1_561' title='bbox 1120 4060 1213 4115; x_wconf 83' lang='grc' dir='ltr'>τοῦ</span> <span class='ocrx_word' id='word_1_562' title='bbox 1248 4060 1379 4115; x_wconf 87' lang='grc' dir='ltr'><strong>Υἱοῦ</strong></span> <span class='ocrx_word' id='word_1_563' title='bbox 1408 4060 1506 4132; x_wconf 84' lang='grc' dir='ltr'><strong>τὴν</strong></span> <span class='ocrx_word' id='word_1_564' title='bbox 1529 4061 1714 4116; x_wconf 81' lang='grc' dir='ltr'>οὐσίαν</span> <span class='ocrx_word' id='word_1_565' title='bbox 1739 4063 1820 4126; x_wconf 88' lang='grc' dir='ltr'><strong>είς</strong></span> 
     </span>
    </p>
   </div>
   <div class='ocr_carea' id='block_1_77' title="bbox 221 4149 1821 4226">
    <p class='ocr_par' dir='ltr' id='par_1_77' title="bbox 221 4149 1821 4226">
     <span class='ocr_line' id='line_1_77' title="bbox 221 4149 1821 4226; baseline 0.004 -24"><span class='ocrx_word' id='word_1_566' title='bbox 221 4149 444 4219; x_wconf 70' lang='grc' dir='ltr'>ἑαυτὴν</span> <span class='ocrx_word' id='word_1_567' title='bbox 468 4149 718 4219; x_wconf 77' lang='grc' dir='ltr'>δέχεσθαι</span> <span class='ocrx_word' id='word_1_568' title='bbox 749 4151 848 4215; x_wconf 86' lang='grc' dir='ltr'><strong>τάς</strong></span> <span class='ocrx_word' id='word_1_569' title='bbox 889 4153 986 4207; x_wconf 81' lang='grc' dir='ltr'><strong>τοῦ</strong></span> <span class='ocrx_word' id='word_1_570' title='bbox 1016 4156 1357 4225; x_wconf 88' lang='grc' dir='ltr'>γεννήματος</span> <span class='ocrx_word' id='word_1_571' title='bbox 1392 4154 1487 4208; x_wconf 75' lang='grc' dir='ltr'>καὶ</span> <span class='ocrx_word' id='word_1_572' title='bbox 1522 4156 1821 4226; x_wconf 84' lang='grc' dir='ltr'>ποιήματος</span> 
     </span>
    </p>
   </div>
   <div class='ocr_carea' id='block_1_78' title="bbox 221 4245 1819 4320">
    <p class='ocr_par' dir='ltr' id='par_1_78' title="bbox 221 4245 1819 4320">
     <span class='ocr_line' id='line_1_78' title="bbox 221 4245 1819 4320; baseline 0.003 -22"><span class='ocrx_word' id='word_1_573' title='bbox 221 4245 331 4298; x_wconf 76' lang='grc' dir='ltr'>καὶ</span> <span class='ocrx_word' id='word_1_574' title='bbox 371 4245 678 4315; x_wconf 83' lang='grc' dir='ltr'>κτίσματος</span> <span class='ocrx_word' id='word_1_575' title='bbox 727 4247 1135 4319; x_wconf 68' lang='grc' dir='ltr'>προσηγορίας*</span> <span class='ocrx_word' id='word_1_576' title='bbox 1183 4248 1476 4320; x_wconf 85' lang='grc' dir='ltr'>ἀμέριστον</span> <span class='ocrx_word' id='word_1_577' title='bbox 1522 4248 1580 4303; x_wconf 84' lang='grc' dir='ltr'>δὲ</span> <span class='ocrx_word' id='word_1_578' title='bbox 1626 4247 1819 4313; x_wconf 78' lang='grc' dir='ltr'>σώζειν</span> 
     </span>
    </p>
   </div>
   <div class='ocr_carea' id='block_1_79' title="bbox 213 4336 1820 4410">
    <p class='ocr_par' dir='ltr' id='par_1_79' title="bbox 213 4336 1820 4410">
     <span class='ocr_line' id='line_1_79' title="bbox 213 4336 1820 4410; baseline 0.004 -22"><span class='ocrx_word' id='word_1_579' title='bbox 213 4338 331 4406; x_wconf 66' lang='grc' dir='ltr'><strong>τήν</strong></span> <span class='ocrx_word' id='word_1_580' title='bbox 358 4336 504 4405; x_wconf 81' lang='grc' dir='ltr'>πρὸς</span> <span class='ocrx_word' id='word_1_581' title='bbox 519 4337 608 4390; x_wconf 77' lang='grc' dir='ltr'>τὸν</span> <span class='ocrx_word' id='word_1_582' title='bbox 625 4341 989 4409; x_wconf 79' lang='grc' dir='ltr'>γεγεννηκότα</span> <span class='ocrx_word' id='word_1_583' title='bbox 1009 4340 1102 4394; x_wconf 56' lang='grc' dir='ltr'><strong>καὶ⁸</strong></span> <span class='ocrx_word' id='word_1_584' title='bbox 1121 4341 1422 4410; x_wconf 86' lang='grc' dir='ltr'>ποιήσαντα</span> <span class='ocrx_word' id='word_1_585' title='bbox 1444 4341 1538 4394; x_wconf 80' lang='grc' dir='ltr'>καὶ</span> <span class='ocrx_word' id='word_1_586' title='bbox 1563 4340 1820 4395; x_wconf 88' lang='grc' dir='ltr'>κτίσαντα</span> 
     </span>
    </p>
   </div>
   <div class='ocr_carea' id='block_1_80' title="bbox 1988 3593 3504 3667">
    <p class='ocr_par' dir='ltr' id='par_1_80' title="bbox 1988 3593 3504 3667">
     <span class='ocr_line' id='line_1_80' title="bbox 1988 3593 3504 3667; baseline -0.004 -14"><span class='ocrx_word' id='word_1_587' title='bbox 1988 3598 2126 3653; x_wconf 88' lang='lat' dir='ltr'><strong>Cum</strong></span> <span class='ocrx_word' id='word_1_588' title='bbox 2172 3596 2246 3652; x_wconf 90' lang='lat' dir='ltr'><strong>sit</strong></span> <span class='ocrx_word' id='word_1_589' title='bbox 2289 3596 2475 3667; x_wconf 74' lang='lat' dir='ltr'><strong>itaque</strong></span> <span class='ocrx_word' id='word_1_590' title='bbox 2517 3597 2712 3652; x_wconf 90' lang='lat' dir='ltr'><strong>barum</strong></span> <span class='ocrx_word' id='word_1_591' title='bbox 2751 3597 3056 3653; x_wconf 89' lang='lat' dir='ltr'><strong>dictionum</strong></span> <span class='ocrx_word' id='word_1_592' title='bbox 3087 3595 3279 3650; x_wconf 88' lang='lat' dir='ltr'><strong>notitia</strong></span> <span class='ocrx_word' id='word_1_593' title='bbox 3323 3593 3504 3648; x_wconf 84' lang='lat' dir='ltr'><strong>mani-</strong></span> 
     </span>
    </p>
   </div>
   <div class='ocr_carea' id='block_1_81' title="bbox 1918 3687 3490 3760">
    <p class='ocr_par' dir='ltr' id='par_1_81' title="bbox 1918 3687 3490 3760">
     <span class='ocr_line' id='line_1_81' title="bbox 1918 3687 3490 3760; baseline -0.006 -12"><span class='ocrx_word' id='word_1_594' title='bbox 1918 3692 2060 3748; x_wconf 88' lang='lat' dir='ltr'><strong>festa</strong></span> <span class='ocrx_word' id='word_1_595' title='bbox 2107 3689 2175 3744; x_wconf 89' lang='lat' dir='ltr'><strong>ad</strong></span> <span class='ocrx_word' id='word_1_596' title='bbox 2221 3689 2367 3759; x_wconf 91' lang='lat' dir='ltr'><strong>quod</strong></span> <span class='ocrx_word' id='word_1_597' title='bbox 2415 3690 2640 3760; x_wconf 89' lang='lat' dir='ltr'><strong>respicit</strong></span> <span class='ocrx_word' id='word_1_598' title='bbox 2693 3691 2805 3756; x_wconf 92' lang='lat' dir='ltr'><strong>hic,</strong></span> <span class='ocrx_word' id='word_1_599' title='bbox 2850 3689 2945 3758; x_wconf 90' lang='lat' dir='ltr'><strong>qui</strong></span> <span class='ocrx_word' id='word_1_600' title='bbox 2995 3702 3091 3756; x_wconf 90' lang='lat' dir='ltr'><strong>per</strong></span> <span class='ocrx_word' id='word_1_601' title='bbox 3139 3687 3490 3741; x_wconf 73' lang='lat' dir='ltr'><strong>dialecticum</strong></span> 
     </span>
    </p>
   </div>
   <div class='ocr_carea' id='block_1_82' title="bbox 1920 3769 3501 3850">
    <p class='ocr_par' dir='ltr' id='par_1_82' title="bbox 1920 3769 3501 3850">
     <span class='ocr_line' id='line_1_82' title="bbox 1920 3769 3501 3850; baseline -0.006 -13"><span class='ocrx_word' id='word_1_602' title='bbox 1920 3780 2215 3837; x_wconf 88' lang='lat' dir='ltr'><strong>artiﬁcium</strong></span> <span class='ocrx_word' id='word_1_603' title='bbox 2238 3779 2495 3850; x_wconf 89' lang='lat' dir='ltr'><strong>dogmata</strong></span> <span class='ocrx_word' id='word_1_604' title='bbox 2529 3778 2758 3850; x_wconf 87' lang='lat' dir='ltr'><strong>profert.</strong></span> <span class='ocrx_word' id='word_1_605' title='bbox 2794 3777 3076 3848; x_wconf 89' lang='lat' dir='ltr'><strong>quomodo</strong></span> <span class='ocrx_word' id='word_1_606' title='bbox 3111 3769 3388 3845; x_wconf 78' lang='lat' dir='ltr'><strong>propriam</strong></span> <span class='ocrx_word' id='word_1_607' title='bbox 3422 3791 3501 3828; x_wconf 84' lang='lat' dir='ltr'><strong>re-</strong></span> 
     </span>
    </p>
   </div>
   <div class='ocr_carea' id='block_1_83' title="bbox 1921 3868 3493 3929">
    <p class='ocr_par' dir='ltr' id='par_1_83' title="bbox 1921 3868 3493 3929">
     <span class='ocr_line' id='line_1_83' title="bbox 1921 3868 3493 3929; baseline -0.006 0"><span class='ocrx_word' id='word_1_608' title='bbox 1921 3876 2158 3929; x_wconf 88' lang='lat' dir='ltr'><strong>latorum</strong></span> <span class='ocrx_word' id='word_1_609' title='bbox 2193 3872 2303 3928; x_wconf 90' lang='lat' dir='ltr'><strong>vim</strong></span> <span class='ocrx_word' id='word_1_610' title='bbox 2345 3879 2399 3926; x_wconf 85' lang='lat' dir='ltr'><strong>et</strong></span> <span class='ocrx_word' id='word_1_611' title='bbox 2441 3871 2770 3927; x_wconf 87' lang='lat' dir='ltr'><strong>sententiam</strong></span> <span class='ocrx_word' id='word_1_612' title='bbox 2807 3872 2863 3926; x_wconf 90' lang='lat' dir='ltr'><strong>in</strong></span> <span class='ocrx_word' id='word_1_613' title='bbox 2897 3870 2986 3925; x_wconf 83' lang='lat' dir='ltr'><strong>his</strong></span> <span class='ocrx_word' id='word_1_614' title='bbox 3026 3868 3347 3923; x_wconf 86' lang='lat' dir='ltr'><strong>nominibus</strong></span> <span class='ocrx_word' id='word_1_615' title='bbox 3385 3881 3493 3920; x_wconf 84' lang='lat' dir='ltr'><strong>non</strong></span> 
     </span>
    </p>
   </div>
   <div class='ocr_carea' id='block_1_84' title="bbox 1923 3955 3497 4032">
    <p class='ocr_par' dir='ltr' id='par_1_84' title="bbox 1923 3955 3497 4032">
     <span class='ocr_line' id='line_1_84' title="bbox 1923 3955 3497 4032; baseline -0.008 -14"><span class='ocrx_word' id='word_1_616' title='bbox 1923 3960 2349 4018; x_wconf 86' lang='lat' dir='ltr'><strong>animadvertit?</strong></span> <span class='ocrx_word' id='word_1_617' title='bbox 2383 3959 2490 4016; x_wconf 91' lang='lat' dir='ltr'><strong>Sed</strong></span> <span class='ocrx_word' id='word_1_618' title='bbox 2545 3961 2849 4032; x_wconf 83' lang='lat' dir='ltr'><strong>genituram</strong></span> <span class='ocrx_word' id='word_1_619' title='bbox 2892 3957 3088 4013; x_wconf 90' lang='lat' dir='ltr'><strong>factori</strong></span> <span class='ocrx_word' id='word_1_620' title='bbox 3133 3965 3188 4011; x_wconf 90' lang='lat' dir='ltr'><strong>et</strong></span> <span class='ocrx_word' id='word_1_621' title='bbox 3231 3955 3497 4011; x_wconf 87' lang='lat' dir='ltr'><strong>facturam</strong></span> 
     </span>
    </p>
   </div>
   <div class='ocr_carea' id='block_1_85' title="bbox 1920 4045 3498 4126">
    <p class='ocr_par' dir='ltr' id='par_1_85' title="bbox 1920 4045 3498 4126">
     <span class='ocr_line' id='line_1_85' title="bbox 1920 4045 3498 4126; baseline -0.008 -16"><span class='ocrx_word' id='word_1_622' title='bbox 1920 4053 2152 4126; x_wconf 88' lang='lat' dir='ltr'><strong>genitori</strong></span> <span class='ocrx_word' id='word_1_623' title='bbox 2189 4052 2488 4123; x_wconf 86' lang='lat' dir='ltr'><strong>conjugare</strong></span> <span class='ocrx_word' id='word_1_624' title='bbox 2517 4057 2766 4104; x_wconf 89' lang='lat' dir='ltr'><strong>autumat</strong></span> <span class='ocrx_word' id='word_1_625' title='bbox 2804 4047 3016 4112; x_wconf 85' lang='lat' dir='ltr'><strong>dicens,</strong></span> <span class='ocrx_word' id='word_1_626' title='bbox 3048 4045 3171 4102; x_wconf 85' lang='lat' dir='ltr'><strong>Filii</strong></span> <span class='ocrx_word' id='word_1_627' title='bbox 3203 4046 3498 4101; x_wconf 81' lang='lat' dir='ltr'><strong>essentiam</strong></span> 
     </span>
    </p>
   </div>
   <div class='ocr_carea' id='block_1_86' title="bbox 1922 4138 3500 4216">
    <p class='ocr_par' dir='ltr' id='par_1_86' title="bbox 1922 4138 3500 4216">
     <span class='ocr_line' id='line_1_86' title="bbox 1922 4138 3500 4216; baseline -0.005 -16"><span class='ocrx_word' id='word_1_628' title='bbox 1922 4146 1980 4200; x_wconf 91' lang='lat' dir='ltr'><strong>in</strong></span> <span class='ocrx_word' id='word_1_629' title='bbox 2040 4145 2276 4216; x_wconf 89' lang='lat' dir='ltr'><strong>seipsam</strong></span> <span class='ocrx_word' id='word_1_630' title='bbox 2337 4141 2626 4196; x_wconf 89' lang='lat' dir='ltr'><strong>admittere</strong></span> <span class='ocrx_word' id='word_1_631' title='bbox 2677 4139 3019 4210; x_wconf 84' lang='grc' dir='ltr'>γεννήματος</span> <span class='ocrx_word' id='word_1_632' title='bbox 3071 4138 3378 4210; x_wconf 58' lang='lat' dir='ltr'><strong>(genitura)</strong></span> <span class='ocrx_word' id='word_1_633' title='bbox 3444 4146 3500 4193; x_wconf 92' lang='lat' dir='ltr'><strong>et</strong></span> 
     </span>
    </p>
   </div>
   <div class='ocr_carea' id='block_1_87' title="bbox 1923 4231 3499 4309">
    <p class='ocr_par' dir='ltr' id='par_1_87' title="bbox 1923 4231 3499 4309">
     <span class='ocr_line' id='line_1_87' title="bbox 1923 4231 3499 4309; baseline -0.006 -17"><span class='ocrx_word' id='word_1_634' title='bbox 1923 4238 2226 4309; x_wconf 86' lang='grc' dir='ltr'>ποιήματος</span> <span class='ocrx_word' id='word_1_635' title='bbox 2275 4234 2545 4304; x_wconf 67' lang='lat' dir='ltr'><strong>(factum)</strong></span> <span class='ocrx_word' id='word_1_636' title='bbox 2593 4243 2650 4288; x_wconf 88' lang='lat' dir='ltr'><strong>et</strong></span> <span class='ocrx_word' id='word_1_637' title='bbox 2700 4231 3044 4302; x_wconf 81' lang='grc' dir='ltr'>(κτίσματος)</span> <span class='ocrx_word' id='word_1_638' title='bbox 3103 4238 3370 4286; x_wconf 69' lang='lat' dir='ltr'><strong>creaturae</strong></span> <span class='ocrx_word' id='word_1_639' title='bbox 3405 4245 3499 4300; x_wconf 88' lang='lat' dir='ltr'><strong>ap-</strong></span> 
     </span>
    </p>
   </div>
   <div class='ocr_carea' id='block_1_88' title="bbox 1923 4323 3496 4398">
    <p class='ocr_par' dir='ltr' id='par_1_88' title="bbox 1923 4323 3496 4398">
     <span class='ocr_line' id='line_1_88' title="bbox 1923 4323 3496 4398; baseline -0.004 -15"><span class='ocrx_word' id='word_1_640' title='bbox 1923 4328 2276 4398; x_wconf 86' lang='lat' dir='ltr'><strong>pellationes;</strong></span> <span class='ocrx_word' id='word_1_641' title='bbox 2315 4323 2706 4394; x_wconf 86' lang='lat' dir='ltr'><strong>impartibilem</strong></span> <span class='ocrx_word' id='word_1_642' title='bbox 2741 4337 2871 4378; x_wconf 91' lang='lat' dir='ltr'><strong>vero</strong></span> <span class='ocrx_word' id='word_1_643' title='bbox 2895 4335 3124 4378; x_wconf 85' lang='lat' dir='ltr'><strong>servare</strong></span> <span class='ocrx_word' id='word_1_644' title='bbox 3150 4337 3275 4377; x_wconf 89' lang='lat' dir='ltr'><strong>cum</strong></span> <span class='ocrx_word' id='word_1_645' title='bbox 3310 4337 3375 4377; x_wconf 89' lang='lat' dir='ltr'><strong>eo</strong></span> <span class='ocrx_word' id='word_1_646' title='bbox 3407 4325 3496 4392; x_wconf 85' lang='lat' dir='ltr'><strong>qui</strong></span> 
     </span>
    </p>
   </div>
   <div class='ocr_carea' id='block_1_89' title="bbox 221 4411 1818 4504">
    <p class='ocr_par' dir='ltr' id='par_1_89' title="bbox 221 4428 1818 4504">
     <span class='ocr_line' id='line_1_89' title="bbox 221 4428 1818 4504; baseline 0.004 -24"><span class='ocrx_word' id='word_1_647' title='bbox 221 4429 447 4497; x_wconf 79' lang='grc' dir='ltr'>σχέσιν.</span> <span class='ocrx_word' id='word_1_648' title='bbox 479 4428 555 4481; x_wconf 85' lang='grc' dir='ltr'><strong>Τὸ</strong></span> <span class='ocrx_word' id='word_1_649' title='bbox 579 4428 688 4499; x_wconf 81' lang='grc' dir='ltr'>γὰρ</span> <span class='ocrx_word' id='word_1_650' title='bbox 721 4429 778 4483; x_wconf 77' lang='grc' dir='ltr'>ἓν</span> <span class='ocrx_word' id='word_1_651' title='bbox 821 4433 1055 4502; x_wconf 76' lang='grc' dir='ltr'>πρᾶγμα</span> <span class='ocrx_word' id='word_1_652' title='bbox 1098 4431 1234 4501; x_wconf 84' lang='grc' dir='ltr'>πρὸς</span> <span class='ocrx_word' id='word_1_653' title='bbox 1259 4431 1547 4503; x_wconf 90' lang='grc' dir='ltr'>διαφόρους</span> <span class='ocrx_word' id='word_1_654' title='bbox 1583 4449 1818 4504; x_wconf 87' lang='grc' dir='ltr'>καταμε-</span> 
     </span>
    </p>
   </div>
   <div class='ocr_carea' id='block_1_90' title="bbox 1923 4411 3498 4504">
    <p class='ocr_par' dir='ltr' id='par_1_90' title="bbox 1925 4411 3498 4489">
     <span class='ocr_line' id='line_1_90' title="bbox 1925 4411 3498 4489; baseline -0.004 -16"><span class='ocrx_word' id='word_1_655' title='bbox 1925 4417 2112 4489; x_wconf 89' lang='lat' dir='ltr'><strong>genuit</strong></span> <span class='ocrx_word' id='word_1_656' title='bbox 2143 4426 2197 4472; x_wconf 92' lang='lat' dir='ltr'><strong>et</strong></span> <span class='ocrx_word' id='word_1_657' title='bbox 2217 4415 2311 4487; x_wconf 92' lang='lat' dir='ltr'><strong>qui</strong></span> <span class='ocrx_word' id='word_1_658' title='bbox 2337 4414 2491 4479; x_wconf 90' lang='lat' dir='ltr'><strong>fecit,</strong></span> <span class='ocrx_word' id='word_1_659' title='bbox 2521 4422 2576 4470; x_wconf 91' lang='lat' dir='ltr'><strong>et</strong></span> <span class='ocrx_word' id='word_1_660' title='bbox 2602 4413 2812 4469; x_wconf 87' lang='lat' dir='ltr'><strong>creavit</strong></span> <span class='ocrx_word' id='word_1_661' title='bbox 2837 4412 3178 4469; x_wconf 88' lang='lat' dir='ltr'><strong>relationem.</strong></span> <span class='ocrx_word' id='word_1_662' title='bbox 3202 4411 3331 4469; x_wconf 77' lang='lat' dir='ltr'><strong>[lem</strong></span> <span class='ocrx_word' id='word_1_663' title='bbox 3353 4414 3498 4469; x_wconf 80' lang='lat' dir='ltr'><strong>enim</strong></span> 
     </span>
    </p>
   </div>
   <div class='ocr_carea' id='block_1_91' title="bbox 223 4516 1821 4594">
    <p class='ocr_par' dir='ltr' id='par_1_91' title="bbox 223 4516 1821 4594">
     <span class='ocr_line' id='line_1_91' title="bbox 223 4516 1821 4594; baseline 0.003 -24"><span class='ocrx_word' id='word_1_664' title='bbox 223 4518 496 4587; x_wconf 68' lang='grc' dir='ltr'>μισ-θῆναι</span> <span class='ocrx_word' id='word_1_665' title='bbox 545 4516 708 4586; x_wconf 70' lang='grc' dir='ltr'>φύσιν</span> <span class='ocrx_word' id='word_1_666' title='bbox 733 4519 832 4572; x_wconf 83' lang='grc' dir='ltr'>οὐκ</span> <span class='ocrx_word' id='word_1_667' title='bbox 855 4519 988 4590; x_wconf 74' lang='grc' dir='ltr'>ἔχει.</span> <span class='ocrx_word' id='word_1_668' title='bbox 1029 4520 1166 4574; x_wconf 84' lang='grc' dir='ltr'>Ἀλλ’</span> <span class='ocrx_word' id='word_1_669' title='bbox 1199 4523 1228 4574; x_wconf 89' lang='grc' dir='ltr'><strong>ό</strong></span> <span class='ocrx_word' id='word_1_670' title='bbox 1257 4521 1356 4592; x_wconf 82' lang='grc' dir='ltr'>μὲν</span> <span class='ocrx_word' id='word_1_671' title='bbox 1385 4521 1514 4584; x_wconf 81' lang='grc' dir='ltr'>Υίὸς</span> <span class='ocrx_word' id='word_1_672' title='bbox 1537 4520 1615 4594; x_wconf 82' lang='grc' dir='ltr'>τῷ</span> <span class='ocrx_word' id='word_1_673' title='bbox 1648 4522 1821 4593; x_wconf 70' lang='grc' dir='ltr'>Πατρὶ</span> 
     </span>
    </p>
   </div>
   <div class='ocr_carea' id='block_1_92' title="bbox 219 4609 1820 4684">
    <p class='ocr_par' dir='ltr' id='par_1_92' title="bbox 219 4609 1820 4684">
     <span class='ocr_line' id='line_1_92' title="bbox 219 4609 1820 4684; baseline 0.004 -25"><span class='ocrx_word' id='word_1_674' title='bbox 219 4609 680 4680; x_wconf 76' lang='grc' dir='ltr'>προσῳκείωται,</span> <span class='ocrx_word' id='word_1_675' title='bbox 710 4610 804 4664; x_wconf 72' lang='grc' dir='ltr'>καὶ</span> <span class='ocrx_word' id='word_1_676' title='bbox 823 4611 886 4664; x_wconf 83' lang='grc' dir='ltr'>τὸ</span> <span class='ocrx_word' id='word_1_677' title='bbox 909 4613 1168 4684; x_wconf 79' lang='grc' dir='ltr'>γεννηθὲν</span> <span class='ocrx_word' id='word_1_678' title='bbox 1197 4612 1274 4683; x_wconf 82' lang='grc' dir='ltr'>τῷ</span> <span class='ocrx_word' id='word_1_679' title='bbox 1302 4614 1656 4683; x_wconf 85' lang='grc' dir='ltr'>γεννήσαντι·</span> <span class='ocrx_word' id='word_1_680' title='bbox 1687 4614 1746 4667; x_wconf 82' lang='grc' dir='ltr'><strong>τὺ</strong></span> <span class='ocrx_word' id='word_1_681' title='bbox 1765 4614 1820 4667; x_wconf 86' lang='grc' dir='ltr'>δὲ</span> 
     </span>
    </p>
   </div>
   <div class='ocr_carea' id='block_1_93' title="bbox 217 4700 1819 4777">
    <p class='ocr_par' dir='ltr' id='par_1_93' title="bbox 217 4700 1819 4777">
     <span class='ocr_line' id='line_1_93' title="bbox 217 4700 1819 4777; baseline 0.002 -24"><span class='ocrx_word' id='word_1_682' title='bbox 217 4702 452 4770; x_wconf 77' lang='grc' dir='ltr'>ποίημα</span> <span class='ocrx_word' id='word_1_683' title='bbox 498 4700 638 4772; x_wconf 82' lang='grc' dir='ltr'>πρὸς</span> <span class='ocrx_word' id='word_1_684' title='bbox 687 4701 780 4755; x_wconf 81' lang='grc' dir='ltr'><strong>τὸν</strong></span> <span class='ocrx_word' id='word_1_685' title='bbox 815 4703 1152 4774; x_wconf 83' lang='grc' dir='ltr'>πεποιηκότα</span> <span class='ocrx_word' id='word_1_686' title='bbox 1202 4703 1300 4776; x_wconf 84' lang='grc' dir='ltr'>τὴν</span> <span class='ocrx_word' id='word_1_687' title='bbox 1343 4705 1621 4777; x_wconf 84' lang='grc' dir='ltr'>ἀναφορὰν</span> <span class='ocrx_word' id='word_1_688' title='bbox 1666 4704 1779 4776; x_wconf 77' lang='grc' dir='ltr'>ἔχει</span> <span class='ocrx_word' id='word_1_689' title='bbox 1804 4722 1819 4736; x_wconf 88' lang='grc'><strong>·</strong></span> 
     </span>
    </p>
   </div>
   <div class='ocr_carea' id='block_1_94' title="bbox 218 4794 1821 4868">
    <p class='ocr_par' dir='ltr' id='par_1_94' title="bbox 218 4794 1821 4868">
     <span class='ocr_line' id='line_1_94' title="bbox 218 4794 1821 4868; baseline 0.004 -24"><span class='ocrx_word' id='word_1_690' title='bbox 218 4794 380 4862; x_wconf 71' lang='grc' dir='ltr'>πλὴν</span> <span class='ocrx_word' id='word_1_691' title='bbox 405 4794 457 4845; x_wconf 84' lang='grc' dir='ltr'><strong>εί</strong></span> <span class='ocrx_word' id='word_1_692' title='bbox 482 4794 557 4864; x_wconf 83' lang='grc' dir='ltr'><strong>μή</strong></span> <span class='ocrx_word' id='word_1_693' title='bbox 594 4811 717 4847; x_wconf 89' lang='grc' dir='ltr'>τινα</span> <span class='ocrx_word' id='word_1_694' title='bbox 759 4796 1094 4866; x_wconf 84' lang='grc' dir='ltr'>κατάχρησιν</span> <span class='ocrx_word' id='word_1_695' title='bbox 1140 4797 1198 4848; x_wconf 86' lang='grc' dir='ltr'>ὲν</span> <span class='ocrx_word' id='word_1_696' title='bbox 1245 4798 1522 4868; x_wconf 78' lang='grc' dir='ltr'>ἀδιαφόρῳ</span> <span class='ocrx_word' id='word_1_697' title='bbox 1561 4797 1671 4851; x_wconf 79' lang='grc' dir='ltr'>τινὶ</span> <span class='ocrx_word' id='word_1_698' title='bbox 1699 4815 1821 4851; x_wconf 82' lang='grc' dir='ltr'>συν-</span> 
     </span>
    </p>
   </div>
   <div class='ocr_carea' id='block_1_95' title="bbox 217 4883 1820 4960">
    <p class='ocr_par' dir='ltr' id='par_1_95' title="bbox 217 4883 1820 4960">
     <span class='ocr_line' id='line_1_95' title="bbox 217 4883 1820 4960; baseline 0.002 -25"><span class='ocrx_word' id='word_1_699' title='bbox 217 4883 332 4952; x_wconf 75' lang='grc' dir='ltr'>ηθε</span> <span class='ocrx_word' id='word_1_700' title='bbox 343 4883 405 4955; x_wconf 67' lang='lat' dir='ltr'><strong>fg.</strong></span> <span class='ocrx_word' id='word_1_701' title='bbox 431 4885 693 4955; x_wconf 70' lang='grc' dir='ltr'>ῥημάτων</span> <span class='ocrx_word' id='word_1_702' title='bbox 707 4887 1047 4960; x_wconf 87' lang='grc' dir='ltr'>κυριωτέραν</span> <span class='ocrx_word' id='word_1_703' title='bbox 1072 4888 1254 4960; x_wconf 79' lang='grc' dir='ltr'>ἡγοῖτό</span> <span class='ocrx_word' id='word_1_704' title='bbox 1283 4905 1367 4952; x_wconf 87' lang='grc' dir='ltr'><strong>τις</strong></span> <span class='ocrx_word' id='word_1_705' title='bbox 1383 4885 1632 4958; x_wconf 75' lang='grc' dir='ltr'>εἷναιτῆς</span> <span class='ocrx_word' id='word_1_706' title='bbox 1655 4904 1820 4959; x_wconf 87' lang='grc' dir='ltr'>προσ-</span> 
     </span>
    </p>
   </div>
   <div class='ocr_carea' id='block_1_96' title="bbox 217 4975 790 5049">
    <p class='ocr_par' dir='ltr' id='par_1_96' title="bbox 217 4975 790 5049">
     <span class='ocr_line' id='line_1_96' title="bbox 217 4975 790 5049; baseline 0.007 -20"><span class='ocrx_word' id='word_1_707' title='bbox 217 4975 412 5046; x_wconf 73' lang='grc' dir='ltr'>φυοῦς</span> <span class='ocrx_word' id='word_1_708' title='bbox 445 4978 737 5049; x_wconf 80' lang='grc' dir='ltr'>σημασίας.</span> <span class='ocrx_word' id='word_1_709' title='bbox 749 5016 790 5033; x_wconf 92' lang='grc'><strong>..</strong></span> 
     </span>
    </p>
   </div>
   <div class='ocr_carea' id='block_1_97' title="bbox 299 5238 1826 5316">
    <p class='ocr_par' dir='ltr' id='par_1_97' title="bbox 299 5238 1826 5316">
     <span class='ocr_line' id='line_1_97' title="bbox 299 5238 1826 5316; baseline 0.001 -20"><span class='ocrx_word' id='word_1_710' title='bbox 299 5245 430 5297; x_wconf 84' lang='grc' dir='ltr'>τ...</span> <span class='ocrx_word' id='word_1_711' title='bbox 463 5242 540 5314; x_wconf 83' lang='lat' dir='ltr'><strong>(b)</strong></span> <span class='ocrx_word' id='word_1_712' title='bbox 564 5238 658 5298; x_wconf 79' lang='grc' dir='ltr'>οὖν</span> <span class='ocrx_word' id='word_1_713' title='bbox 685 5244 1094 5316; x_wconf 77' lang='grc' dir='ltr'>λογισμοῖς,κα“ι</span> <span class='ocrx_word' id='word_1_714' title='bbox 1111 5245 1303 5309; x_wconf 86' lang='grc' dir='ltr'>ποίοις,</span> <span class='ocrx_word' id='word_1_715' title='bbox 1321 5245 1462 5297; x_wconf 87' lang='grc' dir='ltr'><strong>κατά</strong></span> <span class='ocrx_word' id='word_1_716' title='bbox 1492 5242 1589 5314; x_wconf 77' lang='grc' dir='ltr'>τὴν</span> <span class='ocrx_word' id='word_1_717' title='bbox 1616 5242 1826 5314; x_wconf 80' lang='grc' dir='ltr'>ἄμαχον</span> 
     </span>
    </p>
   </div>
   <div class='ocr_carea' id='block_1_98' title="bbox 213 5332 1824 5408">
    <p class='ocr_par' dir='ltr' id='par_1_98' title="bbox 213 5332 1824 5408">
     <span class='ocr_line' id='line_1_98' title="bbox 213 5332 1824 5408; baseline -0.002 -20"><span class='ocrx_word' id='word_1_718' title='bbox 213 5334 588 5406; x_wconf 70' lang='grc' dir='ltr'>διαλεκτικὴν</span> <span class='ocrx_word' id='word_1_719' title='bbox 606 5335 822 5408; x_wconf 72' lang='grc' dir='ltr'>ἐκείνην</span> <span class='ocrx_word' id='word_1_720' title='bbox 841 5338 920 5401; x_wconf 69' lang='grc' dir='ltr'><strong>είς</strong></span> <span class='ocrx_word' id='word_1_721' title='bbox 935 5336 1241 5391; x_wconf 81' lang='grc' dir='ltr'>τούναντίον</span> <span class='ocrx_word' id='word_1_722' title='bbox 1259 5334 1356 5399; x_wconf 83' lang='grc' dir='ltr'><strong>τὰς</strong></span> <span class='ocrx_word' id='word_1_723' title='bbox 1375 5334 1530 5401; x_wconf 81' lang='grc' dir='ltr'>δόξας</span> <span class='ocrx_word' id='word_1_724' title='bbox 1555 5333 1664 5388; x_wconf 83' lang='grc' dir='ltr'><strong>τῶν</strong></span> <span class='ocrx_word' id='word_1_725' title='bbox 1695 5332 1824 5386; x_wconf 91' lang='grc' dir='ltr'>πολ-</span> 
     </span>
    </p>
   </div>
   <div class='ocr_carea' id='block_1_99' title="bbox 219 5425 1824 5500">
    <p class='ocr_par' dir='ltr' id='par_1_99' title="bbox 219 5425 1824 5500">
     <span class='ocr_line' id='line_1_99' title="bbox 219 5425 1824 5500; baseline -0.002 -19"><span class='ocrx_word' id='word_1_726' title='bbox 219 5426 346 5481; x_wconf 77' lang='grc' dir='ltr'><strong>λῶν</strong></span> <span class='ocrx_word' id='word_1_727' title='bbox 381 5429 727 5500; x_wconf 78' lang='grc' dir='ltr'>μεταστήσας</span> <span class='ocrx_word' id='word_1_728' title='bbox 753 5429 925 5483; x_wconf 79' lang='grc' dir='ltr'>ταῦτα</span> <span class='ocrx_word' id='word_1_729' title='bbox 943 5429 1366 5493; x_wconf 78' lang='grc' dir='ltr'>κατεξουσιάσας</span> <span class='ocrx_word' id='word_1_730' title='bbox 1393 5427 1642 5492; x_wconf 80' lang='grc' dir='ltr'>διέξεισιν</span> <span class='ocrx_word' id='word_1_731' title='bbox 1666 5441 1682 5457; x_wconf 75' lang='grc' dir='ltr'><strong><em>ο</em></strong></span> <span class='ocrx_word' id='word_1_732' title='bbox 1743 5425 1824 5478; x_wconf 88' lang='grc' dir='ltr'>ὃτι</span> 
     </span>
    </p>
   </div>
   <div class='ocr_carea' id='block_1_100' title="bbox 217 5517 1825 5590">
    <p class='ocr_par' dir='ltr' id='par_1_100' title="bbox 217 5517 1825 5590">
     <span class='ocr_line' id='line_1_100' title="bbox 217 5517 1825 5590; baseline -0.003 -14"><span class='ocrx_word' id='word_1_733' title='bbox 217 5518 332 5576; x_wconf 72' lang='grc' dir='ltr'>τοῦ</span> <span class='ocrx_word' id='word_1_734' title='bbox 367 5519 468 5571; x_wconf 65' lang='grc' dir='ltr'><strong>ἐπὶ</strong></span> <span class='ocrx_word' id='word_1_735' title='bbox 491 5519 709 5577; x_wconf 84' lang='grc' dir='ltr'>πάντων</span> <span class='ocrx_word' id='word_1_736' title='bbox 736 5519 870 5574; x_wconf 87' lang='grc' dir='ltr'><strong>Θεοῦ</strong></span> <span class='ocrx_word' id='word_1_737' title='bbox 897 5522 992 5574; x_wconf 71' lang='grc' dir='ltr'>καὶ</span> <span class='ocrx_word' id='word_1_738' title='bbox 1041 5520 1256 5575; x_wconf 89' lang='grc' dir='ltr'>κτίστου</span> <span class='ocrx_word' id='word_1_739' title='bbox 1305 5521 1399 5574; x_wconf 78' lang='grc' dir='ltr'>καὶ</span> <span class='ocrx_word' id='word_1_740' title='bbox 1433 5517 1646 5590; x_wconf 81' lang='grc' dir='ltr'>Πατρὸς</span> <span class='ocrx_word' id='word_1_741' title='bbox 1675 5533 1825 5571; x_wconf 82' lang='grc' dir='ltr'>νοου-</span> 
     </span>
    </p>
   </div>
   <div class='ocr_carea' id='block_1_101' title="bbox 282 5620 1829 5712">
    <p class='ocr_par' dir='ltr' id='par_1_101' title="bbox 282 5620 1829 5712">
     <span class='ocr_line' id='line_1_101' title="bbox 282 5620 1829 5712; baseline -0.014 -18"><span class='ocrx_word' id='word_1_742' title='bbox 282 5629 406 5712; x_wconf 47' lang='grc' dir='ltr'><strong>(ιξὶ,</strong></span> <span class='ocrx_word' id='word_1_743' title='bbox 432 5625 571 5712; x_wconf 74' lang='lat' dir='ltr'><strong>Lege</strong></span> <span class='ocrx_word' id='word_1_744' title='bbox 605 5643 675 5712; x_wconf 70' lang='lat' dir='ltr'><strong>ex</strong></span> <span class='ocrx_word' id='word_1_745' title='bbox 708 5626 848 5712; x_wconf 42' lang='lat' dir='ltr'><strong>cod.’</strong></span> <span class='ocrx_word' id='word_1_746' title='bbox 870 5626 1139 5712; x_wconf 74' lang='lat' dir='ltr'><strong>Bavarico</strong></span> <span class='ocrx_word' id='word_1_747' title='bbox 1183 5641 1269 5712; x_wconf 85' lang='lat' dir='ltr'><strong>ap.</strong></span> <span class='ocrx_word' id='word_1_748' title='bbox 1311 5624 1582 5712; x_wconf 68' lang='lat' dir='ltr'><strong>Gretser..</strong></span> <span class='ocrx_word' id='word_1_749' title='bbox 1613 5620 1829 5712; x_wconf 44' lang='grc' dir='ltr'>,οὐκοῦν</span> 
     </span>
    </p>
   </div>
   <div class='ocr_carea' id='block_1_102' title="bbox 1929 4504 3506 4567">
    <p class='ocr_par' dir='ltr' id='par_1_102' title="bbox 1929 4504 3506 4567">
     <span class='ocr_line' id='line_1_102' title="bbox 1929 4504 3506 4567; baseline -0.006 -1"><span class='ocrx_word' id='word_1_750' title='bbox 1929 4525 2091 4567; x_wconf 90' lang='lat' dir='ltr'><strong>unam</strong></span> <span class='ocrx_word' id='word_1_751' title='bbox 2129 4510 2195 4563; x_wconf 88' lang='lat' dir='ltr'><strong>ad</strong></span> <span class='ocrx_word' id='word_1_752' title='bbox 2237 4509 2487 4565; x_wconf 90' lang='lat' dir='ltr'><strong>diversas</strong></span> <span class='ocrx_word' id='word_1_753' title='bbox 2524 4507 2819 4562; x_wconf 88' lang='lat' dir='ltr'><strong>relationes</strong></span> <span class='ocrx_word' id='word_1_754' title='bbox 2865 4504 3122 4561; x_wconf 86' lang='lat' dir='ltr'><strong>distribui</strong></span> <span class='ocrx_word' id='word_1_755' title='bbox 3151 4515 3359 4560; x_wconf 65' lang='lat' dir='ltr'><strong>natura:</strong></span> <span class='ocrx_word' id='word_1_756' title='bbox 3390 4521 3506 4559; x_wconf 85' lang='lat' dir='ltr'><strong>non</strong></span> 
     </span>
    </p>
   </div>
   <div class='ocr_carea' id='block_1_103' title="bbox 1926 4594 3499 4668">
    <p class='ocr_par' dir='ltr' id='par_1_103' title="bbox 1926 4594 3499 4668">
     <span class='ocr_line' id='line_1_103' title="bbox 1926 4594 3499 4668; baseline -0.007 -9"><span class='ocrx_word' id='word_1_757' title='bbox 1926 4612 2010 4659; x_wconf 90' lang='lat' dir='ltr'><strong>est</strong></span> <span class='ocrx_word' id='word_1_758' title='bbox 2029 4611 2482 4659; x_wconf 86' lang='lat' dir='ltr'><strong>consentaneum.</strong></span> <span class='ocrx_word' id='word_1_759' title='bbox 2506 4599 2613 4656; x_wconf 91' lang='lat' dir='ltr'><strong>Sed</strong></span> <span class='ocrx_word' id='word_1_760' title='bbox 2644 4597 2817 4654; x_wconf 88' lang='lat' dir='ltr'><strong>Filius</strong></span> <span class='ocrx_word' id='word_1_761' title='bbox 2840 4597 3060 4668; x_wconf 91' lang='lat' dir='ltr'><strong>quidem</strong></span> <span class='ocrx_word' id='word_1_762' title='bbox 3083 4594 3231 4650; x_wconf 85' lang='lat' dir='ltr'><strong>Patri</strong></span> <span class='ocrx_word' id='word_1_763' title='bbox 3264 4595 3499 4650; x_wconf 89' lang='lat' dir='ltr'><strong>naturali</strong></span> 
     </span>
    </p>
   </div>
   <div class='ocr_carea' id='block_1_104' title="bbox 1925 4687 3499 4760">
    <p class='ocr_par' dir='ltr' id='par_1_104' title="bbox 1925 4687 3499 4760">
     <span class='ocr_line' id='line_1_104' title="bbox 1925 4687 3499 4760; baseline -0.008 -9"><span class='ocrx_word' id='word_1_764' title='bbox 1925 4695 2330 4752; x_wconf 89' lang='lat' dir='ltr'><strong>necessitudine</strong></span> <span class='ocrx_word' id='word_1_765' title='bbox 2352 4692 2676 4749; x_wconf 87' lang='lat' dir='ltr'><strong>conciliatus</strong></span> <span class='ocrx_word' id='word_1_766' title='bbox 2698 4697 2802 4755; x_wconf 91' lang='lat' dir='ltr'><strong>est,</strong></span> <span class='ocrx_word' id='word_1_767' title='bbox 2829 4687 2975 4760; x_wconf 89' lang='lat' dir='ltr'><strong>quod</strong></span> <span class='ocrx_word' id='word_1_768' title='bbox 2999 4688 3241 4759; x_wconf 91' lang='lat' dir='ltr'><strong>genitum</strong></span> <span class='ocrx_word' id='word_1_769' title='bbox 3265 4693 3352 4742; x_wconf 91' lang='lat' dir='ltr'><strong>est</strong></span> <span class='ocrx_word' id='word_1_770' title='bbox 3375 4703 3499 4741; x_wconf 89' lang='lat' dir='ltr'><strong>cum</strong></span> 
     </span>
    </p>
   </div>
   <div class='ocr_carea' id='block_1_105' title="bbox 1925 4779 3499 4860">
    <p class='ocr_par' dir='ltr' id='par_1_105' title="bbox 1925 4779 3499 4860">
     <span class='ocr_line' id='line_1_105' title="bbox 1925 4779 3499 4860; baseline -0.008 -16"><span class='ocrx_word' id='word_1_771' title='bbox 1925 4804 1992 4843; x_wconf 88' lang='lat' dir='ltr'><strong>eo</strong></span> <span class='ocrx_word' id='word_1_772' title='bbox 2034 4787 2127 4858; x_wconf 91' lang='lat' dir='ltr'><strong>qui</strong></span> <span class='ocrx_word' id='word_1_773' title='bbox 2231 4788 2440 4860; x_wconf 88' lang='lat' dir='ltr'><strong>genuit,</strong></span> <span class='ocrx_word' id='word_1_774' title='bbox 2475 4786 2687 4840; x_wconf 89' lang='lat' dir='ltr'><strong>factura</strong></span> <span class='ocrx_word' id='word_1_775' title='bbox 2732 4797 2857 4838; x_wconf 90' lang='lat' dir='ltr'><strong>cum</strong></span> <span class='ocrx_word' id='word_1_776' title='bbox 2896 4797 2963 4837; x_wconf 92' lang='lat' dir='ltr'><strong>eo</strong></span> <span class='ocrx_word' id='word_1_777' title='bbox 2991 4779 3085 4853; x_wconf 87' lang='lat' dir='ltr'><strong>qui</strong></span> <span class='ocrx_word' id='word_1_778' title='bbox 3174 4779 3303 4835; x_wconf 91' lang='lat' dir='ltr'><strong>fecit</strong></span> <span class='ocrx_word' id='word_1_779' title='bbox 3334 4779 3499 4833; x_wconf 88' lang='lat' dir='ltr'><strong>habet</strong></span> 
     </span>
    </p>
   </div>
   <div class='ocr_carea' id='block_1_106' title="bbox 1925 4871 3502 4944">
    <p class='ocr_par' dir='ltr' id='par_1_106' title="bbox 1925 4871 3502 4944">
     <span class='ocr_line' id='line_1_106' title="bbox 1925 4871 3502 4944; baseline -0.006 -10"><span class='ocrx_word' id='word_1_780' title='bbox 1925 4888 2169 4936; x_wconf 88' lang='lat' dir='ltr'><strong>mutuam</strong></span> <span class='ocrx_word' id='word_1_781' title='bbox 2223 4879 2584 4944; x_wconf 89' lang='lat' dir='ltr'><strong>relationem;</strong></span> <span class='ocrx_word' id='word_1_782' title='bbox 2630 4876 2737 4931; x_wconf 89' lang='lat' dir='ltr'><strong>nisi</strong></span> <span class='ocrx_word' id='word_1_783' title='bbox 2792 4874 3025 4930; x_wconf 87' lang='lat' dir='ltr'><strong>fortasse</strong></span> <span class='ocrx_word' id='word_1_784' title='bbox 3074 4874 3314 4943; x_wconf 88' lang='lat' dir='ltr'><strong>aliquam</strong></span> <span class='ocrx_word' id='word_1_785' title='bbox 3364 4871 3502 4925; x_wconf 85' lang='lat' dir='ltr'><strong>abu-</strong></span> 
     </span>
    </p>
   </div>
   <div class='ocr_carea' id='block_1_107' title="bbox 1925 4966 3503 5039">
    <p class='ocr_par' dir='ltr' id='par_1_107' title="bbox 1925 4966 3503 5039">
     <span class='ocr_line' id='line_1_107' title="bbox 1925 4966 3503 5039; baseline -0.004 -12"><span class='ocrx_word' id='word_1_786' title='bbox 1925 4973 2134 5027; x_wconf 85' lang='lat' dir='ltr'><strong>sionem</strong></span> <span class='ocrx_word' id='word_1_787' title='bbox 2189 4972 2243 5026; x_wconf 90' lang='lat' dir='ltr'><strong>in</strong></span> <span class='ocrx_word' id='word_1_788' title='bbox 2288 4970 2636 5025; x_wconf 84' lang='lat' dir='ltr'><strong>indifferente</strong></span> <span class='ocrx_word' id='word_1_789' title='bbox 2665 4967 2900 5039; x_wconf 90' lang='lat' dir='ltr'><strong>quadam</strong></span> <span class='ocrx_word' id='word_1_790' title='bbox 2936 4966 3229 5022; x_wconf 89' lang='lat' dir='ltr'><strong>verborum</strong></span> <span class='ocrx_word' id='word_1_791' title='bbox 3265 4979 3503 5020; x_wconf 83' lang='lat' dir='ltr'><strong>consuc-</strong></span> 
     </span>
    </p>
   </div>
   <div class='ocr_carea' id='block_1_108' title="bbox 1925 5054 3498 5130">
    <p class='ocr_par' dir='ltr' id='par_1_108' title="bbox 1925 5054 3498 5130">
     <span class='ocr_line' id='line_1_108' title="bbox 1925 5054 3498 5130; baseline -0.006 -15"><span class='ocrx_word' id='word_1_792' title='bbox 1925 5061 2115 5116; x_wconf 90' lang='lat' dir='ltr'><strong>tudine</strong></span> <span class='ocrx_word' id='word_1_793' title='bbox 2158 5060 2334 5130; x_wconf 89' lang='lat' dir='ltr'><strong>magis</strong></span> <span class='ocrx_word' id='word_1_794' title='bbox 2369 5059 2644 5129; x_wconf 91' lang='lat' dir='ltr'><strong>propriam</strong></span> <span class='ocrx_word' id='word_1_795' title='bbox 2697 5057 2824 5129; x_wconf 89' lang='lat' dir='ltr'><strong>quis</strong></span> <span class='ocrx_word' id='word_1_796' title='bbox 2872 5071 2996 5112; x_wconf 90' lang='lat' dir='ltr'><strong>esse</strong></span> <span class='ocrx_word' id='word_1_797' title='bbox 3023 5054 3301 5111; x_wconf 77' lang='lat' dir='ltr'><strong>existimet</strong></span> <span class='ocrx_word' id='word_1_798' title='bbox 3335 5068 3498 5122; x_wconf 90' lang='lat' dir='ltr'><strong>quam</strong></span> 
     </span>
    </p>
   </div>
   <div class='ocr_carea' id='block_1_109' title="bbox 1926 5151 2701 5222">
    <p class='ocr_par' dir='ltr' id='par_1_109' title="bbox 1926 5151 2701 5222">
     <span class='ocr_line' id='line_1_109' title="bbox 1926 5151 2701 5222; baseline -0.009 -14"><span class='ocrx_word' id='word_1_799' title='bbox 1926 5154 1999 5209; x_wconf 92' lang='lat' dir='ltr'><strong>sit</strong></span> <span class='ocrx_word' id='word_1_800' title='bbox 2040 5152 2304 5208; x_wconf 89' lang='lat' dir='ltr'><strong>naturalis</strong></span> <span class='ocrx_word' id='word_1_801' title='bbox 2355 5151 2701 5222; x_wconf 86' lang='lat' dir='ltr'><strong>significatio.</strong></span> 
     </span>
    </p>
   </div>
   <div class='ocr_carea' id='block_1_110' title="bbox 1993 5235 3501 5314">
    <p class='ocr_par' dir='ltr' id='par_1_110' title="bbox 1993 5235 3501 5314">
     <span class='ocr_line' id='line_1_110' title="bbox 1993 5235 3501 5314; baseline -0.008 -15"><span class='ocrx_word' id='word_1_802' title='bbox 1993 5245 2204 5311; x_wconf 84' lang='lat' dir='ltr'><strong>Quibus</strong></span> <span class='ocrx_word' id='word_1_803' title='bbox 2244 5243 2414 5314; x_wconf 87' lang='lat' dir='ltr'><strong>igitur</strong></span> <span class='ocrx_word' id='word_1_804' title='bbox 2457 5241 2788 5306; x_wconf 89' lang='lat' dir='ltr'><strong>rationibus,</strong></span> <span class='ocrx_word' id='word_1_805' title='bbox 2818 5247 2868 5293; x_wconf 87' lang='lat' dir='ltr'><strong>et</strong></span> <span class='ocrx_word' id='word_1_806' title='bbox 2901 5237 3158 5309; x_wconf 88' lang='lat' dir='ltr'><strong>qualibus</strong></span> <span class='ocrx_word' id='word_1_807' title='bbox 3197 5235 3501 5293; x_wconf 86' lang='lat' dir='ltr'><strong>secundum</strong></span> 
     </span>
    </p>
   </div>
   <div class='ocr_carea' id='block_1_111' title="bbox 1924 5327 3499 5404">
    <p class='ocr_par' dir='ltr' id='par_1_111' title="bbox 1924 5327 3499 5404">
     <span class='ocr_line' id='line_1_111' title="bbox 1924 5327 3499 5404; baseline -0.005 -18"><span class='ocrx_word' id='word_1_808' title='bbox 1924 5332 2398 5404; x_wconf 80' lang='lat' dir='ltr'><strong>inexpugnabilem</strong></span> <span class='ocrx_word' id='word_1_809' title='bbox 2449 5332 2598 5387; x_wconf 90' lang='lat' dir='ltr'><strong>illam</strong></span> <span class='ocrx_word' id='word_1_810' title='bbox 2655 5329 3005 5386; x_wconf 85' lang='lat' dir='ltr'><strong>dialecticam</strong></span> <span class='ocrx_word' id='word_1_811' title='bbox 3051 5329 3106 5382; x_wconf 93' lang='lat' dir='ltr'><strong>in</strong></span> <span class='ocrx_word' id='word_1_812' title='bbox 3160 5327 3499 5384; x_wconf 80' lang='lat' dir='ltr'><strong>contrarium</strong></span> 
     </span>
    </p>
   </div>
   <div class='ocr_carea' id='block_1_112' title="bbox 1921 5417 3502 5494">
    <p class='ocr_par' dir='ltr' id='par_1_112' title="bbox 1921 5417 3502 5494">
     <span class='ocr_line' id='line_1_112' title="bbox 1921 5417 3502 5494; baseline -0.004 -14"><span class='ocrx_word' id='word_1_813' title='bbox 1921 5424 2206 5494; x_wconf 88' lang='lat' dir='ltr'><strong>opiniones</strong></span> <span class='ocrx_word' id='word_1_814' title='bbox 2243 5424 2542 5479; x_wconf 90' lang='lat' dir='ltr'><strong>multorum</strong></span> <span class='ocrx_word' id='word_1_815' title='bbox 2592 5428 2973 5479; x_wconf 86' lang='lat' dir='ltr'><strong>transmutans</strong></span> <span class='ocrx_word' id='word_1_816' title='bbox 3023 5421 3139 5476; x_wconf 67' lang='lat' dir='ltr'><strong>hzec</strong></span> <span class='ocrx_word' id='word_1_817' title='bbox 3187 5433 3290 5489; x_wconf 84' lang='lat' dir='ltr'><strong>pro.</strong></span> <span class='ocrx_word' id='word_1_818' title='bbox 3345 5417 3502 5473; x_wconf 88' lang='lat' dir='ltr'><strong>libito</strong></span> 
     </span>
    </p>
   </div>
   <div class='ocr_carea' id='block_1_113' title="bbox 1922 5515 3503 5588">
    <p class='ocr_par' dir='ltr' id='par_1_113' title="bbox 1922 5515 3503 5588">
     <span class='ocr_line' id='line_1_113' title="bbox 1922 5515 3503 5588; baseline -0.001 -17"><span class='ocrx_word' id='word_1_819' title='bbox 1922 5515 2288 5586; x_wconf 84' lang='lat' dir='ltr'><strong>persequitur.</strong></span> <span class='ocrx_word' id='word_1_820' title='bbox 2329 5515 2486 5588; x_wconf 84' lang='lat' dir='ltr'><strong>Quod</strong></span> <span class='ocrx_word' id='word_1_821' title='bbox 2519 5533 2641 5574; x_wconf 89' lang='lat' dir='ltr'><strong>cum</strong></span> <span class='ocrx_word' id='word_1_822' title='bbox 2685 5518 2737 5570; x_wconf 91' lang='lat' dir='ltr'><strong>in</strong></span> <span class='ocrx_word' id='word_1_823' title='bbox 2787 5517 3045 5573; x_wconf 86' lang='lat' dir='ltr'><strong>omnibus</strong></span> <span class='ocrx_word' id='word_1_824' title='bbox 3085 5516 3228 5572; x_wconf 84' lang='lat' dir='ltr'><strong>Deus</strong></span> <span class='ocrx_word' id='word_1_825' title='bbox 3264 5523 3320 5570; x_wconf 93' lang='lat' dir='ltr'><strong>et</strong></span> <span class='ocrx_word' id='word_1_826' title='bbox 3348 5529 3503 5570; x_wconf 84' lang='lat' dir='ltr'><strong>crea-</strong></span> 
     </span>
    </p>
   </div>
   <div class='ocr_carea' id='block_1_114' title="bbox 2004 5617 3510 5696">
    <p class='ocr_par' dir='ltr' id='par_1_114' title="bbox 2004 5617 3510 5696">
     <span class='ocr_line' id='line_1_114' title="bbox 2004 5617 3510 5696; baseline -0.005 -18"><span class='ocrx_word' id='word_1_827' title='bbox 2004 5622 2080 5694; x_wconf 84' lang='lat' dir='ltr'><strong>(b)</strong></span> <span class='ocrx_word' id='word_1_828' title='bbox 2117 5624 2275 5696; x_wconf 15' lang='lat' dir='ltr'><strong>Idem,</strong></span> <span class='ocrx_word' id='word_1_829' title='bbox 2311 5626 2458 5696; x_wconf 81' lang='lat' dir='ltr'><strong>cod.,</strong></span> <span class='ocrx_word' id='word_1_830' title='bbox 2495 5626 2646 5681; x_wconf 85' lang='grc' dir='ltr'>Τίσιν</span> <span class='ocrx_word' id='word_1_831' title='bbox 2679 5620 2772 5680; x_wconf 78' lang='grc' dir='ltr'>οὖν</span> <span class='ocrx_word' id='word_1_832' title='bbox 2812 5623 3092 5696; x_wconf 72' lang='grc' dir='ltr'>λογισμοῖς</span> <span class='ocrx_word' id='word_1_833' title='bbox 3140 5638 3192 5674; x_wconf 91' lang='grc' dir='ltr'><strong>κ.</strong></span> <span class='ocrx_word' id='word_1_834' title='bbox 3242 5639 3326 5690; x_wconf 86' lang='grc' dir='ltr'><strong>π.,</strong></span> <span class='ocrx_word' id='word_1_835' title='bbox 3366 5617 3510 5692; x_wconf 85' lang='lat' dir='ltr'><strong>quod</strong></span> 
     </span>
    </p>
   </div>
   <div class='ocr_carea' id='block_1_115' title="bbox 199 5693 1818 5772">
    <p class='ocr_par' dir='ltr' id='par_1_115' title="bbox 199 5693 1818 5772">
     <span class='ocr_line' id='line_1_115' title="bbox 199 5693 1818 5772; baseline -0.005 -20"><span class='ocrx_word' id='word_1_836' title='bbox 199 5693 432 5772; x_wconf 61' lang='grc' dir='ltr'>σλνὲζ.</span> <span class='ocrx_word' id='word_1_837' title='bbox 462 5693 535 5770; x_wconf 67' lang='grc' dir='ltr'><strong>τῷ</strong></span> <span class='ocrx_word' id='word_1_838' title='bbox 564 5701 663 5772; x_wconf 78' lang='grc' dir='ltr'>μὲν</span> <span class='ocrx_word' id='word_1_839' title='bbox 695 5700 995 5772; x_wconf 82' lang='grc' dir='ltr'>γεννήματι</span> <span class='ocrx_word' id='word_1_840' title='bbox 1019 5698 1046 5751; x_wconf 85' lang='grc' dir='ltr'><strong>ό</strong></span> <span class='ocrx_word' id='word_1_841' title='bbox 1079 5693 1364 5770; x_wconf 67' lang='grc' dir='ltr'>γεννήσας,</span> <span class='ocrx_word' id='word_1_842' title='bbox 1392 5697 1420 5750; x_wconf 84' lang='grc' dir='ltr'><strong>ό</strong></span> <span class='ocrx_word' id='word_1_843' title='bbox 1449 5694 1506 5750; x_wconf 81' lang='grc' dir='ltr'>δὲ</span> <span class='ocrx_word' id='word_1_844' title='bbox 1540 5693 1730 5758; x_wconf 85' lang='grc' dir='ltr'>κτίσας</span> <span class='ocrx_word' id='word_1_845' title='bbox 1755 5693 1818 5764; x_wconf 53' lang='lat' dir='ltr'><strong>et}</strong></span> 
     </span>
    </p>
   </div>
   <div class='ocr_carea' id='block_1_116' title="bbox 1923 5693 2386 5772">
    <p class='ocr_par' dir='ltr' id='par_1_116' title="bbox 1930 5694 2386 5768">
     <span class='ocr_line' id='line_1_116' title="bbox 1930 5694 2386 5768; baseline -0.002 -16"><span class='ocrx_word' id='word_1_846' title='bbox 1930 5694 2208 5768; x_wconf 85' lang='lat' dir='ltr'><strong>interpres</strong></span> <span class='ocrx_word' id='word_1_847' title='bbox 2233 5695 2386 5751; x_wconf 83' lang='lat' dir='ltr'><strong>vidit.</strong></span> 
     </span>
    </p>
   </div>
   <div class='ocr_carea' id='block_1_117' title="bbox 199 5771 525 5834">
    <p class='ocr_par' dir='ltr' id='par_1_117' title="bbox 199 5771 525 5834">
     <span class='ocr_line' id='line_1_117' title="bbox 199 5771 525 5834; baseline -0.018 -6"><span class='ocrx_word' id='word_1_848' title='bbox 199 5771 525 5834; x_wconf 72' lang='grc' dir='ltr'>κτίσματι.</span> 
     </span>
    </p>
   </div>
  </div>
