3992 6210
433 303 533 356 ϐἲί9

1663 285 1721 342 S.
1747 276 2071 339 GREGORII
2108 273 2397 334 NYSSENI

3569 253 3675 308 om

430 423 536 474 tor,
553 417 607 466 et
626 407 784 464 Pater
805 407 1141 477 intelligatur
1161 414 1214 460 et
1234 401 1646 469 dicatur,Filius
1665 402 1728 457 ad
1749 408 2008 468 utrasque
2037 441 2041 452 .

2145 393 2270 448 ένου
2302 409 2362 444 τε
2397 391 2492 445 καὶ
2520 387 2840 458 λεγομένου,
2869 385 2898 438 ὁ
2925 381 3053 445 Υἱὸς
3076 378 3208 451 πρὸς
3235 373 3547 477 ἀμφοτέρας
3578 375 3681 477 τὰς

431 487 823 570 appellationes
853 497 1103 566 apposite
1139 501 1193 550 et
1219 504 1584 565 congruenter
1617 507 1676 549 se
1703 490 1924 553 habeat,
1954 495 2009 543 et

2110 463 2480 558 προσηγορίας
2519 478 2839 550 ἐπιτηδείως
2886 474 3018 546 ἔχει,
3045 471 3138 526 καὶ
3183 469 3387 534 κτίσμα
3427 463 3529 558 καί
3552 463 3684 558 γέν-

433 600 686 646 creatura
709 590 872 646 simul
903 598 956 646 et
984 589 1240 660 genitura
1279 589 1514 644 dicatur.
1564 585 1695 641 Nam
1719 599 1844 639 cum
1872 596 2007 636 con-

2145 555 2259 647 ημα
2324 572 2466 629 κατὰ
2509 571 2570 624 τὸ
2605 570 2722 624 ἴσον
2773 567 3082 635 λεγόμενος.
3112 563 3224 630 Τῆς
3251 560 3358 629 γὰρ
3383 556 3482 660 τού
3520 555 3684 660 λόγοφ

436 682 670 737 suetudo
732 691 786 738 et
837 688 1028 738 exacta
1072 681 1328 752 loquendi
1391 679 1566 735 forma
1619 678 1732 734 haec
1788 674 2010 730 nomina

436 782 559 842 apte
605 775 908 841 discernat,
941 781 997 830 et
1051 771 1421 845 generationis
1461 785 1660 826 nomen
1695 772 1926 837 usurpet
1956 765 2012 819 in

441 865 527 920 his
573 881 695 934 quae
733 867 1038 943 gignuntur
1077 881 1144 920 ex
1177 865 1296 936 ipsa
1342 863 1613 928 essentia;
1654 874 1854 914 nomen
1887 871 2016 913 vero

440 968 710 1014 creatura!
756 959 810 1013 in
853 959 939 1015 his
994 974 1115 1029 quae
1166 957 1299 1012 foris
1340 964 1393 1010 et
1449 961 1602 1009 extra
1644 950 2018 1029 construentis

443 1057 696 1103 naturam
736 1028 1072 1106 consistunt.
1108 1047 1455 1118 Quapropter
1499 1045 1552 1099 in
1587 1043 1881 1098 traditione
1925 1028 2020 1096 co-

443 1144 708 1212 gnitionis
754 1143 871 1205 Dei,
913 1143 1166 1214 dogmata
1209 1141 1394 1196 divina
1455 1138 1613 1193 nobis
1655 1131 1995 1192 tradiderunt

444 1231 661 1287 Patrem
706 1240 760 1288 et
804 1231 1024 1296 Filium,
1080 1246 1190 1286 non
1245 1236 1548 1286 creatorem
1597 1233 1651 1280 et
1712 1225 2020 1295 opiﬁcium;

448 1340 518 1380 ne
555 1324 680 1395 quis
715 1325 913 1379 mentis
941 1324 1188 1378 alienata:
1215 1336 1369 1376 error
1407 1318 1474 1374 ad
1506 1316 1897 1387 blasphemiam
1932 1315 2024 1369 ﬁe-

449 1421 552 1479 ret,
600 1415 645 1469 si
694 1415 761 1470 ad
808 1415 1045 1469 alienum
1083 1421 1138 1468 et
1185 1409 1536 1483 peregrinum
1578 1404 1897 1476 hujusmodi
1934 1419 2026 1474 ap-

2113 646 2400 738 συνηθείας
2431 681 2491 718 τε
2522 663 2614 717 καὶ⁵
2659 659 2944 732 ἀκριϐείας
2969 655 3181 715 οἰκείως
3211 647 3590 721 διακρινούσης
3616 646 3688 698 τά

2113 763 2335 816 τοιαῦτα
2385 760 2496 814 τῶν
2542 758 2845 829 ὀνομάτων,
2883 753 2978 808 καὶ
3002 752 3064 804 τὸ
3110 750 3207 820 μὲν
3246 747 3344 816 τῆς
3381 746 3690 815 γεννήσεως

2115 856 2284 927 ὄνομα
2319 855 2411 907 ἐπὶ
2448 852 2554 905 τῶν
2587 850 2648 915 ἐξ
2675 847 2846 918 αὐτῆς
2876 845 2977 914 τῆς
3001 843 3187 904 οὐσίας
3223 837 3578 909 γεννωμένων
3607 835 3695 927 λιζ

2117 923 2321 1015 γούνσης
2344 960 2359 976 ο
2389 943 2448 996 τὸ
2481 942 2538 995 δὲ
2572 941 2670 1012 τῆς
2709 938 2938 1000 κτίσεως
2976 935 3066 988 ἐπὶ
3098 932 3205 985 τῶν
3237 928 3434 994 ἔξωθεν
3466 928 3567 996 τῆς
3597 923 3692 977 τοῦ

2120 1034 2622 1098 κατασκευάζοντος
2690 1031 2904 1101 φύσεως
2977 1023 3374 1095 ἐπισταμένων.
3431 1020 3546 1072 Καὶ
3607 1015 3698 1070 διὰ

2119 1127 2278 1181 τοῦτο
2295 1127 2403 1180 τῶν
2428 1124 2586 1179 θείων
2624 1122 2909 1193 δογμάτων
2941 1119 2997 1171 ὲν
3024 1119 3088 1188 τῇ
3121 1112 3414 1184 παραδόσει
3454 1111 3554 1180 τῆς
3582 1107 3697 1161 θεο-

2122 1216 2358 1288 γνωσίας
2374 1213 2589 1285 Πατέρα
2605 1213 2699 1266 καὶ
2716 1212 2841 1264 Υίὸν
2862 1204 3343 1280 παραδεδωκότων,
3364 1201 3426 1254 οὐ
3449 1198 3701 1268 κτίστην,

2124 1309 2219 1365 καὶ⁵
2246 1308 2405 1381 ἔργον
2425 1325 2437 1338 ⁸
2469 1307 2544 1370 ὡς
2567 1305 2632 1359 ἂν
2681 1304 2753 1376 μή
2791 1320 2874 1366 τις
2898 1302 3108 1370 γένοιτο
3146 1293 3444 1367 παραφορὰ
3479 1291 3618 1362 πρὸς
3642 1289 3704 1342 τὸ

2128 1401 2461 1472 βλάσφημον,
2490 1399 2570 1461 είς
2596 1395 2657 1450 τὸ
2689 1393 2966 1464 ἀλλότριόν
2987 1408 3048 1444 τε
3076 1389 3169 1443 καὶ
3217 1387 3366 1454 ξένον
3395 1385 3497 1455 τῆς
3527 1382 3709 1436 τοιαύο

452 1474 672 1575 pellatio
719 1505 914 1560 Filium
963 1474 1281 1574 depelleret,
1315 1474 1369 1557 et
1421 1515 1491 1555 ne
1534 1474 1742 1552 aditum
1783 1497 2022 1561 aliquem

2145 1513 2226 1566 της
2284 1490 2650 1565 προσηγορίας
2699 1488 2792 1540 τὸν
2851 1485 2979 1539 Υίὸν
3034 1479 3382 1549 ἀπωθούσης,
3417 1474 3708 1575 μηδέπινα

455 1565 718 1654 haberent
777 1598 892 1653 hare
941 1565 1109 1667 impia
1167 1595 1446 1666 dogmata,
1500 1607 1622 1662 qua:
1675 1587 2025 1659 Unigenitum

2145 1565 2358 1655 πάροδον
2387 1579 2542 1634 λάϐοι
2578 1577 2649 1631 τὰ
2689 1576 2822 1630 ἄθεα
2845 1574 3112 1644 δόγματα,
3136 1570 3205 1623 τὰ
3231 1569 3330 1638 τῆς
3368 1566 3488 1621 καθ’
3517 1565 3710 1618 ούσίαν

456 1690 634 1744 Patris
684 1704 714 1743 a
767 1657 1138 1743 familiaritate
1173 1657 1288 1742 sive
1335 1657 1741 1741 necessitudine
1785 1657 1907 1750 quae
1944 1687 2028 1733 est

2145 1675 2455 1744 δίκειότητος
2481 1670 2572 1724 τὸν
2619 1666 2900 1736 Μονογενῆ
2949 1663 3044 1719 τοῦ
3091 1661 3304 1732 Πατρδς
3359 1657 3709 1729 άφορίζοντα.

457 1778 755 1835 secundum
789 1778 1084 1834 essentiam
1123 1785 1381 1848 separant
1432 1783 1487 1831 et
1530 1774 1860 1828 distrahunt.
1891 1768 2026 1824 Nam

2145 1771 2202 1824 Ὀ
2232 1742 2406 1836 λέγων
2431 1763 2508 1834 τῷ
2539 1761 2653 1832 Υίῷ
2675 1760 2774 1832 τὴν
2801 1757 2894 1813 τοῦ
2925 1757 3229 1826 ποιήματος
3251 1750 3510 1823 ἁρμόζειν
3540 1763 3716 1847 “post:

456 1871 550 1941 qui
601 1870 736 1925 dicit
779 1871 1008 1926 factura:
1045 1869 1464 1941 appellationem
1521 1866 1660 1921 Filio
1708 1878 2028 1936 congruere,

457 1963 600 2018 dicet
622 1965 812 2032 procul
851 1964 1019 2019 dubio
1052 1980 1150 2034 per
1182 1963 1633 2032 consequentiam
1668 1960 1828 2014 etiam
1859 1957 2033 2011 factu-

459 2071 534 2114 rae
590 2055 713 2110 Filii
758 2057 1180 2128 appellationem
1238 2064 1434 2111 natura
1487 2053 1802 2109 convenire.
1854 2049 2034 2116 Quare

459 2148 502 2202 si
559 2146 731 2204 Filius
775 2155 861 2203 est
892 2157 1165 2210 creatura,
1207 2148 1369 2202 etiam
1402 2146 1602 2200 cmlum
1646 2143 1812 2206 ﬁlius.
1843 2151 1898 2197 et
1922 2142 2035 2196 sin-

460 2239 584 2309 gula
631 2255 753 2310 qua:
802 2238 945 2293 facta
995 2249 1123 2294 sunt
1170 2253 1199 2292 a
1250 2238 1478 2292 Domino
1531 2236 1831 2293 secundum
1891 2235 2036 2289 hunc

461 2332 785 2401 scriptorem
813 2330 904 2385 lilii
930 2331 1290 2401 appellatione
1306 2331 1777 2401 cognominantur.
1807 2327 1862 2383 Si
1889 2328 2034 2383 enim

462 2423 572 2486 ille,
616 2437 727 2477 non
761 2421 889 2491 quia
932 2435 1276 2476 communem
1311 2436 1437 2476 cum
1484 2435 1550 2476 eo
1589 2420 1686 2490 qui
1722 2419 1913 2491 genuit
1941 2432 2038 2472 na-

463 2521 642 2567 turam
690 2513 906 2577 habeat,
957 2513 1063 2568 hoc
1112 2513 1338 2567 nomine
1383 2513 1706 2583 appelletur,
1757 2511 1853 2568 sed
1909 2511 2038 2578 quia

463 2613 682 2660 creatus
725 2611 832 2668 est,
855 2603 1032 2660 Filius
1065 2605 1384 2660 nominatur
1431 2624 1443 2660 :
1472 2604 1661 2662 eadem
1693 2602 1844 2658 dabit
1877 2603 2035 2666 ratio,

462 2703 518 2750 ct
562 2709 786 2764 agnum,
835 2702 892 2750 et
953 2708 1168 2757 canem,
1215 2703 1270 2749 et
1315 2710 1528 2760 ranam,
1586 2703 1642 2748 et
1703 2705 2041 2762 quaecunque

461 2787 746 2841 voluntate
799 2783 1055 2841 facientis
1113 2785 1446 2848 subsistunt,
1534 2783 1629 2838 ﬁlii
1678 2782 2042 2853 appellatione

464 2877 757 2934 nominari.
809 2875 966 2942 Quod
1006 2876 1053 2931 si
1091 2875 1284 2930 horum
1321 2873 1748 2943 unumquodque
1791 2871 1920 2941 quia
1970 2871 2042 2926 sit

465 2978 623 3026 extra
703 2969 800 3023 ﬁlii
860 2975 1138 3031 naturam,
1193 2967 1340 3022 ﬁlius
1387 2982 1497 3022 non
1541 2973 1660 3032 est;
1693 2978 1872 3033 neque
1899 2960 2042 3016 Deus

467 3061 675 3116 dicitur
723 3065 1130 3129 consequenter
1157 3059 1402 3125 omnino,
1444 3057 1537 3127 qui
1571 3071 1697 3111 vere
1740 3063 1794 3110 et
1825 3053 2043 3125 proprie

467 3159 553 3208 est
601 3151 795 3218 Filius,
845 3159 1135 3220 propterea
1174 3150 1318 3221 quod
1359 3164 1427 3204 ex
1464 3149 1652 3204 eadem
1696 3155 1890 3202 natura
1918 3160 2042 3199 cum

468 3258 535 3298 co
575 3242 672 3312 qui
727 3243 916 3312 genuit
969 3249 1206 3305 constet,
1256 3240 1428 3296 Filius
1483 3249 1590 3304 est,
1639 3247 1693 3294 et
1740 3237 1886 3292 Deus
1923 3251 2046 3291 esse

470 3335 758 3392 asseritur.
811 3333 916 3390 Sed
941 3335 1316 3405 generationis
1355 3333 1636 3388 notionem
1675 3330 2044 3393 abominatur,

468 3437 523 3485 et
566 3429 674 3484 hoc
713 3444 912 3484 nomen
949 3429 1250 3485 criminans
1292 3428 1533 3484 carnalis
1586 3434 1796 3482 naturae
1831 3427 2047 3481 ratione

473 3537 502 3574 a
566 3519 769 3575 divinis
837 3519 1064 3575 secretis
1129 3528 1350 3590 separat
1403 3536 1420 3572 :
1477 3518 1572 3574 sed
1636 3519 1852 3574 abunde
1913 3519 2050 3574 satis

475 3615 530 3667 in
583 3611 1036 3668 antecedentibus
1093 3625 1190 3681 pro
1239 3611 1326 3667 his
1374 3625 1554 3667 sermo
1607 3611 1865 3675 ostendit,
1905 3612 2049 3682 quod

472 3703 773 3760 secundum
825 3702 1186 3773 Prophetam,
1264 3701 1386 3757 Iilic
1455 3703 1840 3772 trepidaverunt
1897 3705 2050 3757 timo-

474 3809 530 3849 re
585 3794 674 3847 ubi
718 3810 821 3848 non
863 3803 978 3849 erat
1037 3795 1196 3847 timor
1235 3793 1302 3846 “.
1346 3791 1402 3848 Si
1451 3795 1596 3849 enim
1630 3795 1685 3849 in
1736 3795 2052 3850 hominibus

481 3902 590 3942 non
647 3903 862 3942 omnem
912 3889 1317 3958 generationem
1373 3887 1806 3943 demonstratum
1856 3898 1941 3943 est
1986 3904 2052 3942 cx

479 3980 672 4036 aﬁ‘ectn
711 3981 828 4036 sive
863 3980 1122 4051 passione
1161 3987 1436 4047 constare,
1493 3980 1589 4035 sed
1637 3979 1799 4033 aliam
1833 3979 2052 4050 quidem

478 4073 815 4128 materialem
868 4087 966 4142 per
1004 4071 1286 4136 aﬂ‘ectum;
1349 4071 1511 4126 aliam
1565 4085 1695 4126 vero
1748 4070 2050 4140 spiritalem

478 4180 671 4236 puram
707 4171 761 4220 et
796 4164 1191 4234 incorruptam.
1244 4163 1399 4229 Quod
1440 4162 1587 4217 enim
1619 4171 1938 4234 generatum
1971 4172 2056 4217 est

479 4273 546 4311 ex
589 4256 810 4327 spiritu,
847 4256 1078 4326 spiritus
1112 4265 1166 4312 et
1211 4270 1323 4310 non
1372 4269 1502 4309 caro
1547 4257 1816 4326 gignitur;
1852 4255 1907 4308 in
1939 4253 2054 4324 δρία

479 4346 587 4400 ritu
634 4345 783 4399 nulla
831 4345 1074 4415 patibilis
1120 4345 1461 4415 conspicitur
1510 4345 1747 4402 affectio.
1787 4345 2056 4412 Quoniam

2071 3093 2117 3154 C

2132 1860 2380 1934 ηγορίαν,
2411 1859 2525 1928 ὲρεῖ
2556 1856 2774 1916 πάντως
2812 1849 2954 1906 κατὰ
2977 1847 3038 1902 τὸ
3066 1843 3356 1900 ἀκόλουθον
3379 1840 3472 1894 καὶ
3498 1840 3594 1892 ἐπὶ
3618 1837 3716 1892 τοῦ

2133 1933 2434 2026 ποιήματος
2456 1951 2554 2020 τὴν
2570 1947 2664 2002 τοῦ
2682 1945 2811 2000 Υἱοῦ
2834 1943 3026 2013 κλῆσιν
3040 1936 3331 2011 προσφυῶς
3354 1933 3717 2026 ἔχειν.⁶Ὠστε,

2133 2051 2182 2102 εί
2206 2025 2382 2108 όΥίδς
2410 2043 2635 2112 κτίσμα,
2664 2037 2758 2094 καὶ
2777 2035 3004 2109 οὐρανὸς
3031 2032 3165 2096 υίὸς,
3201 2029 3295 2084 καὶ
3322 2026 3391 2082 τὰ
3422 2027 3547 2080 καθ’
3584 2025 3725 2111 ἑκα-

2137 2155 2258 2193 στον
2287 2135 2398 2188 τῶν
2416 2132 2717 2203 γεγονότων
2748 2127 2953 2200 κυρίως
2986 2125 3129 2180 κατὰ
3153 2123 3243 2176 τὸν
3270 2121 3609 2191 λογογράφον
3650 2120 3722 2188 τῇ

2136 2229 2229 2284 τοῦ
2262 2225 2378 2282 υἱοῦ
2408 2222 2750 2297 προσηγορίᾳ
2796 2218 3244 2290 κατονομάζεται.
3279 2216 3340 2268 Ei
3371 2214 3481 2285 γὰρ
3511 2214 3729 2274 ἐκεῖνος

2136 2321 2255 2392 οὐχὶ
2285 2319 2364 2390 τῷ
2386 2319 2661 2372 κοινωνεῖν
2709 2313 2788 2384 τῷ
2832 2310 3185 2382 γεγεννηκότι
3221 2309 3321 2378 τῆς
3349 2306 3566 2376 φύσεως
3604 2305 3728 2375 ἔχει

2136 2415 2198 2469 τὸ
2218 2415 2411 2484 ὄνομα,
2426 2409 2563 2465 ἀλλὰ
2585 2407 2718 2462 καθὸ
2733 2405 2948 2468 κτιστός
2973 2405 3108 2466 ἐστι,
3126 2401 3266 2455 κατὰ
3285 2398 3444 2452 τοῦτο
3458 2397 3587 2458 Υἱὸς
3604 2396 3734 2448 ὀνο-

2143 2506 2403 2580 μάζεται’
2431 2505 2460 2557 ό
2483 2500 2644 2565 αὐτὸς
2664 2498 2825 2552 δώσει
2860 2497 3037 2565 λόγος,
3071 2494 3166 2548 καὶ
3199 2492 3391 2563 ἀμνὸν,
3423 2491 3520 2543 καὶ
3557 2487 3731 2549 κύνα,

2141 2578 2235 2657 καὶ
2259 2599 2546 2672 βάτραχον,
2569 2593 2662 2649 καὶ
2690 2592 2867 2646 πάντα
2889 2590 2990 2643 ὅσα
3024 2587 3288 2657 θελήματι
3311 2586 3406 2636 τοῦ
3425 2578 3734 2650 πεποιηκόι

2141 2709 2230 2756 τος
2258 2689 2489 2758 ὑπέστη,
2518 2688 2582 2757 τῇ
2599 2682 2692 2738 τού
2725 2681 2843 2735 υἱοῦ
2868 2676 3208 2749 προσηγορίᾳ
3232 2665 3734 2740 κατονομάζεσθαι.

2143 2787 2205 2838 Εἰ
2230 2784 2286 2837 δὲ
2312 2783 2518 2835 τούτων
2543 2778 2769 2831 ἕκαστον
2785 2773 2872 2826 διὰ
2891 2771 2950 2825 τὸ
2978 2767 3083 2832 ἔξω
3109 2766 3209 2834 τῆς
3234 2763 3326 2818 τοῦ
3342 2759 3484 2832 ζυίοῦ
3509 2758 3740 2829 φύσεως

2144 2875 2286 2932 εἶναι
2323 2874 2444 2938 ,υίὸς
2470 2872 2570 2924 οὐκ
2594 2869 2740 2922 ἔστιν
2764 2883 2778 2898 ο
2813 2863 2932 2919 οὐδὲ
2959 2861 3090 2924 Θεὸς
3119 2859 3337 2926 λέγεται
3357 2851 3499 2906 κατὰ
3520 2850 3582 2903 τὸ
3603 2847 3744 2938 άκό-

2144 2969 2332 3024 λουθον
2367 2965 2584 3025 πάντως
2618 2963 2648 3014 ό
2690 2959 2894 3030 κυρίως
2918 2954 3070 3018 Υἱὸς,
3093 2949 3182 3006 διά
3210 2950 3270 3002 τὸ
3297 2947 3355 3014 ἐξ
3384 2944 3558 3014 αὐτῆς
3587 2937 3742 2996 εἶναι

2146 3061 2240 3117 τοῦ
2269 3055 2658 3130 γεγεννηκότος
2698 3053 2798 3122 τῆς
2850 3048 3082 3118 φύσεως,
3116 3043 3244 3105 Υἱός
3275 3041 3455 3130 ἐστιν,
3478 3037 3573 3089 καὶ
3595 3034 3746 3130 Geo;

2148 3125 2293 3206 εἶναι.
2313 3125 2674 3220 ὁμολογεῖται.
2709 3138 2868 3194 Ἀλλὰ
2911 3137 3241 3209 μυσάττεται
3279 3131 3376 3200 τὴν
3407 3129 3506 3198 τῆς
3537 3125 3746 3220 γεννήῗέ

2149 3263 2287 3308 σεως
2331 3219 2558 3304 ἔννοιαν,
2592 3237 2687 3291 καὶ
2727 3231 2980 3304 ἀφορίζει
3005 3229 3112 3282 τῶν
3155 3227 3312 3280 θείων
3343 3221 3635 3290 δογμάτων
3671 3219 3745 3286 τῇ

2149 3333 2415 3408 σαρκώδει
2436 3328 2751 3402 φυσιολογίᾳ
2779 3323 3076 3379 διαϐάλλων
3109 3319 3170 3372 τὸ
3197 3319 3385 3386 δνομα.
3435 3312 3577 3366 Ἀλλ’
3609 3311 3745 3408 ἱκα-

2149 3401 2255 3492 νῶς
2281 3426 2420 3496 ὑπὲρ
2447 3401 2650 3477 τούτων
2673 3421 2731 3472 ὲν
2760 3419 2875 3480 τοῖς
2889 3415 3156 3485 φθάσασιν
3185 3414 3212 3465 ὁ
3242 3410 3399 3476 λόγος
3425 3401 3743 3496 ἀπέδειξεν,

2148 3487 2405 3573 ὅτινκατέ
2445 3513 2537 3566 τὸν
2580 3509 2896 3584 Προφήτην,
2928 3502 3255 3558 Φοϐοῦνται
3295 3497 3483 3567 φόϐον
3513 3487 3586 3548 οὗ
3621 3493 3749 3584 oin:

2149 3612 2279 3670 ἐστι
2302 3606 2504 3676 φόϐος.
2539 3603 2601 3654 El
2627 3580 2838 3670 γὰρὲπὶ
2865 3594 2972 3650 τῶν
3001 3591 3304 3664 ἀνθρώπων
3333 3586 3392 3640 ού
3612 3580 3748 3676 γέν-

2151 3670 2320 3768 νησις.
2349 3691 2561 3764 ἐδείχθη
2614 3689 2754 3744 κατὰ
2784 3686 2953 3748 πάθος
2990 3678 3381 3750 συνισταμένη·
3415 3670 3749 3768 emta-ge»,

2155 3764 2313 3859 ὑλικὴ
2333 3785 2422 3840 διὰ
2447 3783 2674 3847 πάθους,
2709 3782 2743 3851 ἡ
2764 3779 2820 3832 δὲ
2848 3771 3190 3846 πνευματικὴ
3226 3766 3440 3859 καθαρά
3467 3764 3565 3818 καὶ
3601 3764 3748 3859 ﬁge!)-

2156 3851 2336 3957 ρατος.
2356 3878 2430 3931 Τὸ
2445 3876 2552 3946 γὰρ
2568 3868 2960 3943 γεγεννημένον
2973 3867 3037 3918 ὲκ
3054 3861 3149 3916 τοῦ
3173 3858 3499 3957 πνεύματος·ἶ
3518 3869 3619 3905 πνε
3627 3851 3749 3957 ὖᾼμα

2157 3945 2251 4030 καὶ
2278 3972 2397 4041 οὐχὶ
2427 3945 2563 4040 σὰρξ
2586 3958 2913 4035 γίνεται,’τῷ
2940 3958 2996 4011 δὲ
3012 3955 3282 4041 πνεύματι
3310 3947 3539 4041 οὐδεμία
3565 3945 3750 4041 παθηῗ

2155 4065 2281 4136 τικὴ
2317 4033 2701 4129 σὐνθεωρείται
2745 4051 3007 4112 διάθεσις.
3071 4040 3294 4112 Ἐπειδὴ
3347 4039 3434 4093 διὰ
3468 4037 3581 4090 τῶν
3617 4033 3747 4136 καθ’

2157 4127 2305 4230 ἠμάς
2333 4127 2745 4220 ὑποδειγμάτων
2768 4141 3064 4210 ἀναγκαῖον
3092 4135 3264 4228 ἐφάνη
3301 4131 3377 4201 τῷ
3411 4127 3750 4230 λογογράφῳ

2157 4217 2257 4320 την
2286 4217 2298 4220 -
2323 4245 2473 4299 θείαν
2529 4217 2932 4305 ἐπιλογίζεσθαι
2982 4228 3236 4299 δύναμιν,
3262 4222 3512 4277 ’πεισάτω
3547 4217 3748 4274 ἑαυτὸν

2159 4306 2226 4394 ἐκ
2249 4337 2344 4392 τοῦ
2383 4334 2572 4406 ἐτέρου
2615 4330 2718 4400 τῆς
2763 4325 3066 4395 γεννήσεως
3101 4318 3302 4389 τρόπου
3348 4314 3418 4406 τὸ
3461 4310 3593 4406 περὶ
3645 4306 3748 4406 την

481 4434 648 4506 igitur
725 4449 822 4505 per
859 4435 1108 4504 exempla
1153 4443 1343 4490 nostra
1387 4436 1758 4490 necessarium
1805 4435 2041 4506 apparuit

2161 4430 2311 4483 θείαν
2339 4397 2590 4495 γέννησιν
2617 4397 2822 4480 ἀπαθὲς
2851 4414 3068 4468 ὲννοεῖν.
3124 4406 3284 4462 Ἀλλὰ
3306 4403 3406 4467 τὰς
3605 4397 3748 4502 ταύι-

485 4484 638 4506 τη--
725 4484 808 4505 τ--
865 4484 1108 4504 -_---.,-_-
1157 4484 1343 4490 --ηπ
1387 4484 1758 4490 __---___--_-_-
1806 4484 2027 4506 ,νγ-η-

481 4526 612 4582 huic
661 4526 964 4582 vanissimo
1013 4526 1272 4595 scriptori
1329 4527 1435 4579 vim
1471 4525 1710 4580 divinam
1753 4540 1814 4580 ac
1871 4535 2041 4595 potent

2158 4537 2254 4583 τας
2310 4484 2426 4587 μετ’
2469 4484 2712 4580 άλλήλων
2755 4502 3121 4578 προσηγορίας
3160 4497 3399 4568 συγχέας
3445 4492 3507 4595 εξ
3532 4484 3606 4595 diu
3641 4490 3748 4540 ἰσο-

482 4617 614 4672 tiam
641 4615 1099 4673 considerandam
1129 4630 1273 4681 esse,
1309 4613 1486 4670 discat
1520 4625 1573 4671 et
1599 4616 1703 4671 sibi
1732 4615 2058 4686 persuadeat

483 4725 547 4765 ex
584 4710 693 4765 alio
745 4708 1114 4780 generationis
1156 4707 1322 4762 modo
1375 4707 1431 4762 in
1471 4707 1654 4762 divina
1709 4709 2058 4778 generatione

483 4801 630 4872 qttod
677 4801 903 4858 allectus
951 4801 1023 4855 sit
1061 4815 1256 4870 expers
1308 4799 1631 4870 intelligere.
1669 4799 1778 4853 Sed
1819 4799 1919 4855 bas
1948 4807 2060 4855 tres

486 4897 628 4950 inter
669 4910 729 4951 se
778 4893 1169 4963 appellationes
1227 4892 1593 4957 confundens,
1654 4907 1886 4961 quarum
1940 4892 2061 4946 duae

485 5003 670 5060 aequas
722 4987 926 5041 habent
979 4985 1124 5041 vires
1163 5025 1180 5052 ,
1221 4994 1374 5056 putat
1409 4999 1469 5040 se
1515 4985 1789 5039 auditores
1823 4984 2063 5054 arripere

486 5096 584 5150 per
625 5080 856 5135 duarum
911 5092 1107 5133 vocum
1154 5077 1452 5132 secundum
1503 5077 1866 5147 signiﬁcatum
1918 5092 2065 5130 com-

489 5176 826 5241 munionem,
882 5173 955 5226 ita
1003 5180 1063 5225 ut
1113 5171 1328 5225 tertiam
1383 5168 1526 5225 idem
1575 5169 1886 5241 signiﬁcare
1920 5170 2064 5224 arbi-

403 5311 408 5320 ,
489 5277 725 5324 trentur.
771 5266 1041 5333 Quoniam
1087 5264 1232 5320 enim
1288 5261 1514 5318 facturae
1563 5271 1618 5318 et
1664 5270 1932 5317 creaturae
1969 5277 2063 5332 ap-

492 5361 732 5428 pellatio,
783 5359 839 5414 id
879 5357 1024 5428 quod
1075 5355 1280 5411 factum
1331 5363 1416 5411 est
1466 5363 1621 5411 extra
1662 5366 1914 5410 naturam
1945 5355 2067 5422 ejus

492 5447 585 5516 qui
623 5447 751 5502 fecit
801 5463 923 5503 esse
970 5447 1334 5513 demonstrat,
1383 5445 1470 5500 his
1505 5459 1693 5499 vocem
1733 5444 1828 5496 τοῦ
1876 5443 2067 5514 γεννή-

493 5553 664 5607 ματος
691 5536 1000 5608 [genitum]
1032 5537 1253 5610 adaptat
1274 5582 1291 5607 ,
1325 5550 1382 5593 ut
1410 5539 1517 5596 hoc
1539 5536 1700 5593 etiam
1716 5551 1913 5592 nomen
1945 5549 2067 5590 cum

562 5695 612 5726 "
640 5691 781 5747 Psal.
815 5706 933 5747 xm.
961 5691 1018 5746 5.

2159 4606 2486 4681 δυναμοῦσιν
2507 4604 2564 4656 αἱ
2579 4602 2671 4656 δύο
2686 4618 2699 4631 ·
2727 4595 3095 4668 συναρπάζειν
3117 4591 3286 4644 οἴεται
3305 4588 3428 4648 τοὺς
3444 4581 3743 4640 ἀκούοντας

2161 4703 2248 4757 διὰ
2282 4675 2381 4769 τῆς
2412 4697 2520 4749 τῶν
2548 4693 2642 4748 δύο
2693 4688 2885 4761 φωνῶν
2931 4682 3072 4738 κατὰ
3107 4683 3170 4735 τδ
3204 4675 3598 4749 σημαινόμενον
3621 4687 3744 4769 mf:-

2167 4759 2381 4855 νωνίας,
2405 4790 2466 4843 τὸ
2504 4786 2600 4841 καὶ
2619 4759 2715 4855 τὴν
2746 4781 2936 4853 τρίτην
2964 4775 3222 4836 ὡσαύτως
3248 4768 3476 4824 οἴεσθαι.
3525 4759 3745 4855 Ἐπειδὴ

2168 4889 2275 4959 γὰρ
2306 4852 2458 4956 ἠ-τοῦ
2480 4852 2782 4950 ποιήματος
2811 4872 2905 4927 καὶ
2935 4868 3230 4937 κτίσματος
3253 4857 3590 4959 προσηγορία
3637 4852 3746 4959 ἔξω

2278 4974 2370 5030 τοῦ
2397 4969 2754 5041 πεποιηκότος
2782 4964 2994 5033 φύσεως
3025 4956 3162 5011 εἶναι
3185 4955 3244 5008 τὸ
3266 4950 3629 5019 πεποιημένον
3656 4946 3748 4998 ὲν-

2168 5071 2461 5129 δείκνυται,
2505 5061 2806 5135 προσάπτει
2836 5054 3046 5116 τούτοις
3080 5044 3176 5122 τὴν
3215 5047 3396 5118 φωνὴν
3419 5042 3515 5097 τοῦ
3555 5039 3755 5110 γεννή-

2175 5178 2341 5235 ματος
2360 5177 2372 5190 °
2405 5158 2480 5220 ὼς
2518 5155 2581 5209 ἂν
2611 5153 2702 5206 καὶ
2717 5149 2873 5205 τοῦτο
2890 5147 3002 5206 τοῖς
3021 5139 3440 5215 προειρημένοις
3473 5149 3752 5204 συνερμη-

2171 5223 2398 5308 νεύοιτο.
2435 5243 2594 5298 Ἀλλά
2608 5243 2668 5296 τὸ
2683 5238 2922 5295 τοιοῦτον
2947 5232 3088 5298 εἶδος
3115 5233 3209 5286 τοῦ
3227 5232 3385 5298 λόγου
3413 5223 3750 5294 κακουργία,

2172 5345 2266 5399 καὶ
2304 5340 2486 5410 ἀπάτη
2535 5336 2628 5389 καὶ
2669 5329 3002 5404 φενακισμὺς
3033 5323 3388 5396 ὀνομάζεται,
3421 5319 3484 5372 ού
3514 5332 3755 5410 πεφρονῗ

2172 5435 2400 5506 τισμένη
2445 5406 2542 5484 καὶ
2578 5425 2798 5498 τεχνικὴ
2825 5440 2908 5486 τις
2950 5417 3238 5482 ἀπόδειξις.
3269 5413 3424 5483 Μόνη
3455 5410 3563 5480 γὰρ
3663 5406 3757 5506 διὰ

2176 5501 2287 5585 τῶν
2307 5501 2566 5600 ὁμόλογον
2576 5523 2752 5596 μένων
2778 5514 3085 5592 φανεροῦσα
3114 5511 3174 5567 τὸ
3205 5507 3398 5580 ἀγνυυύ
3407 5521 3589 5579 μενον,
3612 5501 3760 5557 ἀπό-
