3992 6210
274 198 380 259 661

1370 200 1647 257 CONTRA
1678 201 2075 271 EUNOMIUM,
2116 204 2242 260 LIB.
2285 206 2376 262 IV.

3438 209 3544 265 66‘!

268 315 443 410 δειξις
466 313 700 410 λέγεται.
726 315 821 410 ΤὸΔ
838 315 915 410 δὲᾼ
936 315 1401 410 παραλογίζεσθαι
1421 319 1509 374 διὰ
1530 322 1859 393 κακουργίας

1968 323 2240 394 praedictis
2287 325 2474 380 eadem
2499 324 2950 397 interpretatione
2969 324 3410 397 comprehendat.
3436 325 3547 383 Sed

274 411 374 462 καὶ
389 406 751 460 ὑποκλέπτειν
775 406 865 460 τὸν
890 406 1131 479 ἔλεγχον,
1152 410 1245 463 καὶ
1261 406 1477 480 συγχεῖν
1508 413 1565 465 ὲν
1593 414 1715 476 ταῖς
1738 415 1862 466 ἑπι-

273 495 521 560 πολαίοις
551 496 790 561 ἀπάταις
824 495 923 567 τὴν
968 497 1208 552 διάνοιαν
1247 498 1375 566 τῶν,
1415 499 1594 565 καθώς
1628 517 1793 574 φησιν
1834 504 1863 555 ὁ

288 586 639 651 ’Δπόστολος,
662 588 1126 660 κατεφθαρμένων
1151 591 1242 645 τὸν
1256 590 1400 655 νοῦν,
1429 593 1530 646 οὐκ
1555 594 1620 648 ἄν
1642 611 1725 659 τις
1752 595 1860 652 τῶν

280 678 701 750 σωφρονούντων
733 679 1008 745 ἀπόδειξιν
1032 684 1285 754 τεχνικὴν
1306 685 1646 756 ὀνομάσειεν.

1968 414 2092 468 talis
2123 414 2332 485 species
2364 418 2635 474 sermonis
2666 418 2893 482 malitia,
2919 428 2973 474 et
2997 417 3148 472 fraus
3171 417 3544 487 etimpostura

1970 506 2308 570 nominatur,
2352 522 2462 562 non
2504 510 2801 579 prudenter
2840 518 2895 565 et
2943 519 3202 564 accurate
3238 507 3543 579 excogitata

1964 606 2019 653 et
2049 599 2345 654 artiﬁciosa
2368 600 2799 670 demonstratio;
2833 602 2951 658 sola
2979 602 3123 658 enim
3149 617 3268 672 quae
3289 617 3355 656 ex
3379 602 3545 657 certis

1966 697 2026 747 et
2064 692 2349 749 concessis
2408 699 2466 749 et
2503 693 2674 762 notis,
2734 695 2793 751 id
2853 695 3002 764 quod
3055 696 3343 765 ignoratur
3397 694 3546 749 clare

278 771 460 838 docet,
487 772 884 832 demonstratio
913 778 1141 844 dicitur,
1176 780 1270 837 sed
1301 797 1397 851 per
1427 783 1692 839 malitiam
1729 782 1866 839 falsa
1908 788 2384 858 argumentatione
2429 790 2508 846 uti
2567 798 2623 847 et
2692 790 2976 860 surripere
3023 798 3428 860 argumentum,
3492 798 3547 844 et

277 867 671 934 apparentibus
700 867 934 926 fallaciis
996 871 1333 929 confundere
1375 874 1786 946 intelligentiam
1822 891 2034 944 eorum,
2079 878 2195 948 qui,
2244 887 2303 934 ut
2347 880 2425 935 ait
2460 880 2754 950 Apostolus
2782 880 2826 911 “
2850 883 2890 946 ‘,
2924 889 3158 934 mentem
3192 878 3545 947 depravatam

277 966 333 1012 et
366 958 673 1029 improbam
709 960 934 1028 habent,
968 964 1155 1021 nullus
1191 980 1381 1022 eorum
1416 968 1509 1037 qui
1541 968 1786 1026 modeste
1823 972 2040 1042 sapiunt
2067 972 2419 1029 artiﬁciosam
2459 973 2979 1029 demonstrationem
3014 971 3335 1028 nominarit.

361 1053 522 1108 Ἀλλὰ
550 1054 686 1125 πρὸς
713 1055 811 1128 τὴν
851 1057 1201 1114 ἀκολούθειαν
1230 1061 1594 1135 μετέλθωμενι
1636 1067 1861 1136 Ἀμεσί-

277 1160 493 1201 τουτον
515 1145 584 1200 δέ
612 1163 804 1216 φησιν
828 1145 980 1206 εἶναι
1013 1151 1123 1222 τῆς
1155 1155 1371 1222 οὐσίας
1412 1156 1525 1226 τὴν
1551 1157 1858 1228 γέννησιν,

281 1236 386 1291 καί
414 1238 743 1309 ἀμερίστως
770 1240 978 1303 σώζειν
1003 1244 1120 1312 τὴν
1149 1246 1299 1315 πρὸς
1331 1248 1435 1302 τὸν
1465 1251 1861 1319 γεγεννηκότα

279 1327 380 1382 καί
406 1328 747 1396 ποιήσαντα
789 1333 890 1388 καὶ
923 1335 1214 1391 κτίσαντα
1257 1339 1497 1408 σχέσιν.
1532 1342 1595 1394 Et
1639 1342 1736 1413 μὲν
1767 1339 1863 1397 οὖν

275 1419 336 1473 τὸ
367 1420 670 1493 άμέριστόν
693 1441 753 1478 τε
794 1425 898 1482 καὶ
930 1427 1280 1497 ἀμεσίτευτον
1329 1430 1496 1486 εἰπὼν
1523 1433 1622 1503 τῆς
1650 1436 1857 1502 οὐσίας,

273 1510 333 1560 ἐν
375 1509 556 1581 τούτῳ
592 1511 686 1564 τὸν
732 1512 887 1581 λόγον
919 1512 1167 1585 ἔστησεν,
1207 1516 1308 1571 οὐκ
1348 1517 1416 1572 ἂν
1457 1519 1555 1590 τῆς
1605 1521 1860 1587 εὐσεϐοῦς

278 1599 989 1701 ὑπολήψεως-παρετράπη,
1023 1607 1146 1701 ἐπεὶ
1185 1610 1276 1663 καὶ
1314 1611 1445 1682 παρ’
1486 1612 1643 1683 ἡμῶν
1675 1613 1861 1685 ὀμολο-
1895 1646 1936 1701 Β

272 1695 455 1760 γεῖται
491 1693 589 1748 τοῦ
616 1695 748 1749 Υἱοῦ
780 1696 840 1750 τὸ
869 1698 1006 1769 πρὸς
1035 1699 1128 1754 τὸν
1158 1702 1377 1773 Πατέρα
1404 1706 1638 1774 συναφές
1666 1724 1725 1759 τε
1768 1707 1863 1761 καὶ

274 1783 669 1852 άμεσίτευτονο
702 1784 779 1849 ὡς
821 1786 987 1858 μηδὲν
1034 1783 1171 1842 εἶναι
1217 1789 1280 1843 τὸ
1318 1791 1407 1845 διά
1454 1792 1618 1863 μέσου
1659 1794 1864 1849 τούτων

274 1877 755 1947 παρενειρόμενον,
808 1878 839 1931 δ
888 1880 1089 1950 μεταξὺ
1131 1872 1232 1952 τῆς
1278 1883 1374 1937 τοῦ
1412 1882 1542 1938 Υίοῦ
1592 1885 1727 1956 πρὸς
1770 1887 1861 1941 τὸν

274 1966 503 2037 Πατέρα
550 1969 841 2037 συναφείας
897 1970 1246 2041 εὑρίσκεται,
1305 1974 1381 2047 μὴ
1440 1978 1861 2049 διαστηματικόν

270 2075 325 2112 τι
348 2059 554 2130 νόημα,
589 2059 664 2131 μὴ
701 2061 831 2115 αὐτὸ
866 2061 927 2114 τὸ
952 2063 1154 2136 ἀκαρές
1184 2082 1245 2119 τε
1283 2067 1377 2121 καὶ
1419 2067 1640 2140 ἄτομον,
1668 2069 1698 2123 ὃ
1737 2071 1859 2143 διχῆ

272 2150 616 2220 τεμνομένου
659 2150 755 2206 τοῦ
785 2152 1000 2224 χρόνου,
1043 2155 1123 2226 τῷ
1164 2157 1515 2228 παρῳχηκότι
1551 2176 1612 2212 τε
1653 2159 1746 2213 καὶ
1783 2160 1862 2231 τῷ

274 2239 554 2309 μέλλοντι,
590 2242 732 2297 κατά
757 2243 817 2296 τὸ
843 2243 1072 2309 ἐνεστὼς
1100 2246 1324 2318 άμερῶς
1366 2247 1452 2317 ἐφ’
1491 2249 1686 2304 ἑαυτοῦ
1723 2253 1862 2305 νοεῖ-

272 2346 386 2393 ται,
412 2330 544 2384 οὔτε
588 2330 683 2385 τοῦ
734 2336 1142 2405 παρῳχηκότος,
1189 2335 1314 2391 οὔτε
1361 2338 1644 2408 μέλλοντος
1697 2341 1861 2412 μέρος

271 2418 531 2487 γενέσθαι
556 2420 868 2493 δυνάμενον,
894 2423 982 2477 διὰ
1022 2426 1082 2479 τὸ
1111 2420 1250 2480 εἶναι
1288 2427 1514 2481 καθόλου
1545 2429 1861 2485 ἀδιάστατόν

271 2527 332 2562 τε
362 2512 463 2565 καὶ
508 2511 733 2581 ἄτομον,
780 2514 876 2568 καὶ
915 2514 1052 2586 ὅπερ
1092 2516 1160 2569 ἂν
1198 2518 1489 2589 προστεθῇ,
1518 2520 1855 2591 άνεπίδηλον.

272 2600 348 2653 Th
373 2596 468 2655 οὖν
493 2600 748 2674 καθαρῶς
778 2602 1002 2674 άμεσον,
1031 2604 1204 2660 οὐδενὶ
1230 2606 1454 2679 τοιούτῳ
1484 2608 1859 2678 μεσιτεύεσθαι

269 2693 530 2765 λέγομεν.
568 2695 646 2749 Οὐ
690 2695 799 2767 γάρ
839 2694 905 2749 ἂν
951 2695 1035 2750 ἔτι
1074 2696 1278 2767 ἄμεσον
1309 2698 1404 2771 εἴη
1449 2699 1512 2752 τὸ
1539 2699 1718 2771 ’μέσῳ
1753 2701 1859 2754 τινὶ

267 2785 668 2857 διειργόμενον.
703 2787 765 2840 Et
806 2786 984 2842 τοίνυν
1028 2787 1280 2853 κακεῖνος
1324 2790 1674 2860 ἀμεσίτευτον
1720 2787 1859 2847 εἶναι

270 2877 448 2931 εἰπὼν
476 2878 571 2931 τοῦ
606 2876 734 2931 Υίοῦ
768 2878 869 2949 τὴν
891 2879 1160 2950 γέννησιν,
1205 2880 1369 2951 μηδὲν
1410 2880 1518 2935 τῶν
1557 2882 1858 2953 εἰρημένων

2038 1065 2144 1123 Sed
2175 1068 2243 1124 ad
2276 1083 2339 1125 ea
2370 1084 2492 1139 quae
2524 1075 2833 1139 sequuntur
2861 1076 3229 1122 transeamus.
3258 1063 3544 1119 [inmediu-

1966 1167 2078 1213 tam
2103 1168 2153 1214 et
2187 1160 2336 1214 nullo
2381 1161 2763 1215 intercurrente
2795 1157 2964 1213 medio
2996 1156 3335 1227 coniunctam
3368 1171 3544 1209 essen-

1967 1253 2054 1307 tia:
2081 1252 2468 1322 generationem
2499 1252 2729 1316 asserit;
2761 1259 2916 1321 atque
2969 1246 3369 1317 impartibilitcr
3420 1260 3539 1300 ser-

1966 1358 2089 1398 vare
2135 1360 2253 1397 cum
2286 1360 2346 1398 eo
2393 1344 2482 1413 qui
2517 1344 2695 1414 genuit
2729 1352 2781 1396 et
2837 1342 2927 1410 qui
2955 1340 3076 1408 fecit
3114 1348 3164 1393 et
3197 1338 3286 1407 qui
3342 1337 3540 1390 creavit

1966 1432 2291 1487 relationem.
2337 1432 2394 1488 Si
2425 1449 2549 1488 cum
2598 1430 2926 1501 impartibile
2964 1426 3221 1483 essentia:
3261 1431 3316 1479 et
3349 1424 3542 1478 imme-

1966 1526 2175 1581 diatum
2201 1526 2361 1591 dixit,
2406 1526 2460 1580 in
2491 1539 2556 1580 eo
2588 1538 2899 1579 sermonem
2931 1520 3171 1581 sisteret,
3210 1532 3321 1571 non
3368 1531 3398 1568 a
3450 1514 3538 1583 pia

1964 1626 2019 1673 et
2049 1617 2303 1688 religiosa
2356 1618 2615 1687 Opinione
2642 1615 2976 1678 deﬂecteret,
3015 1611 3143 1681 quia
3177 1609 3343 1664 etiam
3372 1622 3402 1661 a
3435 1622 3536 1661 no-

1966 1707 2050 1763 bis
2082 1708 2399 1763 conceditur
2417 1706 2540 1761 Filii
2568 1722 2692 1761 cum
2733 1705 2896 1759 Patre
2957 1700 3230 1759 connexio
3265 1706 3319 1755 et
3352 1700 3542 1753 imme—

1962 1797 2154 1860 diatio.
2187 1797 2314 1865 quia
2344 1797 2483 1852 nihil
2509 1796 2579 1851 sit
2614 1795 2758 1864 quod
2785 1809 2879 1863 per
2905 1793 3099 1847 horum
3129 1790 3366 1847 medium
3397 1788 3542 1843 inse-

1962 1898 2137 1953 ratur,
2172 1888 2315 1956 quod
2372 1888 2516 1943 inter
2548 1884 2673 1940 Filii
2729 1898 2854 1939 cum
2903 1881 3067 1937 Patre
3103 1879 3385 1949 compagis
3423 1878 3539 1933 sive

1961 1981 2320 2036 connexionis
2371 1978 2610 2035 medium
2666 1976 2994 2033 inveniatur.
3056 1971 3179 2026 Non
3246 1968 3536 2024 intervallo

1961 2073 2223 2129 distincta
2254 2070 2437 2139 notio,
2477 2083 2587 2124 non
2645 2067 2823 2138 ipsum
2883 2063 3171 2119 minimum
3229 2068 3281 2115 et
3339 2056 3539 2112 indivi-

1960 2165 2150 2229 duum,
2182 2161 2329 2233 quod
2363 2175 2540 2231 neque
2571 2157 2749 2215 secari
2776 2170 2954 2225 neque
3004 2151 3172 2208 dividi
3202 2149 3274 2204 ob
3325 2147 3536 2219 exigui-

1962 2266 2127 2312 tatem
2160 2265 2338 2327 potest
2363 2273 2379 2321 ;
2408 2270 2534 2310 cum
2559 2260 2774 2321 tempus
2794 2247 3047 2303 bifariam
3070 2243 3367 2304 dividatur,
3396 2255 3535 2310 prae-

1961 2350 2124 2405 terito
2155 2358 2211 2403 et
2242 2348 2449 2411 futuro,
2482 2358 2726 2416 pmsens
2781 2342 2837 2395 in
2892 2338 3076 2408 seipso
3138 2333 3539 2403 impartibiliter

1962 2440 2282 2510 intelligitur
2307 2436 2456 2508 quod
2486 2449 2660 2505 neque
2689 2430 2974 2502 praeteriti,
3008 2442 3184 2498 neque
3211 2423 3383 2480 futuri
3413 2437 3541 2493 pars

1960 2546 2089 2588 esse
2130 2538 2330 2601 potest,
2362 2529 2490 2599 quia
2530 2525 2680 2582 omni
2728 2521 3069 2579 dimensione
3099 2525 3304 2580 careat,
3361 2513 3541 2583 sitquo

1960 2623 2286 2677 continuum
2319 2627 2374 2674 et
2402 2615 2769 2681 individuum,
2802 2626 2863 2676 et,
2886 2605 3089 2682 siquid
3113 2606 3389 2678 adjectum
3424 2606 3540 2661 fue-

1958 2710 2507 2784 rit,inconspicuum.
2537 2705 2693 2773 Quod
2735 2703 2900 2774 igitur
2931 2713 3067 2771 pure
3117 2697 3282 2753 medii
3346 2712 3539 2767 expers

1959 2812 2071 2871 est,
2096 2802 2248 2858 nullo
2275 2800 2369 2857 tali
2427 2799 2832 2853 intercurrente
2869 2791 3049 2847 medio
3107 2789 3278 2845 dividi
3319 2796 3537 2859 potest;

1962 2910 2070 2951 non
2098 2894 2245 2950 enim
2275 2891 2512 2962 amplius
2543 2894 2691 2944 esset
2724 2885 2888 2941 medii
2913 2898 3129 2954 expers,
3164 2880 3309 2953 quod
3357 2880 3539 2950 aliquo

267 2969 573 3039 ἐπήνεγκε,
602 2969 702 3040 τὴν
729 2970 968 3035 εὐσεϐῶς
991 2972 1284 3045 νοουμένην
1313 2972 1410 3026 τοῦ
1452 2972 1580 3027 Υίοῦ
1607 2974 1743 3045 πρὸς
1768 2973 1858 3028 τὸν

1964 2986 2143 3042 medio
2173 2991 2486 3041 coercetur.
2519 2979 2578 3035 Si
2624 2978 2791 3050 igitur
2852 2977 2943 3032 ille
2970 2975 3063 3047 qui
3112 2988 3237 3029 cum
3267 2970 3405 3028 dixit
3434 2972 3541 3026 im-

268 3058 495 3130 Πατέρα
527 3061 819 3130 συνάφειαν
861 3062 1234 3134 ὲδογμάτιζεν.
1275 3066 1492 3137 Ἐπειδὴ
1524 3066 1581 3120 δὲ
1606 3065 1857 3138 καθάπερ

270 3149 677 3222 μεταμεληθεὶς
709 3153 795 3221 ἐφ’
821 3147 904 3218 οἷς
940 3154 1180 3226 εἴρηκεν,
1223 3154 1386 3220 εὐθὺς
1434 3157 1732 3229 ἐπήγαγεν,
1776 3158 1857 3211 ὅτι

264 3241 447 3304 Σώζει
476 3242 594 3311 τὴν
612 3244 760 3313 πρὸς
787 3243 895 3300 τὸν
918 3249 1317 3316 γεγεννηκότα
1346 3249 1443 3303 καὶ
1471 3250 1853 3318 πεποιηκότα,

268 3335 373 3389 καὶ
428 3337 726 3391 κτίσαντα
769 3338 1013 3407 σχέσιν,
1050 3340 1275 3411 ἐμόλυνε
1319 3343 1429 3405 τοῖς
1473 3342 1744 3414 δευτέροις
1788 3341 1858 3395 τά

271 3426 541 3498 πρότερα,
584 3427 662 3498 τῷ
708 3430 932 3501 καθαρῷ
982 3431 1124 3502 λόγῳ
1171 3432 1271 3503 τὴν
1316 3432 1631 3504 βλάσφημον
1675 3434 1856 3504 φωνὴν

268 3517 574 3587 ἐπεμέσας.
618 3518 787 3590 Δῆλον
814 3522 924 3593 γὰρ
964 3523 1048 3575 ὃτι
1073 3524 1232 3578 κάκεῖ
1273 3525 1333 3578 τὸ
1372 3525 1748 3596 ἀμεσίτευτον,
1793 3528 1854 3580 οὺ

270 3610 415 3680 πρὸς
445 3610 506 3663 τὸ
532 3611 755 3676 εὐσεϐὲς
785 3612 988 3683 βλέπει.
1022 3616 1159 3668 Ἀλλ’
1188 3617 1264 3681 ὡς
1285 3610 1351 3672 ἄν
1374 3632 1455 3683 τις
1480 3619 1626 3688 λέγοι
1655 3619 1854 3690 μεταξὺ

268 3701 367 3755 τοῦ
397 3701 530 3772 ἧλου
560 3705 654 3758 καὶ
697 3703 791 3759 τοῦ
828 3706 1071 3777 χαλκέως
1133 3709 1435 3781 μεσιτεύειν
1476 3712 1574 3783 τὴν
1612 3710 1851 3783 σφῦραν·

264 3790 480 3863 ταύτης
503 3793 560 3849 δὲ
598 3789 736 3848 εἶναι
768 3796 869 3868 τὴν
895 3799 1237 3872 κατασκευὴν
1278 3801 1650 3872 ἀμεσίτευτον.
1691 3802 1858 3857 Οὔπω

267 3886 385 3957 γὰρ
408 3886 519 3940 τῶν
544 3888 790 3960 ὀργάνων
819 3890 926 3945 ὑπὸ
952 3892 1051 3963 τῆς
1084 3892 1284 3965 τέχνης
1314 3893 1710 3967 ἐξευρημένων,
1734 3897 1855 3949 ἐπι-

268 3978 397 4050 νοίᾳ
423 3978 531 4033 τινὶ
559 3978 658 4053 τὴν
697 3980 907 4053 σφύραν
933 3983 1000 4037 δι’
1025 3985 1213 4054 ἑτέρου
1239 3986 1384 4050 τινος
1432 3985 1663 4058 ὀργάνου
1707 3988 1857 4058 παρὰ

266 4070 370 4125 τοῦ
406 4072 647 4142 τεχνίτου
676 4072 896 4145 πρώτην
930 4075 1201 4144 γενέσθαι,
1238 4078 1333 4129 καὶ
1366 4075 1507 4130 οὕτω
1540 4076 1627 4132 διὰ
1653 4080 1858 4150 ταύτης

267 4159 341 4214 τὰ
368 4159 529 4216 ἄλλα.
559 4160 743 4216 Ταῦτα
775 4166 868 4219 καὶ
898 4165 1025 4236 περὶ⁵
1048 4165 1141 4219 τοῦ
1167 4165 1505 4235 Μονογενοῦς
1534 4169 1674 4221 νοεῖν
1697 4168 1730 4239 ἡ
1761 4168 1855 4222 τοῦ

263 4254 673 4323 ἀμεσιτεύτου
709 4254 850 4323 λέξις
885 4256 978 4311 τὸν
1011 4257 1346 4328 λογογράφον
1375 4258 1723 4314 ἐνδείκνυται.
1748 4260 1856 4316 Καὶ

1963 3077 2255 3134 mediatam
2288 3089 2412 3131 esse
2441 3071 2562 3127 Filii
2584 3066 3158 3141 generationem,nihil
3190 3079 3388 3121 eorum
3418 3080 3541 3136 quae

1962 3170 2032 3224 ab
2057 3169 2176 3239 ipso
2204 3167 2348 3222 dicta
2383 3172 2512 3221 sunt
2571 3162 2869 3226 intulisset,
2931 3173 3050 3215 eam
3100 3172 3221 3227 qua:
3273 3158 3361 3228 pie
3411 3171 3538 3211 cum

1964 3264 2121 3315 Patre
2159 3256 2486 3328 intelligitur
2532 3254 2655 3310 Filii
2710 3250 3106 3309 eonnexionem
3136 3264 3239 3305 suo
3285 3248 3541 3318 dogmate

1961 3353 2390 3424 comprobasset.
2448 3346 2557 3404 Sed
2605 3345 2866 3417 quoniam
2900 3343 3049 3399 velut
3087 3341 3411 3412 ptenitentia
3441 3339 3539 3393 du-

1962 3456 2086 3503 ctus
2113 3445 2183 3500 ob
2208 3458 2272 3499 ea
2322 3457 2444 3513 qua:
2476 3438 2636 3504 dixit,
2689 3436 2956 3492 continuo
3017 3434 3321 3505 subjunxit,
3391 3433 3537 3501 quod

1963 3545 2144 3595 servat
2171 3549 2289 3592 cum
2315 3551 2375 3589 eo
2403 3535 2491 3606 qui
2522 3532 2722 3604 genuit,
2756 3537 2806 3584 et
2836 3528 2981 3598 fecit,
3016 3536 3065 3582 et
3121 3528 3315 3581 creavit
3337 3565 3353 3591 ,
3400 3524 3540 3577 rcta-

1964 3632 2175 3693 tionem,
2219 3625 2621 3698 posterioribus
2671 3621 2857 3692 priora
2918 3616 3333 3682 contaminavit,
3395 3621 3450 3669 et
3483 3613 3538 3669 in

1963 3730 2269 3774 sermonem
2302 3728 2497 3785 purum
2525 3710 2924 3781 blasphemiam
2965 3717 3021 3762 et
3073 3706 3295 3777 impiam
3351 3720 3537 3760 vocem

1960 3806 2221 3865 evomuit.
2294 3803 2652 3873 Perspicuum
2706 3800 2853 3856 enim
2912 3796 3025 3852 illic
3071 3795 3133 3851 τὸ
3186 3792 3540 3864 ἀμεσίτευτον

1962 3894 2424 3968 (immediatum)
2457 3909 2585 3950 cum
2633 3891 2793 3961 dixit,
2822 3906 2935 3949 non
2964 3888 3112 3960 quod
3142 3888 3293 3959 pium
3324 3893 3408 3941 est
3454 3901 3542 3941 re-

1963 3992 2194 4063 spicere,
2234 3987 2327 4045 sed
2363 3995 2425 4043 ut
2451 3985 2499 4042 si
2531 3985 2659 4055 quis
2686 3982 2894 4053 diceret
2924 3981 3068 4035 inter
3113 3979 3329 4034 clavum
3375 3983 3430 4031 et
3465 3992 3539 4032 te-

1962 4081 2168 4136 rarium
2197 4078 2410 4133 fabrum
2433 4075 2670 4133 medium
2702 4069 3038 4126 intervenire
3071 4068 3352 4130 malleum,
3377 4066 3540 4136 hujus

1962 4179 2142 4227 autem
2187 4176 2518 4226 structuram
2544 4175 2600 4221 et
2638 4163 3060 4220 fabricationem
3117 4158 3299 4215 medio
3327 4173 3536 4214 carere.

1960 4261 2211 4317 Nondum
2238 4260 2383 4316 enim
2413 4256 2795 4313 instrumentis
2824 4255 2893 4310 ab
2927 4259 3045 4308 arte
3068 4252 3306 4308 inventis
3366 4250 3541 4306 soler-

264 4346 332 4398 οὐ
367 4344 532 4415 μόνος
556 4346 613 4398 ὲν
637 4345 812 4418 τούτῳ
836 4347 1174 4418 πεπλάνηται
1202 4350 1344 4404 κατὰ
1373 4350 1471 4421 τὴν
1498 4352 1729 4406 ἀτοπίαν
1762 4351 1857 4406 τοῦ

1964 4353 2038 4408 tia
2066 4350 2302 4422 quadam
2362 4349 2619 4405 malleum
2650 4364 2748 4421 per
2803 4347 2953 4403 aliud
3003 4344 3281 4427 quoddam
3329 4344 3539 4401 instru-

268 4436 548 4505 δόγματος
573 4438 604 4490 ό
631 4436 894 4509 Εὑνόμιος
912 4451 926 4467 ’
953 4438 1068 4493 ἀλλ’
1092 4438 1209 4493 ἐστι
1255 4440 1350 4495 καὶ
1393 4442 1452 4496 ὲν
1482 4442 1596 4505 τοῖς
1619 4441 1862 4511 Θεογνώο

272 4541 392 4594 περ
422 4526 823 4597 πεπονημένοις
865 4528 926 4583 τὸ
964 4524 1082 4583 ἴσον
1107 4530 1319 4601 εὑρεῖνο
1362 4530 1422 4595 ὃς
1454 4547 1587 4602 φησι
1608 4531 1701 4586 τὸν
1729 4532 1862 4587 Θεὸν

273 4617 603 4688 βουλόμενον
649 4620 770 4673 τόδε
819 4620 883 4675 τὸ
917 4623 1025 4675 πᾶν
1071 4623 1500 4688 κατασκευάσαι,
1529 4623 1744 4694 πρῶτον
1770 4623 1862 4678 τὸν

276 4712 411 4765 ne»
438 4706 549 4765 οἷόν
584 4729 706 4767 τινα
734 4713 933 4768 κανόνα
974 4715 1073 4786 τῆς
1116 4715 1472 4787 δημιουργίας
1513 4717 1860 4789 προῦποστήο

277 4802 499 4858 σισθαι.
528 4804 663 4857 Οὐδὲ
701 4807 907 4870 ἐκεῖνος
931 4806 1152 4861 συνιδὼν
1176 4809 1234 4861 ἐν
1258 4807 1336 4878 τῷ
1358 4808 1502 4880 λόγῳ
1531 4809 1592 4862 τὸ
1626 4808 1855 4864 ἄτοπον

273 4896 365 4949 ὅτι
397 4894 459 4948 τὸ
493 4894 567 4967 μὴ
595 4896 789 4949 ἑαυτοῦ
813 4896 993 4967 χάριν,
1020 4897 1157 4953 ἀλλὰ
1195 4898 1261 4951 δι’
1303 4899 1430 4953 ἄλλο
1460 4916 1510 4952 τι
1542 4899 1859 4971 άτιμότερόν

276 4989 402 5040 ἔστι
428 4986 644 5051 πάντως
662 4988 757 5043 τοῦ
784 4988 851 5042 δι’
877 4988 906 5041 ὃ
931 4988 1158 5056 γίνεται,
1185 4988 1260 5054 ὡς
1286 4991 1348 5043 τὸ
1367 4990 1668 5062 γεωργικὸν
1696 4992 1857 5060 ὲργα·

278 5078 426 5132 λεῖον
448 5078 552 5149 τῆς
579 5078 724 5150 ζωῆς
767 5081 928 5153 χάριν
978 5083 1361 5154 ἐπιτηδεύομεν
1381 5096 1395 5112 ⁸
1417 5082 1480 5135 οὐ
1522 5081 1625 5152 μὴν
1665 5081 1860 5152 ἐπίσης

276 5174 510 5241 τιμᾶται
538 5175 603 5244 τῇ
645 5171 755 5245 ζωῇ
786 5175 879 5228 καὶ
911 5174 972 5229 τὸ
1008 5175 1255 5247 ἄροτρον.
1293 5174 1449 5229 Οὕτω
1480 5175 1655 5227 τοίνυν
1688 5174 1781 5227 καὶ
1812 5175 1861 5226 εί

274 5262 374 5316 διὰ
417 5264 513 5319 τὸν
555 5265 756 5336 κόσμον
793 5269 823 5322 ὀ
866 5266 1089 5340 Κύριος,
1137 5267 1233 5321 καὶ
1273 5267 1394 5336 οὐχὶ
1434 5266 1500 5318 δι’
1544 5267 1750 5321 ἐκεῖνον
1794 5266 1862 5320 τὰ

282 5354 487 5418 πάντα,
529 5358 896 5431 προτιμότερα
940 5359 1006 5413 ἂν
1058 5357 1147 5429 εἴη
1186 5356 1279 5412 τοῦ
1323 5356 1522 5430 Κυρίου
1566 5350 1863 5423 πάντα,ὧν

283 5446 448 5517 χάριν
464 5447 672 5503 ἐκεῖνον
696 5450 946 5519 γενέσθαι
967 5451 1201 5522 λέγουσι.
1224 5451 1395 5506 Τοῦτο
1424 5452 1517 5506 καὶ
1539 5451 1632 5505 νῦν
1655 5451 1742 5505 διὰ
1770 5451 1863 5504 τοῦ

1960 4451 2201 4500 mentum
2247 4443 2318 4499 ab
2349 4440 2560 4497 artiﬁce
2603 4441 2841 4511 primum
2874 4438 3080 4494 factum
3140 4452 3285 4503 esse,
3350 4445 3405 4491 et
3460 4436 3542 4492 sic

1958 4551 2055 4608 per
2083 4536 2229 4592 hunc
2252 4535 2378 4591 alia.
2411 4533 2537 4589 llaec
2563 4534 2631 4590 de
2656 4531 2948 4604 Unigenito
2983 4545 3184 4585 vanum
3216 4530 3363 4584 hunc
3401 4544 3541 4583 scrt-

1958 4639 2167 4701 ptorem
2193 4628 2493 4699 intelligere
2527 4626 2696 4682 dictio
2724 4621 3079 4696 ἀμεσιτεὺτου
3113 4620 3313 4691 (medio
3343 4634 3536 4673 caren-

1965 4722 2349 4800 tis)ostendit.
2381 4719 2491 4777 Nec
2555 4719 2707 4775 solus
2754 4717 2812 4771 in
2855 4716 2961 4771 hoc
2992 4729 3092 4785 per
3143 4712 3539 4769 absurditatem

1965 4813 2236 4884 dogmatis
2282 4814 2542 4882 deceptus
2588 4815 2675 4865 est
2721 4806 3089 4872 Eunomius,.
3126 4804 3224 4862 sed
3279 4804 3442 4860 etiam
3485 4801 3539 4856 in

1967 4902 2123 4959 libris
2154 4917 2185 4956 a
2212 4904 2560 4975 'l‘lieognosto
2585 4899 2914 4969 conscriptis
2994 4896 3126 4967 quid
3185 4895 3363 4952 simile
3417 4893 3543 4948 licet.

1966 4993 2230 5056 invenire,
2261 4991 2352 5061 qui
2382 4990 2514 5046 dicit
2539 4990 2706 5046 Deum
2744 4991 3015 5047 volentem
3052 4991 3156 5045 hoc
3220 4988 3535 5043 universum

1966 5092 2305 5149 construere,
2339 5084 2575 5155 primum
2613 5082 2809 5137 Filium
2866 5083 3015 5137 velut
3066 5079 3355 5151 quamdam
3413 5093 3543 5133 nor.

1969 5187 2111 5229 mam
2148 5173 2348 5244 opiﬁcli
2383 5176 2536 5245 prius
2561 5173 2937 5230 substituisse.
2981 5171 3092 5228 Nec
3120 5172 3211 5227 ille
3269 5172 3542 5226 sermonis

1969 5267 2132 5335 hujus
2162 5263 2550 5319 absurditatem
2585 5264 2872 5327 intellexit,
2903 5262 3050 5332 quod
3088 5276 3282 5332 nempe
3316 5276 3424 5316 non
3455 5266 3542 5316 est

1968 5360 2054 5415 sui
2079 5356 2252 5427 ipsius
2282 5355 2480 5424 gratia,
2515 5356 2609 5411 sed
2640 5366 2865 5425 propter
2903 5354 3053 5410 aliud
3084 5355 3343 5427 quiddam
3376 5355 3542 5410 vilius

1967 5457 2052 5505 est
2083 5462 2307 5518 prorsus
2329 5463 2395 5503 eo
2421 5454 2641 5517 propter
2672 5446 2818 5517 quod
2878 5445 3125 5514 eilicitur,
3158 5448 3309 5504 velut
3373 5444 3539 5501 rusti-

284 5534 448 5606 λόγου
462 5540 950 5606 “κατασκιυάξουσι
985 5542 1052 5597 δι’
1090 5536 1167 5599 ὧν
1212 5542 1566 5614 ἀμεσίτευτον
1611 5542 1754 5614 ἔχειν
1777 5542 1859 5597 τὸν

1970 5556 2096 5597 cum
2136 5537 2357 5610 aliquod
2392 5538 2814 5596 instrumentum
2852 5539 2974 5597 vitae
3026 5540 3198 5610 gratia
3253 5548 3537 5595 curamus.

369 5696 433 5726 ⁸⁵⁸
464 5694 626 5753 Rom.
660 5712 700 5763 ι,
732 5696 825 5764 29,
857 5697 945 5752 '50.
