3992 6210
441 261 548 318 633
1670 259 1726 314 S.
1756 257 2084 316 GREGORII
2119 259 2412 317 NYSSENI
3596 264 3705 322 665

440 393 550 434 non
587 385 767 433 tamen
799 377 916 448 pari
959 377 1167 432 honore
1201 373 1436 430 adicitur
1465 381 1708 431 aratrum
1732 393 1842 448 quo
1880 379 2011 433 vita.

2129 377 2244 433 Υἱὸν
2273 380 2371 449 τὴν
2419 379 2553 451 πρὸς
2593 377 2683 454 τὸν
2721 377 2978 432 κτίσαντα
3021 377 3115 430 καὶ
3148 377 3483 449 πεποιηκότα
3517 382 3709 450 σχέσιν

443 469 534 526 Sic
564 470 749 540 igitur.
807 469 854 521 si
915 477 1138 537 propter
1183 467 1446 522 mundum
1505 467 1771 524 Dominus
1819 478 1874 524 et
1911 485 2021 532 non

2129 470 2568 540 διισχυρίζονται.

443 569 664 631 propter
720 559 872 611 illum
926 559 1135 623 omnia,
1204 558 1412 616 honore
1462 559 1669 630 majore
1707 569 1894 617 essent
1940 561 2214 633 dignanda
2244 577 2407 633 quam
2455 560 2717 619 Dominus
2773 560 2956 615 omnia
3016 575 3248 631 quorum
3309 561 3482 631 gratia
3553 563 3708 617 illum

442 653 682 722 genitum
715 664 836 704 esse
863 659 1141 706 asserunt.
1173 650 1288 706 Hoc
1323 653 1486 707 etiam
1519 668 1667 708 nunc
1714 669 1813 725 per
1869 654 2016 710 hunc
2067 669 2374 711 sermonem
2441 661 2796 720 construunt,
2837 668 2947 723 quo
2979 652 3304 708 confirmant
3356 650 3556 708 Filium
3610 654 3712 707 ha-

442 742 569 797 bere
601 741 956 812 ἀμεσίτευτον
993 746 1008 806 (
1036 743 1448 814 immediatam)
1477 759 1602 799 cum
1643 761 1709 802 eo
1739 745 1834 817 qui
1883 761 2027 803 creat

2129 755 2172 803 et
2198 746 2328 802 fecit
2359 747 2701 802 relationem.

512 837 616 893 Sed
650 837 885 908 benigne
909 848 964 894 et
1002 841 1234 896 comiter
1250 840 1362 912 agit
1399 841 1455 894 in
1483 841 1732 911 reliquis,
1759 850 1813 897 et
1843 841 1977 897 dicit
2005 858 2019 896 :

2206 841 2369 896 Ἀλλά
2394 841 2895 914 φιλανθρωπεύεται
2918 843 3030 904 τοῖς
3051 838 3363 903 ὑπολοίποις
3390 837 3485 892 καὶ
3515 836 3680 907 φησίν
3696 853 3707 865 ο

442 927 573 982 Cum
610 928 755 983 nullo
785 945 964 984 eorum
998 947 1117 1001 qua:
1147 947 1239 1000 per
1277 932 1448 1002 ipsam
1471 941 1525 986 et
1552 942 1670 1000 post
1700 933 1837 988 hanc
1873 935 2022 1003 facta

2129 932 2340 990 Οὐδενί
2369 931 2488 987 τῶν
2521 932 2594 986 δι’
2624 931 2814 999 αὐτῆς
2839 931 2938 986 καί
2980 931 3106 1000 μετ’
3152 931 3347 1000 αὐτὴν
3377 928 3712 1000 γενομένων

443 1030 563 1074 sunt
587 1023 906 1090 comparari.
936 1021 1090 1076 Talia
1120 1021 1353 1077 Domino
1415 1023 1582 1079 veluti
1624 1025 1889 1082 satellites
1941 1025 2015 1081 fe-

443 1118 571 1165 runt
608 1119 664 1166 et
691 1111 1010 1167 ministrant
1037 1112 1286 1168 veritatis
1320 1113 1524 1169 inimici
1559 1129 1656 1182 per
1682 1131 1804 1185 qua:
1843 1115 2019 1170 mani-

446 1199 636 1256 festius
669 1200 1030 1270 blasphemia,
1063 1203 1116 1258 id
1154 1211 1258 1269 est,
1286 1204 1512 1275 impium
1542 1206 1840 1260 convitium
1883 1221 2017 1263 con-

446 1292 700 1344 struitur.
752 1290 848 1346 Dic
880 1293 1039 1359 mihi,
1073 1294 1336 1365 quidnam
1371 1303 1456 1352 est
1490 1312 1557 1352 ex
1610 1298 1836 1369 reliquis
1898 1315 2019 1372 qua:

446 1389 576 1435 sunt
608 1381 909 1438 secundum
941 1394 1270 1453 creaturam,
1302 1387 1448 1458 quod
1482 1402 1606 1444 cum
1654 1390 1828 1446 altero
1870 1405 2020 1446 com-

445 1478 784 1548 parationem
847 1477 1089 1532 habeat?
1146 1491 1272 1532 cum
1307 1479 1534 1534 omnino
1586 1480 1640 1534 in
1693 1496 2024 1553 unoquoque

445 1580 706 1640 appareat
746 1569 1086 1643 proprietas.
1141 1584 1264 1640 quae
1295 1585 1404 1626 non
1440 1580 1659 1642 appetat
1691 1587 1816 1628 cum
1859 1575 2024 1632 rebus

2123 1023 2574 1094 συγκρίνεσθαι.
2629 1021 2862 1076 Τοιαῦτα
2905 1021 3291 1094 δορυφοροῦσιν
3336 1021 3384 1074 oi
3431 1021 3532 1090 τῆς
3577 1019 3711 1088 άληο

2119 1115 2269 1178 θείας
2319 1113 2503 1187 ἐχθροὶ
2546 1113 2625 1184 τῷ
2667 1114 2877 1185 Κυρίῳ,
2927 1114 2993 1168 δι’
3034 1108 3111 1167 ὧν
3161 1110 3618 1183 περιφανέστερον
3679 1111 3714 1180 ή

2119 1204 2435 1276 βλασφημία
2485 1204 2961 1268 κατασκευάζεται.
3008 1205 3074 1258 Τί
3116 1203 3240 1274 γὰρ,
3276 1201 3398 1255 είπέ
3438 1219 3551 1272 μοι,
3595 1199 3706 1251 τῶν

2121 1298 2468 1364 ὑπολοίπων,
2516 1296 2616 1350 ὅσα
2672 1295 2815 1350 κατά
2867 1297 2966 1368 τὴν
3014 1295 3190 1350 κτίσιν
3240 1293 3376 1356 ἐστὶ,
3423 1290 3528 1360 τὴν
3580 1291 3715 1363 πρὸς

2120 1388 2306 1461 ἓτερον
2337 1387 2622 1460 σύγκρισιν
2655 1386 2798 1458 ἔχει;
2835 1387 3076 1440 Καθόλου
3106 1386 3204 1457 τῆς
3233 1385 3293 1438 ὲν
3338 1382 3556 1452 ἑκάστῳ
3589 1400 3716 1450 φαι-

2124 1480 2356 1551 νομένης
2387 1478 2664 1548 ἰδιότητος,
2705 1478 2766 1531 οὑ
2801 1475 3166 1549 προσιεμένης
3191 1476 3290 1546 τήν
3319 1473 3455 1546 πρὸς
3484 1475 3552 1527 τά
3595 1474 3717 1525 ἑτεο

2131 1574 2323 1643 ρογενῆ
2367 1569 2670 1624 κοινωνίαν.
2729 1569 2842 1622 Οὑκ
2884 1567 3100 1638 οὐρανῷ
3146 1567 3284 1638 πρὸς
3328 1567 3434 1636 γῆν
3480 1568 3630 1619 ἑστιν
3683 1568 3720 1636 ἡ

448 1666 514 1722 iis
549 1683 670 1738 qua:
712 1675 842 1723 sunt
897 1665 1098 1722 diversi
1132 1665 1351 1736 generis
1384 1668 1849 1724 communionem.
1904 1666 2022 1722 Non

2130 1663 2435 1734 σύγκρισις,
2465 1661 2526 1714 οὑ
2555 1659 2724 1731 ταύτῃ
2755 1659 2892 1730 πρὸς
2924 1659 3050 1722 τοὺς
3092 1658 3347 1730 ἀστέρας,
3375 1657 3436 1710 οὑ
3482 1656 3619 1728 πρὸς
3650 1658 3722 1708 τά

447 1772 571 1812 cum
613 1767 760 1814 terra
813 1759 954 1814 coelo
985 1765 1070 1814 est
1127 1757 1484 1828 comparatio,
1519 1775 1627 1814 non
1687 1768 1846 1816 terra:
1897 1772 2022 1813 cum

448 1849 641 1914 stellis,
678 1865 787 1905 non
841 1849 1118 1905 sideribus
1177 1863 1300 1903 cum
1336 1849 1498 1911 mari,
1535 1865 1644 1905 non
1699 1865 1854 1922 aqua:
1900 1863 2022 1905 cum

449 1939 647 2008 lapide,
678 1953 788 1993 non
823 1938 1152 1994 animalibus
1177 1954 1302 1995 cum
1335 1940 1650 2005 arboribus,
1695 1955 1806 1995 non
1852 1947 2028 1995 terre-

449 2031 656 2086 stribus
689 2046 811 2085 cum
844 2032 1180 2101 volatilibus,
1237 2047 1347 2089 non
1413 2033 1860 2106 quadrupedibus
1901 2046 2026 2086 cum

449 2123 786 2188 natatilibus,
817 2137 924 2176 non
961 2123 1138 2179 brutis
1180 2137 1307 2179 cum
1374 2124 1607 2181 rationis
1643 2123 2024 2195 participibus.

449 2213 514 2268 Et
539 2215 668 2284 quid
693 2228 920 2269 necesse
949 2215 1002 2269 in
1030 2214 1266 2285 singulis
1289 2225 1590 2272 morantem
1615 2217 1771 2286 plura
1797 2214 2028 2271 dicendo

449 2305 726 2374 persequi,
760 2312 816 2360 ct
855 2305 1146 2361 ostendere
1191 2305 1261 2363 de
1321 2307 1557 2379 singulis
1610 2307 1773 2363 rebus
1831 2305 2027 2363 creatis

449 2393 590 2446 idem
647 2406 809 2463 posse
846 2392 1006 2448 dici?
1059 2393 1217 2460 Quod
1271 2397 1493 2466 quidem
1555 2403 1616 2451 ut
1679 2397 1940 2452 eximium
1974 2406 2029 2452 et

450 2483 782 2554 praecipuum
825 2482 1117 2556 Unigenito
1156 2487 1464 2557 projectum
1509 2495 1616 2555 est,
1655 2472 1809 2558 quod.
1835 2503 2030 2558 nempe

449 2589 572 2628 cum
610 2575 760 2629 nullo
807 2590 995 2630 eorum
1057 2591 1176 2646 qua:
1218 2584 1340 2646 post
1378 2578 1579 2646 ipsum,
1615 2584 1670 2631 et
1723 2591 1818 2647 per
1849 2577 2027 2647 ipsum

453 2665 598 2721 facta
631 2675 761 2721 sunt
793 2669 1259 2738 comparationem
1292 2668 1511 2724 habeat.
1543 2667 1894 2724 Manifestum
1945 2675 2029 2724 est

450 2759 617 2824 enim,
653 2759 796 2828 quod
836 2759 1104 2830 quidquid
1128 2759 1426 2829 separatim
1449 2765 1505 2813 et
1534 2759 1589 2812 in
1629 2758 1813 2828 seipso
1842 2759 2030 2813 consi-

451 2848 763 2916 deraveris,
829 2865 930 2904 nec
980 2864 1104 2904 cum
1159 2849 1418 2904 universo
1458 2863 1558 2904 nec
1618 2864 1743 2903 cum
1800 2849 2028 2919 singulis

452 2939 721 2993 creaturis
754 2945 934 3007 potest
994 2937 1326 3006 comparari.
1369 2936 1435 2990 Et
1495 2935 1644 3008 quod
1681 2938 1737 2991 in
1789 2937 2030 3005 qualibet

2127 1755 2336 1826 πελάγη
2366 1755 2476 1817 τοῖς
2503 1754 2742 1824 ἄστροις,
2764 1752 2826 1806 οὑ
2857 1751 2992 1824 πρὸς
3029 1751 3119 1806 τὸν
3151 1751 3296 1804 λίθον
3322 1750 3403 1821 τῷ
3427 1749 3582 1804 ὕδατι
3601 1767 3616 1780 ·
3654 1751 3721 1802 οὑ

2125 1845 2260 1915 πρὸς
2296 1843 2366 1898 τά
2400 1843 2591 1915 δένδρα
2613 1847 2724 1909 τοῖς
2761 1843 2939 1910 ζώοις,
2981 1842 3043 1896 οὑ
3098 1841 3234 1914 πρὸς
3271 1841 3341 1896 τὰ
3385 1839 3566 1912 πτηνά
3607 1843 3725 1903 τοῖς

2125 1936 2423 2008 χερσαίοις,
2451 1935 2512 1990 οὑ
2538 1935 2672 2006 πρὸς
2701 1935 2768 1990 τὰ
2791 1934 2964 2008 νηκτά
2985 1937 3098 2000 τοῖς
3125 1935 3471 2006 τετράποσιν,
3495 1933 3557 1985 οὑ
3584 1932 3726 2003 πρὸς

2125 2027 2194 2081 τά
2221 2024 2414 2096 λογικά
2437 2029 2550 2091 τοῖς
2575 2026 2806 2096 ἀλόγοις.
2849 2026 2960 2081 Καὶ
2998 2026 3053 2079 τί
3094 2026 3159 2080 άν
3195 2042 3276 2089 τις
3309 2027 3437 2096 περὶ
3464 2024 3573 2079 τῶν
3596 2024 3726 2076 καθ’

2125 2118 2354 2171 ἑκαστον
2389 2116 2562 2185 λέγων
2599 2117 2893 2188 διατρίϐοι,
2939 2116 3153 2180 δεικνὺς
3194 2117 3276 2170 ὅτι
3324 2115 3524 2170 ταὺτόν
3579 2115 3729 2168 ἑστιν

2127 2209 2211 2278 ἐφ’
2236 2208 2466 2262 ἑκάστου
2506 2207 2615 2262 τῶν
2654 2210 2711 2262 ἑν
2754 2211 2818 2280 τῇ
2879 2209 3054 2264 κτίσει
3099 2209 3487 2281 θεωρουμένων
3509 2211 3728 2271 είπεῖν;

2130 2294 2306 2366 Ὅπερ
2350 2294 2424 2359 ὡς
2467 2295 2741 2367 ἐξαίρετον
2787 2295 2866 2367 τῷ
2914 2297 3207 2366 Μονογενεί
3252 2299 3619 2370 προσερρίφη,
3659 2298 3733 2351 τὸ

2128 2388 2265 2458 πρὸς
2295 2387 2459 2458 μηδὲν
2490 2387 2598 2441 τῶν
2647 2390 2762 2460 μετ’
2799 2389 2980 2457 αὑτὸν,
3033 2391 3133 2445 καὶ
3181 2391 3248 2445 δι’
3283 2392 3452 2446 αὑτοῦ
3488 2397 3733 2464 γεγενὴο-

2131 2477 2307 2546 μένων
2342 2477 2439 2549 τήν
2479 2477 2762 2548 σύγκρισιν
2812 2480 2975 2550 ἔχειν.
3023 2482 3258 2550 Φανερὸν
3293 2483 3402 2555 γάρ
3432 2485 3600 2551 ἑστιν,
3634 2487 3733 2540 ὅτι

2128 2568 2237 2621 πᾶν
2283 2567 2421 2638 ὅπερ
2469 2566 2536 2622 ἂν
2587 2569 2673 2637 ἐφ’
2737 2569 2947 2623 ἑαυτῶν
2993 2571 3213 2643 νοήσῃς,
3245 2572 3574 2644 άσύγκριτόν
3603 2574 3734 2626 ἔστι

2127 2657 2206 2728 τῷ
2246 2658 2407 2712 παντί
2433 2675 2490 2712 τε
2540 2660 2636 2714 καὶ
2671 2661 2782 2724 τοῖς
2836 2661 2958 2715 καθ’
2986 2662 3236 2719 ἑκαστον.
3291 2664 3400 2717 Καὶ
3449 2665 3586 2736 ὅπερ
3626 2665 3738 2720 ἐπὶ

2127 2746 2222 2800 τοῦ
2249 2749 2502 2819 τυχόντος
2524 2749 2819 2821 κτίσματος
2847 2751 3063 2823 ἀληθῶς
3087 2753 3233 2806 ἑστιν
3259 2755 3451 2815 εἰπεῖν,
3487 2755 3562 2818 ὡς
3592 2757 3728 2809 ίκα-

2129 2837 2218 2890 νόν
2249 2838 2545 2893 ἑστιτοῦτο
2572 2839 2665 2894 καὶ
2697 2839 2966 2912 αὔταρκες
2999 2843 3080 2906 είς
3105 2843 3270 2914 τιμὴν
3308 2846 3399 2897 καὶ
3435 2845 3615 2910 δόξαν,
3646 2846 3738 2917 τῷ

2132 2932 2412 2997 μονογενεί
2437 2929 2556 3000 Θεῷ
2596 2931 2747 3004 παρά
2776 2933 2886 2987 τῶν
2923 2933 3130 3005 ἑχθρῶν
3163 2935 3260 3005 τῆς
3302 2935 3561 3007 ἀληθείας
3589 2937 3738 2991 ἀπο-

453 3038 706 3084 creatura
737 3043 922 3084 verum
954 3028 1278 3094 estdicere,
1320 3028 1426 3084 hoc
1475 3027 1622 3084 velut
1674 3027 1927 3084 idoneum
1976 3037 2027 3084 et

2133 3017 2447 3090 κληροῦται.
2475 3019 2585 3073 Καὶ
2616 3020 2841 3076 τοιαῦτα
2879 3025 3314 3090 κατασκευάσας,
3337 3024 3499 3081 πάλιν
3527 3029 3588 3080 ἑν
3610 3030 3740 3090 τοῖς

455 3119 730 3174 suiiiciens
759 3117 826 3172 ad
879 3117 1142 3186 honorem
1178 3128 1233 3174 et
1287 3117 1539 3189 gloriam,
1592 3118 1867 3190 unigenito
1922 3115 2035 3172 Deo

456 3209 524 3263 ab
567 3207 806 3264 inimicis
834 3209 1082 3264 veritatis
1122 3209 1455 3280 assignatur.
1488 3207 1613 3264 Haec
1652 3219 1706 3264 et
1752 3208 2033 3279 ejusmodi

455 3315 583 3355 cum
617 3299 910 3368 adstruxit,
936 3300 1003 3356 de
1037 3310 1236 3356 caztero
1266 3301 1522 3358 inanibus
1554 3301 1730 3372 ipsum
1747 3307 1908 3371 auget
1938 3299 2037 3355 bo-

457 3391 702 3454 noribus,
733 3391 1022 3445 hominum
1052 3399 1108 3447 et
1162 3390 1515 3464 Unigenitum
1580 3391 1882 3463 appellans,
1938 3391 2034 3447 sed

456 3499 525 3538 ne
549 3499 644 3553 per
677 3483 794 3537 haue
818 3483 1042 3537 nomina
1072 3483 1255 3553 aliqua
1284 3483 1372 3553 pia
1401 3482 1762 3554 intelligentia
1793 3489 1849 3538 et
1881 3483 2033 3554 cogi-

456 3577 591 3630 tatio
625 3574 970 3630 auditoribus
997 3574 1369 3646 ingeneretur,
1417 3574 1564 3630 illico
1595 3574 1684 3630 his
1717 3574 2036 3630 honoratio-

459 3667 612 3722 ribus
648 3663 1112 3736 appellationibus
1140 3665 1484 3736 blasphema,
1520 3665 1577 3722 id
1616 3674 1723 3733 est,
1765 3665 1931 3737 impia
1979 3671 2034 3720 et

459 3756 798 3812 exsecranda
831 3757 996 3812 verba
1052 3757 1348 3812 immiscet.
1395 3757 1475 3812 Ita
1531 3756 1636 3814 fert
1693 3765 1874 3814 autem
1913 3757 2034 3828 ejus

454 3847 634 3902 oratio
661 3865 674 3900 :
713 3844 923 3914 Utpote,
956 3847 1156 3917 inquit,
1185 3863 1305 3901 cum
1333 3863 1494 3919 neque
1523 3848 1751 3902 essentia
1783 3857 2032 3918 generata

454 3938 702 4008 cuiquam
750 3937 912 3992 alteri
960 3937 1133 3991 locum
1164 3938 1233 3991 ad
1285 3938 1704 3993 communionem
1771 3937 2033 4007 relinquat

457 4029 768 4100 (uuigenita
803 4029 944 4083 enim
985 4029 1096 4099 est)
1125 4070 1140 4095 ,
1184 4044 1346 4099 neque
1376 4028 1490 4099 ejus
1517 4031 1608 4100 qui
1645 4029 1771 4098 fecit
1804 4044 2032 4083 commu-

456 4121 538 4175 nis
582 4123 815 4191 operatio
870 4131 1136 4177 cernatur.
1170 4120 1215 4178 Ο
1274 4123 1700 4178 contumeliam!
1769 4132 1830 4178 ιιι
1890 4123 2033 4179 inter

458 4212 650 4268 brutos
679 4222 730 4267 et
755 4212 1048 4278 belluinos,
1078 4213 1164 4271 vel
1194 4214 1422 4270 insanos
1470 4222 1525 4270 ct
1582 4214 1763 4271 fatuos
1803 4215 2030 4270 concio-

2138 3110 2449 3175 ὑπολοίποις
2476 3113 2596 3176 ταῖς
2625 3111 2892 3180 διακένοις
2929 3115 3090 3170 αὑτὸν
3120 3117 3482 3188 ἀποσεμνύνει
3509 3123 3736 3191 τιμαῖς,

2135 3202 2340 3274 Κύριον
2381 3203 2476 3257 καὶ
2507 3206 2786 3278 Μονογενῆ
2827 3206 3162 3279 προσειπών·
3189 3209 3303 3263 ἀλλ’
3328 3214 3403 3274 ὼς
3435 3211 3502 3265 ἂν
3537 3213 3611 3282 μή
3644 3229 3740 3275 τις

2136 3294 2364 3366 εὐσεϐὴς
2389 3295 2595 3350 διάνοια
2639 3297 2726 3352 διὰ
2767 3298 2876 3353 τῶν
2917 3299 3196 3371 ὀνομάτων
3215 3301 3415 3356 τούτων
3440 3291 3553 3367 τοῖς
3586 3306 3736 3374 ἀκη-

2137 3385 2316 3439 κοόσιν
2341 3386 2638 3455 ἑγγένοιτο,
2673 3389 2839 3454 εὐθὺς
2878 3392 3244 3462 καταμίγνυσι
3283 3397 3394 3458 τοῖς
3427 3395 3737 3466 εὐσηματέ-

2139 3493 2250 3547 ροις
2281 3477 2350 3531 τά
2379 3477 2692 3552 βλάσφημα.
2731 3482 2886 3553 Ἔχει
2916 3483 2974 3536 δὲ
3005 3481 3178 3547 οὑτως
3208 3485 3240 3556 ἡ
3278 3484 3589 3549 λέξις·”Ατε
3620 3485 3732 3553 δὴ,

2135 3567 2290 3637 φησι,
2314 3567 2468 3636 μήτε
2519 3568 2632 3638 τῆς
2671 3571 3064 3640 γεννηθεισης
3122 3574 3337 3640 οὐσίας
3382 3572 3562 3643 ἑτέρῳ
3608 3577 3733 3629 τινὶ

2133 3655 2336 3727 χώραν
2372 3661 2460 3726 είς
2491 3661 2812 3714 κοινωνίαν
2843 3665 3342 3732 καταλειπούσης,
3383 3665 3735 3736 μονογενὴς

2134 3749 2264 3821 γὰρ,
2289 3750 2444 3821 μήτε
2476 3749 2584 3819 τῆς
2628 3752 2736 3806 τοῦ
2771 3753 3137 3822 ποιήσαντος
3177 3756 3477 3826 ἐνεργείας
3514 3756 3734 3825 κοινῆς

2135 3843 2562 3913 θεωρουμένης.
2597 3844 2663 3897 Ὢ
2721 3845 2820 3916 τῆς
2877 3844 3115 3916 ὑὸρεωςί
3161 3847 3237 3912 ὡς
3309 3851 3367 3901 ἑν
3415 3849 3635 3919 ἀλόγοις
3696 3851 3730 3921 ἢ

2132 3934 2381 4006 ἀνοήτοις
2411 3935 2759 4008 δημηγορῶν,
2791 3932 2869 4002 οἷς
2921 3937 3020 3992 οὑκ
3054 3938 3170 3994 ἐστι
3217 3939 3450 4006 σύνεσις,
3483 3944 3605 3995 κατ’
3635 3941 3733 4007 ἑξ-

2132 4025 2320 4080 ουσίαν
2350 4025 2438 4080 διὰ
2474 4026 2581 4081 τῶν
2606 4027 2865 4083 ἐναντίων
2899 4030 3150 4102 περιάγει
3179 4033 3268 4087 τὸν
3301 4033 3486 4102 λόγον·
3520 4035 3733 4105 μᾶλλον

2131 4119 2189 4174 δὲ
2221 4120 2414 4176 ταύτὸν
2442 4121 2639 4193 πάσχει
2669 4124 2782 4186 τοῖς
2813 4123 3196 4194 ἐστερημένοις
3231 4124 3339 4179 τῶν
3370 4125 3567 4195 ὄψεων,
3601 4127 3731 4181 ἐπεὶ

2131 4212 2371 4266 κάκεῖνοι
2405 4210 2663 4276 πολλάκις
2693 4214 2751 4266 ἑν
2776 4211 3075 4284 ὀφθαλμοῖς
3100 4213 3210 4269 τῶν
3237 4214 3540 4285 βλεπόντων
3559 4217 3732 4286 ἀσχη-

458 4315 618 4360 natus
647 4306 848 4376 quibus
881 4321 989 4360 non
1021 4313 1106 4362 est
1141 4306 1523 4378 intelligentia,
1561 4322 1662 4378 pro
1724 4323 1827 4364 suo
1879 4310 2027 4365 arbi-

2135 4305 2385 4374 μονοῦσιο
2440 4304 2529 4359 διά
2574 4305 2636 4358 τὸ
2692 4304 2766 4376 μὴ
2823 4305 3040 4374 βλέπειν
3090 4307 3267 4372 αὑτοὶ,
3306 4308 3442 4379 μηδὲ
3487 4308 3728 4379 ὁρᾶσθαι

456 4397 562 4450 trio
591 4412 686 4466 per
706 4397 986 4451 contraria
1017 4412 1327 4454 sermonem
1358 4394 1698 4472 circumagit.
1731 4399 1845 4456 lmo
1897 4418 2027 4458 vero

2132 4373 2530 4468 ὑποτιθέμενοι.
2579 4373 2882 4469 Τίνος-γὰρ
2937 4397 3038 4451 οὑκ
3089 4397 3203 4452 ἔστι
3251 4373 3481 4453 σύνιδεῖν
3520 4373 3624 4469 τὴν
3665 4403 3726 4454 ἑν

454 4486 598 4540 idem
625 4487 672 4541 ei
707 4488 908 4542 accidit
934 4487 1081 4559 quod
1109 4489 1231 4544 visu
1263 4489 1514 4558 privatis,
1545 4491 1805 4561 quoniam
1848 4501 1904 4548 et
1950 4493 2028 4546 illi

455 4593 597 4648 stupe
625 4577 680 4634 in
716 4578 891 4635 oculis
917 4579 1260 4634 cernentium
1287 4579 1544 4634 indecore
1567 4595 1626 4635 se
1659 4589 1880 4652 gerunt,
1901 4583 2028 4651 quia

454 4683 630 4738 neque
656 4667 760 4738 ipsi
797 4667 1036 4734 videant,
1082 4683 1260 4738 neque
1313 4682 1373 4722 se
1430 4668 1604 4723 videri
1655 4670 2026 4738 suspicentur.

453 4757 587 4822 Quis
617 4758 762 4814 enim
800 4759 854 4812 in
886 4758 974 4814 his
1000 4773 1122 4828 qua;
1147 4759 1292 4814 dicta
1321 4765 1452 4814 sunt
1487 4773 1596 4814 ιιοιι
1637 4759 1784 4816 videt
1815 4769 2031 4814 contra-

454 4848 928 4914 rietatemiQuia'
949 4850 1021 4905 sit
1051 4858 1331 4921 generata,
1387 4850 1585 4921 inquit,
1627 4852 1888 4919 essentia,
1948 4853 2031 4908 lo—

451 4955 576 4994 cum
614 4942 738 4998 aliis
765 4942 835 4996 ad
884 4943 1326 4999 communionem
1360 4959 1471 4999 non
1501 4943 1802 5015 relinquit;
1838 4945 2029 5015 unige-

452 5031 564 5085 nita
592 5034 761 5088 enim.
795 5031 861 5086 Et
902 5033 1006 5087 hoc
1049 5033 1266 5090 locutus
1322 5043 1384 5089 ut
1437 5050 1585 5102 vera,
1629 5036 1713 5091 vel
1771 5035 1887 5106 ipse
1918 5051 2028 5091 non

452 5125 696 5192 intuens,
728 5127 813 5181 vel
842 5141 952 5181 non
981 5140 1182 5195 putans
1211 5143 1270 5182 se
1300 5127 1497 5194 videri,
1532 5143 1654 5200 qua:
1679 5129 1882 5182 nullam
1926 5128 2026 5183 ha-

452 5216 581 5272 bcnt
612 5235 734 5274 cum
766 5220 1042 5290 praedictis
1072 5221 1537 5287 communionem,
1570 5230 1631 5276 ut
1678 5223 1881 5293 Optime
1933 5237 2030 5279 co-

452 5308 712 5366 haerentia
759 5319 815 5366 et
853 5311 1049 5367 ordine
1108 5313 1464 5384 procedentia
1523 5312 1695 5379 addit,
1748 5312 2025 5385 Unigeniti

452 5403 704 5458 essentia:
733 5403 853 5473 ejus
875 5406 968 5476 qui
996 5404 1126 5461 fecit
1155 5405 1526 5476 operationem
1561 5407 2021 5463 accommodans:

454 5492 670 5560 genitus
695 5498 840 5550 enim
863 5513 984 5552 cum
1021 5513 1088 5553 eo
1113 5497 1205 5568 qui
1240 5498 1518 5568 genuit,ct
1554 5499 1882 5570 Unigenitus
1903 5513 2026 5553 cum

457 5576 616 5634 Patre
652 5596 719 5635 ex
749 5585 1139 5641 consecutione
1203 5587 1430 5643 omnino
1459 5589 1622 5644 habet
1682 5587 2023 5644 relationem.

459 5666 523 5724 Et
556 5671 648 5741 qui
677 5685 865 5728 verum
910 5675 1025 5730 vult
1059 5676 1262 5746 videre,
1321 5696 1429 5736 non
1470 5679 1697 5738 factoris
1749 5681 2024 5753 operatio-

2129 4490 2240 4552 τοῖς
2270 4487 2578 4559 εἰρημένοις
2607 4489 2987 4561 ὲναντιότητα;
3021 4490 3120 4544 Διά
3145 4490 3204 4543 τὸ
3235 4489 3579 4563 γεννηθῆναι,
3610 4509 3724 4564 φη-

2132 4577 2238 4643 σὶν,
2273 4580 2306 4648 ἡ
2355 4578 2514 4632 οὑσία
2547 4577 2727 4651 χώραν
2777 4581 2856 4644 είς
2902 4581 3182 4635 κοινωνίαν
3222 4582 3427 4651 ἑτέροις
3454 4585 3514 4637 οὑ
3549 4601 3723 4637 κατα-

2131 4665 2337 4720 λείπει·
2383 4667 2676 4738 μονογενὴς
2717 4668 2860 4739 γάρ⁸
2908 4671 3004 4722 καὶ
3041 4670 3199 4724 τοῦτο
3242 4670 3408 4726 είπὼν
3449 4671 3525 4736 ὡς
3578 4675 3724 4728 κατά

2129 4759 2404 4831 ἀλήθειαν,
2430 4760 2463 4832 ἢ
2493 4759 2568 4832 μὴ
2598 4760 2811 4831 βλέπων
2832 4762 3015 4827 αὑτὸς,
3041 4763 3073 4835 ἢ
3109 4764 3185 4835 μὴ
3211 4763 3444 4836 νομίζων
3463 4765 3721 4836 ὁρᾶσθαι,

2128 4849 2198 4904 τὰ
2243 4849 2512 4922 μηδεμίαν
2555 4850 2740 4922 ἔχοντα
2797 4853 3079 4906 κοινωνίαν
3121 4853 3199 4916 ὡς
3241 4853 3556 4924 ποιχοῦντα
3601 4859 3723 4920 τοῖς

2130 4941 2438 5014 εἰρημένοις
2487 4943 2843 5016 προστίθησι,
2900 4946 2967 5015 τῇ
3015 4943 3109 4998 τοῦ
3149 4944 3488 5014 Μονογενοῦς
3553 4947 3720 5015 οὐσίᾳ

2130 5036 2230 5106 τὴν
2283 5036 2377 5090 τοῦ
2422 5036 2779 5109 πεποιηκότος
2815 5039 3098 5110 ἑνέργειαν
3141 5039 3479 5110 ἐφαρμόσας.
3525 5040 3582 5092 '0
3609 5040 3722 5111 γὰρ

2131 5127 2408 5198 γεννηθεὶς
2460 5127 2596 5200 πρὸς
2645 5128 2736 5182 τὸν
2782 5129 3166 5199 γεγεννηκότα,
3207 5129 3300 5183 καὶ
3344 5131 3374 5183 ὁ
3413 5128 3723 5202 Μονογενὴς

2131 5219 2267 5289 πρὸς
2309 5219 2400 5272 τὸν
2441 5219 2661 5290 Πατέρα
2717 5219 2860 5275 κατά
2906 5220 2968 5273 τὸ
3016 5221 3304 5275 ἀκόλουθον
3349 5221 3566 5285 πάντως
3616 5221 3723 5293 τὴν

2127 5311 2404 5384 ἀναφορὰν
2442 5311 2576 5383 ἔχει·
2602 5313 2697 5366 καὶ
2741 5313 2876 5383 πρὸς
2922 5312 3021 5383 τὴν
3079 5312 3331 5383 ἀλήθειαν
3385 5313 3617 5384 βλέπων,
3653 5314 3721 5366 οὑ

2128 5404 2487 5475 πεποιηκότος
2516 5403 2815 5474 ἐνέργειαν,
2856 5403 2992 5457 ἀλλὰ
3041 5405 3399 5476 γεννήσαντος
3445 5403 3606 5475 φύσιν
3658 5405 3722 5458 ὲν

2128 5498 2192 5566 τῇ
2223 5495 2316 5548 τοῦ
2349 5492 2478 5548 Υίοῦ
2509 5493 2705 5565 θεωρεί
2735 5495 3033 5566 συστοιχίᾳ.
3075 5496 3134 5548 Ὀ
3162 5496 3220 5550 δὲ
3253 5495 3504 5568 καθάπερ
3534 5493 3725 5564 φυτῶν

2128 5586 2162 5658 ἦ
2199 5585 2560 5658 σπερμάτων,
2595 5586 2629 5658 ή
2669 5605 2812 5652 τινος
2859 5587 3019 5641 ἄλλου
3062 5586 3170 5641 τῶν
3217 5587 3358 5642 κατά
3399 5586 3498 5657 τὴν
3539 5584 3725 5640 κτίσιν

2134 5677 2508 5751 ἐπιμνησθεὶς,
2545 5679 2642 5752 τήν
2679 5678 2772 5734 τοῦ
2819 5679 3141 5752 ποιήσαντος
3172 5679 3449 5753 ἐνέργειαν
3479 5679 3549 5748 τῇ
3577 5677 3724 5731 ὑπο-
