3992 6210
224 241 325 296 665

1359 253 1636 310 CONTRA
1662 253 2048 322 EUNOMIUM,
2092 258 2220 312 LIB.
2263 258 2352 314 IV.

3395 265 3498 320 666

220 363 415 415 στάσει
445 361 540 448 τοῦ
568 363 905 430 Μονογενοῦς
947 367 1326 438 παρατίθησιν.
1367 368 1431 422 Et
1474 369 1572 440 μὲν
1596 371 1705 443 γὰρ
1732 369 1798 425 λί-

1918 389 2062 439 nem,
2095 375 2189 430 sed
2224 375 2492 445 genitoris
2532 383 2785 432 naturam
2834 378 2888 432 in
2920 372 3046 433 Filii
3104 377 3499 451 conjugatione

224 456 314 512 θος
336 454 370 524 ἤ
400 444 580 521 ξύλον,
613 455 646 526 ἢ
678 456 805 510 ἄλλο
829 475 880 510 τι
909 458 1150 513 τοιοῦτον
1178 462 1244 531 τῇ
1276 460 1479 534 θεωρίᾳ.
1507 461 1810 533 προέκειτοο

226 547 520 600 ἀκόλουθον
545 543 613 619 ἦν
641 553 982 618 προεπινοεῐν
1020 551 1119 622 τὴν
1154 551 1246 605 τοῦ
1278 554 1633 624 πεποιηκότος
1663 554 1816 626 ὲνέρ-

225 655 397 705 γειαν.
432 639 497 691 Εἰ
528 639 585 691 δὲ
617 640 1073 710 ὁμολογεῖταικαὶ
1105 644 1256 715 παρά
1283 643 1390 697 τῶν
1423 645 1756 700 ὑπεναντίων
1785 647 1814 699 ό

228 728 520 799 μονογενὴς
552 729 706 794 Θεὸς,
735 731 860 796 Υἱός
887 749 944 785 τε
981 729 1118 786 εἶναι
1151 735 1245 788 καὶ
1281 735 1537 807 γεννητὸς
1579 736 1814 807 ὑποστῆ-

223 837 337 873 ναι’
370 821 490 886 πῶς
519 823 852 894 ἀρμόζουσιν
882 827 938 879 αί
965 827 1129 880 αὐταὶ
1154 829 1328 898 φωναὶ
1361 829 1553 900 τούτῳ,
1583 831 1675 883 κοιλ⁵
1702 833 1813 894 τοῖς

218 913 328 964 τῶν
359 914 565 984 μορίων
609 916 708 986 τῆς
744 917 971 981 κτίσεως
1017 919 1302 988 ὲσχάτοις;
1350 921 1462 973 Καὶ
1503 921 1640 990 ὅπερ
1685 923 1814 992 περὶ

219 1004 314 1056 τοῦ
341 1004 654 1076 μύρμηκος,
682 1006 714 1077 ἦ
747 1006 839 1062 τοῦ
886 1007 1146 1075 κώνωπος
1175 1011 1391 1080 ἀληθῶς
1417 1010 1566 1065 ἔστιν
1602 1014 1776 1066 εἰπεῖν
1794 1029 1810 1046 ο

217 1094 381 1148 τοῦτο
410 1097 504 1150 καὶ
535 1099 662 1169 περὶ
695 1097 791 1152 τοῦ
825 1099 1028 1170 Κυρίου
1079 1101 1260 1170 λέγειν
1303 1103 1523 1166 εὐσεϐὲς
1552 1099 1690 1158 εἶναι
1727 1122 1813 1158 νο-

221 1184 499 1256 μίζουσιν.
542 1189 600 1242 El
642 1190 752 1260 γάρ
781 1208 864 1254 τις
903 1192 1208 1262 καταμάθοι
1241 1194 1340 1266 τὴν
1383 1194 1479 1248 τοῦ
1523 1195 1810 1267 μύρμηκος

218 1278 390 1347 φύσιν
420 1276 499 1343 οἷς
531 1280 718 1343 ίδιάζει
752 1282 888 1354 πρὸς
922 1284 990 1337 τά
1039 1284 1200 1338 λοιπά
1244 1285 1352 1341 τῶν
1393 1285 1566 1353 ζώων,
1607 1287 1707 1340 οὐκ
1744 1287 1812 1342 ἂν

216 1372 326 1439 ἔξω
363 1374 465 1444 τῆς
503 1373 758 1443 ἀληθείας
797 1376 939 1430 εἴποι
983 1378 1084 1448 τὴν
1120 1378 1214 1432 τοῦ
1256 1380 1612 1451 πεποιηκότος
1650 1382 1810 1436 αὐτὸν

216 1463 506 1534 ἐνέργειαν
546 1466 734 1538 κοινὴν
784 1467 918 1539 πρὸς
961 1469 1029 1522 τά
1073 1468 1208 1523 ἄλλα
1251 1469 1326 1540 μὴ
1371 1469 1712 1542 θεωρεῖσθαι.
1744 1473 1810 1525 "A

214 1556 395 1610 τοίνυν
418 1557 514 1610 ἐπὶ
549 1557 660 1610 τῶν
685 1560 940 1613 τοιούτων
985 1561 1220 1630 λέγεται,
1247 1563 1417 1617 ταῦτα
1465 1565 1559 1618 καὶ
1595 1567 1686 1619 ἐπὶ
1713 1566 1808 1620 τοῦ

213 1647 558 1717 Μονογενοῦς
585 1649 998 1720 ἀποφαίνονται·
1046 1656 1140 1707 καὶ
1178 1654 1427 1728 καθάπερ
1462 1659 1512 1710 οί
1547 1657 1808 1729 θηρεύον-

212 1755 304 1804 τες
332 1740 588 1808 λέγονται
622 1742 832 1813 βόθροις
859 1745 1001 1798 τισὶν
1031 1746 1432 1816 ὑπολαμϐάνειν
1462 1748 1568 1803 τῶν
1603 1749 1805 1820 θηρίων

211 1832 310 1904 τὴν
345 1833 612 1902 πάροδον·
657 1835 918 1905 κρύπτειν
945 1837 1001 1890 δὲ
1030 1837 1128 1909 τὴν
1163 1839 1450 1910 ἐπιϐουλὴν
1474 1840 1562 1893 διά
1591 1842 1806 1914 σαθρῶν

211 1939 374 1976 τινων
402 1924 502 1977 καὶ
535 1925 922 1980 άνυποστάτων
949 1926 1019 1980 τά
1049 1929 1290 2000 στόματα
1314 1929 1422 1982 τῶν
1449 1929 1656 2001 βόθρων
1689 1932 1808 1984 ἐπι-

209 2015 586 2080 καλύπτοντες
611 2056 626 2082 ,
680 2016 757 2080 ὡς
795 2016 860 2071 ἂν
909 2019 1178 2085 ὐπόπεδος
1221 2022 1462 2091 φαίνοιτο
1509 2021 1585 2094 τῷ
1625 2040 1804 2094 παρα-

209 2107 501 2179 κειμένῳό
519 2108 730 2182 βόθρος·
756 2109 990 2164 τοιοῦτόν
1005 2129 1057 2165 τι
1083 2115 1390 2183 μηχανᾶται
1408 2115 1546 2168 κατά
1573 2114 1681 2168 τῶν
1711 2116 1806 2168 ἀν-

209 2198 450 2269 θρὼπων
483 2201 516 2271 ἡ
545 2201 780 2272 αἵρεσις,
805 2202 896 2255 τὸν
925 2201 1116 2274 βόθρον
1149 2206 1248 2277 τῆς
1277 2205 1532 2270 ἀσεϐείας
1575 2206 1662 2260 διά
1695 2209 1807 2261 τῶν

208 2293 479 2362 εὐφήμων
509 2292 715 2347 τούτων
744 2294 838 2347 καὶ
867 2295 1105 2350 εὐσεϐῶν
1133 2297 1432 2368 ὀνομάτων,
1461 2294 1573 2352 οἷον
1609 2299 1694 2354 διά
1725 2317 1806 2352 τι-

207 2401 302 2447 νος
355 2384 674 2438 ἐπιπολαίου
723 2387 920 2457 στέγης
966 2389 1434 2457 ὲπικαλύπτουσα,
1489 2393 1630 2447 ὥστε
1680 2392 1806 2456 τοὺς

209 2476 592 2549 ἀλογωτέρους
630 2479 825 2534 ταύτὸν
849 2475 990 2534 εἶναι
1127 2481 1352 2555 ἀληθινῇ
1378 2483 1557 2537 πίστει
1591 2483 1654 2546 τὸ
1681 2483 1805 2536 τού-

207 2582 319 2620 των
348 2569 613 2638 κήρυγμα
648 2569 738 2623 διά
766 2571 866 2640 τῆς
907 2570 1015 2624 τῶν
1050 2573 1307 2644 ῥημάτων
1339 2573 1626 2644 ὁμολογίας
1653 2574 1806 2645 νομί-

207 2658 430 2724 ζοντας,
471 2661 608 2730 πρὸς
633 2661 788 2731 ψιλὸν
818 2661 880 2716 τὸ
903 2661 1073 2734 ὄνομα
1105 2664 1199 2717 τοῦ
1229 2664 1358 2718 Υἱοῦ
1388 2665 1482 2718 καὶ
1509 2664 1602 2718 τοῦ
1631 2666 1805 2719 Μονο-

205 2752 404 2821 γενοῦς
435 2753 855 2825 ἐπιδραμόντας.
907 2757 1305 2829 κενεμϐατῆσαι
1353 2758 1430 2830 τῷ
1477 2745 1674 2831 βόθρῳ,
1705 2762 1804 2830 τῆς

204 2847 322 2918 τῶν.
345 2849 728 2920 προσηγοριῶν
768 2850 1040 2921 σημασίας
1073 2853 1170 2922 οὐχ
1205 2851 1592 2924 ὐπερειδούσης
1625 2853 1803 2906 αὐτῶν

203 2939 306 3010 τήν
338 2939 522 3010 βάσιν,
566 2941 681 2995 ἀλλ’
720 2943 800 3006 είς
845 2943 905 2996 τὸ
946 2943 1047 3014 τῆς
1094 2945 1374 3016 ἀρνήσεως
1418 2945 1511 2998 τοῦ
1566 2945 1800 3016 Χριστοῦ

205 3031 492 3104 βάραθρον
525 3035 958 3106 καταφερούσης.
987 3035 1086 3090 Διά
1131 3036 1288 3090 τοῦτο
1318 3038 1671 3110 γεννηθείσης
1707 3039 1798 3090 οὐ·

207 3128 327 3189 σίας
388 3126 682 3198 μέμνηται,
728 3127 915 3198 μηδενὶ
963 3127 1146 3199 χώραν
1194 3129 1273 3190 είς
1313 3129 1596 3184 κοινωνίαν
1640 3147 1801 3183 κατα-

205 3217 496 3288 λιπούσης,
519 3219 614 3272 καὶ
641 3217 910 3291 Μονογενῆ
935 3218 1205 3289 ὀνομάζει.
1237 3218 1423 3273 Ταῦτά
1459 3222 1575 3273 ἑστι
1601 3220 1670 3273 τά
1703 3219 1798 3274 τοῦ

208 3309 409 3381 βόθρου
439 3310 794 3382 καλύμματα.
836 3311 1084 3367 Ἐπειδὰν
1115 3312 1170 3366 δέ
1218 3329 1303 3376 τις
1339 3313 1625 3384 παραστὰς
1668 3313 1800 3384 πρὶν

208 3399 592 3470 ὐποληφθῆναι
639 3400 716 3471 τῷ
758 3402 1018 3473 χάσματι,
1053 3401 1304 3475 καθάπερ
1347 3403 1471 3457 τινὰ
1515 3407 1671 3474 χεῖρα
1699 3405 1798 3476 τὴν

208 3491 289 3545 διὰ
317 3492 421 3545 τοῦ
463 3493 621 3563 λόγου
657 3497 850 3566 πεῖραν
896 3496 1152 3569 ἐπαγάγῃ
1184 3495 1261 3567 τῷ
1289 3496 1449 3568 λόγῳ,
1480 3496 1666 3566 βλέπει
1703 3497 1796 3550 τὸν

207 3585 300 3654 τῆς
324 3584 769 3660 είδωλολατρείας
793 3586 912 3640 ὸλεθ
922 3605 1010 3659 ρον
1035 3588 1427 3660 ὐπωρυγμένον
1447 3588 1524 3660 τῷ
1545 3588 1790 3658 δόγματι.

217 3677 302 3742 Ὧς
334 3679 447 3751 γάρ
478 3679 598 3751 Θεῷ
643 3679 736 3733 καὶ
780 3679 894 3750 Υίῷ
929 3679 1065 3734 Θεοῦ
1107 3680 1564 3752 προσερχόμενος,
1592 3681 1796 3750 κτίσμα

203 3770 342 3824 Θεοῦ
401 3771 642 3842 εὑρίσκει
689 3774 756 3843 τῇ
800 3771 1023 3844 λατρεία
1069 3772 1446 3842 προκείμενον.
1490 3772 1588 3826 Διά
1640 3771 1797 3825 τοῦτο

204 3865 316 3918 ἀνω
362 3865 460 3916 καὶ
491 3863 638 3918 κάτω
675 3865 736 3917 τὸ
762 3863 930 3936 ὄνομα
958 3862 1060 3928 τοῦ,
1091 3863 1427 3934 Μονογενοῦς
1468 3863 1796 3936 περιφέρου-

204 3973 309 4021 σιν,
359 3957 429 4010 ἶν’
473 3957 874 4028 εὐπαράδεκτος
914 3957 1138 4031 γένηται
1179 3959 1289 4021 τοῖς
1338 3955 1722 4024 ἀπατωμένοις
1767 3955 1796 4008 ὸ

202 4049 451 4120 ὄλεθρος,
476 4049 552 4113 ὡς
594 4051 757 4115 εἴτις
801 4049 950 4122 ἄρτῳ
991 4050 1054 4104 τὸ
1093 4049 1418 4121 δηλητήριον
1465 4046 1790 4118 καταμίξας.

204 4141 426 4212 θανάτῳ
468 4143 593 4206 τοὺς
621 4143 906 4214 δεομένους
938 4131 1036 4214 τῆς
1061 4142 1270 4212 τροφῆς
1313 4137 1650 4205 δεξιώσαιτοο
1695 4139 1796 4191 οὐκ

201 4230 264 4284 ἀν
287 4232 621 4303 δεξαμένους
655 4233 857 4303 γυμνὸν
899 4230 1216 4306 προσίεσθαι
1246 4229 1308 4285 τὸ
1351 4229 1668 4302 φθοροποιὸν
1696 4229 1792 4300 δη-

201 4323 463 4397 λητήριον
498 4326 572 4398 μὴ
619 4325 1000 4390 δελεασθέντας
1050 4324 1186 4396 πρὸς
1226 4324 1288 4376 τὸ
1332 4322 1670 4394 φαινόμενον.
1705 4323 1794 4375 Σο-

1915 467 2336 534 contemplatur.
2371 465 2472 521 Hic
2494 475 2675 522 autem
2711 470 2856 524 velut
2888 470 3200 540 plantarum
3233 474 3315 528 vel
3340 478 3501 530 semi-

1915 571 2070 621 num,
2097 557 2180 610 vel
2212 557 2448 626 alicujus
2492 559 2632 614 alius
2685 575 2874 614 eorum
2931 577 3052 630 quae
3115 572 3244 617 sunt
3306 574 3493 620 creata

1915 648 2196 703 mentione
2226 649 2393 713 facta,
2423 651 2796 718 operationem
2845 652 3071 708 factoris
3125 655 3498 712 subsistentia:

1916 737 2194 804 Unigeniti
2254 740 2498 808 apponit.
2555 738 2611 794 Si
2656 741 2800 794 enim
2842 742 2978 812 lapis
3030 743 3111 797 vel
3151 744 3378 814 lignum,
3413 748 3496 800 vel

1914 829 2044 899 quid
2073 829 2179 884 tale
2213 831 2663 900 contemplationi
2694 841 2839 887 esset
2869 835 3212 902 propositum
3242 853 3255 889 :
3305 851 3498 901 conse-

1913 935 2088 990 quens
2122 929 2268 976 esset
2294 929 2475 976 mente
2513 924 2794 992 percipere
2825 924 2946 992 ejus
2983 925 3076 994 qui
3142 926 3269 980 fecit
3301 941 3498 996 opera-

1913 1011 2140 1067 tionem.
2171 1012 2327 1078 Quod
2364 1015 2410 1069 si
2450 1015 2614 1069 etiam
2669 1013 2968 1070 adversarii
3001 1017 3334 1072 conﬁtentur
3365 1019 3496 1074 uni-

1913 1107 2154 1176 genitum
2189 1105 2357 1162 Deum
2387 1114 2440 1160 et
2478 1106 2674 1160 Filium
2715 1122 2836 1162 esse
2874 1115 2927 1162 et
2993 1111 3238 1179 genitum
3311 1111 3496 1166 subsi-

1913 1204 2100 1251 stere:
2139 1196 2413 1267 quomodo
2435 1198 2635 1252 eadem
2670 1214 2833 1255 voces
2867 1199 2997 1253 huic
3044 1210 3386 1272 congruunt,
3441 1211 3496 1256 et

1913 1284 2116 1341 infimis
2142 1297 2409 1342 creaturae
2439 1289 2732 1358 partibus?
2764 1299 2817 1344 et
2855 1291 3002 1360 quod
3032 1292 3098 1347 de
3132 1292 3358 1347 formica
3406 1295 3491 1349 vel

1912 1381 2089 1434 culice
2118 1394 2242 1434 vere
2277 1388 2458 1449 potest
2485 1369 2615 1442 dici,
2664 1380 2768 1436 hoc
2797 1382 2962 1436 etiam
3002 1383 3066 1437 de
3113 1383 3346 1438 Domino
3403 1385 3492 1438 di-

1911 1486 2038 1527 cere
2067 1471 2216 1541 pium
2247 1487 2370 1527 esse
2395 1472 2738 1526 existimant.
2785 1473 2841 1526 Si
2873 1475 3018 1528 enim
3054 1475 3327 1546 quispiam
3375 1475 3489 1530 for-

1911 1561 2067 1614 mica:
2096 1569 2349 1615 naturam
2385 1560 2760 1629 perdidicerit,
2813 1561 3014 1630 quibus
3067 1565 3488 1633 proprietatibus

1913 1653 2261 1723 peculiariter
2295 1668 2324 1706 a
2361 1653 2592 1722 reliquis
2643 1652 2972 1709 animalibus
3021 1665 3327 1725 separatur,
3379 1637 3487 1712 non

1908 1755 2059 1800 extra
2086 1745 2371 1798 veritatem
2411 1742 2614 1796 dixerit
2642 1742 2785 1812 ejus,
2820 1744 2914 1813 qui
2951 1744 3079 1799 fecit
3123 1747 3318 1816 ipsam,
3359 1761 3490 1818 ape-

1907 1838 2176 1891 rationem
2220 1849 2564 1889 communem
2619 1849 2741 1888 cum
2773 1836 2900 1892 aliis
2952 1853 3062 1891 non
3111 1839 3306 1893 videri.
3357 1841 3489 1906 Quae

1907 1927 2071 1998 igitur
2112 1925 2179 1980 de
2209 1925 2414 1980 talibus
2443 1924 2727 1986 dicuntur,
2764 1924 2880 1980 haec
2916 1926 2984 1980 de
3032 1925 3326 1997 Unigenito
3360 1944 3486 1998 pro-

1905 2019 2274 2074 nuntiantzet
2329 2017 2791 2086 quemadmodum
2852 2025 3142 2074 venatores
3195 2019 3488 2088 praeripere

1907 2111 2080 2167 foveis
2111 2109 2444 2182 quibusdam
2477 2109 2716 2164 ferarum
2745 2124 3029 2165 accessum
3059 2109 3343 2176 dicuntur,
3401 2111 3488 2164 in-

1906 2204 2078 2259 sidias
2108 2211 2291 2258 autem
2321 2201 2558 2272 putridis
2597 2199 2928 2272 quibusdam
2958 2202 3235 2272 operculis
3264 2213 3317 2257 et
3356 2203 3488 2258 soli-

1905 2295 2130 2350 ditatem
2175 2308 2285 2348 non
2333 2292 2664 2348 habentibus
2698 2290 2906 2347 oriﬁcia
2943 2292 3224 2348 fovearum
3286 2308 3486 2364 coope-

1904 2387 2108 2443 rientes
2148 2385 2447 2450 occultare,
2491 2392 2550 2439 ut
2581 2383 2802 2455 planum
2843 2383 3113 2453 adjacenti
3154 2383 3483 2454 profundum

1905 2478 2195 2533 videatur:
2229 2478 2334 2532 tale
2367 2477 2629 2545 quiddam
2681 2477 2946 2532 adversus
2979 2476 3229 2531 homines
3262 2475 3485 2531 haeresis

1905 2569 2280 2637 machinatur,
2325 2569 2538 2625 foveam
2575 2569 2872 2640 impietatis
2921 2585 3018 2639 per
3045 2568 3162 2623 haec
3193 2566 3372 2623 fausta
3429 2574 3486 2622 et

1908 2665 1996 2734 pia
2027 2663 2250 2718 nomina
2281 2663 2449 2718 veluti
2486 2663 2723 2735 quodam
2763 2661 3143 2732 superﬁciaria
3175 2669 3322 2716 tecto
3350 2675 3487 2715 con-

1905 2764 2133 2827 tegens:
2168 2757 2241 2811 ita
2275 2764 2334 2810 ut
2379 2757 2472 2826 qui
2541 2757 2723 2812 minus
2755 2756 2982 2810 rationis
3035 2754 3245 2825 judicio
3277 2754 3482 2820 valent,

1909 2847 2050 2903 idem
2083 2862 2208 2902 cum
2235 2862 2366 2901 vera
2397 2847 2502 2902 lide
2551 2847 2747 2902 horum
2783 2847 3114 2917 praeconium
3147 2860 3244 2916 per
3286 2845 3486 2900 verbo-

1910 2956 2028 2994 rum
2060 2939 2462 2996 confessionem
2492 2940 2824 3006 existiment,
2859 2939 2925 2992 ad
2959 2938 3101 2994 exile
3127 2953 3325 2994 nomen
3356 2933 3481 2994 Filii

1906 3041 1960 3087 et
1993 3029 2268 3100 Unigeniti
2299 3038 2671 3096 accurrentes,
2732 3045 2831 3100 per
2882 3043 3113 3084 vacuam
3162 3040 3214 3084 et
3261 3029 3480 3084 inanem

1910 3123 2120 3178 foveam
2152 3123 2381 3187 vadunt,
2429 3123 2855 3193 appellationum
2895 3122 3296 3192 signiﬁcatione
3333 3136 3486 3192 gres-

1909 3226 2028 3268 sum
2062 3213 2307 3280 ipsorum
2336 3225 2444 3264 non
2487 3210 2758 3275 firmante,
2814 3209 2910 3266 sed
2953 3209 3022 3264 ad
3078 3209 3286 3265 Christi
3316 3211 3484 3266 abne-

1904 3303 2142 3374 gationis
2198 3301 2516 3356 barathrum
2569 3301 2879 3372 praecipites
2933 3310 3147 3371 agente.
3185 3298 3482 3369 Propterea

1902 3394 2098 3466 genita:
2127 3393 2378 3450 essentia:
2417 3393 2686 3457 meminit,
2732 3392 2867 3446 nulli
2917 3392 2985 3446 ad
3037 3392 3481 3446 communionem

1903 3483 2081 3535 locum
2137 3481 2530 3551 relinquentis,
2588 3491 2750 3552 atque
2805 3478 3156 3551 Unigenitum
3214 3481 3478 3535 nominat.

1901 3570 2027 3627 Haec
2066 3581 2197 3628 sunt
2225 3571 2395 3628 fovea
2440 3572 2798 3643 operimenta.
2857 3573 2993 3628 Cum
3051 3581 3231 3629 autem
3281 3573 3481 3644 aliquis

1900 3664 2148 3729 adstans,
2205 3663 2529 3733 priusquam
2582 3664 2735 3718 hiatu
2793 3672 2850 3718 et
2887 3664 3149 3735 voragine
3188 3665 3480 3735 subreptus

1899 3754 2087 3818 fuerit,
2123 3755 2288 3808 veluti
2325 3754 2618 3824 quamdam
2670 3769 2918 3820 manum,
2953 3769 3151 3822 nempe
3206 3768 3304 3823 per
3360 3769 3482 3809 scr-

1899 3860 2115 3902 monem
2154 3843 2353 3899 factam
2385 3845 2805 3916 experientiam,
2869 3845 3109 3899 sermoni
3144 3844 3478 3912 adjunxcrit,

1898 3937 2224 3992 idololatriae
2248 3937 2528 3993 interitum
2554 3937 2808 4007 dogmate
2844 3936 3140 3992 suffossum
3175 3936 3434 4006 perspicit
3461 3954 3477 4003 ;

1897 4028 1980 4084 sic
2010 4029 2156 4084 enim
2189 4028 2257 4084 ad
2295 4027 2466 4084 Deum
2530 4037 2584 4084 et
2623 4027 2715 4084 Dei
2773 4027 2973 4082 Filium
3033 4028 3322 4092 accedens,
3383 4029 3476 4083 Dei

1896 4127 2205 4175 creaturam
2237 4120 2411 4175 cultui
2443 4119 2784 4191 propositam
2817 4119 3046 4175 invenit.
3082 4120 3321 4190 Ideoque
3349 4135 3476 4176 sur-

1895 4227 2017 4267 sum
2065 4219 2120 4266 et
2165 4210 2424 4266 deorsum
2479 4209 2757 4282 Unigeniti
2797 4226 2994 4266 nomen
3055 4212 3474 4276 circumferunt,

1896 4311 1956 4359 ut
1981 4303 2216 4358 incautis
2246 4311 2301 4358 et
2335 4303 2583 4374 deceptis
2627 4303 2886 4359 interitus
2945 4304 3256 4375 plausibilis
3314 4302 3475 4359 facile

203 4418 319 4486 φῶς
355 4418 538 4471 τοίνυν
566 4417 707 4472 κατά
753 4434 816 4487 γε
859 4412 1190 4471 τὸνέαυτὸν
1223 4414 1359 4486 πρὸς
1390 4413 1450 4468 τὸ
1494 4412 1790 4478 σπουδαζό-

1901 4401 2234 4465 acceptetur,
2267 4395 2435 4450 veluti
2474 4395 2521 4450 si
2570 4396 2696 4466 quis
2753 4395 3040 4450 mortifero
3089 4410 3300 4451 veneno
3347 4397 3470 4464 pani

204 4527 368 4580 μενον
421 4510 630 4581 βλέπει.
679 4511 742 4564 Ei
792 4509 900 4581 γὰρ
954 4507 1232 4572 παντελῶς
1274 4506 1490 4572 ἐξέϐαλε
1535 4505 1628 4560 τοῦ
1667 4504 1789 4559 καθ’

202 4604 397 4658 ἑαυτὸν
430 4604 699 4674 δόγματος
741 4602 840 4674 τὴν
886 4601 980 4656 τοῦ
1011 4600 1142 4655 Υίοῦ
1176 4600 1379 4672 φωνὴν,
1413 4600 1790 4671 ἀπαράδεκτος

203 4697 234 4767 ή
262 4697 454 4767 ἀπάτη
479 4699 591 4758 τοῖς
613 4694 920 4767 ἀνθρώποις
943 4695 1170 4762 ἐγίνετο,
1201 4691 1449 4764 φανερῶς
1485 4690 1789 4762 διαϐοωμέ-

200 4807 297 4860 νης
321 4790 426 4860 τῆς
455 4789 738 4861 ἀρνήσεως
792 4790 848 4842 ὲν
894 4787 1146 4859 προδήλῳ
1187 4785 1530 4858 κηρύγματιο
1571 4784 1690 4837 νυνὶ
1732 4783 1788 4838 δὲ

198 4880 519 4936 καταλιπὼν
550 4881 709 4951 μόνον
736 4880 798 4934 τὸ
820 4879 1009 4950 ὸνομα,
1032 4878 1093 4932 τὸ
1132 4877 1188 4932 δὲ
1224 4877 1618 4948 σημαινόμενον
1650 4875 1788 4956 πρὸς

197 4979 294 5048 τὴν
339 4977 442 5046 τῆς
489 4976 716 5040 κτίσεως
763 4976 971 5029 ἔννοιαν
1018 4971 1363 5044 μεταγαγὼν,
1393 4969 1487 5025 καὶ
1534 4959 1788 5041 κατορθοῖ

197 5071 296 5136 τὴν
350 5068 790 5139 εἰδωλολατρείαν
813 5105 829 5132 ,
878 5065 970 5120 καὶ
1015 5065 1344 5119 ὐποκλέπτει
1405 5062 1497 5120 τὸν
1545 5062 1781 5131 ἔλεγχον.

207 5160 353 5212 Ἀλλ’
382 5159 566 5231 ἐπειδὴ
597 5160 656 5212 οὐ
691 5159 892 5229 χείλεσι
927 5159 1092 5228 τιμᾷν
1124 5156 1215 5208 τὸν
1243 5155 1376 5208 Θεὸν
1409 5152 1781 5223 προσετάχθη-

200 5269 323 5319 μεν,
352 5252 469 5305 οὐδὲ
496 5253 552 5305 ὲν
587 5251 702 5322 ήχῳ
732 5251 913 5321 φωνῆς
956 5253 990 5322 ή
1041 5249 1293 5304 εὐσέϐεια
1341 5247 1615 5318 κρίνεται⁹
1650 5243 1784 5298 ἀλλά

199 5349 305 5416 χρὴ
359 5346 571 5416 πρῶτον
615 5347 681 5416 τῇ
738 5335 932 5416 καρδία
982 5342 1336 5413 πιστευθῆναι
1396 5341 1485 5394 τὸν
1534 5339 1660 5393 Υίὸν
1705 5341 1782 5402 είς

197 5437 565 5508 δικαιοσύνην,
597 5440 692 5492 καὶ⁸
737 5439 860 5492 τότε
889 5436 1283 5507 ὁμολογηθῆναι
1324 5435 1402 5508 τῷ
1447 5434 1670 5506 στόματι
1702 5435 1782 5496 είς

193 5532 494 5602 σωτηρίαν,
527 5531 622 5584 καὶ
646 5531 696 5584 οί
739 5532 797 5584 ἐν
841 5529 1035 5602 καρδίᾳ
1081 5528 1328 5597 λέγοντες
1355 5528 1429 5599 μὴ
1458 5522 1595 5581 εἶναι
1625 5525 1779 5588 Θεὸν,

195 5621 307 5672 κᾶν
366 5620 440 5690 τῷ
484 5622 710 5692 στόματι
762 5621 965 5693 Κύριον
1009 5620 1332 5691 ὁμολογῶσι,
1391 5619 1775 5690 διεφθάρησαν,

191 5705 388 5773 καθὼς
439 5715 466 5767 ὸ
513 5714 799 5787 Προφήτης
848 5715 997 5785 φησί.
1043 5713 1136 5769 Διά
1187 5714 1340 5770 τοῦτό
1392 5732 1528 5788 φημι
1583 5712 1775 5786 χρῆναι

1894 4487 2132 4543 admisto
2163 4497 2387 4559 egentes
2419 4487 2544 4544 cibo
2575 4487 2643 4543 ad
2676 4496 2905 4543 mortem
2943 4488 3203 4544 invitatos
3247 4489 3470 4545 dextera

1891 4600 2375 4670 apprehendisset.
2414 4599 2552 4668 Quia
2583 4600 2688 4656 nisi
2724 4599 2955 4656 inescati
2985 4608 3171 4655 essent
3196 4608 3248 4654 et
3285 4601 3472 4670 specie

1891 4694 2123 4765 decepti,
2153 4693 2523 4765 perniciosum
2575 4705 2630 4748 et
2675 4693 2833 4748 letale
2889 4707 3158 4748 venenum
3187 4708 3468 4763 nunquam

1891 4785 2265 4843 admisissent.
2299 4785 2606 4843 Prudenter
2635 4786 2802 4858 igitur
2840 4795 2894 4840 et
2939 4785 3008 4840 ad
3043 4795 3277 4842 mentem
3309 4801 3465 4842 suam

1888 4880 2138 4948 apposite
2170 4878 2237 4933 ad
2271 4878 2325 4933 id
2351 4877 2496 4949 quod
2531 4877 2782 4940 intendit,
2809 4878 3054 4949 respicit.
3085 4877 3140 4932 Si
3172 4878 3317 4933 enim
3349 4875 3469 4931 fun-

1887 4971 2037 5027 ditus
2074 4987 2104 5027 e
2131 4985 2231 5027 suo
2267 4970 2520 5042 dogmate
2548 4968 2672 5024 Filii
2701 4985 2888 5026 vocem
2925 4971 3271 5033 exclusisset,
3308 4984 3466 5023 error

1888 5061 2205 5117 hominibus
2237 5076 2345 5116 non
2375 5071 2634 5132 acceptus
2663 5059 2877 5126 fuisset,
2937 5061 3116 5132 palam
3175 5053 3467 5131 negatione

1886 5154 2220 5208 reclamante
2259 5160 2449 5222 aperto
2497 5161 2552 5208 et
2611 5153 2900 5223 propatulo
2957 5152 3270 5223 praeconio:
3315 5167 3463 5206 nunc

1885 5250 2064 5295 autem
2102 5241 2222 5297 solo
2263 5241 2452 5296 relicto
2479 5241 2721 5306 nomine,
2759 5241 3068 5310 significato
3099 5242 3166 5296 ad
3195 5251 3463 5296 creaturas

1883 5332 2136 5387 notitiam
2161 5331 2438 5396 traducto,
2494 5332 2697 5388 falsum
2737 5332 2964 5388 deorum
3003 5334 3210 5388 cultum
3250 5334 3460 5388 instau-

1883 5432 1967 5478 rat
2000 5432 2054 5479 et
2093 5424 2576 5494 reprehensionem
2609 5423 2866 5480 declinat.
2901 5425 3007 5481 Sed
3035 5427 3296 5496 quoniam
3350 5443 3458 5482 non

1882 5515 2043 5571 labiis
2077 5515 2246 5572 Deum
2271 5517 2452 5572 colere
2479 5516 2622 5588 jussi
2654 5531 2846 5574 sumus
2873 5535 2887 5572 :
2922 5534 3100 5590 neque
3131 5519 3286 5574 vocis
3319 5535 3458 5575 sono

1881 5623 2057 5693 pietas
2102 5629 2380 5688 censetur,
2415 5623 2510 5680 sed
2543 5632 2760 5694 oportet
2791 5625 3027 5697 primum
3060 5626 3226 5682 corde
3252 5627 3306 5680 in
3369 5625 3456 5680 Fi-

1881 5716 2014 5772 lium
2043 5714 2264 5774 credere
2295 5715 2360 5772 ad
2385 5716 2679 5789 justitiam,
2718 5725 2957 5793 tuncque
2991 5734 3083 5776 ore
3111 5718 3360 5778 confiteri
3387 5715 3453 5769 ad
