3992 6210
545 300 654 359 667

1820 289 1880 345 S.
1906 286 2234 346 GBEGOBII
2271 287 2572 346 NYSSENI

3679 279 3779 334 668

543 425 776 481 salutem
800 423 884 490 ¹⁸;
933 429 987 478 et
1016 420 1113 491 qui
1159 416 1327 474 corde
1374 414 1568 473 dicunt
1599 428 1709 471 non
1746 427 1869 470 esse
1908 411 2075 468 Deum
2102 451 2118 476 ,

2228 412 2360 484 πρὸς
2381 412 2469 465 τὸν
2495 411 2618 467 νοῦν
2646 410 2862 484 βλέπειν
2904 413 2992 467 διὰ
3028 411 3130 481 τῆς
3167 407 3385 473 λέξεως,
3408 402 3669 491 ἡμέτερος
3696 399 3785 454 καὶ

542 519 652 575 etsi
681 533 778 573 ore
802 516 1091 569 Dominum
1118 509 1475 576 conﬁtentur,
1504 518 1689 564 tamen
1713 503 1961 577 corrupti
1993 510 2124 561 sunt

546 620 600 667 et
637 622 902 678 nequam,
944 606 1087 660 sicut
1144 604 1222 659 ait
1273 600 1649 674 Propheta“..
1678 598 1948 666 Quocirca
1998 595 2124 652 dico

547 708 800 772 oportere
828 706 1066 754 mentem
1091 695 1407 767 perspicere
1437 709 1535 765 per
1560 693 1881 755 dictionem,
1935 693 2125 743 noster

546 795 637 849 hic
657 806 839 848 sermo
861 797 946 847 est
970 797 1025 845 et
1063 801 1174 843 non
1219 785 1674 844 adversariorum.
1725 776 1883 844 Quod
1925 781 1971 834 si
1997 777 2123 846 quis

548 883 672 937 Filii
709 896 909 936 nomen
946 884 1216 934 creaturae
1268 868 1517 943 apponit,
1570 863 1838 922 falsorum
1894 864 2121 920 deorum

549 966 858 1023 cultoribus
871 963 1235 1019 adscribetur.
1259 960 1392 1013 Nam
1415 967 1472 1012 et
1484 956 1559 1010 illi
1578 965 1635 1011 et
1646 955 1855 1028 Dagon,
1871 969 1925 1013 et
1939 956 2055 1018 Bel,
2071 967 2128 1011 et

2222 502 2345 573 οὐχὶ
2367 502 2473 554 τῶν
2500 498 2757 553 ὲναντὶων
2782 501 2899 553 ἐστι
2918 499 2992 570 (a)
3013 497 3190 566 λόγος.
3209 494 3274 549 Εἰ
3294 494 3450 559 δὲτις
3471 491 3605 549 Υἱοῦ
3629 489 3789 560 ὄνομα

2224 596 2291 665 τῇ
2322 591 2495 645 κτίσει
2519 587 2746 654 τίθεται,
2781 590 2839 642 ὲν
2882 589 2995 652 τοῖς
3040 585 3452 657 εἰδωλολάτραις
3492 579 3786 647 τετάξεται.

2223 683 2334 737 Καὶ
2360 682 2471 754 γὰρ
2500 683 2697 737 ἐκεῖνοι
2735 683 2830 737 καὶ
2854 682 2944 734 τὸν
2972 680 3181 749 Δάγων,
3210 677 3306 731 καὶ¹
3352 675 3443 729 τὸν
3475 673 3668 743 Βηλδν,
3704 671 3790 726 καὶ

2225 773 2314 827 τὸν
2345 771 2614 844 δράκοντα
2644 771 2776 826 Θεὸν
2809 770 3109 841 ὠνόμαζον,
3136 767 3250 823 ἀλλ’
3295 765 3357 820 οὑ
3393 765 3481 821 διά
3511 763 3666 818 τοῦτο
3705 763 3791 817 καὶ⁸

2224 863 2316 918 τὸν
2344 863 2475 919 Θεὸν
2508 865 2894 937 προσεκύνουν.
2925 864 3000 918 Ui)
3034 862 3142 935 γὰρ
3168 860 3301 924 Θεὸς
3340 856 3401 914 τδ
3434 858 3611 926 ξύλον,
3640 855 3730 910 καὶ
3764 856 3791 909 ό

2234 955 2433 1029 χαλκὸς
2457 955 2551 1008 καὶ
2578 952 2639 1007 τὸ
2668 952 2876 1024 θηρίον.

546 1058 849 1114 draconem
869 1054 1041 1110 Deum
1070 1050 1451 1114 nominabant,
1489 1045 1585 1103 sed
1622 1061 1731 1103 non
1754 1054 2046 1118 propterea
2061 1045 2233 1102 Deum
2257 1041 2592 1108 adorabunt;
2617 1055 2728 1098 non
2759 1042 2908 1099 enim
2926 1042 3319 1112 Dcuslignum,
3337 1047 3393 1095 et
3421 1053 3496 1092 ωε
3525 1045 3580 1093 et
3608 1035 3796 1091 bellua.
3886 1060 3891 1064 ~

622 1138 729 1195 Sed
784 1136 1179 1208 quid'necesse
1236 1144 1321 1191 est
1384 1134 1723 1203 conjecturis
1793 1134 2123 1191 sententiam

548 1238 860 1302 quaerentes
887 1241 1145 1284 sermone
1187 1226 1431 1280 abditam
1484 1225 1759 1280 fallaciam
1784 1224 2048 1289 revelare,
2074 1232 2129 1279 et

500 1300 504 1306 Δ
550 1300 787 1377 fortasse
809 1318 1130 1374 occasiones
1164 1318 1407 1388 praebere
1431 1315 1803 1382 audientibus,
1832 1317 1979 1388 quod
2008 1325 2129 1370 tan-

546 1426 712 1482 quam
762 1425 874 1464 non
912 1423 1041 1464 vere
1071 1423 1173 1463 nos
1196 1409 1314 1463 haec
1336 1406 1580 1464 inimicis
1625 1406 1958 1480 obiicimus?
1987 1405 2128 1461 Ecce

547 1505 693 1559 enim
751 1501 913 1557 nobis
959 1499 1162 1556 nudam
1207 1502 1431 1571 exponit
1495 1499 1910 1570 blasphemiam,
1977 1497 2129 1553 nullo

546 1595 816 1652 velamine
848 1593 1033 1648 dolum
1067 1594 1184 1650 sive
1212 1593 1459 1649 fraudem
1487 1593 1796 1659 occultans,
1826 1592 1921 1649 sed
1953 1591 2126 1646 auda-

547 1695 664 1742 cter
690 1685 928 1741 absurda
954 1686 1185 1755 loquens
1216 1684 1389 1740 libera
1410 1699 1547 1741 voce
1572 1703 1586 1740 :
1625 1684 1707 1740 sic
1739 1684 1885 1739 enim
1924 1684 2131 1754 scripta

549 1777 789 1833 habent:
830 1775 947 1832 Nos
974 1776 1236 1847 equidem,
1268 1777 1466 1847 inquit,
1498 1776 1631 1831 nihil
1664 1775 1813 1830 aliud
1863 1775 2157 1832 invenieuo.

548 1878 624 1924 tes
651 1878 844 1938 printer
871 1870 1154 1924 essentiam
1186 1867 1316 1924 Filii
1350 1868 1487 1938 quod
1514 1871 1899 1938 generationem
1929 1869 2128 1935 capiat,

548 1963 603 2016 in
654 1961 838 2016 eadm
898 1962 1127 2016 essentia
1176 1969 1428 2029 putamus
1457 1968 1694 2027 oportere
1749 1960 2128 2031 appellationes

548 2052 817 2119 ordinare,
845 2053 950 2108 sive
979 2052 1136 2107 nudis
1155 2061 1203 2106 et
1222 2051 1447 2107 exilibus
1473 2052 1639 2106 verbis
1661 2051 1900 2107 dicamus
1930 2048 1979 2104 F
1980 2052 2131 2106 ilium

546 2156 596 2200 et
626 2146 877 2216 genitum,
912 2145 1020 2199 sive
1048 2144 1164 2199 lure
1182 2143 1247 2197 ab
1280 2144 1511 2198 essentia
1560 2142 1899 2207 divellamus,
1932 2158 1999 2197 ex
2048 2144 2129 2199 his
2162 2218 2167 2221 Δ

550 2237 758 2290 incitati
799 2237 1055 2291 essentias
1088 2252 1122 2288 a
1151 2251 1207 2290 se
1236 2236 1456 2289 invicem
1483 2244 1760 2304 separatas
1806 2235 2010 2290 distare
2031 2236 2128 2305 ﬁr-

550 2329 703 2381 miter
754 2335 1009 2381 tenemus.
1060 2324 1205 2381 Nihil
1241 2341 1381 2397 opus
1398 2341 1522 2383 esse
1548 2335 1682 2397 puto
1734 2326 2128 2383 absurditatem

548 2429 671 2485 quae
716 2415 772 2472 in
799 2414 886 2472 his
919 2415 1088 2471 dictis
1117 2423 1225 2482 est,
1293 2415 1504 2471 nostris
1560 2416 1910 2472 sermonibus
1941 2431 2131 2489 repre-

550 2505 736 2562 hendi.
783 2505 907 2578 Ipsa
937 2507 1087 2562 enim
1140 2506 1478 2578 scriptorum
1529 2507 1695 2563 lectio
1740 2509 1880 2564 satis
1949 2515 2131 2579 potest

548 2594 942 2666 blasphemiam
1019 2605 1246 2665 notare;
1325 2596 1409 2654 sic
1480 2598 1629 2654 enim
1705 2601 2128 2670 perspiciamus:

548 2685 831 2744 Essentias
869 2684 1051 2742 Patris
1079 2694 1135 2743 et
1163 2686 1284 2743 Filii
1340 2694 1625 2758 separatas
1656 2702 1686 2742 a
1722 2704 1781 2744 se
1796 2689 2015 2746 dill‘crre
2032 2703 2131 2743 au-

550 2787 747 2834 tumat.
774 2776 914 2845 Quid
944 2777 1109 2848 igitur
1138 2792 1235 2847 per
1261 2777 1715 2849 παρηλλαγμένον
1775 2778 1853 2847 (id
1884 2785 1989 2843 est,
2017 2779 2131 2837 dis-

2315 1127 2476 1181 Ἀλλὰ
2497 1127 2548 1180 τί
2576 1126 2681 1198 χρὴ
2709 1125 3278 1198 καταστοχαζομένους
3302 1127 3402 1198 τῆς
3419 1128 3656 1194 διανοίας
3675 1133 3795 1185 ἀναο

2233 1221 2530 1276 καλύπτειν
2576 1221 2654 1290 τῷ
2686 1216 2829 1292 λόγῳ
2876 1220 2974 1292 τὴν
3004 1221 3393 1293 κεκρυμμένην
3438 1222 3676 1294 ἀπάτην,
3709 1226 3795 1279 καὶ

2235 1314 2494 1387 παρέχειν
2527 1313 2656 1377 ἴσως
2687 1311 2942 1384 ἀφορμὰς
2975 1314 3087 1376 τοῖς
3124 1312 3431 1379 ἁκούουσιν,
3459 1314 3534 1377 ὡς
3553 1313 3653 1368 οὐκ
3681 1315 3797 1386 άλη-
3822 1321 3829 1326 “

2235 1406 2344 1471 θῶς
2363 1404 2519 1477 ημῶν
2544 1404 2715 1459 ταῦτα
2736 1408 2848 1467 τοῖς
2869 1403 3077 1477 ἐχθροῖς
3102 1404 3483 1477 προφερόντων
3502 1424 3517 1473 ;
3544 1407 3674 1461 Ἰδοὺ
3697 1410 3798 1481 γάρ

2233 1500 2444 1571 γυμνὴν
2483 1501 2613 1571 ἡμῖν
2646 1498 2920 1552 ἐκτίθεται
2952 1498 3050 1567 τὴν
3079 1497 3449 1570 βλασφημίαν,
3493 1499 3560 1552 δι’
3594 1500 3803 1565 οὐδενὸς

2232 1594 2696 1664 προκαλύμματος
2752 1591 2843 1645 τὸν
2905 1590 3053 1646 δόλον
3116 1591 3584 1665 ἐπικρυπτόμενος
3605 1630 3621 1656 ,
3693 1590 3795 1646 ἀλλ’

2230 1683 2816 1757 ὲμπαρῤησιαζόμενος
2864 1685 2977 1748 τοῖς
3024 1682 3245 1747 ἀτόποις
3298 1683 3559 1757 ἐλευθέρᾳ
3612 1687 3799 1757 φωνῇ·

2229 1777 2373 1832 οὕτω
2399 1775 2455 1829 δὲ
2487 1775 2601 1846 ἔχει
2637 1774 2707 1827 τὰ
2738 1773 3099 1846 γεγραμμένα
3119 1782 3134 1797 ⁸
3160 1772 3356 1844 Ἡμεῖς
3387 1774 3504 1844 μὲν
3534 1769 3674 1842 οὖν,
3706 1793 3804 1846 φη-

2231 1870 2335 1932 civ,
2369 1866 2550 1923 οὐδὲν
2585 1865 2794 1934 ἕτερον
2825 1865 3212 1934 εὑρίσκοντες
3255 1867 3416 1935 παρὰ
3444 1867 3559 1936 τὴν
3587 1868 3805 1923 οὐσίαν

2229 1957 2334 2014 τοῦ
2371 1955 2509 2011 Υίοῦ
2535 1954 2603 2009 τὸ
2635 1954 2964 2025 δεχόμενον
2999 1952 3114 2024 τὴν
3141 1952 3447 2025 γέννησιν,
3492 1955 3587 2008 ἐπ’
3620 1956 3805 2025 αὐτῆς

2228 2049 2340 2120 τῆς
2359 2048 2576 2113 οὐσίας
2598 2046 2830 2101 τάττειν
2848 2044 3085 2116 οἰόμεθα
3102 2043 3231 2099 δεῖν
3249 2044 3356 2112 τὰς
3375 2047 3805 2116 προσηγορίας,

2228 2139 2351 2209 εἴτε
2380 2126 2716 2204 ualde/107g-
2740 2134 2971 2204 ῥήμασι
3009 2135 3265 2206 λέγομεν
3302 2135 3437 2189 Υίὸν
3457 2136 3556 2190 καί
3598 2154 3809 2207 γεννη-

2230 2226 2356 2293 τὸν,
2382 2227 2438 2281 εί
2466 2243 2532 2296 γε
2560 2224 2750 2280 ταῦτα
2774 2223 2884 2293 τῆς
2916 2224 3134 2290 οὐσίας
3156 2226 3540 2296 χωρίσαιμεν,
3581 2226 3652 2279 ἐκ
3679 2228 3809 2281 τού-

2231 2334 2349 2372 των
2382 2315 2704 2387 ὁρμώμενοι
2742 2314 2841 2368 καὶ
2887 2313 2954 2368 τὸ
2998 2313 3416 2384 παρηλλάχθαι
3455 2316 3563 2383 τὰς
3595 2317 3808 2385 οὐσίας

2231 2408 2521 2476 ἀλλήλων
2560 2408 2947 2477 πιστούμεθα.
2984 2397 3149 2461 Οὐδὲν
3189 2401 3340 2477 οἶμαι
3377 2407 3576 2479 χρῆναι
3617 2409 3719 2481 τὴν
3751 2411 3810 2463 ἐν

2230 2499 2342 2560 τοῖς
2366 2496 2675 2568 εἰρημένοις
2703 2495 2930 2550 ἀτοπίαν
2953 2495 3042 2549 διὰ
3059 2494 3167 2551 τῶν
3188 2496 3469 2567 ἡμετέρων
3493 2497 3811 2570 ἐλέγχεσθαι

2230 2588 2425 2658 λόγων.
2480 2588 2629 2660 Αὐτὴ
2677 2589 2788 2661 γὰρ
2827 2589 2860 2659 ἡ
2909 2587 3017 2641 τῶν
3055 2586 3456 2658 γεγραμμένων
3501 2590 3815 2658 ἀνάγνωσις

2233 2682 2392 2752 ἱκανὴ
2422 2676 2766 2752 στηλιτεῦσαι
2806 2678 2905 2751 τὴν
2946 2678 3313 2749 βλασφημίαν.
3355 2680 3568 2735 Οὐτωσὶ
3601 2680 3657 2734 δὲ
3695 2681 3809 2735 δια-

2235 2774 2625 2845 σκοπήσωμεν·
2649 2768 3035 2843 Παρηλλάχθαι
3060 2767 3208 2839 λέγει
3229 2769 3327 2835 τὰς
3355 2771 3540 2836 οὐσίας
3562 2774 3819 2846 ἀλλήλων

548 2884 779 2938 crepans
822 2875 875 2923 et
909 2866 1209 2937 diversum)
1251 2865 1634 2939 signiﬁcatur?
1676 2865 1919 2923 Primum
1955 2869 2124 2940 ipsam

2231 2863 2322 2917 τοῦ
2351 2862 2481 2916 Υἱοῦ
2510 2879 2571 2915 τε
2608 2863 2702 2915 καὶ
2750 2861 2845 2915 τοῦ
2877 2860 3108 2934 Πατρός.
3153 2862 3219 2914 Τί
3247 2863 3423 2916 τοίνυν
3452 2864 3540 2917 διά
3566 2865 3662 2918 τοῦ
3697 2883 3819 2921 πα-

547 2960 806 3017 dictionis
836 2959 949 3015 vim
977 2969 1030 3013 et
1051 2957 1506 3029 signiﬁcationem
1539 2960 1828 3029 separatim
1852 2961 2128 3016 examine-

548 3068 693 3114 mus,
723 3058 784 3106 ut
818 3050 993 3121 magis
1052 3064 1150 3120 per
1184 3049 1351 3120 hujus
1405 3049 1562 3105 verbi
1621 3050 2127 3122 interpretationem

548 3142 775 3213 impium
808 3141 1106 3197 convitium
1157 3141 1462 3213 delegatur.
1494 3141 1706 3198 Dicitur
1752 3158 1883 3215 ergo
1916 3145 1973 3199 in
2000 3160 2131 3200 con-

549 3231 858 3289 suetudinis
931 3232 1196 3289 abusione
1274 3234 1379 3290 hoc
1428 3249 1627 3290 nomen
1696 3233 1797 3305 τῆς
1852 3234 2129 3306 παραλλα-

548 3324 674 3394 γῆς,
715 3324 772 3378 in
809 3325 1136 3394 corporibus
1185 3325 1430 3396 quidem,
1451 3326 1672 3396 quando
1697 3342 1765 3382 ex
1796 3328 2132 3383 resolutione

546 3415 632 3470 vel
658 3414 765 3468 alia
800 3416 1153 3486 perpessione
1206 3417 1513 3472 membrum
1540 3416 1765 3488 aliquod
1809 3432 1842 3473 a
1891 3419 2128 3474 naturali

548 3514 816 3561 concentu
878 3521 1192 3576 perversum
1228 3515 1285 3562 et
1336 3507 1616 3564 detortum
1650 3508 1841 3565 fuerit.
1898 3508 2035 3563 Nam
2062 3527 2130 3566 ex

546 3596 827 3650 contraria
880 3597 1153 3667 positione
1201 3595 1381 3652 allecti
1426 3599 1659 3654 membri
1704 3616 1828 3656 cum
1871 3615 1937 3656 eo
1983 3601 2129 3672 quod

548 3702 750 3743 sanum
799 3695 905 3755 est,
969 3687 1025 3742 in
1066 3688 1311 3744 deterius
1354 3691 1765 3760 perrersionem
1803 3692 1925 3761 ejus
1983 3694 2128 3764 quod

552 3793 867 3850 perpessum
905 3777 1004 3834 fuit
1031 3779 1395 3853 παραλλαγήν
1432 3783 1802 3840 nominamus.
1833 3782 1892 3839 In
1918 3784 2003 3841 his
2033 3799 2131 3841 au-

552 3881 658 3926 tem
682 3871 776 3941 qui
807 3871 865 3926 in
914 3871 1163 3927 moribus
1212 3872 1517 3928 secundum
1543 3874 1798 3930 virtutem
1836 3884 1892 3930 et
1931 3877 2128 3931 vitium

546 3960 830 4029 ditlerunt,
886 3976 1012 4017 cum
1063 3962 1437 4033 intemperans
1468 3966 1578 4019 vita
1626 3979 1776 4037 pura:
1814 3974 1869 4021 et
1920 3974 2127 4036 tempe-

548 4053 692 4108 ranti
734 4053 1052 4124 Opponitur,
1104 4054 1189 4109 vel
1212 4053 1366 4125 justo
1415 4055 1678 4124 iniustus,
1728 4056 1814 4112 vel
1840 4066 2127 4114 mansueto

545 4154 603 4201 et
633 4145 858 4216 pacilieo
891 4154 947 4200 et
975 4145 1185 4217 quieto,
1220 4147 1549 4213 iracundus,
1592 4147 1910 4213 bellicosus,
1941 4156 1996 4203 et
2030 4150 2125 4219 qui

2220 2952 2648 3024 ρηλλαγμένου
2697 2952 3052 3024 σημαίνεται;
3102 2952 3329 3025 Πρῶτον
3376 2956 3545 3029 αὐτὴν
3576 2959 3679 3030 τὴν
3712 2954 3820 3031 τῆς

2229 3050 2427 3115 λέξεως
2465 3050 2701 3121 ἔμφασιν
2736 3050 2819 3120 ἐφ’
2843 3049 3048 3105 ἑαυτῶν
3077 3047 3437 3123 ἐξετάσωμεν,
3467 3053 3544 3118 ὡς
3580 3053 3650 3108 ἂν
3676 3056 3822 3125 μᾶ),-

2228 3142 2319 3196 λον
2356 3141 2444 3196 διὰ
2469 3143 2567 3213 τῆς
2611 3140 2704 3196 τοῦ
2753 3142 2993 3214 ῥήματος
3023 3143 3318 3215 ἑρμηνείας
3355 3143 3731 3217 ὲκκαλυφθείη
3754 3146 3822 3200 τὸ

2231 3235 2569 3307 βλάσφημον.
2619 3234 2851 3305 Λέγεται
2897 3234 3075 3291 τοίνυν
3110 3238 3169 3291 ὲν
3204 3240 3269 3310 τῇ
3330 3239 3672 3309 καταχρήσει
3714 3239 3822 3310 τῆς

2232 3328 2514 3401 συνηθείας
2543 3328 2605 3381 τὸ
2638 3329 2789 3401 ῥῆμα
2833 3328 2933 3399 τῆς
2974 3328 3344 3402 παραλλαγῆς,
3385 3330 3479 3383 ἐπὶ
3528 3331 3812 3401 σωμάτων

2232 3421 2352 3490 μὲν,
2394 3420 2522 3473 ὅταν
2577 3420 2642 3473 ὲκ
2693 3417 3049 3491 παραλύσεως
3099 3418 3136 3490 ἧ
3178 3436 3322 3483 τινος
3364 3418 3553 3491 ἑτέρου
3601 3420 3821 3483 πάθους

2231 3513 2566 3584 παρατραπῇ
2591 3529 2643 3565 τι
2678 3510 2838 3582 μέλος
2872 3511 2972 3582 τῆς
3001 3511 3235 3582 φυσικῆς
3258 3511 3542 3583 ἁρμονίας.
3579 3513 3677 3566 Ἐκ
3703 3513 3822 3585 γάρ

2228 3604 2326 3674 τῆς
2369 3602 2505 3674 πρὸς
2552 3602 2614 3655 τὸ
2653 3603 2892 3672 ὑγιαῖνον
2922 3604 3016 3658 τοῦ
3066 3601 3394 3666 πεπονθότος
3442 3603 3824 3676 ἀντιπαραθέ-

2231 3711 2369 3757 σεως
2399 3694 2497 3765 τὴν
2528 3693 2664 3765 πρὸς
2696 3692 2757 3748 τὸ
2782 3696 2964 3767 χεῖρον
2986 3690 3341 3765 παρατροπὴν
3362 3691 3453 3747 τοῦ
3499 3692 3827 3764 παραδεξα-

2231 3785 2394 3858 μένου
2434 3784 2496 3839 τδ
2534 3785 2722 3849 πάθος,
2773 3783 3128 3855 παραλλαγὴν
3168 3783 3526 3857 ὀνομάζομεν.
3576 3785 3711 3838 Ἐπὶ
3764 3787 3827 3839 δὲ

2227 3878 2334 3931 τῶν
2365 3878 2423 3930 ὲν
2461 3876 2582 3949 ῆθει
2632 3878 2751 3932 κατ’
2783 3878 2983 3949 ἀρετὴν
3034 3877 3128 3931 καὶ
3176 3875 3377 3930 κακίαν
3415 3875 3825 3946 διαφερόντων,

2225 3968 2353 4022 ὅταν
2376 3969 2405 4022 ό
2430 3967 2726 4032 ἀκόλαστος
2753 3967 2865 4039 βίος
2893 3967 3445 4039 ἀντιπαρατιθέμενος
3471 3967 3551 4038 τῷ
3580 3968 3830 4037 καθαρῷ

2225 4077 2287 4113 τε
2318 4060 2413 4114 καὶ
2457 4058 2713 4132 σώφρονι,
2756 4060 2789 4130 ἢ
2828 4058 2906 4130 τῷ
2941 4060 3135 4131 δικαίῳ
3173 4060 3202 4112 ό
3238 4059 3441 4124 ἄδικος,
3471 4059 3505 4131 ἢ
3538 4059 3684 4131 πρὸς
3728 4059 3830 4112 τὸν

2229 4151 2402 4223 πρᾷόν
2427 4168 2487 4205 τε
2517 4152 2612 4206 καὶ
2635 4153 2908 4223 εἰρηνικόν
2936 4169 2997 4205 τε
3019 4152 3113 4206 καὶ
3136 4152 3377 4223 ἡσύχιον,
3412 4154 3442 4205 ὁ
3465 4151 3737 4223 θυμώδης
3760 4170 3827 4206 τε

545 4238 684 4293 iram
719 4237 1017 4294 recondere
1056 4254 1166 4294 non
1218 4248 1398 4310 potest
1429 4257 1444 4295 :
1480 4247 1535 4295 et
1584 4240 1811 4295 omnino
1859 4239 2125 4312 quidquid

2230 4244 2324 4297 καὶ
2363 4243 2678 4316 πολεμικὸς,
2718 4243 2814 4297 καὶ
2850 4242 2947 4314 τὴν
2972 4244 3138 4316 ὀργὴν
3184 4243 3546 4314 ἁταμίευτος·
3574 4245 3678 4298 καὶ
3710 4246 3830 4299 πᾶν

549 4328 790 4384 melioris
812 4328 1156 4399 oppositione
1185 4329 1241 4384 in
1264 4330 1399 4384 vitio
1425 4338 1719 4385 accusatur
1748 4328 2126 4402 παρηλλάχθαι

546 4420 749 4475 dicitur
763 4421 838 4492 (id
849 4432 933 4478 est
953 4419 1311 4490 discrepare).
1329 4419 1466 4488 Quia
1484 4436 1593 4476 non
1620 4422 1728 4477 illis
1740 4422 1971 4478 invicem
1989 4425 2130 4480 acci-

545 4512 682 4567 dant
713 4528 834 4583 qua:
864 4513 920 4568 iu
950 4514 1200 4583 utrisque
1218 4522 1348 4568 sunt
1374 4513 1612 4584 insignia
1639 4513 1842 4569 indicia
1863 4554 1879 4579 ,
1912 4514 2125 4571 honesti

546 4605 674 4661 dico
686 4614 740 4661 et
756 4606 1064 4663 deterioris.
1082 4604 1351 4660 Praeterea
1371 4604 1750 4676 παρηλλάχθαι
1767 4606 2125 4678 (discrepare)

538 4693 783 4751 dicimus
817 4695 1109 4765 qualitates
1133 4709 1255 4765 quae
1288 4695 1343 4748 in
1365 4694 1648 4749 elementis
1680 4695 2123 4766 considerantur,

540 4802 671 4856 quae
698 4801 763 4841 ex
786 4787 1062 4842 contrario
1090 4787 1195 4842 sibi
1217 4786 1450 4840 invicem
1478 4796 1796 4852 occurrunt,
1820 4789 2126 4857 corruptri-

539 4890 667 4929 cem
693 4875 802 4929 vim
853 4883 1046 4930 mutuo
1087 4875 1372 4939 habentes,
1401 4881 1463 4928 ut
1492 4873 1731 4930 calidum
1754 4885 1807 4931 et
1838 4875 2117 4948 frigidum,

544 4968 634 5022 \ch
667 4966 873 5023 siccum
925 4978 979 5021 et
1025 4966 1330 5031 humidum,
1368 4966 1455 5021 vel
1492 4967 1714 5020 omnino
1749 4966 1929 5038 siquid
1968 4969 2123 5024 alteri

540 5058 832 5113 contrario
885 5058 1179 5128 opponitur
1234 5061 1291 5112 et
1349 5053 1495 5125 quod
1553 5055 1611 5110 in
1654 5055 1741 5112 his
1786 5057 1938 5112 nullo
1964 5057 2125 5114 modo

548 5160 730 5221 potest
758 5152 927 5217 coire,
959 5148 1309 5221 παραλλαγῆς
1347 5148 1569 5204 nomine
1635 5148 1709 5220 (id
1734 5157 1838 5215 est,
1870 5148 2128 5206 diﬂ‘eren-

546 5245 661 5308 the,
692 5244 807 5300 sive
837 5244 1240 5315 discrepantia)
1279 5242 1728 5312 interpretamur.
1772 5243 1838 5298 Et
1867 5243 2128 5314 quidquid

550 5352 776 5406 prorsus
800 5337 1048 5392 dissonat
1075 5336 1143 5391 ab
1167 5337 1336 5392 altero
1366 5335 1421 5391 in
1450 5335 1538 5391 his
1566 5334 1804 5403 indiciis,
1831 5351 1899 5391 ex
1925 5336 2125 5407 quibus

617 5435 663 5496 ξ’
685 5433 847 5491 Rom.
873 5452 930 5501 κ,
964 5436 1053 5491 to.
1129 5434 1177 5468 "
1206 5432 1350 5489 Psal.
1374 5446 1498 5498 xm,
1526 5430 1550 5484 1
1589 5445 1708 5503 Still-

618 5530 697 5602 (a)
729 5530 912 5602 Locus
938 5533 1018 5589 sic
1042 5529 1503 5602 restituendusex
1526 5530 1864 5587 cod.Bavar.
1882 5571 1897 5587 .
1915 5568 1931 5585 .
1953 5571 1968 5602 .
1993 5530 2130 5602 πρὸς

541 5599 639 5656 τὸν
668 5601 794 5654 νοῦν
829 5600 1048 5671 βλέπειν
1093 5602 1202 5656 τῶν
1240 5599 1696 5674 προϐαλλομένων
1729 5601 1889 5674 δῆθεν
1918 5601 1985 5674 τὰ

542 5673 782 5759 πίστεως
810 5673 1054 5794 Quare,
1075 5674 1149 5743 μὴ
1171 5670 1433 5757 «posse;
1456 5670 1641 5738 φωνὰς
1658 5670 2026 5755 δελεᾶςεσθαι.
2068 5670 2132 5726 El

542 5761 638 5794 ουν
665 5740 793 5794 Υιὸν
833 5778 843 5794 .
879 5758 990 5794 γων
1002 5760 1063 5794 ου
1084 5742 1217 5794 πρὸς
1234 5758 1442 5794 κτισμα
1464 5742 1650 5794 Βλέπει
1667 5744 1755 5794 διὰ
1784 5762 1885 5794 της
1910 5742 2128 5794 λέξεως.

539 5738 650 5815 οὖν
665 5740 793 5796 Υἱὸν
810 5738 990 5815 λέγων
1002 5744 1063 5815 οὐ
1076 5738 1450 5815 ’πρὸςκτίσμα
1463 5742 1650 5812 βλέπει
1664 5744 1755 5815 διὰ
1780 5743 1885 5815 τῆς
1910 5742 2128 5815 λέξεως,

543 5812 812 5880 ἡμέτερος
856 5812 949 5867 καὶ
987 5813 1109 5879 οὐκὶ
1130 5811 1239 5867 τῶν
1271 5811 1530 5868 ἐναντίων
1558 5813 1724 5869 ἐστίν.
1764 5811 1897 5882 Quae
1936 5811 2131 5869 Latine

2227 4336 2364 4400 ὅλως
2392 4335 2453 4389 τὸ
2476 4338 2542 4407 τῇ
2576 4335 2875 4409 παραθέσει
2898 4336 3323 4408 τοῦκρείττονος
3346 4337 3404 4389 ἐν
3430 4336 3600 4406 κακίᾳ
3636 4353 3831 4407 κατη-

2226 4425 2588 4497 γορούμενον,
2647 4425 3026 4497 παρηλλάχθαι
3088 4425 3304 4496 λέγεται
3340 4440 3357 4456 ⁸
3398 4424 3477 4496 τῷ
3534 4424 3611 4496 μὴ
3670 4441 3829 4496 συμ-

2228 4514 2432 4569 ϐαίνειν
2462 4514 2711 4586 ἀλλήλοις
2741 4515 2811 4569 τὰ
2849 4516 2936 4570 ἐπ’
2965 4515 3287 4589 ἀμφοτέρων
3307 4513 3694 4585 γνωρίσματα,
3721 4513 3825 4567 τοῦ

2230 4622 2290 4659 τε
2330 4603 2494 4659 καλοῦ
2536 4622 2680 4676 φημι
2720 4605 2815 4659 καὶ
2845 4604 2939 4659 τοῦ
2968 4604 3229 4678 χείρονος.
3262 4605 3383 4657 Ἔτι
3419 4602 3825 4676 παρηλλάχθαι

2231 4695 2410 4766 φαμὲν
2448 4696 2543 4750 καὶ
2570 4697 2668 4761 τὰς
2695 4697 2787 4750 ἐπὶ
2814 4697 2924 4750 τῶν
2950 4696 3225 4768 στοιχείων
3249 4694 3631 4768 θεωρουμένας
3660 4694 3825 4748 ποιό-

2228 4806 2415 4860 τητας,
2442 4789 2564 4843 ὅσαι
2602 4789 2745 4843 κατά
2786 4790 2846 4843 τὸ
2881 4790 3120 4845 ἐναντίον
3167 4788 3595 4858 ἀντιποιχοῦσιν
3643 4787 3826 4858 ἀλλή-

2228 4880 2368 4946 λαις,
2399 4880 2703 4954 φθαρτικὴν
2732 4885 2855 4936 κατ’
2890 4880 3131 4954 ἀλλήλων
3172 4880 3387 4952 ἔχουσαι
3414 4880 3673 4950 δύναμιν.
3699 4874 3822 4933 οἷον

2221 4973 2285 5027 τὸ
2305 4973 2505 5045 θερμόν
2528 4991 2585 5028 τε
2600 4974 2764 5026 καὶτὸ
2784 4972 3007 5044 ψυχρὸν,
3030 4971 3144 5044 ἢτὸ
3166 4971 3326 5043 ξηρόν
3342 4988 3402 5023 τε
3416 4971 3509 5025 καὶ
3530 4969 3594 5023 τὸ
3615 4970 3818 5042 ὑγρὸν,

2224 5065 2258 5137 ἢ
2284 5064 2439 5131 ὅλως,
2467 5066 2520 5118 εἴ
2539 5082 2592 5119 τι
2636 5065 2806 5137 ἑτέρῳ
2845 5065 2979 5137 πρὸς
3001 5064 3063 5118 τὸ
3087 5066 3324 5119 ἐναντίον
3350 5062 3821 5131 άντικαθέο-τηκε,

2227 5155 2414 5211 καὶτὸ
2454 5157 2543 5211 ὲν““
2563 5157 2773 5221 τούτοις
2806 5155 3139 5228 ἁσύμϐατον,
3183 5156 3262 5227 τῷ
3305 5155 3405 5227 τῆς
3444 5153 3825 5225 παραλλαγῆς

2225 5245 2650 5319 διερμηνεύομεν
2688 5248 2913 5320 ῥήματι.
2954 5245 3065 5303 Καὶ
3108 5249 3216 5303 πᾶν
3252 5246 3388 5311 ὅλως
3414 5245 3478 5300 τὸ
3501 5242 3824 5312 διαφωνοῦν

2234 5339 2371 5411 πρὸς
2392 5340 2453 5393 τὸ
2474 5340 2660 5410 ἕτερον
2687 5339 2748 5393 ὲν
2775 5341 2885 5405 τοῖς
2917 5338 3403 5410 ὲπιθεωρουμένοις
3431 5334 3824 5408 γνωρίσμασι,

2238 5529 2319 5608 sic
2340 5540 2520 5588 vertes
2551 5552 2564 5588 :
2605 5532 2741 5589 Eam
2770 5535 2831 5592 ob
2861 5553 3079 5591 causam
3118 5535 3235 5591 dico
3281 5538 3672 5608 respiciendum
3713 5555 3845 5597 esse

2230 5599 2545 5679 adnmentem
2567 5620 2751 5679 eorum
2789 5609 2879 5676 qui
2904 5607 3310 5679 vgcabulaﬁdci
3330 5599 3692 5679 proferunt,et
3726 5627 3849 5666 non

2220 5672 2360 5750 solis
2390 5674 2602 5750 vocibus
2624 5672 2877 5750 inesca'ri.
2911 5676 2973 5733 Si
2994 5680 3161 5750 igitur
3184 5672 3275 5750 qui
3315 5672 3518 5735 Filium
3549 5681 3847 5745 nominat,

2228 5741 2325 5796 hoc
2351 5743 2703 5821 vocabulo_ad
2732 5741 3037 5805 creaturam
3062 5766 3164 5806 non
3195 5741 3427 5821 respicit,
3454 5761 3633 5807 uoster
3669 5763 3763 5808 est
3788 5741 3848 5809 et

2231 5830 2331 5870 non
2357 5818 2805 5873 adversariorum.
