3992 6210
246 253 355 311 €69

1372 257 1651 315 CONTRA
1694 255 2080 324 EUNOMIUII,
2128 257 2257 314 LIB.
2297 257 2389 314 IV.

3405 262 3511 319 670

244 370 360 426 τῶν
401 371 873 445 παρηλλαγμένων
912 371 1091 427 ἐστίν⁸
1130 372 1206 437 ὼς
1255 372 1435 443 ὑγίεια
1481 377 1618 447 πρὸς
1650 377 1823 440 νόσον,

1926 376 2049 445 ejus
2079 376 2163 432 vis
2200 383 2253 429 et
2292 381 2489 428 natura
2543 372 2886 445 dignoscitur
2916 373 3059 430 inter
3084 372 3508 448 παρηλλαγμένα

247 463 346 518 καὶ
368 463 504 535 πρὸς
538 462 765 517 θάνατον
788 465 822 534 ἡ
839 461 974 534 ζωὴ,
1004 463 1255 536 καὶπρὸς
1273 466 1496 538 εἰρήνην
1523 468 1552 520 ό
1576 468 1828 539 πόλεμος,

250 556 344 612 καὶ
372 556 545 629 ἁρετὴ
582 558 720 631 πρὸς
754 557 974 625 κακίαν,
1011 558 1103 612 καί.
1127 560 1225 614 ὃσα
1244 558 1449 624 τούτοις
1478 560 1623 615 ἐστὶν
1651 560 1832 631 ὁμοιό-

250 665 447 722 τροπα.

316 740 540 794 Τούτων
569 739 629 794 δὲ
672 742 805 813 ἡμῖν
838 740 979 796 οὕτω
1014 741 1518 815 διευκρινηθέντων,
1564 743 1830 814 κατανοή-

247 850 432 903 σωμεν
466 833 562 887 καὶ
582 832 677 887 ἐπὶ
714 834 1078 905 λογογράφου,
1110 834 1227 897 πῶς
1258 833 1635 907 παρηλλάχθαι
1680 834 1827 901 λέγει

243 926 342 989 τὰς
370 926 564 989 οὐσίας
592 924 835 997 ἀλλήλων
862 927 956 981 ἐπι
995 926 1089 981 τοῦ
1117 926 1331 999 Πατρός
1357 945 1415 980 τε
1445 928 1539 982 καὶ
1566 925 1714 981 Υξοῦ.
1761 926 1828 979 Τί

238 1016 405 1071 τοῦτο
433 1017 641 1087 λέγων;
684 1015 811 1090 'Ap‘
839 1018 916 1082 ὡς
960 1019 1054 1073 τοῦ
1087 1020 1301 1091 Πατρὸς
1342 1021 1440 1092 μὲν
1484 1020 1635 1085 ὄντος
1684 1019 1828 1075 κατὰ

240 1110 430 1178 φύσιν,
456 1110 554 1164 τοῦ
581 1109 639 1164 δὲ
678 1110 810 1165 Υἰοῦ
844 1110 1297 1184 παρηλλαγμένου
1334 1112 1434 1183 τῆς
1471 1112 1717 1182 φύσεωςς
1753 1114 1824 1167 Ἢ

237 1202 344 1274 τὴν
371 1202 476 1273 τῆς
497 1202 695 1274 ἀρετῆς
714 1204 1073 1276 παρατροπὴν
1091 1202 1170 1274 τῷ
1191 1204 1393 1275 ῥήματι
1416 1202 1589 1275 τούτῳ
1608 1204 1826 1277 διερμη-

235 1294 417 1361 νεύει,
445 1294 689 1366 χωρίζων
715 1294 794 1366 τῷ
821 1296 919 1365 τῆς
948 1295 1303 1367 παραλλαγῆς
1332 1293 1552 1367 ὀνόματι
1570 1296 1631 1349 τὸ
1656 1296 1823 1350 κακὸν

235 1384 352 1438 ἀπὸ
383 1384 480 1437 τοῦ
511 1385 839 1455 κρείττονος,
872 1385 949 1448 ὡς
970 1386 1174 1457 ταύτην
1209 1386 1308 1457 μὲν
1340 1388 1399 1441 ἐν
1435 1386 1513 1460 τῷ
1546 1386 1695 1457 καλῷ
1724 1386 1823 1457 τὴν

234 1477 431 1531 οὐσίαν
464 1476 706 1547 βλέπειν,
737 1479 794 1530 ἐν
821 1477 879 1531 δὲ
916 1476 994 1549 τῷ
1026 1479 1251 1551 ἐναντίῳ
1276 1478 1375 1550 τὴν
1402 1479 1591 1551 άλληνς
1617 1479 1650 1550 ἢ
1681 1478 1823 1533 κατὰ

233 1567 327 1621 τὸν
362 1567 527 1637 λόγον
565 1569 666 1639 τῆς
697 1568 807 1621 τῶν
850 1569 1126 1640 στοιχείων
1158 1566 1545 1637 ἐναντιώσεως,
1591 1572 1684 1624 καὶ
1722 1571 1819 1642 τὴν

235 1658 392 1712 θείαν
425 1659 618 1713 οὐσίαν
651 1659 1027 1732 παρηλλάχθαι
1057 1661 1155 1734 τὴν
1191 1662 1382 1733 ἑτέραν
1413 1664 1480 1716 ἐκ
1504 1666 1602 1735 τῆς
1627 1663 1819 1736 ἐτέρας

235 1749 670 1820 διισχυρίζεταις
688 1750 720 1822 ἢ
736 1729 827 1814 ἠώς
855 1729 967 1822 ἔχει
991 1729 1128 1824 πρὸς
1157 1729 1379 1825 εἰρήνην
1400 1756 1429 1808 ὁ
1453 1729 1824 1851 πόλεμοςξκαὶ
1857 1729 1897 1783 Β

238 1840 376 1913 πρὸς
407 1840 644 1896 θάνατον
671 1843 705 1913 ἡ
736 1842 872 1914 ζωὴ,
904 1844 997 1898 καὶ
1020 1844 1116 1917 τὴν
1138 1846 1274 1916 πρὸς
1299 1845 1370 1901 τὰ
1393 1840 1615 1904 τοιαῦτα
1644 1848 1824 1902 πάντα

233 1934 318 2005 τῷ
355 1933 591 2005 τοιούτῳ
609 1935 798 2005 τρόπῳ
820 1936 999 2008 μάχην
1025 1938 1187 2009 ἐνορᾷ
1218 1942 1336 2003 ταῖς
1360 1940 1603 2007 οὐσίαιςς
1634 1940 1721 2006 Ὠς
1745 1940 1823 2014 μὴ

232 2025 303 2079 ἂν
340 2024 518 2090 αὑτάς
553 2026 672 2097 μετ’
699 2026 944 2099 ἀλλήλων
969 2028 1270 2100 συμϐῆναι·
1305 2029 1383 2101 τῷ
1409 2030 1508 2104 τὴν
1542 2032 1686 2101 μίξιν
1714 2032 1824 2088 τῶν

233 2117 502 2171 ἐναντίων
554 2118 926 2191 δαπανητικὴν
968 2121 1110 2174 κατὰ
1145 2121 1255 2175 τῶν
1290 2124 1634 2194 μιγνυμένων
1680 2124 1823 2196 ἔχειν

232 2205 338 2277 τὴν
363 2206 616 2277 δύναμιν.
658 2207 857 2273 Καθὼς
885 2226 1017 2280 φησι
1057 2211 1183 2281 περί
1212 2209 1305 2264 τοῦ
1348 2211 1585 2265 τοιούτου
1617 2212 1822 2284 δόγμα-

234 2312 331 2359 τος
356 2298 393 2368 ἠ
437 2297 812 2371 παροιμιώδης
845 2299 1034 2369 Σοφία,
1064 2302 1143 2355 ὅτι
1188 2300 1333 2373 ὕδωρ
1373 2303 1465 2358 καί
1497 2303 1605 2377 πῦρ
1641 2305 1701 2359 ού
1746 2306 1822 2379 μὴ

235 2387 495 2454 εἴπωσιν,
517 2389 721 2457 Ἀρκεῖ·
759 2389 856 2461 τὴν
890 2391 1117 2463 ἰσοπαλῆ
1148 2409 1204 2446 τε
1235 2394 1328 2447 καὶ
1379 2395 1678 2451 ἰσοστάσιον
1714 2398 1824 2451 τῶν

236 2479 506 2533 ἐναντίων
531 2480 711 2550 ιρύσιν,
737 2482 833 2536 καὶ
860 2482 956 2555 τὴν
975 2486 1094 2538 κατ’
1120 2484 1365 2557 ἀλλήλων
1386 2487 1592 2559 φθορὰν
1618 2488 1704 2544 διὰ
1727 2490 1821 2545 τοῦ

236 2569 569 2640 αἰνίγματος
595 2572 1124 2643 ἐρμηνεύουσαοκατ⁹
1150 2574 1303 2629 οὐδὲν
1326 2577 1531 2631 τούτων
1569 2574 1706 2633 εἶναι
1732 2580 1819 2634 λέο

232 2679 329 2730 γει
360 2661 465 2731 τὴν
507 2662 567 2714 ἐν
603 2665 726 2726 ταῖς
762 2661 970 2729 οὐσίαις
1009 2665 1248 2731 ἐκείναις
1297 2667 1652 2741 παραλλαγὴν
1691 2670 1824 2726 καθ-

230 2750 412 2821 ορᾷν;
442 2749 653 2804 Οὐκοῦν
677 2752 887 2808 εἰπάτω
910 2755 971 2807 τὸ
993 2754 1141 2827 παρὰ
1157 2757 1328 2811 ταῦτα
1339 2758 1647 2833 νοούμενον.
1684 2762 1822 2817 Ἀλλ’

230 2842 341 2893 οὐκ
377 2840 448 2893 ἂν
476 2843 651 2895 εἰπεῖν
680 2842 793 2913 ἔχοι
818 2858 832 2871 ο
862 2844 966 2898 κᾶν
994 2844 1064 2898 τὰ
1092 2846 1296 2919 συνήθη
1323 2847 1503 2918 λέγει’
1533 2851 1615 2905 ὃτι
1637 2852 1666 2906 ό
1695 2852 1824 2917 Υἱὸς

232 2932 382 3004 πρδς
406 2929 502 2985 τὸν
523 2936 889 3006 γεγεννηκότα
918 2935 1319 3008 παρήλλακται.
1342 2938 1527 3012 Τούτῳ
1554 2941 1660 3016 γὰρ
1696 2944 1827 3013 μᾶλ-

230 3027 332 3080 λον
365 3028 401 3098 ἡ
432 3025 631 3080 ἀτοπία
656 3026 763 3081 τῶν
797 3027 925 3100 παρ’
955 3027 1119 3082 αὑτοῦ
1166 3028 1472 3101 λεγομένων
1503 3031 1780 3104 ἐλέγχεται
1804 3050 1819 3066 ο

228 3119 291 3172 τί
319 3119 436 3191 γὰρ
466 3119 608 3172 οὕτω
647 3120 940 3190 προσφυῶς
968 3137 1027 3174 τε
1068 3121 1162 3174 καὶ
1202 3120 1478 3193 ἁρμοδίως
1513 3122 1656 3195 ἄλλῳ
1697 3125 1824 3180 ἄλλο

230 3210 517 3282 ἐμφύεταί
563 3228 623 3264 τε
653 3211 747 3265 καὶ
793 3211 1174 3284 ἐναρμόζεται,
1211 3212 1286 3279 ὡς
1333 3216 1366 3285 ἡ
1421 3217 1643 3290 σχετικὴ
1688 3219 1825 3290 πρὸς

230 3302 334 3355 τὸν
362 3300 585 3372 Πατέρα
614 3301 706 3355 τοῦ
728 3301 857 3357 Υἱοῦ
890 3303 1167 3374 σημασίας
1204 3304 1497 3372 Ἀπόδειξις
1525 3307 1581 3361 δὲ
1610 3307 1823 3377 τούτου,

234 3395 325 3448 δτι
365 3393 474 3448 κᾶν
510 3393 584 3468 μὴ
623 3396 690 3450 τὰ
714 3394 805 3448 δύο
836 3394 974 3468 ῥηθῇ
1005 3395 1179 3451 ταῦτα
1224 3398 1482 3468 ὀνόματα,
1520 3399 1597 3471 τῷ
1621 3401 1701 3454 ἐνὶ
1731 3402 1825 3455 καὶ

240 3488 309 3540 τὸ
360 3487 671 3561 παρατεθὲν
724 3488 1190 3560 ωσσημαίνεται·
1227 3488 1402 3555 οὕτως
1445 3470 1693 3560 ἔγκειται
1733 3494 1825 3546 καὶ

235 3580 582 3650 ἐνήρμοσται
605 3576 683 3650 τῷ
706 3578 878 3650 ἑτέρῳ
904 3579 967 3632 τὸ
990 3578 1199 3651 ἕτερον,
1235 3581 1327 3635 καὶ
1367 3583 1425 3634 ἐν
1460 3581 1540 3653 τῷ
1582 3584 1662 3636 ἐνὶ
1691 3582 1825 3636 καθ-

234 3672 443 3743 ορᾶται
473 3670 780 3742 ἀμφότερα,
803 3670 879 3734 ὡς
905 3670 979 3742 μὴ
1000 3670 1066 3724 ἂν
1092 3671 1177 3739 ἐφ’
1206 3671 1399 3725 ἑαυτοῦ
1421 3673 1677 3744 νοηθῆναι
1704 3673 1827 3727 τού-

232 3781 354 3817 των
395 3778 452 3814 τι
488 3762 658 3833 χωρὶς
687 3761 782 3814 τοῦ
817 3760 998 3817 ἄλλου.
1041 3761 1116 3815 Τὸ
1155 3762 1213 3815 δὲ
1242 3763 1715 3836 παρηλλαγμένον,
1748 3764 1825 3836 τῷ

230 3853 544 3926 ἁρμόζοντι
569 3852 783 3916 πάντως
816 3852 874 3919 ἐξ
911 3853 1156 3906 ἐναντίου
1190 3851 1287 3906 καὶ
1316 3857 1513 3909 νοεῖται
1539 3856 1631 3909 καὶ
1671 3855 1826 3925 λέγε-

230 3966 349 4003 ται.
412 3942 538 4000 Οἷον
583 3947 618 4018 ἡ
670 3945 909 4016 σπάρτος
960 3946 1098 4017 πρὸς
1146 3945 1245 4018 τὴν
1296 3946 1508 4000 εὐθεῖαν
1553 3948 1825 4019 ἁρμοδίως

231 4040 393 4110 ἔχει’
438 4037 499 4093 τὺ
536 4038 595 4092 δὲ
649 4036 861 4090 σκολιὸν
902 4036 980 4108 τῷ
1024 4037 1173 4091 εὐθεῖ
1219 4038 1674 4111 παρατιθέμενον,
1725 4043 1823 4113 οὐχ

228 4131 579 4204 ἀρμόζεταν
619 4133 849 4195 καὶτοῖς
882 4134 1163 4202 μουσικοῖς
1202 4131 1433 4204 σύνηθες
1461 4133 1558 4205 τὴν
1599 4151 1825 4208 συμφω-

228 4225 361 4279 νίαν
390 4222 501 4276 τῶν
523 4221 689 4277 τόνων
716 4223 982 4295 ἁρμονίαν
1012 4224 1459 4297 προσαγορεύειν,
1484 4225 1823 4298 ἀνάρμοστον

227 4315 290 4368 δὲ
323 4316 391 4368 τὸ
423 4313 687 4385 ἐκτροπόν
717 4331 775 4367 τε
818 4315 912 4369 καὶ
954 4314 1342 4387 ἀπρόσχορδον.
1382 4314 1591 4371 Οὐκοῦν
1630 4318 1823 4373 ταύτόν

1936 468 2014 539 (id
2038 475 2143 533 est,
2161 466 2458 537 disjuncta)
2480 467 2717 537 ponitur,
2742 475 2801 522 ut
2826 467 3038 525 sanitas
3057 484 3087 523 a
3110 470 3379 531 morbo,et
3402 470 3510 525 vita

1934 574 1964 614 a
1995 568 2188 623 morte,
2216 566 2269 613 et
2312 572 2342 612 a
2380 572 2512 627 pace
2559 557 2782 621 bellum,
2813 568 2867 617 et
2894 560 3066 617 virtus
3088 574 3118 614 a
3139 559 3292 630 vitio,
3306 570 3359 616 et
3386 579 3512 632 quae

1932 657 2060 706 sunt
2082 646 2326 717 ejusdem
2346 648 2513 710 modi,
2537 648 2720 702 omnia
2739 663 2769 702 a
2792 664 2853 704 se
2884 649 3118 705 invicem
3140 651 3432 707 dissident.

2003 740 2100 797 His
2133 750 2311 796 autem
2343 740 2424 795 sic
2457 739 2733 795 distinctis
2761 739 2816 793 in
2870 739 2977 795 hoc
3011 740 3279 811 scriptore
3300 743 3509 812 cogite-

1931 850 2077 898 mus,
2093 832 2366 904 quomodo
2382 831 2516 887 dicit
2536 831 2800 886 essentias
2815 830 2871 883 in
2890 828 3049 885 Patre
3068 846 3131 885 ac
3145 830 3282 885 Filio
3300 831 3511 902 παρηλ-

1929 924 2125 995 λάχθαι
2146 922 2495 994 (disjunctas)
2515 937 2637 979 esse
2656 936 2684 976 a
2708 935 2766 977 se
2788 920 3041 975 invicem.
3076 920 3186 974 Cur
3210 920 3313 975 hoc
3341 921 3510 976 dicit?

1928 1029 1996 1069 an
2014 1016 2140 1086 quia
2159 1013 2316 1070 Pater
2332 1025 2415 1070 eSt
2432 1012 2730 1069 secundum
2748 1019 3023 1077 naturam,
3048 1018 3095 1066 et
3124 1011 3292 1067 Filius
3308 1013 3511 1085 παρηλ-

1926 1107 2193 1177 λαγμένος
2243 1103 2603 1177 (discrepans)
2631 1119 2662 1157 a
2693 1107 2920 1159 natura?
2963 1103 3047 1158 vel
3084 1102 3301 1159 virtutis
3329 1121 3510 1175 παρα-

1923 1201 2134 1271 τροπήν
2163 1195 2615 1268 (pervcrsionem)
2646 1197 2751 1251 hoc
2778 1197 2943 1251 verbo
2972 1196 3387 1267 interpretatur,
3417 1213 3507 1255 se-

1926 1304 2124 1359 paratis
2141 1286 2498 1367 παραλλαγῆς
2515 1284 2876 1357 (differentiae)
2891 1285 3131 1351 nomine,
3145 1287 3291 1368 quod
3305 1287 3507 1343 malum

1923 1388 2008 1436 est
2040 1395 2070 1434 a
2103 1380 2347 1444 meliore,
2391 1387 2449 1432 ut
2475 1379 2614 1432 hanc
2643 1377 2696 1431 in
2721 1376 2950 1447 pulchro
2978 1386 3031 1433 et
3055 1379 3286 1435 honesto
3320 1394 3511 1436 essen-

1922 1473 2052 1528 tiam
2090 1472 2342 1541 inspiciat
2362 1512 2378 1539 ,
2404 1471 2459 1525 in
2479 1470 2761 1526 contrario
2781 1486 2911 1526 vero
2933 1471 3190 1525 alteram?
3206 1472 3287 1527 vel
3309 1487 3512 1528 secun-

1922 1565 2053 1619 dum
2109 1565 2376 1619 rationem
2432 1562 2843 1618 contrarietatis
2897 1563 3292 1619 elementorum
3341 1564 3508 1619 etiam

1923 1656 2163 1712 divinam
2205 1656 2502 1712 essentiam
2541 1655 2767 1709 alteram
2803 1653 2872 1707 ab
2914 1654 3085 1710 altera
3127 1652 3509 1726 παρηλλάχθαι

1927 1746 2286 1819 (discrepare)
2331 1746 2656 1802 conﬁrmat?
2675 1760 2745 1799 au
2771 1753 2829 1798 ut
2860 1759 2920 1799 se
2964 1744 3127 1800 habet
3156 1745 3356 1800 bellum
3383 1762 3507 1801 cum

1924 1855 2079 1911 pace,
2099 1848 2156 1895 et
2187 1840 2299 1895 vita
2348 1855 2469 1895 cum
2498 1846 2694 1904 morte,
2743 1846 2800 1894 et
2829 1853 3067 1910 pugnam
3119 1854 3247 1894 cum
3306 1841 3507 1898 talibus

1922 1942 1977 1988 et
2003 1932 2261 1989 omnibus
2310 1931 2415 1988 hoc
2446 1931 2611 1986 modo
2643 1930 2698 1984 in
2725 1931 2984 1986 essentiis
3037 1931 3311 1987 intuetur?
3336 1932 3415 1987 [ta
3450 1941 3509 1988 ut

1923 2025 2057 2096 ipsa:
2085 2040 2197 2081 non
2254 2024 2394 2079 inter
2425 2039 2485 2079 se
2520 2030 2739 2085 coeant.
2779 2023 2907 2093 quia
2942 2022 3346 2079 contrariorum
3374 2026 3509 2080 mis-

1922 2118 2127 2173 tionem
2190 2115 2651 2186 consumptricem
2718 2114 2953 2171 habeant
3018 2116 3321 2172 secundum
3397 2117 3507 2173 vim

1923 2224 2113 2265 eorum
2135 2222 2257 2279 quae
2292 2206 2616 2263 miscentur.
2656 2207 2812 2263 Sicut
2862 2208 2929 2264 de
2958 2209 3054 2263 tali
3086 2208 3336 2279 dogmate
3379 2226 3508 2281 pro-

1924 2300 2180 2358 verbialis
2204 2302 2280 2354 ait
2307 2298 2610 2371 Sapientia,
2635 2301 2783 2373 quod
2812 2316 2952 2372 aqua
2982 2309 3036 2357 et
3066 2302 3206 2373 ignis
3227 2317 3507 2373 nunquam

1923 2390 2190 2446 dixerint:
2212 2389 2425 2461 Sufﬁcit
2442 2392 2510 2458 ";
2540 2393 2801 2464 aequalem
2821 2392 2874 2446 in
2897 2406 3076 2462 pugna
3101 2399 3154 2448 et
3171 2393 3508 2464 sequilibrem

1924 2483 2326 2540 contrariorum
2358 2492 2606 2539 naturam
2660 2491 2715 2539 et
2745 2491 2992 2539 mutuam
3028 2484 3172 2540 inter
3228 2500 3289 2541 sc
3320 2486 3508 2555 perni-

1924 2575 2063 2630 ciem
2119 2574 2225 2631 hoc
2251 2576 2537 2647 a’nigmate
2562 2574 2898 2644 signiﬁcans.
2931 2576 3013 2630 Au
3046 2576 3195 2631 nullo
3231 2576 3424 2631 horum
3450 2576 3509 2632 in

1926 2669 2036 2726 illis
2087 2669 2345 2727 essentiis
2404 2667 2763 2740 παραλλαγήν
2820 2665 3226 2738 (differentiam)
3276 2668 3410 2724 dicit
3447 2684 3509 2726 se

1924 2760 2283 2832 conspicere?
2314 2761 2460 2816 dicat
2488 2760 2653 2833 igitur
2692 2760 2839 2831 quod
2870 2768 3067 2831 praeter
3095 2761 3209 2817 haec
3253 2761 3509 2832 intelligi-

1927 2862 2050 2922 tur;
2075 2854 2168 2910 sed
2198 2869 2307 2909 non
2343 2852 2527 2908 dicere
2580 2852 2779 2924 possit.
2803 2850 2962 2918 Quod
3000 2853 3049 2908 si
3085 2852 3344 2908 inusitata
3374 2869 3507 2924 pro-

1926 2945 2086 3011 ferat,
2119 2945 2267 3017 quod
2302 2944 2473 3001 Filius
2512 2945 2577 3000 ad
2635 2960 2759 3001 eum
2798 2945 2893 3017 qui
2948 2946 3136 3016 genuit
3190 2945 3509 3017 παρήλλακ-

1849 3062 1892 3121 C
1925 3058 2016 3095 ται
2044 3039 2295 3110 (differt):
2320 3038 2425 3095 hoc
2469 3038 2614 3094 enim
2648 3038 2813 3094 etiam
2844 3040 3017 3110 magis
3043 3054 3234 3095 eorum
3280 3055 3402 3110 qua:
3437 3040 3508 3097 ab

1929 3132 2048 3202 ipso
2082 3130 2341 3186 dicuntur
2395 3129 2708 3187 absurditas
2769 3130 3135 3203 redarguitur.
3170 3130 3313 3198 Quid
3359 3132 3506 3188 enim

1924 3225 1999 3280 ita
2029 3229 2247 3295 agnate,
2277 3229 2403 3292 apte
2430 3229 2487 3277 et
2509 3230 2879 3292 congruenter
2900 3222 3049 3278 aliud
3081 3223 3171 3277 alii
3199 3223 3508 3282 innascitur

1925 3324 1980 3370 et
2006 3314 2283 3378 convenit,
2332 3327 2497 3384 quam
2529 3312 2757 3368 relativa
2790 3328 2915 3368 cum
2949 3312 3111 3370 Patre
3142 3313 3264 3369 Filii
3299 3316 3510 3388 signiti-

1925 3408 2153 3465 cantia?
2204 3405 2361 3475 Quod
2394 3405 2476 3462 sic
2516 3404 2881 3461 demonstrari
2940 3415 3154 3476 potest:
3218 3422 3345 3462 nam
3400 3407 3508 3465 etsi

1926 3499 2040 3555 haec
2066 3498 2176 3554 duo
2200 3497 2421 3553 nomina
2451 3496 2597 3551 dicta
2656 3512 2764 3552 non
2796 3496 3019 3561 fuerint,
3053 3512 3151 3564 per
3177 3515 3346 3554 unum
3378 3500 3512 3557 alte-

1924 3606 2047 3645 rum
2092 3588 2236 3661 quod
2281 3589 2332 3644 ei
2378 3587 2700 3659 adjunctum
2757 3599 2843 3644 est
2895 3589 3362 3659 consiguilicatur.
3415 3590 3510 3648 Sic

1923 3681 2192 3738 incumbit
2243 3688 2299 3736 et
2359 3679 2615 3749 congruit
2663 3679 2818 3735 alteri
2876 3681 3133 3745 alterum,
3190 3690 3245 3737 et
3297 3684 3352 3737 in
3397 3698 3509 3739 uno

1925 3782 2158 3843 utraque
2186 3771 2631 3841 conspiciuntur,
2659 3781 2719 3825 ut
2742 3771 2878 3825 nihil
2904 3772 3095 3826 horum
3120 3772 3175 3829 iu
3194 3773 3313 3842 ipso
3350 3773 3513 3830 intel-

1922 3865 2015 3938 ligi
2061 3865 2238 3935 possit
2300 3863 2422 3919 sine
2471 3863 2664 3918 altero.
2702 3862 2860 3928 Quod
2889 3869 3069 3917 autem
3112 3864 3508 3936 παρηλλαγμέ-

1922 3972 2012 4010 νον
2042 3954 2385 4027 (discrepans
2412 3953 2499 4010 vel
2523 3951 2907 4024 disiunctum),
2931 3954 3252 4023 congruenti
3279 3969 3507 4026 prorsus

1922 4061 1987 4103 ex
2022 4047 2303 4102 contrario
2338 4053 2392 4101 et
2424 4043 2747 4113 intelligitur
2778 4049 2832 4096 et
2864 4042 3105 4112 dicitur;
3141 4052 3201 4100 ut
3232 4045 3510 4103 funiculus

1924 4138 1990 4194 ad
2025 4146 2231 4194 rectam
2266 4137 2465 4192 lineam
2497 4140 2863 4205 congruenter
2892 4150 2952 4190 se
2973 4135 3140 4193 habet
3173 4155 3189 4205 ;
3222 4138 3508 4209 obliquum

1920 4243 2053 4285 vero
2086 4235 2237 4283 recto
2258 4240 2383 4280 cum
2420 4223 2680 4292 adjicitur
2709 4237 2818 4277 non
2856 4226 3132 4295 congruit.
3169 4227 3312 4293 Quin
3340 4228 3508 4283 etiam

1923 4320 2149 4375 musicis
2197 4315 2467 4372 familiare
2502 4321 2589 4370 est
2640 4314 3056 4370 consonantiam
3120 4318 3394 4387 appellare
3425 4326 3511 4376 to-

230 4410 355 4461 ἐστι
408 4405 868 4478 παρηλλαγμένον
912 4423 973 4459 τε
1026 4407 1198 4460 εἰπεῖν
1231 4406 1322 4461 καὶ
1365 4407 1725 4481 ἀνάρμοστον.
1758 4411 1822 4465 Εἰ

1925 4422 2123 4466 norum
2162 4405 2526 4468 harmoniam,
2560 4402 2617 4459 id
2678 4411 2764 4460 est
2817 4413 3147 4461 concentum
3202 4408 3319 4465 sive
3365 4424 3506 4465 con-

230 4496 329 4555 οὖν
359 4496 743 4571 παρήλλακται
776 4498 917 4552 κατὰ
946 4497 1037 4552 τὸν
1072 4496 1172 4568 τῆς
1208 4499 1469 4572 αἱρέσεως
1499 4500 1654 4569 λόγον
1685 4501 1821 4573 πρὸς

226 4595 335 4666 τὴν
354 4592 454 4647 τοῦ
490 4591 700 4664 Πατρός
730 4590 941 4655 οὐσίαν,
972 4593 1007 4662 ή
1035 4590 1128 4644 τοῦ
1165 4591 1486 4663 μονογενοῦς
1534 4593 1667 4648 Θεοῦ
1721 4594 1824 4664 φύ⁶

234 4703 345 4750 σις,
380 4682 505 4737 οὐδὲ
535 4681 831 4753 ἁρμόζεται
872 4681 1123 4744 πάντως·
1164 4680 1225 4734 τὸ
1256 4680 1313 4734 δὲ
1358 4681 1691 4755 ἐνάρμοστον
1722 4685 1823 4739 οὐκ

228 4779 299 4833 ἂν
348 4777 576 4848 γένηται
608 4776 665 4830 ἐν
704 4774 898 4845 ἐκείνῳ
941 4766 986 4842 ᾧ
1033 4773 1433 4846 ἐναρμοσθῆναι
1480 4774 1541 4828 ού
1580 4774 1820 4831 δύναται.

230 4873 457 4940 Ὠσπερ
487 4866 596 4938 γάρ
641 4867 771 4938 μιᾶς
820 4863 986 4935 οὕσης
1027 4864 1261 4935 μορφῆς,
1294 4862 1386 4916 ἐπί
1417 4880 1477 4916 τε
1519 4863 1610 4917 τοῦ
1649 4866 1822 4936 κηροῦ

230 4962 335 5014 καὶ
366 4957 471 5029 τῆς
501 4961 557 5013 ἐν
582 4960 647 5030 τῇ
679 4954 940 5028 σφενδόνῃ
976 4954 1253 5024 γλυφίδος,
1286 4953 1414 5007 ὃταν
1438 4953 1630 5025 ἐντεθῇ
1661 4955 1821 5009 πάλιν

230 5056 305 5125 τῇ
332 5050 615 5124 σφενδόνῃ,
640 5050 669 5102 ὁ
696 5045 1033 5109 ἐκτυπωθείς
1061 5045 1213 5116 παρὰ
1231 5043 1435 5115 ταύτης
1470 5045 1636 5116 κηρὶς
1660 5045 1822 5116 ἐναρ-

233 5145 404 5217 μόζει
428 5142 520 5197 τὸν
542 5141 668 5211 περί
687 5140 876 5194 ἐαυτὸν
912 5137 1233 5210 χαρακτῆρα
1266 5136 1343 5208 τῷ
1365 5135 1669 5209 περιέχοντι
1698 5140 1821 5203 τοὺς

235 5241 409 5302 ἰδίους
443 5233 879 5306 καταλαμϐάνων
904 5232 1110 5295 τύπους
1131 5233 1189 5285 ἐν
1218 5229 1297 5302 τῷ
1319 5226 1654 5301 χαράγματι,
1686 5229 1820 5303 πρός

231 5345 295 5381 τε
337 5328 406 5381 τὰ
432 5326 587 5381 κοῖλα
616 5324 985 5395 διαδυόμενος,
1020 5322 1117 5377 καὶ
1141 5320 1239 5385 τὰς
1273 5318 1461 5392 ἐξοχὰς
1484 5320 1581 5391 τῆς
1604 5319 1820 5391 ’γλυφῆς

237 5420 396 5483 Βίοις
433 5416 825 5487 ἀναδεχόμενος
864 5414 1076 5479 τύποις.
1115 5414 1179 5467 Εἰ
1212 5412 1267 5466 δέ
1303 5410 1454 5479 ξένος
1477 5428 1560 5476 τις
1600 5412 1695 5466 καί
1728 5413 1821 5467 ἀλ⁴

232 5510 454 5583 λότριος
476 5506 645 5572 τύπος
670 5505 909 5575 ἐντεθείη
932 5507 1001 5578 τῇ
1026 5505 1204 5575 γλυφῇ
1235 5503 1334 5576 τῆς
1356 5504 1664 5577 σφενδόνης,
1689 5522 1820 5577 τρα-

231 5603 399 5679 χύνει
427 5602 522 5657 καί
571 5601 761 5671 συγχεῖ
789 5596 887 5671 τὴν
935 5597 1071 5653 ἰδίαν
1121 5595 1333 5669 μορφὴν
1378 5598 1489 5664 τοῖς
1534 5598 1818 5665 ἀνοικείοις

326 5715 371 5747 ⁸⁷
395 5714 557 5774 Prov.
586 5731 718 5783 nx,
756 5713 844 5768 15.

1923 4496 2189 4561 cordiam,
2212 4495 2427 4550 discors
2460 4502 2641 4549 autem
2666 4492 2720 4549 id
2745 4493 2891 4564 quod
2919 4494 3308 4553 inconcinnum
3342 4507 3427 4556 est
3452 4508 3509 4557 et

1921 4591 2203 4647 dissonum
2238 4600 2339 4642 nec
2386 4584 2581 4641 ﬁdibus
2643 4600 2969 4657 congruum.
3027 4585 3168 4659 Ergo
3233 4589 3376 4645 idem
3422 4598 3509 4650 est

1921 4683 2103 4738 dicere
2160 4676 2617 4750 παρηλλαγμένον
2669 4678 2746 4748 (id
2774 4687 2880 4745 est,
2930 4679 3167 4734 alienum
3194 4688 3248 4736 et
3275 4681 3506 4738 inusita-

1922 4773 2082 4846 tum),
2111 4779 2166 4829 et
2197 4771 2520 4841 discrepans
2553 4778 2608 4826 et
2636 4769 2873 4827 discors.
2915 4770 2973 4826 Si
3001 4772 3171 4843 igitur
3201 4775 3509 4831 secundum

1921 4868 2194 4924 haereseos
2221 4879 2532 4931 sermonem
2575 4878 2697 4919 cum
2730 4861 2912 4921 Patris
2955 4867 3196 4923 essentia
3235 4868 3509 4937 unigeniti

1921 4957 2018 5015 Dei
2076 4967 2270 5013 natura
2351 4954 2730 5028 παρήλλακται
2791 4956 3087 5029 (disiuncta
3156 4961 3264 5029 est)
3326 4977 3506 5032 neque

1920 5063 2147 5120 prorsus
2177 5048 2434 5119 congruit
2468 5065 2481 5103 :
2519 5063 2823 5119 congruum
2859 5059 3040 5107 autem
3079 5051 3212 5121 quid
3246 5068 3371 5109 esse
3394 5038 3525 5111 non.

1919 5149 2098 5213 potest
2126 5155 2250 5195 cum
2308 5140 2403 5195 illo
2458 5140 2547 5195 cui
2581 5156 2692 5197 non
2742 5150 2919 5213 potest
2977 5160 3280 5217 congruere
3326 5163 3506 5220 neque

1919 5231 2188 5303 adaptari.
2246 5230 2716 5298 Quemadmodum
2766 5235 2911 5289 enim
2943 5235 2989 5291 si
3041 5251 3153 5291 una
3202 5238 3505 5311 eademque

1920 5320 2095 5376 forma
2133 5317 2300 5374 fuerit
2325 5327 2379 5373 et
2407 5319 2464 5376 in
2511 5335 2638 5377 cera
2668 5330 2724 5378 et
2776 5323 3016 5379 incisura
3067 5327 3183 5384 sive
3220 5330 3504 5399 sculptura

1917 5427 2040 5486 qua:
2095 5417 2180 5467 est
2209 5409 2265 5465 in
2319 5412 2507 5466 annuli
2547 5413 2693 5484 pala,
2727 5428 2855 5470 cum
2890 5432 3088 5474 rursus
3136 5419 3309 5476 iudita
3342 5421 3506 5478 fuerit

1920 5505 2076 5578 palte,
2106 5518 2366 5575 expressa
2401 5503 2470 5559 ab
2492 5520 2555 5562 ca
2577 5520 2701 5562 cera
2718 5507 3094 5568 characterem
3125 5514 3242 5570 sive
3276 5514 3507 5585 ﬁguram

1918 5596 2067 5654 circa
2099 5593 2338 5666 scipsam
2390 5594 2636 5669 adaptat,
2665 5598 2900 5659 circuitu
2941 5618 3045 5662 suo
3104 5604 3408 5678 impressas
3436 5609 3517 5666 ab
