3992 6210
493 277 592 332 6Ἠ
1764 265 1821 321 S.
1865 261 2194 322 GREGORII
2233 261 2521 318 NYSSENI
3648 259 3752 313 (Πίὲ

495 396 616 466 ipso
637 395 838 465 tiguras
867 405 1144 460 occupans
1175 396 1229 444 et
1254 387 1625 459 complectens
1659 385 1713 440 in
1743 386 2022 457 sculptura
2055 427 2070 451 ,

2193 383 2496 455 (αράγμασι
2533 379 2880 454 περιγλύφων
2914 377 2972 432 τὸ
3009 373 3167 442 εἷδος.
3215 375 3375 430 Ἀλλά
3402 373 3509 447 μὴν
3538 376 3567 429 6
3601 378 3658 430 ἐν
3687 379 3753 449 τῇ

493 497 546 542 ει
605 485 673 540 ad
706 498 837 539 cava
892 481 1138 545 subiens,
1173 487 1228 534 et
1257 479 1551 550 sculptura:
1602 476 1928 532 eminentias
1961 476 2078 530 suis

2193 479 2363 547 μορφῇ
2390 474 2484 528 τοῦ
2517 474 2653 528 Θεοῦ
2691 473 2970 544 ὑπάρχων,
3005 469 3105 523 οὐκ
3135 469 3278 541 ἀλλῳ
3306 469 3410 522 τινὶ
3444 471 3755 540 χαρακτῆρι

497 576 690 631 formis
735 573 1042 644 excipiens.
1077 569 1234 637 Quod
1287 570 1332 626 si
1361 568 1646 641 peregrina
1687 568 1869 637 aliqua
1900 567 2076 621 aliena

2193 566 2329 637 παρὰ
2353 565 2442 619 τὸν
2473 565 2691 637 Πατέρα
2717 563 3092 634 μεμόρφωται,
3125 560 3414 631 χαρακτὴρ
3445 558 3521 613 ὢν
3544 560 3646 630 τῆς
3661 560 3754 613 τοῦ

2178 654 2394 725 Πατρὸς
2423 654 2802 716 ὐποστάσεως’
2831 653 2864 723 ἡ
2891 651 2950 704 δέ
2983 651 3164 723 μορφὴ
3185 649 3281 703 τοῦ
3304 648 3439 703 Θεοῦ
3469 649 3665 702 ταύτὸν
3689 649 3754 719 τῇ

2177 744 2337 816 οὐσίᾳ
2375 745 2591 808 πάντως
2625 744 2791 798 ἐστίν.
2827 744 2916 806 Ὠς
2945 741 3054 814 γὰρ
3083 743 3141 794 ἐν
3181 743 3249 812 τῇ
3294 743 3475 812 μορφῇ
3507 740 3603 793 τοῦ
3631 739 3754 792 δού-

2178 836 2270 890 λου
2305 836 2613 907 γενόμενος,
2643 838 2709 907 τῇ
2739 835 2898 906 οὐσίᾳ
2931 832 3026 888 τοῦ
3070 831 3254 886 δούλου
3289 829 3668 902 ἐνεμορφώθη,
3693 831 3754 883 οὐ

2177 929 2340 1001 ψιλὴν
2371 926 2657 984 ἀναλαϐὼν
2701 927 2786 997 ἐφ’
2817 924 3012 980 ἐαυτοὸ
3059 925 3158 996 τὴν
3217 923 3452 996 μορφὴν,
3482 923 3605 976 οὐδὲ
3656 925 3755 992 τῆς

2179 1021 2367 1083 οὐσίας
2405 1018 2794 1090 διεζευγμένην
2817 1033 2831 1048 °
2860 1018 2974 1071 ἀλλ’
3007 1019 3041 1089 ἡ
3067 1016 3223 1070 οὐσία
3251 1019 3317 1086 τῇ
3347 1019 3527 1086 μορφῇ
3562 1031 3757 1084 συσσηο

2182 1113 2432 1184 μαίνεται
2450 1127 2468 1142 ο
2509 1110 2680 1174 οὕτως
2706 1109 2923 1174 πάντως
2946 1109 3039 1163 καὶ
3062 1109 3090 1161 6
3121 1107 3289 1162 εἰπὼν
3308 1107 3470 1160 αὐτὸν
3491 1109 3548 1160 ἐν
3575 1092 3755 1176 μορφῇ

2178 1203 2313 1259 Θεοῦ
2345 1199 2504 1267 εἷναι,
2551 1203 2651 1276 τὴν
2689 1203 2878 1256 οὐσίαν
2907 1201 2994 1255 διὰ
3031 1202 3131 1272 τῆς
3181 1201 3394 1272 μορφῆς
3435 1200 3755 1265 ἐνεδείξατο.

497 667 670 735 ligura
708 665 872 719 fuerit
899 662 1072 717 indita
1103 662 1401 730 sculpturaa
1430 660 1568 729 palm
1598 658 1810 721 annuli,
1843 670 2077 726 exaspe-

495 768 582 812 rat
647 765 702 812 et
765 754 1052 812 confundit
1107 753 1385 822 propriam
1438 750 1670 805 formam
1703 747 1900 816 alienis
1931 746 2078 802 notis

497 849 736 919 speciem
768 842 1383 912 circumsculpentibus.
1427 839 1837 896 Verumtamem
1873 837 1963 907 qui
1995 844 2080 892 est

499 945 552 996 in
591 941 765 995 forma
797 937 892 991 Dei
929 952 1039 991 non
1102 935 1212 989 alio
1263 932 1501 1004 quodam
1533 932 1852 986 charactere
1883 937 2081 1000 praeter

505 1033 720 1088 Patrem
758 1030 1026 1085 formatus
1060 1036 1164 1092 est,
1183 1026 1312 1097 quia
1341 1025 1416 1080 sit
1445 1025 1729 1079 character
1757 1019 2081 1077 substantiae

498 1124 781 1190 Patris";
831 1119 1002 1175 forma
1034 1126 1215 1173 autem
1262 1115 1359 1173 Dei
1399 1116 1543 1172 idem
1574 1113 1795 1184 penitus
1833 1119 1918 1168 est
1954 1125 2079 1166 cum

498 1216 827 1276 Substantia.
858 1213 931 1270 Ut
962 1211 1110 1267 enim
1145 1210 1203 1264 in
1229 1210 1405 1264 forma
1435 1209 1578 1264 servi
1598 1207 1777 1262 tactus
1804 1206 1858 1260 in
1891 1219 2082 1261 essen-

497 1311 571 1363 tia
605 1307 748 1362 servi
782 1304 1050 1359 l'ormatus
1079 1309 1164 1358 est
1195 1301 1280 1356 "z
1313 1314 1424 1355 non
1454 1297 1656 1354 nudam
1693 1305 1748 1352 et
1777 1297 2079 1367 simplicem

499 1403 554 1456 in
601 1399 781 1468 seipso
847 1398 1077 1451 formam
1116 1392 1439 1463 assumpsit,
1501 1401 1556 1447 et
1589 1390 1658 1444 ab
1691 1389 1930 1444 essentia
1961 1387 2081 1443 dis-

493 1495 764 1563 junctam,
791 1489 884 1547 sed
911 1489 1148 1544 essentia
1168 1486 1333 1542 simul
1356 1500 1480 1540 cum
1505 1483 1680 1538 forma
1703 1482 2076 1553 significatur:

499 1585 580 1639 sic
609 1597 838 1653 prorsus
872 1579 965 1650 qui
997 1578 1136 1632 dixit
1157 1579 1337 1648 ipsum
1380 1575 1435 1629 in
1479 1573 1654 1628 forma
1685 1570 1781 1630 Dei
1817 1586 1958 1636 esse,
1985 1585 2083 1640 per

500 1677 750 1739 formam,
803 1671 1098 1730 essentiam
1139 1669 1422 1723 indicavit.
1475 1665 1532 1719 Si
1596 1662 1764 1733 igitur
1793 1661 1848 1716 in
1905 1660 2081 1716 forma

2179 1294 2244 1349 Et
2283 1291 2377 1350 οὖν
2421 1298 2478 1350 ἐν
2507 1297 2572 1366 τῇ
2608 1296 2786 1366 μορφῇ
2829 1293 2922 1347 τοῦ
2957 1291 3090 1347 Θεοῦ
3119 1293 3234 1346 ἐστι
3273 1292 3367 1345 καὶ
3393 1292 3450 1345 ἐν
3473 1291 3549 1362 τῷ
3585 1292 3759 1363 Πατρὶ

2179 1386 2254 1442 ὢν
2293 1388 2656 1460 ἐσφράγισται
2682 1390 2749 1458 τῇ
2780 1387 3008 1459 πατρῴᾳ
3037 1385 3184 1457 δόξῃ,
3204 1383 3388 1448 καθώς
3417 1401 3581 1453 φησιν
3607 1386 3640 1454 ἡ
3665 1385 3758 1436 τοῦ

2180 1480 2512 1549 Εὐαγγελίου
2536 1481 2686 1552 φωνὴ
2701 1482 2734 1551 ἡ
2750 1478 2982 1547 λέγουσα
2998 1495 3010 1508 ο
3030 1477 3249 1532 Τοῦτον
3270 1479 3303 1529 ό
3318 1476 3518 1544 Πατὴρ
3537 1476 3763 1543 ἐσφρά-

2181 1587 2354 1641 γισεν
2381 1575 2413 1627 ό
2451 1572 2596 1639 Θεός
2617 1590 2632 1606 ο
2675 1572 2756 1626 διὸ
2788 1571 2882 1625 καὶ
2907 1571 2935 1624 6
2969 1567 3229 1640 ἑωρακὼς
3255 1569 3344 1621 τὸν
3375 1569 3502 1622 Υἱὺν
3532 1571 3636 1640 ὁρᾷ
3675 1569 3764 1622 τὸν

2182 1663 2405 1737 Πατέρα
2425 1680 2438 1693 ·
2475 1665 2507 1734 ἡ
2537 1664 2636 1733 τῆς
2679 1662 3013 1732 ἀγαοότητος
3040 1660 3224 1722 εἰκὼν,
3252 1660 3346 1713 καὶ
3369 1659 3429 1713 τὸ
3459 1661 3558 1727 τῆς
3605 1660 3763 1731 δόξης

499 1771 593 1825 Dei
622 1776 728 1835 est,
757 1775 810 1823 et
833 1767 890 1820 in
918 1765 1082 1819 Patre
1112 1777 1236 1816 cum
1253 1764 1342 1826 sit,
1368 1766 1594 1829 paterna
1623 1753 2080 1826 gloriasignatus

2193 1753 2544 1823 ἀπαύγασμα,
2577 1752 2672 1806 καὶ
2702 1754 2879 1806 πάντα
2921 1751 3019 1805 ὅσα
3053 1748 3297 1813 τοιαῦτα,
3323 1749 3383 1802 τὸ
3415 1749 3490 1821 μὴ
3515 1750 3765 1820 ἀναρμόο

497 1872 603 1925 est,
642 1861 786 1915 sicut
823 1858 900 1911 ait
923 1871 1028 1910 vox
1060 1851 1341 1922 Evangelii
1376 1864 1499 1920 quae
1526 1847 1681 1912 dicit,
1720 1846 1877 1900 Hunc
1916 1845 2080 1902 Pater

2193 1845 2509 1914 nwg'éxsw
2553 1844 2648 1898 τοῦ
2694 1844 2825 1898 Υίοῦ
2870 1843 2969 1914 τὴν
2996 1841 3183 1897 οὐσίαν
3237 1840 3373 1912 πρὸς
3420 1841 3512 1894 τὸν
3541 1841 3766 1912 Πατέρα

499 1952 724 2022 signavit
787 1947 922 2002 Deus
951 1945 1027 2009 ’°,
1091 1941 1350 2015 quocirca
1399 1940 1492 2010 qui
1533 1939 1672 1994 vidit
1699 1937 1898 1992 Filitnn
1930 1937 2077 1992 videt

2193 1937 2542 2009 μαρτύρεται.

501 2043 771 2099 Pan-em"
809 2060 822 2096 :
858 2037 1124 2095 bonitatis
1180 2036 1381 2104 imago,
1419 2039 1474 2087 et
1512 2028 1701 2102 gloria:
1763 2030 2055 2101 splendor,
2088 2037 2145 2086 et
2195 2030 2379 2084 omnia
2443 2045 2783 2102 quaecunque
2833 2030 3102 2101 ejusmodi
3135 2030 3256 2088 Filii
3290 2033 3590 2090 essentiam
3638 2047 3768 2088 cum

500 2140 658 2193 Patre
693 2152 800 2191 non
831 2134 1033 2188 habere
1078 2125 1505 2198 discrepantiam
1529 2131 1826 2180 testantur.

569 2231 712 2299 Ergo
743 2232 928 2295 aperte
957 2231 1011 2279 et
1040 2220 1330 2292 perspicue
1360 2216 1716 2288 blasphemia
1737 2216 2082 2272 adversario~

501 2332 624 2370 rmn
690 2311 1028 2368 instabilitas
1080 2317 1136 2365 et
1187 2307 1415 2362 [utilitas
1474 2322 1538 2362 ex
1577 2307 1739 2363 dictis
1795 2307 2080 2364 refellitur.

2193 2311 2368 2382 μένων
2431 2313 2734 2369 ἀσύστατον
2797 2314 2887 2368 διὰ
2941 2315 3051 2367 τῶν
3099 2314 3400 2387 εἰρημένων
3459 2314 3764 2384 ἐλέγχεται.

502 2405 560 2459 Si
589 2403 734 2460 enim
775 2416 895 2471 qua:
920 2399 1112 2454 dissita
1141 2405 1270 2453 sunt
1323 2411 1435 2451 non
1469 2404 1822 2466 congruunt;
1855 2398 1947 2468 qui
1985 2413 2085 2453 au-

2193 2403 2250 2456 El
2307 2404 2417 2476 γὰρ
2457 2405 2526 2459 τὰ
2572 2405 3002 2478 παρηλλαγμένα
3053 2407 3115 2459 ού
3178 2407 3594 2480 συναρμόζεται,
3643 2409 3677 2462 6
3712 2408 3771 2460 δὲ

499 2505 610 2553 tem
669 2511 698 2550 a
745 2493 905 2549 Patre
976 2493 1224 2562 signatus
1268 2499 1355 2546 est
1416 2496 1471 2546 et
1528 2490 1582 2544 in
1635 2490 1819 2561 seipso
1866 2489 2084 2547 Patrem

2193 2497 2543 2567 σφραγισθεὶς
2583 2500 2688 2552 ὑπὸ
2708 2499 2803 2553 τοῦ
2847 2500 3078 2572 Πατρὺς,
3123 2503 3217 2556 καὶ
3254 2504 3312 2555 ἐν
3348 2501 3526 2571 ἑαυτῷ
3553 2501 3773 2564 δεικνύς

503 2587 768 2651 ostendit,
825 2585 968 2642 etin
1000 2584 1162 2639 Patre
1214 2591 1320 2646 est,
1372 2590 1536 2652 atque
1580 2581 1635 2636 in
1679 2583 1862 2654 seipso
1920 2582 2085 2638 habet

2193 2587 2276 2641 τὸν
2299 2590 2538 2661 Πατέρα,
2567 2591 2662 2646 καὶ
2685 2593 2743 2645 ἐν
2779 2591 2856 2663 τῷ
2881 2593 3055 2664 Πατρὶ
3081 2593 3177 2661 ὢν,
3208 2595 3302 2647 καὶ
3336 2593 3393 2646 ἐν
3421 2591 3602 2662 ἐαυτῷ
3627 2592 3774 2661 έχων

501 2679 677 2742 illum,
713 2691 808 2747 per
841 2675 1025 2729 omnia
1049 2673 1290 2729 ostendit
1319 2671 1465 2742 quod
1499 2677 1696 2726 natura
1726 2672 2080 2742 coniunctum

2193 2681 2414 2746 ἐκεῖνον,
2445 2681 2532 2735 διὰ
2555 2683 2772 2737 πάντων
2793 2683 3030 2739 δείκνυσι
3052 2685 3112 2738 τὸ
3144 2686 3387 2757 συμφυὲς
3415 2686 3510 2738 καὶ
3530 2684 3777 2755 εὐάρμο-

499 2778 605 2836 est,
631 2778 686 2824 et
714 2781 950 2822 concors
976 2771 1030 2818 et
1061 2778 1388 2834 congruum.
1420 2762 1523 2819 Per
1547 2763 1663 2818 haec
1692 2763 1859 2831 igitur
1890 2763 2082 2818 adver-

2193 2788 2328 2825 στον.
2366 2773 2509 2844 ’Ἄρα
2537 2774 2627 2828 διὰ
2666 2774 2872 2830 τούτων
2904 2777 2936 2847 ἡ
2968 2777 3166 2831 ἀτοπία
3194 2777 3302 2831 τῶν
3341 2777 3597 2831 ἐναντίων
3626 2777 3779 2830 κατὰ

501 2861 775 2916 sariorum
853 2855 1170 2912 absurditas
1247 2854 1602 2910 vehementer
1663 2852 2078 2924 redarguitur:

2193 2860 2390 2932 κράτος
2412 2861 2710 2934 ἐλέγχεται.
2751 2866 2840 2930 Ὧς
2864 2866 2972 2940 γὰρ
2993 2867 3204 2939 ἐδείχθη
3227 2868 3288 2923 τὸ
3317 2868 3780 2939 παρηλλαγμένον

501 2955 645 3010 sicut
674 2951 821 3009 enim
851 2949 1292 3006 demonstratum
1317 2953 1403 3000 est
1431 2944 1493 2998 τὸ
1517 2943 1973 3016 παρηλλαγμένον
2005 2945 2081 3016 (id

2193 2953 2553 3025 ἀνάρμοστον,
2591 2955 2736 3011 οὕτω
2766 2959 2826 3011 τὸ
2864 2959 3098 3030 ἔμπαλιν
3137 2961 3544 3032 ἀναντιρρήτως
3573 2959 3780 3030 ὁμολοα

499 3056 604 3113 est,
649 3043 793 3115 quod
847 3040 1104 3098 dissitum
1150 3036 1258 3109 est)
1295 3037 1663 3109 incongruum
1697 3045 1752 3092 et
1797 3037 2081 3093 dissonum

2193 3047 2364 3112 γείται
2385 3045 2446 3099 1:6
2473 3046 2809 3120 εὐάρμοστον
2832 3050 3250 3123 ἀπαράλλακτον
3277 3052 3509 3116 πάντως.
3544 3051 3635 3116 Ὧς
3661 3052 3782 3123 γὰρ

500 3151 624 3194 esse
650 3155 664 3192 :
693 3139 773 3192 sic
800 3133 920 3190 vice
947 3129 1576 3206 versa-contradictorie
1604 3130 1750 3200 quod
1779 3131 1918 3186 bene
1951 3145 2085 3185 con-

2193 3139 2247 3193 τὸ
2283 3140 2736 3213 παρηλλαγμένον
2774 3144 2872 3216 οὐχ
2907 3144 3230 3217 ἁρμόζεται,
3267 3146 3408 3200 οὕτω
3434 3145 3496 3198 τὸ
3526 3144 3781 3215 ἁρμοζό-

501 3225 648 3298 gruit
678 3234 732 3279 et
757 3233 939 3295 aptum
965 3234 1070 3288 est,
1093 3222 1417 3278 conceditur
1445 3223 1670 3277 omnino
1725 3221 2083 3293 ἀπαράλλακ-

2193 3247 2350 3300 μενον
2373 3233 2435 3284 οὐ
2482 3233 2892 3305 παρήλλακται’
2925 3239 2954 3290 6
2990 3237 3047 3291 δέ
3082 3237 3255 3306 λέγων
3290 3237 3391 3304 τῆς
3431 3237 3649 3308 ἀγαθῆς
3679 3236 3783 3289 τοῦ

500 3334 594 3373 τον
645 3315 1002 3378 (indivulsum
1064 3313 1180 3369 sive
1234 3313 1730 3383 incommutabile.)
1813 3311 1886 3367 Ut
1937 3313 2082 3368 enim

2193 3321 2402 3391 Πατρὸς
2457 3323 2645 3379 οὐσίας
2694 3323 2793 3396 τὴν
2846 3325 2940 3380 τοῦ
2982 3328 3321 3398 Μονογενοῦς
3369 3327 3784 3399 παραλλάττειν

502 3408 650 3481 quod
689 3405 966 3469 dissitum,
1021 3419 1134 3458 non
1166 3403 1440 3474 congruit,
1473 3405 1554 3459 sic
1573 3403 1723 3473 quod
1751 3403 2004 3475 congruit
2032 3411 2085 3458 ct

2193 3408 2370 3478 φύσιν,
2407 3410 2466 3464 ἐν
2504 3411 2654 3482 αὐτῷ
2694 3412 2774 3485 τῷ
2799 3414 2989 3485 ἀγαθῷ
3021 3417 3134 3487 τὴν
3157 3416 3512 3490 παραλλαγὴν
3553 3417 3788 3480 πάντως

502 3503 742 3556 cohaeret
771 3513 882 3552 non
911 3496 1252 3566 disiunctum
1293 3502 1378 3551 est
1411 3513 1424 3550 :
1455 3495 1548 3566 qui
1584 3503 1767 3551 autem
1791 3496 1923 3552 dicit
1950 3495 2085 3552 Uni-

2193 3499 2397 3569 βλέπει.
2430 3502 2504 3555 T6
2546 3502 2603 3556 δὲ
2642 3503 2737 3557 τοῦ
2775 3505 2982 3574 ἀγαθοῦ
3027 3508 3499 3581 παρηλλαγμένον,
3535 3508 3592 3561 τί
3634 3512 3786 3572 ἐστι,

505 3591 674 3664 geniti
697 3595 948 3646 naturam
1007 3585 1406 3658 παραλλάττειν
1466 3585 1706 3657 (dilierre
1736 3584 1851 3641 sive
1875 3585 2085 3641 discre-

2193 3591 2488 3661 Νοήσατε,
2521 3596 2577 3648 οὶ
2611 3593 2846 3664 ἄκακοι,
2881 3597 2996 3668 τὴν
3026 3602 3468 3672 πανουργίαν,ή
3500 3602 3790 3673 παροιμία

506 3682 659 3755 pare)
690 3698 720 3737 a
745 3681 925 3736 Patris
964 3679 1106 3734 bona
1140 3677 1401 3742 essentia,
1442 3679 1497 3730 in
1527 3677 1646 3746 ipso
1684 3676 1830 3732 bono
1862 3691 2089 3746 prorsus
2190 3683 2372 3752 φησίν.

506 3775 865 3846 παραλλαγήν
909 3769 1382 3844 (discrepantiam)
1421 3767 1588 3824 videt.
1641 3767 1799 3836 Quod
1844 3779 2024 3824 autem
2064 3786 2094 3826 a
2134 3773 2280 3830 bono
2313 3775 2606 3850 discrepat,
2639 3780 2770 3852 quid
2802 3791 2906 3850 est,
2948 3783 3386 3853 Animadvertite,
3421 3803 3454 3842 ο
3492 3787 3620 3842 boni
3642 3789 3789 3853 ‘biri,

504 3875 872 3936 calliditatem,
902 3871 971 3925 ait
1009 3869 1292 3941 parmmia.

576 3965 686 4021 Sed
718 3964 835 4019 haec
882 3970 942 4018 ut
973 3961 1322 4032 perspicuam
1375 3957 1640 4014 habentia
1679 3959 2082 4015 absurditatem

505 4054 776 4110 orationis
817 4067 985 4108 cursu
1017 4050 1320 4121 superabo;
1379 4048 1524 4118 quod
1579 4055 1760 4104 autem
1807 4049 1922 4104 haec
1946 4065 2086 4119 pra:-

2263 2220 2405 2292 'Apa
2450 2220 2732 2292 προδήλως
2770 2220 2829 2276 τὸ
2855 2223 2956 2292 τῆς
2999 2221 3344 2294 βλασφημίας
3368 2222 3476 2275 τῶν
3521 2223 3770 2276 ἀντικει-

2270 3961 2429 4026 Ἀλλά
2452 3963 2625 4018 ταῦτα
2670 3964 2769 4036 μὲν
2798 3964 2874 4029 ὡς
2899 3965 3162 4038 πρόδηλον
3198 3965 3389 4037 ἔχοντα
3412 3967 3511 4040 τὴν
3536 3970 3789 4027 ἀτοπίαν

2190 4055 2661 4128 παραδραμοῦμαι
2691 4057 2770 4128 τῷ
2797 4056 2965 4128 λόγῳ,
2991 4057 3052 4111 τὸ
3075 4058 3132 4111 δέ
3163 4059 3267 4128 πρὸ
3295 4059 3475 4115 αὐτῶν
3507 4061 3796 4127 ἐξετάσωο

506 4147 652 4204 cedit
697 4146 1096 4202 examinemus.
1153 4140 1307 4195 Nihil
1359 4141 1538 4212 inquit
1593 4141 1820 4196 alterum
1866 4141 2085 4197 inveniri

2196 4163 2317 4218 μεν.
2354 4147 2546 4203 Οὐδέν
2585 4166 2748 4220 φησιν
2784 4148 2991 4218 ἕτερον
3030 4151 3414 4219 εὑρίσκεσθαι
3458 4154 3625 4222 παρὰ
3669 4156 3795 4224 τὴν

505 4251 699 4311 praeter
719 4239 1002 4294 essentiam
1044 4234 1198 4302 Filii,
1227 4233 1366 4305 quod
1390 4233 1778 4304 generationem
1815 4233 2085 4290 admittat.

2193 4239 2416 4297 οὐσίαν
2438 4241 2547 4295 τοῦ
2584 4240 2721 4296 Υἰοῦ
2748 4241 2816 4296 τὸ
2857 4241 3184 4312 δεχόμενον
3219 4244 3334 4312 τὴν
3360 4245 3663 4316 γέννησιν
3684 4267 3700 4281 ο
3736 4251 3794 4303 τε

508 4332 642 4402 quid
675 4330 988 4400 intelligens
1017 4327 1134 4382 haec
1175 4325 1343 4380 dicit?
1386 4323 1505 4380 Duo
1554 4325 1704 4380 enim
1764 4325 2085 4382 discernens

2193 4328 2331 4382 νοῶν
2366 4329 2538 4384 ταῦτα
2567 4330 2744 4400 λέγεις
2785 4332 2888 4387 Δύο
2930 4334 3040 4406 γὰρ
3075 4334 3170 4388 ἀπ’
3202 4335 3449 4408 ἀλλήλων
3487 4339 3792 4410 διακρίνας

507 4440 540 4479 a
571 4438 632 4479 se
661 4421 896 4477 invicem
928 4418 1174 4482 nomina,
1203 4431 1432 4488 quaeque
1457 4415 1681 4486 perhaec
1706 4416 2085 4486 signiﬁcantur

2193 4418 2455 4490 ὀνόματα,
2485 4421 2579 4475 καὶ
2608 4422 2677 4477 τὰ
2705 4423 2774 4476 δι’
2796 4424 2976 4477 αὐτῶν
3015 4428 3388 4498 σημαινόμενα
3415 4431 3792 4504 συνδιαχωρί-

507 4515 672 4573 simul
711 4527 1004 4570 secernens
1042 4510 1311 4577 oratione,
1335 4509 1390 4562 in
1424 4509 1606 4579 seipso
1636 4516 1932 4579 utrumque
1962 4523 2085 4579 pro-

2197 4527 2297 4576 σας
2323 4511 2401 4582 τῷ
2436 4513 2599 4586 λόγῳ,
2629 4516 2716 4585 ἐφ’
2745 4515 2912 4571 αὐτοῦ
2937 4518 3196 4589 ἑκάτερον
3220 4519 3529 4587 ἰδιαζόντως
3563 4525 3794 4578 ἐκτίθεο

508 4609 626 4680 prie
653 4616 706 4663 et
731 4605 1026 4677 separatim
1073 4601 1318 4673 exponit.
1356 4598 1535 4655 Unum
1583 4615 1783 4656 nomen
1822 4607 1906 4656 est
1934 4615 2085 4671 gene-

2193 4619 2305 4667 ται,
2329 4603 2386 4659 ἓν
2422 4604 2591 4675 ὄνομα
2625 4607 2952 4680 ήγέννησις,
2977 4609 3071 4663 καὶ
3113 4609 3299 4682 ἕτερον
3343 4611 3514 4684 ὄνομα
3535 4617 3569 4686 ἡ
3597 4615 3788 4668 οὐσία.

509 4703 674 4766 ratio,
735 4700 969 4754 alterum
1011 4711 1211 4752 nomen
1266 4693 1527 4750 essentia.
1590 4692 1829 4761 Accipit,
1893 4691 2091 4762 inquit,

508 4795 748 4851 essentia
803 4788 1230 4863 generationem,
1262 4795 1322 4840 ut
1351 4799 1476 4856 qum
1508 4783 1580 4840 sit
1602 4781 1752 4838 aliud
1786 4781 1916 4852 quid
1940 4781 2092 4839 vide-

509 4887 638 4942 licet
663 4898 826 4956 quam
884 4879 1186 4954 generatio.
1229 4875 1288 4932 Si
1341 4876 1486 4933 enim
1514 4874 1798 4947 generatio
1853 4874 2095 4930 essentia

508 4989 676 5045 esset,
740 4974 886 5048 quod
918 4970 1138 5044 quidem
1195 4969 1418 5027 assidue
1471 4967 1848 5023 aﬂirmat:ita
1883 4973 1945 5022 ut
1969 4965 2092 5022 dua:

511 5070 908 5144 appellationes
947 5067 1090 5121 inter
1116 5079 1176 5121 se
1205 5061 1466 5134 aequalem
1491 5061 1600 5115 vim
1630 5059 1867 5115 habeant
1891 5072 2092 5114 secun-

512 5163 643 5217 dum
693 5158 1186 5232 signiﬁcationem;
1241 5149 1350 5210 non
1405 5151 1605 5208 dixerit
1659 5149 1808 5223 quod
1849 5149 2092 5208 essentia

513 5253 922 5325 generationem
982 5247 1214 5317 accipit;
1267 5242 1474 5316 aequate
1531 5240 1680 5298 enim
1715 5247 1863 5297 esset
1911 5239 2094 5297 dicere

515 5345 661 5416 quod
691 5343 988 5400 essentiam
1019 5337 1261 5395 essentia
1310 5334 1474 5408 capit,
1497 5333 1583 5387 vel
1612 5332 1758 5403 quod
1789 5333 2094 5404 generatio-

518 5450 641 5490 nem
667 5435 945 5505 generatio
981 5431 1202 5502 accipit,
1239 5428 1288 5485 si
1304 5428 1448 5484 idem
1474 5431 1620 5482 esset
1647 5426 1887 5480 essentia
1910 5431 1964 5480 et
1996 5440 2091 5496 ge-

520 5525 753 5579 neratio.
785 5525 956 5596 Igitur
982 5523 1130 5578 aliud
1158 5521 1417 5594 quiddam
1448 5517 1855 5591 generationem
1885 5516 2092 5574 intelli-

520 5617 622 5689 git,
651 5614 799 5670 aliud
857 5631 986 5673 vero
1012 5615 1145 5687 quid
1195 5615 1489 5670 essentiam
1535 5627 1656 5684 quae
1681 5609 2087 5683 generationem

2194 4692 2442 4764 Δέχεται,
2473 4695 2658 4764 φησὶν,
2694 4696 2728 4767 ἠ
2759 4695 2918 4750 οὐσία
2957 4697 3057 4767 τὴν
3085 4697 3355 4770 γέννησιν,
3389 4699 3520 4754 ἄλλο
3549 4719 3603 4754 τι
3641 4698 3792 4755 οὖσα

2194 4782 2435 4854 δηλονότι
2463 4784 2615 4854 παρὰ
2635 4785 2734 4856 τὴν
2754 4785 3025 4858 γέννησιν.
3058 4789 3122 4842 Et
3148 4788 3310 4862 γάρὴ
3339 4791 3594 4862 γέννησις
3622 4793 3794 4847 οὐσία

2193 4871 2283 4948 ἦν,
2330 4876 2467 4948 ὅπερ
2507 4875 2572 4948 δὴ
2621 4876 2861 4948 συνεχῶς
2906 4879 3298 4949 ἀποφαίνεται·
3348 4880 3490 4936 ὥστε
3533 4885 3633 4947 τὰς
3691 4883 3792 4937 δύο

2201 4965 2567 5038 προσηγορίας
2597 4967 2933 5040 ίσοδυναμεῖν
2951 4969 3194 5040 ἀλλήλων
3219 4971 3361 5026 κατὰ
3384 4973 3483 5045 τὴν
3509 4973 3793 5046 ἔμφασιν,

2195 5059 2296 5113 οὐκ
2329 5058 2395 5114 ἂν
2431 5053 2586 5115 εἶπεν
2617 5060 2700 5114 ὅτι
2729 5061 2943 5133 δέχεται
2970 5064 3003 5134 ἡ
3033 5062 3190 5118 οὐσία
3217 5065 3316 5137 τὴν
3351 5065 3634 5136 γέννησιν·
3661 5062 3790 5121 ῐσον

2195 5151 2306 5225 γὰρ
2330 5152 2396 5206 ἂν
2436 5147 2504 5224 ἦν
2537 5153 2596 5207 τὸ
2625 5154 2818 5221 εἰπεῖν,
2861 5155 2942 5210 ὅτι
2979 5155 3080 5230 τὴν
3119 5157 3307 5211 οὐσίαν
3345 5159 3378 5229 ἠ
3410 5159 3590 5226 οὐσία,
3627 5159 3663 5230 ἥ
3699 5161 3792 5214 ὅτι

2195 5244 2294 5316 τὴν
2322 5245 2576 5315 γέννησιν
2613 5246 2647 5318 ἡ
2676 5245 2928 5319 γέννησις
2953 5247 3188 5319 δέχεται,
3219 5249 3379 5323 εἴπερ
3409 5256 3578 5326 ταύτῃ
3610 5249 3682 5324 ἦν
3712 5259 3784 5327 τῇ

2195 5334 2354 5407 οὐσίᾳ
2387 5337 2421 5408 ἡ
2459 5337 2729 5408 γέννησις.
2765 5339 2975 5394 Οὐκοῦν
3000 5340 3126 5395 ἄλλο
3157 5341 3255 5412 μέν
3283 5359 3336 5394 τι
3372 5346 3488 5396 νοεῖ
3515 5345 3614 5415 τὴν
3652 5363 3791 5414 γεν-

2198 5443 2376 5499 νησιν,
2407 5427 2534 5482 ἀλλο
2560 5429 2615 5482 δέ
2651 5446 2706 5482 τι
2735 5428 2834 5501 τὴν
2867 5430 3054 5486 οὐσίαν
3078 5431 3112 5504 ἢ
3147 5431 3244 5504 τὴν
3263 5432 3514 5505 γέννησιν
3535 5435 3784 5506 δέχεται.

2198 5519 2272 5574 Οὐ
2305 5519 2412 5591 γὰρ
2452 5521 2519 5572 ἂν
2550 5515 2620 5592 ἦν
2660 5523 2824 5577 ταύτὸ
2856 5523 2934 5596 τῷ
2976 5523 3357 5597 ὑποδεχομένῳ
3396 5525 3458 5580 τὸ
3503 5525 3792 5598 λαμϐανό-

2201 5627 2378 5682 μενον.
2411 5610 2582 5666 Τοῦτο
2613 5614 2709 5686 μὲν
2736 5609 2829 5672 οὖν
2859 5617 2892 5688 ἡ
2936 5612 3078 5686 σοφὴ
3099 5617 3190 5672 τοῦ
3222 5618 3560 5691 λογογράφου
3594 5635 3791 5694 τεχνο-

592 5727 638 5762 “
667 5726 832 5785 llcbr.
858 5742 896 5799 ι,
923 5728 975 5786 5.
1055 5727 1097 5759 ⁸³
1125 5725 1360 5798 Philipp.
1391 5742 1450 5794 ιι,
1483 5726 1534 5781 7.
1613 5723 1657 5757 ³⁰
1684 5722 1842 5780 Joan.
1877 5738 1952 5790 vr,
1984 5724 2075 5782 27.

2193 5736 2196 5758 ι
2227 5724 2386 5784 Joan.
2417 5741 2528 5794 xw,
2564 5727 2620 5783 9.
