3992 6210
223 281 328 338 675

1351 278 2054 348 CONTRA'EUNOMIUM,
2093 279 2223 338 LIB.
2262 280 2353 338 Ν.

3379 284 3486 340 674

221 395 382 464 λογία
414 394 600 466 φησίν.
636 395 697 448 Εἰ
729 393 788 448 δέ
816 411 900 459 τις
928 396 1169 465 ἔγκειται
1193 396 1318 462 νοῦς
1344 401 1454 464 τοῖς
1476 400 1808 473 εἰρημένοις,

1917 397 2136 468 accipit;
2176 413 2286 453 non
2311 396 2458 454 enim
2485 405 2631 454 esset
2662 397 2804 454 idem
2825 411 2950 452 eum
2977 411 3045 453 eo
3076 397 3219 467 quod
3250 400 3485 470 suscipit

221 488 253 540 ό
272 485 485 558 κρίνειν
503 485 704 540 έπεσκε
713 485 915 555 μμένος
939 487 1326 558 ἐπισκεψάσθω
1342 490 1429 546 τὸν
1441 489 1617 560 λόγον.
1637 489 1805 545 Πάλιν

222 578 280 632 δὲ
304 576 368 630 τὺ
400 575 566 648 ῥηθὲν
598 576 962 650 ἀναλήψομαι.

296 843 492 898 Οὐδὲν
513 843 722 913 ἕτερον
752 844 1060 912 εὑρίσκειν
1087 843 1233 914 λέγει
1261 844 1422 913 παρά
1450 843 1564 914 τὴν
1589 846 1810 901 οὐσίαν

224 936 330 990 τοῦ
372 935 514 990 Υἱοῦ
562 937 628 990 τὸ
659 935 988 1006 δεχόμενον
1036 935 1151 1004 τὴν
1195 934 1504 1008 γέννησιν.
1557 937 1716 990 Ἀλλὰ
1750 937 1809 991 τὸ

226 1027 503 1100 μηδεμίαν
541 1029 823 1098 ἐγκεῖσθαι
861 1032 973 1094 τοῖς
1003 1031 1312 1102 εἰρημένοις
1358 1029 1616 1095 διάνοιαν,
1647 1031 1808 1085 παντὶ

221 1120 385 1189 δῆλόν
416 1122 534 1172 ἐστι
572 1119 652 1190 τῷ
687 1119 783 1175 καὶ
813 1118 1061 1173 ὁπωσοῦν
1100 1119 1344 1174 ὲπαῖοντι
1372 1118 1560 1189 λόγον·
1595 1121 1800 1173 ύπόλοι·

223 1226 328 1263 πον
359 1209 418 1262 δὲ
443 1210 510 1264 ἂν
545 1209 631 1280 εἴη
662 1210 761 1281 τὴν
807 1209 1153 1280 βλασφημίαν
1192 1213 1272 1275 εἰς
1301 1211 1362 1265 τὸ
1403 1212 1644 1283 ἐμφανὲς
1672 1214 1809 1280 ἁγα-

224 1305 370 1369 γεῖν,
405 1303 472 1373 ἢν
512 1301 596 1355 διὰ
646 1302 756 1355 τῶν
797 1301 1124 1373 ἀδιανοήτων
1165 1301 1370 1356 τούτων
1411 1302 1808 1367 κατασκευάζει

225 1395 517 1465 ῥημάτων.
547 1394 804 1448 Βούλεται
831 1393 961 1466 γὰρ,
995 1396 1043 1449 εί
1084 1395 1179 1448 καὶ
1219 1394 1295 1466 μὴ
1331 1393 1574 1458 δύναται,
1602 1395 1689 1448 διά
1712 1395 1808 1467 τὴν

223 1489 631 1560 ἑρμηνευτικὴν
654 1489 894 1556 ἀτονίαν,
920 1490 1125 1560 ταύτην
1147 1490 1444 1562 ἐμποιῆσαι
1471 1494 1584 1554 τοῖς
1606 1493 1802 1562 ἀκροαο

219 1583 342 1643 ταῖς
385 1581 489 1651 τὴν
517 1579 774 1646 διάνοιαν,
826 1583 907 1635 ὅτι
946 1583 1364 1654 κατασκευαστή
1393 1583 1509 1636 ἐστι
1556 1581 1648 1636 τοῦ
1678 1583 1806 1636 Υίοῦ

220 1675 251 1733 ἡ
287 1671 577 1742 σημιισία⁹
623 1672 874 1744 γέννησιν
922 1673 980 1726 δὲ
1018 1673 1115 1744 τὴν
1152 1674 1494 1746 κατασκευὴν
1528 1675 1802 1746 ὀνομάζει,

1913 488 1964 543 id
1991 486 2138 559 quod
2173 487 2428 542 sumitur.
2458 485 2571 542 Hoc
2591 486 2809 557 quidem
2841 486 3005 557 hujus
3034 487 3326 556 scriptoris
3353 489 3486 542 arti-

1911 579 2098 634 ticiosa
2116 578 2414 648 disputatio
2431 579 2647 634 asserit.
2665 577 2821 644 Quod
2834 580 2880 634 si
2896 595 3002 650 qua
3019 578 3182 634 dictis
3197 580 3397 637 insidet
3410 582 3490 636 in-

1909 671 2230 739 telligentia,
2244 672 2334 740 qui
2349 670 2598 741 judicare
2618 669 2904 741 diligenter
2921 671 3212 727 meditatus
3223 680 3326 735 est,
3347 688 3486 728 con-
3583 661 3587 665 ’

1909 763 2114 819 sideret
2139 779 2470 818 sermonem.
2487 762 2685 818 lterum
2701 762 2846 832 quod
2863 763 3068 818 dictum
3087 771 3170 820 est
3189 779 3487 819 resumam.

1981 853 2137 908 Nihil
2184 855 2332 909 aliud
2386 855 2503 910 licet
2565 856 2815 919 invenire,
2880 855 3079 926 inquit,
3137 867 3489 926 prwterquam

1909 945 2194 997 essentiam
2251 941 2388 998 Filii
2431 945 2570 1016 quod
2620 946 2872 999 admittat
2929 949 3340 1016 generationem.
3380 947 3486 1003 Sed

1917 1033 2125 1087 nullum
2169 1035 2400 1091 subesse
2459 1035 2543 1092 his
2598 1036 2762 1092 dictis
2805 1053 3026 1093 sensum
3063 1040 3237 1095 cuivis
3282 1041 3492 1110 perspi-

1911 1138 2074 1178 cuum
2135 1133 2255 1191 est,
2303 1126 2383 1181 vel
2440 1142 2768 1199 quocunque
2813 1130 2975 1185 modo
3033 1146 3336 1188 sermonem
3393 1150 3490 1187 au-

1909 1217 2099 1273 dienti.
2147 1218 2436 1290 Reliquum
2476 1220 2638 1274 fuerit
2682 1221 3074 1290 blasphemiam
3133 1224 3188 1277 in
3237 1234 3484 1294 apertum

1910 1308 2174 1380 proferre,
2227 1326 2388 1381 quam
2421 1327 2516 1381 per
2544 1311 2660 1365 haec
2684 1312 2846 1366 verba
2876 1313 3082 1366 nullum
3115 1330 3337 1370 sensum
3393 1316 3488 1369 ha-

1910 1400 2091 1454 bentia
2132 1403 2422 1476 construit.
2458 1399 2588 1454 Vult
2629 1400 2796 1466 enim,
2847 1403 2948 1456 etsi
2993 1419 3100 1458 non
3151 1413 3350 1474 potest.
3391 1423 3488 1475 per

1909 1493 2379 1562 interpretativam
2438 1494 2863 1550 imbecillitatem
2925 1496 3065 1550 hanc
3145 1499 3487 1555 auditoribus

1911 1581 2150 1638 inserere
2166 1585 2667 1656 sententiam,quod
2689 1585 2809 1640 Filii
2827 1587 3151 1656 signiﬁcatio
3173 1600 3486 1645 constructa

1910 1681 2014 1736 est,
2074 1674 2128 1728 id
2164 1683 2249 1730 est
2272 1676 2399 1746 quid
2433 1677 2710 1731 conditum
2763 1677 3012 1734 indicans
3038 1697 3054 1746 ;
3083 1681 3487 1750 generationem

217 1765 288 1833 τῇ
341 1763 694 1835 εὐσημοτάτῃ
730 1767 880 1836 φωνῇ
924 1765 986 1817 τὸ
1028 1765 1256 1837 φρικτὸν
1305 1767 1670 1838 περιστέλλων
1708 1770 1808 1839 τῆς

1917 1765 2054 1818 enim
2068 1773 2400 1820 structuram
2425 1768 2667 1821 nominat
2687 1769 3189 1840 signiﬁcantissima
3206 1787 3336 1827 voce
3358 1773 3487 1827 hor-

221 1852 611 1922 βλασφημίας·
646 1852 722 1916 ὠς
760 1851 824 1906 ἂν
854 1853 1255 1924 εὐπαράδεκτος
1286 1855 1494 1924 γένοιτο
1521 1858 1554 1928 ή
1595 1857 1689 1910 τοῦ
1713 1859 1806 1912 ὲκ-

217 1942 410 1996 τίσθαι
450 1943 546 1997 τὸν
582 1943 786 2010 Κύριον
816 1944 1232 2012 συγκατάθεσις,
1261 1950 1331 2018 τῇ
1364 1947 1465 2017 τῆς
1503 1949 1808 2020 γεννήσεως

215 2035 367 2100 λέξει
398 2037 501 2106 τῆς
538 2037 884 2107 κατασκευῆς
919 2036 1272 2110 δηλουμένης.
1311 2040 1474 2108 Λέγει
1505 2039 1686 2093 τοίνυν
1724 2042 1808 2094 ὅτι

214 2130 248 2196 ἡ
284 2127 449 2180 οὐσία
479 2128 579 2198 τὴν
620 2127 871 2198 γέννησιν
898 2127 1133 2198 δέχεται,
1174 2128 1241 2180 ἶν’
1275 2127 1463 2201 ὥσπερ
1491 2130 1550 2183 ὲν
1585 2131 1809 2183 ὑποκει-

218 2219 377 2289 μένῳ
407 2218 516 2272 τινὶ
554 2218 839 2288 πράγματι
877 2220 1026 2272 πᾶσα
1062 2221 1373 2290 κατασκευὴ
1402 2220 1693 2294 θεωρῆται.
1732 2222 1807 2276 Ού

215 2311 335 2380 γὰρ
383 2311 453 2366 ἄν
489 2327 575 2373 τις
628 2311 771 2362 εἴποι
809 2309 1246 2365 κατεσκευάσθαι
1291 2311 1320 2364 ὃ
1354 2312 1429 2384 μὴ
1482 2314 1807 2384 ὑφέστηκεν,

216 2400 402 2465 οὕτως
422 2397 535 2455 οἷόν
556 2418 608 2454 τι
626 2400 1056 2472 κατασκεύασμα
1072 2402 1171 2474 τὴν
1196 2402 1289 2457 τοῦ
1311 2403 1650 2472 Μονογενοῦς
1672 2403 1808 2458 Θεοῦ

220 2493 396 2561 φύσιν
431 2492 725 2564 προτείνας
752 2491 832 2564 τῷ
855 2493 1000 2564 λόγῳ
1021 2493 1121 2563 τὴν
1153 2492 1393 2565 ποίησιν.
1424 2495 1486 2547 Et
1511 2495 1687 2548 τοίνυν
1711 2494 1811 2566 τὴν

217 2585 488 2654 γέννησιν
510 2583 722 2654 δέχεται
751 2583 976 2655 ταύτην,
1001 2585 1154 2654 φησὶ,
1186 2584 1395 2638 τοιοῦτο
1417 2587 1658 2656 σημᾶναι
1689 2587 1812 2656 βου-

218 2677 458 2746 λόμενος
489 2676 572 2728 ὅτι
611 2675 712 2730 οὐκ
737 2671 936 2748 ἂνῆν,
961 2677 1010 2730 εἰ
1060 2675 1134 2747 μὴ
1165 2675 1597 2749 κατεσκευάσθη.
1641 2677 1706 2730 Τί
1753 2677 1811 2730 δὲ

217 2767 358 2820 ἄλλο
391 2766 502 2820 τῶν
530 2767 587 2820 ὲν
615 2768 680 2839 τῇ
707 2767 883 2821 κτίσει
919 2766 1308 2839 θεωρουμένων
1336 2767 1453 2821 ἐστὶ
1480 2767 1558 2840 μὴ
1581 2769 1812 2839 γενόμε-

215 2875 348 2923 vov;
391 2858 654 2930 Οὐρανὸς,
689 2861 782 2930 γῆ,
819 2858 948 2929 ἀὴρ,
984 2857 1241 2924 θάλαττα,
1285 2861 1394 2914 πᾶν
1416 2859 1516 2913 δτί
1540 2859 1646 2932 πέρ
1671 2861 1808 2925 ἐστι,

215 2949 528 3020 γενόμενον
557 2949 774 3015 πάντως
803 2950 974 3006 ἐστίν.
1001 2942 1102 3003 Ὧν
1139 2950 1289 3004 οὐδὲν
1323 2950 1389 3005 ἂν
1411 2946 1502 3022 ἦν,
1530 2952 1578 3004 εί
1619 2951 1694 3023 μὴ
1718 2967 1814 3020 γε-

214 3042 456 3111 νόμενον
492 3037 579 3113 ἦν.
613 3041 737 3104 Πῶς
775 3037 868 3096 οὖν
901 3043 977 3106 ὡς
1011 3041 1290 3115 ἐξαίρετόν
1327 3060 1378 3097 τι
1403 3045 1470 3114 τῇ
1501 3043 1597 3096 τοῦ
1640 3045 1811 3098 Mavo-

216 3135 424 3201 γενοῦς
473 3133 810 3206 ὲνεθεὼρησε
848 3134 1028 3204 φύσει,
1064 3135 1125 3188 τὸ
1175 3136 1253 3198 είς
1279 3135 1448 3206 αὐτὴν
1485 3135 1582 3206 τὴν
1622 3135 1811 3188 οὐσίαν

219 3225 589 3296 ἀναδέχεσθαι
606 3225 704 3296 τὴν
724 3225 1004 3296 γέννησιν;
1038 3224 1194 3279 Οὕτω
1217 3225 1324 3298 γὰρ
1349 3225 1445 3298 τὴν
1465 3227 1812 3298 κατασκευὴν

217 3315 512 3387 ὀνομάζει,
542 3315 619 3378 ὡς
667 3315 760 3368 τοῦ
801 3314 1094 3386 βομϐυλίου
1137 3317 1232 3370 καὶ
1277 3315 1372 3369 τοῦ
1415 3314 1675 3380 κώνωπος
1713 3316 1814 3370 ούκ

220 3411 302 3474 εις
360 3408 576 3473 ἑαυτὸν,
637 3407 752 3462 ἀλλ’
790 3409 871 3472 είς
927 3407 1114 3479 ἕτερόν
1141 3426 1192 3461 τι
1236 3409 1367 3480 παρ’
1414 3409 1607 3463 ἑαυτὸν
1653 3407 1812 3470 δεξα-

227 3502 398 3572 μένου
431 3500 531 3571 τὴν
559 3499 830 3571 γέννησιν.
871 3499 1079 3553 Οὐκοῦν
1107 3499 1447 3571 ὁμολογεῖται
1472 3499 1563 3553 διὰ
1589 3501 1694 3553 τῶν
1721 3516 1815 3568 γε-

223 3592 591 3665 γραμμένων,
626 3593 708 3646 ὅτι
735 3591 830 3645 καὶ
857 3592 994 3664 πρὸς
1031 3590 1099 3644 τὰ
1127 3593 1429 3663 μικρότατα
1461 3595 1560 3664 τῆς
1583 3592 1814 3656 κτίσεως

226 3686 427 3757 μόρια,
459 3685 838 3737 κοινοποιεῖται
886 3683 1018 3754 παρ’
1059 3682 1238 3736 αὐτῶν
1267 3681 1361 3736 τοῦ
1410 3683 1744 3752 Μονογενοῦς
1775 3683 1810 3754 ἡ

221 3779 416 3844 οὐσία,
445 3777 538 3830 καὶ
572 3777 683 3829 πᾶν
709 3776 1041 3847 ἐπιχείρημα
1076 3775 1142 3829 δι’
1169 3766 1231 3829 οὗ
1275 3776 1741 3842 κατασκευάζεται
1775 3780 1810 3849 ἡ

225 3869 374 3941 πρὸς
427 3868 517 3921 τὸν
545 3867 767 3938 Πατέρα
793 3867 888 3920 τοῦ
934 3865 1065 3920 Υἰοῦ
1094 3866 1468 3938 ἀλλοτρίωσις,
1508 3869 1629 3940 ἴσην
1661 3870 1814 3940 ἰσχὺν

223 3965 326 4015 καὶ
359 3961 459 4014 ἐπὶ
489 3960 597 4013 τῶν
635 3959 756 4013 καθ’
781 3958 1010 4013 ἕκαστον
1051 3958 1185 4029 ἔχει.
1223 3961 1318 4024 Τίς
1345 3956 1437 4014 οὖν
1465 3961 1612 4032 αύτῷ
1655 3963 1814 4031 χρεία

220 4059 329 4127 τῆς
353 4052 608 4123 ποικίλης
631 4051 834 4122 ταύτης
858 4053 1053 4106 λεπτου
1063 4052 1218 4124 ργίας
1239 4054 1320 4117 είς
1351 4055 1696 4125 κατασκευὴν
1717 4055 1816 4127 τῆς

223 4147 379 4201 κατὰ
424 4146 586 4216 φύσιν
620 4145 1060 4216 ἀλλοτριότητος,
1109 4145 1230 4198 δέον
1271 4144 1372 4216 τὴν
1406 4144 1670 4215 σύντομον
1717 4147 1817 4218 τῆς

222 4239 522 4310 ἀρνήσεως
552 4236 670 4289 ὁδὸν
712 4236 985 4308 τραπῆναι
1023 4234 1101 4306 τῷ
1144 4234 1395 4306 φανερῶς
1430 4235 1684 4288 ἀπειπεῖν
1739 4236 1815 4308 μὴ

221 4331 340 4384 δεῖν
366 4327 750 4398 ὁμολογεῖσθαι
790 4326 886 4380 τοῦ
926 4327 1058 4380 Υἱοῦ
1092 4327 1154 4380 τὸ
1194 4326 1386 4398 ὄνομα,
1421 4326 1558 4399 μηδὲ
1599 4327 1694 4380 τὸν
1718 4345 1817 4398 μο-

1910 1855 2121 1911 ribilem
2148 1857 2541 1926 blasphemiam
2569 1861 2968 1925 communiens.
3001 1868 3061 1915 ut
3084 1863 3490 1933 sitacceptissi-

1908 1959 1996 1998 ma
2029 1947 2278 2001 assensio
2300 1945 2444 2016 quod
2469 1945 2732 2001 Dominus
2761 1947 2834 2002 sit
2853 1957 3090 2012 creatus,
3119 1949 3486 2018 generationis

1908 2035 2146 2092 dictione
2185 2043 2519 2091 structuram
2553 2036 2887 2094 declarante.
2950 2037 3089 2093 Dicit
3117 2039 3301 2110 itaque
3339 2039 3486 2110 quod

1909 2133 2146 2188 essentia
2175 2136 2579 2202 generationem
2630 2133 2852 2203 accipit,
2885 2141 2944 2187 ut
2975 2143 3232 2204 tanquam
3291 2135 3347 2187 in
3387 2135 3488 2188 ali—

1909 2238 2018 2294 qua
2044 2238 2105 2278 re
2157 2223 2406 2292 subjecta
2443 2223 2625 2279 omnis
2654 2226 2992 2282 constructio
3037 2233 3335 2296 spectetur.
3367 2225 3485 2286 Non

1909 2311 2055 2367 enim
2082 2311 2208 2382 quis
2235 2311 2436 2367 dixerit
2479 2321 2860 2369 constructum
2889 2329 3010 2370 esse
3037 2315 3178 2384 quod
3215 2329 3322 2369 non
3353 2316 3486 2369 sub-

1910 2402 2094 2466 sistat,
2125 2402 2205 2457 sic
2231 2401 2379 2456 velut
2405 2402 2677 2470 quoddam
2725 2402 3011 2456 aediﬁcium
3064 2401 3159 2456 Dei
3213 2401 3486 2474 Unigeniti

1910 2500 2162 2548 naturam
2202 2492 2532 2563 protendens
2581 2507 2835 2548 sermone
2876 2491 3160 2546 facturam.
3198 2489 3254 2546 Si
3296 2493 3483 2563 igitur,

1910 2586 2110 2657 inquit.
2163 2586 2566 2656 generationem
2601 2583 2741 2639 hanc
2773 2584 2994 2654 accipit,
3030 2585 3132 2639 hoc
3172 2585 3487 2655 significare

1911 2677 2122 2743 volens,
2158 2677 2302 2747 quod
2333 2691 2442 2730 non
2476 2685 2641 2740 esset,
2696 2690 2889 2746 nempe
2919 2674 3190 2747 Unigeniti
3223 2678 3484 2742 essentia,

1911 2768 2018 2825 nisi
2045 2769 2264 2824 condita
2292 2775 2459 2824 esset.
2495 2765 2636 2832 Quid
2671 2777 2850 2822 autem
2887 2767 3033 2821 aliud
3065 2783 3252 2822 eorum
3282 2783 3403 2838 quae
3430 2771 3486 2823 in

1912 2871 2164 2916 creatura
2215 2859 2630 2930 conspiciuntur
2677 2868 2764 2914 est
2802 2874 2912 2913 non
2967 2857 3170 2914 {aetum
3199 2860 3222 2913 ?
3248 2859 3485 2924 Caelum,

1913 2958 2078 3017 terra,
2103 2966 2221 3016 aer,
2249 2966 2421 3017 mare,
2454 2951 2718 3022 quidquid
2757 2959 2863 3017 est,
2896 2951 3120 3006 omnino
3143 2950 3344 3006 factum
3367 2962 3483 3008 est:

1913 3057 2144 3112 quorum
2172 3041 2306 3097 nihil
2339 3050 2486 3099 esset
2507 3043 2608 3097 nisi
2637 3040 2837 3095 factum
2875 3049 3040 3097 esset.
3071 3040 3354 3108 Quomodo
3382 3042 3486 3113 igi-

1915 3143 2003 3198 tur
2035 3141 2095 3188 ut
2133 3135 2394 3189 eximium
2432 3135 2694 3205 quiddam
2737 3133 2789 3188 in
2834 3133 3112 3204 Unigeniti
3145 3144 3340 3190 natura
3369 3150 3490 3204 spe-

1913 3224 2128 3279 culatus
2156 3231 2261 3288 est,
2296 3239 2491 3294 nempe
2517 3240 2636 3280 eam
2680 3225 2854 3294 ipsam
2891 3224 3193 3280 essentiam
3239 3227 3490 3296 accipere

1912 3316 2318 3387 generationem
2354 3317 2377 3370 ?
2411 3316 2504 3373 Sic
2540 3317 2687 3372 enim
2746 3318 3083 3372 creationem
3113 3317 3391 3381 nominat,
3430 3327 3490 3373 ut

1911 3408 2172 3480 bombylii
2241 3410 2551 3481 (cujusdam
2585 3409 2704 3480 apis
2763 3409 3117 3480 obstrepere)
3157 3417 3213 3466 et
3269 3411 3485 3475 eulicis,

1913 3515 2023 3556 non
2084 3501 2140 3555 in
2173 3500 2561 3572 seipsum,sed
2601 3500 2658 3554 in
2725 3499 2957 3555 alterum
3017 3500 3272 3571 quiddam
3325 3517 3490 3572 quam

1913 3592 2153 3664 seipsum
2188 3593 2283 3663 qui
2306 3593 2517 3662 accepit
2546 3592 2974 3663 generationem.
2999 3591 3167 3663 Igitur
3192 3592 3488 3650 conﬁtetur

1915 3698 2012 3754 per
2030 3683 2232 3752 scripta
2271 3681 2420 3752 quod
2450 3682 2614 3737 etiam
2646 3697 2771 3737 cum
2798 3682 3038 3736 minimis
3065 3693 3329 3739 creatura:
3358 3701 3488 3754 par-

1914 3775 2098 3830 ticulis
2114 3775 2182 3828 ab
2198 3773 2331 3844 ipsis
2355 3771 2629 3843 Unigeniti
2653 3773 2893 3830 essentia
2906 3773 3214 3828 communis
3229 3775 3486 3832 eﬂicitur:

1914 3865 2202 3936 omnisque
2225 3866 2628 3937 argumentatio
2658 3880 2764 3936 qua
2797 3865 2865 3920 ad
2895 3864 3107 3921 Patrem
3127 3863 3244 3919 Filii
3284 3867 3490 3922 aliena-

1915 3958 1994 4013 tio
2031 3957 2372 4013 construitur
2410 3957 2464 4012 in
2493 3957 2725 4028 singulis
2771 3957 2941 4012 rebus
2971 3958 3079 4010 vim
3121 3958 3281 4013 habet
3309 3974 3492 4027 aequa-

1915 4049 2042 4106 lem.
2077 4049 2219 4116 Quid
2251 4050 2418 4121 igitur
2453 4049 2504 4106 ei
2550 4049 2653 4104 fuit
2707 4063 2845 4119 opus
2889 4049 2991 4105 hac
3022 4050 3174 4104 varia
3201 4057 3256 4106 et
3304 4052 3490 4107 subtili

1917 4152 2057 4207 arte,
2098 4149 2157 4197 ut
2197 4148 2411 4197 astruat
2473 4140 2599 4196 Filii
2643 4139 2943 4196 essentiam
2996 4156 3028 4196 a
3057 4149 3255 4196 natura
3312 4143 3493 4200 Patris

1917 4232 2150 4287 alienam
2194 4247 2353 4298 esse;
2416 4245 2542 4285 cum
2597 4237 2877 4299 oporteret
2927 4231 3390 4301 compendiariam
3439 4241 3494 4288 et

1916 4321 2134 4377 brevem
2161 4321 2305 4375 viam
2337 4319 2718 4390 abnegationis
2745 4318 2954 4388 ingredi
2985 4320 3050 4375 ad
3074 4329 3261 4391 aperte
3290 4338 3494 4392 negan-

226 4421 431 4491 νοτενῆ
464 4420 600 4474 Θεὸν
638 4421 696 4473 ὲν
714 4423 835 4483 ταῖς
879 4419 1223 4492 Ἐκκλησίαις
1247 4419 1648 4489 κηρύσσεσθαι,
1680 4420 1812 4475 ἀλλὰ

1919 4409 2050 4464 dum
2068 4419 2120 4464 et
2156 4408 2449 4464 dicendum
2467 4425 2576 4463 non
2597 4423 2720 4464 esse
2741 4406 2864 4462 Filii
2887 4423 3085 4464 nomen
3099 4412 3491 4476 conﬁtendum.

223 4513 334 4582 τὴν
376 4509 678 4581 ἰουδαῖκὴν
722 4509 974 4580 λατρείαν
1006 4508 1348 4581 κυριωτέραν
1388 4507 1487 4578 τῆς
1529 4507 1637 4561 τῶν
1678 4507 1818 4577 Χρι-

228 4602 475 4656 στιανῶν
517 4601 722 4672 κρίνειν
757 4600 1065 4672 ὁμολογίας,
1114 4601 1210 4654 καὶ
1243 4599 1404 4670 μόνον
1446 4599 1670 4671 κτίστην
1719 4599 1817 4653 καὶ

225 4691 575 4763 δημιουργὸν
624 4689 1018 4760 ὁμολογοῦντας
1073 4689 1168 4744 τὸν
1220 4690 1472 4762 Πατέρα,
1528 4689 1598 4745 τά
1653 4690 1818 4744 λοιπά

230 4785 424 4838 πάντα
458 4782 539 4854 τῷ
568 4783 666 4854 τῆς
695 4782 926 4846 κτίσεως
959 4782 1189 4851 ὑπάγειν
1216 4780 1438 4853 ὀνόματι
1475 4798 1535 4836 τε
1576 4781 1671 4836 καὶ
1697 4781 1818 4854 νοή-

231 4893 378 4945 ματι
396 4890 412 4906 ο
443 4875 504 4927 ὲν
536 4874 596 4926 δὲ
641 4873 853 4936 τούτοις
899 4871 962 4926 τὸ
1009 4871 1119 4926 τῶν
1161 4871 1336 4925 ἄλλων
1381 4870 1818 4941 προτεταγμένον

225 4964 406 5036 ἔργον
426 4965 637 5035 ποίημα
663 4962 842 5033 λέγειν
861 4963 950 5018 διά
970 4979 1116 5026 τινος
1145 4964 1648 5031 κατασκευαστικῆς
1671 4963 1812 5034 ἐνερ⁴

227 5055 402 5122 τείας
428 5055 746 5125 γενόμενον,
778 5055 872 5107 καὶ
902 5055 1304 5125 πρωτόκτιστον
1332 5053 1454 5106 ἀντὶ
1497 5051 1819 5122 μονογενοῦς

228 5141 384 5196 Θεοῦ
413 5144 507 5196 καὶ
538 5142 790 5213 ἀληθινοῦ
824 5142 953 5197 Υίοῦ
982 5141 1482 5214 προσαγορεύοντας
1498 5157 1514 5205 ;

1919 4515 2097 4569 neque
2127 4499 2468 4570 unigenitum
2494 4499 2661 4556 Deum
2677 4501 2732 4554 in
2760 4499 3019 4557 Ecclesiis
3047 4500 3449 4572 pradicandum
3476 4523 3493 4571 ;

1919 4589 2016 4646 sed
2050 4585 2364 4643 Judzeorum
2400 4589 2606 4643 cultum
2650 4587 3007 4657 iudicandum
3034 4604 3158 4645 esse
3212 4591 3492 4660 proprium

1918 4679 2092 4750 magis
2123 4693 2286 4748 quam
2319 4677 2760 4735 Christianorum
2791 4677 3218 4744 confessionem,
3248 4677 3340 4750 qui
3372 4677 3495 4748 qui-
3599 4740 3611 4753 _

1919 4770 2042 4827 dem
2067 4769 2239 4826 Judmi
2273 4771 2449 4826 solum
2507 4777 2809 4825 creatorem
2864 4777 2918 4826 et
2951 4770 3200 4840 opiﬁcem
3243 4771 3493 4827 condito-

1918 4878 2146 4934 remque
2181 4859 2397 4919 Patrem
2424 4862 2774 4929 contitentur,
2810 4861 3020 4931 reliqua
3051 4863 3233 4918 omnia
3289 4862 3496 4918 notioni

1927 4963 1982 5011 et
2011 4955 2222 5010 nomini
2249 4961 2515 5010 creatura:
2549 4969 2672 5010 esse
2699 4955 3066 5025 subjicienda;
3095 4955 3149 5010 in
3175 4956 3262 5010 his
3289 4962 3495 5018 autem,

1925 5046 2072 5118 quod
2114 5046 2238 5102 aliis
2276 5046 2626 5117 prtepositum
2677 5055 2764 5102 est
2812 5046 2928 5102 sive
2980 5047 3132 5117 prius
3185 5047 3499 5101 ordinatum

1928 5157 2068 5215 Opus
2094 5141 2386 5198 dicendum
2415 5139 2625 5212 ποίημα
2657 5141 2943 5208 facturam,
2966 5143 3112 5197 velut
3147 5143 3382 5212 quadam
3415 5140 3498 5195 fa-

229 5234 375 5290 brili
398 5235 806 5290 constructione
829 5233 1029 5288 factam
1054 5251 1069 5288 :
1099 5241 1154 5288 et
1183 5233 1306 5288 loco
1344 5230 1611 5302 unigeniti
1641 5229 1736 5287 Dei
1761 5238 1816 5288 et
1835 5234 1953 5290 veri
1974 5233 2098 5289 Filii
2130 5233 2530 5306 πρωτόκτιστον
2567 5232 2766 5303 (primo
2792 5233 3059 5302 creatum)
3081 5233 3502 5303 appellandum?

309 5326 540 5381 Τούτων
570 5326 678 5397 γὰρ
716 5325 1134 5398 κεκρατηκότων
1150 5365 1167 5391 ,
1216 5324 1437 5380 εὐκολία
1473 5324 1641 5394 πολλὴ
1685 5324 1822 5396 πρὸς

230 5421 338 5474 ὠν
379 5418 578 5472 σκοπὸν
601 5418 781 5472 αὐτῶν
813 5415 1351 5488 συμπερανθῆναιτά
1380 5415 1656 5488 δόγματα,
1687 5417 1820 5472 πάν-

232 5528 362 5564 των
401 5509 544 5564 κατά
580 5509 640 5563 τὸ
685 5509 831 5572 είκδς
873 5510 938 5562 ὲκ
978 5509 1077 5579 τῆς
1102 5507 1357 5580 τοιαύτης
1400 5509 1574 5580 ἀρχῆς
1600 5507 1736 5579 πρὸς
1761 5507 1824 5560 τὸ

229 5599 546 5654 ἀκόλουθον
585 5599 989 5671 ὁδηγουμένωνο
1031 5600 1114 5652 ὅτι
1142 5599 1234 5654 τὸν
1275 5599 1414 5670 μήτε
1463 5599 1786 5671 γεννηθέντα
1805 5638 1821 5663 ,

231 5693 402 5764 μήτε
442 5691 563 5746 Υίδν
599 5691 726 5747 ὅντα
746 5730 762 5758 ,
807 5690 897 5745 διὰ
931 5690 987 5746 δέ
1032 5707 1178 5755 τινος
1207 5689 1486 5764 ἐνεργείας
1519 5690 1826 5745 ὑποστάντα

1995 5324 2095 5381 His
2135 5326 2280 5381 enim
2335 5325 2774 5396 pmvalentibus,
2825 5324 3081 5400 facillime
3128 5325 3198 5380 ad
3253 5325 3499 5395 ipsorum

1925 5431 2152 5488 scopum
2209 5416 2464 5488 dogmata
2497 5414 2919 5480 concluduntur,
2967 5415 3223 5474 omnibus
3271 5427 3331 5474 ut
3365 5435 3501 5476 con-

1927 5515 2252 5594 sentaneum
2282 5522 2348 5563 ex
2379 5507 2476 5561 tali
2526 5507 2796 5578 principio
2845 5507 2912 5563 ad
2943 5507 2994 5563 id
3017 5509 3165 5580 quod
3194 5519 3280 5567 est
3310 5527 3502 5570 conse-

1929 5614 2104 5671 quens
2127 5597 2350 5655 directis
2382 5611 2544 5652 :eum
2587 5611 2782 5667 nempe
2800 5597 2894 5669 qui
2931 5615 3106 5670 neque
3131 5602 3370 5672 genitus,
3402 5617 3502 5658 no-

1935 5707 2045 5763 que
2081 5690 2254 5749 Filius
2289 5699 2393 5757 est,
2426 5689 2519 5748 sed
2549 5689 2646 5762 qui
2683 5693 2998 5762 operatione
3039 5694 3275 5764 quadam
3315 5691 3500 5750 subsi-
