3992 6210
468 280 471 283 ’
518 315 627 373 s75
1636 328 1645 337 -
1758 301 1817 357 s.
1858 292 2500 356 GREGORIINYSSENI
3679 303 3789 357 ora

518 438 641 501 stit,
680 441 1026 490 communem
1065 436 1191 479 cum
1252 417 1366 475 Deo
1422 415 1623 472 habere
1649 414 1947 472 essentiam
1992 426 2099 467 non

2203 414 2480 464 κοινωνεῖν
2509 408 2588 482 τῷ
2613 408 2734 481 Θεῷ
2759 411 2859 483 τῆς
2882 410 3070 475 οὐσίας
3108 411 3207 483 ούχ
3228 407 3340 466 οἷόν
3368 428 3447 467 τε.
3479 412 3623 475 Ἕως
3650 412 3698 464 δ’
3727 414 3795 466 ἂν

500 526 705 603 posse.
736 524 925 592 Quoad
981 526 1162 574 autem
1194 513 1615 586 Evangeliorum
1647 524 1810 566 voces
1841 508 2103 580 prmvale-

519 624 678 684 bunt,
707 617 909 689 quibus
940 612 1111 668 Filius
1140 618 1194 665 et
1231 607 1555 677 Unigenilus
1578 614 1632 661 et
1657 620 1723 661 ex
1753 603 1914 659 Patre
1949 610 2004 658 et
2037 617 2102 657 ex

522 714 653 773 Deo,
736 717 792 765 et
875 706 1009 762 talia
1077 701 1409 775 prmdicatur
1474 715 1491 754 :
1572 696 1778 753 frustra
1849 692 2105 750 delirabit

520 803 763 874 seipsum
817 806 873 855 et
931 813 1063 853 suos
1125 795 1326 849 talibus
1385 790 1545 860 nugis
1604 788 1801 844 fallens
1847 794 1902 842 et
1952 785 2103 841 deci-

522 898 702 968 piens.
731 891 864 947 Nam
911 904 1036 945 eum
1068 886 1190 941 Filii
1222 882 1514 955 appellatio
1558 894 1743 935 veram
1777 893 1902 934 cum
1946 875 2104 931 Patre

523 987 840 1043 relationem
875 980 1140 1043 clamitet,
1197 976 1321 1046 quis
1356 974 1433 1027 ita
1486 970 1741 1041 stupidus
1778 977 1832 1024 et
1885 980 2101 1029 vecors,

523 1086 583 1135 ut
632 1078 845 1134 Joanne
899 1082 954 1128 et
992 1071 1182 1135 Paulo,
1217 1076 1272 1123 et
1316 1065 1529 1134 reliquo
1574 1062 1744 1116 choro
1785 1067 2101 1115 sanctorum

522 1184 810 1245 germanas
843 1167 943 1221 bas
974 1177 1132 1217 voces
1161 1170 1216 1214 et
1263 1155 1687 1212 necessitudinis
1722 1152 1931 1207 indices
1962 1165 2101 1220 pra:-

523 1244 837 1320 dicantibus
874 1272 985 1312 non
1014 1254 1081 1309 ad
1120 1253 1242 1308 illos
1265 1248 1543 1320 respiciat,
1575 1245 1670 1302 sed
1702 1244 1958 1299 inanibus
1985 1257 2103 1297 cre-

520 1350 777 1426 pitaculis
829 1347 1046 1403 illectus
1109 1341 1430 1398 cavillorum
1489 1334 1743 1389 Eunomii
1794 1334 2101 1426 doctrinam

522 1446 884 1517 amplectatur
908 1459 922 1495 :
947 1440 1236 1510 ipsumque
1258 1431 1583 1487 Eunomium
1609 1429 1877 1483 veriorem
1910 1425 2102 1481 docto-

520 1553 636 1592 rem
696 1533 970 1589 existimet
1022 1529 1106 1583 his
1141 1525 1235 1596 qui
1270 1538 1299 1576 a
1341 1521 1548 1591 Spiritu
1582 1518 1745 1573 afﬂati
1801 1517 2103 1585 loquuntur

522 1625 801 1698 mysteria,
862 1629 916 1677 et
947 1620 1221 1673 Christum
1255 1616 1310 1669 in
1348 1612 1546 1683 seipsis
1602 1608 1858 1681 portant?
1894 1606 2100 1674 Quem-

521 1734 649 1776 nam
678 1717 826 1770 hunc
857 1708 1220 1767 Eunomium?
1244 1704 1399 1761 Unde
1414 1705 1478 1759 ad
1501 1701 1805 1759 docendum
1833 1698 2099 1754 Christia-

2212 501 2484 573 κρατῶσιν
2509 502 2566 556 αί
2586 501 2697 557 τῶν
2729 504 3075 573 Εύαγγελίων
3108 506 3306 574 φωναὶ,
3332 503 3399 557 δι’
3427 496 3502 556 ὧν
3536 502 3669 566 Υἱὸς
3701 505 3795 557 καὶ

2209 593 2515 667 Μονογενὴς
2543 595 2636 649 καὶ
2669 597 2732 650 ὲκ
2759 596 2853 649 τοῦ
2896 597 3111 668 Πατρδς
3158 597 3255 651 καὶ
3286 599 3351 650 ὲκ
3376 596 3470 649 τοῦ
3509 594 3668 660 Θεοῦ,
3702 595 3800 650 καὶ

2207 686 2278 740 τά
2306 686 2531 741 τοιαῦτα
2579 689 2950 760 κηρύσσεταισ
2985 690 3159 761 μάτην
3202 689 3433 761 ληρήσει
3453 732 3468 756 ,
3502 689 3698 744 ἑαυτόν
3732 707 3795 744 τε

2210 775 2462 839 καὶτοὺς
2503 775 2625 830 καθ’
2676 777 2867 831 ἑαυτὸν
2904 777 2994 832 διὰ
3038 778 3147 832 τῶν
3193 777 3450 832 τοιούτων
3496 779 3796 850 φληνάφων

2211 869 2711 941 παρακρουόμενος.
2757 869 2868 943 Τὴν
2916 871 3025 943 γὰρ
3063 869 3238 942 ἀληθῆ
3279 871 3418 942 πρὸς
3444 872 3534 925 τὸν
3570 871 3795 943 Πατέρα

2212 959 2397 1031 σχέσιν
2430 960 2530 1031 τῆς
2560 961 2656 1014 τοῦ
2684 962 2814 1015 Υίοῦ
2844 963 3217 1034 προσηγορίας
3252 962 3483 1034 βοώσης,
3513 962 3600 1026 τίς
3621 961 3796 1027 οὕτως

2209 1052 2446 1144 ἠλίθιος,
2473 1051 2550 1116 ὡς
2570 1052 2833 1144 γἸωάννου
2863 1054 2959 1107 καὶ
2990 1053 3204 1144 Παύλου
3235 1055 3331 1108 καὶ
3357 1052 3449 1108 τοῦ
3474 1054 3666 1108 λοιποῦ
3700 1070 3792 1125 χο-

2212 1143 2306 1216 ροῦ
2344 1144 2453 1199 τῶν
2487 1143 2654 1213 ἁγίων
2681 1144 2779 1208 τὰς
2810 1145 3041 1217 γνησίας
3070 1143 3275 1210 ταύτας
3316 1144 3497 1215 φωνὰς
3546 1146 3643 1199 καὶ
3695 1146 3794 1215 τῆς

2209 1238 2541 1307 οἰκειότητος
2568 1236 2902 1303 ὲνδεικτικάς
2930 1238 3331 1309 κηρυσσόντων,
3367 1239 3440 1309 μὴ
3481 1238 3620 1308 πρὸς
3648 1238 3794 1291 ὲκεί-

2208 1348 2332 1395 νους
2362 1329 2598 1401 βλέπειν,
2632 1331 2770 1385 ἀλλά
2805 1333 2919 1394 τοῖς
2950 1330 3215 1396 διακένοις
3236 1331 3521 1402 κροτάλοις
3550 1331 3661 1384 τῶν
3690 1332 3796 1385 Εὐ-

2209 1424 2394 1495 νομίου
2443 1425 2792 1494 σοφισμάτων
2836 1423 3204 1488 διδασκαλίαν,
3250 1425 3358 1478 τῶν
3380 1424 3466 1478 διὰ
3490 1422 3587 1477 τοῦ
3620 1424 3797 1479 Πνεύ-

2211 1533 2381 1587 ματος
2416 1514 2719 1570 λαλούντων
2752 1516 3048 1587 μυστήρια,
3085 1515 3179 1569 καὶ
3217 1514 3454 1588 Χριστὸν
3487 1515 3544 1568 ὲν
3580 1516 3795 1580 ἑαυτοῖς

2210 1609 2502 1680 φερόντων,
2548 1607 2813 1678 Εὐνόμιον
2843 1606 3202 1679 ἀληθέστερον
3229 1606 3472 1673 οίεσθαι;
3503 1607 3639 1661 Τίνα
3667 1607 3796 1661 τού-

2211 1717 2301 1753 τον
2335 1699 2627 1770 Εύνόμιον;
2674 1698 2778 1753 Tbv
2826 1697 2989 1752 πόθεν
3022 1700 3104 1763 είς
3140 1698 3202 1753 τὸ
3245 1699 3604 1771 καθηγεῖσθαι
3653 1701 3794 1772 Χρι-

523 1766 625 1866 nos
655 1803 905 1863 elatum?
934 1802 1027 1858 sed
1071 1801 1185 1855 haac
1218 1796 1437 1869 quidem
1460 1797 1805 1850 omittantur.
1840 1791 2018 1862 Atque
2042 1801 2099 1844 ut

2212 1766 2828 1860 octavobc‘émpbévm;
2869 1788 3032 1843 Ἀλλά
3077 1788 3249 1843 ταῦτα
3294 1766 3410 1861 μὲν-
3438 1789 3650 1844 ὲάσθω·
3699 1766 3796 1844 aut

523 1903 638 1958 tieri
672 1904 851 1971 potest
908 1893 1151 1950 studium
1197 1890 1347 1943 circa
1376 1885 1655 1959 proposita
1700 1899 1797 1939 cor
1849 1892 2098 1938 nostrum

521 2010 583 2049 ex
594 1993 795 2063 planet,
824 1986 946 2042 tldei
977 1984 1094 2039 zelo
1117 1990 1171 2037 et
1199 1979 1394 2034 ardore
1425 1977 1689 2032 adversus
1717 1973 2102 2046 blaSpheman-

521 2097 604 2143 tes
646 2098 811 2154 supra
850 2080 1068 2135 modum
1103 2085 1339 2130 tumens.
1374 2071 1662 2139 Quomodo
1691 2070 1835 2125 enim
1863 2068 1931 2122 ad
1959 2069 2097 2122 iram

520 2188 577 2235 et
609 2176 794 2234 odium
834 2187 942 2226 non
972 2169 1398 2227 concitaremur,
1432 2163 1681 2218 videntes
1708 2160 1878 2216 Deum
1907 2168 1962 2215 et
1995 2158 2101 2214 Do-

525 2267 754 2328 minum,
773 2269 829 2317 et
853 2259 1149 2323 viviﬁcum,
1170 2265 1225 2314 et
1249 2254 1595 2310 Servatorem
1621 2252 1690 2306 ab
1715 2251 1837 2307 istis
1867 2253 2100 2305 homun-

520 2356 662 2410 culis
688 2349 926 2406 ludibrio
955 2345 1115 2411 allici,
1147 2353 1202 2401 et
1226 2343 1390 2398 veluti
1418 2356 1578 2397 emno
1605 2341 1962 2411 conspurcari
1993 2339 2018 2392 ?
2041 2339 2102 2394 Si

520 2443 665 2500 enim
696 2440 828 2496 mihi
871 2447 1082 2510 patrem
1113 2436 1296 2491 carnis
1354 2432 1611 2489 convitiis
1669 2432 1990 2495 incesseret,
2018 2427 2104 2487 vel

521 2535 579 2590 in
611 2543 791 2586 meum
857 2525 1262 2583 benefactorem
1315 2523 1594 2579 hostiliter
1647 2537 1709 2579 se
1758 2521 2007 2588 haberet,
2033 2536 2101 2577 an

523 2621 917 2695 imperturbata
968 2619 1152 2673 animo
1209 2630 1425 2687 possem
1491 2615 1630 2669 iram
1686 2614 1988 2680 continere,
2049 2622 2105 2670 et

524 2717 665 2772 ferre
687 2726 845 2785 aequo
859 2712 1042 2767 animo
1058 2717 1248 2765 contra
1273 2708 1504 2763 dilectos
1520 2713 1572 2762 ct
1588 2706 1787 2762 charos
1809 2705 2104 2775 injuriam?

521 2809 677 2878 Quod
710 2808 755 2864 si
782 2809 977 2863 anima:
1010 2818 1146 2859 meae
1188 2800 1471 2863 Dominus,
1499 2799 1592 2871 qui
1638 2801 1814 2870 ipsum
1850 2811 1973 2855 ante
1992 2814 2100 2855 non

513 2901 873 2957 assistentem
905 2895 1027 2950 fecit
1087 2892 1408 2950 subsistere.
1442 2897 1497 2945 et
1535 2890 1591 2943 in
1655 2891 1971 2946 servitutem
2012 2906 2101 2946 re-

516 2989 737 3046 dactam
764 2984 1031 3043 redemit:
1092 2983 1187 3054 qui
1219 2982 1345 3036 vita:
1377 2980 1661 3051 praesentis
1693 2988 1917 3052 gustum
1969 2997 2101 3051 pras-

518 3083 661 3148 buit,
689 3088 744 3137 et
773 3079 1012 3134 futuram
1041 3076 1402 3147 pmparavit;
1444 3074 1536 3145 qui
1572 3073 1637 3129 ad
1669 3089 1896 3145 regnum
1920 3084 2093 3138 vocat.
2125 3109 2169 3167 ο

516 3182 575 3231 et
603 3172 876 3244 quomodo
909 3169 1167 3242 gehennae
1217 3167 1486 3238 judicium
1531 3164 1803 3237 fugiamus
1843 3167 2096 3236 mandat;

521 3281 686 3338 parva
725 3264 850 3319 dico
883 3262 1020 3328 haec,
1058 3275 1237 3330 neque
1295 3259 1475 3313 adhuc
1526 3258 1836 3315 communis
1884 3257 2102 3313 Domini

519 3344 809 3425 majestate
853 3350 1018 3422 digna
1045 3366 1061 3404 :
1092 3349 1185 3420 qui
1212 3349 1279 3403 ab
1311 3347 1460 3402 omni
1513 3355 1762 3401 creatura
1814 3346 2098 3412 adoratur,

518 3445 859 3507 ccelestibus,
885 3439 1257 3504 terrestribus,
1290 3435 1773 3501 subterrestribus,
1804 3437 1893 3492 cui
1930 3437 2102 3492 adsti-

521 3545 706 3597 terunt
742 3535 1119 3591 ministrorum
1177 3530 1489 3586 etelestium
1541 3528 1730 3585 decem
1776 3517 1946 3584 millia
1982 3546 1996 3583 :
2030 3529 2098 3585 ad

521 3640 682 3697 quem
711 3636 1035 3679 conversum
1061 3626 1146 3676 est
1170 3626 1344 3675 totum
1386 3618 1492 3674 hoc
1513 3633 1675 3674 omne
1703 3618 1850 3689 quod
1877 3618 1969 3675 hic
2003 3619 2100 3674 ad-

521 3708 867 3763 ministratur
885 3711 943 3760 et
966 3703 1180 3758 honesti
1227 3701 1502 3758 desiderio
1540 3711 1791 3769 tenetur;
1841 3701 1889 3759 si
1927 3703 2017 3759 hic
2042 3703 2099 3759 in

519 3800 821 3859 comitium
842 3795 1156 3852 hominibus
1182 3795 1495 3866 exponitur,
1528 3794 1729 3865 quibus
1757 3809 1864 3851 non
1900 3795 2100 3852 sufficit

520 3893 699 3948 solum
756 3890 970 3960 seipsos
1009 3886 1297 3958 particula:
1350 3886 1516 3957 hujus
1570 3896 1854 3958 apostataa,
1895 3888 1951 3943 id
1988 3894 2095 3954 est,

519 3982 833 4046 defectoris,
867 3979 1262 4044 adhaerescere,
1305 3980 1403 4034 sed
1451 3979 1713 4035 damnum
1763 3979 2100 4036 arbitrantur

520 4090 632 4130 non
669 4073 833 4130 etiam
869 4071 1010 4127 alios
1043 4085 1230 4127 secum
1263 4069 1322 4125 in
1379 4070 1696 4124 barathrum
1740 4070 1856 4126 sive
1879 4071 2090 4143 voragi-

518 4181 645 4223 nem
690 4165 805 4220 suis
843 4162 1064 4232 scriptis
1085 4162 1439 4233 pertraxisse,
1479 4170 1540 4217 ut
1571 4162 1805 4232 posteris
1851 4177 1965 4218 non
2002 4164 2098 4219 de—

519 4259 669 4316 ﬁciat
698 4256 766 4312 ad
817 4256 1099 4310 interitum
1134 4253 1391 4310 deductio
1431 4271 1446 4308 :
1507 4254 1752 4324 nunquid
1790 4255 1914 4326 quis
1957 4256 2097 4312 iram

518 4351 574 4407 in
594 4364 691 4406 eos
720 4355 1038 4417 conceptam
1070 4344 1293 4416 culpat?
1325 4343 1432 4401 Sed
1464 4345 1530 4401 ad
1561 4360 1625 4402 ea
1647 4360 1769 4416 quae
1792 4357 2097 4420 sequuntur

515 4453 884 4498 recurramus.

583 4528 920 4585 Criminatur
949 4525 1094 4582 enim
1126 4525 1180 4579 in
1218 4523 1578 4594 sequentibus
1624 4542 1727 4583 nos
1755 4544 1956 4587 rursus
1985 4531 2093 4588 hu-

516 4621 696 4677 manis
734 4615 1194 4675 similitudinibus
1239 4613 1363 4670 Filii
1407 4616 1815 4687 generationem
1857 4619 2092 4678 dedeco-

382 4744 399 4761 ο
516 4728 661 4778 rare,
692 4720 855 4783 atque
875 4725 1064 4766 eorum
1087 4723 1208 4779 qua:
1232 4722 1263 4762 a
1292 4714 1485 4763 nostro
1508 4716 1663 4779 patre
1687 4709 1755 4766 de
1780 4709 1867 4766 bis
1888 4714 2092 4784 scripta

515 4814 645 4862 sunt
675 4802 957 4859 meminit:
993 4802 1053 4856 in
1085 4800 1307 4873 quibus,
1346 4798 1545 4871 inquit,
1579 4794 1690 4855 du'o
1721 4814 1847 4858 cum
1883 4805 2092 4875 signiti-

513 4906 708 4953 eentur
732 4910 799 4951 ex
820 4891 948 4947 Filii
982 4906 1138 4957 voce,
1166 4906 1362 4962 nempe
1392 4905 1455 4947 ea
1477 4907 1599 4961 quae
1632 4891 1691 4946 ﬁt
1717 4908 1815 4964 per
1837 4893 2088 4952 aﬂ‘ectum

515 4986 827 5061 productio,
857 4973 911 5041 et
934 5000 1000 5041 ea
1036 4998 1156 5055 qua:
1190 4998 1316 5038 cum
1348 4997 1414 5038 eo
1439 4985 1533 5054 qui
1571 4984 1760 5055 genuit
1797 4984 2092 5044 intercedit

514 5080 892 5152 germanitas:
929 5076 1062 5132 illud
1096 5075 1316 5147 quidem
1348 5074 1493 5145 quod
1538 5074 1852 5132 indecorum
1888 5087 1944 5134 et
1970 5093 2092 5134 car-

515 5174 640 5230 nale
671 5180 775 5240 est,
808 5171 864 5226 in
895 5169 1098 5225 divinis
1131 5166 1480 5225 sermonibus
1503 5182 1612 5222 non
1641 5167 1962 5239 admittere;
1986 5170 2090 5227 hoc

514 5278 644 5319 vero
666 5273 930 5335 quantum
966 5260 1034 5317 ad
1066 5259 1440 5317 testimonium
1470 5258 1655 5330 gloria:
1684 5258 1958 5333 Unigeniti
1982 5273 2087 5329 est,

517 5354 619 5408 hoc
647 5355 823 5410 solum
868 5353 922 5408 in
953 5353 1188 5409 excelsis
1225 5351 1570 5407 documentis
1614 5366 1917 5409 assumere.
1952 5351 2089 5420 Quis

506 5444 682 5514 igitur
709 5446 967 5501 humanis
999 5444 1350 5516 opinionibus
1390 5443 1513 5499 Filii
1547 5443 1954 5515 generationem
1990 5444 2090 5501 dea

513 5535 756 5601 decorat,
790 5537 884 5606 qui
924 5537 1069 5605 quod
1101 5536 1361 5609 passibile
1385 5542 1472 5590 est
1500 5542 1556 5590 et
1580 5534 1881 5590 humanum
1912 5543 2090 5593 exter-

514 5623 687 5679 minat
725 5640 754 5678 a
798 5625 983 5680 divina
1019 5625 1404 5696 generatione,
1446 5623 1858 5695 impassibiliter
1903 5633 2084 5682 autem

511 5714 710 5775 Filium
737 5729 861 5772 cum
890 5730 956 5773 eo
980 5716 1074 5787 qui
1117 5717 1304 5789 genuit
1331 5716 1552 5786 copulat
1578 5732 1590 5770 :
1617 5732 1688 5774 an
1715 5717 1809 5789 qui
1840 5732 2087 5774 commu-

2209 1882 2284 1946 ὡς
2310 1880 2424 1935 ἔστι
2449 1880 2672 1936 δυνατὸν
2699 1883 2732 1952 ἡ
2778 1898 2843 1934 πε
2854 1880 2909 1954 pi.
2934 1880 3003 1935 τὰ
3027 1881 3359 1952 προκείμενα
3386 1880 3593 1953 σπουδὴ
3621 1899 3796 1937 κατα-

2209 1971 2467 2026 λεαινέτω
2493 1971 2590 2042 τὴν
2612 1971 2837 2044 καρδίαν
2860 1974 2893 2043 ἡ
2903 1971 3040 2043 μῶν,
3075 1971 3221 2043 ζήλῳ
3245 1971 3346 2043 τῆς
3369 1972 3610 2036 πίστεως
3652 1971 3796 2026 κατὰ

2209 2064 2319 2119 τῶν
2356 2063 2818 2135 βλασφημούντων
2848 2064 3347 2135 ύπεροιδαίνουσαν.
3378 2064 3503 2127 Πῶς
3535 2064 3647 2136 γὰρ
3678 2063 3795 2118 ἐστι

2175 2150 2183 2159 ’
2213 2154 2288 2226 μὴ
2311 2153 2749 2227 παρακινηθῆναι
2778 2155 2914 2226 πρὸς
2936 2154 3105 2226 ὀργὴν
3137 2155 3230 2209 καὶ
3266 2155 3587 2226 ἀπέχθειαν,
3618 2157 3679 2209 ἐν
3715 2155 3794 2226 τῷ

2207 2248 2299 2302 τὸν
2348 2247 2482 2301 Θεὸν
2535 2246 2694 2318 ημῶν
2744 2246 2840 2299 καὶ
2890 2246 3199 2319 Δεσπότην,
3243 2246 3336 2299 καὶ
3365 2246 3651 2313 ζωοποιδν,
3698 2250 3796 2300 καὶ

2208 2339 2470 2411 Σωτῆρα,
2503 2338 2656 2410 παρὰ
2692 2336 2802 2392 τῶν
2838 2336 3233 2409 ἀνθρωπίσκων
3266 2337 3468 2391 τούτων
3502 2338 3791 2410 προπηλαο

2205 2430 2485 2497 κίζεσθαις
2535 2431 2598 2483 Et
2626 2429 2734 2502 γάρ
2771 2446 2859 2498 μοι
2888 2429 2979 2483 τὸν
3018 2428 3120 2500 τῆς
3149 2430 3349 2501 σαρκὸς
3383 2429 3645 2503 ἐλοιδόρει
3686 2450 3793 2486 πα-

2205 2523 2360 2595 τέρα,
2383 2522 2417 2592 ἢ
2448 2522 2583 2593 πρὸς
2609 2522 2700 2575 τὸν
2724 2520 3017 2594 εὐεργέτην
3051 2516 3163 2592 εἷχε
3194 2521 3286 2575 τὸν
3319 2522 3450 2593 ἐμὸν
3481 2523 3791 2597 δυσμενῶς,

2206 2611 2316 2687 ἆρα
2347 2612 2571 2667 δυνατὸν
2596 2609 2663 2685 ἦν
2689 2611 2915 2676 ἀπαθῶς
2937 2612 3201 2684 βαστάσαι
3225 2614 3322 2686 τὴν
3349 2615 3488 2669 κατά
3516 2615 3629 2670 τῶν
3653 2617 3796 2687 ἀγα-

2207 2706 2473 2777 πωμένων
2492 2705 2662 2777 ὀργήν
2681 2721 2696 2769 ;
2723 2706 2784 2759 El
2805 2704 2861 2758 δὲ
2886 2707 2914 2758 ό
2934 2707 3032 2777 τῆς
3063 2706 3242 2777 ψυχῆς
3262 2709 3360 2778 τῆς
3380 2707 3519 2778 ἐμῆς
3554 2707 3789 2779 Κύριος.

2209 2796 2283 2868 μὴ
2313 2791 2477 2850 οὖσαν
2501 2794 2671 2866 αὐτὴν
2700 2795 3012 2867 ὑποστήσας
3031 2834 3045 2858 ,
3073 2797 3167 2849 καὶ
3204 2795 3560 2852 δουλωθεῐσαν
3586 2798 3791 2868 ἐξαγο-

2210 2887 2378 2957 ράσας
2396 2903 2411 2915 ·
2443 2889 2471 2941 ὀ
2494 2887 2591 2959 τῆς
2607 2904 2665 2940 τε
2685 2885 2965 2959 παρούσης
2988 2888 3191 2956 γεύσας
3213 2887 3374 2959 ξωῆς,
3408 2889 3501 2942 καὶ
3531 2888 3631 2960 τὴν
3659 2890 3794 2961 μέλ-

2206 2977 2402 3032 λουσαν
2435 2982 2862 3052 παρασκευάσας
2881 2994 2895 3009 ο
2922 2978 2951 3031 ό
2981 2977 3118 3049 πρὸς
3147 2977 3424 3048 βασιλείαν
3455 2980 3662 3046 καλῶν,
3695 2983 3793 3036 καὶ

2208 3070 2355 3134 ὅπως
2381 3069 2446 3124 ἂν
2474 3071 2771 3141 φεύγοιμεν
2798 3069 2896 3141 τὴν
2917 3070 3016 3141 τῆς
3043 3069 3267 3141 γεέννης
3289 3072 3613 3143 κατάκρισιν
3645 3092 3791 3147 παρα

2202 3161 2415 3232 εγγυῶν
2453 3160 2651 3233 (μικρά
2674 3160 2816 3230 λέγω
2838 3159 3010 3215 ταῦτα
3035 3158 3130 3213 καὶ
3153 3160 3306 3214 οὔπω
3332 3163 3430 3231 τῆς
3467 3161 3563 3214 τοῦ
3595 3164 3789 3218 κοινοῦ

2202 3254 2470 3307 Δεσπότου
2533 3251 2920 3325 μεγαλωσύνης
2966 3252 3217 3325 ἐπάξια),
3278 3252 3382 3307 ὑπὸ
3440 3254 3624 3326 πάσης
3683 3256 3789 3329 τῆς

2202 3346 2432 3409 κτίσεως
2460 3346 2957 3417 προσκυνούμενος,
2986 3345 3341 3418 ἐπουρανίων,
3367 3349 3648 3419 ἐπιγείων,
3684 3369 3788 3406 κα-

2200 3436 2525 3508 ταχθονίωνο
2562 3430 2607 3506 ᾧ
2653 3438 3069 3510 παρεστήκεσαν
3105 3436 3214 3490 τῶν
3259 3439 3380 3491 κατ’
3415 3438 3643 3511 οὐρανὸν
3670 3440 3786 3496 λει-

2199 3526 2444 3598 τουργῶν
2495 3525 2788 3598 μυριάδες·
2821 3525 2958 3598 πρὸς
2997 3524 3056 3579 ὃν
3101 3525 3474 3598 ὲπέστραπται
3509 3532 3617 3583 πᾶν
3656 3532 3787 3585 ὅσον

2201 3617 2302 3673 ὧδε
2322 3618 2551 3672 οἰκεῖται
2577 3618 2671 3671 καὶ
2706 3615 2800 3670 τοῦ
2830 3616 2994 3671 καλοῦ
3016 3618 3115 3690 τὴν
3137 3617 3321 3688 ἔφεσιν
3355 3618 3466 3690 ἔχει
3488 3637 3501 3651 ·
3538 3623 3588 3675 εί
3623 3615 3786 3689 οὗτος

2200 3710 2446 3765 ἔκκειται
2496 3709 2632 3780 πρὸς
2661 3708 2928 3782 λοιδορίαν
2967 3707 3306 3782 ἀνθρώποις,
3355 3704 3437 3775 οἷς
3464 3711 3567 3766 ούκ
3618 3714 3788 3785 ἀρκεῖ

2203 3800 2363 3872 μόνον
2389 3798 2449 3854 τὸ
2498 3799 2721 3862 ἑαυτοὺς
2755 3802 2820 3871 τῇ
2863 3797 3040 3872 μερίδι
3082 3798 3179 3854 τοῦ
3219 3800 3521 3856 ἀποστάτου
3557 3820 3783 3875 προσοι-

2200 3891 2458 3957 κειῶσαι,
2507 3890 2643 3945 ἀλλὰ
2679 3890 2882 3963 ζημίαν
2914 3890 3194 3945 ποιοῦνται
3239 3891 3301 3946 τὸ
3335 3892 3410 3964 μὴ
3452 3894 3549 3948 καὶ
3581 3894 3782 3962 ἄλλους

2198 3985 2279 4048 είς
2301 3984 2362 4037 τὸ
2388 3982 2553 4037 αὐτοῦ
2581 3972 2850 4056 βάραθρον
2877 3983 2994 4054 μεθ’
3014 3983 3224 4038 ἑαυτῶν
3254 3984 3660 4052 ὲφελκύσασθαι
3689 3989 3777 4044 διὰ

2196 4078 2298 4148 τῆς
2318 4076 2684 4149 λογογραφίας
2701 4090 2716 4105 ο
2741 4075 2819 4140 ὡς
2845 4073 2913 4129 ἂν
2944 4074 3018 4146 μὴ
3042 4073 3215 4128 λείποι
3239 4078 3352 4140 τοῖς
3380 4078 3779 4151 ἐπιγινομένοις

2197 4171 2232 4241 ὴ
2273 4170 2408 4242 πρὸς
2447 4168 2540 4222 τὸν
2566 4166 2784 4240 ὀλεθρον
2819 4165 3185 4239 χειραγωγία·
3238 4164 3350 4238 ἆρά
3385 4185 3473 4233 τις
3500 4170 3777 4241 μέμφεται

2196 4263 2295 4334 τὴν
2326 4263 2420 4316 ἐπὶ
2453 4259 2663 4323 τούτοις
2699 4259 2908 4330 ὀργῆνς
2946 4258 3107 4313 Ἀλλά
3153 4258 3287 4330 πρὸς
3323 4259 3423 4333 τὴν
3451 4262 3778 4319 ἀκολουθίαν

2202 4351 2696 4425 ὲπαναδράμωμεν.

2274 4528 2558 4586 Διαῦάλλει
2578 4527 2687 4599 γὰρ
2717 4526 2777 4579 ὲν
2799 4527 2912 4590 τοῖς
2940 4526 3137 4599 ἑφεξῆς
3171 4527 3331 4584 πάλιν
3371 4531 3521 4602 ἡμᾶς
3543 4532 3620 4597 ὡς
3655 4538 3775 4597 ταῖς

2201 4620 2566 4694 ἀνθρωπίναις
2607 4618 2916 4690 ὁμοιότησιν
2967 4619 3331 4691 ἀτιμάζοντας
3370 4622 3466 4676 τοῦ
3517 4625 3649 4678 Υίοῦ
3678 4629 3775 4698 τὴν

2199 4717 2483 4787 γέννησιν,
2530 4710 2629 4766 καὶ
2679 4710 2951 4783 μέμνηται
2993 4728 3060 4781 γε
3106 4712 3214 4767 τῶν
3261 4717 3663 4788 γεγραμμένων
3698 4719 3778 4790 τῷ

2196 4804 2449 4879 ἡμετέρῳ
2471 4803 2640 4875 πατρὶ
2659 4802 3006 4875 περὶτούτων
3029 4822 3045 4836 ·
3072 4808 3132 4860 ὲν
3164 4801 3246 4871 οῖς
3267 4823 3436 4879 φησι,
3455 4809 3549 4862 δύο
3572 4826 3788 4880 σημαι-

2196 4894 2439 4966 νομένων
2477 4894 2542 4947 ὲκ
2568 4893 2669 4963 τῆς
2698 4892 2792 4946 τοῦ
2822 4893 2949 4947 Υίοῦ
2990 4897 3174 4968 φωνῆς
3193 4936 3208 4960 ,
3234 4896 3336 4968 τῆς
3357 4914 3416 4951 τε
3448 4897 3537 4952 διὰ
3567 4898 3786 4962 πάθους

2196 4982 2536 5047 συστάσεως,
2589 4981 2685 5035 καὶ
2716 4981 2817 5054 τῆς
2855 4982 2992 5054 πρὸς
3041 4983 3128 5037 τὸν
3161 4985 3526 5058 γεγεννηκότα
3556 4987 3778 5058 γνησιό-

2191 5091 2353 5144 τητος
2374 5090 2388 5105 ·
2418 5072 2481 5127 τὸ
2512 5073 2613 5144 μὲν
2639 5073 2886 5145 ἀπρεπὲς
2915 5076 3010 5130 καὶ
3056 5077 3332 5150 σαρκῶδες
3359 5079 3420 5132 ὲν
3455 5082 3567 5143 τοῖς
3606 5078 3775 5145 θείοις

2197 5166 2273 5240 μὴ
2300 5167 2618 5237 προσίεσθαι
2646 5166 2824 5236 λόγοις
2845 5185 2860 5198 '
2893 5168 2955 5224 τὸ
2988 5169 3045 5223 δὲ
3074 5171 3195 5224 ὅσον
3226 5172 3307 5234 είς
3338 5171 3645 5243 μαρτυρίαν
3674 5174 3774 5245 τῆς

2194 5257 2289 5311 τοῦ
2326 5257 2662 5326 Μονογενοῦς
2681 5258 2839 5329 δόξης
2868 5260 3003 5326 ἐστὶ,
3036 5260 3192 5315 τοῦτο
3226 5263 3385 5333 μόνον
3413 5266 3472 5317 ὲν
3492 5267 3602 5328 τοῖς
3633 5264 3777 5334 ὑψη-

2194 5349 2306 5414 λοῖς
2363 5349 2883 5422 παραλαμϐάνεσθαι
2925 5351 3177 5423 δόγμασι.
3222 5352 3317 5417 Τίς
3359 5349 3452 5408 οὖν
3513 5354 3771 5424 ἀτιμάζει

2193 5444 2315 5504 ταῖς
2346 5439 2714 5512 ἀνθρωπίναις
2743 5442 3040 5515 ύπολήψεσι
3078 5443 3169 5498 τοῦ
3199 5445 3329 5499 Υίοῦ
3359 5447 3456 5518 τὴν
3493 5447 3773 5517 γέννησιν,

2195 5531 2225 5583 ό
2249 5530 2504 5602 ὲξορίζων
2527 5531 2627 5603 τῆς
2661 5532 2812 5598 θείας
2902 5536 3173 5608 γενῆσεως
3193 5537 3252 5591 τὸ
3283 5538 3523 5610 παθητὸν
3553 5540 3648 5592 καὶ
3674 5540 3776 5595 ἀν·-

2185 5622 2484 5702 -θρώπινον,
2521 5625 2747 5690 ἀπαθῶς
2786 5627 2843 5681 δὲ
2886 5628 3169 5682 συνάπτων
3206 5630 3299 5685 τὸν
3328 5630 3456 5684 Υἱὺν
3479 5629 3553 5700 τῷ
3576 5630 3774 5704 γεννή-

2194 5727 2373 5769 σαντι·
2406 5714 2439 5787 ἢ
2477 5718 2505 5771 ὁ
2535 5718 2847 5796 atomum.th
2877 5717 3013 5793 προς
3050 5720 3152 5792 τὴν
3191 5723 3339 5780 κάτω
3372 5724 3547 5779 κτίσιν
3576 5723 3680 5780 τὸν
3708 5725 3780 5779 τὰ
