3992 6210
535 214 640 272 679

594 347 874 402 aggressus
903 337 1003 402 est,
1031 330 1260 384 convitia
1296 330 1506 399 insuper
1549 339 1599 385 et
1642 331 1874 385 triuiales
1911 343 2095 387 contu-

600 400 786 456 nielias
820 403 884 454 ab
917 400 1175 454 Eunomia
1200 411 1464 454 eructatas
1489 412 1879 457 commemorat.

526 473 582 528 '5.
609 472 809 536 Quibus
841 472 949 537 ipse
977 471 1211 523 mirabili
1251 471 1481 539 quadam
1511 481 1561 526 et
1595 489 1727 525 nova
1765 472 2094 526 demonstra-

602 543 741 612 tione
768 541 976 612 virtutis
1029 557 1091 593 ac
1133 543 1376 612 potentia:
1418 542 1660 612 cruciﬁxi
1715 543 1963 604 occurrit,
1999 543 2068 595 ad
2083 575 2094 583 -

598 611 764 673 dens,
794 610 1166 678 subjectionem
1196 611 1346 664 illam
1375 612 1538 681 fuisse
1566 610 1781 666 natura:
1827 612 2094 675 humanae,

490 745 502 752 η
601 698 704 734 non
727 681 862 750 ejus,
897 698 1056 752 quam
1085 681 1392 752 Unigenitus
1428 700 1458 735 a
1489 682 1647 736 Patre
1669 692 1959 748 acceperat.
1997 681 2097 736 Ubi

597 754 758 806 etiam
797 751 1003 822 signum
1051 751 1243 815 crucis,
1275 763 1321 806 et
1351 751 1551 807 Christi
1575 753 1998 821 appellationem,
2038 763 2096 806 ut

598 833 647 876 et
692 824 834 875 dona
884 838 948 876 ex
996 823 1186 876 unione
1226 823 1417 876 divina:
1448 837 1654 876 natum:
1697 840 1814 876 cum
1864 823 2097 877 humana

598 892 746 946 nobis
779 907 1046 959 concessa,
1067 893 1332 962 explicata
1367 895 1618 960 reperias.

573 1073 580 1079 .
612 1023 831 1079 Falsam
848 1041 959 1079 esse
985 1026 1208 1080 ostendit
1229 1028 1548 1081 calumniam
1577 1025 1824 1080 Eunomii
1851 1026 2094 1085 dicentis.

601 1113 846 1165 magnum
875 1095 1139 1149 Basiliam
1182 1100 1499 1160 asseruisse,
1551 1097 1810 1150 hominem
1847 1097 1900 1149 in
1930 1098 2096 1150 homi-

600 1183 739 1240 ιιειιιΔ
765 1167 1095 1240 exinanitum
1126 1184 1256 1240 esse.
1301 1179 1349 1222 et
1383 1167 1643 1240 Unigeniti
1663 1167 2097 1240 _e_xinanitionem

597 1237 898 1307 contigisse,
919 1237 1126 1304 quando
1148 1239 1199 1291 in
1211 1240 1457 1307 passione
1477 1235 1632 1292 liomo
1649 1235 1893 1292 Christus
1908 1254 2096 1307 passus

599 1315 697 1371 est,
729 1305 982 1362 declarat.

569 1419 581 1430 .
614 1377 802 1430 Postea
851 1392 954 1447 non
988 1375 1120 1432 duos
1155 1378 1414 1442 Christos,
1464 1394 1624 1447 neque
1655 1377 1787 1432 duos
1821 1377 2095 1442 Dominos,

600 1447 689 1500 sed
715 1463 876 1499 unum
901 1446 1190 1509 Christum.
1225 1458 1274 1502 et
1307 1465 1466 1500 unum
1488 1446 1768 1502 Dominum
1790 1465 1902 1502 esse
1923 1451 2092 1510 docet,

601 1528 923 1584 naturasque
962 1518 1195 1571 divinam
1233 1527 1281 1572 et
1329 1517 1616 1572 humanam
1661 1519 1990 1581 coniunctas,
2047 1529 2096 1572 et

601 1598 878 1657 utramque
919 1589 1191 1656 inconfuse
1235 1598 1283 1642 et
1340 1588 1703 1656 impermistim
1754 1589 2095 1657 proprietates

1768 212 1826 268 S.
1871 207 2198 268 GBEGORII
2237 209 2532 268 NYSSEM

599 1674 724 1710 suos
759 1675 1106 1722 conservasse,
1165 1667 1213 1712 et
1254 1669 1464 1728 propter
1508 1661 1752 1714 unionem
1797 1675 2095 1712 communes
2162 1661 2169 1668 ’

597 1729 759 1781 etiam
804 1730 1127 1800 operatione:
1156 1729 1433 1796 appellari,
1472 1729 1735 1800 Deumque
1779 1730 1832 1782 in
1880 1745 1932 1783 se
1960 1731 2096 1782 servi

598 1799 758 1852 etiam
787 1799 1089 1868 affectiones
1118 1809 1166 1852 et
1195 1800 1464 1862 passiones
1493 1802 1780 1868 suscepisse
1801 1813 1820 1852 :
1852 1808 1902 1852 et
1939 1808 2096 1852 natu-

599 1885 714 1921 ram
757 1869 1041 1922 humanam
1094 1871 1295 1938 pariter
1339 1885 1458 1922 cum
1506 1870 1686 1923 divina
1746 1869 1996 1922 honorari
2046 1878 2095 1923 et

597 1939 1013 2008 conglori/icari,
1063 1939 1201 2009 quod
1251 1940 1400 1993 unita
1445 1950 1638 1992 natura
1687 1937 1865 1993 divina
1913 1938 2097 1992 huma-

605 2025 727 2061 nam
750 2011 914 2130 guasi
955 2011 1010 2063 in
1053 2025 1108 2063 se
1155 2011 1520 2073 transtulerit,
1564 2012 1767 2078 copiose
1813 2018 1862 2064 et
1898 2010 2101 2063 erudite

605 2088 747 2130 esten
787 2087 849 2130 tt.

601 2087 849 2134 ostendit.

3664 181 3784 264 σεο

2273 331 2596 384 Βασιλείου
2623 329 2722 383 διὰ
2753 329 2868 398 τὴν
2898 330 3181 398 τοιαύτην
3205 326 3392 398 ῥῆσιν
3423 325 3782 398 ἐποιήσατο,

2275 402 2378 465 τὰς
2405 417 2467 453 τε
2485 399 2790 469 λοιδορίας
2814 396 2912 454 καὶ
2949 396 3146 467 ὕϐρειρ
3175 396 3497 467 ὑφειμένα(-
3516 397 3783 469 ἐξέθετο.

2202 475 2272 538 γ’.
2313 469 2469 537 Πρός
2505 470 2579 535 ἀς
2610 465 2953 538 ἀπάντησις
3003 465 3319 539 θαυμαστῇ
3357 468 3598 539 τισκαὶΔ
3630 465 3785 535 ξένη

2272 536 2371 593 καί
2389 539 2694 606 ἀπόδειξις
2720 536 2959 607 τῆςτοῦ
2982 536 3426 607 σταίιρωθέντος
3443 536 3784 607 δυνάμεως.

2274 609 2374 662 καί
2409 610 2499 662 ὅτι
2536 609 2648 676 τῆς
2670 605 3066 678 ἀνθρωπίνης
3111 605 3372 678 φύσεως,
3411 609 3482 661 σὺ
3521 605 3634 678 τῆς
3674 607 3788 662 τοῦ

2246 675 2648 748 ,Μονογενοῦς
2679 675 2839 748 παρά
2862 681 2968 735 τοῦ
2991 675 3222 748 Πατρός
3241 677 3525 748 ήίῦποψις
3549 675 3784 748 γέγονε.

2273 749 2382 803 Kal
2407 744 2685 818 ἑρμηνεία
2708 744 2812 803 τοῦ
2834 744 3158 819 σταυρικόὗ
3179 747 3509 819 σχήματος,
3534 744 3790 819 έιαέτῆς

2272 819 2380 872 τοῦ
2409 815 2666 886 Χριστοῦ
2693 815 3118 889 προσηγορίας,
3147 817 3247 872 καὶ
3277 817 3348 870 τὰ
3373 817 3441 869 ἐκ
3483 815 3594 882 τῆς
3633 818 3787 889 ἀνα-

2274 890 2599 1013 ἔραὲἓίσης
2624 887 2910 958 θεότητος(
2933 889 3013 954 τῷ
3039 889 3388 957 ἀνθρωπίνῳ
3417 887 3790 956 χαρισθέντα

2317 973 2389 1013 ra
2470 1001 2485 1013 .

2201 973 2603 1096 afﬁggfahr
2627 1029 2925 1098 Εὑνομίου
2953 1028 3389 1098 συκοφαντίαν,
3431 1026 3514 1098 ὡς
3563 1026 3790 1094 ἀνθρω-

2274 1113 2392 1151 πον
2433 1101 2521 1164 είς
2550 1095 2870 1166 ἄνθρωπον
2905 1095 3270 1152 κεκενῶσθαι
3302 1097 3410 1150 τὸν
3440 1095 3636 1164 μέγαν
3675 1101 3790 1149 Ba-

2275 1171 2508 1238 σίλειον
2540 1169 2817 1238 λέποντα,
2848 1167 3044 1237 ψευδῆ
3075 1167 3490 1238 ἀποδείκνυσι,
3524 1166 3626 1238 καὶ
3669 1167 3790 1231 τὴν

2275 1236 2381 1290 τοῦ
2423 1234 2800 1306 Μονογενοῦς
2832 1234 3109 1303 κένωσιν,
3158 1234 3258 1291 ἐπὶ
3307 1236 3650 1304 ἀνακλήσει
3682 1239 3789 1291 τοῦ

2275 1310 2643 1374 πεπονθότος
2663 1307 2975 1376 ἀνθρώπου
3005 1306 3312 1376 γεγονέναι
3342 1307 3688 1376 ἀποφαίνει.

2204 1385 2264 1432 ε’.
2306 1378 2467 1432 Μετὰ
2511 1379 2684 1432 τοῦτο
2716 1381 2788 1432 οὐ
2839 1378 2947 1432 δύο
2989 1377 3302 1447 Χριστοὺς,
3343 1377 3484 1430 οὐδὲ
3514 1377 3625 1430 δύο
3668 1382 3792 1430 Κυ-

2266 1448 2462 1515 ρίους,
2489 1449 2628 1502 ἀλλ’
2656 1447 2766 1503 ἕνα
2791 1447 3070 1514 Χριστὸν,
3115 1447 3214 1500 καί
3241 1449 3348 1501 ἕνα
3393 1448 3613 1514 Κύριον
3633 1449 3790 1501 ἀπο⁹

2273 1517 2566 1588 δείκνυσι,
2600 1519 2699 1572 καὶ
2734 1518 2823 1572 ὅτι
2863 1517 2902 1584 ἡ
2950 1518 3078 1572 θεία
3106 1519 3291 1586 φύσις
3322 1515 3398 1585 τῇ
3439 1519 3790 1587 ἀνθρωπίνῃ

2266 1587 2548 1656 μιχθεῖσα
2605 1589 2990 1658 ἀσυγχύτους
3043 1588 3321 1656 ἑκατέρας
3384 1588 3627 1655 φύσεως
3683 1587 3790 1654 τὰς

2277 1658 2573 1724 ἰδιότητας
2625 1659 2961 1727 διετήρησε,
3009 1658 3106 1710 καὶ
3155 1657 3251 1712 διὰ
3301 1656 3416 1724 τὴν
3451 1659 3793 1727 ,συμφυΐαν

2277 1676 2573 1724 ιοιοτητας
2625 1676 2961 1727 οιετηρησε,
3009 1676 3106 1710 και
3155 1676 3251 1712 οια
3301 1676 3416 1724 την
3470 1676 3793 1727 (vap-avias-

2271 1727 2480 1793 κοινὰς
2522 1728 2620 1780 καὶ
2669 1729 2776 1795 τὰς
2817 1728 3118 1797 ἐνεργείας
3163 1726 3667 1797 κατονομάζεσθαι
3710 1729 3793 1780 ετ-

2264 1813 2440 1865 ρηκε,
2475 1798 2582 1852 τοῦ
2610 1815 2674 1851 τε
2699 1799 2870 1855 Θείου
2895 1796 2983 1864 εὶς
3009 1798 3225 1854 ἑαυτὸν
3248 1796 3345 1849 καὶ
3373 1797 3446 1849 τὰ
3487 1796 3650 1864 πάθη
3681 1797 3791 1851 τοῦ

2272 1866 2499 1954 δούῖιου
2545 1867 3218 1954 ἀνα.ξαμ6ιξνοντος,λκαὶ
3259 1867 3365 1954 τοῦ
3403 1867 3790 1954 ἀνθρωπίνῃ)

2275 1937 2348 2022 τῇ
2369 1937 2701 2017 Δεσπτρτικῇ
2724 1937 2862 2006 τιμῇ
2885 1937 3424 2006 συνδοξαζομένου,
3452 1938 3552 1991 καὶ
3579 1937 3657 2004 τῇ
3687 1937 3794 1990 δυ-

2275 2022 2446 2076 ναμει
2473 2024 2578 2076 της
2605 2007 3049 2075 ἀνακωθείσης
3080 2008 3244 2073 θείας
3271 2009 3508 2076 φύσεως
3529 2009 3618 2072 εις
3647 2007 3793 2060 ἑαυ-

2277 2075 2402 2200 ῖιῖἒί
2427 2075 3471 2219 ξέἓιῖἕὲεῗείὲἷῖεέῧὲτὲναπ⁰ίηθείσηί’
3502 2076 3602 2131 δίὰ
3647 2081 3794 2132 ω’

596 2461 716 2518 iam
743 2477 874 2520 vero
907 2459 972 2519 de
1007 2461 1152 2519 Petri
1178 2465 1409 2536 apostoli
1445 2480 1576 2522 voce
1596 2468 1787 2533 ',cura
1823 2468 2027 2541 majore
2052 2479 2107 2526 et

2282 2473 2419 2545 Περὶ
2461 2473 2518 2527 δὲ
2561 2475 2661 2545 τῆς
2694 2475 2902 2548 Πέτρου
2942 2475 3036 2529 τοῦ
3079 2476 3375 2530 ἀποστόλου
3434 2475 3617 2546 φωνῆς
3673 2493 3803 2528 και-

531 2556 876 2628 vigilantiore
904 2556 1174 2612 industria
1195 2565 1410 2628 tempus
1433 2559 1607 2628 poscit
1630 2567 1687 2614 ut
1708 2560 2103 2631 disquiramus,

529 2657 584 2704 ct
613 2649 990 2703 examinemus
1038 2663 1162 2718 quae
1217 2647 1285 2702 ab
1329 2648 1446 2718 ipso
1499 2647 1765 2704 Eunomio
1817 2659 1871 2706 et
1919 2660 2109 2708 nostro

531 2748 689 2811 patre
717 2741 795 2813 (a)
835 2739 903 2796 de
949 2740 1055 2794 hoc
1105 2749 1233 2794 sunt
1279 2740 1444 2794 dicta.
1476 2739 1632 2807 Quod
1673 2743 1718 2797 si
1753 2753 2008 2799 accurata
2056 2756 2110 2801 et

533 2835 769 2904 diligens
807 2832 1108 2903 speculatio
1143 2831 1491 2902 prolixiorem
1526 2836 1827 2890 orationem
1867 2837 1922 2892 in
1969 2839 2110 2892 mul-

532 2934 646 2979 tam
672 2924 1096 2994 disputationem
1129 2923 1408 2990 extendat,
1446 2925 1694 2996 ignoscet
1726 2931 1916 2998 procul
1941 2930 2110 2984 dubio

533 3016 803 3084 benignus
839 3021 894 3069 et
921 3014 1190 3071 candidus
1221 3015 1456 3080 auditor,
1487 3032 1596 3072 non
1644 3019 1969 3077 insimulans
2009 3038 2109 3079 nos

535 3104 728 3172 nugari
761 3111 814 3158 et
844 3103 1044 3158 inscite
1085 3104 1315 3174 garrire,
1366 3103 1463 3159 sed
1505 3106 1561 3158 in
1591 3121 1716 3161 eum
1759 3107 1853 3177 qui
1885 3123 2108 3162 causam

535 3194 768 3264 praebuit
790 3195 1007 3265 culpam
1037 3198 1411 3264 translerens,
1465 3198 1598 3252 milli
1641 3199 1825 3254 brevia
1864 3201 2110 3270 quasdam

537 3285 689 3350 prius
712 3285 779 3340 de
807 3287 1212 3356 propositorum
1246 3288 1597 3358 inquisitione
1627 3305 1948 3360 percurrere
1979 3307 2112 3348 con-

535 3376 798 3442 cedatur,
861 3392 1040 3449 neque
1099 3378 1216 3434 haec
1273 3379 1558 3436 fortassea
1610 3382 1890 3452 proposito
1945 3399 2110 3454 scopo

537 3484 717 3522 rerum
740 3471 1007 3524 seriarum
1040 3471 1267 3526 absona.
1306 3469 1451 3526 Nihil
1477 3487 1664 3528 eorum
1694 3489 1815 3544 quae
1847 3489 1942 3544 per
1959 3490 2115 3531 crea-

537 3559 742 3614 tionem
785 3559 928 3614 facta
968 3567 1118 3626 sunt,
1152 3561 1492 3616 adorandum
1516 3578 1638 3620 esse
1678 3565 1747 3619 ab
1774 3565 2110 3630 hominibus,

537 3665 720 3706 sermo
747 3651 966 3708 divinus
995 3652 1112 3724 lege
1148 3662 1340 3708 sancta
1367 3653 1568 3724 jussit:
1613 3663 1674 3710 ut
1707 3671 1775 3712 ex
1809 3659 1957 3713 omni
2001 3657 2113 3714 fere

539 3753 568 3789 a
585 3735 693 3792 Deo
710 3738 972 3808 inspirata
993 3737 1276 3810 Scriptura
1294 3741 1402 3796 tale
1420 3741 1546 3797 licet
1563 3743 1894 3813 perdiscere.
1910 3744 2110 3811 Moses,

539 3829 759 3895 tabulae,
786 3832 892 3896 lex,
919 3831 1180 3904 deinceps
1210 3835 1509 3905 prephetm,
1544 3835 1860 3908 Evangelia,
1890 3845 2112 3907 aposto-

539 3921 716 3975 lorum
748 3921 964 3977 decreta
999 3925 1267 3988 omnium,
1299 3939 1365 3980 ex
1399 3940 1556 3996 atquo
1583 3935 1769 3982 vetant
1793 3929 1860 3982 ad
1897 3937 2113 3984 creatu-

540 4027 657 4066 ram
702 4012 925 4068 intueri.
959 4013 1038 4068 Ac
1073 4015 1292 4085 quidem
1334 4016 1553 4088 longum
1585 4027 1732 4074 esset
1774 4019 1990 4090 singula
2021 4035 2113 4076 or-

539 4103 668 4157 dine
701 4117 822 4174 quze
861 4104 970 4158 huc
999 4105 1270 4174 pertinent
1301 4121 1594 4177 apponere,
1649 4108 1745 4165 sed
1795 4111 1898 4166 etsi
1939 4126 2111 4182 pauca

540 4208 605 4247 ex
656 4193 843 4248 multis
900 4209 967 4249 ex
1021 4193 1284 4252 divinitus
1341 4197 1610 4268 inspirato
1662 4199 1976 4256 testimonio
2017 4201 2113 4257 de-

542 4291 790 4354 prompta
815 4283 868 4338 in
887 4284 1126 4340 medium
1148 4287 1510 4356 proferamus,
1530 4289 1889 4347 nihilominus
1927 4301 2109 4350 tamen

543 4389 724 4429 sermo
776 4375 879 4431 ﬁde
931 4376 1156 4447 dignum
1212 4379 1586 4437 testimonium
1638 4383 1693 4437 in
1745 4400 1806 4440 se
1844 4387 2112 4453 continet,

543 4465 671 4532 quia
716 4464 1025 4520 divinorum
1063 4469 1488 4540 unumquodque
1533 4470 1601 4525 ad
1634 4475 1885 4531 veritatis
1932 4478 2113 4532 mani-

545 4556 908 4618 l‘cstationem.
959 4555 1068 4610 vim
1104 4557 1368 4626 aequalem
1417 4559 1648 4626 obtinet,
1688 4563 1788 4618 etsi
1825 4564 2113 4621 minimum

547 4647 728 4701 fuerit.
761 4645 895 4701 Nam
925 4662 1048 4702 cum
1077 4647 1328 4703 bifariam
1368 4649 1436 4705 de
1469 4650 1555 4707 his
1596 4667 1717 4722 qua!
1757 4661 1908 4722 sunt,
1940 4656 2115 4714 divisa

545 4737 843 4808 sit0pinio:
867 4737 922 4792 in
935 4745 1263 4804 creaturam,
1286 4741 1405 4795 etin
1418 4751 1670 4797 naturam
1687 4744 1988 4801 increatam
2004 4748 2078 4820 (b)
2095 4764 2110 4802 :

544 4831 622 4895 si,
661 4829 808 4900 quod
839 4845 986 4886 nunc
1017 4831 1089 4887 ab
1126 4831 1456 4889 adversariis
1485 4835 1868 4904 contenditur,
1903 4854 2115 4909 praeva-

546 4923 749 4977 Iuerit:
788 4923 862 4977 ita
897 4930 956 4978 ut
989 4923 1174 4980 dicant
1209 4923 1300 4981 Dei
1339 4924 1532 4982 Filium
1558 4936 1800 5009 creatum
1839 4946 1981 4997 esse,
2014 4949 2115 4989 ne-

545 5029 702 5070 cesse
753 5019 838 5068 est
890 5016 1134 5081 omnino,
1199 5016 1286 5072 vel
1348 5020 1720 5091 evangelicum
1783 5025 2116 5092 praeconium

2211 2565 2304 2636 ρὸς
2351 2565 2417 2619 ἂν
2468 2563 2554 2636 εἴη
2597 2564 3024 2638 φιλοπονώτερον
3071 2566 3370 2632 διεξετὰσαι
3419 2567 3488 2620 τὰ
3523 2567 3806 2639 εἰρημένα

2208 2655 2356 2727 αὐτῷ
2392 2674 2450 2710 τε
2481 2657 2558 2729 τῷ
2595 2659 2878 2730 Εὐνομίῳ,
2909 2660 3002 2713 καὶ
3032 2659 3108 2730 τῷ
3145 2659 3398 2732 ἡμετέρῳ
3445 2660 3616 2730 πατρὶ
3668 2660 3811 2730 περὶ

2211 2751 2422 2804 τούτου.
2465 2750 2527 2802 Εἰ
2565 2749 2622 2802 δὲ
2653 2751 2732 2813 είς
2755 2750 2958 2819 πλῆθος
2991 2751 3220 2804 ἐκτείνοι
3255 2751 3346 2804 τὸν
3383 2750 3536 2818 λόγον
3565 2752 3597 2819 ἡ
3633 2752 3814 2820 ἀκριο

2213 2839 2314 2910 θὴς
2337 2839 2559 2911 θεωρία,
2584 2839 2952 2909 συγγνώσεται
2976 2841 3191 2906 πάντως
3211 2844 3240 2895 ό
3263 2841 3560 2910 εὐγνώμων
3587 2843 3814 2913 ἀκροαο

2211 2931 2328 3001 τὴς,
2363 2933 2462 3002 οὐχ
2506 2933 2653 3003 ἡμᾶς
2684 2932 2988 3003 ἀδολεσχεῖν
3025 2933 3378 3004 αἰτιώμενος,
3408 2934 3525 2987 ἀλλ’
3558 2935 3655 2987 ἐπὶ
3702 2935 3816 2987 τὸν

2210 3021 2309 3091 τὴν
2347 3022 2600 3093 ἀφορμὴν
2628 3021 2895 3076 δεδωκότα
2927 3022 3024 3094 τὴν
3057 3022 3233 3076 αἰτίαν
3278 3024 3660 3094 ἐπαναφέρων,
3705 3025 3816 3076 καί

2215 3131 2306 3184 μοι
2355 3113 2794 3186 συγκεχωρήσθω
2837 3113 3043 3186 βραχέα
3087 3114 3209 3168 τινὰ
3257 3114 3656 3186 προδιεξελθεῖν
3696 3115 3817 3185 τῆς
3845 3145 3882 3168 α,

2210 3203 2320 3258 τῶν
2353 3210 2728 3277 προκειμένων
2767 3205 3101 3271 ἐξετάσεως’
3143 3207 3263 3260 οὐδὲ
3304 3205 3473 3260 ταῦτα
3501 3207 3668 3277 τυχὸν
3702 3209 3814 3262 τοῦ

2215 3295 2418 3350 σκοποῦ
2475 3296 2584 3350 τῶν
2633 3297 3081 3368 σπουδαζομένων
3120 3298 3414 3369 ἀπᾴδοντα.
3465 3299 3634 3352 Οὐδὲν
3689 3299 3814 3350 τῶν

2211 3388 2299 3442 διὰ
2351 3388 2585 3452 κτίσεως
2637 3388 2935 3458 γεγονότων
2989 3389 3284 3459 σεϐάσμιον
3341 3385 3481 3442 εἶναι
3533 3392 3650 3451 τοῖς
3698 3391 3808 3443 ἀνθ

2213 3478 2450 3550 θρώποις
2483 3480 2512 3532 ό
2559 3477 2700 3542 θεῖος
2737 3478 3097 3551 ἐνομοθέτησε
3149 3479 3337 3548 λόγος*
3376 3480 3453 3542 ὼς
3507 3479 3574 3531 ἐκ
3614 3478 3814 3550 πάσης

2217 3571 2412 3641 μικροῦ
2443 3570 2550 3624 δεῖν
2579 3570 2694 3623 ἔστι
2735 3569 2836 3641 τῆς
2869 3570 3226 3624 θεοπνεύστου
3257 3570 3481 3642 Γραφῆς
3505 3570 3566 3624 τὸ
3585 3570 3814 3625 τοιοῦτο

2218 3661 2428 3733 μαθεῖν.
2480 3661 2537 3716 '0
2564 3663 2821 3732 Μωῡσῆς,
2844 3663 2901 3715 αἱ
2933 3662 3161 3728 πλάκες,
3199 3664 3228 3716 ὁ
3250 3663 3434 3733 νόμος,
3475 3663 3527 3715 οἱ
3561 3663 3812 3733 καθεξῆς

2217 3755 2512 3827 προφῆται,
2545 3753 2612 3808 τὰ
2638 3755 2966 3823 Εὐαγγέλια,
2991 3756 3098 3808 τῶν
3121 3755 3432 3810 ἀποστόλων
3452 3755 3522 3807 τὰ
3551 3754 3810 3824 δόγματα

2217 3846 2457 3909 πάντων,
2510 3845 2706 3916 ἐπίσης
2757 3846 3158 3918 ἀπαγορεύουσι
3191 3846 3252 3900 τὸ
3302 3846 3440 3917 πρὸς
3480 3845 3580 3915 τὴν
3627 3845 3813 3898 κτίσιν

2219 3934 2457 4005 βλέπειν.
2487 3935 2594 3988 Καὶ⁸
2631 3933 2837 4004 μακρὸν
2868 3933 2935 3987 ἂν
2963 3933 3047 4004 εἴη
3084 3932 3151 3987 τὰ
3188 3933 3308 3986 καθ’
3340 3935 3570 3986 ἕκαστον
3603 3933 3813 4003 ἑφεξῆς

2218 4027 2612 4100 παρατίθεσθαι
2657 4026 2806 4098 παρᾶ
2850 4026 2959 4080 τῶν
3002 4029 3081 4090 είς
3111 4026 3267 4080 τοῦτο
3317 4026 3629 4098 φερόντων⁹
3668 4027 3810 4080 ἀλλὰ

2218 4115 2321 4170 κᾶν
2365 4117 2522 4184 ὀλίγα
2567 4117 2664 4186 τῆς
2710 4115 3064 4169 θεοπνεύστου
3120 4116 3425 4187 μαρτυρίας
3481 4117 3549 4168 ἐκ
3588 4116 3810 4170 πολλῶν

2219 4206 2590 4279 παραθώμεθα
2610 4248 2624 4271 ,
2659 4206 2854 4278 ἐπίσης
2890 4209 3108 4269 πάντως
3139 4208 3167 4259 ὁ
3200 4205 3356 4274 λόγος
3388 4208 3450 4260 τὸ
3487 4205 3810 4271 ἀξιόπιστον

2219 4297 2351 4368 ἔχει⁹
2383 4298 2517 4352 διότι
2543 4299 2652 4352 τῶν
2679 4297 2836 4353 θείων
2855 4299 3080 4353 ἕκαστον
3101 4301 3180 4363 είς
3204 4299 3511 4370 φανέρωσιν
3542 4299 3808 4370 ἀληθείας

2219 4389 2280 4443 τὸ
2305 4385 2426 4444 ἴσον
2452 4391 2564 4461 ἔχει
2584 4431 2599 4454 ,
2631 4390 2736 4444 κᾶν
2769 4391 3044 4461 ἐλάχιστον
3158 4393 3290 4462 Διχῆ
3323 4392 3432 4463 γὰρ
3462 4391 3808 4464 διῃρημένης

2223 4482 2318 4551 τῆς
2337 4483 2464 4553 περὶ⁵
2491 4482 2596 4535 τῶν
2623 4483 2794 4537 όντων
2821 4483 3159 4554 ὑπολήψεως,
3181 4485 3260 4547 εἷς
3283 4500 3344 4536 τε
3375 4485 3472 4555 τὴν
3501 4485 3682 4538 κτίσιν
3708 4480 3807 4538 καὶ

2220 4574 2298 4636 είς
2322 4572 2418 4642 τὴν
2445 4572 2698 4627 ἀκτιστον
2731 4573 2913 4644 φύσιν,
2940 4575 3034 4627 ἐὰν
3057 4575 3404 4648 ἐπικρατήσῃ
3431 4575 3494 4628 τὸ
3520 4579 3674 4648 παρὰ
3694 4576 3806 4629 τῶν

2221 4664 2476 4718 ἐναντίων
2540 4665 2635 4718 νῦν
2681 4665 3111 4737 σπουδαζόμενον
3135 4683 3150 4698 ·
3193 4666 3334 4720 ὥστε
3394 4668 3614 4721 κτιστὺν
3665 4665 3804 4721 εἶναι

2220 4757 2311 4810 τὸν
2338 4757 2464 4811 Υἱὸν
2485 4757 2580 4811 τοῦ
2603 4757 2736 4811 Θεοῦ
2760 4757 2957 4826 λέγειν,
2993 4759 3206 4829 ἀνάγκη
3237 4761 3409 4824 πᾶσα,
3438 4759 3469 4828 ἢ
3493 4761 3807 4814 ἀθετεῖσθαι

2220 4849 2281 4904 τὸ
2317 4850 2668 4919 εὑαγγελικὸν
2693 4853 2983 4922 κήρυγμα,
3017 4852 3111 4905 καὶ
3151 4854 3224 4924 μὴ
3258 4855 3684 4923 προσκυνεῖσθαι
3713 4855 3807 4908 τὸν

2221 4941 2280 4996 ἐν
2306 4941 2447 5012 ἀρχῇ
2481 4940 2609 4995 ὄντα
2642 4941 2812 5010 Λόγον
2847 4941 2998 5007 Θεὸν,
3032 4942 3121 4996 διὰ
3152 4943 3210 4995 τὸ
3245 4942 3318 5014 μὴ
3356 4943 3468 4997 δεῖν
3501 4949 3807 5016 προσάγειν

2221 5031 2323 5103 τὴν
2369 5031 2623 5102 λατρείαν
2674 5033 2742 5102 τῇ
2792 5031 2997 5096 κτίσει,
3055 5032 3088 5102 ἥ
3141 5032 3297 5104 εἴπερ
3343 5033 3619 5106 δυσωποίη
3653 5036 3723 5089 τὰ
3747 5038 3807 5089 ἐν

547 5101 756 5172 sperni,
799 5118 899 5158 nec
941 5103 1108 5160 Deum
1142 5103 1376 5162 Verbum
1421 5111 1569 5180 quod
1600 5111 1656 5166 in
1693 5113 1964 5185 principio
1997 5126 2108 5172 erat

2236 5101 2574 5196 Εθαγγελίοις
2605 5127 2877 5197 θαύματα,
2905 5128 2973 5181 δι’
2994 5122 3237 5200 ώνπρδς
3262 5101 3320 5182 τὸ
3349 5101 3675 5192 σεδάζεσθαι
3711 5127 3808 5181 καὶ

548 5195 787 5272 adorari,
817 5195 944 5267 quia
984 5197 1056 5253 sit
1081 5195 1246 5255 nefa!
1273 5201 1445 5258 latrize
1481 5204 1686 5260 cultum
1723 5216 1987 5264 creaturae
2020 5209 2116 5265 ad-

2221 5219 2546 5289 προσκυνεῖν
2571 5217 2658 5270 τὸν
2683 5218 2740 5269 ὲν
2761 5217 2990 5280 ἐκείνοις
3013 5215 3335 5287 δηλούμενον
3361 5217 3805 5286 ὲναγόμεθα.....

550 5283 760 5342 bibere:
783 5288 868 5344 vel
895 5289 940 5345 si
960 5291 1177 5362 quidem
1194 5304 1304 5364 pra:
1320 5290 1528 5364 pudore
1544 5313 1654 5354 non
1670 5297 2108 5377 audeantnegare

2236 5283 2302 5370 είς
2322 5305 2611 5377 όμοτιμίαν
2630 5307 2782 5375 ἄγειν
2805 5306 2864 5360 τὸ
2884 5283 3098 5360 κτιστδν
3123 5283 3216 5362 καὶ
3243 5306 3302 5361 τὸ
3325 5283 3596 5364 ἄκτιστον.
3629 5307 3808 5382 Εἴπερ

624 5463 644 5496 ³
675 5465 798 5523 Act.
824 5483 923 5525 vlt.

617 5646 712 5725 (ιι)
735 5651 777 5706 o
824 5650 1082 5709 Basiliam
1114 5654 1384 5727 intelligit.

2294 5665 2370 5739 (tu)
2400 5665 2456 5725 Id
2483 5676 2591 5736 est,
2624 5667 2681 5726 in
2704 5669 3014 5728 Creatorem
3045 5679 3097 5730 et
3129 5687 3216 5731 res
3246 5684 3476 5731 creatas.
