3992 6210
230 303 319 362 63!

1357 314 1635 371 CONTRA
1675 316 2069 387 EUNOMIUM,
2112 317 2242 379 LIB.
2284 318 2347 378 ν.

3391 327 3491 393 csa

226 420 364 474 κατά
388 416 442 473 τὸ
466 420 641 492 δόγμα
663 424 767 476 τῶν
792 423 1127 481 ὑπεναντίων
1154 430 1245 483 καὶ
1272 431 1299 482 ό
1329 431 1543 496 amaro;
1570 450 1796 505 προσκυ-

1911 452 2028 505 qua:
2074 446 2202 492 Stllll
2255 438 2308 490 in
2356 435 2667 506 Evangeliis
2721 439 3004 505 miracuia,
3041 441 3241 511 quibus
3291 444 3358 500 ad
3407 464 3495 503 cm-

223 514 360 563 νιίτο
402 511 557 575 Θεὸς,
615 514 868 585 οὐδεμίαν
920 518 978 570 ἐν
1030 520 1095 589 τῇ
1131 520 1286 587 φύσει
1341 522 1438 592 τὴν
1478 523 1807 594 προτίμησιν

222 604 359 673 ἔχων
406 603 508 674 τῆς
542 604 710 677 ἄλλης
753 607 1016 670 κτίσεως’
1063 613 1156 664 καὶ
1188 614 1234 665 εἰ
1275 612 1431 665 τοῦτο
1465 616 1807 685 κρατήσειεν,

223 698 297 758 εἰς
330 690 604 767 ἀναρχίαν
645 698 767 751 τινὰ
801 700 976 771 πάντη
1011 702 1103 755 καὶ
1147 702 1555 775 δημοκρατικὴν
1592 706 1810 760 αὐτονο⁴

224 787 347 858 μίαν
402 787 475 840 τὰ
528 788 774 859 δόγματα
828 795 929 862 τῆς
987 793 1267 858 εὐσεϐείας
1337 796 1804 868 μετενεχθήσεται.

221 876 390 931 Ὅταν
418 878 531 950 γὰρ
579 879 653 950 μὴ
682 882 810 950 μίαν
840 879 978 937 εἶναι
1011 883 1109 955 τὴν
1135 887 1618 958 προσκυνουμένην
1646 888 1807 958 φύσιν

219 966 587 1021 πιστεύσωσιν
610 972 659 1022 οἰ
679 969 975 1043 ἄνθρωποι,
995 973 1111 1026 ἀλλ’
1139 975 1217 1037 εἰς
1234 974 1523 1047 διαφόρους
1548 976 1806 1048 θεότητας

216 1063 333 1124 ταῖς
350 1062 583 1124 ἐννοίαις
596 1064 988 1134 ἀπνεχθῶσιν,
1006 1066 1105 1118 οὐκ
1123 1065 1267 1120 ἔστιν
1285 1067 1342 1131 ὃς
1358 1069 1542 1137 στήσει
1559 1069 1657 1139 τὴν
1680 1089 1744 1124 πε
1753 1074 1805 1137 pi

217 1152 271 1207 τὸ
302 1153 459 1207 Θεῐον
491 1155 759 1225 ὑπόληψιν
798 1158 1090 1227 προϊοῦσαν
1128 1159 1218 1212 διὰ
1243 1160 1343 1229 τῆς
1368 1160 1598 1223 κτίσεως
1618 1180 1631 1194 ·
1668 1163 1805 1216 ἀλλὰ

216 1243 273 1295 τὸ
299 1244 555 1314 νομισθὲν
578 1245 637 1296 ἐν
666 1248 730 1315 τῇ
758 1245 931 1298 κτίσει
958 1246 1122 1310 θεῖον,
1145 1248 1366 1320 ἀφορμὴ
1392 1250 1527 1320 πρὸς
1551 1251 1648 1321 τὴν
1678 1250 1802 1321 ἴσην

217 1336 488 1405 ὑπόληψιν
536 1337 614 1407 τῷ
667 1340 783 1408 μετ’
832 1339 1009 1392 ἐκεῖνο
1072 1339 1429 1412 θεωρουμένῳ
1480 1345 1799 1413 γενήσεταιο

216 1429 439 1481 κάκεῖνο
467 1428 542 1499 τῷ
570 1429 772 1501 ἐφεξῆς
790 1471 804 1494 ,
833 1431 928 1483 καὶ
969 1431 1055 1484 διὰ
1082 1432 1318 1497 πάντων,
1345 1435 1409 1487 ἐκ
1446 1435 1545 1505 τῆς
1575 1436 1801 1489 ἀκολου-

216 1519 333 1583 θίας
380 1519 589 1589 ταύτης
646 1523 679 1590 ἡ
732 1521 906 1592 πλάνη
945 1521 1374 1593 διενεχθήσεταισ
1430 1524 1529 1596 τῆς
1579 1527 1803 1598 πρώτης

214 1612 430 1683 ἀπάτης
474 1614 563 1667 διὰ
611 1613 718 1667 τῶν
763 1615 1183 1687 παρακειμένων
1213 1615 1373 1688 μέχρι
1400 1617 1508 1671 τῶν
1551 1619 1800 1690 ἐσχάτων

208 1704 537 1775 διεξιούσης.

1914 529 2132 581 lendutn
2162 534 2215 582 et
2237 527 2303 581 ad
2336 527 2674 581 adorandum
2706 546 2828 583 cum
2860 531 2953 601 qui
2984 531 3036 585 in
3062 532 3170 587 illis
3192 537 3488 607 revelatur,

1911 617 2253 682 inducimur;
2304 632 2527 672 necesse
2565 628 2666 683 est,
2713 620 2958 688 inquam,
2996 624 3111 692 pari
3140 624 3349 682 honore
3379 630 3493 685 aﬂi-‘

1909 725 2033 765 cere
2063 710 2205 779 quod
2242 718 2489 765 creatum
2520 718 2624 773 est,
2660 720 2713 764 et
2745 713 2888 780 quod
2921 714 3249 771 increatum.
3286 719 3342 773 Si
3366 723 3492 791 qni-

1909 801 2030 855 dem
2062 802 2362 857 secundum
2391 801 2834 857 adversariorum
2862 804 3059 875 dogma
3086 809 3248 862 etiam
3271 821 3492 868 creatus

1909 891 2053 947 Deus
2084 892 2430 957 adoraretur,
2486 895 2690 947 nullam
2729 894 2783 948 in
2828 902 3026 950 natura
3076 902 3487 971 praerogativam

1908 985 2134 1040 haberet
2169 1001 2279 1055 prae
2317 987 2421 1039 alia
2453 995 2747 1041 creatura:
2786 988 2932 1057 quod
2969 990 3013 1043 si
3050 990 3152 1045 hoc
3188 995 3489 1062 praevaluea

1906 1075 1998 1139 rit,
2036 1074 2102 1128 ad
2150 1075 2469 1130 anarchiam
2512 1085 2661 1131 certe
2703 1084 2757 1131 et
2804 1078 3168 1135 multitudinis
3216 1081 3492 1137 eﬂrenatze

1905 1163 2197 1231 quamdam
2222 1179 2450 1233 prorsus
2480 1165 2777 1230 licentiam,
2806 1180 2857 1221 et
2886 1168 3201 1237 popularem
3233 1171 3348 1226 suis
3367 1173 3491 1242 legis

1907 1256 2011 1309 hus
2047 1271 2145 1325 pro
2192 1256 2418 1311 libidine
2455 1266 2696 1312 utentem
2735 1268 2936 1313 statum
2984 1262 3200 1331 pietatis
3235 1263 3486 1333 dogmata

1906 1346 2328 1402 transferentur;
2372 1347 2510 1402 Cum
2562 1349 2707 1403 enim
2746 1364 2854 1404 non
2887 1366 3050 1405 unam
3083 1369 3205 1409 esse
3235 1363 3486 1409 naturam

1905 1453 2027 1505 qua:
2055 1438 2316 1494 adoretur
2349 1438 2686 1494 crediderint
2716 1440 2986 1505 homines,
3017 1443 3112 1498 sed
3147 1445 3214 1499 ad
3241 1447 3488 1501 diversas

1906 1527 2137 1583 Deitatis
2191 1537 2420 1585 naturas
2451 1530 2660 1585 notitiis
2692 1532 2876 1587 animo
2923 1532 3232 1590 informatis
3275 1535 3485 1605 abrepti

1906 1621 2127 1684 fuerint,
2181 1639 2291 1678 non
2341 1633 2425 1679 est
2469 1624 2565 1692 qui
2602 1623 2986 1692 procedentem
3025 1641 3122 1695 per
3175 1634 3483 1682 creaturam

1906 1717 2208 1774 divinitatis
2248 1719 2562 1788 opinionem
2608 1718 2780 1787 possit
2829 1718 3065 1786 sistere;
3118 1720 3215 1774 sed
3250 1721 3394 1789 quod
3430 1721 3483 1775 in

208 1808 462 1855 creatura
480 1801 728 1855 divinum
765 1797 1139 1857 existimatuin
1174 1803 1359 1867 fuerit,
1391 1804 1534 1862 utde
1558 1822 1624 1862 eo
1644 1810 1791 1878 quod
1833 1822 1955 1880 post
1996 1812 2131 1867 illud
2161 1812 2542 1866 consideratur
2567 1812 2758 1866 eadem
2786 1812 2971 1881 opinio
3034 1812 3233 1868 animis
3310 1813 3488 1870 homi~

209 1912 333 1950 num
359 1896 742 1965 ingeneretur,
769 1897 991 1953 occasio
1019 1898 1145 1964 ﬁet;
1175 1907 1230 1954 et
1253 1899 1383 1955 illud
1407 1901 1456 1956 ei
1481 1903 1629 1971 quod
1654 1905 1932 1977 deinceps.
1966 1908 2156 1976 Sithtc
2188 1922 2283 1976 per
2311 1906 2493 1959 omnia
2534 1920 2602 1959 ex
2681 1906 2781 1959 hac
2856 1908 3248 1962 consecutione
3327 1925 3485 1966 error

206 1988 575 2049 dili'undetur,
607 1988 782 2058 prima
806 1988 1019 2045 fallacia
1041 2006 1136 2062 per
1158 1993 1464 2063 propinqua
1489 1996 1605 2051 sive
1630 2000 1879 2068 apposita
1906 2016 2079 2070 usque
2106 2000 2171 2053 ad
2203 2007 2447 2054 extrema
2476 2007 2855 2068 percurrente.

266 2082 387 2137 Καὶ
414 2082 505 2134 ὅτι
544 2081 645 2134 ούκ
681 2080 786 2145 ἔξω
822 2100 876 2135 τι
906 2082 1003 2136 τοῦ
1045 2084 1251 2149 εἰκότος
1286 2090 1791 2164 παραστοχάζομαι,
1828 2101 1867 2155 Β

202 2182 522 2246 ἀξιόπιστον
564 2178 659 2232 τοῦ
708 2180 870 2249 λόγου
920 2183 1342 2254 παραστήσομαι
1392 2185 1663 2258 μάρτυρα,
1698 2187 1795 2259 τὴν

204 2273 370 2342 μέχρι
394 2271 489 2323 τοῦ
518 2272 613 2325 νῦν
640 2271 1043 2343 ἐπικρατοῦσαν
1076 2275 1134 2326 ἐν
1159 2276 1271 2337 τοῖς
1306 2275 1528 2346 Ἕλλησι
1565 2277 1792 2348 πλάνην.

214 2363 436 2435 Ἐπειδὴ
475 2362 588 2433 γάρ
619 2363 931 2433 ἀπαιδεύτῳ
963 2364 1059 2418 καὶ
1108 2369 1399 2437 μικροφυεῖ
1424 2368 1631 2441 διανοίᾳ
1663 2370 1796 2441 πρὸς

202 2456 265 2509 τὰ
286 2457 396 2527 τῆς
440 2457 677 2520 κτίσεως
729 2456 900 2526 κάλλη
931 2456 1319 2524 θαυμαστικῶς
1359 2459 1675 2531 διετέθησαν
1694 2504 1709 2528 ,
1732 2465 1793 2515 οὐ

202 2547 536 2619 χειραγωγῷ
572 2564 633 2600 τε
679 2547 772 2601 καὶ
805 2546 984 2618 ὁδηγῷ
1021 2548 1097 2619 τῷ
1132 2547 1368 2620 θαύματι
1406 2551 1514 2603 τῶν
1538 2552 1797 2623 φαινομέ-

202 2658 303 2693 νων
330 2640 476 2711 πρὸς
504 2639 605 2711 τὴν
637 2638 729 2693 τοῦ
756 2640 1152 2711 ὑπερκειμένου
1192 2641 1424 2703 κάλλους
1469 2642 1796 2713 κατανόησιν

201 2733 684 2805 συγχρησάμενοιο
712 2733 846 2787 ἀλλά
888 2735 1047 2806 μέχρι
1085 2734 1195 2788 τῶν
1228 2735 1794 2810 καταλαμϐανομένων

198 2826 440 2897 ἔστησαν
472 2826 681 2880 ἑαυτῶν
731 2827 830 2898 τὴν
866 2827 1126 2891 διάνοιαν,
1158 2829 1251 2882 καὶ
1288 2830 1519 2884 ’ἑκαστον
1554 2832 1652 2902 τῆς
1680 2832 1795 2885 κτί-

200 2934 338 2981 σεως
372 2917 543 2989 μέρος
583 2918 891 2983 ἰδιαζόντως
920 2918 1256 2990 ἐθαύμασαν.
1286 2922 1385 2975 Διά
1420 2923 1577 2976 τοῦτο
1605 2924 1707 2977 οὐκ
1736 2925 1793 2975 ἐν

198 3008 274 3059 ἑνί
324 3025 439 3060 τινι
493 3009 640 3079 μόνῳ
678 3008 788 3062 τῶν
835 3011 1176 3081 φαινομένων
1226 3010 1323 3082 τὴν
1364 3013 1492 3084 περὶ
1549 3012 1611 3066 τὸ
1640 3012 1793 3066 Θεῖον

196 3099 477 3169 ὑπόληψιν
516 3102 750 3171 ἔστησαν
780 3117 796 3131 ·
829 3100 967 3154 ἀλλὰ
1000 3102 1109 3156 πᾶν
1146 3102 1208 3155 τὸ
1246 3105 1304 3155 ὲν
1340 3107 1406 3175 τῇ
1456 3104 1627 3157 κτίσει
1675 3104 1793 3174 βλε-

198 3192 448 3261 πόμενον
476 3218 485 3223 -
516 3191 658 3245 θεῖον
710 3193 985 3263 ἐνόμισαν.
1026 3194 1136 3248 Καὶ
1183 3194 1327 3248 οὕτω
1374 3196 1489 3258 τοῖς
1549 3192 1648 3261 μὲν
1699 3193 1794 3247 Ai.-

194 3284 456 3353 γυπτίοις
514 3284 640 3354 περὶ
694 3284 761 3339 τὰ
815 3286 979 3357 νοερὰ
1035 3288 1217 3340 πλεῖον
1261 3286 1648 3358 ἐνεργηθείσης
1694 3288 1793 3358 τῆς

200 3378 438 3447 πλάνης,
461 3378 518 3428 αἰ
574 3377 765 3449 μυρίαι
798 3378 907 3432 τῶν
948 3379 1215 3449 δαιμόνων
1247 3380 1453 3451 μορφαὶ
1491 3381 1571 3443 είς
1600 3379 1793 3449 φύσεις

200 3473 343 3526 θεῶν
372 3442 798 3544 ’ἠριθμηθησαω
840 3472 964 3535 Τοῖς
1090 3442 1453 3535 Βαϐυλωνίοις
1481 3474 1514 3543 ἡ
1548 3442 1791 3542 ἀπλανὴς
1818 3442 1858 3497 C

202 3566 295 3619 τοῦ
344 3567 516 3620 πόλου
579 3565 851 3637 περιφορὰ
905 3565 1039 3628 Θεὸς
1097 3564 1387 3635 ἐνομίσθη,
1436 3565 1495 3619 ὃν
1533 3566 1628 3619 καὶ
1685 3565 1792 3637 Βὴλ

199 3655 520 3727 ὠνόμασαν.
549 3656 707 3709 Οὕτω
735 3656 791 3709 δὲ
814 3656 907 3709 καὶ
942 3656 1067 3718 τοὺς
1106 3654 1304 3725 ἐφεξῆς
1337 3654 1476 3708 ἑπτὰ
1494 3695 1508 3714 ,
1538 3657 1570 3726 ἡ
1607 3655 1791 3725 Ἑλλη-

202 3749 332 3819 νικὴ
358 3749 655 3819 ματαιότης
687 3747 997 3813 ἰδιαζόντως
1020 3747 1406 3818 θεοποιήσασα,
1434 3747 1592 3802 ἄλλον
1612 3748 1792 3811 ἀλλοις

198 3842 347 3894 κατά
376 3859 503 3894 τινα
564 3840 667 3909 τῆς
704 3840 920 3912 ἀπάτης
977 3839 1245 3905 ἰδιάζοντα
1294 3839 1450 3909 λόγον
1476 3879 1492 3904 ,
1525 3840 1788 3907 ὑπέκυψε.

201 3933 421 3995 Πάντας
469 3931 579 4004 γὰρ
616 3930 839 3996 τούτους
887 3933 945 3985 ὲν
986 3931 1237 4003 ἀλλήλοις
1288 3932 1792 4005 ἀναστρεφομένους

195 4026 331 4087 τοὺς
363 4023 600 4086 κύκλους
636 4023 1070 4094 κατανοήσαντες
1093 4062 1108 4087 ,
1145 4022 1331 4095 ἐπειδὴ
1372 4022 1502 4093 περὶ
1534 4022 1595 4075 τὸ
1625 4023 1792 4094 ἀκρό-

196 4133 364 4169 τατον
385 4115 787 4187 ἐπλανήθησαν,
808 4116 874 4169 δι’
891 4114 1183 4170 ἀκολούθου
1215 4113 1489 4185 καὶμέχρι
1516 4112 1610 4167 τοῦ
1634 4115 1796 4186 ἐσχά-

196 4225 297 4261 του
326 4208 425 4279 τὴν
453 4207 626 4280 αὐτὴν
652 4207 859 4279 πλάνην
893 4208 1336 4262 ωνδιεσώσαντο.
1372 4206 1483 4261 Καὶ
1508 4209 1645 4281 πρὸς
1663 4209 1791 4263 τού·-

196 4314 321 4362 τοις
341 4299 505 4352 αὐτόν
528 4315 589 4351 τε
614 4299 706 4352 τὸν
730 4298 943 4369 αἰθέρα,
961 4301 1055 4351 καὶ
1081 4297 1172 4351 τὸν
1191 4297 1431 4368 ὑποκεχυ
1441 4297 1601 4370 μένον
1629 4299 1790 4372 ἀέρα,

198 4392 305 4460 τήν
340 4408 397 4444 τε
446 4392 554 4461 γῆν
589 4390 685 4443 καὶ
737 4389 836 4461 τὴν
878 4389 1155 4444 θάλασσαν
1207 4390 1302 4444 καὶ
1338 4389 1438 4462 τὴν
1473 4390 1791 4461 ὑποχθόνιον

195 4481 378 4553 λῆξιν,
399 4482 498 4536 καὶ
517 4483 686 4554 αὐτῆς
713 4482 768 4536 δὲ
785 4483 884 4554 τῆς
902 4483 1005 4554 γῆς
1031 4483 1131 4537 ὅσα
1154 4482 1388 4556 χρειώδη
1410 4482 1501 4538 καὶ
1521 4485 1792 4552 ἀναγκαῖα

200 4575 345 4645 πρός
363 4576 461 4647 τὴν
491 4575 840 4646 ἀνθρωπίνην
871 4576 988 4629 ἐστὶ
1020 4574 1187 4647 ζωὴν,
1218 4575 1370 4630 οὐδὲν
1401 4578 1498 4631 ὅτι
1526 4577 1624 4647 τῆς
1641 4576 1791 4641 θείας

198 4662 519 4739 ἀπόκληρον
544 4664 686 4721 εἶναι
731 4668 947 4736 φύσεως
977 4666 1359 4739 ὲδογμάτισαν.
1406 4669 1544 4722 Ἀλλ’
1576 4671 1791 4743 ἑκάστῳ

1966 2092 2121 2158 Quod
2154 2101 2332 2147 autem
2370 2107 2398 2145 a
2454 2106 2586 2146 vero
2642 2091 2886 2145 alienum
2930 2091 3156 2145 minime
3207 2090 3476 2161 conjieio.

1902 2183 2003 2240 ﬁde
2028 2184 2250 2255 dignum
2282 2191 2473 2238 testem
2507 2182 3044 2253 producam,nempe
3073 2183 3139 2236 ad
3168 2182 3270 2238 hoc
3302 2199 3482 2255 usque

1899 2286 2113 2346 tempus
2142 2277 2285 2329 inter
2314 2273 2534 2330 Graecos
2577 2257 2959 2345 praevalentem
2993 2282 3262 2331 errorem.
3317 2275 3478 2332 Post-

1897 2383 2060 2437 quam
2092 2368 2236 2422 enim
2267 2367 2518 2423 homines
2551 2368 2801 2437 imperita
2846 2376 2900 2422 et
2932 2366 3126 2436 pusilla
3149 2368 3481 2437 cogitatione

1898 2474 1962 2514 ac
1993 2459 2265 2515 sententia
2307 2459 2373 2513 ad
2416 2467 2684 2515 creatura:
2735 2460 3179 2528 pulchritudines
3214 2460 3479 2515 mirabili-

1897 2559 1981 2606 ter
2001 2550 2182 2607 alTecti
2218 2560 2369 2615 sunt,
2401 2565 2510 2606 non
2541 2567 2734 2607 eorum
2786 2567 2908 2621 qua:
2953 2552 3326 2606 cernebantur
3379 2552 3480 2606 ad-

1897 2642 2188 2696 miratione.
2221 2656 2318 2695 ceu
2360 2641 2758 2696 manuductore
2791 2649 2845 2696 et
2886 2641 3093 2711 optimo
3123 2641 3264 2698 duce
3294 2642 3360 2696 ad
3383 2657 3480 2697 sua

1896 2735 2286 2804 pereminentis
2318 2734 2743 2804 pulchritudinis
2783 2735 3148 2804 cognitionem
3192 2743 3325 2790 sunt
3354 2736 3473 2801 usi,

1896 2827 1991 2882 sed
2016 2827 2084 2881 ad
2117 2842 2180 2882 ea
2213 2842 2387 2897 usque
2411 2842 2533 2897 qua:
2567 2834 2751 2881 mente
2790 2826 3181 2897 comprehendi
3214 2836 3470 2897 possunt.

1897 2935 2052 2974 suam
2095 2920 2513 2990 intelligentiam
2545 2921 2841 2984 stiterunt;
2878 2927 2932 2974 et
2959 2926 3225 2974 creatura:
3259 2927 3474 2990 partem

1895 3027 2340 3082 unamquamque
2393 3009 2750 3083 peculiariter
2802 3010 3061 3065 admirati
3121 3020 3271 3067 sunt.
3329 3011 3478 3079 Qua-

1894 3114 2118 3175 propter
2148 3120 2253 3159 non
2297 3105 2353 3159 in
2394 3119 2506 3159 uno
2533 3104 2773 3175 quodam
2808 3103 2928 3158 solo
2954 3118 3144 3158 eorum
3177 3118 3300 3174 quae
3336 3118 3473 3158 ocue

1895 3198 1963 3251 lis
2022 3205 2329 3252 cernuntur
2372 3197 2681 3252 divinitatis
2736 3197 3050 3268 opinionem
3087 3198 3473 3261 stabilicrunt;

1894 3289 1989 3345 sed
2026 3290 2295 3361 quidquid
2343 3291 2397 3344 in
2429 3298 2686 3346 creatura
2718 3291 2992 3356 cernitur,
3030 3305 3236 3346 numen
3281 3291 3477 3346 existi-

1895 3389 2204 3437 maverunt.
2236 3381 2300 3436 Et
2339 3382 2422 3438 sic
2465 3382 2740 3454 Egyptiis
2798 3383 3018 3455 quidem
3058 3384 3204 3438 circa
3246 3391 3477 3438 naturas

1893 3476 2296 3531 intellectuales
2355 3477 2591 3547 amplius
2626 3476 2998 3532 invalescente
3050 3483 3263 3541 errare,
3312 3476 3476 3531 innu-

1894 3567 2183 3622 merabiles
2237 3566 2547 3623 daemonum
2610 3566 2800 3622 formae
2843 3568 2911 3623 ad
2950 3568 3179 3623 deormn
3248 3575 3478 3624 naturas

1894 3673 1961 3711 an
1973 3668 2275 3714 numeratae
2299 3668 2448 3716 sunt.
2479 3659 2636 3728 Apud
2661 3657 2990 3730 Babylonios
3013 3676 3146 3714 vero
3167 3661 3320 3715 orbis
3345 3659 3471 3713 cmli

1893 3749 2147 3807 inerrans
2198 3750 2340 3806 Deus
2393 3750 2745 3806 existimatus
2794 3760 2900 3813 est,
2954 3765 3115 3819 quem
3168 3752 3332 3803 etiam
3381 3750 3471 3804 Bel

1894 3841 2340 3895 nominaverunt.
2389 3838 2480 3895 Sic
2508 3839 2672 3894 etiam
2702 3839 2866 3893 orbes
2897 3837 3188 3892 inferiores
3234 3846 3469 3907 septem,

1893 3932 2206 3987 Grazcorum
2240 3933 2455 3989 vanitas
2493 3932 2657 3987 modo
2686 3931 2953 4002 peculiari
2990 3944 3116 3983 cum
3148 3929 3283 3984 deos
3313 3928 3476 3984 recisa

1895 4033 2001 4091 set,
2044 4025 2136 4079 alii
2176 4026 2343 4089 alium
2387 4024 2690 4080 secundum
2734 4022 2943 4078 erroris
2974 4021 3266 4092 quamdam
3304 4022 3474 4076 ratioa-

1894 4130 2018 4169 nem
2083 4116 2413 4185 peculiarem
2468 4112 2726 4183 subjecit.
2776 4110 2912 4164 Nam
2961 4126 3085 4165 cum
3127 4112 3228 4167 hos
3281 4127 3476 4168 omnes

1894 4208 2057 4262 orbes
2087 4208 2142 4261 in
2189 4207 2402 4276 seipsos
2429 4206 2572 4261 volvi
2623 4202 3167 4267 animadvertissent,
3217 4204 3473 4275 quando-

1893 4296 2113 4369 quidem
2145 4298 2292 4351 circa
2322 4311 2596 4353 summum
2623 4302 2967 4358 erraverunt,
2991 4310 3087 4365 per
3100 4309 3474 4365 consequens,

1898 4404 2073 4460 usque
2106 4389 2172 4444 ad
2204 4388 2457 4443 ultimum
2502 4397 2557 4443 et
2617 4388 2867 4443 citimmn
2927 4386 3187 4443 eumdem
3226 4403 3472 4444 errorem

1894 4483 2308 4531 conservaram.
2343 4474 2614 4530 Prreterca
2639 4474 2820 4546 ipsum
2850 4475 3129 4541 aetherem,
3156 4482 3320 4547 atque
3344 4471 3477 4533 sub-

1896 4565 2077 4622 fusum
2106 4581 2309 4633 aerem,
2341 4575 2658 4635 terramque
2686 4575 2740 4622 et
2767 4582 2916 4622 mare
2950 4570 3004 4621 et
3048 4567 3470 4624 subterraneam

1897 4666 2101 4713 sortem
2135 4658 2251 4713 sive
2304 4659 2728 4723 extremitatem,
2781 4666 2835 4714 et
2887 4659 3054 4729 hujus
3106 4660 3281 4729 ipsius
3314 4664 3477 4715 terrai

200 4757 413 4811 τούτων
451 4758 772 4828 ὑπέκυψαν,
809 4759 876 4813 δι’
922 4758 1040 4822 ένός
1077 4776 1221 4822 τινος
1259 4759 1367 4813 τῶν
1408 4760 1466 4814 ὲν
1496 4764 1564 4832 τῇ
1612 4762 1789 4815 κτίσει

1900 4756 2235 4821 quaecunque
2263 4750 2328 4805 ad
2358 4748 2525 4804 vitam
2546 4750 2839 4805 humanam
2870 4753 3131 4807 tuendam
3166 4760 3221 4808 et
3248 4762 3477 4809 susten-

197 4850 659 4921 προςαινομένων
701 4852 867 4904 πᾶσιν
916 4850 1141 4913 ἑαυτοὺς
1167 4853 1278 4915 τοῖς
1311 4851 1508 4922 ἑφεξῆς
1536 4852 1635 4924 τῆς
1673 4853 1791 4906 κτί-

202 4957 352 5003 σεως
400 4943 602 5013 μορίοις
650 4943 1173 5008 καταδουλώσαντες.
1219 4944 1307 5007 Ὠς
1356 4943 1471 5013 εῐγε
1514 4946 1789 5010 κάκείνοις

197 5033 466 5101 ἀθέμιτον
498 5034 557 5099 ἐξ
589 5037 764 5107 ἀρχῆς
793 5036 1068 5107 κατεφάνη
1094 5036 1154 5090 τὸ
1183 5036 1317 5106 πρὸς
1332 5036 1429 5106 τὴν
1461 5036 1640 5089 κτίσιν
1669 5037 1791 5107 βλέ-

202 5138 374 5187 πειν,
409 5125 503 5178 οὐκ
532 5124 600 5179 ἂν
629 5128 709 5189 εἰς
757 5125 857 5195 τὴν
888 5126 1175 5179 πολυθεῖαν
1211 5126 1416 5198 ταύτην
1445 5126 1661 5197 ἀπάτην
1686 5127 1790 5181 άπ-

198 5209 613 5284 επλανήθησαν.
656 5217 746 5280 Ὠς
791 5216 857 5269 ἂν
897 5211 990 5268 οὖν
1042 5215 1117 5288 μὴ
1157 5216 1330 5269 ταύτὰ
1381 5215 1646 5286 πάθοιμεν
1695 5218 1789 5270 καὶ

198 5304 381 5371 ἡμεῖς
408 5308 454 5358 οἱ
496 5308 632 5380 πρὸς
676 5309 776 5378 τὴν
808 5306 1064 5380 ἀληθινὴν
1100 5308 1328 5379 θεότητα
1372 5306 1587 5378 βλέπειν
1640 5309 1791 5380 παρὰ

200 5397 325 5463 τῆς
371 5398 585 5471 Γραιρῆς
620 5400 1012 5472 διδασκόμενοι,
1047 5403 1156 5455 πᾶν
1188 5401 1249 5455 τὸ
1299 5401 1512 5454 κτιστὸν
1552 5400 1657 5467 ἔξω
1692 5402 1791 5474 τῆς

204 5489 374 5551 θείας
392 5492 599 5560 ’πεύσεως
628 5495 767 5546 νοεῖν
797 5494 1215 5566 ἐπαιδεύθημεν,
1237 5493 1402 5564 μόνην
1434 5493 1491 5546 δὲ
1514 5494 1614 5565 τὴν
1644 5495 1794 5549 ἀκτι-

201 5594 355 5631 στον
394 5580 546 5649 ’.ῥύσιν
575 5582 861 5655 λατρεύειν
898 5601 957 5637 τε
1003 5585 1097 5638 καὶ
1151 5584 1492 5649 σεὸἀζεσθαι,
1527 5580 1594 5656 ἦς
1631 5601 1797 5656 χαρα-

199 5669 370 5737 κτὴρ
400 5672 509 5725 ἐστι
537 5675 631 5727 καὶ
658 5674 947 5746 γνώρισμα
971 5675 1029 5729 τὸ
1076 5677 1211 5747 μήτε
1239 5676 1499 5748 ἄρχεσθαι
1526 5674 1620 5729 τοῦ
1656 5672 1794 5729 εἷναί

196 5762 397 5823 1301!,
437 5764 569 5833 μήτε
617 5763 887 5818 παύεσθαι
938 5761 1094 5819 εἶναι.
1156 5766 1339 5832 Οὕτως
1403 5766 1494 5822 τοῦ
1555 5767 1792 5839 μεγάλου

539 5858 809 5922 Pnaoc.
851 5859 968 5921 Gn.
1019 5860 1204 5925 XLV.

532 6081 577 6102 Δ

1895 4842 2116 4898 tandem
2157 4850 2287 4896 sunt
2324 4843 2481 4898 utilia
2521 4849 2576 4897 et
2627 4844 2964 4908 necessaria,
3022 4844 3160 4898 nihil
3190 4853 3276 4900 est
3329 4835 3479 4913 quod

1896 4936 2095 4993 divina:
2125 4947 2336 4992 naturze
2364 4953 2555 4994 exsors
2595 4951 2717 4993 esse
2749 4936 3070 5003 docuerint;
3144 4936 3241 4992 sed
3279 4950 3479 4989 unum-

1895 5030 2151 5100 quodque
2202 5029 2396 5084 horum
2436 5038 2493 5083 ut
2542 5028 2712 5083 Deum
2752 5029 2995 5083 venerati
3037 5036 3204 5095 sunt;
3250 5034 3475 5096 propter

1895 5138 2067 5178 unum
2098 5123 2292 5176 horum
2342 5122 2558 5193 aliquod
2593 5137 2713 5192 quae
2750 5123 2804 5176 in
2846 5124 3096 5177 creatura
3127 5119 3476 5191 praefulgent.

1897 5217 2108 5285 scipsos
2153 5215 2410 5269 omnibus
2446 5213 2915 5284 subsequentibus
2948 5212 3147 5267 ordine
3209 5219 3478 5268 creatura:

1899 5306 2147 5377 partibus
2176 5305 2232 5359 in
2265 5305 2584 5360 servitutem
2618 5304 2956 5360 addicentes.
2993 5301 3152 5368 Quod
3190 5305 3235 5359 si
3265 5320 3295 5358 τι
3332 5304 3476 5375 prin-

1897 5398 2042 5469 cipio
2073 5396 2227 5451 nefas
2260 5397 2439 5452 visum
2474 5396 2673 5453 fuisset
2700 5399 2754 5451 in
2787 5406 3101 5452 creaturam
3132 5399 3325 5454 oculos
3344 5413 3476 5453 con-

1897 5497 2131 5554 vertere,
2172 5504 2279 5543 non
2317 5489 2372 5542 in
2410 5489 2548 5542 hanc
2572 5487 2943 5542 multitudinis
2977 5488 3204 5542 deorum
3228 5488 3474 5543 t'raudem'

1902 5594 1957 5641 ct
1991 5585 2349 5654 imposturam
2394 5582 2681 5639 erroribus
2740 5581 2957 5652 decepti
3004 5581 3355 5640 incidissent.
3399 5580 3475 5637 Nc

1900 5676 2063 5748 igitur
2090 5677 2254 5731 etiam
2293 5675 2452 5732 nobis
2487 5675 2679 5731 eadem
2727 5674 3181 5747 contingant,qui
3213 5676 3267 5730 in
3288 5676 3473 5733 verant

1902 5769 2157 5828 deitatem
2182 5770 2380 5827 intueri
2430 5786 2462 5826 a
2494 5785 2652 5827 sacra
2682 5769 2966 5841 Scriptura
3001 5772 3296 5839 docemur;
3326 5753 3478 5837 quid’

3131 5862 3211 5918 ξιΞέ
