3992 6210
444 271 557 329 635

1668 269 1727 325 S.
1768 270 2097 330 GREGORII
2131 273 2428 331 NYSSENI

3607 280 3717 337 686

444 383 579 460 quid
610 391 858 442 creatum
891 388 996 449 est,
1032 380 1084 435 id
1112 386 1266 436 extra
1325 380 1562 439 divinam
1628 395 1880 443 naturam
1939 390 2023 445 in-

2143 391 2362 447 ’Πσαῖου
2383 392 2470 446 διὰ
2502 393 2600 464 τῆς
2621 390 2832 463 ὑψηλῆς
2873 390 3040 446 αὑτοῦ
3086 392 3270 463 φωνῆς
3298 392 3422 464 περὶ
3449 393 3558 448 τῶν
3596 393 3724 465 δογ-

446 480 691 551 telligere
732 475 931 531 eruditi
966 488 1188 541 sumus;
1234 474 1329 530 sed
1372 476 1543 531 solam
1592 479 1894 536 increatam
1930 499 2027 537 na-

445 580 631 627 turam
657 568 838 623 colere
863 576 917 623 et
939 565 1171 621 adorare
1194 608 1209 633 ,
1244 567 1406 638 cujus
1455 570 1745 629 character
1791 582 1844 629 et
1874 585 2022 640 neta,

445 671 501 719 et
541 661 762 732 signum
815 667 917 722 est,
954 674 1131 729 neque
1177 660 1417 730 cmpisse
1451 677 1595 727 esse,
1658 681 1839 737 neque
1876 667 2023 723 desi-

445 770 598 811 nere.
633 753 770 810 Cum
797 768 1026 824 rnagnus
1056 751 1227 809 lsaias
1256 754 1474 810 excelsa
1523 772 1656 812 voce
1687 758 1759 813 de
1806 760 1892 815 his
1927 760 2025 814 dc-

445 849 617 905 cretis
642 848 723 903 sic
763 848 1070 918 theologice
1100 848 1430 903 vaticinatus
1477 848 1663 918 interit,
1701 854 1795 922 qui
1832 870 1895 908 ex
1934 852 2026 908 Dei

444 956 679 1013 persona
717 940 936 1010 inquit:
974 938 1084 1010 Ego
1127 942 1353 1008 primus,
1386 950 1435 995 et
1460 958 1551 1011 ego
1592 945 1931 1006 novissimus,
1980 955 2029 997 et

446 1047 568 1091 ante
606 1053 687 1090 me
718 1036 854 1088 Deus
887 1052 991 1089 non
1019 1044 1096 1088 est
1124 1033 1322 1102 factus,
1378 1044 1429 1087 et
1457 1046 1573 1102 post
1625 1052 1705 1089 me
1747 1035 1883 1090 Dens
1922 1054 2025 1090 non

443 1130 607 1183 erit’.
649 1104 917 1182 Dmnihus
942 1126 1088 1179 enim
1122 1126 1371 1182 exactius
1410 1136 1463 1181 et
1500 1127 1799 1198 perfectius
1860 1144 2028 1183 evan-

444 1223 639 1293 gelica:
670 1221 893 1290 pietatis
924 1220 1107 1273 sciens
1138 1221 1462 1290 mysterium
1510 1237 1746 1293 magnus
1783 1223 1873 1277 hic
1902 1238 2031 1293 pro-

445 1315 636 1384 pheta,
672 1312 764 1381 qui
819 1311 984 1366 etiam
1040 1311 1173 1366 illud
1210 1312 1535 1367 admirabile
1587 1323 1641 1369 et
1688 1313 2027 1385 inopinatum

443 1408 661 1477 signum
696 1402 940 1473 Virginis
970 1404 1322 1475 signiﬁcavit,
1358 1413 1410 1459 et
1440 1403 1561 1459 Filii
1620 1407 2028 1476 generationem

444 1495 865 1566 evangelizavit,
907 1503 1074 1565 atque
1116 1509 1316 1547 nomen
1378 1496 1510 1549 illud
1564 1495 1691 1551 Filii
1740 1498 2033 1552 manifeste

447 1588 815 1660 protnlit;hic
857 1586 1047 1657 igitur,
1084 1588 1177 1656 qui
1215 1602 1433 1641 onmem
1485 1602 1583 1657 per
1624 1589 1890 1659 Spiritum
1926 1591 2033 1643 cir-

446 1682 771 1753 cumplexus
814 1688 899 1735 est
937 1680 1244 1744 veritatem,
1306 1689 1368 1733 ut
1398 1680 1656 1734 omnibus
1692 1678 1893 1736 divina:
1936 1698 2032 1736 na-

447 1786 585 1829 turae
624 1774 910 1828 character
939 1779 1087 1827 esset
1118 1772 1461 1834 notissimus,
1524 1787 1635 1843 quo
1662 1788 1788 1828 vere
1825 1789 1926 1829 ens
1962 1775 2032 1828 ah

446 1883 513 1922 eo
535 1866 681 1937 quod
729 1872 911 1921 aetum
964 1864 1176 1919 exstitit
1201 1863 1621 1932 discernimus;
1676 1865 1781 1919 hoc
1812 1866 1909 1930 ait,
1965 1880 2031 1920 ex

447 1972 684 2028 persona
714 1955 807 2011 Dei
850 1975 863 2010 ι
892 1955 1001 2025 Ego
1030 1974 1146 2010 sum
1171 1956 1397 2025 primus,
1450 1967 1498 2010 et
1529 1973 1621 2027 ego
1662 1966 1780 2027 post
1819 1958 1950 2025 Ita'c,
1983 1968 2033 2012 et

448 2058 571 2106 ante
604 2065 685 2102 me
717 2047 857 2101 Deus
892 2064 995 2101 non
1026 2049 1149 2117 fuit,
1171 2059 1220 2102 et
1247 2057 1365 2117 post
1396 2066 1476 2103 me
1505 2066 1607 2103 non
1629 2059 1726 2105 est.
1760 2051 2031 2116 Quoniam

446 2138 638 2211 igitur,
669 2154 845 2209 neque
878 2146 1005 2211 apte
1041 2138 1232 2201 Deum,
1264 2139 1446 2205 Deus;
1483 2156 1659 2208 neque
1686 2152 1807 2210 post
1833 2143 2028 2204 Deum,

447 2234 635 2298 Deus;
670 2230 815 2301 quod
843 2231 987 2284 enim
1022 2241 1143 2301 post
1178 2232 1365 2296 Deum,
1418 2241 1672 2285 creatura
1704 2240 1788 2287 est
1818 2252 1834 2298 ;
1881 2231 2031 2302 quod

449 2332 630 2376 autent
658 2324 801 2377 ultra
840 2321 1031 2385 Deum,
1068 2323 1245 2387 nihil;
1272 2323 1409 2377 nihil
1434 2339 1582 2387 vero,
1626 2324 1771 2380 Deus
1799 2334 2031 2392 nonest;

451 2415 561 2468 imo
594 2430 723 2468 vero
750 2413 894 2483 quod
926 2429 1088 2483 supra
1120 2413 1314 2477 Deum,
1358 2414 1475 2484 ipse
1507 2424 1591 2471 est
1630 2416 1721 2470 ille
1753 2416 1804 2469 in
1832 2426 2034 2471 aeterna

450 2505 809 2568 beatitudine,
859 2506 1005 2559 nulla
1048 2522 1106 2561 re
1139 2508 1578 2563 determinatus:
1632 2508 1894 2578 quoniam
1930 2508 2033 2579 igi-

450 2598 682 2653 turhme
712 2613 814 2653 vox
847 2598 1153 2666 Spiritualis
1199 2614 1297 2655 ore
1340 2601 1661 2671 prophetico
1722 2611 1807 2656 est
1862 2617 2038 2656 enun-

452 2687 605 2748 tiata,
639 2700 705 2739 ex
742 2685 845 2739 hac
876 2686 1154 2741 decretum
1207 2687 1307 2741 hoc
1353 2688 1467 2743 sive
1516 2689 1711 2760 dogma
1738 2689 2033 2745 discimuS'

452 2775 600 2846 quod
640 2791 747 2830 una
776 2778 1026 2846 qumdam
1061 2789 1143 2833 est
1179 2777 1366 2833 divina
1403 2788 1601 2833 natura
1650 2781 1914 2835 continua
1949 2798 2038 2836 se-

452 2884 578 2921 cum
613 2875 667 2922 et
690 2867 1156 2936 indivulsa,prius
1202 2880 1251 2922 et
1285 2871 1566 2939 posterius
1598 2872 1652 2925 in
1708 2872 1891 2941 seipsa
1926 2887 2037 2926 non

454 2959 769 3025 admittens,
810 2960 1025 3013 tametsi
1077 2959 1132 3014 in
1166 2959 1436 3017 Trinitate
1468 2963 1839 3032 prmdicatur;
1899 2964 2038 3019 nihil

452 3056 645 3106 eorum
680 3067 803 3121 qua:
832 3053 885 3106 in
916 3053 1033 3123 ipsa
1068 3052 1501 3109 considerantur
1526 3055 1835 3126 antiquius,
1857 3071 2035 3126 neque
2063 3094 2105 3153 ο

457 3144 732 3213 posterius
758 3144 987 3199 hahcns.
1009 3142 1279 3210 Quoniam
1314 3146 1481 3216 igitur
1506 3147 1600 3202 Dei
1633 3148 1746 3202 haec
1769 3161 1903 3201 vox:
1924 3149 2037 3204 sive

455 3234 600 3287 enim
644 3233 827 3290 Patris
857 3235 953 3292 des
988 3237 1133 3292 hunc
1176 3253 1486 3294 sermonem
1533 3255 1693 3305 esse,
1742 3242 1856 3296 sive
1892 3239 2040 3305 Filii,

455 3343 522 3380 ex
551 3341 709 3397 inquo
751 3342 849 3396 per
874 3335 1168 3397 utrumque
1194 3329 1414 3398 pietatis
1442 3330 1640 3401 dogma
1664 3333 2043 3402 conﬁrmatur;

457 3418 576 3472 sive
607 3418 754 3472 enim
794 3416 957 3473 Pater
998 3420 1114 3475 haec
1146 3419 1311 3485 dicat,
1355 3422 1680 3477 testiﬁcatur
1710 3422 1867 3491 Filio,
1898 3425 2047 3494 quod

458 3527 568 3567 non
600 3521 686 3567 est
716 3521 843 3582 post
872 3514 1077 3583 ipsum.
1108 3512 1165 3567 Si
1192 3514 1339 3568 enim
1369 3512 1513 3570 Dens
1542 3526 1625 3571 est
1655 3514 1849 3579 Filius,
1883 3515 2035 3587 quod

458 3610 641 3658 autem
672 3612 758 3659 est
789 3613 914 3674 post
936 3604 1178 3682 Patrem,
1211 3604 1354 3660 Deus
1390 3592 1498 3676 noit
1523 3615 1646 3662 est:
1685 3608 2039 3677 perspicuum

402 3716 403 3719 η
458 3696 605 3765 quod
631 3696 685 3751 in
702 3696 860 3752 Patre
887 3705 943 3752 et
969 3712 1077 3752 non
1101 3705 1226 3767 post
1250 3697 1467 3754 Patrem
1491 3698 1691 3754 Filium
1707 3716 1832 3756 esse
1857 3715 2042 3756 sermo

459 3797 714 3845 testatur.
751 3787 878 3845 Sive
928 3788 1052 3844 Filii
1085 3788 1178 3845 det
1216 3792 1419 3861 aliquis
1459 3792 1603 3848 hanc
1650 3808 1840 3849 vocem
1894 3809 2040 3858 esse,

458 3879 604 3947 quod
642 3880 763 3936 Non
797 3880 1003 3935 exstitit
1048 3890 1169 3936 ante
1198 3898 1297 3946 me,
1334 3883 1583 3937 doctrina
1615 3883 1907 3940 manifesta
1944 3886 2049 3940 erit

460 3960 627 4025 simul
668 3988 793 4026 eum
826 3973 1086 4044 principii
1116 3976 1426 4030 aaternitate
1467 3976 1862 4043 comprehendi
1916 3992 2042 4032 eum

460 4064 553 4133 qui
589 4066 642 4118 in
681 4066 955 4150 principio
1009 4067 1420 4124 consideratur.
1470 4067 1525 4123 Si
1563 4071 1688 4139 quis
1718 4070 1886 4141 igitur
1916 4078 2042 4141 post

2136 485 2320 557 μάτων
2345 486 2551 539 τούτων
2582 484 3027 557 θεολογήσαντος,
3058 484 3115 548 ὃς
3150 487 3213 538 ἐκ
3251 484 3347 538 τοῦ
3377 468 3523 539 θείου
3554 504 3699 557 προσ

2129 578 2279 632 ώπου
2305 578 2468 650 φησίν
2502 593 2515 607 ⁸
2571 576 2719 648 Ἐγὼ
2752 576 3015 646 πρῶτος,
3053 578 3151 631 καί
3184 576 3298 647 ἐγὼ
3318 579 3467 646 μετὰ
3505 578 3721 640 enim,

2132 672 2229 724 καὶ
2255 670 2597 741 ἔμπροσθέν
2616 687 2737 739 μου
2769 670 2913 736 Θεὸς
2933 671 3043 723 οὐκ
3066 668 3323 739 ἐγένετο,
3356 670 3451 723 καὶ
3471 652 3599 739 ⁸μετ’
3617 669 3728 739 ἐμὲ

2134 760 2278 828 Θεὸς
2310 764 2421 815 οὐκ
2448 761 2641 816 ἔσται.
2672 760 2897 814 Πάντων
2924 759 3034 832 γὰρ
3065 759 3265 830 μᾶλλον
3285 759 3533 831 ἀκριϐῶς
3562 758 3725 822 εἰδὼς

2132 855 2194 909 τὸ
2231 854 2332 924 τῆς
2363 854 2724 924 εὐαγγελικῆς
2750 852 3029 916 εὐσεϐείας
3057 853 3351 924 μυστήριον
3379 853 3407 904 6
3438 852 3614 923 μέγας
3635 847 3728 906 εὖ·

2130 966 2223 1012 τος
2255 950 2562 1021 προρήτης,
2592 950 2620 1002 6
2668 946 2763 1000 καὶ
2800 946 2861 999 τὸ
2892 945 3193 1016 παράδοξον
3233 947 3409 998 ἐκεῖνο
3434 946 3534 1016 τῆς
3558 946 3722 1018 Παρ-

2134 1038 2287 1092 θένου
2320 1038 2587 1108 μηνύσας,
2628 1038 2720 1091 καὶ
2762 1035 2853 1089 τοῦ
2884 1035 3107 1089 Παιδίον
3137 1034 3234 1104 τὴν
3263 1034 3519 1104 γέννησιν
3556 1035 3728 1104 εὐαγ-

2133 1129 2517 1200 γελισάμενος,
2557 1130 2650 1182 καὶ
2702 1127 2762 1180 τὸ
2811 1126 2905 1181 τοῦ
2939 1125 3068 1180 Υἱοῦ
3101 1125 3273 1197 ὄνομα
3305 1129 3484 1180 ἐκεῖνο
3532 1127 3728 1195 σαφῶς

2134 1222 2524 1292 παραστήσαςσ
2566 1215 2721 1283 οὗτος
2763 1220 2938 1273 τοίνυν
2971 1220 2999 1272 6
3040 1219 3221 1272 πᾶσαν
3273 1207 3726 1289 ἐμπεριειληφὼς

2133 1314 2219 1367 διὰ
2266 1312 2360 1367 τοῦ
2403 1311 2718 1383 [Ινεύματος
2766 1312 2824 1363 ὲν
2859 1310 3036 1381 ἐαυτῷ
3074 1310 3173 1380 τὴν
3216 1309 3505 1381 ἀλήθειαν,
3532 1309 3610 1373 ὡς
3655 1310 3727 1362 ἂν

2138 1407 2371 1478 μάλιστα
2419 1407 2554 1459 πᾶσι
2589 1404 2797 1470 γένοιτο
2831 1402 2990 1473 δῆλος
3022 1404 3050 1456 6
3079 1402 3175 1472 τῆς
3200 1401 3347 1465 θείας
3380 1401 3597 1470 φύσεως
3621 1418 3727 1471 χα-

2137 1501 2366 1573 ρακτὴρ,
2394 1500 2460 1553 δι’
2488 1493 2547 1553 οὗ
2585 1499 2647 1552 τὸ
2674 1498 2839 1561 ὅντως
2874 1496 2933 1550 ὃν
2961 1496 3311 1568 διακρίνομεν
3342 1497 3451 1550 ἀπὸ
3491 1496 3586 1549 τοῦ
3630 1512 3732 1565 γε·

2136 1592 2395 1663 νομένου·
2426 1590 2584 1644 τοῦτὸ
2634 1607 2799 1662 φησιν
2839 1592 2903 1643 ὲκ
2945 1586 3236 1663 προσώπου
3286 1587 3379 1641 τοῦ
3431 1588 3606 1649 Θεοῦ,
3638 1589 3730 1641 ὅτι

2151 1684 2295 1754 Ἐγώ
2317 1686 2433 1754 εἰμι
2452 1683 2682 1751 πρῶτος
2702 1682 2801 1736 καὶ
2830 1680 2946 1751 ἐγὼ
2969 1682 3120 1751 μετὰ
3144 1680 3346 1743 ταῦτα,
3376 1680 3476 1734 καὶ
3502 1682 3735 1748 ἐμπρο-

2130 1777 2283 1838 σθεν
2317 1774 2462 1843 ἐμοῦ
2486 1773 2630 1839 Θεὸς
2654 1774 2726 1827 οὐ
2759 1773 2984 1841 γέγονε,
3010 1771 3105 1827 καὶ
3117 1774 3242 1841 μετ’
3262 1770 3367 1840 ἐμὲ
3388 1772 3499 1824 οὐκ
3528 1770 3731 1825 ἔστιν.

2148 1868 2301 1921 Ἐπεὶ
2333 1863 2425 1921 οὖν
2454 1867 2576 1921 οὔτε
2618 1868 2677 1921 τὸ
2698 1864 2803 1938 πρὸ
2845 1865 2939 1919 τοῦ
2968 1864 3127 1931 Θεοῦ,
3161 1864 3291 1929 Θεός
3310 1864 3463 1917 ὀὔτε
3488 1863 3550 1916 τὸ
3588 1864 3736 1935 μετὰ

2128 1960 2225 2013 τὸν
2264 1957 2417 2024 Θεὸν,
2454 1957 2619 2021 Θεός·
2658 1958 2718 2009 τὸ
2747 1956 2845 2028 μὲν
2883 1955 2993 2028 γὰρ
3023 1955 3161 2026 μετὰ
3198 1954 3289 2008 τὸν
3326 1954 3693 2021 Θεὸν,’κτίσις
3715 1970 3730 1984 υ

2134 2051 2195 2104 τὸ
2232 2050 2289 2104 δὲ
2318 2050 2573 2103 ἐπέκεινα
2606 2047 2701 2103 τοῦ
2743 2046 2902 2113 Θεοῦ,
2940 2047 3091 2100 οὐδέν
3123 2063 3138 2078 ’
3178 2045 3238 2099 τὸ
3277 2045 3336 2099 δὲ
3380 2044 3563 2107 οὐδὲν,
3593 2042 3735 2107 Θεὸς

2135 2145 2235 2197 οὐκ
2283 2143 2460 2196 ἔστιν·
2495 2141 2693 2214 μᾶλλον
2733 2142 2788 2194 δὲ
2834 2141 2894 2193 τὸ
2939 2139 3196 2193 ἐπέκεινα
3240 2136 3335 2192 τοῦ
3386 2136 3522 2190 Θεοῦ
3559 2136 3735 2200 αὐτὸς

2136 2238 2342 2299 ἐκεῖνος
2388 2236 2445 2288 ὲν
2485 2237 2550 2305 τῇ
2589 2234 2743 2305 ἀϊδίῳ
2788 2234 3148 2305 μακαριότητι
3190 2231 3327 2303 πρὸς
3365 2230 3519 2282 οὐδὲν
3552 2227 3738 2300 ὁριζό-

2141 2343 2299 2397 μενος
2330 2342 2345 2357 ·
2386 2324 2507 2379 ἐπεὶ
2545 2319 2638 2378 οὖν
2676 2326 2708 2395 ἡ
2755 2323 2904 2396 φωνὴ
2938 2323 3076 2395 αὕτη
3115 2325 3147 2395 ὴ
3184 2322 3527 2394 πνευματικὴ
3553 2324 3610 2375 ὲν
3654 2320 3736 2390 τῷ

2138 2416 2462 2491 προφητικῷ
2529 2417 2756 2488 στόματι
2810 2416 3105 2487 λαληθεῖσα
3136 2457 3151 2477 .
3185 2415 3361 2485 δόγμα
3405 2414 3494 2467 διὰ
3534 2413 3736 2466 τούτου

2141 2510 2512 2582 μανθάνομεν
2547 2511 2627 2563 ὅτι
2678 2509 2776 2580 μία
2822 2508 2906 2571 τίς
2946 2510 3092 2562 ἐστιν
3136 2510 3169 2579 ἡ
3215 2507 3331 2561 θεία
3372 2506 3563 2574 φύσις,
3605 2521 3737 2557 συνο

2139 2603 2268 2674 εχὴς
2301 2604 2438 2674 πρὸς
2466 2601 2666 2672 ἑαυτὴν
2709 2602 2800 2655 καὶ
2848 2601 3232 2664 ἀδιάσπαστος,
3261 2599 3322 2653 τὸ
3344 2597 3608 2669 πρότερον
3634 2597 3734 2649 καὶ

2139 2694 2365 2765 ὕστερον
2412 2696 2495 2762 ἐφ’
2543 2695 2744 2764 ἑαυτῆς
2783 2693 2844 2746 οὐ
2890 2692 3258 2763 προσιεμένη,
3292 2691 3398 2743 κᾶν
3440 2692 3498 2741 ὲν
3537 2688 3738 2758 Τριάδι

2138 2788 2513 2859 κηρύσσηται·
2539 2785 2663 2838 οὔτε
2696 2784 3071 2857 πρεσϐύτερόν
3102 2800 3156 2835 τι
3186 2782 3298 2836 τῶν
3328 2784 3385 2834 ἐν
3424 2782 3565 2851 αὐτῇ
3600 2779 3742 2831 Θεω-

2144 2879 2441 2951 ρούμένων,
2482 2878 2606 2932 οὔτε
2664 2877 3126 2949 μεταγενέστερον
3174 2875 3390 2945 ἔχουσα.
3434 2873 3591 2925 Ἐπεὶ
3641 2868 3741 2925 οὖν

2140 2972 2275 3026 Θεοῦ
2303 2973 2335 3043 ή
2368 2973 2517 3043 φωνή
2540 2988 2554 3001 ’
2573 2972 2667 3025 ἐάν
2697 2987 2755 3024 τε
2789 2970 2885 3024 τοῦ
2912 2969 3123 3041 [ἰατρὸς
3149 2968 3255 3039 δῷς
3274 2964 3411 3020 εἶναι
3432 2967 3521 3031 τὸν
3551 2964 3741 3034 λόγον,

2142 3064 2236 3118 ἐάν
2264 3081 2322 3117 τε
2374 3063 2467 3117 τοῦ
2499 3062 2653 3127 Υἰοῦ,
2686 3063 2880 3133 ἐπίσης
2908 3062 2972 3115 δι’
3006 3060 3265 3130 ἐκατέρου
3314 3058 3375 3111 τὸ
3428 3057 3604 3128 δόγμα
3636 3057 3743 3127 τῆς

2141 3154 2422 3218 εὐσεϐείας
2452 3152 2798 3223 κρατύνεται.
2843 3152 2971 3205 Ἐὰν
3003 3151 3102 3222 μὲν
3142 3150 3251 3220 γὰρ
3274 3150 3301 3200 6
3342 3149 3534 3219 Πατὴρ
3557 3145 3743 3201 ταῦτα

2143 3245 2296 3317 λέγῃ,
2328 3247 2593 3317 μαρτυρεῖ
2625 3245 2702 3315 τῷ
2732 3244 2849 3314 Υίῷ
2879 3244 2939 3298 τὸ
2981 3243 3056 3314 μὴ
3108 3242 3223 3313 μετ’
3267 3240 3428 3295 αὑτὸν
3464 3235 3632 3293 εἶναι.
3678 3240 3745 3291 ΕΞ

2146 3337 2254 3408 γὰρ
2278 3337 2410 3399 Θεὸς
2444 3338 2541 3408 μὲν
2568 3338 2597 3389 6
2632 3336 2781 3401 Υἱὸς,
2821 3338 2930 3390 πᾶν
2967 3336 3025 3390 δὲ
3058 3334 3196 3407 μετὰ
3221 3335 3311 3388 τὸν
3339 3333 3562 3404 Πατέρα
3604 3331 3743 3396 Θεὸς

2144 3431 2245 3483 οὐκ
2278 3429 2414 3491 ἔστι,
2445 3428 2604 3497 δῆλον
2632 3429 2715 3481 ὅτι
2747 3429 2808 3481 τὸ
2830 3429 2888 3481 ἐν
2911 3427 2989 3498 τῷ
3012 3428 3208 3499 Πατρὶ,
3245 3427 3339 3480 κού¹
3373 3425 3447 3498 μὴ
3479 3424 3619 3496 μετὰ
3650 3425 3742 3477 τὸν

2153 3522 2374 3592 Πατέρα
2399 3519 2490 3573 τὸν
2519 3519 2646 3574 Υἱὺν
2677 3515 2817 3573 εἶναι
2850 3522 2878 3573 6
2914 3518 3072 3587 λόγος
3101 3516 3462 3590 μαρτύρεται.
3491 3515 3616 3569 Εἴτε
3646 3516 3742 3569 τοῦ

2155 3609 2284 3665 Υίοῦ
2313 3609 2427 3681 δοίη
2451 3627 2536 3674 τις
2554 3605 2692 3664 εἶναι
2715 3611 2814 3681 τὴν
2830 3611 3012 3679 φωνὴν
3031 3608 3253 3679 ταύτην,
3285 3608 3364 3673 τὸ,
3387 3609 3471 3661 Οὐ
3494 3606 3744 3677 γέγονεν

2150 3703 2492 3773 ἔμπροσθέν
2507 3720 2626 3772 μου
2647 3717 2661 3733 ⁸
2690 3700 3005 3756 διδασκαλία
3041 3700 3216 3771 σαφὴς
3240 3699 3393 3753 ἔσται
3418 3701 3483 3770 τῇ
3512 3699 3612 3769 τῆς
3643 3700 3740 3768 ἀρ-

2153 3794 2255 3863 χῆς
2305 3791 2567 3864 ἁῖδιότητι
2617 3789 3239 3860 συγκαταλαμϐάνεσθαι
3290 3789 3386 3842 καὶ
3432 3788 3523 3840 τὸν
3570 3790 3630 3841 ὲν
3674 3790 3737 3855 τῇ

2146 3887 2289 3958 ἀρχῇ
2319 3884 2712 3957 θεωρούμενον.
2756 3884 2822 3937 Εἴ
2855 3900 2941 3946 τις
2973 3879 3068 3937 οὖν
3117 3883 3254 3954 μετὰ
3301 3882 3392 3935 τὸν
3427 3881 3561 3935 Θεὸν
3599 3882 3732 3943 ἐστι,

2146 3978 2324 4041 κτίσις
2345 3975 2505 4031 τοῦτο
2533 3976 2629 4030 καὶ
2650 3977 2710 4029 οὐ
2737 3975 2871 4039 Θεὸς
2898 3975 2985 4028 διὰ
3013 3974 3125 4028 τῶν
3158 3974 3465 4048 εἰρημένων
3489 3972 3732 4046 εὑρίσκε-

2142 4087 2252 4123 ται.
2274 4070 2348 4123 Τὸ
2385 4068 2495 4141 γὰρ
2521 4068 2635 4140 μετ’
2670 4069 2769 4139 ἐμὲ
2793 4067 2875 4130 ὃν,
2902 4066 3059 4138 φησὶ,
3082 4065 3217 4130 Θεὸς
3246 4065 3350 4119 οὐκ
3377 4064 3514 4119 ἔστι.

462 4155 632 4211 Deum
660 4164 764 4219 est,
804 4164 1054 4213 creatura
1086 4167 1258 4224 certe,
1287 4168 1344 4213 et
1393 4175 1503 4215 non
1546 4161 1692 4214 Deus
1742 4176 1841 4231 per
1878 4176 1942 4216 ea
1982 4174 2103 4231 qua:
2140 4160 2283 4217 dicta
2322 4168 2453 4216 sunt
2493 4158 2789 4216 invenitur.
2827 4156 2986 4225 Quod
3048 4157 3333 4229 enim,ait,
3356 4165 3487 4231 post
3517 4170 3602 4212 me
3634 4167 3728 4214 ρει.

460 4248 607 4305 Dens
643 4264 750 4303 non
780 4257 886 4303 est.

535 4384 650 4438 liae
689 4383 855 4453 igitur
893 4383 1045 4453 prius
1085 4400 1115 4438 a
1158 4385 1315 4438 nobis
1338 4383 1405 4437 de
1439 4383 1525 4437 his
1559 4398 1680 4453 quae
1701 4393 2038 4455 sunt,expo-

2218 4382 2436 4454 Ταύτης
2464 4381 2643 4435 τοίνυν
2683 4383 3104 4455 προεκτεοείσης
3149 4386 3282 4456 ἡμῖν
3330 4386 3431 4457 τῆς
3468 4387 3586 4457 περὶ
3624 4383 3718 4435 τῶν

462 4478 568 4532 sita
592 4475 991 4546 speculatione,
1041 4484 1257 4545 tempus
1304 4473 1418 4544 jam
1481 4473 1647 4529 fuerit
1698 4475 2046 4545 propositum

462 4584 774 4626 sermonem
805 4569 1147 4624 examinare.
1185 4566 1397 4620 Dictum
1430 4576 1517 4622 est
1547 4568 1712 4636 igitur
1735 4584 1765 4622 a
1791 4566 1954 4623 Petro
1981 4567 2050 4622 ad

459 4665 679 4720 Judtcos
703 4662 849 4734 quod
882 4662 1169 4717 Dominum
1208 4664 1381 4732 ipsum
1412 4671 1461 4717 et
1498 4661 1769 4716 Christum
1806 4663 1927 4734 fecit
1970 4660 2048 4734 (a)

461 4754 627 4821 Deus,
668 4754 804 4808 hunc
851 4755 1022 4825 ipsum
1057 4754 1238 4809 Jesum
1282 4771 1434 4827 quem
1483 4772 1569 4810 vos
1627 4755 1973 4824 cruei/ixistis
2005 4756 2046 4810 ³.

465 4845 676 4899 Dicitur
709 4853 890 4900 autem
927 4860 959 4899 a
988 4845 1179 4912 nobis,
1226 4862 1335 4902 non
1370 4847 1435 4902 ad
1468 4845 1746 4918 Unigeniti
1786 4846 2047 4901 divinita-

462 4945 572 4993 tem
603 4938 752 5009 pium
784 4952 907 4993 esse
942 4937 1147 4995 referre
1188 4940 1435 5001 verbum,
1473 4939 1617 5008 fecit,
1676 4938 1772 4994 scd
1803 4939 1870 4994 ad
1906 4940 2050 4995 servi

461 5027 694 5084 formam
747 5028 1051 5085 secundum
1083 5039 1300 5103 tempus
1331 5030 1603 5087 adventus
1635 5031 1687 5085 in
1721 5046 1907 5097 carne,
1941 5050 2049 5087 non

463 5120 584 5177 sine
612 5121 873 5193 mysterio
927 5130 981 5176 et
1029 5130 1181 5178 certa
1219 5124 1436 5180 ratione
1492 5132 1544 5179 et
1598 5124 2041 5194 dispensatione,

464 5211 521 5267 id
548 5223 654 5282 est,
718 5230 816 5286 per
852 5215 1289 5271 incarnationem
1333 5214 1558 5272 factam.
1608 5214 1711 5282 Qui
1758 5225 1940 5271 autem
1992 5217 2048 5271 in

466 5304 812 5358 contrarium
878 5304 1025 5360 hunc
1093 5320 1406 5361 sermonem
1450 5306 1723 5361 violenter
1762 5314 2045 5377 torquent,

468 5397 595 5446 ante
623 5400 883 5449 aeternam
912 5397 1322 5468 generationem
1352 5398 1452 5452 hac
1478 5413 1607 5452 voce
1642 5398 1765 5468 fecit
1801 5399 1868 5453 ab
1901 5400 2046 5470 Apo-

540 5528 562 5560 ³
592 5527 698 5582 lsa.
758 5545 866 5594 xu,
906 5532 978 5600 2;
1021 5549 1133 5598 xvi,
1166 5533 1253 5588 t2.
1331 5534 1351 5566 ³
1387 5535 1511 5590 Act.
1555 5550 1614 5599 lt,
1655 5533 1741 5589 56.

538 5667 619 5740 (a)
656 5665 898 5740 Verbum
932 5672 1055 5740 fecit
1094 5690 1203 5728 non
1236 5673 1300 5728 ad
1337 5675 1630 5729 essentiam
1658 5675 1896 5730 divinam
1954 5675 2048 5730 Fi-

466 5739 531 5802 lii
550 5738 686 5812 Dei,
715 5738 812 5800 sed
840 5739 911 5797 ad
934 5738 1148 5799 ‘statum
1197 5752 1251 5802 et
1281 5760 1552 5802 summam
1583 5744 1904 5819 dignitatem
1957 5763 2044 5803 re-

2153 4474 2321 4527 ὅντων
2367 4473 2621 4544 θεωρίας,
2654 4473 2843 4544 καιρὸς
2868 4476 2951 4546 εἴη
2981 4475 3074 4528 τὸν
3096 4475 3455 4548 προκείμενον
3488 4476 3711 4541 ἐξετάσαι

2153 4565 2326 4635 λόγον.
2359 4565 2569 4620 Οὐκοῦν
2600 4565 2814 4638 εἴρηται
2861 4567 2960 4637 μὲν
3011 4567 3164 4639 παρὰ
3199 4568 3293 4621 τοῦ
3339 4570 3545 4640 Πέτρου
3597 4566 3712 4635 :95;

2153 4662 2279 4724 τοὺς
2338 4659 2660 4726 Ἰουδαίους,
2706 4661 2787 4713 ὅτι
2844 4663 3060 4731 Κύριον
3108 4661 3296 4717 αὑτὸν
3340 4663 3439 4715 καὶ
3482 4658 3713 4729 Χριστέν

2153 4752 2443 4821 ἐποίησεν
2484 4754 2518 4805 ὁ
2551 4751 2696 4818 Θεὸς
2721 4792 2735 4816 ,
2768 4752 2983 4807 τοῦτον
3024 4755 3129 4807 τὸν
3185 4753 3421 4821 Ἰησοῦν
3465 4753 3535 4807 ὃν
3570 4749 3714 4821 ὑμεῖς

2154 4842 2594 4912 ἐσταυρώσατε.
2621 4843 2851 4911 Λέγεται
2905 4843 2960 4897 δὲ
3010 4845 3140 4914 παρ’
3169 4843 3327 4915 ἡμῶν
3347 4887 3360 4907 ,
3388 4846 3449 4898 οὐ
3507 4844 3629 4913 πρὸς
3662 4838 3715 4891 τὺ

2155 4936 2296 4989 θεῖον
2324 4934 2416 4989 τοῦ
2445 4936 2783 5006 Μονογενοῦς
2804 4935 3027 5001 εὐσεϐὲς
3057 4932 3195 4990 εἶναι
3218 4937 3276 4990 τὺ
3297 4935 3582 5005 ἐποίησεν
3605 4935 3717 4985 ἁναο

2157 5026 2364 5099 φέρειν,
2402 5026 2539 5081 ἀλλὰ
2578 5027 2717 5098 πρὸς
2747 5027 2845 5099 τὴν
2876 5026 2970 5080 τοῦ
3006 5027 3193 5081 δούλου
3230 5027 3444 5101 μορφὴν
3472 5028 3565 5097 τὴν
3590 5021 3713 5077 κατὰ

2156 5119 2349 5192 καιρὸν
2385 5119 2486 5189 τῆς
2520 5121 2577 5172 ἐν
2623 5120 2787 5191 σαρκὶ
2832 5119 3137 5191 παρουσίας
3181 5118 3539 5190 οἰκονομικῶς
3581 5128 3714 5184 γενου

2162 5213 2331 5284 μένην
2353 5228 2366 5243 ⁸
2396 5213 2445 5265 οἱ
2484 5210 2540 5264 δὲ
2570 5211 2707 5282 πρὸς
2736 5211 3047 5265 τούναντίον
3080 5210 3171 5264 τὸν
3203 5211 3359 5280 λόγον
3394 5210 3675 5281 βιαζόμενοι
3696 5240 3709 5264 ν

2156 5307 2254 5377 τὴν
2324 5304 2650 5376 προαιώνιον
2696 5303 2791 5358 τοῦ
2839 5303 2970 5357 Υἱοῦ
3021 5305 3272 5376 γέννησιν
3327 5307 3393 5376 τῇ
3453 5301 3714 5367 ἐποίησεν

2157 5400 2307 5469 φωνῇ
2343 5396 2494 5469 παρὰ
2527 5396 2621 5451 τοῦ
2654 5396 2981 5451 Ἀποστόλου
3020 5397 3472 5469 διασημαίνεσθαι
3495 5394 3708 5461 λέγουσι·

2162 5672 2442 5728 ferendum
2477 5680 2581 5735 est,
2611 5673 2664 5728 in
2697 5687 2864 5743 quam
2890 5670 3146 5726 Christus
3191 5670 3334 5727 servi
3372 5669 3596 5725 formam
3624 5678 3714 5741 ge-

2161 5760 2291 5801 rens
2317 5753 2538 5801 evectus
2570 5753 2676 5799 εει.
