3992 6210
303 233 407 300 685

1429 234 1710 305 CONTRA
1748 240 2137 324 EL‘NOMIUM,
2175 240 2302 306 Lm.
2348 236 2387 304 v

3461 246 3564 311 686

304 358 606 431 Προθέντες
634 358 808 413 τοίνυν
834 360 891 413 ἐν
922 361 998 433 τῷ
1027 361 1177 432 μέσῳ
1207 361 1296 415 τὸν
1323 361 1500 430 λόγον,
1522 363 1611 415 καὶ
1632 363 1700 417 δι’
1733 364 1889 435 ἀκρι-

1996 365 2135 420 stolo
2166 366 2465 437 signiﬁcari
2501 368 2804 422 autumant.
2828 360 2965 424 Cum
3004 371 3188 441 itaque
3228 372 3282 428 in
3320 370 3562 427 medium

307 452 454 517 σείας
500 452 818 523 ἀμφοτέρας
862 453 960 517 τὰς
1002 455 1295 527 ὑπολήψεις
1337 455 1785 525 ἐπισκεψάμενοι,
1813 455 1889 526 τῷ

307 545 544 614 ἀκροατῇ
571 543 671 613 τὴν
694 544 874 616 κρίσιν
897 546 991 598 τοῦ
1021 547 1253 619 ἀληθοῦς
1280 548 1698 619 καταλείψομεν.
1729 548 1888 603 Ἀλλὰ

307 636 401 704 τῆς
434 633 537 704 μὲν
568 633 677 685 τῶν
726 634 984 690 ἐναντίων
1015 637 1252 701 διανοίας
1298 638 1480 702 ἱκανὸς
1520 637 1584 691 ἂν
1632 640 1715 709 εἴη
1766 657 1891 693 συν-

307 727 504 796 ήγορος
536 724 701 789 αὐτὸς
756 728 784 779 ὁ
832 727 1113 798 Εὐνόμιος,
1159 730 1258 782 οὐκ
1305 718 1544 799 ἀγεννῶς
1590 733 1646 784 ὲν
1678 730 1891 795 τούτοις

308 818 753 888 ἀγωνισάμενος,
783 817 924 872 ὥστε
968 812 1060 872 τὸν
1107 820 1314 874 ἐκείνου
1349 823 1505 892 λόγον
1549 825 1640 877 ἐπὶ
1690 824 1890 888 λέξεως

305 907 683 973 διεξελθόντες,
710 908 939 972 ἐντελῶς
976 908 1068 963 τὸν
1102 906 1241 981 ὑπὲρ
1276 911 1384 964 τῶν
1413 913 1731 983 μαχομένων
1758 916 1889 985 ἡμῖν

305 1000 458 1067 λόγον
516 1000 902 1072 διελευσόμεθα
941 1019 955 1033 ·
987 1001 1081 1055 τοῦ
1140 1002 1196 1056 δὲ
1253 1002 1372 1056 καθ’
1420 1006 1565 1076 ἡμᾶς
1621 1007 1891 1077 δόγματος

307 1096 467 1163 ἡμεῖς
524 1094 666 1146 κατά
716 1093 939 1146 δυνατὸν
988 1096 1430 1167 προστησόμεθα,
1470 1100 1580 1161 τοῖς
1616 1099 1767 1170 παρὰ
1795 1100 1887 1152 τοῦ

313 1184 547 1253 μεγάλου
595 1184 877 1238 Βασιλείου
939 1187 1368 1255 προεκτεθεῖσιν,
1399 1190 1547 1252 ὅπως
1582 1189 1648 1243 ἂν
1686 1184 1787 1243 οἷοί
1829 1208 1887 1243 τε

312 1268 483 1343 ῶμεν,
513 1273 630 1325 κατ’
663 1275 807 1343 ἴχνος
835 1274 1090 1345 ἑπόμενοι
1117 1292 1129 1303 ·
1167 1278 1216 1328 οἱ
1242 1277 1299 1329 δὲ
1331 1280 1395 1348 τῇ
1424 1278 1652 1351 ἀληθείᾳ
1678 1278 1764 1333 διὰ
1792 1280 1889 1349 τῆς
1922 1357 1927 1360 ῃ

312 1363 666 1431 ἀναγνώσεως
694 1365 1026 1429 δικάζοντες,
1065 1366 1244 1430 καθώς
1276 1368 1408 1439 φησί
1438 1386 1521 1432 τις
1542 1369 1651 1421 τῶν
1684 1387 1891 1441 προφη-

308 1452 436 1517 τῶν,
477 1454 667 1524 Κρῖμιι
694 1455 933 1508 δίκαιον
974 1456 1236 1523 κρίνατε,
1277 1456 1351 1528 μὴ
1398 1459 1519 1521 ταῖς
1566 1458 1887 1527 φιλονείκοις

308 1546 669 1617 προλήψεσιν,
704 1548 837 1602 ἀλλὰ
866 1551 930 1620 τῇ
979 1549 1303 1620 δεικνυμένῃ
1341 1548 1427 1602 διὰ
1464 1550 1563 1620 τῆς
1591 1550 1888 1617 ἐξετάσεως

307 1638 535 1709 ἀληθεία
566 1639 748 1703 δόντες
793 1640 862 1694 τὰ
892 1644 1207 1712 νικητήρια.
1238 1642 1347 1693 Καὶ
1381 1642 1595 1713 παρίτω
1634 1660 1695 1711 γε
1744 1646 1887 1716 πρῶ-

1999 472 2305 514 sermonem
2364 462 2836 531 proposuerimus,
2878 462 3269 535 subtiliterque
3304 471 3360 519 et
3401 478 3566 520 accu-

1995 555 2110 602 rate
2143 549 2334 604 ambas
2384 551 2672 620 Opiniones
2707 552 3152 623 espeiiderimus,
3200 554 3440 610 auditori
3471 556 3563 624 ju-

1993 639 2200 694 dicium
2244 642 2358 696 veri
2407 642 2800 714 relinquemus.
2855 642 2960 698 Sed
2998 645 3440 701 adversariorum
3482 649 3564 701 in-

1996 729 2307 799 telligentia:
2337 731 2563 786 idoneus
2602 732 2764 787 fuerit
2800 740 3066 802 patronus
3096 733 3211 804 ipse
3242 734 3561 799 Eunomius,

1994 821 2087 891 qui
2113 822 2166 875 in
2206 822 2292 878 bis
2317 837 2427 877 non
2462 823 2706 894 segniter
2736 824 2987 879 certavit.
3026 822 3212 895 Itaque
3241 840 3367 880 cum
3415 826 3565 881 illius

1994 926 2302 967 sermonem
2336 913 2403 967 ad
2437 914 2662 970 verbum
2693 914 3153 985 percurrerimus,
3201 921 3316 970 tum
3343 916 3564 971 demum

1991 1004 2236 1059 rationes
2290 1020 2481 1060 eorum
2537 1021 2658 1076 quas
2706 1021 2807 1075 pro
2854 1005 3185 1061 adversariis
3239 1006 3449 1063 nostris
3486 1007 3566 1061 fa-

1992 1096 2149 1149 ciunt
2229 1098 2660 1152 enarrabimus.
2743 1097 2823 1152 Ad
2897 1099 3367 1154 confirmationem
3435 1115 3567 1153 vero

1992 1189 2165 1243 nostri
2219 1190 2493 1260 dogmatis
2524 1205 2894 1261 proponemus
2910 1205 2971 1245 ea
2999 1200 3121 1261 qua:
3153 1199 3282 1247 sunt
3311 1206 3340 1245 a
3366 1206 3566 1262 magno

1993 1278 2197 1335 Basilio
2220 1284 2379 1351 prius
2409 1284 2679 1353 exposita,
2725 1298 2845 1353 quae
2875 1283 3093 1353 quidem
3126 1294 3395 1355 quantum
3447 1285 3563 1339 fieri

1992 1375 2191 1441 poterit
2217 1390 2247 1429 e
2277 1376 2504 1446 vestigio
2544 1392 2855 1445 sequemur.
2892 1377 2991 1429 Alii
3030 1386 3207 1432 autem
3252 1393 3318 1432 ex
3354 1378 3457 1431 hac
3490 1377 3568 1431 le-

1991 1467 2174 1521 ctione
2208 1482 2306 1537 pro
2343 1468 2570 1522 veritate
2618 1467 2884 1539 judicium
2943 1468 3198 1533 ferentes,
3250 1471 3392 1523 sicut
3440 1485 3566 1539 pro-

1991 1561 2278 1629 phetarum
2314 1561 2536 1631 quidam
2578 1562 2695 1616 ait:
2726 1560 2941 1619 Iustum
2969 1562 3233 1631 judicium
3261 1561 3503 1631 judicate
3524 1563 3565 1625 ⁸,

1991 1667 2098 1705 non
2140 1651 2497 1707 contentiosis
2534 1653 2844 1722 anticipatis
2876 1654 3224 1723 opinionibus
3246 1695 3259 1715 ,
3295 1653 3387 1708 Sed
3419 1655 3566 1708 veri-

307 1749 395 1796 τος
419 1735 448 1786 ὁ
478 1733 588 1785 τῶν
628 1734 914 1804 ἡμετέρων
945 1736 1266 1806 κατήγορος,
1299 1733 1484 1806 ῶσπερ
1528 1737 1585 1789 ὲν
1630 1737 1887 1809 δικαστηά

1993 1746 2088 1797 tati
2126 1759 2219 1812 per
2258 1744 2669 1814 inquisitionem
2717 1745 3096 1800 demonstrare
3139 1745 3387 1799 victorize
3429 1761 3568 1816 pra:-

311 1825 408 1896 ρίῳ
444 1825 514 1878 τά
558 1826 922 1897 γεγραμμένα
950 1826 1141 1897 λέγων·

380 2032 398 2064 ι
450 2014 595 2084 Πρὸς
632 2015 687 2068 δὲ
729 2021 843 2082 τοῖς
876 2020 1217 2089 εἰρημένοις,
1254 2024 1345 2076 καὶ
1379 2021 1440 2076 ca
1476 2024 1764 2091 ἐποίησεν
1797 2024 1890 2077 ἐπὶ

309 2104 406 2172 τῆς
434 2106 623 2167 οὐσίας
656 2108 747 2161 τοῦ
781 2109 908 2163 Υίοῦ
947 2110 1130 2164 λαϐεῖν
1164 2114 1615 2185 παραιτούμενος,
1657 2115 1792 2185 ὁμοῦ
1831 2133 1889 2167 τε

310 2197 396 2248 τὸν
424 2197 1160 2273 σταυρδψέπαισχυνόμενος,
1184 2204 1362 2274 τίθησι
1397 2206 1494 2277 μὲν
1520 2209 1626 2270 τοῖς
1661 2207 1892 2260 ἀποστό-

312 2285 417 2347 λοις
450 2287 485 2339 ἃ
519 2289 711 2359 μηδεὶς
756 2291 889 2361 μηδὲ
940 2294 1047 2345 τῶν
1095 2295 1172 2357 είς
1211 2296 1374 2348 σκαιὰ
1417 2296 1755 2368 βλασφημεῖν
1795 2300 1891 2351 αὖ·

312 2379 433 2441 τοὺς
481 2379 928 2445 ἐσπουδακότων,
977 2383 1069 2437 δύο
1113 2384 1168 2437 δὲ
1221 2386 1406 2454 σαφῶς
1449 2387 1752 2458 Χριστοὺς,
1800 2390 1890 2442 καὶ

312 2467 400 2520 δύο
424 2473 664 2540 κυρίους
694 2473 974 2541 ἐπεισάγει
1011 2479 1123 2539 τοῖς
1158 2478 1350 2530 ἑαυτοῦ
1409 2478 1640 2549 δόγμασι
1680 2481 1773 2532 καὶ
1805 2481 1890 2533 λό-

312 2570 457 2627 γοις·
490 2562 626 2631 φησὶ
669 2563 811 2634 γάρ’
851 2566 944 2631 Ὠς
971 2569 1042 2619 οὐ
1087 2568 1193 2621 τὸν
1234 2570 1303 2622 ἑν
1326 2570 1486 2639 ἀρχῇ
1515 2572 1660 2625 ὄντα
1697 2574 1891 2644 Λόγον

310 2652 531 2718 Κύριον
557 2653 654 2705 καὶ
684 2656 943 2725 Χριστὸν
971 2660 1003 2712 ό
1045 2658 1188 2725 Θεὲς
1225 2660 1515 2728 ἐποίησεν
1539 2702 1554 2727 ,
1574 2664 1736 2717 ἀλλὰ
1787 2665 1891 2717 τὸν

311 2740 658 2796 Wand
674 2744 893 2799 ἑαυτὸν
912 2749 1000 2814 εἱς
1010 2748 1253 2817 μορφὴν
1268 2750 1617 2815 ὃούλου,καὶ
1635 2768 1892 2819 σταιιοω-

312 2833 489 2887 θέντα
523 2835 595 2899 ἐξ
628 2837 966 2905 ἀσθενείας.
1021 2841 1131 2895 Καὶ
1166 2842 1366 2914 γράφει
1404 2843 1461 2896 δὲ
1491 2845 1519 2897 ὁ
1566 2843 1741 2914 μέγας
1789 2844 1891 2896 Ba-

312 2925 509 2990 σίλειος
560 2928 858 3001 διαρρήδην
890 2928 1080 2996 οὕτως.
1116 2935 1235 2987 Ἔτι
1273 2934 1330 2988 δὲ
1384 2937 1537 2991 οὐδὲν
1569 2939 1602 3009 ἡ
1639 2938 1733 2993 τοῦ
1760 2938 1892 2991 ἀποα-

311 3017 499 3072 στόλου
549 3020 788 3087 διάνοια,
836 3024 869 3094 ἢ
912 3024 1010 3095 τὴν
1062 3026 1168 3098 πρὸ
1221 3027 1415 3090 αἰῶνος
1454 3025 1753 3080 ὑπόστασιν
1796 3026 1889 3080 τοῦ
1918 3062 1961 3121 c

307 3109 647 3179 Μονογενοῦς
681 3116 811 3185 ἡμῖν
852 3117 1182 3187 παρίστησι,
1223 3118 1351 3189 περ)⁹
1380 3112 1448 3191 ἧς
1480 3119 1508 3171 ὁ
1537 3117 1693 3186 λόγος
1728 3117 1785 3170 ὲν
1814 3117 1892 3188 τῷ

308 3202 540 3272 παρόντι
577 3217 593 3233 ’
620 3205 682 3256 οὐ
714 3205 823 3276 γάρ
874 3210 1002 3278 περὶ
1049 3208 1149 3278 τῆς
1192 3210 1379 3272 οὐσίας
1421 3209 1591 3279 αὐτῆς
1624 3208 1717 3262 τοῦ
1755 3206 1891 3261 Θεοῦ

305 3293 484 3360 Λόγου
512 3292 609 3346 τοῦ
644 3297 701 3348 ὲν
736 3296 877 3367 ἀρχῇ
921 3296 1072 3362 ὄντος
1110 3298 1244 3369 πρὸς
1281 3299 1371 3352 τὸν
1405 3299 1570 3365 Θεὸν,
1594 3301 1731 3353 ἀλλὰ
1766 3302 1893 3371 περὶ

303 3382 399 3436 τοῦ
428 3382 771 3449 κενώσαντος
806 3387 998 3440 ἑαυτὸν
1034 3390 1093 3442 ὲν
1125 3392 1189 3461 τῇ
1219 3389 1314 3444 τοῦ
1346 3390 1532 3444 δούλου
1570 3395 1773 3464 μορφῇ,
1800 3394 1893 3446 καὶ

305 3476 604 3547 γενομένου
647 3480 971 3550 συμμόρφου
1008 3480 1088 3551 τῷ
1120 3472 1331 3553 σώματι
1377 3483 1478 3555 τῆς
1514 3485 1893 3549 ταπεινώσεως

308 3564 502 3638 ἡμῶν,
540 3569 636 3622 καὶ
668 3571 1071 3641 σταυρωθέντος
1112 3572 1172 3637 ἐξ
1210 3574 1514 3639 ἀσθενείας,
1552 3576 1739 3645 σαφῶς
1775 3577 1892 3630 δια-

305 3659 546 3728 λέγεται.
594 3661 785 3714 Καίτοι
822 3663 981 3717 τοῦτο
1033 3666 1195 3729 παντὶ
1227 3664 1503 3738 γνώριμον
1523 3709 1539 3733 ,
1570 3667 1648 3738 τῷ
1688 3670 1780 3721 καὶ
1806 3682 1893 3738 μι-

303 3749 439 3820 κρὸν
488 3751 847 3822 ὲπιστήσαντι
875 3753 977 3823 τῆς
1027 3755 1389 3827 ἀπστολικῆς
1427 3758 1624 3822 λέξεως
1654 3759 1730 3829 τῷ
1771 3759 1895 3830 βου-

304 3838 531 3912 λήματι,
564 3842 646 3895 ὅτι
676 3843 793 3914 οὐχὶ
825 3843 1100 3914 θεολογίας
1134 3849 1263 3918 ἡμῖν
1303 3848 1635 3921 παραδίδωσι
1666 3850 1890 3919 τρόπον,

304 3930 444 3985 ἀλλὰ
479 3933 607 3995 τοὺς
626 3936 726 4004 τῆς
754 3934 1065 4006 οἰκονομίας
1091 3936 1280 4005 λόγους
1314 3937 1895 4009 παρεισάγει.Κύριον

304 4022 416 4094 γάρ
439 4023 653 4089 αὐτὸν,
673 4026 825 4097 φησι,
844 4026 941 4080 καὶ
963 4028 1222 4096 Χριστὸν
1241 4032 1274 4081 ὁ
1304 4029 1447 4094 Θεὸς
1472 4029 1743 4097 ἐποίησε,
1766 4029 1894 4084 τοῦ·

302 4130 413 4171 τον
446 4114 558 4169 τὸν
592 4116 855 4184 Ἰησοῦν,
892 4118 964 4171 ὃν
998 4118 1165 4188 ὑμεῖς
1195 4117 1646 4187 ἐσταυρώσατε’
1686 4124 1751 4193 τῇ
1782 4122 1892 4175 δει-

305 4212 471 4280 κτικῇ
510 4212 667 4280 φωνῇ
707 4209 843 4280 πρὸς
877 4211 937 4263 τὸ
990 4211 1329 4283 ἀνθρώπινον
1363 4212 1527 4267 αὐτοῦ
1568 4215 1661 4267 καὶ
1701 4214 1893 4286 βλεπό-

307 4317 469 4371 μενον
498 4303 658 4363 πᾶσι,
690 4302 971 4374 προδήλως
999 4304 1427 4376 ἐπερειδόμενος.
1464 4305 1651 4360 Ταῦτα
1683 4307 1781 4376 μὲν
1800 4303 1893 4362 οὖν

1996 1836 2102 1888 mia
2136 1835 2514 1890 attribuentcs.
2544 1834 2758 1889 Primus
2794 1836 2906 1905 jam
2945 1844 3257 1895 nostrorum
3302 1837 3408 1891 huc
3448 1853 3570 1907 pro-

1992 1925 2115 1980 deat
2141 1935 2446 1990 accusator,
2466 1934 2723 1995 tanquam
2746 1926 2798 1978 in
2825 1925 2942 1980 foro
2966 1927 3163 1995 scripta
3199 1927 3435 1981 reeitans
3453 1928 3561 1993 (al:

2070 2036 2087 2066 ι
2113 2016 2358 2086 insuper,
2386 2017 2487 2071 boc
2512 2018 2673 2072 etiam
2701 2018 2919 2070 verbum
2953 2017 3072 2085 fecit
3100 2017 3152 2069 in
3185 2016 3421 2071 essentia
3443 2014 3564 2069 Filii

1994 2124 2207 2163 sumere
2240 2123 2532 2171 recusans,
2573 2108 2843 2177 simultu
2876 2107 2941 2160 ad
2973 2122 3189 2162 crucem
3235 2109 3569 2163 erubescens

1995 2200 2222 2267 imponit
2238 2199 2455 2269 quidem
2480 2200 2743 2270 apostolis
2758 2214 2877 2270 qua:
2890 2200 3070 2254 nullus
3090 2214 3265 2269 neque
3282 2214 3346 2253 ex
3372 2199 3455 2255 bis
3474 2199 3566 2269 qui

1993 2291 2057 2345 ad
2080 2292 2321 2355 sinistra,
2350 2291 2402 2346 id
2427 2299 2507 2345 est
2532 2291 2597 2345 ad
2627 2293 2862 2346 infausta
2893 2292 2975 2346 vel
3003 2292 3361 2362 incpta,ipsos
3384 2292 3567 2361 impiis

1992 2382 2527 2437 com'iciislncessere
2539 2383 2881 2437 vehementer
2894 2384 3068 2437 conati
3085 2383 3566 2438 suntzduosautcm

1993 2471 2242 2525 Cbristos
2263 2480 2446 2542 aperte
2468 2480 2521 2526 et
2540 2471 2678 2526 duos
2690 2472 2945 2525 Dominos
2965 2471 3172 2524 inducit
3187 2470 3304 2525 suis
3324 2471 3561 2525 decretis

1992 2574 2044 2617 et
2068 2564 2438 2619 sermonibus:
2457 2563 2589 2617 dicit
2612 2563 2753 2617 enim
2773 2581 2785 2615 :
2807 2563 2958 2628 Quod
2989 2579 3089 2615 non
3111 2579 3223 2615 eum
3242 2564 3331 2631 qui
3355 2563 3406 2614 in
3428 2564 3569 2627 priu-

1992 2656 2126 2723 cipio
2156 2666 2270 2708 erat
2302 2653 2543 2715 Verbum,
2576 2653 2855 2706 Dominum
2882 2663 2928 2706 et
2953 2652 3218 2707 Christum
3255 2652 3394 2706 Deus
3424 2653 3566 2719 fecit,

1992 2748 2082 2802 sed
2120 2765 2234 2802 cum
2266 2748 2355 2819 qui
2393 2747 2680 2801 exiuauivit
2723 2748 2949 2814 seipsum
2990 2746 3041 2799 in
3070 2745 3295 2814 formam
3329 2747 3481 2810 servi,
3519 2751 3570 2799 et

1994 2842 2303 2909 cruciﬁxum
2325 2855 2389 2893 ex
2420 2839 2753 2907 inﬁrmitate.
2797 2836 2921 2893 llmc
2950 2846 3129 2892 autem
3164 2836 3355 2892 scribit
3384 2845 3570 2906 aperte

1993 2930 2226 2987 Basilius
2251 2932 2352 2987 iste
2376 2946 2625 3001 magnus.
2645 2927 2915 2983 Praeterea
2932 2929 3013 2983 vel
3037 2929 3217 2984 nullus
3232 2938 3316 2984 est
3337 2928 3566 2998 apostoll

1994 3040 2212 3086 sensus.
2233 3024 2315 3077 vel
2334 3038 2451 3079 eam
2471 3033 2589 3093 quae
2605 3029 2688 3077 est
2705 3029 2828 3075 ante
2841 3021 3058 3083 saecula,
3083 3020 3415 3091 bypostasim
3432 3018 3571 3075 Uni-3

1995 3116 2159 3189 geniti
2189 3116 2346 3172 nobis
2369 3124 2739 3185 repraesentat,
2766 3115 2832 3170 de
2863 3129 2967 3184 qua
2989 3128 3169 3169 sermo
3195 3112 3248 3166 in
3277 3111 3566 3182 praesenti:

1994 3223 2105 3262 non
2144 3208 2287 3262 enim
2323 3207 2390 3262 de
2415 3207 2653 3262 essentia
2685 3207 2801 3277 ipsa
2823 3207 2914 3260 Dei
2949 3202 3297 3273 Verbi,quod
3328 3204 3383 3257 in
3413 3202 3570 3273 prin-

1994 3301 2135 3370 cipio
2174 3310 2291 3354 erat
2345 3298 2485 3368 apud
2516 3296 2708 3360 Deum,
2740 3297 2833 3351 sed
2864 3297 2931 3350 de
2972 3311 3039 3351 eo
3072 3296 3161 3366 qui
3199 3295 3439 3365 seipsum
3472 3309 3571 3349 ex-

1995 3391 2225 3445 inauivit
2262 3394 2315 3444 in
2351 3389 2523 3445 forma
2555 3390 2720 3455 servi,
2747 3397 2800 3443 et
2828 3388 2921 3459 qui
2948 3389 3123 3443 lactus
3157 3395 3237 3442 est
3268 3385 3570 3441 conformis

1994 3482 2211 3551 corpori
2254 3479 2578 3535 humilitatis
2629 3486 2852 3541 nostrae,
2895 3477 3101 3548 quique
3145 3476 3445 3533 crucifixus
3485 3484 3573 3531 est

1993 3589 2056 3627 ex
2099 3573 2431 3637 infirmitate,
2481 3568 2770 3625 manifeste
2817 3570 3060 3625 disserit.
3091 3569 3157 3623 Et
3203 3568 3309 3623 boc
3348 3567 3571 3637 quidem

1994 3665 2189 3731 cuivis,
2233 3664 2316 3719 vel
2357 3663 2710 3718 mediocriter
2748 3662 3074 3723 attendenti,
3113 3661 3246 3730 quid
3291 3660 3397 3715 sibi
3441 3657 3572 3714 velit

1995 3757 2127 3810 illud
2172 3754 2377 3808 dictum
2428 3753 2813 3823 apostolicum,
2856 3752 3077 3821 cognitu
3116 3750 3274 3804 facile
3313 3757 3419 3812 est,
3460 3763 3571 3801 non

1994 3845 2279 3915 theologia:
2330 3843 2490 3898 nobis
2522 3843 2743 3896 modum
2784 3842 3022 3902 tradere,
3074 3839 3169 3893 sed
3225 3837 3567 3900 meonomia.

1994 3935 2046 3990 id
2072 3944 2175 3995 est.
2200 3934 2267 3989 de
2302 3934 2560 4005 mysterio
2580 3930 2975 3986 incarnationis
3007 3930 3249 3983 rationes
3281 3928 3563 3983 inducere.

1993 4026 2300 4090 Dominum,
2344 4027 2542 4097 inquit,
2564 4027 2797 4095 ipsumet
2825 4023 3095 4078 Christum
3126 4021 3267 4075 Deus
3290 4020 3413 4089 fecit
3433 4019 3572 4073 hunc

1995 4123 2165 4190 ipsum
2190 4117 2394 4182 Iesum,
2421 4135 2571 4188 quem
2604 4132 2692 4171 vos
2726 4117 2780 4169 in
2802 4130 3007 4169 crucem
3052 4115 3253 4185 egistis.
3289 4110 3435 4166 Voce
3469 4112 3570 4167 de-

1993 4211 2353 4267 monstrativa
2384 4209 2451 4263 ad
2482 4207 2877 4261 humanitatem
2912 4203 3108 4275 ipsius,
3154 4213 3206 4259 et
3241 4204 3307 4258 ad
3333 4201 3386 4257 id
3420 4191 3569 4272 quod

1993 4305 2061 4359 ab
2084 4302 2341 4357 omnibus
2369 4298 2655 4353 videbatur
2683 4304 2871 4359 aperte
2897 4297 3187 4350 intendens
3211 4313 3227 4361 ;
3258 4295 3372 4349 haec
3403 4295 3571 4364 igitur

302 4394 330 4445 ὁ
360 4391 440 4463 τῷ
470 4392 583 4446 τῶν
609 4394 920 4447 ἀποστόλων
948 4394 1266 4475 ,βουλήματι
1302 4397 1392 4450 τὸν
1421 4397 1613 4451 ἑαυτοῦ
1637 4398 1761 4453 νοῦν
1791 4401 1892 4452 ὐπ-

1995 4394 2200 4465 profert
2223 4394 2326 4448 iste
2350 4392 2444 4463 qui
2478 4389 2850 4461 apostolorum
2874 4389 3161 4443 sententia:
3187 4398 3241 4443 et
3274 4387 3583 4443 intentioni

300 4482 564 4545 αλλάξας,
605 4483 667 4535 οὐ
694 4480 801 4553 γὰρ
827 4483 890 4554 δὴ
931 4483 1087 4554 θέμις
1123 4487 1295 4538 εἰπεῖν
1328 4488 1649 4559 ἐπιστήσας,
1680 4489 1892 4560 μήποτέ

300 4591 383 4637 τις
406 4573 685 4645 τοσαύτην
708 4576 1146 4646 καταψηφίσαιτο
1168 4578 1468 4648 παράνοιαν
1487 4579 1694 4651 ἀνδρῶν
1709 4579 1894 4647 ὁσίων,

300 4668 395 4720 καὶ
449 4668 590 4738 πρὸς
616 4667 676 4720 τὸ
709 4669 806 4737 τῆς
839 4668 1122 4733 εὐσεϐείας
1164 4672 1424 4740 κήρυγμα
1451 4671 1690 4740 λογάδων
1710 4687 1725 4703 ·
1753 4671 1896 4725 ῶστε

300 4756 403 4827 τὴν
466 4757 695 4811 ἐκείνων
748 4758 1095 4812 διδασκαλίαν
1137 4760 1218 4824 είς
1268 4760 1537 4831 τοσαύτην
1593 4760 1896 4832 ὑπερῦολὴν

302 4848 709 4922 ἀπολείπουσαν
726 4850 1075 4921 είσυόρίζειν.
1095 4853 1157 4904 Oi
1184 4852 1276 4904 τὸν
1290 4852 1495 4905 ἑαυτῶν
1514 4851 1679 4922 λῆρον
1697 4854 1774 4915 είς
1790 4853 1889 4921 τὴν

302 4937 413 4992 τῶν
431 4938 597 4991 ὁσίων
618 4920 839 5011 μνῆμην
860 4920 1245 5010 ἀναφέροντες,
1268 4941 1426 5004 ποίας
1444 4941 1505 4993 οὐ
1527 4920 1714 5011 μεστοὶ
1724 4920 1890 5011 ταρα-

305 5031 442 5098 χῆςς
472 5030 640 5094 Ποίας
667 5029 768 5083 οὐκ
806 5032 1037 5096 ἀτοπίας
1064 5028 1326 5103 γέμοντες
1345 5072 1361 5095 ,
1392 5035 1441 5087 οἱ
1470 5033 1563 5086 τὸν
1601 5032 1887 5105 ἄνθρωπον

309 5121 389 5183 είς
416 5120 703 5191 ἄνθρωπον
723 5121 1059 5176 κεκενῶσθαι
1087 5124 1419 5190 δοξάζοντες,
1452 5124 1649 5177 autem
1674 5122 1884 5191 τούτου,

312 5207 403 5261 τὸν
444 5207 504 5274 ἐξ
530 5210 779 5283 ὑπακοῆς
807 5213 999 5266 ἑαυτὸν
1029 5215 1443 5268 ταπεινώσαντα
1476 5217 1542 5287 τῇ
1567 5214 1660 5269 τοῦ
1693 5215 1881 5270 δούλου

320 5298 517 5369 μορφῇ.
535 5296 859 5369 σύμμορφον
876 5296 1014 5355 εἶναι
1031 5304 1140 5367 τοῖς
1169 5302 1474 5375 ἀνθρώποις
1493 5306 1585 5358 καὶ
1607 5304 1737 5377 πρὶν
1756 5306 1885 5360 ταύ-

318 5392 412 5456 την
434 5386 723 5444 ἀναλαϐεῖν
756 5392 855 5464 τὴν
888 5394 1101 5467 μορφὴν
1117 5397 1635 5465 κατασκευάζοντες
1657 5400 1761 5452 Καὶ
1781 5398 1883 5466 τίς,

389 5560 414 5593 ⁸
442 5546 600 5619 Deut.
623 5580 663 5629 ι,
708 5565 809 5634 16;
838 5565 997 5623 Joan.
1032 5583 1129 5636 vn,
1154 5569 1246 5625 24.

1995 4486 2274 4558 propriam
2307 4492 2541 4537 mentem
2580 4481 2905 4547 submutat;
2968 4479 3123 4534 nefas
3170 4479 3314 4534 enim
3360 4488 3445 4534 est
3482 4477 3569 4531 di-

1994 4592 2120 4633 cere
2154 4575 2299 4647 quod
2327 4573 2617 4643 intelligat,
2645 4572 2939 4643 nequando
2971 4571 3098 4640 quis
3117 4578 3283 4624 tanta:
3310 4568 3567 4624 amentia:

1994 4668 2272 4726 insimulet
2305 4668 2452 4723 viros
2484 4674 2728 4730 sanctos,
2777 4672 2831 4719 et
2875 4661 2943 4716 ad
2968 4663 3185 4733 pietatis
3225 4662 3568 4733 praedicatio-

1993 4776 2114 4816 nem
2144 4761 2378 4816 selectos
2408 4798 2421 4822 ,
2471 4758 2543 4812 ita
2584 4767 2643 4811 ut
2675 4757 2892 4809 illorum
2922 4754 3230 4808 doctrinam
3265 4756 3319 4807 in
3355 4759 3565 4807 tantum

1996 4852 2339 4908 deﬁcientem
2369 4850 2765 4905 contumeliose
2785 4847 2982 4903 audeat
3017 4861 3286 4902 asserere.
3317 4845 3570 4912 Quiergo

1996 4958 2128 5001 suas
2163 4959 2338 5013 nugas
2364 4950 2420 4997 et
2447 4941 2641 4996 deliria
2670 4940 2738 4995 ad
2774 4948 3094 4995 sanctorum
3129 4938 3448 4993 memoriam
3482 4950 3570 4988 re-

1996 5039 2203 5107 ferunt,
2235 5054 2342 5109 qua
2375 5053 2484 5092 non
2511 5038 2655 5107 pleni
2684 5042 2813 5092 sunt
2834 5035 3245 5107 perturbatione
3271 5030 3296 5087 ?
3324 5049 3431 5103 qua
3460 5046 3566 5085 non

1995 5129 2330 5185 absurditate
2360 5127 2585 5183 referti?
2608 5127 2701 5197 qui
2742 5126 3015 5181 hominem
3053 5126 3107 5179 in
3134 5122 3408 5177 hominem
3438 5134 3570 5175 cva-

1993 5228 2346 5275 cuatumesse
2363 5221 2681 5289 opinantur,
2726 5227 2889 5287 etper
2913 5216 3018 5271 hoc
3058 5212 3292 5284 eumqui
3334 5228 3433 5283 pro
3467 5218 3568 5266 sua

1994 5310 2303 5364 obedientia
2350 5310 2589 5379 seipsum
2623 5308 2934 5363 humiliavit
2985 5305 3216 5361 formam
3251 5304 3393 5360 servi
3417 5298 3565 5358 accié

1993 5401 2171 5471 piens,
2190 5400 2525 5457 conformem
2544 5400 2859 5456 hominibus
2875 5397 3046 5454 fuisse
3060 5397 3221 5451 etiam
3245 5396 3565 5467 priusquam

306 5753 313 5759 .
399 5702 475 5777 (ο)
508 5702 685 5764 Verba
714 5717 843 5767 sunt
872 5708 1126 5768 Eunomii
1159 5711 1427 5784 haeretici,
1469 5711 1654 5770 Basilii
1684 5712 1866 5785 magni
1906 5710 2113 5782 scripta
2140 5709 2386 5770 refellere
2412 5709 2683 5766 conantis:

1150 5833 1195 5846 ᾳ
