3992 6210
424 233 530 289 €87

1626 235 1682 289 S.
1725 234 2047 291 GREGORII
2086 235 2377 292 NYSSENI
3570 227 3658 283 688

428 343 812 398 haneformam
845 345 1256 415 assumpsisset,
1292 351 1647 415 praestruunt.
1680 346 1725 402 Ο
1760 365 1853 405 vos
1873 365 1979 404 om-

2096 345 2141 405 ὦ
2171 350 2384 404 πάντων
2414 348 2569 418 ὑμεῖς
2606 345 2967 417 ῥᾳθυμότατοι
2990 387 3003 409 ,
3036 342 3246 415 μορφὴν
3286 342 3422 412 ἔχων
3449 340 3655 405 δούλου,

425 435 573 489 ιιὶιιιη
598 436 993 502 socordissimi,
1012 436 1103 506 qui
1127 436 1267 491 servi
1287 435 1519 493 formam
1554 438 1737 508 habet,
1762 439 1993 496 formam

422 525 562 579 servi
576 527 807 581 assumit
827 527 849 579 ?
866 527 1144 596 quomodo
1161 529 1285 599 quis
1302 530 1541 598 seipsum
1563 531 1616 586 in
1634 548 1700 588 eo
1718 533 1864 603 quod
1879 534 1992 603 jam

420 625 503 671 est
528 617 903 672 exinanierit?
931 616 1144 673 Nullam
1160 621 1305 675 enim
1324 622 1392 676 ad
1423 623 1538 678 haec
1564 623 1857 681 invenietis
1874 640 1991 680 ma-

419 708 659 770 ubinam,
678 707 800 762 silis
821 709 950 763 licet
980 725 1104 765 cum
1126 711 1192 767 ad
1220 712 1511 768 dicendum
1536 721 1650 769 tum
1669 715 1735 769 ad
1750 718 1993 772 sentien-

418 796 546 850 dum
562 798 922 867 impossibilia
939 803 1315 858 audacissimi.
1337 803 1442 859 Sed
1460 809 1737 876 quomodo
1755 823 1863 863 non
1876 824 1992 862 om—

419 889 571 942 nium
586 905 683 945 vos
702 892 837 947 estis
849 894 1083 950 maxime
1104 895 1423 962 miserandi,
1444 897 1722 953 hominem
1754 914 1853 970 pro
1875 915 1992 953 om-

416 978 579 1034 nibus
629 979 944 1038 heminibus
1002 999 1224 1055 passum
1253 1001 1374 1041 esse
1412 988 1741 1057 opinantes,
1777 992 1990 1061 ipsique

417 1071 636 1125 illorum
682 1074 1112 1146 redemptionem
1153 1079 1557 1136 attribuentes?
1609 1081 1666 1135 Si
1702 1081 1847 1137 enim
1880 1099 1990 1139 non

415 1160 481 1215 de
495 1160 676 1217 Verbo
703 1165 849 1234 quod
874 1173 992 1220 erat
1018 1168 1071 1221 in
1104 1169 1394 1239 principio,
1423 1179 1477 1226 et
1500 1172 1645 1242 quod
1680 1171 1825 1228 Deus
1846 1184 1987 1240 erat,

416 1252 610 1309 beatus
656 1254 847 1311 Petrus
889 1257 1149 1323 disserit,
1200 1260 1296 1315 sed
1340 1260 1408 1316 dc
1439 1278 1506 1318 eo
1541 1264 1636 1334 qui
1673 1265 1986 1332 videbatur,

413 1352 469 1397 et
490 1346 582 1414 qui
622 1347 861 1417 seipsum
894 1350 1216 1418 exiuanivit,
1258 1352 1403 1408 sicut
1454 1354 1532 1408 ait
1575 1355 1854 1412 Basilius:
1891 1357 1990 1413 Se-

417 1436 595 1507 ipsum
637 1449 820 1495 autem
864 1443 1167 1497 exinanivit
1204 1443 1251 1499 is
1291 1445 1385 1515 qui
1412 1445 1702 1502 videbatur
1738 1448 1902 1503 homo
1933 1449 1986 1504 in

416 1529 561 1583 servi
616 1528 895 1586 formam:
934 1534 1025 1604 qui
1083 1550 1212 1589 vero
1269 1537 1574 1592 exinanivit
1619 1540 1861 1610 seipsum
1920 1542 1986 1597 ad

415 1618 559 1672 servi
594 1618 851 1686 formam,
897 1624 965 1677 ad
1006 1625 1248 1681 hominis
1289 1630 1699 1697 generationem
1744 1631 1987 1702 seipsum

2107 440 2315 512 μορφὴν
2344 437 2718 508 ἀναλαμϐάνει
2762 436 2983 502 δούλου;
3015 434 3137 498 Πῶς
3179 434 3223 486 δ’
3254 434 3317 488 ἀν
3360 451 3444 497 τις
3482 431 3663 485 ἐαυτὸν
3690 452 3698 456 ·

2102 534 2180 596 εἰς
2202 530 2357 584 τοῦτο
2380 529 2666 584 κενώσειεν
2689 530 2825 599 ὅπερ
2848 527 3028 591 ἐστίνς
3060 527 3134 581 Οὑ
3173 525 3271 597 μὲν
3291 520 3382 578 οὖν
3414 524 3663 595 εὑρήσετε

2100 620 2302 675 τούτων
2335 620 2453 675 τινὰ
2488 618 2755 690 μηχανὴν,
2804 618 3004 688 καίπερ
3030 617 3177 681 ὄντες
3211 616 3472 688 τολμηροὶ
3495 615 3664 682 λέγειν

2100 714 2193 767 καὶ
2217 715 2432 783 φρονεῖν
2471 711 2746 780 ἀμήχανα.
2785 708 2909 772 Πῶς
2947 708 3003 761 δὲ
3030 708 3127 760 οὐκ
3155 707 3504 761 ἐλεεινότατοι
3539 705 3666 758 πάν-

2099 821 2205 857 των
2235 803 2415 874 ὑμεῖς,
2442 800 2727 872 ἄνθρωπον
2764 799 2903 871 ὑπὲρ
2933 799 3187 853 ἁπάντων
3227 796 3528 868 ἀνθρώπων
3572 812 3663 847 πε-

2099 894 2349 948 πονθέναι
2383 892 2726 959 δοξάζοντες,
2755 891 2849 946 καὶ
2884 890 3058 961 τούτῳ
3108 890 3206 961 τὴν
3245 888 3453 942 ἑαυτῶν
3486 890 3665 942 ἀνατι-

2099 989 2283 1052 θέντες
2313 987 2616 1060 λύτρωσιν;
2647 988 2713 1042 Et
2749 985 2856 1056 γὰρ
2879 985 2952 1056 μὴ
2992 983 3119 1054 περὶ
3150 981 3241 1035 τοῦ
3266 983 3322 1034 ἐν
3352 982 3493 1051 ἀρχῇ
3523 980 3666 1044 ὄντος

2096 1074 2268 1144 Λόγου
2317 1075 2411 1129 καὶ
2444 1074 2581 1128 Θεοῦ
2616 1074 2764 1139 ὄντος
2817 1076 2845 1127 6
2904 1074 3170 1145 μακάριος
3221 1070 3524 1139 διαλέγεται
3570 1069 3666 1122 Πέ-

2094 1184 2222 1238 τρος
2252 1208 2267 1233 ,
2312 1168 2448 1221 ἀλλά
2498 1166 2752 1239 περὶτοῦ
2804 1165 3133 1237 βλεπομένου
3201 1164 3293 1219 καὶ
3339 1162 3669 1225 κενώσαντος

2097 1259 2303 1325 ἑαυτὸν,
2336 1259 2515 1324 καθώς
2549 1276 2680 1329 φησι
2727 1258 3004 1320 Βασίλειος
3026 1274 3040 1290 ο
3083 1255 3378 1308 Ἐκένωσεν
3409 1253 3466 1306 δέ
3493 1254 3521 1306 6
3551 1251 3667 1322 βλε-

2096 1349 2329 1420 πόμενος
2381 1349 2665 1420 ἅνθρωπος
2701 1347 2891 1400 ἐαυτὸν
2933 1348 3012 1410 εἰς
3066 1345 3251 1399 δούλου
3290 1345 3531 1415 μορφήν·
3565 1342 3668 1395 es:

2095 1436 2339 1503 κενώσας
2384 1439 2574 1493 ἐαυτὸν
2625 1440 2704 1501 εἰς
2744 1437 2930 1491 δούλου
2980 1435 3226 1508 μορφὴν,
3262 1437 3341 1498 εἰς
3384 1432 3665 1504 ἀνθρώπου

2094 1530 2304 1600 γένεσιν
2362 1531 2626 1584 ἐκένωσεν
2674 1529 2864 1583 ἐαυτὸν
2889 1571 2903 1594 ,
2943 1530 2972 1581 6
3015 1528 3345 1598 βλεπόμενος
3387 1525 3669 1595 ἄνθρωπος

2096 1625 2174 1688 είς
2196 1621 2479 1694 ἀνθρώπου
2531 1623 2742 1691 γένεσιν
2793 1621 3058 1676 ἐκένωσεν
3093 1619 3304 1673 ἑαυτόν.
3348 1616 3485 1670 Ἀλλ’
3525 1618 3668 1670 ἀντι-

412 1709 718 1765 exinanivit
746 1730 759 1767 :
790 1712 958 1783 igitur
989 1717 1082 1785 qui
1124 1716 1237 1787 jam
1277 1718 1567 1774 videbatur
1599 1722 1759 1777 homo
1789 1722 1856 1776 ad
1889 1723 1979 1778 ho-

2099 1716 2327 1788 μάχεται
2378 1715 2475 1787 μὲν
2526 1714 2739 1777 τούτοις
2783 1715 2874 1767 καὶ⁵
2920 1712 3059 1785 αὑτὴ
3109 1711 3216 1766 τῶν
3259 1709 3662 1783 πραγμάτωνή

412 1800 577 1869 minis
626 1806 1037 1873 generationem
1097 1809 1399 1863 exinanivit
1441 1811 1708 1882 seipsum.
1778 1812 1885 1870 Sed
1935 1822 1989 1870 et

412 1894 529 1963 ipsa
581 1911 764 1950 rerum
822 1907 1022 1952 natura
1088 1908 1357 1972 repugnat
1420 1902 1594 1971 ipsis,
1660 1905 1988 1964 contradicit

407 1984 575 2039 etiam
607 1987 901 2045 manifeste
939 1990 986 2046 is
1030 1989 1150 2061 ipse
1197 1992 1293 2060 qui
1338 1992 1483 2049 hanc
1512 1994 1985 2066 dispensationem

412 2076 465 2128 in
520 2092 619 2132 sua
664 2084 959 2157 Theologia
1001 2082 1339 2150 celebravit;
1386 2099 1495 2139 non
1544 2102 1668 2141 eum
1710 2087 1985 2145 hominem

408 2168 501 2234 qui
552 2169 875 2235 videbatur,
913 2173 1006 2226 sed
1062 2172 1242 2241 ipsum
1270 2172 1514 2229 Verbum
1559 2178 1707 2247 quod
1755 2188 1873 2235 erat
1928 2181 1984 2235 in

408 2259 702 2328 principio,
737 2267 793 2315 et
837 2261 932 2330 qui
965 2259 1110 2317 Deus
1149 2271 1292 2331 erat,
1334 2280 1558 2323 carnem
1610 2273 1985 2341 assumpsisse

405 2348 638 2404 dicens:
672 2351 819 2420 quod
872 2353 1094 2422 quidem
1135 2356 1258 2412 aliis
1302 2359 1486 2416 verbis
1516 2361 1659 2418 idem
1706 2373 1791 2418 est
1834 2380 1899 2420 ac
1935 2366 1983 2422 si

406 2439 632 2504 diceret,
684 2443 831 2496 servi
866 2442 1098 2499 formam
1151 2449 1477 2518 sumpsisse.
1511 2450 1613 2518 Qui
1664 2451 1831 2524 igitur
1869 2455 1985 2512 haec

407 2532 695 2588 credibilia
722 2535 1073 2602 existimatis,
1107 2539 1177 2594 ab
1204 2554 1395 2596 errore
1430 2542 1718 2608 discedite,
1749 2544 1985 2603 desinite

408 2622 685 2678 hominem
722 2625 1066 2681 exinanitum
1117 2644 1245 2685 esse
1293 2630 1532 2701 opinari.
1575 2633 1733 2700 Quod
1781 2635 1829 2691 si
1872 2652 1981 2692 non

404 2714 638 2783 potestis
672 2715 974 2774 incredulis
1023 2721 1377 2788 persuadere,
1426 2726 1599 2780 altera
1632 2741 1765 2781 voce
1805 2737 1859 2783 et
1897 2740 1984 2784 se—

403 2806 581 2860 cunda
614 2810 890 2864 sententia
910 2810 1212 2880 perﬁdiam
1254 2813 1371 2868 sive
1403 2815 1841 2873 incredulitatem
1872 2820 1979 2873 sol-

2090 1808 2249 1880 φύσις
2277 1826 2291 1840 ’
2321 1808 2739 1878 ἀντιφθέγγεται
2777 1806 2832 1859 δὲ
2868 1805 3182 1877 περιφανῶς
3217 1804 3307 1858 καὶ
3344 1803 3504 1867 αὐτὸς
3532 1803 3562 1854 6
3599 1805 3663 1874 τῇ

2090 1900 2337 1972 θεολογίᾳ
2358 1899 2455 1973 τὴν
2475 1899 2782 1971 οἰκονομίαν
2799 1898 3001 1969 ταύτην
3030 1899 3276 1968 ὑμνήσας
3296 1913 3308 1924 ·
3337 1898 3397 1950 οὐ
3432 1895 3523 1949 τὸν
3551 1894 3665 1965 βλεο

2089 1992 2322 2063 πόμενον
2352 1991 2655 2064 ἄνθρωπον,
2690 1974 2802 2046 ἀλλ’
2837 1991 2997 2045 αὑτὸν
3028 1991 3118 2045 τὸν
3154 1990 3211 2043 ἐν
3239 1990 3379 2061 ἀρχῇ
3409 1988 3540 2042 ὄντα
3561 1989 3665 2042 Λό-

2089 2101 2203 2152 γον,
2232 2083 2325 2137 καὶ
2352 2083 2483 2136 Θεὸν
2516 2080 2662 2141 ὄντα.
2709 2084 2885 2154 σάρκα
2918 2081 3266 2152 ἀνειληφέναι
3295 2079 3467 2147 λέγων
3489 2096 3503 2109 ο
3528 2078 3666 2148 ὅπερ

2087 2175 2272 2239 ἀλλαις
2320 2177 2523 2245 φωναῖς
2560 2171 2677 2228 ἶσόν
2712 2176 2824 2228 ἐστι
2869 2172 2947 2244 τῷ
2989 2173 3204 2244 μορφὴν
3231 2171 3417 2225 δούλου
3455 2169 3660 2223 λαϐεῖν.

2087 2268 2150 2322 Οἳ
2194 2269 2290 2339 μὲν
2325 2265 2417 2322 οὖν
2462 2268 2632 2321 ταῦτα
2685 2266 2930 2338 νομίζετε
2971 2267 3173 2329 πιστὰ,
3222 2264 3519 2335 μετάθεσθε
3570 2261 3662 2316 τοῦ

2087 2361 2320 2424 πλάνου,
2357 2359 2639 2414 παύσασθε
2673 2359 2762 2412 τὸν
2795 2359 3079 2429 ἄνθρωπον
3123 2359 3202 2421 εἰς
3253 2356 3538 2427 ἄνθρωπον
3571 2372 3662 2409 κε-

2086 2451 2351 2505 κενῶσθαι
2386 2450 2716 2518 δοξάζοντες.
2753 2451 2815 2503 Ei
2845 2449 2900 2502 δὲ
2931 2450 3030 2519 οὑχ
3070 2449 3241 2502 ἱκανοί
3293 2450 3414 2500 ἐστε
3461 2445 3665 2499 πείθειν

2084 2544 2379 2608 ἀπίστους,
2422 2542 2585 2614 ἐτέρα
2627 2544 2777 2612 φωνῇ
2820 2542 2915 2594 καὶ
2949 2540 3177 2612 δευτέρᾳ
3207 2538 3372 2610 ψήφῳ
3404 2536 3503 2609 τὴν
3542 2538 3663 2590 ἀπι-

2087 2637 2238 2690 στίαν
2265 2635 2483 2689 λύσατε.
2526 2633 2939 2705 ’Υπομνὴσθητε
2981 2632 3075 2686 τοῦ
3125 2632 3428 2703 φήσαντος·
3468 2630 3665 2694 Ὂςέν

2079 2725 2281 2798 μορφῇ
2337 2725 2483 2780 Θεοῦ
2522 2724 2831 2794 ὑπάρχων.
2884 2726 2997 2791 οὐχ
3031 2721 3343 2792 ἁρπαγμὸν
3391 2720 3664 2790 ἡγήσατο

2083 2819 2150 2873 τὸ
2184 2819 2335 2872 εἶναι
2363 2814 2469 2871 ἶσα
2512 2814 2653 2881 Θεῷ,
2696 2815 2834 2871 ἀλλ’
2872 2815 3089 2869 ἑαυτὸν
3133 2812 3392 2867 ἐκένωσε
3423 2809 3667 2880 μορφὴν

402 2898 530 2953 vite.
563 2899 619 2954 In
652 2903 971 2956 memoriam
998 2913 1259 2959 revocate
1296 2920 1421 2959 eum
1456 2907 1548 2977 qui
1581 2908 1722 2963 dixit
1749 2928 1763 2964 :
1797 2910 1903 2977 Qui
1928 2912 1979 2966 in

2083 2911 2306 2966 δούλου
2335 2908 2567 2964 λαϐών-ο
2602 2909 2664 2962 οὑ
2715 2908 2823 2978 γάρ
2872 2909 3017 2960 ἐστιν
3051 2903 3351 2973 ἀνθρώπων
3391 2902 3569 2964 οὐδεὶς
3594 2900 3655 2964 ὃς

400 2991 576 3059 [arma
612 2992 708 3046 Dei
748 3011 867 3047 cum
912 3005 1070 3061 esset,
1126 3012 1230 3050 non
1272 2998 1518 3066 rapinam
1565 3000 1862 3057 arbitratus
1902 3013 1979 3057 est

2083 2999 2270 3053 τοῦτον
2299 2997 2638 3052 οἰκειώσεται
2690 2995 2781 3051 τὸν
2830 2995 3005 3063 λόγον.
3051 2993 3237 3057 Οὐδεὶς
3278 2992 3388 3045 τῶν
3439 2991 3661 3044 πώποτε

398 3098 511 3137 esse
552 3099 606 3137 se
665 3085 922 3153 (equalem
972 3084 1118 3150 Deo.
1164 3086 1255 3141 sed
1308 3089 1642 3158 semetipsum
1691 3093 1979 3148 exinanivit

2088 3091 2393 3162 γενομένων
2423 3090 2613 3159 ἁγίων,
2652 3086 2941 3160 μονογενὴς
2965 3083 3033 3158 ἦν
3057 3086 3218 3148 Θεὸς,
3252 3083 3544 3153 γενόμενος
3575 3083 3669 3136 ἀν-

401 3171 631 3240 farmam
660 3175 795 3227 servi
818 3176 1078 3244 accipiens
1095 3177 1138 3230 '.
1164 3177 1360 3234 Nullus
1379 3180 1525 3235 enim
1550 3191 1636 3237 est
1668 3183 1979 3254 horminum,

402 3264 497 3333 qui
524 3263 670 3318 hunc
710 3266 813 3320 sibi
856 3268 1093 3324 vindicet
1126 3280 1180 3326 et
1209 3272 1540 3339 peculiarem
1566 3273 1733 3329 faciat
1764 3292 1980 3334 sermo-

401 3371 553 3411 nem.
588 3355 784 3414 Nullus
808 3375 1050 3429 unquam
1078 3371 1397 3418 sanctorum
1429 3366 1524 3434 qui
1564 3366 1810 3433 fuerunt,
1856 3370 1981 3426 uni-

401 3450 621 3517 genitus
654 3450 759 3505 fuit
788 3450 956 3516 Deus,
1008 3453 1176 3508 homo
1210 3455 1411 3512 factus.
1453 3456 1568 3513 Hoc
1608 3459 1754 3515 enim
1803 3470 1892 3517 est
1924 3462 1980 3517 in

400 3540 576 3595 forma
623 3540 719 3595 Dei
752 3542 1115 3598 exsistentem
1164 3544 1312 3599 servi
1367 3545 1598 3601 formam
1629 3564 1871 3606 sumere.
1919 3549 1978 3607 Si

401 3632 571 3701 igitur
599 3631 666 3687 de
695 3647 761 3688 eo
787 3634 882 3703 qui
918 3635 1277 3706 semetipsum
1305 3636 1373 3691 ad
1397 3636 1632 3693 formam
1673 3642 1821 3696 servi
1857 3643 1977 3697 exi-

397 3723 612 3778 nanivit
650 3724 842 3781 beatus
891 3725 1091 3782 Petrus
1136 3728 1411 3784 disserit:
1467 3731 1827 3803 semetipsum
1875 3750 1977 3789 au-

397 3819 506 3865 tem
538 3811 607 3865 ad
642 3813 789 3867 servi
841 3812 1076 3868 formam
1127 3816 1434 3872 exinanivit
1474 3821 1568 3889 qui
1620 3822 1675 3875 in
1706 3823 1979 3894 principio

396 3911 517 3957 erat
546 3902 812 3970 Verbum,
857 3912 913 3960 et
960 3905 1105 3963 Deus
1135 3910 1229 3978 qui
1271 3918 1357 3966 est
1404 3910 1775 3982 Unigenitus;
1818 3915 1887 3970 de
1911 3931 1978 3971 eo

397 3998 493 4064 qui
533 4005 655 4053 erat
689 3998 742 4052 in
793 3999 1065 4069 principio
1091 4008 1146 4056 et
1189 4002 1334 4059 Deus
1376 4010 1516 4070 erat,
1551 4005 1747 4062 beatus
1780 4005 1977 4063 Petrus

396 4083 641 4148 disserit,
703 4094 758 4140 et
798 4087 946 4142 hunc
980 4087 1141 4144 docet
1187 4090 1390 4146 factum
1441 4107 1565 4149 esse
1598 4092 1887 4150 Dominum
1924 4105 1979 4151 et

396 4170 679 4229 Christum
710 4177 778 4230 ⁸⁵.
822 4178 978 4233 Hanc
1038 4179 1261 4248 quidem
1324 4198 1565 4254 pugnam
1617 4184 1735 4254 ipse
1787 4199 1975 4240 secum

402 4274 585 4320 versat
614 4264 876 4335 Basilius,
911 4276 965 4324 et
998 4270 1146 4326 clare
1174 4273 1436 4339 ostendit,
1472 4290 1652 4347 neque
1681 4276 1975 4332 intentioni

397 4356 514 4412 sive
549 4359 835 4413 sententia:
884 4362 1259 4430 apostolorum
1302 4381 1460 4421 suam
1513 4376 1752 4423 mentem
1796 4375 1969 4424 atten-

396 4456 508 4501 tam
557 4449 808 4515 reddere,
864 4467 1045 4524 neque
1100 4470 1326 4509 suorum
1375 4472 1697 4513 sermonum
1748 4474 1968 4517 servare

396 4543 851 4612 consequentiam
886 4563 900 4600 :
928 4561 993 4601 ex
1032 4545 1233 4616 quibus
1262 4548 1347 4601 vcl
1382 4549 1818 4620 inaequalitatem
1853 4567 1972 4607 scr-

396 4633 574 4688 monis
622 4635 706 4689 sui
745 4637 1208 4704 animadvertens,
1262 4640 1519 4695 concedit
1549 4658 1675 4697 eum
1708 4644 1804 4714 qui
1850 4651 1971 4699 erat

394 4725 447 4778 in
496 4727 771 4798 principio
825 4729 1083 4794 Verbum,
1124 4740 1189 4785 et
1234 4730 1407 4786 Deum
1451 4734 1544 4804 qui
1596 4744 1735 4801 erat,
1762 4736 1967 4792 factum

391 4834 514 4873 esse
568 4818 880 4886 Dominum,
936 4823 1019 4876 vel
1076 4825 1444 4893 pugnantibus
1485 4829 1786 4898 pugnantia
1829 4843 1966 4885 con-

391 4924 581 4972 suens,
623 4918 678 4964 et
718 4910 771 4963 in
806 4911 891 4966 his
922 4915 1265 4970 contentiose
1294 4932 1645 4986 permanens,
1681 4920 1787 4973 alia
1823 4920 1967 4991 adji-

392 4998 495 5052 ':iet
542 4997 828 5054 hostiliora
865 5018 878 5054 :
912 5001 1051 5057 duos
1093 5010 1350 5060 astruens
1397 5021 1521 5061 esse
1578 5007 1855 5074 Christos,
1912 5018 1968 5066 et

393 5087 529 5142 duos
574 5089 838 5145 Dominos
868 5109 881 5144 :
913 5092 963 5147 si
1000 5094 1145 5147 enim
1176 5094 1316 5150 alter
1349 5097 1568 5166 quidem
1602 5099 1695 5168 qui
1731 5109 1852 5155 erat
1903 5100 1957 5155 in

390 5180 664 5249 principio
715 5180 861 5237 Deus
915 5182 1155 5238 Verbum
1198 5204 1210 5239 :
1255 5187 1394 5244 alter
1436 5205 1566 5245 vero
1614 5191 1711 5261 qui
1763 5201 1967 5250 semet-

394 5271 567 5335 ipsum
598 5272 902 5329 exinanivit
929 5284 983 5331 et
1015 5275 1247 5332 formam
1296 5281 1438 5335 servi
1474 5284 1810 5355 assumpsit;
1857 5284 1965 5342 Do-

393 5361 576 5421 minus
616 5373 796 5420 autem
833 5377 885 5421 et
922 5367 1066 5425 Deus
1110 5370 1347 5426 Verbum
1388 5389 1485 5443 per
1518 5389 1681 5445 quem
1736 5378 1957 5444 omnia;

392 5444 660 5503 Dominus
693 5459 952 5509 autemet
1002 5457 1256 5516 Christus
1305 5460 1396 5516 hic
1430 5444 1589 5521 Jesus
1635 5467 1728 5537 qui
1770 5468 1951 5524 cruci-

501 5627 523 5660 ⁸
551 5625 784 5703 Philipp.
811 5649 870 5699 ιι,
899 5634 953 5689 6.
1030 5638 1073 5668 ⁸·
1106 5638 1226 5691 Act.
1265 5654 1324 5706 ιι,
1358 5638 1445 5695 56.

2085 3184 2323 3257 θρωπος.
2356 3182 2525 3236 Τοῦτο
2551 3182 2658 3253 γάρ
2695 3181 2841 3233 ἐστιν
2863 3180 2919 3233 ἐν
2957 3179 3135 3249 μορφῇ
3159 3174 3292 3229 Θεοῦ
3330 3175 3664 3245 ὑπάρχοντα,

2086 3276 2299 3348 μορφὴν
2324 3272 2510 3328 δούλου
2543 3272 2748 3325 λαϐεῖν.
2785 3269 2848 3323 EE
2886 3270 3065 3323 τοίνυν
3113 3266 3241 3337 περὶ
3270 3262 3363 3318 τοῦ
3394 3262 3670 3317 κενώσαν-

2082 3386 2172 3433 τος
2210 3366 2405 3421 ἑαυτὸν
2443 3366 2523 3429 είς
2559 3363 2657 3436 τὴν
2686 3363 2781 3416 τοῦ
2833 3361 3021 3416 δούλου
3066 3359 3278 3429 μορφὴν
3326 3358 3354 3409 6
3394 3355 3670 3425 μακάριος

2078 3459 2382 3527 διαλέγεται
2410 3456 2618 3527 Πέτρος
2636 3471 2650 3486 ·
2685 3456 2918 3508 ἐκένωσε
2951 3453 3007 3507 δὲ
3030 3452 3219 3506 ἐαυτὸν
3248 3452 3329 3514 είς
3349 3449 3445 3521 τὴν
3473 3448 3669 3502 δούλου

2083 3550 2294 3622 μορφὴν
2332 3551 2361 3602 6
2387 3551 2445 3603 ἐν
2465 3548 2605 3620 ἀρχῇ
2637 3545 2711 3600 ῶν
2744 3546 2934 3614 Λόγος,
2960 3545 3054 3599 καὶ
3083 3544 3213 3607 Θεὸς
3235 3542 3312 3597 ὢν
3346 3538 3666 3613 μονογενὴς,

2081 3641 2212 3714 περὶ
2238 3640 2332 3695 τοῦ
2382 3641 2441 3696 ἐν
2480 3640 2622 3712 ἀρχῇ
2662 3636 2813 3702 ὄντος
2842 3638 2937 3691 καὶ
2974 3637 3107 3692 Θεοῦ
3146 3636 3297 3698 ὄντος
3323 3636 3353 3688 6
3392 3632 3671 3705 μακάριος

2077 3732 2383 3802 διαλέγεται
2442 3730 2684 3803 Πέτρος,
2717 3732 2811 3784 καὶ
2860 3727 3046 3782 τοῦτον
3091 3726 3394 3781 ἐκδιδάσκει
3441 3721 3669 3793 γεγονέ-

2077 3844 2165 3881 ναι
2202 3825 2408 3897 Κύριον
2449 3824 2543 3878 καὶ
2575 3822 2829 3894 Χριστόν.
2867 3820 3083 3891 Ταύτην
3130 3818 3310 3902 μέντοι
3337 3816 3437 3887 τὴν
3480 3815 3671 3885 μάχην

2078 3917 2238 3981 αὑτὸς
2292 3916 2431 3988 πρὸς
2485 3913 2675 3968 ἑαυτὸν
2714 3913 3038 3983 ἀναστρέφει
3082 3908 3361 3971 Βασίλειος
3402 3905 3498 3959 καὶ
3545 3904 3666 3958 δεί-

2078 4021 2270 4063 κνυται
2319 4006 2528 4076 σαφῶς,
2562 4004 2685 4059 οὑτε
2736 4003 2814 4075 τῷ
2859 4002 3159 4073 βουλήματι
3198 4000 3305 4053 τῶν
3344 3996 3668 4051 ἀποστόλων

2028 4108 2031 4109 ⁷
2077 4100 2171 4153 τὸν
2196 4096 2390 4154 ἐαυτοῦ
2420 4097 2543 4152 νοῦν
2576 4097 2898 4167 ἐπιστήσας,
2932 4093 3057 4147 οὔτε
3098 4092 3204 4145 τῶν
3234 4090 3450 4144 οἰκείων
3484 4088 3667 4157 λόγων

2078 4191 2363 4261 φυλάττων
2408 4187 2507 4262 τὴν
2552 4187 2906 4243 ἀκολουθίαν·
2935 4185 2997 4250 ἐξ
3039 4179 3112 4239 ὧν
3146 4182 3196 4265 ¹ἦ
3239 4179 3668 4250 συναισθόμενος

2078 4282 2176 4352 τῆς
2202 4280 2515 4353 ἀνωμαλίας
2562 4279 2904 4350 συγχωρήσει
2944 4275 3033 4328 τὸν
3061 4277 3118 4327 ἐν
3160 4275 3299 4344 ἀρχῇ
3328 4271 3457 4324 ὄντα
3484 4270 3666 4334 Λόγον

2079 4372 2172 4427 καὶ
2201 4370 2333 4426 Θεὸν
2362 4371 2491 4425 ὄντα
2531 4369 2812 4439 γεγονέναι
2839 4365 3074 4435 Κύριον,
3110 4360 3437 4433 μαχομένοις
3486 4358 3665 4427 μαχό-

2081 4480 2216 4534 μενα
2252 4462 2537 4517 συνάπτων
2568 4460 2660 4515 καὶ¹
2708 4458 2918 4521 τούτοις
2950 4455 3279 4528 παραμένων
3313 4452 3661 4520 φιλονείκως.

2070 4554 2237 4626 ἔτερα
2293 4552 2591 4625 προσθήσει
2638 4548 3016 4621 πολεμιώτερα
3049 4561 3062 4575 ·
3100 4544 3192 4599 δύο
3227 4539 3663 4603 κατασκευάζων

2070 4640 2209 4699 εἶναι
2246 4642 2645 4716 Χριστοὺς,καὶ
2681 4642 2773 4695 δύο
2816 4641 3087 4712 Κυρίους·
3126 4638 3172 4689 εἰ
3195 4635 3303 4704 γὰρ
3336 4634 3524 4704 ἔτερος
3550 4631 3660 4700 μὲν

2069 4738 2097 4792 6
2122 4740 2177 4792 ἐν
2200 4737 2340 4809 ἀρχῇ
2363 4735 2437 4788 ὢν
2466 4734 2598 4798 Θεὸς
2614 4733 2783 4802 Λόγος
2798 4749 2812 4762 ·
2844 4733 3031 4803 ἕτερος
3054 4729 3109 4782 δὲ
3131 4729 3159 4780 6
3184 4726 3427 4787 κενώσας
3458 4722 3661 4776 ἑαυτὸν

2073 4830 2167 4883 καὶ
2201 4828 2414 4901 μορφὴν
2442 4824 2623 4881 δούλου
2652 4824 2850 4878 λαϐὼν
2871 4824 3074 4893 Κύριος
3092 4820 3148 4874 δὲ
3166 4819 3259 4873 καὶ
3278 4820 3306 4870 6
3327 4817 3457 4878 Θεὸς
3478 4814 3663 4883 Λόγος

2073 4918 2139 4973 δι’
2156 4914 2216 4974 οὗ
2237 4919 2306 4973 τὰ
2326 4919 2502 4973 πάντα
2522 4935 2535 4948 ·
2571 4917 2775 4987 Κύριος
2802 4916 2857 4968 δὲ
2883 4913 2978 4968 καὶ
2998 4913 3027 4965 6
3053 4910 3284 4984 Χριστὸς
3315 4901 3470 4970 οὗτος
3495 4907 3525 4958 6
3557 4905 3661 4975 Ἰη-

2074 5010 2220 5077 σοῦς,
2241 5010 2269 5063 6
2304 5008 2633 5079 σταυρωθεὶς
2652 5048 2666 5072 ,
2699 5006 2834 5078 μετά
2858 5006 2919 5059 τὸ
2945 5003 3195 5073 γενέσθαι
3225 5001 3294 5055 τὰ
3322 4998 3499 5053 πάντα
3521 5015 3535 5028 ·
3557 4996 3660 5049 δύο

2072 5104 2192 5157 κατ’
2220 5102 2379 5156 αὑτὸν
2409 5098 2597 5173 Κύριοι
2630 5100 2723 5153 καὶ
2756 5099 2799 5151 Χ
2808 5097 2998 5169 ριστοί.
3022 5094 3219 5147 Τοῦτον
3242 5092 3340 5161 μέν
3360 5086 3455 5144 οὖν
3474 5087 3659 5149 οὐδεὶς

2072 5194 2471 5267 παραιτήσεται
2520 5192 2675 5260 λόγος
2711 5192 2807 5262 τῆς
2857 5188 2998 5243 οὑτω
3037 5181 3367 5258 περιφανοῦς
3404 5180 3657 5251 βλασφη-

2078 5285 2226 5357 μίας.
2259 5286 2323 5341 Ei
2364 5285 2421 5339 δέ
2457 5303 2541 5348 τις
2587 5282 2743 5337 τοῦτο
2783 5280 3167 5351 συνιστάμενος
3205 5275 3337 5345 φαίη
3362 5274 3452 5326 τὸν
3485 5268 3656 5325 αὑτὸν

2077 5379 2177 5453 μὲν
2209 5375 2346 5434 εἷναι
2379 5380 2470 5432 τὸν
2498 5379 2556 5431 ἐν
2594 5378 2735 5450 ἀρχῇ
2768 5375 2938 5444 Λόγον
2967 5373 3060 5428 καὶ
3096 5369 3384 5440 γενόμενον
3420 5362 3651 5434 Κύριον,

2071 5469 2212 5525 κατὰ
2239 5470 2295 5524 δὲ
2326 5470 2425 5542 τὴν
2451 5471 2507 5524 ἐν
2542 5469 2703 5541 σαρκὶ
2745 5465 3046 5539 παρουσίαν
3094 5458 3419 5532 γεγενῆσθαι
3443 5455 3653 5530 Κύριον
