3992 6210
283 342 381 398 639

279 460 368 513 καὶ
416 460 672 531 Χριστὸν,
708 466 1188 545 ἀναγκασθήσεται
1243 478 1461 546 πάντως
1509 487 1707 553 εἰπεῖν,
1752 511 1794 545 π

276 549 372 619 τῆς
401 551 462 603 ὲν
490 555 656 624 σαρκὶ
702 560 1005 626 παρουσίας
1034 563 1108 635 μὴ
1150 562 1288 621 εἶναι
1318 569 1409 622 τὸν
1456 572 1582 626 ru»;
1606 549 1857 649 οΚύριόν.

288 641 443 695 Ἀλλὰ
473 644 583 714 γὰρ
610 648 660 698 εί
702 651 793 703 καὶ
811 652 1100 726 Βασιλείῳ,
1134 661 1227 713 καὶ
1257 664 1369 725 τοῖς
1400 664 1521 718 κατ’
1546 641 1861 724 αὐτὸν-ἀπί-

277 749 417 797 στοις
441 734 538 787 δύο
573 736 771 808 Κύριοι
817 743 910 796 καὶ
940 744 1170 817 Χριστοὶ
1212 754 1676 821 καταγγέλλονται
1722 758 1857 828 ψευ-

272 822 391 887 δῶς,
425 826 545 879 ἀλλ’
576 830 709 898 ἡμῖν
738 848 801 900 γε
829 827 913 899 εἷς
938 836 1144 909 Κύριος
1186 842 1282 894 καὶ
1312 844 1576 916 Χριστὸς,
1598 849 1664 901 δι’
1688 822 1749 903 οῦ
1789 852 1859 905 τὰ

272 916 447 971 πάντα
480 919 722 989 γέγονεν,
746 926 808 978 ού
839 928 980 983 κατὰ
1000 934 1281 1005 προκοπὴν
1309 939 1599 1009 γενόμενος
1629 942 1852 1014 Κύριος,

272 1010 408 1066 ἀλλά
460 1014 570 1084 πρὸ
606 1017 792 1091 πάσης
827 1021 1078 1091 κτίσεως,
1115 1028 1211 1081 καὶ
1247 1030 1352 1100 πρὸ
1392 1032 1611 1087 πάντων
1644 1010 1855 1091 αίιίινων

271 1105 509 1171 ὑποστὰς
538 1109 746 1182 Κύριος
788 1115 1101 1185 Ἰησοῦς,δι’
1128 1115 1190 1175 οὗ
1218 1122 1288 1176 τὰ
1318 1125 1513 1179 πάντα⁶
1532 1128 1690 1183 τοῦτο
1722 1132 1855 1184 πάν-

265 1214 371 1252 των
394 1202 546 1272 ἡμᾶς
581 1203 690 1256 τῶν
715 1205 888 1274 ἁγίων
933 1210 1240 1280 συμφώνως
1270 1216 1719 1286 ὲκδιδασκόντων,
1759 1224 1854 1277 καὶ

269 1292 746 1360 καταγγειλάντων
792 1296 1076 1367 δογμάτων
1113 1303 1175 1356 τὸ
1213 1304 1521 1363 κάλλιστον.
1557 1312 1626 1364 Ὅ
1653 1330 1713 1365 τε
1743 1313 1853 1384 γὰρ

266 1384 534 1456 μακάριος
589 1385 839 1462 Ἰωάννης
865 1390 957 1445 τὸν
992 1392 1126 1449 Θεὸν
1158 1396 1352 1466 Λόγον,
1386 1400 1452 1454 δι’
1484 1397 1544 1457 οὗ
1576 1406 1643 1460 τὰ
1675 1407 1853 1460 πάντα

260 1470 504 1539 γέγονεν,
536 1474 597 1528 ὲν
624 1478 789 1545 σαρκὶ
818 1481 1147 1553 γεγενῆσθαι
1177 1485 1437 1549 διδάσκει,
1468 1489 1668 1559 λέγων’
1692 1497 1798 1549 Καὶ
1819 1500 1852 1550 ό

258 1563 452 1632 Λόγος
476 1565 641 1633 σὰρξ
660 1566 898 1638 ἐγένετο
918 1588 930 1600 ·
964 1573 995 1626 ὅ
1030 1591 1087 1628 τε
1126 1576 1572 1647 θαυμασιώτατος
1613 1585 1847 1650 Παῦλος,

253 1655 329 1716 εἰς
363 1659 868 1733 ταπεινοφροσύνην
897 1664 1117 1735 ἑνάγων-
1136 1671 1260 1733 τοὺς
1303 1674 1668 1745 προσέχοντας
1701 1679 1850 1751 αὐτῷ

250 1748 336 1800 τὸν
365 1735 516 1814 νοῦν,
563 1752 798 1822 Χριστὸν
842 1758 1047 1829 Ἰησοῦν
1086 1761 1231 1830 λέγει
1265 1735 1361 1819 τὸν
1389 1767 1447 1819 ὲν
1474 1735 1665 1841 ’μορφη
1709 1735 1848 1826 Θεοῦ

250 1839 571 1910 ὑπάρχοντα
594 1885 607 1907 ,
642 1846 737 1899 καὶ
790 1848 1108 1906 κενώσαντα
1142 1855 1332 1909 ἑαυτὸν
1373 1859 1453 1921 είς
1494 1839 1683 1914 δούλου
1712 1880 1845 1934 μορ·
1877 1896 1918 1951 Β

249 1929 378 2001 φῆν,
408 1932 513 1985 καί
540 1939 977 1994 ταπεινωθέντας
988 1943 1167 2013 μέχρι
1189 1946 1467 2015 θανάτου,
1490 1929 1751 2007 auratae
1772 1929 1843 2007 δὲ

244 2026 520 2094 σταυροῦ
542 2043 554 2056 ·
602 2028 697 2082 καὶ
728 2031 891 2085 πάλιν
926 2034 984 2087 ἐν
1022 2036 1264 2110 ἑτέροις,
1304 2041 1508 2112 Κύριον
1543 2044 1640 2115 τῆς
1680 2046 1842 2118 δόξης

242 2116 508 2186 ὀνομάζει
537 2119 628 2173 τὸν
654 2125 1053 2195 σταυρωθέντα.
1084 2133 1155 2185 El
1182 2132 1294 2202 γὰρ
1328 2134 1623 2205 ἔγνωσαν,
1650 2116 1835 2210 φησὶν,

242 2210 352 2263 οὐκ
385 2208 464 2263 ἂν
492 2210 599 2264 τὸν
640 2216 861 2283 Κύριον
897 2217 1004 2287 τῆς
1047 2221 1234 2291 δόξης
1265 2225 1660 2297 ἐσταύρωσαν
1679 2248 1694 2264 ο
1714 2208 1722 2210 Ὺ
1743 2234 1838 2287 καὶ

242 2299 382 2352 πολύ
422 2317 488 2368 γε
536 2302 725 2358 τούτου
781 2310 1117 2383 γυμνότερον
1157 2315 1328 2386 αὐτὴν
1362 2317 1460 2389 τὴν
1497 2319 1686 2375 οὐσίαν
1715 2324 1836 2376 ὀνοο

244 2391 410 2461 μάζει
471 2395 697 2467 Κύριον,
743 2398 941 2452 εἰπών’
987 2402 1049 2456 '0
1100 2403 1169 2458 δὲ
1223 2408 1436 2477 Κύριος
1478 2411 1545 2464 τὸ
1598 2413 1836 2483 πνεῦμά

238 2482 435 2538 ἐστιν.
494 2487 553 2540 Εἰ
585 2490 768 2542 τοίνυν
796 2494 855 2544 ὲν
901 2493 1042 2566 ἀρχῇ
1080 2496 1272 2566 Λόγος,
1302 2500 1437 2554 καθὸ
1471 2482 1835 2573 πνεῦμα,Κύ-

243 2594 359 2646 ριος
401 2579 630 2650 καὶτῆς
673 2579 832 2653 δόξης
867 2584 1069 2657 Κύριος
1095 2604 1109 2618 ³
1149 2590 1335 2645 τοῦτον
1382 2593 1439 2647 δὲ
1491 2596 1581 2648 τὸν
1626 2598 1829 2670 Κύριον

240 2670 334 2722 καὶ
378 2671 613 2742 Χριστὸν
660 2674 920 2745 ἐποίησεν
952 2680 979 2731 ὁ
1011 2680 1143 2744 Θεός
1167 2699 1179 2712 ·
1215 2684 1345 2737 αὐτὸ
1384 2686 1447 2739 τὸ
1480 2687 1697 2761 πνεῦμα
1735 2694 1830 2746 καὶ

237 2759 329 2812 τὸν
355 2759 494 2813 Θεὸν
528 2762 699 2830 Λόγον
735 2764 990 2836 ἐποίησεν
1012 2772 1041 2823 ὀ
1067 2771 1200 2836 Θεὸς
1220 2813 1233 2836 ,
1269 2776 1363 2827 καὶ
1391 2777 1490 2830 οὐκ
1519 2759 1677 2833 ἄλλον
1708 2784 1830 2837 τινὰ

238 2850 479 2923 Κύριον,
506 2853 566 2906 ὃν
593 2854 930 2926 ὀνειροπολεῖ
956 2846 1252 2930 Βασίλειος.
1305 2886 1322 2917 ι

240 2944 300 3000 Et
331 2961 531 3002 rursus
554 2950 607 3003 in
638 2947 761 3004 aliis
784 2991 799 3016 ,
840 2948 1133 3011 Dominum
1167 2960 1356 3028 gloriae
1396 2963 1643 3019 nominat
1677 2980 1801 3021 eum

1449 366 1727 430 CONTRA
1771 376 2163 455 EUNOMIUM,
2209 388 2334 446 LIB.
2374 392 2435 449 V.

3447 422 3553 483 ($90

1795 495 1858 564 ρὸ
1889 506 1933 563 Α
1966 499 2109 557 fixus
2145 514 2248 569 est,
2288 516 2645 580 posteaquam
2695 526 2825 573 sunt
2856 519 3000 578 facta
3046 528 3229 583 omnia
3265 549 3277 586 :
3310 532 3439 591 duo.
3467 555 3555 595 se-

1967 595 2206 648 cundum
2256 598 2433 669 ipsum
2488 602 2700 661 Domini
2736 620 2787 664 et
2838 610 3048 671 Christi
3083 637 3096 674 :
3130 619 3285 678 hunc.
3327 628 3551 697 quidem

1964 684 2113 737 nulla
2149 692 2439 746 excusabit
2478 697 2677 764 oratio,
2725 707 2837 756 tam
2887 718 3089 776 apertae
3136 724 3191 769 et
3239 721 3551 780 manifesta:

1963 775 2260 846 impietatis
2284 783 2399 839 sive
2428 786 2779 856 blasphemiae
2810 775 2986 851 reum.
3016 803 3170 867 Quod
3201 808 3247 861 si
3283 814 3409 880 quis
3444 815 3551 871 hoc

1961 873 2355 929 commendans
2409 878 2611 934 dixerit
2670 887 2922 943 eumdem
2973 908 3097 949 esse
3166 914 3290 954 eum
3341 908 3435 974 qui
3495 910 3548 963 in

1961 961 2233 1034 principio
2274 976 2392 1022 erat
2424 969 2687 1038 Verbum,
2743 985 2796 1032 et
2844 979 3045 1037 factum
3089 986 3403 1060 Dominum,
3452 1002 3549 1054 sed

1959 1066 2058 1120 per
2110 1056 2297 1112 carnis
2348 1068 2785 1133 assumptioncm
2840 1084 2894 1126 et
2946 1081 3298 1144 prmseutiam
3341 1084 3546 1143 factum

1957 1161 2081 1202 esse
2121 1147 2410 1208 Dominum
2456 1167 2509 1210 et
2559 1159 2841 1218 Christum
2875 1186 2888 1221 :
2923 1181 3152 1240 cogetur
3193 1181 3421 1235 omnino
3456 1184 3543 1238 di-

1957 1254 2083 1296 cere
2112 1252 2240 1299 ante
2267 1247 2564 1307 adventum
2608 1254 2662 1309 in
2700 1272 2868 1314 carne
2912 1278 3020 1317 uou
3051 1281 3174 1322 esse
3206 1270 3402 1327 Filium
3436 1275 3543 1331 Do-

1956 1324 2186 1379 miuum.
2242 1327 2730 1394 Verumenimvcro
2788 1348 3006 1400 tametsi
3076 1350 3282 1408 Basilio
3342 1367 3397 1411 et
3455 1375 3544 1413 se-

1956 1418 2196 1471 cundum
2249 1421 2428 1492 ipsum
2472 1427 2789 1489 inﬁdelibus
2826 1434 2934 1490 duo
2980 1437 3223 1496 Domini.
3246 1447 3543 1505 etCht-isti

1956 1507 2095 1562 falso
2129 1515 2553 1583 aununtiantur,
2589 1528 2772 1578 tamen
2816 1528 2979 1583 nobis
3012 1546 3155 1587 unus
3184 1534 3451 1594 Dominus
3485 1550 3542 1595 et

1954 1598 2233 1668 Christus,
2283 1620 2378 1674 per
2406 1625 2568 1679 quem
2610 1616 2797 1670 omnia
2833 1631 2963 1675 sunt
3004 1621 3169 1689 facta,
3208 1643 3317 1683 non
3345 1646 3543 1686 secun-

1953 1691 2084 1745 dum
2116 1695 2426 1763 profectum
2459 1702 2576 1758 sive
2626 1721 2984 1777 progressum
3021 1714 3202 1774 factus
3249 1718 3537 1789 Dominus,

1951 1784 2047 1840 sed
2084 1797 2212 1843 ante
2255 1804 2474 1847 omnem
2507 1805 2822 1852 creaturam
2855 1810 2909 1855 et
2957 1814 3084 1860 ante
3112 1809 3296 1862 omnia
3339 1813 3538 1866 saacuia

1946 1875 2221 1931 exsistens
2251 1878 2513 1938 Dominus
2537 1883 2723 1950 Jesus,
2752 1905 2851 1958 per
2879 1908 3041 1962 quem
3069 1898 3277 1964 omnia,
3307 1900 3411 1956 hoc
3436 1918 3538 1958 nos

1948 1966 2207 2022 omnibus
2272 1974 2479 2028 sanctis
2526 1991 2635 2031 una
2689 1984 3063 2055 concordique
3119 2003 3254 2045 voce
3296 1999 3353 2046 et
3399 2008 3535 2048 con-

1946 2072 2112 2114 sensu
2143 2060 2472 2120 docentibus
2512 2079 2678 2140 atque
2720 2072 3067 2133 decretorum
3105 2081 3536 2151 puicherrimum

1902 2154 2405 2214 -auuuntiantibus
2458 2161 2785 2221 :iuterdum
2836 2171 2983 2225 enim
3043 2172 3238 2230 beatus
3293 2175 3535 2235 Joannes

1949 2241 2117 2300 Deum
2171 2246 2438 2320 Verbum,
2491 2273 2589 2327 per
2641 2277 2805 2332 quem
2857 2267 3044 2322 omnia
3098 2268 3243 2325 facta
3292 2284 3442 2338 sunt,
3476 2276 3542 2330 in.

1945 2350 2112 2394 carne
2141 2337 2343 2398 factum
2373 2361 2496 2403 esse
2526 2350 2843 2416 docet,dmn
2865 2356 3021 2424 dicit,
3048 2359 3117 2415 Et
3154 2361 3377 2420 Verbum
3407 2384 3535 2423 caro

1944 2425 2147 2493 factum
2181 2434 2315 2489 est“.
2354 2435 2418 2491 Et
2450 2437 2654 2498 Paulus
2698 2447 2942 2503 omnium
2985 2452 3531 2524 admirabilissimus,

1945 2516 2014 2571 ad
2070 2518 2438 2582 humilitatem
2489 2533 2792 2592 exhortans
2835 2555 2931 2597 eos
2974 2543 3070 2613 qui
3128 2544 3231 2615 ipsi
3291 2559 3537 2606 mentem

1940 2608 2222 2680 adhibent,
2271 2618 2553 2678 Christum
2580 2624 2765 2683 Jesum
2794 2630 2931 2687 dicit
2970 2608 3095 2690 eum
3130 2608 3226 2708 qui
3261 2640 3316 2694 in
3355 2640 3536 2696 forma

1937 2697 2032 2754 Dei
2067 2706 2309 2775 exsistit,
2343 2720 2398 2765 et
2427 2715 2523 2785 qui
2561 2721 2921 2792 semetipsum
2961 2726 3267 2783 exinanivit
3295 2730 3530 2786 formam

1937 2798 2084 2851 servi
2141 2803 2465 2873 accipiens:
2497 2807 2564 2863 Et
2596 2815 2686 2882 qui
2731 2816 3035 2872 Immiliavit
3077 2821 3311 2889 seipsum
3349 2825 3530 2891 factus

1936 2881 2180 2942 obediens
2230 2906 2391 2963 usque
2422 2896 2492 2949 ad
2534 2911 2776 2968 mortem,
2824 2916 3047 2961 mortem
3082 2919 3255 2964 autem
3290 2915 3462 2967 crucis
3482 2915 3526 2968 ⁷.

1833 2972 1928 3040 qui
1965 2974 2020 3030 in
2052 2994 2272 3037 crucem
2307 2996 2462 3043 actus
2500 3001 2603 3047 est.
2644 2993 2703 3048 Si
2732 2996 2872 3051 enim
2906 3001 3290 3069 cognovissent,
3325 3003 3525 3075 inquit,

1851 3036 1866 3040 “
2202 3036 2207 3037 ⁷
2313 3036 2461 3043 ’⁷⁷⁷“’”
2502 3036 2603 3047 νυ*-
2644 3036 2702 3048 ν·
2732 3036 2872 3051 νηυσιυ
2906 3036 3290 3069 νυυιθυυσσουηι,
3325 3036 3525 3075 Ιιιιιυιι.

236 3036 527 3093 Dominum
566 3043 782 3113 ρίου-ἕω,
813 3064 917 3101 non
960 3048 1418 3117 cruciﬁxissent’.
1454 3054 1522 3108 Et
1580 3053 1686 3110 hoc
1749 3062 1925 3118 multo
1952 3068 2156 3127 nudius
2197 3074 2372 3145 ipsam
2415 3084 2713 3139 essentiam
2783 3090 3031 3146 ηοηιῑηοι
3070 3092 3359 3149 Dominum
3399 3111 3526 3150 cum

242 3129 377 3150 Δ13...ἳ·
410 3148 421 3150 -
469 3130 506 3150 n
602 3135 613 3147 ο
842 3148 849 3150 _
1048 3140 1059 3150 .
1101 3141 1112 3150 .
1379 3141 1433 3150 ι..
1473 3146 1485 3150 -
1529 3145 1542 3150 -

236 3129 423 3184 dixit:
460 3130 715 3190 Dominus
760 3148 935 3193 autem
978 3140 1199 3209 spiritus
1236 3149 1337 3195 est.
1376 3141 1436 3198 Si
1470 3145 1641 3214 igitur
1667 3154 1761 3219 qui
1805 3151 1860 3206 in
1892 3157 2167 3230 principio
2211 3129 2332 3224 erat
2369 3170 2629 3242 Verbum,

233 3231 320 3277 est
353 3231 411 3278 et
445 3225 636 3295 gloriae
677 3227 939 3284 Dominus
998 3229 1191 3286 :hunc
1269 3241 1454 3289 autem
1516 3235 1805 3295 Dominum
1888 3256 1943 3301 et
1990 3225 2273 3312 Christum
2330 3261 2381 3317 fc

2661 3188 2934 3248 quatenus
2982 3184 3233 3253 spiritus,
3261 3183 3526 3244 Dominus

2387 3265 2460 3319 cit
2513 3264 2689 3327 Deus:
2749 3269 2881 3342 ergo
2926 3281 2980 3329 et
3035 3275 3216 3345 ipsum
3268 3278 3527 3348 spiritum

2514 3315 2689 3327 --νη
2751 3315 2879 3342 νυν
2927 3315 2980 3329 υ.
3035 3315 3090 3345 ,ν

236 3324 288 3369 et
324 3315 496 3373 Deum
536 3318 774 3374 Verbum
829 3322 958 3378 fecit
991 3322 1158 3389 Deus,
1202 3341 1303 3381 nec
1341 3328 1507 3383 alium
1548 3333 1852 3401 quemdam.
1876 3336 2173 3402 Dominum
2206 3366 2370 3421 quem
2405 3360 2642 3414 somniat
2676 3361 2911 3421 Basilius
2933 3366 3031 3437 (a).
3073 3387 3092 3418 ι

317 3407 385 3437 'l]
425 3410 601 3437 ..ὶηεᾲ
630 3414 930 3437 --.._..--__I-_
994 3416 1207 3437 --.ιγ’-Α-
1286 3421 1303 3437 Δ
1409 3424 1431 3437 υ
1471 3423 1521 3437 αι
1760 3427 1787 3437 .-
1871 3435 1881 3437 -

317 3407 385 3460 Ἠ
421 3410 601 3482 μὲνδὴ
630 3414 955 3484 κατηγορία,
989 3416 1235 3488 τοιαύτη.
1275 3421 1431 3475 Δοκεῖ
1466 3423 1523 3477 δέ
1556 3441 1646 3494 μοι
1687 3427 1823 3498 χρῆ-

238 3516 325 3552 ναι
358 3501 580 3571 πρῶτον
625 3506 720 3559 ἐπὶ
780 3508 1094 3575 κεφαλαίων
1137 3510 1367 3565 ἕκαστον
1413 3514 1522 3568 τῶν
1570 3517 1829 3590 ἐπενηνε-

241 3592 454 3661 γμένων
488 3597 547 3648 ὲν
586 3595 751 3667 ὀλίγῳ
777 3598 1067 3666 διεξελθεῖν
1093 3618 1106 3631 ·
1143 3599 1244 3657 εἶθ’
1280 3604 1451 3669 οὕτως
1490 3607 1712 3663 eseam
1750 3610 1828 3682 τῷ

238 3683 375 3756 λόγῳ
400 3686 475 3738 τὰ
504 3689 794 3759 εἰρημένα,
825 3691 901 3756 ὡς
947 3692 1014 3747 ἂν
1059 3698 1175 3759 τοῖς
1207 3714 1262 3749 τε
1292 3698 1537 3769 κρίνουσι
1565 3701 1664 3773 τὴν
1692 3704 1827 3775 ἀλή-

239 3774 384 3829 θειαν
416 3778 854 3850 εὐμνημόνευτος
887 3784 920 3853 ἡ
951 3785 1076 3839 καθ’
1120 3788 1276 3858 ἡμῶν
1304 3789 1389 3861 εἴη
1416 3793 1602 3864 γραφὴ
1621 3835 1635 3860 ,

236 3867 307 3935 ἣν
333 3867 780 3939 ἀπολογήσασθαι
806 3876 911 3945 χρή
934 3890 951 3907 ο
985 3876 1078 3929 καὶ
1106 3878 1265 3948 ἡμεῖς
1307 3881 1365 3933 ὲν
1393 3881 1545 3948 τάξει
1574 3884 1667 3936 καὶ
1695 3886 1827 3938 ἀκο-

236 3956 419 4030 λουθία
451 3960 564 4014 τῶν
593 3962 956 4035 ἐγκλημάτων
987 3967 1216 4022 ἕκαστον
1242 3970 1617 4044 διαλύσαιμεν.
1647 3975 1830 4031 Ἐπαι-

238 4051 531 4121 σχύνεσθαί
562 4071 728 4127 φησιν
761 4058 910 4128 ἡμᾶς
936 4060 1015 4131 τῷ
1046 4061 1270 4135 σταυρῷ
1301 4064 1396 4117 τοῦ
1421 4066 1658 4136 Χριστοῦ
1684 4111 1698 4135 ,
1732 4072 1826 4123 καὶ

235 4148 563 4216 κατηγορεῖν
584 4147 714 4211 τοὺς
745 4150 933 4218 ἁγίους
951 4193 966 4217 ,
988 4154 1082 4207 καὶ
1113 4153 1401 4225 ἄνθρωπον
1428 4158 1506 4222 εἰς
1535 4158 1825 4232 ἄνθρωπον

233 4236 567 4291 κεκενῶσθαι
598 4238 779 4308 λέγειν
798 4280 812 4305 ,
847 4242 941 4296 καὶ
979 4244 1086 4316 πρὸ
1119 4246 1217 4318 τῆς
1244 4247 1331 4302 διὰ
1380 4249 1582 4320 σαρκὸς
1612 4269 1823 4325 παρου-

236 4329 359 4394 σίας
384 4332 482 4403 τὴν
502 4333 596 4387 τοῦ
616 4335 806 4389 δούλου
836 4341 1049 4412 μορφὴν
1082 4341 1225 4413 ἔχειν
1250 4344 1343 4398 τὸν
1367 4345 1569 4419 Κύριον
1591 4349 1821 4415 οἴεσθαι,

233 4420 333 4472 καὶ
362 4424 634 4497 ἀνθρώπῳ
660 4428 974 4485 ἀνατιθέναι
998 4433 1100 4504 τὴν
1131 4434 1417 4507 λύτρωσιν,
1452 4441 1543 4494 καλ⁵
1566 4441 1661 4496 δύο
1687 4443 1825 4515 Χρι-

237 4511 400 4577 πούς
420 4532 478 4569 τε
502 4520 596 4571 καὶ
622 4521 861 4592 Κυρίους
892 4525 950 4579 ἐν
980 4525 1060 4597 τῷ
1086 4526 1314 4599 δόγματι
1346 4530 1526 4600 λέγειν
1549 4549 1560 4562 ⁸
1603 4533 1635 4605 ἢ
1666 4536 1715 4586 εί
1743 4511 1823 4606 ί-ιῆ

233 4601 414 4668 τοῦτο,
448 4608 551 4679 πρὸ
575 4610 672 4664 τοῦ
703 4612 911 4678 πάθους
943 4616 1019 4685 μὴ
1051 4617 1230 4687 λέγειν
1252 4616 1390 4675 εἶναι
1423 4622 1514 4677 τὸν
1557 4601 1820 4696 μονογενῆ

233 4695 467 4765 Χριστόν
514 4719 574 4755 τε
620 4704 716 4756 καὶ
746 4705 968 4777 Κύριον.
1010 4708 1096 4773 Ὠς
1128 4708 1194 4765 ἂν
1243 4708 1337 4766 οὖν
1393 4714 1656 4786 φύγωμεν
1706 4718 1807 4786 τὴν

234 4784 582 4861 βλασφημίαν
609 4793 849 4866 ταύτην,
888 4800 1222 4870 πεποιῆσθαι
1254 4821 1388 4875 φησι
1422 4806 1534 4860 δεῖν
1558 4784 1653 4861 τοῦ
1686 4784 1815 4862 Υίοῦ

231 4877 344 4947 τὴν
366 4882 541 4938 οὐσίαν
574 4888 878 4959 ὁμολογεῖν,
909 4891 986 4955 ὠς
1010 4894 1104 4946 καὶ
1133 4893 1229 4948 τοῦ
1254 4896 1581 4951 ’Λποστόλου
1604 4901 1813 4972 Πέτρου

232 4970 305 5023 τὸ
345 4975 539 5030 τοιοῦτο
579 4978 759 5051 δόγμα
786 4984 851 5054 τῇ
897 4983 1003 5055 [δίᾳ
1051 4984 1395 5055 βεϐαιοῦντος
1424 4992 1598 5061 φωνῇ.
1631 4970 1813 5046 Ταῦτα

231 5064 343 5133 τῆς
374 5071 696 5143 κατηγορίας
724 5075 841 5128 ἐστὶ
864 5074 935 5129 τά
963 5078 1236 5147 κεφάλαια
1258 5096 1271 5109 ·
1303 5080 1372 5133 τὰ
1401 5080 1510 5152 γάρ
1536 5082 1636 5135 ὅσα
1676 5082 1815 5154 πρὸς

232 5151 344 5223 τὴν
388 5158 502 5211 καθ’
542 5162 699 5233 ἡμῶν
726 5164 991 5237 λοιδορίαν
1026 5151 1488 5242 πεφιλοπόνηται,
1529 5171 1606 5234 ὡς
1657 5151 1813 5227 οὐδὲν

234 5248 588 5308 συντελοῦντα
639 5257 776 5328 πρὸς
817 5258 908 5314 τὸν
956 5261 1191 5325 σκοπὸν,
1249 5262 1616 5333 σιωπήσομαι.
1661 5263 1814 5336 Τάχα

234 5336 354 5409 γὰρ
392 5344 423 5414 ἠ
453 5347 673 5418 τοιαύτη
703 5348 813 5404 τῶν
844 5351 1018 5420 λόγων
1052 5352 1334 5424 καταφορὰ
1358 5393 1372 5416 ,
1402 5355 1545 5408 κατά
1575 5371 1699 5409 τινα
1722 5372 1813 5408 τε·

232 5434 425 5508 κνὶκην
453 5439 683 5514 θεωρίαν
708 5445 947 5518 συνήθης
977 5449 1095 5501 ἐστὶ
1125 5450 1237 5512 τοῖς
1264 5449 1640 5521 ῥητορεύουσι,
1674 5452 1811 5522 πρὸς

322 5591 343 5624 ⁸
400 5596 551 5656 Joan.
592 5604 746 5667 1,“.
822 5608 841 5638 ⁷
867 5605 1101 5681 Philipp.
1145 5626 1202 5676 ιι,
1227 5611 1279 5667 8.
1356 5612 1379 5642 ⁸
1410 5612 1428 5666 1
1456 5614 1583 5669 Cor.
1627 5632 1685 5682 ιι,
1716 5616 1769 5671 8.

221 5722 718 5852 in3(‘1312‘llucusque
759 5739 923 5795 verba
972 5748 1101 5796 sunt
1136 5740 1386 5802 Eunomii
1430 5747 1691 5807 adversus

415 5816 462 5852 3.

415 5816 462 5855 ει.

1848 4785 1901 4846 D

1850 3435 1894 3493 C
1997 3441 2293 3501 Accusatio
2340 3450 2559 3519 quidem
2603 3456 2730 3511 talis
2767 3466 2871 3513 est.
2915 3435 3045 3515 Mihi
3086 3471 3268 3516 autem
3312 3464 3525 3521 videtur

1934 3541 2191 3602 oportere
2238 3541 2479 3611 primum
2525 3546 2807 3617 sigillatim
2850 3555 3282 3626 unumquodque
3331 3573 3523 3613 eorum

1932 3639 2056 3694 quae
2099 3628 2249 3684 illata
2279 3643 2410 3688 sunt
2443 3636 2595 3692 brevi
2625 3656 2880 3698 sermone
2913 3659 3240 3712 percurrere
3277 3664 3290 3699 :
3326 3648 3524 3703 deinde

1930 3715 2011 3771 sic
2055 3720 2307 3777 oratione
2350 3742 2473 3794 quae
2506 3738 2636 3782 sunt
2677 3728 2822 3784 dicta
2870 3733 3209 3789 adamussim
3258 3736 3519 3806 dirigere,

1932 3814 1992 3860 ut
2031 3819 2084 3864 et
2124 3814 2411 3870 veritatem
2460 3818 2843 3887 iudicantibus
2886 3834 3191 3879 memoratu
3235 3824 3416 3883 facilis
3449 3828 3529 3882 sit

1930 3906 2123 3955 contra
2157 3918 2259 3959 uos
2284 3917 2555 3979 susceptae
2591 3914 2961 3969 accusationis
2987 3916 3225 3983 libellus,
3263 3919 3329 3972 ad
3355 3935 3527 3988 quem

1929 3990 2183 4050 defensio
2213 4000 2456 4067 paranda
2491 4011 2599 4069 est,
2640 4013 2695 4059 et
2736 4014 2792 4058 ut
2841 4022 2942 4061 nos
2982 4007 3178 4063 ordine
3218 4016 3272 4064 et
3311 4010 3521 4080 Optima

1930 4085 2098 4153 serie,
2133 4089 2429 4147 criminum
2460 4098 2896 4167 unumquodque
2946 4098 3242 4155 diluamus.
3286 4100 3401 4157 Nos
3443 4106 3521 4157 ait

1928 4192 2097 4251 super
2128 4196 2295 4238 cruce
2327 4184 2534 4242 Christi
2580 4190 2910 4246 erubescere
2951 4201 3005 4246 et
3049 4200 3274 4248 sanctos
3324 4194 3517 4249 crimi-

1928 4272 2050 4325 nari
2080 4281 2135 4328 et
2168 4273 2446 4330 hominem
2480 4277 2534 4331 in
2572 4280 2850 4336 hominem
2892 4284 3235 4339 exinanitum
3272 4301 3396 4341 esse
3427 4287 3515 4342 di-

1927 4373 2075 4425 cere,
2111 4370 2277 4432 atque
2303 4374 2431 4421 ante
2457 4366 2755 4424 adventum
2788 4386 2885 4441 per
2916 4387 3138 4428 carnem
3159 4414 3174 4437 ,
3220 4373 3514 4431 Dominum

1926 4455 2070 4509 servi
2113 4455 2345 4513 formam
2379 4460 2582 4517 habere
2611 4474 2842 4533 putare;
2876 4476 2929 4520 et
2955 4467 3162 4522 homini
3185 4469 3514 4541 redemptio-

1926 4562 2052 4603 nem
2084 4549 2407 4618 attribuere,
2438 4552 2690 4626 duosque
2736 4558 2989 4614 Christos
3028 4567 3083 4614 et
3134 4558 3399 4616 Dominos
3455 4562 3512 4616 in

1926 4638 2182 4711 dogmate
2209 4657 2489 4711 asserere;
2521 4647 2605 4703 vel
2639 4649 2687 4703 si
2724 4665 2836 4704 non
2883 4650 2987 4706 hoc
3029 4653 3361 4720 asserimus,
3399 4654 3512 4709 sal-

1925 4739 2035 4787 tem
2069 4733 2225 4790 illum
2259 4745 2389 4794 ante
2418 4741 2735 4809 passionem
2767 4759 2877 4798 non
2925 4744 3109 4801 dicere
3163 4748 3511 4815 unigenitum

1924 4836 2051 4877 esse
2083 4823 2363 4880 Christum
2407 4836 2465 4883 et
2514 4828 2829 4887 Dominum.
2868 4832 2935 4889 Ut
2969 4836 3134 4904 igitur
3174 4838 3331 4912 hanc.
3362 4836 3511 4892 blas-

1924 4911 2198 4980 phemiam
2231 4915 2347 4971 sive
2377 4917 2599 4988 impiam
2636 4921 2992 4980 «il’exisionem
3026 4925 3324 4998 fugiamus,
3345 4942 3510 4997 opor-

1923 5010 2038 5058 tere
2064 5013 2312 5060 autumat
2345 5023 2446 5063 nos
2474 5012 2725 5068 contiteri
2761 5013 2960 5072 factam
3002 5033 3125 5074 esse
3164 5017 3287 5071 Filii
3313 5031 3506 5073 essen-

1919 5094 2074 5158 tiam,
2108 5112 2233 5151 cum
2273 5099 2352 5155 sic
2391 5105 2556 5157 etiam
2589 5102 2786 5161 Petrus
2824 5110 3111 5180 apostolus
3153 5109 3264 5163 tale
3306 5108 3506 5179 dogma

1918 5192 2139 5262 propria
2173 5207 2310 5247 voce
2334 5194 2640 5252 conﬁrmet.
2673 5199 2797 5254 llzec
2846 5202 3221 5257 accusationis
3252 5210 3381 5257 sunt
3412 5216 3507 5255 ca-

1917 5277 2067 5345 pita;
2105 5293 2230 5333 nam
2256 5296 2600 5354 qumcunque
2620 5286 2687 5340 ad
2722 5288 3158 5344 maledicentiam
3185 5300 3238 5347 et
3263 5290 3504 5346 convitia

1918 5375 2113 5422 contra
2140 5384 2241 5425 nos
2270 5381 2399 5427 sunt
2427 5375 2709 5433 elaborata
2734 5420 2748 5441 ,
2791 5386 2849 5432 ut
2883 5380 2949 5433 ad
2986 5398 3099 5436 rem
3152 5383 3287 5436 nihil
3336 5383 3503 5454 perti-

1920 5458 2103 5513 nentia
2138 5461 2341 5517 tacitus
2376 5467 2690 5534 praeteribo.
2720 5468 2998 5526 Fortassis
3034 5475 3178 5528 enim
3204 5475 3330 5531 talis
3376 5490 3502 5530 ora-

1735 5750 1991 5810 Basilium
2036 5753 2110 5813 Μ.
2161 5772 2191 5813 a
2233 5755 2495 5831 Gregorio
2528 5759 2775 5835 Nysseno
2825 5765 2891 5819 ad
2947 5767 3169 5824 verbum
3214 5767 3383 5823 relata
3434 5774 3487 5819 et
