3992 6210
415 297 515 352 iii)!
1607 294 1663 349 S.
1700 293 2029 349 GRL‘GORII
2071 290 2363 355 NYSSENI
3576 288 3677 351 €02

416 416 633 477 tionum
663 417 899 489 impetus
926 415 1224 471 artificiosa
1256 416 1494 487 quadam
1541 417 1761 471 ratione
1809 417 2006 472 decur—
2032 473 2038 485 ε

2143 418 2334 483 ,είζονα
2372 415 2704 488 κατηγορίας
2757 415 2919 483 ὄγκον
2969 412 3329 486 ὲξευρημένη.
3382 411 3686 483 ’Υϐριζέτω

415 523 555 568 rens
580 511 897 566 oratoribus
927 508 1216 563 familiaris
1245 518 1330 564 est
1366 508 1434 563 ad
1469 509 1731 578 majorem
1765 525 1997 566 accusa-

2143 511 2283 565 οίνυν
2317 510 2404 565 διὰ
2448 509 2546 581 τὴν
2601 509 2798 579 τέχνην
2849 512 2877 561 ὁ
2915 508 3174 579 σοφιστὴς
3200 547 3214 569 ,
3267 505 3361 559 καὶ
3406 508 3520 567 τοῖς
3566 505 3689 558 καθ’

420 601 588 657 tionis
617 610 886 655 tumorem
916 601 1192 658 inventus.
1219 600 1402 670 Quare
1436 602 1836 659 contumeliose
1878 611 2004 671 agat

2149 604 2264 675 μῶν
2312 602 2570 656 ὀνείδεσιν
2600 601 2959 672 ἐνακμαζέτω
2984 619 2999 633 ·
3054 596 3256 670 μεταξὺ
3305 596 3414 650 τῶν
3461 595 3691 665 ἀγώνων

421 701 527 746 sua‘
574 698 693 744 arte
746 690 836 744 hic
883 690 1129 762 sophista
1154 731 1169 755 ,
1211 698 1266 747 et
1302 691 1522 761 probris
1550 706 1614 745 ac
1653 692 1812 748 stevis
1842 691 2006 747 dictis

2143 698 2227 759 αῖς
2256 697 2594 766 καταφοραῖς
2624 693 3027 765 ὲμπομπεύων,
3061 692 3294 747 καλείτω
3332 691 3551 744 πάντων
3587 692 3659 760 ρᾳ
3697 719 3707 727 -

421 797 528 838 nos
572 782 896 853 juveniliter
941 783 1176 840 lacessat
1211 793 1264 839 et
1291 783 1483 838 incitet
1518 803 1530 839 :
1564 799 1628 842 ac
1655 784 1800 839 inter
1831 792 2008 840 certa-

422 876 572 930 mina
628 876 903 947 longiores
960 876 1190 946 spiritus
1238 876 1577 947 producens,
1624 876 1859 947 appellet
1905 891 2007 931 nos

420 965 820 1027 inertissimos,
853 969 1102 1020 omnium
1126 967 1363 1020 maxime
1394 965 1760 1029 miserabiles,
1788 966 2009 1021 turbido

420 1064 474 1110 et
512 1055 759 1111 absurdo
796 1067 947 1116 motu
982 1058 1207 1126 plenos;
1243 1065 1299 1111 et
1326 1055 1597 1127 quidquid
1629 1057 1743 1111 vult
1773 1072 1874 1127 pro
1907 1073 2009 1112 suo

421 1146 553 1216 jure
598 1163 700 1203 nos
752 1148 997 1202 omnium
1050 1148 1347 1204 vilissimos
1403 1155 1457 1204 et
1511 1148 2012 1217 contemptissimos

427 1239 759 1303 subsannet,
801 1248 856 1296 et
902 1241 1046 1311 turpi
1087 1239 1231 1295 fama
1275 1240 1531 1309 dill’erat;
1569 1256 1670 1297 nos
1716 1240 2013 1299 sustinebi-

2110 786 2447 858 θυμοτάτους
2467 829 2483 853 ,
2513 787 2606 841 καὶ
2638 786 2853 840 πάντων
2882 784 3279 848 ἐλεεινοτάτους
3297 826 3313 851 ,
3346 782 3600 855 ταραχῆς
3634 798 3695 833 τε

2111 880 2206 937 καὶ
2228 878 2454 942 ἀτοπίας
2487 878 2730 949 πλήρειςε
2758 878 2850 932 καὶ
2884 876 3102 929 πάντων
3131 877 3158 929 ὂ
3176 894 3227 929 τι
3263 874 3515 945 βούλεται
3547 891 3695 943 φαυ-

2111 970 2308 1035 λιζέτω
2337 972 2455 1024 κατ’
2496 970 2742 1037 ἐξουσίαν
2775 971 2921 1041 ἡμᾶς
2943 1009 2956 1034 ,
3006 969 3102 1024 καὶ
3140 970 3299 1039 ἡμεῖς
3346 967 3649 1036 ἀνεξόμεθα
3676 983 3695 999 ε

2114 1062 2341 1134 αἰσχύνη
2376 1063 2483 1133 γάρ
2531 1064 2648 1115 ἐστι
2699 1061 2775 1132 τῷ
2817 1078 2880 1130 γε
2925 1060 3051 1114 νοῦν
3083 1059 3295 1130 ἔχοντι,
3339 1059 3403 1112 δύ
3436 1059 3497 1112 τὸ
3522 1058 3699 1111 λοιδο⁴
3780 1094 3787 1101 ο

2116 1154 2335 1225 ροῦντος
2364 1152 2605 1218 ἀκούειν,
2631 1153 2765 1207 ἀλλά
2794 1152 2927 1223 πρὸς
2954 1151 3016 1205 τὸ
3050 1151 3214 1223 ῥηθὲν
3241 1147 3699 1221 ἐπιστρέφεσθαι.

2119 1247 2271 1316 Ἔχει
2304 1246 2361 1299 δέ
2404 1263 2455 1298 τι
2483 1246 2576 1299 καὶ
2605 1246 2874 1316 χρήσιμον
2901 1245 3037 1307 ἴσως
3069 1243 3130 1295 τὸ
3176 1242 3297 1296 καθ’
3323 1241 3481 1312 ἡμῶν
3529 1240 3705 1295 αὑτὸν
3764 1283 3769 1287 .

427 1346 581 1399 mus;
615 1331 855 1388 dedecus
888 1341 973 1388 est
1012 1334 1159 1391 enim
1211 1333 1332 1389 viro
1377 1334 1675 1405 prudenti,
1720 1348 1833 1389 non
1880 1349 2017 1411 sane

2143 1337 2417 1409 ιεχρῆσθαι
2442 1340 2507 1408 τῇ
2542 1337 2736 1406 φύσει·
2764 1336 2903 1406 τάχα
2925 1336 3033 1407 γὰρ
3065 1334 3163 1405 τὴν
3189 1335 3499 1404 κακήγορον
3527 1330 3703 1385 αὑτοῦ

428 1423 824 1479 conritiantem
862 1425 1075 1489 audire,
1112 1423 1208 1481 sed
1243 1426 1311 1483 ad
1344 1441 1408 1481 ea
1433 1441 1556 1496 quae
1594 1426 1855 1482 dicuntur
1884 1441 2017 1481 eon-

2143 1430 2367 1483 ’λῶσσαν
2394 1431 2473 1494 εἰς
2501 1429 2649 1502 ἡμᾶς
2692 1427 3031 1498 ἁσχολήσας,
3076 1424 3277 1498 μικράν
3322 1422 3454 1492 γοῦν
3484 1425 3705 1493 ἐκεχει-

427 1512 562 1566 vitia
598 1520 940 1584 retorquere.
979 1513 1121 1573 Utile
1153 1515 1321 1569 etiam
1351 1515 1558 1586 aliquid
1593 1515 1755 1570 habet
1782 1514 2018 1571 fortasse

2143 1522 2243 1581 >ίαν
2268 1524 2369 1592 τῆς
2408 1520 2548 1575 κατά
2595 1519 2689 1572 τοῦ
2729 1518 2864 1577 Θεοῦ
2916 1519 3098 1589 μάχης
3130 1517 3433 1589 ποιήσεται.
3487 1513 3708 1568 Οὐκοῦν

432 1606 615 1677 ipsum
654 1616 849 1666 contra
892 1622 996 1668 nos
1038 1623 1140 1664 suo
1179 1608 1400 1680 ingenio
1442 1625 1601 1669 usum
1647 1608 1852 1677 fuisse;
1890 1625 2017 1664 nam

2143 1611 2466 1685 ptpopsian
2512 1611 2632 1665 κατ’
2666 1610 2914 1675 ἐξουσίαν
2946 1610 3055 1669 τῶν
3087 1608 3330 1680 ὓόρεων,
3362 1608 3459 1661 καὶ
3489 1608 3516 1660 ὁ
3550 1606 3712 1659 ἀντι-

434 1699 758 1754 maledicam
789 1715 945 1756 suam
976 1701 1031 1754 in
1066 1716 1181 1771 nos,
1202 1700 1444 1771 linguam
1469 1717 1755 1764 exercens,
1785 1701 2021 1757 fortasse

2122 1704 2293 1773 λέγων
2330 1704 2431 1768 οὐκ
2462 1703 2634 1759 ἔσται.
2677 1702 2813 1756 Οὐδὲ
2844 1702 2954 1775 γὰρ
2986 1701 3042 1754 εἰ
3077 1718 3163 1764 τις
3196 1701 3396 1755 ἄτοπον
3445 1697 3542 1752 καὶ
3570 1697 3711 1751 δυσ-

434 1791 629 1849 breves
664 1792 917 1850 inducias
954 1808 1148 1863 pugnae
1177 1803 1369 1849 contra
1404 1794 1575 1849 Deum
1611 1793 1795 1848 faciet.
1845 1793 2018 1866 igitur

2143 1794 2250 1858 ύδες
2278 1794 2429 1847 πνέοι
2455 1793 2596 1847 κατά
2619 1793 2938 1863 σωματικὴν
2969 1790 3320 1864 δυσκρασίαν,
3356 1790 3389 1860 ἦ
3411 1789 3556 1842 κατά
3580 1805 3715 1842 τινα

434 1884 786 1943 contumeliis
824 1895 881 1939 et
933 1886 1218 1941 atrocibus
1265 1886 1486 1955 injuriis
1528 1885 1763 1945 satietur
1813 1895 1868 1941 et
1920 1887 2024 1941 im—

437 1972 655 2045 pleatur
689 1990 787 2044 pro
820 1991 920 2031 sua
956 1977 1200 2041 licentia,
1235 1993 1346 2037 non
1387 1978 1493 2039 erit
1525 1977 1617 2050 qui
1660 1978 2022 2038 contradicat.

437 2062 629 2138 Neque
653 2068 796 2121 extim
833 2068 883 2124 si
916 2069 1041 2138 quis
1078 2076 1279 2124 tetrum
1310 2080 1361 2125 et
1398 2070 1803 2140 graveolentem
1856 2071 2028 2141 spiret

444 2157 669 2217 odorem
699 2169 923 2231 propter
954 2163 1203 2231 corporis
1233 2161 1612 2234 intemperiem
1637 2203 1650 2229 ,
1682 2163 1766 2219 vel
1806 2171 2028 2234 propter

436 2249 786 2318 pestilentem
814 2259 869 2305 et
892 2253 1189 2323 malignum
1224 2254 1500 2319 morbum,
1542 2269 1861 2325 provocaret
1883 2255 2021 2309 bene

438 2343 709 2397 valentem
758 2344 826 2400 ad
869 2344 1157 2401 infortunii
1200 2347 1625 2411 aemulationem,
1671 2346 1747 2400 ita
1789 2356 1845 2401 ut
1892 2347 2023 2401 velit

440 2448 543 2504 par
578 2436 694 2504 pari
736 2436 964 2502 referre,
999 2453 1062 2494 ac
1098 2454 1191 2509 per
1224 2440 1507 2510 prOprium
1539 2439 1789 2494 morbum
1837 2438 2024 2494 insua-

440 2526 665 2583 vitatem
715 2529 837 2599 ejus
887 2530 979 2600 qui
1031 2531 1174 2586 male
1225 2532 1336 2587 olet
1379 2547 1566 2586 arcere
1600 2548 1612 2585 :
1646 2531 1833 2585 talium
1877 2530 2023 2585 enim

442 2620 696 2675 misereri
731 2630 785 2675 et
820 2636 928 2677 non
950 2623 1154 2676 imitari
1188 2622 1501 2679 communis
1532 2622 1771 2677 consulit
1803 2629 2018 2675 natura.

444 2708 629 2775 Quare
667 2713 1052 2782 praetermissis
1095 2714 1297 2769 talibus
1334 2730 1458 2784 quae
1508 2712 1695 2767 labore
1741 2720 1794 2766 et
1843 2713 2024 2765 studio

2120 1886 2355 1961 λοιμώδη
2390 1885 2481 1939 καὶ
2506 1884 2807 1956 δύστροπον
2836 1882 3169 1956 ἀρρωστίαν,
3206 1880 3607 1953 προκαλέσαιτο
3634 1879 3713 1934 ἂν

2122 1980 2213 2041 τὸν
2246 1978 2557 2046 ὑγιαίνοντα
2595 1977 2731 2048 πρὸς
2793 1975 2954 2047 ζῆλον
3001 1974 3096 2028 τοῦ
3140 1975 3548 2045 δυστυχήματος
3580 2014 3595 2036 ,
3625 1972 3715 2035 ὡς

2125 2070 2404 2129 ὲθέλεσθαί
2438 2086 2559 2123 τινα
2611 2068 2690 2140 τῷ
2737 2070 2838 2139 [etp
2894 2069 2960 2122 δι’
3009 2066 3216 2131 οἰκείας
3254 2066 3408 2119 νόσου
3462 2065 3559 2136 τὴν
3607 2064 3714 2117 τοῦ

2126 2161 2380 2225 ὀδωδότος
2411 2159 2670 2214 δυσωδίαν
2704 2159 3036 2231 ἀμύνασθαι.
3081 2161 3279 2213 Ἐλεεῖν
3304 2160 3412 2230 γὰρ
3439 2160 3500 2212 ού
3529 2161 3717 2229 μιμεῖο

2129 2256 2253 2310 σθαι
2280 2256 2405 2318 τοὺς
2436 2252 2710 2317 τοιούτους
2737 2254 2771 2322 ὴ
2797 2251 2950 2324 κοινὴ
2979 2250 3334 2322 συμϐουλεύει
3356 2250 3537 2319 φύσις.
3566 2251 3718 2304 Οὑκες

2127 2348 2219 2404 οὖν
2251 2347 2517 2419 παρέντες
2563 2346 2665 2400 ὅσα
2695 2344 2918 2399 τοιαῦτα
2952 2344 3092 2398 κατά
3143 2343 3378 2415 σπουδὴν
3428 2341 3509 2413 τῷ
3561 2341 3718 2413 λόγῳ

2127 2438 2439 2510 κατέμιξεν,
2472 2435 2759 2499 σκώπτων,
2791 2434 3144 2507 σχετλιάζων,
3168 2433 3509 2502 ἀγανακτῶν,
3532 2433 3713 2487 λοιδο-

2133 2529 2421 2603 ρούμενος,
2460 2529 2618 2600 μόνον
2648 2528 2739 2581 τὸν
2787 2526 2915 2597 περὶ
2952 2526 3060 2583 τῶν
3089 2527 3373 2595 δογμάτων
3400 2523 3719 2594 ὲπισκεψὼη

2136 2619 2272 2690 μεθα
2309 2618 2487 2687 λόγον.
2525 2616 2912 2680 Ἀναλαϐὁντες
2937 2615 3115 2669 τοίνυν
3161 2614 3219 2681 ὲξ
3256 2615 3425 2686 ἀρχῆς
3458 2617 3515 2667 ὲν
3549 2613 3719 2685 μέρει

2131 2711 2268 2783 πρὸς
2296 2710 2531 2769 ἕκαστον
2564 2708 2674 2763 τῶν
2702 2707 3064 2779 ἐγκλημάτων
3092 2707 3420 2778 στησόμεθα.

445 2805 685 2859 sermoni
724 2805 1052 2870 admiscuit,
1099 2806 1447 2873 cavillando,
1500 2808 1872 2870 lamentando,
1905 2809 2133 2862 moleste
2164 2788 2512 2878 graviterque
2575 2804 2822 2872 ferendo,
2846 2814 2901 2860 et
2964 2802 3335 2867 convitiando,
3396 2802 3575 2857 solum
3643 2801 3720 2858 de

446 2894 697 2950 doctrina
717 2910 1025 2951 sermonem
1051 2895 1482 2953 consideremus.
1506 2881 1835 2970 ltepetcntes
1861 2901 2027 2971 igitur
2064 2914 2095 2953 a
2118 2901 2394 2972 principio
2433 2899 2679 2957 vicissim
2719 2906 2912 2954 contra
2939 2896 3154 2967 singula
3228 2896 3461 2951 crimina
3536 2898 3719 2953 stabi-

448 3000 592 3040 IDUS.

518 3075 856 3146 Principium
889 3076 1265 3135 accusationis
1298 3086 1435 3143 erat,
1470 3097 1564 3135 nos
1599 3083 1773 3139 crucis
1810 3085 2025 3153 pudere.
2057 3096 2101 3158 ο

450 3168 653 3221 Eorum
686 3174 835 3222 certe
870 3169 963 3237 qui
1005 3169 1073 3223 ad
1104 3171 1269 3225 talem
1302 3170 1641 3228 dcﬂexerunt
1681 3176 2033 3243 Opinionem,

451 3259 626 3329 magis
657 3260 939 3329 proprium
983 3258 1147 3315 fuerit
1186 3262 1395 3317 crimen
1437 3265 1624 3317 conari
1672 3280 1889 3320 crucem
1936 3284 2035 3336 pu-

452 3349 689 3405 dendam
748 3348 981 3406 eliicere.
1038 3349 1096 3406 Si
1154 3354 1300 3407 enim
1358 3355 1611 3410 similiter
1669 3357 1736 3411 ab
1790 3358 2040 3427 utrisque

456 3443 734 3513 passionis
761 3442 1103 3513 dispensatio
1129 3446 1335 3500 credita
1366 3457 1469 3512 est,
1496 3464 1595 3504 nos
1625 3449 1842 3518 quidem
1871 3450 2039 3505 Deum

459 3547 558 3602 per
587 3547 808 3587 crucem
850 3532 1260 3589 manifestatum
1295 3535 1374 3590 sic
1396 3538 1730 3591 arbitramur
1749 3539 2039 3595 colendum

453 3639 578 3680 esse
615 3636 669 3680 et
701 3625 911 3680 honore
961 3624 1305 3680 afficiendum
1348 3628 1495 3684 sicut
1548 3628 1710 3685 Pater
1740 3631 1945 3685 colitur
1988 3639 2041 3687 et

458 3714 790 3781 honoratur;
826 3714 947 3769 istis
978 3729 1107 3770 vero
1144 3716 1328 3785 passio
1364 3716 1422 3770 fit
1458 3718 1868 3787 impedimento,
1906 3736 2043 3791 quo-

457 3806 642 3864 minus
689 3807 1030 3879 unigenitum
1078 3807 1247 3865 Deum
1280 3811 1564 3880 aequaliter
1607 3828 1669 3865 ac
1698 3812 1911 3867 Patrem
1947 3814 2043 3883 qui

460 3896 639 3968 ipsum
676 3898 863 3968 genuit
893 3898 1219 3969 gloriﬁcent.
1252 3899 1423 3966 Igitur
1460 3901 1515 3955 in
1547 3903 1884 3955 contrarium
1927 3919 2047 3958 ver-

464 3997 659 4044 tuntur
688 3990 950 4059 sophista:
984 3990 1216 4044 crimina
1238 4032 1254 4057 ,
1287 3999 1342 4046 et
1388 3991 1588 4062 quibus
1626 4009 1726 4049 nos
1763 3995 2046 4048 criminari

462 4086 643 4148 putat,
676 4095 832 4136 suam
869 4079 924 4134 in
957 4080 1075 4136 suis
1118 4081 1357 4138 decretis
1390 4083 1725 4154 impietatem
1778 4084 2044 4156 divulgat.

462 4171 818 4240 Perspicuum
847 4181 932 4227 est
958 4173 1102 4228 enim
1134 4175 1278 4249 quod
1316 4174 1481 4245 hujus
1510 4192 1677 4232 causa
1706 4175 1921 4232 Patrem
1957 4193 2051 4232 su-

463 4277 559 4330 pra
582 4260 783 4316 Filium
827 4264 1006 4333 ponit,
1052 4265 1469 4337 majoribusque
1517 4277 1677 4338 auget
1723 4268 2046 4334 honoribus,

465 4354 592 4423 quia
625 4357 809 4411 crucis
842 4356 1068 4411 infamia
1102 4359 1158 4411 in
1195 4359 1315 4429 ipso
1347 4342 1456 4414 non
1492 4361 1776 4424 cernitur;
1812 4362 1883 4416 ob
1904 4378 2053 4417 eam-

2203 3080 2371 3153 Ἀρχὴ
2394 3080 2491 3149 τῆς
2513 3078 2850 3149 κατηγορίας
2869 3072 2957 3148 ἦν,
2977 3075 3037 3129 τὸ
3056 3076 3531 3145 ἐπαισχύνεσθαι
3556 3076 3721 3147 ἡμᾶς

2138 3174 2247 3228 τὸν
2274 3172 2559 3240 σταυρόν.
2589 3170 2710 3225 Τῶν
2737 3169 2846 3240 γάρ
2876 3168 3011 3241 πρὸς
3027 3170 3130 3240 τὴν
3143 3168 3397 3238 τοιαύτην
3426 3185 3719 3242 παρατρα-

2142 3265 2354 3319 πέντων
2382 3262 2649 3333 ὑπόληψιν
2674 3262 3001 3332 οἰκειότερον
3028 3261 3095 3315 ἂν
3122 3259 3207 3331 εἴη
3239 3260 3299 3313 τὸ
3339 3261 3592 3332 ἔγκλημα
3620 3262 3720 3315 τοῦ

2141 3354 2571 3420 κατασκευάζειν
2600 3357 2657 3407 ὲν
2680 3353 2909 3427 αἰσχύνῃ
2934 3353 3026 3407 τὸν
3066 3354 3298 3424 σταυρὸν
3326 3354 3614 3408 ποιεῖσθαι.
3658 3356 3718 3410 Εἰ

2141 3448 2249 3520 γάρ
2286 3447 2486 3516 ὁμοίως
2535 3446 2633 3517 μὲν
2675 3445 2803 3515 παρ’
2830 3445 3154 3517 ἀμφοτέρων
3203 3447 3236 3516 ἡ
3272 3445 3412 3499 κατά
3447 3446 3507 3499 τὸ
3549 3447 3719 3509 πάθος

2142 3536 2421 3606 οἰκονομία
2472 3535 2868 3599 πεπίστευται,
2908 3537 3068 3605 ἡμεῖς
3114 3535 3169 3588 δὲ
3205 3535 3297 3588 τὸν
3345 3535 3433 3589 διά
3485 3537 3719 3608 σταυροῦ

2146 3624 2526 3696 φανερωθέντα
2547 3625 2679 3678 Θεὸν
2702 3623 2876 3687 οὕτως
2909 3626 3077 3695 τιμᾷν
3106 3624 3334 3695 οἰόμεθα
3381 3625 3490 3678 δεῖν
3540 3626 3717 3689 καθὼς

2145 3718 2369 3789 τιμᾶται
2399 3717 2427 3768 ὁ
2452 3714 2642 3785 Πατὴρ
2660 3757 2675 3783 ,
2709 3717 2822 3779 τοῖς
2852 3715 2909 3769 δὲ
2941 3717 3003 3769 τὸ
3032 3716 3204 3780 πάθος
3231 3717 3490 3786 ἐμπόδιον
3515 3718 3724 3785 γίνεται
3744 3741 3760 3761 ο

2147 3808 2284 3880 πρὸς
2318 3807 2380 3860 τὸ
2410 3803 2650 3873 δοξάζειν
2688 3806 2779 3859 τὸν
2830 3808 3091 3878 μονογενῆ
3126 3808 3260 3861 Θεὸν
3288 3809 3485 3877 ἐπίσης
3518 3808 3598 3878 τῷ
3625 3826 3712 3876 γε·

2146 3898 2432 3968 γεννηκότι
2486 3898 2693 3970 Πατρί·
2741 3897 2851 3970 ἄρα
2894 3899 3281 3970 περιτρέπεται
3332 3897 3469 3968 πρὸς
3504 3898 3717 3951 τούνανο

2147 3991 2260 4045 τίον
2286 3990 2363 4061 τῷ
2393 3992 2617 4061 σοφιστῇ
2642 3988 2710 4042 τά
2736 3989 3078 4059 ἐγκλήματα,
3102 3990 3194 4043 καὶ
3217 3987 3285 4042 δι’
3301 3982 3375 4042 ὧν
3397 3991 3719 4060 κατηγορεῖν

2150 4082 2307 4155 ἡμῶν
2330 4081 2499 4136 οἴεται
2525 4121 2539 4144 ,
2571 4080 2669 4152 τὴν
2712 4080 2847 4134 ἰδίαν
2869 4081 3185 4151 δημοσιεύει
3216 4080 3358 4134 κατὰ
3385 4081 3494 4134 τῶν
3518 4081 3715 4151 δογμάο

2150 4192 2257 4237 των
2281 4173 2558 4227 ἀσέϐειαν.
2578 4173 2744 4244 Δῆλον
2768 4172 2875 4245 γὰρ
2900 4174 2982 4226 ὅτι
3008 4172 3197 4226 τούτου
3221 4174 3377 4243 χάριν
3403 4172 3717 4244 ὑπερτίθησι

2152 4263 2245 4316 τοῦ
2269 4263 2397 4317 Υίοῦ
2427 4263 2517 4315 τὸν
2548 4262 2790 4333 Πατέρα,
2821 4261 2915 4315 καὶ
2940 4264 3059 4325 ταῖς
3092 4261 3332 4333 μείζοσιν
3362 4260 3721 4333 ἀποσεμνύνει

2152 4360 2337 4427 τιμαῖς
2356 4396 2369 4420 ,
2398 4357 2479 4408 ὅτι
2510 4356 2542 4424 ἡ
2571 4355 2712 4408 κατά
2742 4356 2832 4407 τὸν
2865 4354 3096 4425 σταυρὸν
3137 4353 3369 4425 αἰσχύνη
3401 4354 3530 4424 περί
3567 4351 3714 4405 αὐτὸν

464 4463 573 4515 que
603 4462 827 4502 causam
854 4448 909 4503 in
944 4449 1188 4505 deterius
1221 4452 1563 4505 immutatam
1597 4466 1719 4507 esse
1750 4451 2038 4507 Filiinatu-

2153 4450 2249 4520 οὐχ
2281 4450 2473 4519 ὁρᾶται
2498 4464 2513 4479 ο
2547 4446 2642 4500 καῖ¹
2670 4445 2759 4501 διά
2790 4446 2948 4500 τοῦτο
2976 4446 3115 4517 πρὸς
3136 4446 3196 4499 τὸ
3237 4449 3417 4517 χεῖρον
3445 4442 3707 4516 παρηλλά-

468 4556 585 4595 ram
629 4541 936 4607 contendit,
969 4543 1098 4612 quia
1138 4544 1323 4599 crucis
1364 4543 1624 4613 probrum
1665 4545 1719 4598 in
1749 4546 1925 4615 ipsum
1961 4561 2050 4599 50-.

472 4635 583 4687 lum
613 4632 888 4696 refertur,
933 4633 1081 4704 quod
1135 4635 1354 4691 Patrem
1406 4650 1514 4689 nou
1564 4636 1803 4704 attingit.
1855 4635 2050 4691 Nullus

470 4733 655 4782 autem
685 4726 963 4782 existimet
1007 4741 1095 4780 me
1128 4726 1300 4781 solam
1330 4727 1633 4782 secundum
1664 4728 1785 4796 ejus
1812 4737 2051 4783 mentem

468 4818 921 4874 consecutionem
955 4816 1143 4886 scripti
1176 4825 1490 4887 sequentem
1524 4818 1638 4873 haec
1677 4817 1876 4873 dicere.
1913 4819 2049 4873 Cum

471 4909 620 4965 enim
656 4910 887 4982 legendo
919 4908 1319 4979 percurrissem
1363 4923 1578 4964 omnem
1626 4910 1893 4963 orationis
1933 4912 2053 4981 ejus

473 5010 729 5057 accurate
756 5000 1114 5071 compositam
1152 4999 1222 5054 ab
1262 5000 1381 5069 ipso
1420 5000 1836 5070 blasphemiam,
1870 5003 1924 5056 in
1969 5019 2055 5057 se-

473 5094 771 5163 quentibus
802 5091 1090 5146 manifeste
1124 5092 1268 5146 nuda
1298 5091 1541 5147 dictione
1576 5092 1719 5147 banc
1751 5093 2054 5164 expositam

475 5187 653 5256 reperi
687 5184 1107 5256 blasphemiam.
1137 5184 1273 5248 Et,si
1302 5184 1603 5252 videtur,in
1628 5186 1899 5244 orationis
1925 5205 2057 5241 mea:

480 5277 622 5332 serie
658 5292 721 5332 ea
753 5292 873 5349 quae
906 5277 976 5333 ab
1011 5276 1132 5347 ipso
1162 5276 1369 5347 scripta
1400 5286 1530 5332 sunt
1578 5292 1846 5347 apponam
1877 5319 1893 5344 ,
1937 5293 2058 5348 quae

481 5367 564 5422 sic
588 5384 649 5423 se
677 5368 916 5423 habent:
946 5369 1023 5423 ait
1044 5367 1287 5423 cnim:Si
1319 5368 1529 5439 quidem
1555 5368 1921 5424 demonstrare
1964 5386 2060 5440 po—

484 5463 583 5508 test
614 5456 775 5508 etiam
818 5456 983 5513 Deum
1012 5459 1101 5527 qui
1133 5459 1186 5510 in
1213 5458 1454 5512 omnibus
1482 5467 1583 5523 est,
1615 5459 1704 5529 qui
1731 5459 1941 5527 quidem
1969 5458 2062 5511 lux

344 5546 439 5629 λγ
483 5554 562 5599 est
598 5545 890 5611 inaccessa,
924 5549 979 5601 in
1014 5564 1173 5602 carne
1208 5548 1408 5616 factum
1441 5567 1553 5604 esse
1605 5549 1682 5601 vel
1722 5550 1839 5617 ﬁeri
1886 5564 2058 5618 posse,

452 5635 581 5727 καί)
606 5645 917 5705 potestatem
940 5639 1161 5705 venisse,
1195 5640 1427 5708 imperiis
1478 5641 1734 5695 obcdiissc
1760 5680 1774 5703 ,
1815 5640 2059 5694 Immanis

556 5728 687 5793 “ius
741 5729 1087 5802 gubernatum
1144 5731 1347 5801 fuisse,
1403 5750 1611 5790 crucem
1657 5734 1877 5800 tulisse,
1918 5733 2058 5787 dicat

2155 4540 2281 4611 χθαι
2308 4539 2400 4592 τοῦ
2429 4538 2559 4591 Υἱοῦ
2593 4538 2694 4609 τὴν
2721 4537 2881 4607 φύσιν
2906 4538 3315 4609 διισχυρίζεται,
3335 4540 3417 4591 ὅτι
3440 4538 3534 4591 τοῦ
3563 4553 3710 4588 σταυ-

2157 4629 2251 4701 ροῦ
2272 4630 2331 4681 τὸ
2354 4629 2555 4691 ὄνειδος
2593 4631 2673 4693 εἰς
2700 4630 2861 4693 αὐτὸν
2901 4630 3234 4701 ἀναφέρεται
3275 4629 3434 4699 μόνον
3453 4668 3468 4693 ,
3494 4627 3584 4681 τοῦ
3607 4627 3680 4679 lia
3696 4654 3713 4663 -

2153 4720 2280 4793 τρδς
2300 4722 2397 4790 οὐχ
2434 4720 2762 4790 ἀπτόμενον.
2792 4720 2902 4773 Καὶ
2937 4720 3127 4790 μηδεὶς
3155 4719 3352 4773 οἰέσθω
3394 4735 3461 4788 με
3498 4720 3625 4788 μόνῃ
3648 4716 3711 4781 τῇ

2155 4811 2295 4865 κατά
2324 4812 2414 4864 τὸν
2448 4810 2571 4863 νοῦν
2620 4810 2911 4881 ἀκολουθία
2943 4811 3040 4880 τῆς
3074 4810 3440 4881 λογογραφίας
3469 4807 3716 4877 ἑπόμενον

2155 4901 2327 4956 ταῦτα
2350 4900 2551 4970 λέγειν.
2584 4898 2953 4973 Προσδιελθὼν
2980 4899 3092 4969 γὰρ
3117 4899 3210 4953 τοῦ
3242 4899 3399 4966 λόγου
3425 4901 3596 4951 πᾶσαν
3623 4893 3715 4961 τὴν

2159 4993 2457 5063 φιλοπόνως
2510 4991 2878 5062 συγκειμένην
2927 4992 2984 5044 ὲν
3017 4990 3165 5061 αὐτῷ
3220 4989 3563 5060 βλασφημίαν
3593 5026 3606 5049 ,
3659 4986 3716 5035 ἐν

2157 5088 2270 5148 τοῖς
2296 5087 2433 5155 μετά
2470 5082 2643 5137 ταῦτα
2685 5081 2872 5149 σαφῶς
2911 5073 3069 5151 εὗρον
3100 5082 3279 5152 γυμνῇ
3323 5083 3390 5151 τῇ
3420 5079 3558 5143 λέξει
3594 5072 3715 5127 ταύ-

2159 5193 2257 5245 την
2310 5174 2622 5229 ὲκτεθεῖσαν
2668 5174 2758 5227 ὑπ’
2788 5171 2949 5235 αὑτοῦ
2973 5173 3070 5242 τὴν
3117 5171 3483 5243 βλασφημίαν.
3515 5167 3637 5229 Καὶ,
3668 5164 3717 5215 εἰ

2159 5268 2338 5329 δοκεῖ,
2370 5267 2760 5338 παραθήσομαι
2793 5267 2860 5336 τῇ
2902 5263 3193 5335 ἀκολουθία
3224 5263 3329 5316 τῶν
3368 5262 3515 5332 ἐμῶν
3558 5259 3717 5324 λόγων

2161 5359 2227 5413 τὰ
2279 5361 2406 5430 παρ’
2456 5357 2619 5412 αὑτοῦ
2676 5357 3057 5428 γεγραμμένα,
3116 5354 3307 5425 ἔχοντα
3350 5353 3551 5415 οὕτως’
3595 5352 3715 5416 φησὶ

2163 5450 2299 5520 γάρ·
2338 5451 2405 5502 Εἰ
2430 5448 2548 5516 μὲν
2591 5448 2715 5517 ἔχει
2755 5446 3059 5501 δεικνύναι
3092 5447 3189 5498 καὶ
3231 5445 3339 5498 τόν
3370 5444 3468 5498 ἐπὶ
3496 5441 3716 5495 πάντων

2166 5539 2313 5594 Θεὸν
2338 5580 2354 5604 ,
2407 5538 2597 5607 ὅσπερ
2650 5538 2823 5592 ἐστίν
2859 5538 3189 5606 ἀέψόσιτον
3231 5534 3356 5605 φῶς
3377 5574 3393 5600 ,
3444 5536 3512 5588 ἐν
3552 5525 3716 5597 σαρκὶ

2163 5633 2504 5701 γενόμενον,
2540 5630 2577 5698 ἢ
2617 5629 2891 5699 γενέσθαι
2920 5629 3276 5699 δυνάμενον,
3314 5629 3415 5681 ὑπ’
3447 5620 3717 5689 ἐξουσίαν

2164 5723 2383 5793 ἐλθεῖν,
2419 5720 2875 5792 προστὰγγιασιν
2902 5720 3262 5785 ὑπακοῦσαι,
3289 5722 3491 5789 repet;
3516 5715 3715 5781 ἀνθρω-
