3992 6210
285 285 385 345 695

1353 250 1371 267 “
1404 287 1684 345 CONTRA
1712 286 2105 354 EUNOMIUM,
2145 290 2273 348 ue.
2320 292 2382 347 ιτ.

3425 297 3554 355 695.

284 403 470 466 πίνοις
512 403 929 459 πολιτεύεσθαι
957 442 972 468 ,
1024 404 1289 472 σταυρὸν
1343 404 1611 474 ἐνεγκεῖν
1636 444 1652 470 ,
1704 402 1842 459 ἴσον

1945 406 2197 477 (equa/em
2221 408 2329 460 fuci
2358 408 2543 461 lucent.
2576 410 2709 476 Quis
2747 420 2914 483 igitur
2944 427 3125 469 crocus
3161 411 3369 482 pudore
3404 415 3526 469 alli-

282 491 488 561 λεγέτω
518 491 597 559 τῷ
626 494 771 563 φωτὶ
808 493 876 548 τὸ
926 493 1070 564 φῶς.
1113 494 1209 560 Τίς
1251 489 1345 549 οὖν
1377 497 1405 546 ὁ
1449 497 1848 567 ὲπαισχυνόμε-

282 602 361 647 νος
397 583 476 654 τῷ
522 585 779 657 σταυρῷ;
814 587 844 638 ὁ
881 588 974 640 καὶ
1025 588 1163 657 μετά
1195 588 1258 641 τὸ
1308 588 1479 650 πάθος
1522 590 1848 661 προσκυνῶν

280 672 362 731 ῐσα
390 678 567 748 Πατρὶ
593 678 683 731 τὸν
712 678 842 732 Υίὸν
865 719 881 745 ,
918 678 1007 750 se
1042 680 1136 733 καὶ
1186 680 1291 751 πρὸ
1321 681 1416 734 τοῦ
1457 682 1663 747 πάθους
1691 683 1845 753 ύϐρί-
1880 704 1886 711 ·

279 769 375 834 ζων
398 809 413 831 ,
456 769 520 822 ού
554 771 716 840 μόνον
744 773 811 842 τῇ
861 771 997 844 πρὸς
1025 771 1122 842 τὴν
1157 771 1333 825 κτίσιν
1384 773 1643 845 ὁμοτιμία
1664 815 1679 839 ,
1709 773 1845 828 άλλά

278 860 361 915 καὶ
406 860 489 932 τῷ
526 860 957 925 κατασκευάζειν
1009 862 1111 933 τῆς
1159 863 1439 933 ὲμπαθοῦς
1490 866 1653 917 αὑτὸν
1704 859 1844 919 εἶναι

277 953 513 1024 φύσεως,
555 952 628 1025 μὴ
653 954 948 1009 ἀνελθόντα
1003 956 1140 1027 πρὸς
1189 956 1289 1027 τὴν
1337 957 1445 1009 τῶν
1504 956 1844 1029 παθημάτων

277 1049 480 1118 πεῖραν,
511 1049 559 1099 εἰ
595 1046 669 1117 μὴ
689 1046 941 1118 δεκτικὴν
966 1043 1079 1117 εἶχε
1112 1048 1221 1101 τῶν
1246 1048 1503 1102 τοιούτων
1531 1050 1629 1120 τὴν
1660 1049 1842 1120 φύσιν;

284 1139 467 1209 Ἡμεῖς
504 1139 603 1209 μὲν
636 1138 745 1208 γάρ
786 1139 879 1191 καλ⁸
920 1139 980 1192 τὸ
1010 1137 1167 1210 σῶμα
1195 1133 1238 1208 ᾧ
1280 1140 1340 1193 τὸ
1391 1140 1560 1205 πάθος
1604 1141 1841 1207 ἐδέξατο,

274 1232 335 1301 τῇ
378 1229 503 1301 θείᾳ
534 1229 693 1297 φύσει
728 1230 1110 1299 κατακραθὲν,
1166 1232 1342 1284 ἐκεῖνο
1376 1231 1706 1301 πεποιῆσθαί
1743 1249 1845 1300 φα·

277 1336 369 1390 μεν
398 1318 489 1373 διὰ
523 1319 621 1389 τῆς
659 1320 1043 1390 ἀνακράσεως,
1076 1320 1212 1390 ὅπερ
1247 1322 1280 1389 ἡ
1317 1318 1658 1373 ἀναλαϐοῦσα
1683 1319 1845 1389 φύσις

268 1410 396 1464 ἐστί.
427 1410 693 1464 Τοσοῦτον
718 1410 996 1482 ἀπέχομεν
1024 1411 1117 1464 τοῦ
1148 1413 1342 1484 μικρόν
1369 1429 1422 1465 τι
1450 1412 1579 1482 περὶ
1614 1411 1705 1465 τὸν
1746 1427 1842 1482 μο-

268 1503 454 1573 νογενῆ
485 1503 615 1556 Θεὸν
640 1504 840 1556 ἐννοεῖν
858 1543 874 1569 ,
907 1503 981 1566 ὡς
1016 1501 1071 1555 ετ
1101 1520 1157 1557 τι
1199 1505 1293 1558 καὶ
1320 1504 1417 1574 τῆς
1447 1504 1600 1557 κάτω
1628 1503 1847 1572 φύσεως

263 1592 343 1647 διὰ
369 1593 477 1663 τὴν
520 1592 901 1665 φιλάνθρωπον
951 1591 1305 1665 προσελήφθη
1353 1593 1695 1662 οἰκονομίαν,
1749 1593 1845 1645 καὶ

262 1684 416 1739 τοῦτο
465 1684 744 1738 πιστεύειν
794 1686 1265 1756 μεταπεποιῆσθαι
1321 1683 1456 1755 πρὸς
1499 1685 1560 1737 τὸ
1589 1683 1732 1736 θεῖόν
1777 1700 1836 1738 τε

260 1780 341 1832 καὶ
381 1779 659 1850 ἀκήρατον
680 1794 695 1810 ο
730 1780 758 1830 ὁ
782 1778 837 1831 δὲ
870 1780 1095 1848 σημεῖον
1134 1778 1234 1849 τῆς
1276 1777 1411 1850 πρὸς
1445 1777 1504 1830 τὸ
1532 1776 1843 1830 ταπεινότε-

262 1884 342 1941 ρον
399 1869 525 1922 κατ’
573 1868 762 1922 οὐσίαν
815 1867 1174 1939 παραλλαγῆς
1224 1866 1286 1920 τὸ
1331 1883 1396 1919 πε
1405 1867 1459 1938 pi.
1488 1867 1579 1918 τὸν
1613 1867 1842 1935 σταυρὸν

257 1961 432 2025 πάθος
456 1960 772 2032 πεποίηται.
808 1960 923 2013 Οὐκ
948 1953 1065 2012 οἶδα
1086 1960 1233 2023 ὅπως
1268 1957 1366 2029 τὴν
1397 1956 1844 2029 ὑπερϐάλλουσαν

254 2053 343 2122 τῆς
384 2052 668 2123 δυνάμεως
690 2052 989 2124 ἐνέργειαν,
1021 2051 1142 2105 καθ’
1175 2050 1243 2122 ἡν
1273 2051 1368 2105 καὶ
1396 2048 1555 2104 τοῦτο
1579 2049 1839 2121 ἠδυνήθη,

252 2148 561 2218 τεκμήριον
589 2145 869 2209 ἀσθενείας
897 2144 1215 2216 ποιούμενος
1238 2162 1253 2177 ·
1292 2145 1414 2198 οὐδὲ
1459 2142 1614 2197 τοῦτο
1639 2142 1839 2207 συνεὶς,

253 2236 323 2288 ὅτι
361 2236 519 2289 οὐδὲν
549 2234 690 2289 κατά
718 2235 817 2305 τὴν
852 2232 1045 2288 ἑαυτοῦ
1089 2233 1251 2303 φύσιν
1292 2234 1611 2305 κινούμενον
1642 2233 1717 2296 ὡς
1749 2232 1842 2285 ἐπὶ

253 2328 547 2398 παραδόξῳ
578 2326 948 2398 θαυμάζεται’
980 2326 1096 2380 ἀλλ’
1150 2328 1250 2380 ὅσα
1279 2328 1406 2390 τοὺς
1451 2327 1613 2397 ὅρους
1650 2324 1841 2379 ἐκϐαί-

250 2436 325 2474 νει
371 2420 471 2489 τῆς
505 2419 755 2488 φύσεως,
790 2419 962 2473 ταῦτα
997 2419 1233 2490 μάλιστα
1264 2420 1478 2473 πάντων
1509 2420 1567 2470 ἐν
1602 2417 1841 2488 θαύματι

254 2512 507 2581 γίνεται,
548 2515 643 2567 καὶ
701 2513 835 2583 πρὸς
871 2512 1045 2567 ταῦτα
1094 2513 1243 2565 πᾶσα
1296 2512 1394 2583 μὲν
1455 2511 1841 2582 ἐπιστρέφεται

252 2604 398 2677 ἀκοὴ
422 2646 438 2669 ,
468 2606 618 2658 πᾶσα
650 2604 707 2657 δὲ
739 2604 945 2658 διάνοια
988 2604 1219 2657 τείνεται
1266 2605 1328 2657 τὸ
1363 2602 1663 2675 παράδοξον
1707 2601 1840 2655 θαυ-

253 2694 527 2764 μάζουσα.
560 2695 650 2746 Διὸ
689 2694 784 2748 καὶ
820 2694 1021 2757 πάντες
1056 2695 1105 2746 οἱ
1137 2692 1227 2747 τὸν
1260 2692 1417 2761 λόγον
1452 2691 1838 2763 κηρύσσοντες,

251 2789 303 2840 ἐν
330 2786 517 2855 τούτῳ
545 2785 606 2838 τὸ
635 2785 820 2856 θαῦμα
868 2785 962 2839 τοῦ
1018 2785 1318 2856 μυστηρίου
1350 2783 1794 2854 καταμηνύουσιν
1822 2822 1839 2847 ,

249 2881 327 2933 ὅτι.
371 2879 504 2943 Θεὸς
550 2879 872 2949 ἐφανερώθη
920 2880 978 2932 ὲν
1018 2879 1216 2950 σαρκὶ,
1249 2880 1332 2931 ὅτι
1372 2878 1424 2930 '0
1460 2880 1648 2947 Λόγος
1683 2875 1839 2945 σὰρξ

249 2970 494 3042 ἐγένετο
518 3010 535 3035 ,
567 2972 649 3025 ὅτι
695 2971 757 3024 τὸ
803 2971 917 3040 φῶς
954 2973 1010 3024 ἐν
1052 2974 1117 3042 τῇ
1150 2970 1339 3040 σκοτίᾳ
1373 2969 1644 3040 ἔλαμψεν,
1675 2970 1755 3022 ὅτι
1806 2970 1839 3040 ἡ

251 3060 373 3132 ζωὴ
399 3062 631 3118 θανάτου
657 3062 938 3131 ἐγεύσατο,
964 3061 1058 3116 καὶ
1082 3064 1257 3116 πάντα
1288 3061 1354 3113 τὰ
1389 3060 1614 3114 τοιαῦτα
1645 3058 1838 3129 βοῶσιν
1866 3089 1912 3152 C

250 3158 297 3209 οῖ
329 3157 615 3227 κήρυκες,
649 3156 717 3209 δι’
759 3149 832 3209 ὧν
878 3156 1228 3220 πλεονάζεται
1272 3155 1333 3208 τὸ
1381 3154 1565 3224 θαῦμα
1613 3151 1707 3205 τοῦ
1750 3151 1839 3205 διὰ

250 3246 366 3300 τῶν
389 3247 496 3311 ἔξω
524 3247 623 3318 τῆς
647 3246 860 3315 φύσεως
881 3246 941 3298 τὸ
965 3246 1154 3316 περιὸν
1197 3245 1296 3313 τῆς
1332 3244 1612 3314 δυνάμεως
1642 3241 1837 3297 ἑαυτοῦ

253 3338 698 3410 φανερώσαντος.
717 3337 878 3391 Ἀλλά
904 3337 1007 3390 κᾶν
1040 3337 1268 3399 ἐκείνοις
1290 3334 1531 3406 ὑϐρίζειν
1556 3334 1643 3386 διὰ
1665 3331 1838 3386 ταῦτα

253 3434 383 3503 δοκῇ
408 3471 425 3495 ,
463 3432 559 3484 καὶ
588 3430 689 3501 τῆς
734 3430 866 3502 πρὸς
903 3429 994 3482 τὸν
1033 3428 1251 3498 Πατέρα
1290 3425 1577 3497 ὁμοτιμίας
1610 3423 1696 3478 διὰ
1740 3424 1838 3495 τὴν

256 3522 385 3593 περὶ
424 3521 519 3575 τὸν
565 3520 799 3591 σταυρὸν
832 3518 1142 3588 οἰκονομίαν
1179 3515 1270 3569 τὸν
1294 3516 1422 3569 Υίὸν
1452 3514 1838 3585 ἀποσχοινίζω-

258 3631 379 3669 σιν⁸
415 3616 581 3685 ἡμεῖς
633 3610 815 3674 καθὼς
855 3611 1179 3683 παρέδωκαν
1232 3611 1363 3680 ἡμῖν
1422 3610 1472 3660 οῖ
1520 3607 1615 3660 ἀπ’
1664 3607 1839 3678 ἀρχῆς

256 3706 524 3761 αὐτόπται
548 3705 641 3758 καὶ
666 3703 939 3776 ὑπηρέται
972 3703 1065 3755 τοῦ
1096 3701 1254 3770 λόγου
1279 3702 1581 3771 γενόμενοι,
1614 3698 1704 3752 διὰ
1728 3698 1836 3751 τῶν

257 3800 430 3867 ἁγίων
486 3796 722 3867 Γμφῶν
774 3794 1215 3866 πεπιστεύκαμεν
1269 3794 1351 3846 ὃτι
1397 3794 1425 3845 ὁ
1460 3794 1517 3845 ὲν
1562 3793 1703 3863 ἀρχῇ
1764 3789 1841 3843 ὣν

256 3892 383 3955 Θεὸς
401 3931 417 3956 ,
453 3890 594 3960 μετά
621 3888 812 3954 ταῦτα,
838 3887 1020 3950 καθώς
1046 3904 1211 3958 φησιν
1241 3890 1268 3939 ὁ
1294 3886 1509 3956 Βαροὺχ
1527 3923 1544 3949 ,
1596 3888 1693 3943 ἐπὶ
1732 3881 1841 3950 τῆς

256 3981 367 4051 τῆς
404 3981 576 4051 ὤφθη
601 4020 616 4044 ,
661 3980 762 4033 καὶ
813 3979 939 4045 τοῖς
975 3977 1304 4047 ἀνθρώποις
1345 3973 1837 4043 συνανεστρὰφη,

259 4073 616 4143 ἀντάλλαγμα
644 4072 737 4126 τοῦ
763 4072 1034 4144 ἡμετέρου
1068 4071 1299 4125 θανάτου
1341 4069 1657 4140 γενόμενος,
1684 4068 1838 4122 ἔλυσε

258 4167 343 4220 διά
367 4168 471 4236 τῆς
493 4166 633 4229 ἰδίας
660 4166 1009 4228 ἀναστάσεως
1037 4164 1106 4217 τά
1139 4164 1313 4234 δεσμά
1342 4162 1434 4216 τοῦ
1463 4161 1714 4225 θανάτου,
1747 4164 1842 4215 καὶ

258 4260 560 4330 ὡδοποίησε
610 4260 760 4331 πάσῃ
816 4257 978 4324 σαρκί⁵
1021 4259 1086 4311 δι’
1139 4256 1330 4311 ἑαυτοῦ
1379 4257 1478 4327 τὴν
1524 4255 1836 4318 ἀνάστασιν,

260 4352 556 4424 ὁμόθρονός
586 4368 647 4403 τε
698 4351 791 4404 καὶ
819 4350 1074 4420 ὁμόδοξος
1098 4348 1174 4403 ὣν
1210 4348 1290 4419 τῷ
1322 4350 1438 4419 ἰδίῳ
1480 4349 1684 4419 Πατρὶ,
1720 4348 1841 4401 κατ’

1949 503 2131 557 citur?
2171 503 2261 557 ille
2299 505 2391 573 qui
2424 513 2545 573 post
2573 509 2880 575 passionem
2916 506 3114 562 Filium
3150 508 3437 577 aequaliter
3464 526 3527 563 ae

1948 592 2161 649 Patrem
2195 594 2408 661 adorat,
2440 612 2507 650 an
2532 599 2577 652 is
2603 599 2694 668 qui
2721 601 2884 653 etiam
2918 609 3044 655 ante
3067 600 3380 670 passionem
3407 617 3535 654 con-

1948 686 2236 742 tumeliose
2270 686 2465 752 allicit,
2510 706 2618 743 non
2653 692 2829 744 solum
2858 706 2983 745 eum
3015 701 3267 746 creatura
3298 692 3551 749 honoris-

1946 779 2278 848 azqualitate,
2311 796 2498 835 verum
2532 784 2696 837 etiam
2725 784 3044 838 af'lirmando
3069 785 3248 855 ipsum
3277 801 3399 841 esse
3432 802 3530 839 na.

1946 878 2083 925 tunc
2112 871 2398 928 affectibus
2433 874 2703 937 obnoxia),
2732 889 2845 929 non
2867 876 3083 931 venisse
3114 877 3179 930 ad
3212 877 3527 946 passionum

1945 964 2379 1032 experientiam,
2430 965 2536 1019 nisi
2585 966 2864 1019 habuisset
2913 974 3168 1020 naturam
3204 967 3394 1019 talium
3440 982 3529 1021 ca-

1949 1055 2174 1124 pacem?
2207 1054 2318 1110 Nos
2347 1056 2566 1123 quidem
2606 1058 2768 1111 etiam
2804 1073 3026 1127 corpus,
3062 1074 3172 1128 quo
3212 1058 3528 1129 passionem

1947 1145 2210 1214 suscepit,
2247 1144 2443 1200 divina:
2483 1154 2692 1201 naturae
2740 1158 3210 1218 contemperatum
3233 1190 3246 1215 ,
3281 1148 3412 1202 illud
3446 1149 3531 1203 fa-

1945 1236 2092 1287 ctum
2109 1247 2233 1290 esse
2249 1246 2346 1301 per
2372 1236 2821 1303 tetnperationetn
2842 1237 3097 1301 dicimus,
3132 1237 3279 1306 quod
3308 1238 3528 1307 quidem

1944 1331 2029 1377 est
2060 1335 2254 1377 natura
2288 1340 2410 1395 quae
2437 1328 2754 1396 assumpsit.
2792 1327 3027 1381 Tantum
3086 1329 3240 1383 abest
3289 1336 3347 1381 ut
3397 1329 3530 1398 quid

1944 1416 2201 1484 exiguum
2246 1417 2314 1470 de
2362 1418 2644 1487 unigenito
2690 1417 2800 1473 Deo
2855 1420 3211 1475 sentiamus:
3256 1421 3329 1474 ita
3378 1422 3528 1475 utsi

1943 1502 2076 1574 quid
2104 1504 2271 1558 etiam
2312 1515 2521 1561 natura:
2547 1506 2745 1561 infimas
2775 1518 3117 1578 assumptum
3154 1518 3259 1570 est,
3304 1517 3535 1580 propter

1944 1597 2411 1668 dispensationem
2444 1600 2726 1655 hominum
2778 1603 2962 1671 generi
3013 1602 3370 1669 benevolam,
3424 1604 3531 1659 hoc

1944 1691 2109 1746 etiam
2149 1693 2441 1749 credamus
2469 1692 2535 1747 ad
2572 1694 2622 1747 id
2654 1694 2798 1764 quod
2836 1695 3084 1749 divinum
3118 1704 3202 1751 est
3230 1704 3283 1750 et
3306 1697 3532 1751 immor-

1947 1784 2054 1838 tale
2089 1784 2537 1839 transformatum
2576 1800 2699 1840 esse
2739 1803 2751 1839 :
2788 1786 2877 1840 hic
2920 1797 3101 1841 autem
3143 1788 3210 1841 ad
3263 1787 3314 1841 id
3380 1787 3547 1857 quod;

1947 1872 2209 1928 humilius
2247 1882 2334 1928 est
2387 1875 2689 1928 secundum
2740 1881 3034 1930 essentiam
3082 1878 3404 1933 mutationis
3449 1878 3527 1933 si-

1946 1979 2113 2034 gnum
2173 1965 2291 2019 sive
2334 1973 2719 2035 argumentum
2752 1966 2879 2020 fecit
2915 1966 3224 2036 passionem
3263 1983 3427 2037 quam
3470 1968 3526 2023 in

1946 2072 2108 2111 erucc
2141 2056 2386 2113 sustulit.
2420 2056 2618 2112 Nescio
2652 2073 2763 2128 quo
2788 2058 2951 2113 modo
2971 2070 3393 2130 exsuperantem
3432 2077 3530 2130 po-

1945 2149 2127 2204 tentia:
2177 2148 2551 2205 efIicacitatem
2606 2150 2720 2205 sive
2770 2151 3177 2221 cperatEouem,
3224 2154 3526 2207 secundum

1943 2256 2108 2311 quam
2142 2241 2245 2296 hoc
2267 2241 2433 2297 etiam
2466 2244 2675 2312 potuit,
2717 2254 2929 2297 certum
2988 2243 3328 2300 infirmitatis
3381 2245 3531 2300 indi-

1943 2330 2090 2385 cium
2125 2329 2288 2396 facit;
2319 2346 2496 2401 neque
2528 2330 2631 2385 hoc
2666 2331 2978 2401 intelligens
3011 2330 3158 2401 quod
3204 2333 3340 2386 nihil
3379 2334 3527 2402 quod

1944 2423 2247 2478 secundum
2314 2433 2568 2477 naturam
2622 2431 2905 2488 movetur,
2975 2423 3271 2478 admodum
3349 2425 3516 2478 mira-

1943 2514 2050 2568 bile
2067 2522 2371 2583 praeterque
2392 2514 2705 2583 opinionem
2740 2514 2996 2569 videtur:
3033 2514 3133 2569 sed
3186 2531 3529 2585 quaecunque

1943 2612 2155 2660 natura:
2194 2607 2327 2661 lines
2358 2613 2642 2676 superant,
2676 2606 2790 2661 haec
2825 2607 3061 2661 maxime
3100 2608 3346 2662 omnium
3395 2618 3545 2662 sunt-

1942 2697 1998 2751 in
2034 2696 2414 2762 admiratione,
2444 2705 2499 2752 et
2529 2699 2595 2751 ad
2625 2698 2741 2753 hinc
2769 2700 2951 2755 omnis
2979 2698 3201 2754 auditus
3246 2700 3527 2754 converti-

1944 2796 2052 2842 tur.
2091 2787 2283 2843 Omnis
2324 2792 2468 2845 enim
2522 2791 2883 2861 intelligentia
2944 2793 3218 2854 tenditur,
3258 2791 3388 2846 dum
3424 2791 3527 2845 ali-

1943 2880 2070 2949 quid
2104 2880 2426 2936 inusitatum
2461 2889 2516 2935 et
2547 2881 2885 2951 inopinabile
2922 2884 3154 2953 suspicit
3198 2891 3251 2937 et
3287 2882 3529 2936 admira-

1945 2978 2054 3024 tur.
2080 2969 2351 3037 Quocirca
2378 2986 2570 3027 ontncs
2600 2973 2691 3042 qui
2719 2973 2949 3027 verbum
2981 2973 3305 3043 praedicant,
3338 2974 3394 3025 in
3423 2970 3528 3024 hoc

1944 3062 2271 3117 miraculum
2307 3063 2553 3134 mysterii
2601 3063 2881 3118 declarant
2915 3082 2928 3117 :
2960 3064 3105 3133 quod
3158 3063 3301 3118 Deus
3352 3062 3529 3116 Inani-

1941 3153 2174 3209 l‘estatus
2207 3162 2291 3208 est
2324 3155 2380 3208 in
2408 3156 2635 3219 carne’,
2678 3156 2824 3224 quod
2878 3155 3103 3211 Verbum
3148 3173 3272 3211 caro
3326 3159 3533 3229 factum-

1938 3261 2016 3305 εει
2053 3245 2097 3276 ¹⁰
2141 3260 2155 3294 :
2187 3245 2331 3315 quod
2366 3245 2456 3298 lux
2496 3246 2550 3299 in
2594 3248 2836 3302 tenebris
2880 3245 3194 3316 splenduit,
3228 3248 3374 3317 quod
3410 3248 3519 3300 vita

1940 3344 2172 3393 mortem
2206 3337 2488 3407 gustavit,
2533 3339 2827 3408 omniaque
2875 3338 3193 3407 hujusmodi
3245 3353 3527 3407 priecones

1940 3429 2242 3492 clamitant,
2279 3444 2375 3499 per
2418 3445 2539 3499 qure
2573 3431 2815 3486 exundat
2864 3431 3187 3486 miraculum
3228 3432 3384 3501 ejus,
3431 3431 3524 3500 qui

1940 3536 2037 3591 per
2069 3536 2132 3575 ea
2163 3536 2284 3590 qua:
2330 3530 2461 3575 sunt
2493 3531 2647 3575 extra
2701 3529 2955 3575 naturam
3002 3521 3371 3577 manifestavit
3413 3537 3529 3576 sua:

1942 3614 2200 3683 potentia:
2219 3612 2683 3683 exsuperantiam.
2708 3611 3095 3668 Verumtamen
3118 3615 3243 3668 licet
3265 3614 3374 3667 illis
3395 3627 3529 3667 con-

1942 3705 2222 3759 tumeliam
2252 3703 2434 3758 facere
2465 3704 2819 3774 prepterhzec
2852 3703 3120 3769 videatur,
3153 3714 3208 3757 et
3236 3705 3305 3758 ab
3327 3705 3525 3774 aequali

1942 3797 2152 3851 honore
2183 3811 2305 3850 cum
2329 3795 2491 3850 Patre
2516 3811 2612 3866 per
2632 3798 2818 3850 crucis
2833 3796 3294 3866 dispensationem
3326 3796 3541 3851 Filium

1944 3900 2206 3960 tanquam
2241 3886 2485 3943 funiculo
2523 3888 2880 3958 disjungant;
2919 3903 3018 3942 nos
3046 3898 3227 3942 autem
3248 3889 3393 3943 sicut
3411 3898 3526 3942 tra-

1944 3982 2206 4037 diderunt
2240 3982 2403 4036 nobis
2441 3982 2535 4054 qui
2569 3981 2637 4035 ab
2673 3980 2830 4034 initio
2863 3979 3063 4033 oculati
3091 3987 3260 4034 testes
3302 3987 3356 4033 et
3406 3994 3523 4048 spe-

1944 4081 2208 4137 ctatores,
2239 4080 2294 4129 et
2310 4072 2788 4128 administratores
2805 4070 2956 4125 verbi
2987 4070 3231 4136 fuerunt,
3266 4086 3363 4140 per
3391 4085 3522 4125 san-

1944 4175 2067 4221 ctas
2093 4164 2413 4235 Scripturas
2440 4164 2801 4228 credidimus,
2837 4162 2984 4232 quod
3013 4162 3106 4231 qui
3134 4171 3253 4217 erat
3289 4162 3344 4216 in
3376 4163 3530 4233 prin-

1944 4259 2090 4329 cipio
2119 4256 2304 4322 Deus,
2357 4255 2732 4326 postea,sicut
2781 4254 3113 4308 vaticinatur
3159 4253 3374 4309 Baruch
3404 4295 3419 4318 ,
3473 4255 3528 4308 in

1948 4361 2088 4403 terra
2122 4348 2261 4402 visus
2290 4355 2393 4410 est,
2426 4354 2475 4399 et
2504 4361 2622 4399 cum
2648 4344 2946 4398 hominibus
2989 4354 3326 4400 conversatus
3360 4346 3525 4410 est“,

261 4443 415 4509 ἀξίαν
466 4440 580 4495 τῶν
618 4440 988 4511 βεϐιωμένων,
1038 4441 1096 4493 ἐν
1129 4444 1196 4511 τῇ
1243 4440 1429 4511 ἡμέρα
1472 4440 1569 4510 τῆς
1606 4439 1842 4511 κρίσεως

1949 4448 2150 4498 nostrae
2183 4439 2377 4495 mortis
2423 4438 2756 4509 permutatio
2799 4437 2915 4493 sive
2959 4437 3261 4509 redemptio
3311 4438 3525 4504 factus,

263 4537 476 4606 ποιήσει
505 4533 604 4605 τὴν
631 4532 811 4603 ψῆφον
844 4536 955 4595 τοῖς
985 4533 1345 4603 κρινομένοις.

1951 4548 2048 4604 per
2093 4546 2248 4587 suam
2300 4528 2762 4585 resurrectionem
2816 4530 3010 4585 mortis
3046 4530 3268 4586 vincula
3327 4532 3526 4594 solvit,

262 4629 516 4700 viamque
552 4627 702 4682 omni
731 4626 883 4681 carni
914 4626 1110 4680 stravit
1152 4641 1246 4694 per
1274 4627 1962 4691 suam/resurrectionem,
1992 4625 2047 4679 in
2087 4625 2275 4680 eodem
2311 4623 2473 4687 solio,
2528 4622 2583 4676 in
2647 4621 2834 4677 eadem
2899 4621 3072 4692 gloria
3146 4632 3201 4678 et
3240 4624 3532 4694 splendore

265 4733 384 4772 cum
439 4732 544 4773 suo
593 4714 755 4771 Patre
806 4714 1024 4778 sedens,
1077 4729 1176 4783 pro
1219 4715 1416 4769 merito
1467 4724 1521 4770 et
1578 4715 1847 4787 dignitate
1884 4730 2076 4770 eorum
2111 4729 2234 4784 quae
2270 4713 2325 4767 in
2356 4713 2467 4768 vita
2500 4720 2653 4783 gesta
2684 4719 2834 4777 sunt,
2865 4711 2923 4765 in
2960 4710 3050 4767 die
3063 4711 3258 4783 judicii
3319 4715 3385 4769 iis
3438 4717 3536 4783 qui

262 4808 655 4876 iudicabuntur
682 4807 1008 4862 sententiam
1045 4807 1257 4862 laturus
1289 4816 1394 4862 est.

328 4899 519 4954 Ταῦτα
545 4899 675 4969 περὶ
699 4897 793 4951 τόν
822 4898 1234 4969 ἐσταυρωμένον
1277 4900 1438 4968 ἡμεῖς
1466 4899 1838 4952 πεπιστεύκα-

272 4962 364 5060 μεν
384 5008 399 5021 ·
432 4991 529 5045 καὶ
552 4962 641 5044 διά
661 4989 820 5044 τοῦτο
845 4962 1251 5059 ὑπερυψοῦντες
1296 4962 1437 5042 κατά
1472 4988 1534 5040 τὸ
1572 4988 1840 5061 ἡμέτερον

271 5085 362 5155 τῆς
393 5083 675 5154 δυνάμεως
701 5081 896 5152 μέτρον
923 5080 1031 5133 ούκ
1075 5079 1450 5149 ἀπολήγομεν·
1485 5078 1567 5131 ὅτι
1595 5079 1624 5131 ό
1655 5078 1843 5149 μηδενὶ

275 5175 514 5246 χωρητδς
543 5172 634 5227 διὰ
665 5172 764 5244 τὴν
786 5173 1063 5241 ἄφραστον
1101 5169 1266 5224 αὑτοῦ
1295 5170 1391 5224 καὶ
1417 5170 1710 5241 ἀπρόσιτον
1748 5187 1843 5241 με·-

278 5264 614 5336 γαλειότητα.
645 5262 785 5333 πλὴν
812 5261 988 5333 ἑαυτῷ
1020 5261 1115 5315 καὶ
1139 5260 1217 5331 τῷ
1245 5260 1419 5332 Πατρὶ
1446 5262 1543 5313 καὶ
1568 5259 1646 5330 τῷ
1674 5259 1844 5314 Πνεύ-

282 5372 403 5419 pars
452 5356 534 5428 τῷ
601 5355 743 5426 ἁγίῳ
765 5394 779 5417 ,
849 5348 1004 5417 οὗτος
1053 5354 1147 5407 καὶ
1211 5353 1348 5425 πρὸς
1403 5353 1687 5407 κοινωνίαν
1750 5353 1848 5424 τῆς

280 5446 552 5511 ἀσθενείας
598 5447 758 5519 ἡμῶν
792 5446 1072 5500 κατελθεῖν
1119 5445 1378 5516 ἠδυνήθη.
1410 5446 1474 5499 Οἱ
1524 5445 1582 5499 δὲ
1638 5445 1845 5516 ταύτην

284 5538 544 5607 ἀπόδειξιν
562 5538 661 5610 τῆς
686 5539 828 5592 κατά
854 5538 952 5607 τὴν
979 5537 1141 5607 φύσιν
1165 5536 1573 5610 ἀλλοτριότητος
1594 5536 1688 5592 τοῦ
1719 5535 1845 5589 Υἱοῦ

383 5715 714 5773 ’l'l‘imotli.
746 5731 827 5783 ιιι,
864 5715 949 5771 t6.
1067 5715 1108 5747 ³⁸
1153 5713 1308 5771 Joan.
1346 5730 1384 5783 ι,
1425 5715 1508 5771 Η.

1964 4935 1974 4944 .
2019 4891 2146 4948 llaec
2175 4906 2276 4946 nos
2309 4891 2376 4945 de
2404 4890 2673 4946 crucifixo
2706 4890 3018 4960 credimus;
3061 4899 3117 4947 et
3154 4898 3377 4963 prepter
3426 4890 3532 4946 hoc

1947 4999 2051 5056 pro
2068 4980 2233 5038 modo
2259 4989 2463 5037 nostra;
2494 4980 2772 5037 facultatis
2804 4984 3234 5054 superextollere
3261 4999 3369 5039 non
3392 4982 3532 5040 desi-

1948 5076 2172 5139 nimus;
2217 5072 2478 5144 quoniam
2521 5074 2616 5143 qui
2671 5088 2702 5127 a
2744 5074 2898 5128 nullo
2928 5074 3047 5145 capi
3099 5081 3285 5144 potest
3312 5081 3533 5143 propter

1948 5165 2278 5222 ineffabilem
2308 5166 2429 5233 ejus
2459 5172 2513 5220 et
2543 5165 2979 5221 inaccessibilem
3022 5165 3384 5232 majestatem,
3426 5167 3530 5221 nisi

1951 5274 1982 5313 a
2009 5258 2195 5328 seipse
2233 5265 2288 5312 et
2332 5254 2493 5312 Patre
2524 5265 2578 5312 et
2609 5256 2814 5327 Spiritu
2848 5266 3040 5313 sancto
3076 5276 3089 5312 :
3123 5257 3212 5312 hic
3254 5258 3416 5312 etiam
3463 5258 3530 5312 ad

1951 5348 2289 5403 infirmitatis
2310 5359 2515 5403 nostra:
2527 5347 2969 5403 communionem
2989 5347 3322 5404 descendere
3334 5348 3529 5419 potuit.

1950 5440 2050 5496 isti
2086 5455 2216 5496 vero
2259 5439 2362 5493 hac
2402 5439 2871 5495 demonstratione
2916 5447 3168 5506 utuntur,
3207 5447 3267 5494 ut
3300 5440 3533 5510 probent

1956 5530 2178 5589 alterius
2201 5546 2323 5588 esse
2347 5540 2554 5588 naturae
2571 5531 2769 5587 Filium
2802 5548 2925 5587 cum
2955 5531 3139 5599 Patre,
3163 5532 3309 5607 quod
3339 5545 3533 5601 nempe

1646 5715 1687 5748 ”
1731 5710 1947 5769 Baruch
1997 5726 2084 5787 tn,
2124 5712 2219 5769 28.
