3992 6210
432 231 537 292 635

1648 236 1704 292 S.
1746 237 2076 330 οιτιεοοιιιι
2108 236 2399 293 NYSSENI

3592 230 3689 286 096

435 343 605 401 Filius
638 362 735 421 per
772 363 996 404 carnem
1027 358 1081 405 et
1109 362 1329 405 crucem
1365 348 1632 407 Dominus
1665 360 1749 408 est
1793 352 2018 409 manife-

2128 352 2263 423 πρὸς
2295 352 2386 405 τὸν
2407 350 2628 423 Πατέρα
2660 350 2938 404 ποιοῦνται
2956 390 2970 415 ,
3000 348 3060 404 rb
3081 349 3169 403 διὰ
3195 349 3395 421 σαρκὸς
3428 349 3522 404 καὶ
3547 368 3700 403 στεύ-

434 447 652 507 status;
684 444 832 512 quod
864 442 1043 497 Patris
1078 441 1297 513 quidem
1330 451 1526 498 natura
1555 460 1689 515 pura
1724 447 1779 500 in
1812 446 2017 517 impas-

434 531 698 587 sibilitate
725 540 1046 601 permaneat
1070 550 1086 601 ;
1120 530 1295 589 Filius
1318 550 1448 589 vero
1473 536 1601 606 quia
1639 536 1706 591 ad
1734 537 2017 591 humilita-

436 631 543 677 tem
569 629 767 675 natura
789 628 1156 677 transmutata
1185 622 1310 688 fuit,
1337 633 1391 679 et
1413 626 1479 680 ad
1509 627 1693 683 carnis
1713 627 2017 698 mortisque

432 712 829 781 experientiam
858 713 1047 769 venire
1077 730 1185 769 non
1222 716 1638 786 impossibiliter
1671 734 1732 774 se
1766 719 1964 775 habeat
2000 739 2013 775 :

434 805 595 875 quasi
644 821 754 861 non
807 822 1003 877 magna
1061 808 1201 863 facta
1251 810 1326 865 sit
1383 818 1559 865 status
1610 812 1874 880 mutatio;
1922 814 2018 868 sed

435 897 846 966 quodammodo
869 899 935 953 ad
977 911 1268 971 cognatum
1300 908 1355 956 et
1380 902 1687 958 contribule
1730 919 1799 959 ex
1851 904 2016 959 simili

436 987 756 1062 transierit,
808 1005 878 1044 ex
927 1005 995 1046 eo
1036 990 1185 1062 quod
1232 1000 1471 1048 creatam
1513 993 1733 1062 quidem
1766 1004 2017 1050 naturam

438 1060 759 1145 humanam,
789 1090 1029 1136 creatam
1063 1083 1228 1141 etiam
1262 1081 1538 1155 Unigeniti
1584 1092 1838 1139 naturam
1889 1102 2019 1156 sup-

436 1182 626 1241 ponat.
661 1171 795 1227 Uter
825 1173 993 1244 igitur
1020 1173 1146 1244 jure
1172 1185 1485 1242 accusatur,
1524 1177 1595 1231 ob
1634 1192 1851 1232 crucem
1894 1194 2020 1234 eru-

436 1264 701 1320 bescere?
729 1279 797 1319 an
830 1265 879 1322 is
907 1265 1000 1337 qui
1024 1266 1092 1322 de
1126 1268 1310 1337 seipso
1342 1268 1471 1322 vilia
1503 1276 1558 1323 et
1591 1268 1816 1323 humilia
1850 1268 2022 1324 dicit?

438 1355 630 1412 an'ille
661 1356 755 1427 qui
785 1356 853 1413 de
898 1358 1314 1415 sublimioribus
1356 1358 1679 1414 contendit?
1724 1359 1920 1415 Nescio
1971 1360 2018 1415 si

437 1447 528 1503 hic
556 1457 845 1505 accusator
870 1449 1022 1505 Pauli
1051 1465 1301 1523 magnam
1327 1466 1514 1507 vocem
1548 1451 1756 1507 audivit
1786 1473 1799 1508 :
1825 1454 1917 1523 qui
1941 1454 2021 1509 sic

438 1538 608 1595 Deum
626 1543 681 1597 in
710 1556 877 1599 cruce
910 1545 1191 1615 cognitum
1222 1545 1497 1616 deprimit,
1527 1547 1707 1617 qualia
1739 1558 1793 1603 et
1817 1559 2028 1621 quanta.

438 1632 532 1688 ille
575 1647 671 1688 ore
704 1634 1057 1707 magniloquo
1102 1635 1169 1691 de
1209 1649 1374 1693 cruce
1415 1648 1660 1694 enarrat.
1721 1639 1824 1706 Qui
1872 1641 2017 1695 enim

438 1738 538 1793 per
572 1732 723 1780 tanta
758 1734 813 1781 et
847 1726 973 1781 talia
1002 1728 1267 1783 miracula
1318 1730 1557 1799 seipsum
1600 1740 1791 1786 notum
1837 1732 2020 1788 facere

438 1823 620 1885 potest
652 1835 665 1871 :
694 1817 867 1884 Absit,
904 1818 1101 1891 inquit,
1138 1820 1192 1874 in
1228 1822 1339 1877 alio
1378 1823 1604 1893 gloriari
1646 1825 1751 1878 nisi
1780 1826 1835 1879 in
1867 1842 2023 1880 crure

439 1909 568 1963 Jesu
604 1908 805 1964 Christi
824 1912 890 1974 ι’,
924 1919 981 1967 et
1017 1911 1086 1966 ad
1124 1912 1446 1971 Corinthios
1478 1916 1612 1971 dicit
1646 1917 1870 1972 verbum
1901 1933 2022 1971 cru-

438 1998 521 2054 cis
579 1999 837 2057 virtutem
869 2000 962 2057 Dei
994 2018 1138 2070 esse,
1172 2004 1259 2060 bis
1280 2006 1375 2075 qui
1416 2006 1553 2062 salvi
1592 2007 1729 2063 ﬁunt
1752 2009 1815 2063 ι’.
1849 2008 2022 2080 Ephe-

438 2090 538 2146 siis
566 2100 750 2147 autem
794 2094 1052 2149 virtutem
1105 2095 1373 2165 quidquid
1418 2105 1503 2152 est
1562 2108 1912 2168 superantem
1966 2110 2022 2156 et

438 2184 807 2239 continentem
855 2185 1039 2239 crucis
1091 2185 1259 2255 ﬁgura
1315 2187 1579 2243 describit
1607 2191 1670 2255 ¹⁶,
1718 2191 1773 2245 in
1819 2193 2019 2262 quibus

436 2274 554 2328 vult
601 2275 752 2343 ipsos
802 2275 1071 2332 exaltatos
1122 2292 1284 2333 nosse
1315 2279 1740 2351 exsuperantem
1786 2283 2017 2353 gloriam

435 2365 657 2419 virtutis
716 2364 882 2435 hujus
916 2384 931 2421 :
964 2367 1308 2424 altitudinem
1362 2377 1417 2425 et
1481 2369 1907 2442 profunditatem
1964 2381 2018 2428 et

438 2454 781 2511 latitudinem
811 2465 867 2512 et
903 2457 1299 2530 longitudinem
1331 2463 1620 2519 nominans
1651 2480 2016 2536 unumquem‘

436 2562 545 2616 que
572 2547 783 2618 apicem
810 2565 999 2605 eorum
1020 2567 1142 2621 qua:
1165 2552 1219 2606 in
1243 2554 1427 2610 crucis
1460 2555 1629 2627 ﬁgura
1664 2559 2018 2629 conspiciun-

439 2651 549 2704 tur,
582 2642 824 2712 propriis
854 2645 1138 2715 appellans
1192 2648 1508 2704 nominibus
1535 2689 1551 2713 ,
1588 2650 1661 2702 ita
1712 2657 1771 2704 ut
1807 2658 2015 2720 partem

438 2748 731 2803 supernam
768 2735 1113 2807 altitudinem
1155 2737 1346 2801 dicat,
1401 2740 1832 2810 profunditatem
1885 2757 2018 2797 vero

437 2821 585 2891 quod
610 2833 733 2893 post
753 2839 1071 2897 compagem
1098 2828 1415 2896 subjicitur,
1433 2837 1809 2885 transversum
1834 2840 2015 2886 autem

439 2929 537 2984 per
563 2923 858 2985 utrumque
884 2919 1093 2986 apicem
1125 2921 1241 2974 sive
1267 2930 1561 2975 anteanam
1586 2922 1943 2993 longitudinis
1964 2932 2018 2979 et

2123 445 2216 516 ροῦ
2245 444 2626 516 φανερωθῆναι
2673 444 2766 497 τὸν
2798 442 3036 513 Κύριον·
3077 442 3153 505 ὡς
3197 442 3296 513 τῆς
3343 441 3440 512 μὲν
3489 440 3698 509 φύσεως

2119 536 2214 590 τοῦ
2266 537 2477 608 [ἰατρὸς
2528 535 2777 608 καθαρᾶς
2811 538 2869 589 ὲν
2903 534 3141 605 ἀπαθείᾳ
3177 531 3534 604 διαμενούσης
3556 550 3572 566 ·
3607 533 3700 584 τοῦ

2118 631 2175 684 δὲ
2207 629 2337 683 Υἱοῦ
2370 630 2459 683 διά
2490 629 2550 683 rb
2597 629 2735 700 πρὸς
2784 628 2845 680 τὸ
2894 626 3271 694 ταπεινότερον
3322 623 3697 694 παρηλλάχθαι

2118 723 2216 794 τὴν
2247 722 2408 791 φύσιν
2427 763 2442 788 ,
2472 721 2609 793 πρὸς
2653 720 2856 791 σαρκός
2905 714 2962 773 τε
2994 720 3086 773 καὶ
3118 718 3349 772 θανάτου
3379 720 3576 788 πεῖραν
3603 718 3702 769 οὐκ

2121 813 2506 876 ἀδυνατοῦντος
2553 811 2727 865 ἐλθεῖν
2751 829 2764 842 ·
2805 811 2882 875 ὡς
2926 811 2987 863 ού
3020 810 3221 880 πολλῆς
3253 808 3559 879 γενομένης
3604 808 3703 876 τῆς

2124 904 2508 977 μεταστάσεως
2532 944 2547 969 ,
2587 903 2724 956 ἀλλά
2768 903 2967 972 τρόπον
3009 900 3131 954 τινὰ
3169 901 3304 971 πρὸς
3338 901 3397 954 rb
3445 902 3702 969 συγγενὲς

2122 996 2215 1049 καὶ¹
2242 994 2509 1064 ὁμόφυλον
2540 995 2604 1047 ὲκ
2633 993 2727 1047 τοῦ
2760 992 2947 1063 ὁμοίου
2981 991 3407 1064 μεταχωρούσης
3431 1031 3446 1054 ,
3491 990 3584 1048 διὰ
3611 990 3704 1043 τοῦ

2122 1086 2345 1154 κτιστὴν
2381 1085 2478 1155 μὲν
2526 1085 2624 1156 τὴν
2673 1084 3020 1154 ἀνθρωπίνην
3045 1123 3060 1148 ,
3097 1082 3321 1153 κτιστὴν
3361 1082 3418 1133 δὲ
3466 1081 3565 1135 καὶ
3611 1081 3706 1151 τὴν

2121 1175 2215 1229 τοῦ
2250 1173 2588 1243 Μονογενοῦς
2620 1174 2970 1227 ὑποτίθεσθαι
3001 1174 3182 1242 φύσιν.
3213 1171 3309 1236 Τίς
3337 1172 3518 1225 τοίνυν
3562 1172 3707 1223 εἰκός

2121 1285 2229 1330 τως
2262 1266 2682 1338 ἐπαισχύνεσθαι
2724 1266 2803 1337 τῷ
2844 1265 3061 1337 σταυρῷ
3107 1268 3533 1336 κατηγορεῖται;
3579 1268 3609 1318 ό
3642 1267 3707 1321 τᾶ

2120 1357 2353 1412 ταπεινά
2382 1360 2511 1432 περὶ
2551 1357 2743 1411 ἑαυτοῦ
2791 1357 2983 1426 λέγων,
3014 1358 3097 1427 ἢὸ
3135 1356 3262 1428 περὶ
3300 1356 3408 1409 τῶν
3450 1355 3714 1427 ὑψηλοτέο

2127 1467 2232 1519 ρων
2267 1449 2708 1519 ἀγωνιζόμενος;
2750 1448 2865 1501 Οὐκ
2904 1444 3021 1503 οἶδα
3069 1448 3117 1500 εί
3146 1449 3245 1518 τῆς
3275 1446 3488 1500 Παύλου
3535 1464 3709 1517 μεγαη

2122 1541 2389 1612 λοφωνίας
2414 1544 2443 1594 ὁ
2472 1542 2775 1612 κατήγορος
2801 1540 3058 1610 ἤκουσεν,
3092 1540 3120 1591 ὁ
3147 1538 3289 1592 οὓτω
3320 1538 3717 1611 κατασμικρύισ

2123 1651 2228 1688 νων
2254 1633 2345 1687 τὸν
2373 1634 2473 1699 ἐπὶ
2496 1632 2588 1686 τοῦ
2624 1632 2854 1703 σταυροῦ
2898 1631 3267 1703 γνωρισθέντα
3300 1631 3432 1684 Θεὸν
3451 1672 3467 1697 ,
3497 1626 3586 1685 οἷα
3616 1632 3717 1685 καὶ

2128 1724 2228 1778 ὅσα
2276 1725 2482 1785 ἐκεῖνος
2518 1722 2596 1793 τῷ
2639 1721 2829 1793 ὑψηλῴ
2878 1721 3107 1791 στόματι
3145 1721 3274 1793 περὶ
3317 1719 3412 1773 τοῦ
3469 1737 3603 1772 σταυ
3618 1718 3716 1790 poi

2129 1814 2464 1886 διεξέρχεται
2485 1830 2499 1843 ο
2528 1817 2556 1867 ό
2595 1813 2705 1886 γὰρ
2741 1813 2828 1867 διά
2855 1814 3125 1867 τοσούτων
3164 1814 3259 1865 καί¹
3285 1811 3543 1865 τοιούτων
3573 1810 3714 1863 θαλ-

2132 1908 2315 1978 μάτων
2353 1906 2542 1959 ἑαυτὸν
2572 1905 2859 1977 γνωρίζειν
2892 1904 3055 1975 ἔχων,
3088 1903 3182 1971 Μὴ
3222 1902 3485 1972 γένοιτο,
3520 1903 3715 1971 φησιν,

2126 1999 2229 2052 ἐπί
2258 2016 2375 2054 τινι
2401 1999 2569 2063 ἄλλῳ
2595 1995 2933 2068 καυχᾶσθαι
2958 2039 2972 2062 ,
3004 1999 3058 2050 ει
3088 1997 3173 2067 μὴ
3214 1995 3308 2048 ἐπὶ
3352 1994 3436 2061 τῷ
3462 1993 3718 2063 σταῖς,ίῴ

2126 2090 2233 2145 τοῦ
2282 2089 2574 2159 Χριστοῦ*
2628 2090 2724 2144 καὶ
2762 2088 2898 2160 πρὶς
2944 2076 3264 2160 Κορινθίους
3294 2086 3442 2157 λέγει
3485 2087 3579 2141 τὸν
3630 2088 3719 2139 λό-

2126 2199 2221 2250 γον
2280 2182 2376 2236 τοῦ
2431 2181 2665 2254 σταυροῦ
2725 2180 2953 2251 δύναμιν
3009 2180 3144 2234 Θεοῦ
3202 2183 3315 2245 τοῖς
3375 2180 3717 2251 σωζομένοις

2127 2272 2263 2330 εἶναι
2288 2292 2301 2305 ·
2340 2276 2608 2345 Ἐφεσίοις
2637 2276 2819 2346 δὲτὴν
2855 2275 2916 2328 τὸ
2964 2276 3073 2327 πᾶν
3095 2274 3489 2346 διακρατοῦσάν
3523 2292 3585 2327 τε
3622 2278 3718 2329 καὶ

2128 2368 2454 2438 συνέχουσαν
2499 2367 2751 2438 δύναμιν,
2799 2366 2876 2437 τῷ
2905 2365 3273 2437 σχήματιτοῦ
3326 2365 3568 2438 σταυροῦ
3613 2385 3717 2423 και

2125 2461 2415 2533 ταγράφει,
2451 2460 2511 2512 ὲν
2539 2454 2621 2523 οἷς
2656 2458 2905 2529 βούλεται
2932 2460 3131 2522 αὐτοὺς
3160 2457 3474 2527 ὑψωθέντας
3499 2458 3717 2527 γνῶναι

2125 2553 2222 2624 τὴν
2285 2551 2728 2609 ὑπερϐάλλουσαν
2778 2551 2936 2617 δόξαν
2982 2553 3081 2622 τῆς
3130 2552 3411 2623 δυνάμεως
3462 2552 3715 2624 ταύτης,

2126 2646 2259 2717 ’ύψος
2291 2647 2381 2699 καὶ
2408 2644 2605 2714 βάθος,
2651 2646 2747 2697 καὶ
2788 2644 2991 2709 πλάτος
3011 2684 3025 2706 ,
3056 2646 3149 2698 καὶ
3190 2646 3362 2715 μῆκος
3401 2648 3719 2715 κατονομά-

2126 2740 2253 2805 ζων,
2290 2740 2527 2809 εκάστην
2550 2737 2777 2808 κεραίαν
2801 2738 2908 2792 τῶν
2942 2737 3083 2791 κατά
3109 2738 3171 2791 rb
3202 2738 3385 2808 σχῆμα
3415 2737 3508 2790 τοῦ
3543 2754 3719 2792 crau-

2130 2832 2221 2904 ροῦ
2276 2833 2663 2905 θεωρουμένων
2689 2873 2703 2895 ,
2757 2832 2907 2895 ἰδίοις
2957 2832 3379 2903 προσαγορεύων
3422 2832 3717 2902 ὀνόμασιν*

2124 2924 2200 2988 ὡς
2231 2925 2293 2977 τὸ
2339 2926 2436 2994 μὲν
2487 2926 2598 2979 ἄνω
2641 2924 2835 2995 μέρος,
2881 2923 3016 2993 θψος
3062 2925 3233 2976 εἰπεῖν
3259 2940 3271 2954 ο
3305 2922 3467 2993 βάθος
3513 2923 3592 2987 δὲ,
3659 2925 3723 2977 τὰ

439 3005 744 3061 latitudinis
789 3008 1010 3064 nomine
1044 3010 1363 3080 signiﬁcans
1390 3011 1488 3083 (a).
1534 3014 1610 3068 lta
1659 3022 1720 3069 ut
1767 3031 1865 3086 per
1910 3014 2016 3071 boc

2129 3014 2268 3087 μετὰ
2319 3016 2415 3086 τὴν
2458 3015 2736 3087 συμϐολὴν
2767 3015 3128 3086 ὑποκείμενον
3155 3031 3167 3043 ·
3195 3015 3293 3084 τὴν
3324 3015 3379 3067 δὲ
3407 3014 3719 3086 ἐγκάρσιαι

441 3110 695 3166 maguum
715 3098 1034 3168 mysterium
1054 3100 1455 3168 manifestetur,
1475 3103 1604 3174 quia
1615 3108 1879 3176 ccelestia,
1895 3108 2020 3163 sub-

438 3194 690 3240 terranea
716 3194 770 3240 et
797 3188 980 3242 omnia
1009 3204 1198 3245 eorum
1240 3208 1362 3262 quae
1390 3204 1519 3248 sunt
1544 3205 1792 3252 extrema
1830 3199 2017 3254 conti-

441 3285 641 3332 nentur
671 3287 725 3332 et
745 3289 1073 3335 coercentur
1127 3283 1196 3336 ab
1228 3300 1296 3338 eo
1335 3286 1427 3354 qui
1481 3285 1623 3341 hanc
1689 3288 2015 3344 ineffabilem

440 3379 495 3425 et
523 3386 777 3441 magnam
808 3370 1067 3426 virtutem
1105 3374 1159 3426 in
1196 3374 1297 3429 hac
1342 3378 1525 3432 crucis
1554 3377 1727 3449 ﬁgura
1757 3381 2016 3438 ostendit.

443 3457 551 3514 Sed
592 3460 648 3514 in
688 3459 775 3514 his
813 3459 1293 3517 criminationibus
1333 3479 1440 3518 non
1477 3468 1711 3536 amplius
1730 3468 2020 3525 decertan-

441 3548 570 3601 dum
624 3564 748 3604 esse
789 3550 1048 3613 arbitror,
1107 3565 1578 3621 supervacaneum
1625 3558 1885 3626 judicans
1914 3562 2017 3616 ad-

443 3654 637 3695 versus
663 3640 996 3695 calumniam
1020 3643 1363 3711 argumentis
1400 3646 1603 3703 obnixe
1633 3658 1687 3703 et
1728 3651 2021 3708 vehemen-

441 3740 526 3786 ter
557 3732 914 3798 contendere,
948 3736 1253 3806 praesertim
1290 3751 1415 3791 cum
1443 3740 1644 3797 veritas
1679 3744 1870 3817 paucis
1920 3746 2018 3803 de—

442 3833 746 3885 monstrata
777 3826 863 3882 sit.

512 4008 696 4075 Quare
719 4010 786 4064 ad
815 4010 1047 4066 alterum
1069 4014 1441 4071 accusationis
1462 4024 1627 4087 caput
1649 4024 2016 4078 transeamus.

442 4097 584 4156 Dicit
619 4101 803 4171 itaque
852 4113 1066 4157 sanctos
1112 4122 1145 4158 α
1192 4105 1342 4160 nobis
1389 4106 1444 4161 in
1493 4109 1746 4163 invidiam
1791 4114 1929 4181 rapi,
1970 4122 2021 4168 et

440 4209 533 4261 ρει·
574 4194 901 4250 calumniam
948 4200 1075 4266 peti.
1137 4196 1246 4253 Sed
1287 4200 1331 4255 si
1365 4201 1483 4271 ipse
1530 4201 1755 4269 audivit,
1812 4207 2012 4261 calum-

443 4286 713 4341 niantium
749 4289 915 4344 verba
966 4293 1200 4359 referat;
1238 4294 1383 4363 quod
1439 4296 1484 4350 si
1517 4311 1618 4353 nos
1650 4298 1772 4355 aliis
1814 4299 2022 4358 dixisse

2123 3106 2244 3160 καθ’
2269 3107 2525 3178 ἑκάτερον
2556 3107 2813 3179 κεραίαν,
2840 3106 2917 3177 τῷ
2959 3106 3052 3159 τοῦ
3094 3107 3299 3179 μήκους
3340 3123 3399 3158 τε
3439 3105 3533 3160 καὶ
3568 3106 3717 3160 πλά-

2122 3214 2247 3260 τους
2273 3198 2491 3267 όνόματι
2527 3197 2933 3268 διασημαίνων·
2968 3197 3044 3259 ὡς
3078 3196 3146 3249 ἂν
3189 3196 3276 3250 διὰ
3306 3196 3496 3249 τούτου
3538 3214 3717 3265 φανε-

2125 3288 2320 3359 ρωθείη
2354 3288 2414 3341 τὸ
2446 3288 2588 3359 μέγα
2621 3289 2919 3359 μυστήριον
2945 3329 2958 3351 ,
2990 3288 3072 3341 ὅτι
3104 3288 3197 3340 καὶ
3249 3286 3318 3340 τὰ
3350 3287 3576 3356 οὐράνια
3615 3289 3716 3339 καὶ

2122 3378 2188 3434 τά
2216 3379 2563 3450 καταχθόνια,
2597 3381 2690 3434 κα)⁵
2719 3382 2895 3434 πάντα
2922 3378 3030 3432 τῶν
3056 3379 3225 3433 ὄντων
3259 3377 3320 3431 τὰ
3352 3378 3561 3449 πέρατα
3585 3380 3715 3433 δια·

2121 3474 2400 3541 κρατεῖται
2452 3472 2548 3526 καὶ
2597 3470 2879 3542 συνέχεται
2923 3472 3077 3543 παρά
3106 3470 3200 3523 τοῦ
3239 3470 3339 3541 τὴν
3388 3470 3717 3540 ἀπόρρητον

2122 3561 2215 3614 καὶ
2242 3560 2484 3632 μεγάλην
2516 3560 2722 3631 ταύτην
2765 3560 2994 3631 δύναμιν
3026 3562 3084 3612 ὲν
3120 3560 3199 3631 τῷ
3228 3560 3383 3630 τύπῳ
3413 3558 3509 3612 τοῦ
3546 3577 3714 3613 σταυ-

2124 3652 2218 3724 ροῦ
2258 3652 2700 3724 παραδείξαντος.
2763 3652 2901 3706 Ἀλλ’
2949 3653 3099 3706 οὐδὲν
3159 3649 3314 3723 οἶμαι
3369 3652 3480 3707 δεῖν
3536 3652 3719 3708 πλέοι

2120 3748 2237 3809 ταῖς
2272 3746 2471 3809 αἰτίαις
2498 3745 2722 3810 ταύταις
2748 3744 3195 3814 ὲναγωνίξεσθαι,
3227 3746 3477 3817 περιττὸν
3498 3745 3713 3816 κρίνων

2123 3838 2593 3909 ὲμφιλοτιμείσθαι
2620 3841 2731 3903 τοῖς
2752 3838 2893 3892 κατά
2914 3838 3012 3908 τῆς
3039 3839 3403 3908 συκοφαντίας
3431 3838 3709 3908 ἐλέγχοις,

2122 3934 2215 3983 καὶ
2238 3929 2305 3983 δι’
2339 3929 2536 3999 ὀλίγων
2563 3931 2661 4001 τῆς
2697 3930 2955 4001 ἀληθείας
2984 3929 3311 4001 δειχθείσης.

2193 4020 2402 4074 Οὐκοῦν
2432 4020 2568 4092 πρὸς
2610 4021 2795 4092 ἕτερον
2833 4019 3083 4091 ἔγκλημα
3128 4020 3205 4091 τῷ
3236 4020 3381 4091 λόγῳ
3420 4021 3703 4092 μετέλθωο

2126 4130 2245 4183 μενο
2288 4112 2718 4167 Διαϐάλλεσθαι
2756 4111 2902 4180 λέγει
2945 4113 3082 4180 παρ’
3115 4111 3286 4181 ἡμῶν
3305 4112 3448 4179 τοὺς
3465 4114 3705 4183 ἁγίους.

2137 4205 2274 4257 Ἀλλ’
2306 4207 2353 4257 εἰ
2391 4206 2489 4275 μὲν
2522 4204 2683 4267 αὐτὸς
2726 4204 2952 4273 ἀκήκοε,
2995 4203 3200 4272 λεγέτω
3230 4204 3299 4258 τὰ
3345 4206 3570 4275 ῥήματα
3601 4206 3707 4275 τῆς

2126 4296 2457 4368 κατηγορίας
2484 4313 2497 4325 ·
2551 4298 2599 4349 εἰ
2644 4295 2702 4349 δὲ
2736 4295 2872 4367 πρὸς
2927 4294 3146 4365 ἑτέρους
3203 4296 3481 4366 εἰρηκέναι
3527 4296 3704 4366 λέγει,

443 4375 662 4440 asserit,
692 4391 788 4446 per
827 4386 998 4435 testes
1027 4395 1212 4436 veram
1244 4384 1461 4453 culpam
1494 4388 1747 4441 ostendat
1774 4407 1787 4443 :
1821 4391 1865 4445 si
1891 4409 2018 4449 vero

2124 4391 2348 4457 δειξάτω
2392 4389 2480 4444 διὰ
2525 4390 2633 4443 τῶν
2676 4389 3097 4462 μαρτυρούντων
3130 4389 3303 4462 ἀληθῆ
3348 4390 3445 4458 τὴν
3492 4389 3700 4444 atrium

442 4480 509 4521 ex
545 4467 613 4522 iis
648 4483 770 4537 quae
799 4471 1126 4540 scripsimus
1158 4471 1520 4538 demonstrat,
1571 4477 1763 4531 recitet
1789 4479 2021 4543 dicta,et

444 4558 663 4628 culpam
689 4561 1054 4631 recipiemus;
1089 4562 1239 4632 atqui
1267 4562 1402 4617 nihil
1429 4565 1536 4620 tale
1569 4567 1814 4636 proferre
1834 4582 2018 4638 queat.

441 4650 639 4707 Nostra
665 4651 809 4705 enim
833 4653 1037 4723 scripta
1068 4653 1245 4709 cuivis
1267 4655 1627 4710 examinanda
1654 4664 1705 4711 et
1742 4659 2020 4726 probanda

444 4754 843 4811 proponuntur.
872 4743 929 4798 Si
963 4745 1129 4814 igitur
1159 4760 1335 4815 neque
1367 4747 1414 4799 ei
1444 4747 1650 4801 dictum
1689 4761 1795 4813 est,
1842 4766 2021 4822 neque

441 4835 512 4889 ab
535 4836 658 4891 aliis
684 4836 915 4899 audivit,
951 4850 1128 4906 neque
1161 4851 1227 4891 ex
1259 4840 1481 4909 scriptis
1516 4841 1724 4896 nostris
1756 4850 2016 4913 tanquam

441 4927 751 4997 obsignatis
800 4927 1017 4981 tabellis
1062 4935 1241 4998 potest
1274 4932 1622 4996 convincere,
1657 4939 1840 4987 tacere
1888 4944 2020 5004 puto

442 5028 700 5087 oportere
756 5034 880 5076 eum
933 5021 1027 5090 qui
1074 5020 1449 5078 defensionem
1508 5024 1825 5081 instituerit.
1880 5027 2016 5083 Nam

443 5110 713 5168 adversus
761 5112 970 5167 crimen
1004 5113 1149 5184 quod
1184 5114 1333 5167 nulla
1375 5113 1696 5185 probatione
1743 5117 2013 5185 subsistit,

446 5204 708 5271 praeclara
740 5219 873 5260 sane
920 5203 1167 5261 defensio
1182 5206 1526 5273 est,omnino
1540 5206 1720 5260 silere.
1742 5207 2019 5263 [‘etrusin-

440 5298 870 5370 quitapostolus,
898 5299 1239 5354 Dominumet
1258 5297 1526 5356 Christum
1541 5299 1684 5356 Deus
1715 5295 1837 5363 fecit
1879 5298 2017 5353 hunc

445 5383 617 5450 ipsum
661 5384 849 5439 Jesum
887 5403 1039 5457 quem
1082 5406 1169 5443 vos
1215 5390 1269 5443 in
1320 5406 1525 5443 crucem
1564 5392 1745 5461 egistis
1778 5393 1839 5445 ⁸⁸.
1891 5392 2017 5448 llzrc

2118 4484 2179 4536 Et
2212 4481 2268 4535 δὲ
2297 4481 2388 4549 ἀφ’
2417 4474 2491 4534 ὧν
2520 4480 2957 4552 γεγράφήκαμεν
2980 4480 3376 4543 ἀποδείκνυσιν,
3401 4480 3705 4548 ἀναγνώτω

2117 4571 2186 4625 τὰ
2220 4570 2509 4641 εἰρημένα,
2538 4571 2634 4623 καὶ
2664 4570 2761 4641 τὴν
2794 4570 2973 4623 αἰτίαν
3004 4570 3267 4641 δεξόμεθα
3291 4586 3303 4600 ·
3355 4570 3471 4624 ἀλλ’
3497 4571 3600 4624 οὐκ
3632 4570 3701 4623 ἄν

2116 4682 2168 4717 τι
2200 4664 2437 4717 τοιοῦτον
2478 4667 2865 4733 προσενεγκεῖν
2908 4663 3040 4734 ἔχοι.
3071 4665 3366 4735 Πρόκειται
3397 4664 3506 4733 γὰρ
3536 4664 3700 4718 παντὶ

2116 4751 2194 4822 τῷ
2227 4752 2533 4823 βουλομένῳ
2557 4752 2625 4805 τὰ
2659 4754 2787 4823 παρ’
2816 4752 2972 4823 ἡμῶν
3000 4755 3082 4815 εἰς
3110 4751 3371 4816 ἐξέτασιν.
3419 4753 3480 4805 Εἰ
3503 4753 3560 4805 δὲ
3589 4754 3697 4822 μή-

2116 4860 2178 4896 τε
2209 4842 2346 4914 πρὸς
2374 4843 2536 4895 αὑτὸν
2564 4842 2804 4915 εἴρηται,
2843 4845 2981 4913 μήτε
3017 4842 3221 4913 ἑτέρων
3258 4844 3517 4911 ἀκήκοεν,
3557 4843 3695 4913 μήτε

2116 4934 2204 4989 διά
2230 4933 2338 4987 τῶν
2378 4937 2782 5006 γεγραμμένων
2812 4936 2925 5005 ἔχει
2950 4934 3041 4988 τὸν
3076 4934 3319 5004 ἔλεγχον,
3353 4934 3510 5003 σιγᾷν
3540 4930 3695 5002 οἶμαι

2116 5032 2310 5103 χρῆναι
2339 5031 2430 5083 τὸν
2467 5030 2606 5101 ὑπὲρ
2639 5030 2844 5083 τούτων
2893 5028 3351 5100 ἀπολογούμενον.
3403 5026 3550 5096 Πρὸς
3586 5024 3697 5093 γάρ

2114 5121 2175 5175 rb
2223 5122 2590 5175 ἀνυπόστατον
2643 5120 2913 5191 ἔγκλημα,
2955 5120 3241 5191 πρέπουσα
3288 5120 3505 5180 πάντως
3547 5119 3692 5170 ἐστι,

2121 5212 2383 5281 ἀπολογία
2436 5215 2468 5283 ἠ
2524 5214 2725 5283 σιωπή.
2786 5213 2989 5285 Πέτρος
3057 5214 3221 5283 φησιν
3278 5213 3307 5264 ό
3360 5209 3691 5269 ἀπόστολος.

2120 5305 2337 5372 Κύριον
2366 5304 2464 5359 καὶ
2510 5307 2764 5372 Χριστὸν
2804 5309 2835 5360 ὀ
2874 5305 3019 5371 Θεὸς
3054 5305 3302 5371 ἐποίησε
3337 5303 3555 5356 τοῦτον
3587 5297 3691 5352 τὸν

2134 5395 2375 5462 Ἰησοῦν
2396 5395 2470 5448 ὃν
2489 5395 2655 5466 ὑμεῖς
2678 5396 3115 5466 ἐσταυρώσατε.
3153 5395 3344 5466 Ἡμεῖς
3366 5391 3541 5448 ταῦτα
3565 5387 3687 5457 παρ’

556 5543 595 5570 ¹²
633 5542 813 5599 Galat.
853 5560 925 5607 vi,
972 5545 1055 5600 Η.
1136 5543 1215 5597 ³³1
1241 5546 1367 5600 Cor.
1400 5563 1434 5611 ι,
1475 5547 1559 5601 18.
1641 5548 1682 5577 ¹⁸
1719 5548 1917 5613 Eplics.
1945 5567 2018 5617 Ill,

2124 5591 2131 5607 .
2209 5554 2253 5584 ”
2285 5552 2405 5608 Act.
2433 5568 2495 5619 ιι,
2521 5554 2607 5607 56.

523 5697 598 5770 (rt)
638 5695 780 5763 Idem
816 5697 989 5759 fusius
1023 5698 1177 5752 docet
1210 5697 1269 5753 ll.
1308 5699 1465 5771 Gicg.
1508 5702 1660 5771 Nysa.
1701 5703 1752 5756 in
1793 5703 2116 5761 Cuz.=u'u‘tft‘(t
2153 5707 2390 5762 oratione
2428 5721 2478 5763 c.
2511 5707 2601 5763 52.
