3992 6210
235 326 325 384 €97
1335 327 1618 383 CONTRA
1650 327 2042 400 EUNOMIUM,
2084 333 2213 389 LIB.
2257 335 2322 390 V.

3373 343 3480 401 693

230 442 377 498 αὑτοῦ
409 443 787 515 μεμαθηκότες
833 447 1033 515 φαμὲν,
1076 447 1200 516 περὶ
1244 446 1302 499 ἓν
1347 448 1524 501 πᾶσαν
1573 446 1775 517 βλέπεω

1896 463 1997 504 nos
2028 450 2096 504 ab
2125 466 2192 506 eo
2224 451 2429 517 edocti,
2479 451 2715 509 dicimus
2760 452 2816 525 in
2854 468 3024 508 unum
3060 468 3277 512 omnem
3303 456 3477 512 dieto~

228 536 322 590 τῶν
345 535 645 606 εἰρημένων
670 537 769 606 τὴν
796 539 1130 609 σύμφρασιν,
1159 538 1320 592 αὑτὸν
1339 556 1395 592 τε
1417 537 1509 591 τὸν
1538 538 1785 609 σταυρὸν,

230 626 310 680 καὶ
353 626 409 679 τὸ
457 626 800 695 ἀνθρώπινον
849 628 1057 699 ὄνομα,
1121 630 1213 682 καὶ
1264 629 1324 683 τὸ
1369 628 1635 683 δεικτικὸν
1689 631 1788 700 τῆς

228 720 411 790 φωνῆς.
466 718 571 773 Δύο
597 720 708 791 γὰρ
738 721 1039 792 πράγματα
1071 723 1199 793 περὶ
1220 720 1279 779 ἓν
1314 722 1603 792 πρόσωπον
1635 723 1663 774 ὁ
1688 724 1788 792 τῆς

224 815 259 868 Γ
264 814 427 884 ραφῆς
451 812 610 881 λόγος
635 814 1000 884 γεγεννῆσθαί
1024 831 1179 887 φησι·
1214 815 1366 887 παρὰ
1398 815 1496 885 μὲν
1519 814 1628 867 τῶν
1660 814 1788 869 Ἰου-

221 903 364 957 δαίων
387 903 452 956 τὸ
498 904 692 967 πάθος,
725 905 876 976 παρά
897 905 955 959 δὲ
1001 906 1094 960 τοῦ
1132 906 1268 960 Θεοῦ
1304 907 1403 978 τὴν
1431 907 1599 978 τιμήν
1625 922 1639 937 '
1689 907 1786 977 οὑχ

219 995 287 1057 ὡς
321 994 481 1048 ἄλλου
539 996 639 1066 μὲν
689 996 1039 1061 πεπονθότος,
1073 998 1276 1070 -ὲτέρου
1320 998 1380 1051 δὲ
1419 997 1509 1051 διὰ
1554 998 1654 1068 τῆς
1694 999 1786 1051 ἀν-

218 1085 466 1154 υψώσεως
495 1089 895 1158 τετιμημένου·
935 1089 1030 1143 καὶ
1060 1090 1393 1162 σαφέστερον
1423 1091 1784 1163 ὲφερμηνεύει

217 1180 372 1247 λέγων
418 1181 510 1235 διὰ
552 1181 662 1234 τῶν
698 1180 935 1252 ἑφεξῆς⁶
977 1181 1059 1252 Τῇ
1094 1181 1263 1250 δεξιᾷ
1291 1175 1422 1255 γὰρ,
1454 1184 1640 1253 φησὶν,
1678 1183 1784 1239 τοῦ

216 1272 352 1329 Θεοῦ
383 1274 668 1342 ὑψωθείς.
713 1274 809 1338 Τίς
832 1270 927 1328 οὖν
970 1274 1196 1346 ὑψώθη;
1263 1276 1321 1328 ὐ
1352 1275 1606 1340 ταπεινὸς
1638 1276 1713 1341 δὲ,
1748 1276 1780 1347 ἢ

211 1367 238 1427 ὸ
265 1364 484 1433 ὕψιστος
501 1385 517 1434 ;
542 1367 607 1421 Τί
634 1368 690 1420 δὲ
711 1368 841 1422 ἄλλο
864 1367 1016 1439 παρά
1030 1368 1093 1422 τὸ
1110 1367 1262 1422 Θεῑόν
1279 1370 1425 1421 ἐστιν
1442 1370 1471 1421 ὁ
1485 1368 1745 1438 "remo;
1764 1388 1779 1437 ;

222 1455 372 1508 Ἀλλὰ
406 1458 519 1527 μὴν
546 1459 576 1511 ὁ
602 1457 736 1521 Θεὸς
766 1457 1048 1531 ὑψωθῆναι
1090 1458 1151 1512 οὑ
1188 1458 1389 1525 δέεται,
1434 1459 1654 1529 ὕψιστος
1681 1458 1778 1513 ὧν.

214 1547 340 1616 ’Δρα
370 1548 436 1601 τὸ
485 1548 827 1621 ἀνθρώπινον
867 1553 896 1605 ὁ
976 1550 1275 1615 ἀπόστολος
1322 1551 1571 1622 ὑψῶσθαι
1610 1551 1777 1620 λέγει.

219 1637 429 1709 ’Υψώθη
480 1639 537 1692 δὲ
571 1639 658 1693 διὰ
693 1640 789 1693 τοῦ
838 1639 1044 1713 Κύριος
1083 1643 1179 1696 καὶ
1223 1643 1459 1714 Χριστὸς
1505 1642 1775 1712 γενέσθαι.

204 1731 289 1791 ,Διά
310 1730 478 1785 τοῦτο
504 1731 563 1785 δὲ
595 1732 736 1803 μετὰ
764 1732 825 1786 τὸ
865 1733 1037 1797 πάθος
1063 1734 1299 1803 ἐγένετο.
1336 1734 1565 1800 Οὐκοῦν,
1592 1737 1654 1788 οὑ
1681 1735 1780 1806 τὴν

1898 554 2021 593 rum
2052 541 2294 610 phrasim
2319 543 2627 613 respicere;
2666 552 2719 599 et
2740 544 2915 614 ipsam
2948 561 3191 615 crucem,
3213 536 3483 604 ctbuma-V

1902 645 2033 684 num
2069 648 2292 699 nomen,
2341 642 2395 689 et
2427 634 2538 688 vim
2584 636 2736 690 vocis
2769 637 3283 694 demonstrativam.
3332 642 3477 695 Duas

1895 721 2041 775 enim
2077 737 2167 779 res
2217 724 2363 780 circa
2412 740 2574 779 unam
2613 740 2904 796 personam
2944 728 3241 798 Scriptura
3294 746 3477 785 sermo

1895 814 2094 869 asserit
2123 814 2294 871 fuisse
2333 814 2531 880 factas,
2559 834 2587 871 a
2635 814 2840 872 Iudaeis
2883 817 3104 887 quidem
3141 821 3473 889 passionem,

1895 917 1925 956 a
1962 902 2070 958 Deo
2125 915 2307 960 autem
2354 906 2660 961 honorem:
2721 924 2833 963 non
2867 910 3014 978 quod
3065 910 3206 967 alius
3255 912 3473 981 quidem

1894 1007 2096 1062 passus
2112 994 2204 1058 sit,
2238 996 2381 1051 alius
2399 1012 2528 1051 vero
2542 1012 2639 1067 per
2662 997 3045 1053 exultationem
3066 1001 3136 1055 sit
3151 1000 3472 1063 honoratus.

1892 1084 2039 1152 quod
2080 1084 2286 1141 clarius
2319 1088 2505 1143 verbis
2527 1089 2888 1158 sequentibus
2910 1092 3323 1160 interpretatur,
3344 1096 3473 1148 dum

1892 1171 2045 1239 dicit,
2087 1172 2288 1229 Dextra
2317 1175 2418 1230 Dei
2450 1177 2740 1232 exaltatus.
2789 1177 2925 1246 Quis
2983 1179 3151 1249 igitur
3203 1182 3475 1241 exaltatus

1890 1266 2014 1320 est?
2061 1266 2358 1325 humilisne
2407 1285 2475 1325 an
2541 1270 2891 1327 altissimus?
2922 1270 3061 1338 Quid
3098 1282 3277 1328 autem
3326 1274 3474 1330 aliud

1890 1370 2055 1424 quam
2083 1355 2228 1414 Deus
2257 1367 2344 1415 est
2378 1360 2470 1415 ille
2500 1360 2596 1430 qui
2635 1360 3092 1416 estAltissimus?
3118 1362 3281 1433 Atqui
3330 1361 3474 1423 Deus

1891 1449 2196 1506 altissimus
2218 1466 2341 1505 cum
2372 1452 2468 1514 sit,
2500 1466 2611 1507 non
2649 1452 2854 1524 indiget
2889 1460 2950 1506 ut
2979 1453 3303 1509 sublimetur
3330 1472 3344 1509 :
3373 1454 3477 1526 igi-

1891 1547 1986 1596 tur
2026 1544 2313 1612 apostolus
2343 1545 2488 1614 quod
2524 1544 2823 1599 humanum
2870 1553 2975 1611 est,
3003 1547 3299 1601 exaltatum
3354 1563 3476 1604 esse

1891 1631 2049 1686 dicit.
2091 1632 2382 1692 Exaltatus
2417 1644 2502 1691 est
2529 1645 2733 1703 autem,
2763 1637 2893 1706 quia
2930 1637 3193 1694 Dominus
3222 1648 3275 1695 et
3316 1641 3475 1695 Chri-

1891 1731 2013 1780 stus
2047 1725 2229 1782 factus
2259 1736 2364 1787 est.
2405 1727 2636 1799 Propter
2687 1730 2792 1784 hoc
2848 1739 3030 1785 autem
3077 1742 3202 1801 post
3256 1734 3472 1803 passio-

204 1822 525 1893 προαιώνιον
558 1823 792 1895 ὕπαρξιν
811 1824 904 1879 τοῦ
935 1825 1143 1897 Κυρίου
1171 1825 1259 1881 διά
1285 1825 1380 1883 τοῦ
1402 1827 1654 1896 ἐποίησε
1677 1828 1775 1897 ῥή-

1884 1831 2009 1870 nem
2055 1816 2234 1875 factus
2284 1826 2386 1874 est.
2435 1819 2801 1885 Quamobrem
2860 1822 3146 1891 apostolus
3197 1840 3305 1880 non
3366 1825 3479 1880 Do-

205 1932 353 1983 ματος
404 1917 741 1988 παρίστησιν
769 1920 798 1971 ὁ
852 1916 1178 1982 ἀπόστολος,
1227 1918 1365 1973 ἀλλὰ
1406 1918 1504 1991 τὴν
1543 1919 1638 1973 τοῦ
1683 1937 1778 1974 τα-

200 2007 382 2062 πεινοῦ
413 2008 552 2079 πρὸς
589 2008 649 2062 τὸ
679 2008 880 2080 ὑψηλὸν
929 2010 1307 2082 μεταποίησιν,
1350 2010 1439 2065 διὰ
1467 2011 1568 2081 τῆς
1600 2010 1778 2077 δεξιᾶς

195 2096 277 2151 τοῦ
302 2097 449 2151 Θεοῦ
479 2099 875 2171 γεγενημένην.
892 2101 1257 2172 Σαφηνίζεται
1286 2101 1397 2174 γὰρ
1420 2104 1514 2157 καὶ
1540 2102 1628 2156 διὰ
1654 2102 1779 2156 τοὺ-

195 2205 275 2241 του
294 2189 399 2243 τοῦ
435 2192 678 2263 ῥήματος
703 2191 765 2245 τὸ
792 2192 887 2262 τῆς
914 2193 1194 2258 εὐσεϐείας
1226 2196 1540 2267 μυστήριον.
1582 2195 1640 2249 '0
1668 2193 1777 2267 γὰρ

196 2281 344 2339 εἰπὼν
404 2283 488 2336 ὅτι
527 2285 594 2354 τῇ
630 2281 782 2353 δεξιᾷ
820 2282 915 2337 τοῦ
944 2283 1081 2338 Θεοῦ
1111 2284 1367 2355 ὑψωθεὶς,
1403 2287 1654 2357 φανερῶς
1685 2290 1777 2341 ὲκ-

194 2373 460 2435 ιιαλὺπτει
488 2373 588 2445 τὴν
617 2374 929 2447 ἀπόρρητον
962 2374 1056 2430 τοῦ
1108 2378 1409 2448 μυστηρίου
1439 2379 1773 2450 οἰκονομίαν.

194 2464 303 2521 ’Ὁτι
329 2467 379 2535 ὴ
409 2464 560 2533 δεξιά
589 2465 683 2523 τοῦ
706 2464 839 2525 Θεοῦ
866 2467 899 2538 ἡ
927 2467 1184 2538 ποιητικὴ
1216 2467 1435 2522 πάντων
1453 2469 1563 2522 τῶν
1582 2469 1771 2535 ὄντων,

192 2556 402 2627 ῆὲστεν
442 2558 472 2610 ὁ
516 2557 744 2629 Κύριος,
776 2557 843 2611 δι’
876 2552 936 2614 οὕ
975 2558 1045 2613 τὰ
1078 2559 1255 2613 πάντα
1286 2561 1536 2629 ἐγένετο,
1578 2563 1674 2619 καὶ
1714 2556 1775 2618 οὕ

192 2653 344 2721 χωρὶς
391 2650 602 2722 ὑπέστη
644 2650 756 2704 τῶν
798 2651 967 2705 ὄντων
1015 2652 1188 2716 οὐδὲν,
1219 2653 1358 2724 αὑτὴ
1385 2654 1477 2707 τὸν
1508 2654 1775 2711 ὲνωθέντα

192 2739 313 2809 πρὸς
340 2740 529 2810 αὐτὴν
571 2738 856 2811 ἄνθρωπον
886 2742 966 2804 είς
1000 2742 1061 2795 τὸ
1088 2741 1218 2795 ῐδιον
1261 2741 1393 2811 ὕψος
1424 2744 1665 2813 ἀνήγαγε
1688 2745 1775 2799 διὰ

189 2830 277 2901 τῆς
301 2831 696 2902 ἀνακράσεως,
749 2831 888 2903 ὅπερ
919 2832 1066 2886 ἐστὶν
1099 2832 1236 2905 αὑτὴ
1282 2833 1424 2887 κατὰ
1465 2834 1564 2906 τὴν
1589 2834 1772 2903 φύσιν,

190 2920 440 2974 κάκεῖνον
472 2920 770 2989 ποιήσασα.
806 2920 960 2973 Ἔστι
988 2920 1045 2972 δὲ
1074 2921 1204 2974 αὑτὸ
1237 2922 1455 2989 Κύριος
1475 2921 1571 2974 καὶ
1597 2920 1777 2975 Βασι-

185 3014 356 3079 My!
390 3012 624 3083 Χριστὸς
674 3011 784 3082 γάρ
827 3012 857 3064 ὁ
904 3012 1159 3083 βασιλεὺς
1209 3013 1564 3085 ὁνομάζεται’
1600 3012 1774 3068 ταῦτα

189 3105 441 3158 κάκεῖνον
485 3104 759 3175 ἐποίησεν.
804 3104 1016 3175 Ὠσπερ
1046 3105 1156 3177 γάρ
1187 3105 1246 3159 ὲν
1275 3105 1352 3177 τῷ
1384 3106 1595 3177 ὑψίστῳ
1623 3105 1775 3176 γενό-

190 3214 341 3268 μενος
381 3196 741 3269 ὑπερυψώθη,
774 3197 917 3251 οὕτω
945 3199 1039 3252 καὶ
1067 3199 1137 3253 τά
1162 3197 1297 3252 ἄλλα
1329 3198 1508 3252 πάντα
1536 3198 1772 3267 ἐγένετο,

189 3288 242 3349 ὲν
284 3289 370 3360 τῷ
418 3287 678 3359 ἀθανάτῳ
722 3289 1008 3356 ἀθάνατος,
1055 3289 1113 3341 ὲν
1150 3287 1229 3359 τῷ
1262 3289 1401 3357 φωτὶ
1446 3288 1582 3358 φῶς,
1612 3290 1670 3342 ὲν
1696 3289 1776 3358 τῷ

190 3381 453 3453 ἀφθάρτῳ
496 3380 795 3452 ἄφθαρτος,
840 3383 899 3435 ἐν
926 3380 1003 3452 τῷ
1042 3381 1259 3454 ἀοράτῳ
1299 3382 1549 3451 ἀόρατος,
1591 3383 1649 3435 ὲν
1697 3380 1775 3453 τῷ

192 3472 409 3544 Χριστῷ
436 3473 693 3545 Χριστὸς,
725 3475 782 3526 ὲν
814 3474 892 3544 τῷ
924 3472 1111 3545 Κυρίῳ
1142 3472 1365 3545 Κύριος.
1407 3474 1626 3543 Πὲφυκε
1666 3473 1775 3544 γὰρ

192 3563 279 3616 ἐπὶ
321 3564 434 3618 τῶν
487 3563 820 3634 σωματικῶν
869 3564 1253 3635 ἀνακράσεων,
1302 3565 1431 3618 ὅταν
1475 3563 1654 3633 πολλῷ
1696 3564 1775 3634 τῷ

194 3656 373 3729 μέτρῳ
398 3657 460 3710 τὸ
504 3656 693 3728 ἕτερον
727 3654 1013 3719 πλεονάζει
1058 3657 1244 3729 μέρος,
1292 3656 1431 3727 πρὸς
1455 3655 1517 3710 τὸ
1545 3658 1773 3728 ἐπικρα-

188 3747 311 3801 τοῦν
344 3750 567 3813 παντως
605 3749 1015 3820 μεταποιεῖσθαι
1060 3748 1121 3801 τὸ
1157 3748 1570 3822 ἐλαττούμενον.
1604 3748 1775 3803 Τοῦτο

186 3841 279 3893 καὶ
306 3841 401 3895 ἐπὶ
425 3840 523 3894 τοῦ
556 3839 821 3913 μυστικοῦ
855 3841 1014 3911 λόγου
1048 3840 1233 3911 σαφῶς
1271 3840 1359 3894 διὰ
1384 3841 1482 3911 τῆς
1528 3841 1623 3896 τοῦ
1665 3842 1772 3895 Πέ-

186 3947 314 4001 τρου
365 3932 556 4003 φωνῆς
597 3931 980 4002 διδασκόμεθα,
1036 3933 1118 3986 ὅτι
1165 3932 1228 3986 τὸ
1277 3933 1529 3987 ταπεινὸν
1570 3933 1666 3986 τοῦ
1713 3934 1772 4001 ἐξ

184 4020 468 4086 ἀσθενείας
521 4021 949 4092 σταυρωθέντος,
1000 4023 1034 4092 ἡ
1079 4021 1136 4075 δὲ
1162 4021 1416 4076 ἀσθένεια
1459 4022 1558 4092 τὴν
1594 4022 1774 4092 σάρκα

183 4113 351 4184 δηλοῖ,
381 4114 573 4178 καθὼς
617 4115 747 4185 περὶ
777 4113 872 4168 τοῦ
907 4114 1114 4185 Κυρίου
1142 4113 1477 4186 ἠκούσαμεν.
1521 4113 1689 4168 Τοῦτο
1715 4114 1772 4199 δε

180 4204 267 4259 διὰ
299 4208 399 4277 τῆς
434 4208 578 4278 πρὸς
605 4206 667 4260 τὸ
687 4206 913 4279 ἄπειρόν
940 4224 999 4261 τε
1035 4209 1128 4261 καὶ
1155 4207 1406 4279 ἀόριστον
1443 4205 1538 4260 τοῦ
1565 4205 1771 4275 ἀγαθοῦ

186 4299 564 4372 ἀνακράσεως,
614 4299 799 4353 οὑκέτι
845 4299 1058 4370 ἔμεινεν
1103 4301 1160 4353 ὲν
1208 4302 1320 4363 τοῖς
1358 4298 1507 4362 ἰδίοις
1553 4299 1773 4371 μέτροις

185 4390 277 4443 καὶ
310 4390 601 4463 ἰδιώμασιν
627 4407 641 4422 ·
687 4389 821 4444 ἀλλά
857 4394 926 4463 τῇ
968 4390 1117 4462 δεξιᾷ
1146 4390 1238 4443 τοῦ
1268 4391 1404 4445 Θεοῦ
1431 4391 1769 4464 συνεπήρθη,

185 4482 277 4535 καὶ
307 4485 525 4553 ἐγένετο
569 4482 694 4536 ἀντὶ
729 4482 1041 4556 ὑποχειρίου
1082 4484 1317 4555 Χριστὸς
1346 4484 1618 4554 βασιλεὺς,
1651 4485 1771 4539 ἀντὶ

184 4576 436 4631 ταπεινοῦ
468 4577 717 4647 ὕψιστος,
751 4576 873 4629 ἀντὶ
916 4575 1205 4653 ἀνθρώπου
1237 4576 1389 4640 Θεός.
1426 4577 1559 4631 Τίνα
1590 4577 1769 4632 τοίνυν

180 4666 211 4717 ὁ
252 4667 397 4739 ὑπὲρ
437 4668 548 4722 τῶν
607 4667 923 4722 ἀποστόλων
963 4666 1218 4738 πολεμεῖν
1268 4669 1400 4739 ἡμῖν
1441 4669 1772 4739 σχηματιζό-

184 4774 373 4827 μενος,
406 4754 567 4831 εὗρεν
598 4761 663 4812 ὲκ
702 4759 809 4811 τῶν
842 4758 1246 4829 γεγραμμένων
1278 4758 1420 4813 κατά
1450 4759 1559 4813 τῶν
1601 4760 1773 4828 ἁγίων

182 4849 388 4921 λαῦήνς
455 4851 623 4905 ⁹Αλλά
668 4851 964 4905 σιωπάσθω
1027 4852 1123 4905 καὶ
1167 4850 1323 4904 τοῦτο
1371 4852 1434 4904 τὸ
1476 4851 1726 4923 ἔγκλημα
1755 4869 1768 4881 ·

180 4943 380 5013 μικρὸν
422 4944 534 5014 γὰρ
572 4938 725 5013 οἶμαι
760 4942 854 4996 καὶ
886 4942 1110 5010 ἀγεννὲς
1139 4938 1298 5005 εἶναι,
1336 4942 1473 5014 πρὸς
1500 4943 1569 4995 τὰ
1592 4942 1763 5012 ψευδῆ

172 5049 239 5086 τε
272 5038 369 5089 καὶ
399 5036 766 5089 ἀναπόδεικτα
804 5033 914 5087 τῶν
951 5034 1259 5105 λεγομένων
1307 5033 1579 5089 ἵστασθαι.
1626 5033 1763 5086 Ἀλλ’

179 5121 277 5173 ἐπὶ
300 5122 361 5174 τὸ
392 5123 745 5195 σφοδρότερον
773 5124 870 5195 τῆς
905 5122 1241 5195 κατηγορίας
1271 5122 1637 5192 μετέλθωμεν.

250 5300 427 5369 οησὶ,
459 5301 565 5354 τὸν
601 5300 915 5369 ἄνθρωπον
948 5298 1321 5355 κεκενῶσθαι
1350 5298 1554 5368 λέγειν
1578 5298 1764 5368 ἡμᾶς,

1884 1910 2018 1964 mini
2035 1912 2413 1966 exsistentiam
2430 1915 2859 1981 quaeantccessit
2877 1916 3099 1982 saecula,
3117 1932 3215 1986 pcr
3240 1918 3468 1973 verbum

1884 2001 2030 2070 fecit,
2063 2010 2440 2073 repraesentat,
2482 2002 2578 2059 sed
2613 2006 2835 2062 humilis
2879 2007 2945 2063 ad
2972 2009 3248 2064 excelsum
3293 2020 3472 2065 muta-

1884 2092 2090 2146 tionem
2123 2108 2221 2163 per
2246 2093 2527 2150 dexteram
2561 2094 2654 2152 Dei
2704 2095 2924 2155 iactam.
2982 2097 3123 2165 Quin
3148 2102 3313 2156 etiam
3372 2119 3470 2173 per

1882 2181 1988 2237 hoc
2047 2184 2275 2239 verbum
2310 2186 2533 2256 pietatis
2581 2190 2906 2259 mysterium
2973 2192 3307 2251 declaratur.
3362 2194 3467 2260 Qui

1883 2274 2030 2329 enim
2077 2276 2218 2332 dixit
2252 2279 2404 2349 quod
2438 2278 2631 2335 dextra
2685 2280 2783 2337 Dei
2825 2283 3123 2349 exaltatus,
3177 2285 3468 2344 manifeste

1885 2363 2215 2422 inetfabilcm
2257 2370 2501 2441 mysterii
2545 2370 3019 2443 dispensationem
3048 2375 3266 2431 evolvit.
3312 2376 3467 2444 Quod

1886 2455 2115 2516 dextera
2155 2458 2248 2515 Dei
2280 2463 2523 2517 omnium
2563 2478 2686 2533 qua:
2736 2475 2866 2520 sunt
2895 2472 2982 2519 est
3025 2466 3292 2532 echctrix,
3345 2485 3470 2539 qua:

1883 2549 2104 2620 quidem
2168 2560 2253 2607 est
2308 2551 2598 2622 Dominus,
2651 2571 2747 2626 per
2799 2571 2963 2626 quem
3015 2559 3201 2613 omnia
3243 2559 3467 2613 condita

1883 2655 2033 2709 sunt,
2068 2653 2124 2701 et
2153 2645 2274 2702 sine
2323 2662 2432 2717 quo
2458 2647 2594 2701 nihil
2631 2664 2822 2703 eorum
2867 2663 2988 2718 quae
3020 2658 3149 2703 sunt
3185 2651 3464 2710 subsistit.

1882 2738 2011 2792 Haec
2039 2738 2257 2793 unitum
2290 2754 2477 2794 secum
2514 2740 2791 2795 hominem
2823 2741 2893 2794 ad
2941 2741 3214 2811 pr0priam
3243 2742 3469 2799 celsitu.

1882 2828 2064 2885 dinem
2097 2846 2192 2901 per
2219 2833 2675 2901 temperationem
2705 2832 2926 2897 extulit,
2961 2833 3110 2903 quod
3135 2835 3357 2903 quidem
3382 2845 3468 2893 est

1883 2921 2001 2992 ipsa
2034 2923 2338 2977 secundum
2377 2932 2659 2988 naturam,
2703 2924 2868 2979 etiam
2896 2924 3049 2979 illum
3105 2924 3334 2982 faciens.
3369 2931 3467 2984 Est

1883 3022 2064 3069 autem
2093 3014 2272 3084 ipsum
2305 3014 2567 3071 Dominus
2608 3026 2664 3072 et
2708 3015 2852 3080 Rex,
2889 3014 3143 3073 Christus
3181 3019 3326 3073 enim
3369 3034 3467 3074 rex

1882 3105 2221 3171 nominatur,
2251 3105 2370 3161 haac
2407 3109 2573 3163 etiam
2630 3107 2787 3162 illum
2840 3106 3055 3174 eﬂ‘ecit;
3116 3116 3175 3162 ut
3208 3110 3353 3164 enim
3408 3111 3464 3168 iu

1882 3195 2155 3251 altissimo
2188 3196 2392 3261 factus,
2434 3198 2875 3269 superexaltatus
2907 3206 3011 3261 est,
3046 3198 3128 3254 sic
3159 3199 3326 3254 etiam
3358 3201 3467 3260 alia

1881 3289 2064 3344 omnia
2085 3287 2262 3346 factus
2279 3297 2385 3353 est,
2400 3291 2454 3344 in
2470 3291 2767 3346 immortali
2786 3291 3132 3355 immortalis,
3148 3292 3202 3346 in
3218 3292 3463 3359 lucelux,

1881 3378 1937 3434 in
1959 3380 2360 3451 ineorruptibili
2377 3382 2811 3453 incorruptibilis
2832 3400 2847 3437 :
2869 3382 2923 3437 in
2943 3381 3208 3438 invisibili
3228 3384 3467 3440 invisibi-

1882 3469 1974 3537 lis;
1994 3470 2048 3524 in
2063 3470 2281 3528 Christo
2324 3472 2577 3528 Christus
2598 3490 2614 3540 ;
2635 3473 2689 3529 in
2710 3472 2941 3528 Domino
2953 3471 3238 3531 Dominus.
3255 3474 3390 3529 Nam
3409 3476 3467 3531 in

1881 3564 2259 3631 corporalibus
2273 3565 2784 3635 temperationibus,
2816 3581 2940 3625 cum
2960 3583 3088 3637 pars
3102 3567 3274 3622 altera
3293 3568 3465 3628 multa

1880 3664 2141 3705 mensura
2205 3649 2492 3719 exuberat,
2544 3669 2668 3724 qua:
2718 3655 2900 3709 minor
2954 3663 3041 3712 est
3078 3656 3466 3712 transformari

1879 3741 2019 3794 solet
2052 3739 2109 3795 in
2144 3754 2264 3796 eam
2291 3750 2503 3810 partem
2546 3759 2668 3812 quae
2690 3746 2982 3813 praevalet:
3036 3746 3143 3801 hoc
3204 3747 3371 3802 etiam
3407 3748 3463 3802 in

1880 3832 2115 3902 mystico
2140 3847 2395 3888 sermone
2416 3834 2579 3904 plane
2617 3851 2713 3906 per
2744 3851 2935 3892 vocem
2975 3836 3122 3893 Petri
3175 3838 3461 3905 docemur,

1880 3925 2027 3995 quod
2066 3924 2350 3982 humilitas
2395 3925 2519 3998 ejus
2547 3929 2642 3998 qui
2674 3944 2740 3985 ex
2795 3930 3115 3985 inﬁrmitate
3164 3931 3465 3985 cruciﬁxus

1879 4027 1986 4085 est,
2030 4020 2149 4091 ipsa
2181 4028 2361 4075 autem
2410 4020 2704 4076 inﬁrmitas
2733 4036 2955 4076 carnem
3007 4020 3268 4087 declarat,
3319 4022 3464 4079 sicut

1880 4109 1949 4169 de
2003 4108 2236 4165 Domino
2276 4109 2621 4174 audivimus;
2679 4110 2783 4165 hoc
2827 4118 3009 4165 autem
3052 4127 3150 4182 per
3191 4120 3464 4182 tempera-

1880 4198 2087 4255 tionem
2124 4215 2251 4255 cum
2284 4198 2501 4253 inﬁnito
2530 4208 2585 4253 et
2615 4200 2968 4257 interminato
3019 4215 3131 4254 non
3167 4202 3372 4257 mansit
3408 4203 3464 4254 in

1878 4290 2114 4360 propriis
2137 4290 2411 4346 mensuris
2436 4299 2490 4345 et
2519 4291 2974 4361 proprietatibus,
3011 4291 3110 4348 sed
3140 4293 3337 4348 dextra
3363 4294 3458 4349 Dei

1879 4381 2114 4437 sublime
2139 4382 2343 4437 elatum
2374 4390 2476 4445 est,
2510 4388 2675 4452 atque
2723 4382 2869 4438 servi
2908 4383 3029 4439 loco
3071 4383 3337 4442 Dominus
3381 4386 3461 4440 fa.

1879 4484 2001 4530 ctus
2031 4481 2136 4537 est,
2168 4481 2222 4528 ct
2256 4489 2352 4544 pro
2380 4475 2601 4531 subdito
2626 4474 2882 4531 Christus
2914 4491 3007 4532 rex
3043 4494 3057 4532 :
3100 4493 3308 4548 proque
3355 4479 3457 4534 hu-

1875 4565 1991 4620 mili
2024 4564 2353 4630 altissimus,
2398 4576 2453 4622 ct
2502 4582 2603 4637 pro
2658 4566 2882 4622 homine
2932 4566 3099 4625 Deus.
3153 4568 3457 4635 Quamnam

1872 4673 2004 4730 ergo
2031 4658 2123 4729 qui
2157 4674 2257 4729 pro
2302 4660 2574 4730 apostolis
2600 4659 2803 4715 bellum
2838 4660 2998 4716 nobis
3038 4660 3243 4717 inferre
3285 4663 3459 4717 simu-

1873 4751 1971 4815 lat,
1999 4766 2067 4806 ex
2106 4751 2328 4821 scriptis
2364 4762 2560 4807 contra
2588 4758 2811 4807 sanctos
2856 4766 3048 4806 ansam
3096 4761 3297 4809 nactus
3331 4755 3461 4809 est?

1874 4841 1983 4897 Sed
2034 4841 2140 4896 hoc
2171 4841 2380 4897 crimen
2418 4843 2641 4897 silentio
2675 4843 3019 4898 involvatur:
3059 4845 3278 4913 angusti
3311 4846 3456 4900 enim

1871 4941 1928 4987 ct
1958 4932 2247 5004 degeneris
2274 4934 2443 4988 animi
2473 4949 2598 4989 esse
2629 4948 2774 4997 reor.
2818 4945 3011 4989 contra
3046 4935 3180 4990 falsa
3224 4945 3279 4991 et
3309 4939 3458 4993 nulla

1871 5023 2340 5083 demonstratione
2371 5024 2582 5080 ﬁrmata
2610 5025 2843 5081 crimina
2893 5034 3060 5082 stare.
3098 5025 3204 5082 Sed
3254 5029 3322 5083 ad
3360 5045 3457 5081 ac-

1871 5116 2177 5171 cusationis
2228 5115 2611 5171 vehementius
2656 5125 2712 5172 et
2762 5116 2999 5174 validius
3032 5117 3199 5172 telum
3261 5133 3456 5189 perga-

1868 5220 2013 5261 mus.

1936 5298 2026 5355 Ait
2089 5310 2183 5351 nos
2267 5298 2344 5369 (α)
2389 5300 2649 5353 hominem
2704 5300 2759 5353 in
2814 5300 3078 5355 horuiuem
3125 5300 3454 5354 exinanitum

176 5390 283 5440 καὶ
310 5392 415 5441 τὸν
441 5380 509 5456 ἐξ
532 5391 806 5459 ὑπακοῆς
829 5391 1049 5455 ἑαυτὸν
1077 5386 1530 5442 ταπεινώσαντα
1553 5387 1628 5458 τῇ
1660 5389 1765 5443 τοῦ

1883 5405 1974 5442 esse
2018 5389 2316 5457 affirmare,
2372 5398 2527 5458 atque
2560 5406 2680 5443 eum
2721 5391 2812 5461 qui
2855 5392 3189 5460 semetipsum
3220 5406 3286 5446 ea:
3337 5394 3451 5451 ol'c-

172 5479 411 5535 κού-λου
441 5481 662 5553 μορφῇ,
688 5484 1047 5551 σύμμορφον
1077 5475 1230 5534 εἶναι
1257 5479 1381 5545 τοῖς
1413 5480 1762 5549 ἀνθρώποις,

166 5571 285 5627 καὶ
336 5574 470 5642 πρὶν
512 5577 735 5647 ταύτην
771 5574 1096 5630 ἀναλαϐεῖν
1139 5573 1254 5640 τὴν
1292 5573 1551 5643 μορφήν.
1596 5574 1758 5628 Οὐδὲν

1862 5479 2065 5534 dientia
2102 5482 2347 5537 submisit
2378 5483 2512 5536 servi
2538 5482 2713 5552 [eruta
2748 5493 2978 5551 summa,
3009 5484 3306 5539 hominibus
3326 5503 3454 5542 cou-

1869 5576 2086 5643 [ormem
2114 5592 2247 5641 esse,
2278 5576 2438 5631 etiam
2480 5576 2785 5646 priusquam
2826 5576 2959 5632 hanc
2987 5577 3214 5647 formam
3251 5594 3453 5633 assumo

248 5774 347 5847 (ει)
375 5773 429 5831 D.
466 5776 721 5837 Basilium
754 5777 1028 5851 intelligit,
1055 5776 1146 5851 qui
1176 5776 1240 5834 dc
1270 5775 1460 5834 eodem
1494 5776 1718 5837 disserit
1743 5776 1838 5838 lib.
1868 5792 1928 5846 ιι,
1970 5787 2161 5839 contra
2192 5777 2531 5837 Eunomium.
