3992 6210
533 328 640 385 699
1784 318 1844 377 S.
1885 317 2213 375 GltEGORIl
2247 315 2540 373 NYSSENI
3692 316 3787 372 730

537 451 747 515 psisset.
781 447 928 503 Nihil
948 446 1016 502 de
1033 445 1272 501 dictione
1294 445 1669 501 submutatum
1690 444 1812 509 fuit,
1829 443 1923 499 sed
1938 443 2111 499 eaden

2234 440 2555 513 dmpsicpen
2600 441 2700 512 τῆς
2731 438 2929 506 λέξεως
2958 456 2971 470 ’
3019 440 3135 494 ἀλλ’
3167 440 3303 494 αὐτὰ
3332 441 3401 494 τὰ
3432 442 3651 512 ῥήματα
3679 439 3793 513 παρ’

541 541 704 596 verba
732 557 762 592 a
788 540 949 594 nobis
981 539 1248 593 translata
1308 546 1436 591 sunt
1491 553 1561 593 ex
1588 538 1738 593 illius
1768 551 2022 592 sermone
2068 535 2117 589 in

2238 535 2394 608 ήμῶν
2439 534 2827 607 μετενήνεκται
2872 531 2981 585 ἀπὸ
3016 531 3107 584 τοῦ
3140 532 3348 585 ἐκείνου
3376 532 3536 600 λόγου
3567 534 3693 603 πρὸς
3715 534 3797 587 τὸν

544 641 834 688 nostrum:
862 631 907 686 si
945 631 1093 685 enim
1129 630 1263 702 quid
1300 631 1354 685 in
1395 631 1603 685 nostris
1630 629 1851 700 scriptis
1871 636 1955 684 est
1997 629 2120 695 tale,

2235 629 2522 700 ἡμέτερον.
2556 626 2619 679 Ei
2646 624 2745 696 μέν
2776 626 2892 679 ἐστί
2919 643 2972 679 τι
3000 623 3241 679 τοιοῦτον
3283 626 3340 677 ἐν
3368 627 3479 688 τοῖς
3510 626 3638 697 παρ’
3662 627 3798 698 ήμῶν

539 730 756 789 (nostra
801 722 946 777 enim
980 723 1108 777 dico
1137 738 1259 793 quae
1303 731 1434 778 sunt
1464 722 1709 778 doctoris
1731 716 1971 789 ,)nullus
2004 735 2115 775 ora-

2235 719 2643 793 γεγραμμένοις
2664 718 2933 791 (ἡμέτερα
2953 718 3062 791 γάρ
3086 719 3153 772 τὰ
3171 719 3264 771 τοῦ
3288 718 3607 772 διδασκάλου
3631 723 3798 790 φημὶ),

540 819 648 871 tori
678 816 1010 870 calumniam
1046 816 1299 885 imputet,
1350 830 1567 870 omnem
1614 816 1848 886 imploro
1882 814 2116 869 veritatis

2240 813 2428 885 μηδεὶς
2490 812 2789 883 ὲγκαλείτω
2831 811 3192 881 συκοφαντίαν
3244 810 3322 882 τῷ
3366 812 3591 883 ῥήτορι,
3643 814 3802 867 πᾶσαν

543 924 775 975 curam;
821 915 875 962 et
917 922 1019 962 nos
1065 908 1413 962 testabimur.
1457 906 1615 973 Quod
1664 907 1710 961 si
1760 907 1957 960 borum
1993 905 2119 959 nihil

2238 906 2375 960 αίτῶ
2411 906 2666 976 φροντίδα
2694 905 2795 974 τῆς
2824 904 3081 975 ἀληθείας
3104 919 3118 933 °
3162 903 3258 957 καὶ
3285 905 3446 973 ἡμεῖς
3482 906 3804 976 μαρτυρήσο-

542 1005 628 1051 est
658 997 714 1051 in
746 997 953 1051 nostris
984 997 1229 1066 scriptis,
1276 998 1456 1051 oratio
1514 1013 1623 1052 non
1655 997 1869 1053 exilenr
1913 997 2118 1066 culpam

2241 1014 2360 1069 μεν.
2410 999 2473 1051 Εἰ
2513 997 2570 1050 δὲ
2614 995 2818 1050 τούτων
2856 995 2955 1066 μέν
2993 995 3139 1048 ἐστιν
3180 995 3240 1046 ὲν
3269 997 3382 1058 τοῖς
3417 994 3803 1065 γεγραμμένοις

546 1091 777 1144 inducit.
810 1088 916 1145 Sed
950 1097 1208 1160 tanquam
1239 1091 1451 1161 liquido
1498 1099 1553 1147 et
1586 1093 1747 1162 plane
1786 1090 2122 1145 demonstra-

2234 1089 2409 1156 οὐδὲν,
2443 1091 2471 1143 ό
2506 1087 2664 1157 λόγος
2691 1087 2748 1143 δὲ
2782 1087 2880 1141 οὐκ
2911 1086 3093 1140 αἰτίαν
3128 1086 3325 1155 ἐπάγει
3352 1086 3533 1158 ψιλήν.
3585 1086 3714 1140 Ἀλλ’
3735 1088 3804 1152 ὡς

547 1182 617 1236 tis
655 1187 950 1236 succenset
999 1190 1054 1235 et
1112 1182 1453 1254 indignatur,
1492 1183 1843 1253 prodigiosas
1889 1183 2123 1253 loquaci-

2238 1182 2332 1235 ἐπὶ
2374 1181 2624 1253 φανερῶς
2665 1181 3141 1252 ἀποδεδειγμένοις
3183 1183 3481 1249 ἀγανακτεῖ
3529 1182 3627 1234 καὶ
3670 1181 3806 1251 ὀργί-

547 1284 689 1329 tates
720 1274 880 1344 nugis
904 1281 958 1326 et
992 1274 1406 1343 perturbatione
1435 1276 1647 1347 plenas,
1682 1284 1738 1329 et
1785 1274 2047 1337 salebras,
2080 1281 2123 1325 el

2240 1274 2414 1339 ζεται,
2466 1275 2772 1346 τερατείας,
2820 1275 2913 1329 καὶ
2945 1274 3135 1346 λήρου,
3164 1276 3260 1329 καὶ
3298 1274 3541 1345 ταραχῆς
3581 1273 3807 1345 πλήρεις,

546 1373 678 1427 talia
707 1387 935 1428 vocans.
971 1369 1112 1436 Quid
1135 1369 1406 1438 agendum
1434 1370 1505 1424 sit
1532 1383 1642 1423 non
1665 1366 1841 1422 video.
1864 1362 2122 1431 Quemad‘

2242 1366 2336 1420 καὶ
2357 1365 2691 1436 ἀνωμαλίας,
2727 1364 2821 1420 καὶ
2854 1367 2924 1420 τὰ
2959 1365 3185 1420 τοιαῦτα
3214 1365 3394 1420 καλῶν
3414 1381 3431 1398 ο
3456 1365 3509 1418 τί
3533 1365 3639 1437 χρὴ
3660 1369 3814 1437 πράτ-

555 1464 779 1519 modum
815 1464 882 1518 ad
915 1463 1244 1532 improvisas
1283 1461 1396 1517 iras
1422 1461 1732 1532 phrenitide
1767 1456 2131 1513 laborantium

2238 1474 2351 1510 τειν
2397 1459 2459 1511 οὔ
2505 1458 2734 1530 συνορῶ.
2786 1458 3057 1529 Καθάπερ
3106 1460 3155 1511 oi
3191 1458 3328 1530 πρὸς
3368 1458 3469 1521 τὰς
3513 1458 3808 1532 ἀπροφασί-

551 1566 607 1613 et
646 1557 970 1619 furentium,
1006 1555 1156 1609 anxii
1206 1561 1261 1609 et
1292 1555 1537 1625 perplexi
1592 1567 1701 1607 non
1748 1551 1952 1605 habent
2003 1546 2127 1618 quid

2245 1565 2403 1612 στους
2454 1548 2624 1620 ὀργάς
2671 1549 2781 1604 τῶν
2833 1550 3248 1620 φρενιτιζόντων
3286 1549 3691 1621 ἀμηχανοῦντες
3721 1551 3810 1603 οὐκ

549 1649 764 1705 consilii
794 1655 1051 1729 captent;
1088 1645 1169 1699 sic
1199 1662 1302 1718 ego
1335 1646 1452 1716 ipse
1478 1636 1744 1699 adversus
1772 1643 1915 1696 hanc
1938 1640 2125 1710 despe-

2240 1638 2452 1710 ἔχουσιν
2475 1640 2503 1693 ὃ
2524 1658 2576 1694 τι
2602 1640 3002 1710 βουλεύσονται,
3020 1640 3192 1706 οὕτως
3212 1641 3330 1695 οὐδὲ
3347 1643 3509 1706 αὐτὸς
3533 1641 3810 1714 ἐξευρίσκω

547 1728 820 1797 rationem
855 1738 995 1794 nihil
1023 1728 1242 1793 consilii
1265 1746 1317 1793 et
1351 1736 1580 1792 remedii
1608 1735 1852 1790 invenio.
1889 1733 1980 1787 Ait
2019 1747 2123 1786 ma-

2240 1732 2361 1786 τινὰ
2389 1730 2525 1803 πρὸς
2553 1731 2652 1802 τὴν
2684 1733 2998 1804 ἀμηχανίαν
3028 1734 3232 1804 ταύτην
3266 1733 3536 1789 ἐπίνοιαν.
3591 1736 3751 1806 Φησὶν
3783 1738 3807 1788 ὁ

548 1835 719 1904 gister
762 1834 978 1904 (rursus
1011 1834 1157 1888 enim
1198 1829 1267 1885 ad
1300 1829 1524 1885 verbum
1555 1827 1676 1896 ejus
1707 1840 2016 1881 sermonem
2053 1839 2124 1879 re-

2243 1824 2561 1889 διδάσκαλος
2605 1826 2792 1896 (πάλιν
2822 1827 2931 1900 γάρ
2975 1828 3068 1881 ἐπὶ
3112 1825 3308 1894 λέξεως
3340 1829 3504 1883 αὐτοῦ
3549 1830 3640 1883 τὸν
3669 1831 3806 1899 λόγον

548 1924 751 1997 petam)
773 1924 919 1996 quod
948 1941 1052 1979 non
1086 1923 1357 1993 theologica
1388 1920 1603 1974 modum
1634 1918 1785 1973 nobis
1826 1917 2012 1981 tradit,
2049 1932 2124 1971 sea

2244 1918 2708 1992 ἐπαναλήψομαι),
2757 1922 2838 1975 ὅτι
2873 1920 3010 1989 οὺχί
3040 1923 3348 1991 θεολογίας
3383 1921 3533 1991 ἡμῖν
3577 1921 3801 1991 παραδὶ-

549 2016 960 2086 dispensationis
993 2018 1249 2072 rationes.
1280 2017 1383 2070 iste
1415 2019 1598 2067 autem
1639 2017 1930 2066 accusator
1962 2026 2026 2066 ex
2056 2009 2125 2063 hit

2242 2011 2389 2065 δωσι
2428 2013 2671 2080 τρόπον,
2715 2011 2876 2066 ἀλλὰ
2909 2012 3056 2079 τοὺς
3084 2012 3195 2081 τῆς
3224 2015 3565 2084 οἰκονομίας
3586 2015 3799 2085 λόγους.

551 2108 822 2179 impulsus
846 2123 945 2171 nos
967 2116 1216 2163 astruere
1237 2105 1515 2161 hominem
1536 2104 1875 2159 exinanitum
1891 2103 1944 2157 in
1963 2102 2127 2156 homi-

2256 2101 2314 2155 Ὀ
2338 2102 2396 2154 δὲ
2424 2103 2726 2173 κατήγορος
2757 2104 2820 2155 ἐκ
2848 2101 3052 2157 τούτων
3081 2103 3367 2176 ὁρμηθεὶς,
3412 2106 3695 2176 ἄνθρωπον
3734 2107 3800 2169 είς

551 2216 675 2254 nem
695 2199 997 2254 contendit.
1022 2199 1153 2265 Qum
1183 2199 1376 2252 horum
1396 2205 1449 2250 et
1480 2197 1696 2250 illorum
1713 2196 2026 2250 communio
2045 2194 2120 2248 ?S

2243 2192 2532 2264 ἄνθρωπον
2581 2193 2921 2248 κεκενῶσθαι
2973 2194 3122 2264 λέγει
3162 2198 3600 2263 κατασκευάζειν
3654 2199 3796 2269 ἡμᾶς.

550 2289 787 2344 dicimus
804 2289 1110 2359 apostolum
1129 2304 1238 2342 non
1259 2288 1417 2342 nobis
1431 2287 1651 2341 modum
1671 2285 1957 2356 theologia:
1975 2285 2126 2339 tradi-

2245 2284 2341 2348 Τίς
2358 2284 2609 2339 κοινωνία
2629 2284 2833 2339 τούτων
2851 2286 3149 2352 κάκείνων;
3178 2288 3241 2341 Ei
3264 2289 3444 2359 φαμὲν
3469 2289 3561 2341 τὸν
3608 2288 3803 2342 ἀπόστο-

550 2379 724 2440 disse,
763 2379 856 2433 sed
903 2393 1005 2432 suo
1035 2392 1289 2433 sermone
1322 2376 1790 2445 diSpensationem
1839 2374 2126 2431 secundun

2244 2378 2334 2430 λον
2375 2377 2449 2449 μὴ
2480 2376 2759 2447 θεολογίας
2802 2380 2930 2449 ἡμῖν
2962 2379 3403 2451 παραδεδωκέναι
3451 2380 3665 2452 τρόπον,
3688 2377 3800 2432 ἀλλᾶ

552 2470 866 2538 passionem
891 2468 1325 2531 subostendisse,
1351 2474 1572 2538 propter
1589 2465 1692 2521 hoc
1717 2466 1952 2520 hominis
1972 2466 2026 2519 in
2043 2464 2128 2519 h0«

2244 2470 2343 2541 τὴν
2368 2470 2510 2524 κατά
2527 2471 2588 2524 τὸ
2610 2470 2783 2535 πάθος
2807 2472 3119 2544 οἰκονομίαν
3148 2472 3421 2537 ὑποδεῖξαι
3449 2473 3529 2544 τῷ
3558 2473 3711 2543 λόγῳ,
3731 2471 3798 2524 διᾶ

554 2562 758 2615 minem
780 2561 1210 2616 exinanitionem
1230 2569 1282 2616 et
1300 2561 1442 2616 servi
1465 2559 1698 2615 formam
1720 2566 1846 2613 ante
1868 2559 2064 2613 saecula
2090 2567 2130 2614 el

2244 2561 2403 2614 τοῦτο
2452 2561 2741 2635 ἀνθρώπου
2795 2564 2876 2627 είς
2908 2563 3197 2635 ἄνθρωπον
3239 2564 3489 2630 κένωσιν,
3520 2565 3612 2618 καὶ
3639 2563 3804 2616 δούλου

554 2653 792 2709 adventu
820 2655 874 2709 in
893 2670 1060 2710 carne
1082 2654 1444 2724 antiquiorem
1475 2669 1541 2707 ex
1568 2652 1732 2706 Maria
1755 2651 2029 2706 hominem
2062 2650 2130 2705 di-

2249 2653 2464 2725 μορφὴν
2517 2652 2862 2725 προαιώνιον,
2920 2656 3014 2710 καὶ
3064 2658 3166 2727 τῆς
3212 2658 3271 2710 ὲν
3315 2658 3482 2729 σαρκὶ
3528 2656 3807 2728 παρουσίας

555 2761 684 2801 cere
706 2746 1056 2802 damnamur.
1082 2745 1189 2802 Sed
1205 2759 1674 2816 supervacaneum
1693 2759 1816 2799 esse
1831 2744 2071 2798 arbitror
2088 2743 2131 2797 in

2246 2744 2617 2816 πρεσϐύτερον
2650 2746 2740 2799 τὸν
2768 2748 2831 2799 ἐκ
2859 2747 3076 2819 Μαρίας
3101 2748 3382 2821 ἄνθρωπον
3411 2748 3589 2818 λέγειν
3614 2745 3810 2801 διαϐαλ-

555 2838 726 2894 ccrtis
749 2845 801 2893 et
833 2837 1107 2892 confessis
1134 2838 1454 2903 immorari;
1500 2836 1803 2906 praesertim
1861 2850 1986 2889 cum
2025 2835 2131 2905 ipsa

2244 2835 2468 2906 λόμεθα.
2533 2837 2697 2891 Ἀλλά
2729 2838 2984 2909 περιττὸν
3017 2833 3172 2909 οἶμαι
3215 2842 3326 2903 τοῖς
3376 2838 3813 2911 ὁμολογουμένοις

554 2932 764 2987 veritas
809 2946 912 2985 nos
965 2930 1033 2984 ab
1064 2933 1212 2983 omni
1259 2929 1489 2984 crimine
1524 2930 1738 2985 liberet.
1793 2928 1948 2983 Tunc
1996 2932 2130 2984 enim

2247 2927 2623 2999 ἐνδιατρίϐειν,
2656 2929 2827 2997 αὐτῆς
2863 2930 2962 3000 τῆς
2998 2929 3258 3002 ἀληθείας
3282 2931 3537 3002 ἀφιείσης
3561 2932 3705 3002 ἡμᾶς
3731 2929 3813 2982 τοῦ

556 3021 951 3078 accusantibus
981 3019 1240 3075 resistere
1265 3021 1738 3091 oportet,quando
1766 3023 1893 3091 quis
1915 3021 1968 3075 in
1988 3038 2047 3077 se
2068 3023 2132 3091 ip«

2245 3020 2610 3090 ἐγκλήματος.
2663 3021 2798 3074 Τότε
2828 3021 2936 3093 γάρ
2970 3021 3076 3093 χρὴ
3109 3025 3221 3087 τοῖς
3253 3023 3651 3095 κατηγοροῦσιν
3683 3024 3816 3075 ἀντι-

556 3129 677 3168 sum
702 3113 1084 3169 calumniatori
1116 3128 1306 3168 ansam
1332 3112 1668 3183 praebuerit:
1704 3114 1760 3168 in
1792 3115 1995 3185 quibus
2040 3130 2132 3169 au-

2247 3110 2640 3176 καθίστασθαι,
2704 3113 2830 3167 ὅταν
2882 3130 2969 3176 τις
3030 3114 3286 3186 παράσχῃ
3336 3113 3457 3193 καθξ
3504 3111 3699 3166 ἑαυτοῦ
3752 3112 3820 3182 τῷ

554 3213 665 3261 tem
698 3206 910 3260 nullum
944 3214 1028 3261 est
1054 3206 1358 3275 periculum
1379 3205 1696 3276 suspicandi
1723 3205 1929 3276 aliquid
1947 3207 2130 3262 absur-

2250 3203 2559 3275 συκοφάντῃ
2610 3201 2781 3273 λαϐήν
2807 3221 2822 3235 θ
2873 3202 2960 3273 ἐφ’
2994 3196 3071 3258 ὧν
3113 3204 3170 3258 δὲ
3210 3205 3451 3269 κίνδυνός
3483 3208 3630 3258 ἐστιν
3657 3204 3820 3266 οὐδεὶς

554 3296 633 3359 di,
660 3311 766 3351 non
799 3296 921 3350 falsi
945 3297 1193 3351 criminis
1213 3298 1333 3365 ejus
1358 3298 1448 3367 qui
1469 3299 1809 3353 calumniose
1826 3307 2130 3363 accusatur1

2248 3295 2613 3366 ὐπονοηθῆναί
2635 3314 2687 3349 τι
2718 3297 2826 3348 τῶν
2851 3296 3088 3362 ἀτόπων,
3121 3298 3181 3349 οὐ
3214 3298 3312 3367 τῆς
3339 3296 3433 3350 τοῦ
3470 3315 3822 3367 συκοφαντου-

557 3385 655 3440 sed
717 3384 1039 3439 accusantis
1099 3385 1304 3441 furoris
1371 3393 1425 3440 et
1480 3386 1710 3441 insania:
1764 3388 2133 3456 reprehensio,

2251 3387 2417 3455 μένου
2446 3387 2721 3458 διαϐολῆς,
2758 3387 2892 3442 ἀλλὰ
2920 3390 3020 3460 τῆς
3045 3389 3138 3442 τοῦ
3168 3389 3602 3461 κατηγοροῦντος
3635 3390 3822 3460 μανίας

558 3477 846 3533 accusatio
881 3476 1259 3531 constituitur.
1288 3477 1393 3532 Sed
1431 3477 1893 3545 quemadmodum
1930 3479 2000 3533 ob
2016 3495 2134 3534 eru-

2247 3478 2465 3549 ἕλεγχος
2511 3481 2544 3549 ἡ
2588 3480 2890 3551 κατηγορία
2944 3480 3287 3536 καθίσταται.
3330 3481 3469 3535 Ἀλλ’
3495 3482 3685 3552 ὥσπερ
3729 3483 3823 3533 ἐπ-

554 3583 675 3624 cem
707 3568 1075 3624 erubescendi
1125 3568 1357 3624 crimine
1409 3569 1549 3624 falso
1593 3572 1860 3636 accusati,
1918 3587 2015 3642 per
2079 3587 2130 3627 ea

2254 3570 2596 3640 ιισχύνεσθαι
2624 3570 2704 3642 τῷ
2741 3571 2958 3644 σταυρῷ
2975 3573 3073 3643 τὴν
3093 3572 3270 3628 αἰτίαν
3301 3572 3517 3643 ἔχοντες
3553 3573 3830 3644 ἐδείξαμεν

554 3676 679 3730 qua:
708 3670 836 3717 sunt
871 3662 1184 3716 examinata
1224 3662 1280 3715 in
1311 3662 1650 3718 contrarium
1687 3678 2016 3719 conversum
2053 3680 2130 3720 rc-

2259 3663 2332 3716 ῑιά
2358 3663 2469 3716 τῶν
2493 3663 2881 3735 ἑξητασμένων
2930 3668 3010 3728 εἰς
3030 3664 3339 3719 τούναντίον
3367 3667 3835 3739 περιτρεπόμενον

554 3752 675 3824 geri
740 3754 1054 3808 accusatori
1106 3752 1315 3807 crimen
1364 3751 1912 3814 demonstravimus:
1961 3756 2043 3811 sic
2090 3764 2130 3811 cl

2265 3754 2321 3828 τῷ
2343 3757 2636 3828 κατηγόρῳ
2657 3756 2718 3810 τὸ
2735 3757 2900 3829 ἕγκλη
2910 3776 3008 3829 μα·
3032 3758 3174 3813 οὕτω
3191 3760 3282 3812 καὶ
3303 3758 3399 3831 τὴν
3427 3760 3607 3813 αἰτίαν
3628 3760 3841 3832 ταύτην

555 3845 700 3899 hanc
730 3844 948 3914 culpam
980 3843 1037 3898 in
1069 3854 1424 3900 accusatores
1444 3843 1731 3899 transferri
1758 3847 2131 3913 ostendemus,

2269 3851 2326 3912 ;ίς
2354 3848 2481 3913 τοὺς
2502 3850 2839 3919 κατηγόρους
2867 3851 3385 3922 ἐπαναστρέφουσαν
3425 3852 3679 3924 δείξομεν
3698 3872 3711 3883 ·
3767 3854 3845 3914 ὡς

555 3936 704 4006 quod
745 3935 826 3990 illi
854 3950 966 3990 non
997 3949 1099 3991 nos
1123 3950 1188 3991 ex
1217 3934 1383 3990 simili
1416 3935 1483 3989 ad
1515 3936 1698 3991 simile
1723 3934 1847 3993 Filii
1877 3938 2131 3991 mutatio-

2268 3942 2466 3996 κείνων
2499 3943 2597 4014 οὐχ
2629 3944 2785 4015 ήμῶν
2817 3946 2918 4016 τὴν
2940 3945 2999 4012 ἐξ
3021 3946 3208 4016 ὁμοίου
3251 3947 3390 4018 πρὸς
3422 3948 3484 4001 τὸ
3518 3950 3714 4017 ὅμοιον
3741 3949 3844 4001 τοῦ

556 4042 682 4089 nem
717 4025 775 4081 in
816 4026 1125 4083 oeconomia
1159 4024 1250 4096 (id
1280 4032 1366 4081 est
1395 4026 1841 4101 dispensatione)
1867 4028 2132 4097 passionis

2278 4034 2376 4088 ’ἱοῦ
2398 4037 2730 4107 μετάστασιν
2748 4040 2805 4091 ἐν
2825 4041 2891 4111 τῇ
2912 4040 3054 4093 κατὰ
3071 4040 3133 4093 τὸ
3150 4040 3321 4104 πάθος
3337 4042 3623 4113 οἰκονομίᾳ
3638 4041 3854 4113 δογμα-

555 4119 877 4180 doceamus.
926 4116 1381 4173 Examinabimus
1423 4117 1571 4173 enim
1613 4134 1736 4189 quae
1778 4119 1849 4173 al)
1888 4119 2131 4190 utrisque

2280 4129 2527 4194 ιζόντων.
2560 4129 2917 4202 Ἐξετάσομεν
2933 4132 3040 4204 γὰρ
3069 4131 3389 4204 παράλληλα
3418 4133 3602 4198 θέντες
3618 4135 3716 4189 ἐπὶ
3752 4152 3852 4188 κε-

555 4211 817 4267 dicuntur
843 4213 989 4266 inter
1024 4225 1085 4266 se
1131 4217 1453 4280 comparata
1492 4219 1547 4266 et
1585 4211 1898 4265 summatim
1936 4213 2131 4282 posita.

2277 4219 2475 4276 θαλαίου
2505 4220 2575 4274 τὰ
2612 4223 2743 4292 παρ’
2774 4223 3053 4295 ἑκατέρων
3094 4224 3383 4296 λεγόμενα.
3426 4226 3625 4296 Ἡμεῖς
3655 4245 3853 4299 φαμεν

556 4301 669 4357 Nos
718 4302 955 4358 dicimus
1000 4301 1341 4372 unigenitum
1391 4300 1562 4357 Deum
1613 4301 1705 4371 qui
1756 4317 1851 4373 per
1897 4303 2132 4374 seipsum

2276 4311 2335 4364 ὸν
2373 4312 2639 4383 μονογενῆ
2657 4313 2789 4366 Θεὸν
2811 4314 2878 4367 δι’
2900 4315 3096 4369 ἑαυτοῦ
3122 4317 3513 4389 παραγαγόντα
3534 4317 3607 4371 τά
3634 4318 3850 4380 πάντα,

558 4394 1022 4469 produxitomnia
1051 4411 1066 4448 :
1096 4409 1267 4448 unum
1304 4401 1487 4447 autem
1523 4409 1713 4448 eorum
1746 4410 1870 4466 quae
1902 4395 1973 4450 ab
2019 4395 2134 4466 ipso

2276 4422 2299 4457 ν
2319 4403 2377 4456 δὲ
2394 4402 2504 4457 τῶν
2529 4406 2655 4476 παρ’
2686 4405 2849 4459 αὑτοῦ
2878 4407 3197 4475 γεγονότων,
3230 4409 3323 4462 καὶ
3348 4410 3449 4479 τὴν
3479 4407 3852 4481 ἀνθρωπίνην

558 4486 703 4540 facta
738 4493 890 4549 sunt,
932 4494 987 4541 et
1018 4485 1314 4543 humanam
1348 4493 1602 4540 naturam
1638 4501 1782 4552 esse,
1838 4503 1960 4558 quae
2005 4502 2131 4542 cum

2277 4495 2426 4563 idow,
2478 4492 2548 4569 ἧς
2586 4497 2722 4568 πρὸς
2753 4498 2948 4551 κακίαν
2980 4498 3371 4573 άπορῤυείσης,
3426 4502 3523 4555 καὶ
3558 4502 3651 4555 διά
3677 4502 3853 4555 τοῦτο

557 4578 614 4632 in
652 4586 936 4647 peccatum
971 4578 1120 4648 lapsa
1147 4575 1362 4642 fuisset,
1398 4587 1453 4632 et
1474 4579 1598 4634 ideo
1639 4580 1694 4633 in
1722 4581 1920 4635 mortis
1957 4595 2133 4635 corru-

2274 4587 2539 4660 ἐνομένης
2566 4590 2625 4642 ὲν
2652 4591 2719 4661 τῇ
2749 4588 2843 4643 τοῦ
2868 4590 3097 4646 θανάτου
3128 4592 3323 4665 φθορᾷ,
3360 4593 3523 4648 πάλιν
3552 4593 3737 4666 αὐτὴν
3774 4597 3850 4648 δι’

558 4670 799 4740 ptionem
820 4668 1127 4733 incidisset,
1147 4683 1342 4723 rursus
1363 4668 1538 4739 ipsam
1567 4684 1663 4738 per
1689 4671 2047 4740 semetipsum
2072 4670 2134 4727 ad

2274 4678 2434 4733 αυτοῦ
2463 4679 2600 4752 πρὸς
2647 4680 2746 4752 τὴν
2792 4682 3062 4738 ἀθάνατον
3115 4683 3258 4754 ζωὴν
3301 4685 3714 4754 ὲφελκύσασθαι
3753 4688 3850 4740 διὰ

558 4760 932 4816 immortalem
964 4761 1131 4815 vitam
1176 4760 1413 4814 traxisse
1440 4775 1538 4830 per
1579 4760 1879 4826 hominem,
1924 4763 1981 4816 in
2030 4779 2134 4833 quo

2272 4771 2330 4825 οῦ
2377 4772 2688 4844 ἀνθρώπου,
2734 4766 2780 4842 ᾧ
2829 4777 3269 4849 κατεσκήνωσεν,
3311 4779 3432 4833 ὅλον
3485 4782 3848 4835 ἀναλαϐόντα

559 4860 821 4921 tanquam
871 4850 1224 4907 tabernaculo
1274 4850 1498 4916 mansit,
1528 4857 1643 4905 tota
1697 4851 2035 4907 humanitate
2084 4855 2135 4908 in

2270 4862 2377 4933 τρδς
2409 4861 2599 4916 ἑαυτὸν
2627 4862 2688 4915 τὸ
2712 4863 3070 4934 ἀνθρώπινον,
3108 4868 3202 4921 καὶ
3237 4867 3334 4939 τὴν
3363 4868 3633 4933 ζωοποιὸν
3659 4872 3846 4926 αὑτοῦ

558 4942 744 5011 seipso
772 4946 1078 5022 assumpta,
1139 4947 1304 5010 atque
1354 4954 1511 4996 suam
1559 4940 1828 4996 vivificam
1864 4943 2134 5000 ’virtutem

2275 4954 2467 5026 ὑναμιν
2491 4957 2557 5026 τῇ
2590 4954 2757 5028 θνητῇ
2786 4957 2879 5010 καὶ
2907 4959 3158 5032 ὲπικήρῳ
3180 4961 3477 5033 καταμίξαι
3500 4963 3662 5032 φύσει
3687 4983 3705 4994 ·
3744 4967 3851 5020 καὶ

556 5032 773 5102 mortali
815 5038 871 5087 et
917 5031 1266 5102 corruptibili
1317 5040 1527 5089 natura:
1577 5034 1977 5101 admiscuisse;
2037 5053 2132 5092 no-

2274 5047 2336 5118 ὴν
2356 5048 2632 5119 ἡμετέραν
2652 5048 2921 5120 νέκρωσιν
2947 5049 3034 5104 διὰ
3061 5031 3162 5123 τῆς
3193 5031 3335 5123 πρὸς
3353 5031 3547 5109 ὲαυτδν
3578 5058 3850 5130 ἀνακρά-

555 5133 838 5194 atramque
882 5123 1357 5181 mortificationem
1389 5140 1486 5195 per
1516 5128 2025 5197 attemperationem
2069 5128 2131 5184 ad

2274 5155 2378 5222 εως
2412 5140 2492 5203 εἰς
2536 5132 2774 5211 ζωτικὴν
2821 5143 3190 5213 μεταποιῆσαι
3237 5146 3397 5218 χάριν
3432 5149 3525 5201 καὶ
3567 5123 3850 5222 δὺναμιν.

554 5232 615 5270 se
646 5216 704 5270 in
728 5216 951 5271 vitalem
981 5215 1216 5287 gratiam
1243 5227 1298 5272 et
1324 5217 1578 5273 virtutem
1605 5226 2033 5276 transmutasse.
2066 5221 2130 5276 Et

2275 5217 2533 5283 ζαῖτοῦτό
2568 5247 2746 5300 φαμεν
2776 5227 2915 5287 εἶναι
2946 5234 3008 5287 τὸ
3040 5236 3181 5289 κατά
3233 5237 3329 5309 τὴν
3373 5240 3553 5313 σάρκα
3580 5242 3678 5295 τοῦ
3716 5245 3851 5296 Κυ-

557 5307 661 5368 lloc
692 5307 995 5365 asserimus
1029 5325 1155 5365 esse
1198 5310 1500 5366 secundum
1542 5326 1761 5368 carnem
1800 5312 2133 5386 Dominimy-

2278 5321 2357 5375 ίου
2392 5323 2690 5394 μυστήριον
2715 5341 2728 5356 ·
2783 5324 2865 5377 ὃτι
2897 5327 2926 5378 ὁ
2966 5327 3235 5400 ἄτρεπτος
3274 5331 3333 5383 ἐν
3382 5332 3461 5403 τῷ
3489 5335 3722 5405 τρεπτῷ
3757 5336 3853 5405 γί-

552 5400 820 5455 sterium:
857 5402 986 5472 quia
1025 5402 1118 5472 qui
1155 5412 1238 5458 est
1260 5403 1733 5461 incommutabilis
1788 5408 1841 5461 in
1886 5384 2128 5462 mutabili

2392 5384 2405 5391 -
2557 5384 2587 5394 ..
3037 5384 3048 5400 ι
3215 5384 3232 5392 -
3399 5384 3453 5403 ειί
3502 5384 3713 5406 ἰηἐηι-
3772 5384 3823 5406 0‘

2280 5429 2406 5478 εται,
2452 5414 2537 5467 ἵνα
2591 5414 2728 5487 πρὸς
2768 5415 2828 5469 τὸ
2872 5420 3120 5490 κρεῖττον
3152 5421 3486 5491 ἀλλοιώσας,
3534 5428 3631 5480 καὶ
3666 5445 3856 5499 μετα·

555 5488 822 5592 gignitur,
880 5501 951 5546 ut
990 5494 1059 5550 ab
1106 5510 1172 5551 eo
1220 5497 1367 5566 quod
1410 5495 1652 5553 deterius
1703 5505 1788 5554 est
1838 5500 1893 5553 in
1940 5499 2131 5556 melius

2278 5502 2413 5592 αλὼν
2461 5505 2525 5557 ὲκ
2570 5505 2664 5559 τοῦ
2710 5488 2953 5579 χείρονος
2978 5513 3077 5583 τὴν
3104 5488 3563 5590 ὲμμιχθεῖσαν-τῇ
3610 5488 3854 5592 τρεπττῇ

555 5577 898 5638 transferens
957 5592 1011 5637 et
1067 5584 1366 5643 immutans
1427 5589 1719 5644 admistam
1786 5590 2131 5661 dispositioni

2287 5591 2468 5646 αθέσει
2496 5573 3055 5673 κακίανξὲέαφανίσή
3229 5573 3327 5676 τ’ής
3354 5573 3568 5677 φύσεωὲ
3599 5573 3663 5663 ἐν

554 5669 799 5769 ntutabili
818 5671 1197 5740 vitiositatem,
1231 5678 1475 5735 aboleret
1500 5696 1530 5733 a
1568 5689 1764 5736 natura
1785 5683 2130 5754 absumptum

2283 5682 2312 5753 ξ)
2346 5684 2405 5737 τὸ
2431 5686 2601 5741 κακὸν
2626 5687 2963 5761 δαπανήσας.
2995 5669 3054 5747 ’ὁ
3079 5694 3184 5767 γὰρ
3210 5669 3341 5761 Θεδς
3365 5669 3523 5770 ήμῶν
3546 5669 3670 5772 πῦρ
3702 5719 3859 5758 κατ-

553 5757 611 5828 in
633 5758 815 5838 seipse
850 5770 1157 5838 peccatum.
1205 5766 1339 5823 Nam
1381 5769 1524 5827 Deus
1556 5781 1748 5829 noster
1808 5775 1950 5845 ignis
1999 5791 2129 5833 con-

2279 5775 2521 5833 ναλίσκον
2570 5779 2735 5850 ἐστὶν,
2771 5775 2815 5851 ᾧ
2849 5785 3221 5854 ὲναφανίξεται
3262 5792 3406 5845 πᾶσα
3454 5792 3661 5858 κακίας
3708 5792 3855 5861 ὕλη·

2149 5872 2182 5881 ...ς
