  <div class='ocr_page' id='page_1' title='image "/cluster/home/n/w/nwhite01/storage/ocr_20150623/45/hvd.32044073501876/369.png"; bbox 0 0 3992 6210; ppageno 0'>
   <div class='ocr_carea' id='block_1_1' title="bbox 529 326 685 417">
    <p class='ocr_par' dir='ltr' id='par_1_1' title="bbox 529 326 685 417">
     <span class='ocr_line' id='line_1_1' title="bbox 529 326 685 417; baseline 0.006 -38"><span class='ocrx_word' id='word_1_1' title='bbox 529 404 535 417; x_wconf 37' lang='grc' dir='ltr'><strong>ι</strong></span> <span class='ocrx_word' id='word_1_2' title='bbox 582 326 685 380; x_wconf 76' lang='lat'><strong>703</strong></span> 
     </span>
    </p>
   </div>
   <div class='ocr_carea' id='block_1_2' title="bbox 1781 316 2543 375">
    <p class='ocr_par' dir='ltr' id='par_1_2' title="bbox 1781 316 2543 375">
     <span class='ocr_line' id='line_1_2' title="bbox 1781 316 2543 375; baseline -0.001 -2"><span class='ocrx_word' id='word_1_3' title='bbox 1781 318 1837 373; x_wconf 88' lang='lat' dir='ltr'><strong>S.</strong></span> <span class='ocrx_word' id='word_1_4' title='bbox 1883 317 2207 375; x_wconf 78' lang='lat' dir='ltr'><strong>GREGORII</strong></span> <span class='ocrx_word' id='word_1_5' title='bbox 2247 316 2543 372; x_wconf 57' lang='lat' dir='ltr'><strong>RYSSENI</strong></span> 
     </span>
    </p>
   </div>
   <div class='ocr_carea' id='block_1_3' title="bbox 3723 315 3825 370">
    <p class='ocr_par' dir='ltr' id='par_1_3' title="bbox 3723 315 3825 370">
     <span class='ocr_line' id='line_1_3' title="bbox 3723 315 3825 370; baseline -0.02 0"><span class='ocrx_word' id='word_1_6' title='bbox 3723 315 3825 370; x_wconf 66' lang='lat'><strong>70.5</strong></span> 
     </span>
    </p>
   </div>
   <div class='ocr_carea' id='block_1_4' title="bbox 582 434 2158 509">
    <p class='ocr_par' dir='ltr' id='par_1_4' title="bbox 582 437 2153 509">
     <span class='ocr_line' id='line_1_4' title="bbox 582 437 2153 509; baseline -0.006 -11"><span class='ocrx_word' id='word_1_7' title='bbox 582 440 943 505; x_wconf 75' lang='lat' dir='ltr'><strong>insimulavit,</strong></span> <span class='ocrx_word' id='word_1_8' title='bbox 1005 454 1109 493; x_wconf 90' lang='lat' dir='ltr'><strong>non</strong></span> <span class='ocrx_word' id='word_1_9' title='bbox 1144 454 1210 493; x_wconf 75' lang='lat' dir='ltr'><strong>ex</strong></span> <span class='ocrx_word' id='word_1_10' title='bbox 1243 439 1446 495; x_wconf 80' lang='lat' dir='ltr'><strong>nostris</strong></span> <span class='ocrx_word' id='word_1_11' title='bbox 1490 438 1709 509; x_wconf 92' lang='lat' dir='ltr'><strong>scriptis</strong></span> <span class='ocrx_word' id='word_1_12' title='bbox 1747 437 2153 493; x_wconf 81' lang='lat' dir='ltr'><strong>accusationem</strong></span> 
     </span>
    </p>
   </div>
   <div class='ocr_carea' id='block_1_5' title="bbox 2258 434 3824 509">
    <p class='ocr_par' dir='ltr' id='par_1_5' title="bbox 2258 434 3824 507">
     <span class='ocr_line' id='line_1_5' title="bbox 2258 434 3824 507; baseline -0.001 -19"><span class='ocrx_word' id='word_1_13' title='bbox 2258 434 2435 504; x_wconf 83' lang='grc' dir='ltr'>λέγειν</span> <span class='ocrx_word' id='word_1_14' title='bbox 2464 436 2609 506; x_wconf 77' lang='grc' dir='ltr'>ἡμᾶς</span> <span class='ocrx_word' id='word_1_15' title='bbox 2636 436 2918 507; x_wconf 71' lang='grc' dir='ltr'>ᾐτιάσατο,</span> <span class='ocrx_word' id='word_1_16' title='bbox 2942 436 3043 490; x_wconf 77' lang='grc' dir='ltr'><strong>οὐκ</strong></span> <span class='ocrx_word' id='word_1_17' title='bbox 3072 435 3134 489; x_wconf 82' lang='grc' dir='ltr'>ὲκ</span> <span class='ocrx_word' id='word_1_18' title='bbox 3152 435 3266 495; x_wconf 86' lang='grc' dir='ltr'>,τῶν</span> <span class='ocrx_word' id='word_1_19' title='bbox 3291 434 3571 505; x_wconf 75' lang='grc' dir='ltr'><strong>ἡμετέρων</strong></span> <span class='ocrx_word' id='word_1_20' title='bbox 3595 434 3824 506; x_wconf 69' lang='grc' dir='ltr'>ἐλέγχει-ι</span> 
     </span>
    </p>
   </div>
   <div class='ocr_carea' id='block_1_6' title="bbox 579 534 2156 605">
    <p class='ocr_par' dir='ltr' id='par_1_6' title="bbox 579 534 2156 605">
     <span class='ocr_line' id='line_1_6' title="bbox 579 534 2156 605; baseline -0.004 -13"><span class='ocrx_word' id='word_1_21' title='bbox 579 538 895 598; x_wconf 79' lang='lat' dir='ltr'><strong>instituens,</strong></span> <span class='ocrx_word' id='word_1_22' title='bbox 952 535 1043 589; x_wconf 84' lang='lat' dir='ltr'><strong>sed</strong></span> <span class='ocrx_word' id='word_1_23' title='bbox 1092 535 1158 588; x_wconf 89' lang='lat' dir='ltr'><strong>ad</strong></span> <span class='ocrx_word' id='word_1_24' title='bbox 1210 535 1497 589; x_wconf 88' lang='lat' dir='ltr'><strong>arbitrium</strong></span> <span class='ocrx_word' id='word_1_25' title='bbox 1538 550 1636 605; x_wconf 88' lang='lat' dir='ltr'><strong>pro</strong></span> <span class='ocrx_word' id='word_1_26' title='bbox 1688 550 1788 590; x_wconf 89' lang='lat' dir='ltr'><strong>suo</strong></span> <span class='ocrx_word' id='word_1_27' title='bbox 1839 534 1962 603; x_wconf 85' lang='lat' dir='ltr'><strong>jure</strong></span> <span class='ocrx_word' id='word_1_28' title='bbox 2000 548 2156 586; x_wconf 91' lang='lat' dir='ltr'><strong>men-</strong></span> 
     </span>
    </p>
   </div>
   <div class='ocr_carea' id='block_1_7' title="bbox 581 625 2156 696">
    <p class='ocr_par' dir='ltr' id='par_1_7' title="bbox 581 625 2156 696">
     <span class='ocr_line' id='line_1_7' title="bbox 581 625 2156 696; baseline -0.004 -15"><span class='ocrx_word' id='word_1_29' title='bbox 581 627 741 681; x_wconf 82' lang='lat' dir='ltr'><strong>dacio</strong></span> <span class='ocrx_word' id='word_1_30' title='bbox 798 634 973 679; x_wconf 74' lang='lat' dir='ltr'><strong>utens.</strong></span> <span class='ocrx_word' id='word_1_31' title='bbox 1025 625 1294 691; x_wconf 75' lang='lat' dir='ltr'><strong>Quoniam</strong></span> <span class='ocrx_word' id='word_1_32' title='bbox 1335 626 1501 695; x_wconf 77' lang='lat' dir='ltr'><strong>igitur</strong></span> <span class='ocrx_word' id='word_1_33' title='bbox 1537 626 1590 679; x_wconf 89' lang='lat' dir='ltr'><strong>in</strong></span> <span class='ocrx_word' id='word_1_34' title='bbox 1622 627 1741 696; x_wconf 81' lang='lat' dir='ltr'><strong>ejus</strong></span> <span class='ocrx_word' id='word_1_35' title='bbox 1774 632 2042 696; x_wconf 86' lang='lat' dir='ltr'><strong>potestate</strong></span> <span class='ocrx_word' id='word_1_36' title='bbox 2071 629 2156 679; x_wconf 87' lang='lat' dir='ltr'><strong>est</strong></span> 
     </span>
    </p>
   </div>
   <div class='ocr_carea' id='block_1_8' title="bbox 582 716 2155 787">
    <p class='ocr_par' dir='ltr' id='par_1_8' title="bbox 582 716 2155 787">
     <span class='ocr_line' id='line_1_8' title="bbox 582 716 2155 787; baseline 0.001 -18"><span class='ocrx_word' id='word_1_37' title='bbox 582 716 846 787; x_wconf 84' lang='lat' dir='ltr'><strong>quidquid</strong></span> <span class='ocrx_word' id='word_1_38' title='bbox 876 718 1025 771; x_wconf 88' lang='lat' dir='ltr'><strong>lubet</strong></span> <span class='ocrx_word' id='word_1_39' title='bbox 1077 716 1281 782; x_wconf 91' lang='lat' dir='ltr'><strong>dicere,</strong></span> <span class='ocrx_word' id='word_1_40' title='bbox 1341 733 1440 771; x_wconf 91' lang='lat' dir='ltr'><strong>cur</strong></span> <span class='ocrx_word' id='word_1_41' title='bbox 1487 732 1649 786; x_wconf 89' lang='lat' dir='ltr'><strong>parce</strong></span> <span class='ocrx_word' id='word_1_42' title='bbox 1685 724 1738 771; x_wconf 90' lang='lat' dir='ltr'><strong>et</strong></span> <span class='ocrx_word' id='word_1_43' title='bbox 1782 718 1969 772; x_wconf 85' lang='lat' dir='ltr'><strong>stricte</strong></span> <span class='ocrx_word' id='word_1_44' title='bbox 2000 734 2155 771; x_wconf 85' lang='lat' dir='ltr'><strong>men-</strong></span> 
     </span>
    </p>
   </div>
   <div class='ocr_carea' id='block_1_9' title="bbox 580 808 2159 868">
    <p class='ocr_par' dir='ltr' id='par_1_9' title="bbox 580 808 2159 868">
     <span class='ocr_line' id='line_1_9' title="bbox 580 808 2159 868; baseline 0.001 -7"><span class='ocrx_word' id='word_1_45' title='bbox 580 810 735 868; x_wconf 85' lang='lat' dir='ltr'><strong>titur.</strong></span> <span class='ocrx_word' id='word_1_46' title='bbox 770 809 907 863; x_wconf 89' lang='lat' dir='ltr'><strong>duos</strong></span> <span class='ocrx_word' id='word_1_47' title='bbox 939 809 1083 863; x_wconf 89' lang='lat' dir='ltr'><strong>solos</strong></span> <span class='ocrx_word' id='word_1_48' title='bbox 1117 808 1367 863; x_wconf 89' lang='lat' dir='ltr'><strong>Christos</strong></span> <span class='ocrx_word' id='word_1_49' title='bbox 1404 823 1431 860; x_wconf 89' lang='lat' dir='ltr'><strong>a</strong></span> <span class='ocrx_word' id='word_1_50' title='bbox 1458 808 1617 862; x_wconf 90' lang='lat' dir='ltr'><strong>nobis</strong></span> <span class='ocrx_word' id='word_1_51' title='bbox 1648 809 1829 863; x_wconf 86' lang='lat' dir='ltr'><strong>induci</strong></span> <span class='ocrx_word' id='word_1_52' title='bbox 1860 808 2159 864; x_wconf 84' lang='lat' dir='ltr'><strong>aﬂirmans?</strong></span> 
     </span>
    </p>
   </div>
   <div class='ocr_carea' id='block_1_10' title="bbox 581 897 2157 968">
    <p class='ocr_par' dir='ltr' id='par_1_10' title="bbox 581 897 2157 968">
     <span class='ocr_line' id='line_1_10' title="bbox 581 897 2157 968; baseline -0.001 -15"><span class='ocrx_word' id='word_1_53' title='bbox 581 899 728 953; x_wconf 91' lang='lat' dir='ltr'><strong>dicat</strong></span> <span class='ocrx_word' id='word_1_54' title='bbox 754 915 851 968; x_wconf 88' lang='lat' dir='ltr'><strong>pro</strong></span> <span class='ocrx_word' id='word_1_55' title='bbox 873 916 973 953; x_wconf 93' lang='lat' dir='ltr'><strong>suo</strong></span> <span class='ocrx_word' id='word_1_56' title='bbox 1000 898 1143 968; x_wconf 87' lang='lat' dir='ltr'><strong>jure,</strong></span> <span class='ocrx_word' id='word_1_57' title='bbox 1175 899 1219 953; x_wconf 89' lang='lat' dir='ltr'><strong>si</strong></span> <span class='ocrx_word' id='word_1_58' title='bbox 1250 902 1298 952; x_wconf 88' lang='lat' dir='ltr'><strong>ei</strong></span> <span class='ocrx_word' id='word_1_59' title='bbox 1324 897 1559 959; x_wconf 77' lang='lat' dir='ltr'><strong>videtur,</strong></span> <span class='ocrx_word' id='word_1_60' title='bbox 1585 913 1685 950; x_wconf 79' lang='lat' dir='ltr'><strong>nos</strong></span> <span class='ocrx_word' id='word_1_61' title='bbox 1706 898 1891 952; x_wconf 86' lang='lat' dir='ltr'><strong>decem</strong></span> <span class='ocrx_word' id='word_1_62' title='bbox 1909 898 2157 952; x_wconf 77' lang='lat' dir='ltr'><strong>Christos</strong></span> 
     </span>
    </p>
   </div>
   <div class='ocr_carea' id='block_1_11' title="bbox 584 989 2155 1053">
    <p class='ocr_par' dir='ltr' id='par_1_11' title="bbox 584 989 2155 1053">
     <span class='ocr_line' id='line_1_11' title="bbox 584 989 2155 1053; baseline -0.003 -8"><span class='ocrx_word' id='word_1_63' title='bbox 584 1007 852 1053; x_wconf 85' lang='lat' dir='ltr'><strong>asserere,</strong></span> <span class='ocrx_word' id='word_1_64' title='bbox 899 999 953 1045; x_wconf 86' lang='lat' dir='ltr'><strong>et</strong></span> <span class='ocrx_word' id='word_1_65' title='bbox 992 990 1175 1044; x_wconf 81' lang='lat' dir='ltr'><strong>decies</strong></span> <span class='ocrx_word' id='word_1_66' title='bbox 1206 989 1452 1051; x_wconf 85' lang='lat' dir='ltr'><strong>totidem,</strong></span> <span class='ocrx_word' id='word_1_67' title='bbox 1494 996 1548 1044; x_wconf 89' lang='lat' dir='ltr'><strong>et</strong></span> <span class='ocrx_word' id='word_1_68' title='bbox 1588 989 1653 1043; x_wconf 87' lang='lat' dir='ltr'><strong>ad</strong></span> <span class='ocrx_word' id='word_1_69' title='bbox 1691 989 1835 1043; x_wconf 86' lang='lat' dir='ltr'><strong>mille</strong></span> <span class='ocrx_word' id='word_1_70' title='bbox 1869 1004 2155 1042; x_wconf 88' lang='lat' dir='ltr'><strong>numerum</strong></span> 
     </span>
    </p>
   </div>
   <div class='ocr_carea' id='block_1_12' title="bbox 581 1079 2159 1152">
    <p class='ocr_par' dir='ltr' id='par_1_12' title="bbox 581 1079 2159 1152">
     <span class='ocr_line' id='line_1_12' title="bbox 581 1079 2159 1152; baseline -0.002 -19"><span class='ocrx_word' id='word_1_71' title='bbox 581 1083 867 1152; x_wconf 82' lang='lat' dir='ltr'><strong>producat,</strong></span> <span class='ocrx_word' id='word_1_72' title='bbox 926 1088 985 1137; x_wconf 85' lang='grc' dir='ltr'><strong>ιιι</strong></span> <span class='ocrx_word' id='word_1_73' title='bbox 1031 1079 1325 1149; x_wconf 80' lang='lat' dir='ltr'><strong>iuvenilius</strong></span> <span class='ocrx_word' id='word_1_74' title='bbox 1358 1088 1410 1133; x_wconf 88' lang='lat' dir='ltr'><strong>et</strong></span> <span class='ocrx_word' id='word_1_75' title='bbox 1458 1079 1921 1135; x_wconf 71' lang='lat' dir='ltr'><strong>inconsideratius</strong></span> <span class='ocrx_word' id='word_1_76' title='bbox 1952 1080 2159 1132; x_wconf 86' lang='lat' dir='ltr'><strong>calum-</strong></span> 
     </span>
    </p>
   </div>
   <div class='ocr_carea' id='block_1_13' title="bbox 579 1168 2160 1242">
    <p class='ocr_par' dir='ltr' id='par_1_13' title="bbox 579 1168 2160 1242">
     <span class='ocr_line' id='line_1_13' title="bbox 579 1168 2160 1242; baseline -0.002 -16"><span class='ocrx_word' id='word_1_77' title='bbox 579 1172 726 1226; x_wconf 87' lang='lat' dir='ltr'><strong>niam</strong></span> <span class='ocrx_word' id='word_1_78' title='bbox 791 1170 1185 1241; x_wconf 90' lang='lat' dir='ltr'><strong>apprehendat.</strong></span> <span class='ocrx_word' id='word_1_79' title='bbox 1213 1168 1347 1222; x_wconf 82' lang='lat' dir='ltr'><strong>Nam</strong></span> <span class='ocrx_word' id='word_1_80' title='bbox 1380 1170 1719 1242; x_wconf 88' lang='lat' dir='ltr'><strong>blasphemia</strong></span> <span class='ocrx_word' id='word_1_81' title='bbox 1757 1170 1813 1223; x_wconf 90' lang='lat' dir='ltr'><strong>in</strong></span> <span class='ocrx_word' id='word_1_82' title='bbox 1867 1169 2081 1224; x_wconf 88' lang='lat' dir='ltr'><strong>duobus</strong></span> <span class='ocrx_word' id='word_1_83' title='bbox 2106 1179 2160 1223; x_wconf 84' lang='lat' dir='ltr'><strong>et</strong></span> 
     </span>
    </p>
   </div>
   <div class='ocr_carea' id='block_1_14' title="bbox 579 1259 2155 1331">
    <p class='ocr_par' dir='ltr' id='par_1_14' title="bbox 579 1259 2155 1331">
     <span class='ocr_line' id='line_1_14' title="bbox 579 1259 2155 1331; baseline -0.001 -16"><span class='ocrx_word' id='word_1_84' title='bbox 579 1262 634 1315; x_wconf 90' lang='lat' dir='ltr'><strong>in</strong></span> <span class='ocrx_word' id='word_1_85' title='bbox 675 1261 922 1330; x_wconf 85' lang='lat' dir='ltr'><strong>pluribus</strong></span> <span class='ocrx_word' id='word_1_86' title='bbox 948 1259 1186 1316; x_wconf 88' lang='lat' dir='ltr'><strong>Christis</strong></span> <span class='ocrx_word' id='word_1_87' title='bbox 1220 1261 1429 1329; x_wconf 55' lang='lat' dir='ltr'><strong>aequale</strong></span> <span class='ocrx_word' id='word_1_88' title='bbox 1462 1260 1645 1326; x_wconf 89' lang='lat' dir='ltr'><strong>habet,</strong></span> <span class='ocrx_word' id='word_1_89' title='bbox 1675 1262 2015 1331; x_wconf 82' lang='lat' dir='ltr'><strong>criminaque</strong></span> <span class='ocrx_word' id='word_1_90' title='bbox 2048 1276 2155 1313; x_wconf 89' lang='lat' dir='ltr'><strong>non</strong></span> 
     </span>
    </p>
   </div>
   <div class='ocr_carea' id='block_1_15' title="bbox 577 1352 2157 1424">
    <p class='ocr_par' dir='ltr' id='par_1_15' title="bbox 577 1352 2157 1424">
     <span class='ocr_line' id='line_1_15' title="bbox 577 1352 2157 1424; baseline 0.001 -19"><span class='ocrx_word' id='word_1_91' title='bbox 577 1354 827 1424; x_wconf 85' lang='lat' dir='ltr'><strong>probata,</strong></span> <span class='ocrx_word' id='word_1_92' title='bbox 864 1367 966 1407; x_wconf 87' lang='lat' dir='ltr'><strong>nec</strong></span> <span class='ocrx_word' id='word_1_93' title='bbox 1006 1352 1383 1407; x_wconf 86' lang='lat' dir='ltr'><strong>demonstrata</strong></span> <span class='ocrx_word' id='word_1_94' title='bbox 1433 1353 1691 1408; x_wconf 85' lang='lat' dir='ltr'><strong>similiter</strong></span> <span class='ocrx_word' id='word_1_95' title='bbox 1731 1353 1961 1423; x_wconf 69' lang='lat' dir='ltr'><strong>mqualia</strong></span> <span class='ocrx_word' id='word_1_96' title='bbox 2006 1362 2157 1407; x_wconf 89' lang='lat' dir='ltr'><strong>sunt.</strong></span> 
     </span>
    </p>
   </div>
   <div class='ocr_carea' id='block_1_16' title="bbox 580 1442 2160 1514">
    <p class='ocr_par' dir='ltr' id='par_1_16' title="bbox 580 1442 2160 1514">
     <span class='ocr_line' id='line_1_16' title="bbox 580 1442 2160 1514; baseline 0.001 -17"><span class='ocrx_word' id='word_1_97' title='bbox 580 1442 845 1498; x_wconf 84' lang='lat' dir='ltr'><strong>Ostendat</strong></span> <span class='ocrx_word' id='word_1_98' title='bbox 894 1445 1059 1514; x_wconf 82' lang='lat' dir='ltr'><strong>igitur</strong></span> <span class='ocrx_word' id='word_1_99' title='bbox 1105 1460 1210 1499; x_wconf 89' lang='lat' dir='ltr'><strong>nos</strong></span> <span class='ocrx_word' id='word_1_100' title='bbox 1260 1460 1580 1501; x_wconf 75' lang='lat' dir='ltr'><strong>asseverare</strong></span> <span class='ocrx_word' id='word_1_101' title='bbox 1626 1445 1767 1502; x_wconf 91' lang='lat' dir='ltr'><strong>duos</strong></span> <span class='ocrx_word' id='word_1_102' title='bbox 1809 1444 2071 1500; x_wconf 86' lang='lat' dir='ltr'><strong>Dominos</strong></span> <span class='ocrx_word' id='word_1_103' title='bbox 2104 1452 2160 1499; x_wconf 88' lang='lat' dir='ltr'><strong>et</strong></span> 
     </span>
    </p>
   </div>
   <div class='ocr_carea' id='block_1_17' title="bbox 579 1534 2158 1608">
    <p class='ocr_par' dir='ltr' id='par_1_17' title="bbox 579 1534 2158 1608">
     <span class='ocr_line' id='line_1_17' title="bbox 579 1534 2158 1608; baseline 0.002 -19"><span class='ocrx_word' id='word_1_104' title='bbox 579 1537 720 1590; x_wconf 87' lang='lat' dir='ltr'><strong>duos</strong></span> <span class='ocrx_word' id='word_1_105' title='bbox 758 1534 1030 1600; x_wconf 89' lang='lat' dir='ltr'><strong>Christos,</strong></span> <span class='ocrx_word' id='word_1_106' title='bbox 1081 1545 1138 1589; x_wconf 91' lang='lat' dir='ltr'><strong>ut</strong></span> <span class='ocrx_word' id='word_1_107' title='bbox 1184 1537 1251 1593; x_wconf 90' lang='lat' dir='ltr'><strong>de</strong></span> <span class='ocrx_word' id='word_1_108' title='bbox 1297 1538 1481 1592; x_wconf 87' lang='lat' dir='ltr'><strong>decies</strong></span> <span class='ocrx_word' id='word_1_109' title='bbox 1529 1538 1678 1593; x_wconf 88' lang='lat' dir='ltr'><strong>mille</strong></span> <span class='ocrx_word' id='word_1_110' title='bbox 1723 1538 2158 1608; x_wconf 89' lang='lat' dir='ltr'><strong>reprehensione</strong></span> 
     </span>
    </p>
   </div>
   <div class='ocr_carea' id='block_1_18' title="bbox 579 1626 2158 1685">
    <p class='ocr_par' dir='ltr' id='par_1_18' title="bbox 579 1626 2158 1685">
     <span class='ocr_line' id='line_1_18' title="bbox 579 1626 2158 1685; baseline 0.001 -2"><span class='ocrx_word' id='word_1_111' title='bbox 579 1626 724 1683; x_wconf 74' lang='lat' dir='ltr'><strong>facta</strong></span> <span class='ocrx_word' id='word_1_112' title='bbox 766 1637 958 1681; x_wconf 85' lang='lat' dir='ltr'><strong>contra</strong></span> <span class='ocrx_word' id='word_1_113' title='bbox 1009 1644 1109 1682; x_wconf 90' lang='lat' dir='ltr'><strong>nos</strong></span> <span class='ocrx_word' id='word_1_114' title='bbox 1147 1628 1472 1683; x_wconf 85' lang='lat' dir='ltr'><strong>sententiam</strong></span> <span class='ocrx_word' id='word_1_115' title='bbox 1520 1627 1679 1685; x_wconf 83' lang='lat' dir='ltr'><strong>ferat.</strong></span> <span class='ocrx_word' id='word_1_116' title='bbox 1719 1628 1826 1685; x_wconf 88' lang='lat' dir='ltr'><strong>Sed</strong></span> <span class='ocrx_word' id='word_1_117' title='bbox 1856 1645 1927 1685; x_wconf 76' lang='lat' dir='ltr'><strong>ex</strong></span> <span class='ocrx_word' id='word_1_118' title='bbox 1950 1630 2158 1684; x_wconf 84' lang='lat' dir='ltr'><strong>nostris</strong></span> 
     </span>
    </p>
   </div>
   <div class='ocr_carea' id='block_1_19' title="bbox 580 1716 2157 1788">
    <p class='ocr_par' dir='ltr' id='par_1_19' title="bbox 580 1716 2157 1788">
     <span class='ocr_line' id='line_1_19' title="bbox 580 1716 2157 1788; baseline -0.001 -15"><span class='ocrx_word' id='word_1_119' title='bbox 580 1718 803 1787; x_wconf 83' lang='lat' dir='ltr'><strong>scriptis</strong></span> <span class='ocrx_word' id='word_1_120' title='bbox 849 1732 949 1772; x_wconf 92' lang='lat' dir='ltr'><strong>nos</strong></span> <span class='ocrx_word' id='word_1_121' title='bbox 997 1718 1322 1772; x_wconf 85' lang='lat' dir='ltr'><strong>convincere</strong></span> <span class='ocrx_word' id='word_1_122' title='bbox 1359 1717 1660 1772; x_wconf 87' lang='lat' dir='ltr'><strong>contendit.</strong></span> <span class='ocrx_word' id='word_1_123' title='bbox 1719 1716 1932 1773; x_wconf 81' lang='lat' dir='ltr'><strong>Rursus</strong></span> <span class='ocrx_word' id='word_1_124' title='bbox 1970 1732 2094 1788; x_wconf 87' lang='lat' dir='ltr'><strong>quae</strong></span> <span class='ocrx_word' id='word_1_125' title='bbox 2127 1732 2157 1771; x_wconf 90' lang='lat' dir='ltr'><strong>a</strong></span> 
     </span>
    </p>
   </div>
   <div class='ocr_carea' id='block_1_20' title="bbox 580 1783 2232 1880">
    <p class='ocr_par' dir='ltr' id='par_1_20' title="bbox 580 1783 2232 1880">
     <span class='ocr_line' id='line_1_20' title="bbox 580 1783 2232 1880; baseline 0 -18"><span class='ocrx_word' id='word_1_126' title='bbox 580 1783 850 1878; x_wconf 75' lang='lat' dir='ltr'><strong>magistro</strong></span> <span class='ocrx_word' id='word_1_127' title='bbox 877 1808 1023 1863; x_wconf 89' lang='lat' dir='ltr'><strong>dicta</strong></span> <span class='ocrx_word' id='word_1_128' title='bbox 1055 1817 1184 1864; x_wconf 90' lang='lat' dir='ltr'><strong>sunt</strong></span> <span class='ocrx_word' id='word_1_129' title='bbox 1205 1808 1583 1880; x_wconf 87' lang='lat' dir='ltr'><strong>dispiciamus,</strong></span> <span class='ocrx_word' id='word_1_130' title='bbox 1615 1823 1710 1878; x_wconf 90' lang='lat' dir='ltr'><strong>per</strong></span> <span class='ocrx_word' id='word_1_131' title='bbox 1739 1823 1861 1877; x_wconf 59' lang='lat' dir='ltr'><strong>quae</strong></span> <span class='ocrx_word' id='word_1_132' title='bbox 1890 1783 2005 1863; x_wconf 41' lang='lat' dir='ltr'><strong>iste-</strong></span> <span class='ocrx_word' id='word_1_133' title='bbox 2024 1823 2158 1862; x_wconf 86' lang='lat' dir='ltr'><strong>con-</strong></span> <span class='ocrx_word' id='word_1_134' title='bbox 2190 1783 2232 1839; x_wconf 74' lang='grc' dir='ltr'><strong>Β</strong></span> 
     </span>
    </p>
   </div>
   <div class='ocr_carea' id='block_1_21' title="bbox 579 1898 2159 1970">
    <p class='ocr_par' dir='ltr' id='par_1_21' title="bbox 579 1898 2159 1970">
     <span class='ocr_line' id='line_1_21' title="bbox 579 1898 2159 1970; baseline 0 -18"><span class='ocrx_word' id='word_1_135' title='bbox 579 1907 661 1953; x_wconf 84' lang='lat' dir='ltr'><strong>tra</strong></span> <span class='ocrx_word' id='word_1_136' title='bbox 716 1915 815 1954; x_wconf 88' lang='lat' dir='ltr'><strong>nos</strong></span> <span class='ocrx_word' id='word_1_137' title='bbox 863 1906 1015 1968; x_wconf 86' lang='lat' dir='ltr'><strong>putat</strong></span> <span class='ocrx_word' id='word_1_138' title='bbox 1063 1900 1296 1955; x_wconf 90' lang='lat' dir='ltr'><strong>crimina</strong></span> <span class='ocrx_word' id='word_1_139' title='bbox 1350 1900 1647 1955; x_wconf 87' lang='lat' dir='ltr'><strong>intentare.</strong></span> <span class='ocrx_word' id='word_1_140' title='bbox 1714 1898 1838 1954; x_wconf 86' lang='lat' dir='ltr'><strong>Non</strong></span> <span class='ocrx_word' id='word_1_141' title='bbox 1886 1899 2159 1970; x_wconf 75' lang='lat' dir='ltr'><strong>theologica</strong></span> 
     </span>
    </p>
   </div>
   <div class='ocr_carea' id='block_1_22' title="bbox 578 1991 2160 2064">
    <p class='ocr_par' dir='ltr' id='par_1_22' title="bbox 578 1991 2160 2064">
     <span class='ocr_line' id='line_1_22' title="bbox 578 1991 2160 2064; baseline 0.003 -22"><span class='ocrx_word' id='word_1_142' title='bbox 578 1992 792 2044; x_wconf 87' lang='lat' dir='ltr'><strong>modum</strong></span> <span class='ocrx_word' id='word_1_143' title='bbox 843 1991 991 2046; x_wconf 84' lang='lat' dir='ltr'><strong>nobis</strong></span> <span class='ocrx_word' id='word_1_144' title='bbox 1042 1992 1229 2055; x_wconf 78' lang='lat' dir='ltr'><strong>tradit,</strong></span> <span class='ocrx_word' id='word_1_145' title='bbox 1277 1993 1478 2064; x_wconf 88' lang='lat' dir='ltr'><strong>inquit,</strong></span> <span class='ocrx_word' id='word_1_146' title='bbox 1540 1991 1631 2046; x_wconf 84' lang='lat' dir='ltr'><strong>sed</strong></span> <span class='ocrx_word' id='word_1_147' title='bbox 1692 1994 1997 2047; x_wconf 73' lang='lat' dir='ltr'><strong>aeconomiw</strong></span> <span class='ocrx_word' id='word_1_148' title='bbox 2051 1995 2160 2047; x_wconf 87' lang='lat' dir='ltr'><strong>sive</strong></span> 
     </span>
    </p>
   </div>
   <div class='ocr_carea' id='block_1_23' title="bbox 577 2083 2158 2155">
    <p class='ocr_par' dir='ltr' id='par_1_23' title="bbox 577 2083 2158 2155">
     <span class='ocr_line' id='line_1_23' title="bbox 577 2083 2158 2155; baseline 0.004 -21"><span class='ocrx_word' id='word_1_149' title='bbox 577 2083 984 2149; x_wconf 78' lang='lat' dir='ltr'><strong>dispensationis</strong></span> <span class='ocrx_word' id='word_1_150' title='bbox 1028 2085 1293 2148; x_wconf 81' lang='lat' dir='ltr'><strong>rationes,</strong></span> <span class='ocrx_word' id='word_1_151' title='bbox 1339 2086 1429 2151; x_wconf 88' lang='lat' dir='ltr'><strong>qui</strong></span> <span class='ocrx_word' id='word_1_152' title='bbox 1481 2084 1635 2152; x_wconf 85' lang='lat' dir='ltr'><strong>dicit,</strong></span> <span class='ocrx_word' id='word_1_153' title='bbox 1688 2085 1827 2155; x_wconf 84' lang='lat' dir='ltr'><strong>quod</strong></span> <span class='ocrx_word' id='word_1_154' title='bbox 1871 2086 2158 2141; x_wconf 88' lang='lat' dir='ltr'><strong>Dominum</strong></span> 
     </span>
    </p>
   </div>
   <div class='ocr_carea' id='block_1_24' title="bbox 577 2173 2156 2247">
    <p class='ocr_par' dir='ltr' id='par_1_24' title="bbox 577 2173 2156 2247">
     <span class='ocr_line' id='line_1_24' title="bbox 577 2173 2156 2247; baseline 0.003 -20"><span class='ocrx_word' id='word_1_155' title='bbox 577 2176 749 2242; x_wconf 81' lang='lat' dir='ltr'><strong>ipsum</strong></span> <span class='ocrx_word' id='word_1_156' title='bbox 793 2183 842 2226; x_wconf 86' lang='lat' dir='ltr'><strong>et</strong></span> <span class='ocrx_word' id='word_1_157' title='bbox 898 2173 1166 2227; x_wconf 75' lang='lat' dir='ltr'><strong>Christum</strong></span> <span class='ocrx_word' id='word_1_158' title='bbox 1218 2174 1343 2242; x_wconf 76' lang='lat' dir='ltr'><strong>fecit</strong></span> <span class='ocrx_word' id='word_1_159' title='bbox 1396 2173 1535 2228; x_wconf 83' lang='lat' dir='ltr'><strong>Deus</strong></span> <span class='ocrx_word' id='word_1_160' title='bbox 1597 2174 1735 2229; x_wconf 83' lang='lat' dir='ltr'><strong>hunc</strong></span> <span class='ocrx_word' id='word_1_161' title='bbox 1777 2175 1979 2230; x_wconf 83' lang='lat' dir='ltr'><strong>Filium</strong></span> <span class='ocrx_word' id='word_1_162' title='bbox 2005 2193 2156 2247; x_wconf 81' lang='lat' dir='ltr'><strong>quem</strong></span> 
     </span>
    </p>
   </div>
   <div class='ocr_carea' id='block_1_25' title="bbox 582 2266 2157 2339">
    <p class='ocr_par' dir='ltr' id='par_1_25' title="bbox 582 2266 2157 2339">
     <span class='ocr_line' id='line_1_25' title="bbox 582 2266 2157 2339; baseline 0.001 -19"><span class='ocrx_word' id='word_1_163' title='bbox 582 2283 669 2320; x_wconf 79' lang='lat' dir='ltr'><strong>vos</strong></span> <span class='ocrx_word' id='word_1_164' title='bbox 712 2266 1059 2334; x_wconf 73' lang='lat' dir='ltr'><strong>cruci/ixistis</strong></span> <span class='ocrx_word' id='word_1_165' title='bbox 1099 2283 1118 2321; x_wconf 88' lang='lat'><strong><em>:</em></strong></span> <span class='ocrx_word' id='word_1_166' title='bbox 1158 2283 1277 2321; x_wconf 79' lang='lat' dir='ltr'><strong>voce</strong></span> <span class='ocrx_word' id='word_1_167' title='bbox 1333 2266 1751 2322; x_wconf 85' lang='lat' dir='ltr'><strong>demonstrativa</strong></span> <span class='ocrx_word' id='word_1_168' title='bbox 1802 2268 1871 2322; x_wconf 86' lang='lat' dir='ltr'><strong>ad</strong></span> <span class='ocrx_word' id='word_1_169' title='bbox 1915 2268 1969 2323; x_wconf 90' lang='lat' dir='ltr'><strong>id</strong></span> <span class='ocrx_word' id='word_1_170' title='bbox 2016 2269 2157 2339; x_wconf 83' lang='lat' dir='ltr'><strong>quod</strong></span> 
     </span>
    </p>
   </div>
   <div class='ocr_carea' id='block_1_26' title="bbox 581 2354 2153 2425">
    <p class='ocr_par' dir='ltr' id='par_1_26' title="bbox 581 2354 2153 2425">
     <span class='ocr_line' id='line_1_26' title="bbox 581 2354 2153 2425; baseline 0.004 -18"><span class='ocrx_word' id='word_1_171' title='bbox 581 2355 868 2408; x_wconf 83' lang='lat' dir='ltr'><strong>humanum</strong></span> <span class='ocrx_word' id='word_1_172' title='bbox 915 2363 1064 2409; x_wconf 80' lang='lat' dir='ltr'><strong>estet</strong></span> <span class='ocrx_word' id='word_1_173' title='bbox 1101 2354 1238 2425; x_wconf 86' lang='lat' dir='ltr'><strong>quod</strong></span> <span class='ocrx_word' id='word_1_174' title='bbox 1277 2357 1509 2411; x_wconf 87' lang='lat' dir='ltr'><strong>cernitur</strong></span> <span class='ocrx_word' id='word_1_175' title='bbox 1543 2355 1783 2411; x_wconf 88' lang='lat' dir='ltr'><strong>omnibus</strong></span> <span class='ocrx_word' id='word_1_176' title='bbox 1828 2357 2153 2413; x_wconf 83' lang='lat' dir='ltr'><strong>incumbens.</strong></span> 
     </span>
    </p>
   </div>
   <div class='ocr_carea' id='block_1_27' title="bbox 582 2443 2155 2515">
    <p class='ocr_par' dir='ltr' id='par_1_27' title="bbox 582 2443 2155 2515">
     <span class='ocr_line' id='line_1_27' title="bbox 582 2443 2155 2515; baseline 0.001 -16"><span class='ocrx_word' id='word_1_177' title='bbox 582 2444 707 2500; x_wconf 68' lang='lat' dir='ltr'><strong>llaec</strong></span> <span class='ocrx_word' id='word_1_178' title='bbox 742 2446 907 2514; x_wconf 83' lang='lat' dir='ltr'><strong>igitur</strong></span> <span class='ocrx_word' id='word_1_179' title='bbox 930 2451 1057 2499; x_wconf 90' lang='lat' dir='ltr'><strong>sunt</strong></span> <span class='ocrx_word' id='word_1_180' title='bbox 1086 2444 1312 2515; x_wconf 88' lang='lat' dir='ltr'><strong>scripta.</strong></span> <span class='ocrx_word' id='word_1_181' title='bbox 1344 2443 1411 2499; x_wconf 80' lang='lat' dir='ltr'><strong>lii</strong></span> <span class='ocrx_word' id='word_1_182' title='bbox 1446 2460 1576 2500; x_wconf 75' lang='lat' dir='ltr'><strong>vero</strong></span> <span class='ocrx_word' id='word_1_183' title='bbox 1615 2445 1723 2500; x_wconf 92' lang='lat' dir='ltr'><strong>duo</strong></span> <span class='ocrx_word' id='word_1_184' title='bbox 1752 2445 1980 2509; x_wconf 84' lang='lat' dir='ltr'><strong>Christi,</strong></span> <span class='ocrx_word' id='word_1_185' title='bbox 2012 2446 2155 2501; x_wconf 82' lang='lat' dir='ltr'><strong>unde</strong></span> 
     </span>
    </p>
   </div>
   <div class='ocr_carea' id='block_1_28' title="bbox 579 2532 2154 2607">
    <p class='ocr_par' dir='ltr' id='par_1_28' title="bbox 579 2532 2154 2607">
     <span class='ocr_line' id='line_1_28' title="bbox 579 2532 2154 2607; baseline 0.001 -20"><span class='ocrx_word' id='word_1_186' title='bbox 579 2536 648 2589; x_wconf 88' lang='lat' dir='ltr'><strong>ab</strong></span> <span class='ocrx_word' id='word_1_187' title='bbox 694 2532 961 2589; x_wconf 83' lang='lat' dir='ltr'><strong>Eunomio</strong></span> <span class='ocrx_word' id='word_1_188' title='bbox 1012 2548 1109 2604; x_wconf 89' lang='lat' dir='ltr'><strong>per</strong></span> <span class='ocrx_word' id='word_1_189' title='bbox 1141 2534 1194 2588; x_wconf 92' lang='lat' dir='ltr'><strong>id</strong></span> <span class='ocrx_word' id='word_1_190' title='bbox 1228 2534 1374 2607; x_wconf 91' lang='lat' dir='ltr'><strong>quod</strong></span> <span class='ocrx_word' id='word_1_191' title='bbox 1404 2534 1612 2589; x_wconf 91' lang='lat' dir='ltr'><strong>dictum</strong></span> <span class='ocrx_word' id='word_1_192' title='bbox 1642 2545 1729 2591; x_wconf 88' lang='lat' dir='ltr'><strong>est</strong></span> <span class='ocrx_word' id='word_1_193' title='bbox 1762 2535 1959 2591; x_wconf 89' lang='lat' dir='ltr'><strong>intrusi</strong></span> <span class='ocrx_word' id='word_1_194' title='bbox 1990 2532 2154 2590; x_wconf 70' lang='lat' dir='ltr'><strong>sunt?</strong></span> 
     </span>
    </p>
   </div>
   <div class='ocr_carea' id='block_1_29' title="bbox 580 2626 2156 2704">
    <p class='ocr_par' dir='ltr' id='par_1_29' title="bbox 580 2626 2156 2704">
     <span class='ocr_line' id='line_1_29' title="bbox 580 2626 2156 2704; baseline 0.001 -25"><span class='ocrx_word' id='word_1_195' title='bbox 580 2635 764 2680; x_wconf 82' lang='lat' dir='ltr'><strong>utrum</strong></span> <span class='ocrx_word' id='word_1_196' title='bbox 806 2626 993 2682; x_wconf 88' lang='lat' dir='ltr'><strong>dicere</strong></span> <span class='ocrx_word' id='word_1_197' title='bbox 1023 2626 1512 2683; x_wconf 80' lang='lat' dir='ltr'><strong>demonstrativam</strong></span> <span class='ocrx_word' id='word_1_198' title='bbox 1541 2643 1762 2691; x_wconf 81' lang='lat' dir='ltr'><strong>vocem,</strong></span> <span class='ocrx_word' id='word_1_199' title='bbox 1810 2627 1876 2683; x_wconf 90' lang='lat' dir='ltr'><strong>ad</strong></span> <span class='ocrx_word' id='word_1_200' title='bbox 1927 2628 1981 2683; x_wconf 88' lang='lat' dir='ltr'><strong>id</strong></span> <span class='ocrx_word' id='word_1_201' title='bbox 2010 2628 2156 2704; x_wconf 91' lang='lat' dir='ltr'><strong>quod</strong></span> 
     </span>
    </p>
   </div>
   <div class='ocr_carea' id='block_1_30' title="bbox 579 2717 2158 2785">
    <p class='ocr_par' dir='ltr' id='par_1_30' title="bbox 579 2717 2158 2785">
     <span class='ocr_line' id='line_1_30' title="bbox 579 2717 2158 2785; baseline 0.003 -16"><span class='ocrx_word' id='word_1_202' title='bbox 579 2726 803 2785; x_wconf 81' lang='lat' dir='ltr'><strong>apparet</strong></span> <span class='ocrx_word' id='word_1_203' title='bbox 832 2717 1148 2773; x_wconf 88' lang='lat' dir='ltr'><strong>incumbere</strong></span> <span class='ocrx_word' id='word_1_204' title='bbox 1168 2757 1183 2781; x_wconf 91' lang='lat'><strong>,</strong></span> <span class='ocrx_word' id='word_1_205' title='bbox 1239 2718 1343 2772; x_wconf 88' lang='lat' dir='ltr'><strong>hoc</strong></span> <span class='ocrx_word' id='word_1_206' title='bbox 1370 2718 1604 2772; x_wconf 87' lang='lat' dir='ltr'><strong>duorum</strong></span> <span class='ocrx_word' id='word_1_207' title='bbox 1646 2718 1991 2774; x_wconf 84' lang='lat' dir='ltr'><strong>Christorum</strong></span> <span class='ocrx_word' id='word_1_208' title='bbox 2024 2735 2158 2775; x_wconf 83' lang='lat' dir='ltr'><strong>con-</strong></span> 
     </span>
    </p>
   </div>
   <div class='ocr_carea' id='block_1_31' title="bbox 580 2805 2157 2878">
    <p class='ocr_par' dir='ltr' id='par_1_31' title="bbox 580 2805 2157 2878">
     <span class='ocr_line' id='line_1_31' title="bbox 580 2805 2157 2878; baseline 0.001 -17"><span class='ocrx_word' id='word_1_209' title='bbox 580 2807 883 2861; x_wconf 88' lang='lat' dir='ltr'><strong>stitutionis</strong></span> <span class='ocrx_word' id='word_1_210' title='bbox 908 2815 1111 2861; x_wconf 89' lang='lat' dir='ltr'><strong>certam</strong></span> <span class='ocrx_word' id='word_1_211' title='bbox 1136 2805 1299 2860; x_wconf 89' lang='lat' dir='ltr'><strong>habet</strong></span> <span class='ocrx_word' id='word_1_212' title='bbox 1322 2806 1739 2875; x_wconf 80' lang='lat' dir='ltr'><strong>probationem?</strong></span> <span class='ocrx_word' id='word_1_213' title='bbox 1761 2808 1931 2878; x_wconf 76' lang='lat' dir='ltr'><strong>igitur</strong></span> <span class='ocrx_word' id='word_1_214' title='bbox 1956 2823 2157 2878; x_wconf 79' lang='lat' dir='ltr'><strong>negare</strong></span> 
     </span>
    </p>
   </div>
   <div class='ocr_carea' id='block_1_32' title="bbox 577 2898 2156 2969">
    <p class='ocr_par' dir='ltr' id='par_1_32' title="bbox 577 2898 2156 2969">
     <span class='ocr_line' id='line_1_32' title="bbox 577 2898 2156 2969; baseline 0 -16"><span class='ocrx_word' id='word_1_215' title='bbox 577 2899 734 2953; x_wconf 81' lang='lat' dir='ltr'><strong>decet</strong></span> <span class='ocrx_word' id='word_1_216' title='bbox 763 2907 813 2952; x_wconf 90' lang='lat' dir='ltr'><strong>et</strong></span> <span class='ocrx_word' id='word_1_217' title='bbox 847 2898 971 2961; x_wconf 90' lang='lat' dir='ltr'><strong>hoc,</strong></span> <span class='ocrx_word' id='word_1_218' title='bbox 1020 2911 1216 2966; x_wconf 88' lang='lat' dir='ltr'><strong>nempe</strong></span> <span class='ocrx_word' id='word_1_219' title='bbox 1262 2898 1730 2966; x_wconf 83' lang='lat' dir='ltr'><strong>superexaltatum</strong></span> <span class='ocrx_word' id='word_1_220' title='bbox 1759 2913 1881 2953; x_wconf 85' lang='lat' dir='ltr'><strong>esse</strong></span> <span class='ocrx_word' id='word_1_221' title='bbox 1924 2899 1993 2954; x_wconf 88' lang='lat' dir='ltr'><strong>ab</strong></span> <span class='ocrx_word' id='word_1_222' title='bbox 2035 2899 2156 2969; x_wconf 89' lang='lat' dir='ltr'><strong>ipso</strong></span> 
     </span>
    </p>
   </div>
   <div class='ocr_carea' id='block_1_33' title="bbox 576 2985 2155 3059">
    <p class='ocr_par' dir='ltr' id='par_1_33' title="bbox 576 2985 2155 3059">
     <span class='ocr_line' id='line_1_33' title="bbox 576 2985 2155 3059; baseline 0.002 -17"><span class='ocrx_word' id='word_1_223' title='bbox 576 2998 700 3059; x_wconf 78' lang='lat' dir='ltr'><strong>post</strong></span> <span class='ocrx_word' id='word_1_224' title='bbox 757 2989 1065 3058; x_wconf 89' lang='lat' dir='ltr'><strong>passionem</strong></span> <span class='ocrx_word' id='word_1_225' title='bbox 1098 2985 1408 3052; x_wconf 91' lang='lat' dir='ltr'><strong>Dominum,</strong></span> <span class='ocrx_word' id='word_1_226' title='bbox 1446 3004 1514 3043; x_wconf 89' lang='lat' dir='ltr'><strong>ne</strong></span> <span class='ocrx_word' id='word_1_227' title='bbox 1555 2989 1694 3044; x_wconf 88' lang='lat' dir='ltr'><strong>duos</strong></span> <span class='ocrx_word' id='word_1_228' title='bbox 1737 2987 2046 3045; x_wconf 84' lang='lat' dir='ltr'><strong>Altissimos</strong></span> <span class='ocrx_word' id='word_1_229' title='bbox 2072 2991 2155 3045; x_wconf 92' lang='lat' dir='ltr'><strong>di-</strong></span> 
     </span>
    </p>
   </div>
   <div class='ocr_carea' id='block_1_34' title="bbox 581 3076 2155 3154">
    <p class='ocr_par' dir='ltr' id='par_1_34' title="bbox 581 3076 2155 3154">
     <span class='ocr_line' id='line_1_34' title="bbox 581 3076 2155 3154; baseline 0.003 -21"><span class='ocrx_word' id='word_1_230' title='bbox 581 3094 707 3135; x_wconf 87' lang='lat' dir='ltr'><strong>cere</strong></span> <span class='ocrx_word' id='word_1_231' title='bbox 758 3093 1104 3133; x_wconf 82' lang='lat' dir='ltr'><strong>accusemur.</strong></span> <span class='ocrx_word' id='word_1_232' title='bbox 1163 3076 1443 3149; x_wconf 89' lang='lat' dir='ltr'><strong>Siquidem</strong></span> <span class='ocrx_word' id='word_1_233' title='bbox 1466 3079 1782 3137; x_wconf 80' lang='lat' dir='ltr'><strong>Altissimus</strong></span> <span class='ocrx_word' id='word_1_234' title='bbox 1810 3082 2028 3152; x_wconf 89' lang='lat' dir='ltr'><strong>quidem</strong></span> <span class='ocrx_word' id='word_1_235' title='bbox 2061 3083 2155 3154; x_wconf 91' lang='lat' dir='ltr'><strong>qui</strong></span> 
     </span>
    </p>
   </div>
   <div class='ocr_carea' id='block_1_35' title="bbox 581 3168 2155 3242">
    <p class='ocr_par' dir='ltr' id='par_1_35' title="bbox 581 3168 2155 3242">
     <span class='ocr_line' id='line_1_35' title="bbox 581 3168 2155 3242; baseline 0.004 -19"><span class='ocrx_word' id='word_1_236' title='bbox 581 3171 636 3223; x_wconf 90' lang='lat' dir='ltr'><strong>in</strong></span> <span class='ocrx_word' id='word_1_237' title='bbox 682 3171 953 3240; x_wconf 85' lang='lat' dir='ltr'><strong>principio</strong></span> <span class='ocrx_word' id='word_1_238' title='bbox 982 3178 1066 3225; x_wconf 86' lang='lat' dir='ltr'><strong>est</strong></span> <span class='ocrx_word' id='word_1_239' title='bbox 1117 3168 1352 3225; x_wconf 87' lang='lat' dir='ltr'><strong>Verbum</strong></span> <span class='ocrx_word' id='word_1_240' title='bbox 1386 3171 1549 3238; x_wconf 91' lang='lat' dir='ltr'><strong>Deus,</strong></span> <span class='ocrx_word' id='word_1_241' title='bbox 1585 3174 2024 3242; x_wconf 80' lang='lat' dir='ltr'><strong>superexaltatus</strong></span> <span class='ocrx_word' id='word_1_242' title='bbox 2052 3189 2155 3230; x_wconf 87' lang='lat' dir='ltr'><strong>au-</strong></span> 
     </span>
    </p>
   </div>
   <div class='ocr_carea' id='block_1_36' title="bbox 579 3261 2154 3331">
    <p class='ocr_par' dir='ltr' id='par_1_36' title="bbox 579 3261 2154 3331">
     <span class='ocr_line' id='line_1_36' title="bbox 579 3261 2154 3331; baseline 0.004 -18"><span class='ocrx_word' id='word_1_243' title='bbox 579 3267 687 3313; x_wconf 82' lang='lat' dir='ltr'><strong>tem</strong></span> <span class='ocrx_word' id='word_1_244' title='bbox 738 3267 863 3328; x_wconf 87' lang='lat' dir='ltr'><strong>post</strong></span> <span class='ocrx_word' id='word_1_245' title='bbox 908 3261 1221 3329; x_wconf 87' lang='lat' dir='ltr'><strong>passionem</strong></span> <span class='ocrx_word' id='word_1_246' title='bbox 1270 3263 1366 3331; x_wconf 85' lang='lat' dir='ltr'><strong>qui</strong></span> <span class='ocrx_word' id='word_1_247' title='bbox 1417 3277 1483 3317; x_wconf 80' lang='lat' dir='ltr'><strong>ex</strong></span> <span class='ocrx_word' id='word_1_248' title='bbox 1539 3264 1772 3318; x_wconf 87' lang='lat' dir='ltr'><strong>mortuis</strong></span> <span class='ocrx_word' id='word_1_249' title='bbox 1835 3265 2154 3330; x_wconf 80' lang='lat' dir='ltr'><strong>resurrexit,</strong></span> 
     </span>
    </p>
   </div>
   <div class='ocr_carea' id='block_1_37' title="bbox 581 3338 2158 3420">
    <p class='ocr_par' dir='ltr' id='par_1_37' title="bbox 581 3338 2158 3420">
     <span class='ocr_line' id='line_1_37' title="bbox 581 3338 2158 3420; baseline 0.005 -17"><span class='ocrx_word' id='word_1_250' title='bbox 581 3349 725 3404; x_wconf 86' lang='lat' dir='ltr'><strong>sicut</strong></span> <span class='ocrx_word' id='word_1_251' title='bbox 777 3351 855 3403; x_wconf 89' lang='lat' dir='ltr'><strong>ait</strong></span> <span class='ocrx_word' id='word_1_252' title='bbox 904 3352 1225 3420; x_wconf 84' lang='lat' dir='ltr'><strong>Apostolus.</strong></span> <span class='ocrx_word' id='word_1_253' title='bbox 1284 3351 1325 3405; x_wconf 83' lang='grc' dir='ltr'>Ε</span> <span class='ocrx_word' id='word_1_254' title='bbox 1380 3352 1599 3407; x_wconf 87' lang='lat' dir='ltr'><strong>duobus</strong></span> <span class='ocrx_word' id='word_1_255' title='bbox 1648 3338 1792 3408; x_wconf 84' lang='lat' dir='ltr'><strong>enim</strong></span> <span class='ocrx_word' id='word_1_256' title='bbox 1847 3357 2158 3411; x_wconf 88' lang='lat' dir='ltr'><strong>necessario</strong></span> 
     </span>
    </p>
   </div>
   <div class='ocr_carea' id='block_1_38' title="bbox 581 3442 2156 3517">
    <p class='ocr_par' dir='ltr' id='par_1_38' title="bbox 581 3442 2156 3517">
     <span class='ocr_line' id='line_1_38' title="bbox 581 3442 2156 3517; baseline 0.006 -24"><span class='ocrx_word' id='word_1_257' title='bbox 581 3442 812 3495; x_wconf 90' lang='lat' dir='ltr'><strong>alterum</strong></span> <span class='ocrx_word' id='word_1_258' title='bbox 844 3443 1151 3513; x_wconf 82' lang='lat' dir='ltr'><strong>eligendum</strong></span> <span class='ocrx_word' id='word_1_259' title='bbox 1183 3453 1287 3511; x_wconf 88' lang='lat' dir='ltr'><strong>est,</strong></span> <span class='ocrx_word' id='word_1_260' title='bbox 1318 3445 1403 3499; x_wconf 83' lang='lat' dir='ltr'><strong>vel</strong></span> <span class='ocrx_word' id='word_1_261' title='bbox 1430 3445 1664 3500; x_wconf 91' lang='lat' dir='ltr'><strong>dicendo</strong></span> <span class='ocrx_word' id='word_1_262' title='bbox 1694 3448 2156 3517; x_wconf 76' lang='lat' dir='ltr'><strong>supercxaltatum</strong></span> 
     </span>
    </p>
   </div>
   <div class='ocr_carea' id='block_1_39' title="bbox 581 3535 2158 3608">
    <p class='ocr_par' dir='ltr' id='par_1_39' title="bbox 581 3535 2158 3608">
     <span class='ocr_line' id='line_1_39' title="bbox 581 3535 2158 3608; baseline 0.004 -23"><span class='ocrx_word' id='word_1_263' title='bbox 581 3547 705 3587; x_wconf 88' lang='lat' dir='ltr'><strong>esse</strong></span> <span class='ocrx_word' id='word_1_264' title='bbox 738 3542 858 3602; x_wconf 90' lang='lat' dir='ltr'><strong>post</strong></span> <span class='ocrx_word' id='word_1_265' title='bbox 888 3535 1224 3603; x_wconf 85' lang='lat' dir='ltr'><strong>passionem,</strong></span> <span class='ocrx_word' id='word_1_266' title='bbox 1256 3536 1401 3605; x_wconf 92' lang='lat' dir='ltr'><strong>quod</strong></span> <span class='ocrx_word' id='word_1_267' title='bbox 1426 3537 1647 3606; x_wconf 89' lang='lat' dir='ltr'><strong>quidem</strong></span> <span class='ocrx_word' id='word_1_268' title='bbox 1680 3537 1889 3608; x_wconf 79' lang='lat' dir='ltr'><strong>aequale</strong></span> <span class='ocrx_word' id='word_1_269' title='bbox 1917 3546 2001 3593; x_wconf 90' lang='lat' dir='ltr'><strong>est</strong></span> <span class='ocrx_word' id='word_1_270' title='bbox 2030 3539 2158 3592; x_wconf 92' lang='lat' dir='ltr'><strong>huic</strong></span> 
     </span>
    </p>
   </div>
   <div class='ocr_carea' id='block_1_40' title="bbox 584 3623 2160 3694">
    <p class='ocr_par' dir='ltr' id='par_1_40' title="bbox 584 3623 2160 3694">
     <span class='ocr_line' id='line_1_40' title="bbox 584 3623 2160 3694; baseline 0.006 -19"><span class='ocrx_word' id='word_1_271' title='bbox 584 3624 902 3690; x_wconf 85' lang='lat' dir='ltr'><strong>assertioni,</strong></span> <span class='ocrx_word' id='word_1_272' title='bbox 944 3623 1235 3680; x_wconf 87' lang='lat' dir='ltr'><strong>Dominum</strong></span> <span class='ocrx_word' id='word_1_273' title='bbox 1277 3626 1479 3682; x_wconf 83' lang='lat' dir='ltr'><strong>factum</strong></span> <span class='ocrx_word' id='word_1_274' title='bbox 1503 3643 1626 3684; x_wconf 89' lang='lat' dir='ltr'><strong>esse</strong></span> <span class='ocrx_word' id='word_1_275' title='bbox 1654 3637 1708 3684; x_wconf 88' lang='lat' dir='ltr'><strong>et</strong></span> <span class='ocrx_word' id='word_1_276' title='bbox 1729 3629 2029 3694; x_wconf 82' lang='lat' dir='ltr'><strong>Christum,</strong></span> <span class='ocrx_word' id='word_1_277' title='bbox 2058 3631 2160 3684; x_wconf 88' lang='lat' dir='ltr'><strong>im-</strong></span> 
     </span>
    </p>
   </div>
   <div class='ocr_carea' id='block_1_41' title="bbox 583 3716 2157 3789">
    <p class='ocr_par' dir='ltr' id='par_1_41' title="bbox 583 3716 2157 3789">
     <span class='ocr_line' id='line_1_41' title="bbox 583 3716 2157 3789; baseline 0.004 -21"><span class='ocrx_word' id='word_1_278' title='bbox 583 3716 799 3784; x_wconf 86' lang='lat' dir='ltr'><strong>pietatis</strong></span> <span class='ocrx_word' id='word_1_279' title='bbox 850 3718 993 3789; x_wconf 90' lang='lat' dir='ltr'><strong>apud</strong></span> <span class='ocrx_word' id='word_1_280' title='bbox 1054 3717 1382 3773; x_wconf 83' lang='lat' dir='ltr'><strong>Eunomium</strong></span> <span class='ocrx_word' id='word_1_281' title='bbox 1434 3735 1587 3776; x_wconf 88' lang='lat' dir='ltr'><strong>reum</strong></span> <span class='ocrx_word' id='word_1_282' title='bbox 1633 3721 1839 3785; x_wconf 82' lang='lat' dir='ltr'><strong>vocari,</strong></span> <span class='ocrx_word' id='word_1_283' title='bbox 1870 3721 1956 3776; x_wconf 84' lang='lat' dir='ltr'><strong>vel</strong></span> <span class='ocrx_word' id='word_1_284' title='bbox 1987 3736 2157 3775; x_wconf 84' lang='lat' dir='ltr'><strong>accu-</strong></span> 
     </span>
    </p>
   </div>
   <div class='ocr_carea' id='block_1_42' title="bbox 581 3806 2159 3883">
    <p class='ocr_par' dir='ltr' id='par_1_42' title="bbox 581 3806 2159 3883">
     <span class='ocr_line' id='line_1_42' title="bbox 581 3806 2159 3883; baseline 0.003 -21"><span class='ocrx_word' id='word_1_285' title='bbox 581 3806 846 3862; x_wconf 82' lang='lat' dir='ltr'><strong>sationem</strong></span> <span class='ocrx_word' id='word_1_286' title='bbox 886 3808 1209 3864; x_wconf 90' lang='lat' dir='ltr'><strong>deelinando</strong></span> <span class='ocrx_word' id='word_1_287' title='bbox 1236 3810 1465 3865; x_wconf 84' lang='lat' dir='ltr'><strong>inliciari</strong></span> <span class='ocrx_word' id='word_1_288' title='bbox 1512 3810 1925 3868; x_wconf 83' lang='lat' dir='ltr'><strong>confessionem</strong></span> <span class='ocrx_word' id='word_1_289' title='bbox 1961 3828 2159 3883; x_wconf 88' lang='lat' dir='ltr'><strong>super-</strong></span> 
     </span>
    </p>
   </div>
   <div class='ocr_carea' id='block_1_43' title="bbox 579 3900 1629 3972">
    <p class='ocr_par' dir='ltr' id='par_1_43' title="bbox 579 3900 1629 3972">
     <span class='ocr_line' id='line_1_43' title="bbox 579 3900 1629 3972; baseline 0 -16"><span class='ocrx_word' id='word_1_290' title='bbox 579 3900 933 3956; x_wconf 80' lang='lat' dir='ltr'><strong>exaltationis</strong></span> <span class='ocrx_word' id='word_1_291' title='bbox 970 3901 1091 3970; x_wconf 89' lang='lat' dir='ltr'><strong>ejus</strong></span> <span class='ocrx_word' id='word_1_292' title='bbox 1140 3903 1234 3972; x_wconf 85' lang='lat' dir='ltr'><strong>qui</strong></span> <span class='ocrx_word' id='word_1_293' title='bbox 1291 3917 1490 3972; x_wconf 86' lang='lat' dir='ltr'><strong>passus</strong></span> <span class='ocrx_word' id='word_1_294' title='bbox 1528 3915 1629 3959; x_wconf 92' lang='lat' dir='ltr'><strong>cst.</strong></span> 
     </span>
    </p>
   </div>
   <div class='ocr_carea' id='block_1_44' title="bbox 660 3992 2160 4064">
    <p class='ocr_par' dir='ltr' id='par_1_44' title="bbox 660 3992 2160 4064">
     <span class='ocr_line' id='line_1_44' title="bbox 660 3992 2160 4064; baseline 0.004 -17"><span class='ocrx_word' id='word_1_295' title='bbox 660 3992 767 4047; x_wconf 85' lang='lat' dir='ltr'><strong>Sed</strong></span> <span class='ocrx_word' id='word_1_296' title='bbox 801 3993 868 4047; x_wconf 91' lang='lat' dir='ltr'><strong>ad</strong></span> <span class='ocrx_word' id='word_1_297' title='bbox 891 3994 1005 4048; x_wconf 69' lang='lat' dir='ltr'><strong>haec</strong></span> <span class='ocrx_word' id='word_1_298' title='bbox 1044 4009 1238 4050; x_wconf 87' lang='lat' dir='ltr'><strong>rursus</strong></span> <span class='ocrx_word' id='word_1_299' title='bbox 1255 4002 1468 4064; x_wconf 90' lang='lat' dir='ltr'><strong>oportet</strong></span> <span class='ocrx_word' id='word_1_300' title='bbox 1481 3997 1825 4051; x_wconf 89' lang='lat' dir='ltr'><strong>accusatoris</strong></span> <span class='ocrx_word' id='word_1_301' title='bbox 1851 4012 2160 4053; x_wconf 87' lang='lat' dir='ltr'><strong>sermonem</strong></span> 
     </span>
    </p>
   </div>
   <div class='ocr_carea' id='block_1_45' title="bbox 589 4087 2157 4161">
    <p class='ocr_par' dir='ltr' id='par_1_45' title="bbox 589 4087 2157 4161">
     <span class='ocr_line' id='line_1_45' title="bbox 589 4087 2157 4161; baseline 0.004 -22"><span class='ocrx_word' id='word_1_302' title='bbox 589 4094 791 4141; x_wconf 72' lang='lat' dir='ltr'><strong>nostra:</strong></span> <span class='ocrx_word' id='word_1_303' title='bbox 841 4102 1020 4142; x_wconf 73' lang='lat' dir='ltr'><strong>causa:</strong></span> <span class='ocrx_word' id='word_1_304' title='bbox 1068 4087 1326 4143; x_wconf 88' lang='lat' dir='ltr'><strong>dictionis</strong></span> <span class='ocrx_word' id='word_1_305' title='bbox 1385 4090 1748 4158; x_wconf 87' lang='lat' dir='ltr'><strong>patrocinium</strong></span> <span class='ocrx_word' id='word_1_306' title='bbox 1797 4092 2157 4161; x_wconf 87' lang='lat' dir='ltr'><strong>praestituere.</strong></span> 
     </span>
    </p>
   </div>
   <div class='ocr_carea' id='block_1_46' title="bbox 586 4178 2158 4249">
    <p class='ocr_par' dir='ltr' id='par_1_46' title="bbox 586 4178 2158 4249">
     <span class='ocr_line' id='line_1_46' title="bbox 586 4178 2158 4249; baseline 0.004 -18"><span class='ocrx_word' id='word_1_307' title='bbox 586 4178 718 4242; x_wconf 61' lang='lat' dir='ltr'><strong>Quae</strong></span> <span class='ocrx_word' id='word_1_308' title='bbox 761 4178 947 4246; x_wconf 87' lang='lat' dir='ltr'><strong>itaque</strong></span> <span class='ocrx_word' id='word_1_309' title='bbox 1002 4187 1133 4232; x_wconf 86' lang='lat' dir='ltr'><strong>sunt</strong></span> <span class='ocrx_word' id='word_1_310' title='bbox 1181 4178 1253 4233; x_wconf 87' lang='lat' dir='ltr'><strong>ab</strong></span> <span class='ocrx_word' id='word_1_311' title='bbox 1301 4179 1395 4233; x_wconf 86' lang='lat' dir='ltr'><strong>illo</strong></span> <span class='ocrx_word' id='word_1_312' title='bbox 1444 4182 1618 4249; x_wconf 87' lang='lat' dir='ltr'><strong>posita</strong></span> <span class='ocrx_word' id='word_1_313' title='bbox 1666 4182 1731 4236; x_wconf 90' lang='lat' dir='ltr'><strong>ad</strong></span> <span class='ocrx_word' id='word_1_314' title='bbox 1782 4183 2004 4237; x_wconf 83' lang='lat' dir='ltr'><strong>verbum</strong></span> <span class='ocrx_word' id='word_1_315' title='bbox 2069 4199 2158 4238; x_wconf 84' lang='lat' dir='ltr'><strong>re-</strong></span> 
     </span>
    </p>
   </div>
   <div class='ocr_carea' id='block_1_47' title="bbox 586 4268 2161 4340">
    <p class='ocr_par' dir='ltr' id='par_1_47' title="bbox 586 4268 2161 4340">
     <span class='ocr_line' id='line_1_47' title="bbox 586 4268 2161 4340; baseline 0.005 -18"><span class='ocrx_word' id='word_1_316' title='bbox 586 4268 901 4332; x_wconf 86' lang='lat' dir='ltr'><strong>citabimus,</strong></span> <span class='ocrx_word' id='word_1_317' title='bbox 952 4284 1049 4339; x_wconf 85' lang='lat' dir='ltr'><strong>per</strong></span> <span class='ocrx_word' id='word_1_318' title='bbox 1096 4285 1220 4339; x_wconf 68' lang='lat' dir='ltr'><strong>quae</strong></span> <span class='ocrx_word' id='word_1_319' title='bbox 1248 4279 1437 4326; x_wconf 84' lang='lat' dir='ltr'><strong>noster</strong></span> <span class='ocrx_word' id='word_1_320' title='bbox 1469 4288 1650 4327; x_wconf 90' lang='lat' dir='ltr'><strong>sermo</strong></span> <span class='ocrx_word' id='word_1_321' title='bbox 1690 4275 2063 4340; x_wconf 88' lang='lat' dir='ltr'><strong>constituitur,</strong></span> <span class='ocrx_word' id='word_1_322' title='bbox 2093 4275 2161 4330; x_wconf 83' lang='lat' dir='ltr'><strong>ad</strong></span> 
     </span>
    </p>
   </div>
   <div class='ocr_carea' id='block_1_48' title="bbox 587 4362 2161 4435">
    <p class='ocr_par' dir='ltr' id='par_1_48' title="bbox 587 4362 2161 4435">
     <span class='ocr_line' id='line_1_48' title="bbox 587 4362 2161 4435; baseline 0.004 -21"><span class='ocrx_word' id='word_1_323' title='bbox 587 4362 733 4415; x_wconf 88' lang='lat' dir='ltr'><strong>hunc</strong></span> <span class='ocrx_word' id='word_1_324' title='bbox 776 4362 1254 4416; x_wconf 82' lang='lat' dir='ltr'><strong>modum:Beatus</strong></span> <span class='ocrx_word' id='word_1_325' title='bbox 1299 4362 1557 4431; x_wconf 83' lang='lat' dir='ltr'><strong>Joannes,</strong></span> <span class='ocrx_word' id='word_1_326' title='bbox 1592 4366 1789 4435; x_wconf 91' lang='lat' dir='ltr'><strong>inquit,</strong></span> <span class='ocrx_word' id='word_1_327' title='bbox 1826 4366 1991 4422; x_wconf 85' lang='lat' dir='ltr'><strong>Deum</strong></span> <span class='ocrx_word' id='word_1_328' title='bbox 2037 4367 2161 4421; x_wconf 83' lang='lat' dir='ltr'><strong>Ver-</strong></span> 
     </span>
    </p>
   </div>
   <div class='ocr_carea' id='block_1_49' title="bbox 2256 524 3822 599">
    <p class='ocr_par' dir='ltr' id='par_1_49' title="bbox 2256 524 3822 599">
     <span class='ocr_line' id='line_1_49' title="bbox 2256 524 3822 599; baseline -0.001 -19"><span class='ocrx_word' id='word_1_329' title='bbox 2256 528 2355 599; x_wconf 77' lang='grc' dir='ltr'><strong>τὴν</strong></span> <span class='ocrx_word' id='word_1_330' title='bbox 2384 527 2558 580; x_wconf 87' lang='grc' dir='ltr'>αἰτίαν</span> <span class='ocrx_word' id='word_1_331' title='bbox 2584 527 2744 597; x_wconf 81' lang='grc' dir='ltr'>ἔχων,</span> <span class='ocrx_word' id='word_1_332' title='bbox 2778 527 2911 580; x_wconf 88' lang='grc' dir='ltr'><strong>ἀλλά</strong></span> <span class='ocrx_word' id='word_1_333' title='bbox 2941 527 3076 598; x_wconf 79' lang='grc' dir='ltr'>πρὸς</span> <span class='ocrx_word' id='word_1_334' title='bbox 3112 526 3172 579; x_wconf 78' lang='grc' dir='ltr'>τὸ</span> <span class='ocrx_word' id='word_1_335' title='bbox 3204 525 3392 579; x_wconf 78' lang='grc' dir='ltr'><strong>δοκοῦν</strong></span> <span class='ocrx_word' id='word_1_336' title='bbox 3432 525 3551 579; x_wconf 82' lang='grc' dir='ltr'>κατ’</span> <span class='ocrx_word' id='word_1_337' title='bbox 3592 524 3822 590; x_wconf 75' lang='grc' dir='ltr'><strong>ἐξουσίαν</strong></span> 
     </span>
    </p>
   </div>
   <div class='ocr_carea' id='block_1_50' title="bbox 2257 614 3820 692">
    <p class='ocr_par' dir='ltr' id='par_1_50' title="bbox 2257 614 3820 692">
     <span class='ocr_line' id='line_1_50' title="bbox 2257 614 3820 692; baseline -0.001 -17"><span class='ocrx_word' id='word_1_338' title='bbox 2257 621 2335 692; x_wconf 80' lang='grc' dir='ltr'>τῷ</span> <span class='ocrx_word' id='word_1_339' title='bbox 2369 620 2551 690; x_wconf 73' lang='grc' dir='ltr'>ψεύδει</span> <span class='ocrx_word' id='word_1_340' title='bbox 2582 618 2879 691; x_wconf 81' lang='grc' dir='ltr'>χρώμενος.</span> <span class='ocrx_word' id='word_1_341' title='bbox 2928 620 3078 673; x_wconf 77' lang='grc' dir='ltr'>Ἐπεὶ</span> <span class='ocrx_word' id='word_1_342' title='bbox 3111 614 3202 673; x_wconf 78' lang='grc' dir='ltr'>οὖν</span> <span class='ocrx_word' id='word_1_343' title='bbox 3229 620 3314 672; x_wconf 76' lang='grc' dir='ltr'><strong>ἐπ’</strong></span> <span class='ocrx_word' id='word_1_344' title='bbox 3346 618 3493 689; x_wconf 79' lang='grc' dir='ltr'>αὐτῷ</span> <span class='ocrx_word' id='word_1_345' title='bbox 3516 621 3739 673; x_wconf 87' lang='grc' dir='ltr'>ποιεῖται</span> <span class='ocrx_word' id='word_1_346' title='bbox 3764 620 3820 674; x_wconf 80' lang='grc' dir='ltr'>τὸ</span> 
     </span>
    </p>
   </div>
   <div class='ocr_carea' id='block_1_51' title="bbox 2257 709 3816 782">
    <p class='ocr_par' dir='ltr' id='par_1_51' title="bbox 2257 709 3816 782">
     <span class='ocr_line' id='line_1_51' title="bbox 2257 709 3816 782; baseline -0.001 -17"><span class='ocrx_word' id='word_1_347' title='bbox 2257 712 2435 781; x_wconf 84' lang='grc' dir='ltr'>λέγειν</span> <span class='ocrx_word' id='word_1_348' title='bbox 2468 711 2503 765; x_wconf 77' lang='grc' dir='ltr'>ἃ</span> <span class='ocrx_word' id='word_1_349' title='bbox 2538 712 2816 782; x_wconf 79' lang='grc' dir='ltr'>βούλεται,</span> <span class='ocrx_word' id='word_1_350' title='bbox 2853 710 2905 763; x_wconf 87' lang='grc' dir='ltr'><strong>τί</strong></span> <span class='ocrx_word' id='word_1_351' title='bbox 2950 710 3285 782; x_wconf 83' lang='grc' dir='ltr'><strong>μικρολόγως</strong></span> <span class='ocrx_word' id='word_1_352' title='bbox 3325 712 3479 780; x_wconf 80' lang='grc' dir='ltr'>φέρει</span> <span class='ocrx_word' id='word_1_353' title='bbox 3526 709 3585 761; x_wconf 73' lang='grc' dir='ltr'><strong>τὸ</strong></span> <span class='ocrx_word' id='word_1_354' title='bbox 3620 709 3816 778; x_wconf 68' lang='grc' dir='ltr'>ψεῦδος,</span> 
     </span>
    </p>
   </div>
   <div class='ocr_carea' id='block_1_52' title="bbox 2256 800 3812 875">
    <p class='ocr_par' dir='ltr' id='par_1_52' title="bbox 2256 800 3812 875">
     <span class='ocr_line' id='line_1_52' title="bbox 2256 800 3812 875; baseline -0.002 -17"><span class='ocrx_word' id='word_1_355' title='bbox 2256 804 2349 858; x_wconf 85' lang='grc' dir='ltr'><strong>δύο</strong></span> <span class='ocrx_word' id='word_1_356' title='bbox 2372 804 2563 875; x_wconf 83' lang='grc' dir='ltr'>μόνους</span> <span class='ocrx_word' id='word_1_357' title='bbox 2589 804 2855 874; x_wconf 83' lang='grc' dir='ltr'>Χριστοὺς</span> <span class='ocrx_word' id='word_1_358' title='bbox 2880 802 3130 870; x_wconf 83' lang='grc' dir='ltr'>λέγεσθαι</span> <span class='ocrx_word' id='word_1_359' title='bbox 3157 803 3284 871; x_wconf 89' lang='grc' dir='ltr'>παρ’</span> <span class='ocrx_word' id='word_1_360' title='bbox 3312 800 3469 870; x_wconf 75' lang='grc' dir='ltr'>ἡμῶν</span> <span class='ocrx_word' id='word_1_361' title='bbox 3500 804 3812 855; x_wconf 81' lang='grc' dir='ltr'>κατασκευά-</span> 
     </span>
    </p>
   </div>
   <div class='ocr_carea' id='block_1_53' title="bbox 2259 891 3815 964">
    <p class='ocr_par' dir='ltr' id='par_1_53' title="bbox 2259 891 3815 964">
     <span class='ocr_line' id='line_1_53' title="bbox 2259 891 3815 964; baseline -0.001 -17"><span class='ocrx_word' id='word_1_362' title='bbox 2259 894 2618 963; x_wconf 83' lang='grc' dir='ltr'>ζων;λεγέτω</span> <span class='ocrx_word' id='word_1_363' title='bbox 2659 897 2778 949; x_wconf 87' lang='grc' dir='ltr'>κατ’</span> <span class='ocrx_word' id='word_1_364' title='bbox 2817 894 3085 959; x_wconf 77' lang='grc' dir='ltr'>ἐξουσίαν,</span> <span class='ocrx_word' id='word_1_365' title='bbox 3118 895 3167 946; x_wconf 88' lang='grc' dir='ltr'><strong>εἰ</strong></span> <span class='ocrx_word' id='word_1_366' title='bbox 3192 893 3370 955; x_wconf 87' lang='grc' dir='ltr'>δοκεῖ,</span> <span class='ocrx_word' id='word_1_367' title='bbox 3403 892 3497 944; x_wconf 70' lang='grc' dir='ltr'><strong>καὶ</strong></span> <span class='ocrx_word' id='word_1_368' title='bbox 3537 891 3665 944; x_wconf 81' lang='grc' dir='ltr'>δέκα</span> <span class='ocrx_word' id='word_1_369' title='bbox 3696 894 3815 964; x_wconf 75' lang='grc' dir='ltr'>Χριο</span> 
     </span>
    </p>
   </div>
   <div class='ocr_carea' id='block_1_54' title="bbox 2262 984 3816 1059">
    <p class='ocr_par' dir='ltr' id='par_1_54' title="bbox 2262 984 3816 1059">
     <span class='ocr_line' id='line_1_54' title="bbox 2262 984 3816 1059; baseline -0.001 -18"><span class='ocrx_word' id='word_1_370' title='bbox 2262 988 2419 1051; x_wconf 78' lang='grc' dir='ltr'>στοὺς</span> <span class='ocrx_word' id='word_1_371' title='bbox 2445 987 2766 1059; x_wconf 79' lang='grc' dir='ltr'>πρεσϐεύειν</span> <span class='ocrx_word' id='word_1_372' title='bbox 2813 988 2982 1057; x_wconf 78' lang='grc' dir='ltr'>ἡμᾶς,</span> <span class='ocrx_word' id='word_1_373' title='bbox 3013 987 3108 1039; x_wconf 74' lang='grc' dir='ltr'><strong>καὶ</strong></span> <span class='ocrx_word' id='word_1_374' title='bbox 3136 985 3355 1047; x_wconf 83' lang='grc' dir='ltr'><strong>δεκάκις</strong></span> <span class='ocrx_word' id='word_1_375' title='bbox 3377 984 3658 1049; x_wconf 81' lang='grc' dir='ltr'>τοσούτους</span> <span class='ocrx_word' id='word_1_376' title='bbox 3679 1026 3693 1048; x_wconf 88' lang='grc'><strong>,</strong></span> <span class='ocrx_word' id='word_1_377' title='bbox 3736 990 3816 1040; x_wconf 77' lang='grc' dir='ltr'><strong>καὶ</strong></span> 
     </span>
    </p>
   </div>
   <div class='ocr_carea' id='block_1_55' title="bbox 2258 1077 3813 1151">
    <p class='ocr_par' dir='ltr' id='par_1_55' title="bbox 2258 1077 3813 1151">
     <span class='ocr_line' id='line_1_55' title="bbox 2258 1077 3813 1151; baseline -0.001 -18"><span class='ocrx_word' id='word_1_378' title='bbox 2258 1081 2338 1143; x_wconf 85' lang='grc' dir='ltr'>εἰς</span> <span class='ocrx_word' id='word_1_379' title='bbox 2363 1080 2566 1151; x_wconf 82' lang='grc' dir='ltr'><strong>χιλίους</strong></span> <span class='ocrx_word' id='word_1_380' title='bbox 2608 1079 2698 1134; x_wconf 76' lang='grc' dir='ltr'>τὸν</span> <span class='ocrx_word' id='word_1_381' title='bbox 2736 1077 2966 1151; x_wconf 85' lang='grc' dir='ltr'>ἀριθμὸν</span> <span class='ocrx_word' id='word_1_382' title='bbox 2993 1077 3299 1142; x_wconf 85' lang='grc' dir='ltr'>ὲκτεινέτω,</span> <span class='ocrx_word' id='word_1_383' title='bbox 3322 1078 3398 1141; x_wconf 84' lang='grc' dir='ltr'><strong>ὡς</strong></span> <span class='ocrx_word' id='word_1_384' title='bbox 3425 1078 3491 1131; x_wconf 84' lang='grc' dir='ltr'><strong>ἂν</strong></span> <span class='ocrx_word' id='word_1_385' title='bbox 3519 1079 3813 1132; x_wconf 77' lang='grc' dir='ltr'>νεανικώτεο</span> 
     </span>
    </p>
   </div>
   <div class='ocr_carea' id='block_1_56' title="bbox 2262 1170 3811 1246">
    <p class='ocr_par' dir='ltr' id='par_1_56' title="bbox 2262 1170 3811 1246">
     <span class='ocr_line' id='line_1_56' title="bbox 2262 1170 3811 1246; baseline -0.001 -20"><span class='ocrx_word' id='word_1_386' title='bbox 2262 1190 2353 1244; x_wconf 89' lang='grc' dir='ltr'><strong>ρον</strong></span> <span class='ocrx_word' id='word_1_387' title='bbox 2414 1174 2513 1243; x_wconf 83' lang='grc' dir='ltr'><strong>τῆς</strong></span> <span class='ocrx_word' id='word_1_388' title='bbox 2584 1171 2945 1239; x_wconf 71' lang='grc' dir='ltr'>συκοφαντίας</span> <span class='ocrx_word' id='word_1_389' title='bbox 2996 1170 3464 1241; x_wconf 73' lang='grc' dir='ltr'>ἀντιλαμϐάνοπο.</span> <span class='ocrx_word' id='word_1_390' title='bbox 3512 1172 3584 1224; x_wconf 82' lang='grc' dir='ltr'><em>Ἥ</em></span> <span class='ocrx_word' id='word_1_391' title='bbox 3627 1189 3681 1225; x_wconf 89' lang='grc' dir='ltr'><strong>τε</strong></span> <span class='ocrx_word' id='word_1_392' title='bbox 3720 1173 3811 1246; x_wconf 79' lang='grc' dir='ltr'>γὰρ</span> 
     </span>
    </p>
   </div>
   <div class='ocr_carea' id='block_1_57' title="bbox 2261 1261 3811 1335">
    <p class='ocr_par' dir='ltr' id='par_1_57' title="bbox 2261 1261 3811 1335">
     <span class='ocr_line' id='line_1_57' title="bbox 2261 1261 3811 1335; baseline -0.001 -18"><span class='ocrx_word' id='word_1_393' title='bbox 2261 1264 2614 1335; x_wconf 77' lang='grc' dir='ltr'>βλασφημία,</span> <span class='ocrx_word' id='word_1_394' title='bbox 2650 1263 2744 1317; x_wconf 70' lang='grc' dir='ltr'><strong>καί¹</strong></span> <span class='ocrx_word' id='word_1_395' title='bbox 2782 1262 2875 1316; x_wconf 73' lang='grc' dir='ltr'><strong>ἐπὶ</strong></span> <span class='ocrx_word' id='word_1_396' title='bbox 2904 1261 2997 1315; x_wconf 89' lang='grc' dir='ltr'><strong>δύο</strong></span> <span class='ocrx_word' id='word_1_397' title='bbox 3028 1261 3123 1318; x_wconf 74' lang='grc' dir='ltr'><strong>καὶ</strong></span> <span class='ocrx_word' id='word_1_398' title='bbox 3162 1262 3254 1315; x_wconf 72' lang='grc' dir='ltr'>ἐπὶ</span> <span class='ocrx_word' id='word_1_399' title='bbox 3286 1261 3545 1315; x_wconf 86' lang='grc' dir='ltr'>πλειόνων</span> <span class='ocrx_word' id='word_1_400' title='bbox 3589 1263 3811 1334; x_wconf 84' lang='grc' dir='ltr'>Χριστῶν</span> 
     </span>
    </p>
   </div>
   <div class='ocr_carea' id='block_1_58' title="bbox 2257 1350 3812 1424">
    <p class='ocr_par' dir='ltr' id='par_1_58' title="bbox 2257 1350 3812 1424">
     <span class='ocr_line' id='line_1_58' title="bbox 2257 1350 3812 1424; baseline 0.001 -17"><span class='ocrx_word' id='word_1_401' title='bbox 2257 1354 2319 1407; x_wconf 80' lang='grc' dir='ltr'><strong>τὸ</strong></span> <span class='ocrx_word' id='word_1_402' title='bbox 2346 1350 2464 1408; x_wconf 74' lang='grc' dir='ltr'>ἴσον</span> <span class='ocrx_word' id='word_1_403' title='bbox 2493 1353 2628 1424; x_wconf 74' lang='grc' dir='ltr'>ἔχει,</span> <span class='ocrx_word' id='word_1_404' title='bbox 2665 1354 2759 1408; x_wconf 73' lang='grc' dir='ltr'><strong>καὶ</strong></span> <span class='ocrx_word' id='word_1_405' title='bbox 2794 1353 2855 1406; x_wconf 83' lang='grc' dir='ltr'><strong>τὸ</strong></span> <span class='ocrx_word' id='word_1_406' title='bbox 2899 1354 3283 1407; x_wconf 85' lang='grc' dir='ltr'>ἀναπόδεικτον</span> <span class='ocrx_word' id='word_1_407' title='bbox 3315 1353 3427 1406; x_wconf 90' lang='grc' dir='ltr'><strong>τῶν</strong></span> <span class='ocrx_word' id='word_1_408' title='bbox 3480 1353 3812 1424; x_wconf 73' lang='grc' dir='ltr'><strong>ἐγκλημάτων</strong></span> 
     </span>
    </p>
   </div>
   <div class='ocr_carea' id='block_1_59' title="bbox 2258 1440 3812 1515">
    <p class='ocr_par' dir='ltr' id='par_1_59' title="bbox 2258 1440 3812 1515">
     <span class='ocr_line' id='line_1_59' title="bbox 2258 1440 3812 1515; baseline 0 -17"><span class='ocrx_word' id='word_1_409' title='bbox 2258 1444 2519 1509; x_wconf 78' lang='grc' dir='ltr'>ὡσαύτως</span> <span class='ocrx_word' id='word_1_410' title='bbox 2541 1440 2659 1497; x_wconf 79' lang='grc' dir='ltr'>ἶσόν</span> <span class='ocrx_word' id='word_1_411' title='bbox 2690 1446 2824 1497; x_wconf 80' lang='grc' dir='ltr'>ἐστι.</span> <span class='ocrx_word' id='word_1_412' title='bbox 2860 1444 3049 1510; x_wconf 79' lang='grc' dir='ltr'>Δείξας</span> <span class='ocrx_word' id='word_1_413' title='bbox 3072 1444 3251 1498; x_wconf 83' lang='grc' dir='ltr'>τοίνυν</span> <span class='ocrx_word' id='word_1_414' title='bbox 3287 1445 3347 1497; x_wconf 83' lang='grc' dir='ltr'><strong>τὸ</strong></span> <span class='ocrx_word' id='word_1_415' title='bbox 3375 1444 3469 1497; x_wconf 89' lang='grc' dir='ltr'><strong>δύο</strong></span> <span class='ocrx_word' id='word_1_416' title='bbox 3494 1444 3665 1512; x_wconf 84' lang='grc' dir='ltr'>λέγειν</span> <span class='ocrx_word' id='word_1_417' title='bbox 3685 1448 3812 1515; x_wconf 71' lang='grc' dir='ltr'>ἡμᾶς</span> 
     </span>
    </p>
   </div>
   <div class='ocr_carea' id='block_1_60' title="bbox 2258 1536 3812 1610">
    <p class='ocr_par' dir='ltr' id='par_1_60' title="bbox 2258 1536 3812 1610">
     <span class='ocr_line' id='line_1_60' title="bbox 2258 1536 3812 1610; baseline -0.003 -17"><span class='ocrx_word' id='word_1_418' title='bbox 2258 1537 2497 1610; x_wconf 69' lang='grc' dir='ltr'>κυρίους</span> <span class='ocrx_word' id='word_1_419' title='bbox 2552 1538 2647 1591; x_wconf 72' lang='grc' dir='ltr'><strong>καί⁵</strong></span> <span class='ocrx_word' id='word_1_420' title='bbox 2704 1537 2798 1592; x_wconf 89' lang='grc' dir='ltr'><strong>δύο</strong></span> <span class='ocrx_word' id='word_1_421' title='bbox 2854 1537 3143 1609; x_wconf 82' lang='grc' dir='ltr'>Χριστοὺς,</span> <span class='ocrx_word' id='word_1_422' title='bbox 3177 1536 3252 1601; x_wconf 85' lang='grc' dir='ltr'>ὡς</span> <span class='ocrx_word' id='word_1_423' title='bbox 3298 1537 3427 1608; x_wconf 78' lang='grc' dir='ltr'>περὶ</span> <span class='ocrx_word' id='word_1_424' title='bbox 3486 1538 3685 1610; x_wconf 88' lang='grc' dir='ltr'>μυρίων</span> <span class='ocrx_word' id='word_1_425' title='bbox 3734 1537 3812 1590; x_wconf 70' lang='grc' dir='ltr'>τὸν</span> 
     </span>
    </p>
   </div>
   <div class='ocr_carea' id='block_1_61' title="bbox 2259 1628 3807 1700">
    <p class='ocr_par' dir='ltr' id='par_1_61' title="bbox 2259 1628 3807 1700">
     <span class='ocr_line' id='line_1_61' title="bbox 2259 1628 3807 1700; baseline -0.001 -18"><span class='ocrx_word' id='word_1_426' title='bbox 2259 1628 2474 1700; x_wconf 75' lang='grc' dir='ltr'>ἔλεγχον</span> <span class='ocrx_word' id='word_1_427' title='bbox 2513 1629 2911 1699; x_wconf 83' lang='grc' dir='ltr'>ποιησάμενος,</span> <span class='ocrx_word' id='word_1_428' title='bbox 2936 1629 3035 1699; x_wconf 79' lang='grc' dir='ltr'>τὴν</span> <span class='ocrx_word' id='word_1_429' title='bbox 3068 1628 3191 1682; x_wconf 87' lang='grc' dir='ltr'>καθ’</span> <span class='ocrx_word' id='word_1_430' title='bbox 3232 1629 3388 1699; x_wconf 84' lang='grc' dir='ltr'>ἡμῶν</span> <span class='ocrx_word' id='word_1_431' title='bbox 3415 1628 3593 1700; x_wconf 67' lang='grc' dir='ltr'>ψῆφον</span> <span class='ocrx_word' id='word_1_432' title='bbox 3640 1629 3807 1700; x_wconf 77' lang='grc' dir='ltr'>ἐχέτω.</span> 
     </span>
    </p>
   </div>
   <div class='ocr_carea' id='block_1_62' title="bbox 2272 1718 3810 1790">
    <p class='ocr_par' dir='ltr' id='par_1_62' title="bbox 2272 1718 3810 1790">
     <span class='ocr_line' id='line_1_62' title="bbox 2272 1718 3810 1790; baseline -0.001 -18"><span class='ocrx_word' id='word_1_433' title='bbox 2272 1719 2411 1772; x_wconf 78' lang='grc' dir='ltr'>Ἀλλ’</span> <span class='ocrx_word' id='word_1_434' title='bbox 2441 1721 2505 1772; x_wconf 83' lang='grc' dir='ltr'>ὲκ</span> <span class='ocrx_word' id='word_1_435' title='bbox 2528 1719 2635 1772; x_wconf 88' lang='grc' dir='ltr'><strong>τῶν</strong></span> <span class='ocrx_word' id='word_1_436' title='bbox 2657 1718 2938 1790; x_wconf 78' lang='grc' dir='ltr'>ἡμετέρων</span> <span class='ocrx_word' id='word_1_437' title='bbox 2971 1720 3117 1789; x_wconf 79' lang='grc' dir='ltr'>ἡμᾶς</span> <span class='ocrx_word' id='word_1_438' title='bbox 3146 1718 3442 1789; x_wconf 84' lang='grc' dir='ltr'>διελέγχειν</span> <span class='ocrx_word' id='word_1_439' title='bbox 3482 1720 3631 1790; x_wconf 80' lang='grc' dir='ltr'>φησι.</span> <span class='ocrx_word' id='word_1_440' title='bbox 3665 1718 3810 1771; x_wconf 83' lang='grc' dir='ltr'>Πάλιν</span> 
     </span>
    </p>
   </div>
   <div class='ocr_carea' id='block_1_63' title="bbox 2259 1808 3808 1881">
    <p class='ocr_par' dir='ltr' id='par_1_63' title="bbox 2259 1808 3808 1881">
     <span class='ocr_line' id='line_1_63' title="bbox 2259 1808 3808 1881; baseline 0.001 -18"><span class='ocrx_word' id='word_1_441' title='bbox 2259 1810 2366 1880; x_wconf 85' lang='grc' dir='ltr'><strong>γὰρ</strong></span> <span class='ocrx_word' id='word_1_442' title='bbox 2405 1809 2474 1863; x_wconf 79' lang='grc' dir='ltr'>τὰ</span> <span class='ocrx_word' id='word_1_443' title='bbox 2519 1809 2781 1881; x_wconf 74' lang='grc' dir='ltr'>εἰρημένα</span> <span class='ocrx_word' id='word_1_444' title='bbox 2818 1808 2895 1880; x_wconf 81' lang='grc' dir='ltr'>τῷ</span> <span class='ocrx_word' id='word_1_445' title='bbox 2932 1809 3234 1880; x_wconf 77' lang='grc' dir='ltr'>διδασκάλῳ</span> <span class='ocrx_word' id='word_1_446' title='bbox 3267 1810 3712 1881; x_wconf 74' lang='grc' dir='ltr'>διασκεψώμεθα,</span> <span class='ocrx_word' id='word_1_447' title='bbox 3752 1811 3808 1864; x_wconf 79' lang='grc' dir='ltr'>δι’</span> 
     </span>
    </p>
   </div>
   <div class='ocr_carea' id='block_1_64' title="bbox 2258 1895 3808 1972">
    <p class='ocr_par' dir='ltr' id='par_1_64' title="bbox 2258 1895 3808 1972">
     <span class='ocr_line' id='line_1_64' title="bbox 2258 1895 3808 1972; baseline -0.001 -15"><span class='ocrx_word' id='word_1_448' title='bbox 2258 1896 2333 1957; x_wconf 80' lang='grc' dir='ltr'>ὧν</span> <span class='ocrx_word' id='word_1_449' title='bbox 2355 1895 2508 1966; x_wconf 75' lang='grc' dir='ltr'>οὗτος</span> <span class='ocrx_word' id='word_1_450' title='bbox 2532 1902 2702 1955; x_wconf 74' lang='grc' dir='ltr'>οἴεται</span> <span class='ocrx_word' id='word_1_451' title='bbox 2738 1904 2905 1954; x_wconf 84' lang='grc' dir='ltr'>κινεῖν</span> <span class='ocrx_word' id='word_1_452' title='bbox 2933 1900 3056 1953; x_wconf 81' lang='grc' dir='ltr'>καθ’</span> <span class='ocrx_word' id='word_1_453' title='bbox 3090 1900 3244 1972; x_wconf 76' lang='grc' dir='ltr'>ἡμῶν</span> <span class='ocrx_word' id='word_1_454' title='bbox 3277 1901 3346 1954; x_wconf 78' lang='grc' dir='ltr'><strong>τά</strong></span> <span class='ocrx_word' id='word_1_455' title='bbox 3379 1901 3708 1972; x_wconf 73' lang='grc' dir='ltr'>ἐγκλήματα.</span> <span class='ocrx_word' id='word_1_456' title='bbox 3738 1904 3808 1956; x_wconf 84' lang='grc' dir='ltr'><strong>οὐ</strong></span> 
     </span>
    </p>
   </div>
   <div class='ocr_carea' id='block_1_65' title="bbox 2260 1990 3808 2063">
    <p class='ocr_par' dir='ltr' id='par_1_65' title="bbox 2260 1990 3808 2063">
     <span class='ocr_line' id='line_1_65' title="bbox 2260 1990 3808 2063; baseline -0.003 -14"><span class='ocrx_word' id='word_1_457' title='bbox 2260 1994 2571 2063; x_wconf 78' lang='grc' dir='ltr'>θεολογίας</span> <span class='ocrx_word' id='word_1_458' title='bbox 2607 1991 2752 2063; x_wconf 74' lang='grc' dir='ltr'>ἡμῖν</span> <span class='ocrx_word' id='word_1_459' title='bbox 2778 1990 3147 2060; x_wconf 82' lang='grc' dir='ltr'>παραδίδωσι</span> <span class='ocrx_word' id='word_1_460' title='bbox 3173 1993 3638 2063; x_wconf 69' lang='grc' dir='ltr'>τρόπον,.φησίν,</span> <span class='ocrx_word' id='word_1_461' title='bbox 3673 1994 3808 2046; x_wconf 59' lang='grc' dir='ltr'>ἀλλὰ</span> 
     </span>
    </p>
   </div>
   <div class='ocr_carea' id='block_1_66' title="bbox 2258 2086 3811 2156">
    <p class='ocr_par' dir='ltr' id='par_1_66' title="bbox 2258 2086 3811 2156">
     <span class='ocr_line' id='line_1_66' title="bbox 2258 2086 3811 2156; baseline 0 -16"><span class='ocrx_word' id='word_1_462' title='bbox 2258 2086 2402 2153; x_wconf 86' lang='grc' dir='ltr'>τοὺς</span> <span class='ocrx_word' id='word_1_463' title='bbox 2428 2086 2538 2155; x_wconf 79' lang='grc' dir='ltr'>τῆς</span> <span class='ocrx_word' id='word_1_464' title='bbox 2567 2086 2911 2154; x_wconf 75' lang='grc' dir='ltr'>οίκονομίας</span> <span class='ocrx_word' id='word_1_465' title='bbox 2943 2087 3184 2154; x_wconf 61' lang='grc' dir='ltr'><strong>⁸λόγους,</strong></span> <span class='ocrx_word' id='word_1_466' title='bbox 3215 2089 3247 2139; x_wconf 85' lang='grc' dir='ltr'><strong>ό</strong></span> <span class='ocrx_word' id='word_1_467' title='bbox 3277 2087 3472 2156; x_wconf 69' lang='grc' dir='ltr'>λέγων</span> <span class='ocrx_word' id='word_1_468' title='bbox 3499 2086 3586 2139; x_wconf 82' lang='grc' dir='ltr'>ὅτι</span> <span class='ocrx_word' id='word_1_469' title='bbox 3619 2088 3811 2155; x_wconf 76' lang='grc' dir='ltr'>Κύριον</span> 
     </span>
    </p>
   </div>
   <div class='ocr_carea' id='block_1_67' title="bbox 2258 2173 3813 2243">
    <p class='ocr_par' dir='ltr' id='par_1_67' title="bbox 2258 2173 3813 2243">
     <span class='ocr_line' id='line_1_67' title="bbox 2258 2173 3813 2243; baseline -0.001 -13"><span class='ocrx_word' id='word_1_470' title='bbox 2258 2175 2447 2231; x_wconf 84' lang='grc' dir='ltr'>αὐτὸν</span> <span class='ocrx_word' id='word_1_471' title='bbox 2479 2175 2579 2229; x_wconf 82' lang='grc' dir='ltr'><strong>καί</strong></span> <span class='ocrx_word' id='word_1_472' title='bbox 2610 2175 2867 2243; x_wconf 77' lang='grc' dir='ltr'>Χριστὸν</span> <span class='ocrx_word' id='word_1_473' title='bbox 2894 2173 3182 2242; x_wconf 82' lang='grc' dir='ltr'>ἐποίησεν</span> <span class='ocrx_word' id='word_1_474' title='bbox 3214 2178 3248 2229; x_wconf 84' lang='grc' dir='ltr'><strong>ό</strong></span> <span class='ocrx_word' id='word_1_475' title='bbox 3287 2176 3461 2241; x_wconf 81' lang='grc' dir='ltr'>Θεὸς,</span> <span class='ocrx_word' id='word_1_476' title='bbox 3485 2174 3695 2230; x_wconf 80' lang='grc' dir='ltr'>τοῦτον</span> <span class='ocrx_word' id='word_1_477' title='bbox 3722 2176 3813 2230; x_wconf 74' lang='grc' dir='ltr'><strong>τὸν</strong></span> 
     </span>
    </p>
   </div>
   <div class='ocr_carea' id='block_1_68' title="bbox 2258 2265 3813 2338">
    <p class='ocr_par' dir='ltr' id='par_1_68' title="bbox 2258 2265 3813 2338">
     <span class='ocr_line' id='line_1_68' title="bbox 2258 2265 3813 2338; baseline -0.003 -15"><span class='ocrx_word' id='word_1_478' title='bbox 2258 2269 2395 2323; x_wconf 84' lang='grc' dir='ltr'><strong>Υἰὸν</strong></span> <span class='ocrx_word' id='word_1_479' title='bbox 2434 2268 2507 2323; x_wconf 82' lang='grc' dir='ltr'><strong>ὃν</strong></span> <span class='ocrx_word' id='word_1_480' title='bbox 2549 2267 2718 2338; x_wconf 78' lang='grc' dir='ltr'>ὑμεῖς</span> <span class='ocrx_word' id='word_1_481' title='bbox 2753 2267 3208 2337; x_wconf 77' lang='grc' dir='ltr'>ἐσταυρώσατε.</span> <span class='ocrx_word' id='word_1_482' title='bbox 3238 2265 3333 2334; x_wconf 62' lang='grc' dir='ltr'><strong>’τῇ</strong></span> <span class='ocrx_word' id='word_1_483' title='bbox 3364 2266 3632 2336; x_wconf 79' lang='grc' dir='ltr'>δεικτικῇ</span> <span class='ocrx_word' id='word_1_484' title='bbox 3663 2265 3813 2335; x_wconf 66' lang='grc' dir='ltr'><em>φωνῇ</em></span> 
     </span>
    </p>
   </div>
   <div class='ocr_carea' id='block_1_69' title="bbox 2258 2359 3815 2432">
    <p class='ocr_par' dir='ltr' id='par_1_69' title="bbox 2258 2359 3815 2432">
     <span class='ocr_line' id='line_1_69' title="bbox 2258 2359 3815 2432; baseline -0.003 -15"><span class='ocrx_word' id='word_1_485' title='bbox 2258 2362 2410 2432; x_wconf 78' lang='grc' dir='ltr'>πρὸς</span> <span class='ocrx_word' id='word_1_486' title='bbox 2428 2362 2493 2416; x_wconf 83' lang='grc' dir='ltr'>τὸ</span> <span class='ocrx_word' id='word_1_487' title='bbox 2512 2361 2887 2431; x_wconf 79' lang='grc' dir='ltr'>ἀνθρώπινον</span> <span class='ocrx_word' id='word_1_488' title='bbox 2911 2360 3097 2416; x_wconf 85' lang='grc' dir='ltr'>αὑτοῦ</span> <span class='ocrx_word' id='word_1_489' title='bbox 3119 2359 3217 2413; x_wconf 77' lang='grc' dir='ltr'><strong>καί</strong></span> <span class='ocrx_word' id='word_1_490' title='bbox 3238 2361 3623 2429; x_wconf 75' lang='grc' dir='ltr'><strong>βλεπόμενον</strong></span> <span class='ocrx_word' id='word_1_491' title='bbox 3645 2359 3815 2416; x_wconf 76' lang='grc' dir='ltr'>πᾶσιν</span> 
     </span>
    </p>
   </div>
   <div class='ocr_carea' id='block_1_70' title="bbox 2257 2450 3817 2526">
    <p class='ocr_par' dir='ltr' id='par_1_70' title="bbox 2257 2450 3817 2526">
     <span class='ocr_line' id='line_1_70' title="bbox 2257 2450 3817 2526; baseline -0.003 -16"><span class='ocrx_word' id='word_1_492' title='bbox 2257 2455 2728 2525; x_wconf 76' lang='grc' dir='ltr'>ἐπερειδόμενος.</span> <span class='ocrx_word' id='word_1_493' title='bbox 2768 2456 2849 2510; x_wconf 78' lang='grc' dir='ltr'><strong>Τὰ</strong></span> <span class='ocrx_word' id='word_1_494' title='bbox 2887 2455 2985 2526; x_wconf 84' lang='grc' dir='ltr'><strong>μὲν</strong></span> <span class='ocrx_word' id='word_1_495' title='bbox 3015 2450 3107 2509; x_wconf 81' lang='grc' dir='ltr'><strong>οὖν</strong></span> <span class='ocrx_word' id='word_1_496' title='bbox 3145 2454 3503 2525; x_wconf 80' lang='grc' dir='ltr'>γεγραμμένα</span> <span class='ocrx_word' id='word_1_497' title='bbox 3539 2452 3739 2508; x_wconf 79' lang='grc' dir='ltr'>ταῦτα·</span> <span class='ocrx_word' id='word_1_498' title='bbox 3770 2454 3817 2505; x_wconf 76' lang='lat' dir='ltr'><strong>o&#39;.</strong></span> 
     </span>
    </p>
   </div>
   <div class='ocr_carea' id='block_1_71' title="bbox 2257 2545 3819 2621">
    <p class='ocr_par' dir='ltr' id='par_1_71' title="bbox 2257 2545 3819 2621">
     <span class='ocr_line' id='line_1_71' title="bbox 2257 2545 3819 2621; baseline -0.003 -19"><span class='ocrx_word' id='word_1_499' title='bbox 2257 2548 2313 2602; x_wconf 81' lang='grc' dir='ltr'>δὲ</span> <span class='ocrx_word' id='word_1_500' title='bbox 2347 2549 2438 2602; x_wconf 89' lang='grc' dir='ltr'><strong>δύο</strong></span> <span class='ocrx_word' id='word_1_501' title='bbox 2458 2549 2683 2621; x_wconf 86' lang='grc' dir='ltr'>Χριστοί</span> <span class='ocrx_word' id='word_1_502' title='bbox 2722 2548 2885 2603; x_wconf 85' lang='grc' dir='ltr'>πόθεν</span> <span class='ocrx_word' id='word_1_503' title='bbox 2917 2548 3068 2618; x_wconf 80' lang='grc' dir='ltr'><strong>παρά</strong></span> <span class='ocrx_word' id='word_1_504' title='bbox 3099 2546 3192 2604; x_wconf 74' lang='grc' dir='ltr'>τοῦ</span> <span class='ocrx_word' id='word_1_505' title='bbox 3221 2546 3486 2616; x_wconf 85' lang='grc' dir='ltr'>Εύνομίου</span> <span class='ocrx_word' id='word_1_506' title='bbox 3514 2546 3600 2599; x_wconf 64' lang='grc' dir='ltr'><strong>διὰ</strong></span> <span class='ocrx_word' id='word_1_507' title='bbox 3639 2545 3727 2598; x_wconf 80' lang='grc' dir='ltr'>τοῦ</span> <span class='ocrx_word' id='word_1_508' title='bbox 3752 2548 3819 2598; x_wconf 67' lang='grc' dir='ltr'>εἰς</span> 
     </span>
    </p>
   </div>
   <div class='ocr_carea' id='block_1_72' title="bbox 2261 2635 3819 2711">
    <p class='ocr_par' dir='ltr' id='par_1_72' title="bbox 2261 2635 3819 2711">
     <span class='ocr_line' id='line_1_72' title="bbox 2261 2635 3819 2711; baseline -0.004 -16"><span class='ocrx_word' id='word_1_509' title='bbox 2261 2640 2497 2711; x_wconf 82' lang='grc' dir='ltr'>ρημένου</span> <span class='ocrx_word' id='word_1_510' title='bbox 2554 2640 3046 2711; x_wconf 80' lang='grc' dir='ltr'>είσεκυκλήθησαν;</span> <span class='ocrx_word' id='word_1_511' title='bbox 3103 2635 3250 2709; x_wconf 76' lang='grc' dir='ltr'>Ἀρα</span> <span class='ocrx_word' id='word_1_512' title='bbox 3302 2638 3364 2691; x_wconf 81' lang='grc' dir='ltr'><strong>τὸ</strong></span> <span class='ocrx_word' id='word_1_513' title='bbox 3407 2638 3506 2710; x_wconf 85' lang='grc' dir='ltr'>τὴν</span> <span class='ocrx_word' id='word_1_514' title='bbox 3564 2638 3819 2708; x_wconf 75' lang='grc' dir='ltr'>δεικτικὴν</span> 
     </span>
    </p>
   </div>
   <div class='ocr_carea' id='block_1_73' title="bbox 2260 2729 3822 2803">
    <p class='ocr_par' dir='ltr' id='par_1_73' title="bbox 2260 2729 3822 2803">
     <span class='ocr_line' id='line_1_73' title="bbox 2260 2729 3822 2803; baseline -0.001 -19"><span class='ocrx_word' id='word_1_515' title='bbox 2260 2731 2443 2803; x_wconf 84' lang='grc' dir='ltr'>φωνὴν</span> <span class='ocrx_word' id='word_1_516' title='bbox 2468 2731 2604 2802; x_wconf 78' lang='grc' dir='ltr'>πρὸς</span> <span class='ocrx_word' id='word_1_517' title='bbox 2632 2731 2692 2784; x_wconf 86' lang='grc' dir='ltr'><strong>τδ</strong></span> <span class='ocrx_word' id='word_1_518' title='bbox 2714 2731 3036 2803; x_wconf 80' lang='grc' dir='ltr'>φαινόμενον</span> <span class='ocrx_word' id='word_1_519' title='bbox 3059 2732 3233 2784; x_wconf 79' lang='grc' dir='ltr'>εἰπεῖν</span> <span class='ocrx_word' id='word_1_520' title='bbox 3257 2730 3629 2799; x_wconf 85' lang='grc' dir='ltr'>ὲπερείδεσθαι</span> <span class='ocrx_word' id='word_1_521' title='bbox 3644 2769 3659 2793; x_wconf 90' lang='grc'><strong>,</strong></span> <span class='ocrx_word' id='word_1_522' title='bbox 3678 2729 3822 2784; x_wconf 75' lang='grc' dir='ltr'>τοῦτο</span> 
     </span>
    </p>
   </div>
   <div class='ocr_carea' id='block_1_74' title="bbox 2256 2821 3821 2894">
    <p class='ocr_par' dir='ltr' id='par_1_74' title="bbox 2256 2821 3821 2894">
     <span class='ocr_line' id='line_1_74' title="bbox 2256 2821 3821 2894; baseline -0.003 -17"><span class='ocrx_word' id='word_1_523' title='bbox 2256 2821 2358 2892; x_wconf 84' lang='grc' dir='ltr'>τῆς</span> <span class='ocrx_word' id='word_1_524' title='bbox 2378 2822 2486 2876; x_wconf 91' lang='grc' dir='ltr'><strong>τῶν</strong></span> <span class='ocrx_word' id='word_1_525' title='bbox 2517 2821 2609 2875; x_wconf 89' lang='grc' dir='ltr'><strong>δύο</strong></span> <span class='ocrx_word' id='word_1_526' title='bbox 2627 2822 2876 2892; x_wconf 79' lang='grc' dir='ltr'>Χριπῶν</span> <span class='ocrx_word' id='word_1_527' title='bbox 2906 2822 3253 2892; x_wconf 82' lang='grc' dir='ltr'>κατασκευῆς</span> <span class='ocrx_word' id='word_1_528' title='bbox 3274 2822 3371 2894; x_wconf 79' lang='grc' dir='ltr'><strong>τὴν</strong></span> <span class='ocrx_word' id='word_1_529' title='bbox 3395 2821 3663 2886; x_wconf 78' lang='grc' dir='ltr'>ἀπόδειξιν</span> <span class='ocrx_word' id='word_1_530' title='bbox 3690 2821 3821 2891; x_wconf 70' lang='grc' dir='ltr'>ἔχει,</span> 
     </span>
    </p>
   </div>
   <div class='ocr_carea' id='block_1_75' title="bbox 2260 2912 3823 2985">
    <p class='ocr_par' dir='ltr' id='par_1_75' title="bbox 2260 2912 3823 2985">
     <span class='ocr_line' id='line_1_75' title="bbox 2260 2912 3823 2985; baseline -0.002 -18"><span class='ocrx_word' id='word_1_531' title='bbox 2260 2913 2469 2967; x_wconf 81' lang='grc' dir='ltr'>Οὐκοῦν</span> <span class='ocrx_word' id='word_1_532' title='bbox 2508 2913 2788 2982; x_wconf 85' lang='grc' dir='ltr'>ἀρνεῖσθαι</span> <span class='ocrx_word' id='word_1_533' title='bbox 2837 2915 3139 2985; x_wconf 75' lang='grc' dir='ltr'>προσήκει,</span> <span class='ocrx_word' id='word_1_534' title='bbox 3185 2914 3280 2967; x_wconf 75' lang='grc' dir='ltr'><strong>καὶ</strong></span> <span class='ocrx_word' id='word_1_535' title='bbox 3316 2912 3377 2965; x_wconf 84' lang='grc' dir='ltr'><strong>τὸ</strong></span> <span class='ocrx_word' id='word_1_536' title='bbox 3415 2912 3823 2984; x_wconf 56' lang='grc' dir='ltr'>ὑπερυᾴωθῆναι</span> 
     </span>
    </p>
   </div>
   <div class='ocr_carea' id='block_1_76' title="bbox 2259 3001 3825 3077">
    <p class='ocr_par' dir='ltr' id='par_1_76' title="bbox 2259 3001 3825 3077">
     <span class='ocr_line' id='line_1_76' title="bbox 2259 3001 3825 3077; baseline -0.002 -20"><span class='ocrx_word' id='word_1_537' title='bbox 2259 3004 2392 3077; x_wconf 86' lang='grc' dir='ltr'>παρ’</span> <span class='ocrx_word' id='word_1_538' title='bbox 2421 3003 2587 3057; x_wconf 75' lang='grc' dir='ltr'>αὑτοῦ</span> <span class='ocrx_word' id='word_1_539' title='bbox 2618 3004 2756 3075; x_wconf 87' lang='grc' dir='ltr'><strong>μετά</strong></span> <span class='ocrx_word' id='word_1_540' title='bbox 2783 3004 2841 3058; x_wconf 81' lang='grc' dir='ltr'>τὸ</span> <span class='ocrx_word' id='word_1_541' title='bbox 2868 3003 3038 3067; x_wconf 83' lang='grc' dir='ltr'>πάθος</span> <span class='ocrx_word' id='word_1_542' title='bbox 3066 3002 3157 3057; x_wconf 78' lang='grc' dir='ltr'><strong>τὸν</strong></span> <span class='ocrx_word' id='word_1_543' title='bbox 3200 3001 3419 3075; x_wconf 83' lang='grc' dir='ltr'>Κύριον,</span> <span class='ocrx_word' id='word_1_544' title='bbox 3441 3003 3516 3066; x_wconf 81' lang='grc' dir='ltr'>ὡς</span> <span class='ocrx_word' id='word_1_545' title='bbox 3544 3002 3610 3056; x_wconf 84' lang='grc' dir='ltr'>ἂν</span> <span class='ocrx_word' id='word_1_546' title='bbox 3639 3004 3711 3074; x_wconf 78' lang='grc' dir='ltr'>μὴ</span> <span class='ocrx_word' id='word_1_547' title='bbox 3738 3002 3825 3055; x_wconf 72' lang='grc' dir='ltr'>καὶ</span> 
     </span>
    </p>
   </div>
   <div class='ocr_carea' id='block_1_77' title="bbox 2184 3090 3824 3169">
    <p class='ocr_par' dir='ltr' id='par_1_77' title="bbox 2184 3090 3824 3169">
     <span class='ocr_line' id='line_1_77' title="bbox 2184 3090 3824 3169; baseline -0.004 -20"><span class='ocrx_word' id='word_1_548' title='bbox 2184 3112 2226 3169; x_wconf 76' lang='lat' dir='ltr'><strong>c</strong></span> <span class='ocrx_word' id='word_1_549' title='bbox 2258 3094 2352 3149; x_wconf 91' lang='grc' dir='ltr'><strong>δύο</strong></span> <span class='ocrx_word' id='word_1_550' title='bbox 2377 3090 2853 3162; x_wconf 73' lang='grc' dir='ltr'>’Υψίστουςλέγειν</span> <span class='ocrx_word' id='word_1_551' title='bbox 2873 3092 3712 3163; x_wconf 68' lang='grc' dir='ltr'>αἰτιαθείημενέἴπερ⁹Γψιστος</span> <span class='ocrx_word' id='word_1_552' title='bbox 3736 3091 3824 3160; x_wconf 79' lang='grc' dir='ltr'>μὲν</span> 
     </span>
    </p>
   </div>
   <div class='ocr_carea' id='block_1_78' title="bbox 2258 3182 3825 3257">
    <p class='ocr_par' dir='ltr' id='par_1_78' title="bbox 2258 3182 3825 3257">
     <span class='ocr_line' id='line_1_78' title="bbox 2258 3182 3825 3257; baseline -0.003 -16"><span class='ocrx_word' id='word_1_553' title='bbox 2258 3189 2288 3241; x_wconf 74' lang='grc' dir='ltr'><strong>ό</strong></span> <span class='ocrx_word' id='word_1_554' title='bbox 2312 3188 2370 3241; x_wconf 80' lang='grc' dir='ltr'>ὲν</span> <span class='ocrx_word' id='word_1_555' title='bbox 2398 3188 2540 3257; x_wconf 83' lang='grc' dir='ltr'>ἀρχῇ</span> <span class='ocrx_word' id='word_1_556' title='bbox 2581 3183 2657 3240; x_wconf 84' lang='grc' dir='ltr'><strong>ῶν</strong></span> <span class='ocrx_word' id='word_1_557' title='bbox 2691 3185 2862 3254; x_wconf 87' lang='grc' dir='ltr'>Λόγος</span> <span class='ocrx_word' id='word_1_558' title='bbox 2885 3184 3038 3251; x_wconf 74' lang='grc' dir='ltr'>Θεὸς,</span> <span class='ocrx_word' id='word_1_559' title='bbox 3069 3183 3490 3256; x_wconf 70' lang='grc' dir='ltr'>ὕπερυψωθῆναι</span> <span class='ocrx_word' id='word_1_560' title='bbox 3532 3182 3589 3235; x_wconf 81' lang='grc' dir='ltr'><strong>δὲ</strong></span> <span class='ocrx_word' id='word_1_561' title='bbox 3622 3183 3754 3252; x_wconf 81' lang='grc' dir='ltr'>μετὰ</span> <span class='ocrx_word' id='word_1_562' title='bbox 3774 3184 3825 3236; x_wconf 81' lang='grc' dir='ltr'><strong>τὸ</strong></span> 
     </span>
    </p>
   </div>
   <div class='ocr_carea' id='block_1_79' title="bbox 2260 3276 3824 3347">
    <p class='ocr_par' dir='ltr' id='par_1_79' title="bbox 2260 3276 3824 3347">
     <span class='ocr_line' id='line_1_79' title="bbox 2260 3276 3824 3347; baseline -0.003 -16"><span class='ocrx_word' id='word_1_563' title='bbox 2260 3276 2431 3340; x_wconf 80' lang='grc' dir='ltr'>πάθος</span> <span class='ocrx_word' id='word_1_564' title='bbox 2459 3278 2487 3329; x_wconf 76' lang='grc' dir='ltr'><strong>ό</strong></span> <span class='ocrx_word' id='word_1_565' title='bbox 2516 3278 2580 3329; x_wconf 81' lang='grc' dir='ltr'>ἐκ</span> <span class='ocrx_word' id='word_1_566' title='bbox 2604 3276 2815 3347; x_wconf 85' lang='grc' dir='ltr'>νεκρῶν</span> <span class='ocrx_word' id='word_1_567' title='bbox 2841 3277 3099 3342; x_wconf 85' lang='grc' dir='ltr'>ἀναστὰς,</span> <span class='ocrx_word' id='word_1_568' title='bbox 3124 3276 3307 3340; x_wconf 83' lang='grc' dir='ltr'>καθώς</span> <span class='ocrx_word' id='word_1_569' title='bbox 3326 3293 3489 3347; x_wconf 79' lang='grc' dir='ltr'>φησιν</span> <span class='ocrx_word' id='word_1_570' title='bbox 3516 3277 3545 3328; x_wconf 87' lang='grc' dir='ltr'><strong>ό</strong></span> <span class='ocrx_word' id='word_1_571' title='bbox 3580 3277 3824 3328; x_wconf 78' lang='grc' dir='ltr'>Ἀπόστο-</span> 
     </span>
    </p>
   </div>
   <div class='ocr_carea' id='block_1_80' title="bbox 2258 3366 3824 3439">
    <p class='ocr_par' dir='ltr' id='par_1_80' title="bbox 2258 3366 3824 3439">
     <span class='ocr_line' id='line_1_80' title="bbox 2258 3366 3824 3439; baseline 0 -19"><span class='ocrx_word' id='word_1_572' title='bbox 2258 3368 2367 3433; x_wconf 92' lang='grc' dir='ltr'>λος.</span> <span class='ocrx_word' id='word_1_573' title='bbox 2400 3367 2521 3420; x_wconf 90' lang='grc' dir='ltr'><strong>Τῶν</strong></span> <span class='ocrx_word' id='word_1_574' title='bbox 2561 3368 2656 3422; x_wconf 87' lang='grc' dir='ltr'><strong>δύο</strong></span> <span class='ocrx_word' id='word_1_575' title='bbox 2693 3368 2801 3439; x_wconf 80' lang='grc' dir='ltr'><strong>γὰρ</strong></span> <span class='ocrx_word' id='word_1_576' title='bbox 2832 3368 2979 3422; x_wconf 76' lang='grc' dir='ltr'>ἔστιν</span> <span class='ocrx_word' id='word_1_577' title='bbox 3016 3368 3076 3433; x_wconf 75' lang='grc' dir='ltr'>ἐξ</span> <span class='ocrx_word' id='word_1_578' title='bbox 3111 3368 3357 3438; x_wconf 83' lang='grc' dir='ltr'>ἀνάγκης</span> <span class='ocrx_word' id='word_1_579' title='bbox 3385 3367 3600 3421; x_wconf 81' lang='grc' dir='ltr'>ἑλέσθαι</span> <span class='ocrx_word' id='word_1_580' title='bbox 3632 3366 3692 3420; x_wconf 81' lang='grc' dir='ltr'>τὸ</span> <span class='ocrx_word' id='word_1_581' title='bbox 3716 3368 3824 3421; x_wconf 82' lang='grc' dir='ltr'>’ἐτε-</span> 
     </span>
    </p>
   </div>
   <div class='ocr_carea' id='block_1_81' title="bbox 2261 3459 3824 3533">
    <p class='ocr_par' dir='ltr' id='par_1_81' title="bbox 2261 3459 3824 3533">
     <span class='ocr_line' id='line_1_81' title="bbox 2261 3459 3824 3533; baseline -0.015 1"><span class='ocrx_word' id='word_1_582' title='bbox 2261 3477 2372 3533; x_wconf 71' lang='grc' dir='ltr'><strong>Ρονο</strong></span> <span class='ocrx_word' id='word_1_583' title='bbox 2414 3460 2448 3530; x_wconf 71' lang='grc' dir='ltr'>ἦ</span> <span class='ocrx_word' id='word_1_584' title='bbox 2493 3459 2749 3528; x_wconf 82' lang='grc' dir='ltr'>λέγοντας</span> <span class='ocrx_word' id='word_1_585' title='bbox 2780 3459 3167 3532; x_wconf 74' lang='grc' dir='ltr'>ὑπερυψῶσθαι</span> <span class='ocrx_word' id='word_1_586' title='bbox 3208 3460 3345 3530; x_wconf 84' lang='grc' dir='ltr'><strong>μετά</strong></span> <span class='ocrx_word' id='word_1_587' title='bbox 3372 3460 3433 3512; x_wconf 85' lang='grc' dir='ltr'><strong>τὸ</strong></span> <span class='ocrx_word' id='word_1_588' title='bbox 3467 3460 3666 3522; x_wconf 81' lang='grc' dir='ltr'>πάθος,</span> <span class='ocrx_word' id='word_1_589' title='bbox 3699 3461 3824 3527; x_wconf 77' lang='grc' dir='ltr'>ὅπερ</span> 
     </span>
    </p>
   </div>
   <div class='ocr_carea' id='block_1_82' title="bbox 2258 3543 3823 3621">
    <p class='ocr_par' dir='ltr' id='par_1_82' title="bbox 2258 3543 3823 3621">
     <span class='ocr_line' id='line_1_82' title="bbox 2258 3543 3823 3621; baseline 0.001 -19"><span class='ocrx_word' id='word_1_590' title='bbox 2258 3543 2376 3603; x_wconf 78' lang='grc' dir='ltr'>ἴσον</span> <span class='ocrx_word' id='word_1_591' title='bbox 2400 3548 2477 3621; x_wconf 80' lang='grc' dir='ltr'>τῷ</span> <span class='ocrx_word' id='word_1_592' title='bbox 2507 3551 2712 3621; x_wconf 86' lang='grc' dir='ltr'>Κύριον</span> <span class='ocrx_word' id='word_1_593' title='bbox 2731 3550 3018 3621; x_wconf 89' lang='grc' dir='ltr'>γενόμενον</span> <span class='ocrx_word' id='word_1_594' title='bbox 3036 3550 3128 3604; x_wconf 70' lang='grc' dir='ltr'>καὶ</span> <span class='ocrx_word' id='word_1_595' title='bbox 3145 3550 3398 3621; x_wconf 83' lang='grc' dir='ltr'>Χριστὸν,</span> <span class='ocrx_word' id='word_1_596' title='bbox 3414 3548 3667 3614; x_wconf 82' lang='grc' dir='ltr'>ἀσεϐείας</span> <span class='ocrx_word' id='word_1_597' title='bbox 3691 3549 3823 3619; x_wconf 65' lang='grc' dir='ltr'>παρὰ</span> 
     </span>
    </p>
   </div>
   <div class='ocr_carea' id='block_1_83' title="bbox 2259 3639 3824 3713">
    <p class='ocr_par' dir='ltr' id='par_1_83' title="bbox 2259 3639 3824 3713">
     <span class='ocr_line' id='line_1_83' title="bbox 2259 3639 3824 3713; baseline -0.004 -18"><span class='ocrx_word' id='word_1_598' title='bbox 2259 3640 2336 3711; x_wconf 86' lang='grc' dir='ltr'>τῷ</span> <span class='ocrx_word' id='word_1_599' title='bbox 2365 3641 2614 3712; x_wconf 81' lang='grc' dir='ltr'>Εύνομίῳ</span> <span class='ocrx_word' id='word_1_600' title='bbox 2656 3641 2841 3713; x_wconf 80' lang='grc' dir='ltr'>φέρειν</span> <span class='ocrx_word' id='word_1_601' title='bbox 2885 3640 3124 3712; x_wconf 75' lang='grc' dir='ltr'>γραφὴν,</span> <span class='ocrx_word' id='word_1_602' title='bbox 3157 3640 3190 3711; x_wconf 81' lang='grc' dir='ltr'>ἧ</span> <span class='ocrx_word' id='word_1_603' title='bbox 3231 3640 3331 3709; x_wconf 79' lang='grc' dir='ltr'>τὴν</span> <span class='ocrx_word' id='word_1_604' title='bbox 3375 3639 3708 3711; x_wconf 80' lang='grc' dir='ltr'>κατηγορίαν</span> <span class='ocrx_word' id='word_1_605' title='bbox 3745 3640 3824 3690; x_wconf 81' lang='grc' dir='ltr'><strong>ἐκ-</strong></span> 
     </span>
    </p>
   </div>
   <div class='ocr_carea' id='block_1_84' title="bbox 2261 3728 3821 3804">
    <p class='ocr_par' dir='ltr' id='par_1_84' title="bbox 2261 3728 3821 3804">
     <span class='ocr_line' id='line_1_84' title="bbox 2261 3728 3821 3804; baseline -0.006 -14"><span class='ocrx_word' id='word_1_606' title='bbox 2261 3731 2562 3795; x_wconf 80' lang='grc' dir='ltr'>κλίνοντας,</span> <span class='ocrx_word' id='word_1_607' title='bbox 2592 3731 2871 3803; x_wconf 83' lang='grc' dir='ltr'>ἀρνεῖσθαι</span> <span class='ocrx_word' id='word_1_608' title='bbox 2898 3732 2996 3804; x_wconf 82' lang='grc' dir='ltr'>τὴν</span> <span class='ocrx_word' id='word_1_609' title='bbox 3019 3730 3306 3802; x_wconf 87' lang='grc' dir='ltr'>ὁμολογίαν</span> <span class='ocrx_word' id='word_1_610' title='bbox 3331 3729 3430 3801; x_wconf 78' lang='grc' dir='ltr'>τῆς</span> <span class='ocrx_word' id='word_1_611' title='bbox 3456 3728 3551 3782; x_wconf 81' lang='grc' dir='ltr'><strong>τού</strong></span> <span class='ocrx_word' id='word_1_612' title='bbox 3578 3728 3821 3790; x_wconf 82' lang='grc' dir='ltr'>παθόντος</span> 
     </span>
    </p>
   </div>
   <div class='ocr_carea' id='block_1_85' title="bbox 2262 3821 2685 3895">
    <p class='ocr_par' dir='ltr' id='par_1_85' title="bbox 2262 3821 2685 3895">
     <span class='ocr_line' id='line_1_85' title="bbox 2262 3821 2685 3895; baseline 0 -18"><span class='ocrx_word' id='word_1_613' title='bbox 2262 3821 2685 3895; x_wconf 76' lang='grc' dir='ltr'>ὑπερυψώσεως.</span> 
     </span>
    </p>
   </div>
   <div class='ocr_carea' id='block_1_86' title="bbox 2346 3994 3821 4070">
    <p class='ocr_par' dir='ltr' id='par_1_86' title="bbox 2346 3994 3821 4070">
     <span class='ocr_line' id='line_1_86' title="bbox 2346 3994 3821 4070; baseline -0.005 -18"><span class='ocrx_word' id='word_1_614' title='bbox 2346 3998 2505 4052; x_wconf 84' lang='grc' dir='ltr'>Ἀλλά</span> <span class='ocrx_word' id='word_1_615' title='bbox 2535 3998 2641 4070; x_wconf 85' lang='grc' dir='ltr'><strong>χρὴ</strong></span> <span class='ocrx_word' id='word_1_616' title='bbox 2679 3997 2815 4069; x_wconf 78' lang='grc' dir='ltr'>πρὸς</span> <span class='ocrx_word' id='word_1_617' title='bbox 2861 3995 3032 4050; x_wconf 76' lang='grc' dir='ltr'>ταῦτα</span> <span class='ocrx_word' id='word_1_618' title='bbox 3064 3996 3224 4049; x_wconf 83' lang='grc' dir='ltr'>πάλιν</span> <span class='ocrx_word' id='word_1_619' title='bbox 3260 3994 3352 4047; x_wconf 83' lang='grc' dir='ltr'><strong>τὸν</strong></span> <span class='ocrx_word' id='word_1_620' title='bbox 3393 3994 3489 4050; x_wconf 83' lang='grc' dir='ltr'>τοῦ</span> <span class='ocrx_word' id='word_1_621' title='bbox 3531 3994 3821 4065; x_wconf 81' lang='grc' dir='ltr'>κατηγόρου</span> 
     </span>
    </p>
   </div>
   <div class='ocr_carea' id='block_1_87' title="bbox 2262 4085 3821 4163">
    <p class='ocr_par' dir='ltr' id='par_1_87' title="bbox 2262 4085 3821 4163">
     <span class='ocr_line' id='line_1_87' title="bbox 2262 4085 3821 4163; baseline -0.006 -17"><span class='ocrx_word' id='word_1_622' title='bbox 2262 4092 2418 4161; x_wconf 86' lang='grc' dir='ltr'>λόγον</span> <span class='ocrx_word' id='word_1_623' title='bbox 2464 4092 2760 4163; x_wconf 82' lang='grc' dir='ltr'>συνήγορον</span> <span class='ocrx_word' id='word_1_624' title='bbox 2807 4089 2906 4160; x_wconf 77' lang='grc' dir='ltr'>τῆς</span> <span class='ocrx_word' id='word_1_625' title='bbox 2954 4088 3228 4159; x_wconf 79' lang='grc' dir='ltr'>ἡμετέρας</span> <span class='ocrx_word' id='word_1_626' title='bbox 3267 4085 3563 4155; x_wconf 82' lang='grc' dir='ltr'>ἀπολογίας</span> <span class='ocrx_word' id='word_1_627' title='bbox 3605 4086 3821 4157; x_wconf 74' lang='grc' dir='ltr'>προστήο</span> 
     </span>
    </p>
   </div>
   <div class='ocr_carea' id='block_1_88' title="bbox 2265 4177 3817 4249">
    <p class='ocr_par' dir='ltr' id='par_1_88' title="bbox 2265 4177 3817 4249">
     <span class='ocr_line' id='line_1_88' title="bbox 2265 4177 3817 4249; baseline -0.003 -15"><span class='ocrx_word' id='word_1_628' title='bbox 2265 4180 2481 4234; x_wconf 88' lang='grc' dir='ltr'>σασθαι.</span> <span class='ocrx_word' id='word_1_629' title='bbox 2517 4180 2724 4234; x_wconf 80' lang='grc' dir='ltr'>Οὐκοῦν</span> <span class='ocrx_word' id='word_1_630' title='bbox 2753 4178 2987 4249; x_wconf 77' lang='grc' dir='ltr'>ἐροῦμεν</span> <span class='ocrx_word' id='word_1_631' title='bbox 3026 4178 3117 4231; x_wconf 77' lang='grc' dir='ltr'>ὲπί</span> <span class='ocrx_word' id='word_1_632' title='bbox 3148 4178 3344 4242; x_wconf 81' lang='grc' dir='ltr'>λέξεως</span> <span class='ocrx_word' id='word_1_633' title='bbox 3372 4177 3441 4231; x_wconf 79' lang='grc' dir='ltr'>τὰ</span> <span class='ocrx_word' id='word_1_634' title='bbox 3468 4179 3599 4249; x_wconf 80' lang='grc' dir='ltr'>παρ’</span> <span class='ocrx_word' id='word_1_635' title='bbox 3630 4178 3817 4230; x_wconf 76' lang='grc' dir='ltr'>ἐκείνου</span> 
     </span>
    </p>
   </div>
   <div class='ocr_carea' id='block_1_89' title="bbox 2261 4263 3820 4340">
    <p class='ocr_par' dir='ltr' id='par_1_89' title="bbox 2261 4263 3820 4340">
     <span class='ocr_line' id='line_1_89' title="bbox 2261 4263 3820 4340; baseline -0.005 -15"><span class='ocrx_word' id='word_1_636' title='bbox 2261 4270 2503 4336; x_wconf 86' lang='grc' dir='ltr'>τεθέντα,</span> <span class='ocrx_word' id='word_1_637' title='bbox 2545 4271 2612 4325; x_wconf 76' lang='grc' dir='ltr'>δι’</span> <span class='ocrx_word' id='word_1_638' title='bbox 2657 4263 2732 4324; x_wconf 84' lang='grc' dir='ltr'>ὧν</span> <span class='ocrx_word' id='word_1_639' title='bbox 2777 4269 3044 4340; x_wconf 82' lang='grc' dir='ltr'>ἡμέτερος</span> <span class='ocrx_word' id='word_1_640' title='bbox 3084 4269 3395 4323; x_wconf 82' lang='grc' dir='ltr'>συνίσταται</span> <span class='ocrx_word' id='word_1_641' title='bbox 3430 4269 3606 4337; x_wconf 83' lang='grc' dir='ltr'>λόγος,</span> <span class='ocrx_word' id='word_1_642' title='bbox 3657 4268 3820 4321; x_wconf 76' lang='grc' dir='ltr'>τοῦτον</span> 
     </span>
    </p>
   </div>
   <div class='ocr_carea' id='block_1_90' title="bbox 2262 4358 3821 4433">
    <p class='ocr_par' dir='ltr' id='par_1_90' title="bbox 2262 4358 3821 4433">
     <span class='ocr_line' id='line_1_90' title="bbox 2262 4358 3821 4433; baseline -0.005 -16"><span class='ocrx_word' id='word_1_643' title='bbox 2262 4363 2354 4417; x_wconf 78' lang='grc' dir='ltr'><strong>τὸν</strong></span> <span class='ocrx_word' id='word_1_644' title='bbox 2370 4364 2570 4433; x_wconf 88' lang='grc' dir='ltr'>τρόπον</span> <span class='ocrx_word' id='word_1_645' title='bbox 2592 4376 2607 4391; x_wconf 82' lang='grc'><strong>⁹</strong></span> <span class='ocrx_word' id='word_1_646' title='bbox 2629 4362 2682 4414; x_wconf 87' lang='lat'><strong>&#39;0</strong></span> <span class='ocrx_word' id='word_1_647' title='bbox 2698 4360 3009 4431; x_wconf 81' lang='grc' dir='ltr'>μακάριος,</span> <span class='ocrx_word' id='word_1_648' title='bbox 3036 4362 3219 4432; x_wconf 78' lang='grc' dir='ltr'>φησὶν,</span> <span class='ocrx_word' id='word_1_649' title='bbox 3250 4361 3539 4428; x_wconf 77' lang='grc' dir='ltr'>Ἰωάννης</span> <span class='ocrx_word' id='word_1_650' title='bbox 3562 4360 3670 4413; x_wconf 79' lang='grc' dir='ltr'><strong>τὸν</strong></span> <span class='ocrx_word' id='word_1_651' title='bbox 3695 4358 3821 4413; x_wconf 71' lang='grc' dir='ltr'>Θεὸν</span> 
     </span>
    </p>
   </div>
   <div class='ocr_carea' id='block_1_91' title="bbox 587 4445 2158 4526">
    <p class='ocr_par' dir='ltr' id='par_1_91' title="bbox 587 4452 2158 4524">
     <span class='ocr_line' id='line_1_91' title="bbox 587 4452 2158 4524; baseline 0.003 -19"><span class='ocrx_word' id='word_1_652' title='bbox 587 4454 706 4505; x_wconf 84' lang='lat' dir='ltr'><strong>bum</strong></span> <span class='ocrx_word' id='word_1_653' title='bbox 744 4469 837 4516; x_wconf 87' lang='lat' dir='ltr'><strong>per</strong></span> <span class='ocrx_word' id='word_1_654' title='bbox 878 4470 1028 4523; x_wconf 84' lang='lat' dir='ltr'><strong>quem</strong></span> <span class='ocrx_word' id='word_1_655' title='bbox 1071 4454 1248 4507; x_wconf 87' lang='lat' dir='ltr'><strong>omnia</strong></span> <span class='ocrx_word' id='word_1_656' title='bbox 1285 4452 1431 4521; x_wconf 82' lang='lat' dir='ltr'><strong>facta</strong></span> <span class='ocrx_word' id='word_1_657' title='bbox 1476 4465 1621 4521; x_wconf 84' lang='lat' dir='ltr'><strong>sunt,</strong></span> <span class='ocrx_word' id='word_1_658' title='bbox 1664 4456 1719 4509; x_wconf 88' lang='lat' dir='ltr'><strong>in</strong></span> <span class='ocrx_word' id='word_1_659' title='bbox 1764 4472 1925 4510; x_wconf 82' lang='lat' dir='ltr'><strong>carne</strong></span> <span class='ocrx_word' id='word_1_660' title='bbox 1956 4457 2158 4524; x_wconf 77' lang='lat' dir='ltr'><strong>factum</strong></span> 
     </span>
    </p>
   </div>
   <div class='ocr_carea' id='block_1_92' title="bbox 2258 4445 3818 4526">
    <p class='ocr_par' dir='ltr' id='par_1_92' title="bbox 2263 4450 3818 4526">
     <span class='ocr_line' id='line_1_92' title="bbox 2263 4450 3818 4526; baseline -0.006 -14"><span class='ocrx_word' id='word_1_661' title='bbox 2263 4457 2475 4526; x_wconf 76' lang='grc' dir='ltr'>Λόγον,</span> <span class='ocrx_word' id='word_1_662' title='bbox 2507 4454 2583 4509; x_wconf 85' lang='grc' dir='ltr'>δι’</span> <span class='ocrx_word' id='word_1_663' title='bbox 2616 4450 2689 4511; x_wconf 81' lang='grc' dir='ltr'>οὗ</span> <span class='ocrx_word' id='word_1_664' title='bbox 2719 4453 2792 4507; x_wconf 85' lang='grc' dir='ltr'>τὰ</span> <span class='ocrx_word' id='word_1_665' title='bbox 2824 4454 3020 4508; x_wconf 81' lang='grc' dir='ltr'>πάντα</span> <span class='ocrx_word' id='word_1_666' title='bbox 3050 4455 3315 4525; x_wconf 76' lang='grc' dir='ltr'>γέγονεν,</span> <span class='ocrx_word' id='word_1_667' title='bbox 3352 4455 3423 4507; x_wconf 81' lang='grc' dir='ltr'><strong>ἐν</strong></span> <span class='ocrx_word' id='word_1_668' title='bbox 3461 4451 3646 4521; x_wconf 82' lang='grc' dir='ltr'>σαρκί</span> <span class='ocrx_word' id='word_1_669' title='bbox 3678 4468 3818 4523; x_wconf 75' lang='grc' dir='ltr'>γεγε·</span> 
     </span>
    </p>
   </div>
   <div class='ocr_carea' id='block_1_93' title="bbox 585 4544 2159 4615">
    <p class='ocr_par' dir='ltr' id='par_1_93' title="bbox 585 4544 2159 4615">
     <span class='ocr_line' id='line_1_93' title="bbox 585 4544 2159 4615; baseline 0.001 -16"><span class='ocrx_word' id='word_1_670' title='bbox 585 4563 697 4599; x_wconf 82' lang='lat' dir='ltr'><strong>esse</strong></span> <span class='ocrx_word' id='word_1_671' title='bbox 733 4544 901 4608; x_wconf 84' lang='lat' dir='ltr'><strong>docet,</strong></span> <span class='ocrx_word' id='word_1_672' title='bbox 938 4545 1063 4598; x_wconf 85' lang='lat' dir='ltr'><strong>dum</strong></span> <span class='ocrx_word' id='word_1_673' title='bbox 1114 4546 1243 4598; x_wconf 83' lang='lat' dir='ltr'><strong>dicit</strong></span> <span class='ocrx_word' id='word_1_674' title='bbox 1289 4559 1308 4598; x_wconf 91' lang='lat'><strong><em>:</em></strong></span> <span class='ocrx_word' id='word_1_675' title='bbox 1336 4562 1355 4595; x_wconf 76' lang='grc' dir='ltr'><strong>ι</strong></span> <span class='ocrx_word' id='word_1_676' title='bbox 1406 4544 1477 4597; x_wconf 86' lang='lat' dir='ltr'><strong>Et</strong></span> <span class='ocrx_word' id='word_1_677' title='bbox 1522 4544 1748 4599; x_wconf 83' lang='lat' dir='ltr'><strong>Verbum</strong></span> <span class='ocrx_word' id='word_1_678' title='bbox 1796 4563 1921 4600; x_wconf 90' lang='lat' dir='ltr'><strong>caro</strong></span> <span class='ocrx_word' id='word_1_679' title='bbox 1957 4546 2159 4615; x_wconf 81' lang='lat' dir='ltr'><strong>factum</strong></span> 
     </span>
    </p>
   </div>
   <div class='ocr_carea' id='block_1_94' title="bbox 586 4635 2164 4706">
    <p class='ocr_par' dir='ltr' id='par_1_94' title="bbox 586 4635 2164 4706">
     <span class='ocr_line' id='line_1_94' title="bbox 586 4635 2164 4706; baseline 0.001 -14"><span class='ocrx_word' id='word_1_680' title='bbox 586 4649 663 4692; x_wconf 84' lang='lat' dir='ltr'><strong>est</strong></span> <span class='ocrx_word' id='word_1_681' title='bbox 685 4638 747 4688; x_wconf 85' lang='grc'><strong>¹⁸.</strong></span> <span class='ocrx_word' id='word_1_682' title='bbox 775 4657 793 4689; x_wconf 72' lang='grc' dir='ltr'>ι</span> <span class='ocrx_word' id='word_1_683' title='bbox 820 4637 900 4689; x_wconf 79' lang='lat' dir='ltr'><strong>An</strong></span> <span class='ocrx_word' id='word_1_684' title='bbox 926 4636 1231 4706; x_wconf 81' lang='lat' dir='ltr'><strong>intelligens</strong></span> <span class='ocrx_word' id='word_1_685' title='bbox 1256 4650 1378 4705; x_wconf 62' lang='lat' dir='ltr'><strong>quae</strong></span> <span class='ocrx_word' id='word_1_686' title='bbox 1405 4636 1615 4698; x_wconf 90' lang='lat' dir='ltr'><strong>scribit,</strong></span> <span class='ocrx_word' id='word_1_687' title='bbox 1649 4635 1763 4691; x_wconf 79' lang='lat' dir='ltr'><strong>haec</strong></span> <span class='ocrx_word' id='word_1_688' title='bbox 1792 4638 2026 4691; x_wconf 88' lang='lat' dir='ltr'><strong>orationi</strong></span> <span class='ocrx_word' id='word_1_689' title='bbox 2050 4653 2164 4694; x_wconf 67' lang='lat' dir='ltr'><strong>suae</strong></span> 
     </span>
    </p>
   </div>
   <div class='ocr_carea' id='block_1_95' title="bbox 587 4727 2160 4799">
    <p class='ocr_par' dir='ltr' id='par_1_95' title="bbox 587 4727 2160 4799">
     <span class='ocr_line' id='line_1_95' title="bbox 587 4727 2160 4799; baseline 0.001 -15"><span class='ocrx_word' id='word_1_690' title='bbox 587 4728 809 4799; x_wconf 80' lang='lat' dir='ltr'><strong>adjicit?</strong></span> <span class='ocrx_word' id='word_1_691' title='bbox 855 4728 1117 4797; x_wconf 81' lang='lat' dir='ltr'><strong>Equidem</strong></span> <span class='ocrx_word' id='word_1_692' title='bbox 1150 4742 1257 4781; x_wconf 91' lang='lat' dir='ltr'><strong>non</strong></span> <span class='ocrx_word' id='word_1_693' title='bbox 1288 4727 1532 4781; x_wconf 85' lang='lat' dir='ltr'><strong>arbitror</strong></span> <span class='ocrx_word' id='word_1_694' title='bbox 1562 4728 1739 4797; x_wconf 89' lang='lat' dir='ltr'><strong>ipsum</strong></span> <span class='ocrx_word' id='word_1_695' title='bbox 1791 4729 1936 4783; x_wconf 88' lang='lat' dir='ltr'><strong>scire</strong></span> <span class='ocrx_word' id='word_1_696' title='bbox 1962 4729 2160 4785; x_wconf 91' lang='lat' dir='ltr'><strong>horum</strong></span> 
     </span>
    </p>
   </div>
   <div class='ocr_carea' id='block_1_96' title="bbox 587 4816 2164 4891">
    <p class='ocr_par' dir='ltr' id='par_1_96' title="bbox 587 4816 2164 4891">
     <span class='ocr_line' id='line_1_96' title="bbox 587 4816 2164 4891; baseline 0.001 -16"><span class='ocrx_word' id='word_1_697' title='bbox 587 4821 875 4875; x_wconf 81' lang='lat' dir='ltr'><strong>verborum</strong></span> <span class='ocrx_word' id='word_1_698' title='bbox 913 4818 1259 4873; x_wconf 87' lang='lat' dir='ltr'><strong>sententiam.</strong></span> <span class='ocrx_word' id='word_1_699' title='bbox 1308 4816 1439 4871; x_wconf 80' lang='lat' dir='ltr'><strong>Nam</strong></span> <span class='ocrx_word' id='word_1_700' title='bbox 1492 4818 1541 4872; x_wconf 93' lang='lat' dir='ltr'><strong>si</strong></span> <span class='ocrx_word' id='word_1_701' title='bbox 1576 4819 1699 4889; x_wconf 89' lang='lat' dir='ltr'><strong>quis</strong></span> <span class='ocrx_word' id='word_1_702' title='bbox 1744 4828 2000 4875; x_wconf 82' lang='lat' dir='ltr'><strong>accurate</strong></span> <span class='ocrx_word' id='word_1_703' title='bbox 2041 4837 2164 4891; x_wconf 76' lang='lat' dir='ltr'><strong>quae</strong></span> 
     </span>
    </p>
   </div>
   <div class='ocr_carea' id='block_1_97' title="bbox 585 4907 2158 4981">
    <p class='ocr_par' dir='ltr' id='par_1_97' title="bbox 585 4907 2158 4981">
     <span class='ocr_line' id='line_1_97' title="bbox 585 4907 2158 4981; baseline 0.001 -16"><span class='ocrx_word' id='word_1_704' title='bbox 585 4912 848 4965; x_wconf 86' lang='lat' dir='ltr'><strong>dicuntur</strong></span> <span class='ocrx_word' id='word_1_705' title='bbox 901 4907 1298 4971; x_wconf 88' lang='lat' dir='ltr'><strong>consideraret,</strong></span> <span class='ocrx_word' id='word_1_706' title='bbox 1355 4908 1560 4961; x_wconf 88' lang='lat' dir='ltr'><strong>nullam</strong></span> <span class='ocrx_word' id='word_1_707' title='bbox 1611 4909 1664 4961; x_wconf 91' lang='lat' dir='ltr'><strong>in</strong></span> <span class='ocrx_word' id='word_1_708' title='bbox 1723 4909 1807 4965; x_wconf 88' lang='lat' dir='ltr'><strong>his</strong></span> <span class='ocrx_word' id='word_1_709' title='bbox 1856 4917 1909 4965; x_wconf 85' lang='lat' dir='ltr'><strong>et</strong></span> <span class='ocrx_word' id='word_1_710' title='bbox 1954 4927 2076 4981; x_wconf 75' lang='lat' dir='ltr'><strong>qum</strong></span> <span class='ocrx_word' id='word_1_711' title='bbox 2126 4925 2158 4965; x_wconf 86' lang='lat' dir='ltr'><strong>a</strong></span> 
     </span>
    </p>
   </div>
   <div class='ocr_carea' id='block_1_98' title="bbox 587 4997 2153 5072">
    <p class='ocr_par' dir='ltr' id='par_1_98' title="bbox 587 4997 2153 5072">
     <span class='ocr_line' id='line_1_98' title="bbox 587 4997 2153 5072; baseline 0.002 -19"><span class='ocrx_word' id='word_1_712' title='bbox 587 5001 768 5061; x_wconf 86' lang='lat' dir='ltr'><strong>nobis,</strong></span> <span class='ocrx_word' id='word_1_713' title='bbox 808 5007 862 5053; x_wconf 87' lang='lat' dir='ltr'><strong>et</strong></span> <span class='ocrx_word' id='word_1_714' title='bbox 895 5013 1015 5067; x_wconf 70' lang='lat' dir='ltr'><strong>qua:</strong></span> <span class='ocrx_word' id='word_1_715' title='bbox 1044 4998 1112 5051; x_wconf 91' lang='lat' dir='ltr'><strong>ab</strong></span> <span class='ocrx_word' id='word_1_716' title='bbox 1141 4997 1235 5052; x_wconf 90' lang='lat' dir='ltr'><strong>illo</strong></span> <span class='ocrx_word' id='word_1_717' title='bbox 1260 4997 1545 5061; x_wconf 88' lang='lat' dir='ltr'><strong>dicuntur,</strong></span> <span class='ocrx_word' id='word_1_718' title='bbox 1581 4999 1723 5055; x_wconf 91' lang='lat' dir='ltr'><strong>inter</strong></span> <span class='ocrx_word' id='word_1_719' title='bbox 1756 5015 1816 5054; x_wconf 90' lang='lat' dir='ltr'><strong>se</strong></span> <span class='ocrx_word' id='word_1_720' title='bbox 1842 5015 2153 5072; x_wconf 80' lang='lat' dir='ltr'><strong>repugnan-</strong></span> 
     </span>
    </p>
   </div>
   <div class='ocr_carea' id='block_1_99' title="bbox 588 5086 2155 5162">
    <p class='ocr_par' dir='ltr' id='par_1_99' title="bbox 588 5086 2155 5162">
     <span class='ocr_line' id='line_1_99' title="bbox 588 5086 2155 5162; baseline 0.003 -19"><span class='ocrx_word' id='word_1_721' title='bbox 588 5094 717 5146; x_wconf 75' lang='lat' dir='ltr'><strong>tiam</strong></span> <span class='ocrx_word' id='word_1_722' title='bbox 743 5090 1031 5145; x_wconf 80' lang='lat' dir='ltr'><strong>inveniret.</strong></span> <span class='ocrx_word' id='word_1_723' title='bbox 1062 5087 1173 5144; x_wconf 84' lang='lat' dir='ltr'><strong>Nos</strong></span> <span class='ocrx_word' id='word_1_724' title='bbox 1198 5090 1341 5144; x_wconf 90' lang='lat' dir='ltr'><strong>enim</strong></span> <span class='ocrx_word' id='word_1_725' title='bbox 1367 5106 1429 5145; x_wconf 86' lang='lat' dir='ltr'><strong>ea</strong></span> <span class='ocrx_word' id='word_1_726' title='bbox 1461 5086 1623 5146; x_wconf 83' lang='lat' dir='ltr'><strong>etiam</strong></span> <span class='ocrx_word' id='word_1_727' title='bbox 1649 5108 1770 5161; x_wconf 67' lang='lat' dir='ltr'><strong>quae</strong></span> <span class='ocrx_word' id='word_1_728' title='bbox 1804 5108 1902 5162; x_wconf 90' lang='lat' dir='ltr'><strong>per</strong></span> <span class='ocrx_word' id='word_1_729' title='bbox 1934 5108 2155 5149; x_wconf 89' lang='lat' dir='ltr'><strong>carnem</strong></span> 
     </span>
    </p>
   </div>
   <div class='ocr_carea' id='block_1_100' title="bbox 585 5180 2153 5249">
    <p class='ocr_par' dir='ltr' id='par_1_100' title="bbox 585 5180 2153 5249">
     <span class='ocr_line' id='line_1_100' title="bbox 585 5180 2153 5249; baseline 0.003 -16"><span class='ocrx_word' id='word_1_730' title='bbox 585 5183 900 5249; x_wconf 85' lang='lat' dir='ltr'><strong>dispensata</strong></span> <span class='ocrx_word' id='word_1_731' title='bbox 942 5187 1073 5235; x_wconf 88' lang='lat' dir='ltr'><strong>sunt</strong></span> <span class='ocrx_word' id='word_1_732' title='bbox 1125 5180 1353 5235; x_wconf 88' lang='lat' dir='ltr'><strong>seorsim</strong></span> <span class='ocrx_word' id='word_1_733' title='bbox 1408 5187 1743 5248; x_wconf 90' lang='lat' dir='ltr'><strong>spectamus,</strong></span> <span class='ocrx_word' id='word_1_734' title='bbox 1800 5193 1853 5237; x_wconf 90' lang='lat' dir='ltr'><strong>et</strong></span> <span class='ocrx_word' id='word_1_735' title='bbox 1911 5183 2153 5239; x_wconf 88' lang='lat' dir='ltr'><strong>divinam</strong></span> 
     </span>
    </p>
   </div>
   <div class='ocr_carea' id='block_1_101' title="bbox 587 5271 2155 5343">
    <p class='ocr_par' dir='ltr' id='par_1_101' title="bbox 587 5271 2155 5343">
     <span class='ocr_line' id='line_1_101' title="bbox 587 5271 2155 5343; baseline 0.004 -20"><span class='ocrx_word' id='word_1_736' title='bbox 587 5274 843 5326; x_wconf 68' lang='lat' dir='ltr'><strong>Virtutem</strong></span> <span class='ocrx_word' id='word_1_737' title='bbox 903 5273 957 5326; x_wconf 91' lang='lat' dir='ltr'><strong>in</strong></span> <span class='ocrx_word' id='word_1_738' title='bbox 1000 5271 1178 5340; x_wconf 88' lang='lat' dir='ltr'><strong>seipsa</strong></span> <span class='ocrx_word' id='word_1_739' title='bbox 1221 5271 1597 5343; x_wconf 81' lang='lat' dir='ltr'><strong>intelligimus.</strong></span> <span class='ocrx_word' id='word_1_740' title='bbox 1640 5272 1735 5329; x_wconf 90' lang='lat' dir='ltr'><strong>Ille</strong></span> <span class='ocrx_word' id='word_1_741' title='bbox 1783 5276 2056 5342; x_wconf 87' lang='lat' dir='ltr'><strong>similiter,</strong></span> <span class='ocrx_word' id='word_1_742' title='bbox 2094 5283 2155 5331; x_wconf 91' lang='lat' dir='ltr'><strong>ut</strong></span> 
     </span>
    </p>
   </div>
   <div class='ocr_carea' id='block_1_102' title="bbox 591 5363 2153 5434">
    <p class='ocr_par' dir='ltr' id='par_1_102' title="bbox 591 5363 2153 5434">
     <span class='ocr_line' id='line_1_102' title="bbox 591 5363 2153 5434; baseline 0.004 -18"><span class='ocrx_word' id='word_1_743' title='bbox 591 5378 709 5427; x_wconf 86' lang='lat' dir='ltr'><strong>nos,</strong></span> <span class='ocrx_word' id='word_1_744' title='bbox 748 5378 872 5417; x_wconf 91' lang='lat' dir='ltr'><strong>eum</strong></span> <span class='ocrx_word' id='word_1_745' title='bbox 916 5363 1011 5433; x_wconf 90' lang='lat' dir='ltr'><strong>qui</strong></span> <span class='ocrx_word' id='word_1_746' title='bbox 1060 5364 1112 5417; x_wconf 91' lang='lat' dir='ltr'><strong>iu</strong></span> <span class='ocrx_word' id='word_1_747' title='bbox 1145 5363 1416 5434; x_wconf 86' lang='lat' dir='ltr'><strong>principio</strong></span> <span class='ocrx_word' id='word_1_748' title='bbox 1460 5374 1579 5419; x_wconf 87' lang='lat' dir='ltr'><strong>erat</strong></span> <span class='ocrx_word' id='word_1_749' title='bbox 1618 5364 1858 5421; x_wconf 78' lang='lat' dir='ltr'><strong>Verbum</strong></span> <span class='ocrx_word' id='word_1_750' title='bbox 1892 5366 1948 5421; x_wconf 90' lang='lat' dir='ltr'><strong>in</strong></span> <span class='ocrx_word' id='word_1_751' title='bbox 1986 5382 2153 5422; x_wconf 89' lang='lat' dir='ltr'><strong>carne</strong></span> 
     </span>
    </p>
   </div>
   <div class='ocr_carea' id='block_1_103' title="bbox 588 5454 2152 5529">
    <p class='ocr_par' dir='ltr' id='par_1_103' title="bbox 588 5454 2152 5529">
     <span class='ocr_line' id='line_1_103' title="bbox 588 5454 2152 5529; baseline 0.007 -26"><span class='ocrx_word' id='word_1_752' title='bbox 588 5454 988 5509; x_wconf 82' lang='lat' dir='ltr'><strong>manifestatum</strong></span> <span class='ocrx_word' id='word_1_753' title='bbox 1043 5470 1167 5511; x_wconf 88' lang='lat' dir='ltr'><strong>esse</strong></span> <span class='ocrx_word' id='word_1_754' title='bbox 1213 5454 1368 5523; x_wconf 89' lang='lat' dir='ltr'><strong>dicit,</strong></span> <span class='ocrx_word' id='word_1_755' title='bbox 1421 5471 1598 5527; x_wconf 87' lang='lat' dir='ltr'><strong>neque</strong></span> <span class='ocrx_word' id='word_1_756' title='bbox 1654 5457 1795 5513; x_wconf 91' lang='lat' dir='ltr'><strong>alius</strong></span> <span class='ocrx_word' id='word_1_757' title='bbox 1857 5459 2152 5529; x_wconf 87' lang='lat' dir='ltr'><strong>quisquam</strong></span> 
     </span>
    </p>
   </div>
   <div class='ocr_carea' id='block_1_104' title="bbox 587 5544 2155 5619">
    <p class='ocr_par' dir='ltr' id='par_1_104' title="bbox 587 5544 2155 5619">
     <span class='ocr_line' id='line_1_104' title="bbox 587 5544 2155 5619; baseline 0.005 -22"><span class='ocrx_word' id='word_1_758' title='bbox 587 5544 786 5611; x_wconf 78' lang='lat' dir='ltr'><strong>ipsum,</strong></span> <span class='ocrx_word' id='word_1_759' title='bbox 839 5558 1016 5613; x_wconf 88' lang='lat' dir='ltr'><strong>neque</strong></span> <span class='ocrx_word' id='word_1_760' title='bbox 1052 5545 1171 5615; x_wconf 84' lang='lat' dir='ltr'><strong>ipse</strong></span> <span class='ocrx_word' id='word_1_761' title='bbox 1210 5546 1451 5616; x_wconf 89' lang='lat' dir='ltr'><strong>seipsum</strong></span> <span class='ocrx_word' id='word_1_762' title='bbox 1488 5562 1728 5619; x_wconf 84' lang='lat' dir='ltr'><strong>unquam</strong></span> <span class='ocrx_word' id='word_1_763' title='bbox 1758 5548 2064 5614; x_wconf 87' lang='lat' dir='ltr'><strong>accusavit,</strong></span> <span class='ocrx_word' id='word_1_764' title='bbox 2094 5558 2155 5605; x_wconf 93' lang='lat' dir='ltr'><strong>ut</strong></span> 
     </span>
    </p>
   </div>
   <div class='ocr_carea' id='block_1_105' title="bbox 700 5715 1147 5783">
    <p class='ocr_par' dir='ltr' id='par_1_105' title="bbox 700 5715 1147 5783">
     <span class='ocr_line' id='line_1_105' title="bbox 700 5715 1147 5783; baseline -0.009 -9"><span class='ocrx_word' id='word_1_765' title='bbox 700 5717 742 5753; x_wconf 77' lang='lat'>&quot;</span> <span class='ocrx_word' id='word_1_766' title='bbox 774 5715 935 5779; x_wconf 76' lang='lat' dir='ltr'><strong>Joan.</strong></span> <span class='ocrx_word' id='word_1_767' title='bbox 979 5733 1016 5783; x_wconf 85' lang='grc' dir='ltr'><strong>ι,</strong></span> <span class='ocrx_word' id='word_1_768' title='bbox 1062 5718 1147 5777; x_wconf 64' lang='lat' dir='ltr'><strong>is.</strong></span> 
     </span>
    </p>
   </div>
   <div class='ocr_carea' id='block_1_106' title="bbox 2256 4541 3820 4616">
    <p class='ocr_par' dir='ltr' id='par_1_106' title="bbox 2256 4541 3820 4616">
     <span class='ocr_line' id='line_1_106' title="bbox 2256 4541 3820 4616; baseline -0.005 -15"><span class='ocrx_word' id='word_1_769' title='bbox 2256 4547 2475 4616; x_wconf 79' lang='grc' dir='ltr'>νῆσθαι</span> <span class='ocrx_word' id='word_1_770' title='bbox 2501 4545 2770 4600; x_wconf 81' lang='grc' dir='ltr'>διδάσκει</span> <span class='ocrx_word' id='word_1_771' title='bbox 2792 4546 2987 4616; x_wconf 72' lang='grc' dir='ltr'>λέγων</span> <span class='ocrx_word' id='word_1_772' title='bbox 3004 4558 3019 4574; x_wconf 78' lang='grc'><strong><em>⁸</em></strong></span> <span class='ocrx_word' id='word_1_773' title='bbox 3048 4563 3069 4597; x_wconf 77' lang='grc' dir='ltr'><strong>ι</strong></span> <span class='ocrx_word' id='word_1_774' title='bbox 3097 4545 3208 4600; x_wconf 77' lang='grc' dir='ltr'><strong>Καὶ</strong></span> <span class='ocrx_word' id='word_1_775' title='bbox 3245 4547 3278 4598; x_wconf 85' lang='grc' dir='ltr'><strong>ό</strong></span> <span class='ocrx_word' id='word_1_776' title='bbox 3318 4547 3508 4613; x_wconf 73' lang='grc' dir='ltr'>Λόγος</span> <span class='ocrx_word' id='word_1_777' title='bbox 3536 4544 3695 4613; x_wconf 77' lang='grc' dir='ltr'>σὰρξ</span> <span class='ocrx_word' id='word_1_778' title='bbox 3717 4541 3820 4610; x_wconf 66' lang='grc' dir='ltr'>ἐγέ-</span> 
     </span>
    </p>
   </div>
   <div class='ocr_carea' id='block_1_107' title="bbox 2257 4634 3819 4710">
    <p class='ocr_par' dir='ltr' id='par_1_107' title="bbox 2257 4634 3819 4710">
     <span class='ocr_line' id='line_1_107' title="bbox 2257 4634 3819 4710; baseline -0.008 -18"><span class='ocrx_word' id='word_1_779' title='bbox 2257 4654 2414 4692; x_wconf 81' lang='grc' dir='ltr'>νετο.</span> <span class='ocrx_word' id='word_1_780' title='bbox 2442 4656 2462 4689; x_wconf 72' lang='grc' dir='ltr'>ι</span> <span class='ocrx_word' id='word_1_781' title='bbox 2497 4634 2642 4710; x_wconf 74' lang='grc' dir='ltr'>*Αρα</span> <span class='ocrx_word' id='word_1_782' title='bbox 2681 4636 2883 4702; x_wconf 73' lang='grc' dir='ltr'>συνιεὶς</span> <span class='ocrx_word' id='word_1_783' title='bbox 2925 4636 2962 4691; x_wconf 78' lang='grc' dir='ltr'><strong>ἃ.</strong></span> <span class='ocrx_word' id='word_1_784' title='bbox 2988 4637 3210 4709; x_wconf 79' lang='grc' dir='ltr'>γράφει,</span> <span class='ocrx_word' id='word_1_785' title='bbox 3244 4635 3417 4690; x_wconf 81' lang='grc' dir='ltr'>ταῦτα</span> <span class='ocrx_word' id='word_1_786' title='bbox 3444 4635 3521 4706; x_wconf 86' lang='grc' dir='ltr'>τῷ</span> <span class='ocrx_word' id='word_1_787' title='bbox 3550 4636 3668 4706; x_wconf 86' lang='grc' dir='ltr'>ἰδίῳ</span> <span class='ocrx_word' id='word_1_788' title='bbox 3699 4634 3819 4701; x_wconf 73' lang='grc' dir='ltr'>λόγῳ</span> 
     </span>
    </p>
   </div>
   <div class='ocr_carea' id='block_1_108' title="bbox 2260 4725 3819 4801">
    <p class='ocr_par' dir='ltr' id='par_1_108' title="bbox 2260 4725 3819 4801">
     <span class='ocr_line' id='line_1_108' title="bbox 2260 4725 3819 4801; baseline -0.002 -18"><span class='ocrx_word' id='word_1_789' title='bbox 2260 4729 2643 4801; x_wconf 86' lang='grc' dir='ltr'>προστίθησιν;</span> <span class='ocrx_word' id='word_1_790' title='bbox 2683 4729 2824 4798; x_wconf 86' lang='grc' dir='ltr'>Ἐγὼ</span> <span class='ocrx_word' id='word_1_791' title='bbox 2862 4730 2959 4799; x_wconf 80' lang='grc' dir='ltr'><strong>μὲν</strong></span> <span class='ocrx_word' id='word_1_792' title='bbox 2987 4729 3087 4782; x_wconf 79' lang='grc' dir='ltr'><strong>οὐκ</strong></span> <span class='ocrx_word' id='word_1_793' title='bbox 3118 4725 3271 4799; x_wconf 83' lang='grc' dir='ltr'>οἶμαι</span> <span class='ocrx_word' id='word_1_794' title='bbox 3297 4728 3387 4781; x_wconf 80' lang='grc' dir='ltr'><strong>τὸν</strong></span> <span class='ocrx_word' id='word_1_795' title='bbox 3420 4729 3583 4782; x_wconf 79' lang='grc' dir='ltr'>αὑτὸν</span> <span class='ocrx_word' id='word_1_796' title='bbox 3613 4729 3706 4781; x_wconf 75' lang='grc' dir='ltr'>καὶ</span> <span class='ocrx_word' id='word_1_797' title='bbox 3738 4725 3819 4795; x_wconf 71' lang='grc' dir='ltr'>τὴν</span> 
     </span>
    </p>
   </div>
   <div class='ocr_carea' id='block_1_109' title="bbox 2260 4816 3818 4889">
    <p class='ocr_par' dir='ltr' id='par_1_109' title="bbox 2260 4816 3818 4889">
     <span class='ocr_line' id='line_1_109' title="bbox 2260 4816 3818 4889; baseline -0.004 -18"><span class='ocrx_word' id='word_1_798' title='bbox 2260 4818 2464 4872; x_wconf 89' lang='grc' dir='ltr'>τούτων</span> <span class='ocrx_word' id='word_1_799' title='bbox 2500 4818 2698 4873; x_wconf 82' lang='grc' dir='ltr'>εἰδέναι</span> <span class='ocrx_word' id='word_1_800' title='bbox 2726 4817 2979 4881; x_wconf 86' lang='grc' dir='ltr'>διάνοιαν,</span> <span class='ocrx_word' id='word_1_801' title='bbox 3020 4817 3111 4871; x_wconf 77' lang='grc' dir='ltr'>καὶ</span> <span class='ocrx_word' id='word_1_802' title='bbox 3143 4818 3279 4889; x_wconf 84' lang='grc' dir='ltr'>πρὸς</span> <span class='ocrx_word' id='word_1_803' title='bbox 3309 4817 3400 4870; x_wconf 79' lang='grc' dir='ltr'><strong>τὸν</strong></span> <span class='ocrx_word' id='word_1_804' title='bbox 3432 4818 3702 4888; x_wconf 79' lang='grc' dir='ltr'>ἡμέτερον</span> <span class='ocrx_word' id='word_1_805' title='bbox 3725 4816 3818 4867; x_wconf 79' lang='grc' dir='ltr'>δια-</span> 
     </span>
    </p>
   </div>
   <div class='ocr_carea' id='block_1_110' title="bbox 2266 4898 3817 4978">
    <p class='ocr_par' dir='ltr' id='par_1_110' title="bbox 2266 4898 3817 4978">
     <span class='ocr_line' id='line_1_110' title="bbox 2266 4898 3817 4978; baseline -0.007 -17"><span class='ocrx_word' id='word_1_806' title='bbox 2266 4907 2534 4978; x_wconf 88' lang='grc' dir='ltr'>μάχεσθαι</span> <span class='ocrx_word' id='word_1_807' title='bbox 2561 4906 2737 4975; x_wconf 86' lang='grc' dir='ltr'>λόγον.</span> <span class='ocrx_word' id='word_1_808' title='bbox 2762 4906 2824 4958; x_wconf 84' lang='grc' dir='ltr'><strong>Εἰ</strong></span> <span class='ocrx_word' id='word_1_809' title='bbox 2858 4905 2967 4976; x_wconf 86' lang='grc' dir='ltr'><strong>γάρ</strong></span> <span class='ocrx_word' id='word_1_810' title='bbox 2991 4922 3075 4967; x_wconf 87' lang='grc' dir='ltr'><strong>τις</strong></span> <span class='ocrx_word' id='word_1_811' title='bbox 3102 4903 3346 4975; x_wconf 76' lang='grc' dir='ltr'>ἀκριϐῶς</span> <span class='ocrx_word' id='word_1_812' title='bbox 3381 4900 3729 4972; x_wconf 76' lang='grc' dir='ltr'>ἐπισκέψαιτο</span> <span class='ocrx_word' id='word_1_813' title='bbox 3761 4898 3817 4950; x_wconf 69' lang='grc' dir='ltr'>τὰ</span> 
     </span>
    </p>
   </div>
   <div class='ocr_carea' id='block_1_111' title="bbox 2259 4988 3815 5068">
    <p class='ocr_par' dir='ltr' id='par_1_111' title="bbox 2259 4988 3815 5068">
     <span class='ocr_line' id='line_1_111' title="bbox 2259 4988 3815 5068; baseline -0.008 -17"><span class='ocrx_word' id='word_1_814' title='bbox 2259 4998 2560 5068; x_wconf 84' lang='grc' dir='ltr'>λεγόμενα,</span> <span class='ocrx_word' id='word_1_815' title='bbox 2593 4995 2848 5065; x_wconf 82' lang='grc' dir='ltr'>οὐδεμίαν</span> <span class='ocrx_word' id='word_1_816' title='bbox 2882 4995 2940 5048; x_wconf 83' lang='grc' dir='ltr'>ὲν</span> <span class='ocrx_word' id='word_1_817' title='bbox 2972 4993 3181 5056; x_wconf 79' lang='grc' dir='ltr'>τούτοις</span> <span class='ocrx_word' id='word_1_818' title='bbox 3210 4994 3432 5064; x_wconf 75' lang='grc' dir='ltr'>εὑρήσει</span> <span class='ocrx_word' id='word_1_819' title='bbox 3467 4993 3604 5064; x_wconf 78' lang='grc' dir='ltr'>πρὸς</span> <span class='ocrx_word' id='word_1_820' title='bbox 3639 4988 3815 5058; x_wconf 76' lang='grc' dir='ltr'>ἄλληλα</span> 
     </span>
    </p>
   </div>
   <div class='ocr_carea' id='block_1_112' title="bbox 2260 5082 3815 5160">
    <p class='ocr_par' dir='ltr' id='par_1_112' title="bbox 2260 5082 3815 5160">
     <span class='ocr_line' id='line_1_112' title="bbox 2260 5082 3815 5160; baseline -0.008 -16"><span class='ocrx_word' id='word_1_821' title='bbox 2260 5091 2368 5146; x_wconf 92' lang='grc' dir='ltr'><strong>τῶν</strong></span> <span class='ocrx_word' id='word_1_822' title='bbox 2402 5108 2462 5144; x_wconf 88' lang='grc' dir='ltr'><strong>τε</strong></span> <span class='ocrx_word' id='word_1_823' title='bbox 2494 5091 2624 5160; x_wconf 74' lang='grc' dir='ltr'>παρ’</span> <span class='ocrx_word' id='word_1_824' title='bbox 2652 5088 2807 5159; x_wconf 81' lang='grc' dir='ltr'>ἡμῶν</span> <span class='ocrx_word' id='word_1_825' title='bbox 2836 5087 2930 5141; x_wconf 73' lang='grc' dir='ltr'><strong>καὶ</strong></span> <span class='ocrx_word' id='word_1_826' title='bbox 2960 5087 3069 5139; x_wconf 90' lang='grc' dir='ltr'><strong>τῶν</strong></span> <span class='ocrx_word' id='word_1_827' title='bbox 3103 5086 3233 5157; x_wconf 86' lang='grc' dir='ltr'>παρ’</span> <span class='ocrx_word' id='word_1_828' title='bbox 3264 5085 3473 5139; x_wconf 77' lang='grc' dir='ltr'>ἐκείνου</span> <span class='ocrx_word' id='word_1_829' title='bbox 3534 5082 3815 5153; x_wconf 72' lang='grc' dir='ltr'>λεγομένοιν</span> 
     </span>
    </p>
   </div>
   <div class='ocr_carea' id='block_1_113' title="bbox 2258 5175 3815 5252">
    <p class='ocr_par' dir='ltr' id='par_1_113' title="bbox 2258 5175 3815 5252">
     <span class='ocr_line' id='line_1_113' title="bbox 2258 5175 3815 5252; baseline -0.008 -16"><span class='ocrx_word' id='word_1_830' title='bbox 2258 5182 2357 5250; x_wconf 84' lang='grc' dir='ltr'>τὴν</span> <span class='ocrx_word' id='word_1_831' title='bbox 2390 5181 2589 5252; x_wconf 84' lang='grc' dir='ltr'>μάχην.</span> <span class='ocrx_word' id='word_1_832' title='bbox 2626 5180 2815 5250; x_wconf 81' lang='grc' dir='ltr'>Ἡμεῖς</span> <span class='ocrx_word' id='word_1_833' title='bbox 2840 5196 2901 5232; x_wconf 89' lang='grc' dir='ltr'><strong>τε</strong></span> <span class='ocrx_word' id='word_1_834' title='bbox 2928 5178 3038 5247; x_wconf 82' lang='grc' dir='ltr'><strong>γὰρ</strong></span> <span class='ocrx_word' id='word_1_835' title='bbox 3075 5178 3169 5231; x_wconf 73' lang='grc' dir='ltr'>καὶ</span> <span class='ocrx_word' id='word_1_836' title='bbox 3192 5177 3261 5229; x_wconf 84' lang='grc' dir='ltr'><strong>τά</strong></span> <span class='ocrx_word' id='word_1_837' title='bbox 3286 5175 3376 5229; x_wconf 73' lang='grc' dir='ltr'>διὰ</span> <span class='ocrx_word' id='word_1_838' title='bbox 3414 5175 3617 5245; x_wconf 82' lang='grc' dir='ltr'>σαρκὸς</span> <span class='ocrx_word' id='word_1_839' title='bbox 3643 5176 3815 5226; x_wconf 84' lang='grc' dir='ltr'>οἰκονο·</span> 
     </span>
    </p>
   </div>
   <div class='ocr_carea' id='block_1_114' title="bbox 2264 5265 3812 5343">
    <p class='ocr_par' dir='ltr' id='par_1_114' title="bbox 2264 5265 3812 5343">
     <span class='ocr_line' id='line_1_114' title="bbox 2264 5265 3812 5343; baseline -0.009 -16"><span class='ocrx_word' id='word_1_840' title='bbox 2264 5272 2504 5343; x_wconf 87' lang='grc' dir='ltr'>μηθέντα</span> <span class='ocrx_word' id='word_1_841' title='bbox 2547 5272 2666 5325; x_wconf 80' lang='grc' dir='ltr'>κατ’</span> <span class='ocrx_word' id='word_1_842' title='bbox 2702 5270 2836 5323; x_wconf 89' lang='grc' dir='ltr'>ἰδίαν</span> <span class='ocrx_word' id='word_1_843' title='bbox 2875 5270 3111 5342; x_wconf 84' lang='grc' dir='ltr'>ὁρῶμεν,</span> <span class='ocrx_word' id='word_1_844' title='bbox 3154 5270 3250 5323; x_wconf 85' lang='grc' dir='ltr'>καὶ</span> <span class='ocrx_word' id='word_1_845' title='bbox 3275 5267 3373 5337; x_wconf 83' lang='grc' dir='ltr'><strong>τὴν</strong></span> <span class='ocrx_word' id='word_1_846' title='bbox 3418 5266 3570 5320; x_wconf 84' lang='grc' dir='ltr'>θείαν</span> <span class='ocrx_word' id='word_1_847' title='bbox 3611 5265 3812 5333; x_wconf 84' lang='grc' dir='ltr'>δύναμιν</span> 
     </span>
    </p>
   </div>
   <div class='ocr_carea' id='block_1_115' title="bbox 2261 5356 3810 5433">
    <p class='ocr_par' dir='ltr' id='par_1_115' title="bbox 2261 5356 3810 5433">
     <span class='ocr_line' id='line_1_115' title="bbox 2261 5356 3810 5433; baseline -0.007 -17"><span class='ocrx_word' id='word_1_848' title='bbox 2261 5365 2345 5430; x_wconf 77' lang='grc' dir='ltr'><strong>ἐφ’</strong></span> <span class='ocrx_word' id='word_1_849' title='bbox 2385 5362 2585 5433; x_wconf 82' lang='grc' dir='ltr'>ἑαυτῆς</span> <span class='ocrx_word' id='word_1_850' title='bbox 2622 5360 2882 5432; x_wconf 84' lang='grc' dir='ltr'>νοοῦμεν·</span> <span class='ocrx_word' id='word_1_851' title='bbox 2922 5361 3126 5423; x_wconf 74' lang='grc' dir='ltr'>ἐκεῖνός</span> <span class='ocrx_word' id='word_1_852' title='bbox 3165 5377 3224 5413; x_wconf 89' lang='grc' dir='ltr'><strong>τε</strong></span> <span class='ocrx_word' id='word_1_853' title='bbox 3269 5358 3658 5429; x_wconf 82' lang='grc' dir='ltr'>παραπλησίως</span> <span class='ocrx_word' id='word_1_854' title='bbox 3697 5356 3810 5425; x_wconf 77' lang='grc' dir='ltr'>ἡμῖν</span> 
     </span>
    </p>
   </div>
   <div class='ocr_carea' id='block_1_116' title="bbox 2262 5445 3808 5525">
    <p class='ocr_par' dir='ltr' id='par_1_116' title="bbox 2262 5445 3808 5525">
     <span class='ocr_line' id='line_1_116' title="bbox 2262 5445 3808 5525; baseline -0.006 -17"><span class='ocrx_word' id='word_1_855' title='bbox 2262 5455 2352 5509; x_wconf 83' lang='grc' dir='ltr'><strong>τὸν</strong></span> <span class='ocrx_word' id='word_1_856' title='bbox 2382 5456 2440 5509; x_wconf 79' lang='grc' dir='ltr'>ὲν</span> <span class='ocrx_word' id='word_1_857' title='bbox 2463 5455 2605 5525; x_wconf 81' lang='grc' dir='ltr'>ἀρχῇ</span> <span class='ocrx_word' id='word_1_858' title='bbox 2627 5454 2797 5523; x_wconf 86' lang='grc' dir='ltr'>Λόγον</span> <span class='ocrx_word' id='word_1_859' title='bbox 2826 5456 2883 5507; x_wconf 85' lang='grc' dir='ltr'>ὲν</span> <span class='ocrx_word' id='word_1_860' title='bbox 2910 5454 3071 5525; x_wconf 69' lang='grc' dir='ltr'>σαρκὶ</span> <span class='ocrx_word' id='word_1_861' title='bbox 3101 5451 3519 5523; x_wconf 75' lang='grc' dir='ltr'>πεφανερῶσθαι</span> <span class='ocrx_word' id='word_1_862' title='bbox 3541 5450 3699 5518; x_wconf 83' lang='grc' dir='ltr'>λέγει,</span> <span class='ocrx_word' id='word_1_863' title='bbox 3727 5445 3808 5500; x_wconf 79' lang='grc' dir='ltr'>καὶ</span> 
     </span>
    </p>
   </div>
   <div class='ocr_carea' id='block_1_117' title="bbox 2262 5541 3808 5615">
    <p class='ocr_par' dir='ltr' id='par_1_117' title="bbox 2262 5541 3808 5615">
     <span class='ocr_line' id='line_1_117' title="bbox 2262 5541 3808 5615; baseline -0.006 -13"><span class='ocrx_word' id='word_1_864' title='bbox 2262 5547 2384 5603; x_wconf 74' lang='grc' dir='ltr'>οὒτε</span> <span class='ocrx_word' id='word_1_865' title='bbox 2426 5546 2582 5612; x_wconf 83' lang='grc' dir='ltr'>ἄλλος</span> <span class='ocrx_word' id='word_1_866' title='bbox 2628 5564 2711 5611; x_wconf 92' lang='grc' dir='ltr'><strong>τις</strong></span> <span class='ocrx_word' id='word_1_867' title='bbox 2761 5546 2944 5613; x_wconf 80' lang='grc' dir='ltr'>αὐτὸν,</span> <span class='ocrx_word' id='word_1_868' title='bbox 2987 5545 3110 5600; x_wconf 72' lang='grc' dir='ltr'>οὔτε</span> <span class='ocrx_word' id='word_1_869' title='bbox 3158 5544 3320 5609; x_wconf 77' lang='grc' dir='ltr'>αὐτὸς</span> <span class='ocrx_word' id='word_1_870' title='bbox 3356 5544 3546 5599; x_wconf 80' lang='grc' dir='ltr'>ἑαυτὸν</span> <span class='ocrx_word' id='word_1_871' title='bbox 3574 5541 3808 5615; x_wconf 72' lang='grc' dir='ltr'>ᾐτιάσατο</span> 
     </span>
    </p>
   </div>
  </div>
