3992 6210
452 288 546 351 τη

1642 294 1710 350 S.
1747 289 2077 351 CREGORII
2116 288 2411 351 NYSSENI

3539 287 3545 293 ’
3605 289 3687 344 ’1ίῖ

449 413 644 479 legem,
677 411 965 467 anathema
1004 408 1085 480 (id
1116 416 1200 465 est
1242 425 1479 475 sacrum,
1511 408 1774 475 devotum,
1807 410 2006 464 detesta

2138 408 2334 480 πτίσθη
2344 424 2440 479 μεν
2467 406 2655 477 ὄνομα.
2686 404 2760 458 Οὑ
2792 405 2897 477 μὴν
2920 403 3108 473 ἐπειδὴ
3127 402 3360 475 κρείττω
3381 402 3485 473 τῆς
3507 403 3690 472 ἀνθρω-

442 498 662 566 bilem).
682 500 866 569 Neque
916 502 1061 555 enim
1122 495 1324 554 Paulus
1385 515 1483 570 pro
1530 499 1689 555 nobis
1738 498 2034 554 cruciﬁxus

445 601 531 646 est
553 609 569 657 ;
594 607 770 661 neque
798 592 850 644 in
876 591 1172 645 humanum
1202 606 1399 646 nomen
1439 606 1598 646 sacro
1632 591 1850 645 lavacro
1872 591 2025 645 tincti

448 696 663 737 sumus.
715 680 867 735 Haud
906 690 1090 738 tamen
1127 683 1389 753 quoniam
1417 681 1529 735 vim
1547 681 1760 736 Christi
1798 681 2031 735 salutem

446 773 686 830 humana
708 783 903 829 natura
929 776 1366 846 praestantiorem
1400 790 1523 830 esse
1550 773 1891 835 confitemur,
1919 772 2030 840 jam

446 867 887 923 adversariorum
936 868 1131 939 dogma
1175 876 1363 922 contra
1406 868 1687 922 veritatem
1725 865 2024 937 prmvalet:

444 958 532 1015 his
576 961 717 1015 enim
759 961 1071 1031 propositus
1123 970 1207 1015 est
1278 974 1501 1028 secpus,
1551 964 1882 1027 praestruere
1930 971 2028 1026 per

445 1054 650 1116 omnia,
704 1049 826 1106 Filii
883 1054 1176 1108 essentiam
1212 1066 1249 1104 ea
1298 1051 1477 1106 Patris
1512 1050 1751 1106 essentia
1793 1049 2026 1103 alienam

444 1156 569 1197 esse
618 1154 671 1196 et
724 1142 996 1195 diversam
1050 1157 1064 1191 :
1120 1156 1222 1196 nec
1269 1141 1446 1196 solum
1485 1140 1651 1209 geniti
1695 1153 1821 1192 cum
1873 1139 2027 1208 inge-

450 1234 567 1286 nito
626 1233 955 1297 differentia,
1006 1248 1192 1288 verum
1221 1234 1382 1287 etiam
1420 1232 1661 1302 patibilis
1703 1246 1827 1285 cum
1856 1230 2031 1299 impa-

452 1323 593 1377 tibili
654 1325 1015 1395 oppositione,
1056 1324 1198 1394 quod
1251 1324 1549 1379 secundum
1595 1323 1888 1378 essentiam
1942 1330 2029 1376 est

445 1408 735 1482 dissimile,
795 1415 1176 1470 demonstrare
1208 1414 1409 1469 obnixe
1440 1412 1797 1468 contendunt.
1881 1410 2058 1481 Atque

448 1508 703 1561 struitur.

516 1599 634 1654 Non
674 1598 857 1653 minus
882 1605 1045 1653 etiam
1077 1604 1175 1667 per
1200 1612 1263 1652 ea
1299 1604 1418 1667 qua:
1448 1606 1595 1652 nunc
1624 1596 1883 1651 dicuntur
1925 1604 2043 1651 ma-

444 1670 841 1745 nifestum—est.
865 1686 1000 1741 Nam
1033 1686 1080 1742 si
1102 1702 1198 1743 eos
1241 1688 1333 1757 qui
1368 1694 1577 1742 natura:
1610 1689 1859 1742 humanae
1899 1701 2028 1758 pas-

447 1782 655 1838 sionem
675 1781 981 1835 attribuunt
998 1792 1251 1835 accusat:
1272 1780 1442 1850 ipsam
1457 1779 2030 1835 omninodivinitatem

444 1870 692 1945 passioni
718 1873 830 1927 v‘ult
852 1873 1148 1943 subjicere.
1174 1872 1314 1927 Cum
1334 1873 1479 1928 enim
1506 1874 1578 1930 sit
1618 1873 1818 1944 duplex
1848 1881 1901 1928 et
1925 1888 2032 1927 am-

444 1961 607 2031 bigua
627 1959 830 2030 opinio,
850 1968 1033 2014 utrum
1066 1959 1325 2017 divinitas
1355 1977 1421 2015 an
1446 1960 1757 2019 humanitas
1774 1977 2030 2033 perpessa

445 2049 648 2107 fuerit:
669 2051 863 2106 borum
886 2052 1051 2106 unius
1075 2053 1375 2118 accusatio,
1400 2053 1521 2123 ejus
1542 2054 1687 2124 quod
1710 2055 2031 2125 relinquitur

444 2143 607 2214 plane
649 2142 705 2197 lit
740 2143 1104 2212 praestructio.
1163 2142 1219 2198 Si
1264 2143 1431 2213 igitur
1459 2160 1555 2200 eos
1589 2146 1682 2215 qui
1716 2147 2028 2216 passionem

445 2234 501 2289 in
531 2234 753 2289 homine
780 2235 1062 2288 intuentur
1091 2242 1376 2300 accusant,
1406 2235 1527 2290 illos
1553 2251 1780 2305 prorsus
1794 2234 2027 2304 quiFilii

447 2323 789 2378 divinitatem
846 2324 1157 2394 passibilem
1213 2324 1441 2389 dicunt,
1495 2326 1811 2383 laudabunt.
1871 2326 2025 2395 Quod

445 2420 623 2468 autem
657 2420 939 2479 astruitur,
969 2413 1329 2486 patrocinium
1360 2415 1713 2475 absurditatis
1754 2419 2027 2489 dogmatis

442 2506 686 2576 ipsorum
718 2505 968 2562 eﬂicitur.
1008 2507 1066 2562 Si
1106 2508 1249 2562 enim
1278 2508 1437 2578 juxta
1476 2509 1696 2565 illorum
1758 2512 2025 2567 rationem

441 2598 652 2666 patitur
673 2595 796 2653 Filii
824 2598 1114 2667 divinitas;
1159 2599 1342 2655 Patris
1377 2615 1507 2655 vero
1550 2602 1604 2656 in
1636 2603 1785 2657 omni
1820 2604 2025 2675 impas-

442 2689 705 2745 sibilitate
757 2692 1064 2747 secundum
1100 2693 1395 2748 essentiam
1435 2693 1741 2749 custoditur
1772 2713 1785 2751 :
1823 2693 2028 2766 impas-

445 2782 621 2838 sibilis
694 2782 862 2853 igitur
949 2792 1146 2838 natura
1215 2785 1284 2838 ab
1361 2800 1424 2841 ea
1492 2801 1612 2855 quae
1682 2787 2024 2857 perpessioni

444 2875 679 2929 obnoxia
734 2882 819 2930 est
880 2876 1171 2931 alienatur.
1219 2876 1678 2947 Quandoquidem
1722 2878 1827 2934 hoc
1875 2880 2023 2951 quod

441 2963 665 3029 dicitur,
718 2973 985 3035 quantum
1049 2962 1231 3019 verbis
1287 2965 1786 3031 circumscﬁbitur,
1857 2969 2024 3025 breve

2135 502 2297 571 πίνης
2323 500 2537 568 φύσεως
2558 494 2696 553 εἶναι
2717 497 2814 568 τὴν
2834 497 3099 567 σωτήριον
3115 494 3209 549 τοῦ
3232 494 3469 566 Χριστοῦ
3491 495 3692 567 δύναμιν

2134 591 2520 663 ὁμολογοῦμεν,
2552 592 2652 661 ἤδη
2688 590 2749 644 τὸ
2772 590 2947 659 δόγμα
2970 589 3079 641 τῶν
3108 587 3449 641 ὑπεναντίων
3484 587 3548 639 τὸ
3577 587 3694 642 κατά

2136 683 2235 752 τῆς
2268 682 2526 753 ἀληθείας
2558 680 2901 752 κρατύνεται.
2940 680 3064 743 Τοῖς
3092 678 3195 750 μὲν
3227 677 3338 750 γὰρ
3368 680 3572 743 σκοπός
3600 681 3695 733 ἐστι

2134 773 2222 827 διὰ
2259 774 2475 827 πάντων
2505 772 2912 827 κατασκευάσαι
2945 770 3044 843 τὴν
3088 774 3189 841 τῆς
3229 770 3420 833 οὖσίας
3460 771 3559 824 τοῦ
3589 770 3697 824 Υἱοῦ

2134 862 2272 933 πρὸς
2301 861 2398 932 τὴν
2430 861 2524 914 τοῦ
2564 861 2776 932 Πατρδς
2820 859 3199 932 ἀλλοτρίωσιν,
3237 859 3330 912 καὶ
3359 860 3419 912 οὑ
3459 860 3619 933 μόνον
3648 865 3698 931 τῇ

2132 953 2226 1006 τοῦ
2256 950 2520 1024 γεννητοῦ
2553 953 2686 1023 πρὸς
2721 951 2782 1005 τὸ
2811 951 3108 1021 ἀγέννητον
3146 951 3427 1021 διαστολῇ,
3461 951 3597 1004 ἀλλά
3624 953 3700 1005 καὶ

2130 1048 2197 1116 τῇ
2230 1046 2321 1098 τοῦ
2367 1045 2610 1116 παθητοῦ
2644 1047 2783 1116 πρὸς
2824 1046 2884 1098 τὺ
2912 1043 3121 1107 ἀπαθὲς
3151 1043 3462 1107 ἀντιθέσει,
3497 1042 3560 1095 τὴ
3596 1044 3698 1095 κατ’

2131 1136 2318 1189 οὐσίαν
2347 1137 2593 1206 ἀνόμοιον
2619 1135 2990 1190 ἀποδεικνύειν
3012 1134 3389 1198 σπουδάζουσι.
3423 1135 3536 1187 Καὶ
3560 1133 3699 1187 τοῦτο

2139 1230 2477 1301 γυμνότερον
2509 1231 2607 1302 μὲν
2640 1231 2697 1284 ὲν
2722 1233 2834 1294 τοῖς
2861 1228 3193 1292 τελευταίοις
3214 1227 3308 1282 τοῦ
3351 1227 3514 1297 λόγου
3544 1244 3699 1280 καταε

2137 1321 2479 1386 σκευάζεται.

2136 1409 2241 1466 hoc
2275 1412 2332 1465 in
2379 1410 2674 1481 postremis
2711 1409 2982 1465 sermonis
3029 1410 3279 1481 partibus
3331 1402 3535 1466 nudius
3579 1424 3697 1465 con-

2216 1586 2456 1661 Φανερὸν
2484 1588 2541 1644 δὲ
2575 1590 2670 1643 καὶ
2701 1587 2789 1644 διὰ
2818 1588 2926 1644 τῶν
2957 1580 3052 1644 νῦν
3090 1590 3397 1662 λεγομένων
3425 1595 3523 1666 οὑχ
3550 1590 3698 1668 ἧττόν

2135 1684 2309 1738 ἐστιν.
2340 1683 2401 1735 Εἰ
2430 1681 2538 1753 γὰρ
2571 1683 2810 1736 αἰτιᾶται
2851 1682 2978 1746 τοὺς
3002 1683 3063 1736 τὸ
3100 1684 3271 1748 πάθος
3299 1689 3364 1758 τῇ
3398 1687 3698 1761 ἀνθρωπίνῃ

2132 1772 2291 1841 φύσει
2318 1771 2668 1836 ἀνατιθέντας
2688 1815 2701 1839 ,
2732 1772 2977 1843 βούλεται
3010 1775 3227 1839 πάντως
3248 1776 3416 1848 αὑτὴν
3438 1777 3519 1849 τῷ
3553 1780 3703 1835 πάθει

2132 1865 2437 1933 ὑπαγαγεῖν
2459 1865 2558 1938 τὴν
2582 1864 2842 1937 Θεότητα.
2874 1867 3078 1937 Διπλῆς
3101 1868 3209 1937 γάρ
3235 1868 3401 1942 οὔσης
3428 1870 3524 1924 καὶ
3547 1874 3707 1944 ἀμφι-

2131 1954 2286 2007 ϐόλου
2309 1955 2419 2025 τῆς·
2443 1956 2783 2028 ὑπολήψεως,
2812 1956 2921 2011 εἴτε
2952 1958 3011 2012 τὸ
3031 1959 3183 2013 Θεῖον
3207 1962 3315 2015 εἴτε
3344 1963 3405 2016 τὸ
3433 1964 3707 2036 ἀνθρώπι-

2134 2060 2223 2097 νον
2255 2046 2315 2098 ὲν
2358 2044 2519 2099 πάθει
2550 2047 2791 2115 γέγονεν,
2821 2049 2855 2119 ἡ
2896 2046 2990 2100 τού
3023 2048 3141 2114 ἐνὸς
3169 2053 3496 2121 κατηγορία,
3545 2073 3712 2110 καταο

2132 2135 2300 2207 σκευὴ
2327 2138 2547 2202 πάντως
2572 2136 2666 2191 τοῦ
2700 2138 3023 2210 λειπομένου
3052 2140 3279 2209 γίνεται.
3312 2144 3374 2196 El
3406 2145 3597 2198 τοίνυν
3632 2150 3709 2201 al-

2127 2227 2349 2282 τιῶνται
2380 2229 2504 2292 τοὺς
2526 2229 2586 2282 τὸ
2610 2229 2777 2294 πάθος
2808 2232 2935 2302 περὶ
2960 2232 3047 2285 τὸν
3078 2232 3362 2302 ἄνθρωπον
3389 2235 3717 2305 βλέποντας,

2129 2320 2477 2374 ἐπαινέσουσι
2508 2321 2725 2386 πάντως
2749 2323 2874 2386 τοὺς
2905 2324 3123 2397 ἐμπαθῆ
3160 2325 3421 2394 λέγοντας
3448 2329 3549 2382 τοῦ
3587 2331 3719 2385 Υίοῦ

2127 2411 2225 2482 τὴν
2267 2410 2516 2482 θεότητα.
2564 2411 2637 2465 Τὸ
2679 2412 2736 2466 δὲ
2783 2415 3353 2487 κατασκευαζόμενον,
3412 2423 3726 2494 συνηγορία

2126 2501 2227 2571 τῆς
2274 2502 2367 2555 τοῦ
2407 2496 2676 2574 δόγματος
2727 2504 2906 2557 αὐτῶν
2948 2506 3175 2571 ἀτοπίας
3218 2509 3450 2574 γίνεται.
3506 2514 3576 2567 Ei
3611 2521 3727 2587 γὰρ

2128 2593 2329 2664 πάσχει
2370 2595 2468 2664 μὲν
2505 2594 2645 2648 κατά
2671 2593 2762 2647 τὸν
2797 2594 2954 2664 λόγον
2998 2596 3180 2651 αὐτῶν
3213 2598 3305 2652 τοῦ
3339 2600 3473 2654 Υίοῦ
3506 2604 3542 2673 ἠ
3602 2605 3732 2659 θεό-

2126 2701 2224 2755 της
2249 2700 2263 2713 °
2294 2686 2327 2756 ἡ
2361 2684 2415 2737 δὲ
2443 2684 2538 2738 τοῦ
2573 2685 2785 2757 [ἰατρὸς
2827 2687 2885 2739 ὲν
2916 2686 3155 2759 ἀπαθείᾳ
3196 2690 3345 2762 πάσῃ
3375 2693 3732 2760 φυλάσσεται

2125 2774 2269 2829 κατά
2324 2775 2422 2847 τὴν
2471 2776 2659 2831 οὐσίαν
2688 2795 2701 2807 ·
2759 2779 2792 2849 ἡ
2829 2777 3049 2849 ἀπαθὴς
3079 2779 3188 2850 ἄρα
3227 2780 3386 2851 φύσις
3436 2784 3582 2855 πρὸς
3617 2786 3736 2856 τὴν

2125 2867 2575 2939 παραδεχομένην
2609 2870 2671 2921 τὸ
2714 2869 2885 2935 πάθος
2933 2872 3227 2945 ἀλλοτρίως
3279 2875 3416 2947 ἔχει.
3488 2880 3733 2953 Ἐπειδὴ

2123 2959 2304 3013 τοίνυν
2332 2959 2505 3033 βραχὺ
2540 2961 2636 3032 μὲν
2674 2963 2799 3015 ὅσον
2837 2965 2895 3016 ἐν
2927 2967 2992 3036 τῇ
3025 2971 3340 3039 περιγραφῇ
3374 2969 3488 3023 τῶν
3523 2973 3732 3044 ῥημά-

445 3056 663 3127 quidem
694 3064 802 3122 est,
836 3056 928 3112 sed
965 3059 1144 3113 omnis
1174 3058 1227 3112 in
1264 3058 1518 3130 dogmate
1555 3061 1845 3130 pravitatis
1872 3063 2012 3133 prin-

2123 3069 2231 3105 των
2260 3052 2377 3106 ἐστὶ
2405 3052 2465 3105 τὸ
2492 3052 2800 3125 λεγόμενον,
2832 3055 3012 3127 πάσης
3038 3056 3095 3110 δὲ
3122 3059 3223 3129 τῆς
3266 3061 3397 3131 περὶ
3439 3062 3499 3115 τὸ
3530 3059 3731 3135 δόγμα

441 3150 582 3216 cipia
610 3158 664 3204 et
692 3148 1024 3219 hypotheses
1057 3149 1301 3220 przebet:
1337 3152 1548 3220 justum
1584 3151 1750 3209 fuerit
1783 3156 2015 3214 lectores

439 3254 549 3292 non
583 3254 905 3308 responsum
935 3241 1217 3295 concisum
1255 3249 1310 3297 et
1361 3242 1547 3308 breve,
1579 3245 1674 3300 sed
1705 3246 1850 3315 quod
1889 3247 2018 3302 vali-

439 3326 569 3380 dum
618 3333 703 3381 est
753 3334 805 3381 et
855 3335 1030 3383 tutum
1086 3332 1388 3399 postulare.
1444 3330 1556 3388 Nos
1624 3334 1790 3405 igitur
1836 3353 2014 3408 neque

438 3413 646 3468 homini
686 3415 918 3470 salutem
980 3428 1226 3472 nostram
1274 3420 1659 3485 attribuimus,
1703 3439 1882 3494 neque
1930 3426 2014 3481 in-

435 3504 848 3574 corruptibilem
906 3514 960 3562 et
1023 3507 1265 3563 divinam
1330 3520 1585 3567 naturam
1646 3515 1926 3584 patibilem
1956 3525 2012 3572 et

434 3594 843 3663 corruptibilem
872 3611 994 3653 esse
1016 3595 1376 3665 admittimus,
1402 3600 1496 3655 sed
1517 3603 1774 3672 quoniam
1806 3605 2009 3663 divinis

432 3684 661 3739 vocibus
730 3687 956 3742 omnino
1026 3697 1080 3742 et
1142 3689 1519 3747 indubitanter
1569 3703 1785 3763 oportet
1848 3695 2007 3753 fidem

432 3773 654 3839 habere,
719 3790 840 3846 qua:
890 3777 1059 3834 Deum
1141 3778 1379 3837 Verbum
1442 3784 1495 3839 in
1558 3786 1829 3858 principio
1885 3804 2007 3846 esse

430 3868 750 3931 praedicant,
806 3880 928 3941 post
977 3886 1107 3927 vero
1135 3871 1373 3928 Verbum
1419 3891 1640 3932 carnem
1696 3877 1897 3936 factum
1949 3881 2004 3935 in

428 3963 576 4012 terra
605 3958 783 4014 visum
816 3975 940 4015 esse
978 3970 1032 4015 et
1070 3975 1193 4016 cum
1225 3963 1540 4021 hominibus
1594 3976 2000 4035 conversatum,

428 4052 815 4107 convenientes
848 4052 965 4106 voci
988 4052 1186 4108 divinae
1204 4055 1455 4112 notiones
1476 4058 1529 4112 in
1551 4057 1654 4114 lide
1676 4061 1998 4132 accipimus.

425 4140 561 4194 Cum
609 4143 752 4195 enim
803 4142 1078 4205 audimus,
1120 4146 1264 4215 quod
1313 4146 1404 4200 lux
1435 4156 1539 4211 est,
1592 4157 1646 4204 et
1695 4149 1894 4217 virtus,
1947 4161 2001 4209 et

418 4230 655 4300 justitia,
688 4239 742 4287 et
768 4233 896 4297 vita,
926 4240 977 4288 et
1002 4236 1227 4301 veritas,
1267 4238 1521 4308 quodque
1571 4240 1753 4297 omnia
1784 4257 1881 4313 per
1914 4244 1998 4315 ip-

423 4336 546 4376 sum
608 4322 749 4376 facta
815 4332 964 4389 sunt,
1024 4325 1138 4380 haec
1196 4328 1379 4383 omnia
1444 4337 1500 4385 et
1566 4331 1835 4401 ejusmodi
1894 4334 1998 4392 (ide

2124 3143 2323 3207 κακίας
2349 3142 2447 3208 τὰς
2485 3144 2661 3215 ἀρχάς
2688 3145 2783 3198 καὶ¹
2823 3146 2923 3210 τὰς
2948 3147 3230 3213 ὑποθέσεις
3262 3153 3596 3223 παρέχεται,
3639 3158 3728 3210 δίο

2123 3249 2277 3287 καιον
2308 3234 2373 3287 ἂν
2399 3234 2482 3304 εἴη
2516 3236 2642 3298 τοὺς
2672 3236 3097 3307 ἐντυγχάνοντας
3128 3239 3203 3312 μὴ
3233 3241 3292 3294 τὸ
3313 3242 3580 3315 σύντομον
3614 3251 3726 3317 τῆς

2122 3323 2481 3395 ἀποκρίσεως,
2520 3324 2659 3378 ἀλλά
2684 3326 2744 3379 τὸ
2781 3327 3021 3397 ἀσφαλὲς
3048 3332 3320 3385 ἀπαιτεῖν.
3362 3326 3557 3406 Ἡμεῖς
3591 3340 3723 3391 τοῖο

2120 3432 2213 3467 νυν
2240 3412 2361 3467 οὔτε
2393 3413 2665 3486 ἀνθρώπῳ
2690 3416 2789 3488 τὴν
2820 3419 3091 3491 σωτηρίαν
3115 3423 3324 3478 ἑαυτῶν
3350 3425 3718 3499 ἀνατίθεμεν,

2119 3502 2240 3556 οὔτε
2274 3503 2370 3575 τὴν
2403 3506 2681 3577 ἀκήρατον
2715 3508 2807 3561 καὶ
2840 3508 2992 3563 θείαν
3018 3512 3179 3581 φύσιν
3209 3515 3434 3589 ἐμπαθῆ
3461 3520 3555 3573 καὶ
3583 3522 3720 3573 ἐπί-

2118 3612 2285 3666 κηρον
2323 3591 2462 3649 εἶναι
2489 3598 2924 3670 καταδεχόμεθα·
2958 3602 3072 3656 ἀλλ’
3119 3606 3309 3678 ἐπειδὴ
3341 3609 3447 3681 χρὴ
3484 3611 3719 3676 πάντως

2116 3688 2390 3743 πιστεύειν
2417 3693 2535 3754 ταῖς
2566 3690 2738 3756 θείαις
2782 3698 2988 3762 φωναῖς
3010 3735 3025 3760 ,
3063 3696 3120 3750 αῖ
3162 3698 3293 3752 Θεὸν
3326 3692 3417 3755 τδν
3462 3704 3520 3758 ἐν
3552 3706 3711 3775 ἀρχῇ

2114 3782 2247 3836 ὄντα
2275 3783 2446 3851 Λόγον
2480 3782 2877 3856 κηρύσσουσιν·
2916 3789 3053 3858 μετά
3092 3789 3265 3845 ταῦτα
3306 3793 3364 3847 δὲ
3404 3795 3496 3849 τὸν
3524 3800 3713 3867 Λόγον

2116 3875 2296 3945 σάρκα
2324 3876 2613 3947 γενόμενον
2641 3877 2734 3930 ἐπὶ
2775 3877 2877 3948 τῆς
2902 3880 3005 3953 γῆς
3032 3880 3264 3953 ὀφθῆναι
3291 3925 3305 3947 ,
3341 3888 3435 3939 καὶ
3461 3888 3578 3952 τοῖς
3605 3890 3712 3942 ἀν-

2113 3962 2352 4035 θρώποις
2383 3965 2915 4036 συναναστραφῆναι,
2963 3968 3031 4022 τὰ
3077 3972 3364 4043 πρόσφορα
3398 3971 3496 4046 τῆς
3544 3972 3710 4040 θείας

2111 4057 2295 4128 φωνῆς
2319 4056 2564 4129 νοήματα
2595 4061 2661 4128 τῇ
2693 4058 2869 4113 πίστει
2909 4059 3205 4133 δεχόμεθα.
3250 4064 3423 4120 Ὅταν
3452 4069 3553 4138 μὲν
3586 4070 3708 4141 γάρ

2108 4148 2395 4220 ἀκούωμεν
2420 4151 2501 4203 ὃτι
2531 4149 2647 4218 φῶς
2671 4151 2809 4215 ἐστι,
2836 4153 2931 4206 καὶ
2952 4153 3200 4225 δύναμις,
3225 4158 3318 4210 καὶ
3346 4157 3706 4233 δικαιοσύνη,

2108 4242 2201 4296 καὶ
2217 4241 2352 4313 ζωὴ,
2375 4242 2469 4296 καὶ
2489 4240 2732 4315 ἀλήθεια,
2755 4245 2850 4297 καὶ
2871 4245 2952 4298 ὅτι
2977 4245 3153 4300 πάντα
3168 4248 3236 4302 δι’
3252 4249 3418 4304 αὑτοῦ
3444 4252 3705 4322 ὲγένετου

2107 4334 2284 4388 πάντα
2311 4335 2481 4389 ταῦτα
2517 4336 2611 4390 καὶ
2641 4337 2710 4390 τὰ
2752 4336 2978 4393 τοιαῦτα
3010 4341 3176 4395 πιστά
3228 4344 3536 4415 ποιούμεθα
3558 4388 3575 4413 ,
3613 4351 3707 4413 είς

421 4411 585 4482 digna
606 4421 660 4468 et
685 4422 839 4468 certa
872 4414 1104 4471 facimus
1126 4418 1192 4472 ad
1219 4416 1454 4475 Verbum
1478 4421 1644 4477 Deum
1669 4424 1991 4485 referentes.

2116 4425 2189 4480 τὸν
2222 4427 2392 4494 Λόγον
2422 4424 2514 4481 τὸν
2554 4427 2687 4482 Θεὸν
2732 4429 3114 4503 ἀναφέροντες.
3157 4434 3325 4489 Ὅταν
3371 4411 3429 4491 δὲ
3479 4411 3700 4512 λύπην,

420 4501 555 4559 Cum
584 4518 713 4558 vero
733 4504 996 4569 dolorem,
1023 4513 1076 4561 et
1102 4521 1375 4576 somnum,
1399 4519 1454 4563 et
1480 4520 1797 4582 egestatem,
1831 4517 1994 4572 etiam

420 4592 810 4661 turbationem,
838 4602 892 4650 et
944 4595 1167 4651 vincula
1192 4637 1207 4664 ,
1262 4605 1317 4653 et
1378 4600 1584 4664 clavos,
1624 4613 1680 4658 et
1722 4604 1991 4671 lanceam,

417 4692 471 4738 et
505 4686 849 4755 sanguinem,
906 4694 960 4762 et
988 4688 1236 4753 vulnera,
1270 4698 1323 4744 et
1371 4692 1733 4762 sepulturam.
1769 4702 1825 4750 et
1872 4712 1993 4752 mo-

336 4842 345 4852 .
418 4782 770 4838 numentum,
828 4781 884 4829 et
953 4791 1293 4848 quaecunque
1354 4780 1460 4834 alia
1525 4782 1828 4851 ejusmodi,
1887 4789 1992 4844 etsi

416 4867 567 4933 prius
606 4865 1015 4933 demonstratis,
1050 4869 1212 4924 modo
1247 4871 1635 4928 subcontrario
1677 4875 1884 4932 habere
1929 4895 1991 4937 se

415 4955 728 5010 videantur:
754 4955 1112 5015 nihilominus
1142 4966 1196 5015 et
1224 4960 1327 5017 (ide
1346 4962 1508 5033 digna
1540 4973 1714 5032 certa,
1747 4983 1991 5040 veraque

413 5045 761 5112 allirmamus,
784 5048 852 5103 ad
881 5063 1102 5105 carnem
1126 5060 1457 5123 spectantes,
1487 5072 1651 5126 quam
1674 5074 1769 5127 per
1802 5060 1959 5117 (idem

411 5152 535 5190 cum
585 5138 748 5194 verbo
798 5142 1133 5211 accepimus.
1187 5145 1657 5212 Quemadmodum
1704 5166 1813 5206 non
1859 5154 1987 5210 licet

410 5227 593 5283 carnis
626 5231 989 5301 proprietates
1020 5234 1073 5289 in
1108 5234 1289 5291 Verbo
1318 5240 1463 5308 quod
1490 5242 1682 5296 eratin
1713 5243 1983 5315 principio

409 5321 800 5389 contemplari:
837 5326 918 5379 sic
946 5335 1158 5391 contra,
1196 5345 1372 5400 neque
1400 5346 1464 5387 ea
1498 5348 1620 5403 quae
1673 5345 1805 5391 sunt
1844 5337 1983 5392 divi-

412 5406 598 5461 nitatis
621 5412 862 5480 propria,
891 5415 943 5468 in
985 5422 1184 5471 natura
1214 5419 1400 5476 carnis
1423 5419 1507 5478 fas
1536 5431 1622 5479 est
1651 5423 1976 5495 intelligere.

406 5500 767 5565 Quamobrem
819 5524 943 5564 cum
984 5511 1052 5566 de
1106 5512 1334 5569 Domino
1380 5515 1630 5572 doctrina
1663 5520 1980 5589 evangelica

404 5589 478 5643 sit
499 5591 680 5657 mista,
713 5604 860 5651 etaex
909 5602 1258 5666 sublimibus,
1299 5605 1518 5677 Deoque
1553 5608 1974 5677 quadrantibus,

404 5690 569 5755 atque
595 5699 660 5740 ex
700 5686 998 5747 humilibus
1027 5705 1315 5773 utrumque
1358 5698 1722 5767 intellectum,
1755 5701 1974 5773 utrique

2099 4517 2194 4571 καὶ
2223 4516 2409 4580 ὕπνον,
2443 4519 2541 4571 καὶ
2569 4518 2795 4585 ἔνδειαν,
2822 4523 2916 4575 καὶ
2937 4524 3203 4596 ταραχὴν,
3234 4527 3330 4580 καὶ
3354 4528 3553 4600 δεσμὰ,
3591 4535 3702 4586 καί

2096 4607 2279 4678 ἥλους,
2315 4609 2407 4661 καὶ
2430 4608 2651 4679 λόγχην,
2685 4613 2780 4665 καὶ
2814 4608 2974 4684 αἷμα,
3004 4616 3099 4668 καὶ
3122 4616 3434 4687 τραύματα.
3464 4622 3557 4675 καὶ
3584 4640 3700 4678 τα-

2096 4700 2222 4770 φὴν,
2252 4700 2344 4754 καὶ
2365 4705 2649 4772 μνημεῖον,
2672 4704 2765 4757 καὶ
2781 4704 2881 4758 ὅσα
2906 4705 3040 4760 ἄλλα
3066 4707 3308 4776 τοιαῦτα,
3330 4711 3436 4765 κᾶν
3456 4714 3702 4770 ὑπεναν-

2093 4790 2222 4854 τίως
2266 4790 2366 4865 ἔχῃ
2396 4794 2504 4857 τοῖς
2548 4795 3068 4868 προαποδεδομένοις
3088 4840 3102 4866 ,
3129 4801 3283 4855 οὐδὲν
3314 4798 3480 4875 ἦττον
3509 4811 3698 4863 πιστά

2092 4898 2151 4935 τε
2196 4884 2290 4937 καὶ
2318 4884 2491 4957 ἀληθῆ
2530 4883 2669 4941 εἶναι
2710 4889 2977 4960 δεχόμεθα
3000 4930 3016 4956 ,
3058 4894 3195 4963 πρὸς
3220 4895 3320 4967 τὴν
3351 4897 3529 4970 σάρκα
3554 4900 3695 4970 βλέ-

2091 4991 2303 5041 ποντες,
2336 4977 2401 5047 ἣν
2429 4980 2496 5048 τῇ
2531 4979 2711 5034 πίστει
2742 4982 2880 5051 μετά
2911 4982 3004 5036 τοῦ
3033 4983 3195 5053 λόγου
3229 4989 3688 5061 παρεδεξάμεθα.

2103 5065 2191 5129 Ὠς
2210 5067 2311 5120 οὑκ
2334 5067 2450 5120 ἐστι
2476 5069 2544 5123 τά
2567 5070 2668 5138 τῆς
2693 5072 2893 5142 σαρκὸς
2925 5072 3189 5146 ἰδιώματα
3208 5078 3285 5149 τῷ
3299 5081 3357 5132 ἐν
3383 5082 3525 5153 ἀρχῇ
3551 5082 3691 5136 ὄντι

2088 5156 2529 5229 ὲπιθεωρηθῆναι
2572 5161 2729 5232 Λόγῳ
2752 5178 2766 5191 ·
2796 5162 2967 5227 οὕτως
3005 5162 3071 5220 αὖ
3103 5169 3266 5223 πάλιν
3290 5170 3416 5224 οὐδὲ
3461 5174 3528 5226 τά
3572 5176 3690 5246 τῆς

2087 5246 2339 5318 θεότητος
2376 5248 2479 5304 ἴδια
2517 5253 2576 5304 ἐν
2626 5255 2691 5323 τῇ
2723 5253 2823 5322 τῆς
2855 5256 3058 5327 σαρκὸς
3101 5258 3264 5329 φύσει
3310 5264 3684 5335 κατανοῆσαι.

2217 5341 2571 5412 μεμιγμένης
2605 5343 2707 5413 τῆς
2749 5346 3110 5419 εὑαγγελικῆς
3144 5352 3271 5421 περὶ
3310 5354 3407 5408 τοῦ
3456 5358 3683 5427 Κυρίου

2082 5425 2429 5492 διδασκαλίας
2465 5429 2554 5485 διά
2583 5449 2641 5485 τε
2692 5435 2801 5488 τῶν
2846 5437 3066 5509 ὑψηλῶν
3104 5456 3164 5493 τε
3207 5443 3301 5495 καὶ
3345 5425 3686 5517 θεοπρεπῶν

2082 5519 2176 5571 καὶ
2206 5519 2293 5573 διὰ
2315 5521 2422 5573 τῶν
2461 5525 2751 5592 ταπεινῶν,
2790 5529 3049 5601 ἑκάτερον
3075 5532 3184 5585 τῶν
3212 5536 3501 5606 νοημάτων
3533 5540 3686 5596 ἑκα-

2080 5611 2222 5683 τέρῳ
2260 5612 2367 5666 τῶν
2417 5616 2475 5668 ἐν
2518 5617 2596 5689 τῷ
2642 5622 2927 5693 μυστηρίῳ
2971 5628 3274 5698 νοουμένων
3307 5631 3685 5703 καταλλήλως

2082 5702 2409 5776 ἀρμόζομεν,
2447 5708 2507 5761 τὸ
2532 5710 2629 5781 μὲν
2658 5712 2996 5785 ἀνθρώπινον
3025 5719 3103 5791 τῷ
3132 5721 3491 5796 ἀνθρωπίνῳ,
3516 5702 3589 5779 τὸ
3613 5728 3685 5783 δὲ
