3992 6210
449 211 552 266 715

449 434 670 489 sumus;
708 433 967 479 sexcenta
1026 428 1172 483 cnim
1226 431 1330 487 alia
1381 446 1577 504 praeter
1620 437 1734 496 haec
1780 456 1847 497 ex
1901 443 2019 514 ipsa

451 511 735 584 Scriptura
796 530 1093 585 possumus
1144 520 1418 592 colligere.
1486 524 1598 583 Nec
1659 539 1812 600 putet
1866 511 2021 604 quis-

448 619 612 672 quam
645 604 888 662 divinum
925 608 1242 680 Apostaium
1273 614 1327 668 in
1362 616 1599 686 seipsum
1630 619 1867 676 divisum
1914 623 2019 679 sibi

452 694 555 763 ipsi
581 699 856 753 contraria
879 702 1121 771 sentire;
1151 718 1214 759 ac
1228 721 1327 776 pro
1351 709 1767 769 conﬁrmatione
1792 730 2018 773 suorum

448 787 766 858 dagmatum
824 795 1195 863 pugnantibus
1255 798 1325 853 ad
1398 805 1897 875 argumentandum
1964 808 2020 863 in

452 885 739 952 utramque
788 893 995 952 partem
1043 902 1111 943 ex
1159 903 1316 960 siquo
1365 907 1463 963 per
1513 910 1615 950 sua
1661 897 1865 969 scripta
1903 914 2020 954 ma-

448 973 618 1030 terias
650 976 930 1046 praebere:
966 978 1237 1047 siquidem
1267 982 1537 1040 invenerit
1569 988 1696 1057 quis
1730 988 2022 1061 diligenter

447 1068 767 1137 exquirens,
795 1070 941 1141 quod
993 1071 1059 1127 ad
1094 1089 1262 1130 unum
1297 1087 1490 1133 exacte
1540 1079 1661 1151 ejus
1697 1096 1883 1137 sermo
1915 1099 2001 1140 rc-

449 1157 632 1227 spicit.
665 1157 854 1231 Neque
880 1161 933 1217 in
961 1166 1464 1238 sententiis,neque
1495 1170 1549 1224 in
1597 1171 1913 1229 nationibus
1934 1173 2020 1228 in-

450 1259 660 1306 certat:
696 1253 900 1325 ubique
942 1256 1086 1312 enim
1138 1258 1362 1314 humani
1409 1276 1534 1316 cum
1582 1262 1769 1319 divina
1818 1274 2022 1337 tempe-

451 1343 717 1401 rationem
754 1347 1081 1416 praedicans,
1117 1350 1475 1410 nihilominus
1523 1354 1579 1410 in
1612 1364 1845 1428 utraque
1873 1358 2022 1429 quod

451 1435 651 1505 cuique
694 1441 975 1508 proprium
1004 1448 1089 1496 est
1134 1440 1419 1510 intuetur,
1476 1454 1536 1501 ut
1577 1448 1746 1503 etiam
1782 1449 2021 1505 humana

453 1525 767 1583 inﬁrmitate
813 1544 909 1601 per
940 1535 1382 1591 communionem
1431 1551 1555 1593 cum
1607 1539 2021 1613 incorruptibili

452 1617 508 1671 in
540 1617 593 1672 id
633 1618 780 1690 quod
830 1621 1025 1678 melius
1058 1632 1144 1680 est
1172 1632 1572 1687 transmutata:
1604 1638 1660 1687 et
1699 1632 1884 1688 divina
1919 1649 2016 1704 po-

454 1700 626 1764 ientia
679 1726 787 1766 non
819 1727 850 1767 a
883 1715 1104 1785 propria
1127 1714 1397 1787 dignitate
1430 1720 1745 1791 excidente,
1776 1740 1872 1794 per
1900 1700 2019 1781 eam

451 1818 614 1870 quam
650 1803 811 1861 habet
840 1808 1236 1866 connexioncm
1265 1827 1389 1866 cum
1411 1827 1478 1868 eo
1507 1817 1651 1885 quod
1689 1827 1772 1872 est
1797 1818 2021 1876 humile.

451 1895 587 1950 Cum
626 1897 795 1968 igitur
823 1898 958 1956 dicit
987 1902 1133 1972 quod
1158 1897 1303 1959 Filio
1323 1918 1425 1962 non
1452 1906 1682 1975 pepercit
1725 1910 1792 1974 ¹¹,
1826 1927 2016 1967 verum

453 1982 653 2040 Filium
708 1987 974 2046 discernit
1006 2005 1036 2045 a
1068 1993 1342 2063 generatis
1373 2003 1427 2049 et
1456 1995 1534 2066 (a)
1567 1995 1844 2067 adaptatis
1872 2015 1886 2055 :
1941 2001 2024 2059 his

453 2075 598 2140 dico,
631 2078 723 2149 qui
760 2095 854 2150 per
894 2081 1015 2150 ejus
1059 2082 1347 2153 imperium
1379 2084 1631 2154 producti
1675 2097 1805 2144 sunt
1833 2091 1900 2146 ad
1930 2107 2025 2163 ge-

453 2168 790 2225 nerationem
818 2188 831 2224 :
865 2171 1067 2240 proprii
1099 2174 1380 2231 additione
1408 2176 1557 2246 quad
1586 2180 1891 2236 secundum
1925 2198 2025 2237 na-

452 2267 629 2314 turam
674 2271 760 2317 est
814 2262 1084 2319 familiare
1117 2266 1454 2336 signiﬁcans.
1503 2271 1583 2326 Ac
1644 2287 1713 2329 ne
1761 2274 1888 2345 quis
1921 2275 2019 2332 im-

454 2352 667 2406 mortali
698 2362 906 2410 natura:
941 2355 1253 2426 passionem
1285 2359 1470 2417 crucis
1519 2360 1751 2431 aﬁ'ricet,
1790 2382 1887 2437 per
1915 2368 2021 2423 alia

457 2442 832 2502 manifestiora
862 2448 1026 2503 talem
1066 2449 1325 2506 emendat
1355 2467 1623 2520 errorem,
1664 2459 2020 2518 mediatarem

453 2535 630 2606 ipsum
662 2536 754 2593 Dei
786 2548 840 2594 et
868 2539 1172 2605 hominum,
1214 2550 1270 2599 et
1311 2543 1588 2603 hominem
1615 2558 1671 2605 et
1717 2550 1884 2608 Deum
1923 2569 2023 2610 no-

453 2631 693 2697 minans,
726 2639 784 2687 ut
814 2646 937 2687 cum
972 2633 1084 2690 duo
1116 2633 1186 2691 de
1227 2650 1339 2692 uno
1378 2637 1662 2705 dicuntur,
1717 2658 2022 2716 congruum

452 2721 788 2794 intelligatur
838 2724 894 2780 in
939 2733 1209 2796 utraque:
1257 2728 1313 2784 in
1363 2744 1431 2785 co
1472 2733 1619 2802 quod
1656 2734 1901 2791 divinum
1939 2746 2027 2794 est

453 2812 889 2883 impassibilitas,
926 2815 980 2870 in
1009 2830 1076 2873 eo
1118 2818 1266 2888 quod
1319 2829 1404 2876 est
1448 2822 1772 2890 humanum,
1807 2826 1862 2882 in
1894 2843 2024 2897 pas-

452 2897 609 2955 sione
653 2899 1020 2971 dispensatio,
1087 2917 1214 2959 cum
1260 2905 1578 2966 intellectus
1623 2911 1929 2986 distinguat
1970 2927 2026 2975 et

1713 225 1771 281 S.
1810 224 2135 283 CREGORII
2164 229 2455 291 NYSSENI

518 328 626 386 Sed
691 345 1030 389 revertamur
1083 352 1278 396 rursus
1331 343 1397 398 ad
1463 343 1515 398 id
1566 347 1710 404 unde
1784 350 2014 422 digressi
2044 356 2092 415 Α

3590 252 3687 309 7|:

2200 357 2340 412 Ἀλλ’
2384 361 2766 435 ἐπανέλθωμεν
2817 365 2981 421 πάλιν
3020 366 3141 422 ὅθεν
3185 368 3475 440 ἐξέϐημεν.
3514 372 3697 445 Μυρία

2121 453 2229 527 γὰρ
2267 454 2401 525 πρὸς
2446 456 2656 522 τούτοις
2699 457 2834 513 ἄλλα
2879 459 3102 515 δυνατόν
3135 463 3281 515 ἐστιν
3302 462 3365 516 ὲκ
3398 465 3502 535 τῆς
3525 465 3694 535 αὖτῆἶ

2122 546 2342 617 Γραιρῆς
2374 547 2510 618 πρὸς
2554 549 2646 603 τὸν
2694 550 2894 605 σκοπὸν
2937 552 3315 617 ἀναδέξασθαι.
3368 555 3482 610 Καὶ
3515 556 3697 627 μηδεὶς

2120 637 2316 691 οἰέσθω
2332 637 2421 692 τδν
2443 637 2585 692 θεῖον
2600 640 2921 697 ’Ᾱπόστολον
2943 643 3064 697 καθ’
3084 644 3281 698 ἑαυτοῦ
3303 645 3442 714 πρὸς
3462 646 3534 700 τὰ
3552 647 3702 700 ἐναν-

2119 726 2209 781 τία
2255 729 2608 801 μερίζεσθαι,
2655 734 2766 796 τοῖς
2812 733 3138 804 μαχομένοις
3171 735 3310 789 κατὰ
3356 737 3425 790 τὶ
3454 737 3702 806 δόγματα

2123 819 2259 894 πρὸς
2286 820 2386 893 τὴν
2416 822 2496 887 εἰς
2537 822 2796 894 ἑκάτερον
2823 825 3162 895 ἐπιχείρησιν
3193 826 3257 879 ὲκ
3285 825 3380 880 τοῦ
3415 827 3538 881 ίσου
3567 846 3705 898 παρ-

2123 913 2265 984 έχειν
2297 913 2383 969 διὰ
2397 915 2506 969 τῶν
2535 915 2678 969 ἰδίων
2697 915 2795 980 τὰς
2824 915 2955 979 ὔλας
2976 927 2991 942 ’
3026 916 3176 988 εὖροι
3203 914 3312 986 γὰρ
3338 917 3406 972 ἄν
3430 935 3522 982 τις
3544 919 3705 991 ἀκρι-

2123 1006 2235 1071 ϐῶς
2264 1006 2552 1074 ἐξετάζων,
2584 1009 2665 1063 δτι
2694 1008 2832 1079 πρὸς
2858 1009 2916 1061 ἒν
2936 1007 3086 1079 αὐτῷ
3114 1008 3299 1079 βλέπει
3325 1008 3393 1063 δι’
3415 1010 3707 1082 ἀκριϐείας

2122 1096 2154 1149 ὀ
2184 1097 2361 1165 λόγος.
2389 1095 2494 1151 Καὶ
2515 1098 2615 1152 οὐκ
2640 1098 2970 1165 ὲπιδιστάζει
3002 1101 3116 1162 ταῖς
3141 1098 3408 1163 ἐπινοίαις
3429 1115 3445 1129 ο
3496 1118 3706 1155 παντα-

2124 1189 2220 1261 χοῦ
2242 1189 2351 1262 γὰρ
2382 1188 2482 1262 τὴν
2499 1189 2591 1245 τοῦ
2612 1190 2953 1261 ἀνθρωπίνου
2977 1189 3115 1264 πρὸς
3142 1190 3203 1243 τδ
3227 1190 3370 1245 θεῖον
3397 1191 3707 1262 ἁνάκρασιν

2123 1281 2435 1352 κηρύσσων,
2467 1281 2618 1336 οὐδὲν
2643 1276 2806 1355 ἧττον
2834 1282 2894 1335 ὲν
2928 1282 3172 1353 ἑκατέρῳ
3214 1281 3275 1335 τὸ
3308 1281 3440 1335 ἴδιον
3471 1283 3705 1353 καθορᾷ,

2123 1373 2198 1437 ὡς
2224 1373 2315 1425 καὶ
2352 1372 2449 1443 τῆς
2480 1372 2827 1444 ἀνθρωπίνης
2872 1372 3156 1434 ἀσθενείας
3202 1370 3291 1426 διὰ
3326 1374 3427 1444 τῆς
3479 1373 3621 1444 πρὸς
3651 1373 3706 1426 τὸ

2121 1464 2397 1536 ἀκήρατον
2425 1463 2709 1528 κοινωνίας
2741 1464 2880 1536 πρὸς
2908 1464 2971 1518 τὸ
3014 1465 3261 1535 κρεῖττον
3288 1463 3703 1535 ἁλλοιωθείσης,

2123 1556 2217 1610 καὶ
2253 1556 2353 1627 τῆς
2399 1555 2550 1621 θείας
2597 1556 2879 1627 δυνάμεως
2919 1557 2980 1611 οὐ
3041 1555 3604 1630 συγκαταπιπτούσης
3640 1560 3704 1629 τῇ

2124 1648 2260 1718 Vpb;
2293 1648 2356 1703 sb
2389 1649 2645 1704 ταπεινὸν
2686 1650 2950 1722 συναφείᾳ
2985 1650 3085 1721 τῆς
3115 1650 3356 1721 φύσεωςε
3390 1638 3585 1704 ”()ταν
3616 1646 3708 1704 οὖν

2129 1740 2283 1813 λέγῃ,
2304 1741 2385 1795 δτι
2421 1743 2530 1795 Τοῦ
2556 1740 2692 1796 Υιοῦ
2719 1741 2830 1795 οὐκ
2855 1741 3156 1810 ἐφείσατο,
3179 1741 3270 1795 τὸν
3295 1739 3554 1811 ἀληθινὸν
3578 1740 3709 1793 Υίδν

2126 1831 2546 1888 ἀντιδιαστέλλει
2573 1833 2685 1895 τοῖς
2710 1829 3014 1902 γεννηθείσι
3048 1829 3146 1886 καὶ
3164 1830 3422 1901 ὀψωθείσι
3453 1831 3553 1884 καὶ
3585 1830 3710 1885 ἀθε-

2126 1924 2325 1996 τήσασι
2351 1940 2365 1954 ·
2389 1922 2600 1987 τούτοις
2624 1921 2787 1992 λέγω,
2817 1924 2929 1986 τοῖς
2953 1921 3043 1975 διὰ
3078 1922 3500 1994 προστάγματος
3562 1937 3708 1994 παρ.

2124 2018 2364 2091 αχθεῖσιν
2379 2019 2458 2080 εἰς
2479 2014 2721 2084 γένεσιν·
2750 2016 2817 2085 τῇ
2848 2012 2940 2067 τοῦ
2978 2013 3131 2067 ίδίου
3157 2012 3444 2086 προσθήκῃ
3470 2012 3536 2066 τδ
3570 2012 3713 2066 κατὰ

2126 2108 2225 2177 τὴν
2263 2105 2422 2177 φύσιν
2449 2107 2647 2161 οἰκεῖον
2668 2106 3065 2178 ξπισημαίνων.
3102 2104 3212 2159 Καὶ
3239 2105 3313 2169 ὡς
3334 2105 3400 2159 ἂν
3425 2105 3503 2176 μή
3534 2121 3625 2168 τις
3643 2106 3712 2175 τῇ

2125 2196 2388 2269 άκηράτῳ
2419 2196 2577 2267 φύσει
2605 2197 2665 2252 τὸ
2699 2196 2842 2253 κατὰ
2862 2197 2954 2252 τὸν
2981 2197 3213 2269 σταυρὸν
3241 2197 3409 2260 πάθος
3446 2196 3714 2268 προστρίο

2127 2291 2305 2355 ὅοιτο,
2350 2291 2419 2345 δι’
2462 2290 2662 2364 ἑτέρων
2695 2289 3032 2362 τρανοτέρων
3064 2290 3162 2361 τὴν
3183 2287 3438 2360 τοιαύτην
3471 2289 3713 2357 ἐπανορ-

2127 2378 2314 2435 θοῦται
2344 2380 2573 2451 πλάνην,
2615 2381 2841 2451 μεσίτην
2883 2379 3045 2434 αὑτὸν
3089 2377 3224 2433 Θεοῦ
3253 2378 3349 2432 καὶ
3377 2377 3713 2449 ἀνθρώπων,

2125 2473 2221 2527 καὶ
2241 2471 2524 2544 ἄνθρωπον
2552 2473 2645 2526 καὶ
2663 2469 2797 2525 Θεδν
2833 2468 3136 2541 ὀνομάζων,
3173 2470 3242 2523 ἶν’
3294 2469 3486 2523 ἐκρτοῦ
3515 2469 3589 2523 τὰ
3616 2469 3717 2522 δύο

2127 2561 2256 2633 περὶ
2285 2562 2346 2616 τὸ
2372 2561 2432 2616 ἓν
2473 2558 2746 2630 λέγεσθαι,
2780 2560 2840 2613 τὸ
2883 2559 3192 2632 πρόσφορον
3222 2561 3394 2613 νοοῖτο
3423 2560 3559 2630 περὶ
3583 2559 3715 2612 ἑκά-

2124 2669 2315 2725 τερον⁹
2374 2653 2504 2726 περὶ
2551 2653 2649 2723 μὲν
2688 2651 2751 2706 τὸ
2794 2651 2985 2717 Θεῐον,
3026 2653 3060 2720 ἡ
3093 2651 3361 2714 ἀπάθεια,
3411 2651 3543 2722 περὶ
3572 2649 3717 2704 δὲτὸ

2125 2745 2463 2817 ἀνθρώπινον
2486 2744 2520 2816 ἡ
2547 2743 2689 2798 κατὰ
2714 2740 2777 2797 τδ
2826 2742 2996 2807 πάθος
3037 2742 3315 2813 οἰκονομία
3336 2782 3352 2805 ,
3392 2743 3568 2814 αὐτῆς
3614 2738 3717 2796 οὖν

2126 2836 2364 2901 ἐπινοίας
2422 2835 2735 2908 διαιρούσης
2792 2834 2852 2889 τὸ
2904 2832 3046 2888 κατὰ
3119 2832 3534 2906 φιλανθρωπίαν
3605 2834 3716 2904 μὲν

2125 2928 2437 3001 ἡνωμένον,
2489 2926 2567 2998 τῷ
2605 2926 2663 2981 δὲ
2698 2925 2841 2997 λόγῳ
2886 2925 3308 2997 διακρινόμενον.
3359 2924 3531 2978 Ὅταν
3562 2924 3621 2977 δὲ
3645 2922 3717 2977 τδ

451 2990 681 3073 dividat,
731 2993 876 3063 quod
929 3004 1156 3068 propter
1205 2997 1598 3071 benignitatem
1655 3006 1708 3064 in
1770 3009 2022 3073 homines

2128 2990 2620 3089 ύπερκείμενόνπε
2674 2990 3066 3087 καὶ-ύπερέχον
3110 2990 3288 3069 πάντα
3323 3012 3451 3069 νοῦν
3490 3013 3709 3085 κηρύσ-

451 3079 669 3147 quidem
718 3081 933 3137 unitum
980 3092 1088 3150 est,
1136 3088 1352 3146 ratione
1387 3100 1571 3150 autem
1603 3095 1924 3159 distinctum
1975 3117 2022 3163 et

2134 3079 2250 3184 an;
2283 3079 2394 3175 τοῖς
2439 3107 2790 3181 ὑψηλοτέροις
2825 3079 3088 3179 κέέρηται
3130 3106 3241 3160 τῶν
3276 3079 3583 3177 ὀνομάτων,
3613 3107 3713 3160 ἐπὶ

451 3169 774 3228 discretum.
791 3174 929 3230 Cum
954 3185 1139 3233 autem
1158 3180 1303 3249 quod
1326 3187 1698 3254 supereminet
1725 3202 1780 3248 et
1807 3207 2030 3268 superat

451 3276 667 3317 omnem
681 3262 1013 3320 intellectum:
1028 3268 1601 3337 pradicat,altioribus
1614 3293 1748 3336 usus
1758 3289 1844 3338 est
1859 3262 2031 3343 nomi-

453 3351 638 3415 nibus,
658 3353 711 3408 in
738 3355 992 3412 omnibus
1019 3355 1186 3414 Deum
1211 3370 1266 3416 et
1284 3377 1540 3434 magnum
1566 3364 1759 3433 Deum,
1775 3378 1830 3427 et
1854 3373 2026 3430 virtu-

456 3452 563 3498 tem
598 3441 715 3508 Dei,
744 3453 799 3500 et
830 3445 1179 3516 sapientiam,
1207 3457 1262 3505 et
1308 3452 1438 3508 talia
1485 3455 1840 3515 nominando.
1889 3460 2028 3520 Cum

455 3550 583 3591 vero
603 3551 766 3593 autne
795 3540 1110 3595 necessario
1135 3550 1359 3611 propter
1384 3553 1630 3604 nostram
1655 3548 2027 3611 inﬁrmitatem

453 3635 792 3697 assumptum
860 3630 1269 3700 perpessionum
1307 3635 1735 3705 experimentum
1778 3658 2030 3704 sermone

452 3718 748 3778 describit:
788 3735 854 3777 ex
879 3729 1070 3779 nostra
1100 3724 1264 3782 simul
1299 3736 1589 3801 utrumque
1634 3736 1899 3804 nominat,
1926 3730 2027 3796 ho-

455 3813 653 3868 minem
710 3813 889 3885 ipsum
931 3815 1234 3886 appellans,
1265 3834 1374 3875 non
1424 3836 1766 3883 communem
1822 3829 2028 3889 faciens

453 3917 580 3958 cum
606 3903 817 3975 reliqua
854 3913 1049 3962 natura
1072 3923 1168 3978 per
1197 3925 1385 3967 vocem
1413 3929 1537 3971 eum
1570 3917 1663 3988 qui
1692 3919 2030 3992 signiﬁcatur

454 3994 604 4066 (b)ut
618 3994 674 4051 in
690 4006 919 4067 utraque
954 3999 1100 4069 quod
1122 4000 1271 4072 pium
1289 4012 1374 4060 est
1391 4017 1749 4065 conservetur
1763 4019 1816 4067 et
1841 4012 2029 4069 huma-

453 4086 621 4140 nitate
648 4101 744 4156 per
764 4090 1189 4160 assumptionem
1204 4094 1523 4164 gloriﬁcata,
1546 4105 1601 4155 et
1628 4100 1913 4159 divinitate
1930 4120 2027 4176 per

452 4178 1010 4235 accammadatianem
1070 4181 1371 4241 exinanita.
1408 4187 1513 4245 Sed
1547 4191 1638 4262 qui
1670 4192 1761 4249 det
1804 4196 2024 4266 quidem

454 4270 901 4340 perpessionibus
950 4273 1244 4332 humanam
1298 4288 1532 4350 partem,
1587 4272 2023 4355 operetur’vero

2132 3204 2348 3260 πάντων
2373 3200 2504 3257 Θεὸν
2522 3240 2538 3267 ,
2582 3200 2676 3254 καὶ
2705 3198 2877 3270 μέγαν
2921 3198 3087 3263 θεὸν,
3131 3198 3227 3253 καὶ
3272 3197 3500 3269 δύναμιν
3539 3197 3710 3259 Θεοῦ.

2129 3296 2224 3351 καὶ
2276 3295 2487 3365 σοφίαν,
2540 3293 2635 3348 καὶ⁸
2678 3292 2747 3346 τά
2781 3291 3006 3345 τοιαῦτα
3044 3290 3246 3347 καλῶν.
3296 3291 3488 3344 Iliam:
3518 3290 3576 3344 δὲ
3606 3290 3712 3361 τήν

2126 3386 2437 3457 άιαγκαίως
2464 3384 2553 3440 διὰ
2579 3384 2640 3439 τὸ
2672 3384 2938 3457 ἡμέτερον
2965 3382 3187 3448 ἀσθενὲς
3219 3380 3710 3454 συμπαραληφθεί-

2129 3497 2229 3535 σαν
2267 3480 2376 3534 τῶν
2416 3477 2756 3549 παθημάτων
2803 3478 2996 3548 πεῖραν
3045 3476 3375 3549 ὑπογράφων
3410 3473 3492 3544 τῷ
3533 3473 3705 3544 λόγῳ,

2127 3573 2192 3626 ὲκ
2245 3571 2340 3626 τοῦ
2390 3569 2664 3642 ἡμετέρου
2719 3567 3078 3639 κατονομάζει
3130 3565 3193 3621 τὸ
3248 3565 3661 3636 συναμφότερον
3688 3579 3704 3595 ·

2126 3664 2409 3735 ἄνθρωπον
2448 3660 2608 3715 αὐτὸν
2639 3658 3075 3733 προσαγορεύων,
3108 3658 3168 3712 οὐ
3193 3657 3511 3713 κοινοποιῶν
3560 3656 3708 3729 «ph;

2127 3755 2227 3827 τὴν
2269 3752 2458 3824 λοιπὴν
2494 3753 2653 3823 φύσιν
2697 3750 2786 3805 διὰ
2825 3751 2925 3823 τῆς
2960 3750 3144 3822 φωνῆς
3185 3748 3276 3803 τὸν
3326 3750 3393 3805 δ.
3416 3788 3432 3803 .
3463 3788 3479 3804 .
3508 3750 3708 3819 ,τέραν

2127 3847 2187 3900 τὸ
2211 3843 2490 3899 εὐσέϐειαν
2523 3841 2880 3914 φυλαχθῆναι,
2911 3840 3005 3895 τοῦ
3033 3859 3091 3895 τε
3121 3840 3462 3912 ἀνθρωπίνου
3491 3840 3581 3893 διὰ
3603 3840 3708 3910 τῆς

2127 3931 2446 4005 ἀναλήψεως
2473 3930 2852 4002 δοξαζομένου,
2879 3931 2973 3985 καὶ
3011 3930 3105 3985 τοῦ
3125 3930 3281 3985 Θείου
3308 3930 3397 3984 διὰ
3440 3930 3542 4000 τῆς
3571 3946 3706 3997 συγ-

2127 4025 2479 4089 καταϐάσεως
2505 4020 2835 4093 κενουμένου⁹
2848 4020 2922 4094 (b)
2936 4021 3071 4079 ἀλλὰ
3094 4021 3324 4087 διδόντος
3343 4022 3441 4095 μὲν
3454 4025 3570 4087 τοῖς
3597 4036 3706 4072 πι-

2127 4118 2333 4189 θήμασι
2375 4117 2436 4171 τὸ
2481 4114 2819 4188 ἀνθρώπινον
2873 4111 3035 4183 μέρος
3059 4127 3075 4144 ο
3124 4109 3476 4183 ἐνεργοῦντος
3512 4110 3572 4163 δὲ
3605 4110 3706 4182 τὴν

2126 4208 2222 4265 τοῦ
2256 4206 2583 4271 πεπονθότος
2618 4204 2923 4260 ἀνάστασιν
2950 4203 3040 4259 διὰ
3071 4202 3169 4273 τῆς
3197 4202 3347 4264 θείας
3387 4201 3699 4273 δυνάμεως.

2127 4301 2238 4357 Καὶ
2265 4298 2438 4363 οὕτως
2467 4299 2502 4370 ἦ
2528 4315 2587 4351 τε
2615 4290 2709 4350 τοῦ
2744 4296 2970 4350 θανάτου
3001 4296 3163 4367 πεῖρα
3192 4293 3287 4347 ἐπὶ
3314 4292 3405 4348 τὸν
3436 4310 3703 4346 κεκοινωο

451 4376 573 4430 ejus
602 4363 694 4432 qui
723 4378 1017 4434 perpessus
1051 4379 1135 4423 est
1154 4377 1615 4431 resurrectionem
1650 4394 1748 4448 per
1777 4380 2021 4440 divinant

2126 4390 2326 4462 νηκότα
2353 4359 2450 4460 τῆς
2472 4359 2750 4458 έμπαθοῦς
2770 4385 2983 4455 φύσεως
3010 4359 3337 4455 ἀναφέρεται
3359 4383 3449 4437 διὰ
3478 4383 3580 4454 τὴν
3605 4382 3701 4437 τοῦ

451 4453 729 4507 virtutem.
766 4452 825 4507 Et
861 4455 941 4510 sic
976 4457 1169 4512 mortis
1201 4463 1636 4530 experimentum
1672 4469 1740 4523 ad
1772 4486 1896 4527 eum
1924 4477 2021 4546 qui

451 4544 726 4614 particeps
764 4544 941 4603 factus
964 4554 1049 4604 est
1078 4557 1288 4605 natura:
1316 4555 1556 4622 patibilis
1597 4558 1855 4629 refertur,
1892 4544 2023 4635 pro-

449 4645 570 4706 pter
612 4635 850 4693 hominis
880 4652 1064 4693 secum
1113 4640 1392 4698 unionem.
1441 4648 1618 4718 Atque
1665 4651 1755 4706 illa
1795 4658 2009 4714 excelsa

448 4738 503 4793 et
534 4726 645 4784 Dea
694 4728 891 4784 decora
935 4732 1159 4787 nomina
1209 4733 1263 4788 in
1320 4734 1593 4793 hominem
1648 4741 2014 4804 descendunt.

448 4817 526 4874 ita
570 4830 630 4876 ut
678 4820 946 4879 Dominus
975 4824 1162 4894 gloriae
1214 4826 1261 4881 is
1290 4830 1382 4896 qui
1414 4829 1467 4883 in
1517 4845 1682 4888 cruce
1728 4837 1881 4894 visus
1911 4849 2019 4910 est,

450 4914 783 4979 nominetur,
833 4921 1057 4982 propter
1100 4918 1553 4986 temperationem
1599 4933 1811 4981 natura:
1845 4927 2022 4996 ipsius

447 5018 570 5060 cum
609 5016 677 5059 eo
707 5001 852 5074 quod
879 5011 964 5058 est
990 5003 1217 5071 humile,
1272 5015 1327 5063 et
1351 5010 1496 5078 quod
1528 5013 1702 5082 gratia
1735 5019 2019 5075 nominum

447 5111 513 5151 cx
557 5094 742 5151 divino
776 5095 843 5150 ad
892 5094 1191 5151 humanum
1228 5106 1490 5160 transeat.
1526 5102 1608 5160 Ob
1636 5121 1754 5162 eam
1795 5124 2018 5167 causam

449 5187 599 5244 varie
656 5187 1083 5258 dilicrenterquc
1120 5188 1296 5259 ipsum
1348 5192 1546 5257 tradit,
1597 5198 1757 5254 modo
1798 5203 2018 5273 quidem

448 5292 571 5332 eum
610 5278 703 5349 qui
747 5277 815 5335 de
844 5279 1001 5335 cmlis
1031 5279 1335 5346 descendit,
1387 5286 1549 5342 modo
1581 5304 1613 5344 e
1658 5293 1888 5352 muliere
1927 5311 2021 5368 ge-

547 5374 588 5405 "
633 5372 789 5431 ltum.
835 5391 957 5443 vm,
996 5376 1087 5432 52.

508 5448 583 5571 (αέ
602 5448 705 5501 Hoc
726 5450 979 5504 invenitur
998 5469 1047 5504 in
1064 5454 1330 5509 Iustiniani
1344 5459 1424 5510 ed.
1437 5458 1513 5510 De
1536 5460 1632 5509 ﬁde
1652 5460 1761 5512 adv.
1781 5462 2013 5531 bagreses.

508 5509 558 5564 th
612 5511 806 5563 Textus
837 5515 1036 5566 Gracus
1061 5526 1337 5571 corruptus.
1370 5547 1423 5559 -—
1447 5519 1736 5571 Medicinam
1770 5524 1883 5571 facit
1904 5524 2013 5571 cod.

508 5509 579 5571 ib)
612 5511 806 5580 Testus
837 5515 1036 5566 Gracus
1061 5526 1337 5580 corruptus.
1370 5547 1423 5559 -—
1447 5509 2013 5572 Metlicin‘amifat-it'cod.

447 5571 644 5647 Bavqu
747 5578 1177 5647 xatvoqav63v_1rpb;
1206 5571 1292 5647 τήν
1315 5583 1482 5647 λοιπὴν
1501 5584 1639 5647 φύσιν
1661 5585 1738 5647 διὰ
1760 5571 1845 5644 τῆς
1861 5571 2018 5647 φωνῆς

442 5634 525 5683 τόν
556 5634 868 5691 δηλούμενον.
895 5639 998 5686 ἁ)λ’
1030 5634 1156 5687 ὥστε
1187 5634 1290 5699 περὶ
1318 5634 1538 5707 ἑκάτερον
1563 5643 1618 5693 τὸ
1648 5634 1843 5703 εὐσεϐές
1871 5634 2016 5696 suis:

2121 4479 2408 4552 ἀνθρώπου
2459 4478 2597 4550 πρὸς
2628 4476 2790 4530 αὐτὸν
2822 4476 3014 4531 ἕνωσιν
3038 4492 3053 4507 ⁸
3100 4475 3197 4528 καὶ
3220 4473 3289 4528 τά
3316 4472 3498 4544 ὑψηλά
3515 4490 3575 4526 τε
3606 4473 3697 4526 καὶ

2122 4568 2401 4640 θεοπρεπῆ
2433 4567 2541 4621 τῶν
2569 4565 2846 4637 ὀνομάτων
2888 4565 2979 4620 ἐπὶ
3004 4565 3094 4619 τὸν
3123 4563 3405 4637 ἄνθρωπον
3438 4562 3701 4617 καταϐαί-

2120 4678 2218 4715 νει.
2281 4660 2370 4723 Ὠς
2395 4660 2489 4713 καὶ
2513 4658 2715 4729 Κύριον
2748 4660 2847 4728 τῆς
2879 4656 3037 4726 δόξης
3067 4655 3156 4710 τὸν
3198 4655 3289 4708 ἐπὶ
3322 4653 3418 4707 τοῦ
3460 4654 3700 4726 σταυροῦ

2121 4751 2356 4822 φανέντα
2388 4745 2875 4819 κατονομάζεσθαι,
2900 4748 2968 4817 τῇ
2994 4746 3091 4808 τῆς
3122 4742 3334 4813 φύσεως
3368 4742 3535 4796 αὐτοῦ
3561 4744 3698 4813 πρὸς

2117 4837 2180 4891 sb
2193 4834 2444 4891 ταπεινὸν
2465 4834 2785 4906 ἀνακράσει,
2814 4832 2907 4888 καὶ
2932 4832 3028 4902 τῆς
3046 4830 3154 4885 τῶν
3177 4829 3454 4900 ὀνομάτων
3474 4831 3697 4899 χάριτος

2119 4932 2183 4984 ὲκ
2215 4927 2308 4982 τοῦ
2337 4926 2496 4981 Θείου
2536 4925 2672 4995 πρὸς
2713 4925 2774 4979 τὸ
2813 4923 3155 4996 ἀνθρώπινον
3189 4921 3695 4992 συμμετελθούσης.

2118 5018 2219 5074 Διά
2242 5019 2401 5074 τοῦτο
2432 5018 2688 5083 ποικίλως
2715 5018 2809 5072 καὶ⁵
2840 5015 3109 5087 διαφόρως
3140 5013 3300 5068 αὐτὸν
3334 5011 3698 5082 παραδίδωσι,

2118 5114 2214 5170 νῦν
2254 5114 2352 5186 μὲν
2374 5112 2465 5166 τὸν
2505 5110 2565 5176 ἐξ
2601 5109 2844 5183 οὐρανῶν
2874 5106 3236 5173 κατελθόντα,
3285 5098 3381 5158 νῦν
3410 5103 3469 5157 δὲ
3508 5104 3601 5156 τὸν
3630 5105 3701 5159 ὲκ

2116 5208 2371 5278 γυναικὸς
2412 5204 2766 5276 γεννηθέντα,
2796 5203 2891 5257 καὶ
2920 5201 3052 5254 Θεὸν
3078 5197 3430 5270 προσιώνιον,
3466 5197 3563 5250 καὶ
3607 5195 3697 5250 ἐπ’

2118 5301 2359 5371 ἐσχάτων
2402 5296 2626 5369 ἡμερῶν
2667 5294 2985 5365 ἄνθρωπον,
3053 5291 3224 5355 οὕτως
3257 5291 3352 5345 καί
3395 5286 3617 5357 ἀπαθὴς
3666 5289 3698 5345 6

2123 5464 2289 5539 χθῇναι
2303 5464 2392 5539 τοῦ
2409 5467 2769 5539 ⁸ιξειάνθρωιιτίνον
2788 5464 2971 5539 διὰῄτῇξ
2986 5467 3271 5539 ἀναλήψεως*
3283 5469 3610 5539 δοξαζομένου.
3623 5474 3711 5539 ιιιό

2124 5525 2210 5593 τοῦ
2247 5526 2372 5593 θείου
2414 5528 2506 5593 διιῖιΔ
2526 5525 2611 5587 τῆς
2647 5525 3047 5593 συγιιαταᾷᾴσεως
3091 5525 3160 5592 μὴ’
3195 5525 3528 5593 mamma.
3576 5534 3708 5583 intra

2124 5584 2253 5637 idem
2279 5588 2406 5651 cod.,
2432 5590 2512 5638 καὶ
2537 5584 2686 5647 οὕτως
2710 5584 2815 5640 οὔτε
2837 5584 2921 5640 τοῦ
2946 5584 3043 5641 θαν.
3079 5584 3181 5640 κτλ.
