3992 6210
242 319 354 377 ’117

1394 325 1674 383 CONTRA
1706 326 2098 397 EUNOMIUM,
2131 330 2260 388 LIB.
2299 331 2388 388 Vi.

3413 335 3520 391 7i8

249 435 555 507 μονδγενὴς
572 429 725 506 Θεὸς,
749 437 843 492 καὶ
865 437 1106 511 παθητὸς
1128 439 1157 494 6
1171 439 1404 512 Χριστὸς
1426 435 1564 495 εἶναι
1591 441 1838 497 πιστεύε-
1865 451 1881 504 Α

1969 445 2132 510 itum,
2165 455 2221 501 et
2254 445 2423 501 Deum
2455 453 2580 502 ante
2613 446 2838 512 smeula,
2871 453 2926 503 et
2959 445 3014 502 in
3043 447 3306 503 extremis
3328 447 3520 502 diebus

240 544 356 590 ται,
389 529 487 582 xci.
523 531 554 583 6
605 531 764 600 λόγος
803 531 894 586 διά
922 531 1032 586 τῶν
1069 533 1329 587 ἐναντίων
1364 533 1425 586 οὑ
1463 532 1742 603 ψεύδεται,
1774 534 1837 588 τδ

246 621 563 692 πρόσφορον
589 623 836 694 ἑκατέρῳ
875 623 982 677 τῶν
1007 623 1284 695 ὀνομάτων
1331 626 1389 678 ὲν
1425 627 1539 690 τοῖς
1572 626 1837 696 νοήμασιν

249 713 602 782 ἑφαρμόζων.
633 714 696 766 Ei
717 709 812 768 οὖν
833 714 1007 769 ταῦτα
1034 717 1249 787 φρονεῖν
1262 717 1326 770 ὲκ
1352 717 1451 788 τῆς
1478 717 1836 772 θεοπνεύστου

248 803 605 870 διδασκαλίας
633 806 913 877 ἐμάθομεν
933 823 946 837 ⁸
979 807 1099 865 πῶς
1129 807 1403 881 ἀνθρώπῳ
1430 809 1596 881 κοινῷ
1625 810 1724 882 τὴν
1750 811 1856 889 αίο.

249 891 374 946 τίαν
400 895 506 964 τῆς
553 896 824 966 σωτηρίας
845 895 1002 966 ἡμῶν
1030 897 1359 969 ἀνατίθεμεν
1388 917 1403 967 ;
1434 900 1498 954 Εἰ
1520 900 1578 954 δὲ
1606 899 1704 972 τὴν
1741 900 1838 955 τοῦ

256 985 533 1057 μακαρίου
559 985 768 1058 Πέτρου
806 987 1128 1061 Ἐποίησεν
1151 989 1358 1063 φωνὴν,
1387 990 1486 1044 οὑκ
1514 993 1594 1054 είς
1621 990 1681 1046 τὸ
1708 1008 1842 1063 -προο

254 1076 474 1132 αιώνιον
498 1079 599 1150 τῆς
635 1080 1016 1144 ὑποστάσεως,
1057 1081 1174 1135 ἀλλ’
1206 1083 1286 1146 είς
1317 1082 1378 1136 τὸ
1407 1083 1718 1154 πρόσφατον
1742 1083 1842 1155 τῆς

250 1168 567 1240 οίκονομίας
611 1169 830 1240 βλέπειν
877 1170 1257 1242 διοριζόμεθα,
1307 1172 1361 1226 τί
1393 1172 1551 1226 τοῦτο
1595 1174 1843 1227 κοινωνεῖ

253 1261 335 1332 τῷ
369 1262 712 1332 ὲγκλήματι;
771 1262 830 1316 ’0
879 1263 988 1334 γὰρ
1028 1264 1203 1334 μέγας
1241 1259 1392 1328 οὗτος
1415 1264 1754 1329 Ἀπόστολος,
1783 1264 1844 1318 τὸ

257 1355 389 1425 περὶ
413 1355 509 1424 τὴν
537 1354 631 1407 τοῦ
651 1354 839 1408 δούλου
868 1355 1082 1428 μορφὴν
1112 1354 1409 1429 ὁρώμενον,
1431 1358 1606 1410 ἐκεῖνο
1639 1357 1726 1412 διὰ
1746 1361 1844 1430 τῆς

253 1444 580 1515 ἀναλήψεως
606 1445 936 1516 πεποιῆσθαί
968 1464 1153 1517 φησιν,
1178 1447 1314 1519 ὅπερ
1339 1448 1368 1500 6
1399 1445 1682 1502 ἀναλαϐὼν
1704 1450 1844 1504 κατᾶ

254 1535 354 1608 τὴν
381 1535 578 1589 ἑαυτοῦ
611 1536 774 1605 φύσιν
797 1533 886 1608 ἦν.
929 1538 1037 1591 Καὶ
1067 1538 1178 1610 γὰρ
1204 1541 1262 1592 ὲν
1290 1541 1357 1610 τῇ
1391 1539 1525 1610 πρὸς
1558 1539 1843 1612 Ἐϐραίους

254 1627 538 1700 ἐπιστολῇ,
564 1628 626 1681 τὸ
649 1625 767 1682 ἴσον
800 1629 916 1682 ἔστι
959 1629 1111 1700 παρὰ
1161 1628 1256 1684 τοῦ
1287 1631 1500 1684 Παύλου
1535 1631 1730 1702 μαθεῖν
1757 1633 1845 1686 λέ-

1940 538 2238 603 hominem,
2273 539 2353 594 sic
2396 539 2562 592 etiam
2611 523 2929 610 impatibilis
2975 539 3302 611 unigenitus
3349 539 3518 604 Deus,

1938 640 1990 686 et
2026 631 2270 700 patibilis
2297 631 2551 686 Christus
2583 646 2706 687 esse
2740 632 3014 696 creditur,
3059 647 3160 688 nec
3194 646 3380 687 sermo
3423 646 3524 702 pcr

1941 721 2219 777 contraria
2251 722 2534 788 mentitur,
2556 722 2840 792 applicans
2861 733 2916 777 et
2939 722 3366 778 accommodans
3391 721 3526 776 utri-

1939 827 2046 882 que
2076 812 2358 867 nominum
2377 811 2520 882 quod
2537 827 2839 884 congruum
2858 819 2942 868 est
2959 812 3259 870 secundum
3276 826 3520 868 sensum.

1942 903 2001 958 Si
2039 903 2204 975 igitur
2247 904 2364 978 haec
2403 919 2599 975 sapere
2681 918 2748 959 ex
2793 903 3062 959 divinitus
3093 903 3362 973 inspirata
3395 902 3528 956 doc-

1935 994 2084 1050 trina
2112 993 2440 1051 didicimus:
2476 995 2752 1066 quomodo
2771 994 2979 1050 homini
3028 993 3309 1049 communi
3335 993 3527 1049 salutis

1943 1093 2146 1141 nostra:
2177 1101 2401 1142 causam
2453 1086 2852 1145 attribuimus?
2892 1084 3048 1151 Quod
3099 1085 3145 1140 si
3187 1085 3331 1140 beati
3380 1083 3527 1140 Petri

1943 1193 2134 1232 vocem
2190 1177 2313 1248 fecit
2369 1192 2479 1232 non
2526 1178 2597 1232 ad
2632 1177 3050 1233 subsistentiam
3097 1185 3382 1240 aateruam,
3433 1176 3529 1232 sed

1945 1270 2013 1324 ad
2054 1281 2330 1326 recentem
2383 1271 2748 1326 oeconomiam
2775 1270 2863 1342 (id
2914 1277 2999 1326 est
3029 1269 3536 1343 dispensationem)

1945 1363 2223 1434 respicere
2276 1364 2728 1429 determinamus,
2776 1363 2910 1434 quid
2953 1363 3055 1418 hoc
3082 1363 3402 1418 commercii
3433 1362 3533 1415 ha-

1946 1456 2038 1511 bet
2095 1470 2220 1510 cum
2281 1455 2548 1511 crimine?
2595 1455 2827 1526 Magnus
2879 1455 3026 1511 enim
3079 1455 3170 1510 hic
3215 1453 3532 1524 Apostolus,

1947 1545 2089 1616 quod
2119 1547 2174 1600 in
2202 1547 2344 1602 servi
2363 1545 2537 1602 forma
2558 1547 2792 1612 videtur,
2821 1546 2955 1603 illud
2979 1561 3077 1618 per
3100 1546 3534 1616 assumptioncm

1950 1634 2155 1690 factum
2194 1651 2320 1692 esse
2354 1637 2431 1691 ait
2458 1637 2526 1704 ",
2557 1637 2701 1707 quod
2734 1637 2955 1709 quidem
2992 1637 3081 1692 ille
3115 1636 3206 1707 qui
3239 1635 3537 1705 assumpsit

255 1734 470 1786 τωτος,
538 1718 836 1774 ἀπόστολον
877 1720 974 1774 καὶ
1018 1720 1278 1792 ἀρχιερέα
1313 1720 1404 1775 τὸν
1447 1720 1655 1792 Ἰησοῦν
1695 1722 1846 1794 παρᾶ

1969 1723 2256 1779 secundum
2287 1739 2444 1780 suam
2489 1733 2743 1779 naturam
2791 1735 2932 1780 erat.
2964 1725 3180 1782 Etenim
3219 1726 3275 1780 in
3305 1724 3535 1795 epistola

255 1808 353 1862 τοῦ
381 1807 519 1862 Θεοῦ
548 1809 898 1880 γεγενῆσθαι,
935 1811 1124 1863 πιστὸν
1162 1811 1292 1865 ὅντα
1347 1811 1428 1883 τῷ
1460 1813 1746 1883 ποιήσαντι
1766 1813 1855 1866 αὑ·

257 1901 372 1955 τόν.
404 1902 585 1956 Κάκεῖ
617 1902 725 1972 γὰρ
763 1902 854 1955 τὸν
880 1902 957 1974 τῷ
997 1904 1114 1975 ἰδίῳ
1165 1904 1358 1975 αἵματι
1402 1906 1530 1976 περὶ
1567 1906 1854 1978 ἁμαρτιῶν

260 1992 421 2064 ἡμιῖιν
453 1993 741 2065 ἱερατικῶς
769 1995 1151 2066 ίλεωσάμενον,
1168 1997 1429 2069 ἀρχιερέα
1452 1999 1852 2068 κατονομάσαςο

259 2084 324 2138 οὑ
353 2085 456 2156 τὴν
485 2083 709 2157 πρώτην
757 2084 851 2139 τοῦ
879 2083 1219 2154 Μονογενοῦς
1267 2088 1562 2141 ὑπόστασιν
1611 2087 1699 2142 διὰ
1755 2088 1856 2158 τῆς

262 2175 559 2244 ἐποίησεν
608 2177 812 2242 ,λέξεως
868 2178 1233 2248 ἀπαγγέλλει,
1283 2177 1418 2233 ἀλλά
1464 2180 1564 2250 τὴν
1611 2177 1857 2249 συνήθως

264 2269 360 2322 ἐπὶ
392 2270 493 2339 τῆς
539 2267 649 2322 τῶν
682 2270 871 2339 ἱερέων
902 2269 1227 2336 ἀναδείξεως
1255 2270 1667 2343 ὀνομαζομένην
1697 2271 1857 2342 χάριν

267 2362 623 2434 παραστῆσαι
655 2362 844 2428 θέλων,
881 2365 1014 2434 φησὶ
1034 2365 1094 2418 τὸ
1125 2365 1434 2432 ἐποίησεν.
1479 2363 1686 2436 Ἰησοῦς
1727 2363 1856 2436 γὰρ,

269 2453 457 2518 καθώς
479 2470 613 2524 φησι
629 2455 968 2526 Ζαχαρίας,ό
983 2456 1292 2529 ἀρχιερεὺς,
1307 2459 1335 2510 6
1359 2457 1552 2528 μέγας,
1568 2457 1599 2510 6
1617 2455 1709 2509 τὸν
1726 2456 1861 2510 ἴδιον

271 2545 468 2615 ἀμνὸν,
503 2545 648 2598 τοῦτ’
679 2546 795 2599 ἔστι
825 2547 886 2600 τὸ
921 2547 1053 2601 ίδιον
1086 2547 1264 2618 σῶμα,
1291 2548 1432 2619 ὑπὲρ
1462 2548 1560 2618 τῆς
1589 2547 1861 2618 κοσμικῆς

271 2635 553 2706 ἁμαρτίας
585 2636 626 2688 ίε
637 2637 966 2708 ρουργήσας,
991 2638 1020 2690 6
1036 2637 1124 2690 διά
1138 2636 1208 2691 τά
1232 2637 1418 2691 παιδία
1446 2637 1516 2691 τὰ
1547 2655 1863 2709 κεκοινωνηο

272 2727 412 2781 κότα
441 2726 644 2797 σαρκός
675 2744 737 2780 τε
771 2728 866 2780 καὶ
888 2728 1118 2799 αἵματος
1152 2728 1248 2782 καὶ
1276 2727 1440 2792 αὐτὸς
1466 2728 1864 2800 παραπλησίως

271 2816 682 2890 συμμετασχὼν
702 2819 796 2873 τοῦ
821 2821 1071 2889 αἵματος,
1093 2821 1152 2874 οὑ
1177 2821 1314 2875 καθὸ
1339 2822 1396 2875 ὲν
1414 2821 1557 2893 ἀρχῇ
1577 2806 1667 2892 ἦν.
1692 2821 1866 2890 Λόγος

265 2910 354 2964 ὢν
379 2911 474 2964 καὶ
499 2909 652 2978 Θεὸς,
682 2911 776 2964 καὶ
801 2913 858 2964 ὲν
886 2915 1067 2984 μορφῇ
1089 2911 1227 2966 Θεοῦ
1249 2912 1533 2984 ὑπάρχων,
1557 2914 1654 2967 καὶ
1670 2911 1745 2966 ὢν
1772 2909 1867 2967 ἴσα

262 3002 435 3074 Θεῷο
479 3003 616 3058 ἀλλὰ.
659 3004 796 3060 καθὸ
846 3005 1112 3060 ἐκένωσεν
1140 3005 1336 3060 ἑαυτὸν
1374 3007 1432 3059 ἐν
1459 3008 1525 3078 τῇ
1553 3005 1648 3059 τοῦ
1676 3005 1865 3060 δούλου

1956 1814 2023 1868 ad
2066 1813 2320 1870 Hebraeos
2364 1817 2575 1887 aequale
2626 1831 2694 1872 ex
2743 1815 2914 1872 Paulo
2944 1816 3160 1872 discere
3210 1817 3356 1880 licet,
3406 1816 3536 1871 dum

1955 1903 2108 1969 dicit,
2150 1906 2460 1974 apostolum
2482 1913 2536 1961 et
2569 1907 2877 1976 pontiﬁcem
2901 1906 3271 1964 confessionis
3315 1916 3536 1970 nostrae.

1955 1992 2142 2051 Jcsum
2176 2011 2206 2049 a
2238 1994 2347 2050 Deo
2381 1999 2741 2052 constitutum
2776 2012 2922 2062 esse,
2959 1997 3171 2053 ﬁdelem
3192 1997 3241 2053 ei
3264 1997 3358 2069 qui
3411 1997 3541 2052 fecit

1958 2086 2111 2142 illum
2170 2087 2234 2142 ⁸³.
2293 2087 2409 2144 illic
2469 2089 2617 2144 enim
2665 2105 2789 2145 eum
2849 2090 2944 2160 qui
2999 2091 3221 2162 proprio
3273 2089 3541 2161 sanguine

1956 2187 2058 2245 pro
2108 2177 2350 2246 peccatis
2389 2178 2599 2235 nostris
2651 2179 2903 2235 sacriﬁce
2949 2180 3068 2237 sive
3123 2179 3542 2236 sacerdotaiiter

1961 2266 2218 2336 placavit,
2268 2268 2580 2338 pontiﬁcem
2625 2283 2750 2325 cum
2778 2271 3112 2339 nominarit;
3161 2286 3271 2325 non
3307 2271 3541 2341 primam

1964 2355 2236 2428 Unigeniti
2265 2361 2686 2418 subsistentiam
2721 2378 2816 2434 per
2844 2363 3145 2420 dictionem
3178 2363 3301 2432 fecit
3334 2377 3543 2417 renun-

1961 2452 2084 2519 tiat,
2112 2452 2209 2508 sed
2243 2455 2448 2510 usitato
2490 2469 2646 2510 more
2701 2455 2757 2510 in
2812 2455 3165 2511 sacerdotum
3208 2453 3545 2509 indicatioue

1962 2546 2299 2601 nominatam
2333 2548 2561 2619 gratiam
2597 2558 2993 2620 repraesentare
3025 2548 3237 2612 volens,
3264 2548 3363 2611 ait,
3397 2545 3542 2617 fecit.

1961 2635 2118 2693 Jesus
2147 2638 2316 2702 enim,
2348 2638 2492 2694 sicut
2524 2638 2705 2710 inquit
2733 2639 3057 2703 Zacharias,
3101 2655 3325 2710 magnus
3363 2651 3546 2692 sacer-

1963 2727 2144 2782 dotum
2162 2729 2404 2800 princeps
2426 2731 2491 2797 ίδ,
2515 2731 2610 2802 qui
2631 2731 2908 2802 proprium
2932 2746 3155 2802 agnum,
3183 2731 3286 2785 hoc
3313 2737 3395 2786 est
3416 2743 3545 2800 pro-

1968 2819 2148 2890 prium
2189 2834 2395 2891 corpus
2449 2835 2549 2892 pro
2595 2822 2784 2876 mundi
2821 2829 3048 2892 peccato
3094 2820 3419 2886 immolavit,
3447 2819 3542 2890 qui

1969 2919 2190 2983 prepter
2220 2911 2423 2969 ﬁliolas
2457 2913 2551 2984 qui
2595 2913 2894 2986 participes
2927 2922 3058 2970 sunt
3095 2913 3281 2969 carnis
3316 2919 3373 2968 et
3417 2927 3549 2968 sau-

1969 3004 2178 3074 guinis,
2223 3004 2481 3060 similiter
2529 3006 2648 3077 ipse
2697 3006 2980 3076 sanguinis
3028 3007 3305 3078 particeps
3342 3004 3548 3071 tactus,

269 3099 491 3166 μορφῇ,
516 3097 612 3150 καὶ
654 3099 970 3169 προσήγαγε
1015 3097 1459 3170 προσφοράν’καὶ
1501 3097 1691 3151 θυσίαν
1724 3098 1864 3171 ὑπὲρ

1972 3109 2082 3149 non
2112 3104 2383 3165 quatenus
2407 3095 2462 3150 in
2491 3097 2759 3167 principio
2797 3104 2917 3153 erat
2969 3095 3210 3152 Verbum
3264 3105 3318 3152 et
3366 3095 3542 3162 Deus,

266 3187 461 3260 marim-
495 3181 648 3252 οὗτος
669 3187 884 3258 ἐγένετο
914 3189 1118 3260 ἱερεὺς,
1141 3189 1366 3253 πολλαῖς
1387 3187 1612 3261 ὕστερον
1633 3191 1868 3259 γενεαῖς,

270 3278 428 3333 κατά
459 3278 558 3348 τὴν
578 3279 732 3344 τάξιν
761 3281 1115 3352 Μελχισεδέκ.
1163 3279 1282 3335 οἶδε
1313 3281 1371 3335 δὲ
1402 3282 1621 3346 πάντως
1653 3283 1714 3337 τὸ
1743 3286 1874 3355 περὶ

271 3369 477 3425 τούτου
514 3373 826 3444 μυστήριον,
848 3375 876 3427 6
906 3373 980 3445 μὴ
1001 3375 1292 3446 παρέργως
1327 3374 1405 3446 τῷ
1435 3375 1874 3447 πρὸςἘϐραίους

272 3463 659 3534 καθομιλήσας
687 3463 848 3535 λόγῳ.
889 3466 1122 3536 Ὁμοίως
1169 3464 1264 3520 οὖν
1307 3465 1542 3521 ἐνταῦθά
1584 3483 1643 3520 τε
1695 3466 1876 3537 ἱερεὺς

277 3554 387 3608 καὶ
407 3555 739 3620 ἀπόστολος,
773 3557 936 3610 κάκεῖ
961 3558 1163 3629 Κύριος
1177 3559 1270 3611 καὶ
1288 3557 1522 3631 Χριστὸς
1547 3560 1743 3629 πεποιῆ
1754 3556 1876 3611 σθαι

278 3646 529 3715 λέγεται·
556 3647 618 3700 τὸ
651 3645 750 3718 μὲν
768 3688 782 3712 ,
809 3647 885 3711 ὼς
911 3648 1046 3720 πρὸς
1071 3647 1170 3720 τὴν
1200 3648 1338 3720 ὑπὲρ
1361 3648 1517 3720 ἡμῶν
1541 3647 1873 3719 οῖκονομίαν’

278 3740 354 3794 τὸ
386 3740 444 3794 δὶ
476 3739 563 3794 διὰ
585 3741 684 3814 τὴν
711 3741 848 3813 πρὸς
869 3740 930 3794 τὸ
960 3742 1116 3795 Θεῖον
1146 3742 1241 3796 τοῦ
1273 3741 1614 3814 ἀνθρωπίνου
1651 3739 1878 3812 μεταϐο-

283 3835 479 3905 λήντε
509 3833 604 3887 καὶ
644 3834 1019 3906 μετιιϊιοίιιλσιν⁹
1079 3835 1298 3907 ποίησιν
1335 3835 1445 3906 γάρ
1486 3835 1516 3887 6
1558 3833 1880 3898 Ἀπόστολος

281 3925 442 3993 λέγει
473 3924 574 3997 τὴν
603 3925 981 3997 μεταποίησιν.
1021 3927 1232 3980 Οὑκοῦν
1259 3927 1522 3999 πρόδηλος
1548 3928 1582 3997 ἠ
1611 3942 1881 3994 συκοφαν-

281 4017 386 4071 ei:
407 4015 518 4070 τῶν
543 4016 822 4082 ἐναντίων,
855 4016 923 4071 τὰ
951 4018 1051 4090 τῆς
1081 4018 1391 4090 οἰκονομίας
1424 4021 1644 4090 ῥήματα
1675 4018 1755 4082 εἰς
1782 4016 1881 4089 τὴν

283 4106 624 4180 προαιώνιον
681 4107 978 4163 ὑπόστασιν
1041 4109 1456 4181 ὲπηρεαστικῶς
1503 4108 1880 4181 ἁρπαζόντων.

283 4199 435 4254 οὐδὲ
483 4199 593 4270 γὰρ
638 4199 841 4270 ὁμοίως
885 4198 1164 4270 ἐμάθομεν
1214 4198 1368 4271 παρὰ
1419 4199 1514 4252 τοῦ
1557 4197 1882 4254 Ἀποστόλου

285 4291 590 4361 γινώπειν
615 4290 850 4361 Χριστὸν
879 4289 976 4344 νῦν
1017 4307 1078 4344 τε
1119 4291 1213 4344 καὶ
1253 4290 1550 4362 πρότερον,
1590 4289 1763 4353 οὓτως
1805 4291 1886 4343 εῖ-

287 4380 496 4444 πόντος
517 4380 612 4434 τοῦ
634 4379 870 4443 Παύλου,
894 4380 975 4433 ὅτι
1001 4383 1071 4435 Ei
1087 4379 1183 4434 καὶ
1204 4379 1546 4450 ἐγνώκαμέν
1567 4396 1712 4434 ποτε
1735 4379 1886 4433 κατὰ

1973 3186 2138 3242 etiam
2168 3187 2222 3241 in
2252 3185 2426 3243 forma
2463 3185 2559 3243 Dei
2601 3189 2902 3254 cxsistens,
2959 3197 3014 3246 et
3047 3205 3172 3244 cum
3225 3188 3338 3244 Deo
3369 3203 3553 3258 aequa-

1976 3278 2099 3333 liter
2133 3293 2194 3334 se
2236 3277 2471 3346 habens,
2525 3261 2620 3335 sed
2684 3295 2794 3350 qua
2857 3279 3098 3351 seipsum
3154 3279 3460 3336 exinanivit
3497 3277 3554 3334 in

1984 3366 2160 3423 forma
2191 3368 2359 3433 servi,
2390 3375 2448 3424 et
2479 3385 2539 3425 se
2561 3369 2893 3426 oblationem
2922 3377 2978 3426 et
3009 3370 3342 3427 sacriﬁcium
3373 3371 3538 3424 obtu-

1977 3459 2040 3514 lit
2071 3473 2170 3530 pro
2199 3459 2384 3527 nobis,
2417 3459 2508 3516 hic
2537 3467 2655 3516 erat
2701 3460 2962 3517 sacerdos
3002 3461 3196 3516 multis
3229 3467 3351 3530 post
3393 3475 3559 3532 gene-

1978 3553 2281 3609 rationibus
2307 3551 2610 3609 secundum
2637 3553 2890 3610 ordinem
2936 3553 3360 3610 Melchisedech.
3394 3551 3559 3607 Novit

1979 3645 2142 3715 plane
2173 3643 2242 3700 de
2276 3644 2380 3700 hoc
2415 3647 2762 3717 mysterium,
2794 3647 2888 3716 qui
2939 3662 3049 3700 non
3081 3646 3285 3715 frigide
3347 3655 3400 3700 et
3436 3645 3558 3700 lan-

1981 3735 2141 3805 guide
2163 3736 2216 3789 in
2247 3750 2500 3790 sermone
2530 3735 2599 3790 ad
2629 3735 2888 3792 Hebraaos
2920 3737 3252 3814 collocutus.
3286 3734 3562 3791 Similiter

1981 3828 2167 3898 igitur,
2187 3827 2371 3897 ibique
2404 3826 2665 3884 sacerdos
2693 3837 2746 3883 et
2777 3827 3091 3898 apostolus,
3121 3838 3175 3884 et
3208 3827 3320 3882 illic
3367 3825 3562 3881 Domi-

1983 3933 2087 3973 nus
2118 3928 2172 3975 et
2199 3919 2456 3976 Christus
2483 3921 2661 3976 factus
2685 3935 2806 3976 esse
2836 3920 3064 3984 dicitur,
3100 3921 3296 3991 partim
3333 3921 3562 3992 quidem

1985 4020 2044 4068 ut
2073 4013 2139 4068 ad
2175 4013 2544 4068 oeconomiam
2575 4011 2652 4085 (id
2685 4025 2768 4070 est
2801 4016 3299 4089 dispensationem)
3331 4031 3428 4086 pro
3458 4032 3561 4070 no-

1985 4106 2105 4174 bis;
2140 4107 2337 4174 partim
2362 4121 2492 4162 vero
2521 4117 2743 4176 propter
2777 4105 3138 4161 humanitatis
3197 4106 3250 4160 in
3298 4107 3562 4161 divinita-

1984 4205 2094 4254 tem
2118 4198 2657 4253 transformationem
2680 4198 3238 4254 etinstaurationem.
3265 4198 3399 4253 Nam
3423 4201 3565 4268 Apo-

1988 4292 2163 4346 stolus
2206 4291 2280 4345 ibi
2345 4291 2560 4362 ποίησιν
2615 4290 2886 4359 facturam
2957 4290 3212 4359 intelligit
3265 4293 3567 4362 μεταποίη-

1991 4397 2075 4433 σιν
2155 4379 2494 4450 refeclionem
2550 4381 2668 4436 sive
2731 4381 3200 4436 instaurationem.
3275 4383 3567 4438 Manifesta

287 4472 500 4542 σάρκα
534 4473 823 4543 Χριστὸν,
871 4472 1031 4527 ἀλλὰ
1078 4472 1194 4526 νῦν
1242 4472 1447 4528 οὐκέτι
1487 4471 1881 4543 γινώσκομεν,

1990 4471 2157 4542 igitur
2210 4470 2483 4526 calumnia
2539 4471 3015 4536 adversariorum,
3068 4474 3372 4528 mcenomia:
3419 4475 3570 4541 (dis-

290 4564 378 4627 ὠς
414 4564 631 4634 ἐκείνης
661 4565 762 4634 τῆς
789 4563 1042 4633 γνώσεως
1077 4563 1178 4632 τὴν
1211 4565 1544 4635 πρόσκαιρον
1572 4564 1885 4634 οἰκονομίαν

289 4657 462 4727 δηλού
473 4673 590 4722 της,
603 4657 759 4710 τοῦτο
773 4657 828 4710 δὲ
843 4657 940 4728 τὴν
956 4657 1125 4710 ἀΐδιον
1144 4657 1254 4710 ὖπα
1263 4655 1396 4727 ρξιν,
1421 4655 1631 4709 Οὐκοῦν
1649 4655 1888 4726 μετρίως

294 4751 436 4820 ἡμῖν
462 4751 491 4802 ό
512 4749 670 4817 λόγος
701 4749 843 4820 ὑπὲρ
870 4750 978 4802 τῶν
1005 4749 1366 4820 ἐγκλημάτων
1388 4747 1805 4819 ἀπολελόγηται,
1827 4745 1890 4798 τὸ

299 4841 446 4911 μήτε
477 4839 570 4892 δύο
588 4841 825 4910 νομίζειν
846 4841 1112 4911 Χριστοῦς
1141 4840 1449 4912 ἢΚυρίους,
1481 4841 1615 4911 μήτε
1641 4837 1891 4909 ἐναισχὺ-

295 4933 497 4988 νεσθαι
528 4933 606 5004 τῷ
643 4933 880 5006 σταυρῷ,
913 4936 1047 5004 μήτε
1074 4933 1251 4987 κοινὸν
1299 4933 1582 5004 ἄνθρωπον
1615 4933 1758 5004 ὑπὲρ
1793 4931 1889 4985 τοῦ

298 5024 513 5095 κόσμου
541 5025 867 5078 πεπονθέναι
899 5026 1160 5091 δοξάζειν,
1194 5027 1330 5097 μήτε
1364 5026 1470 5095 μὴν
1502 5024 1563 5076 τὸ
1595 5024 1891 5090 ἐποίησεν

302 5118 390 5180 είς
455 5117 555 5187 τὴν
605 5121 704 5187 τῆς
771 5119 958 5182 οὐσίας
1021 5117 1364 5188 κατασκευὴν
1415 5113 1624 5168 οἴεσθαι
1682 5114 1890 5185 φέρειν.

303 5207 421 5274 τῆς
471 5205 527 5259 δὲ
583 5206 833 5277 τοιαύτης
869 5205 1024 5276 ἡμῶν
1078 5205 1417 5275 ὑπολήψεως,
1445 5205 1506 5256 οὐ
1551 5202 1750 5274 μικρὰν
1783 5203 1894 5272 ἔχει

311 5299 442 5367 παρ’
474 5296 638 5350 αὑτοῦ
677 5297 772 5350 τοῦ
802 5298 1109 5368 κατηγόρου
1157 5298 1254 5367 τὴν
1298 5298 1613 5368 συμμαχίαν
1647 5299 1676 5350 ό
1712 5297 1889 5365 λόγος,

307 5389 368 5439 ὲν
395 5380 480 5446 οἷς
504 5385 707 5456 μεταεὺ
732 5386 1110 5456 καταφορικῶς
1125 5386 1258 5454 ἡμῖν
1272 5386 1297 5438 ὲ
1308 5385 1583 5438 πελαύνων
1597 5384 1694 5456 τὴν
1713 5385 1889 5454 γλῶσ-

311 5494 432 5542 σαν,
464 5479 560 5531 καὶ
583 5477 738 5530 τοῦτο
769 5477 1030 5548 προφέρει
1054 5516 1070 5540 ,
1104 5477 1187 5529 ὅτι
1209 5478 1438 5544 Ταύτην
1460 5479 1664 5546 μέντοι
1687 5478 1893 5546 μάχην

309 5572 498 5636 αὐτὸς
519 5570 668 5638 πρὸς
697 5570 913 5623 ἑαυτὸν
954 5567 1233 5637 ἀναφέρει
1265 5569 1602 5635 Βασίλειος,
1643 5568 1740 5622 add
1783 5569 1895 5624 όεί-

389 5747 435 5777 ⁸³
478 5746 708 5821 Philipp.
747 5767 817 5817 ll,
852 5752 882 5806 6
917 5768 1036 5822 sqq.

1985 4563 2601 4634 pensationiskocabula
2642 4563 2707 4617 ad
2743 4575 3002 4617 aeternam
3040 4572 3168 4618 ante
3208 4566 3408 4619 saecula
3433 4569 3566 4620 sub-

1988 4656 2292 4712 sistentiam
2341 4655 2681 4711 calumniose
2744 4655 3097 4723 rapientium.
3156 4655 3343 4725 Neque
3419 4657 3564 4710 enim

1990 4750 2250 4803 similiter
2278 4756 2332 4804 et
2379 4763 2527 4802 nunc
2572 4756 2627 4803 et
2676 4750 2831 4819 prius
2868 4749 2937 4803 ab
2976 4748 3240 4819 Apostolo
3281 4748 3568 4803 Christum

1990 4855 2321 4911 cognoscere
2347 4839 2661 4904 didicimus,
2693 4841 2774 4895 sic
2799 4840 3016 4895 dicente
3040 4839 3208 4895 Paulo
3242 4860 3256 4896 :
3293 4839 3360 4895 Et
3393 4843 3438 4894 si
3467 4840 3564 4892 ali-

1990 4931 2200 5003 quando
2277 4932 2611 5002 cognovimus
2657 4931 2943 4985 secundum
3005 4949 3216 4988 carnem
3277 4932 3570 4992 Christum,

1992 5023 2080 5078 sed
2113 5039 2250 5076 nunc
2272 5021 2389 5091 jam
2429 5038 2530 5076 non
2567 5022 2803 5076 novimus
2824 5023 2866 5053 ¹³
2891 5039 2906 5089 ;
2936 5023 3094 5092 quasi
3122 5024 3208 5076 illa
3235 5021 3456 5092 quidem
3478 5035 3575 5074 co-

1994 5115 2168 5184 gnitio
2215 5113 2606 5182 temporariam
2641 5112 3112 5183 dispensationem
3145 5113 3408 5178 declaret,
3454 5112 3572 5166 haec

1991 5219 2121 5258 vero
2170 5211 2430 5258 aeternam
2495 5203 2878 5259 exsistentiam
2945 5205 3170 5259 indicet.
3211 5203 3328 5258 Non
3397 5204 3569 5274 igitur

1995 5294 2344 5349 mediocriter
2400 5293 2727 5349 criminibus
2759 5294 3070 5350 refellendis
3105 5297 3242 5350 ratio
3274 5296 3432 5352 nobis
3465 5297 3565 5350 de-

1997 5387 2303 5443 fensionem
2337 5387 2540 5452 attulit,
2577 5387 2724 5458 quod
2764 5403 2943 5458 neque
2986 5387 3125 5444 duos
3161 5388 3435 5455 Christos,
3480 5391 3567 5446 vel

1997 5476 2257 5531 Domiuos
2282 5475 2680 5541 existimemus,
2713 5493 2887 5547 neque
2903 5494 3120 5534 erucem
3156 5481 3568 5547 erubescamus.

2000 5585 2179 5640 neque
2223 5583 2568 5622 communem
2628 5569 2900 5626 hominem
2955 5587 3052 5644 pro
3102 5572 3308 5644 mundo
3349 5589 3572 5645 passum

1115 5751 1158 5782 "
1187 5750 1343 5806 liehr.
1384 5768 1462 5818 ιιι,
1503 5751 1546 5809 Ι.
1629 5755 1669 5785 ⁸⁸
1709 5753 1877 5810 Zach.
1911 5770 1991 5816 ιιι,
2025 5755 2068 5807 l.
2151 5752 2192 5783 "
2236 5751 2274 5806 ll
2297 5752 2422 5806 Cor.
2457 5767 2507 5813 ν,
2547 5749 2626 5804 l6.
