3992 6210
258 282 368 371 τοι

1391 313 1682 372 CONTRA
1718 313 2112 381 EUNOMIUM,
2154 315 2284 373 ΜΒ.
2328 318 2416 375 Vl.

3438 268 3546 373 τε»

268 427 373 499 ῑμέ
395 423 494 479 τὸν
541 426 598 482 ἓν
644 427 720 499 τῷ
754 426 926 500 Harp!
957 427 1105 495 ὄντα,
1144 427 1305 485 αὐτὸν
1343 428 1551 485 ἐκεῖνον
1595 431 1855 503 ἑωρακὼς

1964 434 2390 505 εοηιροτνίιίοιιι.
2444 431 2507 486 Et
2557 433 2602 488 si
2657 433 2760 489 ltoc
2815 430 3040 498 videris,
3088 432 3268 503 ipsum
3325 430 3543 488 Patrem

268 521 422 573 ἔσται
443 518 541 573 τδν
568 513 686 590 tu;
707 523 837 594 είμι,
863 520 942 593 τῷ
964 521 1056 576 τδν
1074 521 1237 578 αὐτὸν
1256 524 1579 596 χαρακτῆρα
1615 524 1714 595 τῆς
1738 524 1857 577 θεύ-

268 625 431 679 τητος
459 610 563 663 tu”
576 612 781 682 ἀμφοῖν
803 612 1157 686 καθορᾶσθαι.
1209 615 1319 686 Τὴν
1344 610 1437 669 οὖν
1464 616 1738 688 ἀκήρατον
1767 617 1859 669 καὶ

270 702 462 773 ἀπαθῆ
490 703 585 757 καὶ
616 703 871 759 ἀκτιστον
911 706 1094 775 φύσιν,
1138 709 1196 762 έν
1236 706 1314 779 τῷ
1349 706 1580 779 παθητῷ
1616 709 1714 780 τῆς
1742 709 1859 762 κτί-

272 809 413 857 σεως
453 795 786 866 γεγενῆσθαι
823 798 1187 863 πιστεύοντες,
1237 800 1328 854 καὶ
1358 801 1421 853 ὲκ
1446 798 1653 869 τούτων
1678 799 1860 854 νοοῦνο

265 902 360 949 τες
412 886 511 958 τὴν
567 886 891 941 ἀλλοίωσιν·
941 888 1059 954 πῶς
1107 889 1269 944 αὐτὸν
1320 892 1401 954 είς
1452 891 1643 945 ἑαυτὸν
1697 908 1858 945 κεκε-

268 975 478 1030 νῶσθαι
515 977 697 1046 λέγειν
744 979 1199 1053 κατηγορούμεθα
1270 982 1421 1054 παρᾶ
1449 981 1557 1036 τῶν
1606 981 1699 1036 τὸν
1729 982 1859 1035 ἴδιον

268 1063 429 1133 λόγον
456 1068 569 1130 τοῖς
602 1068 893 1140 ἡμετέροις
929 1070 1195 1140 δόγμασιν
1224 1071 1726 1143 ἐπιθρυλλούντων;
1751 1071 1856 1126 Τοῦ

267 1156 381 1227 γὰρ
419 1158 639 1210 κτιστοῦ
671 1156 815 1229 πρὸξ
849 1159 939 1213 τὸν
977 1160 1196 1215 κτιστδν
1245 1164 1281 1234 ἡ
1312 1162 1584 1229 κοινωνία,
1633 1163 1859 1234 οὐδεμία

267 1246 455 1314 δεξιᾶς
506 1251 655 1303 ἐστιν
694 1250 999 1317 ἀλλοίωσις.
1081 1252 1320 1326 Κτιστὴν
1374 1253 1483 1326 γὰρ
1533 1253 1715 1322 δεξιὰν
1761 1255 1860 1325 τῆς

270 1340 524 1396 ἀκτίστου
556 1341 771 1412 φύσεως
793 1342 992 1412 λέγειν,
1019 1345 1284 1416 Εὐνομίον
1313 1345 1496 1417 μόνον,
1529 1348 1623 1401 καὶ
1652 1346 1761 1400 τῶν
1790 1346 1857 1399 τά

265 1433 434 1503 ὃμοια
477 1433 654 1505 τούτῳ
702 1435 1041 1506 φρονούντων
1082 1438 1248 1492 ἐστίν.
1319 1438 1379 1492 '0
1426 1438 1536 1511 γὰρ
1574 1438 1852 1510 ὀφθαλμὸν

264 1524 408 1596 ἔχων
435 1526 572 1598 πρὸς
605 1526 705 1598 τὴν
736 1527 990 1599 ἀληθειαν
1020 1527 1301 1598 βλέποντα,
1323 1526 1435 1582 οἷον
1468 1529 1561 1582 τὸν
1596 1529 1857 1599 ’Ὕψιστον

266 1618 390 1688 δρᾷ,
416 1616 674 1689 τοιαύτην
705 1617 799 1672 καὶ
822 1618 922 1691 τὴν
952 1617 1132 1686 δεξιὰν
1151 1619 1244 1673 τοῦ
1260 1619 1513 1689 Ὑψίστου
1541 1619 1856 1689 κατόψεται,

263 1710 527 1763 ἆκτιστον
547 1708 824 1773 ἀκτίστου,
850 1708 1058 1780 ἀγαθοῦ
1081 1709 1315 1783 ἀγαθὴν,
1341 1711 1513 1766 ἀϊδίου
1540 1711 1729 1776 ἀΐδιον,
1760 1727 1857 1782 μη-

1961 540 2122 593 quem
2173 523 2377 592 quzeris
2407 521 2615 587 videre,
2658 523 2892 578 intuitus
2935 540 3018 579 es.
3068 524 3174 590 Qui
3217 523 3362 578 enim
3408 524 3545 579 υἱάσι

1961 632 2043 669 me
2074 613 2158 681 η,
2217 629 2324 669 non
2365 629 2491 669 cum
2541 615 2638 686 qui
2688 624 2911 686 apparet
2961 616 3017 671 in
3076 617 3402 680 mutatione,
3448 618 3545 672 sed

1959 721 2088 759 vere
2123 720 2227 772 me,
2264 708 2354 775 qui
2397 721 2517 761 sum
2566 706 2621 760 in
2669 705 2852 769 Patre,
2908 705 3083 777 ipsum
3138 708 3291 762 illum
3340 708 3546 764 videbit

1960 796 2016 850 in
2066 810 2175 866 quo
2221 812 2364 859 sum,
2407 796 2534 867 quia
2593 796 2737 852 idem
2800 797 3089 854 character
3133 798 3438 857 divinitatis
3487 802 3543 856 in

1961 888 2224 943 ambobus
2254 890 2615 959 conspicitur.
2664 890 3032 946 immortalem
3064 892 3232 963 igitur
3273 900 3328 947 et
3367 892 3544 961 impa-

1961 979 2171 1033 tibilem
2214 989 2269 1037 et
2318 981 2617 1036 increatam
2662 988 2918 1036 naturam
2952 982 3007 1036 in
3038 982 3247 1052 patibili
3288 994 3543 1038 creatura

1960 1071 2268 1135 credentes,
2303 1081 2358 1127 et
2394 1072 2448 1127 in
2490 1072 2577 1128 bis
2613 1073 2972 1127 mutationem
3002 1074 3388 1145 intelligentes,
3410 1089 3542 1145 quo-

1962 1162 2124 1216 modo
2173 1163 2349 1233 ipsum
2401 1165 2457 1219 in
2507 1165 2752 1235 seipsum
2807 1166 3146 1220 exinanitum
3183 1182 3310 1223 esse
3358 1166 3542 1222 dicere

1962 1252 2347 1307 insimulaatur
2426 1254 2496 1310 ab
2534 1255 2601 1310 iis
2651 1256 2745 1326 qui
2784 1272 2940 1311 suam
2986 1256 3253 1312 rationem
3304 1272 3414 1327 prae
3444 1273 3544 1313 no-

1961 1346 2092 1400 stris
2144 1346 2386 1402 decretis
2437 1349 2759 1404 vcnditant?
2795 1350 2977 1407 Creati
3008 1351 3152 1407 enim
3198 1350 3266 1404 ad
3296 1359 3542 1406 creatum

1960 1436 2300 1500 communio,
2339 1435 2491 1492 nulla
2514 1446 2600 1493 est
2632 1437 2842 1510 dextrte
2867 1441 3117 1499 mutatio.
3145 1439 3279 1495 Nam
3301 1450 3540 1517 creatam

1960 1524 2206 1580 dextram
2260 1528 2523 1585 inercata:
2578 1538 2790 1587 natura:
2855 1537 3165 1597 autumare,
3230 1531 3408 1588 solius
3456 1540 3543 1587 est

1960 1617 2239 1685 Ennomii,
2281 1632 2334 1676 et
2384 1638 2576 1679 eorum
2619 1624 2713 1693 qui
2748 1623 2948 1679 similia
2982 1638 3108 1680 cum
3153 1638 3222 1680 eo
3269 1624 3540 1681 sentiunt.

1960 1708 2062 1776 Qui
2102 1711 2248 1767 enim
2288 1713 2509 1768 oculum
2548 1714 2710 1770 habet
2737 1714 2806 1769 ad
2835 1714 3123 1771 veritatem
3157 1722 3536 1777 contneutem.

262 1801 356 1855 δέν
390 1800 494 1873 τὴν
528 1803 808 1876 ἀῖδιότητα
852 1801 946 1856 τοῦ
990 1802 1263 1875 γεννητῶς
1314 1799 1452 1857 εἶναι
1485 1802 1654 1874 αὐτὴν
1688 1803 1745 1855 ἐν
1783 1801 1859 1872 τῷ

1964 1802 2179 1870 qualem
2200 1798 2547 1860 Altissimum
2581 1805 2747 1870 videt,
2779 1806 2943 1861 talem
2980 1813 3035 1861 et
3073 1805 3352 1862 dexteram
3378 1804 3543 1862 Altis-

266 1893 447 1966 Πατρὶ
481 1895 977 1959 καταϐλάπτοντος.
1012 1894 1174 1948 Ὥστε
1196 1894 1417 1966 λέληθεν
1453 1895 1644 1948 ἑαυτὸν
1673 1895 1701 1947 ὁ
1728 1912 1860 1947 κατ-

261 1986 466 2057 ήγορος
484 1990 597 2052 τοῖς
616 1987 762 2051 ἰδίοις
775 1986 1002 2040 ὀνείδεσι
1024 1985 1144 2040 καθ’
1162 1988 1196 2058 ἡ
1203 1986 1318 2058 μῶν
1336 1985 1636 2058 χρώμενος,
1653 1984 1785 2056 πρὸς
1802 1983 1860 2038 δὲ

260 2078 391 2142 τοὺς
415 2078 495 2149 τῷ
523 2077 688 2133 πάθει
715 2077 1171 2152 προσπταίοντας,
1212 2080 1307 2133 καὶ
1333 2078 1421 2132 διά
1451 2077 1642 2133 τούτου
1685 2095 1858 2132 κατα-

260 2167 639 2234 σκευάζοντας
678 2169 778 2241 τὴν
820 2169 931 2223 τῶν
983 2167 1182 2224 οὐσιῶν
1233 2170 1529 2242 ἑτερότητα
1556 2184 1571 2199 '
1630 2169 1706 2234 ὼς
1765 2168 1858 2222 τοῦ

258 2258 485 2331 Πατρδς
516 2261 616 2332 μὲν
643 2260 734 2315 διὰ
777 2261 838 2316 τδ
868 2262 1138 2333 ὑπερέχον
1190 2262 1293 2331 τῆς
1325 2260 1540 2331 φύσεως
1584 2262 1645 2317 οὐ
1688 2278 1856 2332 παρι-

256 2351 562 2423 δεχομένου
601 2353 664 2407 τὸ
712 2354 904 2419 πάθος,
941 2353 1032 2408 τοῦ
1073 2352 1205 2408 Υίοῦ
1255 2352 1313 2407 δὲ
1350 2353 1439 2416 διὰ
1487 2353 1550 2407 τὸ
1591 2352 1856 2416 καταδεὲς

257 2446 363 2501 καὶ
389 2445 849 2518 παρηλλαγμένον
878 2446 1013 2520 πρὸς
1040 2445 1135 2525 τὴν
1160 2445 1270 2501 τῶν
1301 2445 1641 2518 παθημάτων
1666 2460 1854 2498 κοινω-

256 2537 387 2592 νίαν
420 2538 832 2607 συγκατιόντος.

1959 1894 2086 1949 simi
2125 1897 2586 1965 contemplabitur
2615 1908 2629 1947 :
2660 1893 2958 1952 increatam
2993 1895 3244 1967 increati,
3288 1897 3414 1954 boni
3446 1898 3543 1953 b0-

1957 1997 2111 2049 nam,
2156 1992 2417 2039 aeternam
2453 1986 2665 2050 atcrni,
2702 2000 2827 2040 cum
2865 1986 3002 2061 nibil
3031 1987 3391 2045 aeternitatem
3419 1988 3540 2058 ejus

1957 2072 2228 2140 oﬂ‘endat,
2269 2074 2414 2146 quod
2453 2090 2551 2146 per
2587 2075 2811 2133 modum
2842 2078 3214 2150 generationis
3251 2078 3323 2136 sit
3352 2079 3411 2134 in
3437 2078 3542 2133 Pa-

1959 2176 2065 2223 tre.
2100 2165 2284 2238 Qaare
2305 2166 2500 2225 fefellit
2526 2168 2768 2240 seipsum
2789 2176 3103 2234 accusator,
3139 2169 3276 2243 dum
3305 2169 3539 2241 propriis

1960 2260 2229 2317 conviciis
2260 2266 2316 2315 et
2350 2259 2582 2332 probris
2608 2268 2812 2319 contra
2832 2276 2934 2348 aps
2966 2262 3465 2328 ntitnr,.nesciens
3479 2276 3540 2317 se

1960 2351 2066 2413 hoc
2113 2348 2373 2425 proferre.
2399 2350 2670 2408 adversus
2709 2366 2809 2408 eos
2853 2353 2948 2423 qui
2983 2354 3038 2407 in
3081 2352 3408 2422 passionem
3438 2352 3541 2408 im-

1958 2445 2211 2515 pingunt,
2243 2453 2295 2499 et
2319 2442 2547 2513 perboc
2572 2444 2937 2503 essentiarum
2967 2445 3347 2501 diversitatem
3380 2444 3540 2516 (alte-

1968 2535 2207 2605 ritatem)
2263 2541 2599 2605 praestruunt
2626 2554 2639 2589 :
2690 2535 2848 2606 quasi
2882 2534 3040 2601 Pater
3066 2535 3288 2606 quidem
3320 2543 3541 2606 propter

254 2638 483 2687 natura:
553 2629 935 2691 excellentiam
987 2628 1102 2687 sive
1151 2630 1500 2688 eminentiam
1583 2631 1895 2704 passionem
1969 2643 2084 2684 non
2133 2625 2412 2695 admittat,
2470 2626 2653 2685 Eilius,
2696 2642 2824 2683 vero
2882 2635 3105 2698 propter
3154 2626 3429 2685 delectum
3485 2637 3542 2684 ot

256 2719 627 2777 immutatum
653 2726 861 2777 statum
908 2719 976 2775 ad
1025 2723 1442 2794 perpessionum
1483 2726 1927 2786 conminnionem
1961 2717 2282 2778 descendat.

336 2811 531 2866 Ταῦτα
558 2813 875 2884 προσθεῖναι
913 2811 1175 2886 βούλομαι
1218 2816 1331 2879 τοῖς
1376 2815 1724 2888 εἰρημένοις,
1770 2817 1853 2871 ὃτι

2025 2812 2153 2868 llam
2189 2811 2355 2867 dictis
2398 2809 2643 2881 adjicere
2677 2810 2798 2868 volo
2837 2828 2852 2868 :
2905 2811 3053 2883 quod
3109 2815 3415 2871 secundum
3446 2832 3542 2873 ve-

253 2904 422 2961 οὒᾶν
452 2905 594 2959 κατά
635 2903 895 2977 ἀλήθειαν
920 2905 1089 2971 πάθος
1119 2907 1267 2961 ἐστὶν
1294 2906 1323 2961 δ
1355 2908 1429 2980 μὴ
1466 2909 1548 2974 είς
1579 2908 1853 2981 ἁμαρτίαν

1964 2907 2174 2962 ritatem
2218 2903 2370 2961 nulla
2419 2910 2529 2962 est.
2558 2904 2769 2975 passio,
2823 2920 2947 2976 qua:
2974 2912 3108 2963 'nou
3146 2908 3213 2962 ad
3250 2917 3540 2979 peccatum

254 2996 450 3069 φέρει.
485 2996 619 3052 Οὐδὲ
665 2995 872 3069 κυρίως
902 2995 967 3052 ἀν
1019 3014 1103 3063 τις
1144 2998 1234 3053 τὸν
1277 2998 1576 3069 ἀναγκαῖον
1611 3001 1711 3072 τῆς
1752 2999 1856 3071 φύ-

1954 2997 2115 3053 l'erat.
2174 2994 2368 3065 Neque
2416 2994 2644 3065 proprie
2706 2994 2834 3066 quis
2898 2997 3272 3057 necessariam
3331 3007 3543 3055 natum

254 3105 409 3154 σεως
448 3088 639 3159 είρμὺν
672 3086 845 3152 πάθος
877 3087 1047 3159 λέγοι,
1080 3088 1291 3160 βλέπων
1335 3089 1440 3162 ὁδῷ
1475 3089 1768 3173 προϊοῦσαν
1797 3092 1855 3143 ἐν

1964 3088 2178 3154 seriem,
2204 3086 2398 3152 πάθος,
2430 3086 2484 3141 id
2507 3092 2593 3143 est
2617 3086 2955 3157 passionem,
2979 3101 3079 3143 seu
3110 3086 3367 3144 aﬂ‘ectum
3391 3089 3542 3146 dixe-

252 3180 423 3247 τάξει
452 3180 560 3234 τινὶ
590 3180 683 3234 καὶ
706 3179 998 3253 ἀκολουθίᾳ
1029 3179 1407 3253 τὴν-σύνθετον
1436 3182 1618 3251 φύσιν.
1654 3182 1721 3235 Ἠ
1744 3181 1854 3254 γάρ

253 3270 381 3326 τῶν
420 3271 731 3343 Remmith
785 3272 1062 3344 στοιχείων
1113 3273 1250 3347 πρὸς
1296 3274 1503 3346 ἄλληλα
1556 3274 1851 3347 συνδρομὴ,

255 3361 415 3417 κατὰ
459 3361 561 3435 τὴν
602 3360 697 3415 τοῦ
732 3360 983 3434 σώματος
1019 3363 1177 3435 ἡμῶν
1209 3366 1573 3438 κατασκευὴν,
1607 3365 1854 3430 σύνθεσίς

256 3452 352 3519 τίς
386 3454 506 3508 ἐστι
533 3454 622 3510 διὰ
651 3454 917 3513 πλειόνων
951 3456 1220 3531 ἀνομοίων
1247 3456 1616 3531 ἀρμοζομένη.
1664 3459 1853 3513 Ἐκλύ-

259 3545 460 3619 θείσης
496 3546 554 3600 δὲ
595 3546 675 3617 τῷ
719 3545 1012 3617 καθήκοντι
1045 3546 1222 3620 καιρῷ
1263 3550 1361 3620 τῆς
1389 3549 1712 3621 συνδεούσης
1756 3549 1856 3623 τὴν

259 3636 379 3690 τῶν
431 3637 709 3708 στοιχείων
744 3638 1051 3710 συνδρομὴν
1094 3638 1401 3711 ἀρμονίαςκ
1430 3640 1593 3696 πάλιν
1641 3642 1702 3694 τὸ
1735 3642 1857 3697 σύν-

261 3729 429 3781 θετον
466 3728 548 3791 είς
591 3727 662 3782 τά
703 3728 764 3795 ἐξ
814 3723 890 3784 ὧν
936 3730 1263 3803 συνέστηκεν
1295 3730 1605 3789 ἀναλύεται.
1654 3731 1855 3803 Ἔργον

258 3813 365 3871 οὗν
402 3818 521 3870 ἐστι
550 3818 711 3873 τοῦτο
742 3817 964 3889 μᾶλλον,
994 3820 1090 3873 καὶ⁵
1119 3819 1240 3893 οὐχὶ
1273 3820 1443 3885 πάθος
1474 3821 1573 3892 τῆς
1618 3820 1852 3891 φύσεως.

262 3906 458 3960 Μόνον
495 3905 606 3977 γάρ
644 3907 705 3961 τὸ
730 3906 791 3972 ἐξ
816 3908 1059 3963 ἐναντίου
1088 3910 1157 3981 τῇ
1187 3909 1330 3964 κατά
1354 3909 1453 3981 τὴν
1483 3910 1685 3982 ἀρετὴν
1714 3911 1856 3967 ἀπα·

263 4000 398 4072 θείᾳ
449 3998 760 4071 νοούμενον,
791 4000 997 4073 κυρίως
1028 4000 1508 4075 προσαγορεύομεν
1553 4002 1753 4065 πάθος·
1796 3996 1857 4056 οὗ

264 4091 365 4144 καὶ
395 4091 462 4142 ὲν
489 4092 557 4161 τῇ
592 4090 845 4162 κοινωνίᾳ
878 4090 980 4161 τῆς
1024 4091 1299 4163 ἡμετέρας
1341 4091 1557 4163 φύσεως
1592 4094 1858 4165 ἀμέτοχον

262 4183 551 4254 διαμεῖναι
594 4181 686 4237 τὸν
723 4182 825 4254 τὴν
863 4182 1137 4255 σωτηρίαν
1180 4184 1311 4255 ἡμῖν
1344 4182 1701 4255 χαριζόμενον
1760 4200 1857 4237 πε-

267 4273 675 4345 πιστεύκαμεν,
711 4273 803 4328 τὸν
857 4275 1293 4347 πεπειρασμένον
1330 4274 1471 4329 κατά
1509 4275 1686 4330 πάντα
1738 4275 1858 4333 καθ’

264 4366 572 4438 ὁμοιότητα
605 4366 775 4437 χωρὶς
811 4367 1106 4439 ἁμαρτίας.
1137 4366 1243 4421 Τοῦ
1289 4366 1390 4439 μὲν
1421 4362 1515 4423 οὖν
1548 4366 1689 4423 κατά
1726 4368 1867 4440 ἀλήο

1961 3177 2054 3244 rit,
2093 3185 2354 3248 spectans
2381 3176 2468 3231 via
2501 3176 2941 3249 progredientem
2984 3177 3041 3232 in
3074 3177 3273 3238 ordine
3305 3179 3542 3250 quodam

1959 3276 2015 3321 et
2047 3265 2440 3321 consecutione
2464 3266 2826 3335 compositam
2853 3275 3128 3322 naturam.
3145 3266 3285 3323 Nam
3308 3269 3544 3326 elemeu-
3574 3288 3583 3296 ο

1962 3365 2146 3414 torum
2190 3357 2389 3415 diversi
2437 3357 2660 3428 generis
2707 3357 2853 3412 inter
2892 3372 2954 3414 se
2999 3359 3299 3415 concursio
3321 3358 3390 3414 ad
3420 3374 3546 3415 cor-

1960 3452 2114 3523 poris
2152 3450 2331 3507 nostri
2380 3449 2873 3513 constructionem,
2929 3450 3262 3520 compositio
3297 3450 3545 3521 quaedam

1961 3553 2048 3601 est
2086 3560 2154 3600 ex
2183 3543 2437 3613 pluribus
2479 3541 2849 3599 dissimilibus
2877 3552 3244 3613 congruenter
3288 3543 3545 3599 conﬂata.

1962 3632 2222 3690 Resoluta
2258 3638 2440 3688 autem
2470 3631 2820 3687 convenienti
2854 3638 3122 3702 tempore,
3164 3648 3288 3701 quae
3308 3634 3547 3689 elemen-

1963 3732 2147 3778 torum
2204 3736 2545 3778 concursum
2605 3718 2905 3788 colligabat
2967 3719 3293 3786 harmonia;
3352 3734 3547 3773 rursus

1963 3813 2332 3883 compositum
2362 3810 2418 3864 in
2450 3825 2511 3865 ca
2544 3808 2854 3879 exquibus
2887 3805 3176 3863 constabat
3204 3807 3543 3863 dissolvitur.

1964 3901 2080 3958 lloc
2122 3902 2289 3973 igitur
2325 3908 2539 3956 natura:
2588 3900 2776 3970 potius
2811 3913 2952 3970 opus
3000 3907 3085 3953 est
3135 3913 3301 3969 quam
3352 3898 3524 3962 πάθος

1966 3996 2022 4053 id
2062 4006 2149 4053 cst
2201 3995 2411 4067 passio,
2463 3995 2579 4052 sive
2624 3992 2866 4048 aﬂ'ectio.
2894 3991 3093 4046 Solum
3122 3993 3268 4046 enim
3292 3991 3439 4062 quod
3479 4006 3544 4047 ex

1964 4089 2245 4153 contrario
2266 4089 2317 4143 ei
2340 4101 2463 4158 quae
2485 4083 2788 4142 secundum
2808 4083 3062 4138 virtutem
3087 4089 3193 4147 est,
3215 4084 3281 4153 τῇ
3298 4081 3546 4154 ἀληθείᾳ,

1964 4179 2391 4253 imppssibilitati
2436 4176 2784 4246 intelligitur,
2835 4175 3060 4247 proprie
3111 4172 3545 4245 ndﬁogpassio-

1966 4289 2092 4330 nem
2124 4286 2407 4338 vocamus,
2434 4268 2597 4341 cujus
2634 4267 2801 4323 etiam
2843 4266 2898 4323 in
2924 4265 3315 4323 communione
3348 4273 3550 4321 nostra:

1966 4372 2180 4420 naturae
2219 4368 2499 4433 expertem
2537 4360 2912 4431 permansisse
2941 4373 3067 4414 eum
3089 4358 3182 4430 qui
3206 4358 3366 4415 nobis
3398 4358 3551 4414 salu-

268 4459 432 4514 θειαν
458 4458 685 4524 πάθους,
713 4457 743 4511 ὃ
775 4458 1147 4533 προαιρέσεώς
1178 4462 1295 4514 ἐστι
1343 4460 1518 4526 νόσος,
1563 4460 1664 4516 οὐκ
1719 4461 1859 4517 ἐκοι-

1968 4464 2078 4512 tem
2108 4454 2471 4525 gratiﬁcatur,
2500 4451 2862 4515 credidimus,
2896 4450 2992 4521 qui
3023 4466 3121 4521 per
3146 4451 3329 4506 omnia
3352 4465 3550 4507 secun-

269 4552 559 4622 νὼνησεν*
619 4551 927 4622 Ἅμαρτίαν
971 4553 1104 4623 γὰρ,
1162 4551 1347 4625 φησιν,
1394 4555 1508 4608 οὐκ
1554 4553 1862 4622 ἐποίησεν,

268 4642 423 4699 οὐδὲ
457 4642 676 4713 εὑρέθη
730 4642 912 4709 δόλος
946 4644 1018 4699 ἐν
1061 4643 1143 4712 τῷ
1193 4645 1446 4715 στόματι
1486 4645 1675 4701 αὐτοῦ
1700 4662 1715 4676 ·
1755 4642 1867 4700 τῶν

269 4738 328 4792 δὲ
361 4738 468 4808 τῆς
517 4737 733 4807 φύσεως
772 4736 932 4809 ἡμῶν
981 4737 1310 4811 ἰδιωμάτων,
1352 4738 1506 4794 ἀδιά
1542 4755 1689 4803 τινος
1739 4755 1868 4792 συν-

269 4831 472 4904 ηθείας
509 4831 607 4885 καὶ
654 4831 1041 4902 καταχρήσεως
1070 4830 1377 4904 ὁμωνύμως
1413 4830 1630 4900 λέγεται
1673 4830 1863 4903 πάθη,

268 4922 488 4977 τούτων
526 4924 819 4994 μετασχεῖν
858 4921 1227 4994 ὁμολογοῦμεν
1276 4922 1368 4976 τὸν
1408 4921 1632 4995 Κύριον,
1674 4922 1868 4994 γεννήο

275 5030 445 5078 σεως,
492 5013 591 5067 καὶ
630 5013 859 5087 τροφῆς,
891 5013 988 5068 καὶ
1019 5014 1323 5087 αὐξήσεως,
1358 5012 1529 5068 ὕπνου
1567 5030 1628 5067 τε
1658 5013 1751 5067 καὶ
1782 5011 1876 5066 κό‹

276 5123 407 5168 που,
441 5106 539 5158 καὶ
566 5104 667 5158 ὅσα
701 5102 836 5174 πρὸς
863 5103 963 5168 τάς
991 5103 1308 5177 σωματικὰς
1338 5103 1637 5176 ἀχθηδόνας
1664 5104 1698 5174 ἡ
1724 5102 1873 5175 ψυχὴ
1940 5162 1949 5169 ,

278 5193 535 5265 Quom};
578 5192 1011 5249 συνδιατίθεσθαι
1058 5194 1293 5264 πέφυκε,
1341 5192 1443 5266 τὴν
1474 5192 1567 5249 τοῦ
1604 5192 1876 5255 ἐνδέοντος

283 5284 474 5354 [quem
521 5285 589 5339 ὲκ
621 5284 715 5340 τοῦ
750 5284 1000 5357 σώματος
1048 5285 1142 5339 ἐπὶ
1170 5284 1269 5359 τὴν
1310 5283 1488 5356 ψυχὴν
1510 5284 1611 5356 τῆς
1638 5282 1871 5353 ὀρέξεως

291 5374 681 5448 ἶιατεινούσης,
715 5378 810 5431 καὶ
845 5375 1025 5448 λύπης
1058 5376 1333 5449 αἴσθησιν,
1363 5376 1459 5432 καὶ
1486 5375 1688 5443 δειλίαν
1732 5376 1870 5449 πρὸς

285 5468 542 5536 θάνατον,
573 5468 670 5523 καὶ
698 5468 798 5523 ὅσα
816 5467 1062 5535 τοιαῦτα,
1084 5467 1222 5542 πλὴν
1247 5470 1296 5523 sl
1327 5469 1404 5541 μή
1435 5485 1489 5522 τι
1523 5465 1657 5541 πρὸς
1685 5468 1869 5542 ἀμαρ-

284 5561 413 5625 τίας
440 5558 765 5616 ἀκολουθίαν
782 5559 959 5632 φέρει.
984 5560 1196 5631 Ὠσπερ
1219 5559 1397 5615 τοίνυν
1415 5558 1513 5626 τὴν
1542 5558 1630 5614 διά
1653 5559 1867 5615 πάντων

374 5743 417 5783 ⁸⁸
454 5741 615 5802 Joan.
647 5760 762 5811 xiv.
793 5744 847 5804 9.

1969 4548 2100 4602 dum
2123 4542 2546 4602 similitudinem
2570 4549 2815 4599 tentatus
2849 4552 2956 4608 est,
2991 4543 3201 4611 absque
3231 4549 3455 4612 peccato
3482 4542 3548 4595 ".

1970 4637 2104 4709 Ejus
2146 4638 2317 4709 igitur
2345 4635 2440 4708 qui
2469 4651 2598 4691 vere
2634 4642 2721 4692 est
2750 4633 3001 4697 allectus,
3030 4634 3126 4705 qui
3154 4632 3374 4704 quidem
3403 4647 3545 4687 mor-

1970 4729 2078 4786 bus
2106 4736 2192 4785 est
2220 4727 2512 4784 electionis
2538 4727 2657 4783 sive
2678 4724 2922 4789 consilii,
2954 4740 3064 4779 non
3101 4724 3377 4794 particeps
3408 4722 3511 4779 fuit
3534 4741 3550 4776 :

1976 4820 2259 4879 Peccatum
2290 4820 2433 4874 enim
2480 4816 2705 4890 (inquit)
2744 4833 2847 4871 non
2880 4816 3023 4884 lecit,
3082 4831 3173 4872 uec
3211 4816 3268 4870 in
3313 4830 3405 4870 ore
3434 4814 3551 4883 ejus

1971 4912 2128 4971 dolus
2161 4912 2403 4971 iuuentus
2435 4918 2514 4967 est
2544 4909 2588 4941 "
2616 4927 2631 4964 :
2672 4910 3069 4981 proprietatum
3102 4914 3287 4962 autem
3313 4911 3548 4972 natura,

1970 5020 2096 5077 qua:
2161 5019 2260 5075 per
2310 5004 2554 5075 aliquam
2612 5000 3067 5057 consuetudinem
3124 5007 3180 5056 et
3230 4998 3552 5057 abusionem

1970 5098 2252 5167 qurivoce
2285 5095 2547 5151 dicuntur
2579 5094 2752 5166 πάθη,
2784 5093 2839 5148 id
2868 5100 2976 5157 est,
3014 5092 3320 5162 passiones,
3351 5088 3552 5146 harum

1957 5188 2297 5262 participem
2343 5185 2519 5243 fuisse
2566 5184 2857 5242 Dominum
2901 5184 3250 5247 conﬁtemur,
3292 5187 3353 5237 ut
3388 5196 3554 5253 gene-

1975 5282 2232 5343 rationis,
2272 5277 2616 5342 nutritionis,
2642 5275 2994 5337 accretionis,
3027 5274 3320 5345 somnique
3352 5284 3407 5330 et
3443 5274 3556 5331 las-

1975 5370 2263 5434 situdinis.
2300 5379 2357 5425 et
2387 5369 2624 5425 aliorum
2663 5367 2865 5441 quibus
2896 5366 3223 5422 naturaliter
3258 5366 3443 5421 anima
3483 5366 3554 5421 ad

1974 5479 2273 5537 corporeas
2326 5462 2615 5519 molestias
2662 5468 2718 5518 et
2768 5460 2989 5516 dolores
3039 5460 3178 5516 solet
3223 5457 3388 5527 allici,
3428 5457 3553 5529 ejus

1974 5557 2120 5629 quod
2168 5571 2309 5627 opus
2336 5564 2422 5613 est
2453 5552 2811 5623 desiderium,
2834 5567 2900 5610 es
2930 5566 3162 5625 corpore
3199 5552 3269 5609 ad
3307 5550 3553 5609 animam

962 5745 1005 5781 ⁸⁷
1046 5744 1210 5803 Hebr.
1245 5761 1320 5814 Iv,
1366 5742 1450 5802 l5.
1529 5741 1572 5776 "
1607 5739 1796 5799 ll‘etr.
1831 5755 1891 5810 ιι,
1914 5739 2018 5809 22;
2053 5739 2162 5802 ιω.
2190 5756 2304 5810 un,
2333 5740 2387 5800 9.
