  <div class='ocr_page' id='page_1' title='image "/cluster/home/n/w/nwhite01/storage/ocr_20150623/45/hvd.32044073501876/379.png"; bbox 0 0 3992 6210; ppageno 0'>
   <div class='ocr_carea' id='block_1_1' title="bbox 469 236 576 292">
    <p class='ocr_par' dir='ltr' id='par_1_1' title="bbox 469 236 576 292">
     <span class='ocr_line' id='line_1_1' title="bbox 469 236 576 292; baseline 0.028 -3"><span class='ocrx_word' id='word_1_1' title='bbox 469 236 576 292; x_wconf 72' lang='lat'><strong>723</strong></span> 
     </span>
    </p>
   </div>
   <div class='ocr_carea' id='block_1_2' title="bbox 1740 233 2489 295">
    <p class='ocr_par' dir='ltr' id='par_1_2' title="bbox 1740 233 2489 295">
     <span class='ocr_line' id='line_1_2' title="bbox 1740 233 2489 295; baseline -0.007 0"><span class='ocrx_word' id='word_1_2' title='bbox 1740 236 1798 295; x_wconf 86' lang='lat' dir='ltr'><strong>S.</strong></span> <span class='ocrx_word' id='word_1_3' title='bbox 1839 233 2166 294; x_wconf 75' lang='lat' dir='ltr'><strong>GREGORII</strong></span> <span class='ocrx_word' id='word_1_4' title='bbox 2196 234 2489 291; x_wconf 71' lang='lat' dir='ltr'><strong>NYSSEN!</strong></span> 
     </span>
    </p>
   </div>
   <div class='ocr_carea' id='block_1_3' title="bbox 3611 231 3713 289">
    <p class='ocr_par' dir='ltr' id='par_1_3' title="bbox 3611 231 3713 289">
     <span class='ocr_line' id='line_1_3' title="bbox 3611 231 3713 289; baseline 0 0"><span class='ocrx_word' id='word_1_5' title='bbox 3611 231 3713 289; x_wconf 72' lang='grc' dir='ltr'>πει</span> 
     </span>
    </p>
   </div>
   <div class='ocr_carea' id='block_1_4' title="bbox 468 336 2064 418">
    <p class='ocr_par' dir='ltr' id='par_1_4' title="bbox 468 344 2033 418">
     <span class='ocr_line' id='line_1_4' title="bbox 468 344 2033 418; baseline 0.001 -18"><span class='ocrx_word' id='word_1_6' title='bbox 468 344 709 418; x_wconf 88' lang='lat' dir='ltr'><strong>appetitu</strong></span> <span class='ocrx_word' id='word_1_7' title='bbox 752 345 1103 411; x_wconf 72' lang='lat' dir='ltr'><strong>extendente,</strong></span> <span class='ocrx_word' id='word_1_8' title='bbox 1139 352 1193 402; x_wconf 88' lang='lat' dir='ltr'><strong>et</strong></span> <span class='ocrx_word' id='word_1_9' title='bbox 1236 346 1441 405; x_wconf 88' lang='lat' dir='ltr'><strong>doloris</strong></span> <span class='ocrx_word' id='word_1_10' title='bbox 1475 362 1697 403; x_wconf 90' lang='lat' dir='ltr'><strong>sensum</strong></span> <span class='ocrx_word' id='word_1_11' title='bbox 1745 356 1801 403; x_wconf 89' lang='lat' dir='ltr'><strong>et</strong></span> <span class='ocrx_word' id='word_1_12' title='bbox 1831 348 2033 401; x_wconf 87' lang='lat' dir='ltr'><strong>timidi-</strong></span> 
     </span>
    </p>
   </div>
   <div class='ocr_carea' id='block_1_5' title="bbox 2166 336 3719 418">
    <p class='ocr_par' dir='ltr' id='par_1_5' title="bbox 2166 336 3719 417">
     <span class='ocr_line' id='line_1_5' title="bbox 2166 336 3719 417; baseline -0.008 -15"><span class='ocrx_word' id='word_1_13' title='bbox 2166 346 2300 402; x_wconf 73' lang='grc' dir='ltr'>ιὺτοῦ</span> <span class='ocrx_word' id='word_1_14' title='bbox 2347 346 2638 417; x_wconf 73' lang='grc' dir='ltr'>διήκουσαν</span> <span class='ocrx_word' id='word_1_15' title='bbox 2677 340 2903 414; x_wconf 86' lang='grc' dir='ltr'>δύναμιν</span> <span class='ocrx_word' id='word_1_16' title='bbox 2948 336 3356 404; x_wconf 83' lang='grc' dir='ltr'>κατανοοῦντες.</span> <span class='ocrx_word' id='word_1_17' title='bbox 3397 339 3455 393; x_wconf 86' lang='grc' dir='ltr'><strong>ἐν</strong></span> <span class='ocrx_word' id='word_1_18' title='bbox 3502 339 3719 413; x_wconf 73' lang='grc' dir='ltr'>οὐρανῷ</span> 
     </span>
    </p>
   </div>
   <div class='ocr_carea' id='block_1_6' title="bbox 469 436 2039 508">
    <p class='ocr_par' dir='ltr' id='par_1_6' title="bbox 469 436 2039 508">
     <span class='ocr_line' id='line_1_6' title="bbox 469 436 2039 508; baseline 0.003 -20"><span class='ocrx_word' id='word_1_19' title='bbox 469 443 635 492; x_wconf 83' lang='lat' dir='ltr'><strong>tatem</strong></span> <span class='ocrx_word' id='word_1_20' title='bbox 670 436 737 490; x_wconf 89' lang='lat' dir='ltr'><strong>ad</strong></span> <span class='ocrx_word' id='word_1_21' title='bbox 772 446 1030 500; x_wconf 90' lang='lat' dir='ltr'><strong>mortem,</strong></span> <span class='ocrx_word' id='word_1_22' title='bbox 1063 445 1117 493; x_wconf 89' lang='lat' dir='ltr'><strong>et</strong></span> <span class='ocrx_word' id='word_1_23' title='bbox 1152 452 1495 508; x_wconf 60' lang='lat' dir='ltr'><strong>quagcunque</strong></span> <span class='ocrx_word' id='word_1_24' title='bbox 1520 437 1812 503; x_wconf 85' lang='lat' dir='ltr'><strong>ejusmodi,</strong></span> <span class='ocrx_word' id='word_1_25' title='bbox 1846 447 2039 508; x_wconf 84' lang='lat' dir='ltr'><strong>praeter</strong></span> 
     </span>
    </p>
   </div>
   <div class='ocr_carea' id='block_1_7' title="bbox 472 527 2042 597">
    <p class='ocr_par' dir='ltr' id='par_1_7' title="bbox 472 527 2042 597">
     <span class='ocr_line' id='line_1_7' title="bbox 472 527 2042 597; baseline 0.001 -16"><span class='ocrx_word' id='word_1_26' title='bbox 472 528 524 581; x_wconf 90' lang='lat' dir='ltr'><strong>id</strong></span> <span class='ocrx_word' id='word_1_27' title='bbox 574 527 719 596; x_wconf 90' lang='lat' dir='ltr'><strong>quod</strong></span> <span class='ocrx_word' id='word_1_28' title='bbox 776 527 842 581; x_wconf 87' lang='lat' dir='ltr'><strong>ad</strong></span> <span class='ocrx_word' id='word_1_29' title='bbox 898 529 1105 597; x_wconf 79' lang='lat' dir='ltr'><strong>peccati</strong></span> <span class='ocrx_word' id='word_1_30' title='bbox 1166 529 1612 584; x_wconf 77' lang='lat' dir='ltr'><strong>consecutionem</strong></span> <span class='ocrx_word' id='word_1_31' title='bbox 1677 529 1799 583; x_wconf 84' lang='lat' dir='ltr'><strong>fcrt.</strong></span> <span class='ocrx_word' id='word_1_32' title='bbox 1846 531 2042 595; x_wconf 81' lang='lat' dir='ltr'><strong>Queru-</strong></span> 
     </span>
    </p>
   </div>
   <div class='ocr_carea' id='block_1_8' title="bbox 473 615 2044 689">
    <p class='ocr_par' dir='ltr' id='par_1_8' title="bbox 473 615 2044 689">
     <span class='ocr_line' id='line_1_8' title="bbox 473 615 2044 689; baseline 0.006 -23"><span class='ocrx_word' id='word_1_33' title='bbox 473 615 764 668; x_wconf 77' lang='lat' dir='ltr'><strong>admodum</strong></span> <span class='ocrx_word' id='word_1_34' title='bbox 798 615 965 685; x_wconf 88' lang='lat' dir='ltr'><strong>igitur</strong></span> <span class='ocrx_word' id='word_1_35' title='bbox 994 616 1164 687; x_wconf 88' lang='lat' dir='ltr'><strong>ipsius</strong></span> <span class='ocrx_word' id='word_1_36' title='bbox 1215 618 1466 673; x_wconf 78' lang='lat' dir='ltr'><strong>virtutem</strong></span> <span class='ocrx_word' id='word_1_37' title='bbox 1517 634 1611 688; x_wconf 90' lang='lat' dir='ltr'><strong>per</strong></span> <span class='ocrx_word' id='word_1_38' title='bbox 1660 621 1840 673; x_wconf 84' lang='lat' dir='ltr'><strong>omnia</strong></span> <span class='ocrx_word' id='word_1_39' title='bbox 1882 634 2044 689; x_wconf 87' lang='lat' dir='ltr'><strong>pcne-</strong></span> 
     </span>
    </p>
   </div>
   <div class='ocr_carea' id='block_1_9' title="bbox 471 709 2041 779">
    <p class='ocr_par' dir='ltr' id='par_1_9' title="bbox 471 709 2041 779">
     <span class='ocr_line' id='line_1_9' title="bbox 471 709 2041 779; baseline 0.005 -20"><span class='ocrx_word' id='word_1_40' title='bbox 471 713 705 761; x_wconf 86' lang='lat' dir='ltr'><strong>trantem</strong></span> <span class='ocrx_word' id='word_1_41' title='bbox 751 709 934 761; x_wconf 90' lang='lat' dir='ltr'><strong>animo</strong></span> <span class='ocrx_word' id='word_1_42' title='bbox 1004 710 1551 779; x_wconf 70' lang='lat' dir='ltr'><strong>compt&#39;ehendentes,</strong></span> <span class='ocrx_word' id='word_1_43' title='bbox 1601 712 1656 765; x_wconf 90' lang='lat' dir='ltr'><strong>in</strong></span> <span class='ocrx_word' id='word_1_44' title='bbox 1712 712 1852 768; x_wconf 72' lang='lat' dir='ltr'><strong>cmlo</strong></span> <span class='ocrx_word' id='word_1_45' title='bbox 1891 720 1943 767; x_wconf 93' lang='lat' dir='ltr'><strong>et</strong></span> <span class='ocrx_word' id='word_1_46' title='bbox 1987 712 2041 767; x_wconf 88' lang='lat' dir='ltr'><strong>in</strong></span> 
     </span>
    </p>
   </div>
   <div class='ocr_carea' id='block_1_10' title="bbox 473 801 2045 872">
    <p class='ocr_par' dir='ltr' id='par_1_10' title="bbox 473 801 2045 872">
     <span class='ocr_line' id='line_1_10' title="bbox 473 801 2045 872; baseline 0.004 -23"><span class='ocrx_word' id='word_1_47' title='bbox 473 812 618 861; x_wconf 85' lang='lat' dir='ltr'><strong>aere,</strong></span> <span class='ocrx_word' id='word_1_48' title='bbox 661 806 714 850; x_wconf 91' lang='lat' dir='ltr'><strong>et</strong></span> <span class='ocrx_word' id='word_1_49' title='bbox 762 805 928 861; x_wconf 89' lang='lat' dir='ltr'><strong>terra,</strong></span> <span class='ocrx_word' id='word_1_50' title='bbox 972 810 1024 854; x_wconf 90' lang='lat' dir='ltr'><strong>et</strong></span> <span class='ocrx_word' id='word_1_51' title='bbox 1065 802 1225 863; x_wconf 90' lang='lat' dir='ltr'><strong>mari,</strong></span> <span class='ocrx_word' id='word_1_52' title='bbox 1266 809 1320 856; x_wconf 88' lang='lat' dir='ltr'><strong>et</strong></span> <span class='ocrx_word' id='word_1_53' title='bbox 1376 801 1420 857; x_wconf 92' lang='lat' dir='ltr'><strong>si</strong></span> <span class='ocrx_word' id='word_1_54' title='bbox 1475 802 1608 871; x_wconf 92' lang='lat' dir='ltr'><strong>quid</strong></span> <span class='ocrx_word' id='word_1_55' title='bbox 1654 803 2045 872; x_wconf 70' lang='lat' dir='ltr'><strong>supercmleste</strong></span> 
     </span>
    </p>
   </div>
   <div class='ocr_carea' id='block_1_11' title="bbox 473 891 2046 965">
    <p class='ocr_par' dir='ltr' id='par_1_11' title="bbox 473 891 2046 965">
     <span class='ocr_line' id='line_1_11' title="bbox 473 891 2046 965; baseline 0.005 -26"><span class='ocrx_word' id='word_1_56' title='bbox 473 897 527 942; x_wconf 81' lang='lat' dir='ltr'><strong>et</strong></span> <span class='ocrx_word' id='word_1_57' title='bbox 567 891 1004 953; x_wconf 86' lang='lat' dir='ltr'><strong>subterraneum,</strong></span> <span class='ocrx_word' id='word_1_58' title='bbox 1035 892 1259 961; x_wconf 87' lang='lat' dir='ltr'><strong>ubique,</strong></span> <span class='ocrx_word' id='word_1_59' title='bbox 1297 901 1346 947; x_wconf 91' lang='lat' dir='ltr'><strong>et</strong></span> <span class='ocrx_word' id='word_1_60' title='bbox 1380 909 1475 963; x_wconf 89' lang='lat' dir='ltr'><strong>per</strong></span> <span class='ocrx_word' id='word_1_61' title='bbox 1504 895 1685 947; x_wconf 86' lang='lat' dir='ltr'><strong>omnia</strong></span> <span class='ocrx_word' id='word_1_62' title='bbox 1717 894 1893 965; x_wconf 91' lang='lat' dir='ltr'><strong>ipsum</strong></span> <span class='ocrx_word' id='word_1_63' title='bbox 1924 909 2046 949; x_wconf 90' lang='lat' dir='ltr'><strong>esse</strong></span> 
     </span>
    </p>
   </div>
   <div class='ocr_carea' id='block_1_12' title="bbox 474 980 2045 1055">
    <p class='ocr_par' dir='ltr' id='par_1_12' title="bbox 474 980 2045 1055">
     <span class='ocr_line' id='line_1_12' title="bbox 474 980 2045 1055; baseline 0.001 -22"><span class='ocrx_word' id='word_1_64' title='bbox 474 980 773 1041; x_wconf 88' lang='lat' dir='ltr'><strong>credimus,</strong></span> <span class='ocrx_word' id='word_1_65' title='bbox 819 981 956 1034; x_wconf 84' lang='lat' dir='ltr'><strong>nihil</strong></span> <span class='ocrx_word' id='word_1_66' title='bbox 1006 989 1187 1035; x_wconf 84' lang='lat' dir='ltr'><strong>autem</strong></span> <span class='ocrx_word' id='word_1_67' title='bbox 1229 998 1417 1039; x_wconf 86' lang='lat' dir='ltr'><strong>eorum</strong></span> <span class='ocrx_word' id='word_1_68' title='bbox 1451 985 1503 1038; x_wconf 88' lang='lat' dir='ltr'><strong>in</strong></span> <span class='ocrx_word' id='word_1_69' title='bbox 1542 985 1740 1055; x_wconf 87' lang='lat' dir='ltr'><strong>quibus</strong></span> <span class='ocrx_word' id='word_1_70' title='bbox 1771 993 1854 1039; x_wconf 87' lang='lat' dir='ltr'><strong>est</strong></span> <span class='ocrx_word' id='word_1_71' title='bbox 1893 985 2045 1039; x_wconf 87' lang='lat' dir='ltr'><strong>illum</strong></span> 
     </span>
    </p>
   </div>
   <div class='ocr_carea' id='block_1_13' title="bbox 474 1070 2046 1147">
    <p class='ocr_par' dir='ltr' id='par_1_13' title="bbox 474 1070 2046 1147">
     <span class='ocr_line' id='line_1_13' title="bbox 474 1070 2046 1147; baseline 0.003 -22"><span class='ocrx_word' id='word_1_72' title='bbox 474 1085 597 1125; x_wconf 88' lang='lat' dir='ltr'><strong>esse</strong></span> <span class='ocrx_word' id='word_1_73' title='bbox 641 1071 897 1126; x_wconf 84' lang='lat' dir='ltr'><strong>dicimus.</strong></span> <span class='ocrx_word' id='word_1_74' title='bbox 950 1070 1069 1126; x_wconf 86' lang='lat' dir='ltr'><strong>Non</strong></span> <span class='ocrx_word' id='word_1_75' title='bbox 1108 1074 1251 1127; x_wconf 91' lang='lat' dir='ltr'><strong>enim</strong></span> <span class='ocrx_word' id='word_1_76' title='bbox 1290 1076 1490 1129; x_wconf 70' lang='lat' dir='ltr'><strong>cwlum</strong></span> <span class='ocrx_word' id='word_1_77' title='bbox 1539 1083 1623 1131; x_wconf 90' lang='lat' dir='ltr'><strong>est</strong></span> <span class='ocrx_word' id='word_1_78' title='bbox 1656 1076 1702 1131; x_wconf 87' lang='lat' dir='ltr'><strong>is</strong></span> <span class='ocrx_word' id='word_1_79' title='bbox 1742 1076 1834 1147; x_wconf 88' lang='lat' dir='ltr'><strong>qui</strong></span> <span class='ocrx_word' id='word_1_80' title='bbox 1870 1076 2046 1146; x_wconf 88' lang='lat' dir='ltr'><strong>ipsum</strong></span> 
     </span>
    </p>
   </div>
   <div class='ocr_carea' id='block_1_14' title="bbox 479 1163 2050 1238">
    <p class='ocr_par' dir='ltr' id='par_1_14' title="bbox 479 1163 2050 1238">
     <span class='ocr_line' id='line_1_14' title="bbox 479 1163 2050 1238; baseline 0.003 -21"><span class='ocrx_word' id='word_1_81' title='bbox 479 1164 657 1232; x_wconf 88' lang='lat' dir='ltr'><strong>palmo</strong></span> <span class='ocrx_word' id='word_1_82' title='bbox 684 1163 1005 1218; x_wconf 89' lang='lat' dir='ltr'><strong>continente</strong></span> <span class='ocrx_word' id='word_1_83' title='bbox 1037 1165 1350 1220; x_wconf 87' lang='lat' dir='ltr'><strong>universum</strong></span> <span class='ocrx_word' id='word_1_84' title='bbox 1381 1167 1704 1238; x_wconf 78' lang='lat' dir='ltr'><strong>complexus</strong></span> <span class='ocrx_word' id='word_1_85' title='bbox 1728 1175 1847 1235; x_wconf 89' lang='lat' dir='ltr'><strong>est;</strong></span> <span class='ocrx_word' id='word_1_86' title='bbox 1874 1182 2050 1238; x_wconf 84' lang='lat' dir='ltr'><strong>neque</strong></span> 
     </span>
    </p>
   </div>
   <div class='ocr_carea' id='block_1_15' title="bbox 475 1254 2049 1328">
    <p class='ocr_par' dir='ltr' id='par_1_15' title="bbox 475 1254 2049 1328">
     <span class='ocr_line' id='line_1_15' title="bbox 475 1254 2049 1328; baseline 0.005 -22"><span class='ocrx_word' id='word_1_87' title='bbox 475 1262 643 1319; x_wconf 88' lang='lat' dir='ltr'><strong>terra,</strong></span> <span class='ocrx_word' id='word_1_88' title='bbox 692 1254 785 1323; x_wconf 85' lang='lat' dir='ltr'><strong>qui</strong></span> <span class='ocrx_word' id='word_1_89' title='bbox 832 1257 1078 1310; x_wconf 88' lang='lat' dir='ltr'><strong>continet</strong></span> <span class='ocrx_word' id='word_1_90' title='bbox 1128 1272 1342 1328; x_wconf 66' lang='lat' dir='ltr'><strong>gyrum,</strong></span> <span class='ocrx_word' id='word_1_91' title='bbox 1391 1258 1506 1314; x_wconf 83' lang='lat' dir='ltr'><strong>sive</strong></span> <span class='ocrx_word' id='word_1_92' title='bbox 1556 1259 1819 1313; x_wconf 90' lang='lat' dir='ltr'><strong>ambitum</strong></span> <span class='ocrx_word' id='word_1_93' title='bbox 1868 1267 2049 1325; x_wconf 63' lang='lat' dir='ltr'><strong>terrae,</strong></span> 
     </span>
    </p>
   </div>
   <div class='ocr_carea' id='block_1_16' title="bbox 476 1348 2051 1421">
    <p class='ocr_par' dir='ltr' id='par_1_16' title="bbox 476 1348 2051 1421">
     <span class='ocr_line' id='line_1_16' title="bbox 476 1348 2051 1421; baseline 0.003 -23"><span class='ocrx_word' id='word_1_94' title='bbox 476 1362 652 1415; x_wconf 84' lang='lat' dir='ltr'><strong>neque</strong></span> <span class='ocrx_word' id='word_1_95' title='bbox 682 1361 876 1401; x_wconf 84' lang='lat' dir='ltr'><strong>rursus</strong></span> <span class='ocrx_word' id='word_1_96' title='bbox 910 1362 1073 1417; x_wconf 87' lang='lat' dir='ltr'><strong>aqua,</strong></span> <span class='ocrx_word' id='word_1_97' title='bbox 1105 1349 1198 1418; x_wconf 89' lang='lat' dir='ltr'><strong>qui</strong></span> <span class='ocrx_word' id='word_1_98' title='bbox 1227 1348 1505 1403; x_wconf 87' lang='lat' dir='ltr'><strong>humidam</strong></span> <span class='ocrx_word' id='word_1_99' title='bbox 1536 1351 1922 1421; x_wconf 83' lang='lat' dir='ltr'><strong>complectitur</strong></span> <span class='ocrx_word' id='word_1_100' title='bbox 1955 1366 2051 1404; x_wconf 88' lang='lat' dir='ltr'><strong>na-</strong></span> 
     </span>
    </p>
   </div>
   <div class='ocr_carea' id='block_1_17' title="bbox 476 1438 2053 1508">
    <p class='ocr_par' dir='ltr' id='par_1_17' title="bbox 476 1438 2053 1508">
     <span class='ocr_line' id='line_1_17' title="bbox 476 1438 2053 1508; baseline 0.004 -19"><span class='ocrx_word' id='word_1_101' title='bbox 476 1446 690 1505; x_wconf 81' lang='lat' dir='ltr'><strong>turam;</strong></span> <span class='ocrx_word' id='word_1_102' title='bbox 751 1438 831 1493; x_wconf 90' lang='lat' dir='ltr'><strong>sic</strong></span> <span class='ocrx_word' id='word_1_103' title='bbox 884 1454 1059 1508; x_wconf 88' lang='lat' dir='ltr'><strong>neque</strong></span> <span class='ocrx_word' id='word_1_104' title='bbox 1108 1454 1202 1508; x_wconf 90' lang='lat' dir='ltr'><strong>per</strong></span> <span class='ocrx_word' id='word_1_105' title='bbox 1265 1439 1439 1495; x_wconf 82' lang='lat' dir='ltr'><strong>dictas</strong></span> <span class='ocrx_word' id='word_1_106' title='bbox 1494 1442 1678 1496; x_wconf 88' lang='lat' dir='ltr'><strong>carnis</strong></span> <span class='ocrx_word' id='word_1_107' title='bbox 1730 1441 2053 1501; x_wconf 81' lang='lat' dir='ltr'><strong>all&#39;ectiones</strong></span> 
     </span>
    </p>
   </div>
   <div class='ocr_carea' id='block_1_18' title="bbox 476 1529 2050 1599">
    <p class='ocr_par' dir='ltr' id='par_1_18' title="bbox 476 1529 2050 1599">
     <span class='ocr_line' id='line_1_18' title="bbox 476 1529 2050 1599; baseline 0.004 -18"><span class='ocrx_word' id='word_1_108' title='bbox 476 1529 779 1583; x_wconf 77' lang='lat' dir='ltr'><strong>venientem</strong></span> <span class='ocrx_word' id='word_1_109' title='bbox 800 1530 979 1599; x_wconf 91' lang='lat' dir='ltr'><strong>ipsum</strong></span> <span class='ocrx_word' id='word_1_110' title='bbox 1000 1529 1284 1586; x_wconf 70' lang='lat' dir='ltr'><strong>aﬁ&#39;ectibus</strong></span> <span class='ocrx_word' id='word_1_111' title='bbox 1308 1531 1604 1587; x_wconf 85' lang='lat' dir='ltr'><strong>obnoxium</strong></span> <span class='ocrx_word' id='word_1_112' title='bbox 1628 1548 1752 1588; x_wconf 85' lang='lat' dir='ltr'><strong>esse</strong></span> <span class='ocrx_word' id='word_1_113' title='bbox 1773 1533 2013 1589; x_wconf 86' lang='lat' dir='ltr'><strong>dicimus</strong></span> <span class='ocrx_word' id='word_1_114' title='bbox 2037 1551 2050 1586; x_wconf 93' lang='lat'><strong>:</strong></span> 
     </span>
    </p>
   </div>
   <div class='ocr_carea' id='block_1_19' title="bbox 476 1620 2055 1693">
    <p class='ocr_par' dir='ltr' id='par_1_19' title="bbox 476 1620 2055 1693">
     <span class='ocr_line' id='line_1_19' title="bbox 476 1620 2055 1693; baseline 0.002 -19"><span class='ocrx_word' id='word_1_115' title='bbox 476 1620 570 1675; x_wconf 85' lang='lat' dir='ltr'><strong>sed</strong></span> <span class='ocrx_word' id='word_1_116' title='bbox 600 1628 659 1674; x_wconf 89' lang='lat' dir='ltr'><strong>ut</strong></span> <span class='ocrx_word' id='word_1_117' title='bbox 686 1636 875 1676; x_wconf 85' lang='lat' dir='ltr'><strong>eorum</strong></span> <span class='ocrx_word' id='word_1_118' title='bbox 910 1638 1033 1693; x_wconf 77' lang='lat' dir='ltr'><strong>quze</strong></span> <span class='ocrx_word' id='word_1_119' title='bbox 1057 1630 1185 1678; x_wconf 87' lang='lat' dir='ltr'><strong>sunt</strong></span> <span class='ocrx_word' id='word_1_120' title='bbox 1219 1633 1497 1679; x_wconf 87' lang='lat' dir='ltr'><strong>auctorem</strong></span> <span class='ocrx_word' id='word_1_121' title='bbox 1538 1630 1593 1679; x_wconf 83' lang='lat' dir='ltr'><strong>et</strong></span> <span class='ocrx_word' id='word_1_122' title='bbox 1632 1625 1875 1679; x_wconf 83' lang='lat' dir='ltr'><strong>universi</strong></span> <span class='ocrx_word' id='word_1_123' title='bbox 1904 1639 2055 1679; x_wconf 90' lang='lat' dir='ltr'><strong>com-</strong></span> 
     </span>
    </p>
   </div>
   <div class='ocr_carea' id='block_1_20' title="bbox 481 1711 2055 1787">
    <p class='ocr_par' dir='ltr' id='par_1_20' title="bbox 481 1711 2055 1787">
     <span class='ocr_line' id='line_1_20' title="bbox 481 1711 2055 1787; baseline 0.003 -23"><span class='ocrx_word' id='word_1_124' title='bbox 481 1711 892 1782; x_wconf 83' lang='lat' dir='ltr'><strong>prehensorem,</strong></span> <span class='ocrx_word' id='word_1_125' title='bbox 920 1722 1082 1783; x_wconf 87' lang='lat' dir='ltr'><strong>atque</strong></span> <span class='ocrx_word' id='word_1_126' title='bbox 1114 1712 1375 1769; x_wconf 76' lang='lat' dir='ltr'><strong>inell‘abili</strong></span> <span class='ocrx_word' id='word_1_127' title='bbox 1402 1716 1643 1783; x_wconf 85' lang='lat' dir='ltr'><strong>potentia</strong></span> <span class='ocrx_word' id='word_1_128' title='bbox 1672 1715 1909 1787; x_wconf 67' lang='lat' dir='ltr'><strong>propriae</strong></span> <span class='ocrx_word' id='word_1_129' title='bbox 1938 1730 2055 1771; x_wconf 88' lang='lat' dir='ltr'><strong>ma-</strong></span> 
     </span>
    </p>
   </div>
   <div class='ocr_carea' id='block_1_21' title="bbox 480 1802 2055 1879">
    <p class='ocr_par' dir='ltr' id='par_1_21' title="bbox 480 1802 2055 1879">
     <span class='ocr_line' id='line_1_21' title="bbox 480 1802 2055 1879; baseline 0.005 -24"><span class='ocrx_word' id='word_1_130' title='bbox 480 1803 805 1869; x_wconf 62' lang='lat' dir='ltr'><strong>gnificentiae</strong></span> <span class='ocrx_word' id='word_1_131' title='bbox 824 1802 1092 1873; x_wconf 89' lang='lat' dir='ltr'><strong>quidquid</strong></span> <span class='ocrx_word' id='word_1_132' title='bbox 1118 1812 1368 1859; x_wconf 85' lang='lat' dir='ltr'><strong>movetur</strong></span> <span class='ocrx_word' id='word_1_133' title='bbox 1389 1806 1807 1876; x_wconf 75' lang='lat' dir='ltr'><strong>gubernantem,</strong></span> <span class='ocrx_word' id='word_1_134' title='bbox 1833 1819 1887 1863; x_wconf 91' lang='lat' dir='ltr'><strong>et</strong></span> <span class='ocrx_word' id='word_1_135' title='bbox 1909 1807 2055 1879; x_wconf 91' lang='lat' dir='ltr'><strong>quod</strong></span> 
     </span>
    </p>
   </div>
   <div class='ocr_carea' id='block_1_22' title="bbox 481 1893 2058 1971">
    <p class='ocr_par' dir='ltr' id='par_1_22' title="bbox 481 1893 2058 1971">
     <span class='ocr_line' id='line_1_22' title="bbox 481 1893 2058 1971; baseline 0.006 -23"><span class='ocrx_word' id='word_1_136' title='bbox 481 1902 588 1948; x_wconf 78' lang='lat' dir='ltr'><strong>stat</strong></span> <span class='ocrx_word' id='word_1_137' title='bbox 634 1894 687 1948; x_wconf 90' lang='lat' dir='ltr'><strong>in</strong></span> <span class='ocrx_word' id='word_1_138' title='bbox 741 1893 845 1948; x_wconf 81' lang='lat' dir='ltr'><strong>lixa</strong></span> <span class='ocrx_word' id='word_1_139' title='bbox 897 1895 1191 1967; x_wconf 81' lang='lat' dir='ltr'><strong>stabilique</strong></span> <span class='ocrx_word' id='word_1_140' title='bbox 1236 1896 1354 1952; x_wconf 87' lang='lat' dir='ltr'><strong>basi</strong></span> <span class='ocrx_word' id='word_1_141' title='bbox 1406 1907 1847 1955; x_wconf 86' lang='lat' dir='ltr'><strong>conservantem.</strong></span> <span class='ocrx_word' id='word_1_142' title='bbox 1881 1899 2058 1971; x_wconf 86' lang='lat' dir='ltr'><strong>Atque</strong></span> 
     </span>
    </p>
   </div>
   <div class='ocr_carea' id='block_1_23' title="bbox 479 1985 2057 2062">
    <p class='ocr_par' dir='ltr' id='par_1_23' title="bbox 479 1985 2057 2062">
     <span class='ocr_line' id='line_1_23' title="bbox 479 1985 2057 2062; baseline 0.005 -23"><span class='ocrx_word' id='word_1_143' title='bbox 479 1985 536 2039; x_wconf 79' lang='lat' dir='ltr'><strong>in</strong></span> <span class='ocrx_word' id='word_1_144' title='bbox 579 1985 737 2041; x_wconf 82' lang='lat' dir='ltr'><strong>nobis</strong></span> <span class='ocrx_word' id='word_1_145' title='bbox 787 1993 975 2041; x_wconf 85' lang='lat' dir='ltr'><strong>natum</strong></span> <span class='ocrx_word' id='word_1_146' title='bbox 1024 2001 1149 2043; x_wconf 80' lang='lat' dir='ltr'><strong>esse</strong></span> <span class='ocrx_word' id='word_1_147' title='bbox 1207 1987 1445 2043; x_wconf 87' lang='lat' dir='ltr'><strong>dicimus</strong></span> <span class='ocrx_word' id='word_1_148' title='bbox 1477 1988 1543 2043; x_wconf 92' lang='lat' dir='ltr'><strong>ad</strong></span> <span class='ocrx_word' id='word_1_149' title='bbox 1576 1989 1884 2044; x_wconf 89' lang='lat' dir='ltr'><strong>sanandum</strong></span> <span class='ocrx_word' id='word_1_150' title='bbox 1927 2006 2057 2062; x_wconf 82' lang='lat' dir='ltr'><strong>pec-</strong></span> 
     </span>
    </p>
   </div>
   <div class='ocr_carea' id='block_1_24' title="bbox 480 2077 2059 2151">
    <p class='ocr_par' dir='ltr' id='par_1_24' title="bbox 480 2077 2059 2151">
     <span class='ocr_line' id='line_1_24' title="bbox 480 2077 2059 2151; baseline 0.006 -21"><span class='ocrx_word' id='word_1_151' title='bbox 480 2077 588 2131; x_wconf 80' lang='lat' dir='ltr'><strong>cati</strong></span> <span class='ocrx_word' id='word_1_152' title='bbox 615 2077 893 2143; x_wconf 89' lang='lat' dir='ltr'><strong>morbum,</strong></span> <span class='ocrx_word' id='word_1_153' title='bbox 917 2078 1187 2134; x_wconf 90' lang='lat' dir='ltr'><strong>concinne</strong></span> <span class='ocrx_word' id='word_1_154' title='bbox 1208 2087 1679 2151; x_wconf 75' lang='lat' dir='ltr'><strong>congruenterque</strong></span> <span class='ocrx_word' id='word_1_155' title='bbox 1699 2081 1915 2136; x_wconf 75' lang='lat' dir='ltr'><strong>aﬂectui</strong></span> <span class='ocrx_word' id='word_1_156' title='bbox 1945 2083 2059 2139; x_wconf 85' lang='lat' dir='ltr'><strong>sive</strong></span> 
     </span>
    </p>
   </div>
   <div class='ocr_carea' id='block_1_25' title="bbox 483 2168 2060 2239">
    <p class='ocr_par' dir='ltr' id='par_1_25' title="bbox 483 2168 2060 2239">
     <span class='ocr_line' id='line_1_25' title="bbox 483 2168 2060 2239; baseline 0.003 -17"><span class='ocrx_word' id='word_1_157' title='bbox 483 2168 725 2238; x_wconf 79' lang='lat' dir='ltr'><strong>passinni</strong></span> <span class='ocrx_word' id='word_1_158' title='bbox 769 2169 1056 2224; x_wconf 74' lang='lat' dir='ltr'><strong>medicinae</strong></span> <span class='ocrx_word' id='word_1_159' title='bbox 1098 2171 1393 2226; x_wconf 77' lang='lat' dir='ltr'><strong>emcaciam</strong></span> <span class='ocrx_word' id='word_1_160' title='bbox 1430 2172 1969 2239; x_wconf 88' lang='lat' dir='ltr'><strong>accommodantem;</strong></span> <span class='ocrx_word' id='word_1_161' title='bbox 2000 2181 2060 2227; x_wconf 92' lang='lat' dir='ltr'><strong>ut</strong></span> 
     </span>
    </p>
   </div>
   <div class='ocr_carea' id='block_1_26' title="bbox 484 2254 2061 2330">
    <p class='ocr_par' dir='ltr' id='par_1_26' title="bbox 484 2254 2061 2330">
     <span class='ocr_line' id='line_1_26' title="bbox 484 2254 2061 2330; baseline 0.005 -21"><span class='ocrx_word' id='word_1_162' title='bbox 484 2265 708 2310; x_wconf 82' lang='lat' dir='ltr'><strong>noverat</strong></span> <span class='ocrx_word' id='word_1_163' title='bbox 727 2254 979 2311; x_wconf 78' lang='lat' dir='ltr'><strong>conferre</strong></span> <span class='ocrx_word' id='word_1_164' title='bbox 1007 2259 1144 2327; x_wconf 87' lang='lat' dir='ltr'><strong>parti</strong></span> <span class='ocrx_word' id='word_1_165' title='bbox 1176 2268 1440 2314; x_wconf 76' lang='lat' dir='ltr'><strong>creaturae</strong></span> <span class='ocrx_word' id='word_1_166' title='bbox 1467 2261 1778 2330; x_wconf 67' lang='lat' dir='ltr'><strong>aegrotanti,</strong></span> <span class='ocrx_word' id='word_1_167' title='bbox 1803 2262 1884 2317; x_wconf 91' lang='lat' dir='ltr'><strong>sic</strong></span> <span class='ocrx_word' id='word_1_168' title='bbox 1907 2278 2061 2318; x_wconf 85' lang='lat' dir='ltr'><strong>sana-</strong></span> 
     </span>
    </p>
   </div>
   <div class='ocr_carea' id='block_1_27' title="bbox 484 2344 2065 2410">
    <p class='ocr_par' dir='ltr' id='par_1_27' title="bbox 484 2344 2065 2410">
     <span class='ocr_line' id='line_1_27' title="bbox 484 2344 2065 2410; baseline 0.009 -13"><span class='ocrx_word' id='word_1_169' title='bbox 484 2344 684 2398; x_wconf 85' lang='lat' dir='ltr'><strong>tionem</strong></span> <span class='ocrx_word' id='word_1_170' title='bbox 707 2344 1079 2405; x_wconf 73' lang='lat' dir='ltr'><strong>indueentem.</strong></span> <span class='ocrx_word' id='word_1_171' title='bbox 1099 2346 1453 2405; x_wconf 88' lang='lat' dir='ltr'><strong>Couducebat</strong></span> <span class='ocrx_word' id='word_1_172' title='bbox 1473 2360 1654 2407; x_wconf 88' lang='lat' dir='ltr'><strong>autem</strong></span> <span class='ocrx_word' id='word_1_173' title='bbox 1686 2352 1767 2408; x_wconf 89' lang='lat' dir='ltr'><strong>sic</strong></span> <span class='ocrx_word' id='word_1_174' title='bbox 1794 2361 1941 2409; x_wconf 85' lang='lat' dir='ltr'><strong>tactu</strong></span> <span class='ocrx_word' id='word_1_175' title='bbox 1973 2371 2065 2410; x_wconf 44' lang='lat' dir='ltr'><strong>cu.</strong></span> 
     </span>
    </p>
   </div>
   <div class='ocr_carea' id='block_1_28' title="bbox 486 2434 2066 2508">
    <p class='ocr_par' dir='ltr' id='par_1_28' title="bbox 486 2434 2066 2508">
     <span class='ocr_line' id='line_1_28' title="bbox 486 2434 2066 2508; baseline 0.008 -19"><span class='ocrx_word' id='word_1_176' title='bbox 486 2436 596 2490; x_wconf 86' lang='lat' dir='ltr'><strong>rari</strong></span> <span class='ocrx_word' id='word_1_177' title='bbox 630 2434 883 2491; x_wconf 74' lang='lat' dir='ltr'><strong>allectum</strong></span> <span class='ocrx_word' id='word_1_178' title='bbox 913 2438 1052 2508; x_wconf 89' lang='lat' dir='ltr'><strong>ejus,</strong></span> <span class='ocrx_word' id='word_1_179' title='bbox 1085 2440 1174 2495; x_wconf 88' lang='lat' dir='ltr'><strong>cui</strong></span> <span class='ocrx_word' id='word_1_180' title='bbox 1202 2455 1336 2496; x_wconf 89' lang='lat' dir='ltr'><strong>cura</strong></span> <span class='ocrx_word' id='word_1_181' title='bbox 1383 2450 1435 2497; x_wconf 86' lang='lat' dir='ltr'><strong>et</strong></span> <span class='ocrx_word' id='word_1_182' title='bbox 1469 2443 1739 2498; x_wconf 88' lang='lat' dir='ltr'><strong>medicina</strong></span> <span class='ocrx_word' id='word_1_183' title='bbox 1770 2446 2066 2502; x_wconf 84' lang='lat' dir='ltr'><strong>adhibeba-</strong></span> 
     </span>
    </p>
   </div>
   <div class='ocr_carea' id='block_1_29' title="bbox 482 2523 2063 2599">
    <p class='ocr_par' dir='ltr' id='par_1_29' title="bbox 482 2523 2063 2599">
     <span class='ocr_line' id='line_1_29' title="bbox 482 2523 2063 2599; baseline 0.008 -19"><span class='ocrx_word' id='word_1_184' title='bbox 482 2533 593 2580; x_wconf 86' lang='lat' dir='ltr'><strong>tur.</strong></span> <span class='ocrx_word' id='word_1_185' title='bbox 625 2523 741 2579; x_wconf 89' lang='lat' dir='ltr'><strong>Non</strong></span> <span class='ocrx_word' id='word_1_186' title='bbox 764 2532 942 2583; x_wconf 87' lang='lat' dir='ltr'><strong>tamen</strong></span> <span class='ocrx_word' id='word_1_187' title='bbox 971 2530 1231 2599; x_wconf 91' lang='lat' dir='ltr'><strong>quoniam</strong></span> <span class='ocrx_word' id='word_1_188' title='bbox 1260 2531 1629 2587; x_wconf 90' lang='lat' dir='ltr'><strong>inlirmitatem</strong></span> <span class='ocrx_word' id='word_1_189' title='bbox 1655 2542 1830 2598; x_wconf 89' lang='lat' dir='ltr'><strong>curat,</strong></span> <span class='ocrx_word' id='word_1_190' title='bbox 1854 2535 2063 2592; x_wconf 89' lang='lat' dir='ltr'><strong>idcirco</strong></span> 
     </span>
    </p>
   </div>
   <div class='ocr_carea' id='block_1_30' title="bbox 485 2615 2065 2697">
    <p class='ocr_par' dir='ltr' id='par_1_30' title="bbox 485 2615 2065 2697">
     <span class='ocr_line' id='line_1_30' title="bbox 485 2615 2065 2697; baseline 0.01 -28"><span class='ocrx_word' id='word_1_191' title='bbox 485 2615 601 2684; x_wconf 78' lang='lat' dir='ltr'><strong>ipse</strong></span> <span class='ocrx_word' id='word_1_192' title='bbox 633 2615 823 2671; x_wconf 85' lang='lat' dir='ltr'><strong>morbo</strong></span> <span class='ocrx_word' id='word_1_193' title='bbox 870 2625 923 2672; x_wconf 88' lang='lat' dir='ltr'><strong>et</strong></span> <span class='ocrx_word' id='word_1_194' title='bbox 961 2621 1204 2689; x_wconf 83' lang='lat' dir='ltr'><strong>passioni</strong></span> <span class='ocrx_word' id='word_1_195' title='bbox 1248 2621 1516 2679; x_wconf 84' lang='lat' dir='ltr'><strong>obnoxius</strong></span> <span class='ocrx_word' id='word_1_196' title='bbox 1569 2624 1739 2682; x_wconf 86' lang='lat' dir='ltr'><strong>fuisse</strong></span> <span class='ocrx_word' id='word_1_197' title='bbox 1787 2628 2065 2697; x_wconf 88' lang='lat' dir='ltr'><strong>putandus</strong></span> 
     </span>
    </p>
   </div>
   <div class='ocr_carea' id='block_1_31' title="bbox 484 2706 2068 2785">
    <p class='ocr_par' dir='ltr' id='par_1_31' title="bbox 484 2706 2068 2785">
     <span class='ocr_line' id='line_1_31' title="bbox 484 2706 2068 2785; baseline 0.006 -22"><span class='ocrx_word' id='word_1_198' title='bbox 484 2717 589 2763; x_wconf 83' lang='lat' dir='ltr'><strong>est.</strong></span> <span class='ocrx_word' id='word_1_199' title='bbox 617 2706 801 2777; x_wconf 88' lang='lat' dir='ltr'><strong>Neque</strong></span> <span class='ocrx_word' id='word_1_200' title='bbox 832 2710 976 2763; x_wconf 92' lang='lat' dir='ltr'><strong>enim</strong></span> <span class='ocrx_word' id='word_1_201' title='bbox 1003 2710 1071 2767; x_wconf 89' lang='lat' dir='ltr'><strong>de</strong></span> <span class='ocrx_word' id='word_1_202' title='bbox 1095 2712 1405 2770; x_wconf 91' lang='lat' dir='ltr'><strong>hominibus</strong></span> <span class='ocrx_word' id='word_1_203' title='bbox 1432 2715 1541 2770; x_wconf 89' lang='lat' dir='ltr'><strong>tale</strong></span> <span class='ocrx_word' id='word_1_204' title='bbox 1580 2716 1705 2785; x_wconf 89' lang='lat' dir='ltr'><strong>quid</strong></span> <span class='ocrx_word' id='word_1_205' title='bbox 1738 2717 1919 2773; x_wconf 87' lang='lat' dir='ltr'><strong>dicere</strong></span> <span class='ocrx_word' id='word_1_206' title='bbox 1938 2734 2068 2774; x_wconf 87' lang='lat' dir='ltr'><strong>con-</strong></span> 
     </span>
    </p>
   </div>
   <div class='ocr_carea' id='block_1_32' title="bbox 487 2799 2068 2879">
    <p class='ocr_par' dir='ltr' id='par_1_32' title="bbox 487 2799 2068 2879">
     <span class='ocr_line' id='line_1_32' title="bbox 487 2799 2068 2879; baseline 0.008 -26"><span class='ocrx_word' id='word_1_207' title='bbox 487 2799 715 2855; x_wconf 86' lang='lat' dir='ltr'><strong>suetu&#39;do</strong></span> <span class='ocrx_word' id='word_1_208' title='bbox 768 2801 1052 2871; x_wconf 72' lang='lat' dir='ltr'><strong>permittit.</strong></span> <span class='ocrx_word' id='word_1_209' title='bbox 1111 2803 1215 2870; x_wconf 70' lang='lat' dir='ltr'><strong>Qui</strong></span> <span class='ocrx_word' id='word_1_210' title='bbox 1264 2807 1408 2859; x_wconf 86' lang='lat' dir='ltr'><strong>enim</strong></span> <span class='ocrx_word' id='word_1_211' title='bbox 1437 2816 1698 2875; x_wconf 73' lang='lat' dir='ltr'><strong>aegrotum</strong></span> <span class='ocrx_word' id='word_1_212' title='bbox 1758 2811 1952 2879; x_wconf 81' lang='lat' dir='ltr'><strong>tangit,</strong></span> <span class='ocrx_word' id='word_1_213' title='bbox 2009 2819 2068 2865; x_wconf 88' lang='lat' dir='ltr'><strong>ut</strong></span> 
     </span>
    </p>
   </div>
   <div class='ocr_carea' id='block_1_33' title="bbox 486 2893 2066 2966">
    <p class='ocr_par' dir='ltr' id='par_1_33' title="bbox 486 2893 2066 2966">
     <span class='ocr_line' id='line_1_33' title="bbox 486 2893 2066 2966; baseline 0.007 -21"><span class='ocrx_word' id='word_1_214' title='bbox 486 2901 662 2957; x_wconf 85' lang='lat' dir='ltr'><strong>curet,</strong></span> <span class='ocrx_word' id='word_1_215' title='bbox 692 2906 801 2946; x_wconf 89' lang='lat' dir='ltr'><strong>non</strong></span> <span class='ocrx_word' id='word_1_216' title='bbox 830 2907 953 2946; x_wconf 86' lang='lat' dir='ltr'><strong>eum</strong></span> <span class='ocrx_word' id='word_1_217' title='bbox 984 2893 1158 2948; x_wconf 91' lang='lat' dir='ltr'><strong>morbi</strong></span> <span class='ocrx_word' id='word_1_218' title='bbox 1190 2894 1508 2965; x_wconf 85' lang='lat' dir='ltr'><strong>participem</strong></span> <span class='ocrx_word' id='word_1_219' title='bbox 1532 2911 1654 2951; x_wconf 89' lang='lat' dir='ltr'><strong>esse</strong></span> <span class='ocrx_word' id='word_1_220' title='bbox 1681 2897 1938 2966; x_wconf 81' lang='lat' dir='ltr'><strong>dicimus,</strong></span> <span class='ocrx_word' id='word_1_221' title='bbox 1972 2902 2066 2956; x_wconf 89' lang='lat' dir='ltr'><strong>sed</strong></span> 
     </span>
    </p>
   </div>
   <div class='ocr_carea' id='block_1_34' title="bbox 2141 433 3718 508">
    <p class='ocr_par' dir='ltr' id='par_1_34' title="bbox 2141 433 3718 508">
     <span class='ocr_line' id='line_1_34' title="bbox 2141 433 3718 508; baseline -0.006 -14"><span class='ocrx_word' id='word_1_222' title='bbox 2141 459 2198 494; x_wconf 88' lang='grc' dir='ltr'><strong>τε</strong></span> <span class='ocrx_word' id='word_1_223' title='bbox 2231 446 2323 494; x_wconf 79' lang='grc' dir='ltr'><strong>καὶ</strong></span> <span class='ocrx_word' id='word_1_224' title='bbox 2355 440 2496 508; x_wconf 82' lang='grc' dir='ltr'>ἀέρι,</span> <span class='ocrx_word' id='word_1_225' title='bbox 2532 437 2624 490; x_wconf 75' lang='grc' dir='ltr'>καὶ</span> <span class='ocrx_word' id='word_1_226' title='bbox 2665 438 2756 507; x_wconf 79' lang='grc' dir='ltr'>γῇ,</span> <span class='ocrx_word' id='word_1_227' title='bbox 2804 435 2898 489; x_wconf 76' lang='grc' dir='ltr'><strong>καὶ</strong></span> <span class='ocrx_word' id='word_1_228' title='bbox 2941 433 3202 506; x_wconf 80' lang='grc' dir='ltr'>θαλάσσῃ,</span> <span class='ocrx_word' id='word_1_229' title='bbox 3238 433 3330 486; x_wconf 72' lang='grc' dir='ltr'>καὶ</span> <span class='ocrx_word' id='word_1_230' title='bbox 3362 434 3417 486; x_wconf 73' lang='grc' dir='ltr'><strong>εί</strong></span> <span class='ocrx_word' id='word_1_231' title='bbox 3452 449 3505 486; x_wconf 87' lang='grc' dir='ltr'><strong>τι</strong></span> <span class='ocrx_word' id='word_1_232' title='bbox 3552 434 3718 485; x_wconf 76' lang='grc' dir='ltr'>ἐττουο</span> 
     </span>
    </p>
   </div>
   <div class='ocr_carea' id='block_1_35' title="bbox 2144 524 3722 605">
    <p class='ocr_par' dir='ltr' id='par_1_35' title="bbox 2144 524 3722 605">
     <span class='ocr_line' id='line_1_35' title="bbox 2144 524 3722 605; baseline -0.005 -20"><span class='ocrx_word' id='word_1_233' title='bbox 2144 533 2345 605; x_wconf 85' lang='grc' dir='ltr'>ράνιον,</span> <span class='ocrx_word' id='word_1_234' title='bbox 2378 532 2471 584; x_wconf 74' lang='grc' dir='ltr'>καὶ</span> <span class='ocrx_word' id='word_1_235' title='bbox 2501 530 2553 582; x_wconf 82' lang='grc' dir='ltr'><strong>εί</strong></span> <span class='ocrx_word' id='word_1_236' title='bbox 2578 547 2629 583; x_wconf 90' lang='grc' dir='ltr'><strong>τι</strong></span> <span class='ocrx_word' id='word_1_237' title='bbox 2661 526 3033 598; x_wconf 83' lang='grc' dir='ltr'>καταχθόνιον,</span> <span class='ocrx_word' id='word_1_238' title='bbox 3075 524 3349 594; x_wconf 85' lang='grc' dir='ltr'>πανταχοῦ</span> <span class='ocrx_word' id='word_1_239' title='bbox 3380 526 3477 596; x_wconf 78' lang='grc' dir='ltr'>μὲν</span> <span class='ocrx_word' id='word_1_240' title='bbox 3506 525 3605 578; x_wconf 70' lang='grc' dir='ltr'><strong>καὶ</strong></span> <span class='ocrx_word' id='word_1_241' title='bbox 3636 524 3722 578; x_wconf 80' lang='grc' dir='ltr'>διὰ</span> 
     </span>
    </p>
   </div>
   <div class='ocr_carea' id='block_1_36' title="bbox 2144 615 3723 689">
    <p class='ocr_par' dir='ltr' id='par_1_36' title="bbox 2144 615 3723 689">
     <span class='ocr_line' id='line_1_36' title="bbox 2144 615 3723 689; baseline -0.008 -11"><span class='ocrx_word' id='word_1_242' title='bbox 2144 624 2360 678; x_wconf 84' lang='grc' dir='ltr'>πάντων</span> <span class='ocrx_word' id='word_1_243' title='bbox 2389 622 2550 676; x_wconf 81' lang='grc' dir='ltr'>αὐτὸν</span> <span class='ocrx_word' id='word_1_244' title='bbox 2576 617 2714 673; x_wconf 81' lang='grc' dir='ltr'>εἶναι</span> <span class='ocrx_word' id='word_1_245' title='bbox 2741 618 3090 689; x_wconf 76' lang='grc' dir='ltr'><strong>πιστεύομεν,</strong></span> <span class='ocrx_word' id='word_1_246' title='bbox 3119 617 3271 672; x_wconf 84' lang='grc' dir='ltr'>ούδέν</span> <span class='ocrx_word' id='word_1_247' title='bbox 3297 617 3353 670; x_wconf 86' lang='grc' dir='ltr'>δὲ</span> <span class='ocrx_word' id='word_1_248' title='bbox 3381 618 3590 670; x_wconf 76' lang='grc' dir='ltr'>τούτων</span> <span class='ocrx_word' id='word_1_249' title='bbox 3617 615 3723 667; x_wconf 70' lang='grc' dir='ltr'><strong>τῶν</strong></span> 
     </span>
    </p>
   </div>
   <div class='ocr_carea' id='block_1_37' title="bbox 2144 704 3724 783">
    <p class='ocr_par' dir='ltr' id='par_1_37' title="bbox 2144 704 3724 783">
     <span class='ocr_line' id='line_1_37' title="bbox 2144 704 3724 783; baseline -0.006 -15"><span class='ocrx_word' id='word_1_250' title='bbox 2144 717 2203 768; x_wconf 86' lang='grc' dir='ltr'><strong>ἐν</strong></span> <span class='ocrx_word' id='word_1_251' title='bbox 2244 708 2288 783; x_wconf 83' lang='grc' dir='ltr'>ᾧ</span> <span class='ocrx_word' id='word_1_252' title='bbox 2334 716 2499 777; x_wconf 88' lang='grc' dir='ltr'>ἐστιν,</span> <span class='ocrx_word' id='word_1_253' title='bbox 2540 712 2747 765; x_wconf 87' lang='grc' dir='ltr'>ἐκεῖνον</span> <span class='ocrx_word' id='word_1_254' title='bbox 2791 704 2929 762; x_wconf 76' lang='grc' dir='ltr'>εἷναί</span> <span class='ocrx_word' id='word_1_255' title='bbox 2976 726 3174 779; x_wconf 80' lang='grc' dir='ltr'>φαμεν.</span> <span class='ocrx_word' id='word_1_256' title='bbox 3228 708 3304 760; x_wconf 78' lang='grc' dir='ltr'>Ού</span> <span class='ocrx_word' id='word_1_257' title='bbox 3338 706 3446 778; x_wconf 79' lang='grc' dir='ltr'><strong>γὰρ</strong></span> <span class='ocrx_word' id='word_1_258' title='bbox 3496 706 3724 776; x_wconf 82' lang='grc' dir='ltr'>οὐρανός</span> 
     </span>
    </p>
   </div>
   <div class='ocr_carea' id='block_1_38' title="bbox 2146 795 3727 870">
    <p class='ocr_par' dir='ltr' id='par_1_38' title="bbox 2146 795 3727 870">
     <span class='ocr_line' id='line_1_38' title="bbox 2146 795 3727 870; baseline -0.004 -16"><span class='ocrx_word' id='word_1_259' title='bbox 2146 802 2283 866; x_wconf 86' lang='grc' dir='ltr'>ἐστι,</span> <span class='ocrx_word' id='word_1_260' title='bbox 2315 798 2600 870; x_wconf 79' lang='grc' dir='ltr'>διειληφὼς</span> <span class='ocrx_word' id='word_1_261' title='bbox 2635 798 2795 853; x_wconf 72' lang='grc' dir='ltr'>αὐτὸν</span> <span class='ocrx_word' id='word_1_262' title='bbox 2832 800 2898 868; x_wconf 80' lang='grc' dir='ltr'><strong>τῇ</strong></span> <span class='ocrx_word' id='word_1_263' title='bbox 2929 799 3359 869; x_wconf 84' lang='grc' dir='ltr'>περικρατητικῇ</span> <span class='ocrx_word' id='word_1_264' title='bbox 3390 795 3483 849; x_wconf 86' lang='grc' dir='ltr'><strong>τοῦ</strong></span> <span class='ocrx_word' id='word_1_265' title='bbox 3525 796 3727 860; x_wconf 73' lang='grc' dir='ltr'>παντὸς</span> 
     </span>
    </p>
   </div>
   <div class='ocr_carea' id='block_1_39' title="bbox 2148 887 3726 965">
    <p class='ocr_par' dir='ltr' id='par_1_39' title="bbox 2148 887 3726 965">
     <span class='ocr_line' id='line_1_39' title="bbox 2148 887 3726 965; baseline -0.004 -18"><span class='ocrx_word' id='word_1_266' title='bbox 2148 894 2416 965; x_wconf 77' lang='grc' dir='ltr'><strong>σπιθαμῇ,</strong></span> <span class='ocrx_word' id='word_1_267' title='bbox 2453 893 2573 947; x_wconf 75' lang='grc' dir='ltr'><strong>ούδέ</strong></span> <span class='ocrx_word' id='word_1_268' title='bbox 2606 892 2701 962; x_wconf 85' lang='grc' dir='ltr'>γῆ,</span> <span class='ocrx_word' id='word_1_269' title='bbox 2752 893 2780 944; x_wconf 99' lang='lat'><strong>6</strong></span> <span class='ocrx_word' id='word_1_270' title='bbox 2830 889 3081 960; x_wconf 81' lang='grc' dir='ltr'><strong>κατέχων</strong></span> <span class='ocrx_word' id='word_1_271' title='bbox 3114 890 3206 942; x_wconf 81' lang='grc' dir='ltr'>τὸν</span> <span class='ocrx_word' id='word_1_272' title='bbox 3233 888 3399 959; x_wconf 87' lang='grc' dir='ltr'>γύρον</span> <span class='ocrx_word' id='word_1_273' title='bbox 3441 889 3545 959; x_wconf 83' lang='grc' dir='ltr'>τῆς</span> <span class='ocrx_word' id='word_1_274' title='bbox 3584 887 3726 958; x_wconf 80' lang='grc' dir='ltr'>γῆς·</span> 
     </span>
    </p>
   </div>
   <div class='ocr_carea' id='block_1_40' title="bbox 2146 976 3733 1054">
    <p class='ocr_par' dir='ltr' id='par_1_40' title="bbox 2146 976 3733 1054">
     <span class='ocr_line' id='line_1_40' title="bbox 2146 976 3733 1054; baseline -0.006 -17"><span class='ocrx_word' id='word_1_275' title='bbox 2146 985 2267 1038; x_wconf 85' lang='grc' dir='ltr'><strong>ούδέ</strong></span> <span class='ocrx_word' id='word_1_276' title='bbox 2298 983 2440 1054; x_wconf 74' lang='grc' dir='ltr'>ὕδωρ</span> <span class='ocrx_word' id='word_1_277' title='bbox 2464 982 2684 1047; x_wconf 82' lang='grc' dir='ltr'>πάλιν,ό</span> <span class='ocrx_word' id='word_1_278' title='bbox 2717 980 2815 1052; x_wconf 82' lang='grc' dir='ltr'>τὴν</span> <span class='ocrx_word' id='word_1_279' title='bbox 2843 980 3016 1051; x_wconf 74' lang='grc' dir='ltr'>ύγράν</span> <span class='ocrx_word' id='word_1_280' title='bbox 3045 979 3310 1051; x_wconf 81' lang='grc' dir='ltr'><strong>περιέχων</strong></span> <span class='ocrx_word' id='word_1_281' title='bbox 3335 978 3497 1048; x_wconf 75' lang='grc' dir='ltr'>φύσιν</span> <span class='ocrx_word' id='word_1_282' title='bbox 3518 994 3536 1010; x_wconf 76' lang='grc' dir='ltr'><strong>ο</strong></span> <span class='ocrx_word' id='word_1_283' title='bbox 3558 976 3733 1041; x_wconf 74' lang='grc' dir='ltr'>οὕτως</span> 
     </span>
    </p>
   </div>
   <div class='ocr_carea' id='block_1_41' title="bbox 2147 1067 3735 1142">
    <p class='ocr_par' dir='ltr' id='par_1_41' title="bbox 2147 1067 3735 1142">
     <span class='ocr_line' id='line_1_41' title="bbox 2147 1067 3735 1142; baseline -0.006 -14"><span class='ocrx_word' id='word_1_284' title='bbox 2147 1076 2269 1129; x_wconf 74' lang='grc' dir='ltr'>οὐδὲ</span> <span class='ocrx_word' id='word_1_285' title='bbox 2324 1074 2413 1127; x_wconf 80' lang='grc' dir='ltr'><strong>διὰ</strong></span> <span class='ocrx_word' id='word_1_286' title='bbox 2465 1072 2572 1126; x_wconf 87' lang='grc' dir='ltr'><strong>τῶν</strong></span> <span class='ocrx_word' id='word_1_287' title='bbox 2620 1070 2929 1142; x_wconf 86' lang='grc' dir='ltr'>λεγομένων</span> <span class='ocrx_word' id='word_1_288' title='bbox 2988 1070 3088 1141; x_wconf 80' lang='grc' dir='ltr'>τῆς</span> <span class='ocrx_word' id='word_1_289' title='bbox 3140 1069 3339 1141; x_wconf 75' lang='grc' dir='ltr'>σαρκὸς</span> <span class='ocrx_word' id='word_1_290' title='bbox 3387 1067 3735 1139; x_wconf 72' lang='grc' dir='ltr'><strong>παθημάτων</strong></span> 
     </span>
    </p>
   </div>
   <div class='ocr_carea' id='block_1_42' title="bbox 2149 1156 3734 1235">
    <p class='ocr_par' dir='ltr' id='par_1_42' title="bbox 2149 1156 3734 1235">
     <span class='ocr_line' id='line_1_42' title="bbox 2149 1156 3734 1235; baseline -0.006 -16"><span class='ocrx_word' id='word_1_291' title='bbox 2149 1165 2390 1229; x_wconf 86' lang='grc' dir='ltr'>ἐλθόντα,</span> <span class='ocrx_word' id='word_1_292' title='bbox 2423 1163 2641 1235; x_wconf 87' lang='grc' dir='ltr'>ἐμπαθῆ</span> <span class='ocrx_word' id='word_1_293' title='bbox 2673 1163 2834 1216; x_wconf 87' lang='grc' dir='ltr'>αὐτὸν</span> <span class='ocrx_word' id='word_1_294' title='bbox 2868 1156 3007 1216; x_wconf 76' lang='grc' dir='ltr'>εἷναί</span> <span class='ocrx_word' id='word_1_295' title='bbox 3055 1177 3256 1232; x_wconf 84' lang='grc' dir='ltr'>φαμεν.</span> <span class='ocrx_word' id='word_1_296' title='bbox 3319 1160 3456 1213; x_wconf 80' lang='grc' dir='ltr'>Ἀλλ’</span> <span class='ocrx_word' id='word_1_297' title='bbox 3499 1158 3577 1223; x_wconf 83' lang='grc' dir='ltr'>ὡς</span> <span class='ocrx_word' id='word_1_298' title='bbox 3630 1158 3734 1211; x_wconf 83' lang='grc' dir='ltr'>τῶν</span> 
     </span>
    </p>
   </div>
   <div class='ocr_carea' id='block_1_43' title="bbox 2150 1250 3737 1324">
    <p class='ocr_par' dir='ltr' id='par_1_43' title="bbox 2150 1250 3737 1324">
     <span class='ocr_line' id='line_1_43' title="bbox 2150 1250 3737 1324; baseline -0.006 -12"><span class='ocrx_word' id='word_1_299' title='bbox 2150 1256 2318 1311; x_wconf 75' lang='grc' dir='ltr'>ὄντων</span> <span class='ocrx_word' id='word_1_300' title='bbox 2358 1255 2551 1321; x_wconf 75' lang='grc' dir='ltr'>αἴτιον,</span> <span class='ocrx_word' id='word_1_301' title='bbox 2598 1253 2694 1308; x_wconf 74' lang='grc' dir='ltr'>καὶ</span> <span class='ocrx_word' id='word_1_302' title='bbox 2732 1251 2827 1307; x_wconf 91' lang='grc' dir='ltr'><strong>τοῦ</strong></span> <span class='ocrx_word' id='word_1_303' title='bbox 2862 1251 3061 1315; x_wconf 80' lang='grc' dir='ltr'>παντὸς</span> <span class='ocrx_word' id='word_1_304' title='bbox 3092 1250 3614 1324; x_wconf 84' lang='grc' dir='ltr'>περιδεδραγμένον,</span> <span class='ocrx_word' id='word_1_305' title='bbox 3647 1251 3737 1303; x_wconf 80' lang='grc' dir='ltr'>καὶ</span> 
     </span>
    </p>
   </div>
   <div class='ocr_carea' id='block_1_44' title="bbox 2151 1341 3740 1419">
    <p class='ocr_par' dir='ltr' id='par_1_44' title="bbox 2151 1341 3740 1419">
     <span class='ocr_line' id='line_1_44' title="bbox 2151 1341 3740 1419; baseline -0.006 -17"><span class='ocrx_word' id='word_1_306' title='bbox 2151 1352 2216 1419; x_wconf 84' lang='grc' dir='ltr'><strong>τῇ</strong></span> <span class='ocrx_word' id='word_1_307' title='bbox 2262 1347 2526 1419; x_wconf 77' lang='grc' dir='ltr'>ἀφράστῳ</span> <span class='ocrx_word' id='word_1_308' title='bbox 2559 1345 2785 1416; x_wconf 83' lang='grc' dir='ltr'><strong>δυνάμει</strong></span> <span class='ocrx_word' id='word_1_309' title='bbox 2832 1343 2935 1413; x_wconf 87' lang='grc' dir='ltr'>τῆς</span> <span class='ocrx_word' id='word_1_310' title='bbox 2971 1343 3107 1407; x_wconf 80' lang='grc' dir='ltr'>ἰδίας</span> <span class='ocrx_word' id='word_1_311' title='bbox 3158 1341 3596 1414; x_wconf 79' lang='grc' dir='ltr'><strong>μεγαλειότητος,</strong></span> <span class='ocrx_word' id='word_1_312' title='bbox 3632 1341 3740 1394; x_wconf 75' lang='grc' dir='ltr'><strong>πᾶν</strong></span> 
     </span>
    </p>
   </div>
   <div class='ocr_carea' id='block_1_45' title="bbox 2152 1434 3742 1509">
    <p class='ocr_par' dir='ltr' id='par_1_45' title="bbox 2152 1434 3742 1509">
     <span class='ocr_line' id='line_1_45' title="bbox 2152 1434 3742 1509; baseline -0.006 -14"><span class='ocrx_word' id='word_1_313' title='bbox 2152 1440 2213 1495; x_wconf 86' lang='grc' dir='ltr'><strong>τό</strong></span> <span class='ocrx_word' id='word_1_314' title='bbox 2242 1457 2301 1493; x_wconf 87' lang='grc' dir='ltr'><strong>τε</strong></span> <span class='ocrx_word' id='word_1_315' title='bbox 2337 1435 2651 1509; x_wconf 87' lang='grc' dir='ltr'>κινούμενον</span> <span class='ocrx_word' id='word_1_316' title='bbox 2676 1434 3005 1501; x_wconf 76' lang='grc' dir='ltr'>οἱακίζοντα,</span> <span class='ocrx_word' id='word_1_317' title='bbox 3041 1435 3220 1489; x_wconf 78' lang='grc' dir='ltr'>καὶτὸ</span> <span class='ocrx_word' id='word_1_318' title='bbox 3259 1434 3430 1500; x_wconf 78' lang='grc' dir='ltr'>ἑστὼς</span> <span class='ocrx_word' id='word_1_319' title='bbox 3458 1436 3519 1487; x_wconf 87' lang='grc' dir='ltr'><strong>ἐν</strong></span> <span class='ocrx_word' id='word_1_320' title='bbox 3554 1434 3742 1505; x_wconf 81' lang='grc' dir='ltr'>παγίῳ</span> 
     </span>
    </p>
   </div>
   <div class='ocr_carea' id='block_1_46' title="bbox 2157 1526 3741 1603">
    <p class='ocr_par' dir='ltr' id='par_1_46' title="bbox 2157 1526 3741 1603">
     <span class='ocr_line' id='line_1_46' title="bbox 2157 1526 3741 1603; baseline -0.004 -18"><span class='ocrx_word' id='word_1_321' title='bbox 2157 1531 2522 1603; x_wconf 88' lang='grc' dir='ltr'>συντηροῦντα</span> <span class='ocrx_word' id='word_1_322' title='bbox 2548 1531 2614 1601; x_wconf 79' lang='grc' dir='ltr'><strong>τῇ</strong></span> <span class='ocrx_word' id='word_1_323' title='bbox 2666 1527 2841 1599; x_wconf 83' lang='grc' dir='ltr'><strong>βάσει,</strong></span> <span class='ocrx_word' id='word_1_324' title='bbox 2874 1527 2968 1582; x_wconf 78' lang='grc' dir='ltr'>καὶ</span> <span class='ocrx_word' id='word_1_325' title='bbox 3014 1528 3073 1584; x_wconf 89' lang='grc' dir='ltr'><strong>ἐν</strong></span> <span class='ocrx_word' id='word_1_326' title='bbox 3112 1529 3242 1599; x_wconf 85' lang='grc' dir='ltr'>ἡμῖν</span> <span class='ocrx_word' id='word_1_327' title='bbox 3272 1526 3608 1598; x_wconf 83' lang='grc' dir='ltr'>γεγενῆσθαί</span> <span class='ocrx_word' id='word_1_328' title='bbox 3639 1544 3741 1595; x_wconf 70' lang='grc' dir='ltr'>φα-</span> 
     </span>
    </p>
   </div>
   <div class='ocr_carea' id='block_1_47' title="bbox 2161 1618 3744 1697">
    <p class='ocr_par' dir='ltr' id='par_1_47' title="bbox 2161 1618 3744 1697">
     <span class='ocr_line' id='line_1_47' title="bbox 2161 1618 3744 1697; baseline -0.004 -18"><span class='ocrx_word' id='word_1_329' title='bbox 2161 1642 2259 1697; x_wconf 90' lang='grc' dir='ltr'><strong>μεν</strong></span> <span class='ocrx_word' id='word_1_330' title='bbox 2300 1624 2392 1677; x_wconf 79' lang='grc' dir='ltr'>ἐπὶ</span> <span class='ocrx_word' id='word_1_331' title='bbox 2447 1621 2712 1695; x_wconf 76' lang='grc' dir='ltr'>θεραπείᾳ</span> <span class='ocrx_word' id='word_1_332' title='bbox 2753 1621 2853 1693; x_wconf 81' lang='grc' dir='ltr'>τῆς</span> <span class='ocrx_word' id='word_1_333' title='bbox 2894 1619 3035 1674; x_wconf 86' lang='grc' dir='ltr'><strong>κατά</strong></span> <span class='ocrx_word' id='word_1_334' title='bbox 3081 1621 3181 1692; x_wconf 82' lang='grc' dir='ltr'>τὴν</span> <span class='ocrx_word' id='word_1_335' title='bbox 3232 1619 3506 1692; x_wconf 78' lang='grc' dir='ltr'>ἁμαρτίαν</span> <span class='ocrx_word' id='word_1_336' title='bbox 3558 1618 3744 1684; x_wconf 84' lang='grc' dir='ltr'>νόσου,</span> 
     </span>
    </p>
   </div>
   <div class='ocr_carea' id='block_1_48' title="bbox 2156 1711 3746 1787">
    <p class='ocr_par' dir='ltr' id='par_1_48' title="bbox 2156 1711 3746 1787">
     <span class='ocr_line' id='line_1_48' title="bbox 2156 1711 3746 1787; baseline -0.004 -15"><span class='ocrx_word' id='word_1_337' title='bbox 2156 1716 2505 1787; x_wconf 83' lang='grc' dir='ltr'>καταλλήλως</span> <span class='ocrx_word' id='word_1_338' title='bbox 2548 1714 2627 1787; x_wconf 84' lang='grc' dir='ltr'>τῷ</span> <span class='ocrx_word' id='word_1_339' title='bbox 2674 1715 2835 1769; x_wconf 83' lang='grc' dir='ltr'>πάθει</span> <span class='ocrx_word' id='word_1_340' title='bbox 2878 1714 2979 1787; x_wconf 81' lang='grc' dir='ltr'>τὴν</span> <span class='ocrx_word' id='word_1_341' title='bbox 3014 1711 3295 1784; x_wconf 77' lang='grc' dir='ltr'>ἐνέργειαν</span> <span class='ocrx_word' id='word_1_342' title='bbox 3348 1711 3445 1782; x_wconf 76' lang='grc' dir='ltr'>τῆς</span> <span class='ocrx_word' id='word_1_343' title='bbox 3491 1712 3746 1783; x_wconf 74' lang='grc' dir='ltr'>ἰατρικῆς</span> 
     </span>
    </p>
   </div>
   <div class='ocr_carea' id='block_1_49' title="bbox 2156 1801 3745 1878">
    <p class='ocr_par' dir='ltr' id='par_1_49' title="bbox 2156 1801 3745 1878">
     <span class='ocr_line' id='line_1_49' title="bbox 2156 1801 3745 1878; baseline -0.003 -18"><span class='ocrx_word' id='word_1_344' title='bbox 2156 1805 2558 1878; x_wconf 80' lang='grc' dir='ltr'>ἁρμοσάμενον,</span> <span class='ocrx_word' id='word_1_345' title='bbox 2607 1804 2683 1868; x_wconf 82' lang='grc' dir='ltr'>ὡς</span> <span class='ocrx_word' id='word_1_346' title='bbox 2732 1804 2848 1876; x_wconf 68' lang='grc' dir='ltr'>ᾔδει</span> <span class='ocrx_word' id='word_1_347' title='bbox 2897 1803 3194 1875; x_wconf 87' lang='grc' dir='ltr'>συμφέρειν</span> <span class='ocrx_word' id='word_1_348' title='bbox 3241 1801 3320 1873; x_wconf 82' lang='grc' dir='ltr'>τῷ</span> <span class='ocrx_word' id='word_1_349' title='bbox 3362 1801 3745 1873; x_wconf 74' lang='grc' dir='ltr'>ἀρῤωστοῦντι</span> 
     </span>
    </p>
   </div>
   <div class='ocr_carea' id='block_1_50' title="bbox 2160 1890 3746 1969">
    <p class='ocr_par' dir='ltr' id='par_1_50' title="bbox 2160 1890 3746 1969">
     <span class='ocr_line' id='line_1_50' title="bbox 2160 1890 3746 1969; baseline -0.004 -19"><span class='ocrx_word' id='word_1_350' title='bbox 2160 1897 2316 1969; x_wconf 86' lang='grc' dir='ltr'>μέρει</span> <span class='ocrx_word' id='word_1_351' title='bbox 2361 1896 2463 1967; x_wconf 82' lang='grc' dir='ltr'>τῆς</span> <span class='ocrx_word' id='word_1_352' title='bbox 2512 1895 2763 1958; x_wconf 79' lang='grc' dir='ltr'>κτίσεως,</span> <span class='ocrx_word' id='word_1_353' title='bbox 2803 1892 2975 1957; x_wconf 87' lang='grc' dir='ltr'>οῦτως</span> <span class='ocrx_word' id='word_1_354' title='bbox 3024 1890 3372 1960; x_wconf 78' lang='grc' dir='ltr'>ἐπαγαγόντα</span> <span class='ocrx_word' id='word_1_355' title='bbox 3421 1892 3523 1962; x_wconf 84' lang='grc' dir='ltr'>τὴν</span> <span class='ocrx_word' id='word_1_356' title='bbox 3565 1890 3746 1944; x_wconf 80' lang='grc' dir='ltr'>ἴασιν·</span> 
     </span>
    </p>
   </div>
   <div class='ocr_carea' id='block_1_51' title="bbox 2160 1979 3752 2059">
    <p class='ocr_par' dir='ltr' id='par_1_51' title="bbox 2160 1979 3752 2059">
     <span class='ocr_line' id='line_1_51' title="bbox 2160 1979 3752 2059; baseline -0.004 -17"><span class='ocrx_word' id='word_1_357' title='bbox 2160 1988 2419 2059; x_wconf 78' lang='grc' dir='ltr'>συνέφερε</span> <span class='ocrx_word' id='word_1_358' title='bbox 2459 1988 2516 2040; x_wconf 82' lang='grc' dir='ltr'>δὲ</span> <span class='ocrx_word' id='word_1_359' title='bbox 2562 1988 2628 2058; x_wconf 77' lang='grc' dir='ltr'><strong>τῇ</strong></span> <span class='ocrx_word' id='word_1_360' title='bbox 2670 1986 2852 2057; x_wconf 81' lang='grc' dir='ltr'>ἐπαφῇ</span> <span class='ocrx_word' id='word_1_361' title='bbox 2890 1984 2950 2037; x_wconf 85' lang='grc' dir='ltr'>τὸ</span> <span class='ocrx_word' id='word_1_362' title='bbox 2980 1982 3150 2047; x_wconf 88' lang='grc' dir='ltr'>πάθος</span> <span class='ocrx_word' id='word_1_363' title='bbox 3181 1981 3430 2037; x_wconf 76' lang='grc' dir='ltr'>ἰάσασθαι</span> <span class='ocrx_word' id='word_1_364' title='bbox 3472 1979 3625 2035; x_wconf 80' lang='grc' dir='ltr'>οὕτω</span> <span class='ocrx_word' id='word_1_365' title='bbox 3656 1980 3752 2035; x_wconf 79' lang='grc' dir='ltr'>καὶ</span> 
     </span>
    </p>
   </div>
   <div class='ocr_carea' id='block_1_52' title="bbox 2163 2073 3750 2152">
    <p class='ocr_par' dir='ltr' id='par_1_52' title="bbox 2163 2073 3750 2152">
     <span class='ocr_line' id='line_1_52' title="bbox 2163 2073 3750 2152; baseline -0.007 -17"><span class='ocrx_word' id='word_1_366' title='bbox 2163 2081 2471 2152; x_wconf 73' lang='grc' dir='ltr'>ἰασάμενον.</span> <span class='ocrx_word' id='word_1_367' title='bbox 2510 2079 2584 2133; x_wconf 87' lang='grc' dir='ltr'>υύ</span> <span class='ocrx_word' id='word_1_368' title='bbox 2619 2077 2726 2149; x_wconf 82' lang='grc' dir='ltr'>μὴν</span> <span class='ocrx_word' id='word_1_369' title='bbox 2753 2076 2938 2149; x_wconf 80' lang='grc' dir='ltr'>ἐπειδὴ</span> <span class='ocrx_word' id='word_1_370' title='bbox 2989 2074 3224 2147; x_wconf 85' lang='grc' dir='ltr'>ίατρεύει</span> <span class='ocrx_word' id='word_1_371' title='bbox 3261 2074 3360 2146; x_wconf 80' lang='grc' dir='ltr'>τὴν</span> <span class='ocrx_word' id='word_1_372' title='bbox 3405 2073 3750 2145; x_wconf 75' lang='grc' dir='ltr'>ἀρρωστίαν,</span> 
     </span>
    </p>
   </div>
   <div class='ocr_carea' id='block_1_53' title="bbox 2159 2164 3749 2238">
    <p class='ocr_par' dir='ltr' id='par_1_53' title="bbox 2159 2164 3749 2238">
     <span class='ocr_line' id='line_1_53' title="bbox 2159 2164 3749 2238; baseline -0.003 -14"><span class='ocrx_word' id='word_1_373' title='bbox 2159 2172 2246 2224; x_wconf 89' lang='grc' dir='ltr'><strong>διά</strong></span> <span class='ocrx_word' id='word_1_374' title='bbox 2278 2170 2433 2224; x_wconf 89' lang='grc' dir='ltr'>τοῦτο</span> <span class='ocrx_word' id='word_1_375' title='bbox 2459 2169 2550 2223; x_wconf 82' lang='grc' dir='ltr'>καὶ</span> <span class='ocrx_word' id='word_1_376' title='bbox 2580 2168 2741 2231; x_wconf 73' lang='grc' dir='ltr'>αὐτὸς</span> <span class='ocrx_word' id='word_1_377' title='bbox 2790 2166 3042 2238; x_wconf 78' lang='grc' dir='ltr'>ἐμπαθὴς</span> <span class='ocrx_word' id='word_1_378' title='bbox 3082 2164 3406 2236; x_wconf 82' lang='grc' dir='ltr'>γεγενῆσθαι</span> <span class='ocrx_word' id='word_1_379' title='bbox 3437 2164 3749 2236; x_wconf 75' lang='grc' dir='ltr'>νομίζεται.</span> 
     </span>
    </p>
   </div>
   <div class='ocr_carea' id='block_1_54' title="bbox 2162 2255 3753 2331">
    <p class='ocr_par' dir='ltr' id='par_1_54' title="bbox 2162 2255 3753 2331">
     <span class='ocr_line' id='line_1_54' title="bbox 2162 2255 3753 2331; baseline -0.004 -17"><span class='ocrx_word' id='word_1_380' title='bbox 2162 2260 2295 2315; x_wconf 82' lang='grc' dir='ltr'><strong>Οὐδὲ</strong></span> <span class='ocrx_word' id='word_1_381' title='bbox 2330 2260 2435 2331; x_wconf 90' lang='grc' dir='ltr'><strong>γάρ</strong></span> <span class='ocrx_word' id='word_1_382' title='bbox 2480 2259 2571 2312; x_wconf 76' lang='grc' dir='ltr'>ἐπὶ</span> <span class='ocrx_word' id='word_1_383' title='bbox 2615 2258 2724 2312; x_wconf 83' lang='grc' dir='ltr'><strong>τῶν</strong></span> <span class='ocrx_word' id='word_1_384' title='bbox 2767 2257 3070 2329; x_wconf 86' lang='grc' dir='ltr'>ἀνθρώπων</span> <span class='ocrx_word' id='word_1_385' title='bbox 3097 2256 3159 2309; x_wconf 76' lang='grc' dir='ltr'>τὸ</span> <span class='ocrx_word' id='word_1_386' title='bbox 3186 2255 3428 2309; x_wconf 85' lang='grc' dir='ltr'>τοιοῦτον</span> <span class='ocrx_word' id='word_1_387' title='bbox 3485 2255 3674 2324; x_wconf 86' lang='grc' dir='ltr'>λέγειν</span> <span class='ocrx_word' id='word_1_388' title='bbox 3721 2255 3753 2324; x_wconf 75' lang='grc' dir='ltr'>ἡ</span> 
     </span>
    </p>
   </div>
   <div class='ocr_carea' id='block_1_55' title="bbox 2164 2344 3756 2422">
    <p class='ocr_par' dir='ltr' id='par_1_55' title="bbox 2164 2344 3756 2422">
     <span class='ocr_line' id='line_1_55' title="bbox 2164 2344 3756 2422; baseline -0.005 -17"><span class='ocrx_word' id='word_1_389' title='bbox 2164 2350 2419 2422; x_wconf 83' lang='grc' dir='ltr'>συνήθεια</span> <span class='ocrx_word' id='word_1_390' title='bbox 2450 2350 2651 2404; x_wconf 87' lang='grc' dir='ltr'>δίδωσι.</span> <span class='ocrx_word' id='word_1_391' title='bbox 2707 2348 2809 2402; x_wconf 80' lang='grc' dir='ltr'><strong>Τὸν</strong></span> <span class='ocrx_word' id='word_1_392' title='bbox 2852 2347 2958 2420; x_wconf 82' lang='grc' dir='ltr'><strong>γὰρ</strong></span> <span class='ocrx_word' id='word_1_393' title='bbox 3007 2344 3410 2418; x_wconf 81' lang='grc' dir='ltr'>θεραπευτικῶς</span> <span class='ocrx_word' id='word_1_394' title='bbox 3441 2345 3756 2416; x_wconf 84' lang='grc' dir='ltr'>ἀπτόμενον</span> 
     </span>
    </p>
   </div>
   <div class='ocr_carea' id='block_1_56' title="bbox 2161 2438 3751 2512">
    <p class='ocr_par' dir='ltr' id='par_1_56' title="bbox 2161 2438 3751 2512">
     <span class='ocr_line' id='line_1_56' title="bbox 2161 2438 3751 2512; baseline -0.003 -15"><span class='ocrx_word' id='word_1_395' title='bbox 2161 2443 2255 2497; x_wconf 84' lang='grc' dir='ltr'><strong>τοῦ</strong></span> <span class='ocrx_word' id='word_1_396' title='bbox 2298 2442 2667 2512; x_wconf 86' lang='grc' dir='ltr'>νενοσηκότος,</span> <span class='ocrx_word' id='word_1_397' title='bbox 2702 2442 2801 2495; x_wconf 84' lang='grc' dir='ltr'>οὐκ</span> <span class='ocrx_word' id='word_1_398' title='bbox 2827 2440 2988 2495; x_wconf 78' lang='grc' dir='ltr'>αὑτὸν</span> <span class='ocrx_word' id='word_1_399' title='bbox 3015 2439 3259 2511; x_wconf 85' lang='grc' dir='ltr'>μετέχειν</span> <span class='ocrx_word' id='word_1_400' title='bbox 3292 2438 3389 2509; x_wconf 79' lang='grc' dir='ltr'>τῆς</span> <span class='ocrx_word' id='word_1_401' title='bbox 3424 2439 3751 2510; x_wconf 75' lang='grc' dir='ltr'>ἀρρωστίας</span> 
     </span>
    </p>
   </div>
   <div class='ocr_carea' id='block_1_57' title="bbox 2165 2528 3759 2606">
    <p class='ocr_par' dir='ltr' id='par_1_57' title="bbox 2165 2528 3759 2606">
     <span class='ocr_line' id='line_1_57' title="bbox 2165 2528 3759 2606; baseline -0.004 -17"><span class='ocrx_word' id='word_1_402' title='bbox 2165 2535 2365 2606; x_wconf 77' lang='grc' dir='ltr'>φαμὲν,</span> <span class='ocrx_word' id='word_1_403' title='bbox 2414 2532 2551 2588; x_wconf 85' lang='grc' dir='ltr'><strong>ἀλλά</strong></span> <span class='ocrx_word' id='word_1_404' title='bbox 2601 2532 2696 2586; x_wconf 76' lang='grc' dir='ltr'>καὶ</span> <span class='ocrx_word' id='word_1_405' title='bbox 2745 2531 2823 2603; x_wconf 89' lang='grc' dir='ltr'>τῷ</span> <span class='ocrx_word' id='word_1_406' title='bbox 2873 2531 3113 2585; x_wconf 76' lang='grc' dir='ltr'>νοσοῦντι</span> <span class='ocrx_word' id='word_1_407' title='bbox 3158 2528 3471 2601; x_wconf 79' lang='grc' dir='ltr'>χαρίζεσθαι</span> <span class='ocrx_word' id='word_1_408' title='bbox 3521 2531 3626 2602; x_wconf 82' lang='grc' dir='ltr'>τὴν</span> <span class='ocrx_word' id='word_1_409' title='bbox 3682 2533 3759 2595; x_wconf 71' lang='grc' dir='ltr'>εἰς</span> 
     </span>
    </p>
   </div>
   <div class='ocr_carea' id='block_1_58' title="bbox 2167 2621 3761 2695">
    <p class='ocr_par' dir='ltr' id='par_1_58' title="bbox 2167 2621 3761 2695">
     <span class='ocr_line' id='line_1_58' title="bbox 2167 2621 3761 2695; baseline -0.002 -17"><span class='ocrx_word' id='word_1_410' title='bbox 2167 2626 2376 2695; x_wconf 83' lang='grc' dir='ltr'>ὑγίειαν</span> <span class='ocrx_word' id='word_1_411' title='bbox 2406 2622 2684 2688; x_wconf 82' lang='grc' dir='ltr'>ἐπάνοδον,</span> <span class='ocrx_word' id='word_1_412' title='bbox 2725 2623 2817 2677; x_wconf 75' lang='grc' dir='ltr'>καὶ</span> <span class='ocrx_word' id='word_1_413' title='bbox 2873 2623 2947 2694; x_wconf 83' lang='grc' dir='ltr'>μὴ</span> <span class='ocrx_word' id='word_1_414' title='bbox 3001 2622 3248 2694; x_wconf 81' lang='grc' dir='ltr'>μετέχειν</span> <span class='ocrx_word' id='word_1_415' title='bbox 3293 2622 3395 2691; x_wconf 72' lang='grc' dir='ltr'>τῆς</span> <span class='ocrx_word' id='word_1_416' title='bbox 3437 2621 3761 2693; x_wconf 76' lang='grc' dir='ltr'>ἀρρωστίας</span> 
     </span>
    </p>
   </div>
   <div class='ocr_carea' id='block_1_59' title="bbox 2167 2709 3760 2787">
    <p class='ocr_par' dir='ltr' id='par_1_59' title="bbox 2167 2709 3760 2787">
     <span class='ocr_line' id='line_1_59' title="bbox 2167 2709 3760 2787; baseline -0.004 -18"><span class='ocrx_word' id='word_1_417' title='bbox 2167 2715 2366 2787; x_wconf 72' lang='grc' dir='ltr'>φαμένο</span> <span class='ocrx_word' id='word_1_418' title='bbox 2403 2714 2522 2767; x_wconf 79' lang='grc' dir='ltr'>οὐδὲ</span> <span class='ocrx_word' id='word_1_419' title='bbox 2552 2713 2663 2783; x_wconf 83' lang='grc' dir='ltr'>γὰρ</span> <span class='ocrx_word' id='word_1_420' title='bbox 2708 2713 2917 2766; x_wconf 86' lang='grc' dir='ltr'>ἐκείνου</span> <span class='ocrx_word' id='word_1_421' title='bbox 2961 2712 3020 2765; x_wconf 82' lang='grc' dir='ltr'>τὸ</span> <span class='ocrx_word' id='word_1_422' title='bbox 3050 2711 3239 2777; x_wconf 85' lang='grc' dir='ltr'>πάθος,</span> <span class='ocrx_word' id='word_1_423' title='bbox 3266 2709 3400 2764; x_wconf 87' lang='grc' dir='ltr'><strong>ἀλλά</strong></span> <span class='ocrx_word' id='word_1_424' title='bbox 3424 2710 3486 2764; x_wconf 81' lang='grc' dir='ltr'>τὸ</span> <span class='ocrx_word' id='word_1_425' title='bbox 3513 2709 3760 2779; x_wconf 78' lang='grc' dir='ltr'>ἔμπαλιν</span> 
     </span>
    </p>
   </div>
   <div class='ocr_carea' id='block_1_60' title="bbox 2166 2798 3762 2877">
    <p class='ocr_par' dir='ltr' id='par_1_60' title="bbox 2166 2798 3762 2877">
     <span class='ocr_line' id='line_1_60' title="bbox 2166 2798 3762 2877; baseline -0.004 -16"><span class='ocrx_word' id='word_1_426' title='bbox 2166 2808 2371 2871; x_wconf 80' lang='grc' dir='ltr'>ἐκεῖνος</span> <span class='ocrx_word' id='word_1_427' title='bbox 2396 2805 2490 2860; x_wconf 89' lang='grc' dir='ltr'><strong>τοῦ</strong></span> <span class='ocrx_word' id='word_1_428' title='bbox 2519 2806 2947 2877; x_wconf 72' lang='grc' dir='ltr'>άρῤωστήματος</span> <span class='ocrx_word' id='word_1_429' title='bbox 2980 2803 3231 2859; x_wconf 80' lang='grc' dir='ltr'>ἅπτεται.</span> <span class='ocrx_word' id='word_1_430' title='bbox 3267 2803 3331 2857; x_wconf 84' lang='grc' dir='ltr'>Εἰ</span> <span class='ocrx_word' id='word_1_431' title='bbox 3360 2798 3451 2856; x_wconf 78' lang='grc' dir='ltr'><strong>οῦν</strong></span> <span class='ocrx_word' id='word_1_432' title='bbox 3480 2804 3509 2857; x_wconf 90' lang='lat'><strong>6</strong></span> <span class='ocrx_word' id='word_1_433' title='bbox 3535 2803 3633 2856; x_wconf 69' lang='grc' dir='ltr'>διὰ</span> <span class='ocrx_word' id='word_1_434' title='bbox 3666 2803 3762 2874; x_wconf 82' lang='grc' dir='ltr'>τῆς</span> 
     </span>
    </p>
   </div>
   <div class='ocr_carea' id='block_1_61' title="bbox 2168 2892 3762 2968">
    <p class='ocr_par' dir='ltr' id='par_1_61' title="bbox 2168 2892 3762 2968">
     <span class='ocr_line' id='line_1_61' title="bbox 2168 2892 3762 2968; baseline -0.002 -19"><span class='ocrx_word' id='word_1_435' title='bbox 2168 2897 2360 2968; x_wconf 68' lang='grc' dir='ltr'>τέχνης</span> <span class='ocrx_word' id='word_1_436' title='bbox 2407 2895 2610 2964; x_wconf 86' lang='grc' dir='ltr'>ἀγαθόν</span> <span class='ocrx_word' id='word_1_437' title='bbox 2653 2911 2703 2948; x_wconf 88' lang='grc' dir='ltr'><strong>τι</strong></span> <span class='ocrx_word' id='word_1_438' title='bbox 2745 2897 2860 2957; x_wconf 84' lang='grc' dir='ltr'>τοῖς</span> <span class='ocrx_word' id='word_1_439' title='bbox 2911 2892 3157 2963; x_wconf 86' lang='grc' dir='ltr'>σώμασιν</span> <span class='ocrx_word' id='word_1_440' title='bbox 3190 2892 3446 2964; x_wconf 79' lang='grc' dir='ltr'>ἐνεργῶν,</span> <span class='ocrx_word' id='word_1_441' title='bbox 3480 2893 3610 2964; x_wconf 73' lang='grc' dir='ltr'>οὐχὶ</span> <span class='ocrx_word' id='word_1_442' title='bbox 3659 2911 3762 2946; x_wconf 77' lang='grc' dir='ltr'><strong>νωο</strong></span> 
     </span>
    </p>
   </div>
   <div class='ocr_carea' id='block_1_62' title="bbox 486 2983 2064 3072">
    <p class='ocr_par' dir='ltr' id='par_1_62' title="bbox 486 2983 2064 3054">
     <span class='ocr_line' id='line_1_62' title="bbox 486 2983 2064 3054; baseline 0.007 -16"><span class='ocrx_word' id='word_1_443' title='bbox 486 2983 774 3052; x_wconf 72' lang='lat' dir='ltr'><strong>aegrotanti</strong></span> <span class='ocrx_word' id='word_1_444' title='bbox 817 2983 1110 3054; x_wconf 79' lang='lat' dir='ltr'><strong>gratiﬁcari</strong></span> <span class='ocrx_word' id='word_1_445' title='bbox 1148 2992 1203 3040; x_wconf 89' lang='lat' dir='ltr'><strong>et</strong></span> <span class='ocrx_word' id='word_1_446' title='bbox 1236 2985 1532 3042; x_wconf 88' lang='lat' dir='ltr'><strong>liberaliter</strong></span> <span class='ocrx_word' id='word_1_447' title='bbox 1562 2989 1627 3043; x_wconf 88' lang='lat' dir='ltr'><strong>ad</strong></span> <span class='ocrx_word' id='word_1_448' title='bbox 1668 2991 1955 3048; x_wconf 90' lang='lat' dir='ltr'><strong>sanitatem</strong></span> <span class='ocrx_word' id='word_1_449' title='bbox 1982 3009 2064 3049; x_wconf 88' lang='lat' dir='ltr'><strong>re-</strong></span> 
     </span>
    </p>
   </div>
   <div class='ocr_carea' id='block_1_63' title="bbox 2166 2983 3760 3072">
    <p class='ocr_par' dir='ltr' id='par_1_63' title="bbox 2173 2984 3760 3060">
     <span class='ocr_line' id='line_1_63' title="bbox 2173 2984 3760 3060; baseline -0.003 -18"><span class='ocrx_word' id='word_1_450' title='bbox 2173 2988 2299 3060; x_wconf 83' lang='grc' dir='ltr'>θρός</span> <span class='ocrx_word' id='word_1_451' title='bbox 2340 3004 2399 3041; x_wconf 85' lang='grc' dir='ltr'><strong>τε</strong></span> <span class='ocrx_word' id='word_1_452' title='bbox 2452 2987 2543 3041; x_wconf 73' lang='grc' dir='ltr'>καὶ</span> <span class='ocrx_word' id='word_1_453' title='bbox 2594 2986 2893 3057; x_wconf 81' lang='grc' dir='ltr'>ἀῤῥωστος,</span> <span class='ocrx_word' id='word_1_454' title='bbox 2930 2984 3066 3038; x_wconf 81' lang='grc' dir='ltr'><strong>ἀλλά</strong></span> <span class='ocrx_word' id='word_1_455' title='bbox 3111 2984 3489 3057; x_wconf 82' lang='grc' dir='ltr'>φιλάνθρωπός</span> <span class='ocrx_word' id='word_1_456' title='bbox 3534 3000 3605 3036; x_wconf 85' lang='grc' dir='ltr'><strong>τε</strong></span> <span class='ocrx_word' id='word_1_457' title='bbox 3665 2986 3760 3038; x_wconf 82' lang='grc' dir='ltr'>καὶ</span> 
     </span>
    </p>
   </div>
   <div class='ocr_carea' id='block_1_64' title="bbox 488 3074 2077 3154">
    <p class='ocr_par' dir='ltr' id='par_1_64' title="bbox 488 3074 2077 3154">
     <span class='ocr_line' id='line_1_64' title="bbox 488 3074 2077 3154; baseline 0.008 -24"><span class='ocrx_word' id='word_1_458' title='bbox 488 3074 659 3130; x_wconf 78' lang='lat' dir='ltr'><strong>ditum</strong></span> <span class='ocrx_word' id='word_1_459' title='bbox 688 3074 947 3141; x_wconf 83' lang='lat' dir='ltr'><strong>praebere,</strong></span> <span class='ocrx_word' id='word_1_460' title='bbox 987 3090 1096 3130; x_wconf 89' lang='lat' dir='ltr'><strong>non</strong></span> <span class='ocrx_word' id='word_1_461' title='bbox 1144 3083 1323 3133; x_wconf 85' lang='lat' dir='ltr'><strong>autem</strong></span> <span class='ocrx_word' id='word_1_462' title='bbox 1369 3080 1544 3135; x_wconf 86' lang='lat' dir='ltr'><strong>morbi</strong></span> <span class='ocrx_word' id='word_1_463' title='bbox 1590 3083 1907 3154; x_wconf 89' lang='lat' dir='ltr'><strong>participem</strong></span> <span class='ocrx_word' id='word_1_464' title='bbox 1952 3101 2077 3142; x_wconf 87' lang='lat' dir='ltr'><strong>esse</strong></span> 
     </span>
    </p>
   </div>
   <div class='ocr_carea' id='block_1_65' title="bbox 488 3165 2076 3240">
    <p class='ocr_par' dir='ltr' id='par_1_65' title="bbox 488 3165 2076 3240">
     <span class='ocr_line' id='line_1_65' title="bbox 488 3165 2076 3240; baseline 0.008 -22"><span class='ocrx_word' id='word_1_465' title='bbox 488 3165 743 3229; x_wconf 86' lang='lat' dir='ltr'><strong>dicimus,</strong></span> <span class='ocrx_word' id='word_1_466' title='bbox 780 3181 955 3236; x_wconf 90' lang='lat' dir='ltr'><strong>neque</strong></span> <span class='ocrx_word' id='word_1_467' title='bbox 986 3168 1131 3223; x_wconf 88' lang='lat' dir='ltr'><strong>enim</strong></span> <span class='ocrx_word' id='word_1_468' title='bbox 1159 3168 1312 3224; x_wconf 88' lang='lat' dir='ltr'><strong>illum</strong></span> <span class='ocrx_word' id='word_1_469' title='bbox 1339 3171 1588 3240; x_wconf 67' lang='lat' dir='ltr'><strong>allectus,</strong></span> <span class='ocrx_word' id='word_1_470' title='bbox 1627 3176 1720 3229; x_wconf 90' lang='lat' dir='ltr'><strong>sed</strong></span> <span class='ocrx_word' id='word_1_471' title='bbox 1760 3184 1946 3230; x_wconf 91' lang='lat' dir='ltr'><strong>contra</strong></span> <span class='ocrx_word' id='word_1_472' title='bbox 1987 3178 2076 3233; x_wconf 89' lang='lat' dir='ltr'><strong>Ille</strong></span> 
     </span>
    </p>
   </div>
   <div class='ocr_carea' id='block_1_66' title="bbox 414 3254 2075 3339">
    <p class='ocr_par' dir='ltr' id='par_1_66' title="bbox 414 3254 2075 3339">
     <span class='ocr_line' id='line_1_66' title="bbox 414 3254 2075 3339; baseline 0.011 -32"><span class='ocrx_word' id='word_1_473' title='bbox 414 3262 424 3274; x_wconf 90' lang='lat'>&#39;</span> <span class='ocrx_word' id='word_1_474' title='bbox 489 3254 739 3315; x_wconf 78' lang='lat' dir='ltr'><strong>morbum</strong></span> <span class='ocrx_word' id='word_1_475' title='bbox 769 3258 973 3326; x_wconf 70' lang='lat' dir='ltr'><strong>tangit;</strong></span> <span class='ocrx_word' id='word_1_476' title='bbox 1015 3260 1061 3313; x_wconf 89' lang='lat' dir='ltr'><strong>si</strong></span> <span class='ocrx_word' id='word_1_477' title='bbox 1092 3260 1259 3329; x_wconf 90' lang='lat' dir='ltr'><strong>igitur</strong></span> <span class='ocrx_word' id='word_1_478' title='bbox 1286 3264 1376 3333; x_wconf 89' lang='lat' dir='ltr'><strong>qui</strong></span> <span class='ocrx_word' id='word_1_479' title='bbox 1421 3280 1514 3333; x_wconf 91' lang='lat' dir='ltr'><strong>per</strong></span> <span class='ocrx_word' id='word_1_480' title='bbox 1544 3278 1716 3321; x_wconf 89' lang='lat' dir='ltr'><strong>artem</strong></span> <span class='ocrx_word' id='word_1_481' title='bbox 1748 3270 2075 3339; x_wconf 88' lang='lat' dir='ltr'><strong>corporibus</strong></span> 
     </span>
    </p>
   </div>
   <div class='ocr_carea' id='block_1_67' title="bbox 491 3346 2070 3429">
    <p class='ocr_par' dir='ltr' id='par_1_67' title="bbox 491 3346 2070 3429">
     <span class='ocr_line' id='line_1_67' title="bbox 491 3346 2070 3429; baseline 0.009 -28"><span class='ocrx_word' id='word_1_482' title='bbox 491 3346 693 3401; x_wconf 89' lang='lat' dir='ltr'><strong>bonum</strong></span> <span class='ocrx_word' id='word_1_483' title='bbox 724 3347 944 3418; x_wconf 85' lang='lat' dir='ltr'><strong>aliquod</strong></span> <span class='ocrx_word' id='word_1_484' title='bbox 975 3360 1255 3419; x_wconf 84' lang='lat' dir='ltr'><strong>Operatur,</strong></span> <span class='ocrx_word' id='word_1_485' title='bbox 1283 3368 1395 3408; x_wconf 91' lang='lat' dir='ltr'><strong>non</strong></span> <span class='ocrx_word' id='word_1_486' title='bbox 1421 3355 1707 3424; x_wconf 77' lang='lat' dir='ltr'><strong>languidus</strong></span> <span class='ocrx_word' id='word_1_487' title='bbox 1732 3366 1785 3412; x_wconf 86' lang='lat' dir='ltr'><strong>et</strong></span> <span class='ocrx_word' id='word_1_488' title='bbox 1809 3368 2070 3429; x_wconf 72' lang='lat' dir='ltr'><strong>mgrotus,</strong></span> 
     </span>
    </p>
   </div>
   <div class='ocr_carea' id='block_1_68' title="bbox 490 3436 2077 3517">
    <p class='ocr_par' dir='ltr' id='par_1_68' title="bbox 490 3436 2077 3517">
     <span class='ocr_line' id='line_1_68' title="bbox 490 3436 2077 3517; baseline 0.01 -26"><span class='ocrx_word' id='word_1_489' title='bbox 490 3436 587 3491; x_wconf 88' lang='lat' dir='ltr'><strong>sed</strong></span> <span class='ocrx_word' id='word_1_490' title='bbox 617 3436 912 3505; x_wconf 88' lang='lat' dir='ltr'><strong>humanus,</strong></span> <span class='ocrx_word' id='word_1_491' title='bbox 946 3450 999 3496; x_wconf 86' lang='lat' dir='ltr'><strong>ct</strong></span> <span class='ocrx_word' id='word_1_492' title='bbox 1025 3442 1363 3508; x_wconf 77' lang='lat' dir='ltr'><strong>benefactor,</strong></span> <span class='ocrx_word' id='word_1_493' title='bbox 1397 3452 1451 3500; x_wconf 89' lang='lat' dir='ltr'><strong>et</strong></span> <span class='ocrx_word' id='word_1_494' title='bbox 1478 3447 1530 3500; x_wconf 90' lang='lat' dir='ltr'><strong>id</strong></span> <span class='ocrx_word' id='word_1_495' title='bbox 1562 3463 1734 3517; x_wconf 89' lang='lat' dir='ltr'><strong>genus</strong></span> <span class='ocrx_word' id='word_1_496' title='bbox 1763 3450 2077 3507; x_wconf 88' lang='lat' dir='ltr'><strong>nominibus</strong></span> 
     </span>
    </p>
   </div>
   <div class='ocr_carea' id='block_1_69' title="bbox 491 3529 2076 3610">
    <p class='ocr_par' dir='ltr' id='par_1_69' title="bbox 491 3529 2076 3610">
     <span class='ocr_line' id='line_1_69' title="bbox 491 3529 2076 3610; baseline 0.009 -30"><span class='ocrx_word' id='word_1_497' title='bbox 491 3529 831 3597; x_wconf 79' lang='lat' dir='ltr'><strong>appellatur:</strong></span> <span class='ocrx_word' id='word_1_498' title='bbox 860 3547 959 3586; x_wconf 89' lang='lat' dir='ltr'><strong>cur</strong></span> <span class='ocrx_word' id='word_1_499' title='bbox 998 3538 1055 3589; x_wconf 78' lang='lat' dir='ltr'><strong>ut</strong></span> <span class='ocrx_word' id='word_1_500' title='bbox 1084 3532 1363 3599; x_wconf 81' lang='lat' dir='ltr'><strong>humilem,</strong></span> <span class='ocrx_word' id='word_1_501' title='bbox 1401 3537 1664 3606; x_wconf 83' lang='lat' dir='ltr'><strong>ahjectam</strong></span> <span class='ocrx_word' id='word_1_502' title='bbox 1705 3549 1754 3595; x_wconf 89' lang='lat' dir='ltr'><strong>et</strong></span> <span class='ocrx_word' id='word_1_503' title='bbox 1785 3539 2076 3610; x_wconf 81' lang='lat' dir='ltr'><strong>ignobilem</strong></span> 
     </span>
    </p>
   </div>
   <div class='ocr_carea' id='block_1_70' title="bbox 492 3619 2078 3701">
    <p class='ocr_par' dir='ltr' id='par_1_70' title="bbox 492 3619 2078 3701">
     <span class='ocr_line' id='line_1_70' title="bbox 492 3619 2078 3701; baseline 0.009 -29"><span class='ocrx_word' id='word_1_504' title='bbox 492 3619 639 3674; x_wconf 86' lang='lat' dir='ltr'><strong>circa</strong></span> <span class='ocrx_word' id='word_1_505' title='bbox 679 3635 778 3676; x_wconf 88' lang='lat' dir='ltr'><strong>nos</strong></span> <span class='ocrx_word' id='word_1_506' title='bbox 821 3621 1285 3693; x_wconf 80' lang='lat' dir='ltr'><strong>dispensationem</strong></span> <span class='ocrx_word' id='word_1_507' title='bbox 1337 3628 1749 3694; x_wconf 88' lang='lat' dir='ltr'><strong>calumniantes,</strong></span> <span class='ocrx_word' id='word_1_508' title='bbox 1798 3646 1896 3701; x_wconf 92' lang='lat' dir='ltr'><strong>per</strong></span> <span class='ocrx_word' id='word_1_509' title='bbox 1936 3631 2078 3686; x_wconf 89' lang='lat' dir='ltr'><strong>hanc</strong></span> 
     </span>
    </p>
   </div>
   <div class='ocr_carea' id='block_1_71' title="bbox 494 3712 2078 3793">
    <p class='ocr_par' dir='ltr' id='par_1_71' title="bbox 494 3712 2078 3793">
     <span class='ocr_line' id='line_1_71' title="bbox 494 3712 2078 3793; baseline 0.01 -31"><span class='ocrx_word' id='word_1_510' title='bbox 494 3721 741 3781; x_wconf 79' lang='lat' dir='ltr'><strong>prompte</strong></span> <span class='ocrx_word' id='word_1_511' title='bbox 770 3712 889 3767; x_wconf 85' lang='lat' dir='ltr'><strong>Filii</strong></span> <span class='ocrx_word' id='word_1_512' title='bbox 929 3715 1221 3769; x_wconf 88' lang='lat' dir='ltr'><strong>essentiam</strong></span> <span class='ocrx_word' id='word_1_513' title='bbox 1255 3716 1598 3773; x_wconf 88' lang='lat' dir='ltr'><strong>imminutam</strong></span> <span class='ocrx_word' id='word_1_514' title='bbox 1630 3736 1753 3776; x_wconf 90' lang='lat' dir='ltr'><strong>esse</strong></span> <span class='ocrx_word' id='word_1_515' title='bbox 1800 3730 2078 3793; x_wconf 89' lang='lat' dir='ltr'><strong>astruunt,</strong></span> 
     </span>
    </p>
   </div>
   <div class='ocr_carea' id='block_1_72' title="bbox 493 3803 2080 3884">
    <p class='ocr_par' dir='ltr' id='par_1_72' title="bbox 493 3803 2080 3884">
     <span class='ocr_line' id='line_1_72' title="bbox 493 3803 2080 3884; baseline 0.012 -29"><span class='ocrx_word' id='word_1_516' title='bbox 493 3804 635 3872; x_wconf 82' lang='lat' dir='ltr'><strong>quod</strong></span> <span class='ocrx_word' id='word_1_517' title='bbox 688 3803 867 3863; x_wconf 86' lang='lat' dir='ltr'><strong>Patris</strong></span> <span class='ocrx_word' id='word_1_518' title='bbox 906 3808 1127 3878; x_wconf 87' lang='lat' dir='ltr'><strong>quidem</strong></span> <span class='ocrx_word' id='word_1_519' title='bbox 1174 3819 1366 3865; x_wconf 87' lang='lat' dir='ltr'><strong>natura</strong></span> <span class='ocrx_word' id='word_1_520' title='bbox 1412 3813 1481 3867; x_wconf 89' lang='lat' dir='ltr'><strong>sit</strong></span> <span class='ocrx_word' id='word_1_521' title='bbox 1527 3816 1973 3884; x_wconf 87' lang='lat' dir='ltr'><strong>perpessionibus</strong></span> <span class='ocrx_word' id='word_1_522' title='bbox 2024 3827 2080 3874; x_wconf 88' lang='lat' dir='ltr'><strong>et</strong></span> 
     </span>
    </p>
   </div>
   <div class='ocr_carea' id='block_1_73' title="bbox 493 3894 2078 3977">
    <p class='ocr_par' dir='ltr' id='par_1_73' title="bbox 493 3894 2078 3977">
     <span class='ocr_line' id='line_1_73' title="bbox 493 3894 2078 3977; baseline 0.011 -30"><span class='ocrx_word' id='word_1_523' title='bbox 493 3894 873 3954; x_wconf 77' lang='lat' dir='ltr'><strong>alTectionibus</strong></span> <span class='ocrx_word' id='word_1_524' title='bbox 923 3901 1196 3969; x_wconf 79' lang='lat' dir='ltr'><strong>superior,</strong></span> <span class='ocrx_word' id='word_1_525' title='bbox 1241 3900 1515 3974; x_wconf 88' lang='lat' dir='ltr'><strong>Unigeniti</strong></span> <span class='ocrx_word' id='word_1_526' title='bbox 1566 3920 1697 3961; x_wconf 88' lang='lat' dir='ltr'><strong>vero</strong></span> <span class='ocrx_word' id='word_1_527' title='bbox 1742 3921 1772 3960; x_wconf 87' lang='lat' dir='ltr'><strong>a</strong></span> <span class='ocrx_word' id='word_1_528' title='bbox 1824 3908 2078 3977; x_wconf 88' lang='lat' dir='ltr'><strong>passione</strong></span> 
     </span>
    </p>
   </div>
   <div class='ocr_carea' id='block_1_74' title="bbox 497 3988 2078 4067">
    <p class='ocr_par' dir='ltr' id='par_1_74' title="bbox 497 3988 2078 4067">
     <span class='ocr_line' id='line_1_74' title="bbox 497 3988 2078 4067; baseline 0.009 -28"><span class='ocrx_word' id='word_1_529' title='bbox 497 4002 603 4039; x_wconf 86' lang='lat' dir='ltr'><strong>non</strong></span> <span class='ocrx_word' id='word_1_530' title='bbox 639 3988 809 4043; x_wconf 85' lang='lat' dir='ltr'><strong>libera</strong></span> <span class='ocrx_word' id='word_1_531' title='bbox 837 3998 891 4045; x_wconf 90' lang='lat' dir='ltr'><strong>et</strong></span> <span class='ocrx_word' id='word_1_532' title='bbox 923 3992 1175 4060; x_wconf 84' lang='lat' dir='ltr'><strong>pura?Si</strong></span> <span class='ocrx_word' id='word_1_533' title='bbox 1206 3995 1349 4047; x_wconf 89' lang='lat' dir='ltr'><strong>enim</strong></span> <span class='ocrx_word' id='word_1_534' title='bbox 1400 4009 1600 4065; x_wconf 90' lang='lat' dir='ltr'><strong>scopus</strong></span> <span class='ocrx_word' id='word_1_535' title='bbox 1653 3997 2078 4067; x_wconf 86' lang='lat' dir='ltr'><strong>dispensationis</strong></span> 
     </span>
    </p>
   </div>
   <div class='ocr_carea' id='block_1_75' title="bbox 498 4082 2080 4157">
    <p class='ocr_par' dir='ltr' id='par_1_75' title="bbox 498 4082 2080 4157">
     <span class='ocr_line' id='line_1_75' title="bbox 498 4082 2080 4157; baseline 0.011 -28"><span class='ocrx_word' id='word_1_536' title='bbox 498 4094 591 4147; x_wconf 64' lang='lat' dir='ltr'><strong>per</strong></span> <span class='ocrx_word' id='word_1_537' title='bbox 623 4094 867 4144; x_wconf 89' lang='lat' dir='ltr'><strong>carnem,</strong></span> <span class='ocrx_word' id='word_1_538' title='bbox 914 4097 1023 4137; x_wconf 92' lang='lat' dir='ltr'><strong>non</strong></span> <span class='ocrx_word' id='word_1_539' title='bbox 1054 4091 1112 4136; x_wconf 92' lang='lat' dir='ltr'><strong>ut</strong></span> <span class='ocrx_word' id='word_1_540' title='bbox 1147 4082 1407 4140; x_wconf 86' lang='lat' dir='ltr'><strong>Dominus</strong></span> <span class='ocrx_word' id='word_1_541' title='bbox 1440 4088 1886 4157; x_wconf 86' lang='lat' dir='ltr'><strong>perpessionibus</strong></span> <span class='ocrx_word' id='word_1_542' title='bbox 1927 4091 2080 4147; x_wconf 87' lang='lat' dir='ltr'><strong>lieret</strong></span> 
     </span>
    </p>
   </div>
   <div class='ocr_carea' id='block_1_76' title="bbox 495 4170 2081 4248">
    <p class='ocr_par' dir='ltr' id='par_1_76' title="bbox 495 4170 2081 4248">
     <span class='ocr_line' id='line_1_76' title="bbox 495 4170 2081 4248; baseline 0.005 -23"><span class='ocrx_word' id='word_1_543' title='bbox 495 4170 788 4236; x_wconf 79' lang='lat' dir='ltr'><strong>obnoxius,</strong></span> <span class='ocrx_word' id='word_1_544' title='bbox 825 4172 924 4231; x_wconf 84' lang='lat' dir='ltr'><strong>sed</strong></span> <span class='ocrx_word' id='word_1_545' title='bbox 955 4181 1013 4227; x_wconf 90' lang='lat' dir='ltr'><strong>ut</strong></span> <span class='ocrx_word' id='word_1_546' title='bbox 1047 4175 1271 4231; x_wconf 83' lang='lat' dir='ltr'><strong>humani</strong></span> <span class='ocrx_word' id='word_1_547' title='bbox 1307 4180 1525 4248; x_wconf 87' lang='lat' dir='ltr'><strong>generis</strong></span> <span class='ocrx_word' id='word_1_548' title='bbox 1568 4190 1779 4235; x_wconf 87' lang='lat' dir='ltr'><strong>amator</strong></span> <span class='ocrx_word' id='word_1_549' title='bbox 1820 4189 1873 4237; x_wconf 88' lang='lat' dir='ltr'><strong>et</strong></span> <span class='ocrx_word' id='word_1_550' title='bbox 1912 4181 2081 4239; x_wconf 46' lang='lat' dir='ltr'><strong>bene,</strong></span> 
     </span>
    </p>
   </div>
   <div class='ocr_carea' id='block_1_77' title="bbox 496 4260 2078 4338">
    <p class='ocr_par' dir='ltr' id='par_1_77' title="bbox 496 4260 2078 4338">
     <span class='ocr_line' id='line_1_77' title="bbox 496 4260 2078 4338; baseline 0.011 -25"><span class='ocrx_word' id='word_1_551' title='bbox 496 4260 653 4315; x_wconf 76' lang='lat' dir='ltr'><strong>volus</strong></span> <span class='ocrx_word' id='word_1_552' title='bbox 682 4262 1103 4332; x_wconf 83' lang='lat' dir='ltr'><strong>ostenderetur;</strong></span> <span class='ocrx_word' id='word_1_553' title='bbox 1150 4266 1417 4338; x_wconf 87' lang='lat' dir='ltr'><strong>benignus</strong></span> <span class='ocrx_word' id='word_1_554' title='bbox 1449 4277 1631 4324; x_wconf 90' lang='lat' dir='ltr'><strong>autem</strong></span> <span class='ocrx_word' id='word_1_555' title='bbox 1680 4278 1734 4326; x_wconf 88' lang='lat' dir='ltr'><strong>et</strong></span> <span class='ocrx_word' id='word_1_556' title='bbox 1782 4273 2078 4330; x_wconf 82' lang='lat' dir='ltr'><strong>benevolus</strong></span> 
     </span>
    </p>
   </div>
   <div class='ocr_carea' id='block_1_78' title="bbox 2176 3075 3766 3151">
    <p class='ocr_par' dir='ltr' id='par_1_78' title="bbox 2176 3075 3766 3151">
     <span class='ocr_line' id='line_1_78' title="bbox 2176 3075 3766 3151; baseline -0.002 -19"><span class='ocrx_word' id='word_1_557' title='bbox 2176 3080 2489 3151; x_wconf 79' lang='grc' dir='ltr'>εὐεργέτης,</span> <span class='ocrx_word' id='word_1_558' title='bbox 2541 3078 2635 3132; x_wconf 72' lang='grc' dir='ltr'>καὶ</span> <span class='ocrx_word' id='word_1_559' title='bbox 2686 3078 2786 3130; x_wconf 82' lang='grc' dir='ltr'>ὅσα</span> <span class='ocrx_word' id='word_1_560' title='bbox 2816 3075 3041 3131; x_wconf 88' lang='grc' dir='ltr'>τοιαῦτα</span> <span class='ocrx_word' id='word_1_561' title='bbox 3073 3075 3529 3148; x_wconf 83' lang='grc' dir='ltr'>κατονομάζεται·</span> <span class='ocrx_word' id='word_1_562' title='bbox 3580 3076 3641 3130; x_wconf 85' lang='grc' dir='ltr'><strong>τί</strong></span> <span class='ocrx_word' id='word_1_563' title='bbox 3690 3076 3766 3140; x_wconf 84' lang='grc' dir='ltr'>ὡς</span> 
     </span>
    </p>
   </div>
   <div class='ocr_carea' id='block_1_79' title="bbox 2175 3166 3768 3238">
    <p class='ocr_par' dir='ltr' id='par_1_79' title="bbox 2175 3166 3768 3238">
     <span class='ocr_line' id='line_1_79' title="bbox 2175 3166 3768 3238; baseline -0.003 -15"><span class='ocrx_word' id='word_1_564' title='bbox 2175 3170 2430 3223; x_wconf 84' lang='grc' dir='ltr'>ταπεινόν</span> <span class='ocrx_word' id='word_1_565' title='bbox 2456 3186 2513 3221; x_wconf 91' lang='grc' dir='ltr'><strong>τε</strong></span> <span class='ocrx_word' id='word_1_566' title='bbox 2560 3168 2653 3222; x_wconf 73' lang='grc' dir='ltr'>καὶ</span> <span class='ocrx_word' id='word_1_567' title='bbox 2699 3166 2885 3231; x_wconf 75' lang='grc' dir='ltr'>ἄδοξον</span> <span class='ocrx_word' id='word_1_568' title='bbox 2928 3166 3028 3237; x_wconf 77' lang='grc' dir='ltr'>τὴν</span> <span class='ocrx_word' id='word_1_569' title='bbox 3079 3167 3208 3237; x_wconf 72' lang='grc' dir='ltr'>περὶ</span> <span class='ocrx_word' id='word_1_570' title='bbox 3254 3168 3398 3237; x_wconf 70' lang='grc' dir='ltr'>ἡμᾶς</span> <span class='ocrx_word' id='word_1_571' title='bbox 3440 3167 3768 3238; x_wconf 75' lang='grc' dir='ltr'>οἰκονομίαν</span> 
     </span>
    </p>
   </div>
   <div class='ocr_carea' id='block_1_80' title="bbox 2176 3255 3766 3328">
    <p class='ocr_par' dir='ltr' id='par_1_80' title="bbox 2176 3255 3766 3328">
     <span class='ocr_line' id='line_1_80' title="bbox 2176 3255 3766 3328; baseline -0.002 -15"><span class='ocrx_word' id='word_1_572' title='bbox 2176 3259 2569 3321; x_wconf 76' lang='grc' dir='ltr'>διαϐάλλοντες,</span> <span class='ocrx_word' id='word_1_573' title='bbox 2617 3256 2703 3310; x_wconf 77' lang='grc' dir='ltr'><strong>διὰ</strong></span> <span class='ocrx_word' id='word_1_574' title='bbox 2732 3256 2934 3328; x_wconf 84' lang='grc' dir='ltr'>ταύτης</span> <span class='ocrx_word' id='word_1_575' title='bbox 2962 3255 3022 3308; x_wconf 82' lang='grc' dir='ltr'>τὸ</span> <span class='ocrx_word' id='word_1_576' title='bbox 3055 3256 3341 3327; x_wconf 87' lang='grc' dir='ltr'>πρόχειρον</span> <span class='ocrx_word' id='word_1_577' title='bbox 3373 3255 3766 3327; x_wconf 82' lang='grc' dir='ltr'>παρηλλάχθαι</span> 
     </span>
    </p>
   </div>
   <div class='ocr_carea' id='block_1_81' title="bbox 2176 3347 3767 3421">
    <p class='ocr_par' dir='ltr' id='par_1_81' title="bbox 2176 3347 3767 3421">
     <span class='ocr_line' id='line_1_81' title="bbox 2176 3347 3767 3421; baseline 0.001 -17"><span class='ocrx_word' id='word_1_578' title='bbox 2176 3350 2267 3404; x_wconf 89' lang='grc' dir='ltr'><strong>τοῦ</strong></span> <span class='ocrx_word' id='word_1_579' title='bbox 2304 3350 2433 3404; x_wconf 88' lang='grc' dir='ltr'><strong>Υἱοῦ</strong></span> <span class='ocrx_word' id='word_1_580' title='bbox 2481 3350 2578 3421; x_wconf 77' lang='grc' dir='ltr'>τὴν</span> <span class='ocrx_word' id='word_1_581' title='bbox 2616 3348 2803 3403; x_wconf 82' lang='grc' dir='ltr'>οὐσίαν</span> <span class='ocrx_word' id='word_1_582' title='bbox 2853 3348 3365 3413; x_wconf 81' lang='grc' dir='ltr'>κατασκευάζουσιν,</span> <span class='ocrx_word' id='word_1_583' title='bbox 3412 3348 3489 3412; x_wconf 82' lang='grc' dir='ltr'>ὡς</span> <span class='ocrx_word' id='word_1_584' title='bbox 3516 3348 3629 3420; x_wconf 78' lang='grc' dir='ltr'><strong>τῆς</strong></span> <span class='ocrx_word' id='word_1_585' title='bbox 3671 3347 3767 3405; x_wconf 84' lang='grc' dir='ltr'><strong>τοῦ</strong></span> 
     </span>
    </p>
   </div>
   <div class='ocr_carea' id='block_1_82' title="bbox 2178 3438 3768 3514">
    <p class='ocr_par' dir='ltr' id='par_1_82' title="bbox 2178 3438 3768 3514">
     <span class='ocr_line' id='line_1_82' title="bbox 2178 3438 3768 3514; baseline -0.002 -18"><span class='ocrx_word' id='word_1_586' title='bbox 2178 3441 2392 3514; x_wconf 85' lang='grc' dir='ltr'>Πατρδς</span> <span class='ocrx_word' id='word_1_587' title='bbox 2440 3442 2535 3513; x_wconf 81' lang='grc' dir='ltr'>μὲν</span> <span class='ocrx_word' id='word_1_588' title='bbox 2566 3440 2779 3510; x_wconf 86' lang='grc' dir='ltr'>φύσεως</span> <span class='ocrx_word' id='word_1_589' title='bbox 2816 3438 3091 3511; x_wconf 86' lang='grc' dir='ltr'>άνωτέρας</span> <span class='ocrx_word' id='word_1_590' title='bbox 3138 3441 3246 3491; x_wconf 81' lang='grc' dir='ltr'>τῶν</span> <span class='ocrx_word' id='word_1_591' title='bbox 3288 3438 3640 3509; x_wconf 84' lang='grc' dir='ltr'>παθημάτων</span> <span class='ocrx_word' id='word_1_592' title='bbox 3678 3440 3768 3494; x_wconf 60' lang='grc' dir='ltr'><strong>οὗ-</strong></span> 
     </span>
    </p>
   </div>
   <div class='ocr_carea' id='block_1_83' title="bbox 2180 3531 3768 3606">
    <p class='ocr_par' dir='ltr' id='par_1_83' title="bbox 2180 3531 3768 3606">
     <span class='ocr_line' id='line_1_83' title="bbox 2180 3531 3768 3606; baseline 0.001 -19"><span class='ocrx_word' id='word_1_593' title='bbox 2180 3553 2299 3606; x_wconf 91' lang='grc' dir='ltr'>σης,</span> <span class='ocrx_word' id='word_1_594' title='bbox 2333 3536 2432 3605; x_wconf 84' lang='grc' dir='ltr'>τῆς</span> <span class='ocrx_word' id='word_1_595' title='bbox 2474 3534 2530 3587; x_wconf 85' lang='grc' dir='ltr'><strong>δέ</strong></span> <span class='ocrx_word' id='word_1_596' title='bbox 2578 3532 2672 3586; x_wconf 90' lang='grc' dir='ltr'><strong>τοῦ</strong></span> <span class='ocrx_word' id='word_1_597' title='bbox 2715 3531 3053 3601; x_wconf 85' lang='grc' dir='ltr'>Μονογενοῦς</span> <span class='ocrx_word' id='word_1_598' title='bbox 3094 3533 3155 3586; x_wconf 81' lang='grc' dir='ltr'>οὐ</span> <span class='ocrx_word' id='word_1_599' title='bbox 3197 3532 3620 3604; x_wconf 83' lang='grc' dir='ltr'>καθαρευούσης</span> <span class='ocrx_word' id='word_1_600' title='bbox 3672 3532 3768 3588; x_wconf 77' lang='grc' dir='ltr'><strong>τοῦ</strong></span> 
     </span>
    </p>
   </div>
   <div class='ocr_carea' id='block_1_84' title="bbox 2178 3623 3765 3697">
    <p class='ocr_par' dir='ltr' id='par_1_84' title="bbox 2178 3623 3765 3697">
     <span class='ocr_line' id='line_1_84' title="bbox 2178 3623 3765 3697; baseline -0.001 -18"><span class='ocrx_word' id='word_1_601' title='bbox 2178 3628 2403 3691; x_wconf 87' lang='grc' dir='ltr'>πάθους;</span> <span class='ocrx_word' id='word_1_602' title='bbox 2430 3627 2492 3678; x_wconf 82' lang='lat' dir='ltr'><strong>Ei</strong></span> <span class='ocrx_word' id='word_1_603' title='bbox 2522 3624 2630 3697; x_wconf 91' lang='grc' dir='ltr'><strong>γάρ</strong></span> <span class='ocrx_word' id='word_1_604' title='bbox 2659 3627 2687 3678; x_wconf 91' lang='lat'><strong>6</strong></span> <span class='ocrx_word' id='word_1_605' title='bbox 2719 3623 2917 3687; x_wconf 75' lang='grc' dir='ltr'>σκοπὸς</span> <span class='ocrx_word' id='word_1_606' title='bbox 2944 3624 3041 3694; x_wconf 84' lang='grc' dir='ltr'><strong>τῆς</strong></span> <span class='ocrx_word' id='word_1_607' title='bbox 3070 3623 3157 3677; x_wconf 80' lang='grc' dir='ltr'><strong>διὰ</strong></span> <span class='ocrx_word' id='word_1_608' title='bbox 3188 3623 3391 3695; x_wconf 84' lang='grc' dir='ltr'>σαρκὸς</span> <span class='ocrx_word' id='word_1_609' title='bbox 3419 3624 3765 3692; x_wconf 75' lang='grc' dir='ltr'>οἰκονομίας,</span> 
     </span>
    </p>
   </div>
   <div class='ocr_carea' id='block_1_85' title="bbox 2177 3709 3767 3785">
    <p class='ocr_par' dir='ltr' id='par_1_85' title="bbox 2177 3709 3767 3785">
     <span class='ocr_line' id='line_1_85' title="bbox 2177 3709 3767 3785; baseline -0.005 -15"><span class='ocrx_word' id='word_1_610' title='bbox 2177 3717 2239 3771; x_wconf 85' lang='grc' dir='ltr'>οὐ</span> <span class='ocrx_word' id='word_1_611' title='bbox 2283 3716 2345 3769; x_wconf 82' lang='grc' dir='ltr'>τὸ</span> <span class='ocrx_word' id='word_1_612' title='bbox 2375 3713 2595 3785; x_wconf 83' lang='grc' dir='ltr'>ἐμπαθῆ</span> <span class='ocrx_word' id='word_1_613' title='bbox 2631 3710 2882 3781; x_wconf 85' lang='grc' dir='ltr'>γενέσθαι</span> <span class='ocrx_word' id='word_1_614' title='bbox 2910 3709 2998 3763; x_wconf 81' lang='grc' dir='ltr'>τὸν</span> <span class='ocrx_word' id='word_1_615' title='bbox 3040 3709 3263 3781; x_wconf 82' lang='grc' dir='ltr'>Κύριον,</span> <span class='ocrx_word' id='word_1_616' title='bbox 3296 3709 3430 3763; x_wconf 83' lang='grc' dir='ltr'><strong>ἀλλά</strong></span> <span class='ocrx_word' id='word_1_617' title='bbox 3475 3709 3537 3762; x_wconf 83' lang='grc' dir='ltr'>τὸ</span> <span class='ocrx_word' id='word_1_618' title='bbox 3570 3710 3767 3780; x_wconf 79' lang='grc' dir='ltr'>φιλάν-</span> 
     </span>
    </p>
   </div>
   <div class='ocr_carea' id='block_1_86' title="bbox 2180 3801 3767 3879">
    <p class='ocr_par' dir='ltr' id='par_1_86' title="bbox 2180 3801 3767 3879">
     <span class='ocr_line' id='line_1_86' title="bbox 2180 3801 3767 3879; baseline -0.004 -18"><span class='ocrx_word' id='word_1_619' title='bbox 2180 3808 2394 3879; x_wconf 84' lang='grc' dir='ltr'>θρωπον</span> <span class='ocrx_word' id='word_1_620' title='bbox 2433 3803 2832 3874; x_wconf 69' lang='grc' dir='ltr'>ἐπιδειχθῆναι*</span> <span class='ocrx_word' id='word_1_621' title='bbox 2864 3802 3242 3874; x_wconf 84' lang='grc' dir='ltr'>φιλάνθρωπος</span> <span class='ocrx_word' id='word_1_622' title='bbox 3280 3801 3335 3854; x_wconf 86' lang='grc' dir='ltr'><strong>δέ</strong></span> <span class='ocrx_word' id='word_1_623' title='bbox 3380 3801 3474 3855; x_wconf 77' lang='grc' dir='ltr'><strong>καὶ</strong></span> <span class='ocrx_word' id='word_1_624' title='bbox 3504 3803 3532 3854; x_wconf 85' lang='lat'><strong>6</strong></span> <span class='ocrx_word' id='word_1_625' title='bbox 3568 3802 3767 3873; x_wconf 73' lang='grc' dir='ltr'>Πατὴρ</span> 
     </span>
    </p>
   </div>
   <div class='ocr_carea' id='block_1_87' title="bbox 2180 3891 3768 3968">
    <p class='ocr_par' dir='ltr' id='par_1_87' title="bbox 2180 3891 3768 3968">
     <span class='ocr_line' id='line_1_87' title="bbox 2180 3891 3768 3968; baseline -0.006 -14"><span class='ocrx_word' id='word_1_626' title='bbox 2180 3898 2318 3954; x_wconf 76' lang='grc' dir='ltr'>εἶναι</span> <span class='ocrx_word' id='word_1_627' title='bbox 2347 3900 2445 3953; x_wconf 80' lang='grc' dir='ltr'>οὐκ</span> <span class='ocrx_word' id='word_1_628' title='bbox 2474 3896 2892 3968; x_wconf 78' lang='grc' dir='ltr'>ἀμφιϐάλλεται·</span> <span class='ocrx_word' id='word_1_629' title='bbox 2918 3895 2977 3947; x_wconf 81' lang='grc' dir='ltr'><strong>ἐν</strong></span> <span class='ocrx_word' id='word_1_630' title='bbox 3003 3897 3115 3957; x_wconf 87' lang='grc' dir='ltr'>τοῖς</span> <span class='ocrx_word' id='word_1_631' title='bbox 3150 3894 3331 3955; x_wconf 76' lang='grc' dir='ltr'>αὐτοῖς</span> <span class='ocrx_word' id='word_1_632' title='bbox 3363 3892 3509 3944; x_wconf 84' lang='grc' dir='ltr'>ἐστιν</span> <span class='ocrx_word' id='word_1_633' title='bbox 3539 3891 3664 3963; x_wconf 76' lang='grc' dir='ltr'>ἄρα</span> <span class='ocrx_word' id='word_1_634' title='bbox 3692 3891 3768 3963; x_wconf 79' lang='grc' dir='ltr'>τῷ</span> 
     </span>
    </p>
   </div>
   <div class='ocr_carea' id='block_1_88' title="bbox 2180 3981 3765 4063">
    <p class='ocr_par' dir='ltr' id='par_1_88' title="bbox 2180 3981 3765 4063">
     <span class='ocr_line' id='line_1_88' title="bbox 2180 3981 3765 4063; baseline -0.006 -17"><span class='ocrx_word' id='word_1_635' title='bbox 2180 3992 2296 4063; x_wconf 82' lang='grc' dir='ltr'>Υίῷ</span> <span class='ocrx_word' id='word_1_636' title='bbox 2321 3992 2348 4045; x_wconf 92' lang='lat'><strong>6</strong></span> <span class='ocrx_word' id='word_1_637' title='bbox 2376 3990 2586 4060; x_wconf 84' lang='grc' dir='ltr'>Πατὴρ,</span> <span class='ocrx_word' id='word_1_638' title='bbox 2615 3989 2662 4041; x_wconf 81' lang='grc' dir='ltr'>εἰ</span> <span class='ocrx_word' id='word_1_639' title='bbox 2692 3986 2829 4056; x_wconf 86' lang='grc' dir='ltr'>πρὸς</span> <span class='ocrx_word' id='word_1_640' title='bbox 2855 3984 2947 4039; x_wconf 81' lang='grc' dir='ltr'>τὸν</span> <span class='ocrx_word' id='word_1_641' title='bbox 2979 3984 3178 4039; x_wconf 87' lang='grc' dir='ltr'>σκοπόν</span> <span class='ocrx_word' id='word_1_642' title='bbox 3202 4001 3285 4045; x_wconf 82' lang='grc' dir='ltr'><strong>τις</strong></span> <span class='ocrx_word' id='word_1_643' title='bbox 3312 3982 3485 4035; x_wconf 85' lang='grc' dir='ltr'>ἐθέλοι</span> <span class='ocrx_word' id='word_1_644' title='bbox 3513 3981 3765 4051; x_wconf 76' lang='grc' dir='ltr'>βλέπειν.</span> 
     </span>
    </p>
   </div>
   <div class='ocr_carea' id='block_1_89' title="bbox 2181 4072 3769 4152">
    <p class='ocr_par' dir='ltr' id='par_1_89' title="bbox 2181 4072 3769 4152">
     <span class='ocr_line' id='line_1_89' title="bbox 2181 4072 3769 4152; baseline -0.009 -12"><span class='ocrx_word' id='word_1_645' title='bbox 2181 4086 2243 4139; x_wconf 78' lang='lat' dir='ltr'><strong>El</strong></span> <span class='ocrx_word' id='word_1_646' title='bbox 2267 4084 2323 4138; x_wconf 85' lang='grc' dir='ltr'>δὲ</span> <span class='ocrx_word' id='word_1_647' title='bbox 2348 4083 2445 4152; x_wconf 81' lang='grc' dir='ltr'>οὐχ</span> <span class='ocrx_word' id='word_1_648' title='bbox 2486 4082 2513 4134; x_wconf 89' lang='lat'><strong>6</strong></span> <span class='ocrx_word' id='word_1_649' title='bbox 2546 4077 2730 4150; x_wconf 76' lang='grc' dir='ltr'>Πατὴρ</span> <span class='ocrx_word' id='word_1_650' title='bbox 2770 4077 3040 4147; x_wconf 80' lang='grc' dir='ltr'>ἐνήργησε</span> <span class='ocrx_word' id='word_1_651' title='bbox 3067 4073 3162 4146; x_wconf 80' lang='grc' dir='ltr'>τὴν</span> <span class='ocrx_word' id='word_1_652' title='bbox 3193 4072 3287 4127; x_wconf 90' lang='grc' dir='ltr'><strong>τοῦ</strong></span> <span class='ocrx_word' id='word_1_653' title='bbox 3329 4072 3564 4126; x_wconf 83' lang='grc' dir='ltr'>θανάτου</span> <span class='ocrx_word' id='word_1_654' title='bbox 3599 4072 3769 4126; x_wconf 81' lang='grc' dir='ltr'>κατά-</span> 
     </span>
    </p>
   </div>
   <div class='ocr_carea' id='block_1_90' title="bbox 2178 4164 3770 4244">
    <p class='ocr_par' dir='ltr' id='par_1_90' title="bbox 2178 4164 3770 4244">
     <span class='ocr_line' id='line_1_90' title="bbox 2178 4164 3770 4244; baseline -0.009 -12"><span class='ocrx_word' id='word_1_655' title='bbox 2178 4179 2351 4240; x_wconf 85' lang='grc' dir='ltr'>λυσιν,</span> <span class='ocrx_word' id='word_1_656' title='bbox 2383 4172 2668 4244; x_wconf 84' lang='grc' dir='ltr'>θαυμάσῃς</span> <span class='ocrx_word' id='word_1_657' title='bbox 2707 4168 2892 4240; x_wconf 87' lang='grc' dir='ltr'>μηδέν.</span> <span class='ocrx_word' id='word_1_658' title='bbox 2925 4168 3035 4221; x_wconf 77' lang='grc' dir='ltr'><strong>Καὶ</strong></span> <span class='ocrx_word' id='word_1_659' title='bbox 3074 4167 3180 4237; x_wconf 84' lang='grc' dir='ltr'><strong>γὰρ</strong></span> <span class='ocrx_word' id='word_1_660' title='bbox 3204 4166 3297 4219; x_wconf 75' lang='grc' dir='ltr'>καὶ</span> <span class='ocrx_word' id='word_1_661' title='bbox 3320 4166 3418 4236; x_wconf 80' lang='grc' dir='ltr'><strong>τὴν</strong></span> <span class='ocrx_word' id='word_1_662' title='bbox 3448 4164 3642 4236; x_wconf 86' lang='grc' dir='ltr'>κρίσιν</span> <span class='ocrx_word' id='word_1_663' title='bbox 3667 4168 3770 4218; x_wconf 77' lang='grc' dir='ltr'><strong>πᾶ-</strong></span> 
     </span>
    </p>
   </div>
   <div class='ocr_carea' id='block_1_91' title="bbox 2183 4256 3769 4333">
    <p class='ocr_par' dir='ltr' id='par_1_91' title="bbox 2183 4256 3769 4333">
     <span class='ocr_line' id='line_1_91' title="bbox 2183 4256 3769 4333; baseline -0.011 -10"><span class='ocrx_word' id='word_1_664' title='bbox 2183 4286 2282 4322; x_wconf 89' lang='grc' dir='ltr'><strong>σαν</strong></span> <span class='ocrx_word' id='word_1_665' title='bbox 2309 4266 2474 4320; x_wconf 76' lang='grc' dir='ltr'>ἔδωκε</span> <span class='ocrx_word' id='word_1_666' title='bbox 2493 4261 2571 4333; x_wconf 81' lang='grc' dir='ltr'>τῷ</span> <span class='ocrx_word' id='word_1_667' title='bbox 2604 4260 2733 4332; x_wconf 81' lang='grc' dir='ltr'>Υίῷ,</span> <span class='ocrx_word' id='word_1_668' title='bbox 2762 4258 2923 4321; x_wconf 77' lang='grc' dir='ltr'>αὐτὸς</span> <span class='ocrx_word' id='word_1_669' title='bbox 2961 4257 3158 4328; x_wconf 85' lang='grc' dir='ltr'>κρίνων</span> <span class='ocrx_word' id='word_1_670' title='bbox 3195 4256 3404 4319; x_wconf 78' lang='grc' dir='ltr'>οὐδένα,</span> <span class='ocrx_word' id='word_1_671' title='bbox 3448 4256 3507 4309; x_wconf 84' lang='grc' dir='ltr'>οὺ</span> <span class='ocrx_word' id='word_1_672' title='bbox 3552 4256 3642 4327; x_wconf 81' lang='grc' dir='ltr'><strong>τῷ</strong></span> <span class='ocrx_word' id='word_1_673' title='bbox 3694 4256 3769 4327; x_wconf 78' lang='grc' dir='ltr'>μὴ</span> 
     </span>
    </p>
   </div>
   <div class='ocr_carea' id='block_1_92' title="bbox 494 4343 2064 4435">
    <p class='ocr_par' dir='ltr' id='par_1_92' title="bbox 494 4351 2064 4435">
     <span class='ocr_line' id='line_1_92' title="bbox 494 4351 2064 4435; baseline 0.009 -28"><span class='ocrx_word' id='word_1_674' title='bbox 494 4365 624 4421; x_wconf 81' lang='lat' dir='ltr'><strong>erga</strong></span> <span class='ocrx_word' id='word_1_675' title='bbox 668 4351 965 4408; x_wconf 87' lang='lat' dir='ltr'><strong>humanum</strong></span> <span class='ocrx_word' id='word_1_676' title='bbox 997 4371 1168 4426; x_wconf 84' lang='lat' dir='ltr'><strong>genus</strong></span> <span class='ocrx_word' id='word_1_677' title='bbox 1217 4357 1376 4413; x_wconf 89' lang='lat' dir='ltr'><strong>Pater</strong></span> <span class='ocrx_word' id='word_1_678' title='bbox 1416 4374 1541 4415; x_wconf 89' lang='lat' dir='ltr'><strong>esse</strong></span> <span class='ocrx_word' id='word_1_679' title='bbox 1589 4376 1699 4416; x_wconf 86' lang='lat' dir='ltr'><strong>non</strong></span> <span class='ocrx_word' id='word_1_680' title='bbox 1743 4364 2064 4435; x_wconf 84' lang='lat' dir='ltr'><strong>ambigitur:</strong></span> 
     </span>
    </p>
   </div>
   <div class='ocr_carea' id='block_1_93' title="bbox 2166 4343 3771 4435">
    <p class='ocr_par' dir='ltr' id='par_1_93' title="bbox 2180 4346 3771 4422">
     <span class='ocr_line' id='line_1_93' title="bbox 2180 4346 3771 4422; baseline -0.016 -9"><span class='ocrx_word' id='word_1_681' title='bbox 2180 4355 2439 4418; x_wconf 84' lang='grc' dir='ltr'>δύνασθαι</span> <span class='ocrx_word' id='word_1_682' title='bbox 2488 4352 2521 4422; x_wconf 79' lang='grc' dir='ltr'>ἢ</span> <span class='ocrx_word' id='word_1_683' title='bbox 2579 4349 2747 4404; x_wconf 84' lang='grc' dir='ltr'>σῶσαι</span> <span class='ocrx_word' id='word_1_684' title='bbox 2797 4347 2888 4401; x_wconf 81' lang='grc' dir='ltr'><strong>τὸν</strong></span> <span class='ocrx_word' id='word_1_685' title='bbox 2937 4346 3302 4417; x_wconf 79' lang='grc' dir='ltr'>ἀπολόμενον,</span> <span class='ocrx_word' id='word_1_686' title='bbox 3350 4347 3385 4416; x_wconf 74' lang='grc' dir='ltr'>ἢ</span> <span class='ocrx_word' id='word_1_687' title='bbox 3430 4348 3623 4418; x_wconf 77' lang='grc' dir='ltr'>κρῖναι</span> <span class='ocrx_word' id='word_1_688' title='bbox 3679 4348 3771 4400; x_wconf 64' lang='grc' dir='ltr'><strong>τὸν</strong></span> 
     </span>
    </p>
   </div>
   <div class='ocr_carea' id='block_1_94' title="bbox 496 4437 2082 4524">
    <p class='ocr_par' dir='ltr' id='par_1_94' title="bbox 496 4437 2082 4524">
     <span class='ocr_line' id='line_1_94' title="bbox 496 4437 2082 4524; baseline 0.013 -33"><span class='ocrx_word' id='word_1_689' title='bbox 496 4437 553 4492; x_wconf 81' lang='lat' dir='ltr'><strong>in</strong></span> <span class='ocrx_word' id='word_1_690' title='bbox 599 4440 789 4495; x_wconf 89' lang='lat' dir='ltr'><strong>iisdem</strong></span> <span class='ocrx_word' id='word_1_691' title='bbox 826 4443 992 4513; x_wconf 78' lang='lat' dir='ltr'><strong>igitur</strong></span> <span class='ocrx_word' id='word_1_692' title='bbox 1032 4453 1115 4501; x_wconf 87' lang='lat' dir='ltr'><strong>est</strong></span> <span class='ocrx_word' id='word_1_693' title='bbox 1164 4444 1325 4501; x_wconf 80' lang='lat' dir='ltr'><strong>Pater</strong></span> <span class='ocrx_word' id='word_1_694' title='bbox 1366 4462 1489 4503; x_wconf 92' lang='lat' dir='ltr'><strong>cum</strong></span> <span class='ocrx_word' id='word_1_695' title='bbox 1537 4449 1709 4514; x_wconf 80' lang='lat' dir='ltr'><strong>Filio,</strong></span> <span class='ocrx_word' id='word_1_696' title='bbox 1747 4453 1792 4507; x_wconf 89' lang='lat' dir='ltr'><strong>si</strong></span> <span class='ocrx_word' id='word_1_697' title='bbox 1833 4456 1957 4524; x_wconf 91' lang='lat' dir='ltr'><strong>quis</strong></span> <span class='ocrx_word' id='word_1_698' title='bbox 2009 4455 2082 4513; x_wconf 83' lang='lat' dir='ltr'><strong>ad.</strong></span> 
     </span>
    </p>
   </div>
   <div class='ocr_carea' id='block_1_95' title="bbox 496 4534 2073 4603">
    <p class='ocr_par' dir='ltr' id='par_1_95' title="bbox 496 4534 2073 4603">
     <span class='ocr_line' id='line_1_95' title="bbox 496 4534 2073 4603; baseline 0.013 -20"><span class='ocrx_word' id='word_1_699' title='bbox 496 4543 722 4599; x_wconf 70' lang='lat' dir='ltr'><strong>seopum</strong></span> <span class='ocrx_word' id='word_1_700' title='bbox 752 4534 882 4588; x_wconf 82' lang='lat' dir='ltr'><strong>velit</strong></span> <span class='ocrx_word' id='word_1_701' title='bbox 923 4542 1195 4603; x_wconf 86' lang='lat' dir='ltr'><strong>spectare.</strong></span> <span class='ocrx_word' id='word_1_702' title='bbox 1250 4537 1406 4601; x_wconf 80' lang='lat' dir='ltr'><strong>Quod</strong></span> <span class='ocrx_word' id='word_1_703' title='bbox 1453 4538 1499 4593; x_wconf 88' lang='lat' dir='ltr'><strong>si</strong></span> <span class='ocrx_word' id='word_1_704' title='bbox 1533 4538 1694 4596; x_wconf 82' lang='lat' dir='ltr'><strong>Pater</strong></span> <span class='ocrx_word' id='word_1_705' title='bbox 1736 4545 1926 4601; x_wconf 89' lang='lat' dir='ltr'><strong>mortis</strong></span> <span class='ocrx_word' id='word_1_706' title='bbox 1965 4544 2073 4603; x_wconf 88' lang='lat' dir='ltr'><strong>dis-</strong></span> 
     </span>
    </p>
   </div>
   <div class='ocr_carea' id='block_1_96' title="bbox 497 4623 2071 4696">
    <p class='ocr_par' dir='ltr' id='par_1_96' title="bbox 497 4623 2071 4696">
     <span class='ocr_line' id='line_1_96' title="bbox 497 4623 2071 4696; baseline 0.013 -22"><span class='ocrx_word' id='word_1_707' title='bbox 497 4623 825 4679; x_wconf 85' lang='lat' dir='ltr'><strong>solutionem</strong></span> <span class='ocrx_word' id='word_1_708' title='bbox 856 4643 965 4681; x_wconf 89' lang='lat' dir='ltr'><strong>non</strong></span> <span class='ocrx_word' id='word_1_709' title='bbox 996 4637 1251 4696; x_wconf 80' lang='lat' dir='ltr'><strong>operatus</strong></span> <span class='ocrx_word' id='word_1_710' title='bbox 1277 4637 1381 4693; x_wconf 89' lang='lat' dir='ltr'><strong>est,</strong></span> <span class='ocrx_word' id='word_1_711' title='bbox 1412 4630 1550 4685; x_wconf 83' lang='lat' dir='ltr'><strong>nihil</strong></span> <span class='ocrx_word' id='word_1_712' title='bbox 1581 4634 1822 4690; x_wconf 86' lang='lat' dir='ltr'><strong>mireris.</strong></span> <span class='ocrx_word' id='word_1_713' title='bbox 1854 4635 2071 4694; x_wconf 86' lang='lat' dir='ltr'><strong>Etenim</strong></span> 
     </span>
    </p>
   </div>
   <div class='ocr_carea' id='block_1_97' title="bbox 495 4714 2073 4795">
    <p class='ocr_par' dir='ltr' id='par_1_97' title="bbox 495 4714 2073 4795">
     <span class='ocr_line' id='line_1_97' title="bbox 495 4714 2073 4795; baseline 0.01 -27"><span class='ocrx_word' id='word_1_714' title='bbox 495 4714 661 4768; x_wconf 84' lang='lat' dir='ltr'><strong>etiam</strong></span> <span class='ocrx_word' id='word_1_715' title='bbox 709 4730 870 4772; x_wconf 90' lang='lat' dir='ltr'><strong>omne</strong></span> <span class='ocrx_word' id='word_1_716' title='bbox 910 4718 1178 4787; x_wconf 89' lang='lat' dir='ltr'><strong>judicium</strong></span> <span class='ocrx_word' id='word_1_717' title='bbox 1228 4720 1377 4776; x_wconf 90' lang='lat' dir='ltr'><strong>dedit</strong></span> <span class='ocrx_word' id='word_1_718' title='bbox 1427 4718 1588 4788; x_wconf 78' lang='lat' dir='ltr'><strong>Filio,</strong></span> <span class='ocrx_word' id='word_1_719' title='bbox 1634 4724 1752 4795; x_wconf 79' lang='lat' dir='ltr'><strong>ipse</strong></span> <span class='ocrx_word' id='word_1_720' title='bbox 1800 4727 2073 4784; x_wconf 90' lang='lat' dir='ltr'><strong>neminem</strong></span> 
     </span>
    </p>
   </div>
   <div class='ocr_carea' id='block_1_98' title="bbox 493 4804 2079 4888">
    <p class='ocr_par' dir='ltr' id='par_1_98' title="bbox 493 4804 2079 4888">
     <span class='ocr_line' id='line_1_98' title="bbox 493 4804 2079 4888; baseline 0.01 -31"><span class='ocrx_word' id='word_1_721' title='bbox 493 4804 755 4875; x_wconf 67' lang='lat' dir='ltr'><strong>judicans</strong></span> <span class='ocrx_word' id='word_1_722' title='bbox 780 4810 846 4874; x_wconf 73' lang='grc' dir='ltr'>η,</span> <span class='ocrx_word' id='word_1_723' title='bbox 874 4824 983 4864; x_wconf 88' lang='lat' dir='ltr'><strong>nou</strong></span> <span class='ocrx_word' id='word_1_724' title='bbox 1004 4810 1151 4879; x_wconf 91' lang='lat' dir='ltr'><strong>quod</strong></span> <span class='ocrx_word' id='word_1_725' title='bbox 1181 4826 1291 4865; x_wconf 86' lang='lat' dir='ltr'><strong>non</strong></span> <span class='ocrx_word' id='word_1_726' title='bbox 1335 4813 1510 4882; x_wconf 88' lang='lat' dir='ltr'><strong>possit</strong></span> <span class='ocrx_word' id='word_1_727' title='bbox 1543 4815 1628 4869; x_wconf 88' lang='lat' dir='ltr'><strong>vel</strong></span> <span class='ocrx_word' id='word_1_728' title='bbox 1663 4830 1896 4873; x_wconf 81' lang='lat' dir='ltr'><strong>servare</strong></span> <span class='ocrx_word' id='word_1_729' title='bbox 1932 4819 2079 4888; x_wconf 89' lang='lat' dir='ltr'><strong>quod</strong></span> 
     </span>
    </p>
   </div>
   <div class='ocr_carea' id='block_1_99' title="bbox 496 4897 2081 4981">
    <p class='ocr_par' dir='ltr' id='par_1_99' title="bbox 496 4897 2081 4981">
     <span class='ocr_line' id='line_1_99' title="bbox 496 4897 2081 4981; baseline 0.009 -29"><span class='ocrx_word' id='word_1_730' title='bbox 496 4897 766 4965; x_wconf 83' lang='lat' dir='ltr'><strong>perierat,</strong></span> <span class='ocrx_word' id='word_1_731' title='bbox 819 4899 903 4954; x_wconf 89' lang='lat' dir='ltr'><strong>vel</strong></span> <span class='ocrx_word' id='word_1_732' title='bbox 953 4899 1201 4969; x_wconf 86' lang='lat' dir='ltr'><strong>judicare</strong></span> <span class='ocrx_word' id='word_1_733' title='bbox 1251 4917 1375 4958; x_wconf 90' lang='lat' dir='ltr'><strong>eum</strong></span> <span class='ocrx_word' id='word_1_734' title='bbox 1439 4904 1535 4975; x_wconf 89' lang='lat' dir='ltr'><strong>qui</strong></span> <span class='ocrx_word' id='word_1_735' title='bbox 1583 4918 1928 4977; x_wconf 89' lang='lat' dir='ltr'><strong>peccaverat,</strong></span> <span class='ocrx_word' id='word_1_736' title='bbox 1984 4926 2081 4981; x_wconf 90' lang='lat' dir='ltr'><strong>per</strong></span> 
     </span>
    </p>
   </div>
   <div class='ocr_carea' id='block_1_100' title="bbox 495 4987 2078 5069">
    <p class='ocr_par' dir='ltr' id='par_1_100' title="bbox 495 4987 2078 5069">
     <span class='ocr_line' id='line_1_100' title="bbox 495 4987 2078 5069; baseline 0.009 -28"><span class='ocrx_word' id='word_1_737' title='bbox 495 4987 692 5044; x_wconf 87' lang='lat' dir='ltr'><strong>Filium</strong></span> <span class='ocrx_word' id='word_1_738' title='bbox 725 4990 839 5046; x_wconf 60' lang='lat' dir='ltr'><strong>hac</strong></span> <span class='ocrx_word' id='word_1_739' title='bbox 879 4991 1109 5059; x_wconf 71' lang='lat' dir='ltr'><strong>faciens,</strong></span> <span class='ocrx_word' id='word_1_740' title='bbox 1139 4994 1236 5049; x_wconf 89' lang='lat' dir='ltr'><strong>sed</strong></span> <span class='ocrx_word' id='word_1_741' title='bbox 1275 4998 1403 5065; x_wconf 87' lang='lat' dir='ltr'><strong>quia</strong></span> <span class='ocrx_word' id='word_1_742' title='bbox 1448 5011 1544 5066; x_wconf 92' lang='lat' dir='ltr'><strong>per</strong></span> <span class='ocrx_word' id='word_1_743' title='bbox 1578 5013 1731 5052; x_wconf 88' lang='lat' dir='ltr'><strong>suam</strong></span> <span class='ocrx_word' id='word_1_744' title='bbox 1777 5000 2078 5069; x_wconf 84' lang='lat' dir='ltr'><strong>potentiam</strong></span> 
     </span>
    </p>
   </div>
   <div class='ocr_carea' id='block_1_101' title="bbox 495 5083 2079 5161">
    <p class='ocr_par' dir='ltr' id='par_1_101' title="bbox 495 5083 2079 5161">
     <span class='ocr_line' id='line_1_101' title="bbox 495 5083 2079 5161; baseline 0.007 -25"><span class='ocrx_word' id='word_1_745' title='bbox 495 5094 593 5149; x_wconf 88' lang='lat' dir='ltr'><strong>per</strong></span> <span class='ocrx_word' id='word_1_746' title='bbox 632 5096 795 5151; x_wconf 85' lang='lat' dir='ltr'><strong>quam</strong></span> <span class='ocrx_word' id='word_1_747' title='bbox 842 5083 1029 5140; x_wconf 84' lang='lat' dir='ltr'><strong>omnia</strong></span> <span class='ocrx_word' id='word_1_748' title='bbox 1067 5093 1345 5155; x_wconf 87' lang='lat' dir='ltr'><strong>operatur,</strong></span> <span class='ocrx_word' id='word_1_749' title='bbox 1376 5086 1491 5142; x_wconf 58' lang='lat' dir='ltr'><strong>hare</strong></span> <span class='ocrx_word' id='word_1_750' title='bbox 1536 5089 1700 5145; x_wconf 89' lang='lat' dir='ltr'><strong>etiam</strong></span> <span class='ocrx_word' id='word_1_751' title='bbox 1734 5089 1932 5158; x_wconf 82' lang='lat' dir='ltr'><strong>faciat;</strong></span> <span class='ocrx_word' id='word_1_752' title='bbox 1982 5107 2079 5161; x_wconf 88' lang='lat' dir='ltr'><strong>po-</strong></span> 
     </span>
    </p>
   </div>
   <div class='ocr_carea' id='block_1_102' title="bbox 495 5175 2073 5253">
    <p class='ocr_par' dir='ltr' id='par_1_102' title="bbox 495 5175 2073 5253">
     <span class='ocr_line' id='line_1_102' title="bbox 495 5175 2073 5253; baseline 0.007 -27"><span class='ocrx_word' id='word_1_753' title='bbox 495 5176 666 5228; x_wconf 87' lang='lat' dir='ltr'><strong>tentia</strong></span> <span class='ocrx_word' id='word_1_754' title='bbox 694 5184 870 5230; x_wconf 86' lang='lat' dir='ltr'><strong>autem</strong></span> <span class='ocrx_word' id='word_1_755' title='bbox 900 5175 1080 5232; x_wconf 81' lang='lat' dir='ltr'><strong>Patris</strong></span> <span class='ocrx_word' id='word_1_756' title='bbox 1102 5188 1186 5234; x_wconf 89' lang='lat' dir='ltr'><strong>est</strong></span> <span class='ocrx_word' id='word_1_757' title='bbox 1208 5176 1407 5239; x_wconf 81' lang='lat' dir='ltr'><strong>Filius.</strong></span> <span class='ocrx_word' id='word_1_758' title='bbox 1430 5180 1608 5249; x_wconf 85' lang='lat' dir='ltr'><strong>Quare</strong></span> <span class='ocrx_word' id='word_1_759' title='bbox 1635 5183 1726 5252; x_wconf 91' lang='lat' dir='ltr'><strong>qui</strong></span> <span class='ocrx_word' id='word_1_760' title='bbox 1751 5198 1847 5253; x_wconf 88' lang='lat' dir='ltr'><strong>per</strong></span> <span class='ocrx_word' id='word_1_761' title='bbox 1875 5181 2073 5237; x_wconf 89' lang='lat' dir='ltr'><strong>Filium</strong></span> 
     </span>
    </p>
   </div>
   <div class='ocr_carea' id='block_1_103' title="bbox 498 5266 2075 5340">
    <p class='ocr_par' dir='ltr' id='par_1_103' title="bbox 498 5266 2075 5340">
     <span class='ocr_line' id='line_1_103' title="bbox 498 5266 2075 5340; baseline 0.006 -21"><span class='ocrx_word' id='word_1_762' title='bbox 498 5266 638 5319; x_wconf 86' lang='lat' dir='ltr'><strong>salvi</strong></span> <span class='ocrx_word' id='word_1_763' title='bbox 675 5266 799 5322; x_wconf 80' lang='lat' dir='ltr'><strong>tacti</strong></span> <span class='ocrx_word' id='word_1_764' title='bbox 844 5277 994 5331; x_wconf 83' lang='lat' dir='ltr'><strong>sunt,</strong></span> <span class='ocrx_word' id='word_1_765' title='bbox 1046 5271 1285 5340; x_wconf 87' lang='lat' dir='ltr'><strong>potentia</strong></span> <span class='ocrx_word' id='word_1_766' title='bbox 1330 5269 1515 5329; x_wconf 86' lang='lat' dir='ltr'><strong>Patris</strong></span> <span class='ocrx_word' id='word_1_767' title='bbox 1562 5274 1763 5329; x_wconf 84' lang='lat' dir='ltr'><strong>servati</strong></span> <span class='ocrx_word' id='word_1_768' title='bbox 1807 5284 1955 5331; x_wconf 89' lang='lat' dir='ltr'><strong>sunt.</strong></span> <span class='ocrx_word' id='word_1_769' title='bbox 2008 5274 2075 5329; x_wconf 90' lang='lat' dir='ltr'><strong>Et</strong></span> 
     </span>
    </p>
   </div>
   <div class='ocr_carea' id='block_1_104' title="bbox 498 5356 2074 5435">
    <p class='ocr_par' dir='ltr' id='par_1_104' title="bbox 498 5356 2074 5435">
     <span class='ocr_line' id='line_1_104' title="bbox 498 5356 2074 5435; baseline 0.007 -22"><span class='ocrx_word' id='word_1_770' title='bbox 498 5356 592 5424; x_wconf 79' lang='lat' dir='ltr'><strong>qui</strong></span> <span class='ocrx_word' id='word_1_771' title='bbox 637 5357 705 5411; x_wconf 88' lang='lat' dir='ltr'><strong>ab</strong></span> <span class='ocrx_word' id='word_1_772' title='bbox 747 5360 848 5415; x_wconf 90' lang='lat' dir='ltr'><strong>hoc</strong></span> <span class='ocrx_word' id='word_1_773' title='bbox 895 5361 1231 5430; x_wconf 85' lang='lat' dir='ltr'><strong>judicantur,</strong></span> <span class='ocrx_word' id='word_1_774' title='bbox 1276 5360 1371 5418; x_wconf 86' lang='lat' dir='ltr'><strong>Dei</strong></span> <span class='ocrx_word' id='word_1_775' title='bbox 1411 5362 1625 5434; x_wconf 86' lang='lat' dir='ltr'><strong>justitia</strong></span> <span class='ocrx_word' id='word_1_776' title='bbox 1654 5365 1915 5435; x_wconf 83' lang='lat' dir='ltr'><strong>judicium</strong></span> <span class='ocrx_word' id='word_1_777' title='bbox 1941 5367 2074 5423; x_wconf 88' lang='lat' dir='ltr'><strong>sub-</strong></span> 
     </span>
    </p>
   </div>
   <div class='ocr_carea' id='block_1_105' title="bbox 499 5448 2075 5532">
    <p class='ocr_par' dir='ltr' id='par_1_105' title="bbox 499 5448 2075 5532">
     <span class='ocr_line' id='line_1_105' title="bbox 499 5448 2075 5532; baseline 0.007 -27"><span class='ocrx_word' id='word_1_778' title='bbox 499 5456 653 5505; x_wconf 80' lang='lat' dir='ltr'><strong>eunt.</strong></span> <span class='ocrx_word' id='word_1_779' title='bbox 701 5448 955 5508; x_wconf 86' lang='lat' dir='ltr'><strong>Christus</strong></span> <span class='ocrx_word' id='word_1_780' title='bbox 1007 5454 1153 5511; x_wconf 88' lang='lat' dir='ltr'><strong>enim</strong></span> <span class='ocrx_word' id='word_1_781' title='bbox 1202 5463 1287 5513; x_wconf 89' lang='lat' dir='ltr'><strong>est</strong></span> <span class='ocrx_word' id='word_1_782' title='bbox 1341 5454 1438 5514; x_wconf 84' lang='lat' dir='ltr'><strong>Dei</strong></span> <span class='ocrx_word' id='word_1_783' title='bbox 1500 5456 1736 5529; x_wconf 88' lang='lat' dir='ltr'><strong>justitia,</strong></span> <span class='ocrx_word' id='word_1_784' title='bbox 1781 5475 1904 5531; x_wconf 76' lang='lat' dir='ltr'><strong>qua:</strong></span> <span class='ocrx_word' id='word_1_785' title='bbox 1978 5475 2075 5532; x_wconf 90' lang='lat' dir='ltr'><strong>per</strong></span> 
     </span>
    </p>
   </div>
   <div class='ocr_carea' id='block_1_106' title="bbox 576 5626 1015 5697">
    <p class='ocr_par' dir='ltr' id='par_1_106' title="bbox 576 5626 1015 5697">
     <span class='ocr_line' id='line_1_106' title="bbox 576 5626 1015 5697; baseline 0.014 -16"><span class='ocrx_word' id='word_1_786' title='bbox 576 5628 623 5672; x_wconf 63' lang='grc' dir='ltr'><strong>ι’</strong></span> <span class='ocrx_word' id='word_1_787' title='bbox 655 5626 818 5689; x_wconf 71' lang='lat' dir='ltr'><strong>Joan.</strong></span> <span class='ocrx_word' id='word_1_788' title='bbox 852 5646 906 5697; x_wconf 85' lang='lat' dir='ltr'><strong>v,</strong></span> <span class='ocrx_word' id='word_1_789' title='bbox 926 5630 1015 5687; x_wconf 62' lang='grc' dir='ltr'><strong>Ὦ.</strong></span> 
     </span>
    </p>
   </div>
   <div class='ocr_carea' id='block_1_107' title="bbox 2179 4438 3770 4522">
    <p class='ocr_par' dir='ltr' id='par_1_107' title="bbox 2179 4438 3770 4522">
     <span class='ocr_line' id='line_1_107' title="bbox 2179 4438 3770 4522; baseline -0.006 -19"><span class='ocrx_word' id='word_1_790' title='bbox 2179 4449 2591 4522; x_wconf 75' lang='grc' dir='ltr'>ἀμαρτήσαντα.</span> <span class='ocrx_word' id='word_1_791' title='bbox 2638 4442 2729 4497; x_wconf 85' lang='grc' dir='ltr'><strong>διά</strong></span> <span class='ocrx_word' id='word_1_792' title='bbox 2772 4439 2867 4494; x_wconf 90' lang='grc' dir='ltr'><strong>τοῦ</strong></span> <span class='ocrx_word' id='word_1_793' title='bbox 2907 4439 3034 4493; x_wconf 80' lang='grc' dir='ltr'>Υίοῦ</span> <span class='ocrx_word' id='word_1_794' title='bbox 3066 4438 3237 4493; x_wconf 89' lang='grc' dir='ltr'>ταῦτα</span> <span class='ocrx_word' id='word_1_795' title='bbox 3277 4439 3480 4503; x_wconf 87' lang='grc' dir='ltr'>ποιῶν,</span> <span class='ocrx_word' id='word_1_796' title='bbox 3514 4440 3661 4494; x_wconf 81' lang='grc' dir='ltr'>ά),λά</span> <span class='ocrx_word' id='word_1_797' title='bbox 3694 4439 3770 4511; x_wconf 74' lang='grc' dir='ltr'>τῷ</span> 
     </span>
    </p>
   </div>
   <div class='ocr_carea' id='block_1_108' title="bbox 2176 4527 3768 4610">
    <p class='ocr_par' dir='ltr' id='par_1_108' title="bbox 2176 4527 3768 4610">
     <span class='ocr_line' id='line_1_108' title="bbox 2176 4527 3768 4610; baseline -0.006 -14"><span class='ocrx_word' id='word_1_798' title='bbox 2176 4542 2265 4596; x_wconf 88' lang='grc' dir='ltr'>διὰ</span> <span class='ocrx_word' id='word_1_799' title='bbox 2288 4539 2387 4610; x_wconf 84' lang='grc' dir='ltr'><strong>τῆς</strong></span> <span class='ocrx_word' id='word_1_800' title='bbox 2418 4536 2555 4599; x_wconf 85' lang='grc' dir='ltr'>ίδίας</span> <span class='ocrx_word' id='word_1_801' title='bbox 2581 4532 2884 4603; x_wconf 84' lang='grc' dir='ltr'>δυνάμεως,</span> <span class='ocrx_word' id='word_1_802' title='bbox 2929 4531 2997 4585; x_wconf 86' lang='grc' dir='ltr'><strong>δι’</strong></span> <span class='ocrx_word' id='word_1_803' title='bbox 3028 4527 3097 4604; x_wconf 80' lang='grc' dir='ltr'>ἦς</span> <span class='ocrx_word' id='word_1_804' title='bbox 3126 4530 3195 4584; x_wconf 82' lang='grc' dir='ltr'>τὰ</span> <span class='ocrx_word' id='word_1_805' title='bbox 3234 4532 3410 4585; x_wconf 83' lang='grc' dir='ltr'>πάντα</span> <span class='ocrx_word' id='word_1_806' title='bbox 3443 4533 3768 4601; x_wconf 76' lang='grc' dir='ltr'>ἐργάζεται,</span> 
     </span>
    </p>
   </div>
   <div class='ocr_carea' id='block_1_109' title="bbox 2178 4622 3771 4694">
    <p class='ocr_par' dir='ltr' id='par_1_109' title="bbox 2178 4622 3771 4694">
     <span class='ocr_line' id='line_1_109' title="bbox 2178 4622 3771 4694; baseline -0.005 -8"><span class='ocrx_word' id='word_1_807' title='bbox 2178 4632 2273 4686; x_wconf 73' lang='grc' dir='ltr'><strong>καὶ</strong></span> <span class='ocrx_word' id='word_1_808' title='bbox 2296 4628 2472 4684; x_wconf 87' lang='grc' dir='ltr'>ταῦτα</span> <span class='ocrx_word' id='word_1_809' title='bbox 2515 4626 2719 4679; x_wconf 77' lang='grc' dir='ltr'>ποιεῖν’</span> <span class='ocrx_word' id='word_1_810' title='bbox 2766 4623 2993 4694; x_wconf 86' lang='grc' dir='ltr'>δύναμις</span> <span class='ocrx_word' id='word_1_811' title='bbox 3037 4623 3094 4675; x_wconf 85' lang='grc' dir='ltr'>δὲ</span> <span class='ocrx_word' id='word_1_812' title='bbox 3143 4622 3235 4675; x_wconf 84' lang='grc' dir='ltr'><strong>τοῦ</strong></span> <span class='ocrx_word' id='word_1_813' title='bbox 3287 4623 3500 4693; x_wconf 86' lang='grc' dir='ltr'>Πατρός</span> <span class='ocrx_word' id='word_1_814' title='bbox 3534 4625 3696 4677; x_wconf 82' lang='grc' dir='ltr'>ἐστιν</span> <span class='ocrx_word' id='word_1_815' title='bbox 3743 4628 3771 4678; x_wconf 90' lang='lat'><strong>6</strong></span> 
     </span>
    </p>
   </div>
   <div class='ocr_carea' id='block_1_110' title="bbox 2179 4712 3770 4788">
    <p class='ocr_par' dir='ltr' id='par_1_110' title="bbox 2179 4712 3770 4788">
     <span class='ocr_line' id='line_1_110' title="bbox 2179 4712 3770 4788; baseline -0.004 -11"><span class='ocrx_word' id='word_1_816' title='bbox 2179 4722 2327 4786; x_wconf 78' lang='grc' dir='ltr'>Υἱός.</span> <span class='ocrx_word' id='word_1_817' title='bbox 2367 4716 2576 4774; x_wconf 82' lang='grc' dir='ltr'>Οὐκοῦν</span> <span class='ocrx_word' id='word_1_818' title='bbox 2601 4719 2651 4771; x_wconf 81' lang='lat' dir='ltr'><strong>0i</strong></span> <span class='ocrx_word' id='word_1_819' title='bbox 2690 4715 2777 4770; x_wconf 81' lang='grc' dir='ltr'>διὰ</span> <span class='ocrx_word' id='word_1_820' title='bbox 2820 4714 2913 4768; x_wconf 87' lang='grc' dir='ltr'><strong>τοῦ</strong></span> <span class='ocrx_word' id='word_1_821' title='bbox 2945 4712 3076 4767; x_wconf 82' lang='grc' dir='ltr'>Υἱοῦ</span> <span class='ocrx_word' id='word_1_822' title='bbox 3106 4713 3387 4779; x_wconf 87' lang='grc' dir='ltr'>σωθέντες,</span> <span class='ocrx_word' id='word_1_823' title='bbox 3418 4717 3484 4786; x_wconf 78' lang='grc' dir='ltr'><strong>τῇ</strong></span> <span class='ocrx_word' id='word_1_824' title='bbox 3529 4715 3770 4788; x_wconf 81' lang='grc' dir='ltr'>δυνάμει</span> 
     </span>
    </p>
   </div>
   <div class='ocr_carea' id='block_1_111' title="bbox 2175 4804 3770 4883">
    <p class='ocr_par' dir='ltr' id='par_1_111' title="bbox 2175 4804 3770 4883">
     <span class='ocr_line' id='line_1_111' title="bbox 2175 4804 3770 4883; baseline -0.006 -14"><span class='ocrx_word' id='word_1_825' title='bbox 2175 4815 2269 4869; x_wconf 87' lang='grc' dir='ltr'><strong>τοῦ</strong></span> <span class='ocrx_word' id='word_1_826' title='bbox 2300 4812 2513 4883; x_wconf 75' lang='grc' dir='ltr'>Πατρδς</span> <span class='ocrx_word' id='word_1_827' title='bbox 2542 4808 2842 4879; x_wconf 81' lang='grc' dir='ltr'>ἐσώθησαν.</span> <span class='ocrx_word' id='word_1_828' title='bbox 2870 4806 2978 4859; x_wconf 74' lang='grc' dir='ltr'><strong>Καὶ</strong></span> <span class='ocrx_word' id='word_1_829' title='bbox 3020 4807 3070 4859; x_wconf 80' lang='lat' dir='ltr'><strong>oi</strong></span> <span class='ocrx_word' id='word_1_830' title='bbox 3101 4804 3251 4877; x_wconf 88' lang='grc' dir='ltr'><strong>παρά</strong></span> <span class='ocrx_word' id='word_1_831' title='bbox 3278 4805 3465 4859; x_wconf 89' lang='grc' dir='ltr'>τούτου</span> <span class='ocrx_word' id='word_1_832' title='bbox 3500 4808 3770 4878; x_wconf 81' lang='grc' dir='ltr'>κρινόμε-</span> 
     </span>
    </p>
   </div>
   <div class='ocr_carea' id='block_1_112' title="bbox 2174 4897 3769 4977">
    <p class='ocr_par' dir='ltr' id='par_1_112' title="bbox 2174 4897 3769 4977">
     <span class='ocr_line' id='line_1_112' title="bbox 2174 4897 3769 4977; baseline -0.002 -18"><span class='ocrx_word' id='word_1_833' title='bbox 2174 4922 2276 4971; x_wconf 86' lang='grc' dir='ltr'>νοι,</span> <span class='ocrx_word' id='word_1_834' title='bbox 2319 4907 2385 4975; x_wconf 85' lang='grc' dir='ltr'><strong>τῇ</strong></span> <span class='ocrx_word' id='word_1_835' title='bbox 2430 4899 2747 4977; x_wconf 7' lang='grc' dir='ltr'>δικαιοσύνῃ,</span> <span class='ocrx_word' id='word_1_836' title='bbox 2790 4897 2884 4952; x_wconf 88' lang='grc' dir='ltr'><strong>τοῦ</strong></span> <span class='ocrx_word' id='word_1_837' title='bbox 2920 4898 3054 4951; x_wconf 84' lang='grc' dir='ltr'>Θεοῦ</span> <span class='ocrx_word' id='word_1_838' title='bbox 3100 4897 3199 4970; x_wconf 80' lang='grc' dir='ltr'>τὴν</span> <span class='ocrx_word' id='word_1_839' title='bbox 3244 4897 3423 4971; x_wconf 82' lang='grc' dir='ltr'>κρίσιν</span> <span class='ocrx_word' id='word_1_840' title='bbox 3471 4901 3769 4970; x_wconf 83' lang='grc' dir='ltr'>ὑπέχουσι.</span> 
     </span>
    </p>
   </div>
   <div class='ocr_carea' id='block_1_113' title="bbox 2174 4990 3771 5070">
    <p class='ocr_par' dir='ltr' id='par_1_113' title="bbox 2174 4990 3771 5070">
     <span class='ocr_line' id='line_1_113' title="bbox 2174 4990 3771 5070; baseline -0.002 -21"><span class='ocrx_word' id='word_1_841' title='bbox 2174 4996 2410 5070; x_wconf 79' lang='grc' dir='ltr'>Χριστὸς</span> <span class='ocrx_word' id='word_1_842' title='bbox 2432 4993 2540 5064; x_wconf 89' lang='grc' dir='ltr'><strong>γάρ</strong></span> <span class='ocrx_word' id='word_1_843' title='bbox 2573 4993 2719 5046; x_wconf 87' lang='grc' dir='ltr'>ἐστιν</span> <span class='ocrx_word' id='word_1_844' title='bbox 2746 4992 2779 5061; x_wconf 84' lang='grc' dir='ltr'>ὴ</span> <span class='ocrx_word' id='word_1_845' title='bbox 2807 4990 2901 5044; x_wconf 86' lang='grc' dir='ltr'><strong>τοῦ</strong></span> <span class='ocrx_word' id='word_1_846' title='bbox 2929 4990 3064 5044; x_wconf 88' lang='grc' dir='ltr'>Θεοῦ</span> <span class='ocrx_word' id='word_1_847' title='bbox 3106 4991 3439 5063; x_wconf 87' lang='grc' dir='ltr'>δικαιοσύνη,</span> <span class='ocrx_word' id='word_1_848' title='bbox 3472 4992 3506 5063; x_wconf 71' lang='grc' dir='ltr'>ἡ</span> <span class='ocrx_word' id='word_1_849' title='bbox 3534 4992 3629 5046; x_wconf 80' lang='grc' dir='ltr'>διὰ</span> <span class='ocrx_word' id='word_1_850' title='bbox 3669 4995 3771 5063; x_wconf 74' lang='grc' dir='ltr'><strong>τῆς</strong></span> 
     </span>
    </p>
   </div>
   <div class='ocr_carea' id='block_1_114' title="bbox 2175 5082 3772 5158">
    <p class='ocr_par' dir='ltr' id='par_1_114' title="bbox 2175 5082 3772 5158">
     <span class='ocr_line' id='line_1_114' title="bbox 2175 5082 3772 5158; baseline -0.01 -15"><span class='ocrx_word' id='word_1_851' title='bbox 2175 5087 2533 5158; x_wconf 83' lang='grc' dir='ltr'>εὐαγγελικῆς</span> <span class='ocrx_word' id='word_1_852' title='bbox 2564 5082 3077 5154; x_wconf 80' lang='grc' dir='ltr'>άποκαλυπτομένη,</span> <span class='ocrx_word' id='word_1_853' title='bbox 3112 5083 3291 5146; x_wconf 85' lang='grc' dir='ltr'>καθώς</span> <span class='ocrx_word' id='word_1_854' title='bbox 3320 5100 3484 5154; x_wconf 80' lang='grc' dir='ltr'>φησιν</span> <span class='ocrx_word' id='word_1_855' title='bbox 3515 5084 3544 5135; x_wconf 80' lang='grc' dir='ltr'>ὁ</span> <span class='ocrx_word' id='word_1_856' title='bbox 3602 5084 3772 5137; x_wconf 61' lang='grc' dir='ltr'><strong>Ἄπι.</strong></span> 
     </span>
    </p>
   </div>
   <div class='ocr_carea' id='block_1_115' title="bbox 2182 5172 3772 5245">
    <p class='ocr_par' dir='ltr' id='par_1_115' title="bbox 2182 5172 3772 5245">
     <span class='ocr_line' id='line_1_115' title="bbox 2182 5172 3772 5245; baseline -0.004 -10"><span class='ocrx_word' id='word_1_857' title='bbox 2182 5182 2388 5244; x_wconf 87' lang='grc' dir='ltr'>στολος,</span> <span class='ocrx_word' id='word_1_858' title='bbox 2428 5177 2529 5232; x_wconf 77' lang='grc' dir='ltr'>κᾶν</span> <span class='ocrx_word' id='word_1_859' title='bbox 2570 5177 2650 5239; x_wconf 78' lang='grc' dir='ltr'><strong>είς</strong></span> <span class='ocrx_word' id='word_1_860' title='bbox 2698 5173 2790 5227; x_wconf 83' lang='grc' dir='ltr'>τὸν</span> <span class='ocrx_word' id='word_1_861' title='bbox 2820 5172 3028 5245; x_wconf 84' lang='grc' dir='ltr'>κόσμον.</span> <span class='ocrx_word' id='word_1_862' title='bbox 3072 5173 3190 5245; x_wconf 85' lang='grc' dir='ltr'>ῐδῃς</span> <span class='ocrx_word' id='word_1_863' title='bbox 3235 5174 3374 5239; x_wconf 85' lang='grc' dir='ltr'>δλον,</span> <span class='ocrx_word' id='word_1_864' title='bbox 3423 5174 3526 5228; x_wconf 74' lang='grc' dir='ltr'><strong>κᾶν</strong></span> <span class='ocrx_word' id='word_1_865' title='bbox 3563 5178 3654 5239; x_wconf 78' lang='grc' dir='ltr'><strong>εἰς</strong></span> <span class='ocrx_word' id='word_1_866' title='bbox 3699 5175 3772 5228; x_wconf 81' lang='grc' dir='ltr'><strong>τά</strong></span> 
     </span>
    </p>
   </div>
   <div class='ocr_carea' id='block_1_116' title="bbox 2184 5264 3769 5345">
    <p class='ocr_par' dir='ltr' id='par_1_116' title="bbox 2184 5264 3769 5345">
     <span class='ocr_line' id='line_1_116' title="bbox 2184 5264 3769 5345; baseline -0.004 -18"><span class='ocrx_word' id='word_1_867' title='bbox 2184 5273 2323 5345; x_wconf 86' lang='grc' dir='ltr'>μέρη</span> <span class='ocrx_word' id='word_1_868' title='bbox 2369 5269 2462 5324; x_wconf 86' lang='grc' dir='ltr'><strong>τοῦ</strong></span> <span class='ocrx_word' id='word_1_869' title='bbox 2494 5268 2696 5337; x_wconf 87' lang='grc' dir='ltr'>κόσμου</span> <span class='ocrx_word' id='word_1_870' title='bbox 2726 5264 2795 5319; x_wconf 81' lang='grc' dir='ltr'><strong>τά</strong></span> <span class='ocrx_word' id='word_1_871' title='bbox 2842 5265 3265 5337; x_wconf 80' lang='grc' dir='ltr'>συμπληροῦντα</span> <span class='ocrx_word' id='word_1_872' title='bbox 3301 5267 3363 5319; x_wconf 77' lang='grc' dir='ltr'>τὸ</span> <span class='ocrx_word' id='word_1_873' title='bbox 3399 5267 3536 5331; x_wconf 86' lang='grc' dir='ltr'>ὅλον,</span> <span class='ocrx_word' id='word_1_874' title='bbox 3573 5268 3769 5321; x_wconf 83' lang='grc' dir='ltr'>πάντα</span> 
     </span>
    </p>
   </div>
   <div class='ocr_carea' id='block_1_117' title="bbox 2180 5356 3765 5429">
    <p class='ocr_par' dir='ltr' id='par_1_117' title="bbox 2180 5356 3765 5429">
     <span class='ocr_line' id='line_1_117' title="bbox 2180 5356 3765 5429; baseline -0.004 -11"><span class='ocrx_word' id='word_1_875' title='bbox 2180 5364 2348 5419; x_wconf 89' lang='grc' dir='ltr'>ταῦτα</span> <span class='ocrx_word' id='word_1_876' title='bbox 2374 5360 2467 5415; x_wconf 90' lang='grc' dir='ltr'><strong>τοῦ</strong></span> <span class='ocrx_word' id='word_1_877' title='bbox 2507 5357 2721 5429; x_wconf 82' lang='grc' dir='ltr'>Πατρός</span> <span class='ocrx_word' id='word_1_878' title='bbox 2763 5356 2911 5410; x_wconf 77' lang='grc' dir='ltr'>ἐστιν</span> <span class='ocrx_word' id='word_1_879' title='bbox 2953 5356 3106 5429; x_wconf 76' lang='grc' dir='ltr'>ἔργα,</span> <span class='ocrx_word' id='word_1_880' title='bbox 3140 5358 3241 5426; x_wconf 77' lang='grc' dir='ltr'>τῆς</span> <span class='ocrx_word' id='word_1_881' title='bbox 3282 5357 3558 5429; x_wconf 85' lang='grc' dir='ltr'>δυνάμεως</span> <span class='ocrx_word' id='word_1_882' title='bbox 3585 5358 3765 5412; x_wconf 83' lang='grc' dir='ltr'>αὑτοῦ</span> 
     </span>
    </p>
   </div>
   <div class='ocr_carea' id='block_1_118' title="bbox 2180 5447 3767 5529">
    <p class='ocr_par' dir='ltr' id='par_1_118' title="bbox 2180 5447 3767 5529">
     <span class='ocr_line' id='line_1_118' title="bbox 2180 5447 3767 5529; baseline -0.004 -18"><span class='ocrx_word' id='word_1_883' title='bbox 2180 5455 2318 5529; x_wconf 75' lang='grc' dir='ltr'>ἔργα</span> <span class='ocrx_word' id='word_1_884' title='bbox 2349 5451 2632 5524; x_wconf 85' lang='grc' dir='ltr'>γενόμενα,</span> <span class='ocrx_word' id='word_1_885' title='bbox 2662 5448 2757 5503; x_wconf 76' lang='grc' dir='ltr'><strong>καὶ</strong></span> <span class='ocrx_word' id='word_1_886' title='bbox 2795 5447 2968 5514; x_wconf 76' lang='grc' dir='ltr'>οὕτως</span> <span class='ocrx_word' id='word_1_887' title='bbox 2992 5448 3247 5521; x_wconf 78' lang='grc' dir='ltr'>ἀληθεύει</span> <span class='ocrx_word' id='word_1_888' title='bbox 3275 5449 3343 5505; x_wconf 81' lang='grc' dir='ltr'><strong>δι’</strong></span> <span class='ocrx_word' id='word_1_889' title='bbox 3372 5450 3700 5526; x_wconf 66' lang='grc' dir='ltr'>ἀμφοτέρων</span> <span class='ocrx_word' id='word_1_890' title='bbox 3734 5452 3767 5505; x_wconf 86' lang='lat'><strong>6</strong></span> 
     </span>
    </p>
   </div>
  </div>
