3992 6210
279 325 390 386 ’125

1347 405 1359 414 η
1413 333 1693 390 CONTRA
1731 335 2118 408 EUNOMIUM,
2157 339 2282 395 LIB.
2320 337 2407 392 Vl.

3428 336 3533 392 7'36

279 447 472 516 λόγος’
523 447 618 501 καὶ
671 447 845 501 πάντα
876 447 966 502 τὸν
1008 450 1229 522 Πατέρα
1281 451 1605 521 ἐργάζεσθαι
1649 453 1849 522 λέγων·

1963 455 2341 526 Εωηεεειίοοιη
2376 455 2680 510 doctrinam
2708 454 3002 519 revelatur,
3036 451 3179 508 sicut
3203 452 3280 506 ait
3311 451 3543 523 Aposto-

280 541 372 594 καὶ
397 541 571 612 χωρὶς
597 541 691 595 τοῦ
721 542 852 596 Υίοῦ
879 543 1122 611 γίνεσθαι
1153 546 1260 598 τῶν
1288 545 1456 599 ὄντων
1480 547 1632 600 οὐδέν
1651 565 1662 578 ·
1699 549 1730 618 ἡ
1753 548 1860 620 γὰρ

279 633 381 704 τῆς
420 633 707 704 δυνάμεως
743 635 1010 707 ἐνέργεια,
1039 639 1120 700 είς
1149 637 1241 690 τὸν
1267 633 1328 692 οὗ
1367 639 1514 692 ἐστιν
1555 641 1587 708 ἡ
1633 640 1861 711 δύναμις

277 725 373 794 τὴν
398 725 678 796 ἀναφορὰν
706 726 840 797 ἔχει.
888 727 1040 782 Ἐπεὶ
1075 725 1168 782 οῦν
1195 729 1423 801 δύναμις
1465 731 1560 784 τοῦ
1591 733 1803 803 Πατρὸς
1833 735 1862 787 ὁ

281 815 444 879 Υίός·
500 817 679 871 πάντα
719 819 786 872 τὰ
834 818 969 890 ἔργα
1016 819 1110 873 τοῦ
1141 821 1291 886 Υίοῦ,
1333 821 1429 876 τοῦ
1473 823 1682 895 Πατρός
1714 825 1860 878 ἐστιν

278 906 435 977 ἔργα.
480 907 603 961 Ὀτι
630 907 737 979 γὰρ
764 910 884 980 οὐχὶ
914 910 1129 979 φύσεως
1159 913 1431 984 ἀσθενείᾳ,
1463 914 1599 985 πρὸς
1642 914 1738 987 τὴν
1765 916 1858 970 τοῦ

277 997 487 1061 πάθους
513 999 842 1069 οἰκονομίαν,
877 1000 992 1054 ἀλλ’
1023 1001 1242 1074 ἐξουσία
1275 1001 1579 1076 Θελήματος
1614 1004 1856 1076 ἔρχεται,

277 1089 482 1161 μυρίας
512 1091 657 1143 ἐστιν
690 1093 756 1144 ἐκ
774 1091 864 1144 τοῦ
900 1093 1232 1162 Εὑαγγελίου
1278 1095 1620 1166 παραθέσθαι
1649 1095 1855 1164 φωνὰς,

273 1183 340 1246 ἃς
367 1184 630 1251 σιωπήσω
655 1183 743 1237 διὰ
771 1185 832 1238 τὸ
864 1185 1149 1257 πρόδηλον,
1175 1188 1251 1251 ῶς
1296 1187 1362 1242 ἂν
1397 1187 1471 1259 μὴ
1515 1190 1629 1251 τοῖς
1669 1187 1853 1256 ὁμολο-

274 1275 561 1344 γουμένοις
611 1275 979 1346 ἐνδιατρίϐων,
1025 1279 1055 1331 ὁ
1103 1277 1261 1346 λόγος
1293 1279 1604 1350 μηκύνοιτο.
1663 1280 1725 1332 Εἰ
1759 1280 1856 1349 μὲν

275 1363 372 1419 οὖν
416 1366 584 1419 κακὸν
625 1369 686 1421 τὸ
715 1369 1018 1438 γινόμενον,
1046 1370 1106 1424 οὑ
1134 1370 1226 1423 τὸν
1260 1371 1476 1442 Πατέρα
1515 1371 1693 1440 μόνον,
1721 1370 1855 1425 ἀλλά

273 1457 487 1510 καὶτὸν
548 1457 678 1512 Υίὸν
706 1457 798 1510 τοῦ
843 1457 1013 1513 κακοῦ
1044 1461 1359 1530 χωριστέον.
1395 1462 1456 1514 Ei
1485 1462 1541 1515 δὲ
1585 1461 1785 1529 ἀγαθὸν
1820 1463 1852 1530 ἠ

272 1550 519 1618 σωτηρία
548 1550 656 1604 τῶν
684 1550 1155 1617 ἀπολωλότων,καὶ
1180 1552 1240 1604 οὑ
1273 1551 1440 1616 πάθος
1459 1593 1474 1616 ,
1505 1552 1636 1606 ἀλλὰ
1668 1552 1854 1622 φιλαν-

269 1641 490 1711 θρωπία
541 1642 604 1694 τὸ
657 1642 1020 1714 γεγενημένον
1083 1643 1233 1696 ἐστί’
1290 1645 1344 1697 τί
1394 1644 1694 1716 ἀλλοτριοῖς
1762 1645 1853 1698 τὸν

267 1733 492 1803 Πατέρα
519 1733 616 1803 τῆς
648 1734 740 1786 ἐπὶ
767 1737 834 1806 τῇ
867 1733 1111 1805 σωτηρίᾳ
1153 1733 1310 1804 ὴμῶν
1337 1735 1722 1806 εὐχαριστίας,
1763 1735 1852 1788 τὸν

265 1824 356 1877 διὰ
383 1826 486 1896 τῆς
519 1825 652 1889 ίδίας
679 1823 982 1898 δυνάμεως,
1019 1828 1142 1899 ἥτις
1189 1829 1336 1882 ἐστὶν
1374 1830 1402 1881 ὁ
1450 1828 1705 1900 Χριστὸς,
1745 1830 1843 1901 τὴν
1884 1806 1926 1861 Β

266 1917 331 1969 ἐκ
357 1916 452 1970 τοῦ
496 1917 725 1972 θανάτου
760 1919 1070 1989 ἐλευθερίαν
1095 1922 1207 1984 τοῖς
1232 1920 1538 1991 ἀνθρώποις
1578 1939 1849 1993 κατεργα-

267 2007 544 2076 σάμενονς
597 2010 734 2063 Ἀλλ’
788 2011 1069 2065 ἐπανιτέον
1128 2011 1290 2065 πάλιν
1337 2012 1431 2066 ἐπὶ
1478 2013 1570 2067 τὸν
1621 2014 1848 2084 σφοδρὸν

263 2097 630 2170 λογογράφον,
681 2103 776 2155 καὶ
818 2102 918 2174 τὴν
968 2103 1215 2158 σύντονον
1262 2104 1478 2176 ἐκείνην
1527 2105 1646 2159 καθ’
1691 2106 1846 2178 ἡμῶν

264 2191 558 2260 ῥητορείαν
601 2192 936 2263 ἀναληπτέον
967 2195 1118 2264 ἡμῖν.
1157 2194 1407 2247 Δίτιᾶται
1450 2193 1512 2247 τὺ
1563 2193 1636 2265 μὴ
1666 2194 1845 2263 λέγειν

261 2283 594 2352 πεποιῆσθαι
636 2283 727 2337 τοῦ
759 2284 888 2338 Υίοῦ
915 2286 1012 2356 τὴν
1039 2285 1228 2338 οὐσίαν
1258 2286 1422 2356 ἡμᾶς,
1451 2283 1528 2348 ὡς
1565 2285 1841 2340 ἐναντιου-

264 2372 464 2442 μέιους
489 2376 552 2444 τῇ
580 2377 728 2446 φωνῇ
761 2376 989 2454 Πέτρου,
1015 2377 1234 2444 Κύριον
1259 2375 1446 2429 αὐτὸν
1463 2375 1561 2430 καὶ
1586 2377 1844 2445 Χριστὸν

257 2463 542 2530 ἐποίησε,
572 2466 786 2520 τοῦτον
822 2469 931 2521 τὸν
975 2467 1210 2535 Ἰησοῦν
1237 2465 1310 2521 ὃν
1345 2467 1514 2537 ὑμεῖς
1546 2469 1843 2538 ἐσταυρώ-

253 2573 436 2610 σατε.
479 2559 586 2611 Καὶ
623 2559 790 2622 πολύς
820 2561 968 2613 ἐστιν
1011 2559 1333 2629 ἀγανακτῶν
1361 2562 1455 2614 ἐπὶ
1491 2561 1703 2625 τούτοις
1743 2564 1840 2616 καὶ

253 2649 690 2720 λοιδορούμενος,
748 2651 844 2704 καὶ
884 2651 1284 2718 κατασκευάζει
1331 2652 1398 2705 δι’
1444 2645 1518 2707 ὧν
1547 2654 1714 2708 οῖεται
1757 2657 1838 2713 δι-

251 2738 510 2808 ελέγχειν
539 2739 632 2792 τὸν
663 2741 930 2812 ἡμέτερον
958 2741 1134 2811 λόγον.

1963 549 2047 604 lus
2079 549 2145 613 ’°,
2186 547 2302 603 sive
2345 555 2517 602 totum
2567 548 2826 601 mundum
2870 545 3154 615 inspicias.
3197 545 3313 599 sive
3357 553 3540 614 partes

1961 641 2148 696 mundi
2177 655 2299 710 quae
2327 647 2498 695 totum
2533 640 2826 710 complent,
2861 639 2973 692 haec
2999 636 3181 690 omnia
3204 645 3331 692 sunt
3361 636 3541 694 Patris

1960 747 2147 802 opera,
2179 733 2438 804 potentia:
2465 731 2636 804 ipsius
2674 746 2839 802 opera
2886 730 3051 795 facta,
3089 730 3280 799 sicque
3311 731 3377 785 de
3407 746 3540 784 ant-

1959 823 2134 878 bobus
2183 837 2308 878 vere
2355 822 2489 877 dicit
2537 835 2738 885 sermo,
2793 821 2921 876 dum
2969 820 3046 872 ait
3090 819 3306 873 Patrem
3354 821 3536 872 omnia

1959 913 2202 982 operari,
2243 921 2298 968 et
2326 913 2446 969 sine
2490 912 2626 967 Filio
2654 911 2789 967 nihil
2830 925 3019 966 eorum
3061 926 3183 980 quze
3213 917 3340 963 sunt
3385 909 3535 964 fieri:

1960 1004 2210 1074 potentia
2259 1006 2405 1060 enim
2439 1003 2732 1060 eﬂicacitas
2806 1001 2873 1056 ad
2927 1017 3052 1057 eum
3107 1001 3266 1069 cujus
3313 1009 3397 1056 est
3444 1017 3540 1072 po-

1959 1097 2128 1150 tentia
2176 1096 2496 1152 relationem
2561 1096 2744 1150 habet.
2807 1093 3077 1160 Quoniam
3137 1094 3300 1163 igitur
3359 1092 3537 1146 Patris

1957 1185 2202 1255 potentia
2233 1184 2404 1241 Filius
2439 1193 2545 1250 est,
2589 1184 2771 1239 omnia
2812 1198 2976 1252 Opera
3020 1179 3140 1235 Filii
3187 1188 3312 1235 sunt
3355 1178 3534 1233 Patris

1955 1293 2141 1347 Opera.
2174 1275 2332 1342 Quod
2357 1277 2502 1332 enim
2539 1290 2645 1329 non
2698 1282 2905 1328 natura:
2941 1271 3256 1326 infirmitate
3299 1271 3365 1324 ad
3412 1286 3535 1339 pas-

1957 1370 2130 1426 sionis
2183 1349 2676 1438 dispensationem,
2743 1364 2838 1421 sed
2904 1371 3174 1435 potestate
3237 1364 3532 1418 voluntatis

1957 1460 2126 1526 venit,
2156 1461 2400 1514 infinitas
2431 1473 2595 1514 voces
2622 1474 2688 1513 ex
2722 1456 3013 1526 Evangelio
3045 1453 3289 1524 proferre
3321 1453 3531 1514 liceret,

1954 1570 2092 1624 quas
2131 1553 2399 1616 omittam,
2454 1553 2582 1622 quia
2621 1547 2722 1604 hoc
2771 1549 2907 1604 satis
2940 1546 3287 1618 perspicuum
3333 1551 3535 1612 est,ne.

1957 1647 2008 1699 in
2043 1645 2223 1700 .certis
2270 1652 2325 1700 et
2375 1643 2646 1699 confessis
2700 1643 3020 1704 immorans,
3081 1653 3262 1694 sermo
3317 1636 3533 1706 longius

1955 1739 2328 1809 protrahatur.
2353 1737 2510 1804 Quod
2539 1737 2586 1792 si
2617 1736 2820 1790 malum
2848 1743 2931 1790 est
2957 1733 3008 1788 id
3027 1732 3170 1802 quod
3192 1730 3393 1786 factum
3423 1737 3530 1791 est,

1958 1850 2066 1890 non
2107 1833 2281 1888 solum
2329 1829 2566 1894 Patrem,
2608 1827 2702 1884 sed
2744 1827 2907 1882 etiam
2940 1824 3136 1878 Filium
3184 1837 3214 1876 a
3254 1823 3396 1877 malo
3443 1836 3532 1875 se-

1959 1939 2153 1995 parare
2178 1929 2414 1992 oportet.
2447 1919 2504 1974 Si
2541 1929 2720 1974 autem
2759 1918 2961 1974 bonum
2999 1929 3190 1970 eorum
3223 1914 3317 1982 qui
3357 1914 3533 1982 peric-

1955 2024 2081 2070 runt
2129 2015 2315 2080 salus,
2365 2028 2474 2069 non
2516 2011 2736 2082 passio,
2790 2008 2885 2066 sed
2936 2007 2991 2063 in
3029 2006 3308 2062 hominum
3357 2020 3531 2076 genus

1950 2121 2105 2161 amor
2137 2116 2190 2161 et
2219 2103 2594 2162 benevolentia
2623 2099 2767 2172 quod
2797 2098 3000 2154 factum
3030 2106 3150 2152 est:
3181 2110 3281 2151 cur
3311 2093 3529 2149 Patrem

1949 2216 1981 2255 a
2010 2199 2309 2270 gratiarum
2345 2197 2563 2252 actione
2599 2194 2671 2250 ob
2719 2192 2952 2249 salutem
3001 2195 3246 2245 nostram
3282 2185 3528 2249 alienas,

1948 2289 2041 2359 qui
2101 2303 2198 2358 per
2252 2285 2533 2356 propriam
2599 2281 2934 2353 potentiam,
2988 2291 3110 2348 qua:
3168 2275 3389 2346 quidem
3444 2283 3529 2329 est

1946 2379 2221 2457 Christus,
2257 2377 2560 2432 libertatem
2605 2387 2636 2427 a
2684 2379 2860 2428 morte
2913 2368 3230 2426 hominibus
3271 2379 3528 2438 cperatus

1945 2471 2072 2527 est?
2099 2468 2206 2526 Sed
2228 2468 2295 2522 ad
2326 2467 2696 2524 vehementem
2730 2461 3040 2520 orationum
3074 2460 3403 2532 scriptorem
3448 2474 3530 2513 re-

1944 2562 2220 2620 deundum
2246 2567 2351 2627 est,
2381 2568 2436 2616 et
2461 2556 2731 2614 concitata
2757 2555 2846 2610 illa
2871 2562 3064 2609 contra
3093 2568 3196 2609 nos
3213 2549 3527 2622 eloquentia

1943 2655 2271 2713 resumenda
2309 2652 2471 2709 nobis
2503 2657 2608 2707 est.
2641 2650 2880 2704 Accusat
2908 2661 3029 2711 nos,
3054 2652 3342 2716 pr0pterea
3379 2642 3526 2712 quod

1945 2762 2056 2803 non
2090 2745 2339 2800 dicamus
2374 2741 2670 2800 essentiam
2717 2735 2842 2793 Filii
2874 2736 3072 2792 factam
3116 2749 3261 2802 esse,
3296 2741 3356 2789 ut
3381 2731 3524 2788 Petri

255 2830 390 2883 voci
419 2829 770 2886 adversantes
794 2833 1051 2895 dicentis,
1076 2833 1363 2889 Dominum
1387 2835 1559 2904 ipsum
1576 2846 1626 2891 et
1648 2834 1916 2892 Christum
1939 2839 2084 2909 fecit,
2102 2838 2240 2891 Itum:
2259 2835 2442 2890 Iesum
2458 2850 2608 2906 quem
2625 2847 2714 2888 vos
2729 2829 3092 2899 cruciﬁxistis.
3115 2827 3422 2896 “ultusque
3442 2838 3529 2885 est

251 2923 335 2977 ob
363 2921 478 2976 lucc
507 2923 728 2994 indigne
759 2923 963 2990 ferens,
984 2937 1038 2981 et
1054 2926 1318 2982 conviciis
1334 2928 1716 2997 proscindens,
1741 2940 1796 2986 et
1822 2930 2094 2987 construit
2116 2944 2178 2984 ea
2197 2929 2400 3000 quibus
2420 2932 2575 2998 putat
2590 2939 2649 2980 se
2669 2931 2918 2979 nostrum
2939 2934 3245 2977 sermonem
3265 2917 3524 2972 refutare.

335 3016 570 3086 Ἴδωμεν
616 3017 790 3071 τοίνυν
821 3017 928 3072 τῶν
955 3021 1398 3092 ἐπιχειρημάτων
1424 3023 1524 3093 τὴν
1572 3022 1799 3095 δύναμιν
1819 3040 1834 3055 ο

2013 3023 2309 3080 Videamus
2341 3023 2510 3093 igitur
2535 3019 2642 3074 vim
2673 3022 3116 3090 argumentorum
3142 3032 3154 3067 :
3184 3011 3408 3085 Ecquid,
3441 3013 3527 3067 in-

253 3107 377 3162 Κιιὶ
431 3108 542 3172 τίς,
588 3107 784 3180 φησὶν,
834 3105 882 3164 ὦ
925 3109 1167 3163 πάντων
1209 3109 1378 3180 ὑμεῖς
1422 3113 1844 3182 ῥᾳθυμότατοι,

252 3201 507 3269 μορφὴν
538 3202 697 3271 ἔχων
727 3203 972 3269 δούλου,
996 3203 1241 3274 μορφὴν
1275 3205 1680 3273 ἀναλαμϐάνει
1708 3207 1845 3262 ϐοὐ-

257 3298 414 3357 .ιου;
451 3293 638 3358 Οὐδεὶς
666 3295 774 3347 τῶν
806 3295 930 3349 νοῦν
960 3296 1210 3366 ἐχόντων,
1256 3295 1394 3366 πρὸς
1420 3296 1583 3350 αὑτὸν
1611 3297 1844 3370 ἐροῦμεν

252 3387 448 3454 ἡμεῖς,
479 3385 538 3438 τὸ
565 3387 803 3441 τοιοῦτον
830 3387 895 3442 ἂν
921 3388 1064 3442 εῖποι
1085 3427 1100 3452 ,
1138 3388 1276 3461 πλὴν
1303 3390 1354 3442 εί
1404 3389 1477 3459 μή
1525 3407 1670 3454 τινες
1711 3392 1848 3446 καο-

253 3478 387 3528 ολου
403 3477 502 3547 τῆς
523 3477 735 3542 ἐλπίδος
760 3478 870 3532 τῶν
893 3479 1231 3550 Χριστιανῶν
1247 3481 1656 3556 ἠλλοτρίωνται.
1685 3476 1844 3537 Οὗτοι

256 3568 316 3620 δέ
347 3569 472 3620 ἐστε
499 3568 656 3638 ὑμεῖς
698 3570 748 3623 ot
777 3569 1130 3638 ἐγκαλοῦντες
1160 3573 1297 3644 ρᾳθυ
1308 3575 1433 3645 μίαν
1461 3577 1614 3647 ἡμῖν,
1643 3575 1726 3628 ὃτι
1767 3575 1842 3646 μὴ

256 3657 486 3710 κτιστὺν
501 3659 589 3710 τὸν
605 3660 827 3730 κτίστην
843 3661 1266 3732 καταδεχόμεθα.
1288 3667 1351 3720 Ei
1366 3667 1476 3739 γὰρ
1495 3668 1570 3738 μὴ
1587 3665 1841 3736 ψεύδεται

252 3748 356 3801 διὰ
389 3749 485 3802 τοῦ
529 3753 805 3821 προφήτου
831 3752 1004 3822 λέγων
1029 3755 1091 3807 τὸ
1120 3754 1341 3828 Πνεῦμα
1361 3759 1422 3811 τὸ
1452 3759 1624 3828 ἅγιον,
1655 3759 1736 3812 ὅτι
1763 3759 1845 3812 Τὰ

257 3839 561 3902 σύμπαντα
597 3838 758 3894 δοῦλα
805 3841 893 3906 τὰ,
943 3842 1034 3896 καὶ
1082 3845 1228 3898 πᾶσα
1276 3847 1309 3916 ἡ
1357 3847 1530 3912 κτίσις
1582 3847 1842 3910 δουλεύει.

258 3931 484 3994 κτιστδς
502 3929 558 3984 δέ
579 3930 700 3984 καθ’
723 3932 867 4002 ὑμᾶς
897 3932 926 3984 ὁ
965 3933 1086 3998 Υἱὸς
1104 3973 1120 3998 ,
1167 3935 1456 4004 ὀμόδουλός
1483 3939 1598 3992 ἐστι
1627 3937 1846 4002 πάντως

256 4023 379 4082 τοῖς
426 4019 696 4089 σύμπασι,
741 4020 821 4092 τῷ
866 4027 1139 4078 κοινωνεῖν
1186 4026 1284 4097 τῆς
1339 4026 1604 4091 κτίσεως,
1657 4029 1736 4091 εἰς
1787 4028 1847 4082 τὸ

257 4111 544 4161 κοινωνεῖν
576 4111 668 4163 καὶ
694 4110 792 4181 τῆς
819 4111 1063 4174 δουλείας
1091 4114 1613 4185 συγκαθελκόμενος.
1660 4115 1750 4186 Τῷ
1787 4115 1847 4169 δὲ

255 4197 573 4254 δουλεύοντι
621 4200 837 4266 πάντως
868 4202 1026 4272 ὑμεῖς
1063 4203 1157 4256 καὶ⁵
1191 4204 1289 4276 τὴν
1328 4205 1578 4278 δουλικὴν
1631 4207 1847 4279 μοριρὴν

257 4291 615 4362 περιθήσετε.
645 4292 719 4345 Οὑ
746 4295 854 4365 γὰρ
883 4294 964 4348 δεῖ
1005 4295 1188 4350 δοῦλον
1212 4297 1606 4367 ὁμολογοῦντας
1638 4301 1704 4370 τῇ
1745 4298 1846 4367 φύ-

1945 3117 2082 3185 quit,
2117 3133 2148 3170 ο
2193 3112 2502 3170 inertissimi
2547 3111 2784 3166 omnium
2804 3109 2826 3164 .'
2875 3109 3016 3164 servi
3054 3106 3284 3177 formam
3326 3103 3522 3159 habens

1944 3205 2174 3274 {armant
2208 3203 2343 3258 servi
2381 3200 2613 3270 accipit?
2636 3199 2746 3256 Nos
2768 3199 2818 3254 ei
2843 3195 3313 3268 respondebimus.
3333 3189 3525 3249 Nullus

1944 3312 2135 3355 eorum
2190 3297 2284 3367 qui
2329 3306 2511 3350 mente
2555 3299 2685 3349 sunt
2717 3290 2931 3362 prmditi
2978 3288 3087 3344 tale
3132 3285 3262 3357 quid
3302 3284 3522 3346 dixerit.

1944 3389 2053 3444 nisi
2099 3403 2290 3444 eorum
2339 3386 2535 3457 aliqui,
2582 3386 2676 3456 qui
2726 3383 2954 3440 omnino
3002 3396 3033 3436 a
3083 3377 3523 3436 Christianorum

1946 3495 2044 3551 spe
2071 3479 2292 3535 alienati
2316 3477 2543 3533 fuerint.
2573 3475 2680 3533 Sed
2709 3491 2805 3532 vos
2836 3475 2926 3530 isti
2963 3472 3098 3529 estis
3130 3471 3224 3543 qui
3251 3485 3355 3525 nos
3376 3468 3525 3522 iner-

1943 3573 2035 3626 tia:
2066 3578 2120 3627 et
2149 3571 2395 3641 stuporis
2439 3568 2738 3632 accusatis,
2795 3565 2888 3636 qui
2926 3571 3170 3620 creatum
3209 3559 3522 3617 Creatorem

1943 3680 2054 3721 non
2104 3664 2467 3718 admittimus.
2518 3659 2576 3715 Si
2613 3661 2759 3716 enim
2799 3673 2908 3713 non
2961 3656 3221 3712 mentitur
3271 3653 3366 3722 qui
3429 3665 3526 3721 per

1943 3756 2263 3826 prophetam
2315 3753 2448 3808 dicit
2498 3751 2738 3822 Spiritus
2775 3755 3048 3805 sanctus:
3103 3743 3252 3815 quod
3303 3741 3518 3796 Cuncta

1941 3844 2207 3904 serviunt,
2241 3849 2295 3896 ct
2324 3840 2505 3896 omnis
2530 3847 2780 3895 creatura
2815 3837 3023 3904 servit;
3067 3840 3287 3890 creatus
3333 3842 3516 3886 autem

1944 3933 2244 3990 secundum
2291 3947 2390 3988 vos
2441 3930 2632 3994 Filius,
2687 3942 2989 3985 conservus
3032 3924 3248 3996 penitus
3281 3930 3366 3978 est
3395 3936 3520 3976 cum

1944 4028 2234 4088 universis,
2271 4025 2399 4096 quia
2453 4038 2580 4079 cum
2627 4031 2881 4079 creatura
2911 4017 3300 4082 communicat,
3347 4023 3400 4072 et
3451 4013 3518 4068 ad

1943 4119 2223 4177 servitutis
2251 4116 2691 4174 communionem
2736 4112 2896 4168 simul
2935 4110 3191 4180 adigitur.
3226 4107 3292 4162 Ei
3338 4112 3519 4161 autem

1942 4211 2035 4280 qui
2076 4208 2244 4264 servit
2276 4221 2502 4276 prorsus
2527 4219 2627 4259 vos
2655 4201 2906 4258 servilem
2939 4200 3170 4254 formam
3207 4199 3522 4266 circumpo—

1945 4301 2097 4356 nitis.
2133 4298 2252 4354 Non
2279 4297 2425 4352 enim
2454 4295 2568 4366 jam
2597 4307 2817 4350 servum
2850 4300 3050 4347 natura
3077 4289 3423 4351 conﬁtentes,
3451 4287 3523 4343 ob

259 4402 352 4437 σει
399 4384 479 4454 τῷ
529 4387 856 4458 προσωπείῳ
885 4387 984 4459 τῆς
1013 4388 1255 4452 δουλείας
1297 4390 1842 4460 ἐπαισχυνθήσεσθαι.

1950 4389 2231 4447 servitutis
2268 4401 2555 4458 personam
2585 4386 2908 4442 erubescere
2957 4398 3055 4440 vos
3102 4389 3339 4455 oportet.
3386 4379 3522 4447 Quis

260 4477 362 4538 τίς
395 4471 514 4540 οὖν,
560 4469 604 4529 ὦ
645 4477 964 4548 δριμύτατοι
1009 4479 1272 4551 ῥητόρων,
1303 4481 1334 4534 ὁ
1381 4482 1444 4534 ἐκ
1471 4482 1569 4553 τῆς
1596 4481 1848 4552 Boviani:

265 4566 490 4637 μορφῆς
517 4566 608 4619 τὸν
635 4567 764 4621 Υίδν
793 4570 872 4632 είς
916 4569 1083 4640 ἀλλην
1107 4569 1292 4623 δούλου
1317 4571 1695 4641 μεταϐιϐάζων
1725 4588 1850 4642 μορ-

265 4660 400 4727 φὴν,
432 4660 464 4711 ὁ
503 4659 564 4711 τὸ
604 4659 858 4714 ἀκτιστον
899 4661 1048 4733 αὑτῷ
1096 4663 1556 4734 προσμαρτυρῶν,
1599 4659 1644 4732 ᾧ
1669 4663 1763 4716 καὶ
1787 4663 1850 4716 τδ

268 4748 351 4819 μὴ
393 4749 669 4804 δουλεύειν
717 4751 1232 4819 συναποδείκνυταις
1277 4754 1347 4806 Ἢ
1380 4753 1581 4824 μᾶλλον
1618 4754 1669 4808 οι
1699 4754 1850 4826 διαρ-

267 4840 444 4910 ρήδην
489 4840 720 4910 βοῶντες
765 4842 925 4913 ὑμεῖς
972 4842 1156 4896 δοῦλον
1198 4839 1336 4897 εἶναι
1373 4842 1468 4897 τοῦ
1515 4843 1726 4915 Πατρὸς
1759 4845 1850 4898 τὸν

267 4933 422 4998 Υἰὸν,
458 4934 551 4987 καὶ
578 4934 682 5005 πρὸ
710 4935 810 5006 τῆς
838 4934 931 4988 τοῦ
963 4934 1149 4989 δούλου
1192 4935 1406 5006 μορφῆς
1436 4936 1530 4989 καὶ
1555 4935 1645 4990 ὑπ’
1684 4935 1848 4990 αὑτοῦ

267 5023 658 5096 κυριεύεσθαις
707 5029 785 5081 οὐ
814 5027 1006 5098 δέομαι
1047 5027 1316 5082 δικαστῶν
1355 5029 1577 5098 ἐτέρων,
1622 5028 1706 5082 col.
1751 5028 1851 5100 τὴν

267 5121 404 5188 περὶ
426 5117 632 5172 τούτων
653 5119 932 5192 ἐπιτρέπω
955 5119 1153 5189 ψῆφον.
1187 5115 1354 5190 Οἶμαι
1380 5117 1486 5189 γὰρ
1515 5119 1591 5190 μὴ
1622 5119 1688 5173 ἂν
1709 5119 1851 5173 οὕτω

269 5211 411 5281 πρὶς
455 5209 553 5281 τὴν
592 5209 854 5281 ἀλήθειαν
897 5210 1130 5274 ἀναιδῶς
1167 5227 1316 5274 τινας
1363 5210 1526 5282 ἐχειν,
1561 5209 1700 5263 ὥστε
1739 5213 1852 5274 τοῖς

267 5300 725 5369 ὁμολογουμένοις
765 5301 833 5354 δι’
857 5301 1234 5373 ἀναισχυντίας
1264 5302 1596 5356 ἐνίστασθαι.
1641 5302 1849 5373 Πρόδη-

271 5390 365 5442 λον
431 5391 544 5461 γὰρ
609 5391 769 5444 παντὶ
819 5392 879 5445 τὸ
939 5391 1228 5462 λεγόμενον
1253 5433 1269 5457 ,
1321 5392 1404 5445 ὅτι
1454 5391 1514 5445 τὸ
1555 5391 1740 5446 δοῦλον
1783 5395 1849 5464 τῇ

274 5481 459 5549 φύσει,
494 5483 608 5544 τοις
660 5481 909 5552 ίδιὼμασι
946 5482 1045 5553 τῆς
1083 5481 1323 5546 δουλείας
1365 5481 1848 5554 χαρακτηρίζεταιο

276 5575 408 5627 Ειον
443 5574 553 5646 γὰρ
603 5572 844 5638 δουλείας
888 5576 921 5645 ἠ
962 5575 1158 5639 κτίσις.
1217 5575 1275 5626 'U
1321 5571 1414 5628 οὖν
1458 5574 1642 5628 δοῦλον
1692 5574 1852 5627 αὑτὸν

276 5667 408 5720 (οντα
478 5665 576 5736 τὴν
635 5667 910 5739 ἡμετέραν
977 5668 1148 5738 λέγων
1201 5667 1586 5738 ὑπεληλυθέναι
1616 5666 1849 5739 μορφὴν,

352 5825 396 5858 ¹⁹
442 5825 659 5894 licium,
707 5826 787 5883 18.

1949 4481 2136 4554 igitur,
2163 4497 2198 4537 ο
2225 4489 2507 4535 oratorum
2538 4479 2876 4544 acutissime,
2908 4493 2977 4534 ex
3016 4477 3202 4534 servili
3235 4475 3407 4531 forma
3434 4471 3524 4530 Fi-

1950 4571 2082 4627 lium
2119 4570 2172 4624 in
2209 4571 2369 4626 aliam
2406 4569 2638 4626 formam
2681 4568 2825 4624 servi
2869 4565 3150 4633 transfert,
3195 4581 3265 4621 an
3301 4565 3393 4621 ille
3425 4561 3522 4635 qui

1948 4664 1999 4720 ei
2052 4663 2347 4719 increatam
2403 4670 2657 4717 naturam
2705 4661 2979 4726 attribuit,
3037 4675 3141 4726 qua
3194 4659 3358 4714 etiam
3410 4670 3522 4710 non

1951 4755 2158 4813 servire
2214 4755 2378 4810 simul
2425 4753 2872 4812 demonstratur?
2923 4767 2993 4806 an
3046 4751 3228 4823 potius
3279 4764 3378 4806 vos
3427 4747 3524 4819 qui

1949 4847 2249 4902 clamantes
2279 4845 2578 4916 propalatis
2601 4843 2779 4900 Patris
2822 4841 3022 4898 Filium
3049 4857 3264 4899 servum
3294 4853 3438 4906 esse,
3471 4847 3528 4894 et

1950 4945 2077 4992 ante
2125 4936 2270 4992 servi
2312 4917 2564 4999 formam,
2617 4935 2789 5005 ipsius
2847 4933 3078 5005 imperio
3124 4931 3354 5002 subjici?
3406 4927 3524 4984 Non

1950 5028 2324 5100 aliosjudices
2371 5027 2609 5100 postulo,
2637 5028 2737 5083 tibi
2777 5027 2846 5084 de
2883 5027 2952 5084 iis
2978 5025 3262 5082 committo
3300 5031 3525 5079 senten-

1952 5122 2106 5176 tiam.
2157 5119 2437 5176 Neminem
2490 5120 2636 5176 enim
2689 5120 2929 5176 arbitror
2965 5119 3045 5173 sic
3076 5118 3340 5173 adversus
3386 5113 3528 5169 veri-

1951 5220 2117 5267 tatem
2149 5211 2494 5281 impudenter
2519 5211 2691 5276 affici,
2719 5218 2780 5266 ut
2805 5212 2970 5267 certis
3003 5217 3060 5265 et
3093 5207 3374 5264 concessis
3417 5220 3529 5276 pra:

1951 5301 2287 5372 impudentia
2314 5302 2698 5357 incunctanter
2714 5295 2992 5357 adversari
3018 5300 3169 5354 velit.
3194 5298 3350 5366 Quod
3379 5296 3526 5352 enim

1951 5391 2154 5447 dicitur
2197 5391 2373 5447 cuivis
2413 5399 2604 5447 notum
2647 5399 2731 5446 est
2783 5398 2838 5445 ct
2879 5390 3264 5461 perspicuum:
3297 5387 3445 5459 quod
3475 5386 3530 5441 id

1952 5484 2095 5554 quod
2142 5490 2340 5538 natura
2380 5497 2598 5537 servum
2638 5490 2744 5546 est,
2792 5481 3073 5537 servitutis
3105 5478 3531 5552 proprietatibus

1951 5584 2007 5631 et
2040 5577 2186 5631 notis
2232 5575 2570 5646 insignitur;
2613 5575 2895 5646 proprium
2938 5573 3082 5630 enim
3134 5569 3414 5628 servitutis
3446 5576 3534 5623 est

1953 5677 2195 5724 creatum
2245 5681 2386 5724 esse.
2424 5667 2527 5734 Qui
2560 5667 2722 5738 igitur
2762 5668 2940 5740 ipsqu
2991 5681 3208 5722 servum
3257 5664 3390 5720 dicit
3431 5676 3530 5714 uo-
