3992 6210
520 340 621 396 τῒῑ

1823 340 1880 394 S.
1923 335 2248 394 GREGORH
2284 333 2578 391 NYSSENl

3659 338 3752 397 ἠδ

518 464 686 508 stram
727 453 963 510 subiisse
997 452 1250 516 formam,
1285 454 1373 511 ille
1401 465 1482 511 est
1512 456 1671 526 plane
1697 456 1788 526 qui
1832 472 1895 510 ex
1929 455 2082 509 scrvi‘

2201 453 2409 515 ἐκεῖνός
2443 453 2557 504 ἐστι
2593 448 2807 513 πάντως
2835 450 2864 503 6
2902 449 2966 504 ἐκ
3003 448 3244 514 δουλείας
3290 449 3368 514 εἰς
3395 449 3638 504 δουλείαν
3680 453 3756 505 τὸν

518 554 632 600 tute
664 544 717 598 in
744 545 1062 600 servitutem
1097 546 1444 617 Uuigenitum
1476 547 1776 618 remigrare
1809 546 1959 602 facit.
1987 546 2092 601 Sed

515 635 678 690 dictis
729 635 1068 702 reluctatur,
1128 647 1182 692 et
1216 637 1350 692 dicit
1401 638 1683 708 paululum
1739 638 1880 693 infra
1915 657 1927 695 :
1964 634 2093 697 Cum

515 726 660 780 cnim
691 726 974 796 iuterjecta
1004 736 1154 789 sunt,
1174 729 1299 798 quia
1330 729 1680 784 mediocriter
1704 731 1755 784 in
1786 728 2094 798 praeceden-

515 818 663 872 tibus
688 820 996 873 examinata
1031 828 1160 874 sunt
1193 835 1337 874 nunc
1383 821 1876 875 transcendamzut
1915 819 1982 874 ad
2009 820 2091 874 di-

512 909 746 962 cendum
799 918 852 963 et
901 909 1242 964 sentiendum
1295 911 1655 982 impossibilia
1709 911 1944 965 audaces
1992 925 2092 964 nos

512 999 877 1063 calumnians,
914 1001 1263 1056 miseratione
1304 1004 1466 1056 etiam
1511 1002 1864 1073 dignissimos
1907 1003 2093 1072 appel-

513 1089 654 1154 lans,
695 1090 805 1144 lucc
843 1091 1034 1160 adjicit
1061 1109 1074 1144 :
1103 1090 1160 1146 Si
1203 1093 1342 1146 enim
1372 1110 1476 1146 non
1508 1093 1571 1146 de
1607 1093 1770 1147 Verbo
1798 1093 1937 1164 quod
1977 1104 2092 1148 erat

513 1183 564 1233 in
591 1184 845 1251 principio
885 1194 933 1237 et
955 1193 1069 1237 erat
1095 1184 1259 1250 Deus,
1289 1185 1468 1239 beatus
1496 1185 1685 1239 Petrus
1716 1185 1926 1240 disserit
1953 1201 1972 1238 :
2001 1189 2091 1239 sed

511 1270 575 1324 de
608 1288 667 1325 eo
705 1273 794 1342 qui
823 1274 1118 1336 videbatur,
1149 1283 1197 1327 et
1227 1274 1316 1343 qui
1351 1276 1580 1342 seipsum
1609 1274 1920 1339 exinanivit,
1955 1277 2092 1329 sicut

511 1362 589 1414 ait
618 1362 850 1417 Basilius
872 1381 890 1428 ;
911 1367 999 1434 qui
1028 1375 1202 1418 autem
1233 1364 1506 1419 videbatur
1541 1365 1696 1419 homo
1731 1366 1956 1434 seipsunt
1981 1368 2090 1420 exi-

511 1455 710 1507 uanivit
769 1456 822 1508 in
873 1458 1008 1510 servi
1064 1456 1327 1526 formam;
1378 1459 1468 1526 qui
1527 1467 1701 1512 autem
1753 1459 1982 1526 seipsum
2037 1462 2090 1513 in

511 1544 738 1610 formam
791 1547 925 1600 servi
974 1549 1284 1613 exinauivit,
1334 1550 1387 1603 in
1418 1549 1644 1603 hominis
1701 1552 2089 1619 generationem

507 1636 736 1701 seipsum
767 1638 1073 1692 exiuanivit.

580 1724 836 1783 Fortasse
885 1729 1104 1799 quidem
1147 1729 1408 1786 continuo
1447 1747 1514 1786 ex
1569 1731 1637 1788 iis
1689 1747 1810 1803 quae
1851 1733 2089 1803 perlecta

509 1825 660 1881 sunt,
705 1818 1013 1874 auditorum
1055 1821 1264 1889 iudicio
1323 1822 1664 1893 deprehensa
1703 1833 1786 1880 est
1831 1834 2089 1881 constru-

509 1907 710 1965 ctionis
738 1911 901 1981 hujus
929 1914 1202 1970 sermonis
1253 1915 1525 1971 calliditas
1553 1916 1717 1972 simul
1739 1925 1794 1973 et
1825 1919 2081 1975 amentia.

508 1999 878 2061 Nihilominus
909 2006 1100 2076 paucis
1122 2007 1304 2064 verbis
1322 2023 1511 2065 eorum
1535 2025 1657 2081 quae
1692 2011 1763 2066 ab
1794 2011 1914 2083 ipso
1941 2013 2084 2068 dicta

507 2101 638 2147 sunt
668 2093 1051 2152 refutationem
1085 2099 1475 2168 subjiciemus:
1506 2117 1616 2157 non
1648 2101 1716 2157 ad
1745 2104 2082 2161 eversionem

506 2195 616 2240 tam
650 2187 855 2242 indocti
885 2199 938 2244 et
961 2189 1147 2244 insciti
1174 2193 1491 2260 commenti,
1524 2193 1671 2264 quod
1708 2196 1872 2251 etiam
1907 2212 2084 2268 perae

506 2277 648 2348 apud
677 2286 880 2335 attente
923 2280 1207 2338 audientes
1248 2299 1498 2340 eversum
1555 2294 1687 2341 est:
1741 2287 1836 2342 sed
1883 2303 1953 2344 ne
2003 2289 2084 2344 vi—

506 2370 731 2424 deamur
762 2380 1023 2440 prmtextu
1045 2381 1097 2430 et
1126 2375 1310 2445 specie
1331 2385 1679 2448 contemptus
1709 2379 1938 2436 vilitatis
1967 2395 2086 2437 ser-

505 2461 707 2524 monis,
737 2461 1015 2534 despicere
1039 2466 1184 2537 quod
1208 2469 1544 2539 propositum
1591 2479 1675 2526 est
1707 2472 2079 2530 inexcussum.

508 2551 601 2606 Sic
628 2553 794 2625 igitur
818 2570 1126 2614 sermonem
1176 2561 1626 2618 consideremus:
1661 2563 1918 2631 Quanam
1955 2582 2084 2637 apo-

506 2646 633 2701 stoli
662 2643 1020 2704 vox‘UVotum
1051 2651 1143 2718 sit,
1174 2652 1373 2723 inquit,
1418 2655 1557 2724 quod
1595 2654 1877 2712 Dominum
1912 2659 2084 2729 ipsum

508 2737 779 2794 Christum
804 2739 927 2818 fecit
947 2740 1087 2797 Deus
1117 2745 1183 2797 εί.
1214 2742 1418 2801 Deinde
1447 2747 1598 2801 velut
1627 2748 1674 2801 si
1710 2749 1838 2818 quis
1887 2751 2082 2807 scisci-

505 2839 654 2888 tatus
683 2813 852 2888 esset~
880 2833 936 2889 in
983 2850 1098 2904 quo
1145 2834 1289 2891 facta
1346 2846 1493 2893 esset
1542 2839 1671 2895 talis
1725 2813 1922 2913 gratia,
1983 2859 2081 2900 ceu

505 2923 678 2994 digito
715 2923 1024 2994 subjectum
1069 2928 1310 2983 ostendit
1346 2947 1359 2983 :
1402 2928 1587 2995 Hunc,
1642 2932 1853 3003 inquit,
1897 2933 2082 2990 Iesum

506 3027 658 3082 quem
679 3005 1163 3086 ws'cruciﬁxistis.
1209 3019 1350 3086 Quid
1390 3023 1460 3079 de
1493 3039 1560 3080 eo
1599 3025 1777 3097 inquit
1812 3027 2084 3088 Basilius?

505 3105 654 3174 quod
678 3105 795 3161 haec
819 3122 924 3162 vox
953 3109 1224 3167 sermonis
1251 3111 1682 3172 demonstrativa
1708 3116 1851 3175 hunc
1880 3119 2080 3176 factum

504 3211 633 3252 esse
656 3197 789 3253 dicit
819 3199 1097 3258 Christum
1126 3212 1180 3260 et
1223 3205 1535 3273 Dominum,
1578 3211 1671 3280 qui
1707 3211 1776 3266 ab
1819 3211 1953 3284 ipsis
1986 3229 2083 3268 au-

505 3289 784 3348 dientibus
807 3294 1100 3350 cruciﬁxus
1133 3296 1328 3353 fuerat.
1366 3298 1472 3356 Vos
1518 3302 1685 3365 enim.
1723 3303 1818 3367 ait,
1867 3305 2084 3361 cruciﬁ-

508 3380 686 3437 xistis.
731 3381 797 3438 Et
839 3386 1138 3444 verisimile
1181 3401 1302 3444 erat
1357 3407 1452 3446 eos
1517 3392 1610 3462 qui
1664 3402 1853 3449 contra
1904 3397 2082 3466 ipsum

505 3472 707 3529 caedem
758 3479 1186 3547 postulaverant,
1235 3483 1516 3540 auditores
1563 3483 1734 3541 fuisse
1783 3491 2078 3544 sermonis.

503 3563 624 3622 Non
665 3567 809 3622 enim
867 3584 896 3623 a
950 3585 1115 3627 cruce
1168 3573 1234 3627 ad
1286 3573 1432 3630 Petri
1485 3577 1806 3634 concionem
1849 3583 2078 3636 multum

503 3657 692 3711 aberat
733 3665 967 3728 tempus.
1007 3659 1148 3728 Quid
1184 3662 1350 3734 igitur
1392 3663 1461 3718 ad
1498 3665 1601 3721 hoc
1644 3667 1853 3737 profert
1900 3669 2080 3727 Euno-

503 3745 647 3801 Inius
673 3748 713 3802 ?‘
745 3746 867 3802 Nisi
916 3750 980 3804 de
1030 3768 1089 3805 eo
1130 3755 1268 3824 quod
1293 3765 1410 3809 erat
1444 3756 1498 3810 in
1527 3758 1788 3827 principio
1831 3759 2076 3826 Verbum,

503 3851 552 3892 τι
595 3839 733 3895 Deus
763 3851 899 3910 erat,
929 3843 1140 3899 disserit
1170 3847 1385 3914 Petrus,
1427 3847 1516 3904 sed
1561 3850 1624 3904 de
1645 3867 1704 3906 eo
1732 3852 1824 3921 qui
1849 3853 2076 3919 videtur,

502 3929 690 3999 quique
757 3934 988 4001 seipsum
1045 3935 1369 4002 exinanivit,
1430 3939 1567 3992 sicut
1635 3941 1712 3994 ait
1775 3941 2008 3998 Basilius
2059 3959 2077 3996 :

503 4018 813 4076 Exinanivit
869 4035 1045 4080 autem
1080 4029 1170 4098 qui
1223 4029 1457 4083 cernitur
1499 4029 1654 4086 homo
1686 4033 1741 4086 in
1785 4035 1919 4088 servi
1968 4036 2078 4104 for-

503 4126 663 4165 mam.
718 4112 992 4172 Subsiste.
1018 4117 1173 4184 'Quis
1211 4119 1320 4176 hoc
1345 4121 1517 4177 dicit:
1554 4123 1700 4194 quod
1751 4140 1946 4182 rursus
1993 4144 2078 4184 se-

406 4229 416 4238 -
501 4201 680 4271 ipsum
704 4209 1004 4264 exinanivit
1023 4211 1117 4282 qui
1139 4211 1381 4268 cernitur
1399 4213 1560 4270 homo
1578 4215 1631 4270 in
1649 4217 1790 4272 servi
1814 4216 2074 4286 formam;

503 4296 586 4350 vel
609 4298 732 4365 quis
757 4303 973 4367 astruit,
997 4301 1144 4372 quod
1167 4313 1290 4358 ante
1308 4305 1699 4374 apparitionem
1724 4323 1817 4377 per
1832 4323 2074 4376 carnem,

501 4390 682 4444 crucis
735 4389 876 4447 facta
931 4402 1013 4448 est
1065 4396 1293 4463 passio?
1331 4395 1516 4467 Neque
1562 4399 1708 4454 enim
1762 4415 1894 4456 crus
1951 4412 2077 4458 ante

2195 543 2473 611 Μονογενῆ
2520 539 2863 611 μετοικίζων.
2925 539 3063 593 Ἀλλ’
3098 542 3495 609 ἐπαγωνίζεται
3542 544 3652 604 τοῖς
3694 543 3760 594 εξ-

2196 632 2473 705 ρημένοις,
2509 631 2602 685 καί
2636 649 2771 703 φησι
2817 631 3009 704 μικρὸν
3051 633 3289 696 ὑπο6ἀ;’
3323 634 3366 686 Τ
3375 633 3408 686 ἀ
3445 633 3553 705 γὰρ
3596 636 3655 686 ὲν
3693 635 3759 704 τῷ

2199 729 2368 798 μέσῳ,
2403 726 2490 780 διὰ
2523 727 2585 779 τὸ
2611 725 2843 798 μετρίως
2889 727 2948 778 ἐν
2990 729 3100 788 τοῖς
3133 726 3463 796 προάγουσιν
3491 727 3762 797 ὲξετασθῆ·

2196 833 2304 881 ναι,
2331 817 2426 871 νῦν
2465 817 2877 889 ὑπερϐήσομαι·
2925 817 3000 880 ὡς
3029 819 3334 889 τολμηροὺς
3377 820 3454 882 είς
3507 819 3568 871 τὸ
3596 819 3760 887 λέγειν

2195 909 2290 963 καὶ
2339 911 2555 980 φρονεῖν
2598 910 2856 979 ἀμήχανα
2897 908 3216 974 διαϐάλλων,
3269 909 3669 973 ἐλεεινοτάτους
3702 927 3750 963 τε

2194 999 2671 1071 προσαγορεύσας,
2725 1001 2899 1054 ταῦτα
2951 996 3326 1072 προστίθησιν
3389 1004 3455 1056 El
3513 1003 3626 1070 γὰρ
3689 1003 3759 1070 μὴ

2191 1092 2326 1162 περὶ
2370 1093 2475 1147 τοῦ
2506 1093 2575 1148 ἐν
2613 1091 2769 1161 ἀρχῇ
2801 1093 2974 1158 ὄντος
3015 1095 3229 1162 Λόγου,
3261 1093 3356 1147 καὶ
3391 1094 3538 1147 Θεοῦ
3577 1094 3761 1158 ὄντος,

2193 1187 2225 1238 ό
2263 1184 2556 1254 μακάριος
2604 1185 2934 1253 διαλέγεται
2975 1184 3228 1253 Πέτροςο
3278 1185 3439 1240 ἀλλὰ
3481 1184 3619 1252 περὶ
3675 1186 3763 1239 τοῦ

2186 1277 2571 1346 ,ϐλεπομένου
2617 1275 2716 1330 καὶ
2755 1276 3134 1341 κενώσαντος
3167 1276 3404 1337 ἑαυτὸν,
3442 1274 3641 1340 καθὼς
3670 1293 3765 1343 ρη-

2192 1385 2297 1421 σιν
2328 1369 2360 1421 ὁ
2402 1366 2741 1431 Βασίλειος,
2792 1366 3094 1420 ἐκένωσεν
3137 1366 3354 1419 ἑαυτὸν
3386 1365 3454 1418 δὲ
3489 1369 3524 1418 ὁ
3547 1367 3766 1430 βλεπό-

2187 1473 2369 1526 μενος
2417 1455 2727 1524 ἅνθρωπος
2773 1453 3032 1526 [ἑαυτὸν]
3060 1457 3145 1521 εὶς
3193 1454 3416 1509 δούλου
3450 1455 3765 1525 μορετὴνμῦ

2189 1545 2258 1598 δὲ
2303 1543 2574 1612 κενώσας
2623 1545 2842 1599 ἑαυτὸν
2869 1547 2955 1611 εἰς
2988 1544 3210 1600 δούλου
3250 1545 3514 1616 μορφὴν,
3546 1549 3637 1614 εἰς
3685 1547 3768 1601 ἀνα

2191 1637 2425 1704 θρώπου
2447 1637 2696 1706 γένεσιν
2725 1635 3024 1690 ἐκένωσεν
3054 1636 3289 1691 ἑαυτόν.

2266 1727 2419 1798 Τάχα
2497 1727 2596 1798 μὲν
2670 1723 2763 1780 οὖν
2822 1725 2982 1790 εὐθὺς
3041 1729 3109 1780 ἐκ
3173 1726 3291 1780 τῶν
3347 1726 3768 1798 ἀνεγνωσμένων

2123 1817 2165 1874 Β
2193 1817 2620 1891 προπεφώραται
2667 1821 2732 1890 τῇ
2785 1818 2964 1888 κρίσει
3005 1819 3113 1872 τῶν
3157 1819 3488 1881 ἀκουόντων,
3534 1820 3640 1889 τῆς
3682 1820 3765 1872 τοῦ

2186 1909 2344 1979 λόγου
2395 1912 2736 1980 κατασκευῆς
2777 1910 2811 1980 ἦ
2840 1927 2896 1962 τε
2931 1911 3236 1982 κακουργία
3293 1904 3386 1979 καὶ
3416 1912 3476 1964 τὸ
3509 1912 3766 1983 ἀνόητον·

2186 2001 2327 2074 πλὴν
2374 2001 2442 2055 δι’
2510 2001 2707 2069 ὀλίγων
2764 2002 2858 2054 καὶ
2893 2003 3022 2072 παρ’
3053 2002 3208 2073 ἡμῶν
3249 2005 3278 2055 6
3315 2003 3422 2057 τῶν
3465 2005 3769 2074 εἰρημένων

2185 2093 2405 2164 ἔλεγχος
2439 2092 2900 2164 προστεθήσεται·
2935 2094 3036 2147 οὐκ
3079 2095 3157 2157 εἰς
3172 2095 3488 2166 ἀνατροπὴν
3517 2096 3769 2149 τοσοῦτον

2184 2183 2278 2238 τοῦ
2314 2182 2641 2238 ἀπαιδεύτου
2681 2182 3036 2253 σοφίσματος,
3091 2182 3120 2236 ὃ
3163 2183 3227 2236 δι’
3259 2183 3450 2237 ἑαυτοῦ
3487 2185 3648 2257 παρὰ
3672 2187 3771 2248 τοῖς

2185 2276 2396 2346 ἔχουσιν
2419 2276 2588 2345 ἀκοὴν
2613 2275 3022 2344 ἀνατέτραπται
3042 2292 3053 2303 ’
3077 2275 3192 2330 ἀλλ’
3213 2275 3287 2339 ὼς
3303 2275 3366 2328 ἂν
3388 2276 3463 2348 μὴ
3481 2276 3770 2348 δοκοίημει

2183 2369 2242 2422 ἐν
2281 2367 2627 2438 προσχήματι
2673 2364 2767 2420 τοῦ
2819 2369 3182 2437 καταφρονεῖν
3223 2367 3321 2437 τῆς
3360 2367 3646 2432 εὐτελείας
3686 2369 3768 2421 τοῦ

2184 2460 2344 2528 λόγου
2379 2459 2641 2530 περιορᾷν
2691 2457 2751 2510 τὸ
2808 2457 3072 2528 προτεθὲν
3123 2451 3502 2523 ἀνεξέταστον.
3551 2457 3772 2514 Obsessi.

2184 2553 2359 2606 τοίνυν
2413 2551 2504 2605 τὸν
2568 2550 2725 2619 λόγον
2769 2549 3223 2622 ὲπισκεψιῦμεθαο
3280 2550 3377 2615 Τίς
3415 2552 3566 2604 ἐστιν
3611 2552 3770 2622 ήτοζ

2184 2642 2480 2697 ἀποστόλου
2545 2644 2694 2712 φωνή
2722 2659 2736 2709 ;
2779 2643 3066 2698 Γνωστὸν
3121 2645 3298 2710 ἔστω,
3330 2645 3518 2716 φησιν,
3538 2646 3631 2698 ὅτι
3655 2646 3773 2700 Κύ-

2174 2753 2313 2804 ριον
2347 2735 2536 2790 αὑτὸν
2559 2736 2659 2790 καὶ
2695 2736 2954 2804 Χριστὸν
2968 2736 3259 2804 ἐποίησεν
3282 2739 3314 2791 ὁ
3345 2737 3510 2803 Θεός.
3537 2732 3677 2790 Εἶτα
3706 2738 3774 2802 ὡς

2185 2829 2250 2882 ἂν
2282 2827 2590 2899 πυθομένου
2626 2828 2768 2892 τινὸς
2789 2829 2921 2901 περὶ
2954 2828 3072 2882 τίνα
3095 2829 3317 2898 γέγονεν
3343 2831 3374 2900 ἠ
3407 2829 3636 2900 τοιαύτη
3672 2831 3775 2900 χά-

2186 2941 2290 2996 ρις,
2317 2924 2482 2978 οἱονεὶ
2495 2923 2742 2993 δακτύλῳ
2763 2922 2824 2978 τὸ
2845 2924 3204 2995 ὑποκείμενον
3233 2924 3464 2979 δεικνύει
3487 2964 3501 2986 ,
3525 2925 3776 2990 Τοῦτον,

2185 3016 2376 3080 εἰπὼν,
2427 3016 2668 3084 Ἰησοῦν
2697 3016 2772 3072 ὃν
2817 3016 2988 3087 ὑμεῖς
3035 3017 3473 3085 ἐσταυρώσατε.
3524 3017 3591 3071 Τί
3641 3017 3779 3089 περὶ

2184 3108 2373 3163 τούτου
2402 3109 2566 3180 φησὶν
2592 3109 2621 3161 6
2647 3109 2960 3175 Βασίλειος;
2997 3109 3118 3162 ’Ὀτι
3150 3110 3183 3180 ἡ
3211 3108 3454 3180 δεικτικὴ
3479 3109 3574 3162 τοῦ
3609 3109 3777 3180 λόγου

2186 3200 2358 3272 φωνὴ,
2393 3200 2585 3254 τοῦτον
2613 3199 2945 3272 πεποιῆσθαι
2967 3199 3203 3272 Χριστὸν
3228 3200 3376 3270 λέγει
3409 3203 3507 3254 καὶ
3539 3201 3776 3272 Κύριον,

2180 3294 2273 3348 τὸν
2298 3295 2430 3367 παρ’
2459 3293 2639 3349 αὐτῶν
2665 3292 2773 3347 τῶν
2789 3292 3099 3348 ἀκουόντων
3121 3293 3554 3364 ἐσταυρωμένον.
3582 3294 3778 3365 Ὑμεῖς

2181 3385 2291 3458 γάρ
2339 3383 2749 3457 ἐσταυρώσατε,
2775 3384 2944 3456 φησί’
2981 3385 3076 3438 καὶ
3105 3383 3250 3446 εἰκὸς
3275 3379 3343 3456 ἦν
3376 3385 3502 3448 τοὺς
3536 3387 3775 3454 αἰτησα-

2184 3477 2378 3549 μένους
2393 3476 2486 3532 τδν
2512 3478 2634 3531 κατ’
2677 3475 2842 3531 αὐτοῦ
2875 3475 3054 3546 φόνον,
3083 3475 3360 3547 ἀκροατὰς
3385 3471 3524 3529 εἶναι
3554 3476 3649 3530 τοῦ
3686 3477 3776 3530 λό-

2180 3586 2294 3638 γου.
2315 3567 2571 3640 Οὑδὲγάρ
2584 3567 2750 3632 πολὺς
2768 3563 2835 3640 ἦν
2854 3570 2883 3623 6
2898 3567 3004 3622 ἀπὸ
3023 3567 3125 3620 τοῦ
3137 3565 3372 3637 σταυροῦ
3401 3567 3534 3638 πρὸς
3560 3567 3656 3638 τὴν
3677 3567 3775 3639 δη-

2183 3660 2451 3733 μηγορίαν
2482 3659 2576 3714 τοῦ
2599 3659 2806 3730 Πέτρου
2832 3659 3042 3731 χρόνος.
3063 3659 3128 3712 Τί
3156 3655 3404 3730 οὗνςπρδς
3436 3657 3610 3711 ταῦτα
3634 3676 3773 3730 προ-

2180 3751 2335 3823 φέρει
2361 3753 2389 3805 6
2417 3751 2709 3822 Εὐνόμιος;
2744 3753 2816 3806 Ei
2830 3749 2917 3820 μὴ
2933 3747 3187 3818 περὶτοῦ
3203 3749 3274 3802 ἑν
3286 3746 3446 3816 ἀρχῇ
3466 3747 3645 3813 ὄντος
3665 3749 3776 3802 Ad-

2179 3861 2308 3914 γου,
2331 3844 2428 3898 καί
2449 3844 2596 3899 Θεοῦ
2612 3845 2788 3910 ὄντος
2805 3845 2837 3898 d
2854 3841 3146 3913 μακάριος
3161 3840 3496 3910 διαλέγεται
3517 3841 3768 3910 Πέτρας,

2177 3935 2339 3990 ἀλλὰ
2365 3935 2498 4004 περὶ
2525 3935 2630 3989 τοῦ
2659 3935 3065 4003 βλεπομένου,
3095 3933 3191 3986 καὶ
3217 3931 3599 3998 κενώσαντος
3625 3932 3766 3984 ἐαυ-

2177 4026 2302 4090 τὸν,
2322 4027 2512 4093 καθώς
2525 4039 2714 4095 φησιν
2725 4028 2758 4080 ὁ
2769 4024 3105 4089 Βασίλειος·
3139 4023 3474 4078 Ἐκένωσεν
3488 4022 3557 4074 δὲ
3573 4025 3607 4075 ό
3615 4022 3735 4086 βλε
3745 4051 3766 4061 ι

2177 4118 2434 4187 πιόμενος
2466 4117 2774 4185 ἄνθρωπος
2803 4118 2889 4182 εἱς
2923 4115 3147 4170 δούλου
3178 4113 3438 4184 μορφήν.
3485 4113 3760 4182 Ἐπίσχες·

2177 4208 2259 4272 τίς
2289 4207 2444 4262 τοῦτό
2477 4225 2662 4278 φησιν,
2696 4210 2777 4262 ὅτι
2810 4207 2970 4260 πάλιν
3001 4205 3197 4259 ἑαυτὸν
3228 4205 3494 4258 ἐκένωσεν
3523 4205 3552 4256 ὁ
3575 4205 3768 4274 βλεπό-

2181 4313 2339 4366 μενος
2366 4295 2648 4366 ἄνθρωπος
2673 4298 2754 4359 εἰς
2791 4296 2977 4349 δούλου
3006 4295 3241 4366 μορφὴν,
3267 4295 3299 4365 ἥ
3321 4295 3403 4358 τίς
3422 4294 3764 4347 κατασκευά-

2177 4387 2282 4452 ζει,
2309 4389 2391 4442 ὅτι
2424 4388 2530 4459 πρὸ
2549 4388 2648 4458 τῆς
2670 4387 2758 4441 διὰ
2794 4388 2994 4456 σαρκὸς
3037 4388 3378 4456 ἐπιφανείας,
3408 4386 3472 4440 τὸ
3504 4387 3644 4440 κατά
3669 4386 3759 4438 τὸν

501 4495 723 4550 corpus,
782 4499 956 4556 neque
1023 4500 1224 4557 corpus
1282 4497 1410 4544 ante
1463 4490 1605 4546 servi
1663 4491 1912 4549 formam.
1967 4494 2072 4548 Sed

2184 4479 2409 4553 σταυρὸν
2458 4479 2646 4548 γέγονε
2681 4478 2889 4543 πάθοςς
2947 4477 3084 4532 Οῦτε
3137 4478 3246 4550 γὰρ
3283 4481 3311 4532 6
3365 4478 3602 4550 σταυρὸς
3657 4477 3761 4549 πρὸ

503 4572 717 4646 quidem
756 4572 893 4632 Deus
953 4577 1008 4632 in
1057 4593 1223 4635 carne
1269 4582 1691 4648 manifestatur;
1732 4599 1862 4639 caro
1900 4593 2077 4640 autem

503 4682 624 4738 qua:
655 4665 822 4723 Deum
855 4669 910 4724 in
965 4671 1144 4741 seipsa
1192 4674 1452 4738 ostendit,
1499 4683 1787 4745 postquam
1838 4677 2082 4747 implevit

505 4773 600 4826 per
623 4759 857 4829 seipsam
880 4776 1134 4832 maguum
1154 4762 1344 4820 mortis
1366 4767 1711 4836 mysterium,
1729 4766 1784 4820 in
1803 4769 2078 4824 excelsum

501 4858 558 4904 et
581 4851 822 4907 divinum
857 4869 952 4923 per
993 4856 1442 4925 temperationem
1487 4867 1906 4926 transmutatur,
1938 4861 2078 4918 facta

503 4939 756 4995 Christus
800 4950 854 4997 et
899 4942 1206 5010 Dominus,
1258 4945 1314 5000 in
1385 4947 1515 5001 illud
1567 4947 1960 5005 transformata
2023 4961 2077 5007 et

502 5031 785 5087 immutata
802 5033 944 5103 quod
968 5033 1183 5104 quidem
1209 5044 1327 5090 erat
1344 5037 1438 5106 qui
1459 5037 1512 5090 in
1528 5037 1620 5092 illa
1639 5053 1804 5094 carne
1823 5040 2066 5110 seipsum

500 5123 898 5180 manifestavit.
947 5125 1050 5182 Sed
1096 5127 1143 5182 si
1191 5143 1296 5184 nos
1344 5143 1538 5184 rursus
1573 5128 1689 5185 haec
1743 5129 2077 5195 diceremus,

499 5231 623 5269 eum
654 5216 748 5286 qui
781 5217 834 5271 in
862 5232 1026 5274 cruce
1051 5217 1460 5275 demonstratus
1497 5231 1581 5275 est
1619 5220 1674 5274 in
1715 5222 1944 5278 alterius
1980 5223 2077 5277 lio-

502 5305 666 5364 ininis
697 5312 1100 5379 generationem
1130 5311 1470 5366 exinanitum
1509 5327 1653 5375 esse,
1681 5311 1830 5382 quod
1864 5328 1966 5369 nos
1995 5313 2078 5368 di-

501 5410 631 5453 cere
683 5400 787 5457 iste
838 5405 1086 5460 veritatis
1143 5411 1516 5477 propugnator
1562 5403 1797 5469 astruit,
1861 5404 1965 5462 hoc
2008 5405 2077 5460 ad

516 5489 741 5542 verbum
772 5495 1077 5564 composito
1127 5495 1324 5550 cavillo
1359 5494 1458 5550 :Si
1505 5495 1594 5564 qui
1641 5493 1846 5548 videtur
1897 5494 2071 5558 homo,

504 5573 704 5648 inquit,
751 5584 1038 5640 cxinanivit
1085 5587 1314 5657 seipsum
1367 5587 1423 5641 in
1472 5587 1607 5643 servi
1653 5587 1880 5657 formam
1987 5585 2077 5657 qui

578 5753 624 5786 ἰ
653 5753 771 5807 Act.
808 5771 862 5821 ιι,
899 5757 986 5810 56.

2179 4568 2277 4623 τοῦ
2301 4569 2572 4639 σώματος,
2599 4568 2724 4622 οὔτε
2751 4568 2813 4622 τὸ
2839 4568 2996 4640 σῶμα
3025 4569 3132 4641 πρὸ
3161 4571 3260 4640 τῆς
3295 4569 3389 4623 τοῦ
3409 4569 3597 4623 δούλου
3627 4585 3756 4641 μορ·-

2183 4662 2308 4733 φῆςο
2341 4662 2454 4715 ἀλλ’
2479 4663 2508 4715 6
2527 4661 2625 4732 μὲν
2641 4661 2773 4725 Θεὸς
2805 4663 2864 4714 ὲν
2890 4663 3052 4734 σαρκὶ
3087 4661 3449 4732 φανεροῦται,
3480 4664 3513 4733 ἡ
3542 4663 3599 4716 δὲ
3629 4659 3759 4730 σάρξ

2182 4755 2215 4823 ὴ
2241 4753 2338 4807 τὸν
2362 4753 2494 4807 Θεὸν
2531 4753 2589 4806 ὲν
2618 4754 2784 4824 ἑαυτῇ
2833 4753 3073 4820 δείξασα,
3103 4753 3242 4825 μετὰ
3269 4753 3334 4806 τὸ
3371 4754 3659 4826 πληρῶσαι
3686 4751 3756 4806 δι’

2181 4848 2379 4920 ἑαυτῆς
2395 4847 2454 4902 τὸ
2473 4845 2614 4918 μέγα
2650 4846 2744 4900 τοῦ
2769 4846 3001 4900 θανάτου
3036 4848 3353 4919 μυστήριον,
3379 4851 3754 4918 μεταποιεῖται

2181 4943 2318 5014 πρὸς
2342 4941 2403 4995 τὸ
2422 4941 2624 5012 ὑψηλόν
2643 4958 2704 4993 τε
2720 4939 2814 4994 καὶ
2837 4939 2976 4994 θεῖον
3007 4939 3074 4993 δι’
3108 4940 3488 5010 ἀνακράσεως,
3527 4937 3756 5010 Χριστος

2181 5035 2444 5105 γενομένη
2499 5033 2594 5086 καὶ
2644 5029 2867 5104 Κύριος,
2935 5033 3016 5094 εἰς
3053 5032 3228 5085 ἐκεῖνο
3273 5031 3628 5102 μετατεοείσα
3661 5030 3758 5082 καὶ

2179 5126 2493 5194 ἀλλαγεῖσα,
2521 5125 2658 5194 ὅπερ
2681 5119 2749 5194 ἦν
2779 5126 2807 5177 ὁ
2836 5125 2894 5176 ὲν
2931 5122 3116 5196 ἐκείνῃ
3144 5126 3210 5194 τῇ
3247 5123 3410 5194 σαρκὶ
3439 5122 3626 5176 ἑαυτὸν
3651 5137 3754 5187 φα-

2179 5218 2444 5289 νερώσας.
2483 5215 2620 5268 Ἀλλ’
2671 5217 2720 5268 εἰ
2757 5214 2930 5268 ταῦτα
2968 5214 3222 5284 λέγοιμεν
3259 5214 3421 5269 πάλιν
3456 5216 3630 5285 ἡμεῖς,
3659 5211 3754 5264 τὸν

2163 5310 2272 5381 ,ἐπὶ
2301 5308 2393 5362 τοῦ
2415 5307 2649 5379 σταυροῦ
2678 5305 2958 5376 δειχθέντα
2983 5308 3062 5370 εἰς
3093 5306 3252 5360 ἄλλου
3279 5305 3567 5379 ἀνθρώπου
3600 5303 3750 5373 γένε-

2181 5416 2266 5454 σιν
2314 5397 2670 5463 κεκενῶσθαι,
2697 5394 2725 5448 ὃ
2761 5394 2941 5464 λέγειν
2973 5397 3123 5468 ἡμᾶς
3161 5399 3190 5450 6
3217 5395 3622 5468 προαγωνιστὴς
3655 5386 3750 5446 οὗ·-

2177 5507 2269 5554 τος
2295 5491 2394 5560 τῆς
2419 5485 2674 5558 ἀληθείας
2702 5486 3122 5552 κατασκευάζει,
3150 5488 3363 5553 συνθεὶς
3390 5487 3580 5542 οὑτωσὶ
3605 5482 3750 5538 κατὰ

2181 5583 2278 5655 τὴν
2300 5579 2443 5646 λέξιν
2459 5577 2521 5633 τὸ
2545 5578 2806 5651 σόφισμα·
2848 5579 2916 5634 Ei
2949 5579 2983 5633 ό
3004 5579 3404 5651 βλεπόμενος,
3437 5577 3608 5652 φησὶν,
3633 5574 3746 5628 ὡκ-
