3992 6210
292 292 403 351 Ίῗθθ

1425 285 1708 348 CONTRA
1742 288 2130 357 EUNOMlUM,
2174 289 2303 348 LIB.
2351 291 2434 347 Vl.

3468 296 3570 353 730

296 415 531 482 θρωπος
571 407 872 465 ἐκένωσεν
902 409 1123 467 ἑαυτὸν
1160 410 1248 479 είς
1280 411 1506 468 δούλου
1528 413 1771 484 μορφήν
1792 429 1806 444 ·
1848 414 1881 467 ό

1994 422 2158 467 autem
2197 414 2493 469 exinanivit
2536 415 2764 484 seipsum
2812 416 2865 470 in
2912 416 3048 471 servi
3090 416 3340 485 formam,
3388 418 3440 470 in
3477 417 3570 470 ho-

298 504 366 558 δὲ
396 501 668 568 κενώσας
687 502 904 557 ἑαυτὸν
919 506 1007 565 είς
1019 503 1242 560 δούλου
1260 506 1525 577 μορφὴν,
1554 509 1642 573 εὶς
1669 504 1888 575 ἀνθρώ-

301 611 419 649 xcv
449 593 695 665 γένεσιν
717 593 1018 649 ἐκένωσεν
1031 595 1279 649 ἑαυτόν-ο
1318 599 1350 651 ό
1369 596 1750 666 βλεπόμενος
1782 594 1889 649 ἆν-

301 690 533 755 θρωπες
578 687 668 752 είς
714 685 1030 753 ἀνθρώπου
1054 687 1296 757 γένεσιν
1321 687 1621 742 ἐκένωσεν
1647 687 1887 743 ἑαυτόν.

374 778 440 830 Ὠ
463 778 586 841 πῶς
612 778 886 849 μέμνηται
924 780 1023 849 τῆς
1065 780 1433 852 προκειμένης
1470 779 1742 848 σπουδῆςῐ
1772 778 1891 842 πῶς

302 868 443 922 κατὰ
496 869 702 922 σκοπὸν
769 871 1129 942 συμπεραίνει
1171 872 1261 925 τὸν
1292 871 1487 941 λόγονί
1528 870 1762 943 Χριστὸν
1789 887 1889 922 πε-

303 961 564 1032 ποιῆσθαι
595 962 690 1015 καὶ
718 964 861 1016 κατὰ
901 963 992 1015 τὸν
1024 962 1357 1035 βλεπόμενον
1386 964 1691 1034 ἄνθρωπον,
1725 963 1890 1034 φησὶν

300 1052 584 1123 εἰρηκέναι
636 1053 728 1106 τὸν
801 1050 1094 1109 ἀπόστολον
1142 1056 1170 1108 6
1221 1055 1532 1119 Βασίλειοςο
1562 1057 1590 1109 6
1626 1036 1891 1117 6665916;

300 1139 456 1209 οὗτος
501 1145 596 1198 καὶ
647 1147 900 1217 ἀγχίνους
930 1148 1034 1201 τῶν
1071 1148 1379 1219 εἰρημένων
1422 1146 1791 1218 ἀνατροπεύς·
1824 1147 1889 1200 Et

306 1237 387 1309 μὴ
414 1237 514 1309 τὴν
534 1237 742 1303 οὖσίαν,
772 1239 926 1309 φησι,
951 1236 1043 1291 τοῦ
1091 1240 1149 1291 ὲν
1192 1239 1335 1310 ἀρχῇ
1380 1238 1532 1303 ὄντος
1560 1238 1888 1310 πεποιῆσθαι

302 1325 454 1398 λέγει
483 1330 513 1382 6
544 1331 770 1401 Πέτρος,
799 1330 1067 1384 ἐκένωσεν
1096 1330 1289 1386 ἑαυτὸν
1318 1331 1649 1402 βλεπόμενος
1679 1329 1889 1403 ἄνθρω-

301 1437 404 1485 πος
445 1423 527 1485 είς
558 1421 742 1475 δούλου
781 1423 1012 1493 μορφήν.
1060 1422 1121 1476 '0
1152 1422 1211 1476 δὲ
1261 1421 1507 1488 κενώσας
1556 1423 1747 1476 ἑαυτὸν
1810 1423 1887 1485 είς

298 1514 491 1568 δούλου
525 1513 759 1585 μορφὴν,
786 1515 865 1577 είς
910 1512 1199 1586 ἀνθρώπου
1224 1514 1439 1584 γένεσιν
1465 1514 1735 1569 ἐκένωσεν
1767 1515 1889 1568 ἑαυ-

298 1607 414 1662 τόν.
455 1604 775 1678 Ἠττήμεθα
807 1605 905 1676 τῆς
924 1606 1138 1678 ἀμάχου
1160 1606 1365 1677 ταύτης
1394 1606 1606 1677 σοφίας,
1633 1607 1882 1677 Εύνόμιε.

312 1696 749 1768 ’Δπελήλεγκται
778 1697 919 1750 κατὰ
941 1696 1144 1769 κράτος
1171 1696 1232 1750 τὸ
1256 1696 1330 1770 μὴ
1364 1697 1502 1769 πρὸς
1523 1698 1612 1752 τὸν
1640 1696 1701 1764 ἐξ
1721 1698 1885 1753 ἀσθε-

1992 506 2149 559 miuis
2190 506 2575 576 generationem
2627 510 2852 576 seipsum
2900 509 3191 563 exinaniuit
3228 522 3247 560 :
3279 510 3369 571 l/ui
3407 508 3571 578 igitur

1992 594 2193 649 videtur
2219 598 2394 661 homo,
2426 598 2479 651 in
2502 597 2728 651 hominis
2766 600 3152 669 generationem
3198 606 3425 670 seipsum
3470 604 3572 656 exi-

1993 686 2221 742 nanivit.

2062 772 2106 829 Ο
2132 777 2408 845 quomodo
2437 779 2702 850 propositi
2728 777 2892 833 studii
2921 793 3127 836 memor
3157 782 3273 837 est!
3298 782 3569 850 quomodo

1993 870 2292 924 secundum
2315 885 2539 940 scopum
2568 871 2974 927 conclusionem
3009 873 3226 926 cmiﬁcit
3249 874 3267 926 ε
3293 871 3570 927 Christum

1992 956 2198 1012 factum
2228 974 2350 1015 esse
2394 967 2446 1015 et
2485 960 2786 1015 secundum
2842 961 3115 1015 hominem
3164 963 3257 1031 qui
3305 964 3569 1025 cernitur,

1992 1052 2299 1120 apostolum
2346 1052 2549 1109 dixisse
2599 1039 3001 1109 aitansiliust
3040 1055 3129 1109 hic
3181 1064 3366 1110 autem
3407 1056 3570 1110 vehe-

1992 1158 2147 1200 mens
2171 1154 2225 1200 et
2248 1146 2419 1229 solers
2447 1146 2713 1201 dictorum
2731 1162 2991 1202 eversor:
3028 1147 3083 1201 Si
3117 1164 3221 1203 non
3252 1149 3568 1211 essentiam,

1993 1237 2187 1306 inquit,
2221 1237 2342 1307 ejus
2372 1236 2469 1308 qui
2510 1245 2628 1293 erat
2667 1238 2723 1293 in
2752 1239 3019 1308 principio
3062 1239 3261 1294 factam
3289 1256 3414 1295 esse
3442 1241 3573 1295 dicit

1992 1320 2208 1390 Petrus,
2240 1324 2332 1395 qui
2368 1326 2544 1382 oculis
2572 1328 2819 1381 cernitur
2850 1327 3016 1382 homo
3041 1329 3095 1381 in
3124 1328 3271 1383 servi
3308 1328 3542 1384 formam

1993 1415 2232 1486 seipsum
2279 1417 2598 1473 exinanivit.
2648 1417 2751 1485 Qui
2802 1428 2983 1475 autem
3014 1408 3316 1475 exinauivit
3366 1433 3569 1477 semet-

2000 1510 2182 1582 ipsum
2222 1511 2277 1565 in
2327 1512 2470 1566 servi
2511 1511 2739 1567 formam
2791 1514 2845 1567 in
2878 1514 3116 1568 hominis
3168 1516 3573 1584 generationem

1991 1604 2234 1673 seipsum
2261 1604 2583 1659 exinanivit.
2625 1604 2669 1657 0
2705 1603 2958 1669 Eunomi,
3013 1606 3118 1661 hac
3165 1606 3571 1677 inexpugnabili

1992 1696 2258 1766 sapientia
2288 1697 2415 1753 victi
2446 1712 2658 1752 sumus.
2690 1697 2946 1753 Refutata
2981 1707 3110 1753 sunt
3157 1708 3428 1770 potenter,
3480 1712 3575 1769 per

296 1789 453 1852 νείας
499 1786 880 1859 σταυρωθέντα
912 1787 1131 1858 βλέπειν
1171 1787 1263 1842 τοῦ
1328 1788 1627 1843 ἀποστόλου
1678 1789 1770 1843 τὸν
1803 1788 1890 1842 λό-

1995 1801 2059 1842 ea
2095 1788 2297 1856 quibus
2346 1788 2662 1853 didicimus,
2701 1788 2931 1858 apostoli
2964 1803 3268 1845 sermonem
3326 1806 3438 1845 non
3484 1805 3574 1845 re-

298 1894 424 1951 γον,
446 1880 514 1934 δι’
536 1873 610 1935 ὧν
642 1879 940 1952 ἐμάθομεν.
972 1880 1095 1936 Ὀτι
1129 1881 1195 1936 ἂν
1224 1880 1380 1936 τοῦτο
1415 1880 1583 1945 οὕτως
1616 1880 1760 1953 ἔχειν
1798 1897 1889 1935 πι-

297 1970 647 2043 στεύσωμεν,
704 1972 869 2026 πάλιν
910 1974 937 2026 6
983 1970 1312 2044 βλεπόμενος
1365 1971 1649 2043 ἅνθρωπος
1704 1971 1889 2042 ἱτερος

293 2062 538 2133 γίνεται,
593 2063 675 2127 είς
735 2062 902 2132 ἄλλην
957 2060 1249 2134 ἀνθρώπου
1293 2060 1618 2132 κενούμενος
1651 2061 1886 2130 γένεσιν.

295 2154 381 2207 Οὐ
424 2152 608 2224 παύσῃ
646 2151 779 2205 ποτὲ
831 2151 1039 2216 παίζων
1082 2150 1225 2206 κατὰ
1257 2150 1366 2205 τῶν
1397 2151 1750 2222 ἀτολμήτων;
1777 2150 1890 2205 Οὐκ

294 2243 648 2317 ἐρυθριάσεις
664 2240 876 2297 ὲνοῦτω
909 2242 1137 2312 γελοίοις
1162 2243 1456 2313 σοφίσμασι
1485 2241 1577 2295 τὸν
1598 2241 1707 2295 τῶν
1730 2240 1890 2295 θείων

298 2335 626 2408 μυστηρίων
642 2334 851 2388 ἐκλύων
864 2333 1057 2404 φόϐον;
1074 2335 1187 2388 Οὐκ
1199 2334 1582 2406 ἐπιστραφήσῃ
1610 2333 1705 2387 νῦν
1733 2332 1887 2402 γοῦν,

293 2429 352 2481 εί
416 2428 509 2481 καὶ
557 2424 633 2499 μὴ
671 2427 932 2498 πρότερον
978 2426 1114 2498 πρὸς
1140 2425 1202 2479 τὸ
1224 2425 1427 2495 γνῶναι
1463 2426 1546 2479 ὅτι
1590 2427 1619 2479 6
1662 2441 1887 2496 μονογεο-

291 2519 405 2591 γῆς
435 2519 590 2582 Θεὸς,
618 2521 646 2573 6
667 2517 742 2573 ὢν
767 2520 826 2571 ὲν
846 2520 957 2581 τοῖς
990 2517 1211 2583 κόλποις
1241 2516 1334 2571 τοῦ
1368 2517 1596 2589 Πατρὸς,
1622 2517 1793 2585 Λόγος
1814 2514 1889 2569 ὣν

293 2612 406 2666 καὶ
441 2610 692 2681 βασιλεὺς
719 2611 815 2664 καὶ
850 2609 1078 2680 Κύριος,
1124 2609 1217 2663 καὶ
1246 2610 1355 2662 πᾶν
1392 2608 1596 2679 ὑψηλὸν
1631 2607 1805 2678 ὄνομα
1830 2622 1891 2660 τε

292 2699 404 2753 καὶ
428 2698 625 2769 νόημα,
654 2698 809 2751 σῦὃὲν
853 2697 962 2752 τῶν
997 2696 1220 2767 ἀγαθῶν
1258 2696 1511 2767 γενέσθαι
1543 2697 1889 2768 προσδέεται,

290 2789 473 2853 αὐτος
491 2789 565 2843 ὣν
598 2788 706 2843 τῶν
728 2789 952 2859 ἀγαθῶν
988 2788 1205 2843 πάντων
1225 2788 1287 2843 τὸ
1314 2790 1608 2861 πλήρωμα.
1643 2790 1704 2843 '0
1734 2788 1791 2842 δὲ
1813 2789 1893 2852 είς

288 2882 359 2936 τί
413 2880 897 2953 μεταϐαλλόμενος,
931 2882 1106 2935 ἐκεῖνο
1120 2880 1326 2949 γίνεται
1349 2881 1379 2934 6
1410 2880 1483 2952 μὴ
1507 2881 1769 2953 πρότερον
1786 2875 1889 2951 ἦνς

296 2974 526 3045 Ὠσπερ
551 2969 643 3028 οὖν
676 2974 704 3026 6
745 2972 819 3045 μὴ
860 2973 1023 3043 γνοὺς
1062 2972 1356 3044 ἁμαρτίαν,
1386 2971 1629 3047 ἁμαρτία
1660 2971 1890 3041 γίνεται,

294 3066 399 3121 δα
424 3065 535 3139 ἄρῃ
576 3066 675 3137 τὴν
720 3064 997 3136 ἁμαρτίαν
1042 3062 1137 3172 τρῦ
1178 3064 1407 3172 κόσμρυ,
1448 3063 1620 3171 οὕτως
1668 3063 1830 3119 πάλιν
1857 3066 1891 3136 ἡ
1918 3113 1964 3172 c

292 3157 579 3230 δεξαμένη
608 3157 700 3213 τὸν
721 3156 926 3228 Κύριον
956 3155 1115 3228 σὰρξ,
1142 3155 1376 3228 Χριστὸς
1401 3157 1496 3210 καὶ
1525 3155 1732 3227 Κύριος
1754 3156 1896 3226 γίνε-

294 3271 424 3319 ται,
449 3252 480 3304 ὃ
513 3252 589 3322 μὴ
613 3246 681 3322 ἦν
722 3252 789 3321 τῇ
831 3248 989 3319 φύσει
1022 3249 1105 3312 είς
1148 3245 1305 3302 τοῦτο
1346 3249 1786 3320 μεταποιουμένη
1805 3247 1894 3303 διὰ

291 3348 407 3417 τῆς
432 3346 807 3416 ἀνακράσεως.
863 3343 943 3396 Δι’
979 3333 1055 3396 ὧν
1098 3339 1460 3412 μανθάνομεν,
1487 3341 1569 3395 ὕει
1601 3337 1715 3394 οὔτ’
1737 3341 1805 3395 ἂν
1832 3342 1892 3396 ἐν

299 3440 477 3512 σαρκὶ
506 3440 533 3492 6
560 3438 691 3501 Θεὸς
708 3433 1049 3507 ἐφανερώθη,
1074 3435 1218 3505 εἰμὴ
1233 3435 1261 3488 6
1280 3434 1452 3503 Λόγος
1477 3432 1614 3506 σὰρξ
1639 3433 1857 3503 ἐγένετο
1873 3452 1889 3467 ο

296 3531 417 3586 οὔτ’
456 3529 523 3584 ἂν
559 3526 888 3601 μετεποιήθη
922 3526 1061 3598 πρὸς
1089 3526 1151 3580 τὸ
1198 3526 1355 3580 Θετον
1388 3528 1422 3598 ἡ
1450 3527 1582 3599 περὶ
1609 3526 1772 3582 αὐτὸν
1795 3526 1890 3581 τοῦ

295 3622 597 3697 ἀνθρώπου
625 3620 782 3692 σὰρξ,
808 3621 859 3674 εί
883 3618 957 3692 μὴ
983 3618 1045 3673 τὸ
1069 3618 1393 3690 φαινόμενον
1424 3618 1640 3688 ἐγένετο
1658 3619 1892 3691 Χριστός

293 3734 367 3771 τε
404 3714 502 3769 καὶ
526 3712 751 3786 Κύριος.
787 3708 1518 3766 ’Δλλὰδιαπτύουσιτὺνίδί...
1537 3711 1615 3786 (a)
1634 3711 1730 3765 τοῦ
1754 3713 1893 3784 ἡμε-

294 3804 468 3879 τιρου
498 3803 875 3876 κηρύγματος,
899 3801 949 3855 οί
965 3802 1031 3873 τῇ
1060 3799 1221 3871 οὐσίᾳ
1239 3797 1335 3852 τοῦ
1352 3798 1489 3854 Θεοῦ
1515 3799 1606 3854 διὰ
1625 3799 1735 3856 τῶν
1766 3801 1891 3854 συλ-

292 3895 584 3967 λογισμῶν
613 3893 1027 3967 ἐμϐατεύοντες,
1058 3891 1153 3945 καὶ
1184 3889 1461 3962 βούλονται
1489 3891 1582 3944 τὸν
1618 3891 1796 3947 πάντα
1821 3892 1892 3947 τὰ

293 3992 436 4046 ιντα
466 3986 874 4058 διαπαράγοντα
894 3984 979 4047 είς
1003 3983 1238 4052 γένεσιν,
1254 3982 1419 4036 αὐτὸν
1432 3980 1708 4047 ἀποδεῖξαι
1725 3983 1890 4055 μέρος

293 4085 434 4139 ὄντα
456 4082 558 4150 τῆς
594 4079 845 4144 κτίσεως,
872 4077 966 4131 καὶ
988 4076 1275 4149 σύμμαχον
1302 4077 1403 4148 τῆς
1429 4075 1688 4148 τοιαύτης
1722 4094 1891 4132 σπου-

292 4175 424 4245 ᾶῆς,
476 4172 575 4243 τὴν
632 4170 817 4242 φωνὴν
852 4169 949 4223 τοῦ
987 4169 1196 4241 Πέτρου
1241 4168 1379 4241 πρὸς
1410 4168 1754 4240 κατασκευὴν
1789 4173 1890 4241 τῆς

296 4266 523 4338 placeor,
532 4264 660 4335 μίας
687 4261 1025 4332 ἐφέλκοντες,
1047 4260 1141 4315 τοῦ
1164 4260 1298 4333 πρὸς
1316 4260 1443 4324 τοὺς
1480 4260 1766 4324 Ἰουδαίους
1792 4260 1890 4333 φη-

296 4374 519 4423 σαντος,
548 4357 630 4411 ὅτι
657 4353 946 4410 Γνωστὸν
971 4354 1128 4408 ἔστω
1147 4352 1326 4407 παντὶ
1349 4351 1430 4418 τῷ
1457 4353 1601 4420 οῑκῳ
1627 4353 1886 4422 Ἰσραὴλ.

1989 1879 2205 1949 Spicere
2243 1879 2312 1935 ad
2335 1895 2459 1935 cum
2489 1880 2578 1951 qui
2616 1895 2683 1936 ex
2716 1881 3032 1936 inﬁrmitate
3060 1880 3355 1936 cruciﬁxus
3386 1888 3472 1936 est
3500 1883 3570 1935 ”.

1989 1970 2145 2038 Quod
2172 1973 2217 2027 si
2246 1972 2353 2029 hoc
2396 1973 2472 2028 ita
2523 1972 2649 2031 esse
2684 1973 3098 2038 crediderimus,
3128 1988 3327 2029 rursus
3368 1973 3467 2043 qui
3494 1971 3573 2026 vi.

1990 2063 2151 2119 detur
2181 2063 2365 2130 homo,
2391 2065 2533 2121 alius
2565 2066 2828 2138 gignitur,
2861 2068 2916 2122 in
2952 2067 3111 2120 aliam
3151 2064 3386 2119 hominis
3411 2079 3573 2134 gene-

1991 2156 2260 2211 rationem
2296 2158 2632 2212 exinanitus.
2659 2155 2774 2212 Non
2802 2157 3045 2214 cessabis
3068 2154 3361 2226 aliquando
3386 2154 3575 2209 ludere

1991 2254 2180 2303 contra
2203 2263 2311 2304 non
2340 2248 2629 2304 audenda?
2658 2263 2766 2304 non
2792 2248 3161 2305 erubescesin
3184 2254 3296 2301 tam
3327 2246 3574 2300 ridiculis

1991 2338 2203 2395 cavillis
2214 2339 2523 2395 divinorum
2536 2338 2917 2411 mysteriorum
2930 2338 3211 2395 exsolvere
3228 2334 3456 2393 metum?
3466 2351 3574 2390 non

1991 2431 2330 2488 converteris
2353 2446 2499 2486 nunc
2517 2441 2689 2497 certe,
2713 2431 2978 2504 siquidem
2994 2447 3102 2487 non
3126 2430 3277 2502 prius
3300 2430 3363 2485 ad
3384 2443 3575 2501 cogno«

1991 2522 2256 2578 scendum
2303 2522 2453 2595 quod
2497 2524 2817 2595 unigenitus
2854 2523 2999 2580 Deus
3051 2521 3146 2594 qui
3180 2530 3300 2578 erat
3344 2522 3399 2576 in
3450 2521 3574 2577 sinu

1991 2609 2193 2676 Patris,
2247 2609 2509 2677 Verbum,
2543 2613 2709 2667 etiam
2761 2628 2855 2669 rex
2908 2622 2962 2670 et
3001 2610 3287 2678 Dominus,
3323 2617 3378 2667 et
3411 2625 3576 2666 omne

1991 2703 2267 2759 excelsum
2295 2717 2493 2759 nomen
2522 2710 2578 2759 et
2604 2702 2939 2774 cogitamen,
2980 2703 3115 2758 nihil
3146 2701 3413 2758 bonorum
3460 2700 3573 2755 ﬁeri

1992 2793 2221 2868 indiget,
2251 2795 2368 2866 ipse
2405 2810 2531 2850 cum
2564 2796 2637 2852 sit
2673 2795 2916 2851 omnium
2954 2797 3222 2851 bonorum
3264 2794 3572 2866 plenitudo.

1994 2885 2095 2942 llic
2123 2894 2304 2942 autem
2336 2887 2391 2941 in
2425 2888 2555 2958 quid
2590 2888 2792 2941 mutari
2831 2896 3030 2959 potest,
3064 2895 3122 2941 ut
3146 2889 3236 2943 ﬁat
3263 2888 3395 2943 illud
3426 2887 3573 2958 quod

1992 2978 2146 3049 prius
2191 2993 2297 3034 non
2353 2979 2509 3033 erat?
2562 2978 3039 3045 Quemadmodum
3096 2979 3264 3051 igitur
3315 2982 3408 3050 qui
3463 2995 3574 3035 non

1994 3072 2147 3127 novit
2189 3081 2495 3142 peccatum,
2547 3081 2834 3141 peccatum
2866 3070 2944 3134 ﬁt,
2984 3078 3044 3127 ut
3085 3071 3237 3126 tollat
3287 3080 3573 3142 peccatum

1998 3162 2231 3220 mundi:
2286 3163 2368 3219 sic
2416 3178 2611 3218 rursus
2656 3177 2786 3218 caro
2836 3177 2957 3233 qua:
3008 3161 3297 3217 Dominum
3340 3164 3571 3233 accepit,

1996 3253 2252 3311 Christus
2301 3261 2356 3309 et
2394 3251 2659 3308 Dominus
2691 3251 2941 3320 elIicilur,
2989 3252 3134 3323 quod
3172 3267 3281 3308 non
3321 3261 3437 3308 erat
3479 3268 3573 3307 na.

1997 3353 2123 3401 tura
2176 3345 2232 3400 in
2275 3343 2379 3399 boc
2431 3351 2793 3398 transmutata
2838 3357 2936 3415 per
2991 3342 3459 3413 temperationem.
3495 3342 3572 3398 Ex

1999 3439 2200 3510 quibus
2230 3436 2520 3502 discimus,
2563 3436 2705 3508 quod
2739 3435 2881 3493 Deus
2922 3451 3032 3491 non
3064 3436 3118 3490 in
3146 3450 3312 3491 carne
3345 3434 3574 3491 manife-

1998 3539 2179 3586 status
2207 3536 2373 3596 esset,
2406 3528 2513 3585 nisi
2538 3528 2777 3584 Verbum
2810 3543 2942 3583 caro
2965 3527 3164 3583 factum
3188 3537 3363 3595 esset;
3400 3543 3575 3599 neque

1995 3636 2127 3676 caro
2151 3621 2388 3676 hominis
2414 3635 2532 3690 quae
2557 3617 2917 3675 circumdedit
2949 3619 3129 3689 ipsum
3159 3618 3213 3672 in
3236 3618 3571 3673 divinitatem

1997 3716 2361 3766 transmutata
2399 3709 2615 3772 fuisset,
2677 3708 2783 3764 nisi
2838 3709 2985 3777 quod
3027 3707 3325 3777 apparebat
3369 3706 3572 3762 factum

1995 3811 2141 3860 esset
2162 3810 2217 3859 et
2244 3802 2499 3857 Christus
2525 3809 2581 3858 et
2608 3799 2889 3855 Dominus.
2969 3796 3074 3856 Sed
3135 3801 3454 3873 despuunt...
3475 3812 3572 3853 no—

1997 3902 2126 3950 stra:
2147 3891 2572 3964 przedicationis,
2595 3891 2689 3963 qui
2716 3905 2810 3961 per
2834 3889 3178 3961 syllogismos
3203 3888 3257 3942 in
3275 3892 3571 3944 essentiam

1996 3986 2090 4043 Dei
2116 3987 2356 4051 irruunt,
2382 3995 2438 4042 et
2469 3985 2658 4039 volunt
2688 3999 2812 4039 eum
2845 3982 2939 4053 qui
2973 3981 3158 4036 omnia
3192 3996 3315 4052 quae
3343 3991 3474 4036 sunt
3503 3984 3571 4035 ad

1995 4088 2176 4137 ortum
2212 4079 2458 4142 adduxit,
2515 4077 2893 4132 demonstrare
2948 4074 3127 4143 ipsum
3184 4080 3394 4143 partem
3449 4088 3573 4129 esse

1995 4178 2282 4232 creatum,
2334 4176 2499 4238 atque
2542 4168 2599 4222 in
2631 4166 2899 4221 auxilium
2940 4165 3068 4220 talis
3114 4176 3345 4219 conatus
3381 4179 3570 4219 vocem

1995 4261 2143 4318 Petri
2185 4261 2253 4315 ad
2299 4260 2651 4331 blasphemiae
2698 4257 3170 4327 praestruetionem
3224 4256 3569 4327 pertrahunt,

1994 4356 2088 4426 qui
2119 4354 2183 4407 ad
2217 4351 2435 4409 Judzeos
2459 4352 2629 4407 dixit:
2668 4350 2871 4406 Notum
2900 4350 2970 4404 sit
2992 4351 3135 4405 omni
3162 4350 3347 4404 domui
3373 4349 3569 4414 Israel,

303 4454 395 4505 ἱτι
419 4451 648 4518 Κύριον
678 4445 866 4503 αὐτὸν
900 4445 999 4500 καί
1036 4444 1294 4514 Χριστὸν
1337 4445 1617 4512 ἐποίησε,
1673 4446 1890 4501 τοῦτον

1994 4445 2130 4518 quod
2164 4444 2450 4499 Dominum
2486 4444 2659 4511 ipsum
2685 4451 2736 4499 et
2766 4441 3037 4499 Christum
3065 4441 3191 4511 fecit
3219 4442 3358 4496 hunc
3387 4439 3570 4495 Iesum

297 4541 412 4595 τὸν
446 4538 685 4608 Ἰησοῦν
727 4536 801 4592 6r
846 4534 1018 4605 ὑμεῖς
1065 4533 1483 4602 ἐσταυρώσατε
1518 4545 1534 4561 '
1556 4534 1762 4607 ταύτην
1796 4534 1889 4590 τοῦ

295 4633 534 4704 κτιστὴν
564 4626 705 4684 εἶναι
738 4626 836 4682 τοῦ
873 4625 1198 4700 μονογενοῦς
1218 4624 1355 4679 Θεοῦ
1388 4627 1488 4697 τὴν
1506 4626 1713 4691 οὐσίαν,
1756 4644 1893 4701 προ-

299 4723 595 4778 ϐάλλονται
642 4720 744 4791 τὴν
787 4718 1082 4786 ἀπόδειξιν.
1124 4717 1191 4771 Τί
1246 4711 1360 4780 οὖν,
1395 4718 1517 4772 είπὲ
1544 4735 1656 4789 μοι,
1683 4719 1759 4791 μὴ
1788 4721 1894 4792 πρὸ

299 4815 499 4878 αἰῶνος
520 4814 571 4868 ot
604 4812 847 4866 Ἰουδαῖοι
868 4809 1004 4883 πρὸς
1030 4808 1125 4873 οὓς
1145 4810 1173 4864 6
1199 4808 1355 4877 λόγος
1383 4809 1633 4878 δγένετη
1667 4810 1741 4881 μὴ
1762 4827 1896 4884 προ-

298 4909 535 4980 κόσμιος
570 4908 600 4960 6
641 4903 871 4977 σταυρός
897 4920 912 4970 ;
950 4902 1037 4974 Μὴ
1069 4901 1178 4973 πρὸ
1204 4901 1387 4973 πάσης
1414 4902 1644 4966 κτίσεως
1673 4903 1703 4955 6
1731 4902 1894 4957 Πιλά-

299 5016 425 5066 tog;
480 4999 576 5071 Μὴ
614 4997 833 5070 πρῶτον
870 4993 1099 5066 Ἰησοῦς,
1145 4992 1243 5047 καλ⁵
1294 4991 1434 5064 μετὰ
1477 4991 1653 5047 ταῦτα
1682 4992 1894 5062 Λόγος;

305 5094 382 5165 μὴ
422 5089 777 5165 πρεσϐυτέρα
828 5087 865 5158 ἠ
913 5084 1051 5156 σὰρξ
1089 5084 1188 5155 τῆς
1235 5082 1517 5154 θεότητοςς
1547 5084 1640 5155 Μὴ
1671 5084 1778 5157 πρὸ
1801 5087 1896 5140 τοῦ

299 5185 515 5256 κόσμου
574 5180 604 5234 6
642 5178 884 5251 Γαϐριὴλ
924 5180 992 5251 τῇ
1029 5176 1220 5248 Μαρίᾳ
1253 5174 1698 5244 εὐαγγελίζεταις
1729 5177 1841 5248 οὐχ
1868 5180 1898 5233 ό

303 5277 403 5348 μὲν
457 5272 607 5329 κατὰ
661 5269 899 5343 Χριστὸν
927 5269 1236 5341 ἄνθρωπος,
1258 5267 1353 5322 ἐπὶ
1382 5267 1661 5339 Καίσαρος
1683 5269 1896 5340 Αὐγού-

302 5385 430 5422 στου
460 5365 566 5437 τὴν
593 5362 768 5435 ἀρχὴν
781 5359 1050 5432 λαμϐάνει
1073 5358 1164 5415 διὰ
1180 5358 1553 5431 γεννήσεως,ό
1579 5359 1637 5415 δὲ
1660 5360 1719 5415 ιν
1744 5363 1887 5436 ἀρχῇ

304 5455 375 5514 ὧν
399 5456 576 5525 Λόγος
604 5453 759 5519 Θεὸς,
783 5452 1039 5524 βασιλεὺς
1074 5449 1233 5523 ἡμῶν
1267 5450 1615 5522 προαιώνιος,
1651 5453 1834 5522 καθὼς
1860 5457 1890 5511 6

376 5599 422 5629 θ’
466 5594 511 5649 ll
541 5594 668 5652 Cor.
692 5610 811 5661 vin,
852 5594 904 5651 ι.
983 5590 1034 5624 ’³
1069 5591 1188 5647 Act.
1219 5607 1278 5656 ιι.
1317 5589 1408 5647 36.

377 5745 457 5818 (η)
501 5741 643 5820 Lege
680 5743 989 5817 ἰδιωτισμόν
1018 5760 1082 5802 ex
1107 5743 1297 5801 codice
1324 5740 1612 5800 Bavarico.

1990 4552 2143 4608 quens
2186 4551 2272 4591 vos
2321 4535 2670 4604 eruciﬁxistis
2688 4536 2736 4567 “
2764 4552 2776 4587 :
2808 4534 2911 4590 hac
2965 4548 3100 4589 voce
3161 4533 3426 4604 unigeniti
3476 4530 3570 4586 Dei

1990 4629 2288 4686 essentiam
2318 4635 2559 4685 creatam
2586 4640 2710 4682 esse
2737 4624 3117 4681 demonstrare
3146 4625 3568 4695 praetendentes.

1992 4723 2133 4791 Quid
2163 4722 2350 4794 igitur,
2383 4720 2472 4776 dic
2502 4719 2661 4781 mihi.
2692 4732 2822 4773 num
2857 4724 2985 4772 ante
3010 4716 3274 4774 saeculum
3301 4714 3475 4771 Judai
3502 4716 3572 4770 ad

1992 4829 2133 4885 quos
2161 4812 2340 4868 factus
2364 4818 2451 4868 est
2488 4808 2710 4866 sermo?
2747 4823 2878 4863 num
2918 4816 3048 4863 ante
3096 4808 3359 4865 mundum
3401 4809 3574 4864 crux?

1993 4920 2125 4960 num
2159 4912 2287 4959 ante
2316 4916 2534 4959 omnem
2563 4909 2874 4957 creaturam
2905 4899 3151 4957 Pilatus?
3175 4916 3306 4956 num
3335 4902 3569 4972 primum

1991 4996 2176 5058 Jesus,
2205 5003 2261 5050 et
2297 5001 2484 5065 postea
2522 4992 2797 5049 Verbum?
2822 5008 2953 5048 num
2982 4991 3268 5049 divinitate
3294 4994 3569 5064 antiquior

1993 5087 2165 5142 caro?
2202 5100 2333 5141 num
2371 5094 2501 5140 ante
2548 5082 2812 5139 mundum
2854 5083 3077 5140 Gabriel
3107 5081 3291 5139 Maria
3330 5084 3570 5140 faustum

1993 5177 2323 5234 annuntiat?
2375 5175 2494 5232 Non
2544 5176 2635 5232 hic
2683 5177 2905 5247 quidem
2944 5177 3250 5233 secundum
3291 5177 3570 5234 Christqu

1996 5270 2180 5334 homo,
2208 5269 2514 5340 imperante
2532 5268 2748 5325 Caesare
2763 5268 3033 5340 Augusto,
3052 5267 3382 5339 principium
3406 5269 3569 5325 sumit

1996 5377 2095 5433 per
2140 5361 2573 5433 generationem,
2632 5359 2728 5416 sed
2770 5359 2859 5415 hic
2907 5359 3002 5430 qui
3050 5361 3106 5415 in
3153 5360 3425 5434 principio
3453 5370 3568 5418 erat

1997 5451 2236 5511 Verbum
2272 5449 2418 5509 Deus
2444 5449 2559 5508 Rex
2582 5460 2788 5517 noster,
2821 5458 2949 5509 ante
2980 5458 3241 5531 internus,
3270 5455 3416 5512 sicut
3440 5452 3566 5510 Pro-

2618 5668 2662 5677 -ς
