3992 6210
488 302 582 356 731

1711 301 1771 361 S.
1813 301 2140 360 GBEGORII
2178 305 2476 369 NYSSENI

3641 317 3746 372 πιέ

489 423 650 493 pheta
701 426 952 478 testatur.
995 419 1114 475 Non
1165 419 1318 476 vides
1363 420 1578 491 qualem
1633 422 1849 481 inducis
1895 423 2057 479 verbo

2169 430 2455 502 προφήτης
2525 396 2892 503 μαρτύρεταιέ
2939 432 3050 503 Ούχ
3099 433 3227 504 ὁρᾷς
3267 433 3383 486 οἵαν
3423 431 3653 502 ἐπάγεις
3677 435 3752 506 τῷ

487 513 891 579 confusionem,
959 512 1142 568 omnia
1199 528 1419 570 sursum
1485 527 1548 568 ac
1600 514 1855 570 deorsum
1911 514 2065 585 juxta

488 605 839 674 proverbium
866 603 1249 661 confundens?
1279 605 1778 677 Quinquagesimus
1800 616 1922 678 post
1947 622 2069 679 pas-

488 696 697 750 sionem
739 704 855 749 erat
899 694 1038 760 dies,
1070 695 1290 764 quando
1317 696 1430 750 hrec
1459 694 1662 751 Iudaeis
1694 696 1888 754 Petrus
1934 712 2066 752 con-

486 785 815 840 cionabatur
858 784 1070 853 dicens,
1119 785 1263 857 quod
1299 785 1366 839 Et
1393 785 1674 840 Dominum
1712 794 1759 841 et
1798 787 2066 842 Christum

489 879 661 948 ipsum
693 877 830 933 Deus
861 878 986 948 fecit
1014 879 1153 932 hunc
1195 878 1365 947 ipsum
1399 877 1586 934 Jcsum
1625 895 1776 949 quem
1812 896 1900 934 vos
1944 897 2066 933 cru-

487 971 757 1040 ciﬁxistis.
805 969 914 1027 Sed
945 987 1096 1041 quem
1127 987 1236 1034 vos,
1287 970 1485 1041 inquit,
1521 971 1890 1040 cruciﬁxistis,
1926 971 2064 1024 hunc

485 1065 607 1133 [ccit
641 1061 777 1117 Deus
809 1062 1078 1118 Christum
1113 1071 1161 1117 et
1181 1060 1388 1129 Iesum,
1422 1070 1481 1118 ut
1509 1079 1574 1119 ex
1598 1064 1683 1118 his
1712 1061 2063 1134 perspicuum

484 1165 666 1212 esset:
710 1156 856 1226 quod
888 1171 994 1210 non
1029 1155 1160 1210 illud
1187 1155 1333 1226 quod
1364 1164 1490 1212 ante
1533 1157 1756 1219 sa2cula,
1795 1156 1889 1212 sed
1918 1155 2062 1226 quod

485 1257 610 1318 post
631 1248 1104 1318 dispensationem
1143 1249 1347 1304 factum
1379 1257 1464 1306 est
1494 1249 1748 1320 intelligit
1773 1248 1991 1305 Petrus.

557 1335 844 1402 Quomodo
902 1337 1070 1409 igitur
1099 1353 1208 1393 non
1243 1339 1397 1395 vides
1427 1347 1595 1394 totam
1622 1339 1674 1393 in
1705 1354 1769 1396 eo
1793 1340 1938 1410 quod
1968 1341 2066 1396 de-

484 1437 826 1484 monstratur
862 1430 1135 1486 sermunis
1166 1432 1373 1486 versari
1403 1430 1695 1497 notitiam;
1731 1431 1826 1486 sed
1861 1431 2067 1487 ridicu-

487 1520 573 1576 lus
597 1519 796 1576 videris
821 1519 875 1575 in
903 1522 1098 1592 puerili
1117 1522 1472 1594 suphismatis
1490 1522 1649 1592 plexu
1672 1522 1861 1579 dicens
1921 1562 1938 1588 ,
2001 1523 2050 1580 si

485 1629 609 1668 eum
639 1612 733 1683 qui
767 1611 1054 1668 videbatur
1082 1623 1134 1669 et
1163 1608 1440 1669 Christum
1465 1620 1519 1668 et
1541 1612 1830 1667 Dominum
1861 1612 2060 1667 factum

481 1721 606 1762 esse
634 1722 665 1760 a
703 1705 811 1761 Deo
852 1706 1160 1762 credimus:
1199 1706 1574 1762 necessarium
1618 1721 1741 1761 esse
1770 1720 1962 1762 rursus
2005 1706 2058 1760 in

2168 519 2312 593 λόγῳ
2344 525 2444 594 τὴν
2481 523 2763 594 σύγχυσιν,
2812 526 2879 580 τὰ
2910 527 3022 580 ἄνω
3055 526 3204 580 κάτω
3249 525 3390 579 κατὰ
3419 526 3521 596 τὴν
3555 543 3751 598 παροι-

2170 613 2300 684 μίαν
2340 615 2556 682 κυκῶν;
2609 617 2955 689 Πεντηκοστὴ
2985 616 3124 686 μετὰ
3149 616 3210 670 τὸ
3244 617 3417 682 πάθος
3449 616 3642 689 ἡμέρα
3667 613 3752 689 ῆν,

2166 705 2256 759 ὅτε
2279 705 2454 761 ταῦτα
2483 710 2596 771 τοῖς
2611 708 2882 772 Ἰουδαίοις
2907 708 3240 780 ἐδημηγόρει
3272 710 3300 762 ὁ
3320 709 3525 778 Πέτρος
3545 709 3752 776 λέγων,
3835 705 3841 710 ’

2160 802 2245 856 ὃτι
2279 801 2498 858 Τοῦτον
2510 800 2583 854 ὃν
2594 799 2763 870 ὑμεῖς
2780 799 3199 868 ἐσταυρώσατε
3222 795 3480 865 Χριστὸν
3514 794 3617 847 καί
3638 794 3752 846 Κύ-

2157 910 2293 962 ριον
2309 897 2340 946 ό
2361 892 2505 958 Θεὸς
2520 891 2831 959 ἐποίησεν.
2849 891 3008 944 Ἀλλὰ
3021 889 3095 944 ὃν
3111 889 3298 960 ὑμεῖς,
3320 906 3393 960 φη
3401 885 3509 950 civ,
3536 886 3755 939 ἐσταυ-

2157 983 2632 1054 ρώσατεποῡτον
2644 984 2938 1053 ἐποίησεν
2951 986 2984 1038 ὀ
3003 982 3436 1050 Θεὸς,Χριστόν
3447 996 3514 1034 τε
3535 977 3638 1031 καὶ
3653 976 3753 1030 Κύ-

2159 1094 2322 1148 ptor'
2356 1076 2433 1141 ὡς
2471 1077 2630 1148 δῆλον
2657 1078 2723 1130 ἐκ
2755 1075 2961 1130 τούτων
2995 1072 3159 1140 εἶναι,
3190 1077 3272 1130 ὃτι
3307 1075 3368 1127 οὑ
3403 1073 3464 1127 τὸ
3505 1071 3619 1142 πρὸ
3653 1069 3756 1121 τῶν

2163 1168 2397 1232 αἰώνων,
2425 1167 2562 1223 ἀλλὰ
2583 1169 2644 1222 τὸ
2676 1168 2814 1241 μετὰ
2840 1169 2941 1240 τὴν
2971 1168 3282 1241 οἰκονομίαν
3309 1168 3336 1221 ὁ
3356 1165 3563 1238 Πέτρος
3583 1163 3756 1232 λέγει.

2239 1346 2364 1410 Πῶς
2392 1342 2484 1400 οὖν
2515 1345 2614 1416 οὐχ
2663 1347 2794 1417 ὁρᾷς
2829 1345 2956 1416 ὃλην
2985 1347 3113 1417 περὶ
3158 1344 3216 1398 τὸ
3235 1344 3590 1415 δεικνύμενον
3621 1344 3754 1397 ἁνα-

2149 1439 2540 1510 ’στρεφομένην
2569 1438 2664 1491 τοῦ
2701 1438 2859 1506 λόγου
2896 1438 2994 1508 τὴν
3023 1437 3250 1502 ἔννοιαν,
3283 1436 3418 1491 ἀλλὰ
3448 1435 3755 1504 γελοιάζεις

2167 1534 2224 1585 ὲν
2253 1535 2318 1602 τῇ
2357 1529 2710 1602 μειρακιώδει
2734 1530 2908 1601 πλοκῇ
2941 1528 3034 1582 τοῦ
3069 1529 3420 1600 σοφίσματος,
3450 1527 3652 1596 λέγων·
3692 1529 3754 1581 Ei

2167 1624 2256 1679 τδν
2286 1622 2609 1694 φαινόμενον
2657 1621 2890 1694 Χριστόν
2927 1639 2986 1675 τε
3029 1621 3123 1674 καὶ
3169 1618 3372 1693 Κύριον
3417 1618 3756 1690 πεποιῆσθαι

2170 1716 2321 1790 παρὰ
2344 1715 2436 1770 τοῦ
2470 1714 2604 1770 Θεοῦ
2634 1713 3100 1785 πεπιστεύκαμεν,
3141 1713 3386 1782 ἀνάγκην
3412 1707 3553 1764 εἶναι
3588 1710 3755 1764 πάλιν

483 1798 759 1854 hominem
812 1806 934 1870 post
981 1798 1250 1853 exinaniri
1302 1798 1612 1864 Dominum,
1656 1807 1711 1854 et
1762 1799 2057 1872 secundum

2169 1811 2248 1872 είς
2275 1807 2561 1879 ἄνθρωπον
2589 1804 3017 1879 μετακενοῦσθαι
3050 1805 3140 1859 τὸν
3172 1803 3408 1876 Κύριον,
3440 1804 3536 1857 καὶ
3574 1801 3757 1854 δευτέο

481 1893 670 1948 subire
710 1890 1316 1963 generationem?Quid
1348 1893 1522 1963 magis
1545 1906 1641 1962 per
1666 1891 1782 1945 haec
1814 1898 2059 1947 vestrum

480 1986 678 2057 dogma
703 1985 1099 2041 confirmatur?
1131 1984 1407 2057 quomodo
1448 2001 1543 2056 per
1571 1984 1716 2040 dicta
1741 1985 1885 2056 regis
1907 1999 2060 2040 crea-

482 2087 619 2133 turae
641 2079 878 2135 essentia
906 2087 1090 2136 creata
1127 2079 1575 2134 demonstratur?
1607 2077 1717 2149 Ego
1761 2094 1890 2134 vero
1929 2093 2062 2134 con-

482 2171 712 2226 trarium
757 2169 903 2234 dico,
951 2179 1138 2226 nostra
1179 2186 1276 2241 per
1305 2185 1368 2226 ea
1399 2185 1519 2239 quae
1563 2169 1724 2226 nobis
1757 2177 2060 2241 repugnant

479 2260 724 2326 defendi,
773 2268 826 2314 et
858 2275 967 2330 prae
995 2259 1162 2314 nimia
1199 2262 1502 2316 attentione
1531 2260 1809 2331 egregium
1852 2261 2061 2315 locuto-

485 2367 600 2406 rem
632 2367 741 2406 non
773 2350 1073 2407 advertisse
1097 2351 1242 2422 quod
1272 2351 1339 2405 ad
1371 2351 1667 2406 absurdum
1693 2361 1842 2408 certe
1871 2352 2060 2424 dispu-

482 2441 746 2496 tationem
785 2441 1118 2510 propellens,
1151 2441 1352 2512 quibus
1385 2451 1618 2496 conatur
1653 2451 1916 2506 evertere,
1964 2460 2058 2515 per

485 2530 596 2585 haec
627 2530 713 2586 his
741 2531 940 2601 quibus
969 2532 1169 2587 bellum
1199 2532 1449 2598 infertur,
1479 2533 1800 2604 opitulatur.
1838 2534 1894 2590 Si
1912 2536 2057 2590 enim

479 2638 544 2676 es
575 2638 640 2678 eo
665 2623 812 2694 quod
843 2624 1212 2695 supereminet
1237 2626 1304 2679 ad
1338 2625 1392 2680 id
1420 2627 1564 2696 quod
1595 2634 1678 2682 est
1703 2627 1908 2684 humile
1938 2644 2058 2684 cre-

479 2716 716 2770 dcndutn
746 2723 829 2771 est
866 2716 1062 2770 factam
1092 2733 1214 2772 esse
1243 2716 1374 2774 Jesu
1410 2717 1862 2790 demigrationem
1891 2737 1903 2772 :
1940 2721 2058 2775 sola

480 2816 660 2864 autem
696 2809 1066 2879 supereminet
1094 2820 1360 2865 creaturae
1390 2809 1575 2865 divina
1604 2819 1658 2866 et
1688 2811 1931 2866 inereata
1964 2829 2053 2866 nu-

479 2909 624 2964 tura,
657 2910 874 2956 creatus
904 2911 1086 2956 autem
1117 2901 1316 2956 homo:
1360 2902 1594 2958 fortasse
1628 2904 1966 2974 perspiciens
1991 2920 2054 2960 ex

479 2993 698 3063 propria
750 2993 959 3048 ratione
1005 2992 1073 3046 ad
1117 2993 1396 3048 veritatem
1437 3003 1808 3062 convertetur,
1863 3012 2057 3052 assen-

482 3086 624 3140 tiens
673 3096 895 3154 propter
934 3084 1370 3140 benevolentiam
1402 3094 1457 3141 et
1498 3086 1890 3158 benignitatem
1930 3102 2054 3158 erga

482 3177 752 3242 homines,
785 3174 929 3246 quod
954 3176 1254 3232 increatum
1285 3174 1595 3232 estfactum
1619 3193 1742 3234 esse
1775 3178 1827 3232 in
1852 3188 2054 3233 creato.

481 3264 636 3332 Quod
669 3266 713 3320 si
761 3274 915 3336 putat
947 3275 1188 3321 creatum
1237 3265 1528 3322 Dominum
1571 3284 1632 3323 se
1681 3269 2060 3324 demonstrare

483 3374 578 3428 per
605 3356 658 3412 id
691 3358 835 3427 quod
875 3358 1288 3426 demonstrarit,
1335 3375 1460 3415 eum
1495 3362 1590 3431 qui
1629 3372 1747 3416 erat
1776 3360 1919 3418 Deus
1951 3362 2058 3417 ιω-

482 3463 657 3502 mana:
692 3458 899 3502 naturte
934 3449 1255 3518 participem
1287 3449 1491 3504 factum
1523 3465 1676 3507 esse:
1710 3453 1879 3507 multa
1911 3453 2060 3524 ejus-

480 3539 627 3594 modi
654 3539 721 3592 ad
739 3539 983 3595 eamdem
1007 3541 1384 3610 probationem
1403 3543 1752 3598 astruendam
1777 3544 2060 3602 invenien-

481 3639 592 3696 tur,
627 3647 691 3687 ex
729 3631 894 3685 simili
937 3631 1299 3702 patrocinium
1325 3635 1564 3690 orationi
1625 3637 1926 3708 implentia.
1963 3639 2060 3694 Et-

477 3726 625 3781 enim
651 3726 906 3796 quoniam
951 3724 1188 3782 Verbum
1221 3736 1338 3783 erat
1373 3737 1427 3784 et
1460 3729 1603 3787 Deus
1629 3739 1777 3788 erat:
1816 3733 2058 3804 posthaec

481 3829 684 3882 autem,
720 3817 864 3872 sicut
885 3818 961 3872 ait
987 3819 1252 3889 propheta
1275 3821 1340 3887 “,
1375 3819 1443 3875 In
1476 3831 1619 3878 terra
1651 3824 1815 3892 visus,
1846 3835 1896 3881 et
1939 3844 2056 3882 cum

476 3909 777 3964 hominibus
826 3921 1165 3966 conuersatus
1231 3922 1330 3977 est,
1379 3931 1546 3970 unum
1583 3932 1650 3972 ex
1693 3919 1893 3974 creatis
1935 3935 2058 3975 esse

479 4017 578 4072 per
611 4001 725 4057 haec
750 4001 1240 4059 demonstrabitur.
1267 4003 1421 4071 Quod
1454 4007 1499 4061 si
1532 4007 1648 4063 haec
1677 4009 1837 4080 longe
1857 4009 2058 4066 absunt

477 4095 548 4148 ab
578 4095 665 4150 his
686 4110 808 4165 quae
838 4103 1182 4166 quaeruntur,
1221 4113 1399 4172 neque
1431 4100 1630 4156 similia
1667 4102 1826 4172 plane
1860 4118 2057 4173 propo-

478 4185 601 4240 sitis
627 4187 1040 4243 accommodata
1085 4199 1234 4247 sunt.
1266 4189 1414 4246 Idem
1447 4201 1532 4248 est
1571 4193 1716 4248 enim
1753 4195 2053 4251 secundum

479 4292 723 4341 sensum.
750 4294 873 4336 eum
905 4281 998 4352 qtti
1033 4290 1150 4338 erat
1189 4285 1244 4340 in
1278 4286 1546 4356 principio
1586 4286 1844 4352 Verbum,
1878 4288 2057 4344 mani-

480 4368 733 4424 festatum
771 4387 895 4428 esse
947 4374 1190 4444 posthaec
1240 4375 1557 4435 hominibus
1603 4380 1820 4448 dicere;
1857 4389 1912 4436 et
1959 4381 2054 4451 qui

2171 1919 2268 1974 ραν
2301 1900 2632 1956 ὑποδύεσθαι
2678 1900 2968 1968 γέννησιν;
3004 1897 3069 1950 Τί
3121 1896 3320 1968 μᾶλλον
3345 1896 3432 1949 διὰ
3459 1894 3673 1948 τούτων
3697 1892 3757 1946 τὺ

2168 1994 2291 2048 καθ’
2316 1995 2460 2066 ὑμᾶς
2482 1993 2658 2064 δόγμα
2703 1991 3068 2062 κρατύνεταις
3110 1991 3233 2054 Πῶς
3260 1989 3348 2043 διὰ
3379 1987 3489 2042 τῶν
3524 1987 3758 2060 εἰρημέ-

2166 2106 2272 2142 νων
2302 2089 2336 2159 ὴ
2363 2086 2456 2140 τοῦ
2485 2085 2748 2158 βασιλέως
2797 2085 2895 2156 τῆς
2945 2084 3176 2146 κτίσεως
3202 2080 3356 2135 οὑσία
3389 2079 3587 2149 κτιστὴ
3617 2081 3757 2132 ἀπο·-

2164 2181 2472 2246 δείκνυται;
2515 2178 2655 2249 Ἐγὼ
2698 2180 2796 2251 μὲν
2833 2177 2944 2248 γὰρ
2980 2175 3289 2230 τούναντίον
3334 2174 3497 2245 φημὶ,
3523 2173 3597 2226 τὰ
3626 2171 3759 2242 ἠμέ-

2164 2293 2302 2347 τερα
2339 2274 2426 2329 διὰ
2454 2272 2564 2327 τῶν
2599 2271 2920 2344 μαχομένων
2949 2271 3081 2341 ἡμῖν
3137 2265 3620 2338 συναγορεύεσθαι,
3658 2264 3758 2316 καὶ

2167 2367 2273 2421 ὑπὸ
2298 2367 2398 2436 τῆς
2427 2367 2567 2434 ἄγαν
2595 2363 2866 2437 προσοχῆς
2891 2362 2966 2433 μὴ
2990 2357 3496 2430 συνεωρακέναιτδν
3517 2359 3753 2428 ῥήτορα,

2165 2461 2246 2513 ὅτι
2276 2459 2411 2531 πρὸς
2433 2458 2494 2510 τὸ
2542 2457 2741 2512 ἄτοπον
2782 2454 2939 2525 δῆθεν
2973 2453 3190 2520 ὲξωθῶν
3226 2451 3318 2505 τὸν
3343 2449 3539 2531 λόγον,
3569 2447 3642 2500 δι’
3672 2441 3754 2500 ὧν

2166 2551 2492 2622 ἀνατρέπειν
2519 2548 2803 2617 ἐπιχειρεῖ,
2829 2544 2916 2598 διὰ
2943 2543 3146 2597 τούτων
3177 2543 3289 2605 τοῖς
3317 2537 3754 2609 πολεμουμένοις

2167 2639 2608 2711 συναγωνίζεται.
2668 2640 2730 2693 Εἰ
2779 2637 2886 2708 γὰρ
2912 2638 2976 2691 ὲκ
2996 2634 3090 2689 τοῦ
3134 2635 3493 2705 ὑπερέχοντος
3523 2632 3660 2703 πρὸς
3688 2632 3756 2684 τὸ

2164 2733 2417 2787 ταπεινὸν
2447 2729 2722 2786 πιστεύειν
2777 2727 2884 2799 χρὴ
2940 2725 3268 2796 γεγενῆσθαι
3295 2723 3388 2777 τοῦ
3427 2721 3604 2794 Ἰησοῦ
3649 2721 3756 2792 τῆν

2168 2826 2496 2896 μετάστασιν
2516 2842 2530 2855 ·
2568 2823 2704 2894 μόνη
2746 2821 2804 2874 δὲ
2837 2819 3156 2890 ὑπέρκειται
3183 2817 3283 2888 τῆς
3306 2816 3535 2878 κτίσεως
3560 2817 3595 2886 ἡ
3626 2814 3756 2867 θεία

2165 2935 2222 2970 τε
2246 2918 2339 2972 καὶ
2370 2917 2622 2978 ἄκτιστος
2651 2913 2833 2983 φύσις,
2870 2911 3085 2975 κτιστδς
3108 2909 3164 2963 δὲ
3195 2911 3224 2962 ὁ
3250 2909 3533 2978 ἄνθρωπος
3554 2923 3570 2936 ο
3605 2905 3758 2976 τάχα

2163 3009 2455 3080 διαϐλέψας
2501 3008 2588 3061 διὰ
2633 3006 2728 3059 τοῦ
2789 3005 2920 3059 ἰδίου
2961 3003 3123 3071 λόγου
3178 3001 3314 3072 πρὸς
3351 3001 3447 3070 τὴν
3485 2997 3753 3069 ἀλήθεια)

2168 3101 2546 3172 μετατάξεται,
2599 3096 2922 3168 συνθέμενος
2944 3097 3000 3148 ὲν
3023 3094 3116 3165 ’τῷ
3144 3091 3346 3162 κτιστῷ
3381 3090 3524 3145 κατὰ
3552 3090 3757 3161 φιλαν⁴

2163 3193 2410 3266 θρωπίαν
2455 3189 2780 3261 γεγενῆσθαι
2819 3188 2883 3241 τὸ
2926 3186 3202 3241 ἄκτιστον.
3233 3185 3296 3238 Ei
3337 3184 3395 3237 δὲ
3421 3184 3593 3236 οἴεται
3628 3200 3760 3235 κτι-

2163 3285 2287 3339 στὸν
2339 3281 2714 3338 ἀποδεικνύειν
2757 3279 2850 3332 τὸν
2896 3278 3124 3349 Κύριον,
3161 3274 3246 3330 διὰ
3285 3274 3378 3327 τοῦ
3411 3275 3580 3340 δεῖξαι
3608 3273 3754 3325 Θεὸν

2159 3378 2293 3432 ὄντα
2331 3376 2431 3447 τῆς
2480 3372 2828 3445 ἀνθρωπίνης
2865 3369 3080 3439 φύσεως
3126 3367 3538 3439 μετεσχηκέναι,
3571 3365 3754 3418 πολλὰ

2159 3467 2383 3522 τοιαῦτα
2413 3466 2548 3536 πρὸς
2573 3464 2670 3535 τὴν
2697 3462 2792 3518 τοῦ
2833 3463 2950 3516 ίσου
2977 3459 3322 3531 κατασκευὴν
3358 3456 3752 3528 εὑρεθήσεται,

2160 3562 2226 3614 ὲκ
2272 3557 2366 3613 τοῦ
2414 3557 2601 3629 ὁμοίου
2644 3554 2743 3626 τὴν
2773 3553 3097 3626 συνηγορίαν
3130 3551 3442 3625 πληροῦντα
3471 3548 3549 3621 τῷ
3578 3548 3752 3619 λόγῳ.

2159 3652 2271 3708 Καὶ
2301 3651 2413 3722 γὰρ
2441 3649 2628 3719 ἐπειδὴ
2663 3648 2834 3717 Λόγος
2861 3642 2931 3719 ἦν
2961 3645 3054 3700 καὶ
3086 3645 3215 3709 Θεὸς
3249 3639 3317 3714 ἦν
3345 3661 3359 3674 ο
3404 3643 3543 3713 μετὰ
3571 3643 3751 3695 ταῦτα

2158 3745 2241 3808 δὲ,
2263 3741 2445 3806 καθώς
2463 3757 2626 3812 φησιν
2643 3741 2673 3793 ὁ
2694 3740 3004 3811 προφήτης,
3037 3737 3161 3790 Ἐπὶ
3188 3735 3298 3802 τῆς
3321 3732 3432 3804 γῆς
3451 3733 3625 3802 ὢφοη
3650 3733 3749 3786 καί

2158 3833 2282 3900 τοῖς
2313 3831 2645 3902 ἀνθρώποις
2671 3827 3159 3897 συνανεστράφη,
3186 3823 3248 3880 ἓν
3283 3825 3391 3880 τῶν
3426 3827 3749 3894 κτισμάτων

2158 3923 2296 3980 εἶναι
2324 3924 2413 3978 διὰ
2443 3923 2650 3977 τούτων
2682 3921 3152 3992 ἀποδειχθήσεται.
3188 3920 3250 3972 Ei
3277 3918 3332 3971 δὲ
3359 3917 3533 3971 ταῦτα
3555 3918 3751 3989 πὸρῤω

2156 4017 2264 4070 τῶν
2292 4014 2662 4086 ζητουμένων,
2695 4012 2816 4066 οὑδὲ
2862 4012 2930 4065 τὰ
2953 4012 3115 4082 ὅμοια
3141 4011 3358 4073 πάντως
3381 4009 3494 4071 τοῖς
3522 4025 3750 4078 προκει-

2161 4107 2344 4179 μένοις
2399 4105 2689 4178 ᾡκείωται.
2720 4101 2867 4159 Ἷσον
2916 4103 3026 4175 γάρ
3071 4104 3188 4156 ἐστι
3229 4102 3372 4156 κατὰ
3405 4101 3503 4172 τὴν
3533 4101 3748 4156 ἔννοιαν

2156 4199 2248 4253 τὸν
2279 4201 2338 4253 ὲν
2369 4199 2510 4270 ἀρχῇ
2563 4197 2695 4250 ὄντα
2723 4196 2896 4264 Λόγον
2942 4195 3079 4265 μετὰ
3112 4192 3286 4248 ταῦτα
3320 4193 3745 4264 πεφανερῶσθαι

2155 4293 2267 4354 τοῖς
2295 4289 2602 4362 ἀνθρώποις
2617 4288 2706 4342 διὰ
2719 4286 2920 4359 σαρκὸς
2949 4286 3152 4354 λέγειν,
3181 4285 3278 4339 καὶ
3309 4285 3368 4338 ὲν
3398 4289 3587 4357 μορφῇ
3609 4283 3742 4339 Θεοῦ

2157 4383 2490 4457 ὑπάρχοντα,
2518 4381 2620 4452 τὴν
2659 4381 2754 4434 τοῦ
2777 4380 2960 4433 δούλου
2997 4378 3211 4451 μορφὴν
3260 4377 3612 4432 ὑποδύεσθαι.
3647 4372 3744 4431 Ὧν

477 4470 597 4516 erat
637 4463 690 4516 in
716 4462 892 4519 forma
927 4464 1019 4521 Dei
1051 4465 1282 4523 formam
1319 4470 1462 4525 servi
1493 4470 1770 4528 habuisse.
1808 4471 2053 4539 Quorum

2162 4478 2207 4531 ει
2235 4476 2296 4530 τὸ
2328 4475 2513 4546 ἕτερον
2539 4476 2617 4538 είς
2662 4472 3008 4544 κατασκευὴν
3031 4471 3132 4541 τῆς
3159 4470 3512 4542 βλασφημίας
3555 4472 3747 4542 ἀνόνη-

477 4555 525 4608 si
567 4555 798 4610 alterum
844 4557 912 4613 ad
948 4558 1302 4629 blasphemiae
1342 4563 1814 4632 praestructionem
1841 4574 1926 4622 est
1974 4567 2058 4621 in-

479 4648 634 4712 utile,
671 4664 901 4706 necesse
926 4661 1010 4706 est
1033 4659 1088 4707 et
1107 4652 1378 4722 reliquum
1403 4653 1661 4725 abjicere.
1690 4655 1795 4713 Sed
1823 4656 2059 4714 humane

478 4753 531 4797 et
566 4743 826 4799 benevole
881 4743 1042 4798 nobis
1089 4745 1329 4800 consulit
1377 4745 1446 4800 ab
1489 4761 1676 4802 errore
1724 4746 2056 4814 desciscere,

478 4841 532 4888 et
563 4849 727 4904 quam
763 4834 882 4904 ipse
924 4836 1206 4905 praestruit
1234 4837 1469 4892 subinde
1496 4838 1704 4893 indicat
1732 4841 2055 4897 veritatem:

479 4925 614 4980 Eum
646 4925 738 4996 qui
766 4932 884 4980 erat
915 4927 968 4981 in
998 4927 1292 5000 principio,
1324 4929 1519 5000 inquit,
1551 4925 1789 4987 Verbum
1811 4943 1864 4988 et
1887 4933 2054 5001 Deus,

476 5012 626 5074 hunc
653 5018 856 5074 factum
879 5035 1004 5076 esse
1034 5020 1192 5077 docet
1223 5021 1416 5080 Petrus
1441 5024 1742 5094 apostolus.
1770 5023 2052 5096 Siquidem

479 5115 570 5169 ille
600 5115 759 5170 nobis
798 5116 1011 5170 somnia
1061 5114 1288 5185 fingeret
1325 5123 1380 5171 et
1409 5131 1531 5186 qua:
1576 5117 1634 5172 in
1680 5119 1889 5174 somnis
1918 5134 2054 5174 con-

477 5205 638 5275 tingit
664 5205 1056 5262 divinationem
1083 5214 1356 5271 narraret,
1397 5208 1535 5263 nihil
1566 5209 1802 5267 fortasse
1829 5212 2054 5281 periculi

476 5303 624 5350 esset
665 5296 770 5365 ipsi
797 5298 1106 5354 concedere
1151 5298 1219 5353 ad
1250 5298 1472 5369 quidvis
1504 5315 1602 5370 pro
1633 5317 1734 5358 suo
1786 5303 2053 5358 arbitratu

477 5384 753 5445 adducere
777 5392 1008 5448 visionis
1033 5391 1343 5461 anigmata.
1372 5392 1476 5450 Sed
1503 5394 1631 5466 quia
1654 5395 1868 5452 divinas
1891 5412 2054 5452 voces

476 5477 610 5531 dicit
661 5480 778 5549 ipse
813 5498 872 5540 se
929 5499 1210 5550 enarrare,
1249 5502 1358 5542 non
1410 5495 1588 5544 tutum
1636 5495 1724 5544 est
1763 5490 1923 5546 nobis
1955 5505 2055 5560 pro

480 5583 580 5624 sua
610 5569 830 5627 licentia
859 5575 910 5629 ei
944 5575 1228 5647 indulgere
1256 5579 1418 5636 verba
1455 5596 1740 5651 perperam
1779 5582 2051 5652 interpre-

552 5749 596 5779 "
623 5744 833 5802 Baruch
862 5762 940 5814 ut,
983 5747 1072 5803 57.

2153 4583 2266 4629 τον,
2313 4562 2703 4618 συναποϐαλεῖν
2741 4563 2954 4633 ἀνάγκη
2984 4562 3078 4615 καὶ
3103 4559 3164 4614 τδ
3195 4559 3538 4632 λειπόμενον.
3580 4561 3737 4615 ’Λλλὰ

2156 4654 2513 4730 συμϐουλεύει
2589 4652 2986 4725 φιλανθρώπως
3046 4654 3178 4724 ἡμῖν
3251 4651 3588 4724 μεταθέσθαι
3642 4652 3733 4706 τοῦ

2155 4750 2380 4813 πλάνου,
2441 4746 2536 4802 καὶ
2610 4746 2987 4800 ὑποδείκνυσιν
3047 4747 3114 4817 ἢν
3175 4745 3336 4808 αὐτὸς
3389 4745 3738 4799 κατασκευά-

2155 4844 2239 4909 ζει
2292 4837 2704 4913 ἀλήθειαν.Τὸν
2746 4841 2804 4894 ὲν
2829 4840 2994 4911 ἀρχῇ,
3029 4838 3215 4909 φησὶν,
3264 4838 3393 4892 ὄντα
3437 4839 3616 4907 Λόγον
3649 4838 3735 4892 καὶ

2157 4935 2310 5000 Θεὸν,
2358 4935 2547 4989 τοῦτον
2581 4932 2908 5004 πεποιῆσθαι
2950 4931 3192 4986 διδάσκει
3227 4933 3255 4985 ὁ
3319 4931 3624 4996 ἀπόστολος
3647 4931 3738 4985 Ili-

2157 5044 2306 5100 τρος.
2362 5025 2496 5080 Ἀλλ’
2534 5028 2585 5080 εί
2631 5025 2728 5097 μὲν
2769 5024 3010 5096 ὀνείρους
3049 5025 3181 5095 ἡμῖν
3224 5022 3612 5094 ὑποκρίνεται,
3649 5022 3734 5076 καὶ

2157 5120 2256 5191 τὴν
2303 5118 2550 5173 ἐνύπνιον
2595 5116 2962 5187 ἐπηγγέλλετο
3017 5117 3315 5188 μαντικὴν,
3368 5117 3619 5182 κίνδυνος
3670 5114 3731 5190 ἦν

2159 5215 2290 5276 ἴσως
2319 5213 2495 5277 οὐδεὶς
2519 5211 2655 5282 πρὸς
2681 5213 2742 5263 τὸ
2765 5209 2954 5264 δοκοῦν
2985 5213 3287 5283 συγχωρεῖν
3307 5211 3453 5280 αύτῷ
3483 5229 3731 5282 παραγα-

2158 5311 2276 5376 γεῖν
2305 5307 2374 5361 τὰ
2392 5307 2490 5376 τῆς
2531 5304 2828 5376 φαντασίας
2852 5305 3169 5376 αἰνίγματα.
3206 5305 3352 5357 Ἐπεὶ
3378 5304 3435 5358 δὲ
3463 5305 3566 5368 τὰς
3588 5304 3729 5366 θείας

2157 5398 2342 5468 φωνὰς
2386 5396 2696 5467 ὲξηγεῖσθαί
2726 5413 2919 5468 φησιν,
2955 5396 3130 5451 οὐκέτ’
3167 5396 3408 5465 ἀσφαλὲς
3446 5398 3580 5468 ἡμῖν
3612 5396 3724 5449 κατ’

2155 5489 2401 5555 ἐξουσίαν
2451 5487 2597 5558 αύτῷ
2641 5488 2839 5543 διδόναι
2887 5487 3321 5560 παρερμηνεύειν
3376 5487 3447 5542 τὰ
3486 5490 3717 5560 ῥήματα.

2155 5581 2220 5635 Τί
2245 5597 2406 5652 φησιν
2432 5581 2464 5651 ἡ
2486 5579 2706 5653 ι’ραφής
2732 5579 2854 5634 Ὀτι
2882 5580 3100 5649 Κύριον
3128 5578 3225 5634 καί
3249 5578 3511 5649 Χριστὸν
3528 5577 3720 5643 ἐποίη-
