3992 6210
221 297 330 353 733

1344 280 1622 338 CONTRA
1667 275 2060 345 EL'NOMIUM,
2101 275 2228 334 LIB.
2271 275 2362 330 Vl.

3376 275 3476 332 733

223 427 339 465 σεν
368 408 403 461 ὀ
433 404 579 468 Θεὸς
619 401 830 455 τοῦτον
857 399 962 454 τὸν
1007 397 1247 464 Ἰησοῦν
1285 397 1356 450 ὃν
1385 395 1551 465 ὑμεῖς
1585 395 1803 449 ἐσταυ-

1913 392 2032 447 lari.
2059 391 2196 457 Quid
2229 391 2305 443 ait
2335 383 2654 457 Scriptura?
2688 385 2967 440 Dominum
2997 394 3046 440 et
3066 385 3333 442 Christum
3359 391 3478 454 fecit

217 500 475 572 ρώσατε.
503 492 716 550 Οὐκοῦν
757 493 972 550 πάντων
1005 489 1124 544 κατ’
1166 489 1326 544 αὑτὸν
1357 487 1767 558 συνδραμόντων
1786 528 1800 552 ,

222 595 323 662 τῆς
353 587 630 656 δεικτικῆς
658 583 842 655 φωνῆς
873 582 966 636 τοῦ
1000 580 1350 652 ἀνθρωπίνως
1380 578 1765 648 ὠνομασμένον
1784 618 1799 642 ,

222 685 324 752 τῆς
355 681 464 734 τῶν
501 676 972 750 μιαιφονησὼτων
1015 672 1349 743 κατηγορίας
1369 710 1384 732 ,
1410 668 1504 722 τοῦ
1546 668 1687 722 κατά
1715 668 1806 721 τὸν

225 773 462 842 σταυρὸν
499 769 725 832 πάθους,
769 766 824 832 ἐξ
857 765 1100 834 ἀνάγκης
1133 765 1165 833 ή
1193 763 1398 816 διάνοια
1424 761 1560 831 πρὸς
1589 760 1650 812 τὸ
1677 777 1806 828 φαι-

223 869 448 936 νόμενον
474 863 678 934 βλέπει.
716 862 774 914 Ὀ
795 859 852 912 δέ
884 876 1014 927 φησι
1035 856 1207 910 ταῦτα
1234 855 1330 925 μὲν
1360 854 1538 922 λέγειν
1567 852 1768 923 Πέτρον
1789 867 1802 880 ⁸

220 954 595 1010 ἐνδείκνυσθαι
610 953 666 1005 δὲ
695 951 783 1005 διὰ
809 950 909 1018 τῆς
930 949 1220 1016 ἐποίησεν
1235 946 1432 1013 λέξεως
1456 946 1553 1017 τὴν
1570 943 1805 1016 προαιώ-

222 1065 334 1102 νιον
381 1047 591 1100 οὐσίαν.
636 1044 794 1097 Ἀλλά
833 1043 1040 1106 τίτθαις
1091 1040 1188 1110 μὲν
1221 1039 1254 1110 ἢ
1285 1037 1555 1108 γραῖδεοις
1589 1037 1804 1089 ἀκίνδυο

222 1157 312 1194 νον
345 1138 651 1208 συγχωρεῖν
689 1135 907 1199 παίζειν
947 1135 1083 1205 πρὸς
1113 1133 1181 1188 τὰ
1223 1133 1482 1205 μειράκια
1504 1173 1518 1197 ,
1551 1131 1645 1186 καὶ
1672 1131 1807 1202 πρὸς

221 1232 294 1287 τά
319 1229 581 1284 δοκοῦντα
609 1228 867 1299 μετάγειν
912 1226 1012 1288 τὰς
1041 1225 1150 1278 τῶν
1194 1225 1460 1278 ἐνυπνίων
1506 1223 1802 1294 ἐμφάσεις·

221 1325 322 1392 τῆς
383 1321 441 1374 δὲ
487 1319 847 1373 θεοπνεύστου
899 1315 1082 1385 φωνῆς
1138 1314 1506 1386 προκειμένης
1552 1315 1681 1385 ἡμῖν
1727 1315 1808 1377 εἰς

223 1417 522 1484 ἐξήγησιν,
557 1409 756 1465 κωλύει
795 1410 819 1461 ί
853 1407 1024 1478 μέγας
1061 1405 1379 1469 Ἀπόστολος
1406 1404 1504 1466 τὰς
1541 1401 1806 1475 γραώδεις

223 1501 558 1570 κενοφωνίας
600 1497 937 1570 προσίεσθαι.
985 1495 1224 1566 Σταυρδν
1267 1493 1376 1565 γὰρ
1420 1492 1676 1556 ἀκούσας,
1715 1491 1806 1544 τὸν

224 1593 459 1665 σταυρὸν
487 1590 616 1657 νοῶ,
662 1590 758 1644 καὶ
790 1587 1128 1659 ἀνθρώπινον
1159 1584 1330 1656 ὄνομα
1364 1583 1627 1655 διδαχθεὶς
1646 1623 1660 1648 ,
1694 1581 1806 1654 ὁρῶ

221 1685 318 1757 τὴν
346 1682 684 1755 δηλουμένην
711 1679 816 1734 ὑπὸ
838 1678 932 1732 τοῦ
963 1677 1225 1749 ὀνόματος
1259 1676 1438 1745 φύσιν.
1473 1675 1672 1728 Τοῦτον
1709 1669 1802 1728 οὖν

225 1775 413 1848 μαθὼν
462 1770 792 1845 πεποιῆσθαι
844 1769 994 1840 παρὰ
1048 1767 1143 1822 τοῦ
1199 1767 1406 1838 Πέτρου
1451 1765 1655 1836 Κύριον
1709 1766 1802 1819 καὶ

223 1865 504 1937 Χριστὸν,
539 1863 632 1916 τὸν
664 1863 723 1915 ἐν
765 1859 1058 1930 ὀφθαλμοῖς
1095 1856 1250 1929 ἡμῶν
1294 1856 1684 1926 γεγενημένον,
1717 1854 1804 1907 λέ-

224 1974 343 2026 γειν
369 1957 475 2010 οὐκ
509 1952 853 2027 ἀμφιϐάλλω.
902 1950 1118 2021 Ἐπειδὴ
1150 1950 1244 2002 καὶ
1276 1946 1625 2018 συμφωνοῦσι
1667 1945 1804 2016 πρὸς

225 2049 492 2119 ἀλλήλους
523 2047 574 2100 ot
625 2045 804 2114 ἅγιοι,
865 2045 977 2106 τοῖς
1021 2059 1082 2094 τε
1131 2039 1310 2103 ἄλλοις
1345 2040 1499 2103 πᾶσι,
1535 2038 1627 2090 καὶ
1674 2035 1803 2106 περὶ

223 2138 383 2192 τοῦτο
425 2137 490 2190 τὸ
523 2135 706 2207 μέρος.
747 2133 836 2198 Ὧς
880 2131 988 2204 γάρ
1037 2129 1198 2194 αὐτὸς
1248 2129 1339 2182 τὸν
1392 2125 1802 2198 ἐσταυρωμένον

228 2230 435 2302 Κύριον
480 2223 811 2297 πεποιῆσθαι
855 2223 1037 2294 λέγει,
1077 2221 1219 2277 οὕτω
1255 2221 1350 2274 καὶ
1395 2218 1607 2282 Παῦλος
1639 2232 1802 2288 φησιν

228 2323 388 2376 αὑτὸν
419 2316 808 2391 ύπερυψῶσθαι
855 2315 994 2386 μετά
1018 2314 1080 2368 τδ
1113 2313 1283 2377 πάθος
1319 2313 1412 2367 καὶ
1438 2311 1535 2383 τὴν
1570 2310 1803 2364 ἀνάστα-

230 2431 333 2474 σιν,
362 2411 425 2465 οὐ
464 2410 598 2464 καθὸ
648 2407 780 2472 Θεὸς
823 2407 941 2460 ἐστι
991 2405 1110 2459 κατ’
1135 2405 1308 2458 ἐκεῖνο
1351 2401 1673 2473 ύψούμενονο
1716 2400 1803 2472 (τί

230 2507 337 2576 γὰρ
365 2504 686 2575 ὑπέρκειται
707 2500 801 2554 τοῦ
825 2499 967 2554 θείου
997 2497 1163 2568 ὕψους
1192 2495 1478 2566 ἀνώτερον,
1500 2495 1640 2549 ὥστε
1668 2493 1804 2566 πρὸς

231 2600 407 2652 ἐκεῖνο
437 2595 615 2663 λέγειν
644 2593 734 2647 τὸν
769 2591 902 2644 Θεὸν
933 2587 1230 2659 bdo-560m;
1267 2586 1440 2653 )ἀλλὰ
1463 2584 1522 2638 τὸ
1553 2586 1804 2638 ταπεινὸν

232 2691 328 2759 τῆς
363 2686 711 2758 ἀνθρωπίνης
745 2683 958 2754 φύσεως
983 2679 1245 2752 ύψοῦσθαι
1283 2679 1448 2748 λέγει,
1479 2676 1803 2741 δεικνύντος,

229 2778 404 2852 οἶμαι,
438 2778 533 2833 τοῦ
581 2777 739 2846 λόγου
782 2777 881 2846 τὴν
925 2774 1018 2830 τοῦ
1068 2771 1467 2843 ἀναληφθέντος
1518 2767 1804 2840 ἀνθρώπου

229 2871 367 2943 πρὸς
402 2871 467 2923 τὸ
509 2867 644 2938 ὕψος
679 2866 780 2936 τῆς
818 2863 966 2927 θείας
1009 2861 1223 2931 φύσεως
1268 2858 1586 2929 ὲξομοίωσίν
1610 2875 1669 2911 τε
1714 2857 1808 2910 καὶ

228 2962 446 3017 ἕνωσιν.
477 2958 647 3012 Τοῦτο
673 2956 851 3010 τοίνυν
881 2953 1162 3026 σημαίνειν
1188 2951 1282 3005 καὶ
1311 2952 1480 3022 μέγαν
1510 2947 1804 3001 πεπιστεύ-

230 3066 410 3121 καμεν
447 3047 684 3118 Πέτρον,
720 3047 777 3100 ὲν
819 3043 896 3115 τῷ
941 3044 1120 3112 λέγειν
1164 3042 1256 3096 τὸν
1311 3039 1515 3110 Κύριον
1563 3039 1658 3092 ἐπὶ
1711 3036 1806 3091 τοῦ

225 3139 472 3213 σταυροῦ
515 3137 874 3212 γεγενῆσθαι,
916 3137 1004 3190 διὰ
1031 3136 1131 3206 τῆς
1161 3133 1302 3188 κατά
1343 3132 1520 3186 πάντα
1567 3129 1702 3201 πρὸς
1744 3127 1806 3182 ea

217 3230 381 3285 Θεῖον
407 3231 672 3299 ὲνώσεως,
705 3232 880 3284 ἐκεῖνο
910 3228 1200 3299 γενόμενον
1233 3225 1260 3278 ὃ
1279 3225 1339 3279 τὸ
1360 3223 1514 3277 Θείόν
1545 3223 1711 3276 ἐστιν.
1744 3221 1806 3274 Εἰ

223 3326 284 3382 δέ
313 3341 401 3388 τις
439 3323 534 3377 καὶ
573 3321 915 3391 συγχωρήσει
956 3321 1014 3372 ὲν
1057 3315 1204 3388 αύτῴ
1237 3310 1659 3386 παρεξηγεῖσθαι
1708 3310 1808 3381 τὴν

229 3415 384 3468 θείαν
420 3413 639 3484 φωνὴν,
684 3411 803 3464 οὐδὲ
833 3409 1008 3472 οὕτως
1049 3408 1184 3477 πρὸς
1222 3407 1311 3460 τὸν
1343 3405 1542 3459 σκοπὸν
1593 3405 1689 3475 τῆς
1720 3405 1806 3456 atl-

235 3509 438 3578 θέσεως
472 3505 502 3558 ὁ
527 3504 681 3572 λόγος
705 3499 1237 3574 συμπερανθήσεται.
1272 3496 1512 3550 Δεδὸσθω
1540 3495 1648 3567 γὰρ
1681 3493 1808 3567 περὶ

229 3599 326 3652 τοῦ
359 3600 422 3650 ὲν
457 3597 599 3668 ἀρχῇ
638 3594 789 3658 δντος
830 3592 1006 3661 λέγειν
1045 3590 1135 3643 τὸν
1189 3587 1426 3660 Πέτρον,
1477 3587 1557 3642 ὅτι
1593 3585 1809 3654 Κύριον

229 3691 424 3746 αὑτὸν
461 3688 562 3742 καί
599 3685 856 3756 Χριστὸν
898 3681 1146 3750 ἐποίησε
1182 3681 1394 3735 τοῦτον
1428 3677 1534 3733 τὸν
1564 3676 1809 3745 Ἰησοῦν

233 3785 308 3838 ὅν
328 3781 500 3853 ὑμεῖς
519 3777 955 3848 ἐσταυρώσατε.
1010 3773 1346 3845 Εὐρίσκομεν
1396 3771 1503 3841 γὰρ
1553 3766 1676 3822 οὔτε
1721 3766 1809 3821 διὰ

230 3875 426 3931 τούτου
452 3873 550 3944 τὴν
581 3867 924 3942 βλασφημίαν
952 3863 1102 3935 ίσχύν
1121 3879 1241 3916 τινα
1264 3859 1407 3915 κατά
1425 3860 1524 3930 τῆς
1553 3855 1810 3928 ἀληθείας

231 3965 618 4037 λαμὸἀνουσαν
641 3977 654 3990 ’
697 3961 937 4028 Κύριον,
983 3955 1166 4026 φησὶν,
1198 3951 1384 4010 αὐτὸν
1417 3951 1514 4004 καί
1555 3948 1811 4018 Χριστὸν

231 4062 527 4126 ἐποίησεν
570 4057 603 4109 ὀ
651 4053 811 4118 Θεός.
865 4051 958 4113 Εἰς
1001 4047 1054 4102 τί
1113 4046 1291 4100 τοίνυν
1340 4042 1448 4096 τῶν
1510 4039 1810 4114 εἰρημένων

232 4148 606 4218 ἑπιναςξέρειν
655 4145 761 4216 χρὴ
800 4143 861 4196 τὸ
882 4140 1205 4206 ἐποίησεν;
1233 4134 1462 4189 τίνιτῶν
1485 4134 1542 4188 έν
1574 4135 1639 4203 τῇ
1671 4127 1810 4201 φρά-

236 4262 320 4298 σει
363 4241 631 4312 κειμένων
671 4237 770 4308 τὴν
815 4234 996 4304 φωνὴν
1043 4228 1456 4302 ἐφαρμόσομεν;
1511 4223 1650 4293 Τρία
1705 4222 1811 4295 γάρ

234 4339 388 4390 ἐστιν
405 4333 473 4386 τὰ
494 4328 841 4403 προκείμενα·
860 4320 1055 4388 οὗτος,
1075 4321 1168 4376 καὶ
1194 4320 1407 4388 Κύριος
1429 4316 1520 4370 καὶ
1535 4315 1808 4383 Χριστός·

1910 481 2046 537 Deus
2093 481 2228 533 hunc
2259 477 2444 531 Jesum
2490 491 2641 547 quem
2690 493 2776 530 vos
2816 475 3180 545 cruci/ixislis.
3212 477 3479 537 Omnibus

1907 573 2072 642 igitur
2121 571 2174 624 in
2222 569 2473 624 eumdem
2506 570 2961 624 concurrentibus
2994 580 3046 623 et
3089 585 3220 626 voce
3257 572 3480 626 demon-

1907 671 2115 719 Straute
2147 677 2270 716 eum
2301 661 2394 730 qui
2429 659 2668 714 humane
2695 663 3006 714 nominatus
3030 668 3134 724 est,
3169 670 3221 714 et
3253 678 3479 719 accusa-

1907 757 2055 810 tione
2092 771 2278 810 eorum
2314 753 2408 822 qui
2447 751 2593 806 cazde
2644 767 2701 806 se
2749 753 3071 822 polluerant,
3123 761 3176 807 et
3225 757 3481 823 passione

1908 847 2208 903 secundum
2237 860 2491 900 crucem:
2534 843 2847 897 necessario
2883 845 2948 896 ad
2997 843 3048 897 id
3076 845 3220 914 quod
3259 857 3481 915 apparet

1909 937 2260 1008 intelligentia
2320 935 2609 991 verborum
2666 933 2948 988 relercnda
2999 943 3103 989 est.
3151 933 3251 989 llic
3299 945 3480 991 autem

1906 1027 2207 1082 Eunomius
2255 1027 2330 1080 ait
2374 1025 2592 1080 Petrum
2645 1025 2759 1079 haec
2801 1026 3018 1094 quidem
3059 1027 3257 1089 dicere,
3296 1036 3348 1082 et
3386 1044 3481 1098 per

1906 1121 2130 1175 verbum
2176 1119 2299 1188 fecit
2342 1133 2463 1187 qua:
2503 1125 2588 1171 est
2636 1124 2763 1171 ante
2807 1118 3004 1172 saecula
3054 1120 3346 1174 essentiam
3381 1120 3478 1175 dc-

1907 1222 2233 1266 ntonstrare.
2281 1207 2387 1264 Sed
2436 1208 2746 1264 nutricibus
2790 1216 2845 1262 et
2894 1208 3126 1264 aniculis
3181 1211 3480 1266 concedere

1906 1317 2030 1357 cum
2061 1300 2345 1356 infantulis
2372 1306 2424 1354 et
2454 1299 2694 1368 parvulis
2736 1298 2922 1354 ludere
2954 1299 3088 1354 nihil
3139 1300 3296 1355 all‘ert
3336 1303 3479 1371 peri-

1907 1392 2037 1455 culi,
2069 1400 2122 1448 et
2145 1392 2211 1446 ad
2235 1390 2489 1461 quaelibet
2519 1406 2650 1446 suas
2679 1392 2731 1444 in
2763 1391 2992 1446 somniis
3021 1391 3258 1448 visiones
3291 1393 3479 1447 tradu-

1907 1497 2063 1538 cere:
2094 1483 2190 1540 sed
2223 1499 2346 1538 cum
2375 1498 2405 1536 a
2430 1481 2539 1536 Deo
2570 1482 2833 1552 inspirata
2861 1497 2962 1536 vox
2988 1483 3055 1536 ad
3082 1484 3478 1553 expositionem

1908 1575 2255 1646 pr0pouitur,
2294 1582 2440 1629 vetat
2480 1589 2712 1644 magnus
2748 1574 3044 1643 Apostolus
3072 1575 3244 1631 aniles
3275 1584 3327 1630 et
3358 1577 3479 1629 ina-

1908 1682 2004 1721 nes
2050 1680 2214 1720 voces
2257 1663 2533 1719 all‘ectare.
2592 1665 2822 1718 Crucem
2863 1664 3008 1719 enim
3054 1667 3302 1731 audiens,
3353 1682 3480 1720 cru-

1909 1773 2028 1812 cem
2063 1757 2327 1826 intelligo,
2381 1765 2434 1810 et
2476 1756 2774 1811 humanum
2830 1772 3027 1812 nomen
3075 1756 3288 1823 doctus,
3324 1759 3479 1814 video

1908 1849 2236 1903 declaratam
2264 1861 2359 1916 per
2381 1847 2431 1899 id
2458 1862 2656 1900 nomen
2689 1855 2962 1901 naturam.
2993 1847 3146 1902 Hunc
3169 1849 3332 1918 igitur
3353 1865 3477 1904 cum

1908 1938 2074 1994 didici
2100 1954 2165 1992 ex
2197 1938 2356 1992 Petro
2381 1936 2582 1990 factum
2613 1953 2733 1992 esse
2764 1937 3052 1991 Dominum
3087 1944 3142 1992 et
3171 1939 3476 2005 Christum,

1907 2044 2030 2084 eum
2057 2029 2149 2099 qui
2183 2029 2235 2082 in
2271 2029 2472 2083 nostris
2493 2028 2664 2084 oculis
2695 2027 2869 2082 fartus
2892 2037 2977 2083 est
2999 2027 3181 2092 dicere
3213 2045 3318 2084 non
3361 2047 3479 2084 am-

1908 2119 2056 2189 bigo,
2089 2119 2390 2189 prmsertim
2426 2133 2549 2173 cum
2583 2118 2758 2173 sancti
2788 2118 2893 2173 sibi
2921 2120 3224 2175 concordes
3254 2121 3362 2175 sint
3395 2121 3478 2175 iti-

1907 2211 2082 2266 vicem
2116 2210 2172 2264 in
2202 2209 2326 2264 aliis
2351 2208 2625 2274 omnibus,
2667 2215 2779 2263 tum
2815 2208 2868 2262 iu
2902 2208 3003 2262 hac
3031 2217 3204 2279 parte.
3235 2208 3305 2265 Ut
3332 2213 3477 2266 enim

1910 2303 2028 2372 ipse
2056 2300 2378 2359 cruciﬁxum
2409 2299 2610 2354 factum
2643 2314 2763 2354 esse
2792 2299 2926 2354 dicit
2959 2299 3241 2355 Dominum
3269 2319 3284 2358 :
3315 2303 3396 2356 sic
3426 2312 3480 2357 et

1909 2391 2116 2448 Paulus
2154 2393 2230 2446 ait
2262 2392 2439 2462 ipsum
2475 2391 2935 2462 supercxaltatum
2971 2407 3092 2448 esse
3119 2401 3240 2462 post
3266 2394 3477 2464 passio-

1909 2501 2031 2541 nem
2067 2494 2122 2541 et
2154 2483 2638 2547 resurrectionem,
2684 2497 2790 2536 non
2822 2497 2929 2552 qua
2966 2481 3108 2537 Deus
3136 2492 3241 2548 est,
3281 2498 3480 2538 secun-

1910 2576 2038 2631 dum
2073 2577 2218 2630 illam
2249 2576 2514 2630 rationem
2539 2575 2873 2630 exaltatum:
2905 2574 3034 2643 quid
3061 2575 3216 2628 enim
3233 2573 3324 2629 Dei
3355 2576 3479 2629 alti-

1911 2669 2100 2723 tudine
2129 2669 2292 2724 altius
2319 2667 2710 2738 supereminet,
2746 2673 2805 2720 ut
2834 2665 2903 2720 ad
2935 2667 3065 2720 illud
3089 2666 3257 2721 Deum
3289 2667 3476 2722 extolli

1911 2759 2088 2814 dicat?
2125 2759 2220 2814 sed
2265 2758 2410 2828 quod
2456 2757 2704 2811 humana:
2751 2767 2958 2812 natura:
3010 2757 3211 2812 humile
3255 2765 3338 2813 est
3380 2774 3479 2811 ex-

1912 2849 2067 2903 altari
2087 2847 2238 2913 dicit,
2252 2846 2683 2912 demonstrantc,
2703 2854 2759 2899 ut
2778 2855 2928 2916 puto,
2948 2862 3198 2902 sermone
3215 2848 3477 2917 assumpti

1914 2940 2152 2997 hominis
2190 2939 2257 2994 ad
2304 2939 2504 2994 divinae
2534 2947 2741 2992 natura:
2779 2938 3178 3006 celsitudinem,
3226 2939 3480 2995 similitu-

1913 3033 2204 3102 dinemque
2233 3038 2289 3086 et
2315 3031 2594 3086 unionem.
2629 3028 2741 3084 Hoc
2771 3031 2936 3101 igitur
2982 3045 3233 3100 magnum
3261 3030 3479 3086 Petrum

1914 3123 2223 3194 signiﬁcare
2249 3121 2544 3185 credimus,
2583 3121 2711 3175 dum
2751 3121 2884 3176 dicit
2915 3121 3199 3176 Dominum
3231 3121 3283 3175 in
3318 3137 3481 3177 cruce

1917 3212 2118 3267 factum
2164 3226 2306 3275 esse,
2357 3220 2581 3282 propter
2632 3212 2687 3265 in
2723 3211 2978 3268 omnibus
3028 3227 3150 3268 cum
3199 3213 3483 3268 divinitate

1913 3305 2214 3360 unitionem
2242 3303 2374 3358 illud
2411 3302 2611 3358 factum
2645 3305 2786 3374 quod
2812 3303 2954 3359 Deus
2982 3311 3084 3358 est.
3112 3303 3262 3370 Quod
3289 3305 3333 3360 si
3356 3305 3482 3374 quis

1913 3395 2074 3489 etiam
2104 3395 2366 3450 concedet
2410 3395 2465 3450 in
2517 3396 2638 3464 ipso
2672 3405 2816 3450 recte
2863 3395 3206 3464 interpretari
3243 3395 3479 3449 divinam

1912 3486 2123 3552 vocem,
2160 3503 2340 3557 neque
2368 3487 2446 3543 sic
2471 3486 2537 3541 ad
2569 3502 2791 3558 scopum
2826 3487 3098 3543 haereseos
3129 3489 3484 3542 concludetur

1913 3579 2110 3636 oratio.
2147 3577 2314 3634 Detur
2341 3579 2483 3633 enim
2519 3577 2738 3634 Petrum
2776 3579 2922 3649 loqui
2969 3579 3035 3634 de
3061 3594 3125 3634 eo
3157 3581 3246 3649 qui
3276 3588 3391 3633 erat
3426 3579 3481 3633 in

1913 3668 2200 3740 principio,
2245 3669 2390 3738 quod
2425 3668 2705 3723 Dominum
2740 3670 2908 3737 ipsum
2953 3680 3001 3723 et
3049 3669 3317 3723 Clu-istum
3358 3671 3482 3736 fecit

1914 3763 2049 3817 [tunc
2062 3761 2244 3816 Iesum
2263 3778 2410 3832 quem
2431 3778 2516 3816 vos
2534 3761 2897 3830 cruciﬁxistis.
2924 3759 3300 3829 Comperimus
3335 3760 3482 3813 cuitu

1915 3868 2093 3923 neque
2139 3869 2234 3924 per
2283 3853 2386 3908 hoc
2431 3851 2822 3922 blasphemiam
2864 3852 2970 3906 vim
3008 3852 3241 3920 aliquam
3293 3859 3485 3904 contra

1914 3947 2195 4002 veritatem
2235 3960 2550 4001 assumere:
2588 3944 2890 4004 Dominum,
2922 3943 3016 4006 ait,
3048 3943 3219 4011 ipsum
3248 3951 3296 3995 et
3331 3939 3485 3996 Chri-

1916 4047 2056 4093 stum
2091 4038 2214 4107 fecit
2246 4037 2406 4092 Deus.
2459 4035 2538 4089 Ad
2587 4034 2716 4106 quid
2767 4033 2929 4104 igitur
2976 4032 3166 4087 horum
3211 4031 3482 4086 dicturum

1916 4130 2138 4187 verbum
2163 4130 2284 4199 fecit
2312 4127 2653 4184 referendum
2687 4125 2804 4180 est?
2835 4122 2923 4177 cui
2953 4138 3140 4179 eorum
3169 4137 3289 4193 qua:
3311 4123 3361 4176 in
3381 4122 3485 4177 hac

1919 4221 2195 4276 locutione
2228 4219 2405 4289 posita
2435 4223 2562 4272 sunt
2590 4229 2776 4270 vocem
2809 4213 3154 4283 aptabimus?
3189 4213 3317 4266 Tria
3337 4211 3486 4266 enim

1918 4318 2047 4368 sunt
2073 4329 2087 4365 :
2113 4309 2220 4372 hic,
2247 4316 2302 4363 et
2324 4306 2580 4362 Dominus
2607 4312 2660 4358 et
2685 4300 2925 4357 Christus
2964 4321 2975 4357 :
3000 4319 3123 4358 cum
3152 4317 3261 4375 quo
3289 4301 3488 4357 horum

234 4429 342 4482 τίνι
418 4424 624 4478 τούτων
698 4421 798 4491 τὴν
860 4415 1149 4482 ἐποίησεν
1211 4407 1534 4472 συσκευάζει
1593 4405 1808 4476 ςωνήνς

1918 4401 2141 4457 verbum
2176 4398 2296 4468 fecit
2333 4396 2646 4452 construit?
2681 4392 2786 4449 Sed
2827 4393 3011 4450 nullus
3054 4400 3273 4450 esttam
3306 4391 3485 4450 audax

247 4517 392 4572 ’Δλϊ
421 4515 600 4578 οὐδεὶς
641 4510 812 4574 οὕτως
853 4506 994 4562 κατά
1025 4505 1124 4575 τῆς
1166 4501 1419 4572 ἀληθείας
1461 4497 1695 4570 θρασὺς,
1741 4495 1817 4559 ὡς

236 4614 416 4668 εἰπεῖν
447 4611 532 4663 ὅτι
568 4607 644 4678 μὴ
685 4603 819 4675 πρὸς
852 4601 945 4653 τὸν
994 4594 1223 4668 Χριστόν
1270 4609 1328 4646 τε
1379 4590 1472 4645 κα)⁸
1500 4588 1704 4678 Κύριον
1753 4587 1818 4639 τὸ

236 4705 536 4772 ἐποίησεν
571 4675 775 4769 βλέπει,
793 4695 959 4746 Ὀντα
985 4689 1094 4759 γὰρ
1127 4685 1287 4740 αὑτὸν
1307 4684 1336 4737 ὅ
1354 4682 1408 4736 τί
1439 4697 1568 4772 ποτε
1581 4675 1818 4772 imiimi

239 4798 366 4851 στὸν
404 4767 519 4847 ἰκαὶ
573 4767 778 4860 Κύριον
821 4780 1149 4853 γεγενῆσθαι
1196 4773 1348 4847 παρά
1395 4770 1490 4826 τοῦ
1535 4768 1746 4840 Πατρὸς
1788 4767 1818 4819 ὁ

237 4890 449 4958 Πέτρος
471 4883 652 4955 φησίν.
683 4879 797 4934 Ούκ
829 4875 960 4948 ἐμὸς
986 4877 1016 4928 ὁ
1057 4868 1236 4942 λόγος,
1270 4866 1381 4921 ἀλλ’
1408 4861 1571 4918 αὐτοῦ
1594 4861 1686 4915 τοῦ
1709 4877 1814 4932 μα-

235 4980 474 5052 χομένου
504 4973 580 5045 τῷ
601 4973 762 5042 λόγῳ.

307 5038 455 5138 δητὶ
481 5038 588 5135 γὰρ
613 5038 876 5122 ὲν-αύτοῐς
906 5057 1018 5118 τοῖς
1042 5045 1417 5122 προκειμένοις
1447 5039 1654 5138 “imitor;
1685 5038 1814 5138 ημῖν

235 5166 317 5226 είς
343 5130 614 5224 ἐξέτασιν,
636 5151 835 5208 οὑτωσὶ
853 5150 961 5211 τοῖς
995 5145 1198 5218 ῥήμασι
1222 5138 1415 5208 λέγων’
1448 5131 1586 5226 Περὶ
1614 5130 1719 5226 τοῦ
1738 5130 1818 5226 ἐν

236 5218 406 5322 ἀρχά
444 5218 619 5312 ὄντος·
659 5242 759 5299 καὶ
810 5238 957 5295 Θεοῦ
1000 5223 1591 5322 ὄντος,ό-ιιακάριος
1618 5218 1816 5322 διαλέ-

449 5310 693 5406 Harp—oc,
724 5333 825 5389 καὶ
875 5329 1090 5384 τοῦτον
1137 5318 1478 5378 ἐκδιδάσκει
1515 5310 1818 5409 γεγονέναι

243 5405 474 5504 Κύριον
500 5405 597 5484 καί
629 5425 908 5496 Χριστόν.
941 5416 1151 5474 Οὐκοῦν
1179 5414 1268 5468 τὸν
1286 5412 1412 5466 ὄντα
1438 5407 1535 5462 ὂτί
1567 5423 1702 5504 ποτε
1725 5405 1820 5458 καὶ

243 5497 597 5598 ἦνίΧριστδν
625 5517 904 5588 γεγονέναι
929 5513 1024 5567 καὶ
1059 5507 1262 5598 Κύριον
1289 5505 1318 5559 δ
1353 5497 1816 5598 Πύνόμιοςᾼλέγει,

246 5587 336 5673 die
361 5587 431 5687 δή
449 5614 544 5669 καὶ
569 5587 822 5682 πείριτοῦ
842 5604 1011 5661 Δαόὶδ
1030 5597 1236 5670 ἱστορία
1263 5594 1428 5687 φησιν
1445 5633 1459 5656 ,
1487 5592 1568 5687 ὅτι
1598 5587 1824 5687 Υἱὸς-ων

253 5711 342 5765 τοῦ
357 5709 576 5775 Ἰεσσαὶ,
603 5704 695 5760 καὶ
715 5701 823 5757 τῶν
854 5696 1116 5772 ποιμνίων
1147 5685 1469 5750 ἐπιστατῶν,
1495 5684 1572 5746 είς
1603 5679 1825 5751 βασιλέα

1915 4496 1968 4545 et
1998 4485 2323 4542 temerarius
2356 4483 2604 4540 veritatis
2636 4492 2999 4553 oppugnator,
3031 4483 3162 4553 quin
3194 4482 3339 4539 dicat
3360 4498 3488 4537 vera

1914 4579 2042 4634 bum
2065 4577 2186 4648 fecit
2205 4576 2274 4633 ad
2296 4575 2573 4632 Christum
2596 4582 2649 4629 et
2677 4573 2962 4628 Dominum
2992 4573 3489 4644 respicereﬁpsum

1914 4670 2058 4726 enim
2097 4684 2221 4724 cum
2254 4676 2423 4732 esset,
2458 4665 2605 4738 quod
2637 4665 2855 4736 quidem
2895 4665 3007 4734 jam
3035 4673 3175 4728 erat,
3206 4663 3490 4718 Christum

1914 4772 1968 4816 et
2021 4760 2309 4816 Dominum
2350 4759 2552 4815 factum
2602 4773 2726 4814 esse
2777 4772 2808 4810 a
2863 4754 2974 4813 Deo
3026 4755 3220 4812 Petrus
3268 4755 3489 4810 asserit.

1918 4851 2036 4908 Non
2083 4869 2236 4910 meus
2281 4859 2366 4908 est
2408 4865 2612 4917 sermo,
2666 4848 2762 4906 scd
2796 4849 2915 4920 ejus
2945 4848 3037 4921 qui
3082 4864 3184 4904 nos
3211 4851 3487 4919 oppugnat

1918 4947 2184 5004 oratione.

1988 5044 2079 5098 Ait
2098 5041 2241 5097 enim
2274 5039 2327 5094 in
2354 5037 2442 5094 his
2481 5036 2615 5109 ipsis
2650 5051 2769 5107 quas
2789 5031 3148 5091 examinanda
3175 5030 3332 5085 nobis
3364 5021 3490 5100 pro-

1917 5134 2220 5205 posuimus,
2247 5132 2326 5186 sic
2357 5129 2539 5184 verbis
2572 5129 2790 5183 dicens:
2835 5125 2909 5180 De
2939 5142 2998 5180 eo
3029 5125 3117 5194 qui
3141 5123 3194 5176 in
3230 5120 3489 5192 principio

1917 5237 2032 5283 erat
2066 5226 2224 5289 Deus,
2257 5224 2437 5278 beatus
2476 5220 2689 5276 disserit
2725 5219 2933 5284 Petrus,
2978 5226 3027 5272 et
3054 5216 3188 5268 hunc
3227 5213 3372 5268 docet
3399 5215 3489 5282 μ-

1920 5329 2061 5372 etum
2118 5331 2228 5369 esse
2277 5313 2558 5368 Dominum
2597 5320 2644 5365 et
2679 5309 2968 5365 Christum.
3009 5307 3146 5375 Ergo
3196 5321 3318 5360 eum
3362 5317 3488 5358 cum

1919 5415 2066 5466 esset
2099 5405 2242 5479 quod
2287 5404 2560 5476 quondam
2591 5402 2754 5458 etiam
2786 5407 2926 5466 erat,
2977 5397 3253 5453 Christum
3287 5395 3486 5450 factum

1919 5516 2044 5558 esse
2072 5509 2127 5554 et
2151 5497 2462 5558 Dominum,
2498 5494 2574 5548 ait
2596 5491 2917 5554 Eunomius,
2945 5489 3125 5560 qualia
3148 5495 3294 5543 certe
3322 5487 3487 5541 etiam

1920 5594 1986 5650 de
2012 5592 2174 5646 David
2210 5587 2433 5644 historia
2453 5585 2616 5640 dicit:
2663 5587 2799 5654 quod
2825 5585 2968 5639 ﬁlius
2987 5597 3110 5637 cum
3133 5593 3278 5637 esset
3294 5578 3491 5641 Jessm,

1923 5694 1973 5742 et
2019 5681 2270 5756 gregibus
2320 5676 2626 5748 praefectus,
2666 5676 2718 5732 in
2749 5692 2927 5750 regem
2977 5681 3173 5730 unctus
3202 5670 3339 5728 fuit:
3379 5685 3489 5727 non
