3992 6210
476 286 591 358 ⁸138

1612 324 1618 330 ·
1705 299 1762 355 S.
1814 294 2140 355 GREGORll
2180 295 2479 355 NYSSENI

3622 298 3738 355 736

477 420 624 492 quod
655 418 838 476 unctio
879 426 1011 474 tunc
1041 415 1275 488 primum
1320 415 1497 489 ipsum
1527 417 1804 475 hominem
1841 418 2051 483 fecerit,

2162 419 2401 491 ὲχρίσθη·
2446 420 2545 474 οὑκ
2580 419 2862 492 ἄνθρωπον
2906 419 3066 473 αὑτδν
3132 415 3431 489 τηνικαῦτα
3473 415 3744 487 ποιούσης

478 513 573 571 sed
618 527 741 567 cum
783 519 928 567 esset
959 509 1103 585 quod
1141 508 1360 580 quidem
1393 519 1511 565 erat
1556 511 1858 567 secundum
1901 527 2055 566 suam

479 613 753 665 naturam,
789 618 854 656 ex
883 604 1096 672 privato
1131 603 1183 657 in
1225 617 1405 672 regem
1434 604 1746 658 mutaverit.
1783 602 1922 670 Quid
1957 603 2058 673 igi-

479 692 605 745 tur?
652 693 897 761 magisne‘
935 708 1030 761 per
1063 692 1176 746 bmc
1218 691 1339 746 Filii
1369 692 1664 747 essentiam
1708 691 1904 746 factam
1936 706 2060 746 esse

481 784 847 853 pnestruitnr,
897 783 967 849 si,
1011 782 1467 853 quemadmodum
1517 784 1592 836 ait
1642 782 1962 846 Eunomius,
2002 782 2055 836 in

482 876 751 945 principio
777 874 955 945 ipsum
987 876 1081 944 qui
1112 881 1249 933 erat.
1268 882 1322 929 et
1349 873 1492 931 Deus
1520 882 1658 939 erat,
1689 882 1742 931 et
1771 874 2057 929 Dominum

480 973 533 1019 et
554 964 832 1019 Christum
867 963 1011 1019 Deus
1046 964 1210 1019 fecit?
1238 964 1545 1020 Dominatio
1566 967 1711 1021 enim
1744 982 1850 1021 non
1878 983 2061 1022 essen-

480 1058 573 1113 tiae
600 1073 799 1112 nomen
841 1058 935 1112 scd
978 1058 1267 1127 potestatis
1297 1067 1402 1124 est,
1451 1066 1504 1113 et
1534 1058 1734 1114 Christi
1772 1059 2060 1129 appellatio

480 1167 712 1222 regnum
759 1149 1021 1213 ostendit,
1068 1150 1208 1205 alius
1236 1158 1417 1205 autem
1460 1150 1636 1220 regni,
1676 1150 1815 1207 alius
1853 1160 2059 1208 natura

482 1259 685 1299 sermo.
743 1240 1138 1297 Verumtamen
1195 1242 1310 1297 haec
1359 1243 1503 1297 circa
1548 1242 1744 1298 Filium
1792 1243 1886 1300 Dei
1917 1244 2057 1300 facta

480 1351 605 1391 esse
655 1336 729 1390 ait
750 1335 1054 1405 Scriptura.
1074 1335 1502 1391 Consideremus
1532 1336 1696 1407 igitur
1716 1336 1860 1407 quod
1888 1338 2061 1408 magis

482 1428 628 1497 pium
657 1435 1269 1483 estetconsentaueum.
1298 1426 1599 1493 Quemnam
1631 1443 1729 1498 per
1755 1418 2057 1499 profectum

480 1519 718 1590 alicujus
747 1520 1011 1574 honorum
1041 1520 1404 1575 excelsiorum
1438 1519 1762 1590 participem
1808 1520 1925 1576 ﬁeri
1977 1521 2060 1576 fas

480 1618 568 1666 est
608 1621 662 1667 et
694 1610 841 1679 pium
895 1610 1098 1675 dicere,
1145 1608 1313 1664 Deum
1366 1624 1436 1664 an
1469 1609 1788 1665 hominem?
1821 1610 1955 1678 Quis
1986 1611 2059 1665 ita

483 1711 664 1757 mente
686 1716 843 1772 puer,
874 1702 966 1773 qui
994 1709 1145 1768 putet
1164 1698 1334 1755 Deum
1364 1700 1676 1757 accessione
1691 1708 1744 1757 et
1771 1710 2062 1772 augmento

482 1793 551 1849 ad
580 1794 879 1865 perfectum
922 1792 1089 1847 ferri?
1126 1791 1199 1847 De
1231 1793 1468 1847 humana
1510 1801 1689 1847 autem
1726 1801 1920 1848 natura
1952 1794 2061 1848 tale

483 1887 727 1957 cogitare
752 1900 862 1939 non
893 1891 975 1941 est
1008 1883 1441 1951 dissentaneum,
1478 1883 1917 1956 quandoquidem
1959 1900 2059 1939 vox

378 2034 385 2042 ,
480 1980 794 2050 evangelica
882 1977 1177 2033 manifesto
1281 1977 1584 2032 secundum
1665 1977 2057 2032 humanitatem

483 2069 714 2126 Domino
763 2070 1013 2125 attribuit
1065 2069 1485 2123 incrementum.
1543 2067 1702 2123 Iesus
1746 2069 1910 2134 enim,
1962 2069 2056 2133 ait,

481 2163 789 2234 proﬁciebat
842 2169 1027 2223 artare,
1080 2167 1130 2212 et
1184 2158 1467 2228 sapientia,
1515 2166 1565 2212 et
1601 2158 1775 2229 gratia
1798 2158 1864 2212 ".
1919 2157 2057 2223 Quid

396 2290 400 2293 -
482 2256 648 2326 igitur
698 2253 870 2322 magis
922 2258 1346 2305 consentaneum
1395 2258 1481 2305 est
1532 2265 1595 2306 ex
1649 2249 1878 2320 apostoli
1928 2263 2059 2304 voce

483 2360 789 2417 supponere
814 2344 979 2399 Deum
1008 2344 1100 2414 qui
1124 2353 1241 2398 erat
1263 2342 1318 2396 in
1348 2342 1617 2413 principio
1647 2358 1711 2397 ex
1737 2341 2060 2398 accessione

483 2449 536 2494 et
571 2436 815 2509 profectu
848 2434 1134 2488 Dominum
1181 2432 1384 2489 factum
1412 2448 1557 2502 esse,
1580 2448 1747 2504 quam
1782 2433 1926 2505 quod
1956 2434 2058 2489 hu-

483 2528 610 2584 mile
648 2537 731 2583 est
766 2528 1014 2581 humanae
1042 2532 1252 2580 natum
1303 2540 1370 2580 ex
1398 2524 1781 2581 communione
1819 2540 1941 2582 cum
1975 2526 2059 2580 di-

483 2619 711 2676 vinitate
734 2600 799 2672 ad
831 2615 1115 2688 dignitatis
1154 2614 1538 2671 celsitudinem
1566 2615 1816 2671 assumi?
1846 2615 2055 2671 Etenim

483 2709 653 2765 David
699 2708 959 2779 propheta
1019 2722 1088 2763 ex
1143 2720 1377 2777 persona
1437 2703 1650 2759 Domini
1687 2706 1909 2776 inquit:
1951 2705 2056 2776 Ego

483 2804 802 2859 constitutus
837 2818 949 2857 sum
990 2815 1085 2854 rex
1110 2798 1174 2853 ab
1196 2816 1254 2853 eo
1287 2797 1354 2851 ".
1399 2795 1631 2853 Perinde
1660 2813 1723 2852 ac
1752 2799 1799 2852 si
1830 2797 2055 2864 diceret,

481 2894 737 2949 Christus
766 2892 941 2946 factus
970 2904 1113 2944 sum.
1169 2888 1235 2939 Et
1263 2900 1479 2951 rursus,
1536 2896 1795 2956 tanquam
1832 2902 1899 2942 ex
1937 2903 2059 2958 per-

483 3001 617 3041 sona
643 2983 822 3038 Patris
854 2982 920 3036 ad
954 2978 1150 3034 Filium
1177 2996 1190 3032 :
1214 2977 1506 3032 Dominare
1536 2980 1587 3032 in
1613 2978 1784 3033 medio
1815 2980 2062 3035 inimico-

2157 514 2255 582 τῆς
2289 513 2520 582 κρίσεως
2541 552 2556 577 ,
2588 512 2705 565 ἀλλ’
2742 512 2871 565 ὂντα
2915 510 3055 564 κατὰ
3083 510 3187 581 τὴν
3213 508 3376 563 αὑτοῦ
3410 507 3569 578 φύσιν
3594 508 3747 578 ὅπερ

2157 601 2487 671 ἐτύγχανεν,
2515 602 2573 668 ἐξ
2623 602 2832 656 ἰδιώτου
2876 601 3012 673 πρὸς
3055 601 3292 672 βασιλέα,
3332 599 3743 671 μετατιθείσης.

2159 696 2224 748 Τί
2256 692 2348 749 οὖν
2395 695 2594 766 μᾶλλον
2624 695 2711 749 διὰ
2739 695 2943 749 τούτων
2977 695 3039 750 τὸ
3084 695 3412 764 πεποιῆσθαι
3457 694 3549 748 τοῦ
3596 692 3749 747 Υίοῦ

2158 786 2257 857 τὴν
2284 786 2471 840 οὐσίαν
2514 786 2981 850 κατασκευάζεται
3002 825 3017 848 ,
3055 786 3124 847 εί,
3164 784 3344 849 καθώς
3377 801 3539 856 φησιν
3561 785 3593 837 ὁ
3626 785 3741 837 Εὖ-

2157 879 2364 950 νόμιος,
2396 880 2455 933 ὲν
2481 880 2620 951 ἀρχῇ
2652 880 2813 933 αὑτὸν
2846 881 2993 942 ὄντα,
3031 878 3124 932 καὶ
3153 878 3285 931 Θεὸν
3316 877 3473 944 ὄντα,
3496 878 3592 931 καὶ
3621 876 3749 930 K13-

2160 987 2275 1042 ριον
2293 1014 2305 1030 .
2340 972 2431 1025 καὶ
2461 971 2690 1043 Χριστόν
2709 974 2736 1026 ό
2758 972 2890 1035 Θεὸς
2927 972 3212 1041 ἐποίησεν;
3247 970 3311 1023 ’Π
3335 970 3444 1041 γὰρ
3475 970 3751 1041 κυριότης

2157 1064 2279 1135 οὑχὶ
2329 1064 2516 1127 οὐσίας
2562 1065 2753 1136 ὅνομα,
2810 1064 2925 1118 ἀλλ’
2977 1063 3224 1130 ἐξουσίας
3252 1062 3398 1126 ἐστὶ,
3430 1062 3522 1115 καὶ
3552 1064 3587 1132 ἡ
3633 1060 3748 1114 τοῦ

2157 1156 2394 1229 Χριστοῦ
2422 1158 2758 1230 προσηγορία
2779 1157 2877 1229 τὴν
2899 1158 3174 1228 βασιλείαν
3199 1156 3545 1219 ἐνδείκνυται,
3571 1156 3753 1219 ἄλλος

2157 1251 2215 1307 δὲ
2249 1251 2350 1321 τῆς
2383 1250 2687 1321 βασιλείας,
2735 1250 2827 1304 καὶ
2866 1244 3053 1323 ἕτερος
3100 1250 3129 1301 ό
3164 1248 3269 1318 τῆς
3298 1246 3509 1317 φύσεως
3545 1246 3749 1315 λόγος.

2171 1343 2332 1398 Ἀλλὰ
2363 1341 2469 1414 μὴν
2501 1341 2674 1397 ταῦτα
2704 1343 2830 1413 περί
2855 1341 2945 1395 τὸν
2971 1342 3100 1395 Υἰδν
3122 1340 3216 1395 τοῦ
3247 1337 3382 1394 Θεοῦ
3407 1338 3755 1410 γεγενῆσθαί

2160 1450 2324 1504 φησιν
2374 1436 2409 1505 ἡ
2453 1434 2665 1504 Γραφή.
2712 1433 2920 1487 Οὐκοῦν
2966 1431 3391 1503 ἐπισκεψώμεθα
3433 1432 3495 1485 τὸ
3524 1430 3756 1502 μᾶλλον

2158 1526 2382 1591 εὑσεὸὲς
2421 1527 2514 1581 καὶ
2555 1526 2863 1582 ἀκόλουθον.
2913 1526 3047 1581 Τίνα
3092 1525 3234 1580 κατὰ
3265 1523 3539 1598 προκοπὴν
3592 1540 3759 1595 μετ-

2160 1618 2302 1688 έχειν
2333 1618 2474 1680 τινὸς
2507 1619 2616 1673 τῶν
2645 1618 2989 1692 ὑψηλοτέρων
3021 1617 3213 1687 εὐαγές
3258 1619 3372 1671 ἐστι
3401 1616 3608 1685 unus;
3631 1616 3759 1667 τὴν

2160 1710 2313 1773 Θεὸν,
2345 1710 2378 1780 ἦ
2410 1710 2500 1763 τὸν
2538 1710 2854 1782 ἄνθρωπονς
2889 1709 2984 1772 Τίς
3015 1707 3157 1762 οὑτω
3184 1710 3311 1772 παῖς
3344 1709 3440 1778 τὴν
3459 1706 3754 1769 διάνοιαν,

2161 1804 2237 1868 ὡς
2285 1802 2491 1857 οἴεσθαι
2541 1802 2602 1855 τὸ
2644 1795 2799 1856 Θεῖον
2846 1804 2911 1856 ὲκ
2956 1799 3271 1873 προσθήκης
3302 1800 3393 1853 ἐπὶ
3434 1799 3492 1852 τὸ
3519 1798 3760 1853 τέλειον

2162 1895 2453 1964 φέρεσθαι;
2483 1892 2619 1964 Περὶ
2646 1892 2702 1947 δὲ
2729 1893 2828 1963 τῆς
2857 1891 3204 1963 ἀνθρωπίνης
3229 1889 3441 1959 φύσεως
3464 1889 3521 1944 τδ
3546 1889 3760 1944 τοιοῦ-

2160 2002 2253 2040 τον
2288 1986 2566 2050 ὑπονοεῖν,
2609 1985 2711 2039 οὑκ
2755 1983 2860 2051 ἔξω
2890 1985 2983 2040 τοῦ
3028 1984 3235 2048 εἰκότος
3261 1982 3407 2050 ἐστὶ,
3439 1982 3616 2052 σαφῶς
3636 1981 3761 2054 τῷ

2160 2077 2352 2149 Κυρίῳ
2383 2077 2481 2148 τῆς
2507 2076 2599 2130 τοὺ
2649 2077 2981 2147 Εὑαγγελίου
3020 2079 3203 2149 φωνῆς
3226 2076 3326 2149 τὴν
3365 2073 3501 2131 κατὰ
3522 2073 3583 2128 re
3619 2074 3759 2128 ἀν-

2161 2166 2429 2239 θρώπινον
2471 2167 2699 2239 αὔξησιν
2746 2167 3307 2240 προσμαρτυρούσης’
3352 2165 3574 2234 Ἰησοῦς
3608 2159 3762 2231 γὰρ

2159 2258 2523 2326 προέκοπτε,
2554 2258 2738 2330 φησὶν,
2773 2260 2976 2328 ἡλικίᾳ
3017 2258 3116 2314 καὶ
3162 2259 3349 2328 σοφίᾳ
3390 2256 3485 2312 καὶ
3509 2254 3759 2326 χάριτι.

2159 2349 2227 2403 Τί
2255 2350 2435 2405 τοίνυν
2476 2349 2841 2422 εὐλογώτερόν
2878 2351 3026 2405 ἐστιν
3066 2352 3130 2406 ὲκ
3157 2351 3260 2422 τῆς
3306 2348 3401 2403 τοῦ
3434 2346 3760 2403 ἀποστόλου

2161 2441 2346 2512 φωνῆς
2376 2441 2761 2508 ὑποτίθεσθαις
2794 2441 2885 2496 τὸν
2915 2442 2975 2497 ἐν
3005 2440 3146 2514 ἀρχῇ
3172 2441 3300 2495 ὄντα
3325 2439 3473 2504 Θεὸν,
3497 2439 3560 2492 ὲκ
3585 2454 3765 2509 προ-

2158 2535 2335 2605 κοπῆς
2366 2532 2569 2608 Κύριον
2594 2532 2865 2604 γενέσθαι,
2900 2532 3026 2607 ἢτδ
3047 2531 3301 2587 ταπεινὸν
3327 2531 3424 2603 τῆς
3450 2528 3763 2602 ἀνθρωπί-

2157 2641 2256 2695 νης
2287 2622 2521 2691 φύσεως.
2555 2625 2620 2678 ὲκ
2656 2622 2757 2694 τῆς
2792 2622 2929 2694 πρὸς
2963 2621 3026 2677 τὸ
3051 2623 3202 2679 Θεῖον
3231 2621 3527 2689 κοινωνίας,
3558 2622 3637 2685 εἰς
3672 2622 3765 2677 τδ

2159 2713 2289 2784 ὕψος
2333 2714 2431 2785 τῆς
2475 2713 2635 2780 ἀξίας
2686 2713 3192 2786 ἀναλαμϐάνεσθαις
3225 2715 3335 2769 Καὶ
3374 2713 3482 2785 γὰρ
3514 2714 3543 2767 ό
3583 2728 3765 2783 προ-

2159 2809 2334 2879 φήτης
2373 2806 2539 2860 Δαϐὶδ
2578 2806 2654 2870 ὡς
2686 2808 2753 2861 ὲκ
2795 2805 3087 2879 προσώπου
3128 2806 3241 2861 τοῦ·
3267 2808 3467 2878 Κυρίου
3524 2804 3713 2876 φησὶν
3740 2843 3763 2871 ,

2156 2899 2237 2953 ὅτι
2274 2896 2424 2969 Ἐγὼ
2449 2897 2518 2951 δὲ
2542 2898 2917 2967 κατεστάθην
2934 2898 3235 2966 βασιλεὺς
3256 2900 3357 2953 ὑπ’
3388 2898 3599 2953 αὐτοῦ*
3614 2916 3761 2951 πα-

2161 2990 2457 3064 ραπλήσιον
2498 2990 2672 3060 λέγων
2694 2990 2794 3062 τῷ,
2824 2991 3056 3064 Χριστὸς
3096 2992 3379 3064 ἐγενόμην.
3422 2990 3765 3048 Καὶ·πά.λεν

484 3094 601 3130 runt
636 3087 846 3127 (uorum
873 3072 941 3127 ’⁷.
980 3070 1126 3125 idem
1154 3084 1276 3124 cum
1329 3068 1488 3125 Petro
1518 3070 1727 3135 dicens,
1794 3069 2057 3127 Dominus

2162 3081 2236 3147 ὡς
2262 3083 2327 3136 ὲκ
2354 3080 2448 3134 τοῦ
2478 3079 2692 3153 Ila-cpe;
2721 3081 2856 3155 πρὸς
2905 3081 2998 3135 τὸν
3044 3081 3276 3154 Κύριον,
3310 3080 3759 3149 Κατακυριευε,

484 3167 583 3223 tias
660 3165 1002 3220 inimicorum
1080 3173 1318 3218 tuorum.
1379 3160 1843 3229 Quemadmodum
1897 3164 2060 3234 igitur

482 3257 637 3327 regni
671 3256 996 3312 constitutio
1053 3270 1162 3310 non
1195 3256 1447 3311 essentne
1485 3254 1758 3327 significat
1805 3265 2063 3312 constru-

482 3349 740 3409 ctionem,
780 3348 872 3403 sed
921 3347 993 3402 ad
1032 3346 1353 3416 dignitatem
1404 3346 1833 3419 provectionem,
1873 3353 1929 3402 et
1967 3348 2059 3418 qui

477 3437 630 3509 jubet
665 3436 957 3500 dominari,
1000 3451 1110 3490 non
1143 3444 1274 3491 tunc
1307 3436 1446 3502 ﬁeri,
1481 3433 1626 3505 quod
1678 3450 1786 3490 non
1817 3445 1935 3491 erat
1970 3437 2061 3505 ju-

482 3528 594 3591 bet,
626 3526 720 3582 sed
750 3525 801 3581 ei
837 3525 930 3596 qni
962 3535 1045 3581 est
1076 3532 1265 3580 contra
1298 3525 1528 3581 rebelles
1575 3524 1671 3580 dat
1719 3525 2010 3597 imperium
2045 3543 2060 3582 :

484 3622 564 3677 sic
601 3620 793 3675 beatus
823 3617 1015 3674 Petrus
1037 3617 1339 3685 Christum,
1370 3618 1474 3672 hoc
1493 3624 1578 3673 est
1606 3633 1787 3689 regem
1817 3618 2061 3672 omnium

486 3714 691 3768 factum
725 3727 849 3767 esse
890 3726 1014 3766 cum
1037 3710 1194 3774 dicit,
1225 3709 1446 3780 adjecit,
1473 3711 1675 3780 ipsum,
1706 3719 1766 3764 ut
1790 3710 1857 3765 ab
1878 3725 2065 3766 essen-

484 3803 560 3858 tia
587 3810 640 3857 et
662 3802 748 3857 his
772 3815 892 3872 qua:
927 3799 979 3854 in
1003 3800 1105 3854 hac
1138 3806 1459 3870 spectantur
1483 3807 1698 3869 separet
1730 3815 2061 3856 sermonem.

477 3897 608 3948 ('um
635 3894 776 3948 enim
806 3900 949 3947 esset
984 3890 1036 3946 id
1096 3890 1240 3961 quod
1270 3901 1370 3955 εει,
1403 3906 1526 3960 quae
1556 3892 1701 3948 dicta
1741 3900 1872 3950 sunt
1913 3892 2061 3949 fecit.

487 3985 542 4039 Si
584 3985 749 4056 igitur
789 3984 869 4039 las
908 3990 1053 4038 esset
1088 3983 1141 4035 in
1192 3982 1631 4052 supereminente
1660 3992 1852 4037 natura
1884 3985 2066 4039 dicere

486 4075 691 4146 aliquid
726 4066 839 4129 ﬁeri
871 4090 964 4146 per
985 4073 1287 4144 proiectum
1307 4081 1361 4129 et
1399 4082 1773 4143 augmentum,
1802 4076 1964 4144 quale
1996 4091 2060 4131 ex

487 4167 699 4238 privato
730 4180 933 4236 regem,
965 4181 1031 4221 ex
1070 4163 1260 4219 humili
1294 4165 1666 4227 excelsum,et
1695 4181 1758 4219 ex
1784 4180 1942 4220 servo
1967 4165 2064 4219 do—

487 4257 692 4310 minum
726 4274 740 4309 :
784 4257 1017 4309 fortasse
1039 4255 1200 4309 etiam
1242 4269 1430 4309 vocem
1459 4252 1603 4308 Petri
1639 4255 1835 4309 divinae
1865 4255 2067 4325 Unige-

487 4348 585 4402 niti
621 4347 870 4402 essenti:e
903 4347 1121 4401 deceret
1181 4346 1619 4400 accommodare.
1653 4344 1925 4413 Quoniam
1963 4363 2064 4409 an-

2160 3172 2344 3243 φησὶν,
2370 3171 2442 3225 ἐν
2465 3170 2630 3241 μέσῳ
2662 3170 2779 3224 τῶν
2807 3169 3039 3242 ἐχθρῶν
3062 3188 3210 3226 σου·
3242 3170 3435 3226 ταυτὸν
3464 3170 3630 3240 λέγων
3657 3170 3762 3244 τῷ

2159 3262 2374 3333 Πέτρῳ,
2399 3260 2479 3327 τὸ,
2497 3260 2700 3332 Κύριος
2719 3260 2869 3331 γίνου
2891 3261 3000 3316 τῶν
3022 3260 3231 3334 ἐχθρῶν
3253 3278 3369 3317 σου.
3397 3261 3604 3333 Ὠσπερ
3622 3263 3766 3316 τοί-

2158 3370 2253 3409 νυν
2283 3354 2317 3423 ἠ
2339 3353 2436 3423 τῆς
2460 3352 2734 3423 βασιλείας
2757 3352 3011 3423 σημαίνει
3032 3354 3386 3419 κατάστασις,
3408 3351 3475 3405 οὑ
3493 3350 3600 3424 τὴν
3625 3352 3758 3424 τῆς

2160 3446 2349 3509 οὐσίας
2371 3443 2735 3517 κατασκευὴν,
2765 3444 2901 3499 ἀλλὰ
2919 3445 3017 3517 τὴν
3045 3445 3124 3510 εἰς
3154 3434 3457 3516 τδάξίωμα
3484 3443 3755 3515 πρόοδον,

2163 3538 2260 3590 καὶ
2284 3539 2313 3591 ὁ
2336 3534 2755 3608 κατακυριεύειν
2780 3536 3219 3607 ἐγκελευόμενος,
3250 3537 3310 3591 οὑ
3348 3537 3466 3591 τότε
3487 3537 3758 3606 γίνεσθαι

2161 3626 2222 3680 τὸ
2259 3627 2332 3698 μὴ
2356 3625 2416 3680 ὂν
2443 3625 2690 3691 κελεύει,
2718 3625 2855 3681 ἀλλὰ
2879 3625 2955 3698 τῷ
2975 3626 3088 3681 ὄντι
3118 3625 3300 3680 δίδωσι
3329 3626 3426 3697 τὴν
3457 3626 3598 3680 κατὰ
3623 3628 3754 3682 τῶν

2164 3716 2530 3771 ἀπειθούντων
2581 3717 2790 3789 ἀρχήν⁹
2839 3716 2980 3772 οὑτω
3010 3720 3105 3773 καὶ
3139 3719 3169 3772 ὁ
3213 3718 3482 3790 μακάριος
3526 3719 3752 3790 Πέτρος

2164 3808 2424 3882 Χριστὸν,
2437 3808 2580 3863 τοῦτ’
2599 3810 2711 3864 ἔστι
2735 3808 2957 3879 βασιλέα
2974 3810 3189 3867 πάντων
3206 3808 3525 3881 γεγενῆσθαι
3540 3809 3749 3880 λέγων,

2163 3900 2470 3972 προσέθηκε
2512 3901 2594 3968 τὸ,
2622 3901 2781 3955 αὑτὸν
2800 3943 2816 3967 ,
2846 3902 2936 3956 ἵνα
2961 3901 3168 3974 χωρίσῃ
3202 3902 3303 3972 τῆς
3323 3919 3384 3955 τε
3417 3901 3604 3966 οὐσίας
3645 3905 3751 3957 καὶ

2161 3992 2274 4046 τῶν
2298 3994 2424 4063 περὶ
2454 3992 2656 4064 ταύτην
2696 3992 3082 4065 θεωρουμένων
3110 3993 3200 4047 τὸν
3222 3993 3397 4063 λόγον.
3422 3995 3605 4046 "Cvrc:
3629 3992 3750 4063 γὰρ

2164 4083 2301 4153 ὅπερ
2330 4083 2464 4146 ἐστὶ,
2494 4081 2563 4136 τὰ
2594 4083 2860 4155 εἰρημένα
2899 4083 3173 4155 ἐποίησεν.
3203 4084 3268 4138 El
3300 4084 3398 4155 μὲν
3421 4081 3517 4137 οὖν
3544 4083 3747 4152 εὑαγὲς

2163 4171 2232 4248 ἦν
2266 4176 2358 4229 ἐπὶ
2401 4176 2499 4248 τῆς
2541 4175 2913 4248 ὑπερεχούσης
2940 4176 3153 4246 φύσεως
3190 4176 3250 4230 τὸ
3280 4176 3418 4231 κατὰ
3458 4178 3747 4249 προκοπήν

2165 4285 2216 4321 τι
2252 4267 2505 4334 γενέσθαι
2550 4267 2758 4336 λέγειν,
2792 4263 2904 4322 οἷον
2931 4268 2990 4332 ἐξ
3021 4268 3226 4321 ἰδιώτου
3278 4267 3522 4339 βασιλέα,
3559 4270 3654 4323 καὶ
3679 4270 3746 4321 ἐκ

2165 4353 2422 4408 ταπεινοῦ
2461 4354 2696 4426 ὑψηλὸν,
2748 4356 2841 4410 καὶ
2890 4359 2952 4410 ὲκ
2998 4355 3183 4409 δούλου
3230 4357 3453 4428 κύριον,
3501 4357 3741 4428 ἔπρεπεν

488 4445 594 4491 Iern
622 4436 802 4491 divina
823 4443 1019 4491 natura
1050 4434 1417 4506 quodcunque
1444 4451 1683 4505 unquam
1706 4452 1827 4493 esse
1857 4439 2059 4492 credita

2166 4445 2296 4509 ἴσως
2326 4447 2418 4499 καὶ
2446 4447 2545 4517 τὴν
2577 4445 2675 4499 τοῦ
2724 4447 2931 4517 Πέτρου
2972 4448 3154 4518 φωνὴν
3177 4449 3242 4518 τῇ
3275 4448 3396 4519 θεία
3422 4447 3527 4501 τοῦ
3564 4450 3739 4502 Mavo-

484 4535 590 4591 est,
625 4542 841 4597 semper
894 4525 1081 4581 eodem
1123 4526 1282 4580 modo
1313 4541 1370 4581 se
1405 4525 1589 4589 habet,
1647 4527 1792 4582 omni
1844 4530 2061 4599 quidem

419 4600 437 4616 ’
488 4619 805 4673 accessione
856 4619 1125 4688 superior,
1184 4615 1584 4673 imminutionis
1640 4633 1772 4673 vero
1829 4635 1937 4673 non
1982 4630 2066 4674 est

486 4723 680 4779 capax,
712 4724 936 4764 necesse
967 4708 1191 4762 omnino
1222 4713 1329 4771 est,
1382 4706 1449 4761 ad
1481 4707 1535 4761 id
1573 4709 1717 4777 quod
1765 4709 2060 4764 humanum

485 4807 590 4862 est,
645 4814 952 4856 sermonem
990 4813 1249 4854 revocare
1276 4813 1291 4865 ;
1324 4798 1418 4868 qui
1449 4799 1592 4853 enim
1625 4799 1765 4855 Dens
1797 4799 2058 4865 Verbum,

485 4890 630 4963 quod
677 4890 893 4959 quidem
946 4897 1061 4945 erat
1096 4890 1150 4943 in
1187 4890 1474 4960 principio,
1533 4890 1637 4945 hoc
1701 4891 1866 4944 etiam
1916 4908 2062 4947 nunc

484 4991 586 5047 est,
613 4982 746 5038 etin
794 4991 1056 5036 aeternum
1103 4992 1401 5053 permanet.
1439 4983 1667 5052 Semper
1690 4980 1825 5044 Rex,
1850 4999 2067 5054 semper

484 5070 1102 5135 Dominus.Altissimus
1143 5089 1360 5144 semper
1393 5082 1447 5129 et
1470 5126 1473 5129 ,
1499 5071 1664 5137 Deus,
1701 5073 1840 5127 nihil
1869 5074 2062 5130 horum

484 5182 552 5222 ex
583 5164 830 5237 profectu
865 5162 1064 5228 factus,
1093 5165 1187 5221 sed
1220 5165 1404 5219 omnia
1426 5164 1518 5235 qui
1546 5172 1629 5220 est
1661 5164 1714 5219 in
1744 5169 1981 5235 potentia
2012 5177 2067 5222 et

485 5258 685 5313 virtute
714 5266 939 5320 naturae,
966 5271 1304 5329 qumcunqne
1325 5257 1486 5312 etiam
1515 5255 1793 5312 dicuntur.
1820 5255 2067 5312 Humana

486 5365 615 5404 vero
666 5359 881 5412 natura.
940 5366 1036 5421 per
1100 5351 1529 5421 assumptionem
1589 5350 1655 5404 ad
1725 5349 2062 5405 divinitatem

487 5441 744 5504 exaltata,
777 5442 922 5496 aliud
955 5443 1085 5512 quid
1119 5457 1244 5496 cum
1284 5450 1452 5504 esset.
1484 5450 1538 5496 et
1562 5440 1708 5495 aliud
1739 5440 1868 5511 quid
1898 5440 2062 5502 facta.

489 5532 706 5604 proprie
735 5540 787 5588 et
814 5549 939 5590 vero
957 5535 1212 5590 Christus
1228 5541 1282 5589 et
1313 5532 1576 5589 Dominus
1606 5531 1746 5586 facta
1776 5546 1898 5586 esse
1925 5531 2065 5585 dici-

562 5712 607 5743 "
640 5708 768 5765 Luc.
810 5726 868 5775 ιι,
900 5711 986 5766 52.
1066 5712 1112 5744 ’θ
1142 5710 1286 5767 Psal.
1322 5724 1383 5778 ll,
1416 5710 1469 5766 6.
1515 5780 1518 5783 _
1555 5711 1598 5742 "
1633 5709 1774 5766 Psal.
1804 5725 1916 5777 cn,
1957 5710 2008 5764 2.

2168 4534 2358 4603 γενοῦς
2389 4534 2716 4606 ἐφαρμόζειν
2734 4536 2910 4607 οὐσίᾳ.
2941 4536 3092 4590 Ἐπεὶ
3115 4537 3173 4590 δὲ
3193 4537 3254 4590 τὸ
3278 4537 3433 4590 Θείον
3464 4538 3495 4591 ὃ
3518 4538 3576 4591 τί
3612 4554 3741 4591 ποτε

2168 4623 2304 4680 εἶναι
2330 4625 2704 4691 πεπίστευται,
2734 4626 2963 4680 πάντοτε
2989 4626 3251 4692 ὡσαύτως
3278 4626 3743 4699 ἔχει,προσθήκι;ς

2171 4716 2269 4787 μὲν
2319 4715 2501 4785 πάσης
2552 4713 2855 4786 ἀνώτερον,
2911 4715 3187 4787 μειώσεως
3238 4715 3295 4769 δὲ
3357 4716 3736 4781 ἀνεπίδεκτον,

2167 4806 2377 4877 ἀνάγκη
2412 4806 2562 4859 πᾶσα
2590 4805 2727 4876 πρὸς
2766 4807 2827 4859 τὸ
2872 4806 3209 4877 ἀνθρώπινον
3239 4808 3391 4879 ἄγειν
3417 4809 3515 4863 τὸν
3563 4810 3738 4879 λόγον.

2177 4895 2235 4949 'O
2263 4896 2370 4966 γὰρ
2392 4894 2524 4957 Θεὺς
2554 4894 2753 4963 Λόγος,
2780 4896 2916 4968 ὅπερ
2937 4897 2995 4949 ὲν
3023 4897 3164 4969 ἀρχῇ
3208 4892 3298 4968 ἦν,
3327 4897 3491 4952 τοῦτο
3520 4903 3613 4953 καὶ
3644 4899 3741 4952 νῦν

2166 4986 2301 5048 ἐστι,
2333 4987 2428 5040 καὶ
2459 4987 2632 5040 εἰσαεὶ
2653 4986 2914 5058 διαμένει.
2955 4989 3065 5042 Ἀεὶ
3091 4989 3360 5059 βασιλεὺς,
3399 4991 3487 5044 ἀεὶ
3518 4991 3737 5062 Κύριος,

2167 5076 2431 5147 ’Υψιστος
2457 5077 2543 5130 ἀεὶ
2572 5077 2666 5130 καὶ
2694 5078 2844 5141 Θεὸς.
2873 5078 3023 5132 οὐδὲν
3046 5080 3249 5133 τούτων
3274 5081 3337 5132 ὲκ
3354 5062 3632 5151 προκοπῆς
3645 5097 3742 5146 γε-

2167 5169 2412 5239 νόμενος,
2450 5169 2584 5223 ἀλλὰ
2613 5170 2797 5223 πάντα·
2826 5169 2902 5223 ὢν
2926 5173 2983 5224 ὲν
3006 5174 3073 5242 τῇ
3106 5172 3329 5243 δυνάμει
3369 5172 3472 5242 τῆς
3504 5170 3736 5241 φύσεως,

2168 5259 2269 5313 ὅσα
2301 5262 2394 5314 καὶ
2422 5259 2659 5328 λέγεται.
2703 5261 2765 5314 '0
2799 5262 2855 5315 δὲ
2887 5262 2948 5328 ἐξ
2981 5263 3266 5334 ἀνθρώπου
3294 5263 3384 5318 διὰ
3412 5264 3513 5336 τῆς
3544 5261 3741 5328 ἀναλή-

2167 5349 2314 5420 ψεως
2343 5350 2478 5422 πρὸς
2496 5352 2557 5403 τὸ
2581 5351 2733 5404 Θεῖον
2759 5352 3009 5422 ὑψωθεὶς,
3033 5354 3160 5407 ἄλλο
3181 5371 3233 5407 τι
3260 5353 3357 5421 ὢν,
3387 5355 3483 5408 καί
3510 5352 3627 5409 ἄλλο
3643 5367 3743 5417 γι-

2171 5442 2393 5514 νόμενος
2420 5485 2435 5505 ,
2488 5446 2690 5517 κυρίως
2741 5449 2835 5501 καὶ
2878 5447 3092 5518 ἀληθῶς
3133 5447 3367 5521 Χριστὸς
3405 5448 3499 5501 καὶ
3538 5445 3743 5514 Κύριος

2174 5535 2502 5607 γεγενῆσθαι
2534 5536 2770 5606 λέγεται.
2820 5538 2913 5593 Ἐκ
2943 5538 3127 5594 δούλου
3177 5539 3287 5612 γὰρ
3310 5538 3473 5595 αὑτὸν
3513 5534 3740 5606 Κύριον»
