3992 6210
546 283 658 341 139

619 404 889 473 Quoniam
928 410 1107 457 autem
1137 399 1211 453 ait
1258 397 1558 456 Eunomius
1610 414 1807 457 nomen
1864 403 1986 463 hoc.
2020 402 2129 457 Do-
2158 411 2202 465 Α

550 501 755 561 "tinus,
809 493 877 550 de
932 493 1168 548 essentia
1230 489 1530 563 Unigeniti,
1589 507 1699 548 non
1755 493 1824 549 de
1871 494 2130 566 dignitate

548 585 861 649 enuntiari,
922 595 1086 652 atque
1137 580 1458 663 Apostolum
1491 581 1560 636 ad
1591 583 1706 638 haec
1756 590 1952 639 testem
2000 583 2132 639 citat

546 686 819 741 dicentem
869 681 936 735 ad
971 680 1284 736 Corinthios
1317 698 1331 735 :
1385 678 1644 734 Dominus
1691 688 1867 734 autem
1895 679 2130 749 Spiritus

547 786 626 831 est
664 778 707 840 ί,
741 783 1107 844 opportunum
1137 770 1356 840 quidem
1409 768 1593 835 fuerit,
1622 785 1799 840 neque
1830 770 1977 826 hunc
2009 771 2129 841 ejus

546 880 789 923 errorem
818 865 1181 920 incorrectum
1211 862 1510 932 despicere.
1542 862 1839 918 Dictionem
1866 862 2128 918 Dominus

546 957 800 1015 essentiae
816 953 1235 1025 signiﬁcativam
1257 953 1477 1019 asserit,
1500 960 1555 1007 et
1572 952 1640 1008 ad
1667 953 1833 1024 hujus
1852 954 2128 1026 Opinionis

546 1044 1069 1104 demonstrationem
1158 1043 1364 1097 dictum
1401 1057 1710 1098 sermonem
1769 1043 2011 1100 adducit.
2046 1043 2130 1097 Vi-

496 1186 503 1189 _
544 1139 772 1194 deamus
804 1136 971 1207 igitur
1006 1135 1052 1190 si
1109 1132 1240 1204 quid
1296 1148 1587 1189 commune
1623 1134 1787 1190 habet
1838 1135 1944 1190 hoc
1980 1135 2126 1207 quod

544 1222 888 1295 proponitur.
920 1221 1203 1284 Dominus,
1232 1219 1426 1290 inquit,
1470 1220 1703 1291 Spiritus
1736 1231 1832 1277 est.
1863 1222 1964 1279 llic
1997 1239 2128 1281 vero

546 1316 889 1385 Scripturam
918 1328 1015 1384 pro
1049 1327 1151 1367 suo
1200 1310 1431 1367 arbitrio
1474 1327 1774 1382 exponens,
1826 1315 2123 1370 essentiam

542 1407 791 1461 nominat
819 1406 1281 1471 dominationem;
1321 1415 1377 1461 et
1432 1421 1496 1461 ex
1539 1407 1608 1462 iis
1631 1421 1753 1476 quae
1797 1405 1941 1462 dicta
1972 1414 2123 1472 sunt,

543 1505 697 1568 putat
730 1498 796 1551 ad
827 1498 1198 1567 probationem
1229 1504 1433 1552 certam
1454 1497 1599 1552 hunc
1619 1511 1927 1552 sermonem
1954 1497 2125 1551 adduo

541 1606 686 1646 cere.
716 1587 823 1645 Sed
852 1590 899 1645 si
928 1590 1132 1644 dictum
1168 1598 1316 1645 esset
1344 1605 1375 1644 a
1406 1588 1597 1655 Paulo,
1643 1589 1903 1644 Dominus
1934 1605 2124 1645 essen-

542 1685 617 1735 tia
645 1689 751 1743 est.
786 1694 887 1735 nos
947 1680 1111 1735 etiam
1159 1680 1322 1737 dictis
1376 1680 1794 1736 assentiremur.
1850 1678 2119 1747 Quoniam

1790 278 1845 335 S.
1883 277 2212 337 GltEGOiill
2254 280 2549 338 NYSSENI

3677 288 3777 350 740

2314 405 2465 459 Ἐπεὶ
2497 404 2553 460 δέ
2587 421 2719 478 φησι
2757 405 2856 478 τὴν
2917 406 3130 475 Κύριος
3157 404 3299 471 λέξιν
3353 405 3453 476 τῆς
3483 406 3665 472 οὐσίας
3694 412 3777 466 τοῦ

2229 496 2598 566 Μονογενοῦς,
2652 498 2714 552 οὐ
2742 498 2842 569 τῆς
2883 497 3038 563 ἀξίας
3067 498 3522 570 κατηγορεῖσθαν
3571 502 3662 555 καὶ
3701 504 3781 559 τὸν

2241 587 2559 642 ’Δπόστολον
2578 588 2789 653 τούτοις
2814 590 3239 662 ὲπιμαρτύρεται
3265 591 3488 660 λέγοντα
3522 596 3657 664 πρὸς
3687 598 3779 651 Ke-

2230 676 2487 749 ρινθίουςο
2527 679 2590 733 '0
2619 679 2688 733 es
2705 680 2924 749 Κύριος
2964 682 3031 735 τὸ
3060 681 3301 752 Πνεῦμὰ
3326 683 3525 737 ἐστιν·
3552 684 3782 756 εὐκαιρον

2229 765 2298 821 ἂν
2353 766 2438 838 εἴη
2492 766 2628 839 μηδὲ
2675 767 2879 839 ταύτην
2936 768 3101 823 αὐτοῦ
3152 769 3253 840 τὴν
3304 769 3511 841 πλάνην
3544 773 3782 841 περιιδεῖν

2228 856 2574 930 ἀδιόρθωτον.
2593 858 2706 930 Τὴν
2724 860 2937 929 Κύριος
2957 858 3099 925 λέξιν
3121 860 3220 930 τῆς
3241 859 3429 924 οὐσίας
3445 856 3585 913 εἶναι
3604 877 3782 931 σημανο

2225 946 2383 1018 τικὴν
2404 947 2730 1019 διορίζεται,
2772 949 2867 1002 καὶ
2897 951 2977 1013 είς
3028 948 3300 1017 ἀπόδειξιν
3340 949 3444 1020 τῆς
3479 950 3782 1023 ὑπολήψεως

2225 1036 2430 1108 ταύτης
2457 1038 2651 1107 ἐπάγει
2677 1039 2768 1093 τὸν
2800 1038 3035 1112 ρηθέντα
3059 1039 3238 1109 λόγον.
3271 1040 3498 1111 Ἰδωμεν
3534 1041 3712 1095 τοίνυν
3739 1043 3782 1098 εί

2223 1148 2277 1186 τι
2299 1131 2477 1187 κοινὸν
2508 1133 2667 1187 τοῦτο
2695 1134 3052 1204 προκείμενον
3081 1133 3213 1204 ἔχει.
3265 1132 3328 1187 Ὅ
3356 1135 3606 1202 Κύριος,
3637 1135 3778 1206 φησι,

2223 1222 2291 1277 τὸ
2319 1222 2563 1294 Πνεῦμα
2577 1224 2768 1279 ἐστιν.
2812 1224 2871 1279 '0
2896 1225 2954 1279 δὲ
2983 1224 3082 1296 τὴν
3108 1223 3328 1297 Γραφὴν
3360 1225 3493 1296 πρὸς
3520 1226 3583 1279 τὸ
3615 1226 3782 1280 δοκοῦν

2224 1317 2616 1389 ἐξηγούμενος,
2657 1319 2843 1373 οὐσίαν
2888 1317 3144 1391 ὀνομάζει
3183 1319 3282 1390 τὴν
3351 1320 3676 1391 κυριότητα,
3705 1321 3783 1374 καὶ

2223 1409 2313 1464 διὰ
2355 1410 2465 1464 τῶν
2505 1412 2807 1482 εἰρημένων
2863 1411 3033 1466 οἴεται
3071 1411 3163 1466 τὸν
3214 1411 3373 1478 λόγον
3404 1414 3483 1476 είς
3525 1413 3782 1479 ἀπόδειξιν

2225 1499 2397 1568 ἄγειν.
2443 1500 2582 1553 Ἀλλ’
2625 1501 2673 1554 εί
2716 1501 2814 1572 μὲν
2852 1503 3036 1572 είρητο
3065 1502 3216 1576 παρὰ
3247 1500 3341 1557 τοῦ
3381 1503 3623 1566 Παύλου,
3659 1503 3712 1557 '0
3737 1504 3786 1559 δέ

2223 1586 2427 1659 Κύριος
2447 1588 2603 1643 οὐσία
2629 1591 2794 1656 ἐστὶν,
2822 1591 2917 1644 καί⁵
2939 1592 3098 1663 ἡμεῖς
3128 1593 3240 1655 τοῖς
3259 1591 3572 1663 λεγομένοις
3594 1592 3666 1647 ἂν
3682 1610 3785 1646 συν-

2224 1677 2552 1750 εδράμομεν.
2609 1680 2757 1734 Ἐπεὶ
2799 1679 2858 1734 δὲ
2899 1682 2928 1734 6
2970 1681 3066 1752 μὲν
3114 1680 3469 1747 θεόπνευστος
3532 1683 3693 1752 λόγος
3735 1683 3786 1737 τδ

542 1786 671 1826 vero
703 1786 732 1825 a
782 1770 890 1825 Deo
948 1771 1247 1840 inspiratus
1312 1784 1494 1826 sermo
1523 1770 1815 1825 Dominum
1854 1770 2117 1841 Spiritum

2224 1770 2449 1840 Πνεῦμά
2487 1788 2648 1842 φησιν
2692 1767 2832 1825 εῖναι
2873 1772 2963 1826 τὸν
3002 1772 3205 1845 Κύριον
3230 1789 3244 1803 ·
3275 1773 3304 1825 6
3332 1773 3387 1828 δὲ
3411 1774 3685 1845 Εὐνόμιος
3708 1776 3786 1828 οὐ·

539 1877 664 1918 esse
711 1861 842 1916 dicit
889 1878 904 1915 :
961 1860 1263 1917 Eunomius
1310 1875 1443 1916 vero
1494 1860 1925 1915 dominationem
1984 1861 2120 1916 dicit

540 1956 870 2021 essentiam‘;
922 1953 1110 2009 nescio
1150 1950 1295 2008 unde
1348 1953 1455 2008 vim
1482 1963 1536 2008 et
1589 1953 1757 2008 robur
1781 1954 1903 2022 ejus
1939 1968 2124 2011 sermo

539 2046 715 2119 possit
734 2044 1067 2108 habere,uisi
1101 2044 1237 2101 forte
1268 2060 1463 2100 rursus
1484 2045 1646 2125 etiam
1668 2045 1895 2116 spiritus
1923 2044 2124 2101 dictio-

540 2154 663 2193 nem
697 2154 727 2192 a
781 2136 1064 2209 Scriptura
1095 2138 1222 2208 poni
1271 2153 1370 2208 pro
1401 2139 1641 2193 essentia
1693 2136 1860 2193 dicat.
1916 2137 2123 2204 Quam-

538 2229 728 2285 obrem
758 2229 1102 2299 inquiramus
1129 2229 1415 2298 diligenter
1439 2237 1622 2284 utrum
1667 2229 1867 2284 alicubi
1896 2228 2123 2299 spiritus

538 2322 777 2376 dictione
810 2336 942 2376 usus
972 2320 1284 2390 Apostolus.
1308 2321 1607 2375 essentiam
1641 2335 1739 2390 per
1764 2320 1905 2375 hanc
1932 2335 2122 2375 vocem

537 2411 819 2468 indicavit.
856 2410 997 2483 Ipse,
1026 2412 1221 2482 inquit,
1269 2410 1501 2481 Spiritus
1551 2421 1874 2466 contestatur
1908 2412 2123 2482 spiritui

538 2518 719 2559 nostro
743 2506 763 2536 ’
787 2522 802 2571 ;
828 2512 904 2571 et,
936 2502 1135 2558 Nullus
1163 2504 1303 2559 novit
1333 2520 1449 2574 qua:
1474 2513 1597 2559 sunt
1620 2504 1844 2558 hominis
1871 2505 1977 2559 nisi
2013 2504 2124 2573 spi-

536 2600 674 2652 ritus
702 2597 791 2667 qui
814 2605 890 2651 est
912 2597 967 2650 in
993 2611 1105 2665 ipso
1124 2595 1167 2661 ³;
1195 2604 1269 2659 et,
1292 2593 1497 2650 Littera
1525 2594 1734 2661 occidit,
1752 2594 1971 2663 spiritus
1995 2591 2125 2647 viui-

536 2687 662 2756 ]icat
700 2686 753 2752 δς
798 2694 873 2751 et,
925 2683 987 2740 Si
1031 2685 1220 2753 spiritu
1254 2683 1396 2754 facta
1423 2684 1602 2738 carnis
1650 2682 2119 2754 mortiﬁcavcritis,

535 2778 720 2833 vivatis
765 2777 826 2843 ’ς
883 2786 969 2840 et,
1017 2777 1076 2831 Si
1121 2770 1327 2845 spiritu
1370 2776 1624 2841 vivimus,
1671 2775 1864 2845 spiritu
1909 2771 2123 2829 inceda-

537 2885 656 2923 mus
694 2870 735 2922 ⁸.
791 2866 993 2937 Ecquis
1046 2865 1289 2937 Apostoli
1349 2880 1511 2922 voces
1543 2864 1610 2922 de
1640 2864 1745 2920 hac
1793 2880 1854 2921 re
1894 2879 2123 2922 enume-

536 2961 708 3017 rando
735 2966 1055 3031 percenseat
1087 2996 1104 3023 ,
1164 2958 1219 3012 in
1245 2957 1445 3027 quibus
1473 2974 1568 3029 per
1634 2960 1777 3013 banc
1816 2956 2116 3013 dictionem

532 3054 831 3109 essentiam
861 3051 1160 3122 significari
1216 3066 1488 3122 nusquam
1534 3051 1945 3122 comperimus?
1978 3048 2116 3105 Nam

532 3139 627 3211 qui
661 3140 816 3206 dicit,
849 3139 996 3211 quod
1025 3141 1135 3208 ipse
1158 3137 1385 3209 Spiritus
1409 3139 1763 3194 testimonium
1791 3137 1886 3193 dat
1907 3140 2115 3209 spiritui

533 3241 736 3297 nostra,
763 3232 899 3286 nihil
927 3232 1076 3286 aliud
1098 3232 1303 3287 indicat
1330 3238 1531 3302 prazter
1555 3231 1819 3301 Spiritum
1843 3240 2113 3297 sanctum,

534 3328 591 3382 in
626 3331 806 3379 mente
836 3323 1073 3379 fidelium
1106 3324 1353 3378 insitum.
1387 3323 1599 3378 Etenim
1630 3331 1865 3379 mentem
1889 3337 2115 3379 suorum

533 3430 848 3472 sermonum
897 3429 1040 3483 saepe
1088 3415 1346 3485 spirituum
1401 3415 1673 3479 nominat,
1706 3429 1973 3484 quaecum
2006 3414 2116 3486 spi-

532 3508 675 3563 ritus
711 3507 1155 3562 communionem
1214 3507 1446 3576 accepit,
1481 3507 1569 3564 bis
1615 3506 1707 3578 qui
1766 3514 2113 3578 acceperunt,

532 3598 844 3669 adoptionis
913 3598 1152 3670 dignitas
1218 3598 1432 3654 accedit
1495 3617 1511 3654 :
1562 3605 1619 3655 et
1701 3599 1805 3654 hoc
1836 3640 1852 3664 ,
1915 3598 2113 3654 Nullus

531 3691 672 3745 novit
697 3707 758 3745 ea
782 3706 898 3762 qua:
913 3699 1033 3744 sunt
1057 3688 1307 3755 hominis,
1332 3689 1437 3744 nisi
1459 3690 1679 3759 spiritus
1696 3691 1785 3761 qui
1804 3698 1881 3745 est
1903 3690 1956 3744 iu
1976 3690 2110 3759 ipso.

532 3779 589 3836 Si
624 3784 787 3838 etiam
842 3780 1005 3835 homo
1037 3781 1105 3836 de
1161 3781 1419 3845 essentia,
1459 3789 1514 3836 et
1556 3781 1786 3851 spiritus
1837 3781 2109 3847 similiter,

529 3873 667 3929 duas
708 3873 979 3930 cssentias
1023 3873 1077 3928 in
1129 3871 1352 3928 homine
1398 3887 1521 3929 esse
1577 3888 1643 3929 ex
1679 3873 1747 3929 iis
1803 3888 1925 3946 quae
1966 3873 2112 3928 dicta

529 3973 680 4027 sunt,
709 3965 997 4021 astruitur.
1052 3963 1156 4031 Qui
1182 3974 1363 4018 autem
1396 3964 1530 4019 dicit
1572 3965 1802 4019 litteram
1835 3963 2108 4027 occidere,

529 4058 781 4126 spiritum
813 4072 944 4111 vero
973 4056 1269 4118 vivitlcare,
1290 4055 1476 4111 nescio
1510 4053 1782 4125 quomodo
1815 4052 2111 4110 essentiam

528 4149 723 4204 litterae
772 4149 997 4219 opponit
1051 4168 1064 4203 :
1110 4148 1195 4202 vel
1247 4160 1440 4204 rursus
1472 4144 1746 4217 quomodo
1814 4145 1903 4201 hic
1956 4151 2112 4216 putat

528 4236 755 4293 Paulum
808 4237 1103 4304 dicentem,
1142 4236 1337 4306 spiritu
1386 4245 1642 4306 oportere
1682 4234 1823 4290 facta
1861 4237 2110 4307 corporis

527 4330 742 4392 tollere,
770 4328 836 4383 ad
858 4329 1152 4383 essentiam
1180 4328 1454 4384 adducere
1477 4329 1705 4398 spiritus
1722 4327 2106 4398 signiﬁcatum.

2226 1860 2348 1914 σίαν
2374 1860 2521 1930 λέγει
2562 1862 2661 1932 τὴν
2705 1861 3031 1935 κυριότηταο
3086 1864 3187 1917 οὐκ
3230 1858 3348 1917 οἶδα
3380 1863 3545 1918 πόθεν
3576 1864 3609 1916 6
3654 1863 3786 1934 λόγος

2223 1947 2371 2020 αὐτῷ
2395 1948 2493 2021 τὴν
2525 1950 2678 2021 ἰσχὺν
2716 1950 2849 2022 ἔχει,
2885 1953 2934 2005 εί
2979 1951 3055 2024 μὴ
3086 1952 3225 2023 τάχα
3259 1952 3421 2007 πάλιν
3449 1954 3545 2008 καὶ
3576 1953 3683 2026 τὴν
3707 1953 3784 2007 τοῦ

2229 2040 2537 2112 πνεύματος
2586 2041 2730 2108 λέξιν
2781 2043 2903 2097 ἀντὶ
2949 2043 3052 2117 τῆς
3106 2045 3293 2111 οὐσίας
3340 2046 3489 2117 λέγοι
3543 2046 3702 2120 παρὰ
3729 2050 3784 2121 τῇ

2222 2131 2412 2204 Γραφῇ
2444 2131 2677 2187 κεῖσθαι.
2723 2133 3097 2206 Ἑξετάσωμεν
3140 2135 3318 2189 τοίνυν
3348 2136 3403 2189 εἴ
3446 2128 3552 2189 που
3592 2140 3667 2208 τῇ
3706 2136 3784 2190 τοῦ

2221 2224 2561 2294 πνεύματος
2596 2223 2739 2292 λέξει
2764 2226 3108 2297 χρησάμενος
3140 2227 3169 2280 6
3204 2225 3547 2292 Ἀπόστολος,
3582 2227 3688 2299 τὴν
3711 2228 3788 2281 οὐ·

2222 2314 2343 2368 σίαν
2393 2314 2483 2368 διὰ
2532 2316 2632 2387 τῆς
2676 2318 2859 2389 φωνῆς
2911 2316 3225 2382 ἐνεδείξατο.
3272 2318 3458 2384 Αὐτὸ,
3514 2321 3688 2391 φησὶ,
3732 2319 3788 2373 τὸ

2222 2404 2463 2475 Πνεῦμα
2489 2407 2904 2477 συμμαρτυρεῖ
2920 2405 3001 2473 τῷ
3018 2408 3306 2478 πνεύματι
3328 2406 3516 2477 ἡμῶν·
3548 2411 3676 2477 καὶ,
3691 2412 3788 2464 Οὐ.

2220 2495 2346 2563 δείς
2390 2493 2514 2551 οἶδε
2550 2496 2624 2550 τὰ
2651 2496 2757 2552 τοῦ
2795 2497 3109 2567 ἀνθρώπου
3138 2502 3191 2554 εί
3223 2499 3309 2570 μὴ
3345 2501 3412 2555 τὸ
3460 2501 3707 2573 πνεῦμα
3734 2503 3790 2557 r6

2219 2588 2286 2643 ὲν
2307 2588 2487 2656 αὐτῷ·
2514 2589 2629 2655 καὶ,
2655 2590 2726 2645 Τὸ
2749 2589 2982 2661 γράμμα
2999 2592 3355 2659 ἀποκτείνει,
3378 2593 3444 2646 τὸ
3466 2593 3536 2647 δὲ
3560 2594 3795 2665 πνεῦμα

2220 2678 2498 2741 ζωοποιεῖσ
2523 2681 2640 2746 καὶ,
2667 2681 2737 2735 El
2756 2681 3047 2751 πνεύματι
3073 2681 3180 2749 τὰς
3201 2682 3436 2751 πράξεις
3472 2683 3579 2738 τοῦ
3605 2683 3795 2754 σὼμαρ

2218 2786 2322 2840 τος
2367 2771 2712 2839 θανατοῦτε,
2752 2771 2978 2839 ζήσετεο
3010 2773 3123 2838 καὶ,
3158 2775 3228 2827 Et
3257 2772 3439 2844 ζῶμεν
3472 2775 3792 2844 πνεύματι.

2218 2866 2509 2936 πνεύματι
2529 2866 2629 2921 καί
2657 2866 3012 2939 στοιχῶμεν.
3040 2868 3150 2921 Καὶ
3164 2867 3247 2931 τίς
3272 2866 3339 2921 ἂν
3366 2866 3795 2940 ἐξαριθμήσαιτο

2216 2956 2317 3021 τὰς
2350 2956 2447 3010 τοῦ
2496 2956 2819 3011 ’Δποστόλου
2853 2957 2982 3029 περὶ
3015 2955 3203 3011 τούτου
3237 2956 3416 3028 φωνάς
3436 2974 3453 2990 ο
3487 2960 3546 3012 ὲν
3582 2952 3677 3023 αἶς
3709 2959 3793 3013 οὐ·

2218 3047 2391 3121 δαμοῦ
2420 3047 2520 3121 τὴν
2550 3048 2738 3102 οὐσίαν
2785 3049 2874 3103 διὰ
2897 3051 2996 3120 τῆς
3038 3048 3235 3116 λέξεως
3277 3048 3481 3121 ταύτης
3533 3067 3796 3120 σημαινο-

2143 3106 2186 3166 c
2222 3106 2390 3213 μένην
2444 3106 2802 3214 εὐρίσκομενς
2859 3140 2917 3195 '0
2950 3106 3075 3213 ’γὰρ
3110 3106 3335 3212 -λέγων,
3382 3106 3476 3196 ὅτι⁷
3514 3106 3679 3197 Atii-6
3730 3142 3791 3197 τὸ

2220 3232 2473 3303 Πνεῦμα
2521 3231 2939 3302 συμμαρτυρεῖ
2963 3231 3042 3298 τῷ
3065 3234 3352 3304 πνεύματι
3405 3232 3579 3302 ἡμῶν
3594 3274 3612 3298 ,
3638 3234 3794 3288 οὐδὲν

2215 3323 2398 3395 ἕτερον
2428 3323 2460 3396 ἢ
2492 3326 2554 3378 τδ
2581 3325 2735 3393 ἆγιον
2761 3323 3090 3392 ἐνδείκνυται
3123 3324 3370 3396 Πνεῦμα,
3397 3324 3459 3379 τδ
3484 3327 3551 3397 τῇ
3585 3325 3791 3398 διανοίᾳ

2214 3413 2324 3468 τῶν
2348 3414 2552 3469 πιστῶν
2585 3413 2951 3485 ἐγγινόμενον.
2985 3414 3093 3468 Καὶ
3128 3414 3237 3486 γὰρ
3270 3415 3364 3469 καὶ
3392 3414 3484 3468 τὸν
3504 3412 3631 3468 νοῦν
3665 3413 3791 3468 πολ-

2213 3503 2350 3577 λαχῆ
2393 3503 2503 3558 τῶν
2561 3503 2755 3559 ἑαυτοῦ
2802 3504 2977 3575 λόγων
3018 3503 3238 3575 πνεῦμα
3288 3505 3680 3576 κατονομάζει,
3729 3497 3786 3558 οὐ

2212 3595 2504 3667 δεξαμένου
2531 3595 2629 3670 τὴν
2647 3596 2930 3652 κοινωνίαν
2951 3596 3046 3651 τοῦ
3076 3597 3404 3668 πνεύματος,
3429 3597 3785 3669 παραγίνεται

2212 3690 2326 3751 τοῖς
2374 3686 2684 3759 δεξαμένοις
2727 3689 2788 3743 τὸ
2831 3689 2931 3760 τῆς
2967 3688 3239 3753 υἱοθεσίας
3268 3687 3486 3758 ἀξίωμα
3515 3705 3529 3718 ·
3562 3688 3657 3741 καὶ
3702 3687 3781 3751 τὸ,

2208 3777 2417 3845 οὐδεὶς
2440 3774 2565 3833 οἶδε
2584 3778 2659 3832 τὰ
2684 3775 2791 3833 τοῦ
2817 3777 3153 3848 ἀνθρώπου,
3174 3781 3229 3833 εί
3248 3777 3334 3847 μὴ
3365 3778 3431 3832 τὸ
3451 3777 3690 3848 πνεῦμα
3716 3776 3779 3830 τό

2212 3869 2282 3923 ἐν
2322 3868 2502 3935 αὐτῷ.
2538 3869 2602 3923 Εί
2635 3870 2728 3924 καὶ
2751 3872 2780 3923 6
2809 3869 3092 3941 ἄνθρωπος
3130 3868 3271 3923 κατὰ
3304 3869 3405 3940 τῆς
3432 3869 3658 3934 οὐσίας,
3691 3868 3783 3922 καὶ

2211 3958 2272 4014 τὸ
2303 3961 2519 4032 πνεῦμα
2546 3960 2829 4027 ὡσαύτως,
2869 3959 2964 4015 δύο
2993 3960 3170 4015 οὐσίαι
3208 3962 3238 4015 6
3266 3959 3551 4031 ἄνθρωπος
3580 3962 3650 4015 lx
3676 3957 3783 4012 τῶν

2210 4051 2511 4124 είρημένων
2555 4047 2699 4108 εἶναι
2739 4052 3225 4119 κατασκευάζεται.
3262 4052 3322 4107 ’0
3354 4052 3410 4105 δὲ
3446 4053 3507 4105 τὸ
3550 4053 3779 4124 γράμμα

2208 4140 2383 4210 λέγων
2400 4140 2814 4207 ἀποκτεννύναι,
2829 4141 3110 4207 ζωοποιεῖν
3132 4142 3189 4195 δὲ
3216 4140 3279 4195 ab
3306 4141 3542 4213 πνεῦμα,
3569 4144 3670 4195 οὐκ
3686 4138 3776 4194 οἷδ’

2208 4230 2356 4296 ὅπως
2391 4232 2577 4286 οὐσίαν
2618 4231 3034 4286 ἀντιδιαστέλλει
3075 4231 3152 4303 τῷ
3193 4231 3515 4304 γράμματυ
3550 4232 3588 4303 ἢ
3628 4231 3777 4285 πάλιν

2208 4322 2327 4388 πῶς
2354 4319 2505 4387 οὗτος
2529 4322 2699 4380 οἴεται
2725 4324 2950 4393 λέγοντα
2981 4324 3071 4377 τὸν
3109 4324 3316 4377 Παῦλον
3332 4364 3347 4389 ,
3375 4322 3647 4393 πνεύματι
3670 4322 3774 4374 δεῖν

526 4416 664 4472 ιιευιι
694 4431 824 4471 vero
862 4416 1045 4471 vivere
1074 4416 1270 4485 spiritu
1322 4426 1377 4472 et
1426 4416 1707 4473 ambulare
1735 4416 1950 4487 spiritu,
2003 4417 2108 4472 hoc

2214 4414 2306 4478 sit;
2352 4414 2581 4485 πράξεις
2623 4415 2716 4469 τοῦ
2753 4414 3005 4486 σώματος
3048 4415 3310 4485 ἀναιρεῖν,
3348 4414 3437 4467 ἐπὶ
3468 4413 3569 4484 τὴν
3599 4411 3773 4465 οὐσίαν

523 4507 689 4580 etiam
755 4521 980 4575 prorsus
1031 4513 1184 4559 extra
1238 4506 1651 4578 intelligentiam
1702 4507 1887 4573 fuerit.
1923 4511 1970 4566 si
2037 4510 2107 4564 ad

2214 4506 2362 4576 ἄγειν
2397 4507 2457 4560 τὸ
2480 4505 2574 4560 τοῦ
2620 4505 2928 4578 πνεύματος
2980 4505 3394 4577 σημαινόμενον.
3452 4504 3526 4558 Τὸ
3576 4505 3634 4559 δὲ
3679 4503 3771 4571 ζῇν

520 4594 816 4649 essentiam
843 4593 1071 4665 spiritus
1096 4593 1460 4664 signiﬁcatum
1502 4596 1791 4654 referatur.
1824 4596 1926 4653 Per
1956 4598 2103 4653 aliud

521 4687 669 4741 enim
718 4684 977 4755 quidnam
1032 4693 1087 4739 et
1116 4699 1224 4740 non
1266 4699 1362 4755 per
1406 4686 1725 4748 essentiam,
1758 4689 1881 4742 vitae
1911 4703 2104 4743 sumus

523 4776 817 4846 participes
844 4790 1035 4831 omnes
1063 4775 1153 4849 qui
1179 4776 1234 4830 in
1268 4775 1375 4831 vita
1403 4781 1632 4833 sumus?
1655 4776 1872 4835 deinde.
1903 4778 1970 4834 de
1999 4777 2113 4833 hoc

522 4866 734 4922 scilicet
787 4864 1080 4919 consilium
1136 4865 1296 4919 nobis
1341 4864 1434 4918 dat
1477 4866 1820 4931 Apostolus:
1855 4868 2099 4926 essentia

519 4956 736 5020 vivere;
766 4954 921 5024 quasi
949 4953 1154 5008 diceret
1177 4973 1188 5009 ς
1213 4952 1317 5007 Per
1341 4969 1438 5009 vos
1464 4954 1613 5025 ipsos
1637 4965 1691 5010 et
1716 4971 1825 5010 non
1855 4973 1949 5027 per
1962 4957 2101 5014 alios

518 5048 642 5102 vita
684 5044 975 5116 participes
1012 5045 1166 5100 estis.
1214 5043 1272 5099 Si
1302 5045 1465 5115 igitur
1499 5062 1764 5117 nusquam
1798 5047 1942 5103 hunc
1972 5065 2099 5120 pro-

519 5137 635 5207 prie
688 5135 814 5190 licet
842 5148 1061 5189 sensum
1099 5133 1413 5204 percipere,
1468 5136 1746 5205 quomodo
1782 5136 1870 5192 hic
1905 5154 2099 5194 rursus

536 5226 848 5298 hypocritas
893 5222 1231 5280 somniorum
1258 5224 1525 5290 imitatus,
1557 5242 1655 5296 pro
1677 5231 1917 5284 essentia
1936 5230 2095 5299 jubet

513 5320 997 5388 spiritumcapcre,
1032 5324 1091 5370 ut
1120 5316 1410 5372 concludat
1442 5319 1774 5390 syllogistice
1793 5321 2088 5378 dictionem

514 5408 772 5463 Dominus
825 5409 892 5463 de
938 5407 1178 5463 essentia
1226 5409 1599 5479 exponendam
1641 5413 1805 5466 esse?
1843 5411 1899 5466 Si
1941 5415 2087 5467 enim

513 5502 740 5568 spiritus
770 5499 1005 5553 essentia
1039 5507 1143 5563 est,
1168 5508 1220 5555 et
1244 5498 1503 5569 Dotuinus
1527 5510 1611 5557 est
1627 5504 1871 5573 spiritus,
1913 5504 2089 5561 Domi-

2207 4594 2499 4667 πνεύματι,
2533 4598 2628 4650 καὶ
2673 4600 2903 4669 στοιχεῖν
2946 4596 3236 4668 πνεύματι,
3261 4597 3417 4651 τοῦτο
3453 4597 3549 4650 καὶ⁸
3582 4593 3772 4650 παντά-

2205 4703 2372 4741 πασιν
2408 4687 2515 4754 ἔξω
2538 4688 2778 4753 διανοίας
2803 4689 2872 4743 ἂν
2899 4689 3008 4759 εἴη,
3037 4690 3087 4742 εί
3114 4689 3248 4761 πρὸς
3280 4688 3378 4759 τὴν
3397 4688 3588 4741 οὐσίαν
3608 4686 3663 4738 τὸ
3681 4682 3767 4737 τοῦ

2203 4779 2511 4852 πνεύματος
2542 4781 2938 4852 σημαινόμενον
2967 4781 3201 4853 φέροιτο.
3234 4781 3354 4835 Τίνι
3382 4780 3492 4852 γὰρ
3519 4779 3659 4848 ἄλλῳ
3680 4774 3768 4829 καὶ

2203 4872 2325 4944 οὐχὶ
2353 4875 2421 4944 τῇ
2455 4872 2611 4945 οὐσίᾳ
2638 4856 2867 4945 τοῦζῇν
2915 4873 3215 4945 μετέχομεν
3254 4873 3491 4934 ἅπαντες
3524 4873 3575 4925 οἱ
3603 4873 3656 4923 ἐν
3688 4865 3765 4934 τῷ

2199 4962 2301 5037 ζῇν
2353 4963 2539 5031 ὄντες
2596 4961 2728 5018 Εἶτα
2789 4965 2915 5038 περὶ
2966 4964 3156 5019 τούτου
3206 4963 3512 5034 συμϐουλὴν
3562 4963 3683 5031 ἡμῖν
3730 4958 3761 5009 6

2210 5056 2531 5120 ’Λπόστολος
2558 5056 2906 5111 κατατίθεται
2926 5073 2939 5086 ”
2972 5057 3133 5128 οὐσίᾳ
3150 5056 3274 5127 ζῇν,
3299 5055 3373 5119 ὡς
3395 5054 3463 5108 ἂν
3492 5056 3540 5107 εί
3565 5053 3755 5117 ἔλεγεν,

2194 5147 2277 5202 ετι
2296 5146 2544 5217 Δι’ὺμῶν
2569 5148 2748 5201 αὐτῶν
2771 5148 2865 5202 καὶ
2900 5148 2972 5219 μὴ
3002 5146 3070 5200 δι’
3100 5146 3301 5220 ἐτέρων
3331 5146 3428 5216 τῆς
3465 5145 3603 5213 ζωῆς
3634 5154 3753 5211 μετ·
3810 5132 3821 5137 ’

2195 5238 2369 5308 ἐχετε.
2429 5238 2491 5290 Εἰ
2534 5235 2625 5293 οὖν
2682 5239 2917 5309 οὐδαμοῦ
2964 5238 3167 5310 ταύτην
3214 5236 3420 5310 κυρίως
3461 5236 3575 5290 ἐστι
3610 5246 3755 5300 περι-

2196 5327 2466 5400 ληφθῆναι
2502 5330 2601 5401 τὴν
2632 5330 2858 5393 ἔννοιαν,
2893 5329 3010 5393 πῶς
3035 5328 3266 5382 ἐνταῦθα
3292 5328 3455 5382 πάλιν
3484 5326 3603 5389 τοὺς
3632 5325 3753 5376 ὐπο-

2196 5420 2389 5493 κριτὰς
2422 5421 2529 5475 τῶν
2563 5422 2785 5494 ὀνείρων
2819 5422 3150 5493 μιμούμενος
3194 5420 3315 5474 ἀντὶ
3338 5420 3440 5491 τῆς
3463 5419 3635 5480 οὐσίας
3665 5430 3750 5467 κε-

2197 5511 2343 5567 λεύει
2376 5514 2437 5566 τὺ
2473 5514 2692 5584 πνεῦμα
2727 5513 3278 5586 παραλαμϐάνεσθαι,
3329 5513 3416 5565 ἵνα
3447 5506 3745 5581 cupi-raptim

588 5676 605 5709 '
634 5677 677 5732 ll
710 5677 837 5733 Cor.
900 5696 979 5748 Ill,
1022 5681 1103 5733 Π.
1205 5684 1227 5714 ²
1258 5681 1413 5738 Rom.
1445 5697 1563 5749 vni,
1602 5685 1680 5739 16.
1761 5687 1779 5717 ³
1808 5685 1825 5739 l
1859 5687 1983 5743 Cor.
2020 5701 2079 5754 It,
2112 5688 2117 5739 l

2294 5690 2315 5721 δ
2343 5687 2380 5744 ll
2414 5690 2540 5746 Cor.
2568 5706 2647 5758 I'l,
2680 5690 2733 5747 6.
2796 5653 2852 5723 .'
2887 5689 3043 5745 Rom.
3077 5707 3195 5758 vui,
3236 5692 3320 5747 l5.
3398 5691 3420 5722 ⁸
3451 5689 3562 5745 Gal.
3586 5678 3741 5751 tu”.
