  <div class='ocr_page' id='page_1' title='image "/cluster/home/n/w/nwhite01/storage/ocr_20150623/45/hvd.32044073501876/388.png"; bbox 0 0 3992 6210; ppageno 0'>
   <div class='ocr_carea' id='block_1_1' title="bbox 217 265 310 325">
    <p class='ocr_par' dir='ltr' id='par_1_1' title="bbox 217 265 310 325">
     <span class='ocr_line' id='line_1_1' title="bbox 217 265 310 325; baseline 0.054 -6"><span class='ocrx_word' id='word_1_1' title='bbox 217 265 310 325; x_wconf 70' lang='grc'><strong>761</strong></span> 
     </span>
    </p>
   </div>
   <div class='ocr_carea' id='block_1_2' title="bbox 1324 256 2372 323">
    <p class='ocr_par' dir='ltr' id='par_1_2' title="bbox 1324 256 2372 323">
     <span class='ocr_line' id='line_1_2' title="bbox 1324 256 2372 323; baseline -0.009 -1"><span class='ocrx_word' id='word_1_2' title='bbox 1324 264 1603 322; x_wconf 77' lang='lat' dir='ltr'><strong>CONTRA</strong></span> <span class='ocrx_word' id='word_1_3' title='bbox 1656 256 2045 323; x_wconf 79' lang='lat' dir='ltr'><strong>EUNOMlUM,</strong></span> <span class='ocrx_word' id='word_1_4' title='bbox 2090 259 2214 314; x_wconf 83' lang='lat' dir='ltr'><strong>LIB.</strong></span> <span class='ocrx_word' id='word_1_5' title='bbox 2261 259 2372 314; x_wconf 71' lang='lat' dir='ltr'><strong>Vil.</strong></span> 
     </span>
    </p>
   </div>
   <div class='ocr_carea' id='block_1_3' title="bbox 3377 250 3481 308">
    <p class='ocr_par' dir='ltr' id='par_1_3' title="bbox 3377 250 3481 308">
     <span class='ocr_line' id='line_1_3' title="bbox 3377 250 3481 308; baseline -0.038 0"><span class='ocrx_word' id='word_1_6' title='bbox 3377 250 3481 308; x_wconf 63' lang='lat'><strong>762</strong></span> 
     </span>
    </p>
   </div>
   <div class='ocr_carea' id='block_1_4' title="bbox 215 374 1802 454">
    <p class='ocr_par' dir='ltr' id='par_1_4' title="bbox 215 380 1795 454">
     <span class='ocr_line' id='line_1_4' title="bbox 215 380 1795 454; baseline -0.003 -19"><span class='ocrx_word' id='word_1_7' title='bbox 215 381 637 450; x_wconf 76' lang='grc' dir='ltr'><strong>συλλογιστικῶς</strong></span> <span class='ocrx_word' id='word_1_8' title='bbox 677 382 736 436; x_wconf 85' lang='lat'><strong>:6</strong></span> <span class='ocrx_word' id='word_1_9' title='bbox 778 382 918 437; x_wconf 83' lang='grc' dir='ltr'><strong>κατά</strong></span> <span class='ocrx_word' id='word_1_10' title='bbox 959 385 1056 453; x_wconf 80' lang='grc' dir='ltr'>τῆς</span> <span class='ocrx_word' id='word_1_11' title='bbox 1113 382 1297 448; x_wconf 86' lang='grc' dir='ltr'>οὐσίας</span> <span class='ocrx_word' id='word_1_12' title='bbox 1340 381 1656 454; x_wconf 79' lang='grc' dir='ltr'>συγκεῖσθαι</span> <span class='ocrx_word' id='word_1_13' title='bbox 1697 380 1795 451; x_wconf 80' lang='grc' dir='ltr'>τὴν</span> 
     </span>
    </p>
   </div>
   <div class='ocr_carea' id='block_1_5' title="bbox 1907 374 3480 454">
    <p class='ocr_par' dir='ltr' id='par_1_5' title="bbox 1907 374 3480 450">
     <span class='ocr_line' id='line_1_5' title="bbox 1907 374 3480 450; baseline 0 -16"><span class='ocrx_word' id='word_1_14' title='bbox 1907 395 2003 434; x_wconf 93' lang='lat' dir='ltr'><strong>nus</strong></span> <span class='ocrx_word' id='word_1_15' title='bbox 2037 380 2202 450; x_wconf 77' lang='lat' dir='ltr'><strong>igitur</strong></span> <span class='ocrx_word' id='word_1_16' title='bbox 2234 393 2463 450; x_wconf 85' lang='lat' dir='ltr'><strong>prorsus</strong></span> <span class='ocrx_word' id='word_1_17' title='bbox 2507 376 2744 433; x_wconf 87' lang='lat' dir='ltr'><strong>essentia</strong></span> <span class='ocrx_word' id='word_1_18' title='bbox 2780 374 3075 431; x_wconf 77' lang='lat' dir='ltr'><strong>invenitur.</strong></span> <span class='ocrx_word' id='word_1_19' title='bbox 3110 376 3156 432; x_wconf 92' lang='lat' dir='ltr'><strong>O</strong></span> <span class='ocrx_word' id='word_1_20' title='bbox 3205 378 3480 448; x_wconf 77' lang='lat' dir='ltr'><strong>quomodo</strong></span> 
     </span>
    </p>
   </div>
   <div class='ocr_carea' id='block_1_6' title="bbox 212 473 1792 547">
    <p class='ocr_par' dir='ltr' id='par_1_6' title="bbox 212 473 1792 547">
     <span class='ocr_line' id='line_1_6' title="bbox 212 473 1792 547; baseline -0.001 -19"><span class='ocrx_word' id='word_1_21' title='bbox 212 475 429 542; x_wconf 68' lang='grc' dir='ltr'>Κύριος</span> <span class='ocrx_word' id='word_1_22' title='bbox 468 473 641 539; x_wconf 78' lang='grc' dir='ltr'>λέξιν.</span> <span class='ocrx_word' id='word_1_23' title='bbox 669 476 730 530; x_wconf 83' lang='lat' dir='ltr'><strong>Ei</strong></span> <span class='ocrx_word' id='word_1_24' title='bbox 756 476 864 547; x_wconf 81' lang='grc' dir='ltr'>γὰρ</span> <span class='ocrx_word' id='word_1_25' title='bbox 909 476 970 530; x_wconf 90' lang='lat'><strong>:6</strong></span> <span class='ocrx_word' id='word_1_26' title='bbox 1007 475 1220 547; x_wconf 81' lang='grc' dir='ltr'>πνεῦμα</span> <span class='ocrx_word' id='word_1_27' title='bbox 1251 477 1408 531; x_wconf 89' lang='grc' dir='ltr'>οὐσία</span> <span class='ocrx_word' id='word_1_28' title='bbox 1449 475 1621 536; x_wconf 75' lang='grc' dir='ltr'>ἐστὶν,</span> <span class='ocrx_word' id='word_1_29' title='bbox 1662 475 1690 526; x_wconf 94' lang='lat'><strong>6</strong></span> <span class='ocrx_word' id='word_1_30' title='bbox 1734 474 1792 527; x_wconf 81' lang='grc' dir='ltr'>δὲ</span> 
     </span>
    </p>
   </div>
   <div class='ocr_carea' id='block_1_7' title="bbox 213 565 1793 640">
    <p class='ocr_par' dir='ltr' id='par_1_7' title="bbox 213 565 1793 640">
     <span class='ocr_line' id='line_1_7' title="bbox 213 565 1793 640; baseline -0.001 -20"><span class='ocrx_word' id='word_1_31' title='bbox 213 567 414 638; x_wconf 79' lang='grc' dir='ltr'>Κύριος</span> <span class='ocrx_word' id='word_1_32' title='bbox 459 565 522 618; x_wconf 90' lang='lat'><strong>:6</strong></span> <span class='ocrx_word' id='word_1_33' title='bbox 575 567 793 638; x_wconf 83' lang='grc' dir='ltr'>πνεῦμά</span> <span class='ocrx_word' id='word_1_34' title='bbox 822 570 992 632; x_wconf 75' lang='grc' dir='ltr'>ἐστιν,</span> <span class='ocrx_word' id='word_1_35' title='bbox 1043 570 1072 622; x_wconf 86' lang='lat'><strong>6</strong></span> <span class='ocrx_word' id='word_1_36' title='bbox 1124 569 1329 640; x_wconf 81' lang='grc' dir='ltr'>Κύριος</span> <span class='ocrx_word' id='word_1_37' title='bbox 1373 566 1531 621; x_wconf 91' lang='grc' dir='ltr'>οὐσία</span> <span class='ocrx_word' id='word_1_38' title='bbox 1576 565 1793 628; x_wconf 72' lang='grc' dir='ltr'>πάντως</span> 
     </span>
    </p>
   </div>
   <div class='ocr_carea' id='block_1_8' title="bbox 213 657 1793 732">
    <p class='ocr_par' dir='ltr' id='par_1_8' title="bbox 213 657 1793 732">
     <span class='ocr_line' id='line_1_8' title="bbox 213 657 1793 732; baseline 0.001 -21"><span class='ocrx_word' id='word_1_39' title='bbox 213 657 544 728; x_wconf 82' lang='grc' dir='ltr'>εὐρίσκεται.</span> <span class='ocrx_word' id='word_1_40' title='bbox 579 661 645 711; x_wconf 84' lang='grc' dir='ltr'><strong>Ὦ</strong></span> <span class='ocrx_word' id='word_1_41' title='bbox 687 660 804 724; x_wconf 82' lang='grc' dir='ltr'>πῶς</span> <span class='ocrx_word' id='word_1_42' title='bbox 844 660 1362 732; x_wconf 55' lang='grc' dir='ltr'>ἀνανταγώνιστοςή</span> <span class='ocrx_word' id='word_1_43' title='bbox 1392 659 1488 713; x_wconf 78' lang='lat'><strong>:06</strong></span> <span class='ocrx_word' id='word_1_44' title='bbox 1513 660 1793 731; x_wconf 73' lang='grc' dir='ltr'>ἐπιχειρή-</span> 
     </span>
    </p>
   </div>
   <div class='ocr_carea' id='block_1_9' title="bbox 215 749 1793 822">
    <p class='ocr_par' dir='ltr' id='par_1_9' title="bbox 215 749 1793 822">
     <span class='ocr_line' id='line_1_9' title="bbox 215 749 1793 822; baseline 0.001 -20"><span class='ocrx_word' id='word_1_45' title='bbox 215 767 384 820; x_wconf 85' lang='grc' dir='ltr'>ματος</span> <span class='ocrx_word' id='word_1_46' title='bbox 415 749 673 818; x_wconf 74' lang='grc' dir='ltr'>δύναμιςῐ</span> <span class='ocrx_word' id='word_1_47' title='bbox 706 753 830 817; x_wconf 83' lang='grc' dir='ltr'><strong>Πῶς</strong></span> <span class='ocrx_word' id='word_1_48' title='bbox 869 753 1014 806; x_wconf 77' lang='grc' dir='ltr'>ἐστιν</span> <span class='ocrx_word' id='word_1_49' title='bbox 1041 751 1258 807; x_wconf 79' lang='grc' dir='ltr'><strong>ἐκδῦναι</strong></span> <span class='ocrx_word' id='word_1_50' title='bbox 1283 753 1374 807; x_wconf 73' lang='grc' dir='ltr'><strong>καί</strong></span> <span class='ocrx_word' id='word_1_51' title='bbox 1406 751 1666 806; x_wconf 74' lang='grc' dir='ltr'><strong>ἀναλῦσαι</strong></span> <span class='ocrx_word' id='word_1_52' title='bbox 1694 753 1793 822; x_wconf 76' lang='grc' dir='ltr'>τὴν</span> 
     </span>
    </p>
   </div>
   <div class='ocr_carea' id='block_1_10' title="bbox 209 840 1792 914">
    <p class='ocr_par' dir='ltr' id='par_1_10' title="bbox 209 840 1792 914">
     <span class='ocr_line' id='line_1_10' title="bbox 209 840 1792 914; baseline 0.001 -22"><span class='ocrx_word' id='word_1_53' title='bbox 209 840 493 911; x_wconf 83' lang='grc' dir='ltr'>ἀμήχανον</span> <span class='ocrx_word' id='word_1_54' title='bbox 513 843 720 911; x_wconf 87' lang='grc' dir='ltr'>ταύτην</span> <span class='ocrx_word' id='word_1_55' title='bbox 742 843 850 898; x_wconf 81' lang='grc' dir='ltr'>τῶν</span> <span class='ocrx_word' id='word_1_56' title='bbox 884 841 1208 908; x_wconf 84' lang='grc' dir='ltr'>ἀποδείξεων</span> <span class='ocrx_word' id='word_1_57' title='bbox 1235 843 1478 914; x_wconf 81' lang='grc' dir='ltr'>ἀνάγκην</span> <span class='ocrx_word' id='word_1_58' title='bbox 1499 859 1513 908; x_wconf 88' lang='grc'>;</span> <span class='ocrx_word' id='word_1_59' title='bbox 1538 844 1567 895; x_wconf 98' lang='lat'><strong>6</strong></span> <span class='ocrx_word' id='word_1_60' title='bbox 1589 841 1792 912; x_wconf 84' lang='grc' dir='ltr'>Κύριος</span> 
     </span>
    </p>
   </div>
   <div class='ocr_carea' id='block_1_11' title="bbox 212 932 1790 1003">
    <p class='ocr_par' dir='ltr' id='par_1_11' title="bbox 212 932 1790 1003">
     <span class='ocr_line' id='line_1_11' title="bbox 212 932 1790 1003; baseline 0.002 -19"><span class='ocrx_word' id='word_1_61' title='bbox 212 932 354 985; x_wconf 83' lang='grc' dir='ltr'><strong>κατά</strong></span> <span class='ocrx_word' id='word_1_62' title='bbox 379 932 479 1003; x_wconf 83' lang='grc' dir='ltr'>τῆς</span> <span class='ocrx_word' id='word_1_63' title='bbox 516 933 704 997; x_wconf 84' lang='grc' dir='ltr'>οὐσίας</span> <span class='ocrx_word' id='word_1_64' title='bbox 732 934 967 1003; x_wconf 87' lang='grc' dir='ltr'>λέγεται,</span> <span class='ocrx_word' id='word_1_65' title='bbox 1005 935 1122 1000; x_wconf 78' lang='grc' dir='ltr'><strong>πῶς</strong></span> <span class='ocrx_word' id='word_1_66' title='bbox 1147 935 1304 989; x_wconf 78' lang='grc' dir='ltr'>τοῦτο</span> <span class='ocrx_word' id='word_1_67' title='bbox 1331 935 1790 1000; x_wconf 77' lang='grc' dir='ltr'>κατασκευάζων;</span> 
     </span>
    </p>
   </div>
   <div class='ocr_carea' id='block_1_12' title="bbox 214 1024 1796 1096">
    <p class='ocr_par' dir='ltr' id='par_1_12' title="bbox 214 1024 1796 1096">
     <span class='ocr_line' id='line_1_12' title="bbox 214 1024 1796 1096; baseline 0.002 -19"><span class='ocrx_word' id='word_1_68' title='bbox 214 1024 339 1078; x_wconf 77' lang='grc' dir='ltr'>’Ότι</span> <span class='ocrx_word' id='word_1_69' title='bbox 379 1025 546 1096; x_wconf 80' lang='grc' dir='ltr'>φησὶν</span> <span class='ocrx_word' id='word_1_70' title='bbox 576 1026 605 1078; x_wconf 92' lang='lat'><strong>6</strong></span> <span class='ocrx_word' id='word_1_71' title='bbox 645 1026 989 1092; x_wconf 80' lang='grc' dir='ltr'>’Δπόστολος,</span> <span class='ocrx_word' id='word_1_72' title='bbox 1034 1027 1091 1080; x_wconf 89' lang='grc' dir='ltr'><strong>Ὀ</strong></span> <span class='ocrx_word' id='word_1_73' title='bbox 1123 1027 1192 1080; x_wconf 81' lang='grc' dir='ltr'>δὲ</span> <span class='ocrx_word' id='word_1_74' title='bbox 1219 1029 1433 1096; x_wconf 78' lang='grc' dir='ltr'>Κύριος</span> <span class='ocrx_word' id='word_1_75' title='bbox 1463 1027 1531 1080; x_wconf 82' lang='grc' dir='ltr'>τὸ</span> <span class='ocrx_word' id='word_1_76' title='bbox 1559 1025 1796 1095; x_wconf 76' lang='grc' dir='ltr'>πνεῦμά</span> 
     </span>
    </p>
   </div>
   <div class='ocr_carea' id='block_1_13' title="bbox 206 1113 1796 1191">
    <p class='ocr_par' dir='ltr' id='par_1_13' title="bbox 206 1113 1796 1191">
     <span class='ocr_line' id='line_1_13' title="bbox 206 1113 1796 1191; baseline 0.002 -22"><span class='ocrx_word' id='word_1_77' title='bbox 206 1116 362 1170; x_wconf 79' lang='grc' dir='ltr'>ἐστι.</span> <span class='ocrx_word' id='word_1_78' title='bbox 381 1117 448 1170; x_wconf 89' lang='grc' dir='ltr'>Τί</span> <span class='ocrx_word' id='word_1_79' title='bbox 471 1113 565 1172; x_wconf 75' lang='grc' dir='ltr'>οὖν</span> <span class='ocrx_word' id='word_1_80' title='bbox 581 1117 738 1171; x_wconf 80' lang='grc' dir='ltr'>τοῦτο</span> <span class='ocrx_word' id='word_1_81' title='bbox 756 1118 891 1189; x_wconf 80' lang='grc' dir='ltr'>πρὸς</span> <span class='ocrx_word' id='word_1_82' title='bbox 915 1120 1016 1191; x_wconf 74' lang='grc' dir='ltr'>τὴν</span> <span class='ocrx_word' id='word_1_83' title='bbox 1037 1119 1254 1188; x_wconf 88' lang='grc' dir='ltr'>οὐσίαν;</span> <span class='ocrx_word' id='word_1_84' title='bbox 1295 1120 1454 1173; x_wconf 84' lang='grc' dir='ltr'>Ἀλλὰ</span> <span class='ocrx_word' id='word_1_85' title='bbox 1490 1120 1549 1173; x_wconf 84' lang='lat'><strong>:6</strong></span> <span class='ocrx_word' id='word_1_86' title='bbox 1580 1118 1796 1188; x_wconf 79' lang='grc' dir='ltr'>πνεῦμα</span> 
     </span>
    </p>
   </div>
   <div class='ocr_carea' id='block_1_14' title="bbox 210 1206 1795 1280">
    <p class='ocr_par' dir='ltr' id='par_1_14' title="bbox 210 1206 1795 1280">
     <span class='ocr_line' id='line_1_14' title="bbox 210 1206 1795 1280; baseline 0.001 -19"><span class='ocrx_word' id='word_1_87' title='bbox 210 1206 523 1261; x_wconf 81' lang='grc' dir='ltr'>κελεύουσιν</span> <span class='ocrx_word' id='word_1_88' title='bbox 543 1207 667 1262; x_wconf 76' lang='grc' dir='ltr'>ἀντὶ</span> <span class='ocrx_word' id='word_1_89' title='bbox 683 1209 779 1280; x_wconf 84' lang='grc' dir='ltr'>τῆς</span> <span class='ocrx_word' id='word_1_90' title='bbox 795 1208 982 1273; x_wconf 81' lang='grc' dir='ltr'>οὐσίας</span> <span class='ocrx_word' id='word_1_91' title='bbox 999 1209 1258 1280; x_wconf 76' lang='grc' dir='ltr'><strong>τετάχθαι</strong></span> <span class='ocrx_word' id='word_1_92' title='bbox 1279 1209 1385 1262; x_wconf 80' lang='grc' dir='ltr'><strong>τῶν</strong></span> <span class='ocrx_word' id='word_1_93' title='bbox 1402 1209 1795 1263; x_wconf 77' lang='grc' dir='ltr'><strong>ἀποδεικτικῶν</strong></span> 
     </span>
    </p>
   </div>
   <div class='ocr_carea' id='block_1_15' title="bbox 207 1297 1794 1372">
    <p class='ocr_par' dir='ltr' id='par_1_15' title="bbox 207 1297 1794 1372">
     <span class='ocr_line' id='line_1_15' title="bbox 207 1297 1794 1372; baseline 0.002 -22"><span class='ocrx_word' id='word_1_94' title='bbox 207 1298 418 1365; x_wconf 58' lang='grc' dir='ltr'>ἐσόδων</span> <span class='ocrx_word' id='word_1_95' title='bbox 442 1299 496 1351; x_wconf 87' lang='grc' dir='ltr'>αἱ</span> <span class='ocrx_word' id='word_1_96' title='bbox 521 1298 729 1368; x_wconf 85' lang='grc' dir='ltr'><strong>τέχναι.</strong></span> <span class='ocrx_word' id='word_1_97' title='bbox 772 1297 958 1352; x_wconf 76' lang='grc' dir='ltr'>Ταῦτα</span> <span class='ocrx_word' id='word_1_98' title='bbox 990 1299 1092 1369; x_wconf 75' lang='grc' dir='ltr'>τῆς</span> <span class='ocrx_word' id='word_1_99' title='bbox 1151 1299 1583 1372; x_wconf 81' lang='grc' dir='ltr'>Ἀριστοτελικῆς</span> <span class='ocrx_word' id='word_1_100' title='bbox 1610 1317 1794 1371; x_wconf 84' lang='grc' dir='ltr'>τεχνο-</span> 
     </span>
    </p>
   </div>
   <div class='ocr_carea' id='block_1_16' title="bbox 206 1390 1796 1462">
    <p class='ocr_par' dir='ltr' id='par_1_16' title="bbox 206 1390 1796 1462">
     <span class='ocr_line' id='line_1_16' title="bbox 206 1390 1796 1462; baseline 0.003 -22"><span class='ocrx_word' id='word_1_101' title='bbox 206 1390 399 1458; x_wconf 80' lang='grc' dir='ltr'>λογίας</span> <span class='ocrx_word' id='word_1_102' title='bbox 417 1390 484 1444; x_wconf 72' lang='grc' dir='ltr'><strong>τὰ</strong></span> <span class='ocrx_word' id='word_1_103' title='bbox 506 1390 923 1462; x_wconf 80' lang='grc' dir='ltr'><strong>κατορθώματα.</strong></span> <span class='ocrx_word' id='word_1_104' title='bbox 959 1390 1058 1444; x_wconf 88' lang='grc' dir='ltr'>Διά</span> <span class='ocrx_word' id='word_1_105' title='bbox 1081 1390 1238 1444; x_wconf 80' lang='grc' dir='ltr'>τοῦτο</span> <span class='ocrx_word' id='word_1_106' title='bbox 1260 1390 1481 1444; x_wconf 76' lang='grc' dir='ltr'>ὲλεεινοὶ</span> <span class='ocrx_word' id='word_1_107' title='bbox 1508 1391 1607 1462; x_wconf 78' lang='grc' dir='ltr'>μὲν</span> <span class='ocrx_word' id='word_1_108' title='bbox 1636 1393 1796 1462; x_wconf 78' lang='grc' dir='ltr'>ἡμεῖς</span> 
     </span>
    </p>
   </div>
   <div class='ocr_carea' id='block_1_17' title="bbox 208 1480 1797 1555">
    <p class='ocr_par' dir='ltr' id='par_1_17' title="bbox 208 1480 1797 1555">
     <span class='ocr_line' id='line_1_17' title="bbox 208 1480 1797 1555; baseline 0.002 -21"><span class='ocrx_word' id='word_1_109' title='bbox 208 1481 354 1536; x_wconf 81' lang='grc' dir='ltr'><strong>κατά</strong></span> <span class='ocrx_word' id='word_1_110' title='bbox 392 1482 484 1536; x_wconf 69' lang='grc' dir='ltr'><strong>τὸν</strong></span> <span class='ocrx_word' id='word_1_111' title='bbox 518 1482 612 1535; x_wconf 83' lang='grc' dir='ltr'><strong>σὸν</strong></span> <span class='ocrx_word' id='word_1_112' title='bbox 646 1480 825 1550; x_wconf 83' lang='grc' dir='ltr'>λόγον,</span> <span class='ocrx_word' id='word_1_113' title='bbox 858 1484 908 1536; x_wconf 92' lang='grc' dir='ltr'>οἱ</span> <span class='ocrx_word' id='word_1_114' title='bbox 945 1483 1044 1554; x_wconf 84' lang='grc' dir='ltr'>τῆς</span> <span class='ocrx_word' id='word_1_115' title='bbox 1086 1484 1277 1553; x_wconf 67' lang='grc' dir='ltr'>σοφίας</span> <span class='ocrx_word' id='word_1_116' title='bbox 1320 1484 1523 1555; x_wconf 81' lang='grc' dir='ltr'>ταύτης</span> <span class='ocrx_word' id='word_1_117' title='bbox 1559 1483 1797 1555; x_wconf 79' lang='grc' dir='ltr'>ἀμύητοι</span> 
     </span>
    </p>
   </div>
   <div class='ocr_carea' id='block_1_18' title="bbox 210 1573 1794 1647">
    <p class='ocr_par' dir='ltr' id='par_1_18' title="bbox 210 1573 1794 1647">
     <span class='ocr_line' id='line_1_18' title="bbox 210 1573 1794 1647; baseline 0.001 -21"><span class='ocrx_word' id='word_1_118' title='bbox 210 1573 579 1646; x_wconf 78' lang='grc' dir='ltr'>(μακαριστὸς</span> <span class='ocrx_word' id='word_1_119' title='bbox 605 1574 661 1628; x_wconf 84' lang='grc' dir='ltr'>δὲ</span> <span class='ocrx_word' id='word_1_120' title='bbox 699 1575 759 1628; x_wconf 89' lang='grc' dir='ltr'><strong>οὐ</strong></span> <span class='ocrx_word' id='word_1_121' title='bbox 791 1575 1007 1638; x_wconf 81' lang='grc' dir='ltr'>πάντως</span> <span class='ocrx_word' id='word_1_122' title='bbox 1036 1577 1064 1629; x_wconf 93' lang='lat'><strong>6</strong></span> <span class='ocrx_word' id='word_1_123' title='bbox 1086 1575 1172 1628; x_wconf 74' lang='grc' dir='ltr'><strong>διὰ</strong></span> <span class='ocrx_word' id='word_1_124' title='bbox 1193 1578 1291 1646; x_wconf 84' lang='grc' dir='ltr'>τῆς</span> <span class='ocrx_word' id='word_1_125' title='bbox 1322 1575 1575 1647; x_wconf 81' lang='grc' dir='ltr'>τοιαύτης</span> <span class='ocrx_word' id='word_1_126' title='bbox 1605 1577 1794 1645; x_wconf 71' lang='grc' dir='ltr'>ἐφόδου</span> 
     </span>
    </p>
   </div>
   <div class='ocr_carea' id='block_1_19' title="bbox 206 1663 1796 1736">
    <p class='ocr_par' dir='ltr' id='par_1_19' title="bbox 206 1663 1796 1736">
     <span class='ocr_line' id='line_1_19' title="bbox 206 1663 1796 1736; baseline 0.001 -20"><span class='ocrx_word' id='word_1_127' title='bbox 206 1663 446 1734; x_wconf 78' lang='grc' dir='ltr'>τάληθὲς</span> <span class='ocrx_word' id='word_1_128' title='bbox 486 1665 828 1736; x_wconf 79' lang='grc' dir='ltr'><strong>ἀνιχνεύων),</strong></span> <span class='ocrx_word' id='word_1_129' title='bbox 857 1665 1000 1719; x_wconf 85' lang='grc' dir='ltr'>οὐτω</span> <span class='ocrx_word' id='word_1_130' title='bbox 1035 1668 1175 1719; x_wconf 86' lang='grc' dir='ltr'>νοεῖν</span> <span class='ocrx_word' id='word_1_131' title='bbox 1196 1665 1284 1719; x_wconf 83' lang='grc' dir='ltr'>τὸν</span> <span class='ocrx_word' id='word_1_132' title='bbox 1331 1666 1681 1733; x_wconf 81' lang='grc' dir='ltr'>Ἀπόστολον,</span> <span class='ocrx_word' id='word_1_133' title='bbox 1720 1667 1796 1731; x_wconf 87' lang='grc' dir='ltr'>ὡς</span> 
     </span>
    </p>
   </div>
   <div class='ocr_carea' id='block_1_20' title="bbox 209 1741 1876 1829">
    <p class='ocr_par' dir='ltr' id='par_1_20' title="bbox 209 1741 1876 1829">
     <span class='ocr_line' id='line_1_20' title="bbox 209 1741 1876 1829; baseline 0.001 -19"><span class='ocrx_word' id='word_1_134' title='bbox 209 1757 336 1810; x_wconf 69' lang='grc' dir='ltr'>ἀντὶ</span> <span class='ocrx_word' id='word_1_135' title='bbox 371 1756 474 1827; x_wconf 82' lang='grc' dir='ltr'>τῆς</span> <span class='ocrx_word' id='word_1_136' title='bbox 513 1757 700 1821; x_wconf 81' lang='grc' dir='ltr'>οὐσίας</span> <span class='ocrx_word' id='word_1_137' title='bbox 747 1757 843 1810; x_wconf 85' lang='lat'>:06</span> <span class='ocrx_word' id='word_1_138' title='bbox 883 1755 1221 1826; x_wconf 82' lang='grc' dir='ltr'>Μονογενοῦς</span> <span class='ocrx_word' id='word_1_139' title='bbox 1253 1755 1458 1810; x_wconf 84' lang='grc' dir='ltr'>οίεσθαι</span> <span class='ocrx_word' id='word_1_140' title='bbox 1493 1757 1554 1810; x_wconf 85' lang='lat'><strong>:6</strong></span> <span class='ocrx_word' id='word_1_141' title='bbox 1584 1756 1802 1829; x_wconf 82' lang='grc' dir='ltr'>πνεῦμα</span> <span class='ocrx_word' id='word_1_142' title='bbox 1831 1741 1876 1801; x_wconf 71' lang='grc' dir='ltr'><strong><em>Β</em></strong></span> 
     </span>
    </p>
   </div>
   <div class='ocr_carea' id='block_1_21' title="bbox 206 1847 846 1920">
    <p class='ocr_par' dir='ltr' id='par_1_21' title="bbox 206 1847 846 1920">
     <span class='ocr_line' id='line_1_21' title="bbox 206 1847 846 1920; baseline 0.006 -21"><span class='ocrx_word' id='word_1_143' title='bbox 206 1865 286 1901; x_wconf 77' lang='grc' dir='ltr'><strong>πα</strong></span> <span class='ocrx_word' id='word_1_144' title='bbox 295 1848 344 1919; x_wconf 88' lang='grc' dir='ltr'>ρ’</span> <span class='ocrx_word' id='word_1_145' title='bbox 375 1847 542 1903; x_wconf 79' lang='grc' dir='ltr'>αὐτοῦ</span> <span class='ocrx_word' id='word_1_146' title='bbox 566 1848 846 1920; x_wconf 66' lang='grc' dir='ltr'>τετάχθαι.</span> 
     </span>
    </p>
   </div>
   <div class='ocr_carea' id='block_1_22' title="bbox 279 1958 1804 2037">
    <p class='ocr_par' dir='ltr' id='par_1_22' title="bbox 279 1958 1804 2037">
     <span class='ocr_line' id='line_1_22' title="bbox 279 1958 1804 2037; baseline 0.002 -22"><span class='ocrx_word' id='word_1_147' title='bbox 279 1962 410 2026; x_wconf 81' lang='grc' dir='ltr'><strong>Πῶς</strong></span> <span class='ocrx_word' id='word_1_148' title='bbox 455 1958 547 2016; x_wconf 76' lang='grc' dir='ltr'>οὖν</span> <span class='ocrx_word' id='word_1_149' title='bbox 599 1961 859 2034; x_wconf 86' lang='grc' dir='ltr'>ἀρμόσεις</span> <span class='ocrx_word' id='word_1_150' title='bbox 912 1961 1056 2016; x_wconf 88' lang='grc' dir='ltr'><strong>κατά</strong></span> <span class='ocrx_word' id='word_1_151' title='bbox 1090 1962 1150 2017; x_wconf 82' lang='lat'><strong>:6</strong></span> <span class='ocrx_word' id='word_1_152' title='bbox 1193 1964 1523 2029; x_wconf 74' lang='grc' dir='ltr'>ἀκόλουθονς</span> <span class='ocrx_word' id='word_1_153' title='bbox 1572 1965 1646 2018; x_wconf 91' lang='grc' dir='ltr'>Οὐ</span> <span class='ocrx_word' id='word_1_154' title='bbox 1694 1964 1804 2037; x_wconf 74' lang='grc' dir='ltr'><strong>γὰρ</strong></span> 
     </span>
    </p>
   </div>
   <div class='ocr_carea' id='block_1_23' title="bbox 207 2053 1801 2130">
    <p class='ocr_par' dir='ltr' id='par_1_23' title="bbox 207 2053 1801 2130">
     <span class='ocr_line' id='line_1_23' title="bbox 207 2053 1801 2130; baseline 0.003 -24"><span class='ocrx_word' id='word_1_155' title='bbox 207 2053 423 2116; x_wconf 79' lang='grc' dir='ltr'>τούτοις</span> <span class='ocrx_word' id='word_1_156' title='bbox 443 2053 503 2107; x_wconf 86' lang='lat'><strong>:6</strong></span> <span class='ocrx_word' id='word_1_157' title='bbox 531 2054 706 2126; x_wconf 75' lang='grc' dir='ltr'>νόημα</span> <span class='ocrx_word' id='word_1_158' title='bbox 729 2054 1146 2126; x_wconf 71' lang='grc' dir='ltr'>περιγράφεται.</span> <span class='ocrx_word' id='word_1_159' title='bbox 1171 2057 1351 2111; x_wconf 84' lang='grc' dir='ltr'>Εἰπὼν</span> <span class='ocrx_word' id='word_1_160' title='bbox 1376 2059 1484 2130; x_wconf 82' lang='grc' dir='ltr'><strong>γὰρ</strong></span> <span class='ocrx_word' id='word_1_161' title='bbox 1509 2060 1538 2111; x_wconf 88' lang='lat'><strong>6</strong></span> <span class='ocrx_word' id='word_1_162' title='bbox 1567 2057 1801 2121; x_wconf 80' lang='grc' dir='ltr'>Παῦλος,</span> 
     </span>
    </p>
   </div>
   <div class='ocr_carea' id='block_1_24' title="bbox 215 2144 1806 2220">
    <p class='ocr_par' dir='ltr' id='par_1_24' title="bbox 215 2144 1806 2220">
     <span class='ocr_line' id='line_1_24' title="bbox 215 2144 1806 2220; baseline 0.003 -22"><span class='ocrx_word' id='word_1_163' title='bbox 215 2146 274 2198; x_wconf 91' lang='lat'><strong>‘0</strong></span> <span class='ocrx_word' id='word_1_164' title='bbox 307 2146 381 2198; x_wconf 80' lang='grc' dir='ltr'>δὲ</span> <span class='ocrx_word' id='word_1_165' title='bbox 421 2145 636 2214; x_wconf 83' lang='grc' dir='ltr'>Κύριος</span> <span class='ocrx_word' id='word_1_166' title='bbox 676 2144 742 2199; x_wconf 85' lang='grc' dir='ltr'>τὸ</span> <span class='ocrx_word' id='word_1_167' title='bbox 787 2147 1024 2216; x_wconf 79' lang='grc' dir='ltr'>πνεῦμὰ</span> <span class='ocrx_word' id='word_1_168' title='bbox 1063 2148 1254 2213; x_wconf 81' lang='grc' dir='ltr'>ἐστιν,</span> <span class='ocrx_word' id='word_1_169' title='bbox 1302 2150 1565 2220; x_wconf 86' lang='grc' dir='ltr'>ἐπήγαγε,</span> <span class='ocrx_word' id='word_1_170' title='bbox 1612 2145 1692 2206; x_wconf 87' lang='grc' dir='ltr'><strong>Οὗ</strong></span> <span class='ocrx_word' id='word_1_171' title='bbox 1737 2149 1806 2203; x_wconf 83' lang='grc' dir='ltr'>δὲ</span> 
     </span>
    </p>
   </div>
   <div class='ocr_carea' id='block_1_25' title="bbox 203 2238 1805 2315">
    <p class='ocr_par' dir='ltr' id='par_1_25' title="bbox 203 2238 1805 2315">
     <span class='ocr_line' id='line_1_25' title="bbox 203 2238 1805 2315; baseline 0.001 -22"><span class='ocrx_word' id='word_1_172' title='bbox 203 2238 275 2293; x_wconf 72' lang='grc' dir='ltr'>τὸ</span> <span class='ocrx_word' id='word_1_173' title='bbox 313 2239 551 2309; x_wconf 75' lang='grc' dir='ltr'>πνεῦμα</span> <span class='ocrx_word' id='word_1_174' title='bbox 580 2241 826 2308; x_wconf 77' lang='grc' dir='ltr'>Κυρίου,</span> <span class='ocrx_word' id='word_1_175' title='bbox 855 2240 1183 2310; x_wconf 80' lang='grc' dir='ltr'>ἐλευθερία.</span> <span class='ocrx_word' id='word_1_176' title='bbox 1215 2243 1278 2296; x_wconf 81' lang='lat' dir='ltr'><strong>Et</strong></span> <span class='ocrx_word' id='word_1_177' title='bbox 1306 2238 1398 2296; x_wconf 73' lang='grc' dir='ltr'>οὖν</span> <span class='ocrx_word' id='word_1_178' title='bbox 1428 2241 1631 2315; x_wconf 87' lang='grc' dir='ltr'>Κύριός</span> <span class='ocrx_word' id='word_1_179' title='bbox 1659 2244 1805 2295; x_wconf 79' lang='grc' dir='ltr'>ἐστιν</span> 
     </span>
    </p>
   </div>
   <div class='ocr_carea' id='block_1_26' title="bbox 204 2327 1806 2406">
    <p class='ocr_par' dir='ltr' id='par_1_26' title="bbox 204 2327 1806 2406">
     <span class='ocr_line' id='line_1_26' title="bbox 204 2327 1806 2406; baseline 0.003 -23"><span class='ocrx_word' id='word_1_180' title='bbox 204 2333 241 2402; x_wconf 79' lang='grc' dir='ltr'>ἡ</span> <span class='ocrx_word' id='word_1_181' title='bbox 275 2327 457 2393; x_wconf 78' lang='grc' dir='ltr'>οὐσίά,</span> <span class='ocrx_word' id='word_1_182' title='bbox 483 2331 638 2386; x_wconf 82' lang='grc' dir='ltr'>οὐσία</span> <span class='ocrx_word' id='word_1_183' title='bbox 668 2332 724 2386; x_wconf 82' lang='grc' dir='ltr'>δὲ</span> <span class='ocrx_word' id='word_1_184' title='bbox 752 2333 813 2386; x_wconf 88' lang='lat'><strong>:6</strong></span> <span class='ocrx_word' id='word_1_185' title='bbox 847 2332 1060 2404; x_wconf 78' lang='grc' dir='ltr'>πνεῦμα</span> <span class='ocrx_word' id='word_1_186' title='bbox 1078 2349 1090 2362; x_wconf 86' lang='grc'><em>’</em></span> <span class='ocrx_word' id='word_1_187' title='bbox 1116 2334 1200 2396; x_wconf 86' lang='grc' dir='ltr'><strong>τίς</strong></span> <span class='ocrx_word' id='word_1_188' title='bbox 1224 2334 1386 2388; x_wconf 73' lang='grc' dir='ltr'>πάλιν</span> <span class='ocrx_word' id='word_1_189' title='bbox 1430 2335 1462 2406; x_wconf 79' lang='grc' dir='ltr'>ὴ</span> <span class='ocrx_word' id='word_1_190' title='bbox 1493 2335 1591 2405; x_wconf 81' lang='grc' dir='ltr'>τῆς</span> <span class='ocrx_word' id='word_1_191' title='bbox 1616 2334 1806 2397; x_wconf 85' lang='grc' dir='ltr'>οὐσίας</span> 
     </span>
    </p>
   </div>
   <div class='ocr_carea' id='block_1_27' title="bbox 203 2424 1806 2499">
    <p class='ocr_par' dir='ltr' id='par_1_27' title="bbox 203 2424 1806 2499">
     <span class='ocr_line' id='line_1_27' title="bbox 203 2424 1806 2499; baseline 0.002 -24"><span class='ocrx_word' id='word_1_192' title='bbox 203 2424 406 2488; x_wconf 77' lang='grc' dir='ltr'>οὐσία;</span> <span class='ocrx_word' id='word_1_193' title='bbox 442 2424 555 2477; x_wconf 86' lang='grc' dir='ltr'><strong>Μία</strong></span> <span class='ocrx_word' id='word_1_194' title='bbox 581 2424 690 2498; x_wconf 79' lang='grc' dir='ltr'><strong>γὰρ</strong></span> <span class='ocrx_word' id='word_1_195' title='bbox 717 2427 874 2480; x_wconf 86' lang='grc' dir='ltr'>οὐσία</span> <span class='ocrx_word' id='word_1_196' title='bbox 906 2425 967 2479; x_wconf 87' lang='lat'><strong>:6</strong></span> <span class='ocrx_word' id='word_1_197' title='bbox 998 2426 1214 2499; x_wconf 79' lang='grc' dir='ltr'>πνεῦμα</span> <span class='ocrx_word' id='word_1_198' title='bbox 1248 2428 1388 2482; x_wconf 84' lang='grc' dir='ltr'><strong>κατά</strong></span> <span class='ocrx_word' id='word_1_199' title='bbox 1420 2428 1510 2482; x_wconf 79' lang='grc' dir='ltr'>τὸν</span> <span class='ocrx_word' id='word_1_200' title='bbox 1531 2427 1686 2496; x_wconf 80' lang='grc' dir='ltr'>λόγον</span> <span class='ocrx_word' id='word_1_201' title='bbox 1714 2426 1806 2479; x_wconf 77' lang='grc' dir='ltr'><strong>τὸν</strong></span> 
     </span>
    </p>
   </div>
   <div class='ocr_carea' id='block_1_28' title="bbox 208 2517 1805 2592">
    <p class='ocr_par' dir='ltr' id='par_1_28' title="bbox 208 2517 1805 2592">
     <span class='ocr_line' id='line_1_28' title="bbox 208 2517 1805 2592; baseline 0.001 -23"><span class='ocrx_word' id='word_1_202' title='bbox 208 2517 329 2580; x_wconf 73' lang='grc' dir='ltr'>σὺν,</span> <span class='ocrx_word' id='word_1_203' title='bbox 353 2518 489 2590; x_wconf 72' lang='grc' dir='ltr'>ὅπερ</span> <span class='ocrx_word' id='word_1_204' title='bbox 513 2518 662 2572; x_wconf 73' lang='grc' dir='ltr'>ἐστὶν</span> <span class='ocrx_word' id='word_1_205' title='bbox 687 2519 715 2571; x_wconf 92' lang='lat'><strong>6</strong></span> <span class='ocrx_word' id='word_1_206' title='bbox 748 2517 968 2591; x_wconf 83' lang='grc' dir='ltr'>Κύριος.</span> <span class='ocrx_word' id='word_1_207' title='bbox 1008 2520 1175 2574; x_wconf 83' lang='grc' dir='ltr'>Πάλιν</span> <span class='ocrx_word' id='word_1_208' title='bbox 1207 2520 1301 2574; x_wconf 81' lang='grc' dir='ltr'>τοῦ</span> <span class='ocrx_word' id='word_1_209' title='bbox 1335 2521 1562 2592; x_wconf 81' lang='grc' dir='ltr'>Κυρίου,</span> <span class='ocrx_word' id='word_1_210' title='bbox 1597 2521 1655 2585; x_wconf 83' lang='grc' dir='ltr'>ὃς</span> <span class='ocrx_word' id='word_1_211' title='bbox 1685 2521 1805 2572; x_wconf 77' lang='grc' dir='ltr'>ἐστι</span> 
     </span>
    </p>
   </div>
   <div class='ocr_carea' id='block_1_29' title="bbox 205 2609 1802 2682">
    <p class='ocr_par' dir='ltr' id='par_1_29' title="bbox 205 2609 1802 2682">
     <span class='ocr_line' id='line_1_29' title="bbox 205 2609 1802 2682; baseline 0.001 -20"><span class='ocrx_word' id='word_1_212' title='bbox 205 2609 353 2662; x_wconf 70' lang='grc' dir='ltr'>τειιεῦ</span> <span class='ocrx_word' id='word_1_213' title='bbox 361 2628 456 2681; x_wconf 86' lang='grc' dir='ltr'><strong>μα,</strong></span> <span class='ocrx_word' id='word_1_214' title='bbox 472 2611 657 2680; x_wconf 75' lang='grc' dir='ltr'>ἕτερον</span> <span class='ocrx_word' id='word_1_215' title='bbox 669 2610 816 2680; x_wconf 90' lang='grc' dir='ltr'>λέγει</span> <span class='ocrx_word' id='word_1_216' title='bbox 839 2610 1075 2682; x_wconf 77' lang='grc' dir='ltr'>πνεῦμα,</span> <span class='ocrx_word' id='word_1_217' title='bbox 1088 2611 1232 2665; x_wconf 81' lang='grc' dir='ltr'>τοῦτ’</span> <span class='ocrx_word' id='word_1_218' title='bbox 1245 2611 1390 2666; x_wconf 76' lang='grc' dir='ltr'>ἔστιν</span> <span class='ocrx_word' id='word_1_219' title='bbox 1407 2612 1571 2682; x_wconf 83' lang='grc' dir='ltr'>ἀλλην</span> <span class='ocrx_word' id='word_1_220' title='bbox 1591 2613 1802 2677; x_wconf 82' lang='grc' dir='ltr'>οὐσίαν,</span> 
     </span>
    </p>
   </div>
   <div class='ocr_carea' id='block_1_30' title="bbox 207 2698 1807 2776">
    <p class='ocr_par' dir='ltr' id='par_1_30' title="bbox 207 2698 1807 2776">
     <span class='ocr_line' id='line_1_30' title="bbox 207 2698 1807 2776; baseline 0.001 -19"><span class='ocrx_word' id='word_1_221' title='bbox 207 2703 361 2757; x_wconf 78' lang='grc' dir='ltr'><strong>κατά</strong></span> <span class='ocrx_word' id='word_1_222' title='bbox 375 2703 473 2772; x_wconf 83' lang='grc' dir='ltr'>τὴν</span> <span class='ocrx_word' id='word_1_223' title='bbox 491 2703 588 2772; x_wconf 81' lang='grc' dir='ltr'>σὴν</span> <span class='ocrx_word' id='word_1_224' title='bbox 609 2703 923 2775; x_wconf 78' lang='grc' dir='ltr'>ἑρμηνείαν.</span> <span class='ocrx_word' id='word_1_225' title='bbox 941 2703 1107 2758; x_wconf 81' lang='grc' dir='ltr'>Οὐδὲν</span> <span class='ocrx_word' id='word_1_226' title='bbox 1135 2698 1227 2757; x_wconf 81' lang='grc' dir='ltr'>οὖν</span> <span class='ocrx_word' id='word_1_227' title='bbox 1248 2704 1376 2758; x_wconf 78' lang='grc' dir='ltr'>ἄλλο</span> <span class='ocrx_word' id='word_1_228' title='bbox 1402 2703 1542 2758; x_wconf 85' lang='grc' dir='ltr'><strong>κατά</strong></span> <span class='ocrx_word' id='word_1_229' title='bbox 1564 2704 1655 2758; x_wconf 82' lang='grc' dir='ltr'>τὸν</span> <span class='ocrx_word' id='word_1_230' title='bbox 1674 2706 1807 2776; x_wconf 83' lang='grc' dir='ltr'>ὑμέ-</span> 
     </span>
    </p>
   </div>
   <div class='ocr_carea' id='block_1_31' title="bbox 201 2794 1804 2868">
    <p class='ocr_par' dir='ltr' id='par_1_31' title="bbox 201 2794 1804 2868">
     <span class='ocr_line' id='line_1_31' title="bbox 201 2794 1804 2868; baseline 0 -18"><span class='ocrx_word' id='word_1_231' title='bbox 201 2813 378 2868; x_wconf 81' lang='grc' dir='ltr'>τερον</span> <span class='ocrx_word' id='word_1_232' title='bbox 415 2795 591 2864; x_wconf 81' lang='grc' dir='ltr'>λόγον,</span> <span class='ocrx_word' id='word_1_233' title='bbox 625 2795 660 2866; x_wconf 77' lang='grc' dir='ltr'>ἢ</span> <span class='ocrx_word' id='word_1_234' title='bbox 698 2795 884 2849; x_wconf 90' lang='grc' dir='ltr'>οὐσίαν</span> <span class='ocrx_word' id='word_1_235' title='bbox 905 2794 1092 2859; x_wconf 80' lang='grc' dir='ltr'>οὐσίας</span> <span class='ocrx_word' id='word_1_236' title='bbox 1117 2797 1227 2848; x_wconf 86' lang='grc' dir='ltr'>νοεῖ</span> <span class='ocrx_word' id='word_1_237' title='bbox 1249 2795 1277 2848; x_wconf 90' lang='lat'><strong>6</strong></span> <span class='ocrx_word' id='word_1_238' title='bbox 1312 2795 1648 2860; x_wconf 81' lang='grc' dir='ltr'>Ἀπόστολος,</span> <span class='ocrx_word' id='word_1_239' title='bbox 1688 2796 1804 2850; x_wconf 85' lang='grc' dir='ltr'><strong>Κύ-</strong></span> 
     </span>
    </p>
   </div>
   <div class='ocr_carea' id='block_1_32' title="bbox 201 2885 1804 2960">
    <p class='ocr_par' dir='ltr' id='par_1_32' title="bbox 201 2885 1804 2960">
     <span class='ocr_line' id='line_1_32' title="bbox 201 2885 1804 2960; baseline 0.002 -20"><span class='ocrx_word' id='word_1_240' title='bbox 201 2905 334 2960; x_wconf 83' lang='grc' dir='ltr'>ριον</span> <span class='ocrx_word' id='word_1_241' title='bbox 355 2885 594 2958; x_wconf 82' lang='grc' dir='ltr'>πνεῦμα,</span> <span class='ocrx_word' id='word_1_242' title='bbox 620 2889 714 2941; x_wconf 76' lang='grc' dir='ltr'>καὶ</span> <span class='ocrx_word' id='word_1_243' title='bbox 753 2887 974 2958; x_wconf 83' lang='grc' dir='ltr'>πνεῦμα</span> <span class='ocrx_word' id='word_1_244' title='bbox 1000 2886 1206 2959; x_wconf 82' lang='grc' dir='ltr'>Κυρίου</span> <span class='ocrx_word' id='word_1_245' title='bbox 1239 2887 1534 2958; x_wconf 74' lang='grc' dir='ltr'>διαρρήδην</span> <span class='ocrx_word' id='word_1_246' title='bbox 1556 2888 1804 2960; x_wconf 83' lang='grc' dir='ltr'>γράφων.</span> 
     </span>
    </p>
   </div>
   <div class='ocr_carea' id='block_1_33' title="bbox 216 2978 1808 3051">
    <p class='ocr_par' dir='ltr' id='par_1_33' title="bbox 216 2978 1808 3051">
     <span class='ocr_line' id='line_1_33' title="bbox 216 2978 1808 3051; baseline 0.001 -18"><span class='ocrx_word' id='word_1_247' title='bbox 216 2980 372 3033; x_wconf 74' lang='grc' dir='ltr'>Ἀλλ’</span> <span class='ocrx_word' id='word_1_248' title='bbox 404 2979 655 3049; x_wconf 85' lang='grc' dir='ltr'>Εὐνομίῳ</span> <span class='ocrx_word' id='word_1_249' title='bbox 683 2978 782 3050; x_wconf 81' lang='grc' dir='ltr'>μὲν</span> <span class='ocrx_word' id='word_1_250' title='bbox 824 2979 997 3049; x_wconf 76' lang='grc' dir='ltr'>ἐχέτω</span> <span class='ocrx_word' id='word_1_251' title='bbox 1041 2979 1111 3034; x_wconf 85' lang='grc' dir='ltr'><strong>τά</strong></span> <span class='ocrx_word' id='word_1_252' title='bbox 1154 2981 1516 3051; x_wconf 80' lang='grc' dir='ltr'>γεγραμμένα</span> <span class='ocrx_word' id='word_1_253' title='bbox 1563 2982 1703 3035; x_wconf 83' lang='grc' dir='ltr'><strong>κατά</strong></span> <span class='ocrx_word' id='word_1_254' title='bbox 1748 2983 1808 3035; x_wconf 82' lang='grc' dir='ltr'>τὸ</span> 
     </span>
    </p>
   </div>
   <div class='ocr_carea' id='block_1_34' title="bbox 1902 467 3480 539">
    <p class='ocr_par' dir='ltr' id='par_1_34' title="bbox 1902 467 3480 539">
     <span class='ocr_line' id='line_1_34' title="bbox 1902 467 3480 539; baseline -0.001 -14"><span class='ocrx_word' id='word_1_255' title='bbox 1902 471 2271 526; x_wconf 84' lang='lat' dir='ltr'><strong>ineluctabilis</strong></span> <span class='ocrx_word' id='word_1_256' title='bbox 2330 477 2413 524; x_wconf 84' lang='lat' dir='ltr'><strong>est</strong></span> <span class='ocrx_word' id='word_1_257' title='bbox 2471 469 2552 524; x_wconf 92' lang='lat' dir='ltr'><strong>vis</strong></span> <span class='ocrx_word' id='word_1_258' title='bbox 2611 468 3128 539; x_wconf 73' lang='lat' dir='ltr'><strong>argumentationis!</strong></span> <span class='ocrx_word' id='word_1_259' title='bbox 3194 467 3480 534; x_wconf 77' lang='lat' dir='ltr'><strong>Quomodo</strong></span> 
     </span>
    </p>
   </div>
   <div class='ocr_carea' id='block_1_35' title="bbox 1902 552 3480 630">
    <p class='ocr_par' dir='ltr' id='par_1_35' title="bbox 1902 552 3480 630">
     <span class='ocr_line' id='line_1_35' title="bbox 1902 552 3480 630; baseline -0.001 -13"><span class='ocrx_word' id='word_1_260' title='bbox 1902 563 2027 618; x_wconf 86' lang='lat' dir='ltr'><strong>licet</strong></span> <span class='ocrx_word' id='word_1_261' title='bbox 2059 577 2260 618; x_wconf 81' lang='lat' dir='ltr'><strong>exuere</strong></span> <span class='ocrx_word' id='word_1_262' title='bbox 2309 571 2363 617; x_wconf 90' lang='lat' dir='ltr'><strong>et</strong></span> <span class='ocrx_word' id='word_1_263' title='bbox 2412 561 2684 616; x_wconf 78' lang='lat' dir='ltr'><strong>resolvere</strong></span> <span class='ocrx_word' id='word_1_264' title='bbox 2714 561 2854 614; x_wconf 84' lang='lat' dir='ltr'><strong>hanc</strong></span> <span class='ocrx_word' id='word_1_265' title='bbox 2885 560 3356 630; x_wconf 79' lang='lat' dir='ltr'><strong>inexpugnabilem</strong></span> <span class='ocrx_word' id='word_1_266' title='bbox 3371 552 3480 617; x_wconf 7' lang='lat' dir='ltr'><strong>ide-</strong></span> 
     </span>
    </p>
   </div>
   <div class='ocr_carea' id='block_1_36' title="bbox 1900 651 3478 711">
    <p class='ocr_par' dir='ltr' id='par_1_36' title="bbox 1900 651 3478 711">
     <span class='ocr_line' id='line_1_36' title="bbox 1900 651 3478 711; baseline -0.002 -2"><span class='ocrx_word' id='word_1_267' title='bbox 1900 654 2358 711; x_wconf 87' lang='lat' dir='ltr'><strong>monstrationmn</strong></span> <span class='ocrx_word' id='word_1_268' title='bbox 2396 655 2781 709; x_wconf 79' lang='lat' dir='ltr'><strong>necessitatem</strong></span> <span class='ocrx_word' id='word_1_269' title='bbox 2807 651 3111 708; x_wconf 85' lang='lat' dir='ltr'><strong>?Domiuus</strong></span> <span class='ocrx_word' id='word_1_270' title='bbox 3148 653 3213 708; x_wconf 90' lang='lat' dir='ltr'><strong>de</strong></span> <span class='ocrx_word' id='word_1_271' title='bbox 3241 655 3478 708; x_wconf 83' lang='lat' dir='ltr'><strong>essentia</strong></span> 
     </span>
    </p>
   </div>
   <div class='ocr_carea' id='block_1_37' title="bbox 1900 743 3481 816">
    <p class='ocr_par' dir='ltr' id='par_1_37' title="bbox 1900 743 3481 816">
     <span class='ocr_line' id='line_1_37' title="bbox 1900 743 3481 816; baseline -0.002 -16"><span class='ocrx_word' id='word_1_272' title='bbox 1900 745 2134 801; x_wconf 87' lang='lat' dir='ltr'><strong>dicitur:</strong></span> <span class='ocrx_word' id='word_1_273' title='bbox 2165 746 2438 816; x_wconf 86' lang='lat' dir='ltr'><strong>quomodo</strong></span> <span class='ocrx_word' id='word_1_274' title='bbox 2474 745 2576 800; x_wconf 92' lang='lat' dir='ltr'><strong>hoc</strong></span> <span class='ocrx_word' id='word_1_275' title='bbox 2607 743 3051 814; x_wconf 71' lang='lat' dir='ltr'><strong>prazstruit?quia</strong></span> <span class='ocrx_word' id='word_1_276' title='bbox 3073 744 3368 813; x_wconf 86' lang='lat' dir='ltr'><strong>Apostolus</strong></span> <span class='ocrx_word' id='word_1_277' title='bbox 3397 745 3481 797; x_wconf 86' lang='lat' dir='ltr'><strong>iu-</strong></span> 
     </span>
    </p>
   </div>
   <div class='ocr_carea' id='block_1_38' title="bbox 1901 834 3481 910">
    <p class='ocr_par' dir='ltr' id='par_1_38' title="bbox 1901 834 3481 910">
     <span class='ocr_line' id='line_1_38' title="bbox 1901 834 3481 910; baseline -0.003 -18"><span class='ocrx_word' id='word_1_278' title='bbox 1901 839 2303 910; x_wconf 87' lang='lat' dir='ltr'><strong>quit,Dominus</strong></span> <span class='ocrx_word' id='word_1_279' title='bbox 2332 838 2552 906; x_wconf 74' lang='lat' dir='ltr'><strong>spiritus</strong></span> <span class='ocrx_word' id='word_1_280' title='bbox 2568 837 2699 891; x_wconf 74' lang='lat' dir='ltr'><strong>est’.</strong></span> <span class='ocrx_word' id='word_1_281' title='bbox 2721 835 2860 902; x_wconf 87' lang='lat' dir='ltr'><strong>Quid</strong></span> <span class='ocrx_word' id='word_1_282' title='bbox 2887 836 3050 905; x_wconf 83' lang='lat' dir='ltr'><strong>igitur</strong></span> <span class='ocrx_word' id='word_1_283' title='bbox 3072 836 3172 890; x_wconf 92' lang='lat' dir='ltr'><strong>hoc</strong></span> <span class='ocrx_word' id='word_1_284' title='bbox 3202 834 3268 888; x_wconf 87' lang='lat' dir='ltr'><strong>ad</strong></span> <span class='ocrx_word' id='word_1_285' title='bbox 3291 850 3481 890; x_wconf 86' lang='lat' dir='ltr'><strong>esseu-</strong></span> 
     </span>
    </p>
   </div>
   <div class='ocr_carea' id='block_1_39' title="bbox 1901 921 3482 996">
    <p class='ocr_par' dir='ltr' id='par_1_39' title="bbox 1901 921 3482 996">
     <span class='ocr_line' id='line_1_39' title="bbox 1901 921 3482 996; baseline -0.007 -12"><span class='ocrx_word' id='word_1_286' title='bbox 1901 931 2069 984; x_wconf 82' lang='lat' dir='ltr'><strong>tiam?</strong></span> <span class='ocrx_word' id='word_1_287' title='bbox 2106 927 2214 983; x_wconf 86' lang='lat' dir='ltr'><strong>Sed</strong></span> <span class='ocrx_word' id='word_1_288' title='bbox 2265 926 2518 995; x_wconf 82' lang='lat' dir='ltr'><strong>spiritum</strong></span> <span class='ocrx_word' id='word_1_289' title='bbox 2575 941 2674 996; x_wconf 87' lang='lat' dir='ltr'><strong>pro</strong></span> <span class='ocrx_word' id='word_1_290' title='bbox 2715 924 2952 979; x_wconf 79' lang='lat' dir='ltr'><strong>essentia</strong></span> <span class='ocrx_word' id='word_1_291' title='bbox 2990 922 3117 992; x_wconf 91' lang='lat' dir='ltr'><strong>poni</strong></span> <span class='ocrx_word' id='word_1_292' title='bbox 3151 921 3346 990; x_wconf 87' lang='lat' dir='ltr'><strong>jubeut</strong></span> <span class='ocrx_word' id='word_1_293' title='bbox 3385 921 3482 974; x_wconf 91' lang='lat' dir='ltr'><strong>de-</strong></span> 
     </span>
    </p>
   </div>
   <div class='ocr_carea' id='block_1_40' title="bbox 1901 1011 3482 1085">
    <p class='ocr_par' dir='ltr' id='par_1_40' title="bbox 1901 1011 3482 1085">
     <span class='ocr_line' id='line_1_40' title="bbox 1901 1011 3482 1085; baseline -0.007 -9"><span class='ocrx_word' id='word_1_294' title='bbox 1901 1019 2385 1076; x_wconf 82' lang='lat' dir='ltr'><strong>monstrativarum</strong></span> <span class='ocrx_word' id='word_1_295' title='bbox 2439 1017 2972 1085; x_wconf 73' lang='lat' dir='ltr'><strong>argumentationum</strong></span> <span class='ocrx_word' id='word_1_296' title='bbox 3001 1021 3169 1068; x_wconf 85' lang='lat' dir='ltr'><strong>artes.</strong></span> <span class='ocrx_word' id='word_1_297' title='bbox 3203 1011 3328 1066; x_wconf 72' lang='lat' dir='ltr'><strong>Hrcc</strong></span> <span class='ocrx_word' id='word_1_298' title='bbox 3353 1020 3482 1067; x_wconf 89' lang='lat' dir='ltr'><strong>sunt</strong></span> 
     </span>
    </p>
   </div>
   <div class='ocr_carea' id='block_1_41' title="bbox 1899 1107 3483 1178">
    <p class='ocr_par' dir='ltr' id='par_1_41' title="bbox 1899 1107 3483 1178">
     <span class='ocr_line' id='line_1_41' title="bbox 1899 1107 3483 1178; baseline -0.004 -13"><span class='ocrx_word' id='word_1_299' title='bbox 1899 1109 2231 1166; x_wconf 87' lang='lat' dir='ltr'><strong>Aristotelici</strong></span> <span class='ocrx_word' id='word_1_300' title='bbox 2256 1108 2471 1162; x_wconf 79' lang='lat' dir='ltr'><strong>artificii</strong></span> <span class='ocrx_word' id='word_1_301' title='bbox 2497 1109 2756 1178; x_wconf 79' lang='lat' dir='ltr'><strong>pra-clara</strong></span> <span class='ocrx_word' id='word_1_302' title='bbox 2789 1107 3114 1160; x_wconf 89' lang='lat' dir='ltr'><strong>documenta</strong></span> <span class='ocrx_word' id='word_1_303' title='bbox 3148 1124 3161 1160; x_wconf 88' lang='lat'><strong>:</strong></span> <span class='ocrx_word' id='word_1_304' title='bbox 3194 1113 3483 1175; x_wconf 85' lang='lat' dir='ltr'><strong>propterea</strong></span> 
     </span>
    </p>
   </div>
   <div class='ocr_carea' id='block_1_42' title="bbox 1901 1199 3478 1272">
    <p class='ocr_par' dir='ltr' id='par_1_42' title="bbox 1901 1199 3478 1272">
     <span class='ocr_line' id='line_1_42' title="bbox 1901 1199 3478 1272; baseline -0.004 -16"><span class='ocrx_word' id='word_1_305' title='bbox 1901 1217 2002 1257; x_wconf 93' lang='lat' dir='ltr'><strong>nos</strong></span> <span class='ocrx_word' id='word_1_306' title='bbox 2041 1201 2135 1272; x_wconf 86' lang='lat' dir='ltr'><strong>qui</strong></span> <span class='ocrx_word' id='word_1_307' title='bbox 2172 1203 2335 1272; x_wconf 88' lang='lat' dir='ltr'><strong>hujus</strong></span> <span class='ocrx_word' id='word_1_308' title='bbox 2369 1203 2648 1272; x_wconf 79' lang='lat' dir='ltr'><strong>sapientiae</strong></span> <span class='ocrx_word' id='word_1_309' title='bbox 2675 1199 2850 1255; x_wconf 89' lang='lat' dir='ltr'><strong>sacris</strong></span> <span class='ocrx_word' id='word_1_310' title='bbox 2884 1214 2992 1252; x_wconf 93' lang='lat' dir='ltr'><strong>non</strong></span> <span class='ocrx_word' id='word_1_311' title='bbox 3025 1214 3217 1253; x_wconf 86' lang='lat' dir='ltr'><strong>sumus</strong></span> <span class='ocrx_word' id='word_1_312' title='bbox 3255 1199 3478 1262; x_wconf 89' lang='lat' dir='ltr'><strong>initiati,</strong></span> 
     </span>
    </p>
   </div>
   <div class='ocr_carea' id='block_1_43' title="bbox 1903 1289 3481 1356">
    <p class='ocr_par' dir='ltr' id='par_1_43' title="bbox 1903 1289 3481 1356">
     <span class='ocr_line' id='line_1_43' title="bbox 1903 1289 3481 1356; baseline -0.003 -9"><span class='ocrx_word' id='word_1_313' title='bbox 1903 1293 2242 1348; x_wconf 85' lang='lat' dir='ltr'><strong>miserabiles</strong></span> <span class='ocrx_word' id='word_1_314' title='bbox 2266 1293 2567 1348; x_wconf 92' lang='lat' dir='ltr'><strong>secundum</strong></span> <span class='ocrx_word' id='word_1_315' title='bbox 2599 1298 2751 1345; x_wconf 92' lang='lat' dir='ltr'><strong>tuum</strong></span> <span class='ocrx_word' id='word_1_316' title='bbox 2776 1304 3086 1346; x_wconf 87' lang='lat' dir='ltr'><strong>sermonem</strong></span> <span class='ocrx_word' id='word_1_317' title='bbox 3122 1289 3350 1356; x_wconf 82' lang='lat' dir='ltr'><strong>(beatus</strong></span> <span class='ocrx_word' id='word_1_318' title='bbox 3384 1305 3481 1343; x_wconf 91' lang='lat' dir='ltr'><strong>au-</strong></span> 
     </span>
    </p>
   </div>
   <div class='ocr_carea' id='block_1_44' title="bbox 1903 1380 3481 1450">
    <p class='ocr_par' dir='ltr' id='par_1_44' title="bbox 1903 1380 3481 1450">
     <span class='ocr_line' id='line_1_44' title="bbox 1903 1380 3481 1450; baseline -0.003 -13"><span class='ocrx_word' id='word_1_319' title='bbox 1903 1391 2010 1438; x_wconf 84' lang='lat' dir='ltr'><strong>tem</strong></span> <span class='ocrx_word' id='word_1_320' title='bbox 2043 1399 2151 1439; x_wconf 89' lang='lat' dir='ltr'><strong>nou</strong></span> <span class='ocrx_word' id='word_1_321' title='bbox 2180 1392 2360 1438; x_wconf 85' lang='lat' dir='ltr'><strong>tamen</strong></span> <span class='ocrx_word' id='word_1_322' title='bbox 2395 1382 2622 1437; x_wconf 90' lang='lat' dir='ltr'><strong>omnino</strong></span> <span class='ocrx_word' id='word_1_323' title='bbox 2659 1381 2751 1450; x_wconf 88' lang='lat' dir='ltr'><strong>qui</strong></span> <span class='ocrx_word' id='word_1_324' title='bbox 2788 1395 2884 1449; x_wconf 91' lang='lat' dir='ltr'><strong>per</strong></span> <span class='ocrx_word' id='word_1_325' title='bbox 2917 1380 3079 1434; x_wconf 83' lang='lat' dir='ltr'><strong>talem</strong></span> <span class='ocrx_word' id='word_1_326' title='bbox 3135 1391 3481 1450; x_wconf 80' lang='lat' dir='ltr'><strong>argumenta-</strong></span> 
     </span>
    </p>
   </div>
   <div class='ocr_carea' id='block_1_45' title="bbox 1904 1467 3482 1544">
    <p class='ocr_par' dir='ltr' id='par_1_45' title="bbox 1904 1467 3482 1544">
     <span class='ocr_line' id='line_1_45' title="bbox 1904 1467 3482 1544; baseline -0.005 -16"><span class='ocrx_word' id='word_1_327' title='bbox 1904 1472 2108 1529; x_wconf 88' lang='lat' dir='ltr'><strong>tionem</strong></span> <span class='ocrx_word' id='word_1_328' title='bbox 2138 1489 2324 1530; x_wconf 77' lang='lat' dir='ltr'><strong>rerum</strong></span> <span class='ocrx_word' id='word_1_329' title='bbox 2356 1467 2751 1544; x_wconf 84' lang='lat' dir='ltr'><strong>pervestigat),</strong></span> <span class='ocrx_word' id='word_1_330' title='bbox 2793 1470 2873 1524; x_wconf 88' lang='lat' dir='ltr'><strong>sic</strong></span> <span class='ocrx_word' id='word_1_331' title='bbox 2901 1468 3200 1539; x_wconf 85' lang='lat' dir='ltr'><strong>intelligere</strong></span> <span class='ocrx_word' id='word_1_332' title='bbox 3248 1471 3482 1539; x_wconf 84' lang='lat' dir='ltr'><strong>Aposto-</strong></span> 
     </span>
    </p>
   </div>
   <div class='ocr_carea' id='block_1_46' title="bbox 1903 1560 3482 1636">
    <p class='ocr_par' dir='ltr' id='par_1_46' title="bbox 1903 1560 3482 1636">
     <span class='ocr_line' id='line_1_46' title="bbox 1903 1560 3482 1636; baseline -0.003 -18"><span class='ocrx_word' id='word_1_333' title='bbox 1903 1564 2037 1628; x_wconf 88' lang='lat' dir='ltr'><strong>lmn,</strong></span> <span class='ocrx_word' id='word_1_334' title='bbox 2073 1572 2133 1618; x_wconf 93' lang='lat' dir='ltr'><strong>ut</strong></span> <span class='ocrx_word' id='word_1_335' title='bbox 2183 1581 2281 1636; x_wconf 92' lang='lat' dir='ltr'><strong>pro</strong></span> <span class='ocrx_word' id='word_1_336' title='bbox 2311 1565 2552 1622; x_wconf 88' lang='lat' dir='ltr'><strong>essentia</strong></span> <span class='ocrx_word' id='word_1_337' title='bbox 2614 1560 2908 1631; x_wconf 79' lang='lat' dir='ltr'><strong>Uuigeniti,</strong></span> <span class='ocrx_word' id='word_1_338' title='bbox 2975 1561 3229 1630; x_wconf 87' lang='lat' dir='ltr'><strong>spiritum</strong></span> <span class='ocrx_word' id='word_1_339' title='bbox 3268 1561 3336 1615; x_wconf 90' lang='lat' dir='ltr'><strong>ab</strong></span> <span class='ocrx_word' id='word_1_340' title='bbox 3364 1561 3482 1631; x_wconf 92' lang='lat' dir='ltr'><strong>ipso</strong></span> 
     </span>
    </p>
   </div>
   <div class='ocr_carea' id='block_1_47' title="bbox 1904 1659 2365 1727">
    <p class='ocr_par' dir='ltr' id='par_1_47' title="bbox 1904 1659 2365 1727">
     <span class='ocr_line' id='line_1_47' title="bbox 1904 1659 2365 1727; baseline 0.007 -15"><span class='ocrx_word' id='word_1_341' title='bbox 1904 1659 2034 1727; x_wconf 92' lang='lat' dir='ltr'><strong>poni</strong></span> <span class='ocrx_word' id='word_1_342' title='bbox 2064 1659 2365 1716; x_wconf 75' lang='lat' dir='ltr'><strong>existimet.</strong></span> 
     </span>
    </p>
   </div>
   <div class='ocr_carea' id='block_1_48' title="bbox 1973 1966 3474 2038">
    <p class='ocr_par' dir='ltr' id='par_1_48' title="bbox 1973 1966 3474 2038">
     <span class='ocr_line' id='line_1_48' title="bbox 1973 1966 3474 2038; baseline 0.002 -17"><span class='ocrx_word' id='word_1_343' title='bbox 1973 1967 2260 2035; x_wconf 75' lang='lat' dir='ltr'><strong>Quomodo</strong></span> <span class='ocrx_word' id='word_1_344' title='bbox 2299 1966 2465 2037; x_wconf 83' lang='lat' dir='ltr'><strong>igitur</strong></span> <span class='ocrx_word' id='word_1_345' title='bbox 2494 1967 2640 2038; x_wconf 89' lang='lat' dir='ltr'><strong>quod</strong></span> <span class='ocrx_word' id='word_1_346' title='bbox 2679 1967 3034 2038; x_wconf 83' lang='lat' dir='ltr'><strong>consequitur</strong></span> <span class='ocrx_word' id='word_1_347' title='bbox 3068 1967 3332 2038; x_wconf 82' lang='lat' dir='ltr'><strong>aptabis?</strong></span> <span class='ocrx_word' id='word_1_348' title='bbox 3366 1983 3474 2024; x_wconf 86' lang='lat' dir='ltr'><strong>non</strong></span> 
     </span>
    </p>
   </div>
   <div class='ocr_carea' id='block_1_49' title="bbox 1903 2058 3478 2130">
    <p class='ocr_par' dir='ltr' id='par_1_49' title="bbox 1903 2058 3478 2130">
     <span class='ocr_line' id='line_1_49' title="bbox 1903 2058 3478 2130; baseline -0.001 -14"><span class='ocrx_word' id='word_1_349' title='bbox 1903 2062 2049 2116; x_wconf 81' lang='lat' dir='ltr'><strong>enim</strong></span> <span class='ocrx_word' id='word_1_350' title='bbox 2091 2059 2179 2115; x_wconf 90' lang='lat' dir='ltr'><strong>his</strong></span> <span class='ocrx_word' id='word_1_351' title='bbox 2217 2060 2695 2116; x_wconf 86' lang='lat' dir='ltr'><strong>circumscribitur</strong></span> <span class='ocrx_word' id='word_1_352' title='bbox 2725 2075 2940 2116; x_wconf 90' lang='lat' dir='ltr'><strong>sensus.</strong></span> <span class='ocrx_word' id='word_1_353' title='bbox 2985 2058 3282 2130; x_wconf 90' lang='lat' dir='ltr'><strong>Postquam</strong></span> <span class='ocrx_word' id='word_1_354' title='bbox 3332 2062 3478 2115; x_wconf 91' lang='lat' dir='ltr'><strong>enim</strong></span> 
     </span>
    </p>
   </div>
   <div class='ocr_carea' id='block_1_50' title="bbox 1903 2151 3480 2221">
    <p class='ocr_par' dir='ltr' id='par_1_50' title="bbox 1903 2151 3480 2221">
     <span class='ocr_line' id='line_1_50' title="bbox 1903 2151 3480 2221; baseline 0 -13"><span class='ocrx_word' id='word_1_355' title='bbox 1903 2153 2040 2208; x_wconf 76' lang='lat' dir='ltr'><strong>dixit</strong></span> <span class='ocrx_word' id='word_1_356' title='bbox 2071 2151 2310 2216; x_wconf 84' lang='lat' dir='ltr'><strong>Paulus,</strong></span> <span class='ocrx_word' id='word_1_357' title='bbox 2347 2151 2605 2206; x_wconf 78' lang='lat' dir='ltr'><strong>Dominus</strong></span> <span class='ocrx_word' id='word_1_358' title='bbox 2670 2163 2845 2206; x_wconf 84' lang='lat' dir='ltr'><strong>autem</strong></span> <span class='ocrx_word' id='word_1_359' title='bbox 2882 2153 3100 2221; x_wconf 75' lang='lat' dir='ltr'><strong>spiritus</strong></span> <span class='ocrx_word' id='word_1_360' title='bbox 3151 2162 3250 2216; x_wconf 84' lang='lat' dir='ltr'><strong>est,</strong></span> <span class='ocrx_word' id='word_1_361' title='bbox 3317 2153 3480 2208; x_wconf 82' lang='lat' dir='ltr'><strong>indu-</strong></span> 
     </span>
    </p>
   </div>
   <div class='ocr_carea' id='block_1_51' title="bbox 1904 2237 3483 2318">
    <p class='ocr_par' dir='ltr' id='par_1_51' title="bbox 1904 2237 3483 2318">
     <span class='ocr_line' id='line_1_51' title="bbox 1904 2237 3483 2318; baseline 0.001 -20"><span class='ocrx_word' id='word_1_362' title='bbox 1904 2244 1984 2298; x_wconf 78' lang='lat' dir='ltr'><strong>xit</strong></span> <span class='ocrx_word' id='word_1_363' title='bbox 2005 2285 2018 2305; x_wconf 91' lang='lat'><strong>,</strong></span> <span class='ocrx_word' id='word_1_364' title='bbox 2043 2237 2140 2296; x_wconf 85' lang='lat' dir='ltr'><strong>Ubi</strong></span> <span class='ocrx_word' id='word_1_365' title='bbox 2167 2254 2339 2298; x_wconf 83' lang='lat' dir='ltr'><strong>autem</strong></span> <span class='ocrx_word' id='word_1_366' title='bbox 2375 2245 2597 2314; x_wconf 82' lang='lat' dir='ltr'><strong>spiritus</strong></span> <span class='ocrx_word' id='word_1_367' title='bbox 2631 2243 2877 2310; x_wconf 82' lang='lat' dir='ltr'><strong>Domini,</strong></span> <span class='ocrx_word' id='word_1_368' title='bbox 2915 2246 3132 2299; x_wconf 79' lang='lat' dir='ltr'><strong>libertas</strong></span> <span class='ocrx_word' id='word_1_369' title='bbox 3163 2254 3261 2300; x_wconf 81' lang='lat' dir='ltr'><strong>est.</strong></span> <span class='ocrx_word' id='word_1_370' title='bbox 3292 2246 3350 2300; x_wconf 84' lang='lat' dir='ltr'><strong>Si</strong></span> <span class='ocrx_word' id='word_1_371' title='bbox 3383 2247 3483 2318; x_wconf 76' lang='lat' dir='ltr'><strong>igi-</strong></span> 
     </span>
    </p>
   </div>
   <div class='ocr_carea' id='block_1_52' title="bbox 1905 2333 3478 2408">
    <p class='ocr_par' dir='ltr' id='par_1_52' title="bbox 1905 2333 3478 2408">
     <span class='ocr_line' id='line_1_52' title="bbox 1905 2333 3478 2408; baseline 0.003 -20"><span class='ocrx_word' id='word_1_372' title='bbox 1905 2344 1997 2389; x_wconf 93' lang='lat' dir='ltr'><strong>tur</strong></span> <span class='ocrx_word' id='word_1_373' title='bbox 2025 2333 2291 2392; x_wconf 89' lang='lat' dir='ltr'><strong>Dominus</strong></span> <span class='ocrx_word' id='word_1_374' title='bbox 2318 2344 2402 2392; x_wconf 89' lang='lat' dir='ltr'><strong>est</strong></span> <span class='ocrx_word' id='word_1_375' title='bbox 2428 2337 2669 2392; x_wconf 88' lang='lat' dir='ltr'><strong>essentia</strong></span> <span class='ocrx_word' id='word_1_376' title='bbox 2692 2379 2707 2401; x_wconf 87' lang='lat'><strong>,</strong></span> <span class='ocrx_word' id='word_1_377' title='bbox 2738 2337 2977 2392; x_wconf 88' lang='lat' dir='ltr'><strong>essentia</strong></span> <span class='ocrx_word' id='word_1_378' title='bbox 3005 2345 3186 2392; x_wconf 90' lang='lat' dir='ltr'><strong>autem</strong></span> <span class='ocrx_word' id='word_1_379' title='bbox 3215 2338 3442 2408; x_wconf 87' lang='lat' dir='ltr'><strong>spiritus</strong></span> <span class='ocrx_word' id='word_1_380' title='bbox 3462 2378 3478 2403; x_wconf 94' lang='lat'><strong>,</strong></span> 
     </span>
    </p>
   </div>
   <div class='ocr_carea' id='block_1_53' title="bbox 1905 2430 3480 2500">
    <p class='ocr_par' dir='ltr' id='par_1_53' title="bbox 1905 2430 3480 2500">
     <span class='ocr_line' id='line_1_53' title="bbox 1905 2430 3480 2500; baseline 0.002 -19"><span class='ocrx_word' id='word_1_381' title='bbox 1905 2443 2028 2500; x_wconf 76' lang='lat' dir='ltr'><strong>qua:</strong></span> <span class='ocrx_word' id='word_1_382' title='bbox 2061 2445 2255 2484; x_wconf 90' lang='lat' dir='ltr'><strong>rursus</strong></span> <span class='ocrx_word' id='word_1_383' title='bbox 2291 2431 2530 2485; x_wconf 88' lang='lat' dir='ltr'><strong>essentia</strong></span> <span class='ocrx_word' id='word_1_384' title='bbox 2567 2430 2864 2485; x_wconf 67' lang='lat' dir='ltr'><strong>essentiai?</strong></span> <span class='ocrx_word' id='word_1_385' title='bbox 2897 2446 3003 2484; x_wconf 90' lang='lat' dir='ltr'><strong>una</strong></span> <span class='ocrx_word' id='word_1_386' title='bbox 3045 2431 3190 2484; x_wconf 86' lang='lat' dir='ltr'><strong>enim</strong></span> <span class='ocrx_word' id='word_1_387' title='bbox 3234 2431 3480 2485; x_wconf 81' lang='lat' dir='ltr'><strong>essentia</strong></span> 
     </span>
    </p>
   </div>
   <div class='ocr_carea' id='block_1_54' title="bbox 1906 2519 3480 2592">
    <p class='ocr_par' dir='ltr' id='par_1_54' title="bbox 1906 2519 3480 2592">
     <span class='ocr_line' id='line_1_54' title="bbox 1906 2519 3480 2592; baseline -0.001 -16"><span class='ocrx_word' id='word_1_388' title='bbox 1906 2519 2174 2590; x_wconf 89' lang='lat' dir='ltr'><strong>spiritus,</strong></span> <span class='ocrx_word' id='word_1_389' title='bbox 2212 2521 2514 2577; x_wconf 86' lang='lat' dir='ltr'><strong>secundum</strong></span> <span class='ocrx_word' id='word_1_390' title='bbox 2545 2531 2696 2576; x_wconf 90' lang='lat' dir='ltr'><strong>tuum</strong></span> <span class='ocrx_word' id='word_1_391' title='bbox 2747 2537 3054 2576; x_wconf 89' lang='lat' dir='ltr'><strong>sermonem</strong></span> <span class='ocrx_word' id='word_1_392' title='bbox 3078 2561 3092 2586; x_wconf 86' lang='lat'><strong>,</strong></span> <span class='ocrx_word' id='word_1_393' title='bbox 3125 2523 3214 2592; x_wconf 91' lang='lat' dir='ltr'><strong>qui</strong></span> <span class='ocrx_word' id='word_1_394' title='bbox 3260 2522 3480 2592; x_wconf 87' lang='lat' dir='ltr'><strong>quidem</strong></span> 
     </span>
    </p>
   </div>
   <div class='ocr_carea' id='block_1_55' title="bbox 1905 2612 3484 2684">
    <p class='ocr_par' dir='ltr' id='par_1_55' title="bbox 1905 2612 3484 2684">
     <span class='ocr_line' id='line_1_55' title="bbox 1905 2612 3484 2684; baseline -0.003 -14"><span class='ocrx_word' id='word_1_395' title='bbox 1905 2621 1991 2670; x_wconf 88' lang='lat' dir='ltr'><strong>est</strong></span> <span class='ocrx_word' id='word_1_396' title='bbox 2021 2613 2302 2670; x_wconf 88' lang='lat' dir='ltr'><strong>Dominus.</strong></span> <span class='ocrx_word' id='word_1_397' title='bbox 2328 2612 2546 2670; x_wconf 80' lang='lat' dir='ltr'><strong>Rursus</strong></span> <span class='ocrx_word' id='word_1_398' title='bbox 2577 2613 2830 2680; x_wconf 91' lang='lat' dir='ltr'><strong>Domini,</strong></span> <span class='ocrx_word' id='word_1_399' title='bbox 2862 2614 2956 2684; x_wconf 85' lang='lat' dir='ltr'><strong>qui</strong></span> <span class='ocrx_word' id='word_1_400' title='bbox 2987 2621 3073 2670; x_wconf 90' lang='lat' dir='ltr'><strong>est</strong></span> <span class='ocrx_word' id='word_1_401' title='bbox 3107 2613 3340 2684; x_wconf 83' lang='lat' dir='ltr'><strong>spiritus</strong></span> <span class='ocrx_word' id='word_1_402' title='bbox 3360 2653 3375 2678; x_wconf 86' lang='lat'><strong>,</strong></span> <span class='ocrx_word' id='word_1_403' title='bbox 3405 2614 3484 2666; x_wconf 88' lang='lat' dir='ltr'><strong>al-</strong></span> 
     </span>
    </p>
   </div>
   <div class='ocr_carea' id='block_1_56' title="bbox 1907 2707 3481 2777">
    <p class='ocr_par' dir='ltr' id='par_1_56' title="bbox 1907 2707 3481 2777">
     <span class='ocr_line' id='line_1_56' title="bbox 1907 2707 3481 2777; baseline -0.001 -14"><span class='ocrx_word' id='word_1_404' title='bbox 1907 2715 2085 2763; x_wconf 84' lang='lat' dir='ltr'><strong>terum</strong></span> <span class='ocrx_word' id='word_1_405' title='bbox 2115 2707 2249 2762; x_wconf 89' lang='lat' dir='ltr'><strong>dicit</strong></span> <span class='ocrx_word' id='word_1_406' title='bbox 2278 2707 2566 2777; x_wconf 90' lang='lat' dir='ltr'><strong>spiritum,</strong></span> <span class='ocrx_word' id='word_1_407' title='bbox 2597 2707 2650 2761; x_wconf 92' lang='lat' dir='ltr'><strong>id</strong></span> <span class='ocrx_word' id='word_1_408' title='bbox 2683 2715 2799 2772; x_wconf 80' lang='lat' dir='ltr'><strong>est,</strong></span> <span class='ocrx_word' id='word_1_409' title='bbox 2837 2707 2999 2760; x_wconf 89' lang='lat' dir='ltr'><strong>aliam</strong></span> <span class='ocrx_word' id='word_1_410' title='bbox 3028 2707 3361 2770; x_wconf 82' lang='lat' dir='ltr'><strong>essentiam,</strong></span> <span class='ocrx_word' id='word_1_411' title='bbox 3392 2721 3481 2762; x_wconf 78' lang='grc' dir='ltr'><strong>δε·-</strong></span> 
     </span>
    </p>
   </div>
   <div class='ocr_carea' id='block_1_57' title="bbox 1909 2798 3484 2870">
    <p class='ocr_par' dir='ltr' id='par_1_57' title="bbox 1909 2798 3484 2870">
     <span class='ocr_line' id='line_1_57' title="bbox 1909 2798 3484 2870; baseline -0.003 -14"><span class='ocrx_word' id='word_1_412' title='bbox 1909 2799 2148 2856; x_wconf 91' lang='lat' dir='ltr'><strong>cundum</strong></span> <span class='ocrx_word' id='word_1_413' title='bbox 2183 2808 2332 2853; x_wconf 89' lang='lat' dir='ltr'><strong>tuam</strong></span> <span class='ocrx_word' id='word_1_414' title='bbox 2364 2799 2901 2870; x_wconf 87' lang='lat' dir='ltr'><strong>interpretationem.</strong></span> <span class='ocrx_word' id='word_1_415' title='bbox 2934 2798 3082 2853; x_wconf 83' lang='lat' dir='ltr'><strong>Nihil</strong></span> <span class='ocrx_word' id='word_1_416' title='bbox 3108 2800 3276 2870; x_wconf 84' lang='lat' dir='ltr'><strong>igitur</strong></span> <span class='ocrx_word' id='word_1_417' title='bbox 3299 2799 3444 2853; x_wconf 85' lang='lat' dir='ltr'><strong>aliud</strong></span> <span class='ocrx_word' id='word_1_418' title='bbox 3467 2838 3484 2864; x_wconf 90' lang='lat'><strong>,</strong></span> 
     </span>
    </p>
   </div>
   <div class='ocr_carea' id='block_1_58' title="bbox 1907 2889 3487 2960">
    <p class='ocr_par' dir='ltr' id='par_1_58' title="bbox 1907 2889 3487 2960">
     <span class='ocr_line' id='line_1_58' title="bbox 1907 2889 3487 2960; baseline -0.003 -13"><span class='ocrx_word' id='word_1_419' title='bbox 1907 2889 2208 2947; x_wconf 88' lang='lat' dir='ltr'><strong>secundum</strong></span> <span class='ocrx_word' id='word_1_420' title='bbox 2242 2897 2484 2945; x_wconf 88' lang='lat' dir='ltr'><strong>vestrum</strong></span> <span class='ocrx_word' id='word_1_421' title='bbox 2521 2905 2852 2956; x_wconf 86' lang='lat' dir='ltr'><strong>sermonem,</strong></span> <span class='ocrx_word' id='word_1_422' title='bbox 2873 2905 3036 2960; x_wconf 90' lang='lat' dir='ltr'><strong>quam</strong></span> <span class='ocrx_word' id='word_1_423' title='bbox 3069 2892 3364 2946; x_wconf 83' lang='lat' dir='ltr'><strong>essentiam</strong></span> <span class='ocrx_word' id='word_1_424' title='bbox 3398 2906 3487 2946; x_wconf 87' lang='lat' dir='ltr'><strong>es-</strong></span> 
     </span>
    </p>
   </div>
   <div class='ocr_carea' id='block_1_59' title="bbox 1909 2977 3487 3048">
    <p class='ocr_par' dir='ltr' id='par_1_59' title="bbox 1909 2977 3487 3048">
     <span class='ocr_line' id='line_1_59' title="bbox 1909 2977 3487 3048; baseline 0.001 -14"><span class='ocrx_word' id='word_1_425' title='bbox 1909 2979 2098 3034; x_wconf 66' lang='lat' dir='ltr'><strong>sentia:</strong></span> <span class='ocrx_word' id='word_1_426' title='bbox 2132 2978 2382 3047; x_wconf 80' lang='lat' dir='ltr'><strong>intelligit</strong></span> <span class='ocrx_word' id='word_1_427' title='bbox 2409 2977 2740 3048; x_wconf 80' lang='lat' dir='ltr'><strong>Apostolus,</strong></span> <span class='ocrx_word' id='word_1_428' title='bbox 2777 2979 3064 3034; x_wconf 91' lang='lat' dir='ltr'><strong>Dominum</strong></span> <span class='ocrx_word' id='word_1_429' title='bbox 3094 2980 3384 3047; x_wconf 88' lang='lat' dir='ltr'><strong>spiritum,</strong></span> <span class='ocrx_word' id='word_1_430' title='bbox 3431 2991 3487 3035; x_wconf 90' lang='lat' dir='ltr'><strong>et</strong></span> 
     </span>
    </p>
   </div>
   <div class='ocr_carea' id='block_1_60' title="bbox 200 3069 1802 3156">
    <p class='ocr_par' dir='ltr' id='par_1_60' title="bbox 200 3069 1802 3146">
     <span class='ocr_line' id='line_1_60' title="bbox 200 3069 1802 3146; baseline -0.001 -19"><span class='ocrx_word' id='word_1_431' title='bbox 200 3073 454 3146; x_wconf 79' lang='grc' dir='ltr'>ἀρέσκον</span> <span class='ocrx_word' id='word_1_432' title='bbox 478 3071 657 3142; x_wconf 82' lang='grc' dir='ltr'>αὐτῷ·</span> <span class='ocrx_word' id='word_1_433' title='bbox 688 3069 717 3124; x_wconf 83' lang='grc' dir='ltr'><strong>δ</strong></span> <span class='ocrx_word' id='word_1_434' title='bbox 757 3070 813 3124; x_wconf 84' lang='grc' dir='ltr'>δὲ</span> <span class='ocrx_word' id='word_1_435' title='bbox 837 3072 998 3141; x_wconf 82' lang='grc' dir='ltr'>ἡμεῖς</span> <span class='ocrx_word' id='word_1_436' title='bbox 1036 3073 1164 3143; x_wconf 75' lang='grc' dir='ltr'>περὶ</span> <span class='ocrx_word' id='word_1_437' title='bbox 1212 3089 1401 3126; x_wconf 76' lang='grc' dir='ltr'>τουτου</span> <span class='ocrx_word' id='word_1_438' title='bbox 1442 3071 1802 3142; x_wconf 85' lang='grc' dir='ltr'>γινώσκομεν,</span> 
     </span>
    </p>
   </div>
   <div class='ocr_carea' id='block_1_61' title="bbox 1907 3069 3487 3156">
    <p class='ocr_par' dir='ltr' id='par_1_61' title="bbox 1910 3069 3487 3141">
     <span class='ocr_line' id='line_1_61' title="bbox 1910 3069 3487 3141; baseline -0.001 -16"><span class='ocrx_word' id='word_1_439' title='bbox 1910 3070 2161 3140; x_wconf 88' lang='lat' dir='ltr'><strong>spiritum</strong></span> <span class='ocrx_word' id='word_1_440' title='bbox 2186 3069 2398 3124; x_wconf 89' lang='lat' dir='ltr'><strong>Domini</strong></span> <span class='ocrx_word' id='word_1_441' title='bbox 2423 3078 2609 3140; x_wconf 87' lang='lat' dir='ltr'><strong>aperte</strong></span> <span class='ocrx_word' id='word_1_442' title='bbox 2635 3071 2904 3126; x_wconf 89' lang='lat' dir='ltr'><strong>scribens.</strong></span> <span class='ocrx_word' id='word_1_443' title='bbox 2937 3070 3042 3126; x_wconf 88' lang='lat' dir='ltr'><strong>Sed</strong></span> <span class='ocrx_word' id='word_1_444' title='bbox 3068 3071 3334 3126; x_wconf 87' lang='lat' dir='ltr'><strong>Eunomio</strong></span> <span class='ocrx_word' id='word_1_445' title='bbox 3361 3074 3487 3141; x_wconf 85' lang='lat' dir='ltr'><strong>qui-</strong></span> 
     </span>
    </p>
   </div>
   <div class='ocr_carea' id='block_1_62' title="bbox 199 3162 1808 3234">
    <p class='ocr_par' dir='ltr' id='par_1_62' title="bbox 199 3162 1808 3234">
     <span class='ocr_line' id='line_1_62' title="bbox 199 3162 1808 3234; baseline 0 -16"><span class='ocrx_word' id='word_1_446' title='bbox 199 3163 458 3219; x_wconf 80' lang='grc' dir='ltr'>τοιοῦτόν</span> <span class='ocrx_word' id='word_1_447' title='bbox 483 3165 651 3216; x_wconf 73' lang='grc' dir='ltr'>ἐστιν’</span> <span class='ocrx_word' id='word_1_448' title='bbox 688 3162 752 3216; x_wconf 83' lang='grc' dir='ltr'><strong>Ἡ</strong></span> <span class='ocrx_word' id='word_1_449' title='bbox 777 3162 1130 3227; x_wconf 81' lang='grc' dir='ltr'>θεόπνευστος</span> <span class='ocrx_word' id='word_1_450' title='bbox 1154 3163 1366 3234; x_wconf 73' lang='grc' dir='ltr'>Γοαφὴ,</span> <span class='ocrx_word' id='word_1_451' title='bbox 1403 3163 1585 3227; x_wconf 82' lang='grc' dir='ltr'>καθὼς</span> <span class='ocrx_word' id='word_1_452' title='bbox 1613 3165 1640 3217; x_wconf 91' lang='lat'><strong>6</strong></span> <span class='ocrx_word' id='word_1_453' title='bbox 1667 3165 1808 3228; x_wconf 86' lang='grc' dir='ltr'>θεῖος</span> 
     </span>
    </p>
   </div>
   <div class='ocr_carea' id='block_1_63' title="bbox 212 3253 1810 3326">
    <p class='ocr_par' dir='ltr' id='par_1_63' title="bbox 212 3253 1810 3326">
     <span class='ocr_line' id='line_1_63' title="bbox 212 3253 1810 3326; baseline 0 -16"><span class='ocrx_word' id='word_1_454' title='bbox 212 3253 551 3318; x_wconf 77' lang='grc' dir='ltr'>Ἀπόστολος</span> <span class='ocrx_word' id='word_1_455' title='bbox 603 3253 773 3324; x_wconf 80' lang='grc' dir='ltr'>αὐτὴν</span> <span class='ocrx_word' id='word_1_456' title='bbox 827 3255 1102 3325; x_wconf 76' lang='grc' dir='ltr'>ὀνομάζει,</span> <span class='ocrx_word' id='word_1_457' title='bbox 1158 3254 1251 3308; x_wconf 86' lang='lat'>:06</span> <span class='ocrx_word' id='word_1_458' title='bbox 1299 3255 1456 3324; x_wconf 85' lang='grc' dir='ltr'>ἁγίου</span> <span class='ocrx_word' id='word_1_459' title='bbox 1495 3255 1810 3326; x_wconf 86' lang='grc' dir='ltr'>Πνεύματός</span> 
     </span>
    </p>
   </div>
   <div class='ocr_carea' id='block_1_64' title="bbox 202 3343 1809 3418">
    <p class='ocr_par' dir='ltr' id='par_1_64' title="bbox 202 3343 1809 3418">
     <span class='ocr_line' id='line_1_64' title="bbox 202 3343 1809 3418; baseline -0.002 -16"><span class='ocrx_word' id='word_1_460' title='bbox 202 3349 330 3402; x_wconf 68' lang='grc' dir='ltr'>ἐστι</span> <span class='ocrx_word' id='word_1_461' title='bbox 361 3347 573 3418; x_wconf 78' lang='grc' dir='ltr'>Γραφή.</span> <span class='ocrx_word' id='word_1_462' title='bbox 603 3344 676 3396; x_wconf 85' lang='lat' dir='ltr'>T6</span> <span class='ocrx_word' id='word_1_463' title='bbox 695 3344 750 3398; x_wconf 84' lang='grc' dir='ltr'>δὲ</span> <span class='ocrx_word' id='word_1_464' title='bbox 780 3343 1028 3415; x_wconf 84' lang='grc' dir='ltr'>βούλημα</span> <span class='ocrx_word' id='word_1_465' title='bbox 1054 3344 1280 3416; x_wconf 83' lang='grc' dir='ltr'>ταύτης,</span> <span class='ocrx_word' id='word_1_466' title='bbox 1307 3346 1342 3416; x_wconf 83' lang='grc' dir='ltr'>ἡ</span> <span class='ocrx_word' id='word_1_467' title='bbox 1364 3344 1474 3398; x_wconf 84' lang='grc' dir='ltr'><strong>τῶν</strong></span> <span class='ocrx_word' id='word_1_468' title='bbox 1507 3344 1809 3417; x_wconf 82' lang='grc' dir='ltr'>ἀνθρώπων</span> 
     </span>
    </p>
   </div>
   <div class='ocr_carea' id='block_1_65' title="bbox 205 3435 1809 3508">
    <p class='ocr_par' dir='ltr' id='par_1_65' title="bbox 205 3435 1809 3508">
     <span class='ocr_line' id='line_1_65' title="bbox 205 3435 1809 3508; baseline 0 -16"><span class='ocrx_word' id='word_1_469' title='bbox 205 3439 365 3492; x_wconf 67' lang='grc' dir='ltr'>ἐστὶν</span> <span class='ocrx_word' id='word_1_470' title='bbox 379 3437 636 3505; x_wconf 68' lang='grc' dir='ltr'>ὠφέλεια.</span> <span class='ocrx_word' id='word_1_471' title='bbox 655 3435 826 3490; x_wconf 82' lang='grc' dir='ltr'>Πᾶσα</span> <span class='ocrx_word' id='word_1_472' title='bbox 841 3439 968 3508; x_wconf 70' lang='grc' dir='ltr'>γὰρ,</span> <span class='ocrx_word' id='word_1_473' title='bbox 989 3437 1144 3508; x_wconf 75' lang='grc' dir='ltr'>φησὶ,</span> <span class='ocrx_word' id='word_1_474' title='bbox 1176 3435 1387 3505; x_wconf 68' lang='grc' dir='ltr'>Γραφὴ</span> <span class='ocrx_word' id='word_1_475' title='bbox 1405 3436 1809 3504; x_wconf 76' lang='grc' dir='ltr'>θεόπνευστος</span> 
     </span>
    </p>
   </div>
   <div class='ocr_carea' id='block_1_66' title="bbox 205 3527 1806 3600">
    <p class='ocr_par' dir='ltr' id='par_1_66' title="bbox 205 3527 1806 3600">
     <span class='ocr_line' id='line_1_66' title="bbox 205 3527 1806 3600; baseline 0.002 -17"><span class='ocrx_word' id='word_1_476' title='bbox 205 3531 312 3583; x_wconf 73' lang='grc' dir='ltr'>καὶ</span> <span class='ocrx_word' id='word_1_477' title='bbox 339 3527 662 3600; x_wconf 65' lang='grc' dir='ltr'>ὠφέλιμος.</span> <span class='ocrx_word' id='word_1_478' title='bbox 689 3528 914 3598; x_wconf 84' lang='grc' dir='ltr'>Ποικίλη</span> <span class='ocrx_word' id='word_1_479' title='bbox 941 3527 997 3580; x_wconf 76' lang='grc' dir='ltr'>δὲ</span> <span class='ocrx_word' id='word_1_480' title='bbox 1037 3527 1128 3581; x_wconf 80' lang='grc' dir='ltr'>καὶ</span> <span class='ocrx_word' id='word_1_481' title='bbox 1170 3528 1454 3599; x_wconf 83' lang='grc' dir='ltr'>πολυειδὴς</span> <span class='ocrx_word' id='word_1_482' title='bbox 1496 3531 1530 3600; x_wconf 82' lang='grc' dir='ltr'>ἡ</span> <span class='ocrx_word' id='word_1_483' title='bbox 1549 3528 1806 3598; x_wconf 80' lang='grc' dir='ltr'>ὠφέλεια,</span> 
     </span>
    </p>
   </div>
   <div class='ocr_carea' id='block_1_67' title="bbox 207 3619 1808 3693">
    <p class='ocr_par' dir='ltr' id='par_1_67' title="bbox 207 3619 1808 3693">
     <span class='ocr_line' id='line_1_67' title="bbox 207 3619 1808 3693; baseline -0.001 -17"><span class='ocrx_word' id='word_1_484' title='bbox 207 3620 400 3684; x_wconf 75' lang='grc' dir='ltr'>καθώς</span> <span class='ocrx_word' id='word_1_485' title='bbox 434 3637 602 3691; x_wconf 74' lang='grc' dir='ltr'>φησιν</span> <span class='ocrx_word' id='word_1_486' title='bbox 633 3622 662 3674; x_wconf 89' lang='grc' dir='ltr'><strong>ὀ</strong></span> <span class='ocrx_word' id='word_1_487' title='bbox 701 3619 1041 3683; x_wconf 82' lang='grc' dir='ltr'>’Δπόστολος,</span> <span class='ocrx_word' id='word_1_488' title='bbox 1088 3619 1227 3692; x_wconf 76' lang='grc' dir='ltr'>πρὸς</span> <span class='ocrx_word' id='word_1_489' title='bbox 1268 3619 1635 3685; x_wconf 86' lang='grc' dir='ltr'>διδασκαλίαν,</span> <span class='ocrx_word' id='word_1_490' title='bbox 1671 3623 1808 3693; x_wconf 78' lang='grc' dir='ltr'>πρὸς</span> 
     </span>
    </p>
   </div>
   <div class='ocr_carea' id='block_1_68' title="bbox 207 3711 1807 3785">
    <p class='ocr_par' dir='ltr' id='par_1_68' title="bbox 207 3711 1807 3785">
     <span class='ocr_line' id='line_1_68' title="bbox 207 3711 1807 3785; baseline 0.001 -19"><span class='ocrx_word' id='word_1_491' title='bbox 207 3713 473 3784; x_wconf 72' lang='grc' dir='ltr'>ἑλιγμὸν,</span> <span class='ocrx_word' id='word_1_492' title='bbox 509 3712 644 3782; x_wconf 75' lang='grc' dir='ltr'>πρὸς</span> <span class='ocrx_word' id='word_1_493' title='bbox 695 3711 1088 3782; x_wconf 75' lang='grc' dir='ltr'>ὲπανόρθωσιν,</span> <span class='ocrx_word' id='word_1_494' title='bbox 1135 3711 1270 3782; x_wconf 82' lang='grc' dir='ltr'>πρὸς</span> <span class='ocrx_word' id='word_1_495' title='bbox 1320 3711 1570 3766; x_wconf 72' lang='grc' dir='ltr'>παιδείαν</span> <span class='ocrx_word' id='word_1_496' title='bbox 1608 3713 1705 3785; x_wconf 74' lang='grc' dir='ltr'>τὴν</span> <span class='ocrx_word' id='word_1_497' title='bbox 1750 3715 1807 3767; x_wconf 82' lang='grc' dir='ltr'>ὲν</span> 
     </span>
    </p>
   </div>
   <div class='ocr_carea' id='block_1_69' title="bbox 205 3801 1807 3875">
    <p class='ocr_par' dir='ltr' id='par_1_69' title="bbox 205 3801 1807 3875">
     <span class='ocr_line' id='line_1_69' title="bbox 205 3801 1807 3875; baseline 0.001 -19"><span class='ocrx_word' id='word_1_498' title='bbox 205 3803 555 3875; x_wconf 77' lang='grc' dir='ltr'>δικαιοσύνῃ.</span> <span class='ocrx_word' id='word_1_499' title='bbox 591 3803 664 3855; x_wconf 90' lang='lat' dir='ltr'>T6</span> <span class='ocrx_word' id='word_1_500' title='bbox 693 3802 749 3856; x_wconf 65' lang='grc' dir='ltr'>δὲ</span> <span class='ocrx_word' id='word_1_501' title='bbox 788 3801 1002 3856; x_wconf 80' lang='grc' dir='ltr'>τοιοῦτο</span> <span class='ocrx_word' id='word_1_502' title='bbox 1029 3802 1241 3873; x_wconf 81' lang='grc' dir='ltr'>κέρδος,</span> <span class='ocrx_word' id='word_1_503' title='bbox 1275 3802 1376 3855; x_wconf 89' lang='grc' dir='ltr'><strong>οὐκ</strong></span> <span class='ocrx_word' id='word_1_504' title='bbox 1421 3803 1485 3856; x_wconf 82' lang='grc' dir='ltr'>ἐκ</span> <span class='ocrx_word' id='word_1_505' title='bbox 1527 3803 1620 3857; x_wconf 82' lang='lat'><strong>:06</strong></span> <span class='ocrx_word' id='word_1_506' title='bbox 1671 3821 1807 3874; x_wconf 85' lang='grc' dir='ltr'>προ-</span> 
     </span>
    </p>
   </div>
   <div class='ocr_carea' id='block_1_70' title="bbox 207 3886 1808 3968">
    <p class='ocr_par' dir='ltr' id='par_1_70' title="bbox 207 3886 1808 3968">
     <span class='ocr_line' id='line_1_70' title="bbox 207 3886 1808 3968; baseline -0.002 -19"><span class='ocrx_word' id='word_1_507' title='bbox 207 3897 400 3968; x_wconf 71' lang='grc' dir='ltr'>χείρου</span> <span class='ocrx_word' id='word_1_508' title='bbox 453 3895 641 3948; x_wconf 73' lang='grc' dir='ltr'>λαϐεῖν</span> <span class='ocrx_word' id='word_1_509' title='bbox 686 3895 801 3947; x_wconf 74' lang='grc' dir='ltr'>ἔστι</span> <span class='ocrx_word' id='word_1_510' title='bbox 861 3895 973 3957; x_wconf 86' lang='grc' dir='ltr'>τοῖς</span> <span class='ocrx_word' id='word_1_511' title='bbox 1027 3893 1443 3962; x_wconf 76' lang='grc' dir='ltr'>ἐντυγχάνουσιν</span> <span class='ocrx_word' id='word_1_512' title='bbox 1467 3910 1481 3925; x_wconf 88' lang='grc'><strong>·</strong></span> <span class='ocrx_word' id='word_1_513' title='bbox 1533 3892 1647 3946; x_wconf 85' lang='grc' dir='ltr'>ἀλλ’</span> <span class='ocrx_word' id='word_1_514' title='bbox 1697 3886 1808 3946; x_wconf 70' lang='grc' dir='ltr'>οἷον</span> 
     </span>
    </p>
   </div>
   <div class='ocr_carea' id='block_1_71' title="bbox 207 3984 1804 4059">
    <p class='ocr_par' dir='ltr' id='par_1_71' title="bbox 207 3984 1804 4059">
     <span class='ocr_line' id='line_1_71' title="bbox 207 3984 1804 4059; baseline -0.003 -16"><span class='ocrx_word' id='word_1_515' title='bbox 207 3986 685 4059; x_wconf 63' lang='grc' dir='ltr'>πραπετάσματί</span> <span class='ocrx_word' id='word_1_516' title='bbox 709 4003 816 4039; x_wconf 88' lang='grc' dir='ltr'>τινι</span> <span class='ocrx_word' id='word_1_517' title='bbox 844 3985 921 4056; x_wconf 86' lang='grc' dir='ltr'><strong>τῷ</strong></span> <span class='ocrx_word' id='word_1_518' title='bbox 947 3985 1158 4055; x_wconf 88' lang='grc' dir='ltr'>σώματι</span> <span class='ocrx_word' id='word_1_519' title='bbox 1181 3985 1280 4055; x_wconf 80' lang='grc' dir='ltr'><strong>τῆς</strong></span> <span class='ocrx_word' id='word_1_520' title='bbox 1314 3985 1535 4056; x_wconf 78' lang='grc' dir='ltr'>Γραφῆς</span> <span class='ocrx_word' id='word_1_521' title='bbox 1561 3984 1622 4038; x_wconf 87' lang='lat'><strong>:6</strong></span> <span class='ocrx_word' id='word_1_522' title='bbox 1665 3987 1804 4042; x_wconf 80' lang='grc' dir='ltr'>θεῖον</span> 
     </span>
    </p>
   </div>
   <div class='ocr_carea' id='block_1_72' title="bbox 204 4077 1807 4156">
    <p class='ocr_par' dir='ltr' id='par_1_72' title="bbox 204 4077 1807 4156">
     <span class='ocr_line' id='line_1_72' title="bbox 204 4077 1807 4156; baseline -0.007 -15"><span class='ocrx_word' id='word_1_523' title='bbox 204 4084 652 4156; x_wconf 74' lang='grc' dir='ltr'>ὑποκρύπτεται.</span> <span class='ocrx_word' id='word_1_524' title='bbox 691 4122 704 4135; x_wconf 92' lang='grc'><strong>.</strong></span> <span class='ocrx_word' id='word_1_525' title='bbox 747 4121 764 4138; x_wconf 90' lang='grc'><strong>.</strong></span> <span class='ocrx_word' id='word_1_526' title='bbox 807 4121 822 4136; x_wconf 95' lang='grc'><strong>.</strong></span> <span class='ocrx_word' id='word_1_527' title='bbox 858 4079 1175 4152; x_wconf 84' lang='grc' dir='ltr'>νομοθεσίας</span> <span class='ocrx_word' id='word_1_528' title='bbox 1208 4079 1405 4150; x_wconf 79' lang='grc' dir='ltr'>τινὸςῆ</span> <span class='ocrx_word' id='word_1_529' title='bbox 1439 4078 1678 4150; x_wconf 80' lang='grc' dir='ltr'>ἱστορίας</span> <span class='ocrx_word' id='word_1_530' title='bbox 1698 4077 1807 4131; x_wconf 85' lang='grc' dir='ltr'><strong>τῶν</strong></span> 
     </span>
    </p>
   </div>
   <div class='ocr_carea' id='block_1_73' title="bbox 206 4167 1807 4246">
    <p class='ocr_par' dir='ltr' id='par_1_73' title="bbox 206 4167 1807 4246">
     <span class='ocr_line' id='line_1_73' title="bbox 206 4167 1807 4246; baseline -0.006 -14"><span class='ocrx_word' id='word_1_531' title='bbox 206 4180 360 4232; x_wconf 72' lang='grc' dir='ltr'>κατὰ</span> <span class='ocrx_word' id='word_1_532' title='bbox 392 4177 488 4230; x_wconf 79' lang='grc' dir='ltr'><strong>τὸν</strong></span> <span class='ocrx_word' id='word_1_533' title='bbox 515 4174 640 4229; x_wconf 73' lang='grc' dir='ltr'>νοῦν</span> <span class='ocrx_word' id='word_1_534' title='bbox 672 4173 1059 4246; x_wconf 79' lang='grc' dir='ltr'>θεωρουμένων</span> <span class='ocrx_word' id='word_1_535' title='bbox 1100 4167 1556 4242; x_wconf 73' lang='grc' dir='ltr'>προϐεϐλημένος.</span> <span class='ocrx_word' id='word_1_536' title='bbox 1592 4169 1690 4224; x_wconf 83' lang='grc' dir='ltr'>Διά</span> <span class='ocrx_word' id='word_1_537' title='bbox 1724 4187 1807 4222; x_wconf 92' lang='grc' dir='ltr'><strong>τοι</strong></span> 
     </span>
    </p>
   </div>
   <div class='ocr_carea' id='block_1_74' title="bbox 206 4262 1810 4338">
    <p class='ocr_par' dir='ltr' id='par_1_74' title="bbox 206 4262 1810 4338">
     <span class='ocr_line' id='line_1_74' title="bbox 206 4262 1810 4338; baseline -0.006 -14"><span class='ocrx_word' id='word_1_538' title='bbox 206 4267 376 4324; x_wconf 73' lang='grc' dir='ltr'>τοῦτο</span> <span class='ocrx_word' id='word_1_539' title='bbox 414 4271 546 4331; x_wconf 71' lang='grc' dir='ltr'>τοὺς</span> <span class='ocrx_word' id='word_1_540' title='bbox 580 4266 716 4338; x_wconf 78' lang='grc' dir='ltr'>πρὸς</span> <span class='ocrx_word' id='word_1_541' title='bbox 753 4266 814 4320; x_wconf 91' lang='lat'><strong>:6</strong></span> <span class='ocrx_word' id='word_1_542' title='bbox 863 4264 1022 4336; x_wconf 87' lang='grc' dir='ltr'>σῶμα</span> <span class='ocrx_word' id='word_1_543' title='bbox 1053 4264 1345 4336; x_wconf 78' lang='grc' dir='ltr'>βλέποντας</span> <span class='ocrx_word' id='word_1_544' title='bbox 1381 4262 1480 4333; x_wconf 83' lang='grc' dir='ltr'>τῆς</span> <span class='ocrx_word' id='word_1_545' title='bbox 1507 4263 1748 4333; x_wconf 73' lang='grc' dir='ltr'>Γραφῆς,</span> <span class='ocrx_word' id='word_1_546' title='bbox 1778 4263 1810 4314; x_wconf 92' lang='lat'><strong>6</strong></span> 
     </span>
    </p>
   </div>
   <div class='ocr_carea' id='block_1_75' title="bbox 221 4353 1806 4429">
    <p class='ocr_par' dir='ltr' id='par_1_75' title="bbox 221 4353 1806 4429">
     <span class='ocr_line' id='line_1_75' title="bbox 221 4353 1806 4429; baseline -0.007 -14"><span class='ocrx_word' id='word_1_547' title='bbox 221 4359 556 4422; x_wconf 62' lang='grc' dir='ltr'>’.ἀπόστολος</span> <span class='ocrx_word' id='word_1_548' title='bbox 594 4358 856 4429; x_wconf 76' lang='grc' dir='ltr'>κάλυμμα</span> <span class='ocrx_word' id='word_1_549' title='bbox 903 4357 995 4409; x_wconf 77' lang='grc' dir='ltr'><strong>ἐπὶ</strong></span> <span class='ocrx_word' id='word_1_550' title='bbox 1049 4356 1146 4426; x_wconf 77' lang='grc' dir='ltr'>τῆς</span> <span class='ocrx_word' id='word_1_551' title='bbox 1190 4353 1417 4426; x_wconf 75' lang='grc' dir='ltr'>καρδίας</span> <span class='ocrx_word' id='word_1_552' title='bbox 1464 4353 1608 4424; x_wconf 82' lang='grc' dir='ltr'>ἔχειν</span> <span class='ocrx_word' id='word_1_553' title='bbox 1651 4353 1806 4423; x_wconf 66' lang='grc' dir='ltr'>φησι,</span> 
     </span>
    </p>
   </div>
   <div class='ocr_carea' id='block_1_76' title="bbox 1911 3161 3486 3234">
    <p class='ocr_par' dir='ltr' id='par_1_76' title="bbox 1911 3161 3486 3234">
     <span class='ocr_line' id='line_1_76' title="bbox 1911 3161 3486 3234; baseline 0.001 -18"><span class='ocrx_word' id='word_1_554' title='bbox 1911 3161 2031 3216; x_wconf 89' lang='lat' dir='ltr'><strong>dem</strong></span> <span class='ocrx_word' id='word_1_555' title='bbox 2057 3162 2263 3230; x_wconf 88' lang='lat' dir='ltr'><strong>scripta</strong></span> <span class='ocrx_word' id='word_1_556' title='bbox 2296 3161 2605 3216; x_wconf 88' lang='lat' dir='ltr'><strong>habeantur</strong></span> <span class='ocrx_word' id='word_1_557' title='bbox 2629 3171 2788 3232; x_wconf 91' lang='lat' dir='ltr'><strong>prout</strong></span> <span class='ocrx_word' id='word_1_558' title='bbox 2811 3163 2860 3216; x_wconf 91' lang='lat' dir='ltr'><strong>ei</strong></span> <span class='ocrx_word' id='word_1_559' title='bbox 2890 3163 3101 3233; x_wconf 86' lang='lat' dir='ltr'><strong>placet;</strong></span> <span class='ocrx_word' id='word_1_560' title='bbox 3127 3163 3272 3234; x_wconf 88' lang='lat' dir='ltr'><strong>quod</strong></span> <span class='ocrx_word' id='word_1_561' title='bbox 3305 3175 3486 3219; x_wconf 90' lang='lat' dir='ltr'><strong>autem</strong></span> 
     </span>
    </p>
   </div>
   <div class='ocr_carea' id='block_1_77' title="bbox 1912 3249 3487 3327">
    <p class='ocr_par' dir='ltr' id='par_1_77' title="bbox 1912 3249 3487 3327">
     <span class='ocr_line' id='line_1_77' title="bbox 1912 3249 3487 3327; baseline 0.005 -24"><span class='ocrx_word' id='word_1_562' title='bbox 1912 3264 2012 3304; x_wconf 90' lang='lat' dir='ltr'><strong>nos</strong></span> <span class='ocrx_word' id='word_1_563' title='bbox 2044 3249 2112 3303; x_wconf 90' lang='lat' dir='ltr'><strong>de</strong></span> <span class='ocrx_word' id='word_1_564' title='bbox 2145 3249 2249 3305; x_wconf 92' lang='lat' dir='ltr'><strong>hoc</strong></span> <span class='ocrx_word' id='word_1_565' title='bbox 2281 3252 2586 3316; x_wconf 84' lang='lat' dir='ltr'><strong>sentimus,</strong></span> <span class='ocrx_word' id='word_1_566' title='bbox 2625 3253 2734 3308; x_wconf 84' lang='lat' dir='ltr'><strong>tale</strong></span> <span class='ocrx_word' id='word_1_567' title='bbox 2759 3261 2878 3307; x_wconf 90' lang='lat' dir='ltr'><strong>est.</strong></span> <span class='ocrx_word' id='word_1_568' title='bbox 2911 3253 3184 3309; x_wconf 80' lang='lat' dir='ltr'><strong>Dirinitus</strong></span> <span class='ocrx_word' id='word_1_569' title='bbox 3220 3255 3487 3327; x_wconf 81' lang='lat' dir='ltr'><strong>inSpirata</strong></span> 
     </span>
    </p>
   </div>
   <div class='ocr_carea' id='block_1_78' title="bbox 1912 3337 3486 3414">
    <p class='ocr_par' dir='ltr' id='par_1_78' title="bbox 1912 3337 3486 3414">
     <span class='ocr_line' id='line_1_78' title="bbox 1912 3337 3486 3414; baseline 0.004 -20"><span class='ocrx_word' id='word_1_570' title='bbox 1912 3337 2196 3411; x_wconf 90' lang='lat' dir='ltr'><strong>Scriptura</strong></span> <span class='ocrx_word' id='word_1_571' title='bbox 2219 3381 2232 3404; x_wconf 89' lang='lat'><strong>,</strong></span> <span class='ocrx_word' id='word_1_572' title='bbox 2261 3341 2406 3396; x_wconf 89' lang='lat' dir='ltr'><strong>sicut</strong></span> <span class='ocrx_word' id='word_1_573' title='bbox 2432 3342 2605 3412; x_wconf 85' lang='lat' dir='ltr'><strong>ipsam</strong></span> <span class='ocrx_word' id='word_1_574' title='bbox 2631 3342 2854 3398; x_wconf 87' lang='lat' dir='ltr'><strong>divinus</strong></span> <span class='ocrx_word' id='word_1_575' title='bbox 2877 3344 3174 3414; x_wconf 87' lang='lat' dir='ltr'><strong>Apostolus</strong></span> <span class='ocrx_word' id='word_1_576' title='bbox 3202 3347 3486 3412; x_wconf 89' lang='lat' dir='ltr'><strong>nominat,</strong></span> 
     </span>
    </p>
   </div>
   <div class='ocr_carea' id='block_1_79' title="bbox 1910 3433 3489 3506">
    <p class='ocr_par' dir='ltr' id='par_1_79' title="bbox 1910 3433 3489 3506">
     <span class='ocr_line' id='line_1_79' title="bbox 1910 3433 3489 3506; baseline 0.003 -18"><span class='ocrx_word' id='word_1_577' title='bbox 1910 3434 2085 3489; x_wconf 86' lang='lat' dir='ltr'><strong>sancti</strong></span> <span class='ocrx_word' id='word_1_578' title='bbox 2122 3433 2364 3504; x_wconf 91' lang='lat' dir='ltr'><strong>Spiritus</strong></span> <span class='ocrx_word' id='word_1_579' title='bbox 2395 3441 2481 3490; x_wconf 84' lang='lat' dir='ltr'><strong>est</strong></span> <span class='ocrx_word' id='word_1_580' title='bbox 2513 3433 2824 3506; x_wconf 87' lang='lat' dir='ltr'><strong>Scriptura.</strong></span> <span class='ocrx_word' id='word_1_581' title='bbox 2863 3434 3039 3504; x_wconf 83' lang='lat' dir='ltr'><strong>liujus</strong></span> <span class='ocrx_word' id='word_1_582' title='bbox 3073 3445 3254 3492; x_wconf 87' lang='lat' dir='ltr'><strong>autem</strong></span> <span class='ocrx_word' id='word_1_583' title='bbox 3291 3438 3489 3492; x_wconf 87' lang='lat' dir='ltr'><strong>volun-</strong></span> 
     </span>
    </p>
   </div>
   <div class='ocr_carea' id='block_1_80' title="bbox 1911 3525 3488 3599">
    <p class='ocr_par' dir='ltr' id='par_1_80' title="bbox 1911 3525 3488 3599">
     <span class='ocr_line' id='line_1_80' title="bbox 1911 3525 3488 3599; baseline 0.004 -19"><span class='ocrx_word' id='word_1_584' title='bbox 1911 3533 1994 3581; x_wconf 86' lang='lat' dir='ltr'><strong>tas</strong></span> <span class='ocrx_word' id='word_1_585' title='bbox 2039 3532 2093 3581; x_wconf 89' lang='lat' dir='ltr'><strong>et</strong></span> <span class='ocrx_word' id='word_1_586' title='bbox 2137 3525 2370 3581; x_wconf 85' lang='lat' dir='ltr'><strong>intentio</strong></span> <span class='ocrx_word' id='word_1_587' title='bbox 2418 3525 2702 3582; x_wconf 87' lang='lat' dir='ltr'><strong>hominum</strong></span> <span class='ocrx_word' id='word_1_588' title='bbox 2755 3539 2838 3583; x_wconf 87' lang='lat' dir='ltr'><strong>est</strong></span> <span class='ocrx_word' id='word_1_589' title='bbox 2870 3529 3106 3586; x_wconf 88' lang='lat' dir='ltr'><strong>utilitas.</strong></span> <span class='ocrx_word' id='word_1_590' title='bbox 3150 3531 3368 3599; x_wconf 86' lang='lat' dir='ltr'><strong>Omnis,</strong></span> <span class='ocrx_word' id='word_1_591' title='bbox 3399 3531 3488 3586; x_wconf 93' lang='lat' dir='ltr'><strong>iu-</strong></span> 
     </span>
    </p>
   </div>
   <div class='ocr_carea' id='block_1_81' title="bbox 1909 3613 3489 3687">
    <p class='ocr_par' dir='ltr' id='par_1_81' title="bbox 1909 3613 3489 3687">
     <span class='ocr_line' id='line_1_81' title="bbox 1909 3613 3489 3687; baseline 0.006 -20"><span class='ocrx_word' id='word_1_592' title='bbox 1909 3614 2066 3684; x_wconf 89' lang='lat' dir='ltr'><strong>quit,</strong></span> <span class='ocrx_word' id='word_1_593' title='bbox 2101 3613 2380 3684; x_wconf 85' lang='lat' dir='ltr'><strong>Scriptura</strong></span> <span class='ocrx_word' id='word_1_594' title='bbox 2413 3616 2669 3671; x_wconf 81' lang='lat' dir='ltr'><strong>divinitus</strong></span> <span class='ocrx_word' id='word_1_595' title='bbox 2706 3618 2970 3687; x_wconf 83' lang='lat' dir='ltr'><strong>inspirata</strong></span> <span class='ocrx_word' id='word_1_596' title='bbox 3023 3631 3071 3674; x_wconf 88' lang='lat' dir='ltr'><strong>et</strong></span> <span class='ocrx_word' id='word_1_597' title='bbox 3108 3621 3260 3676; x_wconf 83' lang='lat' dir='ltr'><strong>utilis</strong></span> <span class='ocrx_word' id='word_1_598' title='bbox 3295 3623 3357 3678; x_wconf 73' lang='grc' dir='ltr'><strong>ἰ</strong></span> <span class='ocrx_word' id='word_1_599' title='bbox 3393 3638 3489 3676; x_wconf 60' lang='lat' dir='ltr'><strong>va-</strong></span> 
     </span>
    </p>
   </div>
   <div class='ocr_carea' id='block_1_82' title="bbox 1910 3708 3486 3778">
    <p class='ocr_par' dir='ltr' id='par_1_82' title="bbox 1910 3708 3486 3778">
     <span class='ocr_line' id='line_1_82' title="bbox 1910 3708 3486 3778; baseline 0.004 -15"><span class='ocrx_word' id='word_1_600' title='bbox 1910 3708 1990 3763; x_wconf 86' lang='lat' dir='ltr'><strong>ria</strong></span> <span class='ocrx_word' id='word_1_601' title='bbox 2050 3718 2234 3762; x_wconf 88' lang='lat' dir='ltr'><strong>autem</strong></span> <span class='ocrx_word' id='word_1_602' title='bbox 2288 3718 2342 3764; x_wconf 91' lang='lat' dir='ltr'><strong>et</strong></span> <span class='ocrx_word' id='word_1_603' title='bbox 2397 3710 2686 3778; x_wconf 82' lang='lat' dir='ltr'><strong>multiplex</strong></span> <span class='ocrx_word' id='word_1_604' title='bbox 2731 3713 2980 3778; x_wconf 87' lang='lat' dir='ltr'><strong>utilitas,</strong></span> <span class='ocrx_word' id='word_1_605' title='bbox 3029 3715 3173 3768; x_wconf 91' lang='lat' dir='ltr'><strong>sicut</strong></span> <span class='ocrx_word' id='word_1_606' title='bbox 3219 3715 3297 3768; x_wconf 91' lang='lat' dir='ltr'><strong>ait</strong></span> <span class='ocrx_word' id='word_1_607' title='bbox 3343 3715 3486 3770; x_wconf 89' lang='lat' dir='ltr'><strong>idem</strong></span> 
     </span>
    </p>
   </div>
   <div class='ocr_carea' id='block_1_83' title="bbox 1907 3799 3550 3873">
    <p class='ocr_par' dir='ltr' id='par_1_83' title="bbox 1907 3799 3550 3873">
     <span class='ocr_line' id='line_1_83' title="bbox 1907 3799 3550 3873; baseline 0.005 -19"><span class='ocrx_word' id='word_1_608' title='bbox 1907 3801 2241 3870; x_wconf 84' lang='lat' dir='ltr'><strong>Apostolus,</strong></span> <span class='ocrx_word' id='word_1_609' title='bbox 2294 3800 2362 3855; x_wconf 87' lang='lat' dir='ltr'><strong>ad</strong></span> <span class='ocrx_word' id='word_1_610' title='bbox 2393 3799 2742 3867; x_wconf 88' lang='lat' dir='ltr'><strong>doctrinam,</strong></span> <span class='ocrx_word' id='word_1_611' title='bbox 2780 3803 2848 3857; x_wconf 85' lang='lat' dir='ltr'><strong>ad</strong></span> <span class='ocrx_word' id='word_1_612' title='bbox 2889 3805 3364 3873; x_wconf 81' lang='lat' dir='ltr'><strong>redargutionem,</strong></span> <span class='ocrx_word' id='word_1_613' title='bbox 3418 3809 3486 3863; x_wconf 88' lang='lat' dir='ltr'><strong>ad</strong></span> <span class='ocrx_word' id='word_1_614' title='bbox 3539 3841 3550 3851; x_wconf 73' lang='grc' dir='ltr'><strong>ι</strong></span> 
     </span>
    </p>
   </div>
   <div class='ocr_carea' id='block_1_84' title="bbox 1908 3893 3485 3968">
    <p class='ocr_par' dir='ltr' id='par_1_84' title="bbox 1908 3893 3485 3968">
     <span class='ocr_line' id='line_1_84' title="bbox 1908 3893 3485 3968; baseline 0.003 -21"><span class='ocrx_word' id='word_1_615' title='bbox 1908 3893 2389 3963; x_wconf 89' lang='lat' dir='ltr'><strong>reprehensionem</strong></span> <span class='ocrx_word' id='word_1_616' title='bbox 2407 3935 2422 3960; x_wconf 93' lang='lat'><strong>,</strong></span> <span class='ocrx_word' id='word_1_617' title='bbox 2449 3893 2517 3948; x_wconf 85' lang='lat' dir='ltr'><strong>ad</strong></span> <span class='ocrx_word' id='word_1_618' title='bbox 2543 3897 2979 3965; x_wconf 90' lang='lat' dir='ltr'><strong>correptiouem,</strong></span> <span class='ocrx_word' id='word_1_619' title='bbox 3008 3897 3074 3950; x_wconf 92' lang='lat' dir='ltr'><strong>ad</strong></span> <span class='ocrx_word' id='word_1_620' title='bbox 3103 3897 3447 3968; x_wconf 89' lang='lat' dir='ltr'><strong>disciplinam</strong></span> <span class='ocrx_word' id='word_1_621' title='bbox 3469 3939 3485 3964; x_wconf 94' lang='lat'><strong>,</strong></span> 
     </span>
    </p>
   </div>
   <div class='ocr_carea' id='block_1_85' title="bbox 1909 3985 3487 4057">
    <p class='ocr_par' dir='ltr' id='par_1_85' title="bbox 1909 3985 3487 4057">
     <span class='ocr_line' id='line_1_85' title="bbox 1909 3985 3487 4057; baseline 0.003 -17"><span class='ocrx_word' id='word_1_622' title='bbox 1909 3987 2025 4041; x_wconf 76' lang='lat' dir='ltr'><strong>sive</strong></span> <span class='ocrx_word' id='word_1_623' title='bbox 2051 3985 2457 4042; x_wconf 89' lang='lat' dir='ltr'><strong>institutionem</strong></span> <span class='ocrx_word' id='word_1_624' title='bbox 2492 4003 2614 4057; x_wconf 63' lang='lat' dir='ltr'><strong>quas</strong></span> <span class='ocrx_word' id='word_1_625' title='bbox 2647 3995 2734 4044; x_wconf 90' lang='lat' dir='ltr'><strong>est</strong></span> <span class='ocrx_word' id='word_1_626' title='bbox 2769 3989 2822 4042; x_wconf 94' lang='lat' dir='ltr'><strong>in</strong></span> <span class='ocrx_word' id='word_1_627' title='bbox 2857 3988 3098 4056; x_wconf 88' lang='lat' dir='ltr'><strong>justitia.</strong></span> <span class='ocrx_word' id='word_1_628' title='bbox 3136 3988 3269 4044; x_wconf 79' lang='lat' dir='ltr'><strong>Tale</strong></span> <span class='ocrx_word' id='word_1_629' title='bbox 3303 3999 3487 4045; x_wconf 87' lang='lat' dir='ltr'><strong>autem</strong></span> 
     </span>
    </p>
   </div>
   <div class='ocr_carea' id='block_1_86' title="bbox 1911 4076 3486 4150">
    <p class='ocr_par' dir='ltr' id='par_1_86' title="bbox 1911 4076 3486 4150">
     <span class='ocr_line' id='line_1_86' title="bbox 1911 4076 3486 4150; baseline 0.004 -19"><span class='ocrx_word' id='word_1_630' title='bbox 1911 4076 2126 4132; x_wconf 89' lang='lat' dir='ltr'><strong>lucrum</strong></span> <span class='ocrx_word' id='word_1_631' title='bbox 2151 4093 2262 4133; x_wconf 91' lang='lat' dir='ltr'><strong>non</strong></span> <span class='ocrx_word' id='word_1_632' title='bbox 2291 4078 2344 4133; x_wconf 92' lang='lat' dir='ltr'><strong>in</strong></span> <span class='ocrx_word' id='word_1_633' title='bbox 2370 4087 2626 4150; x_wconf 85' lang='lat' dir='ltr'><strong>promptu</strong></span> <span class='ocrx_word' id='word_1_634' title='bbox 2657 4085 2738 4133; x_wconf 90' lang='lat' dir='ltr'><strong>est</strong></span> <span class='ocrx_word' id='word_1_635' title='bbox 2764 4078 3098 4147; x_wconf 85' lang='lat' dir='ltr'><strong>quibuslibet</strong></span> <span class='ocrx_word' id='word_1_636' title='bbox 3121 4095 3362 4146; x_wconf 87' lang='lat' dir='ltr'><strong>sumere,</strong></span> <span class='ocrx_word' id='word_1_637' title='bbox 3391 4082 3486 4138; x_wconf 89' lang='lat' dir='ltr'><strong>sed</strong></span> 
     </span>
    </p>
   </div>
   <div class='ocr_carea' id='block_1_87' title="bbox 1907 4167 3486 4242">
    <p class='ocr_par' dir='ltr' id='par_1_87' title="bbox 1907 4167 3486 4242">
     <span class='ocr_line' id='line_1_87' title="bbox 1907 4167 3486 4242; baseline 0.004 -21"><span class='ocrx_word' id='word_1_638' title='bbox 1907 4167 2076 4222; x_wconf 83' lang='lat' dir='ltr'><strong>veluti</strong></span> <span class='ocrx_word' id='word_1_639' title='bbox 2108 4167 2345 4238; x_wconf 89' lang='lat' dir='ltr'><strong>quodam</strong></span> <span class='ocrx_word' id='word_1_640' title='bbox 2396 4168 2716 4233; x_wconf 77' lang='lat' dir='ltr'><strong>involucro,</strong></span> <span class='ocrx_word' id='word_1_641' title='bbox 2747 4182 2977 4238; x_wconf 88' lang='lat' dir='ltr'><strong>corpore</strong></span> <span class='ocrx_word' id='word_1_642' title='bbox 3013 4167 3312 4240; x_wconf 73' lang='lat' dir='ltr'><strong>Scriptura:</strong></span> <span class='ocrx_word' id='word_1_643' title='bbox 3341 4173 3486 4242; x_wconf 89' lang='lat' dir='ltr'><strong>quod</strong></span> 
     </span>
    </p>
   </div>
   <div class='ocr_carea' id='block_1_88' title="bbox 1909 4256 3485 4330">
    <p class='ocr_par' dir='ltr' id='par_1_88' title="bbox 1909 4256 3485 4330">
     <span class='ocr_line' id='line_1_88' title="bbox 1909 4256 3485 4330; baseline 0.006 -19"><span class='ocrx_word' id='word_1_644' title='bbox 1909 4256 2157 4312; x_wconf 89' lang='lat' dir='ltr'><strong>divinum</strong></span> <span class='ocrx_word' id='word_1_645' title='bbox 2190 4264 2276 4314; x_wconf 92' lang='lat' dir='ltr'><strong>est</strong></span> <span class='ocrx_word' id='word_1_646' title='bbox 2308 4257 2728 4312; x_wconf 90' lang='lat' dir='ltr'><strong>suboccultatur</strong></span> <span class='ocrx_word' id='word_1_647' title='bbox 2763 4299 2779 4312; x_wconf 94' lang='lat'><strong>.</strong></span> <span class='ocrx_word' id='word_1_648' title='bbox 2819 4299 2832 4314; x_wconf 95' lang='lat'><strong>.</strong></span> <span class='ocrx_word' id='word_1_649' title='bbox 2872 4299 2885 4312; x_wconf 95' lang='lat'><strong>.</strong></span> <span class='ocrx_word' id='word_1_650' title='bbox 2920 4257 2997 4324; x_wconf 87' lang='grc' dir='ltr'><strong>(α)</strong></span> <span class='ocrx_word' id='word_1_651' title='bbox 3047 4261 3177 4330; x_wconf 87' lang='lat' dir='ltr'><strong>quia</strong></span> <span class='ocrx_word' id='word_1_652' title='bbox 3227 4263 3485 4320; x_wconf 86' lang='lat' dir='ltr'><strong>videlicet</strong></span> 
     </span>
    </p>
   </div>
   <div class='ocr_carea' id='block_1_89' title="bbox 1912 4347 3486 4426">
    <p class='ocr_par' dir='ltr' id='par_1_89' title="bbox 1912 4347 3486 4426">
     <span class='ocr_line' id='line_1_89' title="bbox 1912 4347 3486 4426; baseline 0.007 -26"><span class='ocrx_word' id='word_1_653' title='bbox 1912 4347 2048 4418; x_wconf 73' lang='lat' dir='ltr'><strong>legis</strong></span> <span class='ocrx_word' id='word_1_654' title='bbox 2084 4348 2317 4416; x_wconf 87' lang='lat' dir='ltr'><strong>alicujus</strong></span> <span class='ocrx_word' id='word_1_655' title='bbox 2349 4349 2600 4416; x_wconf 87' lang='lat' dir='ltr'><strong>sanctio,</strong></span> <span class='ocrx_word' id='word_1_656' title='bbox 2628 4349 2715 4404; x_wconf 81' lang='lat' dir='ltr'><strong>vel</strong></span> <span class='ocrx_word' id='word_1_657' title='bbox 2749 4350 2825 4405; x_wconf 90' lang='lat' dir='ltr'><strong>rei</strong></span> <span class='ocrx_word' id='word_1_658' title='bbox 2859 4360 3028 4420; x_wconf 68' lang='lat' dir='ltr'><strong>gestae</strong></span> <span class='ocrx_word' id='word_1_659' title='bbox 3061 4355 3309 4409; x_wconf 85' lang='lat' dir='ltr'><strong>narratio</strong></span> <span class='ocrx_word' id='word_1_660' title='bbox 3345 4371 3486 4426; x_wconf 76' lang='lat' dir='ltr'><strong>pra:-</strong></span> 
     </span>
    </p>
   </div>
   <div class='ocr_carea' id='block_1_90' title="bbox 205 4436 1802 4523">
    <p class='ocr_par' dir='ltr' id='par_1_90' title="bbox 205 4443 1802 4523">
     <span class='ocr_line' id='line_1_90' title="bbox 205 4443 1802 4523; baseline -0.009 -14"><span class='ocrx_word' id='word_1_661' title='bbox 205 4455 312 4509; x_wconf 76' lang='grc' dir='ltr'>ιιαὶ</span> <span class='ocrx_word' id='word_1_662' title='bbox 338 4452 416 4523; x_wconf 80' lang='grc' dir='ltr'>μὴ</span> <span class='ocrx_word' id='word_1_663' title='bbox 445 4449 704 4504; x_wconf 85' lang='grc' dir='ltr'>δύνασθαι</span> <span class='ocrx_word' id='word_1_664' title='bbox 742 4447 878 4518; x_wconf 81' lang='grc' dir='ltr'>πρὸς</span> <span class='ocrx_word' id='word_1_665' title='bbox 905 4446 1003 4518; x_wconf 79' lang='grc' dir='ltr'>τὴν</span> <span class='ocrx_word' id='word_1_666' title='bbox 1033 4445 1190 4510; x_wconf 81' lang='grc' dir='ltr'>δόξαν</span> <span class='ocrx_word' id='word_1_667' title='bbox 1215 4443 1494 4515; x_wconf 73' lang='grc' dir='ltr'>διαϐλέψαι</span> <span class='ocrx_word' id='word_1_668' title='bbox 1525 4443 1616 4497; x_wconf 87' lang='lat'><strong>:06</strong></span> <span class='ocrx_word' id='word_1_669' title='bbox 1646 4460 1802 4496; x_wconf 84' lang='grc' dir='ltr'>πνευ-</span> 
     </span>
    </p>
   </div>
   <div class='ocr_carea' id='block_1_91' title="bbox 1907 4436 3487 4523">
    <p class='ocr_par' dir='ltr' id='par_1_91' title="bbox 1912 4439 3487 4518">
     <span class='ocr_line' id='line_1_91' title="bbox 1912 4439 3487 4518; baseline 0.006 -25"><span class='ocrx_word' id='word_1_670' title='bbox 1912 4439 2172 4494; x_wconf 88' lang='lat' dir='ltr'><strong>tendatur</strong></span> <span class='ocrx_word' id='word_1_671' title='bbox 2225 4440 2295 4496; x_wconf 88' lang='lat' dir='ltr'><strong>iis</strong></span> <span class='ocrx_word' id='word_1_672' title='bbox 2347 4443 2517 4497; x_wconf 88' lang='lat' dir='ltr'><strong>rebus</strong></span> <span class='ocrx_word' id='word_1_673' title='bbox 2567 4457 2691 4512; x_wconf 69' lang='lat' dir='ltr'><strong>qua:</strong></span> <span class='ocrx_word' id='word_1_674' title='bbox 2751 4451 2932 4497; x_wconf 88' lang='lat' dir='ltr'><strong>mente</strong></span> <span class='ocrx_word' id='word_1_675' title='bbox 2983 4444 3186 4500; x_wconf 65' lang='lat' dir='ltr'><strong>debent</strong></span> <span class='ocrx_word' id='word_1_676' title='bbox 3235 4447 3487 4518; x_wconf 84' lang='lat' dir='ltr'><strong>intelligi.</strong></span> 
     </span>
    </p>
   </div>
   <div class='ocr_carea' id='block_1_92' title="bbox 210 4534 1805 4618">
    <p class='ocr_par' dir='ltr' id='par_1_92' title="bbox 210 4534 1805 4618">
     <span class='ocr_line' id='line_1_92' title="bbox 210 4534 1805 4618; baseline -0.009 -18"><span class='ocrx_word' id='word_1_677' title='bbox 210 4543 457 4618; x_wconf 79' lang='grc' dir='ltr'>ματικοῦ</span> <span class='ocrx_word' id='word_1_678' title='bbox 493 4542 681 4613; x_wconf 82' lang='grc' dir='ltr'>νόμου,</span> <span class='ocrx_word' id='word_1_679' title='bbox 723 4537 1094 4609; x_wconf 85' lang='grc' dir='ltr'>κωλυομένους</span> <span class='ocrx_word' id='word_1_680' title='bbox 1122 4536 1212 4590; x_wconf 85' lang='grc' dir='ltr'><strong>διά</strong></span> <span class='ocrx_word' id='word_1_681' title='bbox 1249 4535 1342 4590; x_wconf 82' lang='grc' dir='ltr'>τοῦ</span> <span class='ocrx_word' id='word_1_682' title='bbox 1379 4534 1805 4605; x_wconf 79' lang='grc' dir='ltr'>ὲπιϐεὸλημένου</span> 
     </span>
    </p>
   </div>
   <div class='ocr_carea' id='block_1_93' title="bbox 201 4626 1802 4709">
    <p class='ocr_par' dir='ltr' id='par_1_93' title="bbox 201 4626 1802 4709">
     <span class='ocr_line' id='line_1_93' title="bbox 201 4626 1802 4709; baseline -0.011 -15"><span class='ocrx_word' id='word_1_683' title='bbox 201 4640 296 4709; x_wconf 74' lang='grc' dir='ltr'>τῷ</span> <span class='ocrx_word' id='word_1_684' title='bbox 325 4635 658 4709; x_wconf 82' lang='grc' dir='ltr'>προσωπείῳ</span> <span class='ocrx_word' id='word_1_685' title='bbox 686 4631 782 4686; x_wconf 89' lang='lat'><strong>:06</strong></span> <span class='ocrx_word' id='word_1_686' title='bbox 811 4628 1101 4701; x_wconf 85' lang='grc' dir='ltr'>νομοθέτου</span> <span class='ocrx_word' id='word_1_687' title='bbox 1134 4627 1506 4699; x_wconf 86' lang='grc' dir='ltr'>καλύμματος.</span> <span class='ocrx_word' id='word_1_688' title='bbox 1537 4626 1628 4680; x_wconf 89' lang='grc' dir='ltr'><strong>Διό</strong></span> <span class='ocrx_word' id='word_1_689' title='bbox 1651 4641 1802 4696; x_wconf 78' lang='grc' dir='ltr'>φησι’</span> 
     </span>
    </p>
   </div>
   <div class='ocr_carea' id='block_1_94' title="bbox 211 4716 1802 4798">
    <p class='ocr_par' dir='ltr' id='par_1_94' title="bbox 211 4716 1802 4798">
     <span class='ocr_line' id='line_1_94' title="bbox 211 4716 1802 4798; baseline -0.009 -13"><span class='ocrx_word' id='word_1_690' title='bbox 211 4732 294 4785; x_wconf 78' lang='grc' dir='ltr'><em>Τὸ</em></span> <span class='ocrx_word' id='word_1_691' title='bbox 319 4727 558 4798; x_wconf 66' lang='grc' dir='ltr'>γράμμα</span> <span class='ocrx_word' id='word_1_692' title='bbox 600 4722 956 4784; x_wconf 77' lang='grc' dir='ltr'>ἀποκτείνει,</span> <span class='ocrx_word' id='word_1_693' title='bbox 1003 4719 1072 4773; x_wconf 84' lang='grc' dir='ltr'>τὸ</span> <span class='ocrx_word' id='word_1_694' title='bbox 1119 4718 1188 4772; x_wconf 82' lang='grc' dir='ltr'>δὲ</span> <span class='ocrx_word' id='word_1_695' title='bbox 1235 4718 1469 4788; x_wconf 78' lang='grc' dir='ltr'>πνεῦμα</span> <span class='ocrx_word' id='word_1_696' title='bbox 1511 4716 1775 4779; x_wconf 80' lang='grc' dir='ltr'>ζωοποιεῖ</span> <span class='ocrx_word' id='word_1_697' title='bbox 1789 4735 1802 4750; x_wconf 87' lang='grc'><strong>·</strong></span> 
     </span>
    </p>
   </div>
   <div class='ocr_carea' id='block_1_95' title="bbox 198 4809 1805 4885">
    <p class='ocr_par' dir='ltr' id='par_1_95' title="bbox 198 4809 1805 4885">
     <span class='ocr_line' id='line_1_95' title="bbox 198 4809 1805 4885; baseline -0.011 -7"><span class='ocrx_word' id='word_1_698' title='bbox 198 4824 432 4884; x_wconf 69' lang='grc' dir='ltr'>δεικνὺς</span> <span class='ocrx_word' id='word_1_699' title='bbox 470 4820 552 4873; x_wconf 74' lang='grc' dir='ltr'>ὅτι</span> <span class='ocrx_word' id='word_1_700' title='bbox 585 4815 826 4885; x_wconf 84' lang='grc' dir='ltr'>πολλαχῆ</span> <span class='ocrx_word' id='word_1_701' title='bbox 866 4813 973 4867; x_wconf 82' lang='grc' dir='ltr'><strong>τῶν</strong></span> <span class='ocrx_word' id='word_1_702' title='bbox 1011 4811 1408 4883; x_wconf 83' lang='grc' dir='ltr'>γεγραμμένων</span> <span class='ocrx_word' id='word_1_703' title='bbox 1445 4810 1478 4881; x_wconf 80' lang='grc' dir='ltr'>ἡ</span> <span class='ocrx_word' id='word_1_704' title='bbox 1518 4809 1805 4881; x_wconf 81' lang='grc' dir='ltr'>πρόχειρος</span> 
     </span>
    </p>
   </div>
   <div class='ocr_carea' id='block_1_96' title="bbox 201 4900 1807 4986">
    <p class='ocr_par' dir='ltr' id='par_1_96' title="bbox 201 4900 1807 4986">
     <span class='ocr_line' id='line_1_96' title="bbox 201 4900 1807 4986; baseline -0.011 -16"><span class='ocrx_word' id='word_1_705' title='bbox 201 4913 510 4986; x_wconf 71' lang='grc' dir='ltr'>ἑρμηνεία,</span> <span class='ocrx_word' id='word_1_706' title='bbox 533 4911 580 4965; x_wconf 84' lang='grc' dir='ltr'><strong>εί</strong></span> <span class='ocrx_word' id='word_1_707' title='bbox 605 4910 679 4981; x_wconf 79' lang='grc' dir='ltr'>μὴ</span> <span class='ocrx_word' id='word_1_708' title='bbox 700 4906 842 4962; x_wconf 78' lang='grc' dir='ltr'>κατὰ</span> <span class='ocrx_word' id='word_1_709' title='bbox 859 4907 948 4960; x_wconf 70' lang='grc' dir='ltr'><strong>τὸν</strong></span> <span class='ocrx_word' id='word_1_710' title='bbox 977 4907 1318 4976; x_wconf 82' lang='grc' dir='ltr'>προσήκοντα</span> <span class='ocrx_word' id='word_1_711' title='bbox 1337 4901 1460 4956; x_wconf 81' lang='grc' dir='ltr'>νοῦν</span> <span class='ocrx_word' id='word_1_712' title='bbox 1488 4900 1807 4972; x_wconf 80' lang='grc' dir='ltr'>ὲκληφθείη,</span> 
     </span>
    </p>
   </div>
   <div class='ocr_carea' id='block_1_97' title="bbox 195 4991 1812 5076">
    <p class='ocr_par' dir='ltr' id='par_1_97' title="bbox 195 4991 1812 5076">
     <span class='ocr_line' id='line_1_97' title="bbox 195 4991 1812 5076; baseline -0.01 -15"><span class='ocrx_word' id='word_1_713' title='bbox 195 5011 287 5076; x_wconf 74' lang='grc' dir='ltr'><strong>τῇ</strong></span> <span class='ocrx_word' id='word_1_714' title='bbox 320 5005 410 5059; x_wconf 76' lang='grc' dir='ltr'>διὰ</span> <span class='ocrx_word' id='word_1_715' title='bbox 447 5003 543 5058; x_wconf 81' lang='lat'><strong>:06</strong></span> <span class='ocrx_word' id='word_1_716' title='bbox 579 5000 887 5071; x_wconf 84' lang='grc' dir='ltr'>πνεύματος</span> <span class='ocrx_word' id='word_1_717' title='bbox 918 4995 1348 5068; x_wconf 81' lang='grc' dir='ltr'>ὑποδεικνυμένῃ</span> <span class='ocrx_word' id='word_1_718' title='bbox 1401 4993 1513 5062; x_wconf 79' lang='grc' dir='ltr'>ζωῇ</span> <span class='ocrx_word' id='word_1_719' title='bbox 1555 4991 1616 5044; x_wconf 88' lang='lat'><strong>:6</strong></span> <span class='ocrx_word' id='word_1_720' title='bbox 1658 4993 1812 5045; x_wconf 78' lang='grc' dir='ltr'>ἐναν-</span> 
     </span>
    </p>
   </div>
   <div class='ocr_carea' id='block_1_98' title="bbox 195 5084 1813 5162">
    <p class='ocr_par' dir='ltr' id='par_1_98' title="bbox 195 5084 1813 5162">
     <span class='ocr_line' id='line_1_98' title="bbox 195 5084 1813 5162; baseline -0.011 -11"><span class='ocrx_word' id='word_1_721' title='bbox 195 5099 334 5152; x_wconf 73' lang='grc' dir='ltr'>τίον</span> <span class='ocrx_word' id='word_1_722' title='bbox 366 5097 530 5148; x_wconf 75' lang='grc' dir='ltr'>ποιεί.</span> <span class='ocrx_word' id='word_1_723' title='bbox 572 5091 679 5147; x_wconf 86' lang='lat' dir='ltr'><strong>T06</strong></span> <span class='ocrx_word' id='word_1_724' title='bbox 714 5092 834 5162; x_wconf 81' lang='grc' dir='ltr'>μὲν,</span> <span class='ocrx_word' id='word_1_725' title='bbox 863 5088 925 5143; x_wconf 85' lang='grc' dir='ltr'><strong>τδ</strong></span> <span class='ocrx_word' id='word_1_726' title='bbox 960 5088 1160 5141; x_wconf 85' lang='grc' dir='ltr'>τέλειον</span> <span class='ocrx_word' id='word_1_727' title='bbox 1196 5087 1293 5156; x_wconf 83' lang='grc' dir='ltr'>τῆς</span> <span class='ocrx_word' id='word_1_728' title='bbox 1340 5084 1540 5154; x_wconf 78' lang='grc' dir='ltr'>ἀρετῆς</span> <span class='ocrx_word' id='word_1_729' title='bbox 1580 5084 1638 5136; x_wconf 82' lang='grc' dir='ltr'>ὲν</span> <span class='ocrx_word' id='word_1_730' title='bbox 1670 5084 1813 5136; x_wconf 83' lang='grc' dir='ltr'>ἀπα-</span> 
     </span>
    </p>
   </div>
   <div class='ocr_carea' id='block_1_99' title="bbox 203 5171 1809 5258">
    <p class='ocr_par' dir='ltr' id='par_1_99' title="bbox 203 5171 1809 5258">
     <span class='ocr_line' id='line_1_99' title="bbox 203 5171 1809 5258; baseline -0.011 -17"><span class='ocrx_word' id='word_1_731' title='bbox 203 5188 352 5258; x_wconf 65' lang='grc' dir='ltr'>θείᾳ</span> <span class='ocrx_word' id='word_1_732' title='bbox 397 5187 534 5238; x_wconf 79' lang='grc' dir='ltr'>πᾶσι</span> <span class='ocrx_word' id='word_1_733' title='bbox 563 5185 677 5245; x_wconf 77' lang='grc' dir='ltr'>τοῖς</span> <span class='ocrx_word' id='word_1_734' title='bbox 701 5178 1008 5250; x_wconf 83' lang='grc' dir='ltr'>ἀνθρώποις</span> <span class='ocrx_word' id='word_1_735' title='bbox 1057 5173 1476 5245; x_wconf 77' lang='grc' dir='ltr'>νομοθετοῦντος</span> <span class='ocrx_word' id='word_1_736' title='bbox 1505 5190 1518 5203; x_wconf 90' lang='grc'><strong>·</strong></span> <span class='ocrx_word' id='word_1_737' title='bbox 1575 5173 1674 5242; x_wconf 82' lang='grc' dir='ltr'>τῆς</span> <span class='ocrx_word' id='word_1_738' title='bbox 1732 5171 1809 5236; x_wconf 85' lang='grc' dir='ltr'>δὲ,</span> 
     </span>
    </p>
   </div>
   <div class='ocr_carea' id='block_1_100' title="bbox 200 5263 1807 5346">
    <p class='ocr_par' dir='ltr' id='par_1_100' title="bbox 200 5263 1807 5346">
     <span class='ocr_line' id='line_1_100' title="bbox 200 5263 1807 5346; baseline -0.011 -15"><span class='ocrx_word' id='word_1_739' title='bbox 200 5278 334 5332; x_wconf 73' lang='grc' dir='ltr'><strong>τῶν</strong></span> <span class='ocrx_word' id='word_1_740' title='bbox 365 5273 770 5346; x_wconf 72' lang='grc' dir='ltr'>γεγραμμένων</span> <span class='ocrx_word' id='word_1_741' title='bbox 818 5268 1078 5338; x_wconf 76' lang='grc' dir='ltr'>ἱστορίας,</span> <span class='ocrx_word' id='word_1_742' title='bbox 1118 5265 1266 5319; x_wconf 73' lang='grc' dir='ltr'>ἐστιν</span> <span class='ocrx_word' id='word_1_743' title='bbox 1311 5267 1444 5319; x_wconf 83' lang='grc' dir='ltr'>ὅπου</span> <span class='ocrx_word' id='word_1_744' title='bbox 1491 5263 1586 5317; x_wconf 70' lang='grc' dir='ltr'>καὶ</span> <span class='ocrx_word' id='word_1_745' title='bbox 1630 5263 1807 5332; x_wconf 62' lang='grc' dir='ltr'>ἁπεμι</span> 
     </span>
    </p>
   </div>
   <div class='ocr_carea' id='block_1_101' title="bbox 299 5471 1380 5540">
    <p class='ocr_par' dir='ltr' id='par_1_101' title="bbox 299 5471 1380 5540">
     <span class='ocr_line' id='line_1_101' title="bbox 299 5471 1380 5540; baseline -0.013 -3"><span class='ocrx_word' id='word_1_746' title='bbox 299 5484 320 5516; x_wconf 87' lang='lat'><strong><em>&quot;</em></strong></span> <span class='ocrx_word' id='word_1_747' title='bbox 347 5482 389 5540; x_wconf 86' lang='grc' dir='ltr'><strong>ιι</strong></span> <span class='ocrx_word' id='word_1_748' title='bbox 429 5480 563 5537; x_wconf 88' lang='lat' dir='ltr'><strong>Cor.</strong></span> <span class='ocrx_word' id='word_1_749' title='bbox 592 5495 674 5535; x_wconf 89' lang='grc' dir='ltr'>ιιι.</span> <span class='ocrx_word' id='word_1_750' title='bbox 711 5479 795 5534; x_wconf 76' lang='grc' dir='ltr'><strong>Π.</strong></span> <span class='ocrx_word' id='word_1_751' title='bbox 871 5477 893 5508; x_wconf 85' lang='grc'>⁸</span> <span class='ocrx_word' id='word_1_752' title='bbox 919 5475 961 5530; x_wconf 92' lang='lat' dir='ltr'><strong>ll</strong></span> <span class='ocrx_word' id='word_1_753' title='bbox 1000 5473 1146 5528; x_wconf 86' lang='lat' dir='ltr'><strong>Tim.</strong></span> <span class='ocrx_word' id='word_1_754' title='bbox 1176 5487 1259 5538; x_wconf 85' lang='grc' dir='ltr'>ιιι,</span> <span class='ocrx_word' id='word_1_755' title='bbox 1297 5471 1380 5525; x_wconf 85' lang='lat' dir='ltr'><strong>l6.</strong></span> 
     </span>
    </p>
   </div>
   <div class='ocr_carea' id='block_1_102' title="bbox 281 5643 1800 5716">
    <p class='ocr_par' dir='ltr' id='par_1_102' title="bbox 281 5643 1800 5716">
     <span class='ocr_line' id='line_1_102' title="bbox 281 5643 1800 5716; baseline -0.002 -18"><span class='ocrx_word' id='word_1_756' title='bbox 281 5646 361 5711; x_wconf 71' lang='lat' dir='ltr'><strong>(at</strong></span> <span class='ocrx_word' id='word_1_757' title='bbox 402 5645 610 5716; x_wconf 83' lang='lat' dir='ltr'><strong>Supple</strong></span> <span class='ocrx_word' id='word_1_758' title='bbox 635 5644 885 5715; x_wconf 80' lang='grc' dir='ltr'>βούλημα</span> <span class='ocrx_word' id='word_1_759' title='bbox 907 5661 972 5701; x_wconf 81' lang='lat' dir='ltr'><strong>ex</strong></span> <span class='ocrx_word' id='word_1_760' title='bbox 1004 5644 1195 5716; x_wconf 78' lang='lat' dir='ltr'><strong>codice</strong></span> <span class='ocrx_word' id='word_1_761' title='bbox 1218 5643 1403 5699; x_wconf 74' lang='lat' dir='ltr'><strong>Boiro.</strong></span> <span class='ocrx_word' id='word_1_762' title='bbox 1431 5644 1538 5701; x_wconf 77' lang='lat' dir='ltr'><strong>Lex</strong></span> <span class='ocrx_word' id='word_1_763' title='bbox 1569 5643 1800 5715; x_wconf 64' lang='lat' dir='ltr'><strong>justiti-ae</strong></span> 
     </span>
    </p>
   </div>
   <div class='ocr_carea' id='block_1_103' title="bbox 163 5715 1797 5776">
    <p class='ocr_par' dir='ltr' id='par_1_103' title="bbox 163 5715 1797 5776">
     <span class='ocr_line' id='line_1_103' title="bbox 163 5715 1797 5776; baseline -0.003 -2"><span class='ocrx_word' id='word_1_764' title='bbox 163 5735 339 5774; x_wconf 75' lang='lat' dir='ltr'><strong>rem</strong></span> <span class='ocrx_word' id='word_1_765' title='bbox 374 5715 572 5772; x_wconf 82' lang='lat' dir='ltr'><strong>statuit</strong></span> <span class='ocrx_word' id='word_1_766' title='bbox 601 5727 654 5772; x_wconf 87' lang='lat' dir='ltr'><strong>et</strong></span> <span class='ocrx_word' id='word_1_767' title='bbox 702 5717 864 5772; x_wconf 89' lang='lat' dir='ltr'><strong>morti</strong></span> <span class='ocrx_word' id='word_1_768' title='bbox 900 5717 1103 5772; x_wconf 86' lang='lat' dir='ltr'><strong>addicit</strong></span> <span class='ocrx_word' id='word_1_769' title='bbox 1132 5735 1143 5771; x_wconf 89' lang='lat'><strong>:</strong></span> <span class='ocrx_word' id='word_1_770' title='bbox 1175 5715 1529 5776; x_wconf 60' lang='lat' dir='ltr'><strong>Erantet-lium</strong></span> <span class='ocrx_word' id='word_1_771' title='bbox 1580 5716 1797 5773; x_wconf 78' lang='lat' dir='ltr'><strong>confert</strong></span> 
     </span>
    </p>
   </div>
   <div class='ocr_carea' id='block_1_104' title="bbox 1912 4529 3490 4602">
    <p class='ocr_par' dir='ltr' id='par_1_104' title="bbox 1912 4529 3490 4602">
     <span class='ocr_line' id='line_1_104' title="bbox 1912 4529 3490 4602; baseline 0.005 -19"><span class='ocrx_word' id='word_1_772' title='bbox 1912 4529 2180 4596; x_wconf 88' lang='lat' dir='ltr'><strong>Quocirca</strong></span> <span class='ocrx_word' id='word_1_773' title='bbox 2212 4530 2513 4602; x_wconf 84' lang='lat' dir='ltr'><strong>Apostolus</strong></span> <span class='ocrx_word' id='word_1_774' title='bbox 2543 4532 2679 4587; x_wconf 91' lang='lat' dir='ltr'><strong>dicit</strong></span> <span class='ocrx_word' id='word_1_775' title='bbox 2701 4573 2716 4594; x_wconf 78' lang='lat'><strong>.</strong></span> <span class='ocrx_word' id='word_1_776' title='bbox 2753 4549 2850 4589; x_wconf 89' lang='lat' dir='ltr'><strong>eos</strong></span> <span class='ocrx_word' id='word_1_777' title='bbox 2885 4533 2938 4587; x_wconf 90' lang='lat' dir='ltr'><strong>in</strong></span> <span class='ocrx_word' id='word_1_778' title='bbox 2973 4535 3140 4590; x_wconf 90' lang='lat' dir='ltr'><strong>corde</strong></span> <span class='ocrx_word' id='word_1_779' title='bbox 3170 4537 3350 4591; x_wconf 83' lang='lat' dir='ltr'><strong>velum</strong></span> <span class='ocrx_word' id='word_1_780' title='bbox 3393 4539 3490 4591; x_wconf 87' lang='lat' dir='ltr'><strong>ba-</strong></span> 
     </span>
    </p>
   </div>
   <div class='ocr_carea' id='block_1_105' title="bbox 1912 4620 3492 4696">
    <p class='ocr_par' dir='ltr' id='par_1_105' title="bbox 1912 4620 3492 4696">
     <span class='ocr_line' id='line_1_105' title="bbox 1912 4620 3492 4696; baseline 0.003 -18"><span class='ocrx_word' id='word_1_781' title='bbox 1912 4620 2078 4683; x_wconf 79' lang='lat' dir='ltr'><strong>bere,</strong></span> <span class='ocrx_word' id='word_1_782' title='bbox 2125 4636 2223 4675; x_wconf 90' lang='lat' dir='ltr'><strong>nec</strong></span> <span class='ocrx_word' id='word_1_783' title='bbox 2268 4637 2431 4691; x_wconf 88' lang='lat' dir='ltr'><strong>posse</strong></span> <span class='ocrx_word' id='word_1_784' title='bbox 2474 4623 2542 4677; x_wconf 89' lang='lat' dir='ltr'><strong>ad</strong></span> <span class='ocrx_word' id='word_1_785' title='bbox 2590 4624 2724 4694; x_wconf 75' lang='lat' dir='ltr'><strong>legis</strong></span> <span class='ocrx_word' id='word_1_786' title='bbox 2770 4624 3037 4694; x_wconf 86' lang='lat' dir='ltr'><strong>spiritalis</strong></span> <span class='ocrx_word' id='word_1_787' title='bbox 3079 4627 3306 4696; x_wconf 78' lang='lat' dir='ltr'><strong>gloriam</strong></span> <span class='ocrx_word' id='word_1_788' title='bbox 3357 4645 3492 4682; x_wconf 84' lang='lat' dir='ltr'><strong>con-</strong></span> 
     </span>
    </p>
   </div>
   <div class='ocr_carea' id='block_1_106' title="bbox 1911 4713 3490 4789">
    <p class='ocr_par' dir='ltr' id='par_1_106' title="bbox 1911 4713 3490 4789">
     <span class='ocr_line' id='line_1_106' title="bbox 1911 4713 3490 4789; baseline 0.004 -22"><span class='ocrx_word' id='word_1_789' title='bbox 1911 4713 2082 4778; x_wconf 87' lang='lat' dir='ltr'><strong>tueri,</strong></span> <span class='ocrx_word' id='word_1_790' title='bbox 2116 4714 2206 4782; x_wconf 90' lang='lat' dir='ltr'><strong>qui</strong></span> <span class='ocrx_word' id='word_1_791' title='bbox 2238 4715 2597 4784; x_wconf 88' lang='lat' dir='ltr'><strong>prohibentur</strong></span> <span class='ocrx_word' id='word_1_792' title='bbox 2627 4731 2721 4786; x_wconf 91' lang='lat' dir='ltr'><strong>per</strong></span> <span class='ocrx_word' id='word_1_793' title='bbox 2749 4715 3049 4771; x_wconf 88' lang='lat' dir='ltr'><strong>obductum</strong></span> <span class='ocrx_word' id='word_1_794' title='bbox 3084 4717 3239 4773; x_wconf 77' lang='lat' dir='ltr'><strong>faciei</strong></span> <span class='ocrx_word' id='word_1_795' title='bbox 3272 4720 3490 4789; x_wconf 78' lang='lat' dir='ltr'><strong>legisla-</strong></span> 
     </span>
    </p>
   </div>
   <div class='ocr_carea' id='block_1_107' title="bbox 1911 4803 3489 4882">
    <p class='ocr_par' dir='ltr' id='par_1_107' title="bbox 1911 4803 3489 4882">
     <span class='ocr_line' id='line_1_107' title="bbox 1911 4803 3489 4882; baseline 0.005 -26"><span class='ocrx_word' id='word_1_796' title='bbox 1911 4803 2048 4858; x_wconf 88' lang='lat' dir='ltr'><strong>toris</strong></span> <span class='ocrx_word' id='word_1_797' title='bbox 2076 4806 2276 4860; x_wconf 87' lang='lat' dir='ltr'><strong>velum.</strong></span> <span class='ocrx_word' id='word_1_798' title='bbox 2336 4805 2464 4862; x_wconf 84' lang='lat' dir='ltr'><strong>Ideo</strong></span> <span class='ocrx_word' id='word_1_799' title='bbox 2509 4806 2717 4882; x_wconf 84' lang='lat' dir='ltr'><strong>inquit,</strong></span> <span class='ocrx_word' id='word_1_800' title='bbox 2755 4805 2957 4862; x_wconf 85' lang='lat' dir='ltr'><strong>Littera</strong></span> <span class='ocrx_word' id='word_1_801' title='bbox 2985 4810 3233 4877; x_wconf 85' lang='lat' dir='ltr'><strong>perimit,</strong></span> <span class='ocrx_word' id='word_1_802' title='bbox 3269 4812 3489 4880; x_wconf 78' lang='lat' dir='ltr'><strong>spiritus</strong></span> 
     </span>
    </p>
   </div>
   <div class='ocr_carea' id='block_1_108' title="bbox 1911 4896 3490 4974">
    <p class='ocr_par' dir='ltr' id='par_1_108' title="bbox 1911 4896 3490 4974">
     <span class='ocr_line' id='line_1_108' title="bbox 1911 4896 3490 4974; baseline 0.008 -28"><span class='ocrx_word' id='word_1_803' title='bbox 1911 4904 2082 4948; x_wconf 78' lang='lat' dir='ltr'><strong>autent</strong></span> <span class='ocrx_word' id='word_1_804' title='bbox 2122 4896 2386 4966; x_wconf 78' lang='lat' dir='ltr'><strong>vivi/icat.</strong></span> <span class='ocrx_word' id='word_1_805' title='bbox 2415 4898 2738 4960; x_wconf 79' lang='lat' dir='ltr'><strong>ostendens,</strong></span> <span class='ocrx_word' id='word_1_806' title='bbox 2773 4899 2917 4969; x_wconf 91' lang='lat' dir='ltr'><strong>quod</strong></span> <span class='ocrx_word' id='word_1_807' title='bbox 2951 4916 3093 4971; x_wconf 65' lang='lat' dir='ltr'><strong>smpe</strong></span> <span class='ocrx_word' id='word_1_808' title='bbox 3130 4919 3318 4958; x_wconf 88' lang='lat' dir='ltr'><strong>eorum</strong></span> <span class='ocrx_word' id='word_1_809' title='bbox 3368 4919 3490 4974; x_wconf 77' lang='lat' dir='ltr'><strong>qua:</strong></span> 
     </span>
    </p>
   </div>
   <div class='ocr_carea' id='block_1_109' title="bbox 1908 4988 3484 5064">
    <p class='ocr_par' dir='ltr' id='par_1_109' title="bbox 1908 4988 3484 5064">
     <span class='ocr_line' id='line_1_109' title="bbox 1908 4988 3484 5064; baseline 0.004 -22"><span class='ocrx_word' id='word_1_810' title='bbox 1908 4988 2112 5057; x_wconf 86' lang='lat' dir='ltr'><strong>scripta</strong></span> <span class='ocrx_word' id='word_1_811' title='bbox 2145 4997 2275 5043; x_wconf 89' lang='lat' dir='ltr'><strong>sunt</strong></span> <span class='ocrx_word' id='word_1_812' title='bbox 2307 4989 2514 5059; x_wconf 88' lang='lat' dir='ltr'><strong>primus</strong></span> <span class='ocrx_word' id='word_1_813' title='bbox 2550 4991 2644 5060; x_wconf 91' lang='lat' dir='ltr'><strong>qui</strong></span> <span class='ocrx_word' id='word_1_814' title='bbox 2665 4992 2917 5046; x_wconf 89' lang='lat' dir='ltr'><strong>occurrit</strong></span> <span class='ocrx_word' id='word_1_815' title='bbox 2946 5010 3168 5058; x_wconf 78' lang='lat' dir='ltr'><strong>sensus,</strong></span> <span class='ocrx_word' id='word_1_816' title='bbox 3197 4996 3299 5050; x_wconf 87' lang='lat' dir='ltr'><strong>nisi</strong></span> <span class='ocrx_word' id='word_1_817' title='bbox 3325 4995 3484 5064; x_wconf 75' lang='lat' dir='ltr'><strong>juxta</strong></span> 
     </span>
    </p>
   </div>
   <div class='ocr_carea' id='block_1_110' title="bbox 1909 5080 3485 5152">
    <p class='ocr_par' dir='ltr' id='par_1_110' title="bbox 1909 5080 3485 5152">
     <span class='ocr_line' id='line_1_110' title="bbox 1909 5080 3485 5152; baseline 0.006 -21"><span class='ocrx_word' id='word_1_818' title='bbox 1909 5080 2330 5134; x_wconf 83' lang='lat' dir='ltr'><strong>convenientem</strong></span> <span class='ocrx_word' id='word_1_819' title='bbox 2373 5081 2882 5152; x_wconf 88' lang='lat' dir='ltr'><strong>interpretationem</strong></span> <span class='ocrx_word' id='word_1_820' title='bbox 2938 5097 3211 5152; x_wconf 89' lang='lat' dir='ltr'><strong>sumatur,</strong></span> <span class='ocrx_word' id='word_1_821' title='bbox 3257 5095 3485 5140; x_wconf 85' lang='lat' dir='ltr'><strong>contra-</strong></span> 
     </span>
    </p>
   </div>
   <div class='ocr_carea' id='block_1_111' title="bbox 1909 5167 3486 5243">
    <p class='ocr_par' dir='ltr' id='par_1_111' title="bbox 1909 5167 3486 5243">
     <span class='ocr_line' id='line_1_111' title="bbox 1909 5167 3486 5243; baseline 0.007 -23"><span class='ocrx_word' id='word_1_822' title='bbox 1909 5167 2050 5221; x_wconf 89' lang='lat' dir='ltr'><strong>rium</strong></span> <span class='ocrx_word' id='word_1_823' title='bbox 2083 5178 2346 5239; x_wconf 88' lang='lat' dir='ltr'><strong>operatur</strong></span> <span class='ocrx_word' id='word_1_824' title='bbox 2370 5171 2421 5226; x_wconf 92' lang='lat' dir='ltr'><strong>ei</strong></span> <span class='ocrx_word' id='word_1_825' title='bbox 2447 5171 2571 5226; x_wconf 76' lang='lat' dir='ltr'><strong>vita:</strong></span> <span class='ocrx_word' id='word_1_826' title='bbox 2597 5188 2719 5241; x_wconf 71' lang='lat' dir='ltr'><strong>qua:</strong></span> <span class='ocrx_word' id='word_1_827' title='bbox 2749 5188 2846 5242; x_wconf 87' lang='lat' dir='ltr'><strong>per</strong></span> <span class='ocrx_word' id='word_1_828' title='bbox 2874 5175 3127 5243; x_wconf 89' lang='lat' dir='ltr'><strong>spiritum</strong></span> <span class='ocrx_word' id='word_1_829' title='bbox 3155 5176 3486 5232; x_wconf 86' lang='lat' dir='ltr'><strong>subdemon-</strong></span> 
     </span>
    </p>
   </div>
   <div class='ocr_carea' id='block_1_112' title="bbox 1909 5261 3485 5338">
    <p class='ocr_par' dir='ltr' id='par_1_112' title="bbox 1909 5261 3485 5338">
     <span class='ocr_line' id='line_1_112' title="bbox 1909 5261 3485 5338; baseline 0.008 -25"><span class='ocrx_word' id='word_1_830' title='bbox 1909 5270 2159 5315; x_wconf 84' lang='lat' dir='ltr'><strong>stratur:</strong></span> <span class='ocrx_word' id='word_1_831' title='bbox 2192 5276 2316 5316; x_wconf 91' lang='lat' dir='ltr'><strong>cum</strong></span> <span class='ocrx_word' id='word_1_832' title='bbox 2349 5261 2579 5332; x_wconf 88' lang='lat' dir='ltr'><strong>spiritus</strong></span> <span class='ocrx_word' id='word_1_833' title='bbox 2611 5265 2868 5334; x_wconf 87' lang='lat' dir='ltr'><strong>quidem,</strong></span> <span class='ocrx_word' id='word_1_834' title='bbox 2919 5265 2970 5320; x_wconf 92' lang='lat' dir='ltr'><strong>id</strong></span> <span class='ocrx_word' id='word_1_835' title='bbox 3021 5274 3104 5321; x_wconf 91' lang='lat' dir='ltr'><strong>est</strong></span> <span class='ocrx_word' id='word_1_836' title='bbox 3127 5305 3140 5329; x_wconf 91' lang='lat'><strong>,</strong></span> <span class='ocrx_word' id='word_1_837' title='bbox 3180 5267 3485 5338; x_wconf 81' lang='lat' dir='ltr'><strong>spirituaiis</strong></span> 
     </span>
    </p>
   </div>
   <div class='ocr_carea' id='block_1_113' title="bbox 1905 5638 3486 5713">
    <p class='ocr_par' dir='ltr' id='par_1_113' title="bbox 1905 5638 3486 5713">
     <span class='ocr_line' id='line_1_113' title="bbox 1905 5638 3486 5713; baseline 0.003 -20"><span class='ocrx_word' id='word_1_838' title='bbox 1905 5640 2177 5713; x_wconf 86' lang='lat' dir='ltr'><strong>justitiam</strong></span> <span class='ocrx_word' id='word_1_839' title='bbox 2210 5648 2263 5693; x_wconf 83' lang='lat' dir='ltr'><strong>et</strong></span> <span class='ocrx_word' id='word_1_840' title='bbox 2301 5640 2496 5713; x_wconf 67' lang='lat' dir='ltr'><strong>vitam;</strong></span> <span class='ocrx_word' id='word_1_841' title='bbox 2539 5654 2650 5713; x_wconf 81' lang='lat' dir='ltr'><strong>quo</strong></span> <span class='ocrx_word' id='word_1_842' title='bbox 2685 5638 2849 5695; x_wconf 77' lang='lat' dir='ltr'><strong>etiam</strong></span> <span class='ocrx_word' id='word_1_843' title='bbox 2895 5639 3067 5696; x_wconf 88' lang='lat' dir='ltr'><strong>tendit</strong></span> <span class='ocrx_word' id='word_1_844' title='bbox 3107 5639 3240 5713; x_wconf 77' lang='lat' dir='ltr'><strong>legis</strong></span> <span class='ocrx_word' id='word_1_845' title='bbox 3289 5655 3486 5697; x_wconf 87' lang='lat' dir='ltr'><strong>sensus</strong></span> 
     </span>
    </p>
   </div>
   <div class='ocr_carea' id='block_1_114' title="bbox 1907 5711 2680 5782">
    <p class='ocr_par' dir='ltr' id='par_1_114' title="bbox 1907 5711 2680 5782">
     <span class='ocr_line' id='line_1_114' title="bbox 1907 5711 2680 5782; baseline -0.004 -14"><span class='ocrx_word' id='word_1_846' title='bbox 1907 5712 2192 5779; x_wconf 79' lang='lat' dir='ltr'><strong>Spiritalis,</strong></span> <span class='ocrx_word' id='word_1_847' title='bbox 2243 5727 2373 5782; x_wconf 32' lang='lat' dir='ltr'><strong>nou-</strong></span> <span class='ocrx_word' id='word_1_848' title='bbox 2411 5711 2680 5767; x_wconf 78' lang='lat' dir='ltr'><strong>litterulis.</strong></span> 
     </span>
    </p>
   </div>
   <div class='ocr_carea' id='block_1_115' title="bbox 3502 5464 3526 5506">
    <p class='ocr_par' dir='ltr' id='par_1_115' title="bbox 3502 5464 3526 5506">
     <span class='ocr_line' id='line_1_115' title="bbox 3502 5464 3526 5506; baseline 0 0"><span class='ocrx_word' id='word_1_849' title='bbox 3502 5464 3526 5506; x_wconf 78' lang='grc' dir='ltr'><strong>ι</strong></span> 
     </span>
    </p>
   </div>
  </div>
