3992 6210
565 198 674 254 7ίό

1840 206 1898 262 S.
1928 205 2259 267 GREGORII
2301 207 2596 267 NYSSFNI

3696 232 3781 290 ιιι

568 311 869 384 Scripturte
899 327 1135 379 sensus,
1181 313 1579 384 perfectionem
1624 318 1851 380 virtutis
1898 324 1953 377 in
1988 339 2116 379 omn

2243 326 2912 405 (patvévrwvatpaypdnov
2953 336 3115 391 τινῶν
3161 342 3520 412 περιεχούσης
3550 343 3640 415 τὴν
3662 347 3787 406 ἔχθει

564 404 857 461 atfectuum
924 406 1207 460 vacuitate
1260 406 1577 465 hominibus
1626 410 1897 482 imperet;
1955 413 2134 471 littera

564 513 714 559 vero,
744 496 1158 567 Scripturarum
1182 498 1444 555 historica
1463 504 1728 567 narratio,
1753 506 1950 561 alicubi
1973 508 2136 562 etiam

563 589 1046 643 alissentanearum
1077 589 1193 645 sive
1216 590 1630 648 abhorrentium
1659 597 2026 665 quarumdam
2053 614 2135 653 re-

564 697 684 735 rum
713 681 993 735 contineat
1022 681 1426 750 expositionem
1458 700 1474 749 ;
1502 699 1568 740 ac
1597 686 1766 742 veluti
1798 696 2011 744 natura:
2043 689 2130 744 af—

564 771 897 828 fectionibus
943 786 1277 828 concurrere
1331 774 1604 841 videatur,
1657 777 1858 848 quibus
1909 778 1955 834 si
2008 780 2134 850 quis

560 873 813 937 prompte
844 864 1121 931 attendat,
1167 865 1360 922 mortis
1400 866 1708 922 doctrinam
1766 869 2004 926 litteram
2051 872 2131 926 fa-

556 956 685 1009 ciet.
721 952 925 1009 Eorum
956 954 1124 1026 igitur
1160 956 1253 1026 qui
1287 958 1627 1028 corporalius
1660 960 1715 1014 in
1750 962 1956 1032 scripta
1990 939 2131 1019 inei-

554 1048 694 1103 dunt
730 1047 898 1101 animi
937 1047 1209 1103 sentiendi
1246 1049 1630 1105 instrumentis
1663 1051 1964 1107 obducmm
2006 1069 2131 1110 esse

557 1141 921 1195 velamentum
954 1137 1132 1206 dicit;
1167 1139 1259 1209 qui
1294 1154 1424 1196 vero
1452 1138 1520 1195 ad
1556 1140 1609 1195 id
1644 1141 1791 1212 quod
1830 1150 2011 1200 mente
2044 1145 2130 1199 in-

556 1230 841 1300 telligitur,
916 1228 1346 1300 speculationem
1402 1239 1769 1296 convertunt,
1806 1232 1976 1288 veluti
2007 1249 2130 1304 per-

555 1338 690 1379 sona
726 1322 964 1394 quadam
1001 1321 1260 1375 nudatam
1297 1324 1530 1379 revelari
1561 1312 1791 1394 gloriam
1826 1324 2007 1382 littera
2040 1326 2129 1382 in-

552 1417 813 1472 volutam.
836 1414 994 1482 Quod
1027 1423 1209 1469 autem
1240 1415 1434 1471 altiore
1456 1416 1787 1486 cogitatione
1810 1417 2124 1485 invenitur,

553 1509 844 1564 Dominum
882 1524 1004 1565 esse
1035 1511 1150 1576 ait,
1188 1508 1283 1579 qui
1316 1508 1538 1579 quidem
1572 1518 1659 1565 est
1692 1511 1922 1580 spiritus
1950 1530 1964 1567 :
2002 1527 2125 1566 cum

550 1601 699 1655 enim
731 1599 799 1655 ad
833 1598 1127 1655 Dominum
1159 1615 1219 1655 se
1243 1602 1615 1665 converterit,
1644 1602 1888 1657 velamen
1918 1601 2122 1659 auferri

2240 433 2344 481 σιν,
2359 418 2453 473 καὶ
2475 422 2636 477 οἱονεὶ
2656 424 2965 496 συντρέχειν
2985 427 3345 504 νομιζομένης
3358 436 3470 496 τοῖς
3491 433 3585 504 τῆς
3604 436 3785 506 φύσεως

2238 508 2486 578 πάθεσιν,
2522 507 2603 578 οἷς
2634 514 2690 568 εί
2713 533 2797 581 τις
2832 518 3086 590 προσέχοι
3115 522 3257 577 κατὰ
3293 524 3354 578 τὸ
3384 526 3681 599 πρόχειρον,
3710 532 3787 587 θαι

2238 601 2398 693 νάτου
2444 602 2789 661 διδασκαλίαν
2834 609 2895 663 τὸ
2930 612 3165 684 γράμμα
3211 616 3518 688 ποιήσεται.
3556 620 3670 674 Τῶν
3707 625 3786 693 μὲν

2236 687 2331 747 οῦν
2365 696 2820 771 σωματικιῦτερον
2854 704 2967 766 τοῖς
3008 687 3415 776 γεγραμμένοις
3463 687 3785 782 ἐντυγχανόν-

2236 800 2364 848 των,
2408 787 2808 860 προὸεὸλῆσθαί
2846 809 2978 862 φησι
3048 796 3154 849 τῶν
3199 797 3298 868 τῆς
3341 798 3518 871 ψυχῆς
3560 803 3787 877 αἰσθητη-

2237 878 2370 949 ρίων
2406 878 2467 933 τὸ
2515 881 2805 953 κάλυμμα·
2848 885 2954 940 τῶν
2996 886 3051 939 δὲ
3089 890 3170 952 είς
3203 889 3265 943 τὸ
3309 893 3496 962 νοητὸν
3540 895 3637 966 τὴν
3679 898 3787 953 θεω-

2238 969 2359 1040 ρίαν
2390 971 2718 1041 τρεπόντων,
2751 969 2861 1029 οἷον
2893 980 3237 1048 προσωπείου
3267 982 3409 1045 τινὸς
3440 986 3786 1056 γυμνωθεῖσαν

2234 1060 2703 1118 ἀνακαλύπτεσθαι
2730 1065 2826 1136 τὴν
2853 1069 3178 1142 ὲγκειμένην
3218 1073 3374 1147 δόξαν
3400 1075 3478 1146 τῷ
3505 1077 3785 1150 γράμματι.

2233 1152 2306 1206 Τὸ
2330 1152 2387 1207 δὲ
2412 1153 2497 1207 διὰ
2526 1154 2626 1225 τῆς
2650 1156 2985 1230 ὑψηλοτέρας
3006 1164 3380 1234 κατανοήσεως
3403 1168 3784 1241 εὑρισκόμενον,

2231 1243 2434 1335 Κύριον
2476 1241 2615 1300 εἶναι
2667 1265 2851 1318 φησιν,
2881 1250 3017 1319 ὅπερ
3044 1252 3158 1305 ἐστὶ
3202 1255 3437 1327 πνεῦμα.
3481 1259 3676 1314 Ἡνίκα
3702 1265 3790 1335 γὰρ

2231 1333 2297 1389 ἂν
2322 1321 2636 1411 ’ἐπιστρέψῃ
2676 1340 2812 1410 πρὸς
2852 1341 3077 1413 Κύριον,
3122 1321 3521 1418 περιαιρεῖσθαι
3559 1321 3789 1420 λέγειστδ

2229 1428 2523 1500 κάλυμμα·
2570 1430 2623 1482 Ὁ
2664 1430 2732 1483 δὲ
2770 1433 2984 1501 Κύριος
3023 1434 3089 1488 τὸ
3117 1436 3351 1506 πνεῦμά
3379 1440 3531 1495 ἐστι.
3566 1444 3723 1512 Λέγει
3741 1446 3791 1501 δὲ

2227 1519 2404 1582 τοῦτο,
2445 1523 2512 1592 τῇ
2561 1521 2775 1595 δουλείᾳ
2820 1525 2918 1595 τοῦ
2966 1527 3291 1597 γράμματος
3337 1529 3435 1602 τὴν
3476 1532 3569 1585 τοῦ
3602 1535 3790 1607 Πατρὺς

2229 1611 2571 1682 ἀντιδιαιρῶν
2598 1616 2913 1687 κυριότητα.
2960 1619 3046 1683 Ὠς
3067 1620 3174 1692 γὰρ
3220 1621 3299 1693 τῷ
3334 1624 3718 1682 άποκτεννύντι
3740 1630 3790 1683 τὸ

548 1692 714 1756 dicit,
755 1690 1015 1745 Dominus
1047 1701 1220 1745 autem
1261 1692 1475 1759 spiritus
1516 1701 1614 1747 est.
1660 1691 1774 1748 Hoc
1814 1702 1998 1748 autem
2038 1693 2117 1749 di-

2463 1667 2474 1682 _
2603 1667 2609 1668 ,
2672 1667 2684 1687 ,
2975 1667 3043 1683 --,
3078 1667 3171 1692 ,--,.
3231 1667 3296 1693 -τ
3336 1667 3718 1682 ....-...-..-...
3748 1667 3789 1683 ,ν

2227 1703 2521 1768 ζωοποιοῦν
2578 1707 2932 1762 ἀντιτίθεται·
2998 1709 3171 1776 οὕτως
3241 1713 3664 1773 άντιδιαστέλλει
3716 1719 3791 1775 τὸν

548 1782 656 1845 cit,
696 1781 945 1836 servituti
981 1781 1180 1836 littera:
1214 1781 1652 1836 dominationem
1686 1783 1919 1853 Spiritus
1951 1798 2124 1854 oppo-

549 1887 715 1940 nens;
748 1880 807 1926 ut
838 1872 985 1927 enim
1019 1872 1068 1927 ei
1098 1872 1243 1942 quod
1275 1872 1575 1941 interﬁcit,
1622 1874 1848 1945 opponit
1886 1875 1939 1930 id
1974 1876 2122 1946 quod

543 1964 784 2018 vivificat
812 2005 827 2029 ,
863 1962 945 2017 sic
999 1961 1290 2018 Dominum
1340 1964 1599 2019 servituti
1645 1965 1925 2021 adversari
1964 1967 2119 2026 facit.

549 2051 632 2110 Ac
684 2069 753 2109 ne
798 2054 1183 2109 confusionem
1219 2055 1458 2124 aliquam
1509 2056 1785 2125 patiamur
1816 2058 1882 2112 de
1911 2057 2120 2128 Spiritu

544 2153 774 2210 sancto,
807 2144 935 2199 dum
973 2145 1237 2200 docemur
1271 2161 1369 2216 per
1402 2162 1591 2201 vocem
1624 2146 1859 2215 Domini,
1889 2149 1955 2204 ad
1988 2150 2120 2206 Uni-

542 2236 710 2304 geniti
747 2236 1062 2305 opinionem
1095 2234 1355 2300 adducti,
1407 2246 1698 2307 propterea
1742 2241 2120 2309 resumptione

542 2341 853 2381 sermonem
900 2326 1241 2391 communit,
1286 2334 1341 2381 et
1390 2325 1681 2382 Dominum
1727 2325 1992 2399 Spiritum
2037 2330 2119 2385 di-

539 2434 670 2472 cens
692 2458 707 2481 ,
754 2428 808 2473 et
843 2417 1108 2488 Spiritum
1140 2416 1429 2472 Dominum
1476 2418 1755 2489 appellans
1775 2461 1789 2487 ,
1820 2428 1873 2474 ut
1907 2436 2003 2491 per
2033 2422 2119 2476 di-

537 2513 800 2582 gnitatem
862 2510 1293 2575 dominationis,
1328 2520 1540 2569 natura:
1585 2513 1960 2569 excellentiam
2017 2512 2117 2569 de-

444 2618 449 2623 ‘
538 2610 840 2669 monstret,
871 2610 925 2657 et
960 2603 1323 2675 liypostaseos
1364 2606 1480 2660 sive
1511 2619 1760 2675 personae
1804 2604 2115 2675 proprieta-

538 2705 644 2750 tem
682 2709 789 2748 non
826 2692 1133 2748 confundat
1176 2709 1448 2750 sermone.
1486 2693 1588 2762 Qui
1640 2696 1784 2751 enim
1830 2702 1884 2751 et
1930 2693 2117 2751 Domi-

536 2802 667 2840 num
702 2788 879 2856 ipsum
915 2784 1283 2863 etSpiritum
1330 2785 1542 2841 Domini
1600 2786 1768 2851 dicit,
1828 2785 2111 2857 proprium

534 2878 665 2949 quid
700 2886 896 2947 ιιι-σείει·
946 2874 1250 2946 Uuigcnam
1283 2877 1586 2947 intelligere
1615 2877 1773 2931 docet
1806 2895 1819 2932 :
1849 2877 2112 2948 quemad-

2226 1794 2430 1866 Κύριον
2483 1799 2549 1869 τῇ
2593 1797 2827 1869 δουλείᾳ.
2875 1801 2984 1855 Καὶ
3020 1802 3096 1867 ὡς
3140 1803 3205 1858 ἂν
3258 1806 3332 1878 μή
3382 1825 3504 1861 τινα
3548 1809 3791 1880 σύγχυσιν

2225 1881 2492 1971 πάθοιμεν
2526 1884 2668 1971 μπερὶ
2714 1886 2811 1971 τοῦ
2861 1888 3016 1957 ἁγίου
3070 1891 3387 1963 Πνεύματος
3431 1897 3792 1971 διδασκόμενοι

2223 1965 2309 2019 δια
2336 1970 2433 2037 τῆς
2460 1967 2551 2021 τοῦ
2580 1970 2785 2042 Κυρίου
2819 1974 3019 2045 φωνῆς,
3056 1975 3192 2046 πρὸς
3219 1978 3315 2049 τὴν
3337 1979 3430 2032 τοῦ
3469 1965 3792 2053 Μονογενοῦς

2222 2055 2475 2110 ὑπόνοιαν
2512 2059 2861 2128 ὲναγόμενοιο
2893 2062 2982 2116 διὰ
3027 2064 3185 2121 τοῦτο
3229 2070 3294 2140 τῇ
3337 2070 3682 2144 ἐπαναλήψει
3719 2075 3795 2129 τὸν

2220 2144 2377 2215 λόγον
2409 2149 2888 2218 κατασφαλίζεται,
2923 2153 3018 2207 καὶ
3045 2155 3248 2230 Κύριον
3280 2157 3341 2212 τὸ
3363 2161 3595 2233 Πνεῦμα
3624 2166 3793 2230 εἰπὼν,

2220 2236 2314 2329 καὶ
2360 2236 2585 2329 Πνεῦμα
2617 2241 2819 2311 Κύριον
2865 2247 3339 2319 προσαγορεύσας.
3392 2250 3480 2304 ἵνα
3521 2253 3609 2323 τῷ
3652 2256 3798 2329 τιμίῳ

2216 2326 2318 2397 τῆς
2349 2328 2687 2400 κυριότητος,
2715 2330 2777 2383 τὸ
2804 2331 2899 2403 τῆς
2933 2332 3147 2403 φύσεως
3187 2336 3449 2410 ὑπερέχον
3480 2326 3795 2416 ἐνδείξηται,

2217 2417 2313 2509 καὶ
2337 2417 2396 2509 το
2422 2420 2523 2490 τῆς
2552 2422 2903 2486 ὑποστάσεως
2933 2424 3133 2490 ἰδιάζον
3185 2428 3261 2500 μὴ
3295 2430 3501 2505 συγχέῃ
3527 2433 3616 2506 τῷ
3647 2435 3797 2509 λόγῳ.

2227 2507 2288 2559 '0
2320 2506 2430 2579 γὰρ
2459 2508 2551 2563 καὶ
2575 2509 2780 2581 Κύριον
2803 2512 2987 2577 αὑτὸν,
3016 2515 3109 2568 καὶ
3132 2516 3335 2589 Κυρίου
3359 2520 3589 2594 Πνεῦμα
3622 2506 3800 2593 εἰπὼν,

2219 2596 2353 2688 ἴδιόν
2392 2615 2446 2688 τι
2478 2600 2629 2672 παρᾶ
2676 2600 2769 2655 τὸν
2818 2602 3096 2676 Μονογενῆ
3136 2604 3375 2662 διδάσκει
3407 2614 3584 2666 νοεῖν·
3623 2612 3801 2688 ὥσπερ

2217 2687 2314 2742 καὶ
2351 2687 2578 2760 ἑτέρωθι
2626 2688 2865 2762 Χριστοῦ
2909 2690 3126 2763 πνεῦμα
3161 2693 3335 2764 λέγει’
3378 2697 3441 2750 τὸ
3482 2700 3625 2754 αὐτὸ
3658 2687 3805 2758 τοῦτο

2213 2778 2395 2842 καλῶς
2431 2780 2523 2833 καὶ
2566 2779 2861 2851 μυστικῶς,
2909 2780 2970 2834 τὸ
3015 2782 3157 2836 κατὰ
3205 2785 3308 2857 τὴν
3340 2785 3671 2843 ἀκολουθίαν
3714 2790 3802 2845 τοῦ

2210 2867 2478 2939 δόγματος
2506 2869 2728 2933 εύσεὸὲς
2757 2871 2897 2924 κατὰ
2946 2872 3046 2945 τὴν
3096 2874 3457 2949 εὑαγγελικὴν
3503 2880 3807 2950 παράδοσιν

532 2970 756 3025 modum
791 2976 844 3023 et
879 2968 1007 3023 alibi
1042 2968 1243 3024 Christi
1291 2967 1545 3038 spiritum
1591 2967 1727 3023 dicit
1758 2986 1773 3024 :
1820 2967 1925 3023 hoc
1963 2968 2105 3027 idem

2220 2956 2561 3028 ὑπογράφων.
2615 2958 2803 3023 Οὕτως
2853 2963 3016 3032 ἡμεῖς
3073 2964 3122 3017 οί
3175 2966 3394 3019 πάντων
3445 2966 3804 3025 ἐλεεινότατα

530 3062 793 3132 praeclare
825 3068 878 3116 et
911 3060 1174 3132 mystice,
1212 3060 1263 3115 id
1295 3067 1379 3115 est
1412 3074 1645 3127 arcane,
1681 3068 1735 3115 et
1775 3060 1923 3131 quod
1969 3075 2103 3117 con-

2220 3049 2359 3120 παρᾶι
2386 3049 2481 3104 τοῦ
2520 3052 2840 3105 ’Δποστόλου
2871 3056 3407 3127 μυσταγωγούμενοιζ
3436 3061 3501 3113 ὲκ
3528 3061 3634 3115 τοῦ
3676 3064 3809 3117 ἀπο-

538 3159 802 3207 sentanee
834 3151 981 3222 pium
1015 3160 1129 3219 est,
1164 3152 1467 3209 secundum
1515 3152 1881 3224 evangelicam
1933 3153 2107 3208 tradi-

529 3244 733 3299 tionem
773 3243 1090 3315 designans.
1128 3244 1220 3300 Sic
1268 3258 1371 3299 nos
1426 3245 1518 3314 qui
1567 3244 1813 3299 omnium
1866 3245 2104 3301 maxime

529 3333 829 3389 miserandi
860 3333 1133 3395 dicimur,
1162 3332 1231 3385 ab
1250 3332 1513 3403 Apostolo
1553 3334 1886 3401 instituti,ex
1920 3335 2102 3390 littera

528 3441 649 3495 quae
674 3427 915 3494 occidit,
956 3427 1022 3481 ad
1054 3426 1307 3497 spiritum
1339 3425 1731 3481 virilicatorem
1760 3426 2064 3482 transimus
2084 3466 2099 3492 ,

526 3517 707 3574 edocti
743 3518 811 3573 ab
846 3534 912 3573 eo
942 3519 1033 3588 qui
1073 3519 1125 3572 in
1161 3515 1416 3589 paradiso
1452 3532 1652 3571 arcana
1687 3517 1982 3574 ineli‘abilia
2016 3519 2102 3573 di-

526 3607 695 3673 dicit,
723 3609 866 3678 quod
899 3623 1241 3679 quaecunque
1268 3622 1427 3665 sacra
1462 3606 1749 3676 Scriptura
1779 3610 1944 3678 dicit,
1973 3610 2100 3682 Spi-

526 3701 667 3754 ritus
711 3700 885 3754 sancti
923 3701 1034 3755 sint
1069 3716 1231 3758 voces
1281 3701 1394 3757 sive
1435 3700 1617 3755 effata.
1660 3700 1928 3756 Prwclare
1963 3711 2101 3756 certe

525 3790 756 3860 Spiritus
796 3802 1012 3847 sanctus
1048 3792 1252 3847 locutus
1283 3802 1361 3846 est
1398 3808 1489 3857 per
1522 3791 1722 3846 Isaiam
1756 3792 2059 3862 prophetam
2081 3833 2095 3853 ,

524 3881 839 3949 prophetam
866 3880 1109 3949 patribus
1173 3881 1370 3935 nostris
1399 3881 1441 3935 ’.
1490 3878 1605 3934 Hoc
1648 3880 1712 3934 ad
1753 3878 1970 3935 Iudaeos
2004 3880 2097 3950 qui

525 3969 709 4023 Romte
741 3977 900 4024 erant
936 3984 1061 4023 cum
1099 3968 1272 4034 dixit,
1312 3970 1466 4025 Isaia:
1500 3985 1665 4025 voces
1705 3968 1889 4023 infert.
1933 3968 1996 4023 Et
2030 3970 2098 4025 ad

526 4059 781 4115 llebrreos
803 4075 923 4115 cum
950 4062 1338 4131 prmposuisset
1365 4061 1654 4131 spiritum,
1681 4062 1735 4115 in
1759 4060 1960 4130 quibus
1988 4062 2094 4127 ait,

2206 3141 2522 3206 κτεννύντος
2546 3143 2880 3225 γράμματος
2898 3144 3035 3215 πρὸς
3075 3146 3136 3200 τὸ
3184 3149 3481 3213 ζωοποιοῦν
3528 3154 3803 3221 μεταϐαί-

2204 3250 2367 3304 νομεν
2391 3232 2629 3303 πνεῦμα,
2654 3235 2914 3305 μαθόντες
2933 3238 3082 3307 παρὰ
3100 3239 3194 3292 τοῦ
3220 3240 3522 3311 μυηθέντος
3546 3245 3609 3297 ἐν
3636 3262 3808 3315 παραυ

2201 3323 2363 3394 δείσῳ
2385 3324 2452 3378 τὰ
2491 3326 2738 3397 ἄρρητα·
2766 3326 2849 3380 ὅτι
2877 3328 2978 3381 ὅσα
3012 3329 3047 3401 ἡ
3092 3330 3210 3384 θεία
3250 3332 3435 3402 Γραφὴ
3477 3332 3660 3403 λέγει,
3708 3336 3802 3389 τοῦ

2203 3413 2519 3485 Πνεύματός
2566 3418 2674 3470 είσι
2712 3416 2806 3470 τοῦ
2850 3420 3007 3487 ἁγίου
3055 3421 3246 3488 φωναί.
3266 3422 3617 3494 Καλῶςγὰρ
3645 3442 3799 3493 προ-

2201 3506 2502 3576 εφήτευσε
2519 3507 2583 3561 τὸ
2600 3511 2843 3579 Πνεῦμα
2859 3512 2924 3564 τὸ
2940 3511 3111 3582 ἅγιον
3129 3529 3142 3542 ⁸
3161 3511 3317 3566 τοῦτο
3341 3514 3476 3585 πρὸς
3493 3516 3631 3579 τοὺς
3662 3517 3803 3570 κατὰ

2213 3598 2431 3669 Ῥώμην
2471 3599 2758 3665 Ἰουδαίους
2810 3601 3000 3662 είπὼν,
3034 3603 3133 3667 τὰς
3172 3605 3391 3658 Ἡσαΐου
3434 3608 3628 3676 φωνὰς
3683 3611 3800 3663 ἑπι-

2201 3688 2377 3759 φέρει·
2404 3690 2497 3743 καὶ
2528 3692 2660 3762 πρὸς
2693 3691 2975 3763 Ἐὕραίους
2997 3693 3058 3747 τὸ
3079 3694 3293 3766 πνεῦμα
3314 3698 3615 3767 προτάξας.
3635 3702 3699 3752 ὲν
3720 3693 3803 3762 οἷς

2201 3797 2396 3849 φησιν,
2435 3783 2516 3835 ὅτι
2556 3782 2655 3836 Διὸ
2697 3784 2890 3850 καθὼς
2919 3785 3079 3854 λέγει
3114 3786 3180 3839 τὸ
3214 3787 3454 3856 Πνεῦμα
3495 3791 3563 3843 τι)
3597 3792 3795 3861 ἄτιον,

2202 3872 2395 3941 ἐπάγει
2422 3872 2488 3926 τὰ
2516 3874 2615 3944 τῆς
2648 3874 2965 3946 ψαλμῳδίας
2995 3880 3232 3949 ῥήματα,
3275 3879 3344 3932 τά
3389 3882 3455 3933 ἐκ
3494 3883 3796 3951 προσώπου

2198 3963 2293 4017 τοῦ
2316 3963 2451 4018 Θεοῦ
2477 3965 2782 4030 διεξοδικῶς
2803 3968 3087 4038 είρημένα.
3127 3971 3236 4024 Καὶ
3267 3973 3394 4041 παρ’
3419 3974 3587 4026 αὑτοῦ
3612 3975 3675 4027 δὲ
3698 3974 3794 4026 τοῦ

2198 4057 2403 4128 Κυρίου
2441 4057 2502 4111 τὸ
2542 4052 2659 4113 ἴσον
2704 4059 2997 4129 ἐμάθομεν,
3028 4061 3110 4115 ὅτι
3151 4061 3313 4116 Δαϐὶδ
3358 4064 3457 4116 οὑκ
3500 4066 3562 4116 ἐν
3607 4066 3796 4134 ἐαυτῷ

524 4151 857 4220 Quapropter
886 4153 1020 4205 sicut
1047 4151 1178 4205 dicit
1213 4150 1445 4221 Spiritus
1478 4152 1523 4184 ¹⁰
1543 4193 1558 4219 ,
1591 4152 1680 4207 ille
1711 4155 1937 4207 Sanctus
1969 4152 2098 4207 θυι).

2220 4147 2397 4211 ιένων,
2446 4149 2587 4202 τοῦτ’
2622 4149 2767 4203 ἔστιν
2812 4154 2873 4204 οὐ
2921 4151 3064 4205 κατὰ
3102 4153 3201 4223 τὴν
3222 4153 3586 4224 ἀνθρωπίνην
3622 4157 3795 4224 φύσιν

514 4243 636 4312 jicit
667 4244 859 4313 psalmi
895 4244 936 4274 “
969 4243 1163 4308 verba,
1196 4258 1262 4298 ex
1300 4256 1538 4313 persona
1584 4240 1676 4297 Dei
1723 4242 1845 4299 fuse
1890 4251 1944 4298 et
1989 4243 2097 4298 late

2220 4237 2586 4310 ρθεγγόμενος,
2614 4241 2681 4294 τὰ
2708 4241 2935 4312 οὐράνια
2961 4243 3156 4316 διεξῄει
3203 4246 3493 4315 μυστήρια.
3527 4247 3655 4309 Πῶς
3683 4248 3799 4317 γὰρ

518 4333 685 4386 dicta.
742 4332 806 4385 Et
859 4332 927 4386 ab
971 4333 1092 4402 ipso
1140 4331 1372 4387 Domino
1404 4332 1543 4388 idem
1578 4332 1910 4396 didicimus,
1948 4334 2092 4403 quod

2220 4330 2261 4383 ἰν
2311 4348 2392 4393 τις
2439 4330 2722 4402 ἄνθρωπος
2763 4333 2858 4397 ὣν,
2906 4334 2996 4388 τὸν
3042 4336 3362 4405 ἐπουράνιον
3411 4336 3661 4405 διάλογον
3697 4338 3794 4389 τοῦ

520 4421 690 4476 David
722 4438 830 4477 non
884 4422 939 4476 in
990 4437 1051 4477 se
1100 4436 1360 4483 manens,
1394 4421 1445 4475 id
1478 4429 1562 4477 est
1585 4462 1599 4487 ,
1635 4437 1744 4476 non
1792 4422 2092 4478 secundum

2220 4421 2406 4491 ἰατρὸς
2435 4422 2569 4493 πρὸς
2599 4423 2689 4476 τὸν
2726 4424 2851 4477 Υίδν
2880 4425 3064 4496 γνοίης
3111 4426 3250 4480 Ἀλλ’
3276 4428 3335 4480 ὲν
3365 4427 3650 4499 Πνεύματι
3689 4426 3796 4490 ὢν,

516 4516 816 4570 humanam
850 4524 1102 4569 naturam
1134 4528 1438 4584 personans
1463 4514 1706 4568 cmlestia
1734 4514 2095 4567 annuntiabat

2220 4514 2286 4565 ίαὶ
2324 4514 2524 4584 Κύριον
2562 4511 2681 4568 είπε
2714 4514 2791 4586 τῷ
2819 4518 3008 4588 Κυρίῳ
3032 4518 3212 4572 λαλεῖν
3238 4519 3273 4572 ἃ.
3306 4518 3547 4591 εἴρηκεν.
3578 4523 3650 4575 Ei
3678 4522 3797 4588 γὰρ

516 4606 799 4677 mysteria.
838 4604 1127 4672 Quomodo
1156 4605 1301 4658 enim
1337 4604 1464 4674 quis
1493 4604 1658 4657 homo
1685 4604 1959 4660 exsisteus
1989 4617 2094 4657 cm-

2220 4602 2367 4655 ιαϐὶδ
2388 4604 2460 4655 ἐν
2482 4606 2796 4674 πνεύματι,
2816 4608 2974 4678 φησὶ,
2993 4607 3168 4662 καλεῖ
3188 4608 3375 4664 αὐτόν
3395 4612 3634 4678 Κύριον,
3653 4607 3797 4674 πῶς

514 4697 653 4753 teste
701 4697 1037 4767 colloquium
1092 4694 1268 4751 Patris
1301 4710 1424 4749 cum
1463 4693 1600 4749 Filio
1652 4694 1945 4750 novisset?
1993 4695 2088 4749 sed

2220 4696 2331 4758 Γίὸς
2345 4696 2531 4749 αὐτοῦ
2547 4696 2751 4765 ἐστιν;
2777 4698 2984 4753 Οὐκοῦν
3007 4703 3072 4772 τῇ
3101 4703 3325 4773 δυνάμει
3353 4701 3448 4756 τοῦ
3464 4703 3797 4772 Πνεύματος

516 4789 722 4861 Spiritu
775 4789 988 4843 amatus
1042 4786 1213 4851 dixit,
1278 4788 1441 4842 etiam
1497 4785 1791 4840 Dominum
1857 4784 2088 4840 Domino

2220 4787 2235 4837 i
2282 4786 2695 4858 θεοφορούμενοι
2751 4790 2859 4844 τῶν
2911 4790 3078 4860 ἁγίων
3136 4793 3483 4863 ἐμπνέονται.
3537 4794 3640 4847 Καὶ
3695 4793 3800 4845 διὰ

514 4884 660 4954 loqui
692 4896 813 4951 quae
840 4881 1001 4934 dixit.
1033 4878 1094 4935 Si
1123 4880 1259 4932 enim
1299 4876 1463 4931 Darid
1498 4878 1549 4929 in
1611 4877 1833 4944 spiritu,
1879 4877 2083 4947 inquit.

2220 4875 2339 4928 οῦτο
2378 4877 2525 4929 πᾶσα
2575 4876 2765 4948 Γραφὴ
2799 4878 3152 4942 θεόπνευστος
3185 4878 3425 4948 λέγεται,
3454 4880 3545 4934 διὰ
3583 4878 3645 4931 τὸ
3682 4878 3797 4947 τῆς

512 4985 658 5028 vacat
703 4987 820 5026 eum
872 4970 1187 5030 Dominum,
1237 4968 1498 5038 quomodo
1532 4966 1706 5021 Filius
1755 4969 1868 5036 (jus
1898 4977 1975 5021 est
2010 4966 2090 5020 ”?

2220 4967 2333 5030 είας
2357 4962 2705 5038 ἐμπνεύσεως
2733 4964 2869 5022 εἶναι
2904 4969 3269 5024 διδασκαλίαν.
3303 4972 3365 5025 Et
3397 4967 3797 5049 περιαιρεθείη

512 5066 654 5137 Ergo
673 5065 909 5120 Numine
956 5062 1119 5116 alllati
1168 5062 1345 5117 sancti
1402 5068 1556 5114 vates
1600 5060 1802 5114 virtute
1847 5057 2087 5128 Spiritus

2220 5059 2243 5110 δ
2283 5059 2586 5128 σωματικὸν
2622 5059 2714 5113 τοῦ
2743 5060 2900 5129 λόγου
2928 5062 3322 5133 προκάλυμμα,
3354 5062 3418 5115 τὸ
3452 5060 3798 5128 λειπόμενον

511 5158 686 5212 sancti
723 5156 1111 5226 iuspirautur:
1146 5162 1199 5207 et
1233 5151 1357 5206 ideo
1389 5151 1569 5205 omnis
1610 5149 1894 5218 Scriptura
1942 5148 2082 5203 divi-

2220 5149 2386 5220 Ldptdg
2412 5154 2544 5216 ἐστι,
2572 5154 2667 5205 καὶ
2690 5153 2801 5224 ζωὴ
2831 5155 2924 5208 καὶ
2951 5155 3191 5225 πνεῦμα,
3216 5156 3358 5208 κατά
3382 5171 3442 5208 τε
3476 5153 3563 5207 τὸν
3586 5150 3797 5220 μέγαν

510 5252 660 5303 uitus
693 5249 960 5319 inspirata
992 5246 1196 5301 dicitur
1228 5244 1305 5309 ³³,
1340 5244 1468 5314 quia
1507 5241 1580 5296 sit
1614 5242 1812 5296 divina:
1841 5241 2078 5311 inspira-

2220 5242 2417 5301 Ιαῦλον.
2445 5245 2536 5296 καὶ
2567 5244 2706 5296 κατὰ
2736 5245 2832 5316 τὴν
2855 5244 2949 5298 τοῦ
2985 5244 3315 5314 Εὑαγγελίου
3341 5246 3539 5316 φωνήν.
3575 5240 3639 5295 ’0
3673 5242 3799 5310 μὲν

510 5340 676 5395 tionis
707 5341 977 5395 doctrina.
1027 5338 1085 5393 Si
1131 5349 1455 5407 corporeum
1492 5334 1833 5388 involucrum
1867 5332 2076 5386 circum

2224 5332 2292 5402 ἀρ
2319 5333 2523 5397 Παῦλος
2549 5333 2628 5404 τῷ
2663 5336 3047 5408 ἐπιστρέψαντι
3078 5338 3141 5391 ὲκ
3162 5336 3255 5390 τοῦ
3275 5337 3590 5409 γράμματος
3620 5333 3794 5402 τιμὰς

509 5430 809 5494 auferatur,
844 5430 1116 5501 reliquum
1148 5426 1413 5483 Dominus
1443 5434 1551 5491 est,
1586 5424 1698 5481 vita
1721 5432 1774 5480 et
1807 5422 2037 5494 spiritus
2059 5462 2075 5489 ,

2220 5421 2243 5474 δ
2290 5422 2524 5495 πνεῦμα,
2574 5426 2756 5479 οὐκέτι
2802 5427 2900 5498 τὴν
2946 5426 3272 5501 ἀναιροῦσαν
3323 5427 3568 5492 δουλείαν,
3610 5422 3799 5478 ἀλλὰ

579 5626 605 5659 ⁹
629 5625 749 5681 Act.
780 5639 973 5692 xxviii,
1002 5624 1094 5682 25.
1172 5624 1215 5658 ¹⁹
1250 5622 1416 5680 llebr.
1453 5636 1535 5693 ιιι,
1563 5622 1619 5679 7.
1696 5623 1737 5657 ¹¹
1762 5620 1909 5679 Psal.
1944 5634 2091 5690 xcrv,

2247 5619 2291 5651 "
2324 5618 2513 5677 Matth.
2550 5636 2684 5691 xx",
2713 5623 2800 5680 45.
2884 5624 2926 5657 ⁸³
2961 5624 3004 5682 ll
3030 5625 3171 5682 Tim.
3208 5638 3290 5693 ιιι,
3327 5624 3411 5684 16.
