3992 6210
217 320 320 378 765

1308 314 1587 373 CONTRA
1618 311 2012 380 EUNOMIUM,
2051 311 2179 367 LIB.
2222 309 2333 366 Vll.

3369 302 3478 362 Ἰιὸ

216 434 421 505 Κύριον
458 426 579 486 εἷπε
606 427 1138 502 καταλαμϐάνεσθαι,
1166 428 1226 493 ὃς
1257 430 1317 483 τὸ
1349 429 1611 495 ζωοποιδν
1636 427 1801 483 πνεῦ-

1915 429 2055 481 ‘usta
2083 438 2339 496 magnum
2373 420 2604 475 Paulum
2654 427 2710 476 et
2756 417 3034 489 Evangelii
3082 431 3290 473 vocem.
3333 415 3468 473 Nam

218 525 295 595 μά
324 527 464 579 ἐστι.
491 524 565 577 T6
589 523 646 577 δὲ
675 522 878 594 ὑψηλὸν
908 522 1236 591 Εύαγγέλιον
1260 523 1394 593 φησι
1417 538 1432 552 °
1470 523 1548 576 Τὰ
1561 521 1803 591 ῥήματα

216 617 255 672 ἆ
273 616 389 687 ἐγὼ
419 615 590 670 λαλῶ
627 614 868 684 πνεῦμά
893 616 1021 669 ἐστι
1048 614 1145 669 καὶ
1189 613 1322 681 ζωὴ,
1366 614 1441 693 ᾡς
1470 613 1652 684 γυμνά
1677 613 1804 667 ὄντα

215 707 307 763 τοῦ
339 707 655 778 σωματικοῦ
686 707 1168 779 προκαλύμματος.
1199 706 1403 760 Οὐσίαν
1443 706 1499 759 δὲ
1544 705 1639 758 τοῦ
1686 706 1802 759 Mo-

170 846 178 864 ,
217 801 467 870 νογενοῦς
521 800 583 853 τὸ
645 798 861 870 πνεῦμα
912 802 1085 864 νοεῖν,
1140 800 1265 861 τοὺς
1323 797 1699 868 ὀνειροπόλους
1738 797 1804 850 ἂν

219 895 478 963 φήσωμεν
502 909 515 920 ·
568 889 767 962 μᾶλλον
818 890 891 957 δὲ⁷
918 891 1059 945 κατά
1113 889 1424 962 περιουσίαν
1473 888 1674 959 πολλὴν
1713 888 1806 941 καὶ⁸

216 987 327 1048 τοῖς
380 984 607 1038 ἐκείνων
666 983 981 1054 χρησόμεθα
1010 1023 1027 1051 ,
1064 984 1157 1039 καὶ
1220 983 1307 1036 διά
1369 981 1478 1035 τῶν
1551 980 1807 1035 ἐναντίων

114 1092 127 1104 ·
218 1076 389 1146 βελῶν
453 1074 853 1143 καθοπλίσομεν
905 1072 1006 1142 τὴν
1078 1071 1359 1143 ἀλήθειαν.
1415 1070 1632 1136 Ἔξεστι
1701 1069 1808 1141 γὰρ

218 1167 647 1237 συλαγωγεῖσθαι
712 1167 866 1239 παρὰ
921 1165 1031 1219 τῶν
1098 1163 1448 1236 Ἰσραηλιτῶν
1501 1163 1592 1217 τὸν
1646 1162 1811 1231 Αίγύ-

219 1278 400 1323 πτιον,
442 1260 534 1312 καὶ
582 1258 806 1326 ποιῆσαι
845 1258 937 1311 τὸν
993 1257 1215 1311 ἐκείνων
1267 1254 1494 1309 πλοῦτον
1543 1255 1810 1327 ἡμέτερον

219 1351 446 1422 κόσμον.
478 1351 541 1404 El
574 1349 790 1418 πνεῦμα
816 1348 1031 1418 λέγεται
1057 1348 1149 1402 τοῦ
1173 1347 1299 1401 Υἱοῦ
1326 1349 1359 1418 ή
1383 1348 1559 1409 οὐσία,
1596 1347 1812 1417 πνεῦμα

216 1442 273 1497 δὲ
301 1444 395 1496 καὶ
436 1444 464 1496 6
499 1440 665 1504 Θεόςο
697 1440 838 1495 οὕτω
878 1441 988 1509 γὰρ
1027 1440 1174 1509 λέγει
1221 1440 1315 1494 καὶ¹
1355 1440 1415 1493 τὸ
1461 1439 1812 1508 Εὐαγγέλιον·

217 1536 311 1589 καὶ
359 1537 391 1606 ἡ
454 1534 548 1587 τοῦ
595 1534 810 1604 Πατρός
850 1531 1005 1587 ούσία
1048 1532 1264 1596 πάντως
1298 1532 1517 1601 λέγεται
1574 1530 1809 1601 πνεῦμα.

229 1626 391 1680 Ἀλλά
435 1626 595 1697 μόνον
632 1625 854 1679 ἐκείνων
893 1624 1051 1694 λόγος
1093 1624 1231 1689 ἐστὶ,
1265 1623 1334 1679 τὰ
1380 1622 1648 1694 ἀνομοίως
1676 1638 1812 1693 προ-

220 1715 520 1785 φερόμενα,
556 1714 651 1767 καὶ
681 1713 824 1767 κατὰ
851 1712 946 1784 τὴν
973 1712 1136 1783 φύσιν
1179 1711 1447 1782 ἀνομοίως
1485 1711 1656 1782 ἔχειν’
1690 1727 1813 1763 συν-

219 1806 413 1873 άγεται
452 1804 688 1869 πάντως,
735 1803 805 1857 τὰ
847 1804 1110 1866 ὡσαύτως
1158 1802 1446 1874 λεγόμενα,
1489 1801 1625 1872 μηδὲ
1672 1799 1813 1854 κατά

218 1896 316 1967 τὴν
348 1896 515 1965 φύσιν
542 1895 931 1968 ἠλλοτριῶσθαι
957 1895 1093 1968 πρὸς
1121 1894 1343 1965 ἄλληλα.
1376 1893 1527 1946 Ἐπεὶ
1550 1887 1643 1945 οὖν
1672 1890 1813 1946 κατὰ

218 1987 309 2040 τὸν
335 1986 498 2055 λόγον
540 1986 719 2039 αὐτῶν
766 1984 983 2057 πνεῦμα
1028 1986 1242 2055 λέγεται
1278 1983 1374 2039 τοῦ
1418 1983 1551 2037 Υἱοῦ
1592 1982 1686 2035 καὶ
1717 1981 1811 2035 τοῦ

221 2079 437 2148 [ἰατρὸς
465 2079 498 2149 ἡ
524 2079 718 2132 οὐσία·
754 2077 816 2132 τδ
851 2077 925 2149 μὴ
970 2072 1109 2131 εἶναι
1152 2077 1253 2148 τῆς
1299 2075 1483 2140 οὐσίας
1528 2072 1812 2148 διαφορὰν,

218 2162 306 2216 διὰ
336 2162 545 2217 τούτων
577 2163 764 2234 σαφῶς
795 2165 1188 2219 ἀποδέδεικται.

1904 519 2106 574 Paulus
2143 518 2191 573 ei
2231 514 2326 586 qui
2360 529 2420 570 se
2447 528 2478 567 a
2513 512 2691 566 littera
2723 511 2789 565 ad
2819 511 3072 580 spiritum
3107 509 3476 569 converterit.

1905 627 2015 667 non
2047 609 2282 679 amplius
2321 604 2737 679 interticicnlem
2772 602 3091 657 servitutem
3113 640 3128 664 ,
3164 598 3258 656 sed
3296 599 3480 655 Domi-

1905 718 2035 757 num
2079 678 2221 755 disit
2266 678 2688 765 comprehendi.
2742 710 2837 764 qui
2888 693 3139 747 vivilicus
3185 702 3268 748 est
3318 694 3486 763 spiri-

1906 801 2017 848 tus.
2063 791 2311 847 Sublime
2351 796 2532 843 autem
2582 784 2939 856 Evangelium
2966 784 3140 839 dicit:
3179 782 3346 837 Verba
3367 799 3485 853 quq:

1906 902 1998 957 ego
2024 885 2228 955 loquor,
2256 881 2475 951 spiritus
2504 888 2626 933 sunt
2652 887 2701 933 et
2728 878 2838 932 vita
2868 877 2933 941 ",
2964 885 3021 929 ut
3052 890 3172 946 qua:
3202 875 3346 929 nuda
3375 877 3488 929 sint

1907 984 1962 1030 et
2012 988 2182 1029 vacua
2233 970 2507 1041 corporali
2556 969 2883 1023 velamento.
2932 964 3245 1020 Essentiam
3303 972 3487 1019 autem

1911 1063 2191 1134 Unigeniti
2223 1063 2476 1133 spiritum
2506 1059 2813 1129 intelligere
2845 1057 3193 1112 somniorum
3228 1057 3483 1125 interpre

1910 1166 1994 1213 tes
2026 1156 2352 1212 dixerimus.
2397 1153 2544 1219 Quin
2570 1153 2749 1209 .etiam
2793 1166 2894 1220 pro
2938 1148 3231 1204 corollario
3272 1148 3491 1202 illorum

1910 1248 2224 1303 rationibus
2253 1254 2499 1307 utemur,
2531 1253 2586 1299 et
2631 1242 3068 1297 adversariorum
3118 1240 3241 1295 telis
3288 1240 3488 1294 verita-

1912 1347 2024 1395 tem
2076 1338 2441 1393 armabimus.
2495 1335 2648 1390 Licet
2692 1335 2839 1389 enim
2885 1332 3148 1388 lsraelitis
3193 1330 3491 1401 Egyptqu

1913 1431 2216 1502 depraatlari
2242 1438 2296 1484 et
2325 1444 2516 1485 eorum
2558 1427 2781 1482 divitias
2821 1435 3078 1481 ornatum
3128 1432 3378 1479 nostrum
3413 1422 3494 1476 fa-

1915 1538 2041 1579 cere
2066 1529 2121 1578 et
2150 1530 2359 1577 nostra.
2396 1519 2455 1575 Si
2505 1519 2738 1591 spiritus
2786 1518 2993 1575 dicitur
3045 1515 3168 1570 Filii
3213 1515 3492 1579 essentia,

1915 1616 2139 1688 spiritus
2194 1621 2379 1668 autem
2435 1610 2624 1675 Deus,
2673 1611 2757 1667 sic
2804 1611 2953 1666 enim
2989 1608 3068 1663 ait
3099 1607 3492 1678 Evangelium,

1916 1711 2080 1773 atque
2122 1703 2288 1758 etiam
2336 1700 2522 1756 Patris
2572 1700 2812 1756 essentia
2857 1714 3086 1767 prorsus
3127 1698 3332 1753 dicitur
3379 1697 3495 1767 spi-

1917 1795 2081 1851 ritus.
2135 1794 2241 1850 Sed
2287 1794 2464 1849 solum
2510 1792 2727 1847 illorum
2765 1794 2903 1846 ratio
2938 1792 3053 1846 haec
3085 1801 3203 1856 est,
3238 1789 3386 1861 quod
3430 1805 3497 1845 ea

1919 1903 2041 1959 quze
2069 1885 2415 1942 dissimiliter
2450 1883 2712 1939 dicuntur
2732 1924 2747 1948 ,
2777 1884 2941 1938 etiam
2975 1882 3277 1936 secundum
3329 1889 3496 1936 natu-

1918 1991 2035 2031 ram
2088 1973 2429 2030 dissimiliter
2472 1988 2535 2029 se
2578 1972 2816 2036 habent;
2867 1969 3218 2043 concluditur
3259 1986 3491 2040 prorsus

1921 2068 2068 2139 quod
2099 2083 2164 2123 ea
2192 2081 2314 2137 quas
2344 2065 2537 2121 eodem
2573 2062 2738 2119 modo
2770 2063 3048 2126 dicuntur,
3083 2077 3263 2133 neque
3292 2077 3494 2117 secun-

1928 2159 2058 2215 dum
2101 2167 2354 2213 naturam
2400 2165 2531 2212 sunt
2583 2156 2727 2211 inter
2766 2170 2826 2211 se
2874 2154 3111 2209 alienata
3152 2161 3208 2210 et
3249 2154 3491 2213 diversa.

222 2252 493 2319 Quoniam
533 2255 701 2325 igitur
730 2257 1033 2312 secundum
1062 2259 1330 2312 rationem
1361 2257 1644 2328 ipsorum,
1671 2252 1797 2308 Filii
1836 2259 1891 2307 et
1960 2250 2144 2307 Patris
2198 2250 2435 2307 essentia
2487 2250 2693 2305 dicitur
2758 2247 3021 2319 spiritus,
3077 2263 3189 2303 non
3242 2246 3498 2303 essentia:

222 2343 586 2400 ddiereutiam
633 2362 789 2411 esse,
828 2362 923 2417 per
958 2348 1072 2402 haec
1119 2348 1412 2404 manifesto
1445 2346 1885 2403 demonstratum
1918 2351 2024 2399 est.
2808 2346 2815 2351 ’

291 2439 507 2510 Μικρὸν
553 2440 662 2512 γὰρ
714 2441 852 2511 μετά
898 2440 1071 2495 ταῦτά
1108 2458 1272 2513 φησιν
1319 2443 1347 2495 6
1399 2441 1696 2512 Εὐνόμιος,
1730 2441 1812 2494 ὅτι

1979 2436 2153 2492 Paulo
2202 2444 2328 2504 post
2392 2451 2520 2492 vero
2562 2436 2638 2490 ait
2688 2434 2987 2491 Eunomius
3027 2451 3041 2487 :
3096 2434 3497 2505 Disjunctarum

231 2527 353 2583 Τῶν
415 2531 936 2602 παρηλλαγμένων
998 2531 1224 2587 οὐσιῶν
1245 2572 1263 2597 ,
1325 2530 1815 2601 παρηλλαγμέναι

1915 2530 2255 2585 essentiarum
2274 2528 2556 2598 disjuucta!
2570 2538 2691 2583 sunt
2711 2545 2927 2598 prorsus
2953 2529 3193 2583 essentia:
3215 2529 3498 2599 signiﬁca-

227 2619 466 2685 πάντως
490 2622 587 2675 και
617 2624 678 2676 al
706 2622 1068 2692 σημαντικαὶ
1102 2621 1213 2692 τῆς
1240 2623 1456 2690 οὐσίας
1483 2622 1602 2677 εἰσὶ
1630 2634 1815 2690 προσ-

1915 2621 2034 2676 ιὲυω
2072 2621 2476 2691 appellationes.
2537 2620 2603 2675 In
2641 2620 2832 2691 quibus
2870 2637 2990 2676 vero
3047 2638 3157 2675 una
3213 2622 3498 2691 eademque

226 2713 478 2783 ηγορίαι.
533 2714 660 2783 Ἐφ’
690 2709 780 2768 ὧν
815 2713 885 2768 δὲ
920 2714 1156 2784 μίακαὶ
1206 2715 1244 2782 ἡ
1299 2714 1453 2785 αὑτὴ
1501 2714 1692 2785 φωνὴ,
1748 2713 1821 2771 ἓν

225 2802 466 2869 ,πάντως
493 2801 664 2858 ἔσται
696 2803 793 2856 καὶ
823 2802 888 2857 τὸ
912 2801 989 2871 τῇ
1029 2803 1186 2873 αὐτῇ
1211 2805 1580 2875 προσηγορίᾳ
1602 2804 1820 2873 δηλού-

220 2912 430 2967 μενον.
458 2895 617 2949 Ὥστε
655 2894 744 2949 διὰ
768 2895 984 2950 πάντων
1006 2898 1035 2951 6
1065 2896 1431 2968 δρασσόμενος
1454 2896 1581 2961 τοὺς
1622 2897 1820 2966 σοφοὺς

224 2984 284 3037 ἐν
333 2986 399 3054 τῇ
442 2983 750 3055 πανουργία
794 2984 992 3048 αὐτῶν,
1036 2986 1164 3050 τοὺς
1209 2986 1454 3057 μακροὺς
1500 2986 1694 3050 πόνους
1724 2986 1818 3040 τοῦ

223 3073 595 3146 λογογράφου,
638 3076 733 3129 καὶ
774 3076 901 3141 τοὺς
954 3075 1181 3148 μυρίους
1206 3078 1296 3130 ἐπὶ
1342 3079 1454 3140 τοῖς
1507 3076 1817 3148 πονηθεῖσιν

226 3167 486 3239 ἱδρῶτας,
515 3166 653 3238 πρὸς
681 3165 778 3239 τὴν
813 3166 1068 3222 σύστασιν
1093 3168 1186 3222 τοῦ
1224 3167 1345 3221 καθ’
1376 3169 1523 3239 ἡμᾶς
1552 3169 1818 3239 δόγματος

1912 2726 2050 2777 vox,
2103 2728 2268 2766 unum
2316 2712 2526 2782 penitus
2579 2712 2681 2766 erit
2731 2711 2870 2781 quod
2908 2710 3093 2767 eadem
3140 2711 3497 2780 appellatione

1913 2803 2242 2860 declaratur.
2294 2802 2479 2870 Quare
2512 2818 2609 2873 per
2639 2804 2825 2858 omnia
2883 2803 2977 2874 qui
3013 2803 3246 2873 corripit
3279 2803 3499 2874 sapien-

1916 2904 2001 2954 tes
2037 2897 2094 2952 in
2133 2897 2335 2953 astutia
2383 2897 2667 2967 ipsorum,
2709 2897 2903 2966 longos
2945 2897 3163 2951 labores
3205 2895 3497 2967 scriptoris

1916 2988 2080 3059 hujus
2122 2996 2178 3046 et
2224 2989 2470 3046 inﬁnitos
2520 2990 2593 3045 ob
2639 2989 2921 3045 elaborata
2953 2986 3187 3043 sudores
3222 2989 3290 3043 ad
3321 2988 3497 3043 nostri

1880 3110 1883 3111 ν
1916 3083 2191 3154 dogmatis
2215 3082 2745 3138 commendationem
2770 3080 3157 3136 circumduxit.
3188 3078 3244 3134 Si
3266 3080 3415 3136 enim
3440 3080 3496 3134 in

1920 3171 2217 3245 Evangelia
2265 3174 2494 3245 spiritus
2546 3172 2692 3228 Deus
2742 3170 2987 3238 dicitur;
3036 3170 3267 3241 spiritus
3313 3177 3497 3226 autem

224 3257 593 3329 περιήγαγεν.
616 3258 678 3311 El
702 3258 812 3330 γὰρ
837 3258 1053 3330 πνεῦμα
1082 3259 1181 3330 μὲν
1219 3259 1248 3312 6
1289 3259 1418 3323 Θεὸς
1453 3260 1511 3312 ἐν
1533 3258 1610 3330 τῷ
1640 3260 1815 3327 Εὐαγ-

1921 3243 2201 3336 Unigeniti
2225 3243 2467 3320 essentia
2492 3264 2560 3318 ab
2584 3263 2854 3319 Eunomia
2877 3266 3165 3327 astruitur,
3190 3276 3315 3317 cum
3348 3262 3501 3317 nulla

219 3347 393 3419 γελίῳ
428 3345 673 3416 λέγεται·
712 3347 930 3419 πνεῦμα
972 3348 1030 3402 δὲ
1074 3348 1170 3402 τοῦ
1218 3349 1555 3419 Μονογενοῦς
1588 3351 1622 3421 ἡ
1663 3349 1819 3402 οὐσία

218 3441 379 3513 παρὰ
403 3438 503 3492 τοῦ
528 3440 794 3511 Εὐνομίου
818 3442 1304 3508 κατασκευάζεται,
1333 3442 1411 3513 τῷ
1434 3442 1658 3513 ὀνόματι
1684 3442 1819 3515 πρὸς

220 3532 286 3585 τὸ
316 3533 496 3604 ὄνομα
532 3532 801 3604 μηδεμιᾶς
847 3532 1090 3604 ὑπούσης
1131 3534 1414 3606 διαφορᾶς,
1445 3536 1565 3590 οὐδὲ
1603 3536 1670 3589 τὰ
1719 3554 1818 3608 ση-

221 3623 534 3694 μαινόμενα
579 3623 796 3690 πάντως
835 3624 940 3678 ὑπὸ
991 3625 1099 3679 τῶν
1131 3627 1410 3696 ὀνομάτων
1453 3626 1547 3680 ἀπ’
1576 3628 1820 3700 ἀλλήλων

219 3717 367 3770 κατὰ
420 3715 523 3788 τὴν
562 3717 723 3783 φύσιν
762 3716 1178 3790 διενεχθήσεται.
1233 3720 1416 3791 Κάμοὶ
1464 3720 1610 3774 δοκεῖ
1638 3721 1818 3785 καλῶς

221 3806 373 3878 ἔχειν
403 3807 506 3878 τὴν
539 3807 742 3880 ἀδρανῆ
786 3808 989 3882 ταύτην
1035 3811 1130 3864 καὶ
1176 3810 1451 3882 ἄπληκτον
1493 3812 1819 3883 σκιομαχίαν

220 3902 324 3972 τὴν
359 3899 567 3971 ἐφεξῆς
593 3901 741 3973 αὺτῷ
762 3903 1280 3975 συγγεγραμμένην,
1323 3904 1457 3976 πρὸς
1486 3905 1819 3977 κατηγορίαν

218 3994 334 4047 τῶν
354 3993 457 4048 τοῦ
482 3994 801 4048 διδασκάλου
828 3995 1020 4064 λόγων,
1045 3995 1423 4067 παραδραμεῖν
1443 3996 1814 4061 ἀνεξέταστον.

223 4083 500 4153 Ἔλεγχος
524 4084 633 4154 γὰρ
662 4085 843 4148 ἱκανὸς
862 4086 961 4153 τῆς
990 4083 1098 4138 τῶν
1119 4085 1422 4156 εἰρημένων
1450 4086 1566 4138 ἐστὶ
1592 4085 1818 4156 ματαιό-

220 4192 416 4247 τητος,
452 4174 615 4238 αὐτὸς
646 4177 676 4228 ό
704 4175 861 4246 λόγος
885 4176 953 4229 δι’
986 4177 1179 4231 ἑαυτοῦ
1220 4177 1357 4247 βοῶν
1390 4175 1486 4248 τὴν
1515 4176 1817 4235 ἀσθένειαν.

219 4265 300 4318 τὸ
344 4265 403 4320 δὲ
451 4266 564 4328 τοῖς
599 4264 859 4331 τοιούτοις
896 4266 955 4320 ἐν
999 4267 1208 4340 ἀγωνίᾳ
1249 4268 1675 4338 συμπλέκεσθαι,
1700 4263 1820 4323 ἶσόν

217 4356 344 4408 ἐστι
400 4354 484 4425 τῷ
527 4356 621 4409 καὶ
666 4360 879 4426 νεκροῖς
937 4359 1307 4428 ἐπεμϐαίνειν.
1343 4360 1665 4432 Ἐκθέμενος
1710 4361 1820 4434 γὰρ

214 4450 291 4502 ἐκ
322 4447 530 4517 πολλῆς
566 4449 939 4518 πεποιθήσεως
977 4452 1136 4521 ῥῆσιν
1183 4450 1277 4505 τοῦ
1309 4452 1628 4507 διδασκάλου
1675 4454 1816 4520 τινὰ,

1922 3358 2102 3414 subsit
2130 3356 2438 3413 dill‘crentia
2473 3355 2723 3411 nominis
2753 3369 2879 3411 cum
2921 3355 3172 3418 nomine,
3209 3369 3388 3425 neque
3418 3353 3497 3409 si-

1923 3449 2182 3519 gniﬁcat:
2233 3464 2465 3520 prorsus
2511 3449 2617 3504 sub
2661 3448 2980 3504 nominibus
3020 3450 3164 3502 inter
3212 3464 3272 3503 se
3298 3463 3498 3503 sccun-.

1922 3538 2051 3593 dum
2096 3547 2350 3593 naturam
2392 3537 2670 3594 tliﬂ'erent.
2701 3539 2779 3594 Ac
2816 3539 2949 3593 mihi
2985 3538 3205 3594 videtur
3231 3540 3499 3609 praeclare

1923 3630 2124 3685 habere
2175 3630 2319 3686 lianc
2370 3631 2642 3687 imbellem
2687 3640 2743 3686 et
2789 3631 3013 3687 minime
3057 3631 3342 3686 ltedentetn
3378 3648 3499 3685 um-

1922 3722 2173 3778 bratilem
2205 3737 2443 3793 pugnam
2493 3722 2759 3794 deinceps
2802 3723 2874 3778 ab
2918 3723 3039 3793 ipso
3084 3723 3497 3792 conscriptam,

1922 3815 1989 3870 ad
2042 3815 2289 3870 doctoris
2339 3828 2658 3869 sermonum
2710 3814 3164 3881 accusationem,
3221 3814 3497 3883 inexpun-

1923 3894 2067 3960 ctam
2095 3906 2215 3961 sive
2246 3907 2597 3959 inexcussam
2630 3911 3078 3974 praetercurrere.
3119 3903 3498 3975 Reprehensio

1921 4001 2068 4054 enim
2094 3998 2232 4054 satis
2259 3997 2442 4052 valida
2472 4007 2559 4054 est
2585 4004 2641 4052 et
2665 3996 2862 4051 idonea
2895 3996 3154 4052 vanitatis
3183 3995 3457 4051 dictorum
3479 4036 3496 4061 ,

1921 4092 2039 4161 ipse
2071 4105 2252 4146 sermo
2282 4104 2379 4160 per
2414 4105 2475 4145 se
2503 4088 2751 4144 clamans
2778 4086 3236 4145 imbecillitatem.
3270 4085 3497 4142 Talibus

1921 4191 2104 4238 autem
2147 4183 2202 4236 in
2239 4183 2389 4237 lucta
2422 4188 2477 4237 et
2527 4179 2830 4235 certamine
2880 4178 3239 4247 complicari,
3289 4180 3499 4250 aequale

1920 4283 2005 4329 est
2032 4274 2081 4329 ei
2109 4274 2255 4343 quod
2285 4272 2489 4328 dicitur
2516 4272 2571 4326 in
2600 4278 2851 4327 mortuos
2873 4270 3159 4326 insultare.
3187 4271 3323 4327 Cum
3350 4271 3496 4326 enim

1922 4362 2091 4414 multa
2122 4360 2457 4415 conlidentia
2498 4370 2553 4416 et
2584 4360 2944 4428 persuasione
2972 4359 3273 4417 dictionem
3304 4376 3500 4432 quam-

1921 4453 2045 4508 dam
2076 4451 2320 4508 doctoris
2347 4452 2732 4523 exposuisset,
2765 4459 2891 4508 ante
2918 4452 3290 4528 calumniatus
3321 4462 3376 4508 et
3405 4467 3500 4507 ex-

218 4539 324 4593 καὶ
353 4539 734 4628 προδιαϐαλὼν
766 4542 859 4595 καὶ
890 4542 1210 4609 διαπτύσας,
1251 4545 1344 4611 καὶ
1375 4546 1497 4600 ἀντὶ
1532 4546 1623 4601 τοῦ
1654 4547 1815 4618 μηδε-

1923 4554 2175 4601 secratus
2195 4582 2210 4607 ,
2240 4558 2295 4599 et
2326 4560 2422 4613 pro
2455 4544 2629 4598 nihilo
2660 4559 2784 4599 esse
2818 4559 2878 4599 se
2911 4552 3346 4600 monstraturum
3381 4543 3501 4615 pol-

216 4630 319 4695 νδς
342 4627 485 4685 εἶναι
516 4631 711 4699 δείξειν
740 4634 1225 4707 ἐπαγγειλάμενος,
1265 4637 1461 4691 ταύτὸν
1500 4638 1667 4692 ἔπαθε
1706 4640 1815 4703 τοῖς

1921 4636 2126 4698 licitus.
2155 4636 2298 4691 idem
2326 4636 2429 4706 ipsi
2456 4634 2659 4690 accidit
2685 4634 2834 4706 quod
2862 4636 3047 4691 stultis
3073 4643 3130 4691 et
3164 4634 3497 4698 infantibus.

215 4725 448 4793 νηπίοις
486 4724 598 4778 τῶν
637 4724 842 4780 παίδων
861 4742 876 4757 ο
912 4721 994 4791 οἷς
1038 4727 1101 4781 τὸ
1144 4728 1331 4793 ἀτελὲς
1378 4728 1471 4784 καὶ
1513 4731 1690 4801 ἄωρον
1722 4730 1822 4801 τῆς

213 4814 475 4880 διανοίας
523 4817 619 4870 καὶ
655 4817 716 4871 τὸ
754 4816 862 4873 τῶν
909 4817 1278 4891 αἰσθητηρίων
1315 4820 1663 4891 ἀγύμναστον
1721 4821 1822 4875 οὐκ

212 4906 440 4979 ἀκριϐῆ
470 4908 655 4962 δίδωσι
686 4908 796 4963 τῶν
828 4910 1167 4981 φαινομένων
1206 4912 1303 4981 τὴν
1351 4913 1696 4983 κατανόησιν.
1725 4912 1822 4968 Διά

210 4996 393 5052 τοῦτο
421 4997 678 5065 πολλάκις
710 5002 903 5072 πικρὸν
921 5002 1063 5075 ὑπὲρ
1086 5003 1327 5073 κεφαλῆς
1348 4997 1487 5058 εἶναι
1510 5004 1636 5066 τοὺς
1661 5003 1821 5056 ἀστέ-

213 5107 334 5162 ρας
377 5089 711 5162 νομίζοντες,
763 5091 954 5163 βώλοις
1002 5096 1144 5149 τισὶν
1189 5095 1294 5149 ὑπὸ
1337 5095 1588 5167 παιδικῆς
1634 5096 1819 5160 ἀνοίας

211 5180 1097 5250 προφανένταςκαταλιθάζουσιν.
1129 5181 1262 5238 Εἶτα
1286 5183 1702 5253 καταπεσούσης
1721 5184 1819 5255 τῆς

208 5268 430 5341 βώλου,
463 5270 563 5323 σὺν
590 5271 768 5343 κρότῳ
805 5272 900 5327 καὶ
944 5274 1138 5343 γέλωτι
1187 5275 1322 5347 πρὸς
1365 5277 1490 5340 τοὺς
1527 5273 1820 5347 ἡλικιώτας

211 5359 692 5431 μγαλαυχοῦσιν,
718 5363 792 5426 ὡς
821 5364 907 5417 ἐπ’
937 5350 1147 5430 αὐτοὺς
1181 5367 1305 5431 τοὺς
1332 5367 1566 5439 ἀστέρας
1607 5368 1706 5438 τῆς
1730 5368 1821 5438 βο-

202 5450 333 5519 λῆς
354 5450 688 5523 ἐνεχθείσης.
725 5454 975 5522 Τοιοῦτος
1001 5459 1030 5511 ό
1060 5456 1137 5529 τῷ
1169 5456 1312 5528 βέλει
1352 5456 1460 5513 τῶν
1484 5459 1691 5530 νηπίων
1722 5459 1821 5531 τὴν

200 5540 496 5613 ἀλήθειαν
551 5541 756 5613 βαλὼν·
810 5545 870 5611 δς
923 5547 1174 5622 καθάπερ
1220 5549 1455 5623 ἀστέρας
1497 5549 1649 5616 τινὰς
1693 5551 1820 5615 τοὺς

309 5695 356 5730 ⁸⁵
382 5690 547 5756 δοειι.
578 5716 656 5768 νε.
693 5699 787 5758 64.
1317 5753 1327 5762 .

560 5806 837 5870 Panos.
895 5807 1016 5872 Gn.
1042 5805 1232 5871 XLV.

1900 4729 2120 4799 ‘quibtts
2149 4726 2474 4798 imperfecta
2506 4736 2561 4782 et
2591 4726 2834 4783 nondum
2869 4738 3080 4781 matura
3110 4726 3496 4797 intelligentia,

1917 4828 1973 4874 et
2018 4820 2507 4873 instrumentorum
2552 4832 2813 4872 sensuum
2855 4816 3206 4871 imbecillitas
3244 4831 3352 4871 non
3401 4815 3498 4870 dat

1917 4920 2167 4968 exactam
2208 4926 2402 4966 eorum
2434 4926 2555 4979 qua:
2589 4918 2855 4980 apparent
2894 4908 3266 4979 cognitionem
3302 4927 3316 4964 :
3364 4923 3498 4978 pro-

1920 5014 2107 5075 pterea
2148 5019 2292 5073 stepe
2333 5003 2592 5059 acerbum
2636 5016 2802 5071 supra
2847 5009 3009 5070 caput
3044 5016 3168 5057 esse
3209 5000 3397 5056 stellas
3428 4999 3497 5053 ab

1918 5095 2053 5165 ipsis
2080 5094 2340 5164 praevisas
2372 5100 2645 5163 putantes,
2665 5090 2839 5161 glebis
2868 5091 3196 5161 quibusdam
3229 5106 3338 5161 pra:
3363 5104 3497 5160 pue-

1920 5186 2007 5239 rili
2044 5186 2283 5241 amentia
2314 5184 2585 5256 lapidant.
2633 5183 2839 5241 Deinde
2885 5200 3009 5239 cum
3051 5184 3205 5255 gleba
3255 5183 3495 5247 cecidit,

1919 5291 2046 5331 cum
2083 5278 2279 5347 plausu
2313 5286 2369 5331 et
2413 5277 2533 5332 risu
2583 5275 2650 5330 ad
2705 5290 2835 5332 suos
2885 5275 3123 5345 aequales
3171 5274 3492 5347 gloriantur,

1921 5368 2155 5424 sublatis
2185 5368 2536 5428 cervicibus.
2575 5365 2802 5437 perinde
2833 5380 2900 5421 ac
2936 5367 2981 5420 si
3027 5366 3173 5421 ictus
3200 5365 3268 5420 ad
3305 5366 3497 5421 stellas

1929 5461 2079 5532 ipsas
2110 5459 2467 5530 pervenisset.
2499 5458 2652 5515 Talis
2682 5467 2767 5515 est
2800 5459 2892 5514 hic
2926 5459 3021 5530 qui
3053 5458 3163 5514 telo
3199 5456 3494 5514 infantium

1928 5553 2212 5611 veritatem
2246 5553 2550 5626 percussit,
2594 5550 2685 5622 qui
2720 5559 2979 5623 tanquam
3011 5551 3278 5624 quasdam
3308 5549 3495 5609 stellas

3103 5801 3187 5873 26
