3992 6210
209 297 310 362 749

1285 304 1569 364 CONTRA
1601 307 1994 371 EUNUMIUI,
2035 306 2167 361 LIB.
2214 306 2319 358 νιι.

3350 306 3469 363 τεο

204 416 283 483 εις
327 417 392 472 τὸ
434 415 514 489 μὴ
552 416 615 472 ὸν
654 417 1016 474 διεσκέδασεν.
1059 418 1222 488 Λέγει
1272 418 1383 491 γὰρ
1424 424 1537 486 τοῖς
1581 422 1789 494 ῥήμασι

1898 425 1946 475 et
1992 427 2197 474 temere
2230 415 2361 470 dum
2407 413 2580 470 fertur
2624 413 2824 479 oratio,
2860 423 2917 471 et
2963 430 3030 471 ex
3068 414 3367 487 improviso
3403 416 3458 471 in

202 506 435 572 τούτοιςθ
468 509 569 572 Τίς
593 508 766 573 οὕτως
792 509 1021 580 ἠλίθιος,
1050 511 1144 565 καὶ
1174 510 1272 582 τῆς
1304 511 1654 584 ἀνθρωπίνης
1683 531 1786 567 κα-

202 600 520 664 ταστάσεως
547 600 706 666 ἐκτὸς
724 639 742 668 ,
788 602 865 677 ὡς
891 602 1021 674 περὶ
1048 602 1351 676 ἀνθρώπων
1384 603 1784 675 διαλεγόμενος.

203 690 294 745 τὸν
318 691 419 762 μὲν
437 693 611 747 εἰπεῖν
627 692 931 765 ἄνθρωπον,
949 692 1038 748 τὸν
1057 693 1115 749 δὲ
1133 695 1314 762 ἵππον,
1336 693 1512 749 καλῶν
1527 699 1547 721 θ
1563 695 1789 767 συγκρί-

208 798 344 846 νων;
375 780 604 854 Εἴποιμι
636 781 704 836 ἂν
750 782 886 854 πρὸς
915 783 1076 838 αὐτὸν
1106 783 1248 855 ἐγώ*
1279 784 1474 849 Καλῶς
1503 786 1789 857 ὀνομάζεις

206 870 416 943 ⁴ἠλίθιον
461 871 555 925 τὸν
582 870 755 937 οὕτως
779 873 908 945 περὶ
931 874 1028 938 τὰς
1048 875 1231 945 φωνὰς
1257 875 1658 947 ἁμαρτάνοντα,
1694 878 1789 932 καὶ

207 964 492 1034 χρήσομαι
515 962 651 1034 πρὸς
674 965 1003 1036 συνηγορίαν
1023 967 1121 1037 τῆς
1142 967 1398 1039 ἀληθείας⁵
1426 969 1661 1040 μάρτυρι
1686 970 1786 1026 σοί.

204 1054 269 1107 Εἰ
288 1053 402 1126 γὰρ
429 1056 530 1126 τῆς
551 1054 784 1126 ἐσχάτης
804 1056 951 1109 ἐστὶν
972 1057 1329 1129 ἠλιθιότητος,
1367 1060 1459 1113 τὸν
1481 1061 1579 1131 μὲν
1602 1062 1787 1124 ἵππον,

203 1145 295 1198 τὸν
319 1145 375 1198 δὲ
409 1145 696 1218 ἄνθρωπον
726 1146 927 1216 λέγειν,
957 1148 1117 1220 εἴπερ
1146 1149 1426 1223 ἄνθρωποι
1471 1152 1613 1206 κατὰ
1658 1152 1791 1225 ἁλή-

207 1232 357 1286 θειαν
386 1232 499 1287 εἷεν
530 1235 853 1306 ἀμφότεροι·
886 1238 986 1308 τῆς
1017 1237 1139 1309 ίσης
1164 1239 1383 1305 πάντως
1407 1242 1791 1313 παραπληξίας

205 1325 346 1389 ἐστὶ,
386 1324 522 1380 Θεοῦ
553 1326 656 1395 μὲν
681 1326 775 1380 τοῦ
808 1328 1042 1399 Πατρὸς,
1084 1330 1218 1384 Θεοῦ
1266 1332 1325 1386 δὲ
1355 1332 1449 1388 τοῦ
1485 1333 1616 1389 Υἱοῦ
1650 1329 1791 1389 εἶναι

204 1413 679 1485 πεπιστευμένου,
728 1417 823 1468 τὸν
872 1417 972 1488 μὲν
1014 1420 1251 1486 κτιστὸν,
1300 1422 1392 1475 τὸν
1437 1422 1493 1476 δὲ
1539 1424 1793 1478 ἄκτιστον

205 1502 406 1573 λέγειν,
431 1505 509 1569 ὡς
533 1507 650 1559 ἐκεῖ
676 1508 774 1578 τῆς
794 1507 1229 1580 ἀνθρωπότητος,
1252 1508 1425 1577 οὕτως
1442 1512 1535 1566 καὶ
1561 1513 1790 1568 ἐνταῦθα

204 1597 303 1668 τῆς
335 1595 593 1668 θεότητος
631 1598 733 1652 οὐκ
775 1599 1167 1674 ἐπιδεχομένης
1206 1602 1305 1674 τὴν
1339 1604 1478 1675 πρὸς
1515 1604 1575 1658 τὸ
1612 1604 1793 1678 ἑτεροο

204 1687 359 1756 γενὲς
400 1688 761 1761 παρατροπὴν
793 1691 885 1744 τοῦ
934 1692 1218 1764 ὀνόματος.
1273 1696 1339 1747 "0
1379 1696 1488 1767 γάρ
1535 1697 1684 1750 ἐστιν
1732 1697 1793 1751 τὸ

205 1776 397 1848 ἄλογον
432 1779 571 1850 πρὸς
600 1779 692 1834 τὸν
724 1782 1032 1854 ἄνθρωπον,
1062 1783 1221 1839 τοῦτο
1248 1786 1341 1840 καὶ
1372 1789 1406 1858 ή
1441 1781 1619 1853 κτίσις
1658 1789 1794 1861 πρὸς

204 1868 303 1941 τὴν
338 1869 609 1942 θεότητα,
652 1872 795 1926 κατὰ
837 1874 898 1927 τὸ
928 1869 1046 1928 ἴσον
1087 1875 1162 1947 μὴ
1193 1876 1464 1951 δυναμένη
1510 1878 1601 1932 τὸν
1631 1880 1793 1934 αὑτὸν

206 1960 559 2026 ἐπιδέξασθαι
582 1963 661 2035 τῷ
692 1966 987 2036 προάγοντι
1035 1967 1215 2037 λόγον.
1259 1970 1372 2024 Καὶ
1402 1970 1478 2035 ὡς
1516 1973 1616 2026 οὐκ
1646 1972 1794 2026 ἐστιν

203 2051 294 2105 τὸν
322 2052 493 2107 αὐτὸν
532 2055 844 2126 ἐφαρμόσαι
868 2058 993 2129 ὅρον
1025 2058 1103 2130 τῷ
1136 2059 1340 2131 λογικῷ
1370 2078 1432 2115 τε
1466 2062 1561 2116 καὶ
1592 2061 1671 2134 τῷ
1703 2082 1793 2118 τε-

204 2143 436 2215 τράποδι
485 2144 775 2215 (διίσταται
818 2150 929 2219 γὰρ
962 2150 1203 2219 φυσικῶς
1247 2152 1506 2225 ἑκάτερον
1555 2154 1662 2211 ἀπὸ
1700 2153 1795 2209 τοῦ

204 2238 396 2308 ἐτέρου
429 2237 510 2308 τῷ
546 2238 844 2309 ἰδιάζοντι),
868 2240 1041 2306 οὕτως
1069 2243 1190 2297 οὐδὲ
1221 2243 1319 2317 τὴν
1350 2248 1577 2318 κτιστήν
1608 2265 1667 2301 τε
1701 2249 1794 2303 καὶ

203 2328 461 2381 ᾶκτιστον
494 2329 683 2384 οὐσίαν
726 2330 814 2385 διὰ
847 2331 954 2386 τῶν
1006 2333 1185 2388 αὐτῶν
1238 2335 1635 2407 ἐρμηνεύσεις,
1686 2337 1796 2391 τῶν

205 2418 296 2470 ἐπὶ
317 2416 529 2488 ταύτης
553 2419 861 2490 λεγομένων
891 2421 991 2492 τῆς
1019 2406 1369 2489 οὐσίαςίοὺκ
1400 2427 1796 2499 ὲφευρισκομέ-

202 2525 311 2561 νων
337 2511 411 2580 τῇ
439 2509 597 2581 ἄλλῃ·
642 2510 717 2573 ὡς
750 2512 858 2593 γὰρ
891 2511 989 2584 οὐχ
1020 2513 1334 2585 εὑρίσκεται
1372 2515 1442 2569 τὸ
1477 2516 1693 2587 λογικὸν
1738 2520 1796 2574 ἐν

200 2597 379 2668 ἶππῳ,
405 2598 530 2652 οὐδὲ
552 2602 609 2652 ἐν
635 2599 908 2673 ἀνθρώπῳ
934 2604 995 2656 τὸ
1024 2603 1348 2677 μονὼνυχον·
1381 2606 1553 2673 οὕτως
1582 2608 1706 2663 οὔτε
1728 2612 1796 2683 τῇ

196 2689 384 2743 κτίσει
409 2692 444 2761 ἡ
470 2689 679 2762 θεότης,
708 2692 832 2746 οὔτε
859 2696 924 2765 τῇ
948 2693 1163 2768 θεότητι
1186 2697 1246 2752 τὸ
1269 2699 1356 2752 διὰ
1380 2700 1609 2766 κτίσεως
1636 2699 1792 2756 εἶναι·

195 2780 323 2834 ἀλλ’
347 2781 400 2834 εί
426 2782 561 2846 Θεὸς
579 2822 595 2845 ,
636 2783 855 2849 πάντως
883 2786 978 2838 καὶ
1002 2785 1276 2857 ἄκτιστος,
1305 2791 1354 2843 εἰ
1385 2790 1443 2844 δὲ
1471 2791 1711 2856 κτιστὸς,
1735 2793 1794 2846 οὐ

194 2872 360 2937 Θεός.
393 2874 461 2929 ΕΞ
495 2877 568 2947 μή
597 2893 683 2940 τις
706 2876 813 2949 ἄρα
836 2877 924 2931 διὰ
943 2879 1194 2951 χρήσεώς
1216 2898 1362 2947 τινος
1396 2883 1491 2938 καὶ
1513 2884 1799 2955 συνηθείας

193 2962 404 3033 λόγων,
447 2964 604 3027 ψιλὸν
644 2968 737 3021 ἐπὶ
782 2970 883 3041 τὴν
926 2972 1105 3025 κτίσιν
1151 2972 1274 3042 ἄγοι
1302 2974 1364 3028 τὸ
1414 2975 1515 3046 τῆς
1548 2975 1798 3049 θεότητος

191 3056 380 3127 δνομα
399 3098 417 3123 ,
448 3057 701 3132 καθάπερ
728 3062 822 3115 καὶ
843 3061 1031 3127 ἵπποις
1065 3063 1175 3118 τισὶ
1231 3066 1301 3120 τὰ
1334 3064 1647 3138 ἀνθρώπινα
1690 3068 1798 3122 τῶν

192 3146 498 3219 ὀνομάτων
556 3151 712 3223 παρᾶ
763 3152 874 3207 τῶν
927 3155 1175 3209 ἱππικῶν
1241 3156 1626 3232 ἐπιϐέϐληταιο
1682 3160 1796 3215 ἀλλ’

194 3238 334 3293 οὔτε
367 3241 399 3294 6
431 3241 600 3305 ῐππος
628 3242 935 3314 ἄνθρωπος,
968 3245 1072 3300 κᾶν
1102 3247 1420 3322 ἀνθρωπίνῃ
1454 3252 1800 3325 προσηγορίᾳ

195 3332 667 3403 κατονομάζεται,
690 3334 812 3390 οὔτε
845 3338 906 3390 τὸ
928 3338 1137 3408 κτίσμα
1174 3339 1339 3405 Θεὸς,
1379 3341 1483 3396 κᾶν
1515 3359 1801 3414 προσμαρ-

193 3420 456 3491 τυρῶσιν
480 3423 631 3493 αὐτῷ
651 3441 794 3489 τινες
812 3426 912 3497 τὴν
943 3429 1127 3498 φωνὴν
1147 3432 1247 3500 τῆς
1274 3429 1546 3503 θεότητος.
1566 3432 1801 3503 φθόγγον

199 3512 464 3566 διάκενον
504 3515 563 3566 ιν
598 3514 751 3569 δυάδι
786 3516 1066 3573 συλλαϐῶν
1104 3519 1471 3591 χαριζόμενοι.
1526 3524 1680 3577 Ἐπεὶ
1708 3521 1801 3578 οὖν

204 3604 523 3677 συνηνέχθη
558 3607 698 3660 κατὰ
727 3608 789 3661 τὸ
817 3609 1122 3681 αὐτόματον
1157 3614 1187 3666 6
1211 3612 1311 3683 τῆς
1340 3614 1605 3686 αἱρέσεως
1645 3616 1801 3685 λόγος

202 3696 354 3766 πρὸς
382 3695 485 3767 τὴν
507 3697 786 3768 ἀλήθειαν,
816 3699 979 3765 αὐτὸς
1006 3702 1184 3774 ἑαυτῷ
1210 3704 1666 3775 ωμδουλευσάτω
1689 3711 1803 3773 τοῖς

199 3786 442 3851 οἰκείοις
489 3789 767 3861 ὲμμένεινσ
816 3792 909 3845 καὶ
955 3793 1079 3863 μηδ’
1120 3795 1179 3847 ὲν
1220 3795 1406 3868 τρόπῳ
1460 3798 1558 3861 τὰς
1607 3798 1799 3852 ἑαυτοῦ

202 3877 407 3946 φωνὰς
449 3879 832 3947 ἀνατίθεσθαι,
878 3884 1017 3939 ἀλλὰ
1051 3885 1133 3957 τῷ
1178 3886 1292 3940 ὄντι
1325 3887 1564 3959 νομίζειν
1595 3889 1802 3959 ἠλίθιον

202 3965 359 4023 εἶναι
390 3971 489 4024 καὶ
516 3973 964 4045 παρεξεστηκότα
986 4015 1002 4041 ,
1027 3977 1118 4030 τὸν
1140 3977 1202 4031 τὸ
1234 3979 1592 4050 ὑποκείμενον
1624 3981 1700 4052 μὴ
1727 3981 1803 4045 ὡς

198 4059 366 4113 ἔστιν
414 4060 779 4132 ὀνομάζοντα,
821 4065 935 4118 ἀλλ’
981 4066 1103 4120 ἀντὶ
1147 4066 1432 4139 ἀνθρώπου
1478 4069 1665 4135 ἵππον,
1709 4072 1802 4125 καὶ

199 4150 337 4203 ἀντὶ
366 4151 604 4222 οὐρανοῦ
636 4153 929 4220 θάλασσαν,
967 4156 1063 4209 καὶ
1094 4156 1214 4209 ἀντὶ
1251 4155 1383 4210 Θεοῦ
1416 4157 1641 4226 λέγοντα
1686 4160 1803 4213 κτί-

200 4258 333 4311 σμα
356 4258 374 4275 ο
407 4242 504 4296 καὶ
540 4244 726 4316 μηδεὶς
751 4245 946 4299 οἰέσθω
976 4247 1134 4318 παρὰ
1158 4247 1314 4316 λόγον
1358 4248 1801 4320 ἁντιδιαιρεῐσθαι

197 4334 295 4404 τῷ
339 4333 469 4405 Θεῷ
512 4335 612 4406 τὴν
656 4337 855 4402 κτίσιν,
888 4337 1026 4393 ἀλλὰ
1066 4339 1203 4412 πρὸς
1228 4340 1355 4404 τοὺς
1399 4342 1682 4414 προφήτας
1706 4343 1802 4397 καὶ

1888 507 2172 562 veritatem
2204 505 2436 574 allapsa,
2473 504 2617 559 hanc
2654 504 2967 559 instabilem
3003 514 3056 559 et
3097 503 3459 574 ampullarem

1886 597 2158 655 mendacii
2188 595 2638 652 constitutionem
2668 594 2724 649 in
2752 595 2988 649 nihilum
3018 594 3330 665 dissipavit.
3359 594 3460 651 llis

1886 691 2032 747 enim
2064 689 2247 745 verbis
2277 688 2447 744 dicit:
2483 686 2621 754 Quis
2664 687 2739 741 ita
2783 685 3041 757 stupidus
3082 694 3137 743 et
3171 702 3370 744 vecors
3409 697 3466 742 et.

1890 780 2245 837 humanitatis
2276 793 2491 843 exsors,
2545 786 2607 833 ut
2657 776 2725 832 de
2782 778 3097 833 hominibus
3150 778 3458 839 disserens.

1889 873 2036 928 hunc
2065 871 2286 942 quidem
2316 872 2615 935 hominem,
2645 869 2799 923 illum
2834 884 2967 923 vero
3004 884 3208 939 equum
3240 870 3462 935 dixerit,

1892 964 2141 1033 ipsorum
2174 963 2583 1033 comparatione
2612 960 2887 1015 lacta?At
2914 975 3017 1030 ego
3054 961 3157 1030 ipsi
3188 961 3420 1015 dixerim
3448 977 3460 1012 :

1891 1052 2160 1109 Prmelare
2193 1054 2446 1109 nominas
2481 1051 2739 1108 stolidum
2775 1064 2830 1107 et
2853 1051 3127 1119 hebetem,
3157 1060 3211 1107 et
3234 1051 3463 1107 bardum

1893 1146 1976 1201 sic
1999 1146 2147 1200 circa
2187 1159 2350 1199 voces
2379 1144 2726 1198 aberrantem
2765 1161 2778 1196 :
2809 1149 2863 1197 et
2898 1142 2963 1197 ad
2996 1142 3247 1197 veritatis
3277 1151 3465 1212 patro-

1892 1237 2096 1292 cinium
2130 1244 2183 1291 te
2214 1246 2338 1290 utar
2373 1243 2548 1291 teste.-
2567 1234 2624 1288 Si
2657 1235 2802 1289 enim
2836 1243 2922 1288 est
2962 1244 3221 1288 extremae
3247 1233 3466 1290 stolidi-

1896 1329 2030 1384 tatis
2063 1336 2118 1383 et
2150 1326 2443 1391 fatuitatis,
2472 1327 2618 1381 hunc
2647 1325 2871 1396 quidem
2896 1340 3121 1396 equum,
3155 1325 3309 1380 illum
3334 1340 3466 1380 vem

1892 1416 2165 1473 hominem
2186 1417 2389 1478 dicere,
2415 1418 2460 1472 si
2487 1416 2703 1487 quidem
2728 1431 2853 1472 vere
2888 1416 3049 1471 ambo
3075 1427 3262 1471 essent
3292 1416 3467 1469 homi-

1892 1524 1991 1563 nes
2027 1528 2038 1562 :
2074 1508 2305 1577 aequalis
2335 1523 2565 1578 prorsus
2599 1507 2842 1577 stuporis
2877 1513 2962 1561 est
3000 1521 3126 1561 cum
3160 1504 3304 1560 Deus
3342 1510 3467 1575 qui-

1894 1599 2011 1654 dem
2041 1596 2223 1664 Pater,
2275 1597 2417 1655 Deus
2459 1614 2587 1654 vero
2617 1597 2789 1652 Filius
2831 1613 2955 1653 esse
2995 1597 3273 1660 credatur,
3324 1597 3467 1671 lntnc

1900 1690 2117 1760 quidem
2157 1697 2427 1758 creatum,
2479 1690 2631 1747 illum
2677 1704 2805 1745 vero
2834 1690 3143 1743 increatum
3174 1687 3465 1749 allirmare,

1896 1796 2020 1835 cum
2061 1796 2161 1837 nec
2193 1781 2306 1836 illic
2352 1782 2690 1852 humanitas,
2712 1796 2815 1837 nec
2863 1780 2950 1836 hic
2992 1780 3273 1839 divinitas.
3310 1778 3377 1832 ad
3412 1778 3467 1833 id

1896 1871 2043 1943 quod
2098 1871 2304 1926 diversi
2355 1874 2576 1942 generis
2627 1879 2712 1926 est
2762 1870 3006 1925 nominis
3056 1866 3466 1938 perv’ersionem

1896 1961 2071 2031 possit
2098 1961 2411 2016 admittere.
2439 1959 2595 2027 Quod
2626 1960 2773 2015 enim
2806 1967 2892 2015 est
2922 1958 3155 2014 rationis
3180 1973 3375 2027 expers
3401 1959 3468 2012 act

1896 2052 2196 2121 hominem,
2227 2053 2331 2108 hoc
2358 2053 2522 2108 etiam
2554 2062 2806 2106 creatura
2833 2052 2901 2106 ad
2936 2050 3303 2113 divinitatem,
3342 2065 3468 2104 cum

1896 2161 1959 2200 ex
1987 2160 2145 2215 aequo
2178 2161 2284 2199 non
2318 2143 2495 2215 possit
2520 2144 2807 2199 admittere
2836 2140 3082 2197 eamdem
3109 2156 3234 2195 cum
3268 2142 3470 2211 produ-

1895 2244 2050 2293 cente
2124 2237 2409 2292 rationem.
2472 2238 2539 2291 Et
2610 2233 3067 2304 quemadmodum
3119 2248 3227 2286 non
3291 2240 3471 2303 potest

1895 2329 2084 2383 eadem
2134 2327 2379 2383 deﬁnitio
2427 2342 2737 2396 congruere
2800 2324 3033 2379 rationis
3094 2323 3371 2394 participi,
3416 2329 3470 2375 et

1897 2415 2233 2487 quadrupedi
2270 2435 2283 2472 :
2319 2416 2489 2472 distat
2511 2417 2661 2471 enim
2694 2415 2931 2469 alterum
2961 2413 3031 2469 ab
3055 2413 3226 2467 altero
3255 2420 3472 2466 natura-

1898 2508 2023 2563 liter
2054 2523 2153 2563 sua
2182 2507 2448 2578 peculiari
2485 2506 2819 2578 proprietate
2854 2524 2868 2559 :
2908 2506 2987 2561 sic
3023 2520 3197 2573 neque
3226 2512 3469 2557 creatam

1896 2609 1951 2654 et
1975 2600 2277 2654 increatam
2302 2600 2599 2654 essentiam
2637 2614 2735 2670 per
2763 2597 2954 2653 eadem
2997 2597 3469 2667 interpretaberis.

1897 2706 2022 2744 cum
2054 2705 2117 2745 ea
2147 2705 2269 2761 qua:
2299 2694 2362 2747 de
2402 2690 2505 2743 ista
2537 2688 2798 2743 dicuntur
2838 2688 3079 2743 essentia
3099 2728 3113 2751 ,
3160 2700 3268 2741 non
3318 2686 3473 2740 inve-

1897 2781 2120 2835 niantur
2167 2781 2222 2836 in
2260 2782 2365 2835 alia
2400 2798 2413 2835 :
2446 2782 2586 2835 sicut
2614 2783 2759 2835 enim
2788 2779 2842 2834 in
2873 2795 3014 2850 equo
3055 2779 3321 2833 rationale
3362 2794 3471 2832 non

1900 2872 2210 2940 invenitur;
2248 2888 2422 2943 neque
2458 2872 2512 2926 in
2545 2871 2784 2934 homine,
2827 2871 2970 2942 quod
3020 2886 3183 2925 unam
3215 2870 3472 2925 solidam-

1900 2978 2005 3032 que
2030 2962 2195 3017 habet
2226 2964 2484 3033 ungulam
2521 2981 2533 3015 :
2569 2962 2649 3017 sic
2679 2977 2857 3031 neque
2893 2962 2947 3015 in
2980 2970 3230 3015 creatura
3269 2961 3472 3015 divini-

1901 3061 2005 3114 tas,
2043 3054 2220 3123 neque
2259 3053 2311 3108 in
2356 3051 2638 3107 divinitate
2673 3052 2816 3122 quod
2855 3067 2950 3122 per
2983 3052 3311 3105 creationem
3353 3066 3472 3105 esse

1900 3147 2253 3215 comperitur.
2295 3143 2400 3200 Sed
2432 3145 2476 3199 si
2513 3144 2655 3199 Deus
2679 3156 2783 3206 ρει.
2810 3145 2973 3198 etiam
3007 3158 3232 3213 prorsus
3263 3143 3473 3196 increa-

1901 3245 1991 3291 tus
2026 3256 2039 3291 :
2076 3238 2122 3293 si
2169 3247 2391 3292 creatus
2440 3247 2545 3300 est,
2579 3252 2684 3291 non
2723 3247 2809 3292 εει
2856 3234 3017 3290 Deus.
3052 3234 3168 3290 Nisi
3215 3235 3338 3303 quis
3371 3250 3473 3287 usu

1899 3328 2136 3401 quodam
2179 3340 2234 3386 et
2282 3330 2683 3385 consuetudine
2732 3328 2989 3399 loquendi
3056 3339 3221 3382 tenue
3273 3342 3474 3382 nomen

1900 3420 2205 3477 divinitatis
2240 3421 2310 3477 ad
2344 3429 2652 3477 creaturam
2694 3420 2900 3486 trahat,
2933 3419 3392 3491 quemadmodum
3422 3427 3476 3473 et

1900 3517 2059 3585 equis
2091 3513 2451 3584 quisbusdam
2484 3515 2723 3569 humana
2767 3514 2990 3569 nomina
3023 3513 3091 3566 ah
3121 3512 3476 3583 equestribus

1902 3614 2032 3661 sunt
2067 3607 2237 3660 inclita
2267 3627 2281 3663 :
2316 3607 2410 3663 sed
2466 3622 2643 3677 neque
2670 3622 2847 3676 equus
2886 3606 3070 3668 homo.
3104 3607 3204 3661 etsi
3236 3606 3474 3660 humana

1902 3698 2262 3769 appellatione
2279 3698 2612 3764 nominatur,
2634 3712 2807 3768 neque
2828 3705 3078 3751 creatura
3100 3696 3264 3759 Deus,
3286 3713 3474 3765 quam-

1900 3790 1985 3846 vis
2021 3790 2070 3846 ei
2094 3790 2317 3860 quidam
2357 3804 2543 3849 vocem
2588 3788 2886 3843 divinitatis
2914 3790 3236 3851 attribuant,
3280 3804 3473 3841 sonum

1903 3881 2121 3936 inanem
2157 3881 2210 3934 in
2238 3881 2575 3949 syllabarum
2607 3879 2871 3935 dualitate
2897 3880 3293 3951 gratiﬁcantes.
3327 3879 3476 3945 Quo-

1904 3972 2050 4026 niam
2103 3971 2270 4043 igitur
2321 3981 2524 4027 temere
2577 3983 2631 4027 et
2684 3970 2908 4026 fortuito
2963 3972 3238 4027 hzerescos
3292 3987 3477 4026 serum

1909 4065 2126 4118 veritati
2162 4065 2468 4128 consensit,
2507 4065 2623 4135 ipse
2655 4065 2759 4120 sibi
2800 4065 3054 4119 consulat
3084 4064 3321 4135 propriis
3369 4064 3476 4116 im-

1903 4171 2159 4216 manere:
2193 4172 2293 4211 nec
2324 4172 2421 4227 per
2463 4165 2682 4228 tropum
2719 4157 2833 4211 sive
2867 4155 3095 4226 ﬁguram
3135 4170 3264 4209 suas
3314 4169 3477 4209 voces

1902 4248 2220 4312 attribuere,
2257 4249 2352 4302 sed
2392 4263 2517 4302 vere
2542 4256 2595 4302 et
2629 4248 2847 4303 realiter
2874 4248 3187 4303 existimare
3217 4247 3475 4311 stolidum

1903 4354 2048 4401 esse,
2100 4353 2279 4408 neque
2321 4338 2407 4394 sui
2458 4349 2789 4409 compotem,
2839 4355 2963 4395 eum
3012 4338 3105 4410 qui
3150 4355 3258 4393 non
3302 4349 3360 4393 nt
3390 4347 3476 4393 est

200 4423 357 4495 ⁴πρὸς
390 4426 521 4489 τοὺς
555 4428 882 4493 ἀποστόλους
918 4430 1178 4501 βλεπέτω.
1223 4430 1280 4485 ’0
1319 4432 1418 4503 μὲν
1451 4434 1556 4506 γὰρ
1588 4436 1797 4508 προφή-

1908 4431 2221 4500 suhjectum
2266 4431 2532 4496 nominat,
2592 4431 2687 4487 sed
2734 4448 2830 4502 pro
2880 4433 3100 4487 homine
3147 4447 3372 4501 equum,
3422 4439 3478 4487 ct

200 4533 319 4588 της
362 4518 533 4588 φησιν
570 4519 635 4572 ἐκ
666 4520 958 4592 προσώπου
1003 4522 1097 4576 τοῦ
1140 4524 1389 4595 Πατρδς,
1424 4527 1506 4581 ὅτι
1561 4527 1629 4583 ἸΙ
1670 4530 1800 4600 χείρ

200 4624 334 4677 μου
358 4607 617 4677 ἐποίησε
653 4610 850 4665 πάντα
885 4610 1091 4675 ταῦτα,
1119 4616 1276 4685 χεῖρα
1302 4615 1401 4688 τὴν
1433 4616 1529 4671 τοῦ
1564 4619 1803 4689 Μονογε-

200 4698 347 4764 νοῦς
372 4701 606 4772 δύναμιν
646 4702 723 4773 τῷ
766 4704 1047 4777 αἰνίγματι
1077 4706 1282 4776 λέγων’
1317 4709 1345 4761 6
1384 4707 1441 4761 δὲ
1485 4709 1803 4776 ’Δπόστολος

203 4794 284 4847 lx
308 4791 412 4846 τοῦ
437 4793 651 4866 Πατρὸς
675 4790 813 4848 εἶναι
841 4797 913 4851 τὰ
959 4797 1158 4865 πάντα,
1201 4798 1294 4852 καὶ
1320 4797 1410 4853 διὰ
1444 4798 1537 4854 τοῦ
1569 4800 1699 4855 Υἱοῦ
1735 4802 1805 4855 τὰ

200 4883 405 4938 πάντα
429 4883 601 4953 λέγει·
628 4887 915 4958 συμϐαίνει
938 4888 995 4943 δέ
1017 4907 1132 4955 πως
1153 4890 1215 4944 τὸ
1236 4892 1572 4964 προφητικὸν
1591 4892 1807 4965 πνεῦμα

202 4978 288 5048 τῇ
318 4976 655 5051 ἁποστολικῇ
680 4979 996 5052 διδασκαλίᾳ
1037 4983 1333 5057 καὶταύτῃ
1370 4984 1459 5038 διὰ
1497 4985 1809 5056 πνεύματος

198 5070 514 5144 γενομένῃ.
551 5072 699 5126 Ἐκεῖ
716 5089 777 5127 τε
800 5073 910 5145 γὰρ
936 5074 1002 5127 τὰ
1028 5075 1204 5130 πάντα
1230 5077 1329 5146 τῆς
1355 5075 1538 5147 χειρὸς
1560 5076 1694 5147 ἔργα
1715 5076 1808 5131 τοῦ

200 5161 319 5215 επὶ
364 5161 587 5217 πάντων
622 5165 652 5218 6
691 5166 977 5237 προφήτης
1010 5165 1199 5233 εἰπὼν,
1226 5166 1525 5221 διαστέλλει
1561 5167 1657 5239 τὴν
1702 5166 1810 5222 τῶν

198 5253 534 5323 γεγονότων
571 5254 731 5325 φύσιν
760 5257 895 5329 πρὸς
919 5258 1011 5311 τὸν
1036 5259 1371 5330 ποιήσαντα.’
1400 5258 1459 5311 Ὀ
1487 5258 1543 5312 δὲ
1576 5260 1808 5331 ποιήσας

203 5343 346 5396 ἔστι
388 5342 478 5396 διὰ
523 5343 623 5416 τῆς
661 5344 794 5409 ἰδίας
825 5346 1005 5419 χειρὸς
1045 5346 1115 5400 τὰ
1150 5348 1347 5409 πάντα,
1389 5349 1417 5401 6
1462 5347 1552 5400 ἐπὶ
1592 5349 1809 5403 πάντων

198 5431 399 5497 Θεόςο
430 5433 531 5506 τὴν
561 5434 660 5506 μὲν
704 5439 861 5510 χεῖρα
901 5437 1061 5510 ἔχων,
1109 5437 1178 5492 τὰ
1223 5437 1279 5491 δὲ
1324 5439 1502 5493 πάντα
1544 5438 1609 5493 δι’
1643 5439 1811 5512 αὐτῆς

1908 4537 2011 4593 pro
2046 4523 2189 4577 cmlo
2240 4538 2411 4587 mare,
2461 4530 2518 4579 et
2555 4539 2655 4594 pro
2683 4522 2795 4579 Deo
2846 4533 3152 4580 creaturam
3200 4524 3476 4580 dii-endo:

1905 4622 1961 4670 et
1993 4632 2058 4669 ne
2089 4616 2212 4686 quis
2241 4615 2520 4672 existimet
2550 4658 2567 4684 ,
2605 4625 2802 4688 praeter
2850 4617 3118 4671 rationem
3165 4626 3476 4672 creaturam

1909 4705 2021 4762 Deo
2063 4723 2129 4762 ex
2182 4708 2413 4763 adverso
2442 4710 2666 4780 opponi,
2710 4710 2803 4766 sed
2848 4709 2913 4763 ad
2966 4709 3278 4779 prophetas.
3316 4717 3370 4763 et
3410 4709 3480 4762 ad

1914 4798 2193 4869 apostolos
2224 4798 2505 4869 respiciat.
2547 4797 2682 4853 Nam
2728 4800 2990 4870 propheta
3028 4798 3205 4868 inquit
3254 4816 3318 4851 ex
3355 4814 3479 4869 pcr—

1905 4907 2039 4947 sona
2078 4891 2256 4946 Patris
2290 4909 2304 4947 :
2347 4891 2542 4947 Manus
2589 4909 2706 4947 mea
2744 4894 2855 4948 lucc
2902 4893 3080 4947 omnia
3125 4893 3245 4962 [erit
3283 4893 3348 4954 ",
3383 4906 3481 4961 per

1904 4998 2149 5048 manum,
2195 4983 2474 5056 Unigeniti
2525 4984 2783 5039 virtutem
2844 4985 3077 5039 obscure
3135 4982 3477 5056 signiﬁcans.

1905 5075 2202 5145 Apostolus
2237 5090 2367 5130 vero
2391 5092 2457 5131 ex
2484 5074 2648 5132 Patre
2680 5091 2803 5131 esse
2828 5078 3036 5138 omnia,
3062 5084 3117 5130 et
3151 5092 3245 5146 per
3279 5075 3478 5129 Filium

1907 5168 2089 5221 omnia
2113 5166 2244 5222 dicit
2277 5167 2353 5234 ¹⁶;
2384 5166 2738 5240 prepheticus
2771 5178 2952 5223 autem
2984 5168 3208 5238 Spiritus
3246 5181 3480 5220 consen-

1904 5258 1969 5312 tit
2004 5259 2321 5328 apostolieze
2360 5258 2645 5325 doctrinae,
2704 5275 2825 5330 qua:
2868 5261 3031 5315 etiam
3080 5274 3176 5328 per
3223 5257 3476 5313 eumdem

1907 5349 2159 5418 spiritum
2205 5347 2346 5431 facta
2379 5358 2485 5404 est.
2520 5350 2638 5405 Illic
2668 5351 2815 5406 enim
2850 5351 3032 5405 omnia
3078 5364 3246 5420 opera
3280 5364 3479 5403 manus

1910 5440 2035 5510 eius
2065 5439 2158 5510 qui
2189 5449 2275 5495 est
2313 5441 2366 5494 in
2398 5441 2655 5497 omnibus
2684 5443 2947 5514 propheta
2980 5457 3105 5496 cmn
3137 5441 3297 5503 dixit,
3321 5451 3481 5494 natu-

202 5523 620 5595 ἐργαζόμενος.
652 5527 761 5580 Καὶ
791 5528 1027 5583 ενταῦθα
1063 5526 1226 5582 πάλιν
1266 5528 1295 5581 6
1354 5528 1671 5596 Ἀπόστολος
1713 5530 1797 5604 rip

1914 5548 2030 5588 ram
2069 5547 2259 5587 eorum
2290 5548 2412 5603 quae
2447 5533 2587 5588 facta
2622 5542 2773 5599 sunt,
2805 5533 2874 5589 ab
2905 5548 2971 5590 eo
2997 5532 3090 5605 qui
3129 5531 3258 5589 fecit
3284 5531 3483 5587 distin-

194 5612 402 5686 αὐτὴν
434 5618 667 5672 ποιεῖται
699 5617 809 5674 τῶν
831 5618 1000 5675 ὄντων
1029 5621 1228 5692 τομήν·
1260 5620 1329 5675 τὰ
1377 5620 1550 5677 πάντα
1582 5622 1684 5695 μὲν
1714 5623 1797 5696 τῆς

1919 5623 2040 5697 ευίι
2081 5637 2148 5680 ac
2185 5631 2426 5697 separat.
2481 5621 2586 5692 Qui
2631 5631 2813 5682 autem
2866 5638 3032 5681 manu
3078 5623 3297 5697 propria
3353 5621 3480 5678 fecit

310 5704 355 5737 "
388 5704 491 5767 lu.
524 5724 712 5779 sum,
749 5711 833 5766 I3.
909 5710 954 5743 "
976 5708 996 5764 ι
1019 5709 1148 5767 Cor.
1184 5724 1305 5779 vrtt,
1334 5709 1389 5767 6.
