3992 6210
488 297 583 350 πῖΙ

1765 295 1823 352 S.
1858 293 2188 354 GREGORII
2227 295 2518 354 NYSSENI

3645 299 3750 362 τῧῖ

492 410 698 474 omnia,
735 413 780 466 is
821 424 903 467 est
937 427 1103 482 super
1135 413 1322 468 omnia
1366 413 1546 478 Deus;
1579 429 1801 469 manum
1839 415 2062 486 quidem

2190 416 2460 486 τοιητικῆς
2510 415 2762 482 ἐξάπτων
2801 416 3000 481 αἰτίας,
3049 419 3146 472 οὒκ
3180 422 3237 473 ἐν
3275 426 3384 486 τοῖς
3423 426 3554 477 πᾶσι
3603 423 3658 478 δὲ
3697 429 3751 478 τὸ

494 501 724 564 habens,
779 503 963 555 omnia
1017 519 1146 557 vero
1193 520 1288 574 per
1337 505 1510 575 ipsam
1548 513 1831 574 operatus.
1869 505 1933 558 Et
1978 506 2066 558 bic

492 597 712 664 quidem
736 597 1030 665 Apostolus
1053 598 1300 652 eamdem
1335 613 1524 653 eorum
1557 614 1678 668 quae
1707 606 1834 652 sunt
1865 598 2068 652 sectio.

495 700 616 739 utan
663 687 812 750 facit,
847 691 1030 741 omnia
1077 689 1296 758 quidem
1342 705 1524 744 causa:
1562 690 1820 743 effectrici
1868 693 2070 743 aduec-

494 791 636 840 tcns,
683 796 789 833 non
813 781 876 834 -iu
911 783 1169 838 omnibus
1202 793 1380 837 autem
1431 783 1482 838 id
1517 785 1663 854 quod
1697 785 1859 838 cmcit
1895 803 2069 839 anuu-

494 889 715 927 merans
755 891 768 926 :
813 873 884 927 ita
921 883 980 927 ut
1025 874 1238 944 liquido
1272 884 1323 929 et
1375 875 1522 930 clare
1561 892 1654 946 per
1703 877 1817 931 haec
1860 888 2069 932 natura:

495 966 664 1018 creati
719 973 772 1019 et
831 966 1062 1021 iucreati
1133 966 1440 1022 diﬂercntia
1500 978 1647 1021 recte
1699 967 1984 1031 doceatur,
2017 977 2070 1022 et

497 1059 642 1111 aliud
680 1060 900 1128 quidem
938 1059 1084 1128 quod
1118 1059 1276 1115 t-ﬂicit
1323 1060 1624 1112 secundum
1662 1061 1938 1130 propriam
1979 1076 2073 1113 na-

495 1161 698 1211 turam,
758 1150 904 1204 aliud
974 1167 1102 1204 vero
1141 1152 1283 1219 quod
1335 1151 1583 1219 gignitur
1641 1152 2070 1206 demonstretur.

494 1243 764 1306 Quoniam
812 1243 980 1312 igitur
1003 1244 1188 1296 omnia
1223 1260 1250 1296 a
1296 1242 1424 1305 Deo,
1465 1242 1606 1297 Deus
1651 1253 1829 1297 autem
1861 1242 2071 1311 Filius;

497 1336 758 1401 phcclare
785 1343 1040 1390 creatura
1075 1334 1351 1388 divinitati
1393 1351 1454 1387 ex
1491 1334 1727 1389 adverso
1749 1335 2077 1404 opponitur:

496 1424 771 1493 Uuigeuiti
803 1436 982 1480 autem
1021 1435 1214 1479 natura
1255 1425 1402 1478 aliud
1428 1425 1687 1493 quiddam
1711 1435 1764 1478 et
1793 1424 2070 1479 diversum

2169 506 2356 558 ποιοῦν
2405 503 2797 576 ἐξαριθμήσας·
2830 507 2907 570 ὼς
2941 509 3125 576 σαφῶς
3167 510 3254 564 διὰ
3306 513 3512 566 τούτων
3562 515 3626 566 τὸ
3663 515 3750 582 τῆς

2191 599 2383 658 ’ύσεως
2418 597 2674 668 διάφορον
2716 599 2810 652 τοῦ
2849 587 3068 652 κτιστοῦ
3106 603 3239 673 πρὸς
3290 605 3349 657 τὸ
3389 607 3648 660 ἀκτιστον
3680 605 3752 658 δι-

2170 691 2449 761 δαχθῆναι·
2483 690 2574 743 καὶ
2625 690 2752 745 ἄλλο
2801 693 2899 762 μὲν
2947 693 3008 746 τὸ
3064 697 3248 748 ποιοῦν
3293 699 3432 751 κατὰ
3480 699 3578 768 τὴν
3629 699 3753 752 ἰδίαν

2173 782 2356 851 φύσιν,
2385 782 2570 854 ἕτερον
2603 782 2660 837 δὲ
2697 784 2758 837 τὸ
2785 785 3069 856 γινόμενον
3103 786 3432 843 δείκνυσθαι.
3484 791 3644 844 Ἐπεὶ
3669 787 3752 843 οὖν

2168 876 2236 930 τὰ
2265 877 2442 930 πάντα
2469 877 2530 929 ἐκ
2550 875 2642 930 τοῦ
2666 877 2822 942 Θεοῦ,
2851 879 2982 943 Θεὸς
3005 881 3058 934 δὲ
3087 884 3115 934 ὁ
3138 882 3283 944 Υἱός·
3319 882 3498 946 καλῶς
3523 883 3558 952 ἡ
3587 883 3753 945 κτίσις

2167 967 2654 1022 ἀντιδιαπέλλεται
2697 972 2762 1040 τῇ
2793 969 3033 1042 θεότητι·
3053 973 3143 1026 τοῦ
3172 973 3229 1026 δὲ
3263 975 3604 1043 Μονογενοῦς
3639 976 3755 1029 ἀλλο

2167 1079 2220 1114 τι
2259 1060 2411 1132 παρὰ
2443 1061 2540 1132 τὴν
2576 1061 2687 1115 τῶν
2718 1064 2935 1117 πάντων
2962 1063 3132 1117 ὄντων
3161 1064 3349 1133 φύσιν·
3377 1066 3472 1120 καὶ
3499 1067 3623 1119 ούδέ
3655 1068 3754 1119 τῶν

2173 1151 2497 1224 μαχομένων
2547 1155 2613 1224 τῇ
2674 1152 2902 1224 ἀληθείᾳ
2968 1156 3106 1226 πρὸς
3153 1157 3312 1210 τοῦτο
3372 1156 3756 1226 ἐνισταμένων·

2211 1244 2424 1314 ἀνάγκη
2454 1245 2605 1299 πᾶσα
2635 1246 2727 1298 καὶ
2757 1245 2834 1316 τῷ
2865 1245 2979 1315 Υἱῷ
3011 1247 3150 1300 κατὰ
3175 1247 3235 1300 τὸ
3257 1242 3376 1300 ἶσον
3414 1248 3756 1318 άντιδιαιρείο

2177 1335 2301 1388 σθαι
2329 1333 2427 1405 τὴν
2453 1334 2652 1390 κτίσιν.
2689 1336 2859 1407 Εἴπερ
2896 1336 2971 1407 μὴ
3004 1336 3286 1405 ψεύδονται
3313 1339 3380 1391 δι’
3408 1337 3578 1391 αύτοῦ
3609 1354 3758 1405 γεγε-

2174 1426 2369 1498 νῆσθαι
2401 1427 2471 1481 τὰ
2496 1427 2675 1481 πάντα
2707 1427 2814 1480 τῶν
2845 1428 3014 1496 ἁγίων
3037 1430 3092 1482 αἱ
3124 1431 3299 1498 φωναὶ
3328 1429 3758 1500 μαρτυρόμεναι.

496 1529 621 1566 vere
670 1521 754 1567 est
803 1515 874 1566 ab
905 1513 1151 1566 omnium
1203 1529 1324 1582 qua:
1370 1510 1510 1565 facta
1552 1521 1675 1565 sunt
1730 1521 1922 1565 natura
1959 1532 1970 1567 :
2005 1529 2129 1568 cum
2162 1531 2338 1586 neque
2369 1515 2424 1570 bi
2470 1516 2564 1586 qui
2605 1517 2825 1571 veritati
2871 1518 3237 1574 adversantur
3281 1520 3383 1575 boc
3431 1521 3760 1574 iuticientur:

504 1621 726 1660 necesse
762 1615 845 1660 est
888 1607 1112 1660 omnino
1147 1607 1399 1660 similiter
1445 1605 1584 1660 Filio
1623 1615 1929 1662 creaturam
1982 1627 2046 1666 ex
2088 1612 2323 1668 adverso
2353 1610 2578 1682 opponi.
2613 1609 2896 1682 Siquidem
2929 1628 3036 1667 non
3071 1614 3410 1669 mentiuntur
3443 1620 3759 1668 sanctorqu

495 1715 657 1754 voces
696 1709 960 1754 testantes
991 1717 1084 1770 per
1125 1702 1303 1771 ipsum
1344 1700 1483 1754 facta
1513 1717 1638 1756 esse
1680 1703 1887 1756 omnia.

564 1790 700 1844 Cum
739 1793 906 1859 igitur
939 1791 1081 1848 Deus
1136 1792 1451 1862 unigenitus
1496 1792 1550 1846 in
1584 1792 1786 1847 divinis
1817 1793 2069 1866 Scriptu-

2247 1797 2380 1851 Θεοῦ
2407 1799 2583 1853 τοίνυν
2611 1797 2706 1852 τοῦ
2753 1796 3080 1867 μονογενοῦς
3113 1797 3170 1848 ἐν
3199 1797 3317 1859 ταῖς
3350 1795 3524 1858 θείαις
3561 1811 3758 1865 κηρυσο

501 1886 579 1938 ris
613 1884 965 1954 pra-dicetur,
1016 1899 1175 1936 suum
1221 1897 1532 1938 sermonem
1577 1885 1849 1956 intelligat
1894 1887 2076 1941 Euno-

501 1978 670 2040 tuius,
697 1984 859 2046 atque
892 1975 1074 2030 omnis
1103 1975 1349 2045 stuporis
1372 1982 1425 2028 et
1447 1975 1717 2030 vecordia:
1749 1979 2078 2030 condemnet

499 2085 624 2124 eum
654 2068 749 2138 qui
787 2067 1128 2121 divinitatem
1161 2068 1214 2121 in
1243 2067 1294 2120 id
1331 2067 1477 2136 quod
1523 2079 1768 2122 creatum
1799 2078 1882 2124 est
1914 2080 1970 2124 et
2003 2070 2079 2122 iu-

500 2179 749 2217 creatum
786 2161 1105 2227 distribuit;
1151 2160 1456 2216 secundum
1497 2161 1912 2216 similitudinem
1956 2162 2078 2230 ejus

500 2255 594 2325 qui
641 2253 838 2308 dividit
889 2253 1164 2308 hominem
1213 2253 1267 2306 in
1316 2268 1518 2322 equum
1554 2262 1607 2307 et
1639 2254 1693 2308 in
1747 2255 2024 2310 hominem
2063 2274 2075 2309 :

500 2345 805 2399 dicitenim
847 2345 961 2414 ipse
1003 2354 1126 2412 post
1156 2345 1500 2414 uugatoriam
1543 2345 1924 2415 loquacitatem
1957 2362 2080 2416 qua:

499 2443 583 2487 est
621 2434 674 2487 ia
706 2433 908 2498 medio,
951 2435 1231 2503 paululum
1269 2449 1616 2504 progressus,
1654 2436 1793 2507 quod
1829 2438 2081 2488 immuta-

503 2527 623 2579 bilis
691 2527 967 2579 nominum
1023 2537 1250 2596 cognata
1307 2543 1426 2579 cum
1484 2526 1638 2580 rebus
1690 2528 1895 2580 relatio.
1963 2529 2080 2582 Hoc

500 2619 666 2670 etiam
695 2619 812 2688 ipse
862 2619 1076 2672 ratione
1136 2620 1528 2690 comprobans,
1589 2620 1715 2688 quia
1768 2622 1840 2674 sit
1901 2621 2076 2684 firma,

502 2725 628 2762 vera
664 2710 1091 2779 appellationum
1143 2727 1267 2763 cum
1318 2711 1567 2779 subjecto
1600 2710 1965 2765 familiaritas.
2013 2712 2069 2765 Si

503 2800 671 2869 igitur
703 2817 900 2855 nomen
942 2802 1249 2857 divinitatis
1311 2802 1594 2871 unigenito
1625 2803 1735 2856 Deo
1781 2803 2000 2858 adlucse
2030 2815 2083 2857 ct

502 2892 802 2961 conjuncta
835 2893 1158 2961 impositura
1205 2900 1313 2958 est,
1358 2891 1692 2946 assentietur
1737 2901 1918 2947 autem
1963 2909 2082 2946 om-

505 2986 660 3048 nino,
730 2985 834 3042 etsi
879 2985 1008 3038 velit
1044 2985 1333 3039 nobiscum
1382 2983 1648 3038 dimicare
1679 2992 1733 3038 et
1767 2984 2079 3049 colluctari,

507 3095 612 3132 non
651 3077 873 3132 mentiri
903 3076 1270 3147 Scripturam,
1302 3092 1482 3147 neque
1511 3075 1886 3131 dissonantem
1921 3091 1949 3129 a
1984 3092 2079 3130 ua-

2182 1891 2406 1961 σομένου
2432 1892 2698 1962 Γραφαῖς,
2726 1889 2978 1961 νοησάτω
3006 1888 3097 1941 τὸν
3125 1889 3252 1941 ῐδιον
3277 1888 3433 1954 λόγον
3465 1887 3723 1956 Εὐνόμιος
3741 1927 3756 1947 ,

2181 1983 2273 2035 καὶ
2320 1981 2653 2052 καταγνώτω
2697 1981 2878 2034 πᾶσαν
2907 1979 3224 2050 ἠλιθιότητα
3276 1977 3368 2031 τοῦ
3408 1978 3472 2030 τὸ
3497 1977 3654 2031 Θείον
3687 1977 3754 2048 τῷ

2180 2073 2381 2145 κτιστῷ
2410 2074 2502 2128 καὶ
2529 2073 2770 2144 ἀκτίστῳ
2802 2071 3283 2144 καταμερίζοντος·
3315 2069 3438 2123 καθ’
3473 2070 3756 2140 ὁμοιότητα

2178 2167 2272 2222 τοῦ
2306 2169 2396 2222 τὸν
2435 2167 2723 2236 ἄνθρωπον
2762 2169 2841 2230 εἰς
2875 2165 3040 2218 ἵππον
3069 2162 3402 2233 διαιροῦντος
3432 2162 3527 2215 καὶ
3556 2161 3756 2233 ἄνθρω-

2181 2277 2300 2314 πον·
2338 2261 2483 2329 λέγει
2511 2260 2620 2331 γὰρ
2662 2258 2824 2321 αὐτὸς
2863 2256 3000 2328 μετά
3028 2255 3126 2326 τὴν
3164 2254 3251 2307 διὰ
3295 2254 3463 2324 μέσου
3497 2253 3756 2323 φλυαρίαν

2184 2351 2376 2422 μικρὸν
2404 2349 2632 2413 ὑποϐὰς,
2669 2350 2749 2402 ὅτι
2804 2345 3176 2417 Ἀμετάθετος
3210 2345 3248 2412 ἡ
3283 2344 3615 2412 προσφυὴς
3655 2340 3758 2396 τῶν

2182 2440 2488 2510 ὀνομάτων
2525 2439 2676 2508 πρὸς
2707 2441 2778 2492 τὰ
2830 2437 3141 2506 πράγματα
3181 2433 3416 2503 σχέσις.
3465 2433 3641 2485 Τοῦτο
3676 2435 3761 2484 καὶ

2181 2530 2343 2593 αὐτὸς
2393 2527 2736 2599 ἐπιψηφίζων
2787 2527 2864 2597 τῷ
2918 2525 3084 2596 λόγῳ,
3123 2524 3202 2594 τῷ
3253 2525 3448 2592 πάγιον
3483 2517 3625 2575 εἶναι
3671 2521 3761 2590 τὴν

2181 2620 2358 2690 ἀληθῆ
2385 2617 2496 2692 τῶν
2521 2618 2899 2689 προσηγοριῶν
2925 2617 3062 2688 πρὸς
3093 2616 3153 2668 τὸ
3183 2614 3542 2683 ὑποκείμενον
3571 2613 3762 2665 οἰκειό-

2181 2730 2336 2784 τητα.
2375 2711 2439 2764 Εἰ
2468 2707 2562 2764 οὖν
2600 2709 2661 2763 τὸ
2691 2709 2970 2778 θεότητος
3011 2708 3182 2778 ὄνομα
3211 2705 3289 2777 τῷ
3347 2707 3630 2775 μονογενεῖ
3653 2703 3764 2772 Θεῷ

2185 2803 2476 2875 προσφυῶς
2515 2801 2906 2871 ἐπικέκληται,
2942 2799 3264 2869 συνθήσεται
3305 2797 3362 2850 δέ
3389 2798 3630 2859 πάντως,
3671 2795 3767 2848 κᾶν

2186 2896 2317 2967 πρὸς
2366 2896 2511 2964 ἡμᾶς
2549 2892 2706 2963 ἐθέλῃ
2744 2890 3245 2962 διαπληκτίζεσθαι,
3276 2889 3336 2943 τὸ
3378 2888 3454 2960 μὴ
3481 2887 3771 2958 ψεύδεσθαι

2181 2989 2279 3056 τὴν
2307 2987 2532 3058 Γραφὴν
2573 2985 2707 3057 μηδὲ
2747 2983 3056 3056 ἀπᾴδουσαν
3085 2983 3182 3054 τῆς
3211 2981 3425 3051 φύσεως
3461 2977 3770 3033 ἐπικεῖσθαι

2185 3081 2261 3152 τῷ
2292 3081 2584 3149 Μονογενεῑ
2615 3078 2712 3148 τὴν
2736 3077 2837 3147 τῆς
2875 3076 3124 3148 θεότητος
3157 3075 3370 3145 κλῆσιν,
3403 3072 3654 3126 πεισάτω
3685 3071 3771 3124 διὰ

505 3181 627 3222 tura
665 3167 962 3238 Unigenito
995 3168 1201 3240 imponi
1238 3168 1546 3224 divinitatis
1587 3170 2080 3238 nuncupationem,

2190 3143 2294 3227 τῶν
2323 3143 2465 3227 ἰδίων
2493 3143 2700 3226 ἑαυτόν.
2732 3143 2857 3224 ’Ότι
2875 3170 2923 3222 εἱ
2943 3143 3276 3239 ἀμετάθετος
3297 3169 3330 3236 ἡ
3360 3165 3647 3235 προσφυὴς
3669 3163 3774 3216 τῶν

506 3261 609 3316 sibi
646 3261 762 3324 ipse
796 3276 863 3315 ex
895 3261 1013 3316 suis
1045 3261 1270 3330 scriptis
1307 3261 1654 3330 persuadeat.
1692 3261 1849 3325 Quod
1891 3262 1934 3314 si
1979 3263 2083 3313 im-

508 3354 792 3410 mutabilis
825 3355 1114 3409 adbazrens
1149 3355 1433 3408 nominum
1465 3353 1532 3408 ad
1561 3371 1648 3410 res
1687 3355 1907 3417 relatio,
1946 3353 2084 3410 Deus

509 3459 694 3501 autem
730 3455 784 3499 et
814 3446 1079 3501 Dominus
1115 3446 1339 3505 dicitur,
1372 3462 1481 3502 non
1510 3455 1691 3517 potest
1723 3446 2082 3502 differentiam

509 3539 750 3607 aliquam
800 3539 1103 3594 secundum
1146 3537 1456 3594 divinitatis
1490 3541 1739 3593 notitiam
1777 3539 1830 3593 in
1860 3539 2000 3594 Filio
2034 3547 2088 3594 et

511 3631 566 3684 in
600 3630 760 3686 Patre
809 3638 1006 3695 meth
1028 3632 1314 3703 percipere
1347 3650 1359 3685 :
1395 3630 1668 3701 siquidem
1723 3630 1776 3684 in
1820 3630 2087 3686 ambobus

510 3739 803 3779 commune
833 3732 919 3780 est
965 3723 1070 3783 hoc
1110 3739 1308 3780 nomen
1347 3743 1360 3778 :
1395 3723 1504 3778 imo
1538 3739 1672 3777 vero
1711 3739 1819 3777 non
1861 3725 1964 3777 hoc
1998 3739 2083 3778 so-

512 3819 648 3882 lum,
666 3819 777 3874 ised
807 3819 973 3889 longa
997 3826 1082 3874 est
1107 3817 1392 3873 nominum
1419 3816 1694 3879 recensio,
1721 3816 1922 3886 quibus
1951 3815 2087 3869 Uni-

513 3911 732 3976 genitus
774 3925 897 3964 cum
933 3909 1097 3966 Patre
1147 3909 1567 3964 immulabiliter
1611 3917 1664 3963 et
1709 3906 2090 3962 indiﬂ‘erenter

514 4002 855 4068 nominatur,
905 4003 1104 4066 bonus,
1151 3999 1608 4069 incorruptibilis,
1645 3998 1856 4068 justus,
1897 3997 2086 4068 iudex,

516 4094 874 4164 louganimis.
909 4094 1247 4161 misericors,
1292 4100 1551 4156 aeternus,
1605 4092 1998 4162 sempiternus.
2037 4099 2120 4163 et‘

514 4201 856 4256 qmecunque
898 4185 1205 4256 magnificae
1237 4193 1452 4240 natura:
1495 4191 1550 4238 et
1589 4181 1846 4251 potentia:
1892 4180 2094 4253 signiﬁ-

515 4279 759 4332 cantiam
810 4277 1142 4341 ostendunt,
1180 4292 1305 4332 cum
1348 4276 1498 4331 nulla
1549 4274 1644 4329 fiat
1687 4274 1742 4328 in
1771 4289 1838 4328 eo
1878 4275 2095 4329 subtra-

515 4369 645 4429 ctio,
674 4369 974 4423 secundum
1006 4367 1402 4423 sublimitatem
1433 4366 1807 4436 intelligentia
1829 4365 1882 4419 in
1907 4363 2094 4434 aliquo

2187 3267 2464 3338 ὀνομάτων
2509 3264 2643 3336 πρὸς
2686 3261 2754 3316 τὰ
2787 3262 3089 3334 πράγματα
3121 3259 3326 3330 σχέσις,
3357 3259 3490 3320 Θεὸς
3520 3258 3579 3310 δὲ
3608 3259 3638 3312 ὁ
3665 3256 3775 3310 Κύ-

2194 3376 2306 3431 ριος
2331 3357 2564 3426 λέγεται,
2597 3357 2656 3409 ού
2683 3354 2904 3408 δύναται
2933 3351 3195 3422 διαφοράν
3235 3368 3357 3404 τινα
3383 3350 3524 3404 κατὰ
3553 3350 3654 3419 τὴν
3679 3349 3779 3418 τῆς

2191 3451 2442 3520 θεότητος
2463 3449 2669 3502 ἔννοιαν
2695 3447 2786 3500 ἐπὶ
2815 3444 2910 3498 τοῦ
2944 3442 3075 3497 Υίοῦ
3099 3444 3192 3497 καὶ
3212 3442 3310 3496 τοῦ
3344 3443 3565 3514 Πατρδς
3591 3443 3780 3510 ἐννοῆο

2191 3562 2298 3601 σαι·
2335 3545 2564 3616 ἐπείπερ
2604 3543 2782 3597 κοινὸν
2813 3544 2900 3596 ἐπ’
2943 3539 3267 3613 ἀμφοτέρων
3304 3535 3464 3590 τοῦτο
3494 3535 3556 3588 τδ
3583 3535 3776 3604 ὄνομα·

2194 3638 2392 3710 μᾶλλον
2420 3637 2476 3690 δὲ
2520 3638 2641 3707 οὐχὶ
2682 3635 2839 3690 τοῦτο
2886 3635 3066 3706 μόνον,
3108 3631 3244 3685 ἀλλά
3273 3629 3439 3693 πολύς
3475 3630 3628 3682 ἐστιν
3665 3627 3782 3678 bvo-

2194 3732 2376 3803 μάτων
2398 3730 2717 3798 κατάλογος,
2739 3724 2821 3792 οἷς
2849 3727 3283 3801 ἀπαραλλάκτως
3311 3725 3340 3776 ὁ
3368 3721 3685 3792 Μονογενὴς
3706 3717 3784 3790 τῷ

2192 3823 2368 3894 Πατρὶ
2419 3819 2873 3888 συνονομάζεται,
2922 3817 3154 3888 ἀγαθὸς,
3197 3815 3501 3886 ἄφθαρτος,
3531 3813 3784 3874 δίκαιοςι

2193 3914 2420 3987 κριτὴς,
2457 3912 2806 3984 μακρόθυμος
2825 3952 2840 3977 ,
2867 3911 3140 3981 ἐλεήμων,
3180 3909 3371 3971 ἀΐδιος,
3397 3905 3792 3972 ἀτελεύτητοςσ

2195 4007 2368 4060 πάντα
2414 4006 2514 4058 δσα
2558 4001 2652 4056 τοῦ
2706 4001 2993 4072 μεγαλείου
3040 4000 3140 4071 τῆς
3196 3995 3410 4068 φύσεώς
3459 4013 3521 4048 τε
3550 3995 3649 4049 καὶ
3687 3993 3789 4062 τῆς

2192 4096 2474 4168 δυνάμεως
2501 4094 2597 4166 τὴν
2637 4091 2912 4168 σημασίαν
2953 4091 3315 4154 ἐνδείκνυται,
3343 4087 3606 4158 οὐδεμιᾶς
3653 4087 3790 4139 ὑπο-

2197 4187 2386 4259 στολῆς
2413 4185 2555 4240 κατὰ
2582 4185 2641 4238 τὸ
2687 4182 2888 4255 ὑψηλὸν
2910 4183 3010 4253 τῆς
3046 4179 3257 4243 ἐννοίας
3283 4178 3340 4232 ἐν
3375 4195 3483 4243 τινι
3521 4177 3635 4230 τῶν
3675 4176 3790 4228 ὀνο-

2199 4279 2383 4350 μάτων
2421 4278 2506 4330 ἐπ’
2531 4274 2694 4328 αὑτοῦ
2728 4272 3050 4343 γινομένης·
3091 4271 3228 4325 ἀλλὰ
3251 4269 3344 4322 τὸν
3372 4268 3630 4322 τοσοῦτον
3667 4269 3792 4337 apt-

2196 4371 2330 4442 θμδν
2391 4368 2499 4421 τῶν
2561 4366 2720 4420 θείων
2770 4362 3148 4435 προσηγοριῶν
3210 4357 3322 4416 οἷον
3382 4360 3659 4432 μεμυκότι
3708 4356 3789 4426 τῷ

519 4461 822 4524 nominum.
883 4457 989 4514 Sed
1049 4467 1259 4512 tantum
1305 4457 1618 4513 divinarum
1665 4458 2084 4528 appellationum

2199 4459 2460 4530 ὀφθαλμῷ
2509 4455 2846 4528 παροδεύων,
2888 4455 3025 4526 πρὸς
3065 4453 3124 4507 ἓν
3177 4453 3334 4525 μόνον
3380 4450 3695 4515 διαϐλέπει,
3724 4447 3790 4535 τὸ

519 4566 830 4614 numerum,
878 4550 1047 4605 veluti
1097 4550 1412 4605 conniventi
1451 4551 1612 4604 oculo
1648 4551 1988 4620 praeteriens,
2031 4550 2098 4604 ad

521 4659 690 4698 unum
722 4643 898 4698 solum
939 4643 1186 4711 respicit,
1218 4643 1462 4711 genitum
1504 4651 1558 4695 et
1591 4641 1920 4712 ingenitum,
1949 4641 2098 4697 tenui

519 4747 572 4792 et
607 4737 825 4791 infirmo
857 4735 1124 4800 funiculo,
1165 4735 1308 4805 quod
1347 4733 1576 4788 ﬂuctuat
1612 4746 1666 4790 et
1710 4735 2101 4792 circumfertur

519 4831 724 4885 erroris
751 4828 992 4892 ﬂatibus,
1026 4826 1222 4897 dogma
1255 4827 1628 4883 committens.

591 4924 730 4976 Dicit
759 4921 929 4983 enim,
963 4921 1244 4982 neminem,
1275 4921 1363 4986 qui
1395 4920 1632 4972 veritatis
1667 4935 1850 4973 curam
1881 4919 2092 4985 habeat,

522 5018 813 5086 genitorum
831 5013 1116 5084 quidquam
1141 5012 1414 5064 nominare
1438 5011 1746 5081 ingenitum,
1776 5027 1939 5081 neque
1953 5027 2092 5078 eum,

522 5106 611 5173 qui
645 5113 721 5159 est
763 5105 814 5157 iu
848 5099 1091 5156 omnibus
1141 5099 1302 5162 Deus,
1359 5099 1554 5153 Filium
1591 5099 1668 5154 vel
1701 5100 2097 5169 geuitum:hoc

525 5207 705 5253 autem
745 5213 848 5251 non
889 5193 1124 5263 amplius
1161 5191 1368 5247 nostris
1410 5190 1616 5262 indiget
1645 5192 1996 5246 sermonibus
2031 5193 2097 5248 ad

525 5289 1000 5353 redargutionem;
1051 5300 1159 5337 non
1209 5282 1358 5337 enim
1397 5282 1722 5338 velamentis
1767 5281 2098 5351 quibusdam

527 5396 624 5448 pro
659 5397 760 5435 suo
791 5395 941 5433 more
963 5377 1146 5432 dolum
1179 5376 1440 5444 contegit,
1469 5374 1562 5430 sed
1593 5375 1832 5430 absurdo
1865 5377 2099 5431 similem

531 5472 659 5524 facit
714 5471 1110 5534 inversionem,
1162 5468 1291 5523 dum
1349 5467 1504 5530 dicit,
1563 5483 1739 5537 neque
1788 5467 2100 5537 genitorum

529 5563 825 5632 quidquam
857 5562 964 5613 diri
1009 5561 1336 5632 ingenitum,
1382 5575 1560 5629 neque
1599 5559 1806 5628 quiest
1841 5560 1894 5613 in
1926 5560 2103 5613 omni-

532 5655 636 5708 bus
693 5651 855 5714 Deus,
907 5649 1128 5715 Filium,
1175 5651 1256 5705 vel
1310 5651 1554 5720 genitum
1610 5649 1929 5703 nominari:
1969 5649 2102 5704 nihil

531 5743 750 5816 proprie
793 5749 845 5797 et
886 5741 1238 5811 peculiariter
1290 5740 1550 5812 unigeniti
1601 5741 1723 5798 Filii
1767 5742 2040 5798 divinitati
2075 5752 2107 5796 a

2196 4551 2452 4623 γεννητὸν
2497 4549 2590 4604 καὶ
2634 4547 2950 4618 ἀγέννητον,
2992 4543 3176 4615 λεπτῷ
3211 4561 3272 4596 τε
3305 4543 3400 4596 καὶ
3441 4541 3663 4596 ἀσθενεῖ
3707 4534 3789 4608 τῷ

2195 4644 2457 4714 πείσματι
2479 4681 2493 4705 ,
2525 4639 2586 4693 τὸ
2615 4637 3073 4707 κλυδωνιζόμενόν
3099 4653 3160 4690 τε
3191 4634 3286 4689 καὶ
3305 4633 3783 4706 «περιφερόμενον,

2193 4737 2304 4800 τοῖς
2343 4731 2618 4802 πνεύμασι
2646 4730 2744 4801 τῆς
2771 4729 2980 4798 πλάνης
3016 4726 3192 4798 δόγμα
3221 4723 3540 4789 πιστεύσας.

2269 4913 2408 4987 Φησὶ
2463 4912 2570 4983 γὰρ
2627 4909 2860 4980 μηδένα
2912 4907 3033 4962 τῶν
3074 4905 3360 4975 ἀληθείας
3391 4899 3784 4974 πεφρονταώ

2203 5019 2340 5068 των,
2376 5000 2514 5056 οὔτε
2559 4998 2677 5053 τῶν
2713 4997 3016 5068 γεννητῶν
3041 4994 3223 5050 οὐδὲν
3261 4993 3569 5063 ὀνομάζειν
3605 4990 3785 5060 ἀγέν-

2203 5109 2408 5161 νητον,
2445 5093 2583 5146 οὔτε
2609 5089 2716 5144 τόν
2741 5089 2838 5142 ἐπὶ
2868 5088 3111 5142 πάντων
3145 5087 3311 5150 Θεὸν,
3351 5086 3489 5139 Υὶὸν
3517 5085 3555 5154 ἢ
3583 5097 3787 5153 γεννη-

2205 5186 2332 5241 τόν.
2368 5184 2538 5238 Τοῦτο
2561 5183 2617 5237 δὲ
2645 5181 2827 5236 οὐκέτι
2863 5179 2970 5233 τῶν
3000 5179 3284 5250 ἡμετέρων
3308 5177 3580 5237 ἐπιδέεται
3609 5175 3785 5243 λόγων

2206 5279 2343 5350 πρὸς
2367 5278 2606 5348 ἔλεγχον.
2642 5275 2774 5329 Ούδέ
2806 5273 2916 5344 γάρ
2951 5271 3380 5343 προκαλύμμασί
3406 5287 3516 5324 τισι
3551 5268 3692 5322 κατὰ
3724 5267 3787 5319 τὸ

2209 5369 2438 5440 σύνηθες
2463 5367 2610 5438 αύτῷ
2649 5365 2971 5435 περισκέπει
3000 5363 3093 5416 τὸν
3121 5362 3288 5416 δόλον·
3328 5361 3444 5414 ἀλλ’
3471 5362 3590 5432 ἴσην
3611 5361 3782 5413 ποιεί-

2207 5478 2295 5514 ται
2322 5458 2412 5512 τοῦ
2449 5459 2648 5513 ἀτόπου
2675 5455 2772 5528 τὴν
2801 5454 3164 5524 ἀναστροφὴν,
3203 5454 3260 5506 ἐν
3291 5452 3370 5523 τῷ
3411 5452 3609 5519 λέγειν,
3647 5451 3785 5520 μήτε

2206 5552 2314 5607 τῶν
2351 5549 2624 5622 γεννητῶν
2652 5547 2904 5616 λέγεσθαί
2940 5564 2990 5600 τι
3019 5545 3336 5615 ἀγέννητον,
3381 5545 3518 5614 μήτε
3560 5543 3652 5594 τὸν
3695 5539 3785 5593 ἐπὶ

2205 5645 2423 5696 πάντων
2438 5639 2570 5694 Θεὸν
2591 5639 2716 5694 Υίὸν
2738 5639 2770 5708 ἢ
2788 5636 3045 5708 γεννητὸν
3064 5623 3445 5706 ὀνομάζεσθαι·
3463 5633 3616 5686 οὐδὲν
3647 5631 3784 5685 κατὰ

2203 5739 2265 5794 τὸ
2296 5737 2494 5803 ἰδιάζον
2517 5737 2585 5808 τῇ
2623 5735 2901 5808 μονογενεῖ
2947 5730 3066 5798 τοῦ,
3092 5728 3224 5785 Υῑοῦ
3267 5727 3482 5798 θεότητι
3527 5726 3676 5798 παρὰ
3720 5723 3782 5778 τὰ
