3992 6210
240 298 347 357 753

1336 303 2047 383 αοΝτιιΑεευΝοΜιυΜ,
2090 307 2219 365 LIB.
2260 306 2372 363 Vll.

3396 299 3503 358 754

239 410 403 471 λοιπά
432 408 539 465 τῶν
568 411 841 482 γεννητῶν
867 412 1186 487 ἀποκρίνας,
1228 415 1342 470 ἀλλ’
1368 418 1643 491 όμοτίμως
1663 421 1824 472 ποιεῖ-

1928 420 2154 491 reliquis
2182 435 2306 492 qua;
2333 433 2429 491 per
2460 415 2795 473 creationem
2834 414 2975 473 facta
2998 420 3148 481 sunt,
3173 414 3422 472 tribuens
3446 422 3504 472 et

210 524 331 564 ,ται
356 504 458 576 τὴν
486 505 621 575 πρὸς
654 505 785 559 Θεὸν
810 505 1091 578 διαστολὴν
1118 508 1335 562 πάντων
1367 509 1474 563 τῶν
1496 510 1817 578 γεγονότων·

239 596 341 651 οὐκ
366 591 560 659 ἐξελὼν
600 593 692 647 τὸν
719 595 849 650 Υἱὸν
888 597 996 650 τῶν
1026 597 1262 652 πάντων.
1299 599 1410 653 Καὶ
1436 598 1526 654 διὰ
1568 599 1669 669 τῆς
1714 599 1823 653 τῶν

241 688 459 742 ἀτόπων
498 685 661 757 δῆθεν
706 687 1051 760 ἀναστροφῆς
1070 727 1086 753 ,
1131 689 1382 760 φανερῶς
1429 689 1520 744 τὸν
1562 688 1689 743 Υἱὸν
1722 689 1825 759 τῆς

244 776 396 840 θείας
427 774 684 846 ἀφίστησι
722 776 956 848 φύσεως,
979 777 1153 847 λέγων
1183 780 1320 851 μήτε
1345 797 1396 833 τι
1420 778 1530 834 τῶν
1550 779 1822 851 γεννητῶν

244 869 558 939 ἀγέννητον,
591 869 727 941 μήτε
748 868 840 924 τὸν
876 869 1006 926 Θεὸν
1042 870 1171 925 Υἰὸν
1196 872 1229 944 η
1260 872 1515 943 γεννητὸν
1545 871 1820 942 λέγεσθαι,

243 961 313 1030 τῇ
342 957 728 1029 ἀντιδιαιρέσει
757 958 943 1028 σαφῶς
980 957 1042 1013 τὸ
1071 961 1297 1031 φρικτὸν
1334 960 1690 1021 ἐκκαλύπτων
1723 962 1822 1032 τῆς

246 1048 623 1120 βλασφημίας’
656 1048 964 1114 διαστείλας
1008 1049 1117 1123 γὰρ
1161 1051 1231 1106 τὰ
1280 1051 1544 1121 γεγονότα
1588 1053 1722 1125 πρὸς
1764 1055 1823 1107 τὸ

240 1138 558 1210 ἀγέννητον,
589 1140 649 1193 ἐν
679 1142 745 1211 τῇ
773 1140 914 1195 κατά
936 1140 995 1195 τὸ
1019 1141 1374 1213 ἀντίστροφον
1408 1144 1668 1215 ἐπαγωγῇ
1693 1144 1822 1198 οὐκ-

242 1230 326 1285 έτι
345 1231 438 1285 τὸν
464 1231 776 1303 ἀγέννητον,
800 1233 937 1288 ἀλλά
956 1234 1049 1288 τὸν
1076 1234 1209 1289 Θεὸν
1234 1232 1391 1289 εἶπεν
1414 1236 1542 1290 Υἱὸν
1565 1236 1598 1307 ἢ
1632 1253 1819 1307 γεννηο

240 1320 338 1375 τὸν
362 1322 619 1378 ἀδύνατον
638 1319 777 1377 εἰναι
799 1323 1002 1392 λέγειν,
1024 1324 1237 1389 δεικνὺς
1259 1325 1346 1380 διὰ
1368 1326 1472 1379 τῶν
1491 1327 1819 1397 εἰρημένων,

238 1413 324 1467 ὅτι
352 1413 416 1466 τὸ
441 1414 516 1485 μὴ
544 1414 841 1485 ἀγέννητον
864 1414 997 1478 Θεὸς
1019 1415 1120 1469 οὐκ
1156 1414 1268 1468 ἔστι
1287 1456 1301 1477 .
1337 1416 1431 1469 καὶ
1459 1416 1540 1469 ὅτι
1573 1415 1822 1470 τοσοῦτον

238 1504 435 1574 ἀπέχει
471 1506 501 1557 ὁ
535 1506 831 1576 μονογενὴς
868 1505 1000 1569 Θεὸς
1036 1505 1123 1559 διὰ
1165 1506 1228 1559 τὸ
1264 1504 1521 1577 γεννητὸν
1552 1501 1691 1575 εἶναι
1728 1506 1821 1558 τοῦ

239 1593 379 1650 εἰναι
410 1596 564 1659 Θεὸς.
605 1599 729 1651 ὅσον
760 1597 852 1650 καὶ
877 1600 905 1651 ό
929 1598 1225 1667 ἀγέννητος
1261 1596 1354 1651 τοῦ
1386 1597 1643 1667 γεννητὸς
1682 1595 1822 1652 εἶναι

237 1690 271 1760 ἢ
300 1689 576 1758 λέγεσθαι.
608 1691 683 1743 Οὐ
718 1691 825 1762 γὰρ
848 1691 1042 1763 ἀγνοίᾳ
1076 1692 1175 1763 τῆς
1212 1691 1354 1747 κατά
1379 1693 1469 1747 τὸν
1502 1693 1657 1762 λόγον
1689 1695 1817 1749 ἀκοο

1922 528 2240 577 secernens,
2272 512 2368 568 sed
2406 509 2673 581 aequalem
2709 506 2839 563 facit
2872 522 3063 564 eorum
3105 507 3352 562 omnium
3382 523 3503 575 qua;

1922 618 2018 673 per
2044 603 2449 674 generationem
2484 600 2627 655 facta
2650 605 2780 655 sunt
2809 614 2935 656 cum
2966 597 3080 655 Deo
3105 598 3501 663 differentiam,

1922 694 1990 747 ab
2016 693 2275 749 omnibus
2306 708 2414 748 non
2445 701 2675 763 excepto
2705 690 2867 746 Filio.
2913 689 2977 745 Et
3010 706 3106 762 per
3134 689 3499 746 absurdorum

1923 794 2071 841 certe
2095 785 2465 841 inversionem
2497 782 2788 839 manifeste
2813 781 3012 837 Filium
3038 796 3069 836 a
3094 781 3278 836 divina
3304 791 3501 835 natura

1926 874 2217 938 abstrahit,
2264 887 2390 927 cum
2427 872 2584 939 dicit,
2632 886 2811 941 neque
2853 870 3161 941 genitorum
3203 869 3500 939 qmidquam

1927 962 2252 1033 ingenitum,
2297 978 2472 1033 neque
2506 964 2698 1026 Deunt,
2735 960 2935 1015 Filium
2969 961 3053 1014 vel
3086 960 3330 1031 genitum
3370 960 3500 1020 diei,

1924 1053 2027 1107 hac
2052 1056 2427 1126 oppositorum
2458 1055 2730 1110 divisione
2760 1052 3079 1117 horribilem
3106 1052 3501 1123 blasphemiam

1924 1157 2111 1214 aperte
2143 1147 2451 1201 recludens.
2490 1146 2625 1201 Cum
2656 1146 2799 1199 enim
2831 1159 2892 1200 ea
2930 1158 3052 1214 quze
3096 1143 3236 1197 facta
3274 1154 3399 1199 sunt
3436 1142 3504 1196 ab

1926 1233 2171 1302 ingenito
2196 1234 2566 1298 distinxissct,
2606 1251 2729 1288 mox
2764 1235 2819 1288 in
2858 1250 2919 1288 ea
2952 1249 3071 1304 quae
3106 1250 3202 1303 per
3231 1234 3504 1287 inversio-

1925 1340 2047 1378 nem
2095 1324 2152 1377 lit
2202 1324 2543 1389 inductione,
2592 1340 2699 1378 non
2754 1325 2989 1393 amplius
3039 1323 3362 1392 ingenitum,
3406 1324 3500 1377 Sed

1926 1414 2095 1469 Deum
2133 1416 2271 1469 dixit
2312 1414 2509 1469 Filium
2547 1417 2629 1470 vel
2670 1416 2909 1486 genitum
2948 1416 3098 1469 nullo
3148 1429 3311 1484 posse
3340 1414 3505 1467 modo

1924 1507 2057 1571 dici,
2103 1523 2201 1579 per
2251 1508 2366 1563 haec
2396 1509 2539 1563 dicta
2576 1509 2984 1567 demonstrans.
3015 1507 3159 1572 quod
3195 1506 3327 1560 illud
3358 1505 3502 1576 quod

1926 1612 2036 1652 non
2061 1608 2145 1652 cst
2185 1599 2516 1669 ingenitum,
2547 1613 2654 1651 non
2692 1606 2774 1653 est
2803 1582 2971 1664 Deus,
3022 1605 3071 1652 et
3109 1596 3254 1665 quod
3290 1603 3503 1648 tantum

1927 1687 2102 1753 abest,
2129 1694 2188 1741 ut
2217 1688 2529 1757 unigenitus
2564 1686 2706 1741 Deus
2746 1687 2819 1741 sit
2861 1685 3023 1751 Deus,
3073 1685 3199 1756 quia
3234 1684 3305 1738 sit
3353 1684 3504 1755 geni-

236 1780 458 1845 λουθίας
480 1761 809 1852 ἀσύμφωνόν
848 1800 907 1835 τε
957 1761 1048 1837 καὶ
1076 1761 1416 1856 ἀνάρμοστον
1450 1761 1682 1840 ποιεῖται
1712 1786 1819 1840 τῶν

1928 1785 2050 1844 tus,
2125 1787 2389 1849 quantum
2454 1778 2620 1834 etiam
2682 1776 2957 1849 ingenitus
3024 1786 3083 1830 ut
3153 1778 3224 1831 sit
3287 1775 3509 1845 genitus

235 1873 504 1927 τεθέντων
530 1872 626 1944 τὴν
656 1873 1023 1945 ἀναστροφὴν,
1044 1875 1180 1929 ἀλλὰ
1203 1875 1524 1949 κακουργῶν
1545 1877 1642 1945 τῆς
1664 1878 1818 1930 εὐσε-

234 1964 386 2028 ϐείας
414 1965 507 2018 τὸν
536 1964 714 2034 λόγον,
745 1966 1166 2022 ἀντιδιαστέλλει
1187 1968 1265 2039 τῷ
1299 1967 1544 2040 γεννητῷ
1573 1968 1672 2042 τὴν
1704 1969 1819 2023 θεό-

232 2072 393 2127 τητα,
437 2056 600 2110 τοῦτο
635 2058 703 2111 δι’
736 2053 811 2114 ὧν
846 2059 996 2128 λέγει
1035 2062 1481 2127 κατασκευάζων,
1532 2062 1614 2117 ὅτι
1644 2062 1705 2114 τὸ
1745 2061 1819 2133 μὴ

232 2148 531 2218 ἀγέννητον
554 2149 686 2215 Θεὸς
714 2150 814 2203 οὒκ
845 2149 1009 2206 ἔστιν.
1046 2148 1123 2205 Ἦ
1156 2153 1264 2226 γὰρ
1297 2154 1501 2226 ἀληθὴς
1529 2156 1820 2210 ἀκολουθία

232 2238 327 2291 τοῦ
349 2238 514 2307 λόγου
545 2256 629 2303 τις
657 2234 747 2310 ἦν,
779 2240 1002 2294 εἰπόντα
1044 2241 1207 2312 μηδὲν
1237 2241 1345 2294 τῶν
1382 2243 1656 2312 γεννητῶν
1682 2241 1819 2298 εἶναι

230 2332 553 2400 ἀγέννητον,
587 2331 884 2400 ἐπαγαγεῖν
903 2332 985 2384 ὃτι
1014 2333 1136 2385 οὐδὲ
1163 2334 1215 2386 ετ
1244 2349 1295 2385 τι
1325 2334 1466 2387 κατὰ
1492 2315 1653 2403 φύσιν
1673 2335 1819 2387 ἐστὶν

231 2420 553 2491 ἀγέννητον,
589 2422 844 2490 γεννητὸν
874 2418 1013 2475 εἶναι
1038 2422 1280 2478 δύναται.
1328 2424 1389 2477 '0
1431 2424 1539 2495 γὰρ
1581 2425 1819 2489 τοιοῦτος

233 2514 393 2580 λόγος
450 2512 631 2566 καὶτὸ
658 2512 857 2583 ἀληθὲς
891 2513 1003 2584 ἔχει
1026 2552 1040 2575 ,
1079 2514 1173 2567 καὶ
1204 2515 1304 2585 τῆς
1346 2515 1692 2587 βλασφημίας
1730 2534 1827 2591 κεο.

231 2602 523 2674 χὼρισται.
550 2600 663 2654 Νῦν
682 2602 740 2655 δὲ
867 2602 1146 2674 προθεῖναι
1173 2604 1268 2675 μὲν
1290 2606 1370 2658 ὅτι
1402 2604 1509 2657 τῶν
1544 2604 1819 2676 γεννητῶν

226 2690 387 2745 οὐδέν
410 2690 561 2742 ἐστιν
578 2688 891 2760 ἀγέννητον,
910 2690 1210 2759 ἐπαγαγεῖν
1238 2690 1294 2745 δὲ
1316 2692 1397 2745 ὅτι
1421 2692 1541 2745 οὐδὲ
1564 2691 1820 2763 γεννητὸς

221 2785 254 2837 ὁ
304 2782 444 2845 Θεὸς
466 2820 482 2844 ,
528 2780 711 2850 σαφῶς
746 2781 842 2836 τοῦ
885 2777 1024 2836 εἶναι
1062 2783 1194 2836 Θεὸν
1222 2783 1314 2837 τὸν
1378 2778 1640 2854 μονογενῆ
1686 2783 1819 2837 Θεὸν

220 2872 506 2945 ἀφορίζει·
546 2870 635 2925 διά
656 2870 752 2925 τοῦ
785 2872 859 2944 μὴ
883 2873 1176 2942 ἀγέννητον
1198 2874 1361 2928 αὑτὸν
1398 2872 1534 2928 εἰναι
1554 2917 1568 2939 ,
1596 2875 1656 2929 τὸ
1684 2874 1818 2946 μηδὲ

220 2963 369 3018 Θεὸν
400 2963 565 3016 αὐτὸν
595 2958 735 3017 εἰναι
761 2963 1205 3029 κατασκευάζων.
1233 2960 1357 3036 'Ap’
1389 2960 1481 3020 οὖν
1509 2966 1712 3037 ἑτέρων
1738 2966 1818 3019 ἔτι

221 3053 375 3126 πρὸς
400 3053 675 3120 ἀπόδειξιν
714 3054 814 3125 τῆς
836 3054 1068 3109 ὲκτόπου
1110 3056 1314 3124 ταύτης
1340 3056 1686 3129 βλασφημίας
1712 3057 1819 3110 τῶν

220 3147 482 3216 ἐλέγχων
502 3144 774 3216 δεόμεθα;
817 3146 927 3199 Καὶ
967 3146 1067 3199 οὐκ
1104 3149 1265 3218 ἀρκεῖ
1307 3147 1469 3201 τοῦτο
1505 3148 1663 3219 μόνον
1702 3149 1821 3202 ἀντὶ

224 3237 443 3309 στήλης
471 3236 725 3305 γενέσθαι
750 3236 829 3309 τῷ
849 3238 1237 3309 Χριστομάχῳ,
1261 3236 1338 3309 τῷ
1362 3236 1820 3311 κατασκευάζοντι

220 3331 325 3386 διὰ
362 3329 473 3382 τῶν
508 3330 813 3400 εἰρημένων
847 3331 922 3401 μὴ
962 3326 1102 3383 εἶναι
1139 3331 1271 3383 Θεὸν
1302 3331 1392 3384 τὸν
1430 3332 1486 3384 ἐν
1520 3331 1662 3400 ἀρχῇ
1695 3330 1822 3383 ϐντα

223 3423 413 3492 Λόγον
437 3422 599 3487 Θεὸνς
619 3423 684 3475 Τί
705 3419 798 3476 οὖν
826 3423 907 3476 ἔτι
933 3424 1040 3496 χρὴ
1076 3423 1212 3494 πρὸς
1240 3425 1366 3486 τοὺς
1391 3422 1665 3486 τοιούτους
1696 3440 1824 3493 σνμ-

226 3514 576 3579 πλέκεσθαις
613 3514 748 3568 υύὸὲ
771 3514 879 3587 γὰρ
898 3518 1005 3579 τοῖς
1035 3515 1163 3586 περὶ
1184 3515 1251 3569 τὰ
1281 3513 1474 3569 εἴδωλα
1502 3514 1595 3568 καὶ
1620 3514 1679 3567 τὸ
1706 3514 1823 3567 ἑπι-

227 3605 450 3676 ϐὡμιον
470 3605 666 3677 λύθρον
694 3606 1108 3677 ἀσχολουμένοις
1138 3605 1565 3678 δωπλεκὸμεθα,
1598 3608 1718 3678 οὐχὶ
1749 3606 1826 3678 τῷ

230 3697 592 3755 συντίθεσθαι
620 3701 686 3769 τῇ
716 3698 962 3770 ἀπωλείᾳ
996 3699 1104 3753 τῶν
1146 3698 1664 3770 είδωλομανούντων,
1692 3700 1827 3754 ἀλλά

230 3790 321 3862 τῷ
344 3788 654 3860 βαρυτέραν
688 3784 827 3843 εἶναι
850 3788 948 3860 τὴν
985 3789 1137 3843 νόσον
1173 3789 1352 3843 αὐτῶν
1383 3790 1484 3860 τῆς
1509 3793 1639 3862 παρ’
1667 3789 1826 3860 ἡμῶν

233 3879 568 3952 θεραπείας.
618 3879 828 3949 Ὥσπερ
872 3879 1053 3932 τοίνυν
1101 3880 1200 3951 τὴν
1245 3880 1655 3951 είδωλολατρξαν
1696 3881 1828 3935 αὐτὸ

232 3971 591 4043 καταμηνύει
638 3971 700 4026 τὸ
741 3971 922 4043 ἔργον,
948 3971 1042 4024 καὶ
1069 3972 1558 4044 προλαμϐανόντων
1588 3974 1695 4028 τῶν
1734 3992 1828 4029 κα-

228 4065 497 4136 τηγόρων
516 4063 606 4117 τὸν
629 4062 849 4134 ἔλεγχον
875 4063 934 4115 τὸ
969 4063 1137 4116 κακὸν
1162 4064 1218 4115 ὲν
1247 4064 1525 4135 παρρησία
1550 4064 1831 4135 τολμώμε-

232 4173 353 4209 νονο
382 4153 532 4208 οὕτω
563 4153 655 4208 καὶ
675 4151 907 4207 ἐνταῦθα
931 4155 1088 4225 σιγᾷν
1116 4150 1267 4225 οἶμαι
1297 4156 1412 4208 δεῖν
1430 4155 1521 4210 τὸν
1548 4156 1646 4225 τῆς
1675 4158 1831 4210 εὐσε-

234 4243 398 4306 ϐείας
428 4244 749 4313 συνήγορον,
775 4240 909 4312 πρὸς
933 4241 1024 4293 τὸν
1059 4241 1265 4311 βοῶντα
1299 4244 1419 4298 καθ’
1452 4244 1645 4298 ἑαυτοῦ
1673 4263 1828 4318 περι-

232 4332 432 4403 φανῶς
458 4331 557 4403 τὴν
582 4331 857 4385 ἀσέϐειαν.
889 4332 1157 4404 Καθάπερ
1193 4335 1288 4389 καὶ
1327 4337 1421 4389 ἐπὶ
1452 4335 1561 4389 τῶν
1592 4336 1669 4408 τῷ
1698 4355 1831 4410 καρ·

1923 1869 2003 1923 vel
2029 1870 2268 1925 dicatur.
2308 1867 2418 1925 Nec
2448 1868 2595 1930 enim
2637 1868 2977 1937 ignoratione
3007 1867 3129 1934 ejus
3160 1880 3282 1935 qua:
3308 1880 3505 1920 secun-

1921 1957 2050 2013 dum
2100 1959 2369 2013 rationem
2413 1966 2498 2013 est
2534 1950 2960 2028 consequentia}.
3012 1956 3399 2010 inconcinnam
3450 1962 3505 2009 et

1924 2052 2284 2121 incongruam
2325 2050 2453 2105 facit
2484 2049 2787 2122 positorum
2823 2048 3216 2111 inversionem,
3254 2045 3351 2100 sed
3385 2060 3503 2097 ma-

1922 2143 2103 2198 litiose
2155 2151 2211 2199 et
2261 2142 2453 2197 dolose
2509 2141 2731 2212 pietatis
2794 2154 3103 2196 sermonem
3167 2139 3500 2209 depravans,

1922 2235 2152 2305 opponit
2184 2235 2369 2306 genito
2410 2233 2777 2297 divinitatem,
2826 2232 2931 2286 hoc
2982 2246 3076 2300 per
3108 2246 3172 2284 ea
3211 2245 3332 2300 qua:
3370 2229 3503 2283 dicit

1925 2336 2260 2396 prmstruens
2301 2345 2313 2380 :
2348 2324 2496 2396 quod
2546 2322 2859 2394 illud'quod
2895 2340 3002 2377 non
3053 2331 3137 2375 est
3176 2322 3501 2391 ingenitum,

1923 2432 2032 2471 non
2080 2428 2166 2473 est
2192 2417 2352 2471 Deus.
2386 2415 2519 2470 Nam
2563 2430 2686 2470 vera
2720 2413 2967 2485 qumdam
3004 2415 3116 2468 lucc
3155 2420 3303 2468 esset
3340 2412 3502 2466 ratio-

1923 2511 2011 2565 nis
2040 2507 2452 2578 consequentia,
2468 2508 2649 2561 dicere
2666 2504 2807 2575 quod
2828 2505 2961 2559 nihil
2980 2520 3167 2558 eorum
3188 2520 3307 2574 qua:
3323 2504 3503 2574 genita

1921 2609 2069 2665 sunt,
2092 2599 2517 2669 estingenitum,
2546 2612 2608 2651 ac
2642 2595 3113 2667 proindeinl‘erre,
3145 2596 3290 2666 quod
3326 2610 3503 2665 neque

1922 2694 1969 2749 si
2030 2692 2161 2763 quid
2194 2690 2499 2747 secundum
2531 2700 2783 2744 naturam
2837 2697 2922 2744 est
2981 2688 3281 2758 ingenitum
3344 2687 3500 2758 geni-

1922 2793 2036 2838 tum
2063 2800 2187 2840 esse
2228 2793 2425 2853 potest.
2461 2780 2611 2837 Talis
2644 2781 2790 2836 enim
2835 2780 3012 2834 oratio
3046 2788 3101 2835 et
3136 2794 3323 2834 verum
3354 2794 3490 2841 con-

1922 2880 2057 2933 tinet
2088 2883 2141 2931 et
2168 2891 2197 2930 a
2228 2875 2565 2945 blasphemia
2601 2882 2853 2945 separata
2890 2883 2993 2929 est.
3028 2874 3184 2927 Nunc
3210 2889 3337 2928 vero
3374 2876 3501 2943 pro”-

1923 2974 2239 3037 ponentem,
2283 2966 2430 3037 quod
2475 2981 2666 3023 eorum
2708 2981 2831 3036 qua:
2861 2965 3045 3037 genita
3088 2975 3215 3020 sunt
3249 2965 3385 3018 nihil
3419 2972 3505 3019 est

1924 3057 2249 3130 ingenitum,
2280 3058 2486 3115 inferre
2535 3057 2680 3128 quod
2717 3073 2894 3127 neque
2946 3055 3166 3128 genitus
3213 3066 3297 3111 est
3338 3055 3502 3119 Deus,

1925 3150 2221 3205 manifesto
2251 3149 2320 3203 ah
2351 3165 2417 3205 eo
2456 3147 2604 3220 quod
2641 3157 2728 3204 est
2770 3147 2915 3204 Deus
2959 3148 3300 3219 unigenitum
3339 3146 3505 3201 Deum

1924 3241 2246 3296 abstrahere
2267 3248 2353 3295 est
2380 3259 2392 3294 :
2427 3241 2556 3294 dum
2585 3256 2649 3293 ex
2684 3254 2749 3293 eo
2775 3237 2920 3309 quod
2952 3239 3066 3309 ipse
3101 3254 3206 3291 non
3242 3246 3321 3291 est
3356 3237 3507 3306 inge-

1926 3332 2102 3395 nitus,
2137 3348 2320 3402 neque
2355 3332 2536 3401 ipsum
2579 3348 2701 3386 esse
2743 3330 2912 3385 Demn
2959 3330 3176 3383 astruit.
3216 3330 3297 3382 An
3346 3327 3511 3389 igitur

1925 3424 2051 3477 aliis
2075 3422 2142 3476 ad
2173 3422 2696 3477 demonstrationem
2726 3422 2888 3485 huius
2913 3428 3021 3473 tam
3048 3418 3341 3473 insolentis
3364 3418 3511 3471 blas-

1930 3513 2155 3584 phemiae
2184 3513 2527 3584 argumentis
2571 3513 2836 3581 egemus?
2879 3527 2979 3565 nec
3013 3508 3145 3563 illud
3181 3508 3359 3563 Solum
3393 3506 3509 3559 sui»

1929 3607 2041 3661 ﬁcit
2073 3606 2251 3661 instar
2295 3606 2442 3674 cippi
2490 3604 2618 3659 huic
2647 3602 2854 3658 Christi
2885 3599 3271 3670 oppugnaturi,
3306 3596 3399 3665 qui
3437 3611 3504 3648 ex

1928 3698 2093 3753 dictis
2146 3697 2426 3767 pra'struit
2475 3712 2582 3750 non
2628 3711 2749 3749 esse
2783 3693 2974 3757 Deum,
3013 3692 3104 3761 qui
3139 3691 3192 3743 in
3235 3688 3507 3759 principio

1928 3800 2049 3844 erat
2103 3789 2341 3843 Verbum
2384 3787 2563 3841 Deus?
2596 3786 2737 3852 Quid
2790 3785 2958 3855 igitur
2986 3780 3225 3851 amplius
3278 3792 3507 3831 necesse

1929 3891 2015 3938 est
2051 3883 2315 3936 adversus
2363 3879 2679 3948 hujusmodi
2726 3876 3013 3931 haereticos
3068 3870 3375 3943 implicari?
3411 3885 3508 3924 ne-

1931 3989 2038 4044 que
2067 3973 2213 4027 enim
2252 3987 2379 4026 cum
2426 3971 2510 4024 his
2562 3970 2655 4039 qui
2700 3970 2848 4021 circa
2886 3966 3029 4020 idola
3094 3973 3150 4018 et
3190 3977 3354 4032 super
3382 3974 3506 4014 aras

1929 4068 2161 4124 effusum
2193 4080 2449 4119 cruorem
2484 4068 2845 4130 occupantur,
2892 4057 3051 4112 nobis
3083 4065 3163 4110 est
3201 4052 3503 4122 negotium,

1933 4176 2040 4213 non
2076 4156 2221 4228 quod
2258 4153 2505 4210 interitui
2536 4167 2751 4214 eorum,
2793 4150 2885 4220 qui
2931 4148 3126 4202 insano
3155 4146 3304 4200 cultu
3331 4142 3508 4196 idolo—

1936 4265 2055 4305 rum
2092 4258 2373 4308 tenentur,
2423 4244 2816 4303 assentiamur,
2872 4240 2966 4295 sed
3010 4240 3137 4309 quia
3169 4237 3389 4308 gravior
3435 4234 3509 4287 sit

1935 4357 2123 4397 eorum
2156 4338 2380 4393 morbus
2420 4351 2582 4405 quam
2616 4332 2798 4386 omnis
2831 4337 3019 4386 nostra
3048 4326 3303 4382 medendi
3340 4322 3503 4377 ratio.

234 4419 465 4474 κενώόει
510 4418 675 4472 πάθει
728 4419 1155 4490 κεκρατημένων
1208 4421 1490 4492 ἄπρακτος
1536 4424 1569 4494 ἡ
1624 4425 1824 4495 ἰατρεία

1936 4428 2404 4499 Quemadmodum
2462 4427 2628 4495 igitur
2686 4422 2953 4476 idolorum
3003 4420 3209 4473 cultum
3266 4414 3509 4471 declarat

232 4512 424 4584 μένει,
449 4510 541 4565 διὰ
559 4510 621 4564 τὸ
652 4510 1001 4582 ὑπερισχύειν
1028 4511 1126 4583 τῆς
1148 4512 1344 4585 τέχνης
1368 4515 1465 4587 τὴν
1488 4517 1660 4572 νόσον.

1935 4526 2113 4591 ipsum
2141 4534 2302 4589 opus,
2333 4525 2390 4570 ct
2419 4527 2807 4570 accusatorum
2834 4510 3102 4580 judicium
3130 4504 3374 4579 praeripit
3402 4503 3509 4557 cri-

232 4619 367 4658 men
399 4602 550 4672 quod
579 4604 633 4657 in
669 4601 839 4658 libera
872 4604 1217 4659 contumacia
1245 4605 1511 4662 audenter
1538 4612 1932 4668 committitur:
1963 4612 2040 4669 sic
2068 4611 2305 4664 arbitror
2340 4606 2427 4661 hic
2459 4614 2715 4675 oportere
2746 4602 2964 4674 pietatis
2994 4610 3287 4671 patronum
3326 4594 3506 4650 conti-

232 4711 468 4752 cescere
511 4695 778 4752 adversus
802 4710 927 4751 eum
964 4696 1060 4766 qui
1102 4708 1295 4752 contra
1321 4700 1564 4770 seipsum
1598 4703 1934 4773 impietatem
1965 4704 2019 4757 in
2049 4701 2337 4774 propatulo
2369 4698 2720 4753 vociferatur.
2752 4691 3224 4762 Quemadmodum
3254 4691 3416 4746 etiam
3450 4688 3505 4743 in

232 4785 333 4840 his
363 4784 460 4851 qui
492 4783 868 4839 carcinomate
899 4794 1028 4840 sunt
1048 4784 1281 4849 obsessi,
1302 4789 1449 4846 iners
1483 4799 1536 4845 et
1577 4792 1871 4849 iuoiliciosa
1899 4802 2079 4848 manet
2116 4789 2409 4853 medicina,
2438 4789 2565 4860 quia
2591 4788 2751 4842 docta
2791 4787 2912 4857 plus
2954 4787 3094 4839 valet
3122 4792 3242 4838 arte
3277 4783 3501 4837 malum.

314 4876 467 4946 Πλὴν
524 4874 711 4946 ἐπειδή
766 4892 818 4927 τι
859 4875 997 4946 μετά
1050 4876 1119 4930 τὰ
1152 4879 1420 4950 εἰρημένα
1475 4885 1567 4936 καὶ
1626 4886 1832 4957 ἰσχυρό-

228 4984 404 5038 τερον
431 4963 829 5033 ἐπαγγέλλεται
852 4964 1050 5033 λέγειν,
1086 4966 1158 5031 ὼς
1180 4966 1246 5021 ἂν
1272 4968 1346 5040 μὴ
1374 4970 1523 5039 φόϐῳ
1547 4973 1651 5027 τῶν
1676 4975 1833 5029 δυνα-

224 5058 502 5129 τωτέρων
533 5056 856 5126 καθυφιέναι
894 5057 1184 5129 δοκοίημεν
1222 5060 1320 5132 τὴν
1352 5062 1689 5134 ἀντίρρησιν,
1731 5068 1831 5120 κά·

228 5151 394 5202 κεῖνο
420 5150 537 5210 τοῖς
571 5148 882 5218 εἰρημένοις
919 5149 1424 5220 προσεξετάσωμεν.
1459 5154 1634 5216 Ἔδει,
1678 5157 1829 5226 φησὶ,

226 5236 492 5291 πάντων
521 5235 843 5307 ἁρέμενον,
873 5238 973 5291 ἐπὶ
1008 5240 1112 5292 τὸν
1140 5242 1529 5309 ἰσχυρότερον
1566 5243 1830 5311 χωρῆσαι

222 5330 453 5398 λόγον.
506 5328 729 5383 Ἐκεῖνα
747 5328 1002 5400 φήσαιμι
1032 5330 1127 5395 ἂν,
1153 5332 1241 5385 ὅτι
1272 5332 1369 5386 κιιί
1392 5332 1508 5386 τῶν
1528 5335 1832 5392 ὑπἀὐτοῦ

222 5420 398 5487 πρὸς
427 5423 685 5490 ἔλεγχον
722 5422 1176 5492 προϐληθέντων
1223 5422 1518 5494 ὀνομάτων
1559 5426 1833 5495 παραδει-

218 5513 540 5584 χθέγτων,
584 5512 765 5568 οὐδὲν
804 5508 986 5584 ἧττον
1014 5513 1247 5581 ἀληθὴς
1280 5517 1314 5569 ὀ
1352 5516 1489 5586 παρ’
1520 5515 1688 5587 ἡμῶν
1723 5535 1832 5588 φα-

218 5604 653 5672 ηρωθήσεται
679 5608 879 5676 λόγος.
909 5606 1090 5675 Εἴπερ
1121 5607 1159 5675 ὴ
1190 5607 1546 5679 παραλλαγὴ
1582 5609 1697 5665 τῶν
1724 5608 1831 5676 τὰς

214 5691 559 5765 ιόιότητας
596 5695 1014 5767 σημαινόντων
1044 5694 1349 5766 ὀνομάτων
1388 5696 1499 5769 τὴν
1531 5701 1833 5769 «aptuma-

2004 4882 2397 4937 Verumtamen
2442 4879 2704 4950 quoniam
2755 4886 2876 4947 post
2922 4891 2984 4930 ea
3015 4891 3137 4946 qum
3176 4874 3289 4944 jam
3323 4873 3391 4928 ab
3436 4888 3503 4927 eo

1929 4977 2069 5029 dicta
2099 4985 2247 5038 sunt,
2280 4973 2457 5027 adhuc
2488 4969 2695 5039 aliquid
2739 4970 3008 5025 valentius
3047 4968 3100 5023 in
3138 4970 3377 5021 medium
3412 4964 3509 5018 ad-

1930 5069 2221 5121 ducturum
2254 5081 2313 5121 se
2346 5080 2470 5120 esse
2502 5064 2817 5133 pollicetur,
2851 5077 2918 5115 ue
2959 5068 3103 5114 metu
3136 5059 3506 5128 potentiorum

1929 5159 2216 5213 videamur
2238 5157 2729 5212 contradictionem
2755 5155 3035 5209 remittere
3056 5162 3105 5204 ct
3138 5148 3506 5219 praevaricari,

1930 5247 2064 5303 illud
2095 5247 2261 5301 etiam
2294 5247 2527 5300 subinde
2555 5245 3009 5300 exauuiuabimus.
3066 5241 3376 5307 Oportebat,
3424 5240 3509 5293 in-

1932 5340 2068 5409 quit,
2124 5339 2364 5392 omnibus
2425 5339 2660 5398 omissis,
2714 5338 2782 5389 ad
2834 5337 3170 5390 ralemiorem
3228 5337 3490 5389 rationem

1934 5430 2124 5486 venire.
2162 5427 2271 5483 Illa
2318 5431 2497 5497 utique
2543 5429 2790 5490 dixerim,
2821 5426 3244 5500 quandoquidem
3282 5443 3399 5482 cum
3444 5443 3508 5481 ea

1930 5537 2047 5592 qua:
2079 5518 2143 5573 ab
2180 5520 2291 5590 ipso
2323 5523 2393 5574 ad
2424 5522 2875 5589 reprehensionem
2899 5533 3137 5577 nostram
3166 5521 3508 5577 adducuntur

1934 5613 2147 5667 nomina
2169 5623 2303 5668 recte
2326 5612 2695 5668 demonstrata
2730 5614 2947 5684 fuerint,
2975 5614 3320 5670 nihilominus
3354 5629 3505 5668 verus

1937 5713 2112 5761 noster
2139 5705 2569 5778 manifestabitur
2590 5722 2783 5762 sermo.
2808 5704 3075 5778 Siquidem
3098 5705 3365 5763 nominum
3388 5715 3505 5772 qua
