  <div class='ocr_page' id='page_1' title='image "/cluster/home/n/w/nwhite01/storage/ocr_20150623/45/hvd.32044073501876/395.png"; bbox 0 0 3992 6210; ppageno 0'>
   <div class='ocr_carea' id='block_1_1' title="bbox 539 325 645 384">
    <p class='ocr_par' dir='ltr' id='par_1_1' title="bbox 539 325 645 384">
     <span class='ocr_line' id='line_1_1' title="bbox 539 325 645 384; baseline 0.028 -3"><span class='ocrx_word' id='word_1_1' title='bbox 539 325 645 384; x_wconf 75' lang='lat'><strong><em>755</em></strong></span> 
     </span>
    </p>
   </div>
   <div class='ocr_carea' id='block_1_2' title="bbox 1815 327 3688 404">
    <p class='ocr_par' dir='ltr' id='par_1_2' title="bbox 1815 327 3688 404">
     <span class='ocr_line' id='line_1_2' title="bbox 1815 327 3688 404; baseline 0.009 -18"><span class='ocrx_word' id='word_1_2' title='bbox 1815 329 1874 386; x_wconf 88' lang='lat' dir='ltr'><strong><em>S.</em></strong></span> <span class='ocrx_word' id='word_1_3' title='bbox 1914 329 2242 388; x_wconf 80' lang='lat' dir='ltr'><strong><em>GREGORII</em></strong></span> <span class='ocrx_word' id='word_1_4' title='bbox 2267 327 2563 385; x_wconf 84' lang='lat' dir='ltr'><strong><em>NYSSENI</em></strong></span> <span class='ocrx_word' id='word_1_5' title='bbox 3606 345 3688 404; x_wconf 65' lang='grc' dir='ltr'><em>τις</em></span> 
     </span>
    </p>
   </div>
   <div class='ocr_carea' id='block_1_3' title="bbox 540 434 2103 526">
    <p class='ocr_par' dir='ltr' id='par_1_3' title="bbox 540 434 2103 519">
     <span class='ocr_line' id='line_1_3' title="bbox 540 434 2103 519; baseline 0.008 -28"><span class='ocrx_word' id='word_1_6' title='bbox 540 440 885 510; x_wconf 79' lang='lat' dir='ltr'><strong><em>proprietates</em></strong></span> <span class='ocrx_word' id='word_1_7' title='bbox 925 441 1230 511; x_wconf 77' lang='lat' dir='ltr'><strong><em>signiﬁcant</em></strong></span> <span class='ocrx_word' id='word_1_8' title='bbox 1253 434 1574 519; x_wconf 70' lang='lat' dir='ltr'><strong><em>differentia,</em></strong></span> <span class='ocrx_word' id='word_1_9' title='bbox 1605 461 1781 501; x_wconf 86' lang='lat' dir='ltr'><strong><em>rerum</em></strong></span> <span class='ocrx_word' id='word_1_10' title='bbox 1820 448 1982 503; x_wconf 82' lang='lat' dir='ltr'><strong><em>etiam</em></strong></span> <span class='ocrx_word' id='word_1_11' title='bbox 2015 448 2103 504; x_wconf 87' lang='lat' dir='ltr'><strong><em>de-</em></strong></span> 
     </span>
    </p>
   </div>
   <div class='ocr_carea' id='block_1_4' title="bbox 2204 434 3694 526">
    <p class='ocr_par' dir='ltr' id='par_1_4' title="bbox 2208 444 3694 526">
     <span class='ocr_line' id='line_1_4' title="bbox 2208 444 3694 526; baseline 0.005 -24"><span class='ocrx_word' id='word_1_12' title='bbox 2208 445 2327 517; x_wconf 74' lang='grc' dir='ltr'><strong><em>τὴν</em></strong></span> <span class='ocrx_word' id='word_1_13' title='bbox 2368 445 2640 518; x_wconf 69' lang='grc' dir='ltr'><em>ἐμφαίνει</em></span> <span class='ocrx_word' id='word_1_14' title='bbox 2677 444 2797 499; x_wconf 86' lang='grc' dir='ltr'><strong><em>τῶν</em></strong></span> <span class='ocrx_word' id='word_1_15' title='bbox 2845 444 3219 516; x_wconf 78' lang='grc' dir='ltr'><strong><em>πραγμάτων,</em></strong></span> <span class='ocrx_word' id='word_1_16' title='bbox 3259 449 3463 521; x_wconf 77' lang='grc' dir='ltr'><em>ἀνάγκη</em></span> <span class='ocrx_word' id='word_1_17' title='bbox 3498 454 3562 526; x_wconf 75' lang='grc' dir='ltr'><strong><em>δή</em></strong></span> <span class='ocrx_word' id='word_1_18' title='bbox 3602 474 3694 518; x_wconf 72' lang='grc' dir='ltr'><strong><em>που</em></strong></span> 
     </span>
    </p>
   </div>
   <div class='ocr_carea' id='block_1_5' title="bbox 541 530 2115 607">
    <p class='ocr_par' dir='ltr' id='par_1_5' title="bbox 541 530 2115 607">
     <span class='ocr_line' id='line_1_5' title="bbox 541 530 2115 607; baseline 0.006 -22"><span class='ocrx_word' id='word_1_19' title='bbox 541 530 715 586; x_wconf 86' lang='lat' dir='ltr'><strong><em>clarat</em></strong></span> <span class='ocrx_word' id='word_1_20' title='bbox 735 530 1171 602; x_wconf 68' lang='lat' dir='ltr'><strong><em>discrepantiam,</em></strong></span> <span class='ocrx_word' id='word_1_21' title='bbox 1202 550 1407 591; x_wconf 84' lang='lat' dir='ltr'><strong><em>necesse</em></strong></span> <span class='ocrx_word' id='word_1_22' title='bbox 1427 547 1506 592; x_wconf 86' lang='lat' dir='ltr'><strong><em>est</em></strong></span> <span class='ocrx_word' id='word_1_23' title='bbox 1531 538 1719 607; x_wconf 81' lang='lat' dir='ltr'><strong><em>procul</em></strong></span> <span class='ocrx_word' id='word_1_24' title='bbox 1745 537 1906 595; x_wconf 87' lang='lat' dir='ltr'><strong><em>dubio</em></strong></span> <span class='ocrx_word' id='word_1_25' title='bbox 1928 556 2115 595; x_wconf 86' lang='lat' dir='ltr'><strong><em>conce-</em></strong></span> 
     </span>
    </p>
   </div>
   <div class='ocr_carea' id='block_1_6' title="bbox 491 624 2115 702">
    <p class='ocr_par' dir='ltr' id='par_1_6' title="bbox 491 624 2115 702">
     <span class='ocr_line' id='line_1_6' title="bbox 491 624 2115 702; baseline 0.007 -27"><span class='ocrx_word' id='word_1_26' title='bbox 491 686 495 691; x_wconf 19' lang='grc' dir='ltr'>θ</span> <span class='ocrx_word' id='word_1_27' title='bbox 541 627 667 678; x_wconf 80' lang='lat' dir='ltr'><strong><em>dere</em></strong></span> <span class='ocrx_word' id='word_1_28' title='bbox 702 624 864 679; x_wconf 87' lang='lat' dir='ltr'><strong><em>etiam</em></strong></span> <span class='ocrx_word' id='word_1_29' title='bbox 892 640 987 695; x_wconf 87' lang='lat' dir='ltr'><strong><em>per</em></strong></span> <span class='ocrx_word' id='word_1_30' title='bbox 1023 624 1377 696; x_wconf 73' lang='lat' dir='ltr'><strong><em>dilferentiam</em></strong></span> <span class='ocrx_word' id='word_1_31' title='bbox 1407 630 1678 685; x_wconf 80' lang='lat' dir='ltr'><strong><em>nominum</em></strong></span> <span class='ocrx_word' id='word_1_32' title='bbox 1707 647 1824 702; x_wconf 75' lang='lat' dir='ltr'><strong><em>qua:</em></strong></span> <span class='ocrx_word' id='word_1_33' title='bbox 1860 634 2115 687; x_wconf 86' lang='lat' dir='ltr'><strong><em>essentias</em></strong></span> 
     </span>
    </p>
   </div>
   <div class='ocr_carea' id='block_1_7' title="bbox 541 715 2159 809">
    <p class='ocr_par' dir='ltr' id='par_1_7' title="bbox 541 715 2159 809">
     <span class='ocr_line' id='line_1_7' title="bbox 541 715 2159 809; baseline 0.006 -41"><span class='ocrx_word' id='word_1_34' title='bbox 541 715 1038 785; x_wconf 73' lang='lat' dir='ltr'><strong><em>signiﬁcant,simul</em></strong></span> <span class='ocrx_word' id='word_1_35' title='bbox 1053 718 1411 773; x_wconf 86' lang='lat' dir='ltr'><strong><em>demonstrari</em></strong></span> <span class='ocrx_word' id='word_1_36' title='bbox 1429 721 1777 776; x_wconf 82' lang='lat' dir='ltr'><strong><em>essentiarum</em></strong></span> <span class='ocrx_word' id='word_1_37' title='bbox 1804 721 2113 778; x_wconf 79' lang='lat' dir='ltr'><strong><em>discrimen.</em></strong></span> <span class='ocrx_word' id='word_1_38' title='bbox 2137 777 2159 809; x_wconf 43' lang='grc' dir='ltr'>ε</span> 
     </span>
    </p>
   </div>
   <div class='ocr_carea' id='block_1_8' title="bbox 542 806 2115 884">
    <p class='ocr_par' dir='ltr' id='par_1_8' title="bbox 542 806 2115 884">
     <span class='ocr_line' id='line_1_8' title="bbox 542 806 2115 884; baseline 0.006 -24"><span class='ocrx_word' id='word_1_39' title='bbox 542 809 712 876; x_wconf 83' lang='lat' dir='ltr'><strong><em>Atque</em></strong></span> <span class='ocrx_word' id='word_1_40' title='bbox 736 806 835 862; x_wconf 82' lang='lat' dir='ltr'><strong><em>Iioc</em></strong></span> <span class='ocrx_word' id='word_1_41' title='bbox 858 810 913 863; x_wconf 87' lang='lat' dir='ltr'><strong><em>in</em></strong></span> <span class='ocrx_word' id='word_1_42' title='bbox 941 809 1183 865; x_wconf 85' lang='lat' dir='ltr'><strong><em>omnibus</em></strong></span> <span class='ocrx_word' id='word_1_43' title='bbox 1213 811 1293 865; x_wconf 89' lang='lat' dir='ltr'><strong><em>ita</em></strong></span> <span class='ocrx_word' id='word_1_44' title='bbox 1317 828 1431 867; x_wconf 86' lang='lat' dir='ltr'><strong><em>esse</em></strong></span> <span class='ocrx_word' id='word_1_45' title='bbox 1466 813 1584 884; x_wconf 84' lang='lat' dir='ltr'><strong><em>quis</em></strong></span> <span class='ocrx_word' id='word_1_46' title='bbox 1623 810 1954 882; x_wconf 85' lang='lat' dir='ltr'><strong><em>compererit,</em></strong></span> <span class='ocrx_word' id='word_1_47' title='bbox 1996 815 2115 869; x_wconf 85' lang='lat' dir='ltr'><strong><em>dico</em></strong></span> 
     </span>
    </p>
   </div>
   <div class='ocr_carea' id='block_1_9' title="bbox 542 901 2117 976">
    <p class='ocr_par' dir='ltr' id='par_1_9' title="bbox 542 901 2117 976">
     <span class='ocr_line' id='line_1_9' title="bbox 542 901 2117 976; baseline 0.003 -23"><span class='ocrx_word' id='word_1_48' title='bbox 542 901 882 967; x_wconf 81' lang='lat' dir='ltr'><strong><em>substantiis,</em></strong></span> <span class='ocrx_word' id='word_1_49' title='bbox 905 902 1228 965; x_wconf 83' lang='lat' dir='ltr'><strong><em>actionibus.</em></strong></span> <span class='ocrx_word' id='word_1_50' title='bbox 1252 903 1542 969; x_wconf 87' lang='lat' dir='ltr'><strong><em>coloribus,</em></strong></span> <span class='ocrx_word' id='word_1_51' title='bbox 1568 904 1753 975; x_wconf 81' lang='lat' dir='ltr'><strong><em>ﬁguris</em></strong></span> <span class='ocrx_word' id='word_1_52' title='bbox 1770 912 1821 959; x_wconf 88' lang='lat' dir='ltr'><strong><em>et</em></strong></span> <span class='ocrx_word' id='word_1_53' title='bbox 1842 905 1964 960; x_wconf 84' lang='lat' dir='ltr'><strong><em>aliis</em></strong></span> <span class='ocrx_word' id='word_1_54' title='bbox 1985 921 2117 976; x_wconf 85' lang='lat' dir='ltr'><strong><em>qua—</em></strong></span> 
     </span>
    </p>
   </div>
   <div class='ocr_carea' id='block_1_10' title="bbox 544 992 2114 1064">
    <p class='ocr_par' dir='ltr' id='par_1_10' title="bbox 544 992 2114 1064">
     <span class='ocr_line' id='line_1_10' title="bbox 544 992 2114 1064; baseline 0.006 -20"><span class='ocrx_word' id='word_1_55' title='bbox 544 992 813 1059; x_wconf 85' lang='lat' dir='ltr'><strong><em>litatibus,</em></strong></span> <span class='ocrx_word' id='word_1_56' title='bbox 837 994 1010 1064; x_wconf 84' lang='lat' dir='ltr'><strong><em>ignem</em></strong></span> <span class='ocrx_word' id='word_1_57' title='bbox 1048 995 1208 1048; x_wconf 86' lang='lat' dir='ltr'><strong><em>etiam</em></strong></span> <span class='ocrx_word' id='word_1_58' title='bbox 1234 1003 1284 1049; x_wconf 89' lang='lat' dir='ltr'><strong><em>et</em></strong></span> <span class='ocrx_word' id='word_1_59' title='bbox 1314 1011 1509 1063; x_wconf 87' lang='lat' dir='ltr'><strong><em>aquam</em></strong></span> <span class='ocrx_word' id='word_1_60' title='bbox 1538 996 1837 1064; x_wconf 69' lang='lat' dir='ltr'><strong><em>cli/ferentes</em></strong></span> <span class='ocrx_word' id='word_1_61' title='bbox 1861 998 2114 1053; x_wconf 82' lang='lat' dir='ltr'><strong><em>essentias</em></strong></span> 
     </span>
    </p>
   </div>
   <div class='ocr_carea' id='block_1_11' title="bbox 543 1085 2114 1159">
    <p class='ocr_par' dir='ltr' id='par_1_11' title="bbox 543 1085 2114 1159">
     <span class='ocr_line' id='line_1_11' title="bbox 543 1085 2114 1159; baseline 0.004 -23"><span class='ocrx_word' id='word_1_62' title='bbox 543 1085 810 1140; x_wconf 84' lang='lat' dir='ltr'><strong><em>distinctis</em></strong></span> <span class='ocrx_word' id='word_1_63' title='bbox 847 1085 1293 1155; x_wconf 88' lang='lat' dir='ltr'><strong><em>appellationibus</em></strong></span> <span class='ocrx_word' id='word_1_64' title='bbox 1336 1087 1721 1157; x_wconf 74' lang='lat' dir='ltr'><strong><em>signiﬁcamus,</em></strong></span> <span class='ocrx_word' id='word_1_65' title='bbox 1745 1104 2021 1159; x_wconf 84' lang='lat' dir='ltr'><strong><em>acremque</em></strong></span> <span class='ocrx_word' id='word_1_66' title='bbox 2064 1098 2114 1143; x_wconf 88' lang='lat' dir='ltr'><strong><em>et</em></strong></span> 
     </span>
    </p>
   </div>
   <div class='ocr_carea' id='block_1_12' title="bbox 542 1175 2112 1250">
    <p class='ocr_par' dir='ltr' id='par_1_12' title="bbox 542 1175 2112 1250">
     <span class='ocr_line' id='line_1_12' title="bbox 542 1175 2112 1250; baseline 0.003 -23"><span class='ocrx_word' id='word_1_67' title='bbox 542 1186 762 1240; x_wconf 80' lang='lat' dir='ltr'><strong><em>terram,</em></strong></span> <span class='ocrx_word' id='word_1_68' title='bbox 796 1175 1153 1248; x_wconf 76' lang='lat' dir='ltr'><strong><em>[rigidumque</em></strong></span> <span class='ocrx_word' id='word_1_69' title='bbox 1174 1186 1223 1232; x_wconf 90' lang='lat' dir='ltr'><strong><em>et</em></strong></span> <span class='ocrx_word' id='word_1_70' title='bbox 1239 1176 1498 1243; x_wconf 78' lang='lat' dir='ltr'><strong><em>calidum,</em></strong></span> <span class='ocrx_word' id='word_1_71' title='bbox 1522 1188 1570 1232; x_wconf 90' lang='lat' dir='ltr'><strong><em>et</em></strong></span> <span class='ocrx_word' id='word_1_72' title='bbox 1597 1180 1775 1233; x_wconf 87' lang='lat' dir='ltr'><strong><em>album</em></strong></span> <span class='ocrx_word' id='word_1_73' title='bbox 1804 1191 1855 1234; x_wconf 90' lang='lat' dir='ltr'><strong><em>et</em></strong></span> <span class='ocrx_word' id='word_1_74' title='bbox 1884 1181 2112 1250; x_wconf 78' lang='lat' dir='ltr'><strong><em>nigrant,</em></strong></span> 
     </span>
    </p>
   </div>
   <div class='ocr_carea' id='block_1_13' title="bbox 539 1267 2114 1341">
    <p class='ocr_par' dir='ltr' id='par_1_13' title="bbox 539 1267 2114 1341">
     <span class='ocr_line' id='line_1_13' title="bbox 539 1267 2114 1341; baseline 0.004 -21"><span class='ocrx_word' id='word_1_75' title='bbox 539 1268 619 1320; x_wconf 68' lang='lat' dir='ltr'><strong><em>uel</em></strong></span> <span class='ocrx_word' id='word_1_76' title='bbox 676 1267 1003 1339; x_wconf 82' lang='lat' dir='ltr'><strong><em>triangulum</em></strong></span> <span class='ocrx_word' id='word_1_77' title='bbox 1050 1278 1101 1323; x_wconf 87' lang='lat' dir='ltr'><strong><em>et</em></strong></span> <span class='ocrx_word' id='word_1_78' title='bbox 1144 1269 1452 1333; x_wconf 84' lang='lat' dir='ltr'><strong><em>rotundum.</em></strong></span> <span class='ocrx_word' id='word_1_79' title='bbox 1501 1269 1644 1338; x_wconf 87' lang='lat' dir='ltr'><strong><em>Quid</em></strong></span> <span class='ocrx_word' id='word_1_80' title='bbox 1684 1271 1822 1325; x_wconf 88' lang='lat' dir='ltr'><strong><em>enim</em></strong></span> <span class='ocrx_word' id='word_1_81' title='bbox 1871 1288 2001 1341; x_wconf 89' lang='lat' dir='ltr'><strong><em>opus</em></strong></span> <span class='ocrx_word' id='word_1_82' title='bbox 2036 1285 2114 1326; x_wconf 82' lang='lat' dir='ltr'><strong><em>est</em></strong></span> 
     </span>
    </p>
   </div>
   <div class='ocr_carea' id='block_1_14' title="bbox 540 1357 2115 1432">
    <p class='ocr_par' dir='ltr' id='par_1_14' title="bbox 540 1357 2115 1432">
     <span class='ocr_line' id='line_1_14' title="bbox 540 1357 2115 1432; baseline 0.003 -21"><span class='ocrx_word' id='word_1_83' title='bbox 540 1357 696 1411; x_wconf 73' lang='lat' dir='ltr'><strong><em>verba</em></strong></span> <span class='ocrx_word' id='word_1_84' title='bbox 722 1358 903 1427; x_wconf 77' lang='lat' dir='ltr'><strong><em>facere</em></strong></span> <span class='ocrx_word' id='word_1_85' title='bbox 935 1359 1003 1414; x_wconf 85' lang='lat' dir='ltr'><strong><em>de</em></strong></span> <span class='ocrx_word' id='word_1_86' title='bbox 1046 1360 1421 1430; x_wconf 80' lang='lat' dir='ltr'><strong><em>spiritualibus</em></strong></span> <span class='ocrx_word' id='word_1_87' title='bbox 1465 1362 1734 1424; x_wconf 86' lang='lat' dir='ltr'><strong><em>essentiis,</em></strong></span> <span class='ocrx_word' id='word_1_88' title='bbox 1774 1379 1907 1432; x_wconf 82' lang='lat' dir='ltr'><strong><em>quas</em></strong></span> <span class='ocrx_word' id='word_1_89' title='bbox 1939 1379 2115 1416; x_wconf 87' lang='lat' dir='ltr'><strong><em>recen-</em></strong></span> 
     </span>
    </p>
   </div>
   <div class='ocr_carea' id='block_1_15' title="bbox 538 1452 2114 1523">
    <p class='ocr_par' dir='ltr' id='par_1_15' title="bbox 538 1452 2114 1523">
     <span class='ocr_line' id='line_1_15' title="bbox 538 1452 2114 1523; baseline 0.003 -20"><span class='ocrx_word' id='word_1_90' title='bbox 538 1467 659 1504; x_wconf 45' lang='lat' dir='ltr'><strong><em>ssns</em></strong></span> <span class='ocrx_word' id='word_1_91' title='bbox 703 1453 987 1520; x_wconf 75' lang='lat' dir='ltr'><strong><em>Apostolus</em></strong></span> <span class='ocrx_word' id='word_1_92' title='bbox 1027 1468 1120 1520; x_wconf 86' lang='lat' dir='ltr'><strong><em>per</em></strong></span> <span class='ocrx_word' id='word_1_93' title='bbox 1162 1452 1520 1523; x_wconf 69' lang='lat' dir='ltr'><strong><em>differentiam</em></strong></span> <span class='ocrx_word' id='word_1_94' title='bbox 1568 1454 1862 1519; x_wconf 84' lang='lat' dir='ltr'><strong><em>nominum,</em></strong></span> <span class='ocrx_word' id='word_1_95' title='bbox 1914 1453 2114 1508; x_wconf 82' lang='lat' dir='ltr'><strong><em>discre—</em></strong></span> 
     </span>
    </p>
   </div>
   <div class='ocr_carea' id='block_1_16' title="bbox 539 1544 2111 1614">
    <p class='ocr_par' dir='ltr' id='par_1_16' title="bbox 539 1544 2111 1614">
     <span class='ocr_line' id='line_1_16' title="bbox 539 1544 2111 1614; baseline 0.003 -21"><span class='ocrx_word' id='word_1_96' title='bbox 539 1544 782 1612; x_wconf 67' lang='lat' dir='ltr'><strong><em>pantiam</em></strong></span> <span class='ocrx_word' id='word_1_97' title='bbox 832 1547 1184 1599; x_wconf 86' lang='lat' dir='ltr'><strong><em>essentiarum</em></strong></span> <span class='ocrx_word' id='word_1_98' title='bbox 1228 1546 1430 1614; x_wconf 84' lang='lat' dir='ltr'><strong><em>pariter</em></strong></span> <span class='ocrx_word' id='word_1_99' title='bbox 1473 1544 1802 1601; x_wconf 82' lang='lat' dir='ltr'><strong><em>declaravit?</em></strong></span> <span class='ocrx_word' id='word_1_100' title='bbox 1836 1544 1970 1610; x_wconf 81' lang='lat' dir='ltr'><strong><em>Quis</em></strong></span> <span class='ocrx_word' id='word_1_101' title='bbox 2002 1561 2111 1599; x_wconf 90' lang='lat' dir='ltr'><strong><em>non</em></strong></span> 
     </span>
    </p>
   </div>
   <div class='ocr_carea' id='block_1_17' title="bbox 540 1631 2109 1704">
    <p class='ocr_par' dir='ltr' id='par_1_17' title="bbox 540 1631 2109 1704">
     <span class='ocr_line' id='line_1_17' title="bbox 540 1631 2109 1704; baseline 0.003 -22"><span class='ocrx_word' id='word_1_102' title='bbox 540 1631 892 1701; x_wconf 88' lang='lat' dir='ltr'><strong><em>obstupuerit</em></strong></span> <span class='ocrx_word' id='word_1_103' title='bbox 921 1633 1192 1689; x_wconf 85' lang='lat' dir='ltr'><strong><em>attonitus</em></strong></span> <span class='ocrx_word' id='word_1_104' title='bbox 1225 1633 1294 1688; x_wconf 86' lang='lat' dir='ltr'><strong><em>ad</em></strong></span> <span class='ocrx_word' id='word_1_105' title='bbox 1337 1632 1475 1688; x_wconf 89' lang='lat' dir='ltr'><strong><em>hanc</em></strong></span> <span class='ocrx_word' id='word_1_106' title='bbox 1513 1633 1989 1704; x_wconf 79' lang='lat' dir='ltr'><strong><em>inexpugnabilem</em></strong></span> <span class='ocrx_word' id='word_1_107' title='bbox 2026 1648 2109 1686; x_wconf 86' lang='lat' dir='ltr'><strong><em>ar-</em></strong></span> 
     </span>
    </p>
   </div>
   <div class='ocr_carea' id='block_1_18' title="bbox 540 1717 2114 1790">
    <p class='ocr_par' dir='ltr' id='par_1_18' title="bbox 540 1717 2114 1790">
     <span class='ocr_line' id='line_1_18' title="bbox 540 1717 2114 1790; baseline 0.003 -21"><span class='ocrx_word' id='word_1_108' title='bbox 540 1717 787 1782; x_wconf 69' lang='lat' dir='ltr'><strong><em>gumenti</em></strong></span> <span class='ocrx_word' id='word_1_109' title='bbox 843 1719 990 1773; x_wconf 84' lang='lat' dir='ltr'><strong><em>vim?</em></strong></span> <span class='ocrx_word' id='word_1_110' title='bbox 1041 1720 1224 1776; x_wconf 86' lang='lat' dir='ltr'><strong><em>hercle</em></strong></span> <span class='ocrx_word' id='word_1_111' title='bbox 1256 1720 1269 1773; x_wconf 78' lang='grc' dir='ltr'><strong><em>ι</em></strong></span> <span class='ocrx_word' id='word_1_112' title='bbox 1300 1719 1722 1790; x_wconf 74' lang='lat' dir='ltr'><strong><em>promissionem</em></strong></span> <span class='ocrx_word' id='word_1_113' title='bbox 1757 1730 1980 1790; x_wconf 84' lang='lat' dir='ltr'><strong><em>superat</em></strong></span> <span class='ocrx_word' id='word_1_114' title='bbox 2022 1719 2114 1774; x_wconf 90' lang='lat' dir='ltr'><strong><em>hic</em></strong></span> 
     </span>
    </p>
   </div>
   <div class='ocr_carea' id='block_1_19' title="bbox 2215 533 3698 616">
    <p class='ocr_par' dir='ltr' id='par_1_19' title="bbox 2215 533 3698 616">
     <span class='ocr_line' id='line_1_19' title="bbox 2215 533 3698 616; baseline 0.001 -24"><span class='ocrx_word' id='word_1_115' title='bbox 2215 537 2567 611; x_wconf 22' lang='grc' dir='ltr'><em>συγχωρεῖν*</em></span> <span class='ocrx_word' id='word_1_116' title='bbox 2595 535 2697 589; x_wconf 81' lang='grc' dir='ltr'><em>καὶ</em></span> <span class='ocrx_word' id='word_1_117' title='bbox 2747 533 2824 605; x_wconf 77' lang='grc' dir='ltr'><em>τῇ</em></span> <span class='ocrx_word' id='word_1_118' title='bbox 2860 535 3216 606; x_wconf 52' lang='lat' dir='ltr'><strong><em>ampullam?</em></strong></span> <span class='ocrx_word' id='word_1_119' title='bbox 3250 536 3358 592; x_wconf 87' lang='grc' dir='ltr'><strong><em>τῶν</em></strong></span> <span class='ocrx_word' id='word_1_120' title='bbox 3405 542 3499 610; x_wconf 86' lang='grc' dir='ltr'><strong><em>τὰς</em></strong></span> <span class='ocrx_word' id='word_1_121' title='bbox 3534 546 3698 616; x_wconf 77' lang='grc' dir='ltr'><em>οὐσίας</em></span> 
     </span>
    </p>
   </div>
   <div class='ocr_carea' id='block_1_20' title="bbox 2215 627 3704 706">
    <p class='ocr_par' dir='ltr' id='par_1_20' title="bbox 2215 627 3704 706">
     <span class='ocr_line' id='line_1_20' title="bbox 2215 627 3704 706; baseline 0.005 -24"><span class='ocrx_word' id='word_1_122' title='bbox 2215 633 2659 698; x_wconf 78' lang='grc' dir='ltr'><strong><em>σημαινόντων,</em></strong></span> <span class='ocrx_word' id='word_1_123' title='bbox 2690 627 3200 696; x_wconf 72' lang='grc' dir='ltr'><em>συνεμφαίνεσθιιι</em></span> <span class='ocrx_word' id='word_1_124' title='bbox 3238 627 3344 697; x_wconf 85' lang='grc' dir='ltr'><em>τήν</em></span> <span class='ocrx_word' id='word_1_125' title='bbox 3382 638 3704 706; x_wconf 64' lang='grc' dir='ltr'><em>παραλλαγὴν</em></span> 
     </span>
    </p>
   </div>
   <div class='ocr_carea' id='block_1_21' title="bbox 2213 717 3718 798">
    <p class='ocr_par' dir='ltr' id='par_1_21' title="bbox 2213 717 3718 798">
     <span class='ocr_line' id='line_1_21' title="bbox 2213 717 3718 798; baseline 0.007 -27"><span class='ocrx_word' id='word_1_126' title='bbox 2213 719 2333 774; x_wconf 84' lang='grc' dir='ltr'><strong><em>τῶν</em></strong></span> <span class='ocrx_word' id='word_1_127' title='bbox 2365 717 2610 774; x_wconf 83' lang='grc' dir='ltr'><strong><em>οὐσιῶν.</em></strong></span> <span class='ocrx_word' id='word_1_128' title='bbox 2661 717 2772 772; x_wconf 73' lang='grc' dir='ltr'><strong><em>Καὶ</em></strong></span> <span class='ocrx_word' id='word_1_129' title='bbox 2809 717 2986 773; x_wconf 85' lang='grc' dir='ltr'><em>τοῦτο</em></span> <span class='ocrx_word' id='word_1_130' title='bbox 3020 718 3119 773; x_wconf 78' lang='grc' dir='ltr'><strong><em>ἐπὶ</em></strong></span> <span class='ocrx_word' id='word_1_131' title='bbox 3150 719 3379 775; x_wconf 82' lang='grc' dir='ltr'><em>πάντων</em></span> <span class='ocrx_word' id='word_1_132' title='bbox 3415 725 3575 791; x_wconf 85' lang='grc' dir='ltr'><em>οὕτως</em></span> <span class='ocrx_word' id='word_1_133' title='bbox 3595 719 3718 798; x_wconf 66' lang='grc' dir='ltr'><em>ἔχω’</em></span> 
     </span>
    </p>
   </div>
   <div class='ocr_carea' id='block_1_22' title="bbox 2212 808 3721 889">
    <p class='ocr_par' dir='ltr' id='par_1_22' title="bbox 2212 808 3721 889">
     <span class='ocr_line' id='line_1_22' title="bbox 2212 808 3721 889; baseline 0.003 -26"><span class='ocrx_word' id='word_1_134' title='bbox 2212 810 2375 879; x_wconf 77' lang='grc' dir='ltr'><em>εὕροι</em></span> <span class='ocrx_word' id='word_1_135' title='bbox 2401 827 2491 877; x_wconf 87' lang='grc' dir='ltr'><strong><em>τις</em></strong></span> <span class='ocrx_word' id='word_1_136' title='bbox 2519 808 2616 871; x_wconf 82' lang='grc' dir='ltr'><em>ἂν,</em></span> <span class='ocrx_word' id='word_1_137' title='bbox 2647 808 2801 880; x_wconf 72' lang='grc' dir='ltr'><em>λέγω</em></span> <span class='ocrx_word' id='word_1_138' title='bbox 2833 808 2902 863; x_wconf 78' lang='grc' dir='ltr'><strong><em>δὲ</em></strong></span> <span class='ocrx_word' id='word_1_139' title='bbox 2928 810 3175 875; x_wconf 85' lang='grc' dir='ltr'><em>οὐσιῶν,</em></span> <span class='ocrx_word' id='word_1_140' title='bbox 3207 811 3507 881; x_wconf 76' lang='grc' dir='ltr'><em>ἐνεργειῶν,</em></span> <span class='ocrx_word' id='word_1_141' title='bbox 3528 819 3721 889; x_wconf 76' lang='grc' dir='ltr'><strong><em>χρωμάἰ</em></strong></span> 
     </span>
    </p>
   </div>
   <div class='ocr_carea' id='block_1_23' title="bbox 2212 892 3721 977">
    <p class='ocr_par' dir='ltr' id='par_1_23' title="bbox 2212 892 3721 977">
     <span class='ocr_line' id='line_1_23' title="bbox 2212 892 3721 977; baseline 0.007 -23"><span class='ocrx_word' id='word_1_142' title='bbox 2212 917 2353 968; x_wconf 88' lang='grc' dir='ltr'><em>των,</em></span> <span class='ocrx_word' id='word_1_143' title='bbox 2394 900 2743 971; x_wconf 86' lang='grc' dir='ltr'><em>σχημάτων,</em></span> <span class='ocrx_word' id='word_1_144' title='bbox 2788 900 2908 955; x_wconf 87' lang='grc' dir='ltr'><strong><em>τῶν</em></strong></span> <span class='ocrx_word' id='word_1_145' title='bbox 2944 902 3148 957; x_wconf 71' lang='grc' dir='ltr'><em>ἄλλων</em></span> <span class='ocrx_word' id='word_1_146' title='bbox 3176 905 3500 975; x_wconf 81' lang='grc' dir='ltr'><em>ποιοτήτων.</em></span> <span class='ocrx_word' id='word_1_147' title='bbox 3533 909 3634 977; x_wconf 85' lang='grc' dir='ltr'><em>Πῦρ</em></span> <span class='ocrx_word' id='word_1_148' title='bbox 3661 892 3721 966; x_wconf 68' lang='grc' dir='ltr'><strong><em>τε</em></strong></span> 
     </span>
    </p>
   </div>
   <div class='ocr_carea' id='block_1_24' title="bbox 2213 991 3709 1067">
    <p class='ocr_par' dir='ltr' id='par_1_24' title="bbox 2213 991 3709 1067">
     <span class='ocr_line' id='line_1_24' title="bbox 2213 991 3709 1067; baseline 0.005 -22"><span class='ocrx_word' id='word_1_149' title='bbox 2213 992 2323 1063; x_wconf 78' lang='grc' dir='ltr'><em>γὰρ</em></span> <span class='ocrx_word' id='word_1_150' title='bbox 2348 992 2447 1046; x_wconf 79' lang='grc' dir='ltr'><em>καὶ</em></span> <span class='ocrx_word' id='word_1_151' title='bbox 2476 991 2652 1061; x_wconf 80' lang='grc' dir='ltr'><em>ὕδωρ,</em></span> <span class='ocrx_word' id='word_1_152' title='bbox 2679 991 3003 1062; x_wconf 72' lang='grc' dir='ltr'><strong><em>διαφόρους</em></strong></span> <span class='ocrx_word' id='word_1_153' title='bbox 3025 994 3236 1060; x_wconf 81' lang='grc' dir='ltr'><em>οὐσίας</em></span> <span class='ocrx_word' id='word_1_154' title='bbox 3262 998 3709 1067; x_wconf 68' lang='grc' dir='ltr'><em>παρηλλαγμένως</em></span> 
     </span>
    </p>
   </div>
   <div class='ocr_carea' id='block_1_25' title="bbox 2213 1081 3710 1156">
    <p class='ocr_par' dir='ltr' id='par_1_25' title="bbox 2213 1081 3710 1156">
     <span class='ocr_line' id='line_1_25' title="bbox 2213 1081 3710 1156; baseline 0.002 -21"><span class='ocrx_word' id='word_1_155' title='bbox 2213 1081 2594 1151; x_wconf 77' lang='grc' dir='ltr'><em>σημαίνομεν</em></span> <span class='ocrx_word' id='word_1_156' title='bbox 2619 1081 3071 1150; x_wconf 81' lang='grc' dir='ltr'><em>προσηγορίαις,</em></span> <span class='ocrx_word' id='word_1_157' title='bbox 3105 1081 3248 1150; x_wconf 79' lang='grc' dir='ltr'><em>ἀέρα</em></span> <span class='ocrx_word' id='word_1_158' title='bbox 3277 1100 3336 1136; x_wconf 83' lang='grc' dir='ltr'><strong><em>τε</em></strong></span> <span class='ocrx_word' id='word_1_159' title='bbox 3362 1085 3451 1138; x_wconf 78' lang='grc' dir='ltr'><em>καὶ</em></span> <span class='ocrx_word' id='word_1_160' title='bbox 3475 1085 3592 1154; x_wconf 81' lang='grc' dir='ltr'><em>γῆν,</em></span> <span class='ocrx_word' id='word_1_161' title='bbox 3625 1090 3710 1156; x_wconf 57' lang='grc' dir='ltr'><strong><em>ψυ-</em></strong></span> 
     </span>
    </p>
   </div>
   <div class='ocr_carea' id='block_1_26' title="bbox 2212 1164 3711 1245">
    <p class='ocr_par' dir='ltr' id='par_1_26' title="bbox 2212 1164 3711 1245">
     <span class='ocr_line' id='line_1_26' title="bbox 2212 1164 3711 1245; baseline 0.003 -21"><span class='ocrx_word' id='word_1_162' title='bbox 2212 1171 2362 1242; x_wconf 84' lang='grc' dir='ltr'><em>χρόν</em></span> <span class='ocrx_word' id='word_1_163' title='bbox 2402 1187 2464 1225; x_wconf 87' lang='grc' dir='ltr'><strong><em>τε</em></strong></span> <span class='ocrx_word' id='word_1_164' title='bbox 2499 1164 2578 1225; x_wconf 80' lang='grc' dir='ltr'><em>αὖ</em></span> <span class='ocrx_word' id='word_1_165' title='bbox 2616 1170 2716 1225; x_wconf 76' lang='grc' dir='ltr'><strong><em>καί</em></strong></span> <span class='ocrx_word' id='word_1_166' title='bbox 2756 1170 2991 1240; x_wconf 81' lang='grc' dir='ltr'><em>θερμὸν,</em></span> <span class='ocrx_word' id='word_1_167' title='bbox 3034 1174 3258 1227; x_wconf 72' lang='grc' dir='ltr'><em>λευκόν</em></span> <span class='ocrx_word' id='word_1_168' title='bbox 3295 1191 3354 1227; x_wconf 86' lang='grc' dir='ltr'><strong><em>τε</em></strong></span> <span class='ocrx_word' id='word_1_169' title='bbox 3377 1175 3465 1228; x_wconf 79' lang='grc' dir='ltr'><em>καὶ</em></span> <span class='ocrx_word' id='word_1_170' title='bbox 3487 1176 3711 1245; x_wconf 55' lang='grc' dir='ltr'><em>μέθιηῆ</em></span> 
     </span>
    </p>
   </div>
   <div class='ocr_carea' id='block_1_27' title="bbox 2213 1260 3717 1335">
    <p class='ocr_par' dir='ltr' id='par_1_27' title="bbox 2213 1260 3717 1335">
     <span class='ocr_line' id='line_1_27' title="bbox 2213 1260 3717 1335; baseline 0.004 -21"><span class='ocrx_word' id='word_1_171' title='bbox 2213 1262 2504 1331; x_wconf 77' lang='grc' dir='ltr'><em>τρίγωνον</em></span> <span class='ocrx_word' id='word_1_172' title='bbox 2528 1262 2626 1314; x_wconf 78' lang='grc' dir='ltr'><strong><em>καί</em></strong></span> <span class='ocrx_word' id='word_1_173' title='bbox 2654 1260 2983 1331; x_wconf 68' lang='grc' dir='ltr'><em>περιφερές.</em></span> <span class='ocrx_word' id='word_1_174' title='bbox 3016 1260 3082 1317; x_wconf 84' lang='grc' dir='ltr'><em>Τί</em></span> <span class='ocrx_word' id='word_1_175' title='bbox 3106 1263 3215 1332; x_wconf 76' lang='grc' dir='ltr'><em>γὰρ</em></span> <span class='ocrx_word' id='word_1_176' title='bbox 3240 1263 3333 1318; x_wconf 82' lang='grc' dir='ltr'><strong><em>δεῖ</em></strong></span> <span class='ocrx_word' id='word_1_177' title='bbox 3351 1266 3472 1333; x_wconf 74' lang='grc' dir='ltr'><em>περὶ</em></span> <span class='ocrx_word' id='word_1_178' title='bbox 3498 1266 3599 1320; x_wconf 83' lang='grc' dir='ltr'><strong><em>τῶν</em></strong></span> <span class='ocrx_word' id='word_1_179' title='bbox 3616 1286 3717 1335; x_wconf 77' lang='lat' dir='ltr'><strong><em>raq-</em></strong></span> 
     </span>
    </p>
   </div>
   <div class='ocr_carea' id='block_1_28' title="bbox 2210 1349 3717 1424">
    <p class='ocr_par' dir='ltr' id='par_1_28' title="bbox 2210 1349 3717 1424">
     <span class='ocr_line' id='line_1_28' title="bbox 2210 1349 3717 1424; baseline 0.003 -18"><span class='ocrx_word' id='word_1_180' title='bbox 2210 1351 2331 1406; x_wconf 84' lang='grc' dir='ltr'><strong><em>τῶν</em></strong></span> <span class='ocrx_word' id='word_1_181' title='bbox 2355 1352 2556 1422; x_wconf 70' lang='grc' dir='ltr'><em>λέγειν</em></span> <span class='ocrx_word' id='word_1_182' title='bbox 2577 1349 2818 1416; x_wconf 88' lang='grc' dir='ltr'><em>οὐσιῶν,</em></span> <span class='ocrx_word' id='word_1_183' title='bbox 2851 1351 2925 1419; x_wconf 78' lang='grc' dir='ltr'><em>ἂς</em></span> <span class='ocrx_word' id='word_1_184' title='bbox 2946 1353 3289 1424; x_wconf 68' lang='grc' dir='ltr'><em>καταλέγων</em></span> <span class='ocrx_word' id='word_1_185' title='bbox 3319 1357 3351 1409; x_wconf 88' lang='grc' dir='ltr'><strong><em>ό</em></strong></span> <span class='ocrx_word' id='word_1_186' title='bbox 3396 1356 3717 1424; x_wconf 75' lang='grc' dir='ltr'><em>Ἀπόστολος,</em></span> 
     </span>
    </p>
   </div>
   <div class='ocr_carea' id='block_1_29' title="bbox 2213 1440 3721 1516">
    <p class='ocr_par' dir='ltr' id='par_1_29' title="bbox 2213 1440 3721 1516">
     <span class='ocr_line' id='line_1_29' title="bbox 2213 1440 3721 1516; baseline 0.004 -21"><span class='ocrx_word' id='word_1_187' title='bbox 2213 1441 2290 1512; x_wconf 77' lang='grc' dir='ltr'><em>τῇ</em></span> <span class='ocrx_word' id='word_1_188' title='bbox 2322 1440 2577 1513; x_wconf 63' lang='grc' dir='ltr'><em>διαφορᾷ</em></span> <span class='ocrx_word' id='word_1_189' title='bbox 2616 1440 2734 1496; x_wconf 85' lang='grc' dir='ltr'><strong><em>τῶν</em></strong></span> <span class='ocrx_word' id='word_1_190' title='bbox 2773 1443 3077 1512; x_wconf 80' lang='grc' dir='ltr'><em>ὀνομάτων</em></span> <span class='ocrx_word' id='word_1_191' title='bbox 3116 1446 3233 1513; x_wconf 80' lang='grc' dir='ltr'><em>τὴν</em></span> <span class='ocrx_word' id='word_1_192' title='bbox 3262 1448 3623 1516; x_wconf 70' lang='grc' dir='ltr'><em>παραλλαγὴν</em></span> <span class='ocrx_word' id='word_1_193' title='bbox 3648 1448 3721 1500; x_wconf 78' lang='grc' dir='ltr'><strong><em>ἐν·</em></strong></span> 
     </span>
    </p>
   </div>
   <div class='ocr_carea' id='block_1_30' title="bbox 2209 1531 3723 1610">
    <p class='ocr_par' dir='ltr' id='par_1_30' title="bbox 2209 1531 3723 1610">
     <span class='ocr_line' id='line_1_30' title="bbox 2209 1531 3723 1610; baseline 0.003 -23"><span class='ocrx_word' id='word_1_194' title='bbox 2209 1531 2396 1602; x_wconf 68' lang='grc' dir='ltr'><em>ἔφηνε</em></span> <span class='ocrx_word' id='word_1_195' title='bbox 2429 1533 2549 1587; x_wconf 86' lang='grc' dir='ltr'><strong><em>τῶν</em></strong></span> <span class='ocrx_word' id='word_1_196' title='bbox 2583 1533 2847 1599; x_wconf 86' lang='grc' dir='ltr'><em>οὐσιῶν;</em></span> <span class='ocrx_word' id='word_1_197' title='bbox 2881 1534 2979 1598; x_wconf 87' lang='grc' dir='ltr'><em>Τίς</em></span> <span class='ocrx_word' id='word_1_198' title='bbox 3002 1535 3102 1588; x_wconf 79' lang='grc' dir='ltr'><em>οὐκ</em></span> <span class='ocrx_word' id='word_1_199' title='bbox 3136 1535 3202 1589; x_wconf 82' lang='grc' dir='ltr'><em>ἂν</em></span> <span class='ocrx_word' id='word_1_200' title='bbox 3227 1536 3575 1609; x_wconf 71' lang='grc' dir='ltr'><strong><em>καταπλαγείη</em></strong></span> <span class='ocrx_word' id='word_1_201' title='bbox 3620 1538 3723 1610; x_wconf 74' lang='grc' dir='ltr'><em>πρὸς</em></span> 
     </span>
    </p>
   </div>
   <div class='ocr_carea' id='block_1_31' title="bbox 2209 1623 3727 1700">
    <p class='ocr_par' dir='ltr' id='par_1_31' title="bbox 2209 1623 3727 1700">
     <span class='ocr_line' id='line_1_31' title="bbox 2209 1623 3727 1700; baseline 0.005 -25"><span class='ocrx_word' id='word_1_202' title='bbox 2209 1624 2308 1694; x_wconf 81' lang='grc' dir='ltr'><em>τὴν</em></span> <span class='ocrx_word' id='word_1_203' title='bbox 2331 1623 2800 1693; x_wconf 81' lang='grc' dir='ltr'><em>ἀνανταγώνιστον</em></span> <span class='ocrx_word' id='word_1_204' title='bbox 2824 1624 3029 1696; x_wconf 86' lang='grc' dir='ltr'><em>ταύτην</em></span> <span class='ocrx_word' id='word_1_205' title='bbox 3054 1626 3149 1680; x_wconf 82' lang='grc' dir='ltr'><em>τοῦ</em></span> <span class='ocrx_word' id='word_1_206' title='bbox 3182 1628 3589 1700; x_wconf 79' lang='grc' dir='ltr'><strong><em>ἐπιχειρήματος</em></strong></span> <span class='ocrx_word' id='word_1_207' title='bbox 3613 1629 3727 1683; x_wconf 67' lang='lat' dir='ltr'><strong><em>Sava-</em></strong></span> 
     </span>
    </p>
   </div>
   <div class='ocr_carea' id='block_1_32' title="bbox 2214 1715 3728 1791">
    <p class='ocr_par' dir='ltr' id='par_1_32' title="bbox 2214 1715 3728 1791">
     <span class='ocr_line' id='line_1_32' title="bbox 2214 1715 3728 1791; baseline 0.004 -24"><span class='ocrx_word' id='word_1_208' title='bbox 2214 1732 2339 1786; x_wconf 84' lang='grc' dir='ltr'><em>μιν;</em></span> <span class='ocrx_word' id='word_1_209' title='bbox 2379 1715 2549 1787; x_wconf 80' lang='grc' dir='ltr'><em>Ὑπὲρ</em></span> <span class='ocrx_word' id='word_1_210' title='bbox 2575 1715 2675 1789; x_wconf 80' lang='grc' dir='ltr'><em>τὴν</em></span> <span class='ocrx_word' id='word_1_211' title='bbox 2701 1717 3033 1785; x_wconf 79' lang='grc' dir='ltr'><strong><em>ἐπαγγελίαν</em></strong></span> <span class='ocrx_word' id='word_1_212' title='bbox 3055 1717 3083 1770; x_wconf 81' lang='grc' dir='ltr'>ὁ</span> <span class='ocrx_word' id='word_1_213' title='bbox 3107 1717 3267 1787; x_wconf 81' lang='grc' dir='ltr'><strong><em>λόγος</em></strong></span> <span class='ocrx_word' id='word_1_214' title='bbox 3283 1736 3296 1749; x_wconf 73' lang='grc'><strong>⁸</strong></span> <span class='ocrx_word' id='word_1_215' title='bbox 3324 1720 3639 1791; x_wconf 79' lang='grc' dir='ltr'><em>φοϐερωτέρα</em></span> <span class='ocrx_word' id='word_1_216' title='bbox 3655 1721 3728 1789; x_wconf 76' lang='grc' dir='ltr'><em>τῆς</em></span> 
     </span>
    </p>
   </div>
   <div class='ocr_carea' id='block_1_33' title="bbox 539 1804 2103 1883">
    <p class='ocr_par' dir='ltr' id='par_1_33' title="bbox 539 1805 2103 1865">
     <span class='ocr_line' id='line_1_33' title="bbox 539 1805 2103 1865; baseline 0.003 -8"><span class='ocrx_word' id='word_1_217' title='bbox 539 1805 754 1859; x_wconf 69' lang='lat' dir='ltr'><strong><em>Sermo!</em></strong></span> <span class='ocrx_word' id='word_1_218' title='bbox 792 1805 1091 1860; x_wconf 86' lang='lat' dir='ltr'><strong><em>terribilior</em></strong></span> <span class='ocrx_word' id='word_1_219' title='bbox 1134 1820 1268 1861; x_wconf 87' lang='lat' dir='ltr'><strong><em>sane</em></strong></span> <span class='ocrx_word' id='word_1_220' title='bbox 1306 1806 1654 1865; x_wconf 86' lang='lat' dir='ltr'><strong><em>minitatione</em></strong></span> <span class='ocrx_word' id='word_1_221' title='bbox 1699 1806 1789 1861; x_wconf 89' lang='lat' dir='ltr'><strong><em>hic</em></strong></span> <span class='ocrx_word' id='word_1_222' title='bbox 1837 1808 2103 1862; x_wconf 72' lang='lat' dir='ltr'><strong><em>conatus!</em></strong></span> 
     </span>
    </p>
   </div>
   <div class='ocr_carea' id='block_1_34' title="bbox 2204 1804 3734 1883">
    <p class='ocr_par' dir='ltr' id='par_1_34' title="bbox 2217 1805 3734 1883">
     <span class='ocr_line' id='line_1_34' title="bbox 2217 1805 3734 1883; baseline 0.003 -24"><span class='ocrx_word' id='word_1_223' title='bbox 2217 1805 2450 1877; x_wconf 81' lang='grc' dir='ltr'><strong><em>ἀπειλῆς</em></strong></span> <span class='ocrx_word' id='word_1_224' title='bbox 2474 1809 2508 1878; x_wconf 85' lang='grc' dir='ltr'><strong>ή</strong></span> <span class='ocrx_word' id='word_1_225' title='bbox 2550 1810 2738 1878; x_wconf 86' lang='grc' dir='ltr'><em>πεῖρα.</em></span> <span class='ocrx_word' id='word_1_226' title='bbox 2787 1809 2912 1863; x_wconf 58' lang='grc' dir='ltr'><strong><em>Ἐπὶ⁸</em></strong></span> <span class='ocrx_word' id='word_1_227' title='bbox 2950 1807 3043 1862; x_wconf 73' lang='grc' dir='ltr'><em>τὸν</em></span> <span class='ocrx_word' id='word_1_228' title='bbox 3078 1809 3439 1883; x_wconf 79' lang='grc' dir='ltr'><em>ἰσχυρότερον,</em></span> <span class='ocrx_word' id='word_1_229' title='bbox 3470 1811 3734 1881; x_wconf 49' lang='lat' dir='ltr'><strong><em>ementis:</em></strong></span> 
     </span>
    </p>
   </div>
   <div class='ocr_carea' id='block_1_35' title="bbox 536 1893 2110 1965">
    <p class='ocr_par' dir='ltr' id='par_1_35' title="bbox 536 1893 2110 1965">
     <span class='ocr_line' id='line_1_35' title="bbox 536 1893 2110 1965; baseline 0.003 -18"><span class='ocrx_word' id='word_1_230' title='bbox 536 1894 618 1948; x_wconf 84' lang='lat' dir='ltr'><strong><em>Ad</em></strong></span> <span class='ocrx_word' id='word_1_231' title='bbox 656 1893 965 1959; x_wconf 80' lang='lat' dir='ltr'><strong><em>fortiorem,</em></strong></span> <span class='ocrx_word' id='word_1_232' title='bbox 1017 1895 1214 1965; x_wconf 88' lang='lat' dir='ltr'><strong><em>inquit,</em></strong></span> <span class='ocrx_word' id='word_1_233' title='bbox 1246 1895 1460 1951; x_wconf 83' lang='lat' dir='ltr'><strong><em>veniam</em></strong></span> <span class='ocrx_word' id='word_1_234' title='bbox 1512 1898 1797 1950; x_wconf 87' lang='lat' dir='ltr'><strong><em>rationem.</em></strong></span> <span class='ocrx_word' id='word_1_235' title='bbox 1851 1896 2110 1963; x_wconf 56' lang='lat' dir='ltr'><strong><em>(Lutetiam</em></strong></span> 
     </span>
    </p>
   </div>
   <div class='ocr_carea' id='block_1_36' title="bbox 538 1983 2110 2057">
    <p class='ocr_par' dir='ltr' id='par_1_36' title="bbox 538 1983 2110 2057">
     <span class='ocr_line' id='line_1_36' title="bbox 538 1983 2110 2057; baseline 0.003 -19"><span class='ocrx_word' id='word_1_236' title='bbox 538 1985 654 2040; x_wconf 65' lang='lat' dir='ltr'><strong><em>haec</em></strong></span> <span class='ocrx_word' id='word_1_237' title='bbox 694 1984 816 2042; x_wconf 77' lang='lat' dir='ltr'><strong><em>est?</em></strong></span> <span class='ocrx_word' id='word_1_238' title='bbox 864 1983 1007 2056; x_wconf 81' lang='lat' dir='ltr'><strong><em>quod</em></strong></span> <span class='ocrx_word' id='word_1_239' title='bbox 1059 2002 1182 2041; x_wconf 90' lang='lat' dir='ltr'><strong><em>cum</em></strong></span> <span class='ocrx_word' id='word_1_240' title='bbox 1236 2000 1335 2057; x_wconf 90' lang='lat' dir='ltr'><strong><em>per</em></strong></span> <span class='ocrx_word' id='word_1_241' title='bbox 1365 1986 1548 2045; x_wconf 81' lang='lat' dir='ltr'><strong><em>omnia</em></strong></span> <span class='ocrx_word' id='word_1_242' title='bbox 1596 2002 1718 2056; x_wconf 52' lang='lat' dir='ltr'><strong><em>quas</em></strong></span> <span class='ocrx_word' id='word_1_243' title='bbox 1749 1989 2110 2057; x_wconf 79' lang='lat' dir='ltr'><strong><em>proprietates</em></strong></span> 
     </span>
    </p>
   </div>
   <div class='ocr_carea' id='block_1_37' title="bbox 535 2075 2106 2146">
    <p class='ocr_par' dir='ltr' id='par_1_37' title="bbox 535 2075 2106 2146">
     <span class='ocr_line' id='line_1_37' title="bbox 535 2075 2106 2146; baseline 0 -16"><span class='ocrx_word' id='word_1_244' title='bbox 535 2076 850 2145; x_wconf 77' lang='lat' dir='ltr'><strong><em>signiﬁcant</em></strong></span> <span class='ocrx_word' id='word_1_245' title='bbox 905 2075 1304 2146; x_wconf 78' lang='lat' dir='ltr'><strong><em>proprietatum</em></strong></span> <span class='ocrx_word' id='word_1_246' title='bbox 1353 2083 1728 2146; x_wconf 78' lang='lat' dir='ltr'><strong><em>cognoscatur</em></strong></span> <span class='ocrx_word' id='word_1_247' title='bbox 1777 2077 2106 2142; x_wconf 78' lang='lat' dir='ltr'><strong><em>diﬂ‘erentia,</em></strong></span> 
     </span>
    </p>
   </div>
   <div class='ocr_carea' id='block_1_38' title="bbox 536 2166 2109 2236">
    <p class='ocr_par' dir='ltr' id='par_1_38' title="bbox 536 2166 2109 2236">
     <span class='ocr_line' id='line_1_38' title="bbox 536 2166 2109 2236; baseline 0.004 -17"><span class='ocrx_word' id='word_1_248' title='bbox 536 2181 765 2221; x_wconf 80' lang='lat' dir='ltr'><strong><em>necesse</em></strong></span> <span class='ocrx_word' id='word_1_249' title='bbox 795 2175 913 2229; x_wconf 89' lang='lat' dir='ltr'><strong><em>est,</em></strong></span> <span class='ocrx_word' id='word_1_250' title='bbox 964 2166 1164 2236; x_wconf 85' lang='lat' dir='ltr'><strong><em>inquit,</em></strong></span> <span class='ocrx_word' id='word_1_251' title='bbox 1212 2168 1514 2223; x_wconf 82' lang='lat' dir='ltr'><strong><em>concedere</em></strong></span> <span class='ocrx_word' id='word_1_252' title='bbox 1556 2170 1718 2224; x_wconf 86' lang='lat' dir='ltr'><strong><em>etiam</em></strong></span> <span class='ocrx_word' id='word_1_253' title='bbox 1767 2169 2109 2226; x_wconf 71' lang='lat' dir='ltr'><strong><em>differentias</em></strong></span> 
     </span>
    </p>
   </div>
   <div class='ocr_carea' id='block_1_39' title="bbox 546 2259 2106 2327">
    <p class='ocr_par' dir='ltr' id='par_1_39' title="bbox 546 2259 2106 2327">
     <span class='ocr_line' id='line_1_39' title="bbox 546 2259 2106 2327; baseline 0.006 -15"><span class='ocrx_word' id='word_1_254' title='bbox 546 2259 915 2314; x_wconf 83' lang='lat' dir='ltr'><strong><em>essentiarum</em></strong></span> <span class='ocrx_word' id='word_1_255' title='bbox 972 2259 1026 2315; x_wconf 93' lang='lat' dir='ltr'><strong><em>in</em></strong></span> <span class='ocrx_word' id='word_1_256' title='bbox 1092 2261 1377 2327; x_wconf 81' lang='lat' dir='ltr'><strong><em>nominum</em></strong></span> <span class='ocrx_word' id='word_1_257' title='bbox 1435 2260 1763 2320; x_wconf 81' lang='lat' dir='ltr'><strong><em>dilTereutiis</em></strong></span> <span class='ocrx_word' id='word_1_258' title='bbox 1835 2266 2106 2322; x_wconf 86' lang='lat' dir='ltr'><strong><em>denotari.</em></strong></span> 
     </span>
    </p>
   </div>
   <div class='ocr_carea' id='block_1_40' title="bbox 536 2349 2107 2427">
    <p class='ocr_par' dir='ltr' id='par_1_40' title="bbox 536 2349 2107 2427">
     <span class='ocr_line' id='line_1_40' title="bbox 536 2349 2107 2427; baseline 0.008 -25"><span class='ocrx_word' id='word_1_259' title='bbox 536 2349 799 2414; x_wconf 71' lang='lat' dir='ltr'><strong><em>Qua-nam</em></strong></span> <span class='ocrx_word' id='word_1_260' title='bbox 838 2350 1006 2421; x_wconf 85' lang='lat' dir='ltr'><strong><em>igitur</em></strong></span> <span class='ocrx_word' id='word_1_261' title='bbox 1037 2352 1119 2408; x_wconf 66' lang='lat' dir='ltr'><strong><em>hac</em></strong></span> <span class='ocrx_word' id='word_1_262' title='bbox 1153 2360 1283 2408; x_wconf 89' lang='lat' dir='ltr'><strong><em>sunt</em></strong></span> <span class='ocrx_word' id='word_1_263' title='bbox 1315 2355 1680 2410; x_wconf 90' lang='lat' dir='ltr'><strong><em>essentiarum</em></strong></span> <span class='ocrx_word' id='word_1_264' title='bbox 1713 2357 2107 2427; x_wconf 74' lang='lat' dir='ltr'><strong><em>appellationes</em></strong></span> 
     </span>
    </p>
   </div>
   <div class='ocr_carea' id='block_1_41' title="bbox 533 2441 2108 2510">
    <p class='ocr_par' dir='ltr' id='par_1_41' title="bbox 533 2441 2108 2510">
     <span class='ocr_line' id='line_1_41' title="bbox 533 2441 2108 2510; baseline 0.006 -18"><span class='ocrx_word' id='word_1_265' title='bbox 533 2442 737 2510; x_wconf 81' lang='lat' dir='ltr'><strong><em>quibus</em></strong></span> <span class='ocrx_word' id='word_1_266' title='bbox 766 2443 818 2497; x_wconf 89' lang='lat' dir='ltr'><strong><em>in</em></strong></span> <span class='ocrx_word' id='word_1_267' title='bbox 847 2441 1009 2499; x_wconf 87' lang='lat' dir='ltr'><strong><em>Patre</em></strong></span> <span class='ocrx_word' id='word_1_268' title='bbox 1033 2456 1086 2500; x_wconf 89' lang='lat' dir='ltr'><strong><em>et</em></strong></span> <span class='ocrx_word' id='word_1_269' title='bbox 1123 2442 1263 2499; x_wconf 86' lang='lat' dir='ltr'><strong><em>Filio</em></strong></span> <span class='ocrx_word' id='word_1_270' title='bbox 1299 2454 1510 2501; x_wconf 64' lang='lat' dir='ltr'><strong><em>natura;</em></strong></span> <span class='ocrx_word' id='word_1_271' title='bbox 1546 2447 1839 2503; x_wconf 83' lang='lat' dir='ltr'><strong><em>dissidium</em></strong></span> <span class='ocrx_word' id='word_1_272' title='bbox 1883 2448 2108 2504; x_wconf 86' lang='lat' dir='ltr'><strong><em>demon-</em></strong></span> 
     </span>
    </p>
   </div>
   <div class='ocr_carea' id='block_1_42' title="bbox 533 2535 2108 2609">
    <p class='ocr_par' dir='ltr' id='par_1_42' title="bbox 533 2535 2108 2609">
     <span class='ocr_line' id='line_1_42' title="bbox 533 2535 2108 2609; baseline 0.004 -22"><span class='ocrx_word' id='word_1_273' title='bbox 533 2543 766 2588; x_wconf 82' lang='lat' dir='ltr'><strong><em>stratum</em></strong></span> <span class='ocrx_word' id='word_1_274' title='bbox 784 2535 904 2591; x_wconf 83' lang='lat' dir='ltr'><strong><em>est?</em></strong></span> <span class='ocrx_word' id='word_1_275' title='bbox 932 2537 1108 2608; x_wconf 80' lang='lat' dir='ltr'><strong><em>ignem</em></strong></span> <span class='ocrx_word' id='word_1_276' title='bbox 1136 2536 1269 2592; x_wconf 86' lang='lat' dir='ltr'><strong><em>dicit</em></strong></span> <span class='ocrx_word' id='word_1_277' title='bbox 1296 2545 1350 2593; x_wconf 91' lang='lat' dir='ltr'><strong><em>et</em></strong></span> <span class='ocrx_word' id='word_1_278' title='bbox 1375 2553 1570 2609; x_wconf 88' lang='lat' dir='ltr'><strong><em>aquam</em></strong></span> <span class='ocrx_word' id='word_1_279' title='bbox 1592 2546 1646 2594; x_wconf 90' lang='lat' dir='ltr'><strong><em>et</em></strong></span> <span class='ocrx_word' id='word_1_280' title='bbox 1686 2555 1891 2603; x_wconf 85' lang='lat' dir='ltr'><strong><em>aerem,</em></strong></span> <span class='ocrx_word' id='word_1_281' title='bbox 1916 2548 1970 2594; x_wconf 89' lang='lat' dir='ltr'><strong><em>et</em></strong></span> <span class='ocrx_word' id='word_1_282' title='bbox 1997 2547 2108 2595; x_wconf 88' lang='lat' dir='ltr'><strong><em>ter-</em></strong></span> 
     </span>
    </p>
   </div>
   <div class='ocr_carea' id='block_1_43' title="bbox 535 2624 2109 2702">
    <p class='ocr_par' dir='ltr' id='par_1_43' title="bbox 535 2624 2109 2702">
     <span class='ocr_line' id='line_1_43' title="bbox 535 2624 2109 2702; baseline 0.008 -27"><span class='ocrx_word' id='word_1_283' title='bbox 535 2639 675 2689; x_wconf 86' lang='lat' dir='ltr'><strong><em>ram,</em></strong></span> <span class='ocrx_word' id='word_1_284' title='bbox 704 2624 1072 2697; x_wconf 77' lang='lat' dir='ltr'><strong><em>frigidamque</em></strong></span> <span class='ocrx_word' id='word_1_285' title='bbox 1103 2634 1158 2682; x_wconf 88' lang='lat' dir='ltr'><strong><em>et</em></strong></span> <span class='ocrx_word' id='word_1_286' title='bbox 1184 2627 1451 2693; x_wconf 87' lang='lat' dir='ltr'><strong><em>calidum,</em></strong></span> <span class='ocrx_word' id='word_1_287' title='bbox 1486 2629 1667 2684; x_wconf 90' lang='lat' dir='ltr'><strong><em>album</em></strong></span> <span class='ocrx_word' id='word_1_288' title='bbox 1697 2640 1749 2685; x_wconf 87' lang='lat' dir='ltr'><strong><em>et</em></strong></span> <span class='ocrx_word' id='word_1_289' title='bbox 1780 2632 2018 2702; x_wconf 83' lang='lat' dir='ltr'><strong><em>nigrum,</em></strong></span> <span class='ocrx_word' id='word_1_290' title='bbox 2052 2643 2109 2688; x_wconf 85' lang='lat' dir='ltr'><strong><em>et</em></strong></span> 
     </span>
    </p>
   </div>
   <div class='ocr_carea' id='block_1_44' title="bbox 533 2714 2107 2792">
    <p class='ocr_par' dir='ltr' id='par_1_44' title="bbox 533 2714 2107 2792">
     <span class='ocr_line' id='line_1_44' title="bbox 533 2714 2107 2792; baseline 0.008 -26"><span class='ocrx_word' id='word_1_291' title='bbox 533 2714 873 2786; x_wconf 84' lang='lat' dir='ltr'><strong><em>triangulum</em></strong></span> <span class='ocrx_word' id='word_1_292' title='bbox 907 2724 962 2773; x_wconf 91' lang='lat' dir='ltr'><strong><em>et</em></strong></span> <span class='ocrx_word' id='word_1_293' title='bbox 996 2718 1266 2773; x_wconf 91' lang='lat' dir='ltr'><strong><em>circulum</em></strong></span> <span class='ocrx_word' id='word_1_294' title='bbox 1300 2738 1313 2773; x_wconf 89' lang='lat'><strong>:</strong></span> <span class='ocrx_word' id='word_1_295' title='bbox 1348 2718 1481 2774; x_wconf 85' lang='lat' dir='ltr'><strong><em>vicit</em></strong></span> <span class='ocrx_word' id='word_1_296' title='bbox 1508 2721 1797 2789; x_wconf 80' lang='lat' dir='ltr'><strong><em>exemplis,</em></strong></span> <span class='ocrx_word' id='word_1_297' title='bbox 1830 2724 2107 2792; x_wconf 75' lang='lat' dir='ltr'><strong><em>superarit</em></strong></span> 
     </span>
    </p>
   </div>
   <div class='ocr_carea' id='block_1_45' title="bbox 534 2807 2102 2881">
    <p class='ocr_par' dir='ltr' id='par_1_45' title="bbox 534 2807 2102 2881">
     <span class='ocr_line' id='line_1_45' title="bbox 534 2807 2102 2881; baseline 0.008 -23"><span class='ocrx_word' id='word_1_298' title='bbox 534 2807 713 2863; x_wconf 84' lang='lat' dir='ltr'><strong><em>valida</em></strong></span> <span class='ocrx_word' id='word_1_299' title='bbox 746 2810 1067 2880; x_wconf 86' lang='lat' dir='ltr'><strong><em>potentique</em></strong></span> <span class='ocrx_word' id='word_1_300' title='bbox 1113 2810 1350 2874; x_wconf 85' lang='lat' dir='ltr'><strong><em>ratione,</em></strong></span> <span class='ocrx_word' id='word_1_301' title='bbox 1393 2826 1572 2881; x_wconf 88' lang='lat' dir='ltr'><strong><em>neque</em></strong></span> <span class='ocrx_word' id='word_1_302' title='bbox 1607 2811 1723 2879; x_wconf 88' lang='lat' dir='ltr'><strong><em>ipse</em></strong></span> <span class='ocrx_word' id='word_1_303' title='bbox 1756 2814 2102 2878; x_wconf 86' lang='lat' dir='ltr'><strong><em>contradico.</em></strong></span> 
     </span>
    </p>
   </div>
   <div class='ocr_carea' id='block_1_46' title="bbox 533 2900 2102 2969">
    <p class='ocr_par' dir='ltr' id='par_1_46' title="bbox 533 2900 2102 2969">
     <span class='ocr_line' id='line_1_46' title="bbox 533 2900 2102 2969; baseline 0.004 -15"><span class='ocrx_word' id='word_1_304' title='bbox 533 2915 632 2969; x_wconf 86' lang='lat' dir='ltr'><strong><em>per</em></strong></span> <span class='ocrx_word' id='word_1_305' title='bbox 648 2900 1114 2955; x_wconf 86' lang='lat' dir='ltr'><strong><em>incommutabilia</em></strong></span> <span class='ocrx_word' id='word_1_306' title='bbox 1143 2903 1365 2957; x_wconf 88' lang='lat' dir='ltr'><strong><em>nomina</em></strong></span> <span class='ocrx_word' id='word_1_307' title='bbox 1391 2902 1751 2958; x_wconf 81' lang='lat' dir='ltr'><strong><em>diﬂ&#39;ercntiam</em></strong></span> <span class='ocrx_word' id='word_1_308' title='bbox 1781 2916 2102 2961; x_wconf 86' lang='lat' dir='ltr'><strong><em>naturarum</em></strong></span> 
     </span>
    </p>
   </div>
   <div class='ocr_carea' id='block_1_47' title="bbox 531 2990 2104 3054">
    <p class='ocr_par' dir='ltr' id='par_1_47' title="bbox 531 2990 2104 3054">
     <span class='ocr_line' id='line_1_47' title="bbox 531 2990 2104 3054; baseline 0.005 -8"><span class='ocrx_word' id='word_1_309' title='bbox 531 2992 979 3047; x_wconf 88' lang='lat' dir='ltr'><strong><em>commonstrari.</em></strong></span> <span class='ocrx_word' id='word_1_310' title='bbox 1012 2990 1116 3047; x_wconf 88' lang='lat' dir='ltr'><strong><em>Sed</em></strong></span> <span class='ocrx_word' id='word_1_311' title='bbox 1148 2993 1251 3047; x_wconf 87' lang='lat' dir='ltr'><strong><em>hoc</em></strong></span> <span class='ocrx_word' id='word_1_312' title='bbox 1276 2993 1454 3048; x_wconf 87' lang='lat' dir='ltr'><strong><em>solum</em></strong></span> <span class='ocrx_word' id='word_1_313' title='bbox 1482 3010 1591 3049; x_wconf 90' lang='lat' dir='ltr'><strong><em>non</em></strong></span> <span class='ocrx_word' id='word_1_314' title='bbox 1618 2996 1755 3049; x_wconf 80' lang='lat' dir='ltr'><strong><em>vidit</em></strong></span> <span class='ocrx_word' id='word_1_315' title='bbox 1788 2996 1874 3052; x_wconf 87' lang='lat' dir='ltr'><strong><em>hic</em></strong></span> <span class='ocrx_word' id='word_1_316' title='bbox 1906 3009 2104 3054; x_wconf 88' lang='lat' dir='ltr'><strong><em>acutus</em></strong></span> 
     </span>
    </p>
   </div>
   <div class='ocr_carea' id='block_1_48' title="bbox 531 3082 2104 3157">
    <p class='ocr_par' dir='ltr' id='par_1_48' title="bbox 531 3082 2104 3157">
     <span class='ocr_line' id='line_1_48' title="bbox 531 3082 2104 3157; baseline 0.004 -20"><span class='ocrx_word' id='word_1_317' title='bbox 531 3092 587 3137; x_wconf 88' lang='lat' dir='ltr'><strong><em>et</em></strong></span> <span class='ocrx_word' id='word_1_318' title='bbox 615 3083 897 3154; x_wconf 83' lang='lat' dir='ltr'><strong><em>perspicax</em></strong></span> <span class='ocrx_word' id='word_1_319' title='bbox 934 3082 1002 3137; x_wconf 85' lang='lat' dir='ltr'><strong><em>ad</em></strong></span> <span class='ocrx_word' id='word_1_320' title='bbox 1031 3082 1448 3156; x_wconf 86' lang='lat' dir='ltr'><strong><em>intelligendum</em></strong></span> <span class='ocrx_word' id='word_1_321' title='bbox 1485 3104 1500 3141; x_wconf 88' lang='lat'><strong>:</strong></span> <span class='ocrx_word' id='word_1_322' title='bbox 1535 3087 1687 3157; x_wconf 89' lang='lat' dir='ltr'><strong><em>quod</em></strong></span> <span class='ocrx_word' id='word_1_323' title='bbox 1734 3087 1916 3144; x_wconf 89' lang='lat' dir='ltr'><strong><em>hic.et</em></strong></span> <span class='ocrx_word' id='word_1_324' title='bbox 1942 3089 2104 3145; x_wconf 87' lang='lat' dir='ltr'><strong><em>Pater</em></strong></span> 
     </span>
    </p>
   </div>
   <div class='ocr_carea' id='block_1_49' title="bbox 2210 1892 3733 1971">
    <p class='ocr_par' dir='ltr' id='par_1_49' title="bbox 2210 1892 3733 1971">
     <span class='ocr_line' id='line_1_49' title="bbox 2210 1892 3733 1971; baseline 0.003 -23"><span class='ocrx_word' id='word_1_325' title='bbox 2210 1894 2317 1949; x_wconf 86' lang='grc' dir='ltr'><strong><em>τῶν</em></strong></span> <span class='ocrx_word' id='word_1_326' title='bbox 2342 1895 2535 1965; x_wconf 87' lang='grc' dir='ltr'><em>λόγων.</em></span> <span class='ocrx_word' id='word_1_327' title='bbox 2566 1897 2662 1961; x_wconf 86' lang='grc' dir='ltr'><em>Τίς</em></span> <span class='ocrx_word' id='word_1_328' title='bbox 2692 1892 2844 1962; x_wconf 73' lang='grc' dir='ltr'><em>οὗτός</em></span> <span class='ocrx_word' id='word_1_329' title='bbox 2866 1900 3047 1967; x_wconf 84' lang='grc' dir='ltr'><em>ὲστιν;</em></span> <span class='ocrx_word' id='word_1_330' title='bbox 3086 1900 3215 1953; x_wconf 86' lang='grc' dir='ltr'><em>Ὅτι</em></span> <span class='ocrx_word' id='word_1_331' title='bbox 3238 1900 3336 1971; x_wconf 79' lang='grc' dir='ltr'><em>τῆς</em></span> <span class='ocrx_word' id='word_1_332' title='bbox 3358 1899 3461 1953; x_wconf 84' lang='grc' dir='ltr'><strong><em>τῶν</em></strong></span> <span class='ocrx_word' id='word_1_333' title='bbox 3487 1899 3733 1970; x_wconf 77' lang='grc' dir='ltr'><em>ἰδιωμάτων</em></span> 
     </span>
    </p>
   </div>
   <div class='ocr_carea' id='block_1_50' title="bbox 2208 1985 3740 2063">
    <p class='ocr_par' dir='ltr' id='par_1_50' title="bbox 2208 1985 3740 2063">
     <span class='ocr_line' id='line_1_50' title="bbox 2208 1985 3740 2063; baseline 0.004 -24"><span class='ocrx_word' id='word_1_334' title='bbox 2208 1985 2471 2057; x_wconf 77' lang='grc' dir='ltr'><em>διαφορᾶς</em></span> <span class='ocrx_word' id='word_1_335' title='bbox 2495 1986 2585 2042; x_wconf 82' lang='grc' dir='ltr'><strong><em>διὰ</em></strong></span> <span class='ocrx_word' id='word_1_336' title='bbox 2603 1988 2711 2041; x_wconf 86' lang='grc' dir='ltr'><strong><em>τῶν</em></strong></span> <span class='ocrx_word' id='word_1_337' title='bbox 2736 1990 3015 2060; x_wconf 84' lang='grc' dir='ltr'><em>ὀνομάτων</em></span> <span class='ocrx_word' id='word_1_338' title='bbox 3037 1991 3451 2062; x_wconf 78' lang='grc' dir='ltr'><em>γινωσκομένης</em></span> <span class='ocrx_word' id='word_1_339' title='bbox 3470 1990 3569 2044; x_wconf 86' lang='grc' dir='ltr'><strong><em>τῶν</em></strong></span> <span class='ocrx_word' id='word_1_340' title='bbox 3589 2008 3740 2063; x_wconf 73' lang='grc' dir='ltr'><em>σημαι-</em></span> 
     </span>
    </p>
   </div>
   <div class='ocr_carea' id='block_1_51' title="bbox 2209 2077 3737 2154">
    <p class='ocr_par' dir='ltr' id='par_1_51' title="bbox 2209 2077 3737 2154">
     <span class='ocr_line' id='line_1_51' title="bbox 2209 2077 3737 2154; baseline 0.003 -24"><span class='ocrx_word' id='word_1_341' title='bbox 2209 2077 2408 2131; x_wconf 82' lang='grc' dir='ltr'><em>νόντων</em></span> <span class='ocrx_word' id='word_1_342' title='bbox 2446 2078 2547 2143; x_wconf 75' lang='grc' dir='ltr'><em>τὰς</em></span> <span class='ocrx_word' id='word_1_343' title='bbox 2592 2078 2889 2151; x_wconf 76' lang='grc' dir='ltr'><em>ἰδιότητας,</em></span> <span class='ocrx_word' id='word_1_344' title='bbox 2942 2081 3156 2152; x_wconf 80' lang='grc' dir='ltr'><em>ἀνάγκη</em></span> <span class='ocrx_word' id='word_1_345' title='bbox 3203 2081 3270 2154; x_wconf 86' lang='grc' dir='ltr'><strong><em>δή</em></strong></span> <span class='ocrx_word' id='word_1_346' title='bbox 3318 2099 3418 2136; x_wconf 86' lang='grc' dir='ltr'><em>που</em></span> <span class='ocrx_word' id='word_1_347' title='bbox 3468 2084 3737 2153; x_wconf 79' lang='grc' dir='ltr'><em>συγχωρεῖν,</em></span> 
     </span>
    </p>
   </div>
   <div class='ocr_carea' id='block_1_52' title="bbox 2210 2169 3740 2244">
    <p class='ocr_par' dir='ltr' id='par_1_52' title="bbox 2210 2169 3740 2244">
     <span class='ocr_line' id='line_1_52' title="bbox 2210 2169 3740 2244; baseline 0.005 -25"><span class='ocrx_word' id='word_1_348' title='bbox 2210 2169 2365 2239; x_wconf 71' lang='grc' dir='ltr'><em>φησὶ,</em></span> <span class='ocrx_word' id='word_1_349' title='bbox 2396 2169 2610 2234; x_wconf 80' lang='grc' dir='ltr'><em>καὶτὰς</em></span> <span class='ocrx_word' id='word_1_350' title='bbox 2646 2170 2754 2224; x_wconf 86' lang='grc' dir='ltr'><strong><em>τῶν</em></strong></span> <span class='ocrx_word' id='word_1_351' title='bbox 2775 2171 2974 2225; x_wconf 70' lang='grc' dir='ltr'><em>οὐσιῶν</em></span> <span class='ocrx_word' id='word_1_352' title='bbox 3000 2172 3273 2244; x_wconf 72' lang='grc' dir='ltr'><em>διαφορὰς</em></span> <span class='ocrx_word' id='word_1_353' title='bbox 3310 2174 3368 2226; x_wconf 84' lang='grc' dir='ltr'><em>ὲν</em></span> <span class='ocrx_word' id='word_1_354' title='bbox 3395 2176 3510 2237; x_wconf 82' lang='grc' dir='ltr'><em>ταῖς</em></span> <span class='ocrx_word' id='word_1_355' title='bbox 3531 2172 3627 2226; x_wconf 86' lang='grc' dir='ltr'><strong><em>τῶν</em></strong></span> <span class='ocrx_word' id='word_1_356' title='bbox 3648 2173 3740 2227; x_wconf 78' lang='grc' dir='ltr'><em>ὀνο-</em></span> 
     </span>
    </p>
   </div>
   <div class='ocr_carea' id='block_1_53' title="bbox 2212 2259 3745 2336">
    <p class='ocr_par' dir='ltr' id='par_1_53' title="bbox 2212 2259 3745 2336">
     <span class='ocr_line' id='line_1_53' title="bbox 2212 2259 3745 2336; baseline 0.004 -23"><span class='ocrx_word' id='word_1_357' title='bbox 2212 2259 2398 2331; x_wconf 83' lang='grc' dir='ltr'><em>μάτων</em></span> <span class='ocrx_word' id='word_1_358' title='bbox 2431 2262 2810 2334; x_wconf 80' lang='grc' dir='ltr'><em>παραλλαγαῖς</em></span> <span class='ocrx_word' id='word_1_359' title='bbox 2839 2263 3264 2336; x_wconf 80' lang='grc' dir='ltr'><em>ἑρμηνεύεσθαι.</em></span> <span class='ocrx_word' id='word_1_360' title='bbox 3299 2264 3452 2330; x_wconf 88' lang='grc' dir='ltr'><em>Τίνες</em></span> <span class='ocrx_word' id='word_1_361' title='bbox 3484 2260 3570 2319; x_wconf 78' lang='grc' dir='ltr'><em>οὖν</em></span> <span class='ocrx_word' id='word_1_362' title='bbox 3598 2264 3745 2319; x_wconf 74' lang='grc' dir='ltr'><em>αἰτῶν</em></span> 
     </span>
    </p>
   </div>
   <div class='ocr_carea' id='block_1_54' title="bbox 2207 2340 3748 2427">
    <p class='ocr_par' dir='ltr' id='par_1_54' title="bbox 2207 2340 3748 2427">
     <span class='ocr_line' id='line_1_54' title="bbox 2207 2340 3748 2427; baseline 0.003 -22"><span class='ocrx_word' id='word_1_363' title='bbox 2207 2351 2406 2407; x_wconf 80' lang='grc' dir='ltr'><em>οὐσιῶν</em></span> <span class='ocrx_word' id='word_1_364' title='bbox 2433 2340 2793 2426; x_wconf 77' lang='grc' dir='ltr'><em>προσηγορίαι</em></span> <span class='ocrx_word' id='word_1_365' title='bbox 2816 2395 2831 2417; x_wconf 94' lang='grc'><strong><em>,</em></strong></span> <span class='ocrx_word' id='word_1_366' title='bbox 2858 2354 2925 2409; x_wconf 85' lang='grc' dir='ltr'><strong><em>δι’</em></strong></span> <span class='ocrx_word' id='word_1_367' title='bbox 2966 2348 3040 2410; x_wconf 80' lang='grc' dir='ltr'><em>ὧν</em></span> <span class='ocrx_word' id='word_1_368' title='bbox 3066 2356 3159 2410; x_wconf 72' lang='grc' dir='ltr'><strong><em>ἐπὶ</em></strong></span> <span class='ocrx_word' id='word_1_369' title='bbox 3199 2356 3412 2427; x_wconf 79' lang='grc' dir='ltr'><em>Πατρδς</em></span> <span class='ocrx_word' id='word_1_370' title='bbox 3439 2358 3526 2411; x_wconf 79' lang='grc' dir='ltr'><strong><em>καὶ</em></strong></span> <span class='ocrx_word' id='word_1_371' title='bbox 3564 2355 3677 2411; x_wconf 82' lang='grc' dir='ltr'>Υίοῦ</span> <span class='ocrx_word' id='word_1_372' title='bbox 3700 2355 3748 2410; x_wconf 71' lang='grc' dir='ltr'><em>τὸ</em></span> 
     </span>
    </p>
   </div>
   <div class='ocr_carea' id='block_1_55' title="bbox 2209 2443 3751 2522">
    <p class='ocr_par' dir='ltr' id='par_1_55' title="bbox 2209 2443 3751 2522">
     <span class='ocr_line' id='line_1_55' title="bbox 2209 2443 3751 2522; baseline 0.003 -26"><span class='ocrx_word' id='word_1_373' title='bbox 2209 2443 2665 2515; x_wconf 77' lang='grc' dir='ltr'><em>παρηλλαγμένον</em></span> <span class='ocrx_word' id='word_1_374' title='bbox 2711 2446 2961 2519; x_wconf 77' lang='grc' dir='ltr'><strong><em>ἐδιδάχθη</em></strong></span> <span class='ocrx_word' id='word_1_375' title='bbox 3021 2447 3281 2517; x_wconf 76' lang='grc' dir='ltr'><em>φύσεωςς</em></span> <span class='ocrx_word' id='word_1_376' title='bbox 3331 2450 3449 2522; x_wconf 81' lang='grc' dir='ltr'><strong><em>Πῦρ</em></strong></span> <span class='ocrx_word' id='word_1_377' title='bbox 3502 2449 3633 2517; x_wconf 84' lang='grc' dir='ltr'><em>λέγει</em></span> <span class='ocrx_word' id='word_1_378' title='bbox 3676 2449 3751 2502; x_wconf 81' lang='grc' dir='ltr'><strong><em>καὶ</em></strong></span> 
     </span>
    </p>
   </div>
   <div class='ocr_carea' id='block_1_56' title="bbox 2209 2532 3754 2613">
    <p class='ocr_par' dir='ltr' id='par_1_56' title="bbox 2209 2532 3754 2613">
     <span class='ocr_line' id='line_1_56' title="bbox 2209 2532 3754 2613; baseline 0.003 -27"><span class='ocrx_word' id='word_1_379' title='bbox 2209 2532 2374 2606; x_wconf 78' lang='grc' dir='ltr'><em>ὕδωρ,</em></span> <span class='ocrx_word' id='word_1_380' title='bbox 2405 2536 2502 2590; x_wconf 76' lang='grc' dir='ltr'><strong><em>καὶ</em></strong></span> <span class='ocrx_word' id='word_1_381' title='bbox 2530 2536 2689 2609; x_wconf 79' lang='grc' dir='ltr'><em>ἀέρα,</em></span> <span class='ocrx_word' id='word_1_382' title='bbox 2714 2539 2808 2591; x_wconf 79' lang='grc' dir='ltr'><strong><em>καὶ</em></strong></span> <span class='ocrx_word' id='word_1_383' title='bbox 2832 2539 2956 2609; x_wconf 83' lang='grc' dir='ltr'><em>γῆν,</em></span> <span class='ocrx_word' id='word_1_384' title='bbox 2987 2538 3198 2612; x_wconf 79' lang='grc' dir='ltr'><em>ψυχρόν</em></span> <span class='ocrx_word' id='word_1_385' title='bbox 3230 2559 3290 2595; x_wconf 88' lang='grc' dir='ltr'><strong><em>τε</em></strong></span> <span class='ocrx_word' id='word_1_386' title='bbox 3316 2544 3410 2595; x_wconf 71' lang='grc' dir='ltr'><strong><em>καὶ</em></strong></span> <span class='ocrx_word' id='word_1_387' title='bbox 3438 2540 3639 2613; x_wconf 81' lang='grc' dir='ltr'><em>θερμὸν,</em></span> <span class='ocrx_word' id='word_1_388' title='bbox 3657 2538 3754 2592; x_wconf 80' lang='grc' dir='ltr'><em>λεν-</em></span> 
     </span>
    </p>
   </div>
   <div class='ocr_carea' id='block_1_57' title="bbox 2206 2622 3757 2703">
    <p class='ocr_par' dir='ltr' id='par_1_57' title="bbox 2206 2622 3757 2703">
     <span class='ocr_line' id='line_1_57' title="bbox 2206 2622 3757 2703; baseline 0.002 -27"><span class='ocrx_word' id='word_1_389' title='bbox 2206 2622 2300 2676; x_wconf 83' lang='grc' dir='ltr'><em>κόν</em></span> <span class='ocrx_word' id='word_1_390' title='bbox 2320 2641 2377 2676; x_wconf 85' lang='grc' dir='ltr'><strong><em>τε</em></strong></span> <span class='ocrx_word' id='word_1_391' title='bbox 2404 2624 2496 2677; x_wconf 78' lang='grc' dir='ltr'><strong><em>καὶ</em></strong></span> <span class='ocrx_word' id='word_1_392' title='bbox 2530 2625 2723 2695; x_wconf 82' lang='grc' dir='ltr'><em>μέλαν,</em></span> <span class='ocrx_word' id='word_1_393' title='bbox 2749 2626 3013 2698; x_wconf 84' lang='grc' dir='ltr'><em>τρίγωνον</em></span> <span class='ocrx_word' id='word_1_394' title='bbox 3044 2629 3137 2682; x_wconf 71' lang='grc' dir='ltr'><strong><em>καὶ</em></strong></span> <span class='ocrx_word' id='word_1_395' title='bbox 3174 2630 3480 2703; x_wconf 79' lang='grc' dir='ltr'><em>περιφερές</em></span> <span class='ocrx_word' id='word_1_396' title='bbox 3502 2645 3516 2660; x_wconf 89' lang='grc'><strong>·</strong></span> <span class='ocrx_word' id='word_1_397' title='bbox 3546 2628 3757 2698; x_wconf 77' lang='grc' dir='ltr'><em>νενίκηκε</em></span> 
     </span>
    </p>
   </div>
   <div class='ocr_carea' id='block_1_58' title="bbox 2204 2716 3757 2792">
    <p class='ocr_par' dir='ltr' id='par_1_58' title="bbox 2204 2716 3757 2792">
     <span class='ocr_line' id='line_1_58' title="bbox 2204 2716 3757 2792; baseline 0.003 -25"><span class='ocrx_word' id='word_1_398' title='bbox 2204 2719 2317 2778; x_wconf 82' lang='grc' dir='ltr'><em>τοῖς</em></span> <span class='ocrx_word' id='word_1_399' title='bbox 2359 2716 2772 2788; x_wconf 81' lang='grc' dir='ltr'><em>ὑποδείγμασιν·</em></span> <span class='ocrx_word' id='word_1_400' title='bbox 2807 2718 3076 2789; x_wconf 80' lang='grc' dir='ltr'><em>ὑπερέσχε</em></span> <span class='ocrx_word' id='word_1_401' title='bbox 3110 2722 3261 2775; x_wconf 83' lang='grc' dir='ltr'><em>κατὰ</em></span> <span class='ocrx_word' id='word_1_402' title='bbox 3302 2723 3501 2792; x_wconf 83' lang='grc' dir='ltr'><em>κράτος</em></span> <span class='ocrx_word' id='word_1_403' title='bbox 3520 2719 3591 2791; x_wconf 81' lang='grc' dir='ltr'><em>τῷ</em></span> <span class='ocrx_word' id='word_1_404' title='bbox 3613 2719 3757 2789; x_wconf 79' lang='grc' dir='ltr'><em>λόγῳ,</em></span> 
     </span>
    </p>
   </div>
   <div class='ocr_carea' id='block_1_59' title="bbox 2204 2807 3765 2881">
    <p class='ocr_par' dir='ltr' id='par_1_59' title="bbox 2204 2807 3765 2881">
     <span class='ocr_line' id='line_1_59' title="bbox 2204 2807 3765 2881; baseline 0.001 -22"><span class='ocrx_word' id='word_1_405' title='bbox 2204 2807 2323 2860; x_wconf 76' lang='grc' dir='ltr'><em>οὐδὲ</em></span> <span class='ocrx_word' id='word_1_406' title='bbox 2347 2808 2456 2878; x_wconf 76' lang='grc' dir='ltr'><em>γὰρ</em></span> <span class='ocrx_word' id='word_1_407' title='bbox 2485 2808 2648 2872; x_wconf 82' lang='grc' dir='ltr'><em>αὐτὸς</em></span> <span class='ocrx_word' id='word_1_408' title='bbox 2680 2809 2967 2878; x_wconf 78' lang='grc' dir='ltr'><em>ἀντιλέγω,</em></span> <span class='ocrx_word' id='word_1_409' title='bbox 2994 2810 3063 2864; x_wconf 72' lang='grc' dir='ltr'><strong><em>τά</em></strong></span> <span class='ocrx_word' id='word_1_410' title='bbox 3083 2811 3179 2865; x_wconf 68' lang='grc' dir='ltr'><strong><em>διὰ</em></strong></span> <span class='ocrx_word' id='word_1_411' title='bbox 3213 2814 3432 2868; x_wconf 82' lang='grc' dir='ltr'><em>πάντων</em></span> <span class='ocrx_word' id='word_1_412' title='bbox 3464 2809 3765 2881; x_wconf 81' lang='grc' dir='ltr'><em>ἀκοινώνητα</em></span> 
     </span>
    </p>
   </div>
   <div class='ocr_carea' id='block_1_60' title="bbox 2203 2896 3764 2976">
    <p class='ocr_par' dir='ltr' id='par_1_60' title="bbox 2203 2896 3764 2976">
     <span class='ocr_line' id='line_1_60' title="bbox 2203 2896 3764 2976; baseline 0.002 -28"><span class='ocrx_word' id='word_1_413' title='bbox 2203 2896 2311 2950; x_wconf 89' lang='grc' dir='ltr'><strong><em>τῶν</em></strong></span> <span class='ocrx_word' id='word_1_414' title='bbox 2332 2897 2612 2966; x_wconf 80' lang='grc' dir='ltr'><em>ὀνομάτων</em></span> <span class='ocrx_word' id='word_1_415' title='bbox 2634 2898 2730 2971; x_wconf 74' lang='grc' dir='ltr'><em>τὴν</em></span> <span class='ocrx_word' id='word_1_416' title='bbox 2761 2900 2867 2954; x_wconf 68' lang='grc' dir='ltr'><strong><em>τῶν</em></strong></span> <span class='ocrx_word' id='word_1_417' title='bbox 2889 2900 3104 2970; x_wconf 75' lang='grc' dir='ltr'><em>φύσεων</em></span> <span class='ocrx_word' id='word_1_418' title='bbox 3124 2902 3405 2976; x_wconf 75' lang='grc' dir='ltr'><em>διαφορὰν</em></span> <span class='ocrx_word' id='word_1_419' title='bbox 3437 2901 3764 2957; x_wconf 77' lang='grc' dir='ltr'><em>συνενδείκνυο</em></span> 
     </span>
    </p>
   </div>
   <div class='ocr_carea' id='block_1_61' title="bbox 2207 2987 3769 3063">
    <p class='ocr_par' dir='ltr' id='par_1_61' title="bbox 2207 2987 3769 3063">
     <span class='ocr_line' id='line_1_61' title="bbox 2207 2987 3769 3063; baseline 0.003 -23"><span class='ocrx_word' id='word_1_420' title='bbox 2207 2987 2349 3041; x_wconf 88' lang='grc' dir='ltr'><em>σθαι.</em></span> <span class='ocrx_word' id='word_1_421' title='bbox 2422 2989 2581 3044; x_wconf 73' lang='grc' dir='ltr'><em>Ἀλλὰ</em></span> <span class='ocrx_word' id='word_1_422' title='bbox 2635 2989 2811 3045; x_wconf 79' lang='grc' dir='ltr'><em>ταῦτα</em></span> <span class='ocrx_word' id='word_1_423' title='bbox 2877 2992 3038 3063; x_wconf 86' lang='grc' dir='ltr'><em>μόνον</em></span> <span class='ocrx_word' id='word_1_424' title='bbox 3083 2994 3190 3048; x_wconf 76' lang='grc' dir='ltr'><em>οὐκ</em></span> <span class='ocrx_word' id='word_1_425' title='bbox 3248 2990 3393 3048; x_wconf 75' lang='grc' dir='ltr'><em>εἶδεν</em></span> <span class='ocrx_word' id='word_1_426' title='bbox 3445 2996 3474 3048; x_wconf 97' lang='lat'><strong><em>6</em></strong></span> <span class='ocrx_word' id='word_1_427' title='bbox 3526 2993 3643 3060; x_wconf 70' lang='grc' dir='ltr'>ὀξὺς</span> <span class='ocrx_word' id='word_1_428' title='bbox 3686 2991 3769 3044; x_wconf 74' lang='grc' dir='ltr'><strong><em>καὶ</em></strong></span> 
     </span>
    </p>
   </div>
   <div class='ocr_carea' id='block_1_62' title="bbox 2203 3077 3772 3152">
    <p class='ocr_par' dir='ltr' id='par_1_62' title="bbox 2203 3077 3772 3152">
     <span class='ocr_line' id='line_1_62' title="bbox 2203 3077 3772 3152; baseline 0.003 -21"><span class='ocrx_word' id='word_1_429' title='bbox 2203 3077 2507 3150; x_wconf 72' lang='grc' dir='ltr'><em>διορατικδς</em></span> <span class='ocrx_word' id='word_1_430' title='bbox 2539 3080 2635 3152; x_wconf 75' lang='grc' dir='ltr'><em>τὴν</em></span> <span class='ocrx_word' id='word_1_431' title='bbox 2661 3080 2898 3136; x_wconf 73' lang='grc' dir='ltr'><em>διάνοιαν</em></span> <span class='ocrx_word' id='word_1_432' title='bbox 2922 3124 2937 3147; x_wconf 85' lang='grc'><strong><em>,</em></strong></span> <span class='ocrx_word' id='word_1_433' title='bbox 2995 3085 3077 3136; x_wconf 84' lang='grc' dir='ltr'><em>ὅτι</em></span> <span class='ocrx_word' id='word_1_434' title='bbox 3130 3083 3384 3139; x_wconf 74' lang='grc' dir='ltr'><em>ἐνταῦθα</em></span> <span class='ocrx_word' id='word_1_435' title='bbox 3427 3085 3455 3138; x_wconf 82' lang='grc' dir='ltr'>ὅ</span> <span class='ocrx_word' id='word_1_436' title='bbox 3517 3101 3576 3137; x_wconf 86' lang='grc' dir='ltr'><strong><em>τε</em></strong></span> <span class='ocrx_word' id='word_1_437' title='bbox 3614 3081 3772 3152; x_wconf 74' lang='grc' dir='ltr'><em>Πατὴρ</em></span> 
     </span>
    </p>
   </div>
   <div class='ocr_carea' id='block_1_63' title="bbox 532 3148 2103 3251">
    <p class='ocr_par' dir='ltr' id='par_1_63' title="bbox 532 3148 2098 3251">
     <span class='ocr_line' id='line_1_63' title="bbox 532 3148 2098 3251; baseline 0.006 -22"><span class='ocrx_word' id='word_1_438' title='bbox 532 3148 698 3241; x_wconf 66' lang='lat' dir='ltr'><strong><em>Deus,</em></strong></span> <span class='ocrx_word' id='word_1_439' title='bbox 737 3148 792 3231; x_wconf 78' lang='lat' dir='ltr'><strong><em>et</em></strong></span> <span class='ocrx_word' id='word_1_440' title='bbox 841 3174 1014 3233; x_wconf 83' lang='lat' dir='ltr'><strong><em>Filius</em></strong></span> <span class='ocrx_word' id='word_1_441' title='bbox 1062 3148 1239 3240; x_wconf 60' lang='lat' dir='ltr'><strong><em>Deus:</em></strong></span> <span class='ocrx_word' id='word_1_442' title='bbox 1275 3148 1573 3249; x_wconf 75' lang='lat' dir='ltr'><strong><em>iustusque</em></strong></span> <span class='ocrx_word' id='word_1_443' title='bbox 1618 3186 1672 3234; x_wconf 88' lang='lat' dir='ltr'><strong><em>et</em></strong></span> <span class='ocrx_word' id='word_1_444' title='bbox 1722 3179 2098 3251; x_wconf 83' lang='lat' dir='ltr'><strong><em>incorruptus,</em></strong></span> 
     </span>
    </p>
   </div>
   <div class='ocr_carea' id='block_1_64' title="bbox 2204 3148 3779 3251">
    <p class='ocr_par' dir='ltr' id='par_1_64' title="bbox 2205 3148 3779 3251">
     <span class='ocr_line' id='line_1_64' title="bbox 2205 3148 3779 3251; baseline 0.01 -29"><span class='ocrx_word' id='word_1_445' title='bbox 2205 3148 2370 3234; x_wconf 73' lang='lat'><strong><em>656;,</em></strong></span> <span class='ocrx_word' id='word_1_446' title='bbox 2425 3172 2517 3225; x_wconf 76' lang='grc' dir='ltr'><strong><em>καὶ</em></strong></span> <span class='ocrx_word' id='word_1_447' title='bbox 2556 3148 2741 3238; x_wconf 24' lang='grc' dir='ltr'><em>ότΥίὸς</em></span> <span class='ocrx_word' id='word_1_448' title='bbox 2786 3173 2938 3239; x_wconf 83' lang='grc' dir='ltr'><em>Θεὸς,</em></span> <span class='ocrx_word' id='word_1_449' title='bbox 2998 3176 3206 3241; x_wconf 84' lang='grc' dir='ltr'><em>δίκαιός</em></span> <span class='ocrx_word' id='word_1_450' title='bbox 3264 3194 3326 3231; x_wconf 90' lang='grc' dir='ltr'><strong><em>τε</em></strong></span> <span class='ocrx_word' id='word_1_451' title='bbox 3381 3177 3478 3231; x_wconf 65' lang='grc' dir='ltr'><strong><em>καὶ</em></strong></span> <span class='ocrx_word' id='word_1_452' title='bbox 3514 3148 3779 3247; x_wconf 56' lang='grc' dir='ltr'><em>ᾶφθαρτοξν</em></span> 
     </span>
    </p>
   </div>
   <div class='ocr_carea' id='block_1_65' title="bbox 530 3267 2104 3340">
    <p class='ocr_par' dir='ltr' id='par_1_65' title="bbox 530 3267 2104 3340">
     <span class='ocr_line' id='line_1_65' title="bbox 530 3267 2104 3340; baseline 0.004 -17"><span class='ocrx_word' id='word_1_453' title='bbox 530 3279 584 3323; x_wconf 89' lang='lat' dir='ltr'><strong><em>et</em></strong></span> <span class='ocrx_word' id='word_1_454' title='bbox 618 3268 803 3323; x_wconf 87' lang='lat' dir='ltr'><strong><em>omnia</em></strong></span> <span class='ocrx_word' id='word_1_455' title='bbox 846 3267 1135 3340; x_wconf 59' lang='lat' dir='ltr'><strong><em>theologia:</em></strong></span> <span class='ocrx_word' id='word_1_456' title='bbox 1166 3269 1389 3324; x_wconf 86' lang='lat' dir='ltr'><strong><em>nomina</em></strong></span> <span class='ocrx_word' id='word_1_457' title='bbox 1414 3271 1700 3340; x_wconf 61' lang='lat' dir='ltr'><strong><em>aequaliter</em></strong></span> <span class='ocrx_word' id='word_1_458' title='bbox 1742 3271 1810 3327; x_wconf 91' lang='lat' dir='ltr'><strong><em>de</em></strong></span> <span class='ocrx_word' id='word_1_459' title='bbox 1838 3269 2006 3327; x_wconf 83' lang='lat' dir='ltr'><strong><em>Patre</em></strong></span> <span class='ocrx_word' id='word_1_460' title='bbox 2049 3282 2104 3329; x_wconf 89' lang='lat' dir='ltr'><strong><em>et</em></strong></span> 
     </span>
    </p>
   </div>
   <div class='ocr_carea' id='block_1_66' title="bbox 538 3357 2100 3432">
    <p class='ocr_par' dir='ltr' id='par_1_66' title="bbox 538 3357 2100 3432">
     <span class='ocr_line' id='line_1_66' title="bbox 538 3357 2100 3432; baseline 0.004 -20"><span class='ocrx_word' id='word_1_461' title='bbox 538 3358 680 3414; x_wconf 85' lang='lat' dir='ltr'><strong><em>Filio</em></strong></span> <span class='ocrx_word' id='word_1_462' title='bbox 712 3357 1005 3426; x_wconf 86' lang='lat' dir='ltr'><strong><em>dicuntur;</em></strong></span> <span class='ocrx_word' id='word_1_463' title='bbox 1038 3374 1209 3429; x_wconf 86' lang='lat' dir='ltr'><strong><em>quare</em></strong></span> <span class='ocrx_word' id='word_1_464' title='bbox 1246 3360 1295 3415; x_wconf 90' lang='lat' dir='ltr'><strong><em>si</em></strong></span> <span class='ocrx_word' id='word_1_465' title='bbox 1336 3360 1632 3415; x_wconf 89' lang='lat' dir='ltr'><strong><em>discrimen</em></strong></span> <span class='ocrx_word' id='word_1_466' title='bbox 1671 3362 2100 3432; x_wconf 83' lang='lat' dir='ltr'><strong><em>appellationum</em></strong></span> 
     </span>
    </p>
   </div>
   <div class='ocr_carea' id='block_1_67' title="bbox 530 3449 2095 3523">
    <p class='ocr_par' dir='ltr' id='par_1_67' title="bbox 530 3449 2095 3523">
     <span class='ocr_line' id='line_1_67' title="bbox 530 3449 2095 3523; baseline 0.004 -19"><span class='ocrx_word' id='word_1_467' title='bbox 530 3449 893 3507; x_wconf 66' lang='lat' dir='ltr'><strong><em>diderentiam</em></strong></span> <span class='ocrx_word' id='word_1_468' title='bbox 916 3458 1238 3506; x_wconf 84' lang='lat' dir='ltr'><strong><em>naturarum</em></strong></span> <span class='ocrx_word' id='word_1_469' title='bbox 1271 3451 1560 3523; x_wconf 75' lang='lat' dir='ltr'><strong><em>signiﬁcat,</em></strong></span> <span class='ocrx_word' id='word_1_470' title='bbox 1583 3453 1952 3509; x_wconf 88' lang='lat' dir='ltr'><strong><em>communitas</em></strong></span> <span class='ocrx_word' id='word_1_471' title='bbox 1979 3470 2095 3510; x_wconf 88' lang='lat' dir='ltr'><strong><em>no-</em></strong></span> 
     </span>
    </p>
   </div>
   <div class='ocr_carea' id='block_1_68' title="bbox 531 3542 2096 3614">
    <p class='ocr_par' dir='ltr' id='par_1_68' title="bbox 531 3542 2096 3614">
     <span class='ocr_line' id='line_1_68' title="bbox 531 3542 2096 3614; baseline 0.001 -16"><span class='ocrx_word' id='word_1_472' title='bbox 531 3543 739 3598; x_wconf 90' lang='lat' dir='ltr'><strong><em>minum</em></strong></span> <span class='ocrx_word' id='word_1_473' title='bbox 767 3542 1018 3599; x_wconf 76' lang='lat' dir='ltr'><strong><em>essentia:</em></strong></span> <span class='ocrx_word' id='word_1_474' title='bbox 1052 3544 1496 3599; x_wconf 89' lang='lat' dir='ltr'><strong><em>communionem</em></strong></span> <span class='ocrx_word' id='word_1_475' title='bbox 1541 3559 1769 3614; x_wconf 83' lang='lat' dir='ltr'><strong><em>prorsus</em></strong></span> <span class='ocrx_word' id='word_1_476' title='bbox 1815 3544 2096 3600; x_wconf 87' lang='lat' dir='ltr'><strong><em>indicabit.</em></strong></span> 
     </span>
    </p>
   </div>
   <div class='ocr_carea' id='block_1_69' title="bbox 529 3634 2102 3708">
    <p class='ocr_par' dir='ltr' id='par_1_69' title="bbox 529 3634 2102 3708">
     <span class='ocr_line' id='line_1_69' title="bbox 529 3634 2102 3708; baseline 0.003 -20"><span class='ocrx_word' id='word_1_477' title='bbox 529 3635 597 3690; x_wconf 78' lang='lat' dir='ltr'><strong><em>Et</em></strong></span> <span class='ocrx_word' id='word_1_478' title='bbox 626 3635 673 3691; x_wconf 90' lang='lat' dir='ltr'><strong><em>si</em></strong></span> <span class='ocrx_word' id='word_1_479' title='bbox 698 3634 1110 3692; x_wconf 88' lang='lat' dir='ltr'><strong><em>concedendum</em></strong></span> <span class='ocrx_word' id='word_1_480' title='bbox 1149 3643 1236 3691; x_wconf 88' lang='lat' dir='ltr'><strong><em>est</em></strong></span> <span class='ocrx_word' id='word_1_481' title='bbox 1260 3636 1503 3691; x_wconf 84' lang='lat' dir='ltr'><strong><em>divinam</em></strong></span> <span class='ocrx_word' id='word_1_482' title='bbox 1543 3637 1840 3694; x_wconf 85' lang='lat' dir='ltr'><strong><em>essentiam</em></strong></span> <span class='ocrx_word' id='word_1_483' title='bbox 1877 3653 1972 3708; x_wconf 88' lang='lat' dir='ltr'><strong><em>per</em></strong></span> <span class='ocrx_word' id='word_1_484' title='bbox 2003 3653 2102 3693; x_wconf 87' lang='lat' dir='ltr'><strong><em>no-</em></strong></span> 
     </span>
    </p>
   </div>
   <div class='ocr_carea' id='block_1_70' title="bbox 529 3727 2101 3799">
    <p class='ocr_par' dir='ltr' id='par_1_70' title="bbox 529 3727 2101 3799">
     <span class='ocr_line' id='line_1_70' title="bbox 529 3727 2101 3799; baseline 0.004 -19"><span class='ocrx_word' id='word_1_485' title='bbox 529 3728 678 3783; x_wconf 87' lang='lat' dir='ltr'><strong><em>mina</em></strong></span> <span class='ocrx_word' id='word_1_486' title='bbox 709 3728 1034 3799; x_wconf 82' lang='lat' dir='ltr'><strong><em>signiﬁcari,</em></strong></span> <span class='ocrx_word' id='word_1_487' title='bbox 1066 3727 1168 3784; x_wconf 88' lang='lat' dir='ltr'><strong><em>has</em></strong></span> <span class='ocrx_word' id='word_1_488' title='bbox 1199 3728 1450 3785; x_wconf 78' lang='lat' dir='ltr'><strong><em>excelsas</em></strong></span> <span class='ocrx_word' id='word_1_489' title='bbox 1482 3736 1537 3784; x_wconf 89' lang='lat' dir='ltr'><strong><em>et</em></strong></span> <span class='ocrx_word' id='word_1_490' title='bbox 1569 3727 1678 3785; x_wconf 87' lang='lat' dir='ltr'><strong><em>Deo</em></strong></span> <span class='ocrx_word' id='word_1_491' title='bbox 1709 3734 2101 3786; x_wconf 87' lang='lat' dir='ltr'><strong><em>convenientes</em></strong></span> 
     </span>
    </p>
   </div>
   <div class='ocr_carea' id='block_1_71' title="bbox 529 3819 2097 3891">
    <p class='ocr_par' dir='ltr' id='par_1_71' title="bbox 529 3819 2097 3891">
     <span class='ocr_line' id='line_1_71' title="bbox 529 3819 2097 3891; baseline 0 -15"><span class='ocrx_word' id='word_1_492' title='bbox 529 3834 692 3877; x_wconf 80' lang='lat' dir='ltr'><strong><em>voces</em></strong></span> <span class='ocrx_word' id='word_1_493' title='bbox 718 3819 915 3875; x_wconf 75' lang='lat' dir='ltr'><strong><em>divina:</em></strong></span> <span class='ocrx_word' id='word_1_494' title='bbox 948 3829 1165 3876; x_wconf 73' lang='lat' dir='ltr'><strong><em>natum.</em></strong></span> <span class='ocrx_word' id='word_1_495' title='bbox 1187 3821 1364 3891; x_wconf 75' lang='lat' dir='ltr'><strong><em>magis</em></strong></span> <span class='ocrx_word' id='word_1_496' title='bbox 1390 3819 1639 3875; x_wconf 84' lang='lat' dir='ltr'><strong><em>decuerit</em></strong></span> <span class='ocrx_word' id='word_1_497' title='bbox 1663 3822 2097 3885; x_wconf 82' lang='lat' dir='ltr'><strong><em>accommodare,</em></strong></span> 
     </span>
    </p>
   </div>
   <div class='ocr_carea' id='block_1_72' title="bbox 524 3911 2098 3985">
    <p class='ocr_par' dir='ltr' id='par_1_72' title="bbox 524 3911 2098 3985">
     <span class='ocr_line' id='line_1_72' title="bbox 524 3911 2098 3985; baseline 0.001 -19"><span class='ocrx_word' id='word_1_498' title='bbox 524 3928 689 3982; x_wconf 85' lang='lat' dir='ltr'><strong><em>quam</em></strong></span> <span class='ocrx_word' id='word_1_499' title='bbox 735 3912 905 3985; x_wconf 77' lang='lat' dir='ltr'><strong><em>geniti</em></strong></span> <span class='ocrx_word' id='word_1_500' title='bbox 950 3919 1005 3968; x_wconf 86' lang='lat' dir='ltr'><strong><em>et</em></strong></span> <span class='ocrx_word' id='word_1_501' title='bbox 1053 3911 1280 3982; x_wconf 81' lang='lat' dir='ltr'><strong><em>ingeniti</em></strong></span> <span class='ocrx_word' id='word_1_502' title='bbox 1341 3912 1901 3983; x_wconf 79' lang='lat' dir='ltr'><strong><em>cognominalioncm.</em></strong></span> <span class='ocrx_word' id='word_1_503' title='bbox 1958 3913 2098 3980; x_wconf 87' lang='lat' dir='ltr'><strong><em>Quia</em></strong></span> 
     </span>
    </p>
   </div>
   <div class='ocr_carea' id='block_1_73' title="bbox 529 4001 2095 4073">
    <p class='ocr_par' dir='ltr' id='par_1_73' title="bbox 529 4001 2095 4073">
     <span class='ocr_line' id='line_1_73' title="bbox 529 4001 2095 4073; baseline 0.001 -16"><span class='ocrx_word' id='word_1_504' title='bbox 529 4004 729 4058; x_wconf 83' lang='lat' dir='ltr'><strong><em>bonum</em></strong></span> <span class='ocrx_word' id='word_1_505' title='bbox 767 4003 989 4073; x_wconf 83' lang='lat' dir='ltr'><strong><em>quidem</em></strong></span> <span class='ocrx_word' id='word_1_506' title='bbox 1018 4011 1072 4057; x_wconf 90' lang='lat' dir='ltr'><strong><em>et</em></strong></span> <span class='ocrx_word' id='word_1_507' title='bbox 1101 4003 1508 4073; x_wconf 90' lang='lat' dir='ltr'><strong><em>incorruptum,</em></strong></span> <span class='ocrx_word' id='word_1_508' title='bbox 1538 4001 1748 4071; x_wconf 88' lang='lat' dir='ltr'><strong><em>justum</em></strong></span> <span class='ocrx_word' id='word_1_509' title='bbox 1777 4012 1829 4057; x_wconf 89' lang='lat' dir='ltr'><strong><em>et</em></strong></span> <span class='ocrx_word' id='word_1_510' title='bbox 1852 4001 2095 4072; x_wconf 82' lang='lat' dir='ltr'><strong><em>sapiens,</em></strong></span> 
     </span>
    </p>
   </div>
   <div class='ocr_carea' id='block_1_74' title="bbox 523 4092 2099 4166">
    <p class='ocr_par' dir='ltr' id='par_1_74' title="bbox 523 4092 2099 4166">
     <span class='ocr_line' id='line_1_74' title="bbox 523 4092 2099 4166; baseline -0.003 -15"><span class='ocrx_word' id='word_1_511' title='bbox 523 4104 579 4151; x_wconf 89' lang='lat' dir='ltr'><strong><em>et</em></strong></span> <span class='ocrx_word' id='word_1_512' title='bbox 614 4109 957 4166; x_wconf 65' lang='lat' dir='ltr'><strong><em>quaecunque</em></strong></span> <span class='ocrx_word' id='word_1_513' title='bbox 1013 4102 1142 4147; x_wconf 84' lang='lat' dir='ltr'><strong><em>sunt</em></strong></span> <span class='ocrx_word' id='word_1_514' title='bbox 1183 4092 1452 4164; x_wconf 81' lang='lat' dir='ltr'><strong><em>ejusmodi</em></strong></span> <span class='ocrx_word' id='word_1_515' title='bbox 1489 4093 1592 4150; x_wconf 88' lang='lat' dir='ltr'><strong><em>soli</em></strong></span> <span class='ocrx_word' id='word_1_516' title='bbox 1626 4094 1847 4164; x_wconf 87' lang='lat' dir='ltr'><strong><em>preprie</em></strong></span> <span class='ocrx_word' id='word_1_517' title='bbox 1878 4100 1933 4148; x_wconf 86' lang='lat' dir='ltr'><strong><em>et</em></strong></span> <span class='ocrx_word' id='word_1_518' title='bbox 1966 4110 2099 4148; x_wconf 80' lang='lat' dir='ltr'><strong><em>cou-</em></strong></span> 
     </span>
    </p>
   </div>
   <div class='ocr_carea' id='block_1_75' title="bbox 525 4185 2094 4256">
    <p class='ocr_par' dir='ltr' id='par_1_75' title="bbox 525 4185 2094 4256">
     <span class='ocr_line' id='line_1_75' title="bbox 525 4185 2094 4256; baseline 0.001 -18"><span class='ocrx_word' id='word_1_519' title='bbox 525 4186 805 4241; x_wconf 82' lang='lat' dir='ltr'><strong><em>venientet‘</em></strong></span> <span class='ocrx_word' id='word_1_520' title='bbox 856 4185 1136 4256; x_wconf 86' lang='lat' dir='ltr'><strong><em>superanti</em></strong></span> <span class='ocrx_word' id='word_1_521' title='bbox 1174 4200 1393 4240; x_wconf 87' lang='lat' dir='ltr'><strong><em>omnem</em></strong></span> <span class='ocrx_word' id='word_1_522' title='bbox 1430 4192 1668 4241; x_wconf 88' lang='lat' dir='ltr'><strong><em>mentem</em></strong></span> <span class='ocrx_word' id='word_1_523' title='bbox 1706 4193 1918 4240; x_wconf 64' lang='lat' dir='ltr'><strong><em>naturae</em></strong></span> <span class='ocrx_word' id='word_1_524' title='bbox 1958 4200 2094 4241; x_wconf 84' lang='lat' dir='ltr'><strong><em>con-</em></strong></span> 
     </span>
    </p>
   </div>
   <div class='ocr_carea' id='block_1_76' title="bbox 523 4275 2097 4349">
    <p class='ocr_par' dir='ltr' id='par_1_76' title="bbox 523 4275 2097 4349">
     <span class='ocr_line' id='line_1_76' title="bbox 523 4275 2097 4349; baseline 0 -18"><span class='ocrx_word' id='word_1_525' title='bbox 523 4287 745 4349; x_wconf 82' lang='lat' dir='ltr'><strong><em>grunnt.</em></strong></span> <span class='ocrx_word' id='word_1_526' title='bbox 801 4276 1056 4334; x_wconf 70' lang='lat' dir='ltr'><strong><em>(lenitum</em></strong></span> <span class='ocrx_word' id='word_1_527' title='bbox 1105 4291 1235 4332; x_wconf 86' lang='lat' dir='ltr'><strong><em>vero</em></strong></span> <span class='ocrx_word' id='word_1_528' title='bbox 1284 4276 1446 4332; x_wconf 87' lang='lat' dir='ltr'><strong><em>etiam</em></strong></span> <span class='ocrx_word' id='word_1_529' title='bbox 1481 4291 1605 4332; x_wconf 90' lang='lat' dir='ltr'><strong><em>cum</em></strong></span> <span class='ocrx_word' id='word_1_530' title='bbox 1651 4275 1736 4331; x_wconf 90' lang='lat' dir='ltr'><strong><em>his</em></strong></span> <span class='ocrx_word' id='word_1_531' title='bbox 1783 4292 1905 4347; x_wconf 73' lang='lat' dir='ltr'><strong><em>quze</em></strong></span> <span class='ocrx_word' id='word_1_532' title='bbox 1954 4278 2097 4331; x_wconf 88' lang='lat' dir='ltr'><strong><em>inter</em></strong></span> 
     </span>
    </p>
   </div>
   <div class='ocr_carea' id='block_1_77' title="bbox 525 4366 2098 4434">
    <p class='ocr_par' dir='ltr' id='par_1_77' title="bbox 525 4366 2098 4434">
     <span class='ocr_line' id='line_1_77' title="bbox 525 4366 2098 4434; baseline -0.002 -14"><span class='ocrx_word' id='word_1_533' title='bbox 525 4368 814 4423; x_wconf 84' lang='lat' dir='ltr'><strong><em>inferiores</em></strong></span> <span class='ocrx_word' id='word_1_534' title='bbox 860 4375 1143 4422; x_wconf 86' lang='lat' dir='ltr'><strong><em>creaturas</em></strong></span> <span class='ocrx_word' id='word_1_535' title='bbox 1192 4372 1332 4421; x_wconf 74' lang='lat' dir='ltr'><strong><em>sunt</em></strong></span> <span class='ocrx_word' id='word_1_536' title='bbox 1377 4366 1592 4434; x_wconf 88' lang='lat' dir='ltr'><strong><em>viliora,</em></strong></span> <span class='ocrx_word' id='word_1_537' title='bbox 1647 4367 1887 4424; x_wconf 85' lang='lat' dir='ltr'><strong><em>nominis</em></strong></span> <span class='ocrx_word' id='word_1_538' title='bbox 1934 4368 2098 4423; x_wconf 84' lang='lat' dir='ltr'><strong><em>habet</em></strong></span> 
     </span>
    </p>
   </div>
   <div class='ocr_carea' id='block_1_78' title="bbox 526 4458 2093 4530">
    <p class='ocr_par' dir='ltr' id='par_1_78' title="bbox 526 4458 2093 4530">
     <span class='ocr_line' id='line_1_78' title="bbox 526 4458 2093 4530; baseline -0.001 -16"><span class='ocrx_word' id='word_1_539' title='bbox 526 4460 1004 4527; x_wconf 77' lang='lat' dir='ltr'><strong><em>Communionem,</em></strong></span> <span class='ocrx_word' id='word_1_540' title='bbox 1035 4458 1305 4529; x_wconf 86' lang='lat' dir='ltr'><strong><em>siquidem</em></strong></span> <span class='ocrx_word' id='word_1_541' title='bbox 1326 4473 1514 4513; x_wconf 87' lang='lat' dir='ltr'><strong><em>canem</em></strong></span> <span class='ocrx_word' id='word_1_542' title='bbox 1544 4467 1598 4513; x_wconf 88' lang='lat' dir='ltr'><strong><em>et</em></strong></span> <span class='ocrx_word' id='word_1_543' title='bbox 1642 4475 1828 4513; x_wconf 88' lang='lat' dir='ltr'><strong><em>ranam</em></strong></span> <span class='ocrx_word' id='word_1_544' title='bbox 1859 4460 2093 4530; x_wconf 83' lang='lat' dir='ltr'><strong><em>genitam</em></strong></span> 
     </span>
    </p>
   </div>
   <div class='ocr_carea' id='block_1_79' title="bbox 523 4550 2101 4620">
    <p class='ocr_par' dir='ltr' id='par_1_79' title="bbox 523 4550 2101 4620">
     <span class='ocr_line' id='line_1_79' title="bbox 523 4550 2101 4620; baseline -0.001 -14"><span class='ocrx_word' id='word_1_545' title='bbox 523 4552 783 4618; x_wconf 90' lang='lat' dir='ltr'><strong><em>dicimus,</em></strong></span> <span class='ocrx_word' id='word_1_546' title='bbox 809 4560 861 4607; x_wconf 85' lang='lat' dir='ltr'><strong><em>et</em></strong></span> <span class='ocrx_word' id='word_1_547' title='bbox 895 4551 1079 4606; x_wconf 85' lang='lat' dir='ltr'><strong><em>omnia</em></strong></span> <span class='ocrx_word' id='word_1_548' title='bbox 1118 4564 1241 4620; x_wconf 67' lang='lat' dir='ltr'><strong><em>quae</em></strong></span> <span class='ocrx_word' id='word_1_549' title='bbox 1269 4564 1366 4620; x_wconf 84' lang='lat' dir='ltr'><strong><em>per</em></strong></span> <span class='ocrx_word' id='word_1_550' title='bbox 1396 4550 1801 4620; x_wconf 85' lang='lat' dir='ltr'><strong><em>generationem</em></strong></span> <span class='ocrx_word' id='word_1_551' title='bbox 1832 4552 1885 4604; x_wconf 90' lang='lat' dir='ltr'><strong><em>in</em></strong></span> <span class='ocrx_word' id='word_1_552' title='bbox 1920 4551 2101 4606; x_wconf 86' lang='lat' dir='ltr'><strong><em>lucem</em></strong></span> 
     </span>
    </p>
   </div>
   <div class='ocr_carea' id='block_1_80' title="bbox 2205 3250 3778 3339">
    <p class='ocr_par' dir='ltr' id='par_1_80' title="bbox 2205 3250 3778 3339">
     <span class='ocr_line' id='line_1_80' title="bbox 2205 3250 3778 3339; baseline 0.003 -25"><span class='ocrx_word' id='word_1_553' title='bbox 2205 3263 2300 3314; x_wconf 75' lang='grc' dir='ltr'><strong><em>καὶ</em></strong></span> <span class='ocrx_word' id='word_1_554' title='bbox 2340 3262 2515 3317; x_wconf 84' lang='grc' dir='ltr'><em>πάντα</em></span> <span class='ocrx_word' id='word_1_555' title='bbox 2547 3250 2617 3318; x_wconf 73' lang='grc' dir='ltr'><strong><em>τά</em></strong></span> <span class='ocrx_word' id='word_1_556' title='bbox 2662 3265 2761 3336; x_wconf 77' lang='grc' dir='ltr'><em>τῆς</em></span> <span class='ocrx_word' id='word_1_557' title='bbox 2821 3266 3098 3336; x_wconf 82' lang='grc' dir='ltr'><em>θεολογίας</em></span> <span class='ocrx_word' id='word_1_558' title='bbox 3150 3269 3414 3339; x_wconf 74' lang='grc' dir='ltr'><em>ὀνόματα</em></span> <span class='ocrx_word' id='word_1_559' title='bbox 3441 3272 3577 3323; x_wconf 70' lang='grc' dir='ltr'><em>κατὰ</em></span> <span class='ocrx_word' id='word_1_560' title='bbox 3601 3268 3658 3320; x_wconf 75' lang='grc' dir='ltr'><em>τὸ</em></span> <span class='ocrx_word' id='word_1_561' title='bbox 3684 3264 3778 3320; x_wconf 72' lang='grc' dir='ltr'><em>ἴσον</em></span> 
     </span>
    </p>
   </div>
   <div class='ocr_carea' id='block_1_81' title="bbox 2203 3354 3779 3430">
    <p class='ocr_par' dir='ltr' id='par_1_81' title="bbox 2203 3354 3779 3430">
     <span class='ocr_line' id='line_1_81' title="bbox 2203 3354 3779 3430; baseline 0.003 -24"><span class='ocrx_word' id='word_1_562' title='bbox 2203 3354 2295 3407; x_wconf 77' lang='grc' dir='ltr'><em>ἐπί</em></span> <span class='ocrx_word' id='word_1_563' title='bbox 2325 3372 2382 3407; x_wconf 88' lang='grc' dir='ltr'><strong><em>τε</em></strong></span> <span class='ocrx_word' id='word_1_564' title='bbox 2412 3355 2623 3427; x_wconf 80' lang='grc' dir='ltr'><em>Πατρδς</em></span> <span class='ocrx_word' id='word_1_565' title='bbox 2660 3358 2753 3410; x_wconf 81' lang='grc' dir='ltr'><strong><em>καὶ</em></strong></span> <span class='ocrx_word' id='word_1_566' title='bbox 2788 3358 2919 3411; x_wconf 89' lang='grc' dir='ltr'>Υίοῦ</span> <span class='ocrx_word' id='word_1_567' title='bbox 2962 3359 3217 3428; x_wconf 80' lang='grc' dir='ltr'><em>λέγεται-</em></span> <span class='ocrx_word' id='word_1_568' title='bbox 3245 3362 3398 3415; x_wconf 82' lang='grc' dir='ltr'><em>ὥστε</em></span> <span class='ocrx_word' id='word_1_569' title='bbox 3430 3362 3480 3415; x_wconf 84' lang='grc' dir='ltr'><em>εἱ</em></span> <span class='ocrx_word' id='word_1_570' title='bbox 3505 3361 3567 3415; x_wconf 69' lang='grc' dir='ltr'><em>τὸ</em></span> <span class='ocrx_word' id='word_1_571' title='bbox 3596 3358 3779 3430; x_wconf 85' lang='grc' dir='ltr'><em>παρηλ-</em></span> 
     </span>
    </p>
   </div>
   <div class='ocr_carea' id='block_1_82' title="bbox 2203 3445 3779 3525">
    <p class='ocr_par' dir='ltr' id='par_1_82' title="bbox 2203 3445 3779 3525">
     <span class='ocr_line' id='line_1_82' title="bbox 2203 3445 3779 3525; baseline 0.004 -28"><span class='ocrx_word' id='word_1_572' title='bbox 2203 3445 2473 3515; x_wconf 82' lang='grc' dir='ltr'><em>λαγμένον</em></span> <span class='ocrx_word' id='word_1_573' title='bbox 2538 3447 2647 3500; x_wconf 84' lang='grc' dir='ltr'><strong><em>τῶν</em></strong></span> <span class='ocrx_word' id='word_1_574' title='bbox 2700 3450 3080 3522; x_wconf 82' lang='grc' dir='ltr'><em>προσηγοριῶν</em></span> <span class='ocrx_word' id='word_1_575' title='bbox 3108 3453 3214 3521; x_wconf 83' lang='grc' dir='ltr'><em>τὴν</em></span> <span class='ocrx_word' id='word_1_576' title='bbox 3247 3453 3525 3525; x_wconf 77' lang='grc' dir='ltr'><em>διαφορὰν</em></span> <span class='ocrx_word' id='word_1_577' title='bbox 3559 3451 3779 3522; x_wconf 78' lang='grc' dir='ltr'><em>σημαίνει</em></span> 
     </span>
    </p>
   </div>
   <div class='ocr_carea' id='block_1_83' title="bbox 2202 3536 3781 3612">
    <p class='ocr_par' dir='ltr' id='par_1_83' title="bbox 2202 3536 3781 3612">
     <span class='ocr_line' id='line_1_83' title="bbox 2202 3536 3781 3612; baseline 0.004 -22"><span class='ocrx_word' id='word_1_578' title='bbox 2202 3536 2311 3590; x_wconf 87' lang='grc' dir='ltr'><strong><em>τῶν</em></strong></span> <span class='ocrx_word' id='word_1_579' title='bbox 2344 3537 2558 3606; x_wconf 82' lang='grc' dir='ltr'><em>φύσεων</em></span> <span class='ocrx_word' id='word_1_580' title='bbox 2577 3555 2591 3569; x_wconf 76' lang='grc' dir='ltr'><strong><em>ο</em></strong></span> <span class='ocrx_word' id='word_1_581' title='bbox 2623 3540 2658 3611; x_wconf 78' lang='grc' dir='ltr'><strong>ἡ</strong></span> <span class='ocrx_word' id='word_1_582' title='bbox 2687 3539 2934 3612; x_wconf 86' lang='grc' dir='ltr'><em>κοινότης</em></span> <span class='ocrx_word' id='word_1_583' title='bbox 2955 3539 3061 3594; x_wconf 87' lang='grc' dir='ltr'><strong><em>τῶν</em></strong></span> <span class='ocrx_word' id='word_1_584' title='bbox 3080 3541 3384 3611; x_wconf 78' lang='grc' dir='ltr'><em>ὀνομάτων</em></span> <span class='ocrx_word' id='word_1_585' title='bbox 3406 3547 3473 3598; x_wconf 84' lang='grc' dir='ltr'><em>τὸ</em></span> <span class='ocrx_word' id='word_1_586' title='bbox 3503 3544 3673 3598; x_wconf 69' lang='grc' dir='ltr'><em>κοινὸν</em></span> <span class='ocrx_word' id='word_1_587' title='bbox 3698 3541 3781 3610; x_wconf 74' lang='grc' dir='ltr'><em>τῆς</em></span> 
     </span>
    </p>
   </div>
   <div class='ocr_carea' id='block_1_84' title="bbox 2201 3629 3783 3706">
    <p class='ocr_par' dir='ltr' id='par_1_84' title="bbox 2201 3629 3783 3706">
     <span class='ocr_line' id='line_1_84' title="bbox 2201 3629 3783 3706; baseline 0.001 -25"><span class='ocrx_word' id='word_1_588' title='bbox 2201 3629 2390 3693; x_wconf 78' lang='grc' dir='ltr'><em>οὐσίας</em></span> <span class='ocrx_word' id='word_1_589' title='bbox 2441 3631 2656 3694; x_wconf 86' lang='grc' dir='ltr'><em>πάντως</em></span> <span class='ocrx_word' id='word_1_590' title='bbox 2716 3631 3026 3697; x_wconf 75' lang='grc' dir='ltr'><em>ἐνδείξεται.</em></span> <span class='ocrx_word' id='word_1_591' title='bbox 3082 3633 3190 3686; x_wconf 80' lang='grc' dir='ltr'><strong><em>Καὶ</em></strong></span> <span class='ocrx_word' id='word_1_592' title='bbox 3258 3636 3312 3688; x_wconf 81' lang='grc' dir='ltr'><strong><em>εί</em></strong></span> <span class='ocrx_word' id='word_1_593' title='bbox 3373 3636 3483 3706; x_wconf 83' lang='grc' dir='ltr'><em>χρὴ</em></span> <span class='ocrx_word' id='word_1_594' title='bbox 3531 3631 3783 3687; x_wconf 79' lang='grc' dir='ltr'><em>συνθέσθαι</em></span> 
     </span>
    </p>
   </div>
   <div class='ocr_carea' id='block_1_85' title="bbox 2202 3721 3785 3797">
    <p class='ocr_par' dir='ltr' id='par_1_85' title="bbox 2202 3721 3785 3797">
     <span class='ocr_line' id='line_1_85' title="bbox 2202 3721 3785 3797; baseline 0.001 -23"><span class='ocrx_word' id='word_1_595' title='bbox 2202 3722 2299 3792; x_wconf 78' lang='grc' dir='ltr'><em>τὴν</em></span> <span class='ocrx_word' id='word_1_596' title='bbox 2321 3721 2466 3775; x_wconf 80' lang='grc' dir='ltr'><em>θείαν</em></span> <span class='ocrx_word' id='word_1_597' title='bbox 2492 3722 2679 3776; x_wconf 86' lang='grc' dir='ltr'><em>οὐσίαν</em></span> <span class='ocrx_word' id='word_1_598' title='bbox 2706 3722 2772 3776; x_wconf 86' lang='grc' dir='ltr'><strong><em>δι’</em></strong></span> <span class='ocrx_word' id='word_1_599' title='bbox 2799 3723 3079 3795; x_wconf 73' lang='grc' dir='ltr'><em>ὀνομάτων</em></span> <span class='ocrx_word' id='word_1_600' title='bbox 3113 3726 3469 3797; x_wconf 79' lang='grc' dir='ltr'><em>μηνύεσθαι,</em></span> <span class='ocrx_word' id='word_1_601' title='bbox 3505 3726 3704 3796; x_wconf 74' lang='grc' dir='ltr'><em>πρέπον</em></span> <span class='ocrx_word' id='word_1_602' title='bbox 3733 3721 3785 3778; x_wconf 75' lang='grc' dir='ltr'><em>ἂν</em></span> 
     </span>
    </p>
   </div>
   <div class='ocr_carea' id='block_1_86' title="bbox 2203 3813 3787 3889">
    <p class='ocr_par' dir='ltr' id='par_1_86' title="bbox 2203 3813 3787 3889">
     <span class='ocr_line' id='line_1_86' title="bbox 2203 3813 3787 3889; baseline 0.003 -24"><span class='ocrx_word' id='word_1_603' title='bbox 2203 3813 2288 3886; x_wconf 83' lang='grc' dir='ltr'><em>εἴη</em></span> <span class='ocrx_word' id='word_1_604' title='bbox 2311 3814 2410 3878; x_wconf 75' lang='grc' dir='ltr'><em>τὰς</em></span> <span class='ocrx_word' id='word_1_605' title='bbox 2434 3814 2643 3886; x_wconf 74' lang='grc' dir='ltr'><em>ὑψηλὰς</em></span> <span class='ocrx_word' id='word_1_606' title='bbox 2687 3814 2891 3879; x_wconf 84' lang='grc' dir='ltr'><em>ταύτας</em></span> <span class='ocrx_word' id='word_1_607' title='bbox 2918 3817 3013 3870; x_wconf 75' lang='grc' dir='ltr'><strong><em>καὶ</em></strong></span> <span class='ocrx_word' id='word_1_608' title='bbox 3051 3815 3402 3889; x_wconf 83' lang='grc' dir='ltr'><em>θεοπρεπεῖς</em></span> <span class='ocrx_word' id='word_1_609' title='bbox 3430 3819 3618 3889; x_wconf 72' lang='grc' dir='ltr'><em>φωνὰς</em></span> <span class='ocrx_word' id='word_1_610' title='bbox 3644 3819 3787 3886; x_wconf 78' lang='grc' dir='ltr'><em>ἐφαρ-</em></span> 
     </span>
    </p>
   </div>
   <div class='ocr_carea' id='block_1_87' title="bbox 2205 3907 3789 3984">
    <p class='ocr_par' dir='ltr' id='par_1_87' title="bbox 2205 3907 3789 3984">
     <span class='ocr_line' id='line_1_87' title="bbox 2205 3907 3789 3984; baseline 0.001 -25"><span class='ocrx_word' id='word_1_611' title='bbox 2205 3907 2390 3977; x_wconf 78' lang='grc' dir='ltr'><em>μόζειν</em></span> <span class='ocrx_word' id='word_1_612' title='bbox 2410 3910 2476 3979; x_wconf 79' lang='grc' dir='ltr'><em>τῇ</em></span> <span class='ocrx_word' id='word_1_613' title='bbox 2510 3908 2628 3980; x_wconf 76' lang='grc' dir='ltr'><em>θεία</em></span> <span class='ocrx_word' id='word_1_614' title='bbox 2650 3907 2808 3979; x_wconf 77' lang='grc' dir='ltr'><em>φύσει</em></span> <span class='ocrx_word' id='word_1_615' title='bbox 2831 3908 3053 3978; x_wconf 79' lang='grc' dir='ltr'><em>μᾶλλον,</em></span> <span class='ocrx_word' id='word_1_616' title='bbox 3080 3909 3112 3980; x_wconf 76' lang='grc' dir='ltr'>ἦ</span> <span class='ocrx_word' id='word_1_617' title='bbox 3141 3910 3251 3984; x_wconf 81' lang='grc' dir='ltr'><em>τὴν</em></span> <span class='ocrx_word' id='word_1_618' title='bbox 3274 3912 3386 3967; x_wconf 77' lang='grc' dir='ltr'><em>,τοῦ</em></span> <span class='ocrx_word' id='word_1_619' title='bbox 3418 3911 3678 3983; x_wconf 80' lang='grc' dir='ltr'><em>γεννητοῦ</em></span> <span class='ocrx_word' id='word_1_620' title='bbox 3711 3910 3789 3963; x_wconf 69' lang='lat' dir='ltr'><strong><em>ni</em></strong></span> 
     </span>
    </p>
   </div>
   <div class='ocr_carea' id='block_1_88' title="bbox 2200 3996 3792 4074">
    <p class='ocr_par' dir='ltr' id='par_1_88' title="bbox 2200 3996 3792 4074">
     <span class='ocr_line' id='line_1_88' title="bbox 2200 3996 3792 4074; baseline 0.001 -26"><span class='ocrx_word' id='word_1_621' title='bbox 2200 3996 2496 4069; x_wconf 86' lang='grc' dir='ltr'><em>ἀγεννήτου</em></span> <span class='ocrx_word' id='word_1_622' title='bbox 2547 3998 2883 4068; x_wconf 63' lang='grc' dir='ltr'><em>ὲπεωνυμίαν.</em></span> <span class='ocrx_word' id='word_1_623' title='bbox 2936 3999 3061 4071; x_wconf 74' lang='grc' dir='ltr'><em>ὀτι</em></span> <span class='ocrx_word' id='word_1_624' title='bbox 3119 4000 3181 4052; x_wconf 72' lang='grc' dir='ltr'><em>τὸ</em></span> <span class='ocrx_word' id='word_1_625' title='bbox 3237 4004 3349 4074; x_wconf 83' lang='grc' dir='ltr'><em>μὲν</em></span> <span class='ocrx_word' id='word_1_626' title='bbox 3398 4004 3610 4073; x_wconf 84' lang='grc' dir='ltr'><em>ἀγαθόν</em></span> <span class='ocrx_word' id='word_1_627' title='bbox 3631 4019 3687 4055; x_wconf 85' lang='grc' dir='ltr'><strong><em>τε</em></strong></span> <span class='ocrx_word' id='word_1_628' title='bbox 3717 3999 3792 4052; x_wconf 69' lang='grc' dir='ltr'><strong><em>καὶ</em></strong></span> 
     </span>
    </p>
   </div>
   <div class='ocr_carea' id='block_1_89' title="bbox 2200 4088 3787 4162">
    <p class='ocr_par' dir='ltr' id='par_1_89' title="bbox 2200 4088 3787 4162">
     <span class='ocr_line' id='line_1_89' title="bbox 2200 4088 3787 4162; baseline 0.002 -19"><span class='ocrx_word' id='word_1_629' title='bbox 2200 4088 2491 4159; x_wconf 58' lang='grc' dir='ltr'><em>ἄφθαρτον,</em></span> <span class='ocrx_word' id='word_1_630' title='bbox 2530 4088 2735 4142; x_wconf 82' lang='grc' dir='ltr'><em>δίκαιόν</em></span> <span class='ocrx_word' id='word_1_631' title='bbox 2751 4107 2810 4142; x_wconf 88' lang='grc' dir='ltr'><strong><em>τε</em></strong></span> <span class='ocrx_word' id='word_1_632' title='bbox 2844 4090 2939 4142; x_wconf 76' lang='grc' dir='ltr'><strong><em>καὶ</em></strong></span> <span class='ocrx_word' id='word_1_633' title='bbox 2970 4092 3153 4161; x_wconf 77' lang='grc' dir='ltr'><em>σοφὸν,</em></span> <span class='ocrx_word' id='word_1_634' title='bbox 3190 4097 3298 4148; x_wconf 79' lang='grc' dir='ltr'><strong><em>καὶ</em></strong></span> <span class='ocrx_word' id='word_1_635' title='bbox 3326 4097 3435 4149; x_wconf 83' lang='grc' dir='ltr'><em>ὅσα</em></span> <span class='ocrx_word' id='word_1_636' title='bbox 3464 4094 3686 4150; x_wconf 83' lang='grc' dir='ltr'><em>τοιαῦτα</em></span> <span class='ocrx_word' id='word_1_637' title='bbox 3712 4092 3787 4162; x_wconf 75' lang='grc' dir='ltr'><em>μό-</em></span> 
     </span>
    </p>
   </div>
   <div class='ocr_carea' id='block_1_90' title="bbox 2203 4179 3795 4258">
    <p class='ocr_par' dir='ltr' id='par_1_90' title="bbox 2203 4179 3795 4258">
     <span class='ocr_line' id='line_1_90' title="bbox 2203 4179 3795 4258; baseline 0.003 -26"><span class='ocrx_word' id='word_1_638' title='bbox 2203 4197 2268 4250; x_wconf 79' lang='grc' dir='ltr'><em>νῃ</em></span> <span class='ocrx_word' id='word_1_639' title='bbox 2301 4179 2591 4250; x_wconf 75' lang='grc' dir='ltr'><em>προσφυῶς</em></span> <span class='ocrx_word' id='word_1_640' title='bbox 2624 4182 2690 4250; x_wconf 83' lang='grc' dir='ltr'><em>τῇ</em></span> <span class='ocrx_word' id='word_1_641' title='bbox 2734 4181 3072 4253; x_wconf 80' lang='grc' dir='ltr'><em>ύπερεχούσῃ</em></span> <span class='ocrx_word' id='word_1_642' title='bbox 3112 4183 3305 4238; x_wconf 79' lang='grc' dir='ltr'><em>πάντα</em></span> <span class='ocrx_word' id='word_1_643' title='bbox 3337 4188 3477 4240; x_wconf 74' lang='grc' dir='ltr'><em>νοῦν</em></span> <span class='ocrx_word' id='word_1_644' title='bbox 3517 4185 3795 4258; x_wconf 62' lang='grc' dir='ltr'><em>ἐφαρμόζε-</em></span> 
     </span>
    </p>
   </div>
   <div class='ocr_carea' id='block_1_91' title="bbox 2202 4269 3793 4347">
    <p class='ocr_par' dir='ltr' id='par_1_91' title="bbox 2202 4269 3793 4347">
     <span class='ocr_line' id='line_1_91' title="bbox 2202 4269 3793 4347; baseline 0.007 -24"><span class='ocrx_word' id='word_1_645' title='bbox 2202 4288 2291 4324; x_wconf 86' lang='grc' dir='ltr'><strong><em>ται</em></strong></span> <span class='ocrx_word' id='word_1_646' title='bbox 2324 4269 2503 4340; x_wconf 69' lang='grc' dir='ltr'><em>φύσει.</em></span> <span class='ocrx_word' id='word_1_647' title='bbox 2560 4272 2633 4324; x_wconf 86' lang='grc' dir='ltr'><strong><em>Τὸ</em></strong></span> <span class='ocrx_word' id='word_1_648' title='bbox 2674 4270 2731 4324; x_wconf 77' lang='grc' dir='ltr'>δὲ</span> <span class='ocrx_word' id='word_1_649' title='bbox 2758 4272 3013 4342; x_wconf 84' lang='grc' dir='ltr'><em>γεννητὸν</em></span> <span class='ocrx_word' id='word_1_650' title='bbox 3045 4273 3140 4327; x_wconf 77' lang='grc' dir='ltr'><strong><em>καὶ</em></strong></span> <span class='ocrx_word' id='word_1_651' title='bbox 3190 4276 3347 4347; x_wconf 77' lang='grc' dir='ltr'><em>πρὸς</em></span> <span class='ocrx_word' id='word_1_652' title='bbox 3395 4278 3471 4331; x_wconf 67' lang='grc' dir='ltr'><strong><em>τά</em></strong></span> <span class='ocrx_word' id='word_1_653' title='bbox 3499 4277 3689 4346; x_wconf 75' lang='grc' dir='ltr'><em>εὐτελῆ</em></span> <span class='ocrx_word' id='word_1_654' title='bbox 3712 4273 3793 4342; x_wconf 72' lang='grc' dir='ltr'><strong><em>τῆς</em></strong></span> 
     </span>
    </p>
   </div>
   <div class='ocr_carea' id='block_1_92' title="bbox 2202 4362 3799 4439">
    <p class='ocr_par' dir='ltr' id='par_1_92' title="bbox 2202 4362 3799 4439">
     <span class='ocr_line' id='line_1_92' title="bbox 2202 4362 3799 4439; baseline 0.001 -22"><span class='ocrx_word' id='word_1_655' title='bbox 2202 4365 2353 4417; x_wconf 83' lang='grc' dir='ltr'><em>κάτω</em></span> <span class='ocrx_word' id='word_1_656' title='bbox 2389 4363 2619 4427; x_wconf 85' lang='grc' dir='ltr'><em>κτίσεως</em></span> <span class='ocrx_word' id='word_1_657' title='bbox 2663 4362 2761 4435; x_wconf 85' lang='grc' dir='ltr'><em>τὴν</em></span> <span class='ocrx_word' id='word_1_658' title='bbox 2811 4365 3129 4436; x_wconf 84' lang='grc' dir='ltr'><em>ὁμωνυμίαν</em></span> <span class='ocrx_word' id='word_1_659' title='bbox 3178 4367 3346 4439; x_wconf 78' lang='grc' dir='ltr'><em>ἔχει·</em></span> <span class='ocrx_word' id='word_1_660' title='bbox 3398 4370 3667 4439; x_wconf 73' lang='grc' dir='ltr'><em>γεννητὸν</em></span> <span class='ocrx_word' id='word_1_661' title='bbox 3711 4367 3799 4434; x_wconf 75' lang='grc' dir='ltr'><strong><em>γάρ</em></strong></span> 
     </span>
    </p>
   </div>
   <div class='ocr_carea' id='block_1_93' title="bbox 2203 4454 3796 4529">
    <p class='ocr_par' dir='ltr' id='par_1_93' title="bbox 2203 4454 3796 4529">
     <span class='ocr_line' id='line_1_93' title="bbox 2203 4454 3796 4529; baseline 0 -20"><span class='ocrx_word' id='word_1_662' title='bbox 2203 4472 2385 4525; x_wconf 78' lang='grc' dir='ltr'><em>φαμεν</em></span> <span class='ocrx_word' id='word_1_663' title='bbox 2424 4455 2516 4508; x_wconf 76' lang='grc' dir='ltr'><strong><em>καὶ</em></strong></span> <span class='ocrx_word' id='word_1_664' title='bbox 2581 4454 2719 4509; x_wconf 84' lang='grc' dir='ltr'><em>κύνα</em></span> <span class='ocrx_word' id='word_1_665' title='bbox 2777 4458 2870 4509; x_wconf 78' lang='grc' dir='ltr'><strong><em>καὶ</em></strong></span> <span class='ocrx_word' id='word_1_666' title='bbox 2912 4455 3203 4529; x_wconf 83' lang='grc' dir='ltr'><em>βάτραχον,</em></span> <span class='ocrx_word' id='word_1_667' title='bbox 3252 4463 3364 4515; x_wconf 80' lang='grc' dir='ltr'><strong><em>καὶ</em></strong></span> <span class='ocrx_word' id='word_1_668' title='bbox 3393 4463 3584 4516; x_wconf 79' lang='grc' dir='ltr'><em>πάντα</em></span> <span class='ocrx_word' id='word_1_669' title='bbox 3613 4462 3705 4515; x_wconf 82' lang='grc' dir='ltr'><em>ὅσα</em></span> <span class='ocrx_word' id='word_1_670' title='bbox 3727 4458 3796 4510; x_wconf 68' lang='grc' dir='ltr'><strong><em>διὶ</em></strong></span> 
     </span>
    </p>
   </div>
   <div class='ocr_carea' id='block_1_94' title="bbox 2205 4544 3907 4625">
    <p class='ocr_par' dir='ltr' id='par_1_94' title="bbox 2205 4544 3907 4625">
     <span class='ocr_line' id='line_1_94' title="bbox 2205 4544 3907 4625; baseline 0.007 -29"><span class='ocrx_word' id='word_1_671' title='bbox 2205 4546 2509 4614; x_wconf 74' lang='grc' dir='ltr'><em>γεννήσεως</em></span> <span class='ocrx_word' id='word_1_672' title='bbox 2534 4544 2645 4615; x_wconf 83' lang='grc' dir='ltr'><em>ἔχει</em></span> <span class='ocrx_word' id='word_1_673' title='bbox 2668 4544 2765 4616; x_wconf 79' lang='grc' dir='ltr'><em>τὴν</em></span> <span class='ocrx_word' id='word_1_674' title='bbox 2794 4547 3045 4618; x_wconf 74' lang='grc' dir='ltr'><em>πάροδον.</em></span> <span class='ocrx_word' id='word_1_675' title='bbox 3063 4548 3227 4625; x_wconf 66' lang='grc' dir='ltr'><em>Ἀλλά</em></span> <span class='ocrx_word' id='word_1_676' title='bbox 3259 4551 3369 4606; x_wconf 72' lang='grc' dir='ltr'><strong><em>καὶ</em></strong></span> <span class='ocrx_word' id='word_1_677' title='bbox 3393 4551 3462 4606; x_wconf 80' lang='grc' dir='ltr'><em>τὸ</em></span> <span class='ocrx_word' id='word_1_678' title='bbox 3490 4551 3804 4622; x_wconf 69' lang='grc' dir='ltr'><em>ἀγέννητον</em></span> <span class='ocrx_word' id='word_1_679' title='bbox 3906 4558 3907 4599; x_wconf 70' lang='lat' dir='ltr'><strong><em>l</em></strong></span> 
     </span>
    </p>
   </div>
   <div class='ocr_carea' id='block_1_95' title="bbox 519 4635 2103 4711">
    <p class='ocr_par' dir='ltr' id='par_1_95' title="bbox 519 4640 2086 4711">
     <span class='ocr_line' id='line_1_95' title="bbox 519 4640 2086 4711; baseline -0.001 -13"><span class='ocrx_word' id='word_1_680' title='bbox 519 4642 779 4699; x_wconf 86' lang='lat' dir='ltr'><strong><em>eduntur.</em></strong></span> <span class='ocrx_word' id='word_1_681' title='bbox 821 4641 965 4708; x_wconf 86' lang='lat' dir='ltr'><strong><em>Quin</em></strong></span> <span class='ocrx_word' id='word_1_682' title='bbox 1014 4641 1177 4696; x_wconf 88' lang='lat' dir='ltr'><strong><em>etiam</em></strong></span> <span class='ocrx_word' id='word_1_683' title='bbox 1214 4640 1318 4695; x_wconf 89' lang='lat' dir='ltr'><strong><em>hoc</em></strong></span> <span class='ocrx_word' id='word_1_684' title='bbox 1369 4654 1590 4704; x_wconf 86' lang='lat' dir='ltr'><strong><em>nomen,</em></strong></span> <span class='ocrx_word' id='word_1_685' title='bbox 1616 4640 1943 4711; x_wconf 85' lang='lat' dir='ltr'><strong><em>ingenitum,</em></strong></span> <span class='ocrx_word' id='word_1_686' title='bbox 1977 4657 2086 4696; x_wconf 90' lang='lat' dir='ltr'><strong><em>non</em></strong></span> 
     </span>
    </p>
   </div>
   <div class='ocr_carea' id='block_1_96' title="bbox 2204 4635 3799 4711">
    <p class='ocr_par' dir='ltr' id='par_1_96' title="bbox 2204 4635 3799 4709">
     <span class='ocr_line' id='line_1_96' title="bbox 2204 4635 3799 4709; baseline -0.001 -20"><span class='ocrx_word' id='word_1_687' title='bbox 2204 4637 2389 4706; x_wconf 82' lang='grc' dir='ltr'><em>ὖνομα,</em></span> <span class='ocrx_word' id='word_1_688' title='bbox 2423 4637 2482 4690; x_wconf 76' lang='grc' dir='ltr'><strong><em>ού</em></strong></span> <span class='ocrx_word' id='word_1_689' title='bbox 2505 4637 2662 4707; x_wconf 88' lang='grc' dir='ltr'><em>μόνον</em></span> <span class='ocrx_word' id='word_1_690' title='bbox 2690 4635 2784 4689; x_wconf 75' lang='grc' dir='ltr'><strong><em>ἐπὶ</em></strong></span> <span class='ocrx_word' id='word_1_691' title='bbox 2807 4636 2900 4689; x_wconf 78' lang='grc' dir='ltr'><em>τοῦ</em></span> <span class='ocrx_word' id='word_1_692' title='bbox 2928 4636 3055 4691; x_wconf 81' lang='grc' dir='ltr'><em>ἄνευ</em></span> <span class='ocrx_word' id='word_1_693' title='bbox 3083 4640 3276 4704; x_wconf 80' lang='grc' dir='ltr'><em>αἰτίας</em></span> <span class='ocrx_word' id='word_1_694' title='bbox 3303 4643 3637 4709; x_wconf 73' lang='grc' dir='ltr'><em>ὑφεστῶτος</em></span> <span class='ocrx_word' id='word_1_695' title='bbox 3668 4640 3799 4704; x_wconf 77' lang='grc' dir='ltr'><em>λέγε-</em></span> 
     </span>
    </p>
   </div>
   <div class='ocr_carea' id='block_1_97' title="bbox 527 4730 2090 4804">
    <p class='ocr_par' dir='ltr' id='par_1_97' title="bbox 527 4730 2090 4804">
     <span class='ocr_line' id='line_1_97' title="bbox 527 4730 2090 4804; baseline -0.001 -14"><span class='ocrx_word' id='word_1_696' title='bbox 527 4734 706 4791; x_wconf 89' lang='lat' dir='ltr'><strong><em>solum</em></strong></span> <span class='ocrx_word' id='word_1_697' title='bbox 735 4734 802 4789; x_wconf 89' lang='lat' dir='ltr'><strong><em>de</em></strong></span> <span class='ocrx_word' id='word_1_698' title='bbox 833 4749 900 4789; x_wconf 89' lang='lat' dir='ltr'><strong><em>eo</em></strong></span> <span class='ocrx_word' id='word_1_699' title='bbox 930 4732 1075 4804; x_wconf 88' lang='lat' dir='ltr'><strong><em>quod</em></strong></span> <span class='ocrx_word' id='word_1_700' title='bbox 1104 4732 1223 4787; x_wconf 89' lang='lat' dir='ltr'><strong><em>sine</em></strong></span> <span class='ocrx_word' id='word_1_701' title='bbox 1255 4745 1423 4787; x_wconf 86' lang='lat' dir='ltr'><strong><em>causa</em></strong></span> <span class='ocrx_word' id='word_1_702' title='bbox 1445 4731 1698 4787; x_wconf 87' lang='lat' dir='ltr'><strong><em>subsistit</em></strong></span> <span class='ocrx_word' id='word_1_703' title='bbox 1732 4730 1958 4794; x_wconf 85' lang='lat' dir='ltr'><strong><em>dicitur,</em></strong></span> <span class='ocrx_word' id='word_1_704' title='bbox 1995 4732 2090 4789; x_wconf 89' lang='lat' dir='ltr'><strong><em>sed</em></strong></span> 
     </span>
    </p>
   </div>
   <div class='ocr_carea' id='block_1_98' title="bbox 525 4821 2093 4895">
    <p class='ocr_par' dir='ltr' id='par_1_98' title="bbox 525 4821 2093 4895">
     <span class='ocr_line' id='line_1_98' title="bbox 525 4821 2093 4895; baseline -0.003 -13"><span class='ocrx_word' id='word_1_705' title='bbox 525 4827 695 4882; x_wconf 89' lang='lat' dir='ltr'><strong><em>etiam</em></strong></span> <span class='ocrx_word' id='word_1_706' title='bbox 725 4840 852 4880; x_wconf 87' lang='lat' dir='ltr'><strong><em>cum</em></strong></span> <span class='ocrx_word' id='word_1_707' title='bbox 885 4840 951 4881; x_wconf 91' lang='lat' dir='ltr'><strong><em>eo</em></strong></span> <span class='ocrx_word' id='word_1_708' title='bbox 980 4822 1126 4895; x_wconf 87' lang='lat' dir='ltr'><strong><em>quod</em></strong></span> <span class='ocrx_word' id='word_1_709' title='bbox 1155 4837 1276 4878; x_wconf 90' lang='lat' dir='ltr'><strong><em>.non</em></strong></span> <span class='ocrx_word' id='word_1_710' title='bbox 1310 4821 1547 4889; x_wconf 83' lang='lat' dir='ltr'><strong><em>exsistit,</em></strong></span> <span class='ocrx_word' id='word_1_711' title='bbox 1582 4822 1743 4878; x_wconf 89' lang='lat' dir='ltr'><strong><em>habet</em></strong></span> <span class='ocrx_word' id='word_1_712' title='bbox 1781 4823 2093 4879; x_wconf 85' lang='lat' dir='ltr'><strong><em>necessitu-</em></strong></span> 
     </span>
    </p>
   </div>
   <div class='ocr_carea' id='block_1_99' title="bbox 519 4911 2089 4984">
    <p class='ocr_par' dir='ltr' id='par_1_99' title="bbox 519 4911 2089 4984">
     <span class='ocr_line' id='line_1_99' title="bbox 519 4911 2089 4984; baseline -0.001 -14"><span class='ocrx_word' id='word_1_713' title='bbox 519 4914 741 4970; x_wconf 88' lang='lat' dir='ltr'><strong><em>dinem:</em></strong></span> <span class='ocrx_word' id='word_1_714' title='bbox 768 4913 1045 4984; x_wconf 81' lang='lat' dir='ltr'><strong><em>ingenitus</em></strong></span> <span class='ocrx_word' id='word_1_715' title='bbox 1074 4913 1237 4967; x_wconf 84' lang='lat' dir='ltr'><strong><em>etiam</em></strong></span> <span class='ocrx_word' id='word_1_716' title='bbox 1268 4911 1471 4966; x_wconf 87' lang='lat' dir='ltr'><strong><em>dicitur</em></strong></span> <span class='ocrx_word' id='word_1_717' title='bbox 1506 4911 1926 4983; x_wconf 88' lang='lat' dir='ltr'><strong><em>scindapsus(a)</em></strong></span> <span class='ocrx_word' id='word_1_718' title='bbox 1959 4937 1969 4968; x_wconf 90' lang='lat'><strong>:</strong></span> <span class='ocrx_word' id='word_1_719' title='bbox 2005 4914 2089 4968; x_wconf 89' lang='lat' dir='ltr'><strong><em>in-</em></strong></span> 
     </span>
    </p>
   </div>
   <div class='ocr_carea' id='block_1_100' title="bbox 516 5001 2088 5076">
    <p class='ocr_par' dir='ltr' id='par_1_100' title="bbox 516 5001 2088 5076">
     <span class='ocr_line' id='line_1_100' title="bbox 516 5001 2088 5076; baseline -0.001 -15"><span class='ocrx_word' id='word_1_720' title='bbox 516 5006 733 5076; x_wconf 76' lang='lat' dir='ltr'><strong><em>genitus</em></strong></span> <span class='ocrx_word' id='word_1_721' title='bbox 752 5011 804 5059; x_wconf 91' lang='lat' dir='ltr'><strong><em>et</em></strong></span> <span class='ocrx_word' id='word_1_722' title='bbox 827 5002 1187 5065; x_wconf 83' lang='lat' dir='ltr'><strong><em>Minotaurus,</em></strong></span> <span class='ocrx_word' id='word_1_723' title='bbox 1218 5001 1397 5074; x_wconf 85' lang='lat' dir='ltr'><strong><em>Scylla</em></strong></span> <span class='ocrx_word' id='word_1_724' title='bbox 1420 5010 1474 5058; x_wconf 89' lang='lat' dir='ltr'><strong><em>et</em></strong></span> <span class='ocrx_word' id='word_1_725' title='bbox 1496 5003 1785 5071; x_wconf 61' lang='lat' dir='ltr'><strong><em>Chimaera,</em></strong></span> <span class='ocrx_word' id='word_1_726' title='bbox 1809 5019 1917 5058; x_wconf 92' lang='lat' dir='ltr'><strong><em>non</em></strong></span> <span class='ocrx_word' id='word_1_727' title='bbox 1945 5006 2088 5074; x_wconf 88' lang='lat' dir='ltr'><strong><em>quod</em></strong></span> 
     </span>
    </p>
   </div>
   <div class='ocr_carea' id='block_1_101' title="bbox 520 5094 2089 5169">
    <p class='ocr_par' dir='ltr' id='par_1_101' title="bbox 520 5094 2089 5169">
     <span class='ocr_line' id='line_1_101' title="bbox 520 5094 2089 5169; baseline -0.001 -18"><span class='ocrx_word' id='word_1_728' title='bbox 520 5097 766 5169; x_wconf 86' lang='lat' dir='ltr'><strong><em>ingenito</em></strong></span> <span class='ocrx_word' id='word_1_729' title='bbox 806 5095 970 5150; x_wconf 91' lang='lat' dir='ltr'><strong><em>modo</em></strong></span> <span class='ocrx_word' id='word_1_730' title='bbox 1004 5112 1065 5151; x_wconf 83' lang='lat' dir='ltr'><strong><em>se</em></strong></span> <span class='ocrx_word' id='word_1_731' title='bbox 1115 5094 1375 5158; x_wconf 87' lang='lat' dir='ltr'><strong><em>habeant,</em></strong></span> <span class='ocrx_word' id='word_1_732' title='bbox 1427 5094 1521 5150; x_wconf 79' lang='lat' dir='ltr'><strong><em>sed</em></strong></span> <span class='ocrx_word' id='word_1_733' title='bbox 1577 5094 1707 5162; x_wconf 87' lang='lat' dir='ltr'><strong><em>quia</em></strong></span> <span class='ocrx_word' id='word_1_734' title='bbox 1758 5109 1826 5149; x_wconf 86' lang='lat' dir='ltr'><strong><em>ne</em></strong></span> <span class='ocrx_word' id='word_1_735' title='bbox 1870 5096 2089 5165; x_wconf 80' lang='lat' dir='ltr'><strong><em>quidem</em></strong></span> 
     </span>
    </p>
   </div>
   <div class='ocr_carea' id='block_1_102' title="bbox 516 5183 2091 5255">
    <p class='ocr_par' dir='ltr' id='par_1_102' title="bbox 516 5183 2091 5255">
     <span class='ocr_line' id='line_1_102' title="bbox 516 5183 2091 5255; baseline -0.003 -10"><span class='ocrx_word' id='word_1_736' title='bbox 516 5189 743 5245; x_wconf 82' lang='lat' dir='ltr'><strong><em>ornniuo</em></strong></span> <span class='ocrx_word' id='word_1_737' title='bbox 784 5187 838 5242; x_wconf 85' lang='lat' dir='ltr'><strong><em>in</em></strong></span> <span class='ocrx_word' id='word_1_738' title='bbox 884 5201 1069 5242; x_wconf 87' lang='lat' dir='ltr'><strong><em>rerum</em></strong></span> <span class='ocrx_word' id='word_1_739' title='bbox 1110 5193 1305 5240; x_wconf 88' lang='lat' dir='ltr'><strong><em>natura</em></strong></span> <span class='ocrx_word' id='word_1_740' title='bbox 1340 5185 1474 5241; x_wconf 84' lang='lat' dir='ltr'><strong><em>sint.</em></strong></span> <span class='ocrx_word' id='word_1_741' title='bbox 1522 5183 1577 5238; x_wconf 88' lang='lat' dir='ltr'><strong><em>Si</em></strong></span> <span class='ocrx_word' id='word_1_742' title='bbox 1614 5184 1781 5255; x_wconf 75' lang='lat' dir='ltr'><strong><em>igitur</em></strong></span> <span class='ocrx_word' id='word_1_743' title='bbox 1819 5185 2091 5240; x_wconf 84' lang='lat' dir='ltr'><strong><em>diviniora</em></strong></span> 
     </span>
    </p>
   </div>
   <div class='ocr_carea' id='block_1_103' title="bbox 517 5276 2081 5347">
    <p class='ocr_par' dir='ltr' id='par_1_103' title="bbox 517 5276 2081 5347">
     <span class='ocr_line' id='line_1_103' title="bbox 517 5276 2081 5347; baseline -0.002 -13"><span class='ocrx_word' id='word_1_744' title='bbox 517 5280 742 5336; x_wconf 86' lang='lat' dir='ltr'><strong><em>nomina</em></strong></span> <span class='ocrx_word' id='word_1_745' title='bbox 771 5277 911 5334; x_wconf 89' lang='lat' dir='ltr'><strong><em>Filio</em></strong></span> <span class='ocrx_word' id='word_1_746' title='bbox 945 5294 1068 5334; x_wconf 89' lang='lat' dir='ltr'><strong><em>cum</em></strong></span> <span class='ocrx_word' id='word_1_747' title='bbox 1108 5276 1270 5333; x_wconf 81' lang='lat' dir='ltr'><strong><em>Patre</em></strong></span> <span class='ocrx_word' id='word_1_748' title='bbox 1296 5283 1426 5333; x_wconf 90' lang='lat' dir='ltr'><strong><em>sunt</em></strong></span> <span class='ocrx_word' id='word_1_749' title='bbox 1454 5277 2081 5347; x_wconf 73' lang='lat' dir='ltr'><strong><em>counuunia,qutecun-</em></strong></span> 
     </span>
    </p>
   </div>
   <div class='ocr_carea' id='block_1_104' title="bbox 512 5368 2088 5442">
    <p class='ocr_par' dir='ltr' id='par_1_104' title="bbox 512 5368 2088 5442">
     <span class='ocr_line' id='line_1_104' title="bbox 512 5368 2088 5442; baseline -0.001 -17"><span class='ocrx_word' id='word_1_750' title='bbox 512 5386 626 5442; x_wconf 85' lang='lat' dir='ltr'><strong><em>que</em></strong></span> <span class='ocrx_word' id='word_1_751' title='bbox 658 5380 839 5427; x_wconf 78' lang='lat' dir='ltr'><strong><em>autem</em></strong></span> <span class='ocrx_word' id='word_1_752' title='bbox 872 5372 957 5426; x_wconf 80' lang='lat' dir='ltr'><strong><em>vel</em></strong></span> <span class='ocrx_word' id='word_1_753' title='bbox 991 5385 1115 5426; x_wconf 83' lang='lat' dir='ltr'><strong><em>cum</em></strong></span> <span class='ocrx_word' id='word_1_754' title='bbox 1155 5385 1221 5424; x_wconf 88' lang='lat' dir='ltr'><strong><em>eo</em></strong></span> <span class='ocrx_word' id='word_1_755' title='bbox 1252 5368 1397 5441; x_wconf 86' lang='lat' dir='ltr'><strong><em>quod</em></strong></span> <span class='ocrx_word' id='word_1_756' title='bbox 1445 5368 1671 5424; x_wconf 87' lang='lat' dir='ltr'><strong><em>omnino</em></strong></span> <span class='ocrx_word' id='word_1_757' title='bbox 1708 5384 1817 5425; x_wconf 88' lang='lat' dir='ltr'><strong><em>non</em></strong></span> <span class='ocrx_word' id='word_1_758' title='bbox 1849 5370 2088 5432; x_wconf 80' lang='lat' dir='ltr'><strong><em>exsistit,</em></strong></span> 
     </span>
    </p>
   </div>
   <div class='ocr_carea' id='block_1_105' title="bbox 514 5461 2087 5533">
    <p class='ocr_par' dir='ltr' id='par_1_105' title="bbox 514 5461 2087 5533">
     <span class='ocr_line' id='line_1_105' title="bbox 514 5461 2087 5533; baseline -0.001 -16"><span class='ocrx_word' id='word_1_759' title='bbox 514 5463 604 5517; x_wconf 83' lang='lat' dir='ltr'><strong><em>vel</em></strong></span> <span class='ocrx_word' id='word_1_760' title='bbox 629 5478 756 5517; x_wconf 83' lang='lat' dir='ltr'><strong><em>cum</em></strong></span> <span class='ocrx_word' id='word_1_761' title='bbox 788 5461 1088 5521; x_wconf 84' lang='lat' dir='ltr'><strong><em>humilibus</em></strong></span> <span class='ocrx_word' id='word_1_762' title='bbox 1118 5472 1173 5518; x_wconf 87' lang='lat' dir='ltr'><strong><em>et</em></strong></span> <span class='ocrx_word' id='word_1_763' title='bbox 1195 5461 1427 5533; x_wconf 87' lang='lat' dir='ltr'><strong><em>abjcctis</em></strong></span> <span class='ocrx_word' id='word_1_764' title='bbox 1450 5462 1689 5518; x_wconf 86' lang='lat' dir='ltr'><strong><em>nominis</em></strong></span> <span class='ocrx_word' id='word_1_765' title='bbox 1716 5462 1915 5516; x_wconf 88' lang='lat' dir='ltr'><strong><em>habent</em></strong></span> <span class='ocrx_word' id='word_1_766' title='bbox 1938 5478 2087 5517; x_wconf 90' lang='lat' dir='ltr'><strong><em>com-</em></strong></span> 
     </span>
    </p>
   </div>
   <div class='ocr_carea' id='block_1_106' title="bbox 513 5554 2075 5627">
    <p class='ocr_par' dir='ltr' id='par_1_106' title="bbox 513 5554 2075 5627">
     <span class='ocr_line' id='line_1_106' title="bbox 513 5554 2075 5627; baseline -0.001 -16"><span class='ocrx_word' id='word_1_767' title='bbox 513 5554 859 5619; x_wconf 86' lang='lat' dir='ltr'><strong><em>munionem,</em></strong></span> <span class='ocrx_word' id='word_1_768' title='bbox 904 5556 1018 5613; x_wconf 70' lang='lat' dir='ltr'><strong><em>hazc</em></strong></span> <span class='ocrx_word' id='word_1_769' title='bbox 1061 5555 1402 5627; x_wconf 85' lang='lat' dir='ltr'><strong><em>discrepant;</em></strong></span> <span class='ocrx_word' id='word_1_770' title='bbox 1451 5555 1676 5612; x_wconf 84' lang='lat' dir='ltr'><strong><em>robusta</em></strong></span> <span class='ocrx_word' id='word_1_771' title='bbox 1723 5571 1854 5612; x_wconf 87' lang='lat' dir='ltr'><strong><em>sane</em></strong></span> <span class='ocrx_word' id='word_1_772' title='bbox 1882 5565 2075 5612; x_wconf 84' lang='lat' dir='ltr'><strong><em>contra</em></strong></span> 
     </span>
    </p>
   </div>
   <div class='ocr_carea' id='block_1_107' title="bbox 2198 4726 3805 4806">
    <p class='ocr_par' dir='ltr' id='par_1_107' title="bbox 2198 4726 3805 4806">
     <span class='ocr_line' id='line_1_107' title="bbox 2198 4726 3805 4806; baseline 0.001 -27"><span class='ocrx_word' id='word_1_773' title='bbox 2198 4744 2311 4788; x_wconf 86' lang='grc' dir='ltr'><em>ται,</em></span> <span class='ocrx_word' id='word_1_774' title='bbox 2341 4727 2475 4780; x_wconf 78' lang='grc' dir='ltr'><em>ἀλλὰ</em></span> <span class='ocrx_word' id='word_1_775' title='bbox 2506 4727 2600 4780; x_wconf 68' lang='grc' dir='ltr'><strong><em>καὶ</em></strong></span> <span class='ocrx_word' id='word_1_776' title='bbox 2652 4726 2790 4800; x_wconf 76' lang='grc' dir='ltr'><em>πρὸς</em></span> <span class='ocrx_word' id='word_1_777' title='bbox 2838 4728 2899 4782; x_wconf 86' lang='grc' dir='ltr'><em>τδ</em></span> <span class='ocrx_word' id='word_1_778' title='bbox 2928 4729 3287 4800; x_wconf 84' lang='grc' dir='ltr'><em>ἀνύπαρκτον</em></span> <span class='ocrx_word' id='word_1_779' title='bbox 3327 4732 3458 4804; x_wconf 74' lang='grc' dir='ltr'><em>ἔχει</em></span> <span class='ocrx_word' id='word_1_780' title='bbox 3501 4735 3605 4806; x_wconf 82' lang='grc' dir='ltr'><em>τὴν</em></span> <span class='ocrx_word' id='word_1_781' title='bbox 3630 4728 3805 4786; x_wconf 78' lang='grc' dir='ltr'><em>οἰκειό-</em></span> 
     </span>
    </p>
   </div>
   <div class='ocr_carea' id='block_1_108' title="bbox 2198 4820 3803 4895">
    <p class='ocr_par' dir='ltr' id='par_1_108' title="bbox 2198 4820 3803 4895">
     <span class='ocr_line' id='line_1_108' title="bbox 2198 4820 3803 4895; baseline 0.003 -23"><span class='ocrx_word' id='word_1_782' title='bbox 2198 4836 2334 4890; x_wconf 80' lang='grc' dir='ltr'><em>τητα</em></span> <span class='ocrx_word' id='word_1_783' title='bbox 2354 4840 2366 4849; x_wconf 73' lang='lat'><strong><em>~</em></strong></span> <span class='ocrx_word' id='word_1_784' title='bbox 2397 4820 2688 4891; x_wconf 84' lang='grc' dir='ltr'><em>άγὲννητος</em></span> <span class='ocrx_word' id='word_1_785' title='bbox 2724 4820 3057 4889; x_wconf 74' lang='grc' dir='ltr'><em>λέγεταικαὶ</em></span> <span class='ocrx_word' id='word_1_786' title='bbox 3085 4825 3113 4876; x_wconf 90' lang='lat'><strong><em>6</em></strong></span> <span class='ocrx_word' id='word_1_787' title='bbox 3135 4824 3489 4895; x_wconf 62' lang='grc' dir='ltr'><strong><em>σκινδαψὸς⁸</em></strong></span> <span class='ocrx_word' id='word_1_788' title='bbox 3528 4826 3803 4895; x_wconf 73' lang='grc' dir='ltr'><em>ἀγέννητος</em></span> 
     </span>
    </p>
   </div>
   <div class='ocr_carea' id='block_1_109' title="bbox 2194 4911 3782 4989">
    <p class='ocr_par' dir='ltr' id='par_1_109' title="bbox 2194 4911 3782 4989">
     <span class='ocr_line' id='line_1_109' title="bbox 2194 4911 3782 4989; baseline 0.004 -26"><span class='ocrx_word' id='word_1_789' title='bbox 2194 4912 2223 4963; x_wconf 90' lang='lat'><strong><em>6</em></strong></span> <span class='ocrx_word' id='word_1_790' title='bbox 2256 4911 2627 4981; x_wconf 76' lang='grc' dir='ltr'><em>Μινώταυρος,</em></span> <span class='ocrx_word' id='word_1_791' title='bbox 2655 4914 2687 4983; x_wconf 81' lang='grc' dir='ltr'>ἡ</span> <span class='ocrx_word' id='word_1_792' title='bbox 2720 4912 2948 4980; x_wconf 82' lang='grc' dir='ltr'><em>Σκύλλα,</em></span> <span class='ocrx_word' id='word_1_793' title='bbox 2975 4916 3008 4983; x_wconf 86' lang='grc' dir='ltr'>ή</span> <span class='ocrx_word' id='word_1_794' title='bbox 3045 4914 3335 4985; x_wconf 82' lang='grc' dir='ltr'><em>Χίμαιρα,</em></span> <span class='ocrx_word' id='word_1_795' title='bbox 3374 4918 3445 4971; x_wconf 72' lang='grc' dir='ltr'><em>οὗ</em></span> <span class='ocrx_word' id='word_1_796' title='bbox 3470 4917 3559 4989; x_wconf 75' lang='grc' dir='ltr'><em>τῷ</em></span> <span class='ocrx_word' id='word_1_797' title='bbox 3594 4914 3782 4987; x_wconf 72' lang='grc' dir='ltr'><em>ἀγεννῆ</em></span> 
     </span>
    </p>
   </div>
   <div class='ocr_carea' id='block_1_110' title="bbox 2194 4999 3807 5076">
    <p class='ocr_par' dir='ltr' id='par_1_110' title="bbox 2194 4999 3807 5076">
     <span class='ocr_line' id='line_1_110' title="bbox 2194 4999 3807 5076; baseline 0.001 -22"><span class='ocrx_word' id='word_1_798' title='bbox 2194 5019 2300 5065; x_wconf 78' lang='grc' dir='ltr'><strong><em>τως</em></strong></span> <span class='ocrx_word' id='word_1_799' title='bbox 2324 4999 2480 5067; x_wconf 68' lang='grc' dir='ltr'><em>εἶναι,</em></span> <span class='ocrx_word' id='word_1_800' title='bbox 2510 5002 2643 5057; x_wconf 83' lang='grc' dir='ltr'><em>ἀλλὰ</em></span> <span class='ocrx_word' id='word_1_801' title='bbox 2664 5002 2741 5074; x_wconf 79' lang='grc' dir='ltr'><em>τῷ</em></span> <span class='ocrx_word' id='word_1_802' title='bbox 2778 5004 2851 5076; x_wconf 81' lang='grc' dir='ltr'><em>μὴ</em></span> <span class='ocrx_word' id='word_1_803' title='bbox 2870 5003 3121 5073; x_wconf 80' lang='grc' dir='ltr'><em>γενέσθαι</em></span> <span class='ocrx_word' id='word_1_804' title='bbox 3145 5005 3321 5070; x_wconf 81' lang='grc' dir='ltr'><em>ὅλως.</em></span> <span class='ocrx_word' id='word_1_805' title='bbox 3356 5009 3427 5061; x_wconf 72' lang='lat' dir='ltr'><strong><em>Et</em></strong></span> <span class='ocrx_word' id='word_1_806' title='bbox 3453 5007 3557 5061; x_wconf 74' lang='grc' dir='ltr'><em>οὖν</em></span> <span class='ocrx_word' id='word_1_807' title='bbox 3592 5009 3659 5060; x_wconf 72' lang='grc' dir='ltr'><em>τὰ</em></span> <span class='ocrx_word' id='word_1_808' title='bbox 3687 5003 3807 5059; x_wconf 83' lang='grc' dir='ltr'><em>θειό-</em></span> 
     </span>
    </p>
   </div>
   <div class='ocr_carea' id='block_1_111' title="bbox 2191 5095 3807 5169">
    <p class='ocr_par' dir='ltr' id='par_1_111' title="bbox 2191 5095 3807 5169">
     <span class='ocr_line' id='line_1_111' title="bbox 2191 5095 3807 5169; baseline 0.001 -22"><span class='ocrx_word' id='word_1_809' title='bbox 2191 5113 2326 5165; x_wconf 85' lang='grc' dir='ltr'><em>τερα</em></span> <span class='ocrx_word' id='word_1_810' title='bbox 2366 5095 2474 5150; x_wconf 86' lang='grc' dir='ltr'><strong><em>τῶν</em></strong></span> <span class='ocrx_word' id='word_1_811' title='bbox 2506 5097 2781 5166; x_wconf 75' lang='grc' dir='ltr'><em>ὀνομάτων</em></span> <span class='ocrx_word' id='word_1_812' title='bbox 2797 5097 2947 5150; x_wconf 73' lang='grc' dir='ltr'><em>κοινὰ</em></span> <span class='ocrx_word' id='word_1_813' title='bbox 2980 5096 3058 5167; x_wconf 84' lang='grc' dir='ltr'><em>τῷ</em></span> <span class='ocrx_word' id='word_1_814' title='bbox 3080 5097 3193 5168; x_wconf 85' lang='grc' dir='ltr'><strong><em>Υίῷ</em></strong></span> <span class='ocrx_word' id='word_1_815' title='bbox 3215 5098 3382 5168; x_wconf 72' lang='grc' dir='ltr'><em>πρὸς</em></span> <span class='ocrx_word' id='word_1_816' title='bbox 3424 5100 3529 5154; x_wconf 74' lang='grc' dir='ltr'><em>τὸν</em></span> <span class='ocrx_word' id='word_1_817' title='bbox 3562 5097 3807 5169; x_wconf 74' lang='grc' dir='ltr'><em>Πατέρα·</em></span> 
     </span>
    </p>
   </div>
   <div class='ocr_carea' id='block_1_112' title="bbox 2190 5186 3810 5262">
    <p class='ocr_par' dir='ltr' id='par_1_112' title="bbox 2190 5186 3810 5262">
     <span class='ocr_line' id='line_1_112' title="bbox 2190 5186 3810 5262; baseline -0.001 -23"><span class='ocrx_word' id='word_1_818' title='bbox 2190 5187 2260 5239; x_wconf 83' lang='grc' dir='ltr'><strong><em>τά</em></strong></span> <span class='ocrx_word' id='word_1_819' title='bbox 2290 5187 2343 5239; x_wconf 81' lang='grc' dir='ltr'><strong><em>δὲ</em></strong></span> <span class='ocrx_word' id='word_1_820' title='bbox 2368 5186 2522 5256; x_wconf 81' lang='grc' dir='ltr'><strong><em>ὅσαῆ</em></strong></span> <span class='ocrx_word' id='word_1_821' title='bbox 2561 5188 2693 5259; x_wconf 76' lang='grc' dir='ltr'><em>πρὸς</em></span> <span class='ocrx_word' id='word_1_822' title='bbox 2711 5188 2771 5240; x_wconf 81' lang='grc' dir='ltr'><em>τὸ</em></span> <span class='ocrx_word' id='word_1_823' title='bbox 2806 5187 3171 5260; x_wconf 81' lang='grc' dir='ltr'><em>ἀνύπαρκτον,</em></span> <span class='ocrx_word' id='word_1_824' title='bbox 3202 5188 3240 5261; x_wconf 75' lang='grc' dir='ltr'><strong>ἢ</strong></span> <span class='ocrx_word' id='word_1_825' title='bbox 3278 5192 3446 5262; x_wconf 84' lang='grc' dir='ltr'><em>πρὸς</em></span> <span class='ocrx_word' id='word_1_826' title='bbox 3478 5192 3558 5245; x_wconf 77' lang='grc' dir='ltr'><em>τὰ</em></span> <span class='ocrx_word' id='word_1_827' title='bbox 3596 5186 3810 5244; x_wconf 58' lang='grc' dir='ltr'><em>ταπεινὰ</em></span> 
     </span>
    </p>
   </div>
   <div class='ocr_carea' id='block_1_113' title="bbox 2190 5277 3813 5356">
    <p class='ocr_par' dir='ltr' id='par_1_113' title="bbox 2190 5277 3813 5356">
     <span class='ocr_line' id='line_1_113' title="bbox 2190 5277 3813 5356; baseline 0.002 -23"><span class='ocrx_word' id='word_1_828' title='bbox 2190 5282 2288 5352; x_wconf 78' lang='grc' dir='ltr'><em>τὴν</em></span> <span class='ocrx_word' id='word_1_829' title='bbox 2319 5281 2636 5352; x_wconf 78' lang='grc' dir='ltr'><em>ὁμωνυμίαν</em></span> <span class='ocrx_word' id='word_1_830' title='bbox 2689 5282 2821 5352; x_wconf 75' lang='grc' dir='ltr'><em>ἔχει,</em></span> <span class='ocrx_word' id='word_1_831' title='bbox 2849 5282 3022 5336; x_wconf 76' lang='grc' dir='ltr'><em>ταῦτα</em></span> <span class='ocrx_word' id='word_1_832' title='bbox 3061 5282 3488 5353; x_wconf 78' lang='grc' dir='ltr'><em>παρήλλακται</em></span> <span class='ocrx_word' id='word_1_833' title='bbox 3514 5301 3529 5314; x_wconf 93' lang='grc'><strong>·</strong></span> <span class='ocrx_word' id='word_1_834' title='bbox 3561 5287 3601 5356; x_wconf 79' lang='grc' dir='ltr'><strong>ἡ</strong></span> <span class='ocrx_word' id='word_1_835' title='bbox 3631 5277 3813 5355; x_wconf 63' lang='grc' dir='ltr'><em>ἱσχυρὶ</em></span> 
     </span>
    </p>
   </div>
   <div class='ocr_carea' id='block_1_114' title="bbox 2190 5373 3813 5447">
    <p class='ocr_par' dir='ltr' id='par_1_114' title="bbox 2190 5373 3813 5447">
     <span class='ocr_line' id='line_1_114' title="bbox 2190 5373 3813 5447; baseline -0.005 -18"><span class='ocrx_word' id='word_1_836' title='bbox 2190 5375 2286 5429; x_wconf 76' lang='grc' dir='ltr'><em>τοῦ</em></span> <span class='ocrx_word' id='word_1_837' title='bbox 2316 5375 2576 5445; x_wconf 78' lang='grc' dir='ltr'><em>Εὑνομίου</em></span> <span class='ocrx_word' id='word_1_838' title='bbox 2605 5374 2725 5428; x_wconf 82' lang='grc' dir='ltr'><em>καθ’</em></span> <span class='ocrx_word' id='word_1_839' title='bbox 2753 5375 2907 5445; x_wconf 74' lang='grc' dir='ltr'><em>ἡμῶν</em></span> <span class='ocrx_word' id='word_1_840' title='bbox 2951 5374 3330 5445; x_wconf 73' lang='grc' dir='ltr'><em>ἐπιχείρησις,</em></span> <span class='ocrx_word' id='word_1_841' title='bbox 3373 5378 3535 5447; x_wconf 74' lang='grc' dir='ltr'><em>αὑτὴ</em></span> <span class='ocrx_word' id='word_1_842' title='bbox 3569 5373 3813 5444; x_wconf 81' lang='grc' dir='ltr'><em>κρατύνει</em></span> 
     </span>
    </p>
   </div>
   <div class='ocr_carea' id='block_1_115' title="bbox 2193 5462 3815 5538">
    <p class='ocr_par' dir='ltr' id='par_1_115' title="bbox 2193 5462 3815 5538">
     <span class='ocr_line' id='line_1_115' title="bbox 2193 5462 3815 5538; baseline -0.002 -21"><span class='ocrx_word' id='word_1_843' title='bbox 2193 5465 2291 5535; x_wconf 80' lang='grc' dir='ltr'><em>τῆς</em></span> <span class='ocrx_word' id='word_1_844' title='bbox 2345 5464 2597 5536; x_wconf 83' lang='grc' dir='ltr'><em>ἀληθείας</em></span> <span class='ocrx_word' id='word_1_845' title='bbox 2652 5465 2713 5519; x_wconf 82' lang='grc' dir='ltr'><em>τὸ</em></span> <span class='ocrx_word' id='word_1_846' title='bbox 2761 5466 2957 5538; x_wconf 80' lang='grc' dir='ltr'><em>δόγμα,</em></span> <span class='ocrx_word' id='word_1_847' title='bbox 3010 5464 3295 5536; x_wconf 81' lang='grc' dir='ltr'><em>μηδεμίαν</em></span> <span class='ocrx_word' id='word_1_848' title='bbox 3331 5463 3498 5521; x_wconf 72' lang='grc' dir='ltr'><em>εἶναι</em></span> <span class='ocrx_word' id='word_1_849' title='bbox 3544 5466 3698 5521; x_wconf 60' lang='grc' dir='ltr'><em>κατα</em></span> <span class='ocrx_word' id='word_1_850' title='bbox 3728 5462 3815 5532; x_wconf 74' lang='grc' dir='ltr'><em>τὴν</em></span> 
     </span>
    </p>
   </div>
   <div class='ocr_carea' id='block_1_116' title="bbox 2195 5556 3818 5631">
    <p class='ocr_par' dir='ltr' id='par_1_116' title="bbox 2195 5556 3818 5631">
     <span class='ocr_line' id='line_1_116' title="bbox 2195 5556 3818 5631; baseline 0 -21"><span class='ocrx_word' id='word_1_851' title='bbox 2195 5558 2353 5628; x_wconf 69' lang='grc' dir='ltr'><em>φύσιν</em></span> <span class='ocrx_word' id='word_1_852' title='bbox 2390 5557 2650 5629; x_wconf 63' lang='grc' dir='ltr'><em>διαφορὰν</em></span> <span class='ocrx_word' id='word_1_853' title='bbox 2709 5557 3075 5630; x_wconf 78' lang='grc' dir='ltr'><em>μαρτυροῦσα,</em></span> <span class='ocrx_word' id='word_1_854' title='bbox 3102 5557 3188 5611; x_wconf 76' lang='grc' dir='ltr'><strong><em>διὰ</em></strong></span> <span class='ocrx_word' id='word_1_855' title='bbox 3229 5558 3306 5611; x_wconf 79' lang='grc' dir='ltr'><em>τὸ</em></span> <span class='ocrx_word' id='word_1_856' title='bbox 3352 5560 3511 5631; x_wconf 79' lang='grc' dir='ltr'><em>μηδὲ</em></span> <span class='ocrx_word' id='word_1_857' title='bbox 3558 5562 3681 5622; x_wconf 64' lang='lat' dir='ltr'><strong><em>toi;</em></strong></span> <span class='ocrx_word' id='word_1_858' title='bbox 3722 5556 3818 5610; x_wconf 80' lang='grc' dir='ltr'><em>ὀνό-</em></span> 
     </span>
    </p>
   </div>
   <div class='ocr_carea' id='block_1_117' title="bbox 3904 4946 3912 5715">
    <p class='ocr_par' dir='ltr' id='par_1_117' title="bbox 3905 5108 3907 5225">
     <span class='ocr_line' id='line_1_117' title="bbox 3905 5108 3907 5225; baseline 0 0"><span class='ocrx_word' id='word_1_859' title='bbox 3905 5108 3907 5225; x_wconf 54' lang='grc' dir='ltr'><strong><em>γ</em></strong></span> 
     </span>
    </p>
   </div>
   <div class='ocr_carea' id='block_1_118' title="bbox 544 5727 3147 5818">
    <p class='ocr_par' dir='ltr' id='par_1_118' title="bbox 544 5727 3147 5818">
     <span class='ocr_line' id='line_1_118' title="bbox 544 5727 3147 5818; baseline 0.004 -28"><span class='ocrx_word' id='word_1_860' title='bbox 544 5787 550 5792; x_wconf 85' lang='grc'><strong><em>,</em></strong></span> <span class='ocrx_word' id='word_1_861' title='bbox 587 5734 669 5808; x_wconf 81' lang='grc' dir='ltr'><strong><em>(α)</em></strong></span> <span class='ocrx_word' id='word_1_862' title='bbox 704 5731 1038 5806; x_wconf 79' lang='lat' dir='ltr'><strong><em>Scindapsus</em></strong></span> <span class='ocrx_word' id='word_1_863' title='bbox 1083 5751 1188 5793; x_wconf 82' lang='lat' dir='ltr'><strong><em>vox</em></strong></span> <span class='ocrx_word' id='word_1_864' title='bbox 1234 5739 1443 5808; x_wconf 80' lang='lat' dir='ltr'><strong><em>ﬁctilia,</em></strong></span> <span class='ocrx_word' id='word_1_865' title='bbox 1492 5727 1613 5812; x_wconf 79' lang='lat' dir='ltr'><strong><em>quae</em></strong></span> <span class='ocrx_word' id='word_1_866' title='bbox 1653 5741 1792 5799; x_wconf 85' lang='lat' dir='ltr'><strong><em>nihil</em></strong></span> <span class='ocrx_word' id='word_1_867' title='bbox 1841 5756 2034 5802; x_wconf 85' lang='lat' dir='ltr'><strong><em>revera</em></strong></span> <span class='ocrx_word' id='word_1_868' title='bbox 2073 5740 2345 5801; x_wconf 78' lang='lat' dir='ltr'><strong><em>exsistens</em></strong></span> <span class='ocrx_word' id='word_1_869' title='bbox 2375 5744 2669 5818; x_wconf 76' lang='lat' dir='ltr'><strong><em>signiﬁcat,</em></strong></span> <span class='ocrx_word' id='word_1_870' title='bbox 2699 5751 2755 5798; x_wconf 91' lang='lat' dir='ltr'><strong><em>ut</em></strong></span> <span class='ocrx_word' id='word_1_871' title='bbox 2778 5742 3147 5815; x_wconf 75' lang='lat' dir='ltr'><strong><em>tragolaphus.</em></strong></span> 
     </span>
    </p>
   </div>
  </div>
