3992 6210
268 291 372 347 757

1411 295 1691 354 CONTRA
1732 295 2126 365 EUNOMIUM,
2165 299 2294 356 LIB.
2343 300 2451 358 VII.

3430 305 3532 364 758

267 409 402 480 μασί
426 423 550 461 τινα
574 406 928 481 παραλλαγὴν
960 409 1311 483 καθορᾶσθαι.
1354 412 1417 465 Ei
1441 411 1497 466 δὲ
1523 414 1582 466 έν
1616 400 1694 484 τῷ
1727 431 1851 483 γεν-

1960 433 2059 473 nos
2098 417 2351 472 Eunomii
2401 415 2828 487 argumentatio,
2883 416 3012 490 ipsa
3039 418 3286 477 veritatis
3328 418 3529 491 dogma

263 498 416 571 νητῷ
456 501 551 553 καὶ
585 500 864 573 ἀγεννήτφ
897 501 960 555 τὸ
988 502 1245 575 διάφορον
1281 502 1378 573 τῆς
1410 503 1598 568 οὐσίας
1619 504 1848 570 τίθεται,

265 589 342 653 ὡς
370 590 451 660 τῷ
477 592 612 661 πυρὶ
643 592 738 645 καὶ
772 594 854 664 τῷ
880 591 1032 648 ὕδατι
1050 610 1063 624 ·
1103 594 1197 648 καὶ
1232 595 1404 657 οὕτως
1431 595 1603 650 οἴεται
1634 597 1704 652 τὰ
1730 599 1852 652 ὀνό-

270 700 417 751 ματα
451 682 575 736 καθ’
595 684 892 756 ὁμοιότητα
932 685 1042 741 τῶν
1065 688 1122 741 ὲν
1151 689 1265 751 τοῖς
1286 687 1678 757 ὑποδείγμασιν
1702 691 1856 763 είρη-

267 775 450 845 μένων
503 774 829 840 διακεῖσθαι,
895 776 973 840 ὡς
1023 776 1100 847 τῷ
1128 777 1264 848 πυρὶ
1304 777 1398 831 καὶ
1425 778 1505 849 τῷ
1534 777 1687 831 ὕδατι
1717 778 1854 850 πρὸς

264 864 497 936 ἄλληλα,
532 867 697 922 πάλιν
748 866 983 923 amatis
1034 869 1095 923 τὸ
1126 870 1352 941 φρικτὸν
1379 868 1478 940 τῆς
1506 869 1854 941 βλασφημίας

266 959 364 1012 καὶ
414 958 747 1013 σιωπώντων
778 959 937 1033 ημῶν
973 962 1437 1034 φανεροθήσεται.
1479 961 1554 1015 Τὸ
1587 959 1701 1033 πῦρ
1743 960 1854 1033 γὰρ

268 1050 367 1104 καὶ
395 1051 541 1123 ὕδωρ
612 1051 916 1124 φθαρτικὴν
962 1057 1083 1107 κατ’
1113 1053 1361 1126 ἀλλήλων
1401 1053 1503 1126 τὴν
1525 1054 1689 1125 φύσιν
1717 1054 1853 1125 ἔχει,

267 1142 366 1195 καὶ
399 1143 530 1206 ἴσως
563 1142 824 1214 ἑκάτερον
882 1143 940 1198 ὲν
969 1143 1049 1215 τῷ
1080 1145 1254 1216 ἑτέρῳ
1286 1144 1600 1217 γενόμενον,
1638 1147 1703 1217 τῇ
1737 1146 1856 1199 ὲπιο

267 1234 536 1304 κρατήσει
574 1232 669 1286 τοῦ
718 1233 1102 1300 πλεονάζοντος
1142 1235 1444 1307 φθείρεται.
1492 1238 1554 1291 Et
1593 1234 1687 1292 οὖν
1713 1236 1856 1291 οὕτω

271 1325 545 1380 διεστάναι
573 1325 670 1379 τοῦ
699 1326 995 1399 ἀγεννήτου
1032 1328 1132 1400 τὴν
1154 1328 1315 1398 φύσιν
1343 1330 1479 1402 πρὸς
1500 1329 1597 1402 τὴν
1625 1329 1718 1384 τοῦ
1750 1331 1857 1384 Μο-

268 1417 520 1485 νογενοῦς
544 1412 879 1489 δογματίζει,
916 1420 1135 1485 πάντως
1161 1421 1256 1475 καὶ
1280 1420 1380 1493 τὴν
1410 1422 1857 1494 φθαρτικὴνταύ-
1888 1420 1892 1425 ’

266 1527 371 1577 την
396 1510 746 1581 ἐναντιότητα
785 1513 853 1583 τῇ
889 1511 1213 1584 παραλλαγῇ
1248 1513 1356 1567 τῶν
1382 1513 1580 1567 οὐσιῶν
1620 1515 1857 1585 ἐνυπάρ-

266 1616 385 1670 χειν
420 1600 562 1653 κατὰ
589 1599 651 1654 τὸ
670 1600 961 1656 ἀκόλουθον
980 1602 1194 1658 δίδωσιν
1212 1620 1226 1635 ’
1247 1604 1323 1667 ὡς
1341 1604 1656 1675 ἁσύμόατον
1678 1606 1857 1660 αὐτῶν

264 1691 354 1743 διὰ
390 1690 585 1744 τούτου
624 1693 720 1745 καὶ
753 1692 1117 1764 ἀκοινώνητον
1151 1691 1290 1750 εῖναι
1318 1696 1418 1769 τὴν
1439 1697 1618 1767 φύσιν,
1658 1698 1751 1753 καὶ
1773 1701 1856 1753 ὲν·

1953 507 2279 573 cont'lrmat,
2333 507 2538 563 nullam
2576 521 2701 565 esse
2731 508 3036 566 secundum
3090 517 3347 566 naturam
3376 508 3534 568 dile-

1956 601 2186 657 rentiam
2215 599 2539 666 testiﬁcans,
2569 601 2698 672 quia
2730 601 2786 657 in
2810 602 3138 659 nominibus
3155 602 3532 659 nullawitnmu-

1954 694 2112 757 tatio,
2163 694 2280 749 sive
2313 694 2688 765 discrepantia
2725 708 3005 753 cernatur.
3051 696 3206 763 Quod
3247 696 3315 751 εἰ·
3345 696 3402 752 in
3446 696 3535 755 his

1954 788 2494 861 nominibusngeniti
2531 789 2743 846 scilicet
2776 798 2829 844 et
2856 789 3109 860 ingeniti,
3135 789 3393 846 essentia:
3416 788 3536 847 dis.-

1954 879 2164 935 crimen
2199 881 2439 950 ponitur,
2457 880 2603 936 sicut
2638 879 2694 935 in
2722 880 2847 952 igne
2873 890 2928 936 et
2953 895 3123 952 aqua,
3155 880 3538 951 sicqltc‘purtat

1955 970 2204 1036 nomina,
2244 986 2342 1041 per
2384 970 2808 1028 similitudinem
2853 986 3046 1030 eorum
3098 988 3222 1044 quae
3256 974 3320 1028 in-
3352 986 3539 1029 exem-

1951 1060 2063 1133 plis
2093 1060 2240 1117 dicta
2281 1071 2434 1127 sunt,
2491 1062 2635 1120 inter
2686 1079 2748 1121 se
2797 1062 2966 1130 al‘iici,
3021 1063 3170 1120 sicut
3208 1065 3263 1118 in
3311 1064 3438 1135 igne
3482 1071 3551 1120 et-

1957 1168 2101 1223 aqua
2135 1153 2277 1211 inter
2311 1171 2372 1212 se
2397 1155 2634 1213 invicem
2666 1177 2681 1213 :
2718 1144 2916 1215 rursus
2949 1157 3039 1212 bic
3067 1156 3360 1214 horribilis
3386 1155 3538 1214 Naso

1959 1245 2178 1315 pltemia
2244 1249 2409 1303 etiam
2477 1250 2790 1308 tacentibus
2844 1250 3007 1328 nobis
3063 1249 3534 1307 manifestabimr.

1957 1336 2106 1407 ignis
2139 1338 2284 1394 enim
2320 1349 2375 1395 et
2409 1355 2552 1412 aqua
2587 1343 2963 1414 corruptivam
3006 1343 3152 1399 inter
3185 1358 3247 1401 se
3276 1351 3536 1398 naturam

1959 1430 2182 1494 habent,
2217 1441 2272 1487 et
2322 1431 2562 1491 fortasse
2603 1435 2928 1491 alterutrum
2967 1436 3022 1490 in
3063 1435 3237 1491 altero
3281 1435 3412 1491 dum
3440 1435 3535 1495 sit,

1958 1521 2187 1577 victoria
2230 1526 2617 1595 exsuperantis
2654 1531 3050 1598 corrumpitur.
3095 1525 3155 1581 Si
3191 1528 3358 1598 igitur
3388 1526 3539 1597 inge-

1960 1614 2057 1667 niti
2084 1625 2336 1671 naturam
2366 1633 2490 1672 cum
2516 1628 2712 1675 natura
2741 1617 3014 1690 Unigeniti
3041 1619 3310 1676 dissidere
3346 1618 3532 1679 docet.

1959 1707 2187 1762 omnino
2230 1708 2394 1765 etiam
2450 1710 2595 1768 hanc
2666 1713 3039 1784 corruptivam
3094 1710 3540 1768 contrarietatem

264 1782 613 1837 δαπανᾶσθαι
636 1783 716 1854 τῷ
735 1784 905 1858 ἑτέρῳ
926 1786 989 1840 τὸ
1009 1785 1219 1859 ἕτερον,
1249 1791 1298 1843 εί
1319 1790 1377 1844 ἐν
1404 1789 1655 1862 ἀλλήλοις
1676 1791 1856 1862 ἀμφό-

1960 1796 2032 1852 ob
2070 1801 2436 1855 essentiarum
2493 1802 2855 1859 diti‘erentiam
2915 1804 3098 1860 inesse
3142 1819 3209 1859 ex
3269 1816 3540 1858 consecu-

264 1892 403 1948 τερα
436 1877 471 1948 ἦ
503 1878 620 1949 μετ’
649 1876 896 1950 ἀλλήλων
923 1877 1186 1948 γένοιντο.

1960 1888 2111 1944 tione
2136 1890 2273 1945 dat:
2327 1893 2401 1945 ita
2436 1902 2495 1947 ut
2530 1902 2816 1964 propterea
2846 1901 3042 1950 natura
3083 1896 3322 1966 ipsorum
3362 1893 3530 1947 mini-

268 1982 357 2022 me
397 1966 694 2065 convenire
730 1976 787 2022 et
837 1967 1037 2024 sociari
1096 1968 1328 2040 possit,
1396 1970 1740 2065 alterumque
1797 1973 1866 2029 ab
1904 1976 2075 2034 altero
2129 1981 2484 2049 absumatur,
2536 1985 2584 2041 si
2622 1985 2675 2039 in
2724 2001 2785 2041 se
2859 1984 3095 2041 invicem
3152 1993 3384 2054 utraque
3452 1981 3537 2039 vel

269 2074 377 2115 una
404 2058 571 2113 simul
603 2059 829 2115 fuerint.
1414 2058 1419 2065 ’
1572 2104 1594 2132 .

341 2148 465 2211 Πῶς
485 2144 579 2204 οὖν
611 2152 669 2204 ὲν
696 2150 775 2223 τῷ
802 2150 976 2225 Πατρὶ
996 2155 1024 2208 6
1059 2153 1205 2220 Υἱὸς,
1230 2154 1323 2207 καὶ
1347 2154 1409 2207 οὐ
1438 2154 1735 2227 φθείρεται,
1758 2157 1852 2210 καὶ

268 2240 389 2303 πῶς
416 2242 475 2294 ὲν
503 2241 581 2313 τῷ
610 2243 721 2314 Υίῷ
743 2245 773 2298 6
792 2244 980 2317 Πατὴρ
1021 2244 1119 2311 ὣν,
1157 2248 1237 2310 είς
1260 2246 1330 2299 τὸ
1359 2246 1602 2317 διηνεκὲς
1640 2247 1853 2317 ἀντέχει

271 2333 351 2404 μὴ
402 2332 810 2406 δαπανώμενος,
857 2336 1017 2410 εἴπερ
1059 2339 1092 2409 ἠ
1125 2337 1220 2392 τοῦ
1245 2338 1417 2410 πυρὸς
1442 2338 1576 2409 πρὸς
1620 2337 1676 2391 τὸ
1709 2336 1855 2410 ὕδωρ

270 2425 475 2498 ἰδιότης
509 2428 603 2482 καὶ
634 2430 694 2482 ἐν
720 2432 786 2501 τῇ
825 2429 922 2484 τοῦ
966 2429 1224 2503 γεννητοῦ
1274 2431 1412 2502 πρὸς
1458 2431 1519 2485 τὸ
1563 2430 1856 2502 ἀγέννητον

260 2517 597 2583 διασώζεται
644 2521 847 2592 σχέσει,
899 2522 1080 2588 καθώς
1112 2539 1275 2593 φησιν
1305 2525 1334 2576 6
1370 2523 1668 2593 Εὑνόμιος;
1716 2522 1855 2576 Ἀλλ’

268 2608 402 2663 οὔτε
428 2610 533 2681 γῆς
562 2611 699 2682 πρὸς
724 2611 862 2683 ἀέρα
887 2613 1171 2669 κοινωνίαν
1198 2617 1228 2669 6
1252 2614 1408 2684 λόγος
1438 2614 1624 2686 βλέπει
1649 2633 1661 2648 ·
1701 2616 1732 2685 ὴ
1760 2614 1857 2685 μὲν

268 2701 410 2774 γὰρ,
430 2702 773 2775 σταθερὲωιαὶ
796 2704 1062 2778 ἐμϐριθὴς
1084 2707 1179 2760 καὶ
1193 2707 1482 2770 ἀντίτυπος
1499 2706 1592 2761 καὶ
1616 2721 1859 2774 κατωφε-

267 2794 378 2867 ρὴς
413 2794 507 2848 καὶ
533 2795 744 2867 βαρεῖα,
766 2797 846 2868 τῷ
863 2796 920 2851 δὲ
947 2798 1071 2870 ἀέρι
1097 2798 1161 2852 ὲκ
1192 2797 1301 2852 τῶν
1331 2798 1643 2869 ἐναντίωνή
1672 2797 1854 2868 φύσις.

278 2890 521 2960 ὀμοίως
541 2890 601 2943 τὸ
621 2889 813 2943 λευκὸν
835 2888 1006 2943 καὶτὸ
1027 2889 1194 2961 μέλαν
1215 2891 1272 2942 ὲν
1293 2892 1359 2961 τῇ
1390 2889 1721 2960 ἑναντιότητι
1744 2889 1857 2944 τῶν

263 2980 583 3053 χρωμάτων
601 2981 935 3054 εὑρίσκεται.
966 2982 1076 3035 Καὶ
1095 2981 1174 3053 τῷ
1197 2980 1449 3053 τριγώνῳ
1474 2981 1535 3034 τὸ
1563 2982 1857 3053 περιφερὲς

266 3075 351 3146 μὴ
377 3072 574 3127 ταύτδν
598 3069 736 3129 εῖναι
760 3072 1082 3128 συντίθεται·
1101 3073 1276 3127 ἐκεῖνο
1290 3074 1399 3144 γάρ
1417 3074 1568 3127 ἐστιν
1593 3073 1854 3144 ἑκάτερον

260 3168 331 3219 ὲν
362 3165 446 3237 τῷ
470 3165 612 3237 λόγῳ
640 3165 736 3220 τοῦ
770 3167 1068 3237 σχήματος,
1098 3167 1236 3237 ὅπερ
1258 3166 1358 3218 οὐκ
1387 3164 1502 3218 ἔστι
1540 3163 1602 3216 τὸ
1647 3165 1854 3236 ἕτερον.

278 3258 413 3312 Ἐπὶ
455 3256 513 3310 δὲ
561 3256 698 3312 Θεοῦ
724 3256 817 3311 τοῦ
855 3256 1086 3329 Πατρός,
1115 3258 1211 3312 καὶ
1241 3257 1377 3310 Θεοῦ
1403 3257 1496 3310 τοῦ
1518 3256 1857 3323 Μονογενοῦς

262 3349 430 3403 fieri
465 3351 606 3404 κατά
638 3351 691 3403 τί
740 3350 926 3421 βλέπει
959 3350 1056 3422 τὴν
1096 3349 1427 3415 ἐναντίωσιν,
1458 3348 1556 3418 οὐχ
1596 3348 1855 3418 εὑρίσκω.

278 3440 587 3511 ’Λγαθότης
610 3440 729 3511 μία,
749 3441 929 3510 σοφία,
946 3440 1280 3509 δικαιοσύνη,
1307 3440 1589 3512 φρόνησις,
1607 3439 1856 3511 δύναμις,

262 3535 576 3607 ἀφθαρσία,
599 3535 667 3589 τὰ
687 3534 820 3591 ἄλλα
859 3533 1039 3591 πάντα
1062 3535 1164 3589 ὅσα
1186 3537 1285 3607 τῆς
1311 3532 1519 3606 ὑψηλῆς
1540 3534 1657 3587 ἐστι
1681 3548 1858 3604 σημα-

264 3630 422 3695 σίας,
454 3629 541 3698 ὲφ’
563 3628 821 3699 ἑκατέρου
853 3626 1114 3691 ὡσαύτως
1152 3626 1388 3696 λέγεται,
1404 3625 1710 3698 καὶτρόπον
1735 3623 1859 3679 τινὰ

264 3725 328 3775 ἐν
459 3720 632 3794 ἑτέρῳ
655 3719 717 3774 τὸ
735 3720 921 3792 ἕτερον
954 3716 1053 3789 τὴν
1089 3719 1242 3789 ἰσχὺν
1269 3717 1400 3788 ἔχει.
1432 3717 1502 3770 "tl
1524 3734 1582 3770 τε
1613 3716 1724 3788 γὰρ
1753 3718 1860 3771 Πα-

266 3815 379 3885 τὴρ
404 3812 494 3867 διὰ
514 3813 608 3867 τοῦ
639 3811 770 3867 Υίοῦ
800 3812 871 3867 τὰ
898 3810 1074 3866 πάντα
1099 3812 1259 3875 ποιεί,
1294 3811 1323 3864 ὃ
1351 3826 1410 3863 τε
1437 3808 1747 3878 Μονογενὴς
1769 3807 1860 3861 δύο

265 3923 440 3978 ναμις
464 3905 541 3960 ὣν
562 3905 658 3960 τοῦ
690 3905 921 3975 Πατρδς,
952 3906 1010 3959 ὲν
1030 3903 1208 3973 ἑαυτῷ
1228 3901 1289 3956 τὸ
1312 3904 1422 3956 πᾶν
1443 3901 1855 3971 κατεργάζεται.

266 4003 412 4055 Τίνα
430 3999 610 4054 τοίνυν
643 3998 831 4070 χρείαν
862 3998 1060 4069 πληροῖ
1095 3995 1206 4067 πῦρ
1232 4012 1293 4049 τε
1336 3996 1431 4048 καὶ
1454 3992 1598 4064 ὕδωρ
1619 3992 1700 4056 είς
1724 3992 1859 4047 ἀπό-

263 4095 443 4162 δειξιν
487 4092 587 4161 τῆς
634 4090 727 4145 ἐπὶ
750 4090 880 4145 Υἱοῦ
903 4106 962 4142 τε
994 4090 1089 4143 καὶ
1117 4086 1327 4159 Πατρδς
1367 4086 1506 4139 κατὰ
1536 4086 1635 4157 τὴν
1673 4085 1860 4141 οὐσίαν

223 4214 246 4234 ι
266 4185 707 4256 ἀλλοτριότητος,
749 4182 845 4237 καὶ
874 4182 959 4246 τίς
983 4183 1012 4235 6
1044 4178 1263 4251 ἰσχυρὸς
1299 4179 1506 4241 ἐκεῖνος
1550 4177 1645 4230 καὶ
1688 4176 1861 4249 ἀπύρ-

271 4282 311 4350 ῤ
333 4293 443 4346 :10:
464 4275 640 4344 λόγος,
661 4273 789 4329 ὁδιὰ
809 4271 1013 4326 τούτων
1041 4268 1493 4340 ἀποδεικνύμενος
1514 4284 1529 4334 ;
1564 4267 1724 4321 Ἀλλὰ
1740 4267 1863 4322 τολ-

274 4368 494 4438 μηροὺς
522 4368 666 4439 ἡμᾶς
683 4364 931 4436 ὀνομάζει
951 4363 1048 4435 τήν
1067 4379 1127 4416 τε
1145 4361 1241 4433 τῆς
1272 4359 1483 4429 φύσεως
1504 4360 1727 4432 ἑνότητα
1760 4362 1860 4432 (a),

2029 2157 2312 2225 Quomodo
2335 2160 2499 2230 igitur
2534 2161 2586 2217 in
2620 2160 2779 2217 Patre
2810 2159 2984 2218 Filius
3007 2177 3113 2217 non
3142 2160 3532 2230 corrumpitur,

1959 2256 2012 2303 et
2041 2248 2313 2319 quomodo
2351 2246 2511 2306 Pater
2555 2250 2648 2322 qui
2691 2258 2775 2307 est
2825 2250 2878 2306 in
2922 2249 3059 2307 Filio
3115 2251 3169 2305 in
3218 2257 3537 2321 perpetuum

1960 2338 2167 2394 resistit
2197 2355 2307 2396 non
2355 2341 2701 2411 absumptus,
2731 2340 2999 2412 siquidem
3048 2340 3351 2411 proprietas
3396 2338 3538 2410 ignis

1961 2434 2027 2489 ad
2066 2449 2285 2505 aquam,
2323 2435 2486 2491 etiam
2515 2436 2570 2490 in
2599 2449 2663 2490 ea
2686 2450 2807 2506 quae
2833 2443 2919 2491 est
2940 2434 3105 2506 geniti
3125 2450 3248 2489 cum
3301 2433 3542 2504 ingenito

1961 2527 2222 2582 relatione
2251 2536 2520 2591 servatur,
2547 2528 2689 2583 sicut
2718 2527 2795 2582 ait
2825 2526 3164 2582 Eunomius?
3193 2526 3300 2583 Sed
3356 2541 3536 2596 neque

1954 2632 2073 2674 eam
2104 2633 2223 2687 qua:
2254 2625 2338 2675 est
2366 2627 2524 2674 terra:
2556 2634 2679 2675 cum
2729 2633 2855 2674 aere
2881 2621 3322 2675 communionem
3357 2634 3539 2674 sermo

1955 2716 2189 2778 spectat,
2213 2709 2482 2779 siquidem
2523 2719 2667 2764 terra
2718 2710 2952 2774 stabilis,
3011 2709 3209 2771 solida,
3269 2710 3535 2772 renitens.

1954 2798 2159 2869 gravis,
2206 2798 2462 2853 deorsum
2510 2796 2760 2861 tendens,
2794 2799 2906 2854 aeri
2959 2813 3086 2852 vero
3112 2814 3177 2852 ex
3237 2797 3538 2855 contrariis

1960 2898 2155 2944 natura
2191 2889 2353 2945 inest.
2385 2887 2649 2966 Similiter
2671 2888 2853 2943 album
2884 2899 2941 2943 et
2965 2889 3178 2957 nigrum
3210 2889 3262 2943 in
3289 2891 3535 2944 colorum

1961 2979 2352 3036 contrarietate
2383 2978 2677 3034 invenitur.
2715 2976 2780 3031 Et
2802 2977 3069 3033 circulum
3108 2992 3231 3031 cum
3265 2978 3537 3048 triangula

1961 3084 2068 3123 non
2108 3069 2248 3124 idem
2271 3056 2394 3125 esse
2416 3067 2771 3125 consentitur.
2803 3066 2939 3121 Illud
2992 3068 3136 3122 enim
3195 3076 3279 3123 est
3336 3069 3537 3123 alteru-

1963 3173 2103 3217 trum
2135 3163 2188 3217 in
2218 3162 2433 3217 ratione
2467 3163 2670 3232 ﬁgurae,
2701 3162 2844 3232 quod
2898 3177 3007 3216 non
3050 3172 3134 3218 est
3167 3162 3416 3216 alterum.
3468 3163 3538 3215 At

1962 3256 2015 3309 iu
2048 3254 2154 3309 Deo
2184 3254 2342 3310 Patre
2369 3265 2422 3311 et
2454 3256 2563 3309 Deo
2595 3256 2872 3326 unigenito
2903 3253 3040 3308 Filio
3063 3254 3363 3309 secundum
3405 3254 3535 3323 quid

1959 3349 2400 3405 contrarietatem
2437 3349 2658 3419 respicit
2689 3364 2797 3403 non
2826 3348 3045 3409 invenio
3077 3365 3089 3401 :
3141 3361 3248 3403 una
3300 3347 3535 3413 bonitas,

1959 3440 2247 3508 sapientia,
2274 3439 2513 3509 justitia,
2563 3439 2874 3509 prudentia,
2931 3440 3200 3509 potentia,
3258 3439 3539 3492 immorta-

1960 3530 2084 3585 litas
2114 3539 2168 3586 et
2204 3531 2310 3585 alia
2336 3532 2516 3585 omnia
2546 3547 2886 3602 quaecunque
2918 3539 3047 3587 sunt
3075 3532 3312 3587 excelsa:
3368 3529 3540 3601 signi-

1961 3622 2211 3683 ﬁcantite.
2246 3623 2299 3677 in
2331 3631 2561 3692 utroque
2590 3622 2780 3678 eodem
2823 3622 2983 3678 modo
3013 3621 3293 3687 dicuntur,
3328 3630 3539 3692 etquo-

1958 3716 2081 3770 dam
2122 3716 2283 3769 modo
2315 3716 2369 3769 in
2403 3716 2575 3770 altero
2608 3716 2838 3770 alterum
2870 3715 3042 3770 robur
3082 3713 3266 3769 habet.
3326 3712 3462 3768 Nam
3485 3720 3542 3769 et

1958 3808 2118 3864 Pater
2136 3823 2230 3877 per
2257 3806 2450 3864 Filium
2483 3808 2663 3863 omnia
2695 3806 2847 3867 facit.
2867 3815 2922 3861 et
2945 3805 3286 3876 Unigenitus,
3313 3820 3437 3859 cum
3468 3806 3540 3861 sit

1958 3899 2136 3955 Patris
2154 3900 2412 3969 potentia,
2434 3900 2488 3955 in
2514 3899 2631 3969 ipso
2658 3908 2857 3955 cuncta
2881 3906 3157 3968 operatur.
3181 3897 3354 3965 Quam
3378 3896 3541 3967 igitur

1959 3997 2130 4051 vicem
2164 3998 2387 4067 implent
2435 3988 2575 4067 ignis
2622 4006 2677 4054 et
2710 4011 2851 4067 aqua
2900 3997 2967 4052 ad
3005 3995 3529 4064 demonstrationem

1958 4086 2080 4158 ejus
2105 4103 2227 4158 qua:
2251 4098 2335 4143 est
2367 4087 2419 4143 in
2448 4086 2584 4143 Filio
2612 4094 2667 4144 et
2701 4086 2859 4141 Patre
2892 4085 3199 4159 secundum
3242 4084 3537 4140 essentiam

1959 4178 2340 4234 diversitatis?
2384 4193 2632 4248 quaenam
2664 4178 2888 4234 robusta
2920 4178 3010 4232 illa
3043 4185 3098 4233 et
3142 4175 3540 4247 inexpugnabi-

1963 4272 2029 4327 lis
2069 4272 2227 4336 ratio,
2252 4286 2373 4340 qu:e
2403 4270 2633 4340 perluec
2659 4269 3110 4326 demonstratur?
3149 4267 3256 4324 Sed
3292 4283 3393 4324 nos
3440 4283 3538 4322 au-

1961 4364 2127 4418 daces
2178 4361 2419 4418 nominat
2472 4357 2561 4429 qui
2620 4368 2677 4415 et
2729 4368 2934 4415 natura:
2979 4362 3272 4426 unitatem,
3309 4371 3365 4418 et
3411 4377 3537 4432 pcr-

268 4461 371 4513 καὶ
414 4458 514 4530 τὴν
541 4456 648 4511 τῶν
690 4454 1039 4509 ὑποστάσεων
1078 4450 1341 4522 διαφορὰν
1380 4452 1855 4520 παραστήσαντας,

1962 4466 2220 4511 sonarum
2273 4452 2632 4508 dilierentiam
2682 4453 3002 4519 astruitnus,
3066 4462 3124 4510 et
3171 4457 3358 4525 gravia
3403 4455 3539 4509 dicit

273 4555 371 4607 καὶ
406 4549 558 4604 δεινά
591 4565 724 4619 φησι
750 4548 878 4616 παρ’
905 4542 1062 4616 ἡμῶν
1091 4542 1414 4614 τολμᾶσθαι,
1448 4545 1496 4595 εί
1517 4544 1630 4604 τοῖς
1656 4540 1860 4603 ὑλικοίς

273 4638 643 4708 ὑποδείγμασι
673 4638 742 4707 τῇ
766 4635 873 4687 τῶν
888 4630 1094 4703 νοητῶν
1109 4631 1312 4702 θεωρία
1332 4631 1424 4684 τὸν
1443 4630 1598 4699 λόγον
1619 4630 1857 4701 προάγο-

276 4748 405 4801 μεν.
444 4727 636 4792 Καλῶς
661 4729 691 4781 6
711 4723 1005 4796 διορθωτὴς
1024 4724 1132 4778 τῶν
1157 4721 1437 4794 ἡμετέρων
1466 4720 1823 4792 πταισμάτων
1842 4737 1856 4751 ε

272 4821 462 4885 καλῶς
485 4820 732 4874 ἐπικαλεί
759 4818 858 4889 τὴν
901 4818 1104 4887 τόλμαν
1154 4817 1286 4886 ἡμῖν
1322 4817 1434 4877 τοῖς
1481 4813 1543 4867 τὸ
1574 4812 1730 4866 Θεῖον
1768 4812 1857 4866 διὰ

268 4914 388 4967 τῶν
422 4910 623 4965 ὑλικῶν
651 4907 1030 4982 έρμηνεύουσι.
1061 4907 1127 4960 Τί
1156 4900 1249 4959 οὖν
1287 4902 1547 4975 περὶτῶν
1581 4904 1861 4973 στοιχείων

267 5008 449 5080 ἐρεῖς,
472 5006 502 5059 6
528 5003 785 5076 σταθερός
811 5020 871 5056 τε
892 5002 986 5056 καὶ
1009 4999 1475 5073 περιεσκεμμένος
1502 5017 1518 5066 ;
1551 4999 1745 5052 ’Δῦλον
1761 4998 1858 5068 τὴν

271 5100 408 5168 γῆν,
437 5096 627 5166 νοητὸν
658 5094 720 5148 τὸ
754 5093 888 5165 πῦρ,
921 5091 1211 5163 ἀσώματον
1238 5090 1299 5143 τὸ
1319 5089 1485 5161 ὕδωρ,
1520 5089 1624 5155 ἔξω
1644 5092 1742 5160 τῆς
1771 5092 1855 5143 αί-

272 5187 490 5258 gon-ﬁ];
515 5184 849 5257 ἀντιλήψεως
878 5184 971 5239 τὸν
999 5183 1155 5255 ἀέρα.
1191 5181 1349 5236 Οὕτω
1381 5180 1736 5235 συντέτακταί
1778 5200 1860 5236 σοι

275 5280 536 5354 πρὺςτδν
580 5279 780 5333 σκοπὸν
812 5279 846 5349 ἡ
888 5276 1117 5341 διάνοια,
1172 5274 1316 5329 οὕτω
1354 5274 1689 5344 πανταχόθεν
1738 5274 1861 5339 ὀξυ-

272 5373 472 5434 ωπετς,
513 5369 751 5441 ἄληπτον
792 5370 905 5432 τοῖς
950 5364 1428 5434 ἀντιτεταγμένοις
1467 5363 1731 5433 διεξάγων
1769 5365 1861 5421 τὸν

276 5464 461 5533 λόγον,
502 5461 577 5525 ὡς
599 5463 672 5533 μὴ
696 5462 909 5531 βλέπειν
926 5463 982 5513 ἐν
1004 5458 1213 5528 σεαυτῷ
1242 5457 1310 5510 τὰ
1336 5458 1474 5510 κατὰ
1498 5457 1603 5509 τῶν
1627 5473 1859 5526 κατηγο.

280 5554 565 5625 ρουμένων
626 5552 981 5623 ἑγκλήματας
1018 5550 1087 5603 ῚΙ
1124 5548 1204 5602 σοι
1258 5549 1356 5619 μὲν
1381 5547 1468 5602 διὰ
1494 5550 1589 5621 τῆς
1624 5548 1756 5619 ὕλης
1800 5551 1858 5604 τὸ

1969 4560 2070 4600 nos
2101 4543 2327 4607 audere,
2360 4543 2407 4599 si
2450 4544 2825 4600 materialibus
2851 4545 3115 4615 exemplis
3164 4545 3233 4599 ad
3284 4545 3542 4615 intelligi-

1969 4634 2156 4689 bilium
2181 4633 2695 4704 contemplationem
2721 4650 3028 4691 sermonem
3051 4637 3397 4707 appellimus.
3431 4635 3541 4690 No-

1964 4736 2205 4783 strormn
2245 4734 2551 4782 erratorum
2600 4728 2850 4798 egregius
2883 4736 3166 4784 corrector
3191 4729 3435 4785 audacia:
3486 4737 3541 4784 et

1967 4820 2290 4877 temeritatis
2318 4836 2417 4876 nos
2466 4831 2713 4885 accusat,
2763 4821 2909 4891 quod
2979 4822 3222 4879 divinam
3285 4833 3539 4879 naturam

1968 4912 2341 4968 materialibus
2382 4915 2645 4982 exemplis
2690 4914 3049 4984 explicemus.
3103 4916 3243 4981 Ouid
3276 4915 3443 4987 igitur
3471 4915 3539 4969 de

1964 5005 2250 5060 elementis
2277 5004 2429 5059 dices
2449 5005 2543 5074 qui
2585 5006 2655 5058 ita
2684 5005 2875 5061 iirmus
2907 5021 2967 5061 es
2995 5017 3049 5063 et
3074 5008 3540 5077 circumspectus?

1965 5095 2378 5151 immaterialcm
2420 5104 2646 5160 terram,
2678 5097 2854 5168 ignem
2886 5107 3067 5154 mente
3104 5098 3533 5168 perceptibilem.

1964 5205 2159 5258 aquam
2211 5188 2606 5259 incorporcam,
2638 5204 2818 5246 aerem
2854 5199 3006 5245 extra
3036 5191 3349 5246 scnsibilem
3388 5206 3539 5245 eom-

1967 5281 2404 5351 pveltensienem.
2440 5280 2531 5338 Sic
2560 5282 2625 5336 ad
2649 5298 2875 5351 scopum
2900 5282 2995 5337 tibi
3029 5283 3279 5338 ordinata
3323 5292 3408 5338 est
3456 5283 3537 5337 in-

1965 5373 2286 5443 telligentia,
2321 5374 2401 5428 sic
2429 5375 2669 5441 undique
2699 5384 2858 5430 acute
2896 5377 3078 5429 cernis
3115 5375 3533 5445 incomprehen-

1910 5520 1923 5531 _
1965 5482 2084 5519 smn
2118 5464 2449 5520 adversariis
2475 5465 2711 5520 educcns
2746 5480 3078 5526 sermonem.
3104 5473 3164 5519 ut
3194 5481 3302 5520 non
3344 5465 3532 5522 videas

1966 5557 2018 5611 in
2083 5563 2134 5611 tc
2164 5556 2279 5626 ipso
2309 5556 2535 5610 crimina
2581 5570 2702 5625 qua:
2734 5553 2842 5609 rcis
2871 5554 3247 5624 objiciuntur?
3301 5553 3384 5610 An
3433 5554 3531 5631 tibi

354 5756 435 5829 (α)
479 5756 569 5813 Sic
600 5758 793 5831 supple
840 5772 906 5814 ex
940 5754 1131 5813 codice
1163 5751 1349 5823 Boico,
1381 5750 1516 5807 ἀλλὰ
1543 5749 1696 5819 τολμ.
1728 5746 1857 5820 ἡμᾶς

1960 5763 2053 5816 ὀμυ
2085 5746 2290 5820 Πέτρου
2322 5745 2413 5801 καὶ
2436 5741 2644 5798 Παύλου
2663 5739 2759 5810 τήν
2785 5754 2843 5790 τε
2862 5735 2958 5808 τῆς
2986 5738 3198 5807 φύσεως
3224 5730 3470 5799 ἑνότητα.
