4002 6218
496 285 599 344 759

1708 287 1766 344 S.
1802 285 2130 344 GREGORII
2167 283 2464 343 NYSSENI

3628 287 3715 346 760

493 416 594 475 per
622 404 865 472 exempla
913 419 943 459 a
981 405 1147 462 rebus
1179 405 1556 463 materialibus
1609 416 1829 479 sumpta
1881 424 2061 465 essen-

2172 407 2293 461 κατ’
2313 406 2500 460 οὐσίαν
2516 404 2793 474 ἀλλότριον
2818 401 3280 468 κατασκευάζοντι
3308 399 3733 475 συγχωρήσομεν,

497 495 701 549 tiarum
729 493 1104 551 diversitatem
1130 499 1484 568 prastruenti
1506 500 1912 555 concedamus?
1966 499 2078 555 Nos

493 592 678 639 autem
713 585 806 656 qui
844 600 941 655 per
965 587 1213 658 exempla
1247 603 1369 658 quae
1407 602 1438 641 a
1470 587 1629 644 nobis
1668 589 1786 658 capi
1818 597 2075 659 possunt,

491 686 704 731 naturae
724 679 1112 748 proprietatem
1147 687 1202 735 et
1243 681 1685 737 communionem
1735 681 2078 736 demonstra-

490 784 639 836 mus,
680 770 1002 841 repudiandi
1040 772 1276 827 sumus?

563 859 669 917 Sed
701 859 918 926 Petrus,
952 861 1148 932 inquit,
1185 871 1239 917 et
1273 861 1477 919 Paulus
1519 863 1590 919 ab
1620 863 1932 920 hominibus
1973 878 2076 919 no-

490 952 684 1008 minati
713 961 864 1018 sunt,
895 962 1185 1025 pr0pterea
1213 956 1266 1009 in
1293 955 1430 1025 ipsis
1464 957 1864 1026 appellationes
1889 967 2074 1027 potue-

490 1049 621 1097 runt
645 1042 946 1098 immutari.
997 1045 1270 1110 Quidnam
1301 1058 1490 1100 eorum
1519 1061 1640 1116 quae
1673 1053 1801 1101 sunt
1837 1062 1944 1101 non
1988 1054 2074 1103 est

489 1135 558 1189 ab
583 1135 896 1192 [nominibus
917 1125 1254 1192 nominatum
1269 1138 1292 1191 ?
1309 1147 1361 1193 te
1384 1138 1654 1194 sermonis
1681 1147 1872 1194 testem
1899 1136 2071 1192 adduc

488 1241 577 1282 co.
616 1226 676 1282 Si
703 1227 850 1305 enim
885 1229 1170 1284 nominum
1206 1229 1520 1285 immutatio
1553 1231 1768 1301 signum
1798 1241 1853 1286 et
1901 1246 2064 1302 argu-

487 1326 735 1375 mentum
783 1319 946 1388 faeis,
983 1320 1128 1392 quod
1159 1321 1229 1375 ab
1250 1321 1566 1378 hominibus
1591 1339 1678 1379 res
1717 1323 1829 1378 sint
1885 1324 2063 1378 nomi-

485 1419 648 1478 natte,
678 1428 778 1483 per
816 1413 920 1468 boc
953 1413 1179 1469 omnino
1205 1415 1552 1472 conﬁteberis
1595 1430 1758 1470 omne
1796 1431 1994 1470 nomen
2031 1428 2062 1468 a

487 1505 652 1560 nobis
701 1506 870 1562 rebus
900 1522 1022 1576 quae
1050 1514 1180 1562 sunt
1214 1505 1445 1563 inditum
1480 1523 1624 1571 esse,
1680 1523 1745 1563 ex
1795 1523 1860 1562 eo
1918 1506 2066 1578 quod

487 1611 598 1652 non
630 1597 832 1653 eaedem
863 1614 1025 1655 voces
1055 1607 1108 1654 et
1139 1599 1530 1670 appellationes
1563 1616 1744 1655 rerum
1779 1599 1922 1670 apud
1951 1615 2068 1653 om-

486 1699 586 1740 nes
622 1687 1031 1757 praevaluerint.
1069 1687 1138 1743 Ut
1166 1689 1310 1744 enim
1342 1687 1567 1755 Paulus,
1599 1691 1691 1761 qui
1733 1691 1884 1760 prius
1924 1688 2064 1744 Sau-

2180 499 2342 568 ἠμεῖς
2387 500 2445 552 δὲ
2486 499 2576 552 διὰ
2610 498 2720 552 τῶν
2765 499 3030 570 χωρητῶν
3072 500 3202 569 ἡμῖν
3249 499 3654 568 ὑποδειγμάτων
3685 497 3737 552 τὸ

2177 590 2374 646 οἳκεῖον
2397 589 2498 662 τῆς
2531 590 2748 660 φύσεως
2775 589 3195 654 ἀποδεικνύντες
3217 589 3544 661 ἀπόϐλητοι;

2255 850 2415 904 Ἀλλὰ
2466 851 2690 923 Πέτρος,
2751 853 2904 924 φησι,
2939 854 3034 907 καὶ
3082 853 3293 918 Παῦλος
3342 853 3495 926 παρὰ
3533 853 3728 926 ἀνθρὼ-

2174 958 2293 996 πων
2313 942 2834 1014 κατωνομάσθησαν,
2861 945 2954 998 καὶ
2978 944 3066 997 διὰ
3092 943 3250 998 τοῦτο
3270 944 3363 998 καὶ
3397 945 3736 1016 μετατεθῆναι

2173 1033 2272 1097 τάς
2319 1034 2690 1106 προσηγορίας
2736 1037 2822 1088 ἐπ’
2860 1036 3039 1090 αὐτῶν
3086 1037 3308 1090 δυνατὸν
3353 1037 3564 1106 γέγονε.
3603 1037 3663 1090 Τί
3690 1038 3738 1091 δὲ

2170 1124 2278 1178 τῶν
2308 1123 2475 1179 ὀντων
2512 1126 2574 1180 οὐ
2608 1126 2756 1198 παρὰ
2783 1125 3087 1198 ἀνθρώπων
3129 1127 3478 1198 ὡνόμασται;
3510 1129 3576 1180 Σὲ
3610 1131 3733 1200 μάρ-

2168 1234 2308 1288 τυρα
2342 1217 2436 1270 τοῦ
2473 1216 2632 1286 λόγου
2665 1219 3030 1291 προσάγομαι.
3069 1220 3133 1274 Εἰ
3156 1219 3266 1290 γάρ
3301 1219 3399 1292 τὴν
3424 1220 3536 1273 τῶν
3562 1222 3737 1290 ὀνομά-

2167 1325 2276 1362 των
2327 1307 2615 1379 μετάθεσιν
2663 1310 2890 1379 σημεῖον
2951 1311 3076 1380 ποιῇ
3123 1309 3218 1362 τοῦ
3269 1308 3418 1378 παρὰ
3453 1309 3739 1381 ἀνθρώπιον

2169 1398 2586 1470 κατωνομάσθαι
2645 1398 2714 1452 τὰ
2767 1399 3089 1470 πράγματα,
3155 1399 3394 1472 συνθήσῃ
3432 1400 3524 1454 διὰ
3564 1401 3739 1454 τούτου

2168 1490 2388 1554 πάντως
2421 1493 2530 1544 πᾶν
2562 1490 2732 1560 δνομα
2755 1491 2887 1560 παρ’
2942 1491 3090 1562 ἡμῶν
3128 1491 3398 1546 τεθεῖσθαι
3429 1495 3544 1556 τοῖς
3566 1488 3738 1557 οὖσιν,

2166 1581 2230 1634 ἐκ
2254 1580 2349 1633 τοῦ
2387 1582 2462 1652 μὴ
2492 1583 2592 1645 τὰς
2636 1581 2805 1646 αύτάς
2829 1585 2938 1636 τῶν
2981 1583 3354 1655 ὑποκειμένων
3385 1586 3743 1656 προσηγορίας

2166 1670 2316 1744 παρὰ
2349 1673 2480 1725 πᾶσι
2511 1673 2936 1743 κεκρατηκέναι.
2975 1674 3064 1738 Ὧς
3097 1675 3206 1746 γὰρ
3240 1675 3469 1739 Παῦλος,
3504 1677 3532 1728 ὀ
3559 1677 3742 1746 πρότε-

486 1774 594 1842 lus,
627 1783 683 1830 et
713 1773 1019 1832 Petrusex
1051 1775 1297 1842 Simone,
1335 1779 1415 1832 sic
1454 1786 1599 1832 terra
1639 1787 1694 1832 et
1744 1778 1968 1840 ccelum,
2014 1787 2061 1832 et

2171 1780 2263 1834 ρον
2293 1763 2514 1829 Σαῦλος,
2538 1765 2632 1818 καὶ
2660 1765 2863 1836 Πέτρος
2896 1768 2960 1818 ἐκ
3001 1767 3264 1836 Σίμωνος,
3295 1767 3438 1820 οὕτω
3473 1769 3543 1839 γῆ
3580 1785 3636 1820 τε
3662 1768 3744 1822 καὶ

486 1881 617 1934 σοι’,
651 1875 707 1924 et
743 1884 894 1923 mare
914 1909 928 1933 ,
957 1875 1013 1924 et
1050 1883 1242 1925 omnes
1270 1877 1534 1924 creaturae
1567 1878 1748 1940 partes
1772 1885 1882 1923 non
1913 1868 2068 1924 simi-

482 1959 610 2016 liter
640 1961 781 2032 apud
811 1977 1006 2020 omnes
1030 1962 1323 2018 nominatae
1345 1971 1494 2017 sunt.
1535 1962 1638 2018 Sed
1662 1963 1821 2017 aliter
1847 1961 2064 2032 quidem

483 2052 626 2122 apud
664 2052 944 2119 Hebraeos,
987 2055 1151 2108 aliter
1181 2056 1325 2125 apud
1366 2071 1488 2118 nos,
1534 2065 1586 2110 et
1621 2055 1764 2125 apud
1817 2053 2066 2123 singulos

484 2143 864 2201 dill'erentibus
891 2146 1201 2201 nominibus
1227 2146 1590 2216 appellantur.
1625 2146 1681 2201 Si
1711 2147 1878 2216 igitur
1923 2147 2064 2201 vali-

485 2235 613 2288 dum
637 2244 723 2290 est
761 2235 1012 2291 Eunomii
1071 2246 1476 2308 argumentum,
1529 2224 1611 2294 ob.
1650 2238 1702 2292 id
1733 2237 1954 2292 Petrum
2006 2245 2062 2292 et

483 2323 712 2378 Paulum
743 2327 824 2381 sic
866 2338 1050 2398 postea
1077 2339 1300 2385 vocatos
1333 2345 1455 2386 esse
1487 2332 1885 2402 praestruentis,
1919 2332 2052 2401 quia

484 2415 555 2468 ab
579 2414 897 2470 hominibus
939 2417 1163 2471 nomina
1198 2425 1324 2472 sunt
1359 2418 1493 2489 ipsis
1533 2418 1828 2489 imposita;
1869 2424 2062 2472 noster

485 2521 716 2576 prorsus
742 2507 1043 2564 invalescet
1072 2525 1256 2565 sermo
1279 2525 1344 2564 ex
1375 2510 1648 2566 similibus
1682 2511 2060 2582 progrediens,

482 2598 575 2666 qui
623 2599 811 2652 omnia
839 2615 868 2653 a
906 2599 1065 2654 nobis
1096 2615 1220 2656 esse
1257 2601 1538 2656 nominata
1581 2601 1736 2667 dicit,
1773 2613 2061 2673 propterea

482 2689 629 2761 quod
680 2691 1081 2760 appellationes
1109 2693 1411 2747 secundum
1442 2694 1684 2762 gentium
1725 2694 2062 2758 ditlerentias

481 2783 702 2854 penitus
733 2783 1111 2838 immutentur.
1146 2784 1300 2849 Quod
1335 2786 1378 2837 si
1411 2786 1593 2838 omnia
1626 2785 1706 2839 sic
1729 2801 1787 2840 se
1835 2785 2058 2850 habent,

483 2890 662 2945 neque
713 2874 954 2944 genitum
1007 2889 1234 2944 prorsus
1281 2893 1460 2946 neque
1495 2877 1794 2946 ingenitum
1847 2877 2057 2933 aliter:

483 2967 748 3036 siquidem
781 2967 895 3022 haec
925 2969 1087 3022 etiam
1135 2977 1352 3024 suntex
1391 2969 1475 3022 liis
1520 2983 1642 3038 qua:
1677 2968 2052 3025 nominantur.

483 3057 698 3113 Etenim
733 3075 853 3114 eam
898 3075 1021 3130 qua:
1049 3059 1116 3114 de
1142 3060 1390 3130 subjecto
1420 3061 1576 3117 nobis
1617 3061 1924 3115 innascitur
1947 3077 2046 3117 no-

483 3152 716 3215 tionem,
737 3152 879 3207 sicut
908 3154 1148 3210 nominis
1176 3153 1404 3209 l‘ormam
1425 3163 1790 3218 assumentes,
1819 3155 2062 3224 aliquan-

482 3243 554 3298 do
579 3243 757 3299 verbis
797 3244 921 3300 aliis
962 3245 1108 3316 quod
1150 3254 1333 3301 mente
1381 3255 1708 3318 conceptum
1753 3255 1838 3302 est
1889 3264 2061 3303 enun-

481 3337 801 3401 tiamus,res
833 3352 940 3390 non
983 3338 1359 3404 immutantes,
1397 3338 1491 3393 sed
1523 3353 1686 3392 voces
1722 3339 1923 3408 quibus
1970 3355 2060 3396 res

481 3427 854 3482 nominamus.
890 3427 1025 3482 Nam
1069 3444 1155 3484 res
1195 3438 1252 3482 ut
1274 3445 1462 3484 earum
1498 3429 1598 3484 fert
1637 3439 1830 3485 natura
1881 3432 1935 3486 in
1967 3448 2056 3488 se-

482 3516 622 3586 ipsis
669 3526 918 3582 manent,
975 3519 1286 3574 intellectus
1327 3527 1506 3574 autem
1560 3535 1648 3575 res
1697 3521 1846 3590 ipsas
1885 3522 2058 3575 attin-

483 3622 646 3677 gens,
683 3609 886 3677 quibus
916 3616 1093 3680 potest
1117 3610 1301 3665 verbis
1327 3626 1550 3666 sensum
1579 3626 1738 3666 suum
1773 3611 1969 3681 aperit.
1995 3611 2068 3666 Et”

481 3699 938 3769 quemadmodum
983 3701 1126 3756 Petri
1171 3703 1411 3758 essentia
1457 3719 1580 3758 cum
1629 3705 1928 3758 mutatione.
1959 3720 2059 3758 no-

481 3791 645 3846 minis
676 3807 786 3846 non
817 3788 1220 3848 commutatur:
1253 3793 1333 3850 sic
1364 3811 1539 3866 neque
1564 3795 1708 3849 aliud
1759 3797 2054 3866 quidquam

478 3898 668 3939 eorum
725 3901 846 3954 quae
893 3886 1316 3942 considerantur
1359 3887 1413 3942 in
1460 3888 1742 3942 nominum
1785 3887 2056 3944 dilferenti

477 3976 744 4032 varietate
785 3986 1149 4048 permutatur.
1199 3979 1565 4046 Quamobrem
1608 3989 1662 4034 et
1701 3981 1919 4049 ἐκθειιὶιὶ
1963 3997 2056 4036 v0-

477 4081 596 4120 cem
633 4084 661 4121 a
694 4068 849 4135 nobis
893 4069 1116 4125 inditam
1153 4086 1275 4127 esse
1325 4071 1560 4127 dicimus
1615 4070 1786 4138 Patri,
1822 4087 1953 4127 vero
2001 4082 2056 4129 et

479 4160 656 4230 primo
686 4162 1070 4218 universorum
1106 4165 1342 4229 auctori,
1377 4165 1699 4244 nullumque
1721 4165 1785 4219 ’in
1821 4165 2055 4234 subjecti

479 4251 878 4325 signiﬁcatione
926 4257 1042 4311 Iieri
1087 4257 1475 4314 detrimentum
1504 4300 1519 4325 ,
1574 4260 1618 4313 si
1658 4276 1720 4314 ex
1766 4259 1870 4312 alia
1921 4275 2058 4314 voce

478 4346 620 4401 idem
670 4361 1092 4418 cognoscamus.
1158 4348 1260 4405 Fas
1314 4352 1457 4406 enim
1527 4360 1611 4407 est
1661 4353 2054 4425 loco_ingeniti

2171 1857 2418 1929 οὐρανὸς,
2475 1857 2568 1910 καὶ
2593 1859 2721 1929 ἀὴρ,
2767 1859 2861 1911 καὶ
2893 1859 3158 1923 θάλασσα,
3210 1861 3304 1913 καὶ
3335 1861 3514 1914 πάντα
3551 1862 3620 1916 τά
3655 1862 3741 1932 τῆς

2169 1949 2398 2012 κτίσεως
2435 1949 2598 2020 μέρη,
2623 1951 2720 2020 ούχ
2753 1949 2956 2020 ὁμοίως
3002 1950 3154 2022 παρά
3189 1953 3351 2004 πᾶσιν
3397 1952 3703 2022 ὠνόμασται
3727 1969 3741 1984 ⁸

2167 2040 2280 2094 ἀλλ’
2308 2040 2509 2119 ἑτέρως
2543 2041 2639 2110 μὲν
2663 2041 2791 2111 παρ’
2821 2042 3111 2112 Ἑϐραίοις,
3131 2043 3331 2115 ἑτέρως
3351 2044 3405 2098 δὲ
3427 2048 3560 2114 παρ’
3592 2047 3737 2115 ἡμῖν,

2167 2131 2261 2186 καὶ
2288 2132 2416 2204 παρ’
2445 2132 2694 2195 ἑκάστοις
2725 2133 2830 2186 τῶν
2852 2133 3020 2187 ἐθνῶν
3049 2133 3322 2205 διαφόροις
3345 2138 3464 2198 ταῖς
3489 2153 3747 2206 προσηγο-

2167 2223 2313 2294 ρίαις
2364 2225 2811 2296 κατονομάζεται.
2839 2227 2899 2279 Εἰ
2929 2222 3021 2279 οὗν
3053 2227 3224 2297 ἰσχύει
3262 2227 3354 2280 τοῦ
3398 2228 3665 2298 Εὑνομὶου
3691 2229 3748 2282 τὸ

2165 2315 2522 2386 ἐπιχείρημα,
2566 2315 2768 2387 Πέτρον
2813 2317 2906 2370 καὶ
2951 2317 3162 2373 Παῦλον
3200 2319 3288 2372 διὰ
3329 2320 3490 2373 τοῦτο
3519 2339 3745 2392 μετακε-

2164 2400 2394 2473 κλῆσθαι
2449 2405 2968 2471 κατασκευάζοντος,
3022 2408 3112 2461 διά
3155 2409 3212 2462 τὸ
3250 2410 3401 2482 παρὰ
3451 2411 3748 2484 ἀνθρώπων

2164 2493 2349 2556 αὐτοῖς
2394 2495 2494 2558 τὰς
2544 2498 2918 2568 προσηγορίας
2957 2498 3252 2566 τεθεῖσθαι,
3290 2502 3499 2573 ἰσχύσει
3534 2505 3750 2567 πάντως

2165 2587 2258 2639 καὶ
2289 2589 2316 2640 ὁ
2341 2588 2607 2660 ἡμέτερος
2658 2590 2814 2659 λόγος
2861 2593 2926 2645 ἐκ
2955 2593 3063 2646 τῶν
3106 2595 3306 2665 ὁμοίων
3353 2595 3693 2668 ὁρμώμενος,
3721 2600 3752 2651 ὀ

2163 2679 2340 2732 πάντα
2367 2681 2496 2753 παρ’
2533 2683 2687 2752 ἡμῶν
2720 2686 3137 2756 κατωνομάσθαι
3170 2687 3342 2756 λέγων
3373 2727 3389 2753 ,
3419 2689 3499 2760 τῷ
3535 2689 3752 2743 πάντων

2161 2770 2261 2834 τὰς
2297 2774 2664 2846 προσηγορίας
2696 2777 2836 2830 κατὰ
2851 2777 2948 2841 τὰς
2971 2777 3080 2833 τῶν
3111 2779 3281 2834 ἐθνῶν
3298 2781 3562 2853 διαφοράς
3592 2783 3753 2853 ἐνηλ-

2164 2865 2380 2936 λάχθαι.
2438 2869 2500 2922 Εί
2543 2869 2602 2922 δὲ
2637 2869 2705 2923 τὰ
2742 2870 2920 2925 πάντα
2975 2871 3170 2937 οὕτως,
3224 2873 3345 2927 ούδέ
3397 2875 3457 2928 τὸ
3495 2878 3756 2947 γεννητὸν

2164 2959 2382 3024 πάντως
2436 2959 2529 3014 καὶ
2578 2961 2873 3033 ἀγέννητον
2927 2963 3121 3028 ἄλλως.
3159 2965 3268 3019 Καὶ
3303 2967 3410 3037 γὰρ
3458 2967 3553 3020 καὶ
3580 2970 3757 3023 ταῦτα

2161 3052 2270 3106 τῶν
2300 3053 2821 3126 μετονομαζομένων
2855 3055 2991 3110 ἐστί.
3014 3057 3087 3110 Τὸ
3115 3057 3223 3129 γὰρ
3248 3058 3594 3130 ἐγγινόμενον
3621 3063 3759 3132 ἡμῖν

2165 3143 2294 3214 περὶ
2344 3143 2438 3197 τοῦ
2495 3145 2858 3216 ὑποκειμένου
2912 3146 3111 3217 νόημα,
3167 3146 3242 3211 ὡς
3287 3148 3552 3218 ὀνόματος
3579 3148 3760 3203 τύπον

2166 3235 2688 3306 μεταλαμϐάνοντες,
2741 3237 2930 3292 ἄλλοτε
2962 3239 3142 3302 ἄλλοις
3201 3241 3409 3310 ῥήμασι
3449 3242 3510 3295 τδ
3559 3242 3761 3312 νοηθὲν

2161 3326 2575 3398 ἐξαγγέλλομεν,
2615 3329 2738 3400 ούχὶ
2788 3330 3208 3400 μεταποιοῦντες
3238 3332 3298 3386 τὸ
3325 3334 3578 3404 πρᾶγμα,
3617 3335 3762 3388 ἀλλά

2161 3418 2230 3472 τά
2260 3420 2478 3490 ῥήματα
2505 3420 2570 3474 δι’
2589 3413 2664 3474 ὧν
2689 3421 3048 3494 ὀνομάζομεν.
3081 3423 3161 3477 Τὰ
3191 3425 3290 3494 μὲν
3311 3425 3420 3497 γὰρ
3449 3426 3760 3497 πράγματα
3819 3482 3835 3498 ,

2159 3511 2342 3576 καθὼς
2377 3511 2442 3566 ἂν
2470 3511 2584 3582 ἐχοι
2611 3513 2824 3582 φύσεως
2854 3517 2938 3585 ἐφ’
2968 3516 3178 3569 ἑαυτῶν
3202 3517 3372 3586 μένεν
3404 3519 3438 3587 ἡ
3458 3517 3515 3570 δὲ
3544 3519 3761 3572 διάνοια

2159 3603 2267 3657 τῶν
2293 3603 2462 3658 ὅντων
2495 3605 2798 3676 ἁπτομένη.
2832 3606 2900 3660 δι’
2937 3599 3012 3661 ὧν
3043 3607 3110 3660 ἂν
3137 3608 3360 3679 γένηται
3385 3609 3612 3662 δυνατὸν
3652 3611 3759 3681 ρη-

2163 3695 2368 3765 μάτων,
2395 3695 2766 3750 ἀνακαλύπτει
2787 3697 2847 3751 τὸ
2869 3698 3066 3769 νόημα.
3097 3699 3210 3752 Καὶ
3234 3699 3423 3772 ὥσπερ
3453 3701 3515 3754 ού
3544 3718 3762 3772 συμμε·

2157 3787 2392 3858 τεϐλήθη
2421 3790 2485 3858 τῇ
2520 3787 2791 3860 μεταϐολῇ
2826 3788 2920 3842 τοῦ
2949 3790 3211 3860 ὀνόματος
3253 3794 3286 3862 ἡ
3331 3791 3491 3844 ούσία
3519 3791 3618 3846 τοῦ
3648 3793 3759 3846 Πέ-

2157 3897 2286 3951 τρου
2308 3898 2320 3910 ·
2346 3880 2517 3944 οὕτως
2537 3881 2659 3934 ούδέ
2675 3880 2803 3934 ἄλλο
2826 3900 2878 3935 τι
2907 3883 3014 3935 τῶν
3047 3883 3442 3955 θεωρουμένων
3469 3887 3528 3939 ἐν
3547 3889 3616 3957 τῇ
3646 3886 3760 3940 τῶν

2157 3971 2434 4042 ὀνομάτων
2481 3972 2757 4043 ἐπαλλαγῇ
2815 3975 3228 4044 μεταϐάλλεται.
3279 3975 3368 4028 Διὸ
3407 3977 3500 4030 καὶ
3522 3977 3626 4048 τὴν
3660 3978 3759 4030 τοῦ

2159 4065 2494 4135 ἀγεννήτου
2518 4065 2699 4137 φωνὴν
2724 4068 2856 4137 παρ’
2876 4066 3034 4137 ἡμῶν
3061 4067 3427 4120 ἐπιτεθεῖσθαί
3463 4087 3653 4141 φαμεν
3679 4070 3760 4139 τῷ

2157 4155 2394 4226 ἀληθινῷ
2420 4159 2514 4210 καὶ
2546 4155 2744 4228 πρώτῳ
2771 4159 2942 4228 Πατρὶ
2969 4157 3048 4228 τῷ
3096 4158 3191 4210 τοῦ
3223 4160 3420 4223 παντὸς
3446 4160 3636 4232 αἰτίῳ,
3663 4163 3759 4222 καὶ

2163 4249 2433 4320 μηδεμίαν
2476 4252 2534 4302 ἐν
2561 4252 2625 4321 τῇ
2681 4251 2926 4321 σημασίᾳ
2972 4250 3066 4303 τοῦ
3102 4252 3464 4322 ὑποκειμένου
3498 4253 3759 4321 γίνεσθαι

2160 4339 2384 4412 βλάϐην,
2429 4343 2478 4394 εί
2517 4341 2576 4406 ἐξ
2635 4342 2830 4414 ἐτέρας
2872 4344 3055 4413 φωνῆς
3103 4345 3167 4396 τὸ
3189 4340 3308 4398 ἴσον
3349 4347 3754 4416 γνωρίσαιμεν.

478 4438 718 4504 primum
777 4439 955 4510 ipsum
1003 4451 1282 4498 auctorem
1339 4443 1650 4513 appellare;
1703 4447 1786 4498 vel
1834 4443 2052 4500 Patrem

2163 4433 2379 4498 Ἔξεστι
2407 4433 2652 4504 γὰράντὶ
2677 4433 2770 4487 τοῦ
2794 4435 2966 4488 εἰπεῖν
2990 4435 3302 4504 ἀγέννητον,
3338 4437 3554 4508 πρῶτον
3576 4439 3758 4490 αἴτιον

483 4530 782 4602 Unigeniti,
824 4535 908 4590 vel
939 4550 1062 4589 eum
1105 4535 1198 4605 qui
1249 4535 1395 4590 nulla
1449 4551 1513 4589 ex
1552 4551 1720 4591 causa
1773 4537 2050 4601 subsistit,

478 4624 759 4694 multaque
793 4626 898 4680 alia
955 4641 1076 4694 qua:
1107 4626 1174 4680 ad
1207 4625 1451 4681 eamdem
1488 4627 1896 4697 intelligentiam
1937 4645 2054 4698 per-

480 4716 679 4770 tinent.
725 4715 1072 4788 Quapmpter
1107 4733 1203 4787 per
1246 4719 1463 4772 eosdem
1521 4735 1802 4774 sermones
1855 4719 2058 4788 quibus

482 4807 768 4864 adversum
827 4824 927 4865 nos
979 4812 1380 4866 accusationem
1433 4811 1692 4875 instituit,
1770 4813 2059 4866 conﬁrmat

483 4911 674 4956 nostra
724 4899 1000 4970 dogmata,
1043 4919 1165 4957 cum
1210 4902 1363 4964 dicit,
1405 4919 1510 4956 non
1567 4903 1827 4957 didicisse
1862 4920 2055 4958 nomen

446 4999 450 5003 ’
482 4991 629 5059 quod
667 4990 739 5045 sit
776 4989 976 5044 divinae
1008 5002 1218 5046 natura:
1268 4992 1713 5061 signiticativum.
1769 4992 1874 5046 Sed
1911 4994 2055 5064 quod

483 5083 702 5152 quidem
736 5083 852 5152 ipsa
899 5083 974 5138 sit
1009 5083 1186 5137 edocti
1235 5099 1465 5151 sumus;
1527 5085 1635 5138 vim
1699 5093 1881 5139 autem
1941 5088 2058 5142 sive

484 5175 783 5244 potentiam
821 5175 944 5243 talis
985 5175 1386 5245 appellationis,
1419 5193 1524 5246 qua
1561 5175 1850 5234 inclTabilis
1881 5186 1934 5232 et
1971 5179 2058 5231 iu-

484 5264 706 5318 deﬁnita
743 5274 940 5320 natura
971 5265 1474 5334 comprehenditur,
1523 5267 1605 5322 vel
1638 5283 1744 5321 non
1776 5284 1901 5324 esse
1940 5285 2059 5324 om-

484 5355 617 5408 nino
649 5357 970 5424 asserimus,
1015 5359 1096 5412 vel
1128 5358 1284 5428 plane
1325 5359 1484 5415 nobis
1531 5376 1655 5415 esse
1703 5361 2057 5432 incognitam.

487 5446 667 5509 Quare
697 5447 994 5504 familiares
1039 5450 1142 5504 sibi
1177 5465 1350 5518 nugas
1379 5459 1431 5503 et
1473 5450 1683 5505 fabulas
1732 5453 2061 5520 praetermit-

486 5543 629 5594 tens.
661 5539 915 5593 ostendat
964 5541 1360 5609 signiﬁcativas
1407 5545 1772 5598 essentiarum
1824 5546 2062 5614 appella-

489 5627 667 5680 tiones
713 5640 765 5681 et
820 5647 913 5698 per
950 5636 1226 5688 nominum
1273 5637 1696 5705 discrepantiam
1747 5638 2058 5706 subjectum

490 5738 704 5792 Quoque
734 5711 940 5777 dividat
969 5739 1029 5779 ac
1054 5725 1289 5804 divellat.
1323 5728 1427 5786 Sed
1462 5744 1746 5800 quousque
1789 5744 1950 5786 verus
1975 5736 2058 5786 est

2159 4523 2321 4576 αὑτὸν
2354 4527 2668 4593 προσειπεῖν
2693 4539 2708 4554 ’
2756 4524 2789 4595 ἢ
2843 4525 3060 4595 Πατέρα
3092 4525 3184 4579 τοῦ
3221 4529 3577 4596 Μονογενοῦς,
3616 4530 3652 4600 ἢ
3688 4532 3756 4582 ὲκ

2162 4615 2427 4684 μηδεμιᾶς
2455 4613 2630 4678 αἰτίας
2665 4616 3025 4687 ὑφεστηκότα,
3059 4618 3153 4670 καὶ
3181 4618 3351 4672 πολλὰ
3376 4621 3604 4674 τοιαῦτα
3649 4623 3755 4674 ὅσα

2159 4706 2291 4777 πρὸς
2316 4707 2415 4774 τὴν
2453 4705 2620 4778 αὐτὴν
2642 4705 2880 4762 διάνοιαν
2911 4708 3086 4780 φέρει.
3125 4709 3285 4762 Ὥστε
3321 4711 3414 4764 καὶ
3444 4711 3512 4764 δι’
3545 4705 3623 4765 ὧν
3654 4713 3753 4779 ἐγ-

2160 4799 2310 4852 καλεῖ
2332 4800 2526 4866 λόγων,
2545 4799 2798 4870 κρατύνει
2823 4802 2890 4855 τά
2916 4802 3157 4871 ἡμέτερα
3177 4803 3419 4874 δόγματα
3435 4821 3450 4835 ·
3469 4805 3551 4857 ὅτι
3571 4806 3750 4872 ὄνομα

2159 4889 2258 4958 τῆς
2293 4889 2441 4951 θείας
2469 4889 2682 4957 φύσεως
2723 4892 3055 4961 σημαντικὸν
3090 4893 3190 4945 ούκ
3245 4892 3537 4962 ἐμάθομεν.
3583 4894 3747 4946 Ἀλλὰ

2159 4983 2220 5035 τὸ
2275 4983 2372 5052 μὲν
2423 4980 2560 5036 εἶναι
2591 4983 2760 5052 αὐτὴν
2799 4983 3174 5054 ἐδιδάχθημεν,
3210 4985 3437 5056 δύναμιν
3479 4987 3536 5040 δέ
3571 5001 3742 5055 προσ-

2161 5077 2388 5146 ηγορίας
2420 5076 2674 5147 τοιαύτης
2707 5077 2774 5128 δι’
2820 5072 2888 5147 ἧς
2933 5078 3470 5148 ἐμπεριλαμϐάνεται
3513 5080 3546 5148 ἡ
3572 5079 3747 5144 ἀεῖραι

2161 5171 2285 5233 στὸς
2333 5188 2392 5222 τε
2436 5172 2526 5222 καὶ
2558 5171 2804 5241 ἀόριστος
2852 5170 3033 5238 φύσις,
3071 5171 3101 5240 ἢ
3147 5172 3243 5224 οὐκ
3281 5167 3419 5224 εἶναι
3459 5171 3578 5225 καθ’
3619 5170 3744 5223 ὅλου

2162 5260 2410 5331 φαμὲν,ῆ
2437 5260 2650 5321 πάντως
2686 5261 2814 5328 ἡμῖν
2855 5262 3130 5327 ἄγνωστον
3165 5257 3321 5314 εἶναι.
3352 5262 3515 5315 Ὥστε
3543 5259 3744 5328 παρεὶς

2160 5355 2259 5424 τὴν
2299 5352 2500 5422 συνήθη
2545 5351 2890 5420 μυθολογίαν,
2949 5350 3206 5404 δεικνύτω
3261 5353 3361 5413 τὰς
3400 5348 3745 5421 σημαντικάς

2161 5444 2268 5496 τῶν
2301 5441 2496 5494 οὐσιῶν
2533 5442 2920 5511 προσηγορίας,
2953 5444 3045 5494 καὶ
3074 5443 3148 5512 τῷ
3172 5442 3611 5512 παρηλλαγμὲνῳ
3632 5439 3746 5491 τῶν

2162 5535 2440 5605 ὀνομάτων
2475 5531 2889 5601 συνδιασχιξέτω
2919 5535 2979 5586 τὸ
3011 5535 3388 5604 ὑποκείμενον.
3435 5535 3576 5596 Ἕως
3603 5532 3648 5584 δ’
3673 5529 3748 5583 ἂν

2163 5631 2190 5681 ὁ
2208 5628 2302 5696 τῆς
2318 5627 2533 5695 Γρχφῆς
2553 5624 2799 5693 ἀληθεύει
2818 5625 2993 5692 λόγος,
3014 5627 3093 5677 ὅτι
3125 5627 3374 5696 Ἀϐραὰμ
3395 5627 3488 5677 καὶ
3533 5624 3742 5688 Μωσῆς

2162 5724 2262 5777 οὑκ
2289 5719 2693 5794 ἐχώρησαντὴν
2722 5719 2813 5773 τοῦ
2841 5720 3101 5790 ὀνόματος
3121 5719 3352 5788 γνῶσιν
3383 5720 3475 5773 καὶ
3504 5719 3584 5771 ὅτι
3608 5715 3748 5768 Θεὸν
